4076 6474
521 399 618 463 οτι

522 535 613 585 sv,
641 517 696 583 4,
722 512 808 586 5).
837 511 1158 568 Contemnet
1184 512 1236 562 te
1259 546 1275 573 ,
1303 515 1336 558 ο
1375 500 1490 557 ovis
1512 541 1529 568 ,
1555 505 1880 570 quaerentem
1907 508 1990 560 se,
2019 496 2111 562 qui

523 610 668 680 prior
693 595 942 676 quaesivit
976 604 1406 656 contemnentem
1453 608 1512 648 se
1533 633 1548 657 ,
1578 599 1633 645 et
1657 605 1760 642 non
1787 594 2114 657 quaerentem

525 699 623 757 se?
650 675 766 753 .lar‘n
789 710 916 765 ergo
942 706 1185 764 quaerere
1215 704 1335 745 eum
1367 679 1560 754 incipe,
1589 681 1677 752 qui
1706 679 1852 750 prior
1875 675 2119 748 quaesivit

527 801 617 855 te,
647 798 699 844 et
741 785 1031 857 reportavit
1070 783 1121 838 in
1172 778 1406 835 humeris
1454 775 1584 829 suis.
1629 771 1736 827 Fac
1764 768 1904 840 quod
1949 767 2022 820 ait
2053 767 2069 797 ⁸
2102 782 2115 820 :

534 880 660 946 Qui:
679 886 793 931 sunt
820 891 932 929 oves
959 888 1102 938 meat,
1134 886 1301 924 vocem
1328 882 1488 920 meam
1517 862 1752 926 audiunt,
1781 867 1826 912 et
1847 867 2121 926 sequuntur

528 988 609 1025 me
642 967 822 1037 (Joan.
858 983 913 1033 κ,
945 963 1034 1036 5).
1079 961 1138 1017 Si
1168 974 1293 1030 ergo
1320 956 1514 1027 quaeris
1543 968 1661 1009 eum
1690 950 1778 1021 qui
1810 948 1954 1019 prior
1979 961 2125 1016 qua:-

535 1064 659 1120 sivit
688 1071 756 1129 te,
788 1070 842 1116 et
867 1060 980 1114 ovis
1007 1057 1142 1112 facta
1169 1068 1227 1110 es
1256 1053 1390 1123 ejus,
1425 1058 1476 1105 et
1501 1047 1654 1103 audis
1680 1054 1865 1100 vacem
1896 1039 2123 1113 pastoris

530 1159 606 1212 tui
635 1199 650 1223 ,
678 1164 733 1211 ct
765 1151 1004 1224 sequeris
1033 1163 1190 1214 eum;
1220 1143 1338 1200 vide
1381 1143 1504 1214 quid
1548 1141 1640 1196 libi
1669 1138 1736 1195 de
1765 1153 1822 1193 se
1852 1135 2121 1202 ostendit,

533 1247 664 1320 quid
692 1247 757 1302 de
782 1258 1005 1314 corpore
1032 1256 1150 1306 suo,
1183 1254 1249 1292 ne
1280 1239 1330 1290 in
1363 1237 1478 1305 ipso
1505 1246 1733 1294 errares,
1765 1245 1833 1283 ne
1856 1227 1910 1281 in
1937 1225 2123 1280 Eccle-

539 1310 617 1394 sia
658 1351 864 1392 errares
878 1310 903 1397 ⁷,
934 1349 1000 1387 ne
1039 1329 1157 1400 quis
1199 1328 1293 1382 tibi
1334 1326 1535 1379 diceret
1567 1341 1580 1376 :
1612 1320 1855 1376 Christus
1883 1327 1963 1372 est
1987 1357 2002 1383 ,
2033 1310 2123 1383 qui

535 1444 645 1486 non
685 1435 767 1483 est
791 1423 1068 1486 Christus;
1097 1429 1186 1475 aut
1225 1413 1461 1473 Ecclesia
1487 1418 1570 1470 est
1593 1455 1609 1479 ,
1636 1428 1753 1482 quae
1783 1425 1886 1464 non
1913 1415 1995 1462 est
2026 1405 2127 1459 Ec-

535 1519 718 1577 clesia.
763 1515 913 1571 Multi
965 1514 1106 1569 enim
1156 1509 1408 1566 dixerunt
1457 1518 1673 1561 carnem
1720 1515 1825 1556 non
1875 1497 2128 1551 habuisse

535 1607 828 1674 Christum,
859 1615 914 1663 et
957 1621 1060 1660 non
1090 1605 1142 1657 in
1187 1613 1410 1670 corpore
1447 1611 1544 1651 suo
1583 1589 1943 1649 resurrexisse
1968 1584 2127 1641 Chri-

536 1713 677 1760 stum
711 1719 723 1755 :
756 1697 864 1754 noli
904 1696 1054 1767 sequi
1099 1703 1261 1748 voces
1309 1697 1515 1744 eorum.
1560 1684 1698 1740 Audi
1738 1691 1924 1736 vocem
1963 1678 2129 1747 ipsius

542 1793 794 1866 pastoris,
819 1791 907 1860 qui
937 1786 1153 1843 indutus
1177 1792 1260 1839 est
1288 1795 1467 1845 carne,
1497 1786 1555 1833 ut
1581 1783 1844 1847 quaereret
1869 1770 2126 1841 perditam

537 1853 1119 1940 earnemsR-csurrcxit
1139 1916 1154 1940 ,
1200 1874 1256 1928 et
1283 1872 1356 1925 ait
1384 1888 1397 1923 :
1434 1867 1654 1938 Palpate
1677 1906 1692 1929 ,
1725 1872 1770 1918 et
1802 1860 1980 1924 ridete,
2011 1853 2132 1928 quia

536 1973 744 2044 spiritus
769 1985 971 2025 carnem
995 1977 1040 2021 et
1082 1973 1196 2020 assa
1223 1979 1323 2017 non
1364 1959 1546 2022 habet,
1575 1956 1702 2010 sicut
1730 1968 1808 2006 me
1833 1946 2006 2005 videtis
2034 1949 2132 1999 Ira-

539 2036 671 2118 b'ere.
704 2058 948 2116 Ostendit
986 2072 1046 2112 se
1076 2055 1204 2120 tibi;
1237 2065 1422 2106 vocem
1461 2048 1576 2117 ejus
1605 2056 1852 2114 sequere.
1885 2036 2133 2094 Ostendit

539 2165 594 2210 et
635 2153 962 2214 Ecclesium;
1005 2164 1073 2202 ne
1113 2146 1231 2216 quis
1273 2153 1325 2197 te
1367 2140 1516 2195 fallat
1557 2138 1776 2192 nomine
1817 2127 2072 2186 Ecclesiae
2113 2143 2128 2181 :

544 2240 857 2316 Oportebat,
881 2239 1084 2309 inquit,
1117 2235 1372 2291 Christum
1401 2230 1506 2300 pati
1531 2271 1545 2290 ,
1574 2237 1618 2280 et
1644 2239 1901 2294 resurgere
1939 2237 1971 2273 a
1999 2226 2134 2272 mor-

543 2339 642 2392 tuis
669 2335 812 2389 tertia
841 2330 943 2396 die,
971 2337 1018 2384 et
1056 2320 1324 2397 prredicari
1347 2323 1400 2376 in
1430 2320 1628 2375 nomine
1658 2313 1768 2387 ejus
1793 2310 2133 2385 pcenitentiam

543 2437 591 2483 et
619 2424 958 2480 remissionem
988 2427 1308 2491 peccatorum
1350 2427 1439 2482 per
1467 2416 1637 2464 amnes
1664 2415 1852 2477 gentes,
1883 2401 2134 2472 incipien-

544 2516 680 2571 tibus
703 2512 764 2567 ab
803 2489 1089 2566 Jerusalem
1135 2503 1294 2578 (Luc.
1326 2511 1455 2556 XXIV
1479 2540 1494 2565 ,
1539 2497 1608 2552 39
1633 2538 1648 2563 ,
1675 2492 1744 2550 46
1765 2535 1780 2559 ,
1811 2494 1878 2547 47
1896 2493 1934 2560 ).
1962 2489 2136 2544 Habes

544 2621 734 2662 vocem
782 2600 1012 2675 pastoris
1063 2598 1185 2664 tui;
1239 2593 1348 2649 noli
1399 2589 1548 2660 sequi
1600 2598 1786 2643 vocem
1841 2583 2135 2636 alienarum

547 2695 736 2770 (Joan.
769 2710 824 2760 x,
852 2690 921 2763 5)
957 2709 970 2746 :
1003 2699 1056 2745 et
1087 2687 1256 2743 furem
1288 2695 1395 2739 non
1441 2679 1655 2735 timebis
1681 2679 1725 2741 ',
1754 2675 1799 2729 si
1827 2687 2010 2728 vocem
2040 2686 2135 2741 pa-

547 2765 708 2846 storis
735 2785 898 2841 fueris
945 2789 1179 2838 secutus.
1210 2776 1364 2834 Unde
1407 2781 1584 2828 autem
1633 2767 1911 2840 sequeris?
1939 2765 1994 2820 Si
2040 2778 2138 2819 nec

547 2881 793 2949 cuiquam
824 2874 1097 2929 hominum
1128 2867 1348 2930 dixeris,
1397 2865 1546 2934 quasi
1577 2862 1692 2930 ejus
1723 2857 1932 2920 merito,
1969 2854 2135 2925 Euge,

547 2989 700 3044 euge;
719 2985 817 3025 nec
831 2983 950 3023 cum
972 2962 1322 3036 gratulatione
1343 2956 1594 3017 audieris,
1618 2968 1686 3008 ne
1701 2952 1820 3006 oleo
1837 2948 2138 3019 peccatoris

546 3040 856 3134 pinguescat
877 3065 1034 3127 caput
1054 3064 1199 3109 tuum
1222 3051 1241 3122 (
1267 3045 1407 3104 Psal.
1432 3058 1552 3109 οη,
1575 3041 1668 3116 5).
1696 3040 1979 3104 Exsultent,
1999 3040 2143 3108 etju-

549 3130 830 3208 suadentur
844 3149 896 3204 in
918 3158 983 3215 te,
1003 3162 1173 3202 omnes
1193 3143 1278 3214 qui
1298 3148 1527 3212 quwrunt
1550 3147 1630 3201 te;
1653 3145 1698 3189 et
1715 3133 1899 3187 dicant.
1919 3130 2052 3200 Quid
2069 3130 2143 3185 di-

550 3243 770 3314 cantqui
783 3238 1078 3297 exsultant?
1091 3235 1302 3305 Semper
1313 3231 1480 3301 magni
1485 3229 1663 3298 ficetur
1676 3224 1940 3278 Dominus.
1958 3221 2142 3276 Dicant

550 3335 654 3392 hoc
674 3311 859 3390 omnes
885 3331 976 3403 qui
999 3326 1265 3385 exsultant
1291 3332 1345 3378 et
1367 3327 1611 3391 quaerunt
1633 3324 1702 3370 te.
1732 3311 1903 3380 Quid?
1933 3311 2142 3379 Semper

550 3429 901 3501 magniﬁcetur
928 3418 1195 3485 Dominus,
1224 3417 1308 3488 qui
1337 3411 1554 3485 diligunt
1584 3409 1805 3465 salutare
1835 3417 1996 3461 tuum.
2024 3403 2141 3460 Non

553 3531 756 3577 tantum
778 3515 1126 3588 magni/icetur
1144 3510 1392 3564 Dominus
1413 3549 1426 3571 ,
1450 3504 1542 3559 sed
1584 3503 1740 3557 etiam
1767 3514 1980 3568 semper.
2004 3497 2143 3551 Ecce

552 3613 789 3678 errabas,
808 3619 1097 3666 etaversus
1115 3604 1182 3660 ab
1209 3617 1274 3658 eo
1304 3615 1423 3655 eras
1442 3616 1455 3651 :
1475 3595 1681 3652 vocavit
1698 3599 1778 3657 te;
1797 3589 2144 3661 magniﬁcelur

552 3703 822 3760 Dominus.
865 3699 1005 3754 Ecce
1042 3693 1318 3765 inSpiravit
1351 3689 1444 3744 tibi
1475 3683 1861 3743 confessionem
1903 3687 2144 3749 peccato-

554 3812 672 3852 rum
699 3814 711 3848 :
736 3791 1013 3848 confessus
1041 3803 1122 3852 es,
1144 3785 1290 3840 dedit
1308 3781 1516 3836 veniam
1543 3793 1558 3843 ;
1589 3774 1938 3845 magniﬁcetur
1967 3769 2144 3822 Domi-

555 3902 671 3941 nus.
690 3883 806 3939 lam
818 3879 1023 3949 coepisti
1036 3877 1178 3946 juste
1197 3874 1375 3926 vivere
1392 3887 1407 3936 ;
1423 3869 1530 3938 jam
1548 3875 1674 3937 puto
1691 3861 1840 3932 quasi
1853 3861 2049 3929 justum
2065 3864 2148 3912 est

555 3983 692 4034 utet
719 3984 775 4030 tu
813 3969 1190 4042 magniﬁceris.
1221 3963 1432 4020 Etenim
1475 3969 1597 4014 cum
1644 3965 1696 4012 te
1724 3961 1939 4008 vocaret
1965 3962 2147 4005 errana-

556 4079 666 4126 tem
688 4112 703 4137 ,
735 4040 1155 4136 magnilicandus
1185 4062 1301 4113 erat
1346 4051 1640 4115 Dominus;
1685 4060 1805 4102 cum
1837 4043 1928 4098 tibi
1975 4040 2146 4096 conti—

557 4133 700 4222 tenti
720 4133 936 4232 peccata
968 4153 1209 4216 dimisit,
1242 4141 1659 4216 magnilieandus
1703 4146 1818 4194 erat
1849 4133 2100 4190 Dominus
2129 4146 2142 4183 :

556 4222 848 4322 modo-jam
874 4245 1096 4302 audiens
1116 4241 1276 4295 verba
1307 4237 1421 4306 ejus
1449 4227 1658 4301 coepisti
1683 4227 1960 4299 proﬁcere,
1991 4222 2149 4292 justi~

557 4314 826 4404 ﬁcatus'es
850 4381 866 4406 ,
897 4328 1185 4408 pervenisti
1233 4329 1298 4384 ad
1337 4325 1617 4398 quamdam
1646 4319 1851 4374 virtutis
1883 4314 2151 4371 excellen-

557 4438 716 4502 tiam;
760 4405 976 4502 dignum
1022 4435 1104 4483 cst
1145 4432 1204 4479 ut
1248 4430 1303 4477 et
1349 4428 1403 4474 tu
1449 4413 1732 4485 aliquando
1774 4405 2147 4478 magniﬁceris.

559 4500 746 4584 Dicant
774 4539 790 4578 :
823 4500 1037 4589 Semper
1079 4512 1429 4586 magni/lcetur
1472 4506 1734 4560 Dominus.
1778 4500 2032 4555 Peccator
2059 4509 2149 4560 es;

560 4615 908 4688 magniﬁcetur
931 4585 989 4664 ut
1013 4585 1202 4662 vocet:
1225 4597 1524 4661 conﬁteris;
1548 4591 1896 4663 magniﬁcetur
1918 4595 1978 4641 ut
2003 4585 2154 4656 igno-

561 4718 675 4764 scat
705 4724 719 4760 ε
755 4705 866 4775 jam
890 4701 1032 4773 juste
1068 4696 1232 4758 vivis;
1267 4688 1616 4762 niagniﬁcetur
1644 4692 1704 4738 ut
1741 4688 1894 4750 regat
1925 4695 1938 4732 :
1969 4689 2152 4746 perse.

560 4813 715 4854 veras
755 4768 944 4863 vusque
997 4791 1051 4844 in
1105 4787 1299 4847 ﬁnem;
1357 4778 1706 4850 Magni/iretur
1755 4779 1812 4827 ut
1872 4768 2150 4842 gloriﬁcet.

563 4889 778 4957 Semper
807 4858 932 4952 ergo
962 4877 1309 4948 magni/icetur
1340 4865 1607 4923 Dominus.
1639 4863 1749 4919 Hoc
1784 4862 1962 4916 dicant
1984 4858 2110 4929 justi
2135 4873 2150 4924 ;

560 4981 667 5036 hoc
689 4950 888 5032 dicanti
903 4971 992 5041 qui
1020 4976 1263 5039 quaerunt
1291 4978 1433 5018 eum.
1463 4956 1713 5028 Quisquis
1740 4953 1842 5008 hoc
1869 4967 1974 5006 non
2003 4950 2151 5013 dicit,

561 5089 670 5130 non
700 5066 890 5141 quaerit
917 5077 1059 5118 eum.
1096 5059 1252 5122 Ecce,
1283 5053 1632 5124 ntagniﬁeetur
1659 5046 1926 5101 Dominus.
1959 5039 2155 5096 Exsul-

562 5173 665 5221 tent
695 5135 740 5217 et
757 5155 1107 5231 jucundentur
1132 5164 1302 5204 omnes
1330 5148 1413 5216 qui
1437 5149 1663 5216 quaerunt
1695 5153 1817 5194 eum
1844 5153 1857 5200 ;
1887 5144 1933 5188 et
1961 5135 2152 5201 dicant,

554 5227 777 5324 Semper
818 5245 1165 5318 magniﬁcetur
1211 5237 1498 5301 Dominus,
1537 5233 1624 5304 qui
1672 5230 1889 5300 diligunt
1935 5227 2157 5279 salutare

562 5317 701 5416 ejus:
728 5341 810 5397 Ab
843 5317 936 5394 illo
963 5343 1046 5391 est
1074 5332 1216 5387 enim
1260 5329 1363 5384 illis
1392 5327 1533 5382 salus
1554 5367 1569 5390 ,
1603 5337 1709 5378 non
1741 5336 1770 5375 a
1801 5335 1878 5374 se.
1911 5317 2155 5372 Salutare

566 5432 778 5492 Domini
807 5429 902 5485 Dei
947 5423 1154 5488 nostri,
1184 5421 1428 5476 Salvator
1477 5415 1729 5470 Dominus
1778 5420 1959 5464 noster
2000 5405 2153 5460 Jcsus

565 5524 848 5581 Christus:
879 5515 1118 5590 quisquis
1161 5510 1331 5582 diligit
1379 5506 1705 5563 Salvatorcm
1729 5545 1743 5570 ,
1776 5500 2058 5556 conﬁtetur
2095 5510 2154 5550 se

629 5661 648 5692 ι
679 5665 858 5707 omnes
878 5661 1032 5713 prope
1067 5655 1191 5696 Mss:
1231 5643 1514 5713 pontemnet
1535 5635 2042 5713 tegjam’qurereptem
2062 5642 2112 5713 se
2131 5627 2156 5678 ?

564 5691 1153 5780 ααέιιὲῖτὸόνόηῖέῖὲέέῶῖ
1160 5691 1242 5770 iui
1259 5702 1401 5780 eiet
1409 5697 1622 5780 sese
1637 5691 1798 5780 ista":
1809 5691 2036 5780 099235?

630 5751 1244 5838 z’ﬁéi'digﬁd'caﬁgéagu
1261 5751 1433 5814 ’ἵει-νηί
1455 5775 1468 5810 :
1505 5758 1610 5838 noli
1640 5751 1801 5838 eodem
1821 5751 1974 5819 'sequi
1999 5751 2153 5805 latra-

565 5821 940 5905 ηιιηῖἕῖ
951 5821 1170 5893 cavebis,
1188 5827 1230 5882 si
1253 5837 1411 5879 vocem
1431 5821 1652 5889 pastoris,
1679 5826 1776 5870 etc.

1685 335 1690 340 Ι
1716 383 1774 442 εδ
1812 372 2179 440 AUGUSTINI
2219 375 2522 436 EPISCOPI

3704 364 3817 420 87!

2222 500 2495 555 sanatum;
2533 485 2768 558 quisquis
2814 499 2873 541 se
2911 482 3194 540 conﬁtetur
3235 488 3512 548 sanatum,
3552 477 3715 534 tuisse
3754 493 3818 536 se

2221 583 2504 637 conﬁtetur
2527 587 2808 650 aegrotum.
2840 575 3023 629 Dicant
3050 589 3197 644 ergo,
3226 571 3438 643 Semper
3464 562 3820 642 naagniﬁcetur

2222 671 2506 734 Dominus,
2537 672 2621 742 qui
2663 661 2874 740 diligunt
2916 667 3135 720 salutare
3180 673 3321 716 tuum
3365 678 3384 716 :
3430 677 3534 716 non
3578 660 3822 716 salutare

2224 781 2379 820 suum
2403 806 2418 830 ,
2451 764 2601 833 quasi
2642 778 2699 817 se
2730 761 2827 831 ipsi
2869 757 3113 821 salvent;
3146 771 3249 809 non
3277 755 3424 823 quasi
3451 753 3690 808 salutare
3720 749 3823 805 lto-

2223 858 2410 922 minis,
2447 867 2692 926 tanquam
2719 854 2785 907 ab
2811 853 2900 907 illo
2925 851 3211 905 salventur.
3246 846 3441 911 Nolite,
3472 844 3660 914 inquit,
3697 859 3824 897 con-

2226 951 2381 1020 ﬁdere
2406 951 2457 1002 in
2478 948 2751 1019 principes,
2782 954 2827 999 et
2854 943 2906 998 in
2939 941 3075 1014 ﬁlios
3101 933 3360 994 hominum
3387 980 3400 1001 ,
3429 937 3481 990 in
3513 937 3692 1008 quibus
3722 950 3822 990 non

2227 1051 2297 1097 est
2330 1043 2466 1096 salus
2493 1041 2511 1110 (
2537 1038 2682 1094 Psal.
2712 1054 2850 1093 CXLV
2870 1078 2886 1101 ,
2915 1025 2984 1102 ‘2,
3015 1034 3107 1103 5).
3137 1026 3310 1100 Quare
3342 1027 3476 1083 hoc?
3507 1027 3715 1081 Domini
3755 1033 3828 1080 est

2227 1134 2386 1200 salus,
2415 1141 2459 1185 et
2485 1147 2636 1200 super
2671 1127 2914 1200 populum
2941 1134 3081 1178 tuum
3119 1121 3393 1176 benedictio
3420 1128 3507 1172 tua
3538 1117 3707 1189 (Psal.
3746 1130 3826 1181 In,

2229 1223 2260 1279 9
2284 1225 2324 1294 ).
2357 1223 2492 1292 Ergo
2519 1263 2532 1286 ,
2564 1221 2775 1290 Semper
2803 1216 3153 1286 magni/iretur
3183 1211 3452 1265 Dominus.
3481 1209 3583 1277 Qui
3611 1210 3714 1265 hoc
3741 1206 3825 1264 di-

2229 1315 2395 1370 cunt?
2427 1307 2523 1377 Qui
2554 1311 2767 1381 diligunt
2793 1309 3014 1362 salutare
3039 1314 3199 1357 tuum.

2300 1399 2350 1460 7.
2385 1403 2550 1478 [vers.
2583 1397 2674 1473 6.]
2717 1399 2852 1454 Ecce
2874 1396 3224 1466 magni/icetur
3248 1389 3529 1456 Dominus;
3549 1394 3822 1461 nunquam

2233 1504 2307 1560 tu,
2334 1508 2590 1562 nusquam
2615 1489 2713 1544 tu?
2742 1489 2794 1542 In
2827 1481 2916 1541 illo
2943 1484 3160 1555 aliquid,
3187 1484 3238 1538 in
3267 1479 3505 1537 me‘nihil
3538 1499 3551 1536 :
3580 1481 3621 1534 si
3645 1488 3824 1538 autem

2231 1584 2284 1639 in
2308 1583 2397 1637 illo
2418 1579 2671 1653 quidquid
2694 1594 2826 1648 ego;
2855 1576 2964 1640 ille,
2989 1590 3094 1629 non
3121 1589 3240 1644 ego.
3261 1571 3340 1627 Tu
3365 1587 3493 1642 ergo
3517 1571 3683 1642 quid?
3714 1569 3824 1642 Ego

2232 1681 2346 1729 vero
2373 1689 2555 1742 egenus
2594 1674 2642 1726 et
2671 1674 2862 1742 pauper
2888 1685 3021 1721 sum.
3053 1665 3147 1720 ille
3175 1665 3326 1719 dives
3349 1704 3364 1730 ,
3400 1664 3487 1718 ille
3511 1663 3787 1717 abundans
3805 1703 3824 1729 ,

2232 1763 2322 1820 ille
2353 1763 2547 1818 nullius
2585 1761 2849 1831 indigens.
2893 1759 3030 1812 EcCe
3072 1757 3246 1809 inmcn
3278 1770 3456 1808 meum
3483 1795 3500 1821 ,
3528 1768 3654 1809 ecce
3687 1753 3825 1809 unde

2235 1856 2540 1919 illuminor;
2573 1851 2821 1922 quoniam
2861 1849 3036 1904 clamo
3066 1865 3081 1901 :
3113 1835 3191 1900 Tu
3219 1833 3528 1899 illuminabis
3570 1845 3827 1900 lucernam

2234 1963 2418 2014 meam,
2448 1937 2695 2009 Domine;
2725 1940 2860 1997 Deus
2885 1949 3045 2007 meus,
3077 1935 3387 1992 illuminabis
3426 1935 3652 1991 tenebras
3691 1953 3827 1992 meas

2240 2039 2258 2110 (
2281 2039 2418 2092 Psal.
2453 2053 2582 2100 xvu,
2608 2033 2732 2104 29).
2766 2034 3010 2087 Dominus
3035 2032 3179 2086 solvit
3205 2029 3552 2100 compeditos;
3579 2021 3830 2084 Dominus

2236 2131 2379 2200 erigit
2412 2128 2597 2192 elisos;
2625 2125 2870 2180 Dominus
2909 2126 3157 2194 sapientes
3196 2122 3320 2192 facit
3348 2137 3547 2183 ca'cos;
3578 2118 3830 2174 Dominus

2236 2220 2447 2275 custodit
2471 2218 2748 2289 proselylos
2775 2213 2947 2285 (Psal.
2978 2221 3129 2278 chv,
3156 2210 3247 2284 7
3279 2209 3413 2279 Quid
3441 2225 3566 2280 ergo
3598 2211 3689 2264 tu?
3713 2208 3830 2280 Ego

2237 2328 2351 2366 vero
2379 2326 2559 2381 egenus
2596 2317 2640 2362 et
2670 2323 2880 2378 pauper.
2925 2305 3037 2374 Ego
3069 2314 3317 2373 tanquam
3365 2301 3617 2372 pupillus;
3646 2301 3831 2354 anima

2237 2421 2357 2460 mea
2388 2415 2634 2475 tanquam
2662 2402 2817 2456 vidua
2862 2391 3114 2455 destituta
3163 2406 3216 2451 et
3259 2396 3489 2450 desolata
3521 2411 3533 2446 :
3563 2393 3828 2447 auxilium

2239 2514 2452 2568 quazro;
2477 2513 2687 2568 semper
2705 2495 3063 2549 inﬁrmitatem
3084 2506 3256 2545 meam
3278 2487 3550 2544 conﬁteor.
3577 2484 3684 2558 Ego
3705 2500 3831 2539 vero

2239 2607 2422 2662 egenus
2444 2600 2489 2645 et
2511 2605 2719 2659 pauper.
2750 2579 2949 2641 Donata
2977 2593 3100 2639 sunt
3125 2582 3256 2636 mibi
3285 2590 3494 2652 peccata
3519 2594 3535 2644 ;
3556 2578 3662 2648 jam
3686 2576 3832 2646 coepi

2240 2684 2392 2754 sequi
2423 2692 2683 2752 praecepta
2725 2676 2822 2734 Dei
2856 2696 2868 2731 :
2900 2678 3074 2732 adhuc
3116 2685 3290 2730 tamen
3321 2689 3503 2744 egenus
3527 2680 3574 2725 et
3611 2673 3832 2741 pauper.

2244 2773 2392 2830 Unde
2421 2765 2595 2827 adhuc
2619 2789 2801 2843 egenus
2826 2773 2876 2824 et
2901 2767 3139 2841 pauper?
3164 2765 3296 2833 Quia
3328 2765 3470 2819 video
3496 2763 3649 2816 aliam
3671 2762 3837 2831 legent

2240 2867 2292 2919 in
2327 2863 2556 2918 membris
2585 2865 2706 2918 meis
2750 2871 3111 2932 repugnantem
3140 2858 3238 2929 legi
3268 2855 3443 2909 mentis
3483 2869 3608 2907 mete
3637 2850 3830 2922 (Rom.-

2241 2971 2333 3017 vu,
2361 2953 2434 3010 9.5
2453 2953 2486 3024 ).
2526 2953 2678 3010 Unde
2705 2969 2887 3025 egenus
2914 2960 2958 3005 et
2986 2944 3219 3019 pauper?
3244 2946 3397 3014 Quia,
3429 2933 3574 2998 Beati
3597 2943 3684 3013 qui
3710 2959 3835 2996 esu-

2242 3047 2399 3112 riunt,
2421 3055 2466 3099 et
2486 3045 2658 3100 sitiunt
2669 3043 2922 3114 justitiam
2952 3038 3171 3114 (Matth.
3199 3044 3252 3102 'v,
3285 3035 3374 3108 6
3404 3033 3593 3090 Adhuc
3617 3034 3796 3089 esurio
3815 3073 3834 3098 ,

2243 3139 2414 3192 adhuc
2435 3139 2556 3193 sitio
2581 3156 2595 3193 :
2618 3137 2868 3192 saturitas
2897 3149 3015 3189 mea
3040 3130 3198 3189 dilata
3228 3143 3342 3197 est;
3373 3146 3476 3184 non
3498 3127 3692 3182 ablata.
3721 3125 3836 3198 Ego

2243 3248 2356 3285 vero
2383 3247 2566 3302 egenus
2589 3239 2633 3284 et
2660 3239 2892 3300 pauper;
2919 3226 3055 3282 Deus
3073 3261 3089 3292 ,
3121 3225 3307 3295 adjuv‘a
3332 3239 3423 3276 me.
3456 3220 3608 3277 Unde
3629 3219 3794 3288 carpit
3814 3256 3832 3284 ,

2243 3321 2380 3376 Deus
2417 3323 2468 3375 in
2497 3320 2808 3391 adjutorium
2837 3334 2999 3372 meum
3043 3315 3276 3378 intende;
3303 3313 3472 3379 Deus,
3501 3311 3691 3380 adjuira
3730 3324 3834 3364 me.

2248 3416 2559 3472 Rectissime
2585 3423 2640 3470 et
2677 3413 2909 3468 Lazarus
2952 3408 3176 3480 Adjutus
3222 3403 3558 3477 interpretari
3596 3401 3833 3464 dicitur;

2246 3509 2334 3564 ille
2357 3523 2557 3580 egenus
2581 3517 2634 3563 et
2650 3521 2871 3578 pauper,
2892 3504 2982 3574 qui
3006 3503 3210 3557 ablatus
3229 3508 3310 3555 est
3329 3499 3380 3552 in
3407 3497 3579 3552 sinum
3602 3491 3838 3548 Abrahae

2247 3596 2405 3677 (Luc.
2451 3618 2538 3656 xv:
2561 3643 2574 3666 ,
2617 3599 2722 3669 22)
2756 3616 2768 3652 :
2799 3607 2853 3653 et
2882 3597 3018 3668 gerit
3062 3603 3242 3666 typum
3273 3588 3523 3646 Ecclesia:
3557 3585 3684 3649 Dei,
3711 3599 3836 3677 qua:

2246 3709 2457 3764 semper
2486 3668 2725 3747 conﬁteri
2756 3689 2913 3744 debet
2955 3685 3221 3755 adjutorio
3249 3680 3349 3737 sibi
3388 3694 3521 3750 opus
3551 3689 3691 3733 esse.
3720 3668 3837 3730 Hoc

2247 3796 2329 3842 cst
2353 3801 2558 3848 verum,
2582 3781 2685 3837 hoc
2713 3790 2791 3836 est
2819 3781 2984 3850 pium.
3014 3773 3137 3831 Dixi
3163 3773 3378 3828 Domino
3407 3786 3425 3826 :
3450 3761 3587 3824 Deus
3615 3782 3755 3820 meus
3784 3783 3838 3820 es

2249 3887 2320 3930 tu.
2351 3877 2524 3943 Quare
2543 3873 2566 3912 ν
2595 3873 2845 3941 Quoniam
2867 3872 3107 3924 bonorum
3136 3881 3356 3919 meorum
3379 3879 3478 3916 non
3507 3875 3618 3932 eges
3644 3859 3663 3930 (
3685 3857 3836 3911 Psal.

2248 3981 2343 4032 xv,
2368 3964 2404 4018 2
2422 3964 2463 4035 ).
2492 3963 2586 4018 Ille
2611 3976 2719 4017 non
2745 3969 2864 4031 eget
2889 3958 3054 4014 nostri
3078 3972 3093 4022 ;
3126 3969 3223 4010 nos
3249 3967 3467 4023 egemus
3489 3950 3652 4019 ipsius
3677 3965 3690 4000 :
3713 3947 3843 4001 ideo

2249 4072 2408 4112 verus
2453 4055 2730 4110 Dominus.
2777 4049 2908 4106 Nam
2956 4057 3010 4104 tu
3043 4063 3148 4102 non
3193 4044 3347 4099 valde
3386 4054 3546 4096 verus
3587 4037 3843 4093 dominus

2252 4150 2391 4204 servi
2420 4148 2490 4202 tui
2509 4164 2522 4213 ;
2543 4146 2698 4200 ambo
2714 4143 2981 4207 homines,
3004 4138 3163 4193 ambo
3177 4143 3394 4206 egentes
3425 4133 3554 4187 Deo.
3584 4130 3636 4186 Si
3656 4137 3843 4182 autem

2258 4251 2413 4313 putas
2443 4253 2602 4309 egere
2629 4236 2704 4290 tui
2734 4249 2946 4289 servum
2971 4240 3142 4294 tuum,
3169 4236 3224 4282 ut
3252 4227 3346 4281 des
3375 4237 3598 4294 panem;
3626 4234 3753 4290 eges
3785 4227 3847 4274 et

2254 4345 2309 4389 tu
2331 4332 2467 4387 servi
2493 4330 2564 4384 tui
2584 4371 2599 4397 ,
2625 4339 2683 4384 ut
2701 4327 2914 4396 adjuvet
2941 4323 3152 4377 labores
3180 4328 3297 4373 tuos
3321 4333 3333 4369 :
3359 4324 3581 4392 uterque
3601 4321 3846 4366 vestrum

2255 4425 2424 4478 altero
2463 4431 2698 4476 vestrum
2741 4416 2961 4485 indiget.
3009 4413 3189 4482 Itaque
3230 4407 3405 4462 nullus
3442 4387 3679 4460 vestrum
3715 4415 3850 4458 vero

2256 4513 2519 4576 dominus,
2551 4519 2605 4565 et
2632 4508 2807 4563 nullus
2831 4513 3066 4560 vestrum
3097 4515 3223 4556 vere
3251 4507 3456 4553 servus.
3489 4494 3625 4549 Audi
3653 4503 3850 4548 verum

2256 4603 2574 4668 Dominum,
2625 4598 2777 4668 cujus
2827 4604 2988 4650 Verus
3038 4607 3098 4648 es
3144 4602 3330 4647 servus
3360 4607 3372 4642 :
3402 4585 3526 4641 Dixi
3575 4584 3797 4639 Domino
3827 4599 3850 4640 :

2257 4694 2395 4750 Deus
2421 4711 2562 4748 meus
2587 4709 2638 4748 es
2674 4702 2747 4745 tu.
2775 4690 2949 4758 Quare
2991 4699 3044 4741 tu
3074 4681 3373 4740 Dominus?
3403 4681 3652 4748 Quoniam
3682 4678 3853 4732 bono-

2257 4799 2370 4842 rum
2392 4800 2618 4840 meorum
2643 4799 2743 4836 non
2769 4797 2899 4852 eges.
2927 4777 3061 4845 Quid
3085 4784 3260 4830 autem
3283 4782 3338 4826 tu
3352 4773 3376 4813 ν
3397 4766 3508 4842 Ego
3527 4778 3640 4823 vero
3661 4782 3854 4840 egenus

2258 4888 2305 4933 et
2327 4892 2536 4948 pauper.
2571 4875 2708 4928 Ecce
2733 4887 2916 4942 egenus
2941 4879 2986 4924 et
3015 4883 3241 4938 pauper;
3270 4873 3451 4935 pascat
3475 4862 3636 4925 Deus,
3665 4859 3856 4915 suble-

2257 4977 2348 5024 vet
2377 4969 2518 5022 Deus
2538 5006 2552 5030 ,
2579 4961 2792 5034 adjuvet
2817 4963 2957 5016 Deus
2990 4977 3003 5012 :
3034 4958 3189 5021 Deus,
3219 4953 3406 5025 inquit.
3438 4948 3628 5021 adjuva
3653 4965 3755 5003 me.

2329 5061 2383 5117 8.
2421 5059 2641 5131 Adjutor
2683 5064 2729 5110 et
2774 5063 2942 5108 erutor
2968 5066 3108 5105 meus
3140 5066 3189 5104 es
3221 5058 3310 5111 tu,
3339 5044 3597 5106 Domine;
3639 5058 3707 5095 ne
3739 5050 3858 5094 tar-

2260 5154 2476 5209 daveris.
2498 5153 2577 5207 Tu
2598 5148 2807 5220 adjutor
2822 5154 2876 5202 et
2895 5153 3113 5200 erutor:
3139 5139 3350 5211 indigeo
3373 5135 3592 5200 auxilio,
3615 5133 3813 5204 adjnva
3838 5149 3857 5199 ;

2260 5247 2558 5317 implicatus
2583 5258 2700 5298 smn
2726 5281 2742 5309 ,
2771 5254 2917 5295 erue.
2947 5236 3114 5292 Nemo
3154 5233 3296 5289 enim
3327 5238 3477 5286 eruet
3502 5227 3569 5282 de
3599 5226 3860 5294 implica-

2259 5337 2490 5393 tionibus
2511 5377 2526 5402 ,
2555 5333 2656 5389 nisi
2686 5339 2764 5387 tu.
2794 5329 3148 5384 CircumStant
3191 5337 3291 5377 nos
3318 5332 3484 5374 nexus
3511 5316 3858 5371 diversarum
