4076 6464
265 396 374 473 s73

268 530 763 599 Quantumcumque
791 524 879 583 hic
907 523 1217 594 vixerimus,
1253 535 1736 598 quantumcumque
1772 524 1860 580 hic

267 620 675 693 profecerimus,
700 637 859 678 nemo
880 621 1026 678 dicat
1055 640 1068 676 :
1099 621 1304 677 Sufﬁcit
1327 621 1492 688 mihi;
1515 622 1692 692 justus
1713 636 1858 676 sum.

265 715 368 784 Qui
400 715 628 782 dixerit,
672 716 928 771 remansit
967 715 1021 770 in
1063 715 1144 770 via
1175 756 1188 780 ,
1223 729 1353 770 non'
1379 715 1527 770 novit
1555 713 1856 784 pervenire.
1895 752 1898 754 η

267 808 369 867 Ubi
392 809 628 875 dixerit,
662 809 895 876 Sufﬁcit;
938 809 1010 866 ibi
1038 809 1215 866 litesit.
1246 810 1472 866 Attende
1501 811 1813 882 Apostolum
1837 852 1856 881 ,

264 903 350 960 cui
374 917 483 958 non
505 901 727 967 sufficit;
750 901 872 958 vide
897 902 1164 973 quomodo
1186 917 1246 958 se
1263 901 1381 957 vult
1401 901 1665 972 adjuvari,
1685 901 1859 958 donec

270 994 555 1064 perveniat
581 991 835 1065 :Fratres
856 1035 873 1062 ,
909 993 1117 1064 inquit,
1146 1009 1235 1065 ego
1265 1009 1344 1048 me
1377 1010 1478 1049 non
1507 994 1724 1049 arbitror
1760 1011 1861 1067 ap-

266 1083 629 1156 prehendisse;
669 1098 740 1139 ne
781 1083 858 1138 illi
906 1083 1007 1139 sibi
1049 1084 1360 1142 viderentur
1399 1084 1858 1156 apprehendisse,

266 1177 464 1248 quibus
488 1189 672 1232 rursus
695 1175 843 1243 dicit,
870 1175 970 1244 Qui
997 1193 1050 1232 se
1078 1186 1220 1248 putat
1249 1178 1442 1248 aliquid
1464 1179 1612 1245 scire,
1629 1179 1859 1246 nondum

265 1268 359 1322 scit
380 1268 804 1340 quemadmodum
828 1278 1021 1339 oportet
1036 1268 1164 1324 scire
1189 1271 1206 1301 ⁸
1232 1268 1250 1339 (
1272 1270 1292 1324 ι
1318 1267 1436 1325 Cor.
1453 1285 1579 1336 v111,
1603 1269 1693 1340 2).
1721 1268 1858 1338 Quid

267 1375 400 1432 ergo
425 1360 541 1416 ait?
573 1359 782 1416 Fratres
803 1404 822 1428 ,
849 1377 940 1433 ego
966 1377 1045 1417 me
1071 1377 1172 1416 non
1205 1361 1422 1416 arbitror
1441 1361 1855 1434 apprehendisse.

263 1451 437 1522 Supra
466 1451 693 1519 dixerat,
728 1451 848 1508 Non
880 1453 1002 1524 quia
1029 1455 1141 1526 jam
1165 1454 1463 1526 acceperim,
1494 1462 1579 1508 aut
1593 1455 1707 1527 jam
1737 1470 1856 1526 per-

265 1545 425 1613 fectus
444 1543 539 1598 sim
561 1559 582 1608 ,'
601 1552 654 1600 et
679 1543 750 1599 ibi
770 1544 1026 1614 sequitur,
1054 1542 1282 1611 Fratres,
1311 1560 1400 1615 ego
1423 1561 1500 1598 me
1520 1561 1622 1600 non
1640 1543 1858 1600 arbitror

263 1634 676 1704 apprehendisse.
705 1633 762 1690 Si
805 1635 1038 1690 nondum
1068 1636 1304 1704 accepit,
1344 1651 1530 1707 egenus
1574 1644 1621 1692 et
1662 1651 1858 1707 pauper

263 1739 346 1784 est
381 1746 394 1783 :
431 1730 475 1784 si
506 1729 740 1785 nondum
783 1728 1050 1800 perfectus
1088 1737 1201 1795 est,
1233 1745 1418 1799 egenus
1445 1738 1490 1784 et
1531 1745 1725 1800 pauper
1747 1737 1853 1785 est.

263 1819 411 1876 Bene
436 1819 566 1876 dicit
593 1838 606 1874 :
639 1819 774 1876 Deus
796 1861 811 1887 ,
838 1820 1026 1891 adjuva
1057 1835 1153 1875 me.
1195 1818 1298 1875 Sed
1346 1819 1591 1891 intelligit
1615 1819 1809 1891 aliquid
1832 1861 1850 1888 ,

267 1920 320 1965 et
361 1913 628 1970 excelsius
676 1914 936 1985 intelligit.
985 1913 1124 1969 Vide
1165 1920 1340 1969 tamen
1393 1913 1518 1985 quid
1566 1913 1750 1970 dicat:
1783 1913 1854 1970 Ei

264 2016 437 2058 autem
459 2006 544 2074 qui
569 2014 726 2076 potest
751 2021 903 2078 super
929 2007 950 2038 ³
980 2006 1148 2060 omnia
1173 2008 1338 2076 facere
1362 2006 1856 2076 superabundantius

263 2111 417 2166 quam
444 2097 659 2167 petimus
683 2105 729 2150 et
748 2095 1075 2168 intelligimus
1091 2094 1111 2169 (
1128 2094 1314 2166 Ephes.
1335 2111 1414 2163 111,
1429 2095 1555 2169 20).
1573 2095 1707 2152 Vide
1723 2112 1852 2169 ergo

257 2188 379 2258 quia
409 2187 642 2243 nondum
657 2187 916 2258 pervenit,
941 2187 1172 2243 nondum
1189 2187 1556 2258 apprehendit.
1573 2187 1708 2256 Quid
1721 2202 1850 2260 ergo

259 2279 370 2332 ait?
401 2277 628 2345 Fratres,
653 2296 743 2351 ego
770 2295 848 2334 me
874 2296 975 2334 non
996 2280 1212 2334 arbitror
1232 2280 1624 2352 apprehendisse
1648 2295 1669 2336 :
1690 2297 1848 2335 unum

258 2378 448 2431 autem,
481 2384 594 2438 quae
619 2379 750 2423 retro
779 2368 980 2438 oblitus,
1007 2370 1060 2425 in
1094 2386 1152 2425 ea
1180 2385 1291 2441 quae
1315 2379 1432 2425 ante
1456 2379 1572 2426 sunt
1597 2380 1845 2439 extentus,

258 2459 535 2513 secundum
555 2460 878 2514 intentionem
904 2477 1084 2532 sequor
1107 2461 1174 2514 ad
1201 2462 1422 2531 palmam
1445 2479 1677 2532 superna:
1699 2479 1850 2518 voca-

256 2551 406 2604 tionis
438 2549 693 2621 (Philipp.
727 2567 804 2618 111,
838 2553 1006 2606 12-14
1025 2551 1066 2624 ).
1102 2553 1195 2608 Ille
1223 2569 1350 2625 ergo
1376 2555 1540 2610 currit
1563 2595 1578 2619 ,
1606 2563 1661 2610 tu
1688 2555 1849 2611 haesi-

251 2641 340 2696 sti.
362 2643 456 2698 Ille
477 2643 605 2697 dicit
621 2643 852 2699 nondum
872 2659 930 2700 se
954 2645 1249 2715 perfectum
1269 2663 1284 2712 ;
1303 2654 1358 2701 et
1378 2646 1556 2717 tujam
1577 2645 1648 2702 de
1665 2647 1848 2715 perfe-

252 2734 432 2789 ctione
451 2735 698 2805 gloriaris
722 2737 736 2790 ι
766 2735 1170 2792 Cont'undantur
1194 2736 1284 2808 qui
1306 2736 1400 2792 tibi
1426 2737 1643 2793 dicunt:
1672 2738 1844 2811 Euge,

251 2843 392 2898 euge.
415 2827 771 2885 Coufundaris
800 2829 944 2885 inter
966 2829 1086 2884 illos
1111 2836 1166 2884 et
1195 2837 1273 2896 tu,
1299 2830 1424 2902 quia
1452 2838 1510 2886 tu
1538 2829 1634 2886 tibi
1662 2829 1798 2888 dicis
1823 2849 1841 2888 :

253 2918 398 2992 Euge
420 2963 434 2986 ,
465 2937 610 2993 euge.
652 2921 754 2989 Qui
799 2923 941 2977 enim
990 2921 1227 2993 seipsum
1275 2922 1494 2992 laudat,
1525 2921 1629 2979 sibi
1664 2923 1842 2981 dicit:

250 3011 416 3083 Euge,
457 3029 579 3084 euge
605 3028 624 3067 :
651 3012 742 3084 qui
766 3013 835 3069 ab
869 3012 990 3068 aliis
1026 3013 1275 3070 laudatur
1315 3023 1371 3071 et
1413 3015 1699 3082 consentit,
1730 3029 1846 3072 non

250 3114 426 3175 portat
465 3106 640 3161 oleum
683 3122 897 3173 secum;
944 3107 1201 3164 deﬁciunt
1238 3107 1378 3166 faces
1401 3147 1420 3178 ,
1455 3109 1734 3168 clausurus
1756 3117 1844 3169 est

250 3195 338 3251 ille
357 3196 578 3266 jaauam
613 3196 632 3270 (
657 3195 846 3253 Matth.
873 3214 1000 3267 xxv,
1027 3199 1082 3267 '5,
1111 3199 1239 3271 l0).

317 3285 372 3342 9.
417 3287 530 3343 Hoc
557 3303 683 3359 ergo
703 3304 802 3346 nos
825 3289 1009 3346 docuit
1035 3291 1270 3361 psalmus
1297 3290 1402 3349 iste
1419 3291 1678 3363 breviter,
1705 3292 1842 3350 cha-

250 3380 468 3449 rissimi,
519 3397 589 3438 ex
630 3382 992 3441 admonitione
1035 3385 1386 3442 solemuitatis
1432 3397 1748 3460 martyrum,
1780 3396 1840 3445 ut

251 3473 613 3544 intelligamus
655 3477 774 3546 quia
819 3485 1080 3548 martyres
1119 3476 1513 3535 tribulationem
1565 3478 1653 3535 hic
1692 3480 1836 3551 passi

247 3575 368 3622 sunt
397 3567 766 3639 corporalem:
793 3585 890 3625 nos
933 3570 986 3625 in
1027 3579 1452 3642 quantacumque
1482 3586 1616 3642 pace
1641 3571 1832 3642 simus,

247 3676 471 3718 necesse
501 3670 581 3717 est
624 3662 892 3733 patiamur
942 3663 1338 3718 tribulationem
1387 3663 1750 3734 spiritualem;
1780 3673 1835 3720 et

246 3765 469 3810 necesse
497 3761 581 3810 est
619 3763 677 3809 ut
717 3756 856 3811 inter
898 3754 1171 3822 scandala,
1199 3764 1254 3812 et
1293 3754 1517 3822 zizania,
1542 3764 1597 3812 et
1627 3756 1833 3826 paleam

243 3855 422 3917 gemat
447 3845 683 3902 Ecclesia
703 3856 758 3903 et
781 3845 870 3901 illa
895 3861 1090 3914 massa,
1118 3845 1288 3902 donec
1307 3846 1498 3903 messis
1520 3847 1715 3914 veniat,
1737 3846 1836 3903 do-

245 3951 344 3993 nec
373 3936 750 4004 ventilabrum,
781 3937 953 3993 donec
983 3937 1158 3992 veniat
1201 3937 1387 3993 ultima
1430 3938 1726 4004 ventilatio,
1771 3946 1836 3994 ut

243 4037 524 4099 separetur
546 4027 695 4099 palea
717 4043 748 4082 a
775 4028 1076 4096 frumento,
1106 4028 1278 4085 donec
1306 4028 1374 4085 ad
1417 4029 1672 4086 horreum
1701 4031 1831 4088 red-

243 4121 419 4194 igatur
444 4119 558 4192 (Id.
591 4137 711 4188 χιιι,
733 4122 831 4190 '50,
860 4131 909 4177 et
930 4138 1007 4189 ιιι,
1049 4120 1160 4195 12).
1187 4121 1341 4191 Quod
1371 4122 1543 4180 donec
1572 4124 1686 4191 ﬁat,
1715 4124 1835 4180 cla-

243 4229 488 4272 memus:
520 4213 631 4287 Ego
649 4231 768 4271 uero
789 4233 972 4288 egenus
991 4224 1039 4270 et
1074 4231 1268 4286 pauper
1285 4232 1432 4282 sum;
1457 4215 1615 4286 Deus,
1641 4217 1830 4284 adiuva

241 4325 356 4363 me:
376 4308 586 4379 adjutor
610 4315 747 4363 meus
783 4324 837 4363 es
863 4317 938 4374 tu,
970 4305 1221 4372 Domine;
1251 4323 1315 4362 ne
1347 4307 1642 4362 tardaveris.
1689 4307 1828 4376 Quid

241 4408 341 4462 est,
370 4397 454 4453 Ne
480 4398 792 4454 tardaveris?
818 4398 950 4466 Quia
979 4398 1130 4454 multi
1158 4397 1371 4454 dicunt:
1401 4397 1641 4470 Longum
1670 4410 1753 4456 εει
1772 4408 1831 4456 ιιι

240 4491 419 4544 veniat
443 4489 710 4544 Christus.
734 4489 871 4558 Quid
898 4505 1044 4561 ergo,
1069 4491 1193 4562 quia
1216 4489 1465 4558 dicimus,
1490 4490 1572 4545 Ne
1593 4491 1828 4547 tardaue-

238 4582 347 4636 ris?
378 4589 636 4636 venturus
661 4590 743 4637 est
781 4591 1064 4653 antequam
1109 4582 1294 4637 statuit
1318 4582 1535 4641 venire?
1560 4583 1697 4652 Quid
1723 4583 1826 4640 sibi

237 4675 348 4729 vult
375 4673 478 4728 hoc
507 4684 708 4739 votum,
759 4672 842 4729 Ne
881 4674 1194 4731 tardaverit?
1235 4674 1312 4732 Ne
1342 4675 1472 4731 mihi
1516 4677 1716 4733 tardius
1745 4677 1828 4732 vi-

237 4767 428 4823 deatur
451 4766 596 4838 quod
622 4765 874 4823 venturus
898 4782 978 4823 es.
1007 4767 1124 4823 Tibi
1151 4768 1294 4824 enim
1325 4770 1540 4841 longum
1577 4770 1818 4838 videtur;

236 4873 338 4914 non
370 4859 483 4913 Deo
511 4857 724 4929 longum
746 4858 976 4923 videtur,
1006 4857 1092 4914 cui
1115 4859 1261 4914 mille
1283 4862 1408 4916 anni
1431 4861 1541 4916 dies
1558 4876 1696 4917 unus
1716 4871 1820 4932 est,

234 4953 318 5007 vel
347 4960 459 5007 tres
491 4950 636 5006 horae
665 4951 860 5022 vigilia:
886 4949 1059 5023 (Psal.
1084 4967 1300 5022 Lxxxrx,
1327 4952 1407 5025 4).
1436 4952 1544 5010 Sed
1571 4965 1624 5010 tu
1645 4955 1689 5010 si
1713 4969 1820 5011 non

235 5043 489 5099 habueris
531 5042 885 5109 tolerantiam,
933 5043 1137 5100 tardum
1182 5043 1279 5100 tibi
1322 5045 1424 5101 erit
1450 5063 1463 5100 :
1492 5054 1546 5101 et
1573 5060 1696 5101 cum
1726 5045 1821 5103 tibi

233 5136 446 5191 tardum
478 5137 597 5201 erit,
627 5134 925 5190 deﬁecteris
952 5133 1021 5192 ab
1045 5149 1132 5203 eo,
1171 5144 1226 5190 et
1256 5137 1362 5192 eris
1385 5136 1576 5193 similis
1602 5137 1704 5193 illis
1729 5137 1822 5208 qui

233 5226 282 5282 in
309 5241 499 5282 eremo
529 5225 730 5296 fatigati
769 5234 910 5292 sunt,
948 5233 1003 5282 et
1027 5226 1414 5282 festinaverunt
1440 5243 1469 5282 a
1499 5227 1609 5284 Deo
1637 5236 1822 5299 petere

231 5317 474 5385 delicias,
507 5332 639 5388 quas
664 5317 765 5373 illis
792 5320 845 5373 in
877 5317 1047 5389 patria
1072 5319 1412 5386 reservabat;
1457 5329 1512 5376 et
1550 5336 1671 5376 cum
1707 5335 1817 5376 non

229 5409 490 5466 darentur
514 5410 718 5466 deliciae
749 5411 801 5466 in
845 5411 1055 5479 itinere,
1087 5411 1279 5482 quibus
1322 5412 1460 5468 forte
1504 5427 1819 5484 corrumpe-

230 5512 441 5571 rentur,
474 5512 940 5559 murmuraverunt
961 5503 1218 5560 adversus
1247 5503 1433 5572 Deum,
1466 5513 1521 5560 et
1545 5505 1820 5562 redierunt

227 5595 393 5652 corde
420 5595 477 5651 in
505 5593 794 5667 Egyptum
823 5594 1020 5668 (Exod.
1063 5612 1177 5666 xv1,
1217 5594 1275 5663 2,
1317 5605 1366 5652 ει
1411 5597 1524 5653 Act.
1558 5615 1651 5669 v11,
1680 5599 1807 5670 39);

251 5787 254 5790 ’
290 5791 310 5859 ξ
334 5797 412 5859 af.
436 5799 491 5859 et
510 5797 640 5859 ιρι,
655 5797 872 5859 oporteat
893 5806 1004 5844 eum
1025 5792 1168 5844 scire.
1205 5800 1260 5843 At
1279 5799 1408 5854 1135.,
1437 5801 1618 5859 oportet
1639 5808 1785 5849 scire.

290 5856 314 5887 ³
335 5856 420 5905 Hic
437 5856 489 5904 in
509 5855 621 5904 add.
636 5855 798 5920 deest,
818 5869 964 5920 super
991 5869 1010 5907 .'
1033 5869 1145 5920 qua:
1178 5870 1273 5908 vox
1297 5855 1532 5910 exstatin
1560 5865 1666 5911 uss.
1694 5868 1747 5911 et
1767 5863 1817 5910 in

235 5921 393 5983 paco
415 5923 559 5967 textu
580 5915 803 5980 Apostoli.

418 5999 643 6075 Sanc'r.
686 6004 963 6067 Ausus'r.
1001 5999 1108 6065 IV.

1392 403 1790 470 ENARRATIO
1824 406 1895 466 IN
1931 406 2255 470 PSALMUM
2279 413 2438 472 LXX.

2625 381 2628 383 Δ
2657 375 2758 387 _,..l-
2808 366 2920 422 rw--.
2983 362 3015 388 ..4

2688 411 2701 420 ο

3438 439 3545 500 ευ

1965 526 2107 582 unde
2135 543 2358 601 corpore
2389 533 2596 591 fuerant
2620 541 2874 609 separati,
2902 546 3066 605 corde
3086 549 3381 608 redierunt.
3428 554 3544 610 Noli

1961 632 2090 690 ergo
2120 631 2176 676 tu
2215 624 2324 689 sic;
2358 626 2464 680 noli
2492 628 2602 684 sic:
2636 632 2760 688 time
2787 637 3009 693 verbum
3041 640 3250 699 Domini
3293 645 3542 713 dicentis,

1961 712 2266 772 Mementote
2299 721 2474 775 uxoris
2493 721 2591 776 Lot
2623 724 2770 795 (Luc.
2802 743 2935 798 xv11,
2960 731 3071 804 52).
3104 734 3172 790 Ει
3202 740 3313 806 ipsa
3355 740 3409 794 in
3434 712 3539 806 via,

1955 807 2066 904 jam
2086 809 2305 869 liberata
2319 812 2388 869 de
2409 815 2677 888 Sodomis,
2705 829 2850 877 retro
2880 827 3142 895 respexit;
3169 831 3260 886 ubi
3283 835 3539 904 respexit,

1959 897 2033 954 ibi
2053 905 2342 994 remansit:
2369 904 2504 963 facta
2531 919 2612 964 est
2641 920 2812 968 statua
2844 914 2970 970 salis
3011 915 3162 990 (Gen.
3191 935 3307 988 χιιι,
3347 897 3462 994 2ξι),
3487 935 3546 979 ιιι

1959 992 2174 1073 condiat
2197 1004 2266 1052 te.
2298 997 2562 1071 Exemplo
2585 1003 2730 1059 enim
2759 1004 2856 1061 tibi
2901 1006 3022 1062 data
3050 1017 3152 1077 est,
3172 1022 3230 1065 ut
3252 1021 3304 1066 tu
3329 992 3545 1068 corvha-

1959 1081 2112 1151 beas,
2137 1101 2244 1142 non
2265 1097 2544 1148 remaneas
2579 1095 2752 1152 fatuus
2779 1097 2832 1152 in
2862 1099 2967 1153 via.
2999 1100 3232 1158 Attende
3259 1119 3546 1161 remanen-

1959 1179 2090 1242 tem,
2129 1184 2187 1232 et
2221 1182 2416 1248 transi;
2448 1185 2665 1242 attende
2704 1189 3078 1259 respicientem
3125 1203 3292 1262 retro,
3325 1204 3380 1252 et
3409 1197 3546 1252 tuin

1959 1267 2225 1325 anteriora
2251 1281 2497 1332 extentus
2525 1288 2662 1348 esto,
2694 1278 2830 1336 sicut
2871 1281 3087 1339 Paulus.
3134 1284 3272 1354 Quid
3311 1295 3395 1342 est
3432 1302 3542 1343 non

1957 1358 2227 1428 respicere
2251 1365 2429 1420 retro?
2460 1368 2588 1434 Qui:
2606 1379 2740 1426 retro
2763 1371 2961 1441 oblitus,
2983 1375 3171 1448 inquit.
3199 1377 3326 1434 ldeo
3342 1392 3543 1450 seque-

1958 1450 2032 1542 ris
2056 1463 2275 1510 vocatus
2307 1457 2374 1512 ad
2400 1472 2684 1530 supernam
2730 1464 2959 1532 palmam
2984 1467 3054 1522 de
3076 1483 3181 1538 qua
3209 1480 3396 1540 postea
3427 1471 3546 1542 glo-

1957 1540 2132 1598 rieris.
2157 1543 2290 1612 Quia
2312 1546 2452 1604 idem
2478 1551 2768 1620 Apostolus
2785 1553 2949 1610 dicit:
2983 1555 3227 1627 Superest
3252 1561 3378 1614 mihi
3401 1540 3547 1616 coro-

1956 1635 2270 1726 unjustitice,
2305 1655 2460 1709 quam
2487 1642 2614 1698 mihi
2631 1644 2805 1702 reddet
2826 1645 3076 1704 Dominus
3094 1650 3148 1706 in
3167 1651 3258 1706 illo
3278 1651 3361 1707 die
3369 1655 3546 1726 justus

1947 1722 2119 1794 judea:
2136 1726 2205 1795 (ll
2227 1727 2364 1785 Tim.
2391 1746 2464 1802 1v,
2489 1731 2570 1806 8).

1957 1855 3548 1897 ._..________________________

2363 1939 2448 2004 IN
2501 1941 2884 2010 PSALMUM
2925 1949 3106 2016 LXX

2553 2065 2973 2128 ENARBATIO.

2621 2196 2794 2242 SBBIO
2829 2201 2870 2242 l.

2401 2289 2478 2345 De
2500 2293 2665 2362 prima
2694 2306 2840 2366 parte
2869 2297 3086 2357 Psalmi.

2022 2393 2073 2450 Ι.
2113 2394 2174 2453 In
2202 2399 2454 2458 omnibus
2497 2405 2786 2477 Scripturis
2830 2415 3051 2483 sanctis,
3083 2418 3249 2488 gratia
3284 2419 3375 2477 Dei
3418 2439 3538 2495 qua:

1947 2484 2142 2545 liberat
2167 2505 2265 2548 nos
2295 2501 2637 2556 commendat
2663 2517 2724 2559 se
2746 2505 2921 2573 nobis,
2947 2518 3002 2563 ut
3023 2484 3538 2574 coinmendatosba-

1953 2577 2078 2634 beat
2097 2597 2215 2673 nos.
2241 2583 2353 2642 Hoc
2376 2587 2426 2644 in
2454 2589 2556 2646 isto
2582 2593 2788 2662 psalmo
2807 2599 3032 2666 canitur,
3057 2602 3124 2658 de
3153 2621 3258 2673 quo
3287 2623 3405 2663 cum
3428 2609 3538 2667 Ve-

1948 2676 2059 2765 stra
2086 2670 2357 2732 Charitate
2387 2677 2530 2750 loqui
2553 2686 2906 2755 suscepimus.
2937 2691 3122 2747 Aderit
3162 2670 3442 2765 Dominus,
3475 2709 3537 2756 ut

1942 2761 2022 2819 sic
2040 2778 2158 2820 eam
2184 2769 2346 2826 corde
2368 2773 2686 2845 concipiam,
2712 2781 2978 2848 quomodo
3006 2783 3221 2855 dignum
3245 2798 3355 2854 est;
3384 2761 3439 2847 et
3457 2795 3536 2850 sic

1942 2869 2063 2913 eam
2094 2875 2355 2931 promam,
2388 2868 2656 2936 quomodo
2683 2871 2899 2941 expedit
2930 2875 3099 2932 vobis.
3142 2879 3363 2937 Multum
3390 2885 3535 2942 enim

1942 2959 2122 3007 movet
2147 2951 2240 3008 Dei
2269 2969 2424 3012 amor
2450 2966 2504 3014 et
2528 2959 2722 3016 timor:
2748 2964 2908 3020 timor
2932 2965 3049 3033 Dei,
3078 2971 3198 3040 quia
3224 2971 3402 3043 justus
3428 2987 3531 3045 est;

1941 3053 2112 3109 amor,
2142 3043 2265 3114 quia
2295 3045 2599 3106 misericors
2639 3062 2739 3108 est.
2773 3054 2898 3122 Quis
2923 3059 3056 3113 enim
3083 3061 3128 3115 ei
3155 3062 3358 3134 diceret,
3395 3043 3537 3136 Quid

1940 3133 2107 3204 fecisti
2125 3135 2279 3209 (Sap.
2311 3155 2408 3209 x11,
2436 3141 2545 3214 12),
2575 3144 2621 3200 si
2646 3143 2925 3205 damnaret
2961 3151 3220 3222 injustum
3242 3156 3296 3209 εἳ
3324 3133 3535 3226 Quanta

1937 3237 2070 3296 ergo
2094 3226 2458 3288 misericordia
2483 3234 2622 3306 ejus,
2645 3245 2703 3293 ut
2725 3237 2981 3310 justiﬁcet
3006 3244 3299 3316 injustum?
3322 3249 3402 3306 Ex
3429 3251 3534 3312 hoc

1937 3318 2248 3388 prtelectum
2291 3322 2444 3380 nobis
2493 3335 2549 3381 et
2589 3328 2908 3399 Apostolum
2953 3335 3251 3395 audivimus
3281 3342 3531 3400 eamdem

1939 3410 2172 3468 maxime
2199 3415 2423 3484 gratiam
2450 3423 2950 3482 commendantem:
2980 3427 3048 3484 dc
3077 3431 3227 3501 cujus
3249 3447 3530 3492 commeno

1936 3501 2153 3561 datione
2183 3503 2413 3566 habebat
2441 3511 2655 3572 Iudaeos
2685 3517 2948 3588 inimicos,
2980 3521 3125 3578 velut
3162 3526 3229 3582 de
3249 3525 3406 3599 Legis
3437 3530 3528 3586 lit-

1937 3600 2050 3650 tera
2068 3611 2473 3672 prtesumentes,
2500 3613 2553 3660 et
2571 3615 2819 3680 tanquam
2837 3609 3097 3681 justitiam
3127 3631 3277 3672 suam
3304 3619 3527 3693 diligen-

2046 3697 2205 3784 atque
2229 3690 2518 3763 iactantes;
2541 3697 2608 3754 de
2630 3699 2819 3771 quibus
2845 3702 2972 3758 dicit
2996 3723 3010 3760 :
3041 3690 3529 3784 Testimoniuntper.

1937 3777 2082 3835 hibeo
2118 3781 2243 3849 illis,
2283 3785 2405 3854 quia
2449 3789 2615 3844 zelum
2653 3789 2749 3846 Dei
2772 3793 2975 3862 habent,
3013 3799 3102 3853 sed
3129 3816 3227 3855 non
3248 3777 3530 3860 secundant

1933 3873 2215 3931 scientiam.
2250 3876 2318 3933 Et
2341 3887 2590 3953 tanquam
2613 3883 2661 3940 ei
2686 3884 2976 3959 diceretur,
3006 3889 3143 3959 Quid
3167 3902 3252 3949 est
3271 3896 3413 3952 enim
3433 3896 3530 3952 ha-

1934 3964 2065 4023 bere
2094 3969 2267 4026 zelum
2315 3971 2410 4029 Dei
2457 3991 2565 4032 non
2611 3980 2904 4036 secundum
2947 3984 3263 4041 scientiam?
3297 3988 3529 4060 subjecit

1931 4059 2208 4129 continuo,
2231 4061 2535 4134 Ignorantes
2551 4069 2690 4129 enim
2713 4069 2811 4126 Dei
2814 4073 3091 4143 justitiant,
3117 4087 3163 4130 et
3182 4095 3327 4132 suam
3352 4059 3528 4136 uolen-

1933 4157 2007 4205 tes
2029 4153 2358 4233 constituere,
2370 4157 2588 4225 justitite
2615 4159 2712 4214 Dei
2736 4179 2838 4217 non
2862 4173 2978 4218 sunt
3001 4166 3212 4238 subjecti
3258 4169 3432 4241 (Rom.
3461 4189 3522 4242 Χ,

1929 4240 1988 4310 2,
2031 4242 2112 4312 5).
2163 4244 2482 4316 Gloriantes,
2527 4249 2718 4322 inquit,
2748 4261 2997 4326 tanquam
3025 4256 3094 4313 de
3117 4240 3392 4330 operibus,
3424 4240 3524 4319 ex;

1930 4332 2153 4390 cludunt
2185 4350 2216 4390 a
2245 4351 2304 4392 se
2347 4339 2604 4409 gratiam;
2651 4349 2706 4398 et
2745 4352 2996 4416 tanquam
3038 4347 3105 4405 de
3151 4350 3382 4409 sanitate
3425 4370 3524 4414 sua

1931 4422 2062 4480 falsa
2087 4439 2474 4496 praesumentes
2503 4445 2761 4504 respuunt
2785 4437 3127 4494 medicinam.
3160 4441 3358 4497 Contra
3389 4445 3523 4502 tales

1928 4517 2072 4572 enim
2102 4526 2157 4574 et
2185 4519 2440 4577 Dominus
2465 4523 2704 4582 dixerat:
2737 4526 2858 4584 Non
2884 4531 2995 4585 veni
3028 4527 3406 4606 vocareg'ustos,
3429 4537 3521 4592 sed

1929 4620 2215 4682 peccatores
2239 4613 2292 4668 in
2318 4617 2692 4686 pcenitentiam;
2713 4638 2814 4676 non
2851 4631 2922 4678 est
2949 4641 3077 4694 opus
3109 4627 3247 4682 sanis
3272 4630 3516 4700 medicus,

1927 4701 2019 4757 sed
2046 4702 2182 4759 male
2202 4704 2497 4764 habentibus
2523 4708 2735 4783 (Matth.
2773 4730 2845 4783 1x,
2877 4717 2963 4780 l5,
2990 4717 3102 4788 12).
3134 4718 3258 4775 Πωο
3279 4731 3362 4777 εει
3389 4738 3518 4794 ergo

1926 4801 2036 4850 tota
2068 4796 2288 4853 scientia
2321 4815 2527 4872 magna,
2563 4803 2830 4859 hominem
2848 4807 3024 4863 'scire
3050 4809 3170 4880 quia
3191 4810 3306 4882 ipse
3337 4829 3434 4884 per
3458 4831 3519 4872 se

1928 4886 2062 4942 nihil
2089 4898 2197 4957 est;
2225 4900 2276 4946 et
2303 4895 2550 4963 quoniam
2580 4895 2829 4966 quidquid
2856 4907 2956 4965 est,
2980 4915 3010 4955 a
3042 4901 3152 4958 Deo
3179 4915 3279 4971 est,
3312 4915 3366 4962 et
3393 4923 3518 4979 pro-

1928 4989 2052 5052 pter
2081 4983 2247 5039 Dcum
2279 4995 2381 5042 cst.
2419 4987 2553 5053 Quid
2573 4989 2703 5042 enim
2723 4989 2894 5056 habes,
2925 4994 3114 5066 inquit,
3136 4999 3272 5068 quod
3293 5015 3394 5053 non
3424 5017 3515 5054 ac»

1929 5074 2140 5144 cepisti?
2161 5075 2224 5130 Si
2253 5086 2417 5132 autem
2441 5089 2488 5134 et
2508 5078 2528 5110 ³
2553 5081 2809 5153 accepisti,
2835 5086 2961 5158 quid
2983 5088 3219 5160 gloriaris
3239 5093 3385 5162 quasi
3411 5109 3516 5150 non

1927 5168 2178 5238 acceperis
2221 5169 2263 5241 (Ι
2306 5170 2423 5226 Cor.
2465 5187 2536 5240 1v,
2581 5171 2672 5245 7)?
2708 5174 2858 5234 lianc
2905 5183 3130 5252 gratiam
3175 5186 3516 5244 commendat

1991 5363 2009 5440 ε
2035 5363 2170 5440 εςιρ,
2183 5363 2390 5440 justum.
2417 5367 2588 5440 verius
2603 5370 2740 5420 Corb.
2765 5373 3109 5440 Optimsenota;
3131 5382 3233 5440 his,
3259 5376 3511 5440 iniustum.

1923 5431 2036 5501 tiam
2059 5426 2106 5501 id
2147 5426 2441 5497 Augustinus
2461 5426 2846 5501 postea_repet'it
2863 5450 2915 5501 _n.
2940 5437 3022 5501 Δ15.
3060 5436 3110 5488 si
3132 5426 3328 5490 donares
3341 5426 3514 5494 Baiias

1922 5493 2168 5566 atquae...
2179 5493 2620 5566 ,sirmas’sam‘
2635 5493 2898 5566 iniqtdtatis
2915 5497 3132 5566 danutes,
3156 5500 3410 5566 quisquam
3424 5493 3515 5557 tibi

1923 5549 2097 5628 Α
2115 5549 2292 5628 injuste
2333 5551 2528 5628 fecisti?
2549 5549 2730 5628 pieque
2765 5557 2982 5628 profecto
3000 5549 3184 5628 dicere
3222 5549 3508 5628 565113311:

1925 5612 2110 5691 ili-stum!
2121 5612 2344 5691 aliquem
2352 5614 2530 5691 judicis
2549 5618 2635 5667 Dei
2647 5612 2665 5619 ”
2678 5612 2922 5691 sententia
2946 5636 3088 5691 posse
3112 5612 3342 5691 dignum?
3355 5612 3511 5691 pri-1'15

1959 5675 2050 5732 eri,
2072 5675 2178 5723 sive
2205 5675 2560 5752 pronuntiari:
2593 5681 2722 5752 quod
2742 5675 2960 5752 _omn_ino'
2997 5675 3294 5752 signiﬁcatur
3339 5675 3508 5752 verba",

1926 5736 2180 5810 demutare:
2205 5736 2460 5810 ltesjiicere
2485 5736 2673 5810 videt-ur
2697 5743 2928 5810 a_d_verba
2950 5736 3070 5810 Sapf
3080 5761 3162 5804 xu.
3186 5736 3257 5799 12.

1987 5798 2006 5828 ³
2031 5806 2132 5848 Am.
2150 5805 2226 5848 Er.
2250 5798 2310 5849 et'
2327 5807 2429 5851 tres
2453 5809 2576 5860 Mss,
2603 5802 2818 5854 hominis.

1986 5860 2008 5892 ³
2032 5860 2392 5934 Edd.emit_t_unt
2412 5899 2427 5927 ,
2461 5871 2524 5927 et,
2548 5865 2679 5927 quod
2713 5867 2763 5914 in
2802 5874 2909 5917 Mss.
2935 5877 3130 5934 exstat,
3176 5879 3228 5924 et
3271 5876 3324 5928 in
3365 5881 3510 5927 text-.1

1917 5935 2087 5987 .grteoo
2105 5925 2327 5988 Apostoli.

2748 6013 3013 6098 {l’t’ngt—
3028 6016 3225 6101 ltuit.)
