4076 6478
493 403 595 468 815

492 520 810 595 Apostolus;
845 512 968 577 hinc
992 518 1188 576 habere
1227 513 1421 574 meruit
1463 510 1709 569 inimicos
1733 509 1968 573 Judaeos,
1998 506 2067 563 de

496 617 672 673 littera
700 613 857 685 Legis
882 620 940 668 et
961 611 1029 667 de
1057 624 1151 666 sua
1177 608 1380 680 iustitia
1418 606 1724 677 gloriantes.
1757 602 1906 656 lianc
1944 613 2074 670 ergo

497 704 879 764 commendans
903 703 956 758 in
987 701 1218 758 lectione
1250 715 1371 771 qua:
1408 698 1543 754 lecta
1587 704 1690 763 θεῖ,
1722 694 1800 751 sic
1826 693 1929 749 ait:
1960 689 2074 762 Ego

496 799 633 856 cuius
655 814 768 854 sum
791 798 1029 852 ntiaimus
1046 793 1419 865 Apostolorum,
1443 789 1532 862 qui
1551 801 1652 846 non
1669 803 1784 843 sum
1800 786 1984 857 dignus
1996 800 2077 843 vo-

497 890 605 946 cari
628 887 917 960 Apostolus,
938 885 1059 957 quia
1073 892 1358 957 persecutus
1371 874 1882 938 sumEcclsslachi
1895 874 1938 948 (ι
1954 874 2072 931 Cor.

496 995 594 1049 xv,
624 979 702 1052 9).
722 979 827 1035 Sed
842 978 956 1033 ideo
976 974 1389 1041 misericordiam,
1410 971 1603 1043 inquit,
1624 978 1916 1031 consecutus
1938 982 2074 1055 sum,

497 1075 618 1146 quia
642 1074 882 1146 ignorans
907 1071 1004 1145 feci
1031 1071 1083 1125 in
1106 1066 1470 1124 incredulitate.
1515 1064 1716 1123 Deinde
1741 1062 1898 1134 paulo
1934 1066 2076 1131 post,

390 1155 397 1162 ’
500 1164 701 1220 Fidelis
727 1179 889 1220 sermo
929 1171 1022 1228 est,
1055 1161 1244 1232 inquit,
1294 1170 1342 1216 et
1378 1158 1515 1215 omni
1550 1156 1839 1229 acceptione
1873 1154 2075 1225 dignus,

499 1257 620 1328 quia
647 1255 874 1311 Christus
899 1252 933 1308 Ι
937 1270 1049 1309 esus
1064 1252 1196 1308 venit
1214 1253 1270 1309 in
1291 1252 1310 1288 ³
1338 1250 1585 1307 mundum
1608 1256 1891 1320 peccatores
1914 1245 2079 1301 salvos

499 1350 685 1419 facere,
708 1361 922 1417 quarunt
961 1344 1154 1416 primus
1195 1354 1288 1416 ego
1330 1360 1463 1399 sum.
1492 1339 1756 1412 Numquid
1780 1347 1905 1395 ante
1930 1336 2079 1393 illum

498 1452 607 1494 non
633 1447 788 1493 erant
811 1436 1154 1509 peccatores?
1171 1435 1308 1506 Quid
1329 1445 1409 1492 est
1432 1450 1580 1505 ergo,
1603 1434 1800 1505 primus
1826 1430 1955 1502 ego?
1972 1431 2081 1483 An-

498 1528 751 1586 tecedens
779 1542 968 1584 omnes
993 1542 1097 1583 non
1144 1534 1405 1598 uimpore,
1450 1526 1545 1583 sed
1588 1523 1936 1596 malignitate.
1974 1518 2080 1576 Sed

497 1619 634 1687 ideo,
671 1618 864 1691 inquit,
904 1618 1300 1674 misericordiam
1341 1626 1633 1674 consecutus
1671 1632 1804 1683 sum,
1845 1623 1900 1669 ut
1923 1614 1977 1668 iu
2001 1628 2082 1668 me

498 1712 775 1767 ostenderet
794 1711 1021 1767 Christus
1047 1711 1079 1765 J
1086 1727 1197 1767 esus
1221 1727 1416 1767 omnem
1437 1710 1886 1781 longanimitatom,
1911 1706 1979 1761 ad
1996 1705 2080 1760 iu-

502 1803 854 1874 farmationem
881 1819 1052 1859 eorum
1071 1803 1156 1872 qui
1175 1802 1415 1858 credituri
1437 1810 1553 1858 sunt
1576 1801 1655 1857 illi
1676 1801 1729 1856 in
1754 1800 1907 1856 vitam
1928 1807 2096 1854 tutere.

499 1911 619 1948 nam
638 1895 679 1965 (Ι
700 1893 829 1949 Tim.
854 1910 889 1960 ι,
911 1895 1000 1981 1ξ,
1025 1893 1261 1966 15,16):
1293 1893 1346 1965 id
1372 1900 1477 1969 est,
1503 1890 1939 1981 ulullllquiS‘llle
1956 1903 2082 1959 Ρθο·

498 1993 648 2041 calor
675 1994 728 2041 et
754 1980 963 2056 iniquus
1002 1984 1113 2056 jam
1160 1986 1227 2040 de
1268 1999 1329 2041 se
1376 1984 1689 2057 desperans,
1729 1982 1838 2052 jam
1880 1980 2083 2036 habens

498 2075 649 2145 quasi
678 2075 1050 2146 gladiatorium
1077 2076 1333 2142 animum,
1365 2084 1425 2131 ut
1468 2075 1588 2130 ideo
1631 2073 1791 2129 faciat
1828 2070 2082 2144 quidquid

496 2166 631 2233 vult,
660 2167 781 2238 quia
814 2167 1114 2223 necessario
1139 2165 1473 2222 damnandus
1497 2174 1599 2231 est,
1628 2165 1877 2234 respiciat
1903 2172 2081 2217 tamen

500 2255 569 2311 ad
597 2257 895 2326 apostolum
931 2257 1175 2325 Paulum,
1203 2258 1289 2319 cui
1315 2266 1460 2319 tanta
1493 2256 1803 2323 crudelitas,
1834 2262 2085 2325 tantaque

500 2345 701 2401 malitia
726 2362 756 2401 a
786 2347 896 2403 Deo
924 2347 1119 2419 donata
1148 2356 1259 2415 est;
1313 2357 1387 2415 et,
1418 2362 1526 2404 non
1548 2347 1615 2402 de
1641 2361 1700 2402 se
1727 2344 2081 2416 desperando,

499 2445 841 2495 convertatur
865 2438 933 2495 ad
962 2439 1147 2495 Deum.
1179 2439 1325 2495 Hanc
1349 2454 1477 2512 ergo
1502 2438 1722 2512 gratiam
1748 2434 2089 2503 commendat

498 2519 657 2611 nobis
682 2527 822 2586 Deus
849 2539 904 2586 et
930 2531 983 2586 in
1010 2530 1112 2586 isto
1139 2531 1373 2603 psalmo;
1402 2530 1703 2585 intueamur
1730 2529 1903 2594 illum,
1927 2536 1983 2584 et
2007 2526 2087 2582 vi-

498 2622 721 2693 deamus
741 2638 808 2678 an
835 2622 904 2691 ita
928 2621 1016 2693 sit,
1044 2638 1111 2678 an
1139 2621 1275 2678 forte
1294 2638 1393 2694 ego
1412 2622 1568 2680 aliter
1593 2620 1850 2692 suspicer.
1876 2619 2085 2691 Etenim

498 2715 730 2772 arbitror
756 2712 898 2772 hunc
921 2732 1043 2771 eum
1075 2715 1271 2772 habere
1296 2714 1563 2782 affectum,
1591 2724 1646 2771 et
1692 2713 1795 2771 hoc
1836 2712 2085 2769 omnibus

499 2820 666 2879 prope
705 2806 816 2864 suis
841 2807 1061 2880 syllabis
1089 2821 1375 2862 resonare:
1404 2805 1456 2862 id
1482 2815 1584 2874 est,
1619 2805 1720 2861 hoc
1752 2805 1906 2861 nobis
1933 2819 2085 2861 com-

501 2898 776 2968 mendare,
798 2900 1023 2971 gratiam
1052 2898 1145 2954 Dei
1169 2899 1477 2971 gratuitam,
1504 2914 1623 2970 quae
1652 2913 1750 2953 nos
1779 2898 1970 2953 liberat
1995 2896 2083 2953 in-

500 2990 710 3064 dignos,
742 3007 847 3047 non
887 2999 1104 3063 propter
1133 3006 1251 3057 nos,
1282 2990 1378 3046 sed
1407 2998 1624 3061 propter
1651 3004 1738 3056 se;
1791 2998 1852 3045 ut
1878 2988 2088 3055 etiamsi

499 3097 606 3137 non
630 3081 729 3138 hoc
757 3081 1010 3148 dicerem,
1035 3098 1207 3154 neque
1232 3082 1335 3136 hoc
1364 3081 1681 3152 praelocutus
1705 3096 1897 3147 essem,
1932 3080 2089 3152 quili-

500 3172 592 3228 bet
606 3172 890 3230 mediocris
908 3174 1085 3244 cordis
1108 3174 1287 3241 homo,
1303 3182 1506 3234 attente
1525 3172 1746 3229 audiens
1765 3174 1926 3230 verba
1946 3174 2089 3245 ejus-

500 3263 622 3319 dem
645 3264 853 3336 psalmi,
881 3273 1093 3337 saperet
1113 3264 1243 3334 hoc;
1272 3273 1323 3321 et
1349 3262 1486 3320 forte
1506 3264 1637 3337 ipsis
1655 3265 1852 3334 verbis,
1881 3265 1925 3321 si
1945 3263 2089 3322 aliud

500 3356 729 3413 habebat
756 3358 807 3413 in
829 3359 1008 3427 corde,
1036 3365 1350 3424 mutaretur,
1379 3366 1433 3413 et
1454 3358 1605 3413 ﬁeret
1626 3358 1765 3429 quod
1795 3357 1879 3413 hic
1904 3366 2082 3425 sonat.

502 3450 639 3518 Quid
660 3461 741 3507 est
770 3451 901 3507 hoc?
929 3450 999 3508 Ut
1029 3460 1137 3506 tota
1165 3466 1289 3523 Spes
1317 3450 1581 3505 nostrain
1606 3450 1715 3506 Deo
1735 3451 1821 3519 sit,
1847 3451 2087 3522 nihilque

503 3536 570 3597 de
594 3542 748 3598 nobis
771 3551 1015 3615 tanquam
1036 3542 1103 3598 de
1123 3543 1319 3608 nostris
1343 3542 1541 3605 viribus
1570 3558 1988 3612 praesumamus;
2019 3557 2089 3600 ne

501 3642 741 3689 nostrum
767 3634 1022 3691 facientes
1041 3633 1181 3706 quod
1201 3633 1269 3690 ab
1294 3635 1381 3690 illo
1407 3642 1506 3702 est,
1538 3641 1592 3691 et
1614 3632 1754 3706 quod
1783 3634 2087 3705 accepimus

502 3720 825 3787 amittamus.

572 3817 627 3872 2.
670 3813 821 3890 [vers.
854 3817 933 3891 1.]
971 3817 1177 3873 Titulus
1211 3832 1337 3891 ergo
1370 3826 1453 3873 est
1479 3816 1666 3889 psalmi
1697 3816 1876 3893 hujus,
1908 3826 1964 3874 ut
1994 3833 2086 3874 so-

502 3908 575 3963 let
614 3907 796 3964 titulus
837 3906 1075 3964 indicans
1122 3907 1173 3962 in
1220 3909 1400 3967 limine
1428 3906 1554 3978 quid
1595 3917 1782 3979 agatur
1809 3909 1862 3962 in
1890 3906 2082 3964 domo:

504 3995 620 4070 Ipsi
640 3996 806 4052 David
831 3998 1053 4068 ﬁliorum
1070 3997 1329 4062 Jonadab,
1359 4007 1407 4053 et
1433 4015 1603 4053 eorum
1625 3998 1710 4070 qui
1728 3999 1879 4071 primi
1900 3999 2087 4070 captivi

505 4092 642 4147 ducti
664 4100 798 4146 sunt.
825 4089 1067 4148 Jonadab
1091 4089 1252 4147 homo
1293 4089 1391 4147 fuit
1415 4091 1650 4163 quidam,
1682 4093 2087 4150 commendatur

506 4182 658 4239 nobis
687 4198 754 4239 ex
800 4183 1074 4256 prophetia
1104 4182 1372 4253 Jercmim,
1402 4183 1496 4255 qui
1523 4184 1645 4241 ﬁliis
1669 4187 1781 4241 suis
1809 4180 2093 4259 praecepe4

503 4286 584 4335 rat
605 4278 659 4331 ul
684 4276 862 4331 vinum
889 4293 993 4333 non
1021 4276 1282 4347 biberent,
1322 4293 1495 4349 neque
1534 4278 1586 4334 in
1615 4277 1883 4347 domibus,
1910 4280 2004 4336 sed
2031 4281 2086 4339 in

505 4367 859 4425 tabernaculis
883 4367 1200 4425 habitarent.
1233 4369 1564 4440 Praeceptum
1593 4379 1770 4427 autem
1803 4375 1965 4447 patris
1990 4372 2087 4431 ﬁlii

504 4466 788 4527 tenuerunt
805 4466 858 4516 et
880 4470 1243 4526 servaverunt,
1264 4468 1321 4517 et
1340 4476 1405 4518 ex
1425 4461 1528 4518 hoc
1546 4455 1785 4533 benedici
1806 4481 1837 4521 a
1859 4465 2085 4524 Domino

504 4560 814 4609 meruerunt
846 4550 1056 4626 (Jerem.
1083 4569 1248 4619 xxxv,
1276 4553 1448 4627 6-10).
1481 4554 1736 4612 Dominus
1762 4565 1940 4613 autem
1984 4560 2086 4614 hoc

507 4661 611 4699 non
637 4654 983 4725 praeceperat,
1027 4644 1121 4701 sed
1150 4654 1299 4716 pater
1327 4646 1587 4717 ipsorum.
1630 4648 1719 4704 Sic
1763 4658 1938 4705 autem
1984 4650 2087 4707 hoc

505 4745 846 4806 acceperunt,
878 4746 1124 4809 tanquam
1154 4746 1475 4811 praeceptum
1505 4755 1534 4793 a
1566 4742 1792 4797 Domino
1818 4742 1927 4796 Deo
1954 4758 2087 4801 suo:

506 4828 628 4898 quia
656 4827 754 4882 etsi
786 4827 1043 4885 Dominus
1084 4845 1191 4885 non
1232 4839 1577 4902 praeceperat,
1620 4842 1680 4888 ut
1706 4849 1811 4888 non
1843 4833 2087 4901 biberent

507 4919 708 4985 vinum,
739 4927 794 4975 et
822 4919 872 4972 in
902 4919 1251 4976 tabernaculis
1297 4920 1624 4988 habitarent;
1656 4932 1981 4995 praeceperat
2004 4936 2085 4982 ta-

505 5024 628 5064 men
654 5007 931 5073 Dominus,
960 5018 1019 5064 ut
1049 5009 1139 5064 lilii
1183 5010 1319 5081 patri
1361 5010 1655 5067 obedircnt.
1694 5012 1752 5069 In
1781 5029 1845 5070 ea
1871 5029 1998 5087 ergo
2028 5031 2086 5073 re

505 5099 618 5155 sola
651 5098 790 5155 illius
817 5115 923 5155 non
957 5098 1117 5156 debet
1142 5100 1358 5159 obedire
1387 5104 1521 5173 patri
1549 5119 1664 5167 suo,
1698 5104 1745 5159 si
1769 5104 1962 5177 aliquid
1990 5122 2085 5178 pa-

506 5200 587 5247 ter
616 5192 783 5262 ipsius
801 5190 1021 5264 jusserit
1041 5201 1226 5248 contra
1257 5193 1535 5250 Dominum
1568 5195 1733 5250 Deum
1760 5194 1945 5267 ipsius.
1979 5198 2083 5254 Ne-

503 5298 609 5356 que
633 5285 778 5340 enim
818 5283 979 5367 debet
1016 5283 1173 5339 irasci
1217 5294 1400 5358 pater,
1430 5287 1644 5358 quando
1681 5288 1729 5343 ei
1760 5291 2085 5358 praeponitur

506 5376 669 5435 Deus.
709 5376 812 5435 Ubi
840 5388 1016 5434 autem
1051 5377 1153 5435 hoc
1172 5374 1325 5453 jubet
1350 5387 1501 5449 pater
1537 5379 1680 5451 quod
1707 5390 1889 5437 contra
1916 5380 2087 5437 Deum

504 5483 615 5523 non
644 5470 733 5535 sit,
761 5468 839 5525 sic
867 5469 1164 5527 audiendus
1188 5480 1291 5539 est,
1314 5471 1584 5542 quomodo
1608 5473 1783 5539 Deus;
1807 5473 1927 5543 quia
1956 5473 2088 5530 obe-

503 5561 618 5619 dire
648 5561 783 5632 patri
807 5563 965 5634 jussit
1002 5564 1162 5622 Deus.
1194 5563 1472 5623 Benedixit
1514 5578 1643 5636 ergo
1669 5565 1808 5621 Deus
1833 5564 1969 5623 filios
1995 5567 2088 5623 Jo-

502 5651 677 5711 nadab
696 5662 913 5724 propter
929 5653 1304 5722 obedientiam,
1327 5669 1529 5724 eosque
1551 5653 1744 5724 obiecit
1764 5655 2084 5713 inobedienti

503 5743 700 5813 populo
728 5757 847 5810 suo,
879 5745 1205 5815 exprobrans
1229 5747 1352 5819 quia
1381 5761 1500 5802 cum
1541 5745 1633 5801 lilii
1676 5744 1915 5803 Jonadab
1949 5746 2082 5805 obe-

507 5862 519 5923 t
564 5853 740 5923 εγω,
763 5854 813 5904 in
843 5855 968 5906 hunc
1012 5858 1258 5923 quasdam.
1286 5867 1403 5923 Vox,
1448 5858 1590 5921 hunc,
1618 5857 1759 5909 ιὼθθῑ
1780 5867 1808 5905 α
1832 5863 1936 5907 ΜΒ·
1979 5863 2031 5910 ει
2050 5870 2081 5913 ει

503 5921 645 5969 textu
665 5929 827 5977 graeco
848 5916 1068 5981 Apostoli.

1729 390 1790 452 S.
1829 388 2203 453 AUGUSTlNl
2234 378 2536 451 EPISCOPI

3006 331 3143 341 -.-v-H>
3173 328 3177 332 '
3194 326 3198 330 ‘

2182 503 2388 558 dientes
2411 507 2593 557 essent
2617 498 2753 570 patri
2782 512 2900 568 suo,
2940 498 3019 556 illi
3054 513 3164 556 non
3193 495 3471 565 obedirent
3495 496 3608 555 Deo
3636 513 3760 556 suo.
3800 548 3805 553 .

2178 592 2311 657 Cum
2349 598 2527 646 autem
2553 600 2734 661 ageret
2762 591 2860 646 ista
2886 589 3165 657 Jeremias,
3198 590 3252 646 id
3280 590 3469 662 agebat
3513 605 3637 653 cum
3668 606 3767 663 p0-

2181 685 2306 756 pulo
2339 683 2521 749 Israel,
2552 692 2610 741 ut
2638 694 2888 755 pararent
2916 699 2976 741 se
3004 683 3070 739 ad
3092 684 3456 755 captivitatem
3486 683 3765 749 ducendos
3802 744 3803 747 η

2179 792 2301 853 esse
2325 776 2381 837 in
2408 775 2773 847 Babyloniam,
2797 785 2851 832 et
2877 792 2979 837 non
3010 776 3324 834 resisterent
3350 777 3611 855 voluntati
3643 770 3763 845 Dei,

2180 885 2281 926 nec
2308 879 2585 941 sperarent
2621 868 2784 937 aliud,
2817 868 2919 927 nisi
2962 869 3086 940 quia
3115 867 3276 926 futuri
3324 877 3507 926 essent
3544 871 3765 943 captivi.

2182 959 2405 1017 Videtur
2429 974 2558 1033 ergo
2599 959 2726 1025 inde
2762 960 3032 1021 coloratus
3061 960 3244 1017 titulus
3275 960 3431 1033 hujus
3472 960 3683 1032 psalmi,
3714 970 3772 1017 ut

2181 1067 2302 1127 cum
2328 1052 2575 1121 dixisset,
2620 1053 2845 1122 ﬁliorum
2883 1050 3140 1119 Jonadab,
3188 1052 3493 1123 subiiceret,
3518 1063 3565 1108 et
3595 1068 3769 1107 eorum

2181 1146 2267 1217 qui
2291 1145 2439 1216 primi
2460 1144 2642 1217 captivi
2669 1144 2807 1203 ducti
2830 1154 2987 1201 sunt:
3015 1160 3122 1201 non
3148 1144 3271 1214 quia
3293 1144 3384 1201 lilii
3410 1142 3651 1201 Jonadab
3676 1158 3766 1201 ca-

2181 1237 2469 1307 ptividucti
2488 1246 2629 1303 sunt,
2656 1235 2751 1292 sed
2778 1234 2899 1307 quia
2919 1235 3022 1291 illis
3036 1234 3126 1307 qui
3147 1235 3344 1305 captivi
3364 1234 3592 1291 ducendi
3614 1244 3769 1291 erant

2182 1328 2407 1401 oppositi
2427 1336 2550 1385 sunt
2569 1326 2664 1383 lilii
2677 1326 2940 1395 Jonadab,
2966 1327 3087 1397 quia
3106 1328 3241 1397 patri
3267 1326 3579 1383 obedientes
3594 1336 3771 1391 erant;

2182 1426 2242 1475 ut
2268 1418 2628 1490 intelligerent
2674 1418 2753 1474 illi
2792 1426 3077 1489 prepterea
3115 1433 3175 1474 se
3204 1417 3319 1474 ﬁeri
3357 1419 3617 1489 captivos,
3647 1418 3772 1491 quia

2184 1513 2295 1571 Deo
2321 1511 2630 1568 obedientes
2654 1527 2761 1568 non
2790 1512 3021 1567 fuerunt.
3071 1511 3291 1568 Accedit
3318 1510 3480 1567 etiam
3521 1512 3642 1593 quia
3672 1509 3770 1568 loc

2183 1604 2357 1661 nadab
2385 1605 2763 1676 interpretatur
2792 1605 3001 1661 Domini
3019 1604 3376 1677 Spontaneus.
3395 1604 3532 1675 Quid
3549 1604 3770 1673 esthoc,

2186 1695 2397 1765 Domini
2417 1696 2777 1767 spontaneus?
2802 1695 2913 1752 Deo
2933 1696 3205 1752 voluntate
3222 1696 3238 1727 ¹
3261 1696 3490 1751 libenter
3510 1697 3771 1752 serviens.

2185 1785 2323 1861 Quid
2347 1795 2450 1855 est,
2483 1787 2692 1843 Domini
2719 1787 3079 1858 Spoutaneus?
3105 1785 3172 1845 In
3209 1803 3287 1841 me
3305 1796 3441 1854 sunt,
3469 1787 3630 1855 Deus,
3660 1799 3776 1845 vota

2186 1887 2293 1945 tua,
2328 1895 2443 1951 qua:
2473 1879 2685 1935 reddam
2725 1880 2895 1936 laudis
2920 1880 3007 1935 tibi
3033 1879 3202 1953 (Psal.
3231 1895 3319 1949 ιγ,
3352 1880 3462 1953 12).
3504 1881 3642 1949 Quid
3671 1890 3775 1949 est,

2187 1970 2396 2027 Domini
2437 1972 2796 2041 Sponlaneus?
2830 1971 3122 2029 Voluntaria
3164 1973 3458 2042 sacrificabo
3489 1974 3576 2028 tibi
3602 1971 3777 2047 (Psal.

2186 2079 2298 2130 Lm,
2327 2062 2404 2134 8).
2437 2063 2493 2119 Si
2521 2063 2662 2120 enim
2688 2064 2969 2135 disciplina
3007 2065 3298 2135 apostolica
3346 2079 3562 2127 servum
3595 2078 3778 2125 monet

2187 2164 2249 2211 ut
2285 2155 2486 2211 homini
2511 2156 2731 2215 domino
2756 2173 2877 2226 suo,
2905 2173 3010 2214 non
3044 2169 3293 2230 tanquam
3322 2175 3391 2217 ex
3433 2162 3775 2229 necessitate,

2187 2247 2285 2307 sed
2313 2264 2378 2304 ex
2405 2250 2676 2307 voluntate
2700 2238 2933 2316 serviat;
2966 2260 3021 2307 et
3046 2252 3274 2309 libenter
3313 2253 3598 2311 serviendo
3622 2269 3688 2313 se
3721 2256 3779 2313 in

2188 2342 2351 2407 corde
2375 2342 2598 2403 liberum
2622 2343 2806 2410 faciat;
2830 2354 3027 2416 quanto
3049 2347 3216 2416 magis
3241 2347 3354 2404 Deo
3374 2356 3498 2415 tota,
3517 2356 3571 2404 et
3592 2348 3776 2419 plena,

2189 2447 2245 2495 et
2265 2438 2454 2494 libenti
2483 2439 2754 2495 voluntate
2796 2439 3135 2497 serviendum
3160 2448 3262 2508 est,
3295 2442 3384 2512 qui
3427 2441 3568 2498 videt
3595 2442 3775 2513 ipsam

2188 2531 2518 2587 voluntatem
2543 2531 2722 2588 tuam?
2745 2531 2877 2587 Nam
2919 2533 2964 2588 si
3007 2547 3197 2590 servus
3239 2534 3332 2599 tibi
3372 2550 3476 2591 non
3499 2551 3567 2592 ex
3592 2538 3782 2595 animo

2189 2623 2408 2688 serviat,
2440 2637 2630 2683 manus
2655 2623 2793 2693 ejus,
2817 2622 3007 2683 faciem
3032 2624 3169 2694 ejus,
3197 2627 3531 2695 praesentiam
3553 2626 3669 2695 ejus
3680 2641 3784 2698 po.

2190 2723 2272 2781 tes
2294 2715 2509 2782 videre;
2536 2730 2639 2773 cor
2654 2714 2772 2785 ejus
2790 2732 2899 2771 non
2923 2725 3108 2786 potes:
3136 2726 3191 2772 et
3213 2726 3390 2773 tamen
3414 2717 3490 2773 ait
3514 2717 3618 2773 illis
3635 2719 3785 2789 Δῃὼ

2190 2808 2380 2876 stolas,
2410 2807 2532 2864 Non
2558 2807 2629 2863 ad
2651 2808 2855 2867 oculum
2881 2809 3168 2867 seruientes.
3192 2809 3259 2865 Et
3278 2809 3402 2880 quid
3429 2818 3533 2879 est,
3563 2808 3688 2866 Non
3711 2812 3785 2867 ad

2191 2900 2431 2959 oculum?
2455 2901 2593 2969 Quid
2622 2917 2769 2972 ergo,
2800 2902 3031 2959 visurus-
3053 2911 3138 2965 est
3179 2903 3424 2963 dominus
3451 2917 3603 2963 meus
3640 2920 3783 2975 quo-

2189 2992 2351 3048 modo
2374 2993 2454 3059 illi
2476 2994 2728 3060 serviam,
2750 3002 2811 3050 ut
2833 2993 2980 3055 dicas
3002 2994 3134 3057 mihi
3154 3012 3170 3059 ξ
3196 2992 3316 3051 Non
3344 2995 3414 3050 ad
3439 2996 3644 3069 oculum
3668 3012 3784 3052 ser-

2191 3083 2415 3151 uientes?
2443 3084 2672 3159 adjecit:
2707 3084 2812 3141 Sed
2835 3086 2983 3156 quasi
3000 3087 3133 3142 servi
3152 3084 3363 3147 Christi.
3397 3086 3657 3145 Dominus
3677 3087 3785 3145 ho—

2190 3192 2282 3232 mo
2309 3193 2413 3233 non
2441 3178 2613 3244 videt;
2632 3178 2727 3233 sed
2748 3179 3001 3241 Dominus
3016 3177 3259 3243 Christus
3285 3179 3447 3239 videt.
3476 3178 3563 3243 Ea:
3584 3181 3789 3248 animo,

2195 3270 2385 3339 inquit,
2403 3286 2518 3329 cum
2532 3270 2664 3333 bona
2683 3270 2940 3331 uoluntate
2956 3272 2976 3302 ¹
3000 3269 3214 3342 (Ephes.
3236 3286 3311 3335 v1,
3333 3270 3387 3336 6,
3411 3271 3491 3341 7).
3518 3270 3661 3333 Talis
3682 3271 3784 3327 fuit

2191 3360 2462 3427 lottadab;
2498 3361 2548 3417 id
2575 3370 2677 3428 est,
2705 3360 2808 3417 hoc
2837 3377 3029 3418 nomen
3057 3361 3225 3433 ipsius
3252 3362 3652 3432 interpretatur.
3676 3363 3786 3432 Qui

2192 3460 2318 3513 sunt
2343 3466 2471 3523 ergo
2498 3451 2581 3522 qui
2612 3453 2763 3523 primi
2790 3453 2978 3523 captivi
3006 3453 3145 3507 ducti
3170 3453 3328 3508 sunt?
3350 3453 3501 3515 Ducti
3532 3462 3657 3510 sunt
3683 3453 3786 3511 lilii

2193 3543 2359 3613 Israel
2382 3544 2577 3614 captivi
2609 3544 2785 3614 primi.
2814 3554 2869 3605 et
2894 3544 3136 3610 secundi,
3166 3553 3221 3602 et
3245 3544 3418 3610 tertii;
3447 3546 3542 3603 sed
3573 3561 3669 3617 pro
3694 3545 3786 3619 his

2190 3633 2454 3702 Psalmus,
2487 3642 2581 3690 aut
2619 3635 2688 3693 de
2718 3635 2800 3692 his
2826 3636 3093 3703 Psalmus,
3126 3637 3215 3707 qui
3245 3636 3407 3707 primi
3450 3635 3590 3695 ducti
3629 3646 3785 3709 sunt,

2192 3742 2298 3783 non
2327 3725 2431 3783 hoc
2458 3735 2616 3784 sonat
2648 3745 2661 3782 :
2695 3727 2835 3787 idem
2876 3730 2993 3800 ipse
3036 3729 3270 3799 psalmus
3315 3729 3609 3798 discussus,
3656 3746 3785 3803 per-

2190 3826 2477 3884 scrutatus,
2514 3818 2870 3889 interrogatus
2908 3820 3155 3877 omnibus
3197 3820 3445 3879 versibus
3483 3823 3591 3879 suis
3630 3822 3788 3881 aliud

2192 3907 2284 3963 tibi
2311 3905 2457 3974 dicit,
2488 3922 2595 3967 non
2634 3908 2701 3967 de
2741 3910 2847 3965 illis
2876 3925 2935 3967 se
2972 3910 3138 3981 loqui,
3178 3911 3267 3983 qui
3311 3911 3557 3970 homines
3592 3913 3786 3971 nescio

2191 4000 2301 4070 qui,
2328 4000 2511 4057 nescio
2537 4001 2774 4072 quando,
2801 4002 3129 4069 irruentibus
3170 4002 3435 4071 hostibus,
3468 4005 3523 4059 in
3548 4003 3789 4076 Babylo-

2192 4091 2335 4151 niam
2363 4093 2559 4164 captivi
2588 4093 2731 4153 ducti
2751 4104 2877 4152 sunt
2897 4112 2965 4151 ex
2996 4095 3314 4155 Jerusalem.
3339 4096 3446 4159 Sed
3471 4097 3597 4154 dicit
3618 4097 3785 4164 Psal-

2192 4198 2333 4251 mus,
2360 4184 2507 4254 quid,
2532 4184 2639 4241 nisi
2655 4186 2800 4256 quod
2827 4186 3049 4243 audistis
3074 4186 3143 4243 ab
3172 4187 3465 4258 Apostolo?
3485 4186 3782 4245 Commen-

2191 4273 2284 4331 dat
2307 4274 2463 4331 nobis
2479 4275 2705 4348 gratiam
2722 4276 2848 4343 Dei;
2870 4277 3209 4333 commendat
3224 4278 3401 4347 nobis,
3419 4278 3541 4349 quia
3567 4294 3665 4336 nos
3682 4295 3787 4350 per

2194 4367 2551 4437 nosmetipsos
2593 4365 2725 4421 nihil
2769 4382 2954 4423 sumus
2988 4385 3001 4420 :
3048 4366 3387 4424 commendat
3428 4368 3604 4440 nobis,
3650 4370 3787 4440 quia

2192 4457 2444 4529 quidquid
2469 4474 2673 4523 sumus,
2703 4458 2844 4515 illius
2869 4460 3235 4517 misericordia
3258 4476 3476 4529 Sumus;
3521 4463 3791 4536 quidquid

2192 4557 2369 4606 autem
2396 4565 2464 4605 ex
2493 4549 2646 4605 nobis
2675 4565 2880 4618 sumus,
2909 4552 3030 4606 mali
3073 4567 3279 4609 sumus.
3311 4552 3487 4621 Quare
3512 4570 3661 4624 ergo,
3688 4572 3792 4612 ca-

2192 4640 2313 4709 ptivi
2327 4639 2353 4694 ?
2374 4649 2426 4696 et
2455 4655 2620 4713 quare
2647 4642 2863 4703 nomine
2885 4642 3209 4713 captivitatis
3234 4643 3642 4701 commendatur
3669 4646 3796 4715 ipsa

2190 4735 2358 4811 gratia
2386 4736 2722 4795 liberatoris?
2752 4735 2995 4806 Aperit’,
3017 4737 3131 4807 ipse
3147 4736 3277 4793 dicit
3299 4737 3620 4809 Apostolus:
3650 4737 3795 4796 Conp

2193 4824 2408 4881 delector
2435 4823 2537 4896 legi
2560 4824 2656 4881 Dei
2682 4825 2956 4883 secundum
2995 4826 3282 4883 interiorem
3318 4827 3570 4889 hominem
3592 4845 3612 4883 :
3639 4829 3798 4885 uideo

2191 4926 2357 4971 autem
2382 4918 2535 4973 aliam
2569 4916 2725 4988 legem
2769 4918 2822 4972 in
2859 4918 3093 4974 membris
3129 4919 3251 4974 meis
3292 4931 3660 4991 repugnantem
3686 4923 3799 4997 leg;

2192 5007 2368 5069 tuentis
2398 5024 2539 5074 mete,
2588 5018 2633 5063 et
2677 5009 2927 5081 captivum
2955 5026 3035 5067 me
3058 5009 3319 5085 ducentem
3347 5011 3399 5083 in
3426 5013 3538 5085 lege
3565 5015 3798 5083 peccati,

2190 5114 2302 5171 qua:
2328 5108 2400 5154 est
2440 5100 2493 5154 in
2519 5101 2749 5156 membris
2776 5102 2917 5167 meis.
2948 5100 3087 5159 Ecce
3134 5098 3301 5163 habes,
3325 5102 3449 5157 duci
3485 5104 3801 5172 captivum.

2191 5188 2330 5259 Quid
2359 5205 2487 5262 ergo
2514 5190 2855 5248 commendat
2879 5191 2982 5247 iste
3027 5192 3295 5263 psalmus?
3344 5192 3494 5261 Quod
3537 5196 3803 5264 sequitur

2192 5281 2264 5345 ibi
2291 5282 2843 5355 Apostolusdnfeliz'
2866 5301 2956 5357 ego
3000 5285 3168 5350 homo,
3199 5287 3309 5355 quis
3345 5303 3423 5341 me
3446 5287 3677 5345 liberabit
3720 5289 3806 5347 da

2192 5389 2399 5443 corpore
2424 5375 2596 5429 mortis
2633 5374 2822 5446 hujus?
2848 5375 3025 5431 Gratia
3057 5376 3151 5431 Dei
3188 5394 3277 5446 per
3302 5375 3480 5432 Iesum
3520 5378 3809 5453 Christum

2197 5461 2471 5533 Dominum
2490 5476 2716 5521 nostrum
2745 5466 2921 5539 (Rom.
2944 5484 3037 5533 vn,
3066 5466 3276 5539 22-25).
3306 5468 3479 5547 Quare
3514 5484 3646 5553 ergo

2255 5617 2271 5646 ³
2297 5616 2370 5665 sic
2389 5621 2495 5666 Mss.
2524 5623 2579 5667 At
2600 5615 2734 5677 Μὰ..
2764 5618 2852 5670 Dei
2872 5616 3102 5671 voluntati
3123 5619 3321 5671 libenter
3341 5620 3568 5673 senices.

2253 5679 2274 5708 ²
2289 5677 2450 5746 Atticin
2468 5679 2582 5746 Fdd.
2604 5679 2815 5746 additur:
2837 5690 2936 5746 non
2958 5682 3073 5745 quia
3096 5681 3425 5746 ﬁtiiJonadab
3447 5684 3628 5746 captiui
3641 5685 3814 5744 duca

2189 5743 2331 5797 sunt;
2353 5745 2405 5810 et
2424 5742 2664 5804 sequitur,
2698 5741 2806 5792 talis
2828 5744 2939 5807 fuit,
2970 5741 3203 5807 ’etc.,'sed
3228 5745 3378 5795 verba
3418 5741 3731 5813 illa'absunt.
3767 5741 3813 5808 ί

2188 5798 2471 5851 melioribus
2493 5808 2597 5852 Mss.
3428 5810 3437 5817 “
3720 5818 3727 5827 '

2531 5870 2665 5929 llas,
2704 5864 3141 5921 commendatum?
3174 5877 3283 5933 Ipsa
