4076 6484
280 409 388 475 877

281 534 389 592 uti!
430 529 565 590 Nam
592 526 795 584 dictum
823 527 926 594 est,
971 529 1136 590 quare
1177 511 1382 600 captivi.
1423 503 1869 600 Quantumarbi-

280 638 415 694 tror,
439 631 493 680 et
518 619 622 677 hoc
644 617 836 676 elucet.
863 609 1122 682 Quoniam
1144 598 1200 663 in
1222 601 1618 675 comparatione
1639 598 1869 654 ﬁliorum

280 689 526 776 Jonadab
565 710 738 768 omnis
783 701 1143 763 inobedientia
1171 699 1382 769 culpata
1411 703 1514 752 est.
1547 693 1650 749 Per
1677 689 1866 746 inobo-

281 809 538 868 dientiam
567 814 743 862 autem
780 799 974 871 captivi
1016 795 1142 852 facti
1171 807 1375 858 sumus,
1404 791 1529 862 quia
1557 786 1672 859 ipse
1698 783 1868 841 Adam

280 919 389 960 non
416 896 716 957 ohcdiendo
745 891 1001 967 peccavit.
1031 889 1240 945 Dictum
1270 893 1352 941 est
1378 890 1556 938 autem
1584 879 1654 936 ab
1677 877 1868 936 eodem

280 993 564 1068 Apostolo,
608 988 749 1062 quod
792 995 847 1043 et
875 999 1061 1041 verum
1086 990 1188 1048 est,
1220 979 1340 1050 quia
1363 993 1383 1028 α
1406 987 1592 1030 omnes
1617 972 1672 1027 in
1698 969 1869 1026 Adam

279 1060 603 1151 moriuntur,
627 1060 690 1138 in
707 1093 813 1156 quo
841 1091 1030 1134 omnes
1057 1077 1416 1146 peccaverunt
1443 1086 1462 1120 ι
1487 1060 1865 1140 (Rom.v,12).

279 1179 472 1236 Merito
511 1184 564 1231 et
584 1193 604 1228 ‹
628 1154 782 1246 primi
827 1169 969 1225 ducti
999 1174 1124 1222 sunt
1147 1161 1375 1234 captivi:
1410 1176 1430 1212 ›
1466 1157 1586 1229 quia
1617 1173 1637 1208 ι
1666 1154 1869 1225 primus

279 1272 444 1327 homo
473 1268 540 1324 de
569 1275 708 1323 terra
740 1271 1003 1327 terrenus,
1027 1254 1292 1314 secundus
1313 1252 1479 1308 homo
1505 1248 1574 1305 de
1596 1246 1734 1302 ctelo
1759 1257 1870 1300 εω-

280 1363 467 1430 ιεειίε;
499 1359 672 1433 qualis
697 1364 964 1420 terrenus,
995 1351 1127 1407 tales
1154 1357 1208 1405 et
1249 1345 1477 1411 terreni;
1510 1340 1683 1415 qualis
1705 1337 1869 1393 coale-

251 1456 400 1557 δειίε,
442 1453 578 1509 tales
619 1457 676 1507 et
722 1447 988 1505 caelestes.
1037 1442 1186 1500 Sicut
1233 1438 1557 1527 portavimus
1587 1433 1868 1504 imaginem

287 1555 295 1557 ξ
466 1546 480 1557 ·
635 1550 647 1557 λ
829 1547 868 1557 --
897 1536 1176 1557 ε-λ--ε--.μ
1204 1533 1313 1557 ιιι.--
1343 1531 1426 1557 ....:
1458 1528 1525 1557 ,1η
1551 1527 1685 1557 ΛΜΙΛ
1711 1533 1792 1557 ορ.
1842 1542 1860 1557 ,

280 1519 501 1612 terreni,
532 1550 804 1616 portemus
821 1547 875 1595 et
897 1536 1180 1608 imaginem
1199 1533 1316 1603 ejus
1340 1531 1427 1602 qui
1444 1519 1526 1584 ~de
1549 1527 1685 1616 coelo
1711 1533 1816 1580 est.
1841 1542 1861 1577 ι

272 1607 672 1688 Ρτίιιιιιείἶοιηο
701 1625 941 1694 captivos
970 1607 1068 1675 nos
1096 1617 1253 1686 fecit;
1286 1611 1551 1670 secundus
1572 1607 1740 1664 homo
1758 1620 1858 1662 nos

272 1724 340 1780 dc
367 1721 673 1792 captivitate
713 1714 977 1772 liberavit.
1029 1711 1175 1766 Sicut
1217 1707 1348 1762 enim
1387 1705 1443 1758 in
1481 1699 1647 1756 Adam
1693 1712 1866 1753 omnes

274 1823 585 1880 moriuntur,
611 1813 681 1866 ita
703 1820 748 1864 et
772 1809 822 1863 in
846 1805 1045 1863 Christo
1068 1818 1237 1858 omnes
1262 1797 1645 1868 vivificabuntur
1674 1792 1718 1867 (l
1744 1792 1864 1855 Car.

275 1927 367 1976 xv,
409 1907 600 1972 ενι-49,
643 1902 760 1971 22).
803 1899 906 1957 Sed
946 1899 999 1953 in
1046 1895 1216 1951 Adam
1246 1891 1544 1948 moriuntur
1571 1902 1665 1959 per
1690 1883 1869 1942 carnis

280 2000 652 2066 nativitatem;
697 1997 748 2050 in
778 1993 994 2050 Christo
1037 1989 1329 2045 liberantur
1355 1998 1450 2055 per
1477 1980 1657 2038 cordis
1685 1977 1869 2034 ﬁdem.

283 2095 400 2152 Non
431 2099 546 2149 erat
572 2093 623 2146 in
651 2095 914 2160 potestate
937 2094 1023 2140 tua
1049 2092 1106 2137 ut
1135 2096 1240 2137 non
1268 2073 1566 2134 nascereris
1589 2090 1658 2130 ex
1677 2072 1870 2138 Adam;

285 2198 365 2245 est
391 2189 444 2242 in
476 2191 738 2256 potestate
771 2189 860 2236 tua
899 2188 958 2234 ut
993 2175 1181 2232 credas
1221 2173 1272 2228 in
1297 2171 1588 2228 Christum.
1619 2167 1878 2236 Qantum-

285 2293 520 2350 cumque
545 2290 675 2347 ergo
693 2273 760 2330 ad
783 2271 1011 2345 primum
1033 2267 1304 2323 hominem
1328 2263 1596 2333 pertinere
1615 2259 1875 2327 volueris,

278 2373 345 2429 ad
373 2371 738 2446 captivitatem
768 2365 1076 2439 pertinebis.
1099 2363 1167 2418 Et
1194 2360 1324 2434 quid
1349 2366 1452 2425 est,
1481 2357 1754 2432 pertinere
1772 2369 1872 2410 vo-

277 2465 480 2521 lueris?
507 2472 599 2519 aut
623 2461 747 2534 quid
775 2469 876 2524 est,
899 2454 1221 2530 pertinebis?
1249 2453 1366 2510 Jam
1396 2451 1673 2524 pertines:
1701 2446 1871 2505 excla-

279 2573 388 2625 ma,
425 2556 552 2622 Quis
578 2571 656 2610 me
683 2551 909 2608 liberabit
939 2549 1002 2606 de
1025 2561 1235 2620 corpore
1280 2545 1457 2599 mortis
1492 2544 1644 2615 hujus
1675 2541 1694 2613 (
1711 2539 1866 2596 Rom.

279 2663 374 2717 vn,
400 2648 532 2722 24)?
552 2646 844 2702 Audiamus
869 2657 996 2713 ergo
1023 2641 1179 2696 istum
1211 2638 1313 2694 hoc
1339 2635 1749 2692 exclamantem.

352 2744 408 2799 5.
442 2741 580 2797 Deus
602 2742 641 2807 ’,
664 2741 718 2796 in
747 2749 794 2795 te
818 2737 1049 2808 speravi;
1074 2733 1288 2789 Domine
1306 2775 1321 2801 ,
1359 2749 1460 2786 non
1488 2729 1772 2802 confundor
1813 2727 1868 2782 in

279 2844 544 2892 reternum.
573 2819 696 2892 Jam‘
729 2828 981 2887 confusus
1016 2842 1169 2892 sum;
1205 2818 1290 2881 vel
1333 2838 1439 2879 non
1485 2823 1538 2878 in
1577 2820 1866 2876 aeternum!

280 2925 565 2997 Quomodo
592 2925 730 2981 enim
759 2939 865 2978 non
895 2928 979 2985 est
1009 2919 1264 2976 confusus
1285 2957 1300 2984 ,
1329 2917 1412 2971 cui
1442 2915 1674 2991 dicitur:
1710 2913 1870 2979 Quem

282 3019 506 3089 fructum
534 3015 776 3070 habuistis
795 3013 846 3067 in
879 3013 977 3078 his,
1007 3011 1061 3065 in
1085 3007 1262 3079 quibus
1289 3023 1422 3061 nunc
1447 3003 1733 3060 erubescitis
1757 3000 1867 3074 (Id.

280 3127 357 3178 vr,
391 3110 510 3181 2i).
536 3106 674 3175 Quid
703 3121 830 3176 ergo
860 3105 966 3170 fiet,
989 3119 1057 3158 ne
1085 3099 1474 3158 confundamur
1504 3099 1556 3153 in
1572 3095 1871 3152 aeternum?

283 3203 518 3259 Accedite
545 3201 614 3255 ad
649 3216 763 3254 eum
781 3241 797 3267 ,
824 3207 871 3254 et
894 3195 1254 3252 illuminamini
1273 3235 1288 3260 ,
1312 3202 1358 3248 et
1392 3193 1556 3247 uultus
1592 3190 1742 3246 uestri
1772 3206 1874 3245 non

282 3297 572 3354 erubesceut
598 3291 770 3364 (Psal.
803 3306 970 3346 xxxm
992 3331 1007 3356 ,
1036 3288 1112 3361 6).
1152 3286 1374 3344 Confusi
1405 3286 1536 3342 estis
1566 3283 1619 3340 in
1656 3282 1826 3338 Adam
1853 3301 1868 3338 :

283 3391 521 3449 recedite
542 3389 608 3445 ab
635 3387 803 3444 Adam
821 3429 836 3453 ,
863 3382 1101 3441 accedite
1131 3381 1196 3438 ad
1226 3381 1519 3443 Christum,
1548 3386 1601 3432 et
1627 3376 1736 3446 jam
1768 3391 1875 3431 non

284 3484 706 3544 coniundcmini.
736 3482 804 3537 In
831 3490 878 3537 te
916 3479 1114 3551 speravi
1135 3521 1150 3544 ,
1178 3475 1436 3541 Domine;
1463 3489 1563 3528 non
1591 3471 1877 3543 confundar

283 3583 337 3636 iu
362 3590 629 3635 trternum.
653 3576 712 3632 Si
740 3577 795 3632 in
823 3590 908 3631 me
937 3569 1258 3637 confundor,
1284 3570 1340 3624 in
1364 3576 1416 3625 te
1441 3582 1552 3623 non
1576 3563 1876 3622 confundar

283 3673 338 3730 in
368 3680 650 3727 mtcrnum.

355 3764 409 3819 4.
444 3762 598 3836 [vers.
641 3757 722 3832 2.]
766 3757 834 3812 In
863 3763 950 3811 tua
967 3747 1172 3828 justitia
1207 3766 1325 3808 erue
1352 3766 1463 3816 me,
1495 3756 1542 3803 et
1577 3746 1739 3802 exime
1774 3761 1873 3800 me.

283 3855 400 3913 Non
434 3856 486 3910 in
520 3868 660 3919 mea,
690 3851 783 3907 sed
803 3851 854 3906 in
883 3860 999 3916 tua;
1028 3848 1072 3904 si
1093 3846 1236 3904 enim
1254 3845 1307 3900 in
1325 3856 1579 3910 mea,ero
1604 3856 1667 3897 ex
1690 3838 1794 3894 illis
1810 3837 1877 3895 de

285 3952 481 4023 quibus
512 3948 602 4004 ille
627 3946 702 4001 ait
724 3964 737 4000 :
759 3943 1060 4015 lgnorantes
1078 3939 1175 3995 Dei
1189 3939 1466 4012 justitiam,
1490 3949 1540 3991 et
1562 3950 1708 3990 suam
1720 3931 1880 4006 justi-

288 4045 408 4097 tiam
439 4041 660 4096 volentes
697 4037 1017 4101 constituere,
1035 4031 1251 4104 justitite
1274 4030 1372 4085 Dei
1401 4046 1504 4084 non
1532 4036 1648 4083 sunt
1666 4023 1880 4096 subjecti

287 4137 475 4207 (Rom.
500 4149 558 4197 x,
575 4133 612 4188 '5
631 4132 671 4200 ).
691 4131 833 4202 Ergo
848 4130 901 4183 in
919 4137 1005 4183 tua
1021 4126 1236 4195 iustitia,
1260 4141 1367 4179 non
1386 4124 1437 4178 in
1453 4137 1588 4178 mea.
1607 4119 1740 4187 Quia
1758 4131 1878 4174 mea

287 4228 450 4299 quid?
469 4224 752 4282 Prmccssit
781 4221 1051 4292 iniquitas.
1088 4220 1150 4274 Et
1181 4233 1306 4273 cum
1335 4215 1639 4286 erojustus,
1671 4221 1758 4266 tua
1785 4210 1879 4280 ju-

290 4320 433 4375 SIitia
464 4320 569 4373 erit
599 4335 611 4370 :
645 4315 765 4387 quia
794 4311 1000 4385 justitia
1029 4308 1161 4365 mihi
1191 4307 1287 4362 abs
1317 4316 1368 4362 te
1396 4305 1517 4360 data
1544 4304 1720 4373 justus
1750 4315 1874 4366 ero;

289 4421 340 4468 et
364 4412 446 4467 sic
471 4410 574 4466 erit
601 4423 739 4474 mea,
765 4415 821 4460 ut
851 4414 937 4460 tua
967 4403 1055 4466 sit,
1083 4399 1134 4456 id
1166 4407 1248 4455 est
1278 4400 1373 4454 abs
1400 4405 1450 4452 te
1480 4395 1609 4451 mihi
1636 4393 1782 4450 data.
1815 4391 1877 4447 in

289 4519 410 4560 eum
439 4501 582 4557 enim
614 4495 775 4552 credo
814 4496 904 4568 qui
929 4492 1187 4564 justiﬁeat
1223 4489 1443 4560 impium
1465 4528 1481 4553 ε
1506 4494 1566 4541 ut
1592 4485 1879 4556 deputetur

292 4594 422 4650 ﬁdes
467 4607 584 4646 mea
623 4588 690 4644 ad
723 4586 979 4659 justitiam
1026 4581 1149 4657 (Id.
1189 4597 1262 4651 ιγ,
1296 4579 1374 4651 5).
1415 4578 1527 4635 Erit
1557 4591 1685 4648 ergo
1721 4583 1777 4632 et
1803 4574 1882 4631 sic

285 4687 493 4761 jrstitia
525 4700 676 4751 mea;
711 4699 816 4738 non
849 4691 1026 4737 tamen
1063 4689 1312 4749 tanquam
1345 4677 1557 4747 propria
1583 4688 1703 4729 mea
1726 4714 1739 4738 ,
1773 4686 1880 4727 non

287 4792 546 4852 tanquam
571 4793 602 4832 a
630 4776 836 4846 meipso
866 4773 996 4828 mihi
1026 4771 1147 4826 data
1178 4787 1192 4825 :
1223 4769 1360 4824 sicut
1399 4769 1653 4838 putabant
1681 4765 1755 4821 illi
1775 4763 1882 4835 .qui

288 4890 380 4938 ,nor
433 4870 674 4924 litteram
710 4865 1092 4936 gloriabantur,
1148 4869 1203 4916 et
1249 4861 1473 4932 gratiam
1528 4858 1878 4929 respuebant.

289 4966 420 5019 Nam
454 4962 654 5017 dictum
681 4967 764 5015 est
791 4958 897 5012 alio
917 4957 1070 5011 loco:
1097 4952 1288 5008 Judica
1315 4968 1415 5016 me,
1442 4950 1678 5013 Domine,
1707 4963 1888 5004 secun-

289 5061 409 5109 dum
431 5055 692 5126 justitiam
717 5067 878 5106 meam
914 5047 1084 5124 (Psai.
1115 5061 1212 5114 vn,
1241 5044 1321 5114 9).
1361 5043 1520 5100 Certe
1550 5057 1653 5098 non
1683 5041 1879 5112 gloria-

291 5155 452 5206 batur
482 5148 536 5203 in
567 5163 661 5201 sua
686 5145 910 5217 justitia.
940 5141 1047 5198 Sed
1091 5155 1281 5196 revoca
1313 5137 1379 5193 ad
1410 5153 1496 5193 me
1525 5135 1837 5208 Apostolum
1866 5149 1882 5188 :

296 5245 436 5311 Quid
465 5242 599 5297 enim
630 5239 781 5294 habes
811 5235 946 5304 quod
985 5251 1086 5289 non
1123 5231 1360 5303 accepisti
1387 5229 1433 5304 (1
1462 5228 1582 5286 Cor.
1614 5244 1685 5292 tv,
1708 5227 1806 5300 7)?
1831 5233 1888 5282 et

289 5340 374 5392 sic
401 5338 490 5392 dic
511 5333 773 5405 justitiam
806 5340 948 5384 tuam
971 5370 985 5395 ,
1018 5339 1075 5383 ut
1105 5326 1416 5382 memineris
1444 5323 1587 5395 quod
1612 5323 1886 5392 acceperis

292 5446 414 5485 eam
437 5470 453 5496 ,
483 5437 539 5482 ct
569 5442 675 5481 non
705 5439 822 5480 eam
853 5421 1092 5477 invideas
1123 5418 1526 5490 accipientibus.
1553 5417 1685 5472 Nam
1712 5427 1766 5471 et
1795 5414 1888 5471 ille

293 5521 630 5584 Pharismus,
653 5525 904 5587 tanquam
935 5529 965 5569 a
997 5515 1104 5568 Deo
1131 5512 1442 5581 recepisset,
1476 5509 1688 5564 dicebat
1717 5525 1729 5561 :
1757 5505 1890 5562 Gra-

298 5622 402 5670 tias
433 5609 558 5680 tibi,
591 5610 709 5683 quia
737 5625 837 5662 non
878 5623 990 5663 sum
1025 5606 1155 5660 sicut
1192 5603 1357 5658 cwteri
1405 5602 1651 5656 homines.
1682 5599 1889 5655 Gratias

297 5708 426 5765 tibi:
454 5708 611 5763 bene.
640 5703 776 5772 Quia
794 5718 895 5756 non
920 5717 1030 5754 sum
1059 5699 1187 5753 sicut
1207 5695 1373 5750 σωτετὶ
1397 5694 1623 5748 homines
1649 5692 1888 5763 :quare?

299 5800 438 5858 inde
465 5798 612 5856 enim
645 5803 696 5852 te
722 5793 952 5851 delectat
978 5791 1098 5864 quia
1127 5791 1298 5848 bonus
1327 5801 1406 5856 es,
1437 5785 1580 5860 quod
1609 5785 1744 5842 alter
1771 5800 1888 5840 ma-

373 5942 393 5972 ³
417 5944 548 5993 Unus
567 5931 762 5988 Pratcil.
785 5939 868 5983 Ms.
892 5942 988 5982 non
1008 5926 1177 5990 habet,
1204 5933 1346 5978 Deus.

1339 379 1735 450 ENARRATIO
1769 383 1839 444 ΙΝ
1874 380 2201 444 PSALMUM
2236 383 2402 444 LXX.

1977 502 2060 560 lus
2087 504 2208 560 est?
2231 505 2470 577 Denique
2494 504 2621 577 quid
2643 503 2877 565 addidit?
2897 505 3112 584 Injusti,
3129 522 3378 588 raptores,
3401 520 3562 576 adut-

1963 597 2088 666 .ieri,
2118 598 2248 660 sicut
2271 608 2320 654 et
2362 597 2676 656 Publicanus
2702 601 2815 660 iste.
2843 602 2956 660 Hoc
2973 607 3084 676 jam
3116 625 3222 666 non
3247 620 3333 670 est
3370 615 3550 678 exsut-

1971 697 2088 749 tare'
2111 733 2128 761 ,
2173 691 2271 750 sed
2324 692 2602 752 insultare.
2645 693 2741 752 ille
2765 705 2948 756 autem
2970 701 3210 770 captivus
3245 721 3336 764 nec
3375 708 3551 765 oculos

1971 784 2041 839 ad
2065 786 2245 842 caelum
2271 786 2489 843 audebat
2511 788 2712 856 levare;
2735 790 2823 846 sed
2845 793 3148 862 percutiebat
3175 807 3350 867 pectus
3367 817 3544 869 suum,

1973 878 2145 935 dicens
2171 895 2191 935 :
2219 879 2436 937 Domine
2457 921 2472 948 ,
2513 881 2762 953 prapitius
2803 892 2907 939 esto
2947 885 3073 942 mihi
3102 894 3349 956 peccaturi
3393 893 3544 964 (Lua.

1973 985 2126 1037 xvm,
2160 972 2248 1040 ii,
2279 972 2390 1043 15).
2419 973 2613 1030 Parum
2644 975 2825 1048 itaque
2849 986 2969 1048 est,
2998 989 3059 1036 ut
3086 979 3216 1038 illud
3245 985 3388 1054 quod
3414 986 3469 1044 in
3503 997 3554 1044 te

1957 1073 2056 1121 est
2083 1065 2281 1122 bonum
2319 1082 2581 1139 agnoscas
2607 1070 2750 1142 quod
2774 1086 2808 1128 a
2834 1071 2946 1130 Deo
2973 1074 3076 1140 sit,
3109 1075 3212 1132 nisi
3238 1078 3397 1136 etiam
3427 1079 3553 1136 inde

1971 1173 2078 1214 non
2101 1169 2154 1216 te
2182 1160 2408 1218 extollas
2434 1178 2594 1234 super
2622 1163 2772 1220 illum
2810 1165 2937 1238 quid
2961 1167 3201 1224 nondum
3228 1168 3432 1237 habet;
3459 1173 3552 1242 qui

1973 1253 2198 1312 fortasse
2224 1270 2346 1312 cum
2369 1258 2652 1330 acceperit,
2675 1261 2898 1317 transiet
2925 1270 2996 1318 te.
3020 1261 3246 1330 Quando
3270 1265 3415 1322 enim
3439 1277 3555 1322 erat

1972 1347 2162 1403 Saulus
2189 1346 2445 1419 Stephani
2474 1351 2742 1421 lapidator
2767 1351 2908 1425 (Act.
2937 1369 3035 1422 vu,
3062 1354 3178 1422 59),
3207 1371 3373 1427 (piam
3402 1358 3555 1414 multi

1971 1449 2124 1497 erant
2152 1442 2438 1526 Christiani
2465 1458 2694 1514 quorum
2719 1454 2838 1500 erat
2865 1447 2954 1502 ille
2981 1450 3321 1518 persecutor!
3351 1449 3554 1506 Tamen

1971 1533 2185 1605 quando
2219 1548 2511 1591 conversus
2548 1542 2665 1603 est,
2695 1550 2882 1592 omnes
2937 1538 3028 1608 qui
3068 1554 3129 1595 se
3166 1551 3557 1609 prmeesserant

1957 1622 2252 1694 superavit.
2301 1623 2444 1693 Ergo
2490 1623 2578 1679 dic
2620 1623 2732 1679 Deo
2772 1622 2917 1694 quod
2945 1623 3098 1681 audis
3121 1623 3176 1680 in
3204 1623 3450 1684 Psaimo:
3478 1621 3552 1679 In

1959 1725 2033 1774 tes
2061 1717 2248 1790 peravi,
2269 1716 2520 1784 Domine;
2545 1733 2648 1772 non
2689 1717 2976 1786 confundar
2998 1718 3052 1772 in
3079 1725 3356 1774 (sternam:
3381 1717 3437 1772 in
3461 1725 3552 1774 tua

1958 1811 2177 1885 iustitia,
2209 1825 2316 1866 non
2340 1811 2394 1866 in
2425 1825 2564 1876 mea,
2595 1826 2712 1864 erue
2735 1826 2833 1879 me,
2861 1818 2909 1864 et
2934 1809 3095 1865 exime
3120 1826 3220 1865 me.
3249 1809 3457 1866 Iustina
3481 1807 3552 1868 ad

1961 1922 2042 1960 me
2060 1921 2235 1960 aurem
2260 1915 2418 1960 tuam.
2452 1904 2523 1960 Et
2546 1903 2662 1960 haec
2687 1903 2956 1960 confessio
2979 1912 3064 1960 est
3082 1902 3418 1962 humilitatis.
3449 1902 3552 1972 Qui

1962 1998 2112 2066 dicit,
2145 1996 2349 2053 Inclina
2395 1998 2463 2052 ad
2499 2014 2600 2066 me,
2643 1997 2932 2054 conﬁtetur
2956 1998 3080 2069 quia
3112 1997 3256 2069 jacet
3298 2007 3552 2068 tanquam

1961 2108 2107 2164 aeger
2122 2100 2419 2163 prostratus
2434 2092 2644 2148 medico
2665 2093 2848 2149 stanti.
2869 2092 3108 2164 Denique
3125 2093 3251 2149 vide
3269 2093 3393 2164 quia
3409 2108 3556 2164 inger

1962 2185 2230 2256 loquitur:
2261 2183 2464 2239 Inctina
2483 2185 2552 2238 ad
2575 2201 2653 2239 me
2674 2201 2849 2240 aurem
2872 2195 3032 2252 tuam,
3054 2195 3103 2240 et
3125 2185 3321 2241 salsum
3340 2203 3422 2241 me
3447 2187 3553 2254 fac.

2035 2276 2088 2332 5.
2131 2274 2282 2349 [vers.
2313 2276 2391 2348 5.]
2424 2275 2547 2332 Esto
2566 2277 2692 2332 mihi
2714 2278 2766 2331 in
2788 2277 2954 2333 Deum
2981 2288 3328 2348 protectorem.
3349 2278 3467 2335 Non
3487 2279 3559 2342 ad

1965 2382 2055 2424 me
2077 2366 2252 2440 iacula
2280 2368 2478 2426 inimici
2512 2371 2842 2439 perveniant,
2866 2384 2967 2441 ego
2986 2371 3126 2426 enim
3152 2386 3240 2428 me
3275 2381 3559 2443 protegere

1968 2475 2076 2516 non
2107 2476 2346 2530 possum.
2378 2459 2448 2515 Et
2475 2474 2662 2530 parum
2693 2469 2798 2528 est,
2844 2462 2898 2515 in
2935 2471 3302 2532 protectorem;
3329 2463 3557 2533 addidit,

1969 2553 2093 2608 etin
2123 2552 2291 2608 locum
2317 2553 2588 2622 munitum,
2624 2563 2679 2607 ut
2703 2554 2898 2608 saluum
2925 2555 3089 2626 facias
3133 2571 3232 2610 me.
3278 2553 3348 2610 In
3391 2556 3561 2611 locum

1970 2647 2221 2700 munitum
2244 2645 2374 2700 mihi
2399 2653 2546 2711 esto;
2573 2654 2629 2700 tu
2653 2656 2771 2701 esto
2799 2645 2950 2702 locus
2975 2647 3212 2703 munitus
3236 2661 3408 2704 meus.
3459 2647 3559 2705 Ubi

1971 2742 2056 2790 est
2077 2734 2220 2804 quod
2245 2734 2312 2791 ab
2337 2733 2431 2790 illo
2452 2734 2697 2806 fugiebas
2714 2766 2733 2804 -,
2763 2734 2933 2791 Adam
2957 2777 2972 2803 ,
3004 2744 3060 2792 et
3083 2745 3136 2792 te
3165 2737 3306 2794 inter
3331 2737 3562 2808 paradisi

1973 2827 2114 2900 ligna
2144 2828 2552 2885 abscondebas?
2579 2828 2680 2886 Ubi
2709 2838 2793 2885 est
2819 2829 2962 2900 quod
2990 2829 3107 2901 ejus
3145 2829 3334 2887 faciem
3375 2830 3564 2886 formi-

1974 2922 2174 2989 dabas,
2202 2921 2269 2978 ad
2307 2937 2466 2994 quem
2489 2922 2722 2994 gaudere
2759 2937 3120 2979 consueveras
3157 2922 3308 2994 (Gen.
3337 2939 3426 2988 Ill,
3465 2923 3564 2994 8)?

1975 3013 2200 3080 Abiisti,
2243 3022 2298 3070 et
2344 3013 2545 3085 periisti
2577 3032 2592 3070 :
2621 3014 2916 3084 captivatus
2959 3028 3047 3081 es,
3079 3022 3134 3070 et
3157 3029 3284 3070 ecce
3307 3013 3564 3087 visitaris,

1975 3116 2030 3163 et
2072 3122 2197 3163 ecce
2238 3121 2346 3162 non
2390 3105 2710 3174 dimitteris;
2752 3115 2807 3162 et
2844 3121 2970 3163 ecce
3015 3107 3352 3163 dimittuntur
3393 3123 3566 3168 nona-

1975 3200 2120 3272 ginta
2169 3214 2358 3254 novem
2415 3191 2546 3256 oves
2592 3199 2646 3254 in
2694 3199 3001 3268 montibus,
3051 3209 3106 3256 et
3157 3202 3413 3271 quaeritur
3450 3200 3568 3258 ovis

1979 3291 2216 3362 perdita;
2257 3301 2310 3347 et
2353 3306 2482 3348 ecce
2522 3291 2716 3348 dicitur
2760 3291 2827 3348 de
2869 3292 3083 3348 inventa
3129 3309 3230 3350 ove
3268 3311 3284 3348 :
3331 3294 3568 3350 Mortuus

1978 3390 2110 3448 erat,
2160 3392 2207 3436 et
2249 3383 2462 3449 reuixit;
2502 3385 2746 3454 perierat,
2779 3392 2827 3439 et
2871 3385 3099 3439 inuentus
3144 3393 3217 3440 est
3259 3384 3409 3457 (Luc.
3459 3394 3566 3454 xv,

1977 3477 2050 3544 4,
2104 3476 2232 3548 24).
2283 3477 2424 3533 Ecce
2475 3479 2588 3548 ipse
2640 3479 2779 3535 Deus
2827 3479 2995 3536 factus
3041 3486 3126 3535 εει
3175 3481 3323 3536 locus
3377 3479 3568 3553 refugii

1979 3568 2088 3638 tui,
2125 3569 2213 3640 qui
2240 3570 2410 3639 primo
2435 3578 2550 3627 erat
2575 3581 2750 3627 metus
2773 3570 2911 3641 fugae
2939 3579 3062 3627 tute.
3102 3570 3170 3626 In
3198 3573 3363 3626 locum
3401 3572 3570 3626 muni-

1981 3669 2117 3727 tum,
2149 3661 2352 3732 inquit,
2380 3662 2509 3717 mihi
2535 3669 2652 3718 esto
2673 3703 2688 3730 ,
2717 3672 2773 3717 ut
2797 3663 2994 3718 salvum
3024 3663 3183 3734 facias
3203 3677 3300 3719 me.
3331 3662 3447 3718 Non
3474 3675 3571 3719 ero

1981 3756 2158 3812 salvus
2189 3757 2287 3811 nisi
2318 3757 2369 3811 in
2401 3765 2455 3812 te
2487 3775 2500 3811 :
2534 3757 2634 3812 nisi
2664 3764 2720 3812 tu
2754 3753 2917 3812 fueris
2951 3757 3164 3828 requies
3208 3771 3325 3812 mea
3346 3799 3361 3822 ,
3387 3755 3572 3814 sanari

1957 3854 2089 3903 ‘non
2117 3849 2312 3920 poterit
2337 3847 2595 3920 aegritudo
2619 3863 2757 3904 mea.
2790 3848 2932 3906 Leva
2957 3862 3044 3904 me
3068 3862 3099 3902 a
3127 3855 3300 3914 terra;
3331 3847 3388 3903 in
3408 3855 3462 3904 te
3481 3847 3570 3918 ja-

1981 3955 2153 4008 ceam,
2195 3947 2254 3995 ut
2283 3953 2494 4008 surgam
2523 3939 2579 3994 in
2605 3939 2780 3994 locum
2806 3939 3088 3994 munitum.
3116 3938 3253 4005 Quid
3279 3936 3573 3993 munitius?

1981 4034 2117 4089 Cum
2141 4032 2209 4089 ad
2239 4033 2389 4089 illum
2411 4033 2585 4088 locum
2613 4032 2935 4103 coniugeris,
2955 4029 3040 4087 dic
3063 4031 3193 4086 mihi
3216 4045 3350 4102 quos
3375 4029 3572 4087 adver-

1983 4126 2153 4180 sarios
2181 4123 2528 4180 formidabis?
2565 4123 2684 4194 quis
2723 4123 3094 4188 insidiabitur,
3123 4130 3177 4176 ει
3206 4122 3479 4192 perveniet
3503 4120 3573 4177 ad

1983 4219 2075 4274 te?
2104 4217 2295 4273 Nescio
2326 4216 2444 4287 quis
2481 4215 2674 4271 dicitur
2712 4214 2779 4270 de
2809 4213 3005 4270 montis
3033 4214 3236 4269 vertice
3271 4215 3569 4283 clamasse,

1983 4323 2104 4364 cum
2137 4309 2424 4378 imperator
2451 4305 2720 4372 transiret,
2746 4303 2861 4359 Non
2885 4303 2954 4359 de
2975 4311 3026 4358 te
3046 4303 3237 4373 loquor
3258 4318 3271 4356 :
3295 4303 3571 4372 respexis-

1985 4415 2044 4456 se
2069 4398 2158 4454 ille
2185 4396 2380 4452 dicitur
2405 4404 2461 4453 et
2484 4396 2706 4464 dixisse,
2727 4393 2837 4450 Nec
2862 4407 2962 4465 ego
2979 4392 3047 4448 de
3069 4399 3137 4448 te.
3163 4391 3574 4464 Contempserat

1985 4493 2364 4561 imperatorem
2383 4505 2505 4546 cum
2525 4487 2818 4560 insignibus
2837 4485 3022 4552 armis,
3042 4493 3098 4541 et
3116 4483 3354 4540 exercitu
3375 4493 3572 4555 poten-

1953 4594 1956 4596 ‘
1987 4593 2039 4641 te
2056 4586 2095 4638 ί.
2120 4583 2308 4641 Unde?
2328 4584 2403 4639 De
2428 4583 2547 4638 loco
2567 4581 2792 4636 munito.
2819 4579 2873 4635 Si
2895 4593 3115 4634 securus
3139 4577 3229 4633 ille
3253 4576 3309 4632 in
3333 4577 3439 4633 alta
3465 4585 3576 4637 ter-

1987 4692 2074 4741 ra;
2101 4674 2370 4746 quomodo
2399 4684 2453 4730 tu
2484 4674 2536 4729 in
2565 4688 2631 4729 eo
2656 4687 2687 4727 a
2711 4686 2817 4743 quo
2838 4669 3034 4726 factum
3063 4677 3146 4727 est
3171 4668 3366 4725 coelum
3391 4678 3448 4726 et
3469 4677 3578 4725 ter-

1986 4769 2084 4826 ra?
2111 4768 2237 4823 Esto
2266 4782 2394 4840 ergo
2422 4766 2546 4821 mihi
2580 4767 2635 4821 in
2673 4761 2837 4818 Deum
2866 4770 3213 4834 protectorem,
3241 4769 3288 4816 et
3323 4763 3378 4817 in
3409 4762 3577 4817 locum

1988 4863 2257 4933 munitum,
2278 4869 2335 4916 ut
2359 4860 2552 4916 salvum
2590 4857 2747 4930 facias
2785 4871 2883 4911 me.
2915 4852 3030 4924 Ego
3072 4853 3116 4908 si
3145 4853 3274 4908 mihi
3299 4853 3461 4909 alium
3496 4855 3580 4908 lo-

1989 4973 2109 5014 cum
2132 4957 2365 5028 eiegero,
2392 4955 2567 5010 salvus
2592 4965 2711 5008 esse
2735 4965 2840 5004 non
2867 4955 3077 5020 potero.
3106 4947 3257 5019 Elige
3283 4959 3448 5015 certe,
3474 4948 3578 5002 ho-

1991 5067 2098 5118 mo,
2122 5051 2165 5106 si
2189 5048 2478 5113 inveneris,
2506 5044 2867 5100 munitiorem.
2895 5041 3010 5098 Non
3030 5051 3265 5112 estergo
3285 5054 3390 5111 quo
3410 5039 3580 5109 fugia-

1993 5149 2078 5197 tur
2102 5143 2169 5197 ab
2194 5141 2308 5208 ilio,
2340 5140 2441 5195 nisi
2471 5136 2536 5194 ad
2569 5137 2738 5192 illum.
2763 5133 2819 5190 Si
2842 5133 2923 5190 vis
2951 5134 3184 5191 evadere
3212 5133 3425 5197 iratum,
3454 5131 3577 5202 fuge

1992 5235 2056 5291 ad
2081 5231 2627 5306 placatum.Quoniam
2650 5230 3020 5299 firmamentum
3041 5244 3226 5292 meum,
3255 5235 3303 5281 et
3321 5227 3577 5297 refugium

1993 5344 2153 5383 meum
2197 5343 2246 5381 es
2290 5335 2363 5380 tu.
2413 5323 2813 5378 Firmamentum
2855 5337 3052 5388 meum,
3081 5318 3206 5389 quid
3236 5319 3354 5372 est?
3397 5315 3500 5373 Per
3526 5326 3580 5371 te

1993 5439 2109 5478 sum
2142 5423 2346 5487 ﬁrmus,
2369 5427 2423 5474 et
2447 5434 2514 5473 cx
2546 5425 2599 5472 te
2636 5429 2754 5471 sum
2782 5413 2983 5469 ﬁrmus.
3016 5411 3267 5478 Quoniam
3291 5409 3582 5479 ﬁrmamen-

1995 5524 2099 5569 tum
2125 5528 2309 5576 meum,
2338 5517 2382 5564 et
2407 5509 2659 5583 refugium
2688 5523 2853 5562 meum
2879 5521 2930 5560 es
2951 5513 3004 5558 tu
3029 5518 3047 5557 :
3072 5511 3128 5557 ut
3153 5501 3273 5556 ﬁam
3303 5500 3487 5580 ﬁrmus
3514 5517 3582 5558 ex

1996 5613 2070 5676 te,
2093 5605 2260 5662 sicubi
2288 5603 2438 5660 fuero
2467 5601 2763 5657 inﬁrmatus
2783 5599 2836 5653 in
2863 5611 2970 5663 me,
3002 5593 3258 5664 rel’ugiam
3280 5591 3346 5648 ad
3371 5601 3440 5648 te.
3464 5592 3584 5648 Fira

1963 5701 1968 5708 ’
1996 5717 2146 5758 mum
2174 5699 2319 5754 enim
2351 5706 2400 5753 te
2426 5695 2553 5751 facit
2579 5693 2747 5764 gratia
2774 5687 3007 5751 Christi.
3040 5694 3094 5742 et
3132 5684 3459 5741 immobilem
3489 5685 3582 5739 ad-

1996 5809 2186 5854 versus
2215 5805 2402 5848 omnes
2432 5786 2751 5845 tentaliones
2780 5780 3001 5836 inimici.
3043 5778 3150 5836 Sed
3189 5777 3260 5835 ibi
3291 5788 3374 5835 est
3401 5786 3453 5833 et
3483 5776 3582 5835 hu-
3665 5817 3670 5820 -

2066 5914 2082 5946 ³
2109 5913 2182 5965 sic
2201 5918 2278 5963 Er.
2296 5917 2348 5962 et
2375 5905 2557 5971 ahquot
2576 5909 2684 5955 uss.
2709 5905 2764 5953 At
2783 5904 2915 5962 Dom,
2937 5899 3179 5967 potestate.
