4076 6474
491 517 596 579 879

494 628 648 690 mana
680 620 954 695 fragilitas,
984 613 1057 671 ibi
1084 616 1167 668 est
1192 603 1366 663 adhuc
1387 598 1556 672 prima
1574 588 1874 663 captivitas,
1988 584 2074 635 est

495 663 648 690 ιιισιια
681 663 715 682 ll
728 663 754 679 ιι
796 663 931 676 ιιι-υ...
986 663 1057 671 -__
1090 663 1137 668 -_
1152 663 1161 664 κ
1388 663 1402 672 _

495 734 553 782 et
577 725 661 779 lex
686 720 742 775 in
759 663 1020 772 :uemb’ris
1042 710 1342 776 repugnans
1359 692 1465 763 legi
1489 685 1705 753 mentis,
1732 689 1788 738 et
1809 673 2077 748 captivum
2182 663 2433 721 enimnon
2461 665 2531 713 est

1747 771 1833 782 “-‘
1952 765 2077 782 ’ὶ--Α
2184 772 2241 782 --ο
2289 753 2377 782 ιελ
2429 751 2526 782 n..:

498 751 1020 872 3353.3.122235.”
1031 751 1377 870 nimie...
1412 751 1595 857 ξιίοπι.
1625 751 1718 872 vn,
1745 771 1844 872 esi
1856 785 1888 872 ᾗ
1904 765 2080 822 adhuc
2183 772 2260 824 IV,
2288 753 2403 825 is).
2429 751 2529 820 Qui
2557 760 2685 818 ergo

493 918 697 977 corpus
722 897 864 972 quod
888 859 1264 958 corrumpitur,
1290 881 1540 950 aggravet
1564 868 1798 925 animam
1827 859 1979 933 (Sap.
2003 869 2078 920 ix,

1317 973 1328 977 “
1577 963 1608 977 ι’
1672 957 1764 977 “4
1783 973 1795 977 ι
1832 948 2078 977 --υι-η-,ιῖη

499 948 1045 1068 Eiraugniumlibet
1069 948 1259 1038 ﬁrmus
1286 948 1453 1030 siser.
1479 963 1647 1038 gratia
1672 957 1798 1023 Dei;
1827 948 2082 1068 quamdiu

507 1041 620 1068 ..,,.
651 1041 977 1064 K__---_--_,,,
1006 1041 1009 1042 ν

502 1093 680 1150 adhuc
709 1093 889 1159 portas
914 1088 1182 1136 terrenum
1210 1082 1327 1135 vas,
1349 1067 1404 1121 in
1429 1075 1537 1134 quo
1555 1057 1836 1114 thesaurus
1859 1054 1942 1103 est
1964 1041 2081 1109 Dei,

505 1140 904 1257 bisalia...
953 1173 1021 1230 de
1062 1171 1179 1240 ipso
1217 1175 1345 1219 vase
1389 1154 1538 1212 ﬁctili
1575 1140 1968 1206 formidandum
1995 1140 2088 1257 ‘est

511 1225 716 1352 (lquor.
746 1287 819 1337 IV,
851 1268 928 1336 7).
960 1225 1102 1332 Ergo
1127 1258 1499 1328 ﬁrmamentum
1533 1255 1699 1298 meum
1725 1252 1778 1294 ea
1806 1241 1882 1301 tu,
1911 1225 2092 1299 ut'tir-

511 1323 629 1426 inus
658 1369 758 1423 sim
786 1363 841 1417 in
869 1359 972 1414 hoc
999 1351 1197 1410 saeculo
1238 1345 1495 1402 adversus
1533 1345 1722 1392 omnes
1747 1323 2086 1384 tentationes.

511 1461 619 1520 Sed
655 1458 701 1515 si
725 1453 910 1511 multa:
932 1452 1078 1513 sunt,
1109 1449 1166 1499 et
1192 1437 1405 1496 turbant
1428 1445 1545 1497 me,
1570 1422 1822 1496 refugium
1847 1429 2010 1472 meum
2037 1421 2091 1466 tu

512 1569 583 1610 es.
625 1549 710 1606 Ad
735 1547 840 1602 hoc
873 1541 1018 1599 enim
1040 1511 1366 1592 conﬁtebor“
1394 1521 1756 1582 inﬁrmitatem
1795 1523 2004 1573 meam,
2035 1511 2096 1558 ut

513 1644 614 1700 sim
629 1637 846 1696 timidus
859 1628 1109 1701 tanquam
1127 1625 1302 1696 lepus,
1317 1618 1440 1690 quia
1452 1612 1620 1686 spinis
1639 1609 1828 1701 plenus
1843 1610 2094 1701 tanquam

513 1734 730 1793 ericius.
761 1729 847 1794 Et,
875 1734 936 1780 ut
968 1687 1024 1777 in
1059 1719 1162 1775 alio
1182 1687 1396 1787 psalmo
1422 1707 1638 1769 dicitur,
1671 1700 1830 1754 Petra
1858 1701 1930 1748 est
1957 1687 2097 1758 refu-

515 1828 654 1900 gium
678 1792 841 1880 ericiie
867 1828 913 1872 et
941 1812 1192 1886 leporibus
1231 1802 1406 1880 (Paul.
1433 1817 1546 1866 Clll,
1571 1796 1662 1866 l8)
1691 1811 1704 1848 :
1737 1792 1895 1848 Petra
1918 1793 2096 1841 autem

514 1928 632 1976 erat
657 1913 900 1973 Christus
929 1908 971 1979 (l
999 1904 1119 1962 Cor.
1147 1919 1203 1968 x,
1233 1900 1313 1972 4).

587 2010 642 2065 6.
671 2005 821 2079 [υετε.
843 1974 1098 2073 4.]Ὧεαε
1133 2007 1306 2054 meus,
1335 2002 1451 2043 erue
1478 1999 1558 2039 me
1585 1981 1648 2035 de
1685 1990 1839 2032 manu
1872 1974 2102 2042 peccato-

498 2109 608 2162 τίς.
665 2063 997 2159 Ceneraliter
1029 2093 1052 2123 ¹
1105 2094 1447 2159 peccatores,
1507 2078 1646 2131 inter
1702 2083 1835 2142 quos
1897 2063 2104 2118 laborat

518 2199 619 2254 iste
667 2193 756 2264 qui
783 2189 850 2245 de
891 2150 1195 2256 captivitate
1231 2177 1340 2247 jam
1373 2166 1684 2227 liberandus
1728 2169 1840 2224 est;
1875 2158 1978 2212 iste
2013 2150 2104 2223 qui

508 2333 735 2447 eorpore
787 2367 962 2424 mortis
1009 2333 1163 2434 liujus
1184 2333 1429 2414 {Gratia
1464 2349 1559 2404 Dei
1602 2361 1690 2416 per
1744 2340 1921 2396 Iesum
1961 2333 2108 2391 Chri-

512 2428 659 2524 stum
693 2463 952 2518 dominum
984 2428 1213 2511 nostrum
1265 2447 1445 2520 (Rom.
1499 2456 1594 2506 vn,
1641 2436 1736 2502 24,
1763 2431 1915 2501 25)?
1962 2428 2108 2483 lntus

525 2568 612 2618 est
655 2556 862 2622 hostis,
914 2551 1004 2606 lex
1049 2546 1139 2602 illa
1184 2544 1236 2598 in
1277 2519 1564 2600 membris;
1591 2541 1716 2586 sunt
1750 2535 1804 2581 et
1840 2521 1974 2578 foris
2013 2519 2111 2574 bo-

526 2660 678 2710 stes:
705 2663 812 2720 quo
840 2611 1078 2702 clamas?
1111 2637 1195 2693 Ad
1233 2634 1404 2698 illum,
1447 2626 1532 2683 cui
1574 2624 1860 2680 clamatum
1890 2623 1973 2672 est
1998 2630 2012 2667 :
2035 2611 2112 2667 Ab

528 2709 738 2800 occulti;
771 2737 894 2793 meis
927 2731 1118 2788 munda
1152 2742 1260 2792 me,
1295 2720 1547 2783 Domine;
1574 2724 1621 2770 et
1655 2714 1718 2768 ab
1751 2709 1927 2764 alienis
1965 2718 2115 2777 parce

529 2849 672 2892 servo
701 2841 788 2885 tuo
815 2829 834 2898 (
859 2824 1006 2881 Paul.
1031 2834 1187 2885 xvm,
1217 2816 1306 2882 15,
1335 2813 1404 2868 tl
1429 2810 1468 2882 ).
1500 2807 1662 2876 Ergo,
1688 2800 1901 2858 Salvum
1925 2814 2004 2852 me
2032 2799 2116 2866 fac

532 2941 653 2986 cum
681 2886 894 2987 dicitur,
931 2916 1000 2972 ab
1039 2908 1352 2984 aegritudine
1391 2913 1478 2960 tua
1513 2899 1708 2956 dicitur
1742 2893 2019 2958 interiore,
2062 2886 2118 2944 id

509 3028 618 3078 ,est
664 3016 733 3073 ab
780 2981 1059 3082 iniquitate
1093 2981 1224 3068 tua;
1258 3001 1324 3055 ab
1351 3012 1415 3053 ea
1443 3007 1546 3066 qua
1583 2989 1824 3059 captivus
1849 2999 1931 3051 es,
1960 2981 2028 3038 ab
2053 2993 2118 3036 ea

536 3127 643 3184 qua
683 3109 748 3164 ad
794 3075 1024 3176 primum
1068 3096 1339 3153 hominem
1369 3087 1622 3162 pertines,
1646 3091 1707 3138 ut
1744 3080 1885 3138 inter
1920 3075 2120 3146 primos

539 3164 1040 3274 captivos-clames.
1084 3189 1275 3246 Salvus
1319 3190 1493 3237 autem
1534 3175 1707 3230 factus
1743 3170 1812 3225 ab
1847 3164 2123 3236 iniquitate

539 3261 654 3362 tua,
688 3290 807 3347 vide
832 3289 944 3360 jam
972 3292 1028 3340 et
1064 3281 1132 3338 de
1169 3272 1532 3348 iniquitatibus
1567 3265 1794 3331 alienis,
1823 3261 1964 3316 inter
1990 3269 2125 3329 quos
2209 3305 2214 3309 .

515 3349 884 3452 ,tibi'necesse
908 3386 993 3436 est
1013 3375 1214 3437 vivere,
1237 3378 1514 3440 quousque
1541 3360 1648 3416 vita
1674 3359 1772 3414 ista
1798 3353 2031 3410 ﬁniatur.
2057 3349 2128 3406 Et

540 3442 853 3551 quousque?
872 3472 1010 3528 Ecce
1029 3465 1210 3522 linitur
1232 3461 1322 3518 tibi
1343 3476 1357 3511 :
1377 3452 1632 3526 numquid
1654 3452 1830 3506 linitur
1849 3442 2124 3503 Ecclesiae.

542 3535 646 3630 nisi
695 3535 750 3626 iri
797 3568 903 3623 line
944 3559 1166 3620 szeculi?
1204 3557 1313 3613 Iste
1353 3559 1530 3607 autem
1570 3559 1708 3602 unus
1746 3543 1928 3606 homo,
1951 3535 2129 3594 unitas

545 3661 767 3724 Christi,
797 3658 995 3714 clamat
1018 3653 1116 3707 has
1144 3659 1323 3705 voces.
1344 3642 1575 3700 Necesse
1601 3645 1684 3692 est
1720 3647 1847 3703 ergo
1883 3638 1943 3685 ut
1978 3625 2130 3683 multi

548 3765 806 3814 exeuntes
829 3751 898 3808 de
922 3749 1028 3805 hoc
1051 3757 1278 3814 corpore
1309 3737 1516 3801 ﬁdeles,
1536 3733 1645 3803 jam
1687 3729 1794 3783 sint
1830 3721 1887 3781 in
1921 3723 2010 3780 illa
2045 3736 2132 3778 re-

701 3859 858 3916 quam
886 3845 1106 3912 praestat
1139 3811 1282 3890 Dens
1317 3825 1588 3898 spiritibus
1623 3818 1856 3875 fidelium
1883 3833 1896 3871 :
1925 3813 2022 3870 sed
2047 3811 2135 3868 hic

552 3901 677 3995 sunt
721 3901 905 3989 adhuc
939 3926 1181 3985 membra
1217 3916 1446 3982 Christi;
1477 3914 1533 3968 in
1561 3911 1645 3966 bis
1673 3907 1762 3980 qui
1803 3907 1859 3962 in
1897 3905 1999 3960 hac
2026 3901 2136 3959 vita

555 3993 776 4100 degunt,
818 4024 871 4078 in
913 4020 998 4076 his
1029 4017 1118 4088 qui
1158 4020 1340 4085 postea
1380 4012 1684 4062 nascentur.
1717 4000 1856 4070 Ergo
1887 4009 2056 4066 usque
2081 3993 2136 4049 in

555 4085 717 4177 ﬁnem
747 4085 929 4172 saeculi
957 4085 1061 4164 erit
1085 4106 1173 4162 hic
1196 4105 1297 4159 iste
1316 4100 1499 4164 homo,
1524 4095 1613 4166 qui
1637 4093 1834 4151 clamat
1856 4105 1886 4144 a
1905 4085 2140 4159 peccatis

555 4176 668 4268 suis
713 4203 946 4268 liberari,
976 4206 1034 4257 et
1058 4213 1090 4253 a
1116 4197 1237 4267 lege
1277 4189 1639 4248 membrorum
1675 4188 2002 4254 repugnante
2038 4176 2142 4250 legi

557 4301 772 4359 mentis.
795 4291 996 4351 Deinde
1023 4292 1163 4345 inter
1187 4288 1407 4356 peccata
1443 4279 1689 4341 aliorum,
1721 4275 1856 4330 inter
1880 4285 2016 4344 quos
2044 4283 2144 4326 ne-

559 4407 712 4450 cesse
727 4398 810 4446 est
822 4384 1032 4442 utvivat
1047 4392 1216 4449 usque
1231 4377 1285 4430 in
1307 4373 1488 4428 tinem.
1502 4367 1607 4425 Sed
1623 4367 1726 4422 duo
1740 4364 1936 4419 habent
1950 4372 2145 4432 genera

1719 476 1780 536 s.
1815 411 2185 532 aucus'ruu
2219 447 2523 517 EPISCOPl
3069 391 3073 405 ἵ
3655 369 3767 480 sse

2183 571 2396 643 iniquus
2418 575 2533 632 est,
2560 575 2668 618 non
2691 549 2868 615 omnis
2903 545 3118 621 iniquus
3149 536 3349 613 Legem
3377 531 3634 610 praeterit.
3666 529 3770 586 Ubi

2547 653 2674 721 Lex,
2692 650 2768 706 ait
2789 641 3097 718 Apostolus,
3115 651 3205 692 nec
3221 627 3570 706 pravaricatio
3586 623 3767 694 (Rom.

2721 712 2918 813 Legem
2955 750 3062 792 non
3091 732 3440 798 acceperunt,
3471 717 3640 789 iniqui
3665 712 3772 770 dici

2187 809 2448 920 possunt,
2505 809 2943 912 praevaricatores
2996 839 3103 883 non
3158 824 3402 892 possunt.
3457 809 3774 869 Judicantur

2187 895 2401 1007 iurique
2427 895 2718 988 secundum
2748 921 2936 980 merita
2963 931 3078 974 sua.
3122 910 3233 968 Sed
3262 922 3360 980 ego
3388 901 3479 976 qui
3506 901 3574 957 de
3599 895 3776 969 capti-

2190 991 2353 1086 vitate
2378 1025 2500 1082 volo
2529 1017 2744 1078 liberari
2781 1029 2879 1086 per
2907 1009 3131 1083 gratiam
3171 1013 3312 1058 tuam
3329 1040 3345 1067 ,
3373 996 3548 1054 clamo
3574 991 3641 1047 ad
3681 999 3735 1046 te
3759 1007 3779 1045 :

2192 1081 2376 1177 Libera
2393 1081 2471 1172 me
2489 1115 2552 1169 de
2569 1127 2724 1168 manu
2749 1081 3046 1181 peccatoris.
3073 1094 3211 1166 Quid
3231 1099 3334 1159 est,
3355 1089 3424 1145 de
3445 1101 3608 1143 manu
3629 1081 3781 1152 ejus!

2194 1211 2272 1269 De
2295 1216 2560 1284 potestate
2581 1204 2698 1275 ejus
2716 1217 2732 1268 ;
2750 1177 2834 1255 ine
2865 1209 2986 1252 cum
3012 1189 3184 1253 saevit,
3211 1182 3441 1240 adducat
3468 1177 3538 1233 ad
3560 1189 3783 1231 consen-
3881 1181 3891 1192 '

2195 1306 2431 1369 sionem;
2475 1313 2545 1356 ne
2584 1311 2705 1352 cum
2732 1288 3036 1352 insidiatur,
3064 1275 3387 1366 persuadeat
3423 1269 3783 1341 iniquitatem.

2195 1357 2455 1454 Beman'u
2478 1389 2664 1462 Legem
2693 1377 3036 1457 praetereuntis
3071 1382 3117 1429 et
3142 1357 3320 1440 iniqui.
3349 1359 3636 1432 Responde
3663 1357 3740 1413 illi
3768 1374 3784 1411 :

2187 1489 2337 1561 Quid
2363 1497 2414 1544 te
2437 1451 2631 1557 qutci-is
2654 1451 2872 1535 liberari
2897 1473 2964 1529 de
2991 1482 3154 1526 manu
3186 1464 3384 1532 Legem
3409 1451 3789 1529 praetereuntis

2197 1592 2255 1640 et
2277 1549 2479 1650 iniquii
2504 1573 2622 1631 Noli
2646 1567 2987 1629 consentire;
3015 1558 3111 1617 sed
3138 1557 3184 1613 si
3209 1552 3381 1619 saevit,
3411 1549 3620 1619 patiens
3648 1551 3787 1609 esto,

2202 1636 2432 1730 tolera}.
2459 1665 2565 1723 Sed
2594 1662 2713 1734 quis
2743 1659 2937 1716 tolerat
2958 1655 3002 1720 ’,
3030 1651 3075 1706 si
3100 1649 3312 1705 deserat
3333 1643 3419 1698 ille
3444 1639 3535 1712 qui
3565 1636 3623 1692 lit
3640 1637 3790 1692 locus

2186 1761 2468 1821 .munitus?
2496 1757 2673 1824 Quare
2693 1765 2822 1822 ergo
2845 1748 2965 1804 dico
2989 1761 3004 1800 :
3031 1741 3212 1797 Libera
3231 1752 3312 1792 me
3335 1734 3396 1788 de
3421 1747 3578 1786 manu
3606 1725 3792 1798 Legem

2203 1851 2550 1929 prtetmuntie
2578 1857 2625 1903 et
2650 1819 2845 1916 iniqui?
2871 1838 3006 1908 Quia
3035 1849 3140 1890 non
3171 1839 3255 1887 est
3293 1829 3348 1884 in
3374 1840 3462 1882 me
3488 1831 3548 1880 ut
3585 1819 3794 1893 patiens

2185 1926 2326 2016 .sim,
2355 1946 2450 2003 sed
2477 1944 2530 2000 in
2559 1951 2610 1998 te
2637 1939 2727 2012 qui
2753 1936 2923 1992 donas
2947 1926 3279 2004 patientiam.

2269 2007 2324 2099 7
2341 2040 2492 2116 [vera.
2513 2038 2568 2103 5,
2587 2007 2672 2106 6J-
2685 2031 2922 2102 Denique
2937 2023 3180 2095 sequitur
3189 2031 3351 2090 quare
3366 2013 3468 2070 hoc
3479 2010 3602 2068 dico
3622 2026 3636 2062 :
3659 2007 3796 2074 ρκος

2208 2106 2428 2190 ιιίαηιίιι
2455 2146 2506 2185 es
2546 2124 2791 2199 patientia
2817 2135 2948 2175 mea.
2990 2116 3108 2172 Jam
3136 2113 3180 2168 si
3227 2106 3483 2182 patientia
3503 2146 3517 2170 ,
3565 2110 3712 2158 recte
3739 2107 3798 2154 et

520 2199 619 2254 iste
667 2199 756 2264 qui
783 2199 850 2245 de
891 2199 1195 2256 captivitate
1231 2199 1340 2247 jam
1375 2199 1684 2227 unum...“
1728 2199 1840 2224 πη
1875 2199 1978 2212 ....-
2014 2199 2104 2223 η--

520 2289 627 2360 iam
666 2283 860 2339 clamat
896 2295 911 2331 :
956 2273 1149 2344 Infelix
1186 2283 1274 2338 ego
1305 2265 1486 2323 homo,
1521 2257 1632 2327 quis
1669 2268 1748 2307 me
1776 2246 2001 2305 liberabit
2043 2241 2107 2296 de
2182 2280 2191 2294 .,
2209 2224 2351 2298 quod
2393 2222 2632 2293 sequitur
2664 2234 2676 2271 :
2707 2213 2958 2277 Domine,
3003 2222 3117 2278 spes
3160 2217 3272 2257 mea
3311 2216 3344 2254 a
3373 2199 3636 2270 juventute
3663 2207 3798 2246 mea.

1263 2356 1291 2360 —
1382 2355 1394 2360 -
1474 2349 1509 2360 κ
1548 2349 1559 2360 -
1757 2340 1919 2360 τμη-
1962 2333 2080 2360 m._:
2211 2320 2337 2360 mm
2363 2313 2615 2360 nntienlia
2664 2323 2819 2360 mea.
2866 2303 2991 2360 auia
3018 2313 3142 2360 spes
3185 2309 3349 2352 mea:
3378 2307 3444 2348 an
3473 2289 3646 2360 potius
3673 2285 3798 2340 ideo

2211 2320 2337 2377 ldeo
2363 2313 2617 2389 patientia
2664 2323 2819 2374 mea,
2866 2303 2991 2375 quia
3018 2313 3142 2370 spes
3185 2309 3307 2352 mea
3335 2310 3349 2348 :
3378 2307 3444 2348 an
3473 2289 3646 2362 potius
3673 2285 3802 2340 ideo

2212 2425 2336 2484 spes
2359 2381 2500 2475 mea,
2533 2404 2657 2476 quia
2684 2397 2935 2472 patientia
2963 2391 3119 2449 mea?
3141 2383 3444 2450 Tribulatio,
3468 2382 3541 2438 ait
3558 2381 3802 2452 Aposto-

2214 2507 2319 2572 lus,
2347 2499 2639 2573 patientiam
2663 2500 2922 2565 operatur,
2947 2483 3189 2559 patientia
3211 2477 3583 2552 probationem,
3605 2471 3805 2544 proba-

2217 2561 2498 2652 tio'autem
2547 2561 2723 2661 spem,
2778 2599 2894 2654 spes
2951 2594 3066 2634 vero
3104 2590 3206 2630 non
3247 2567 3511 2642 confundit
3563 2561 3695 2636 (Id.
3742 2576 3807 2627 v,

2218 2691 2274 2758 3,
2303 2687 2384 2761 5).
2414 2653 2603 2742 Merito
2626 2681 2680 2734 in
2705 2687 2751 2732 te
2775 2653 2991 2746 speravi,
3013 2667 3267 2730 Domine;
3300 2679 3402 2718 non
3429 2654 3714 2730 confundar
3751 2653 3814 2708 in

2219 2791 2482 2839 (uernum.
2513 2772 2750 2838 Domine,
2778 2783 2893 2838 epes
2919 2780 3030 2819 mea
3057 2778 3088 2815 a
3109 2761 3374 2832 juventute
3395 2767 3525 2805 mea.
3551 2749 3594 2803 A
3618 2747 3816 2817 juven-

2222 2880 2338 2930 tute
2357 2879 2470 2936 tua,
2500 2867 2642 2922 Deus
2667 2876 2791 2932 Spes
2824 2857 2944 2914 tua?
2968 2853 3156 2910 Nonne
3183 2858 3238 2904 et
3280 2862 3310 2902 a
3340 2842 3566 2916 pueritia
3593 2849 3684 2894 tua
3705 2880 3719 2906 ,
3754 2843 3818 2892 et

2329 2927 2550 3018 infantia
2574 2927 2713 3012 tua‘l
2730 2951 2915 3016 Plane,
2950 2945 3138 3016 inquit.
3166 2939 3298 2998 Nam
3330 2935 3451 2991 vide
3476 2932 3605 3004 quid
3633 2927 3820 2999 sequi-

2223 3065 2332 3122 tur,
2364 3068 2432 3109 ne
2456 3050 2560 3106 hoc
2580 3054 2796 3119 putares
2824 3042 2897 3098 ita
2920 3053 3007 3096 me
3030 3037 3248 3100 dixisse,
3281 3031 3413 3100 Spes
3437 3042 3548 3082 mea
3573 3041 3604 3078 a
3620 3025 3819 3094 jar-en-

2226 3116 2331 3202 tute
2353 3159 2488 3210 mea,
2514 3116 2668 3212 quasi
2693 3133 2826 3192 nihil
2861 3127 3122 3205 profuerit
3148 3126 3288 3180 Deus
3310 3119 3544 3176 infantia:
3567 3116 3650 3172 vel
3677 3129 3821 3185 pue-

2227 3240 2365 3298 ritiae
2388 3211 2556 3302 mete;
2583 3229 2706 3289 audi
2729 3225 2869 3300 quod
2893 3223 3132 3296 sequitur
3163 3236 3178 3273 :
3207 3215 3278 3273 In
3298 3225 3344 3270 te
3357 3211 3684 3280 conﬁrmatus
3703 3222 3822 3262 sunt

2229 3349 2293 3389 ea:
2315 3339 2477 3386 utero.
2496 3325 2636 3382 Audi
2659 3321 2833 3378 adhuc
2865 3335 2879 3371 ε
2910 3316 2985 3371 De
3005 3320 3171 3369 ventre
3199 3307 3378 3363 matris
3404 3318 3531 3360 metu
3555 3311 3607 3357 tu
3624 3317 3676 3355 ea
3699 3315 3827 3371 pro-

2231 3433 2386 3480 tector
2410 3436 2569 3475 meus.
2595 3416 2772 3486 Quare
2806 3421 2958 3482 ergo,
2980 3423 3013 3462 a
3029 3407 3294 3478 juventute
3330 3414 3464 3466 mea,
3491 3395 3595 3453 nisi
3618 3409 3683 3456 ex
3711 3405 3825 3463 quo

2233 3517 2288 3572 in
2319 3525 2370 3571 te
2395 3512 2534 3584 ccepi
2561 3505 2818 3581 sperare?
2841 3504 2981 3559 Ante
3018 3497 3163 3555 enim
3201 3509 3311 3552 non
3346 3493 3400 3548 in
3424 3502 3475 3547 te
3501 3487 3823 3562 sperabam;

2234 3607 2477 3683 quamvis
2519 3613 2573 3660 tu
2622 3601 2786 3658 fueris
2827 3603 3095 3670 protector
3137 3603 3309 3656 meus,
3351 3571 3459 3658 qui-
3483 3599 3571 3640 me
3615 3581 3827 3638 salvum

2237 3673 2538 3774 perduxisti
2562 3694 2630 3750 ad
2657 3702 2868 3763 tempus
2905 3702 3014 3760 quo
3039 3685 3094 3740 in
3124 3692 3176 3740 te
3200 3681 3460 3738 discerem
3501 3688 3735 3747 sperare.
3777 3673 3830 3728 Α

2232 3794 2512 3866 iuventute
2539 3796 2715 3844 autem
2740 3797 2857 3840 mea
2878 3781 3016 3852 coepi
3044 3778 3098 3836 in
3135 3785 3189 3833 te
3234 3786 3486 3844 sperare;
3514 3785 3578 3824 ex
3604 3781 3708 3838 quo
3736 3779 3833 3820 me

2239 3886 2494 3943 adversus
2521 3880 2790 3936 diabolum
2823 3872 3064 3938 armasti,
3093 3878 3151 3926 ut
3179 3868 3231 3924 in
3259 3865 3535 3937 procinctu
3563 3857 3838 3916 exercitus

2243 3979 2320 4034 tui
2347 3982 2586 4032 armatus
2611 3969 2716 4026 tide
2739 3977 2850 4035 tua,
2877 3963 3157 4026 cbaritate,
3187 3973 3304 4028 spe,
3332 3952 3648 4022 caeterisque
3673 3947 3838 4003 donis

2246 4067 2350 4124 tuis
2375 4063 2720 4134 conﬂigerem
2749 4056 3006 4112 adversus
3051 4048 3348 4107 invisibiles
3388 4043 3631 4099 inimicos
3677 4048 3834 4105 tuos,

2246 4128 2594 4226 audiremque
2622 4151 2690 4209 ab
2735 4145 2995 4220 Apostolo
3027 4158 3043 4197 :
3070 4139 3194 4196 Non
3239 4146 3312 4193 est
3353 4133 3497 4190 nobis
3542 4128 3842 4186 colluctatio

2247 4249 2485 4306 adversus
2510 4259 2715 4300 carnem
2737 4250 2785 4296 et
2824 4235 3121 4311 sanguineae
3139 4248 3160 4297 ;
3179 4229 3268 4286 sed
3305 4226 3546 4281 adversus
3571 4220 3848 4292 principa-

2245 4352 2350 4420 tus,
2379 4351 2428 4398 et
2450 4347 2736 4411 potestates,
2765 4341 2812 4388 et
2838 4339 3055 4386 rectores
3082 4322 3258 4379 mundi
3285 4319 3599 4375 tenebrarum
3626 4313 3845 4378 harant,

563 4407 712 4450 98550
727 4404 810 4446 CSI
822 4404 881 4442 ut
891 4404 1032 4440 Vlval
1049 4404 1216 4449 usque
1232 4404 1285 4430 III
1309 4404 1488 4428 unum.
1503 4404 1607 4425 υυυ
1623 4404 1726 4422 uuv
1740 4404 1936 4419 nam..."
1950 4404 2100 4432 ουν...
2113 4404 2145 4413 -.
2245 4407 2250 4420 ,
2334 4404 2346 4411 ,
2450 4404 2460 4411 ,

563 4490 872 4556 peccatores
913 4474 1000 4530 isti
1030 4489 1045 4526 :
1073 4469 1163 4525 alii
1204 4474 1330 4522 sunt
1352 4461 1443 4534 qui
1471 4461 1666 4530 Legem
1692 4461 2030 4526 acceperunt,
2055 4449 2149 4506 alii
2248 4425 2488 4491 άάυετδαε
2516 4427 2810 4502 Spiritum“
2851 4422 3083 4496 nequitia:
3107 4417 3319 4491 (ΕΡΙιεεο
3348 4429 3423 4480 Vl.
3449 4409 3559 4483 12)-
3585 4407 3725 4478 Ergo
3748 4404 3856 4477 ill-

1507 4551 1540 4556 -
1687 4546 1700 4556 -
1722 4545 1740 4556 -
2105 4554 2115 4556 ς
2253 4529 2399 4556 -.....:.
2428 4534 2505 4556 ηρ.
2535 4523 2622 4556 m.:
2653 4528 2847 4556 nnnnnl’
2889 4524 3072 4556 mum
3120 4511 3218 4556 ista
3243 4525 3258 4556 ε
3292 4507 3384 4556 sed
3411 4502 3654 4556 nuatm'is
3694 4500 3856 4556 inve.

564 4500 872 4556 peccatores
915 4500 1000 4530 l5“
1031 4500 1045 4526 ε
1073 4500 1163 4525 anu
1204 4500 1330 4522 aut"
1352 4500 1443 4534 ιιιιι
1472 4500 1666 4530 μιδν...
1692 4500 1907 4526 ...κωκυ
1921 4500 2030 4518 ..ηπ
2057 4500 2149 4506 _.___
2545 4500 2552 4502 ἡ

564 4583 690 4632 sunt
707 4571 796 4642 qui
811 4583 918 4624 non
934 4566 1287 4632 acceperunt;
1307 4567 1494 4610 omnes
1507 4546 1705 4619 Pagani
1719 4545 1913 4616 Legem
1933 4557 2040 4598 non
2061 4554 2150 4598 ae-
2253 4529 2402 4587 veuis
2427 4534 2510 4582 est
2534 4523 2626 4595 qui
2653 4528 2850 4594 pugnat
2889 4524 3075 4573 contra
3120 4511 3259 4576 ista;
3292 4507 3385 4564 sed
3411 4502 3654 4577 quamvis
3686 4500 3860 4570 juveo

1575 4638 1619 4642 --
2112 4639 2121 4642 -
2256 4623 2335 4642 με-
2366 4620 2430 4642 -2.
2487 4616 2622 4642 --.περ
2674 4613 2772 4642 ..τοι
2802 4610 2891 4642 ιιιη
2936 4609 3004 4642 ei}
3040 4619 3160 4642 nunc
3195 4603 3310 4642 ιιίιια
3339 4600 3421 4642 nni
3454 4600 3689 4642 clamat:
3726 4592 3860 4642 Dr-

567 4638 843 4736 ceperunt,
859 4648 1224 4714 omnesludzei
1241 4638 1792 4708 etChristianiLegem
1809 4639 2147 4705 acceperunt.

569 4761 710 4829 Ergo
742 4749 992 4826 generale
1025 4758 1218 4802 nomen
1248 4747 1332 4797 est
1365 4741 1644 4809 peccator;
1675 4739 1768 4786 aut
1791 4728 1948 4800 Legis
1977 4735 2152 4780 trans-

569 4816 806 4922 gresso},
819 4843 864 4898 si
875 4838 1080 4910 accepit
1090 4836 1286 4905 Legem
1302 4845 1318 4895 ;
1332 4837 1423 4884 aut
1437 4820 1802 4882 tantummodo
1815 4818 2024 4888 iniquus
2039 4816 2157 4872 sine

570 4907 744 5010 Lege,
774 4907 821 4990 si
853 4947 963 4987 non
997 4907 1204 4996 accepit
1227 4923 1448 4992 Legem.
1490 4915 1567 4971 De
1595 4922 1822 4983 utroque
1843 4923 2040 4980 genere
2067 4907 2151 4963 ιο.

539 5087 542 5090 ,
573 5003 755 5104 quitur
775 5021 1084 5096 Apostolus,
1112 5026 1166 5074 et
1193 5013 1324 5071 dicit
1351 5030 1366 5067 :
1400 5010 1499 5076 Qui
1524 5007 1630 5068 sine
1654 5003 1787 5074 Lege
1811 5005 2154 5072 peccaverunt,

2256 4623 2338 4678 nis
2365 4620 2453 4686 sit,
2483 4592 2775 4682 cadit,ﬁnisi
2801 4610 2892 4667 ille
2936 4609 3007 4663 sit
3040 4619 3161 4678 spes
3195 4603 3311 4674 eius
3339 4600 3424 4656 cui
3454 4600 3689 4654 clamat:
3726 4592 3860 4649 Dc-

2257 4713 2409 4777 mine,
2435 4725 2551 4780 spes
2575 4721 2686 4760 mea
2713 4721 2746 4757 a
2763 4707 3029 4775 juventute
3047 4713 3178 4752 mea.

2331 4802 2385 4858 8.
2426 4778 2495 4854 In
2517 4807 2564 4854 te
2585 4795 2808 4853 cantatio
2833 4809 2945 4848 mea
2971 4804 3187 4861 semper.
3215 4781 3480 4855 Numquid
3524 4797 3592 4838 ex
3644 4795 3754 4850 quo
3807 4778 3871 4836 in

2262 4904 2317 4952 te
2342 4909 2560 4967 sperare
2585 4890 2725 4960 coepi
2758 4901 2928 4958 usque
2959 4881 3144 4942 nunc?
3184 4877 3310 4942 Sed,
3343 4891 3557 4946 semper.
3588 4873 3726 4941 Quid
3751 4882 3874 4936 est.

2263 4987 2499 5059 semper?
2526 4984 2642 5040 Non
2673 4989 2873 5036 tantum
2907 4987 3148 5046 tempore
3189 4971 3347 5037 lidei',
3379 4968 3474 5025 sed
3519 4975 3576 5022 et
3614 4975 3882 5034 tempore

573 5060 744 5104 ιιυΙιιΙΙ
775 5060 1084 5096 ηγνῠινιυν,
1113 5060 1166 5074 νυ
1195 5060 1324 5071 νιν-ν
1351 5060 1366 5067 ν
1404 5060 1494 5076 “ﬂ-
1531 5060 1539 5061 κ
1614 5060 1620 5068 ,
1726 5060 1752 5074 ⁸
1811 5060 1823 5072 '
2138 5060 2146 5065 ν

573 5127 683 5182 sine
711 5119 846 5192 Lege
875 5114 1145 5188 peribunt;
1193 5116 1239 5164 et
1279 5105 1363 5178 qui
1404 5103 1459 5156 in
1497 5098 1631 5170 Lege
1670 5100 2028 5166 peccaverunt,
2069 5104 2161 5161 per
2232 5079 2482 5153 .speciei.
2506 5076 2655 5133 Nunc
2683 5074 2824 5130 enim
2851 5067 3102 5141 quamdiu
3129 5077 3313 5120 sumus
3339 5060 3392 5116 in
3415 5072 3666 5128 corpore,
3699 5071 3885 5125 pere-

1547 5190 1553 5192 .
1615 5187 1656 5192 __
1989 5183 2037 5192 ..
2278 5175 2543 5192 ,ηεᾼ-μ--..
2586 5183 2611 5192 ..
2671 5164 2934 5192 nmmum.
2983 5174 3083 5192 nm.
3109 5155 3266 5192 ﬁdam
3313 5152 3454 5192 anim
3500 5147 3885 5192 nmhnlnmnn-

577 5147 683 5182 Ιιηε
711 5147 846 5192 ικαςυ
876 5147 1142 5188 μιιιυισιιυ,
1193 5147 1239 5164 νυ
1279 5147 1363 5178 Ὶυυν
1405 5147 1459 5156 --ν
1497 5147 1626 5170 -νσν
1671 5147 1770 5166 rh,
1880 5147 1887 5148 ί
2017 5147 2028 5156 1
2069 5147 2082 5161 ι
2296 5147 2312 5153 _

577 5215 763 5286 Legem
780 5206 1154 5284 judicabantur
1184 5200 1358 5273 (Rom.
1386 5211 1446 5263 ιι,
1476 5190 1586 5265 12).
1615 5187 1694 5244 Tu
1713 5196 1889 5242 autem
1915 5184 2002 5254 qui
2025 5183 2165 5238 inter
2269 5175 2544 5246 grinamur
2585 5183 2615 5222 a
2671 5164 2935 5228 Domino;
2983 5174 3083 5230 per
3107 5155 3268 5212 ﬁdem
3313 5152 3456 5208 enim
3500 5147 3888 5214 ambulamus,

1636 5281 1648 5286 ·
1757 5279 1789 5286 ··
1843 5278 1854 5286 ·
1918 5277 1955 5286 “
2019 5273 2034 5286 ε
2272 5281 2372 5286 -η
2415 5277 2513 5286 -η-
2555 5257 2784 5286 -..ιιι-ξων.
2815 5253 2834 5286 I
2862 5253 2901 5286 ll
2949 5251 3046 5286 rm-
3097 5265 3128 5286 ιι
3183 5246 3216 5286 ιζ
3249 5247 3266 5286 l
3297 5243 3512 5286 ονρηίρι
3551 5249 3773 5286 temnns
3825 5248 3888 5286 nl

505 5335 514 5344 -
581 5273 868 5374 utrumque
883 5311 1050 5370 genus
1069 5293 1256 5366 gemis,
1279 5289 1364 5345 dic
1383 5289 1492 5342 Deo
1512 5281 1652 5355 quod
1671 5279 1822 5336 audis
1843 5278 1895 5331 in
1918 5273 2159 5331 Psalmo:

589 5398 722 5453 Deus
751 5409 910 5454 meus.
937 5405 1057 5446 erue
1081 5401 1160 5440 me
1184 5383 1246 5437 de
1278 5397 1431 5436 manu
1462 5373 1754 5449 peccatoris.
1783 5367 1948 5440 Cujus
1976 5380 2166 5436 pecca-

589 5491 751 5548 toris?
783 5487 861 5542 De
891 5499 1042 5539 manu
1072 5478 1258 5549 Legem
1288 5468 1631 5548 praetereuntis
1660 5475 1704 5519 et
1730 5462 1906 5531 iniqui.
1935 5459 2028 5514 Est
2053 5457 2172 5527 qui-

586 5583 707 5638 dem
736 5588 790 5634 ct
814 5578 1027 5646 iniquus
1056 5571 1248 5640 Legem
1274 5561 1606 5638 prmtericns,
1635 5571 1743 5610 non
1765 5553 1905 5608 enim
1937 5565 2042 5604 non
2065 5547 2171 5604 ini-

589 5689 725 5748 quus
741 5672 824 5743 qui
847 5643 1041 5739 Legem
1060 5661 1327 5734 prieterit:
1352 5654 1444 5711 sed
1460 5651 1634 5708 omnis
1650 5649 1843 5718 Legem
1863 5643 2176 5717 prseteriens

619 5834 622 5838 λ
656 5787 674 5818 ὐ
699 5791 827 5842 Lov.,
851 5774 1287 5845 conﬁteor._t:aateri
1311 5762 1739 5845 libri-,rconfitebpnr‘.

655 5851 675 5880 ³
696 5823 1175 5895 si‘é'iiis'si"'ii'rad.:
1201 5823 1488 5895 Generaliter
1520 5823 1732 5895 intelliget
1757 5828 2031 5887 peccatores
2065 5829 2085 5869 .'
2121 5830 2178 5867 ac

595 5888 1054 5971 pdilltivlniSI‘Zt‘EfllliO
1076 5906 1204 5971 me:
1249 5900 1362 5946 Sunt
1391 5900 1437 5946 et
1459 5889 1580 5958 foris
1625 5888 1801 5950 hostes,
1839 5890 2035 5948 propter
2057 5891 2178 5943 quos

598 5963 778 6023 tlumus
802 5965 864 6018 ad
891 5963 1042 6024 illum,
1071 5965 1165 6009 etc.

2272 5243 2378 5322 non
2415 5277 2513 5335 per
2555 5257 2785 5332 speciem
2815 5253 2835 5330 (
2862 5253 2905 5309 ll
2949 5251 3064 5308 Cor.
3097 5265 3150 5313 v,
3183 5246 3216 5303 6
3248 5247 3266 5316 )
3297 5243 3512 5300 :veniet
3551 5249 3773 5310 tempus
3825 5248 3894 5294 ut

2272 5359 2547 5414 videamus
2570 5352 2712 5426 quod
2737 5364 2842 5405 non
2871 5344 3040 5401 visum
3071 5339 3366 5402 credimus;
3390 5336 3503 5390 viso
3519 5342 3699 5387 autem
3721 5331 3898 5401 quod

2277 5450 2546 5507 credimus
2566 5489 2582 5515 ,
2615 5443 2947 5500 laetabimur:
2974 5437 3090 5491 viso
3117 5444 3295 5488 autem
3321 5428 3459 5502 quod
3488 5443 3594 5482 non
3616 5426 3902 5484 credide-

2281 5551 2404 5599 runt
2431 5538 2595 5607 impii,
2648 5529 3062 5590 confundentur.
3104 5526 3254 5580 Tunc
3282 5522 3461 5578 veniet
3487 5535 3573 5575 res
3611 5516 3780 5587 cujus
3806 5529 3908 5577 est

2282 5636 2440 5694 modo
2469 5647 2610 5702 spes.
2644 5629 2778 5699 Spes
2800 5625 2941 5681 enim
2964 5635 3081 5692 quae
3107 5619 3337 5684 videtur,
3361 5631 3467 5670 non
3498 5621 3581 5668 est
3627 5626 3793 5683 spes.
3841 5614 3911 5672 Si

2347 5752 2364 5782 ι
2386 5747 2607 5815 plerique
2640 5737 2882 5815 nissapui
2909 5744 3170 5815 tegung
3204 5727 3405 5815 liberari
3426 5727 3487 5815 ale
3523 5738 3671 5815 ma'nu
3701 5733 3917 5815 Legg"

2347 5752 2364 5782 ι
2386 5747 2607 5815 Plerique
2640 5740 2882 5813 Mss-4.0m
2909 5744 2953 5788 te
2991 5745 3170 5848 quam
3204 5740 3404 5803 tiberart
3426 5740 3487 5778 ae
3523 5740 3671 5796 manu
3701 5740 3784 5776 Le
3822 5742 3917 5782 cm

2283 5812 2613 5927 ﬁteerleémtts
2635 5810 2682 5855 et
2720 5814 2890 5867 iniqua,
2934 5809 2998 5848 no
3064 5801 3344 5848 consenttre.
3368 5789 3461 5842 Sed
3483 5791 3614 5841 sum!
3641 5799 3660 5838 :
3681 5740 3920 5850 p.133...

2283 5889 2530 5994 “sitim,
2548 5936 2592 5982 te
2617 5927 2806 5982 tolerat.
2829 5925 2998 5987 Abest,
3023 5927 3086 5986 te,
3110 5932 3136 5970 a
3171 5925 3278 5971 Mss.
3296 5915 3562 5988 plerisque.
