4076 6462
287 325 388 386 881

289 451 471 503 autem
495 442 641 518 quod
670 457 777 501 non
815 442 1058 500 videmus
1085 456 1395 514 speramus,
1424 458 1524 514 per
1550 443 1873 513 patientiam

288 536 852 608 exspectamus(Rom.
880 551 994 602 vui,
1022 534 1139 607 24).
1168 534 1324 591 Modo
1351 549 1479 606 ergo
1497 535 1684 605 gemis,
1712 533 1874 590 modo

282 629 339 687 in
371 629 550 685 locum
577 628 763 700 ret‘ugii
793 630 986 696 curris,
1019 639 1075 684 ut
1102 629 1279 685 salvus
1316 628 1447 693 ﬁas;
1480 627 1641 683 modo
1679 627 1733 682 in
1776 626 1864 681 in-

284 720 543 777 ﬁrmitate
581 720 785 790 positus
831 721 1094 776 medicum
1137 735 1295 792 rogas
1326 738 1340 775 :
1372 720 1497 790 quid
1517 761 1534 787 ,
1561 734 1683 775 cum
1714 732 1870 774 acce-

284 815 431 882 peris
458 812 749 883 perfectam
792 815 950 869 etiam
992 812 1311 869 sanitatem?
1337 811 1482 882 quid,
1505 826 1626 866 cum
1651 809 1872 867 eﬁ‘ectus

280 903 450 960 fueris
491 906 712 976 aequalis
755 905 971 976 Angelis
1003 904 1097 960 Dei
1129 905 1147 975 (
1183 903 1368 958 Matth.
1398 918 1536 967 xxu,
1561 901 1633 958 30
1662 901 1722 973 )‘l
1760 901 1871 973 jam

282 998 421 1056 torte
447 1001 605 1055 istam
633 1000 857 1070 gratiam
885 1013 988 1070 qua
1019 999 1267 1053 liberatus
1289 1010 1348 1053 es
1367 994 1735 1052 Oblivisceris?
1762 994 1871 1049 Ab.

280 1091 370 1146 sit.
404 1090 473 1146 In
498 1101 544 1145 te
567 1091 787 1146 conlatio
811 1106 923 1144 mea
948 1106 1161 1159 semper.

353 1183 413 1237 9.
455 1180 605 1255 [vers.
641 1180 718 1254 7.]
745 1181 1008 1252 Tanquam
1036 1179 1321 1252 prodigium
1346 1180 1512 1252 factus
1536 1194 1649 1232 sum
1675 1177 1867 1231 multis.

281 1270 383 1333 Hic
414 1284 654 1342 tempore
682 1272 794 1342 spei
818 1311 832 1335 ,
865 1282 1105 1340 tempore
1135 1269 1363 1340 gemitus
1381 1310 1397 1337 ,
1426 1277 1667 1338 tempore
1691 1266 1869 1322 humi-

286 1365 475 1430 litatis,
499 1373 737 1433 tempore
760 1363 980 1429 doloris,
1003 1371 1244 1431 tempore
1271 1360 1612 1426 inﬁrmitatis,
1629 1366 1869 1429 tempore

285 1458 435 1511 vocis
462 1471 492 1511 a
522 1455 867 1525 compedibus
890 1497 904 1521 ,
930 1453 1016 1509 hic
1048 1469 1177 1525 ergo
1200 1451 1370 1523 quid!
1400 1450 1664 1520 Tanquam
1691 1450 1869 1521 prodi-

284 1551 426 1622 gium
455 1553 618 1622 factus
660 1565 771 1603 sum
820 1548 1010 1603 multis.
1047 1546 1215 1613 Unde,
1261 1555 1502 1616 tanquam
1542 1543 1872 1616 prodigium?

285 1641 431 1695 unde
461 1640 589 1695 mihi
619 1639 880 1695 insultant
903 1640 993 1710 qui
1034 1653 1122 1694 me
1148 1637 1435 1708 prodigium
1473 1634 1698 1707 putant?
1734 1634 1869 1703 Quia

282 1732 451 1788 credo
477 1732 616 1801 quod
648 1747 753 1788 non
780 1732 953 1789 video.
983 1730 1062 1786 llli
1090 1730 1253 1796 enim,
1286 1729 1431 1785 beati
1452 1730 1505 1784 in
1533 1728 1617 1784 his
1640 1743 1760 1800 qua:
1786 1729 1867 1783 vi-

284 1826 439 1891 dent,
469 1827 734 1881 exsultant
764 1826 815 1881 in
842 1832 989 1895 potu,
1020 1825 1075 1880 in
1101 1824 1329 1891 luxuria,
1352 1824 1404 1879 in
1432 1823 1867 1889 scortationibus,

287 1919 340 1973 in
365 1920 609 1986 avaritia,
642 1920 696 1973 in
726 1918 943 1981 divitiis,
972 1918 1025 1973 in
1052 1917 1273 1988 rapinis,
1312 1917 1369 1971 in
1416 1916 1764 1973 saecularibus
1786 1916 1870 1971 di-

283 2010 597 2082 gnitatibus.
631 2011 683 2065 in
711 2010 1047 2065 dealbatione
1094 2009 1225 2064 lutei
1270 2009 1519 2079 parietis;
1574 2008 1631 2064 in
1670 2008 1753 2064 his
1776 2023 1871 2064 ex.

285 2102 491 2159 saltant
519 2119 531 2154 :
565 2099 779 2156 ambulo
806 2108 980 2157 autem
1009 2115 1107 2171 ego
1137 2101 1189 2154 in
1211 2100 1350 2155 viam
1378 2099 1712 2167 dissimilem,
1740 2114 1870 2155 con—

285 2202 533 2248 temnens
580 2207 643 2249 ea
688 2207 807 2263 quae
852 2192 1132 2261 praesentia
1160 2199 1322 2258 sunt,
1370 2199 1424 2247 et
1473 2193 1664 2245 timens
1709 2192 1869 2247 etiam

284 2300 542 2355 prospera
570 2284 774 2350 saeculi,
802 2298 900 2340 nec
930 2283 1122 2339 alicubi
1149 2298 1369 2339 securus
1393 2283 1494 2339 nisi
1525 2283 1577 2339 in
1594 2284 1870 2354 promissis

287 2376 401 2431 Dei.
427 2376 495 2430 Et
520 2376 625 2429 illi:
655 2374 1019 2431 Manducemus
1040 2384 1085 2429 et
1114 2374 1375 2441 bibamus;
1398 2392 1511 2429 cras
1530 2376 1662 2429 enim
1690 2376 1871 2430 morie-

284 2488 399 2524 mur
425 2471 445 2541 (
474 2470 489 2523 Ι
516 2470 631 2525 Cor.
662 2485 755 2537 xv,
780 2468 849 2524 '52
947 2469 1084 2538 Quid
1114 2468 1228 2524 ais?
1249 2478 1450 2539 repete.
1482 2469 1879 2537 Mauducemus,

284 2563 476 2632 inquit,
524 2572 570 2616 et
602 2562 844 2617 bibamus.
875 2563 1021 2633 Age;
1073 2561 1198 2632 quid
1250 2569 1431 2632 postea
1479 2561 1702 2616 dixisti?
1742 2561 1869 2617 Cras

282 2655 415 2708 enim
462 2654 753 2708 moriemur.
801 2653 1091 2720 Terruisti;
1120 2668 1226 2708 non
1258 2652 1531 2708 seduxisti.
1558 2653 1723 2709 Plane
1766 2653 1869 2710 hoc

282 2743 401 2814 ipso
431 2744 572 2815 quod
617 2754 804 2816 postea
855 2744 1068 2811 dixisti,
1130 2744 1397 2799 incussisti
1446 2744 1575 2799 mihi
1621 2746 1865 2801 timorem

278 2851 351 2892 ne
403 2837 495 2891 tibi
548 2837 898 2893 consentiam.
936 2836 1069 2892 Cras
1110 2837 1251 2892 enim
1296 2836 1625 2901 moriemur,
1652 2836 1864 2903 dixisti;

276 2936 336 2984 et
384 2929 694 2998 praecessit,
750 2927 1117 2984 Manducemus
1154 2936 1200 2982 et
1248 2927 1492 2983 bibamus.
1543 2929 1677 2984 Cum
1723 2930 1865 2984 enim

275 3019 529 3086 dixisses,
574 3018 945 3075 Manducemus
994 3030 1040 3075 et
1086 3019 1335 3085 bibamus;
1386 3020 1691 3091 adjunxisti,
1738 3020 1866 3077 Cras

274 3112 412 3166 enim
452 3111 744 3168 moriemur.
784 3112 924 3167 Audi
967 3120 1151 3167 contra
1201 3127 1231 3166 a
1261 3128 1383 3167 me:
1418 3112 1528 3167 lmo
1565 3112 1865 3183 jejunemus

278 3212 339 3260 et
399 3219 651 3271 oremus;
731 3219 851 3261 cras
925 3205 1067 3261 enim
1140 3207 1448 3261 moriemur.
1511 3205 1657 3262 ﬂatic
1723 3207 1863 3261 viam

272 3298 465 3345 tenens
485 3298 685 3345 arctam
712 3298 764 3344 et
798 3298 1095 3359 augustam,
1130 3300 1367 3360 tanquam
1396 3290 1680 3362 prodigium
1703 3294 1864 3362 factus

269 3397 388 3434 sum
431 3380 638 3447 multis;
666 3381 754 3435 sed
802 3389 854 3435 tu
880 3380 1083 3451 adiutor
1114 3382 1277 3452 fortis.
1326 3380 1547 3445 Adesto,
1578 3396 1611 3434 ο
1642 3381 1865 3438 Domine

269 3471 403 3528 Jesu
424 3514 440 3538 ,
486 3472 574 3543 qui
605 3470 735 3528 mihi
777 3471 961 3526 dicas:
988 3471 1103 3526 Noli
1139 3471 1367 3527 deﬁcere
1414 3471 1465 3526 iu
1494 3474 1578 3527 via
1606 3481 1859 3543 angusta;

271 3579 378 3637 ego
406 3552 551 3634 prior
581 3564 789 3630 trausii,
822 3578 922 3635 ego
964 3577 1079 3618 sum
1119 3563 1231 3631 ipsa
1262 3563 1344 3617 via
1372 3562 1393 3629 (
1419 3561 1575 3617 Joan.
1606 3578 1721 3630 xtv,
1754 3563 1787 3620 6
1815 3563 1859 3636 ),

270 3672 376 3727 ego
406 3655 566 3723 duco,
600 3656 760 3710 inme
785 3654 939 3720 duco,
972 3653 1040 3709 ad
1069 3668 1155 3708 me
1185 3652 1435 3723 perduco.
1469 3653 1609 3724 Ergo
1622 3655 1864 3724 quamvis

271 3750 567 3822 prodigium
611 3750 774 3819 factus
827 3764 941 3803 sum
994 3746 1201 3813 multis;
1254 3754 1429 3802 tamen
1468 3760 1575 3802 non
1621 3746 1859 3814 timebo,

269 3842 398 3915 quia
420 3851 473 3895 tu
501 3841 704 3912 adjutor
727 3840 889 3912 fortis.

347 3934 436 3991 10.
478 3930 502 4007 [
526 3949 654 3989 vers.
678 3935 731 3989 8.
759 3931 780 4005 ]
809 3931 1083 4002 Repleatur
1108 3947 1164 3986 os
1186 3945 1353 3985 meum
1376 3929 1526 3984 laude
1544 3970 1559 3997 ,
1590 3937 1646 3983 ut
1674 3928 1863 4000 hymno

270 4029 444 4082 dicam
485 4025 701 4098 gloriam
754 4034 930 4091 tuam;
969 4032 1073 4078 tota
1114 4024 1196 4077 die
1248 4022 1670 4094 magniﬁcentiam
1702 4030 1860 4076 tuam.

268 4118 413 4188 Quid
442 4126 543 4182 est,
573 4126 676 4172 tota
715 4115 836 4172 die?
863 4114 991 4171 Sine
1037 4113 1449 4170 intermissione.
1484 4112 1539 4168 ln
1566 4112 1861 4184 prosperis,

271 4210 397 4280 quia
428 4207 755 4273 consolaris;
786 4207 840 4261 in
863 4205 1117 4268 adversis,
1140 4204 1264 4274 quia
1288 4203 1547 4273 corrigis;
1579 4211 1863 4273 antequam

272 4317 456 4358 essem
477 4340 495 4368 ,
523 4301 647 4370 quia
685 4298 892 4366 fecisti;
923 4312 1043 4352 cum
1076 4310 1271 4363 essem,
1300 4294 1421 4364 quia
1458 4293 1682 4349 salutem
1709 4293 1861 4349 dedi-

271 4395 342 4449 sti
370 4411 383 4446 :
417 4407 540 4447 cum
582 4404 881 4461 peccassem
903 4429 918 4455 ,
949 4388 1074 4459 quia
1121 4387 1399 4458 ignovisti;
1426 4400 1544 4442 cum
1575 4399 1865 4442 conversus

282 4500 490 4549 essem,
520 4483 639 4553 quia
685 4480 927 4551 adjuvisti
949 4495 965 4545 ;
989 4494 1108 4534 cum
1142 4492 1591 4549 perseverassem,
1629 4478 1752 4548 quia
1772 4492 1867 4533 co-

270 4575 506 4631 ronasti.
534 4572 606 4627 Ita
634 4573 787 4642 plane
808 4568 1066 4642 repleatur
1104 4585 1159 4623 os
1198 4585 1360 4623 meum
1386 4568 1556 4635 laude,
1596 4576 1652 4623 ut
1677 4567 1865 4639 hymno

270 4669 448 4722 dicant
479 4665 695 4737 gloriam
722 4672 857 4717 tuam
881 4679 900 4727 ;
930 4670 1034 4715 tota
1060 4661 1141 4715 die
1168 4661 1590 4732 magniﬁcentiam
1610 4669 1769 4715 tuam.

349 4760 440 4814 11.
474 4756 624 4830 [vers.
647 4751 725 4827 9.]
758 4752 838 4807 Ne
862 4752 1101 4824 projicias
1129 4767 1208 4804 me
1233 4752 1287 4804 in
1307 4759 1527 4821 tempore
1543 4752 1557 4781 ι
1578 4751 1865 4807 senectutis.

272 4852 412 4922 Spes
442 4863 556 4901 mea
576 4863 607 4900 a
625 4847 889 4916 juventute
926 4859 1057 4908 mea,
1088 4857 1150 4895 ne
1188 4840 1426 4928 projicias
1449 4857 1527 4894 me
1558 4841 1622 4917 in
1649 4848 1869 4912 tempore

268 4939 573 4997 senectutis.
601 4936 752 5006 Quod
782 4944 863 4991 est
893 4934 997 4989 hoc
1025 4942 1230 5003 tempus
1258 4930 1579 4988 senectutis?
1623 4931 1747 4986 Cum
1775 4932 1869 4987 de-

270 5037 415 5106 ﬁciet
446 5034 603 5086 virtus
646 5044 776 5096 mea,
826 5044 889 5081 ne
929 5025 1248 5096 derelinquas
1297 5041 1399 5079 me.
1428 5023 1734 5094 Respondet
1783 5023 1871 5081 hic

271 5127 379 5183 tibi
403 5126 550 5180 Deus
584 5138 597 5175 :
626 5121 739 5175 lmo
767 5133 895 5174 vero
921 5117 1133 5172 deﬁciat
1159 5116 1327 5171 virtus
1354 5124 1464 5180 tua,
1494 5123 1552 5169 ut
1574 5115 1626 5168 in
1658 5122 1711 5169 te
1750 5130 1870 5170 ma-

271 5226 411 5273 neat
442 5229 595 5279 mea;
628 5221 685 5269 ut
723 5211 869 5266 dicas
897 5224 1017 5264 cum
1050 5207 1343 5278 Apostolo:
1376 5205 1593 5273 Quando
1616 5206 1868 5274 in/irntor,

272 5322 407 5367 tunc
436 5317 611 5379 potens
630 5322 741 5361 sum
763 5304 783 5378 (
806 5300 849 5358 ll
875 5301 992 5357 Cor.
1018 5316 1112 5366 xu,
1138 5300 1206 5356 10
1231 5301 1269 5371 ).
1293 5299 1411 5354 Noli
1437 5298 1625 5354 timere
1650 5312 1718 5353 ne
1744 5313 1871 5367 pro-

265 5402 491 5477 jiciaris
516 5399 568 5454 in
586 5397 910 5461 inﬁrmitate,
958 5394 1012 5448 in
1038 5393 1138 5447 ista
1173 5398 1445 5461 senectute
1473 5392 1513 5445 ’.
1543 5389 1679 5459 Quid
1705 5390 1871 5457 enim,

272 5494 554 5552 Dominus
596 5500 713 5545 tuus
758 5503 864 5543 non
914 5494 996 5542 est
1040 5484 1335 5541 inﬁrmatus
1381 5484 1433 5538 in
1463 5483 1664 5539 cruce?
1694 5496 1873 5537 nonne

270 5586 609 5653 anteillum,
643 5593 892 5653 tanquam
925 5587 1048 5634 ante
1088 5576 1356 5632 hominem
1400 5574 1530 5628 nihil
1570 5574 1871 5641 valentem,

1302 323 1698 385 ENARRATIO
1736 324 1802 383 IN
1838 322 2162 384 PSALMUM
2201 326 2365 386 LXX.

3450 334 3558 402 882

1981 444 2300 512 captivatum
2341 453 2394 501 et
2438 461 2770 518 oppressum,
2818 457 2974 523 caput
3015 453 3346 526 agitaverant
3372 456 3555 517 fortis-

1980 534 2122 601 simi,
2152 543 2207 592 et
2235 538 2370 592 tauri
2400 539 2639 609 pingues,
2669 552 2724 598 et
2747 543 2993 600 dixerunt
3021 564 3035 601 :
3061 548 3122 603 Si
3146 548 3314 604 Filius
3339 550 3434 605 Dei
3459 563 3555 621 est,

1980 626 2247 683 descendat
2266 631 2329 685 de
2353 648 2497 686 cruce
2526 632 2546 706 (
2574 632 2758 688 Matth.
2790 651 2934 691 xxvu
2953 679 2966 702 ,
2990 638 3079 705 39,
3102 641 3171 696 40
3197 641 3215 712 )
3240 643 3263 695 ?
3290 641 3558 713 Numquid

1978 718 2088 784 ille,
2117 724 2239 792 quia
2265 724 2504 780 inﬁrmus
2530 736 2663 795 erat,
2699 728 2935 784 desertus
2967 740 3076 797 est;
3103 733 3191 804 qui
3238 737 3421 791 maluit
3447 754 3556 794 non

1978 809 2302 870 descendere
2340 816 2406 871 de
2453 832 2630 883 cruce,
2660 834 2727 873 ne
2770 834 2877 875 non
2924 823 3207 889 potentiam
3234 826 3552 895 ostendisse,

1976 902 2071 957 sed
2111 904 2484 963 insultantibns
2511 910 2736 966 cessisse
2775 911 3089 967 videretur?
3115 914 3250 981 Quid
3293 927 3345 973 te
3373 918 3557 976 docuit

1976 996 2235 1067 pendens,
2265 1000 2353 1070 qui
2382 1001 2706 1058 descendere
2734 1004 2922 1070 noluit,
2956 1006 3055 1061 nisi
3081 1008 3385 1077 patientiam
3413 1012 3556 1068 inter

1976 1085 2313 1159 insultantes,
2337 1093 2440 1147 nisi
2467 1103 2523 1148 ut
2557 1094 2631 1150 sis
2665 1096 2816 1151 fortis
2856 1096 2907 1150 in
2936 1095 3047 1153 Deo
3079 1098 3201 1152 tuo?
3225 1097 3386 1155 Forte
3412 1112 3464 1155 et
3486 1117 3557 1157 ex

1975 1178 2093 1251 ejus
2139 1196 2363 1251 persona
2392 1185 2590 1240 dictum
2640 1187 2740 1253 sit,
2777 1185 3038 1258 Tanquam
3071 1189 3359 1261 prodigium
3389 1194 3555 1261 factus

1977 1288 2090 1327 sum
2117 1274 2318 1343 multis,
2342 1286 2388 1330 et
2413 1285 2465 1331 tu
2493 1277 2700 1349 adjutor
2731 1279 2876 1350 fortis
2896 1296 2915 1334 :
2944 1294 3009 1335 ex
3048 1296 3275 1351 persona
3305 1282 3421 1352 ejus
3465 1298 3555 1338 se-

1973 1364 2205 1425 cundum
2250 1367 2653 1437 inﬁrmitatem,
2704 1385 2810 1426 non
2855 1353 3145 1427 secundum
3197 1382 3551 1444 potestatem;

1974 1458 2266 1513 secundum
2295 1459 2347 1515 id
2376 1461 2519 1531 quod
2559 1475 2657 1516 nos
2694 1462 2748 1517 in
2791 1477 2851 1518 se
2897 1463 3401 1533 transﬁguraverat,
3444 1480 3555 1519 non

1975 1549 2266 1604 secundum
2297 1550 2348 1606 id
2376 1551 2517 1622 quod
2547 1554 2661 1623 ipse
2684 1552 3050 1609 descenderat.
3074 1553 3271 1610 Factus
3292 1562 3376 1610 est
3407 1555 3554 1611 enim

1973 1639 2156 1695 multis
2198 1642 2515 1715 prodigium.
2549 1643 2617 1699 Et
2660 1642 2795 1699 forte
2828 1644 2942 1714 ipsa
2987 1654 3102 1700 erat
3126 1656 3371 1702 senectus
3399 1646 3551 1715 ejus;

1972 1732 2094 1803 quia
2120 1748 2187 1789 ex
2215 1744 2480 1791 vetustate
2502 1752 2608 1791 non
2636 1739 2923 1808 incongrue
2957 1748 3205 1793 senectus
3228 1746 3469 1806 vocatur,
3498 1747 3555 1795 et:

1972 1822 2047 1877 ait
2081 1824 2366 1894 Apostolus
2396 1842 2411 1880 :
2453 1826 2605 1881 Vetus
2632 1828 2781 1882 homo
2811 1835 2980 1883 noster
3002 1828 3156 1882 simul
3178 1831 3452 1898 cruciﬁxus
3483 1839 3568 1886 est

1973 1929 2089 1968 cum
2111 1915 2200 1970 illo
2221 1916 2397 1987 (Rom.
2431 1933 2502 1983 vt,
2536 1917 2614 1989 6).
2652 1918 2707 1975 Si
2742 1918 2812 1974 ibi
2842 1927 2957 1975 erat
2985 1929 3134 1975 vetus
3158 1919 3318 1975 homo
3343 1930 3550 1988 noster,

1972 2014 2223 2063 senectus
2252 2008 2320 2063 ibi
2347 2018 2496 2076 erat;
2538 2011 2659 2081 quia
2688 2018 2840 2065 vetus
2864 2050 2879 2077 ,
2910 2018 3174 2066 senectus.
3203 2010 3401 2065 Tamen
3428 2011 3581 2080 quia'

1946 2088 1951 2099 ’
1972 2115 2157 2155 verum
2178 2109 2279 2168 est,
2312 2102 2651 2157 Renovabitur
2669 2103 2797 2158 sicut
2823 2104 3007 2174 aquin
3020 2105 3258 2175 juventus
3274 2113 3360 2157 tua
3377 2103 3549 2174 (Psal.

1972 2205 2067 2255 cu,
2086 2191 2141 2262 5)
2161 2208 2175 2257 ;
2201 2194 2495 2248 resurrexit
2510 2194 2622 2262 ipse
2639 2193 2725 2249 die
2742 2196 2922 2261 tertio,
2948 2195 3189 2264 promisit
3203 2196 3552 2250 resurrectio-

1974 2297 2095 2337 nem
2113 2283 2262 2337 ﬁnito
2280 2285 2496 2338 smculo.
2518 2284 2635 2338 Jam
2656 2286 2926 2353 praecessit
2950 2294 3127 2354 caput;
3147 2285 3380 2340 membra
3403 2300 3553 2340 secu-

1975 2382 2091 2429 tura
2118 2383 2260 2429 sunt.
2280 2374 2417 2440 Quid
2449 2376 2601 2430 times
2625 2390 2693 2430 ne
2709 2375 3041 2446 derelinquat
3060 2385 3131 2443 te,
3163 2392 3230 2432 ne
3257 2376 3470 2445 abjiciat
3499 2378 3555 2431 in

1973 2475 2184 2537 tempus
2211 2467 2520 2534 senectutis,
2553 2480 2673 2521 cum
2691 2465 2946 2521 defecerit
2970 2468 3135 2522 virtus
3153 2468 3280 2521 tua?
3304 2467 3415 2523 lmo
3433 2476 3555 2523 tunc

1972 2556 2026 2613 in
2058 2565 2110 2611 te
2140 2558 2243 2612 erit
2270 2557 2435 2612 virtus
2465 2557 2600 2626 ejus,
2625 2557 2837 2628 quando
2857 2556 3111 2612 defecerit
3134 2559 3299 2613 virtus
3325 2567 3433 2613 tua.

2044 2647 2132 2702 12.
2157 2646 2307 2721 [vers.
2342 2648 2429 2711 10,
2464 2645 2575 2720 11.]
2603 2647 2777 2716 Quare
2799 2648 2900 2702 hoc
2922 2648 3079 2704 dico?
3108 2667 3125 2701 ι
3155 2648 3285 2717 Quia
3308 2650 3554 2706 dixerunt

1971 2740 2172 2796 inimici
2202 2740 2307 2795 mei
2336 2739 2487 2807 mihi,
2511 2748 2566 2795 et
2586 2741 2673 2810 qui
2695 2740 3066 2795 custodiebant
3087 2742 3314 2795 animam
3343 2757 3514 2797 meam
3536 2785 3550 2807 ,

1970 2832 2249 2888 consilium
2280 2832 2521 2888 fecerunt
2550 2834 2602 2887 in
2644 2849 2831 2900 unum,
2871 2832 3107 2888 dicentes
3139 2851 3153 2887 :
3186 2835 3325 2890 Deus
3363 2836 3553 2892 dereli-

1969 2924 2084 2994 quit
2102 2939 2260 2988 eum;
2293 2924 2676 2994 persequimini
2703 2932 2757 2980 et
2783 2924 3221 2995 comprehendite
3261 2942 3405 2993 eum,
3430 2929 3551 3000 quia

1968 3029 2075 3069 non
2094 3021 2177 3069 est
2200 3015 2290 3086 qui
2306 3023 2461 3069 eruat
2487 3028 2633 3070 eum.
2673 3032 2694 3067 ι
2726 3014 2932 3069 Dictum
2958 3025 3039 3070 est
3066 3015 3169 3071 hoc
3198 3016 3266 3071 de
3289 3017 3505 3073 Christo
3536 3039 3549 3073 :

1969 3108 2058 3164 ille
2084 3110 2227 3165 enim
2273 3109 2365 3181 qui
2409 3110 2647 3180 potentia
2690 3124 2878 3181 magna
2918 3110 3241 3175 divinitatis,
3274 3126 3374 3182 qua
3409 3112 3551 3169 Patri
3596 3134 3599 3137 ·

1968 3199 2188 3270 aequalis
2206 3207 2309 3265 est,
2340 3200 2748 3255 resuscitaverat
2773 3208 3037 3268 mortuos,
3069 3202 3246 3258 subito
3267 3202 3405 3259 inter
3434 3219 3552 3259 ma-

1968 3305 2069 3346 nus
2118 3291 2451 3346 inimicorum
2496 3291 2741 3347 inﬁrmus
2789 3291 2959 3348 factus
2994 3302 3096 3361 est,
3143 3302 3197 3350 et
3226 3295 3374 3365 quasi
3419 3295 3553 3351 nihil

1966 3382 2152 3438 valens
2199 3382 2500 3452 prehensus
2541 3391 2644 3438 est.
2689 3382 2913 3451 Quando
2950 3384 3404 3455 prehenderetur,
3450 3386 3552 3441 nisi

1966 3471 2043 3527 illi
2093 3473 2266 3542 primo
2317 3472 2373 3528 in
2421 3473 2587 3529 corde
2633 3489 2731 3529 suo
2781 3474 3024 3530 dicerent
3055 3490 3069 3528 :
3103 3475 3243 3530 Deus
3290 3477 3553 3548 dereliquit
3596 3504 3599 3505 ν

1967 3564 2123 3620 εαιηῖ
2145 3563 2298 3620 Unde
2326 3563 2419 3619 illa
2464 3579 2567 3620 vox
2602 3574 2685 3620 est
2712 3566 2765 3620 iu
2791 3577 2988 3622 cruce:
3020 3565 3156 3620 Deus
3192 3583 3364 3633 meus,
3412 3567 3552 3623 Deus

1965 3672 2123 3722 meus,
2152 3655 2332 3726 utquid
2352 3656 2658 3725 dereliquisti
2681 3672 2759 3710 me
2787 3655 2956 3728 (Psal.
2984 3672 3100 3721 xxi,
3127 3657 3188 3726 2)
3204 3658 3230 3711 Ἰ
3256 3658 3394 3728 Ergo
3409 3658 3551 3713 Deus

1965 3748 2251 3818 dereliquit
2268 3746 2561 3816 Christum,
2591 3763 2714 3804 cum
2739 3748 2883 3805 Deus
2898 3758 3040 3805 esset
3068 3750 3120 3805 in
3154 3749 3368 3807 Christo
3392 3766 3551 3806 mun—
3600 3776 3605 3781 ι

1966 3840 2092 3896 dum
2121 3839 2473 3895 reconcilians
2501 3840 2599 3895 sibi
2624 3840 2643 3911 (
2674 3838 2719 3896 ιι
2762 3840 2882 3899 Cor.
2906 3857 2959 3908 ν,
2983 3840 3052 3897 19
3079 3838 3138 3914 ),
3182 3855 3303 3897 cum
3324 3852 3466 3898 esset
3496 3852 3553 3899 et

1965 3928 2211 3986 Christus
2228 3928 2389 3997 Deus,
2412 3944 2480 3985 ex
2501 3928 2701 3985 Judaeis
2733 3930 2947 4001 quidem
2994 3930 3285 3986 secundum
3312 3946 3548 3998 carnem,

1966 4024 2058 4096 qui
2087 4033 2169 4079 est
2192 4038 2355 4093 super
2377 4023 2555 4078 omnia
2582 4023 2723 4078 Deus
2739 4022 3053 4080 benedictus
3075 4023 3130 4078 in
3147 4024 3340 4079 saecula
3368 4023 3546 4097 (Rom.

1966 4131 2043 4183 ix,
2066 4115 2164 4186 5)?
2195 4115 2337 4169 Deus
2364 4113 2579 4182 reliquit
2618 4113 2800 4168 illum?
2822 4114 2993 4168 Absit.
3034 4114 3138 4169 Sed
3166 4114 3221 4169 in
3248 4124 3431 4170 vetere
3458 4131 3553 4171 uo-

1968 4214 2083 4263 stro
2110 4221 2214 4260 vox
2240 4213 2419 4261 nostra
2441 4211 2577 4271 erat,
2607 4204 2729 4273 quia
2751 4204 2908 4258 simul
2936 4204 3222 4259 cruciﬁxus
3259 4215 3375 4260 erat
3400 4215 3550 4261 vetus

1967 4298 2131 4355 homo
2154 4305 2336 4353 noster
2355 4311 2477 4352 cum
2503 4295 2625 4361 illo;
2653 4303 2707 4350 et
2731 4294 2800 4350 de
2828 4295 2943 4364 ipso
2959 4302 3140 4350 vetere
3153 4303 3338 4350 nostro
3356 4310 3549 4365 corpus

1967 4398 2279 4461 acceperat,
2308 4388 2431 4460 quia
2460 4386 2619 4443 Maria
2662 4386 2731 4442 de
2755 4385 2927 4455 Adam
2954 4393 3089 4441 erat.
3130 4384 3273 4457 Ergo
3303 4385 3443 4456 quod
3473 4387 3546 4440 illi

1969 4490 2307 4556 putaverunt,
2338 4482 2440 4536 hoc
2468 4479 2537 4535 de
2566 4493 2723 4535 cruce
2751 4477 2885 4533 dixit
2913 4496 2928 4533 :
2960 4477 3131 4545 Quare
3166 4494 3247 4533 me
3278 4477 3550 4548 dereliqui-

1968 4577 2033 4632 sti
2056 4574 2264 4647 (Matth.
2293 4587 2459 4639 xxvu,
2492 4570 2629 4642 46)?
2650 4570 2828 4638 Quare
2852 4584 2941 4624 me
2984 4568 3069 4623 isti
3111 4568 3422 4625 derelictum
3448 4584 3549 4637 pu-

1968 4673 2086 4721 tant
2099 4664 2240 4719 malo
2266 4677 2363 4719 suo
2378 4663 2401 4716 ?
2416 4661 2551 4731 Quid
2579 4669 2681 4728 est,
2708 4660 3021 4715 derelictum
3047 4667 3235 4729 putant
3258 4659 3398 4713 male
3413 4674 3510 4714 suo
3526 4660 3551 4712 ?

1970 4755 2029 4813 Si
2077 4755 2221 4811 enim
2274 4754 2691 4826 cognovissent,
2738 4765 3006 4821 nunquam
3050 4751 3329 4807 Dominum
3369 4753 3550 4822 glorise

1972 4846 2361 4904 cruciﬁxissent
2387 4844 2448 4916 (l
2477 4843 2595 4900 Cor.
2627 4859 2685 4909 ιι,
2714 4840 2804 4914 8).
2836 4839 3224 4912 Persequimiui,
3251 4852 3297 4896 et
3320 4858 3550 4911 compre-

1976 4938 2176 4994 hendite
2194 4954 2327 4993 eum.
2367 4935 2704 4991 Familiarius
2728 4942 2903 4987 tamen
2932 4931 3062 4999 hoc,
3094 4934 3300 4997 fratres,
3327 4933 3527 5001 accipia

1973 5044 2095 5085 mus
2140 5043 2206 5084 ex
2249 5027 2502 5083 membris
2535 5024 2754 5091 Christi,
2802 5032 2858 5078 et
2885 5037 3069 5078 vocem
3099 5033 3332 5078 nostram
3374 5024 3425 5077 in
3472 5022 3553 5076 his

1974 5119 2153 5177 verbis
2171 5130 2520 5189 agnoscamus
2540 5130 2554 5168 :
2579 5115 2700 5185 quia
2730 5123 2784 5169 et
2807 5113 2897 5169 ille
2914 5114 3044 5169 tales
3060 5128 3221 5168 voces
3243 5127 3307 5167 ex
3326 5126 3552 5180 persona

1976 5220 2159 5267 nostra
2185 5209 2386 5275 habuit,
2416 5223 2521 5263 non
2550 5222 2616 5261 ex
2654 5207 2888 5277 potentia
2913 5215 2969 5262 et
2996 5205 3271 5275 majestate
3308 5218 3431 5268 sua;
3461 5204 3553 5258 sed

1977 5310 2044 5359 ex
2066 5318 2128 5359 eo
2151 5303 2293 5373 quod
2324 5301 2494 5356 factus
2530 5308 2614 5355 est
2642 5309 2864 5369 propter
2891 5313 3013 5365 nos,
3045 5313 3151 5353 non
3177 5295 3474 5352 secundum
3502 5295 3554 5351 id

1977 5394 2118 5466 quod
2144 5403 2262 5449 erat
2288 5392 2377 5462 qui
2406 5390 2530 5446 fecit
2558 5404 2681 5445 nos.

2054 5526 2139 5580 15.
2167 5522 2315 5597 [vers.
2350 5521 2463 5595 12.]
2489 5521 2706 5576 Domine
2736 5521 2869 5575 Deus
2898 5536 3054 5585 meus,
3084 5535 3146 5573 ne
3169 5519 3367 5591 elouges
3396 5535 3428 5572 a
3458 5535 3553 5575 me.

1980 5616 2055 5673 Ita
2087 5619 2163 5683 ﬁt,
2194 5625 2379 5671 etnon
2421 5617 2633 5685 elongat
2660 5615 2897 5669 omnino.
2943 5612 3114 5683 Prope
3152 5620 3233 5669 est
3280 5612 3421 5666 enim
3454 5612 3555 5665 Do~
3610 5618 3615 5625 ‘

350 5706 383 5779 ξ
399 5707 560 5761 Forte,
595 5699 650 5750 in
672 5703 889 5762 tempus;
911 5699 967 5745 ut
998 5691 1254 5756 aliquoties
1293 5687 1433 5750 infra,
1461 5688 1601 5752 juxta
1622 5686 1867 5750 ϐιαιοηὼ

1981 5710 2156 5764 minus
2182 5706 2265 5761 his
2289 5706 2377 5775 qui
2406 5706 2733 5760 obtrivcrunt
2758 5718 2849 5757 cor
2871 5701 3042 5772 (Psal.
3068 5718 3253 5772 χχχιιι,
3285 5701 3399 5773 19).
3422 5700 3559 5761 Deus
3606 5774 3609 5779 η

278 5765 600 5890 ηὲνῧέξιιιοι
619 5830 746 5886 Mss,
769 5819 821 5872 in
842 5815 1188 5884 inﬁrmitatem,
1208 5812 1262 5866 in
1282 5809 1424 5867 istam
1442 5816 1747 5864 senectutem.

1864 5818 1881 5839 δ
1983 5815 2141 5869 meus,
2171 5801 2222 5854 in
2248 5799 2555 5870 adjutorium
2581 5811 2744 5850 meum
2770 5796 2977 5865 respice.
