4076 6480
541 523 630 580 14.
663 520 813 596 [vers.
833 517 948 594 15.]
965 514 1360 591 Confundantur
1379 521 1427 571 et
1450 513 1690 584 deﬁciant
1702 513 2063 569 committentes

470 619 695 673 animam
707 632 890 670 meam.
913 611 1053 680 Quid
1070 609 1311 682 optavit?
1337 607 1729 681 Confundantur
1741 614 1789 661 et
1801 605 2058 676 deficiant.

468 710 648 780 Quare
661 706 908 780 optavit?
933 704 1307 761 Committentes
1326 703 1551 756 animam
1573 716 1758 755 meam.
1788 699 1925 767 Quid
1954 711 2058 768 est,

469 789 832 860 committentes
844 801 1066 856 animum
1087 798 1286 853 meam?
1306 795 1712 851 Committentes
1726 794 1878 867 quasi
1909 795 1960 850 in
1983 795 2059 851 ri-

469 910 598 952 1am
611 893 862 965 aliquam.
880 889 1148 948 Committi
1161 889 1302 945 enim
1315 886 1587 956 dicuntur,
1600 885 1691 957 qui
1707 885 1865 942 rixari
1879 900 2062 956 provo-

468 995 679 1046 cantur.
696 985 754 1042 Si
773 984 982 1056 ergoita
1003 991 1104 1050 est,
1118 994 1402 1037 caveamus
1420 978 1814 1036 committentes
1829 978 2061 1038 animam

468 1086 730 1135 nostram.
762 1077 902 1146 Quid
947 1084 1060 1140 est,
1092 1073 1488 1130 committentes
1517 1071 1748 1126 animam
1779 1079 2015 1126 nostram
2036 1073 2062 1126 ἲ

467 1169 653 1228 Primo
682 1175 1030 1240 provocantes
1062 1181 1162 1221 nos
1184 1165 1360 1220 utDeo
1381 1162 1716 1230 resistamus,
1740 1171 1798 1218 ut
1825 1163 1878 1218 in
1900 1163 2060 1220 malis

466 1262 670 1318 nostris
701 1262 839 1316 Deus
859 1258 1015 1315 nobis
1033 1257 1331 1328 displiceat.
1363 1254 1588 1325 Quando
1617 1256 1759 1310 enim
1782 1266 1960 1311 rectus
1976 1272 2058 1324 es,

468 1361 529 1409 ut
552 1353 725 1409 bonus
752 1352 822 1408 sit
850 1351 941 1406 tibi
959 1351 1100 1406 Deus
1120 1347 1304 1416 Israel,
1328 1347 1501 1403 bonus
1522 1347 1682 1402 rectis
1701 1346 1864 1402 corde
1885 1347 2055 1418 (Psai.

469 1461 642 1514 Lxxn,
656 1445 752 1516 2)?
776 1442 988 1515 quando
1012 1450 1189 1498 rectus
1209 1439 1307 1496 es?
1328 1441 1408 1495 vis
1429 1439 1656 1495 audire?
1678 1438 1900 1508 Quando
1918 1440 1972 1494 in
1992 1454 2059 1496 eo

471 1536 610 1594 bono
625 1537 766 1609 quod
781 1535 1079 1606 facis,Deus
1093 1534 1187 1590 tibi
1205 1534 1406 1604 placet;
1422 1533 1473 1587 in
1488 1547 1552 1588 eo
1568 1541 1745 1587 autem
1761 1531 1902 1586 malo
1917 1531 2060 1603 quod

468 1633 692 1703 pateris,
726 1632 866 1688 Deus
892 1629 988 1686 tibi
1015 1644 1122 1684 non
1146 1627 1411 1698 displicet.
1440 1623 1632 1682 Videte
1656 1624 1785 1696 quid
1808 1624 2057 1691 dixerim,

451 1710 678 1790 fratres,
727 1733 780 1778 et
814 1722 956 1777 cauti
983 1729 1152 1777 estote
1181 1727 1367 1775 contra
1409 1717 1807 1772 committentes
1850 1716 2057 1771 animas

467 1793 692 1871 vestras.
723 1814 924 1870 Omnes
952 1813 1096 1868 enim
1120 1812 1211 1883 qui
1240 1810 1516 1866 vobiscum
1541 1817 1725 1879 agunt,
1757 1817 1815 1864 ut
1843 1809 1896 1864 in
1926 1824 2062 1865 mte-

465 1908 677 1968 roribus
705 1917 763 1965 et
787 1905 1218 1964 tribulationibus
1266 1902 1580 1975 fatigemini,
1628 1902 1681 1957 id
1709 1909 1893 1973 agunt,
1925 1911 1982 1957 ut
2005 1903 2060 1959 in

465 2015 532 2057 eo
555 1999 696 2071 quod
740 1999 981 2071 patimini
1014 1998 1154 2053 Deus
1181 1995 1333 2052 vobis
1376 1994 1674 2064 displiceat,
1706 2003 1761 2049 et
1797 2002 1953 2050 exeat
1993 2009 2061 2050 ex

464 2107 560 2149 ore
584 2100 762 2148 vestro
790 2109 802 2144 :
831 2089 966 2160 Quid
995 2099 1078 2146 est
1103 2089 1245 2146 hoc?
1288 2086 1415 2159 quid
1441 2087 1583 2142 enim
1614 2086 1758 2141 feci?
1785 2086 1902 2142 Jam
1931 2101 2061 2156 ergo

461 2193 524 2242 tu
569 2183 701 2239 nihil
743 2182 868 2238 mali
897 2180 1089 2246 fecisti,
1122 2189 1174 2236 et
1225 2188 1280 2234 tu
1323 2179 1498 2248 justus
1537 2192 1618 2245 es,
1668 2177 1760 2232 ille
1789 2177 2060 2248 injustas?

461 2275 726 2333 Peccator
752 2289 893 2341 sum,
926 2273 1121 2344 inquis,
1166 2269 1376 2335 fateor;
1405 2269 1607 2340 justum
1636 2283 1723 2324 me
1762 2283 1869 2324 non
1916 2269 2058 2326 dico.

460 2365 572 2424 Sed
599 2364 745 2436 quid,
771 2362 1056 2435 peccator?
1083 2360 1338 2432 numquid
1361 2369 1566 2416 tantum
1589 2367 1846 2430 quantum
1867 2360 1956 2415 ille
1975 2359 2061 2416 cui

461 2459 604 2516 bene
618 2457 736 2514 est?
755 2464 1012 2528 quantum
1034 2454 1197 2510 Gaius
1217 2453 1417 2509 Seius?
1443 2453 1555 2522 Ego
1574 2452 1687 2508 scio
1709 2452 1847 2507 mala
1871 2452 2057 2522 ipsius,

461 2565 566 2621 ego
581 2550 693 2605 scio
719 2547 1024 2618 iniquitates
1049 2545 1233 2616 ipsius,
1259 2558 1290 2598 a
1311 2543 1502 2615 quibus
1521 2557 1644 2614 ego,
1667 2544 1768 2598 etsi
1791 2551 2055 2613 peccator,

459 2640 623 2712 longe
658 2639 885 2705 absum;
915 2646 969 2693 et
1001 2645 1177 2692 tamen
1223 2635 1378 2690 video
1407 2649 1529 2690 eum
1573 2633 1768 2689 florere
1811 2635 2060 2690 omnibus

459 2730 641 2799 bonis,
673 2739 726 2786 et
750 2745 848 2802 ego
881 2737 1023 2784 tanta
1054 2728 1266 2799 patior!
1298 2726 1416 2782 Non
1439 2741 1566 2798 ergo
1595 2725 1715 2782 ideo
1738 2726 1896 2784 dico:
1920 2728 2059 2784 Deus

460 2823 591 2896 quid
619 2822 712 2878 tibi
751 2821 872 2888 feci,
901 2821 1024 2891 quia
1069 2820 1199 2876 nihil
1228 2820 1446 2875 omnino
1474 2819 1600 2874 mali
1644 2818 1745 2875 feci
1770 2835 1786 2884 ;
1816 2819 1910 2876 sed
1936 2820 2060 2890 quia

459 2932 571 2976 non
602 2925 805 2972 tantum
847 2914 971 2982 feci,
1000 2923 1059 2969 ut
1101 2914 1202 2968 ista
1226 2912 1418 2984 dignus
1463 2912 1565 2968 sim
1614 2912 1741 2982 pati.
1775 2911 1974 2968 lterum
2003 2922 2060 2968 tu

459 3008 637 3083 justus
666 3021 745 3076 es,
775 3006 867 3062 ille
893 3005 1160 3076 injustas?
1193 3004 1394 3075 Evigila
1433 3003 1634 3066 miser;
1666 3003 1953 3060 commissa
1978 3013 2062 3060 est

459 3101 642 3157 anima
686 3109 796 3155 tua.
842 3097 982 3166 Non,
1029 3097 1224 3168 inquit,
1255 3111 1356 3168 ego
1379 3095 1582 3166 justum
1630 3110 1719 3151 me
1761 3094 1890 3152 dixi.
1920 3097 2060 3165 Quid

461 3207 592 3264 ergo
619 3191 794 3247 dicis?
818 3189 1077 3246 Peccator
1103 3203 1245 3255 sum,
1273 3186 1369 3244 sed
1399 3201 1508 3242 non
1535 3194 1681 3242 tanta
1707 3187 1954 3244 commisi
2000 3197 2061 3244 ut

461 3285 566 3344 ista
595 3284 783 3356 dignus
812 3297 988 3340 essem
1034 3281 1163 3351 pati.
1207 3279 1326 3336 Non
1356 3294 1486 3350 ergo
1530 3277 1666 3335 dicis
1713 3279 1845 3348 Deo,
1876 3280 2060 3338 Justus

460 3392 605 3448 sum,
633 3385 689 3434 et
712 3386 770 3433 tu
808 3363 868 3433 es
907 3375 1135 3447 injustus
1157 3392 1173 3441 ;
1198 3373 1309 3438 sed
1350 3373 1505 3441 dicis,
1536 3373 1769 3444 lnjustus
1794 3389 1934 3443 sum,
1964 3375 2061 3431 sed

461 3476 522 3525 tu
551 3483 613 3525 es
652 3467 922 3539 injustior.
953 3467 1093 3523 Ecce
1122 3465 1409 3522 commissa
1453 3473 1537 3520 est
1564 3464 1741 3520 anima
1771 3474 1880 3532 tua,
1931 3481 2060 3523 ecce

461 3559 572 3633 jam
614 3559 816 3616 bellum
859 3559 998 3631 gerit
1042 3559 1220 3614 anima
1263 3565 1372 3616 tua.
1421 3555 1596 3624 Quae?
1625 3563 1812 3612 contra
1858 3559 2060 3628 quem?

460 3653 658 3712 Anima
688 3662 798 3720 tua,
831 3661 1016 3710 contra
1044 3653 1214 3710 Deum
1239 3667 1255 3717 ;
1285 3665 1404 3722 quae
1427 3649 1566 3724 facta
1592 3658 1698 3714 est,
1724 3657 1911 3706 contra
1937 3666 2060 3707 eum

463 3758 499 3800 a
523 3759 630 3815 quo
653 3743 792 3801 facta
813 3753 917 3802 est.
943 3744 1038 3799 Vel
1066 3742 1190 3814 quia
1215 3757 1275 3798 es
1300 3755 1420 3812 quae
1447 3751 1634 3798 contra
1660 3741 1806 3796 illum
1833 3742 2057 3810 clames,

464 3834 673 3907 ingrata
717 3850 796 3890 es.
843 3835 978 3898 Redi
1022 3849 1151 3904 ergo
1181 3833 1250 3888 ad
1295 3831 1689 3895 confessionem
1736 3832 2062 3892 infirmitatis

465 3935 612 3994 tum;
641 3927 866 3996 implora
895 3925 1091 3980 medici
1118 3939 1356 3979 manum.
1385 3922 1504 3980 Non
1531 3923 1626 3978 tibi
1653 3923 1938 3980 videantur
1978 3926 2060 3982 fe-

464 4019 600 4078 lices
627 4019 721 4090 qui
765 4017 960 4074 floreut
991 4016 1060 4072 ad
1092 4025 1322 4088 tempus.
1353 4016 1432 4071 Tu
1458 4017 1773 4088 castigaris;
1802 4019 1906 4074 illis
1934 4034 2060 4088 par.

465 4111 608 4168 citur
639 4128 653 4165 :
683 4110 822 4166 forte
847 4109 940 4164 tibi
966 4107 1228 4179 castigato
1253 4116 1308 4164 et
1335 4107 1618 4164 emendato
1643 4108 1754 4164 filio
1777 4108 2063 4168 hmreditas

463 4209 791 4262 reservatur.
843 4198 978 4256 Redi
1023 4213 1182 4270 ergo,
1227 4197 1363 4264 redi,
1412 4199 1806 4269 praevaricator,
1855 4201 1924 4256 ad
1968 4216 2063 4257 cor

466 4295 621 4366 (Isas'.
644 4309 792 4362 xmn,
813 4293 910 4363 8);
938 4305 1045 4347 non
1069 4289 1629 4348 committatur-anima
1649 4299 1760 4346 tua.
1789 4291 2062 4349 Potentior

465 4395 550 4444 est
575 4386 804 4443 multum
839 4384 924 4439 cui
965 4382 1166 4439 bellum
1208 4380 1465 4438 indixisti.
1513 4382 1723 4450 Quanto
1751 4384 2062 4454 grandiores

465 4479 670 4552 lapides
694 4478 747 4533 in
776 4477 974 4534 caelum
997 4474 1226 4541 miseris,
1259 4483 1407 4530 tanto
1430 4482 1485 4531 te
1513 4475 1700 4532 fortior
1727 4477 1878 4533 ruina
1906 4493 2059 4548 pres-

465 4587 594 4632 Sura
617 4580 718 4628 est.
750 4570 884 4627 Redi
923 4569 1137 4640 potius;
1184 4583 1417 4640 agnosce
1446 4576 1518 4624 te.
1551 4568 1696 4625 Deus
1738 4579 1821 4626 est
1847 4571 1936 4641 qui
1964 4571 2060 4626 tibi

468 4665 718 4735 displicet
747 4681 762 4719 :
786 4662 1084 4726 erubesce;
1117 4669 1175 4716 tu
1201 4659 1296 4716 tibi
1323 4659 1564 4730 displice.
1595 4659 1737 4715 Nihil
1761 4661 1889 4717 boni
1918 4661 2064 4718 face-

467 4772 581 4825 res,
611 4755 715 4812 nisi
742 4755 832 4811 ille
856 4755 1027 4810 bonus
1046 4760 1228 4818 esset;
1259 4760 1314 4808 et
1339 4752 1470 4808 nihil
1493 4751 1622 4806 mihi
1647 4753 1927 4822 patereris,
1956 4753 2063 4809 nisi

469 4850 559 4907 ille
571 4849 747 4920 justus
766 4856 928 4902 esset.
957 4845 1158 4917 Evigila
1180 4860 1308 4916 ergo
1324 4845 1376 4900 in
1398 4845 1533 4900 hanc
1557 4859 1744 4900 vocem
1770 4862 1784 4900 :
1811 4844 2062 4901 Dominus

442 4895 1158 5006 3;;;:;‘3;.;.;;;‘.;.;;.7.I;
1183 4895 1311 4992 ξέΣᾷ
1326 4895 1547 4990 ὗάὶτίὲέιὶ
1571 4895 1851 5006 ῥὶᾷἇὲιέιᾷ
1867 4895 2062 5005 ὶὲέέέᾶιᾶ

445 4999 543 5101 les:
571 5049 593 5089 .-
613 4999 684 5089 si:
708 5045 891 5087 nomen
918 5029 1123 5084 Domini
1138 4999 1460 5083 benedictum
1487 4999 1610 5101 (Job
1657 5037 1698 5096 ι,
1728 5027 1843 5101 si).
1871 4999 2061 5099 lnjusti

448 5102 625 5200 {erant
665 5123 756 5196 qui
777 5122 927 5194 juxta
955 5120 1057 5177 Job
1087 5102 1478 5191 putrescentem
1521 5119 1644 5176 sani
1669 5120 1924 5176 sedebant
1949 5120 2058 5188 (Id.

445 5215 525 5284 'n,
559 5215 650 5286 15)
676 5232 690 5281 ;
719 5223 777 5271 et
817 5221 995 5269 tamen
1040 5211 1132 5266 ille
1158 5211 1497 5283 recipiendus
1541 5211 1927 5283 ﬂagellabatur,
1957 5213 2062 5268 illis

465 5305 756 5381 puniendis
775 5304 1112 5376 parcebatur.
1140 5301 1407 5374 Quidquid
1431 5317 1560 5374 ergo
1583 5302 1941 5360 tribulationis
1966 5304 2061 5360 tibi

465 5398 758 5468 acciderit,
807 5395 1062 5468 quidquid
1105 5394 1496 5461 insultationis,
1546 5410 1654 5452 non
1701 5397 2063 5452 committatur

469 5494 646 5550 anima
667 5501 757 5548 tua
778 5509 792 5558 ;
819 5506 925 5547 non
946 5491 1329 5556 committatur,
1349 5506 1453 5546 non
1474 5490 1645 5547 solum
1663 5501 1847 5546 contra
1871 5492 2060 5558 Deum,

471 5586 570 5646 sed
593 5600 694 5642 nec
719 5593 906 5640 contra
933 5600 1026 5640 eos
1052 5584 1196 5656 ipsos
1219 5584 1309 5656 qui
1336 5583 1431 5638 tibi
1458 5583 1558 5639 ista
1591 5583 1809 5642 faciunt.
1839 5583 1896 5638 Si
1920 5584 2062 5638 enim

471 5677 560 5736 vel
588 5678 733 5750 ipsos
757 5676 881 5733 odio
915 5674 1205 5744 habueris;
1235 5685 1290 5733 et
1315 5685 1500 5732 contra
1527 5676 1646 5731 illos
1671 5675 1955 5731 commissa
1982 5684 2065 5732 est

479 5769 654 5828 anima
675 5779 783 5826 tua.
806 5769 1031 5825 Prorsus
1051 5765 1125 5824 illi
1148 5770 1342 5842 gratias
1359 5785 1490 5842 age;
1514 5784 1613 5841 pro
1628 5769 1742 5825 istis
1765 5783 1878 5823 ora.
1903 5768 2065 5826 Forte

469 5862 625 5927 enim
647 5871 705 5924 et
726 5863 897 5922 oratio
921 5878 1018 5935 pro
1046 5863 1176 5935 ipsis
1203 5872 1286 5921 est
1309 5863 1412 5921 ista
1449 5877 1609 5935 quam
1649 5861 1844 5919 audisti
1881 5878 1897 5923 ε
1932 5859 2066 5920 Con-

1701 391 1758 449 s.
1794 369 2159 447 AUGUSl‘lNl
2191 361 2494 447 El’lSUUi’l

3645 411 3759 476 εει

2167 513 2448 585 fundantur
2463 525 2514 575 et
2535 517 2778 591 deﬁciant
2794 519 3151 576 «amittentes
3169 523 3391 581 animum
3409 537 3591 585 meum.
3614 530 3758 588 Cons

2167 608 2449 678 fundantur
2473 617 2522 668 et
2566 611 3090 682 deficiant:multum
3126 616 3267 671 enim
3312 617 3381 676 de
3418 619 3625 692 iustitia
3655 633 3758 686 sus

2167 711 2533 770 przcsumuut;
2559 718 2688 776 ergo
2711 705 3124 765 confundantur.
3165 709 3279 766 Hoc
3304 711 3412 769 illis
3451 718 3671 787 expedit
3696 729 3760 779 ut

2167 801 2382 863 peccata
2423 809 2522 851 sua
2550 807 2894 867 cognoscant,
2923 798 3062 855 unde
3105 802 3493 861 confundantur
3517 816 3574 865 et
3613 811 3756 870 deii-

2167 885 2328 951 ciant,
2360 888 2501 943 male
2537 889 2682 944 enim
2723 889 2794 946 de
2835 890 3037 948 viribus
3080 894 3194 948 suis
3235 900 3667 970 praesumebant;
3699 919 3756 961 et

2166 975 2266 1047 ipsi
2293 977 2487 1036 defecti
2511 980 2711 1049 dicant,
2745 982 2963 1050 Quando
2990 985 3247 1055 inﬁrmor,
3289 997 3408 1046 tunc
3432 1001 3608 1062 potens
3641 1009 3759 1054 sum

2168 1068 2236 1140 (ll
2265 1069 2381 1126 Cor.
2413 1087 2508 1139 xu,
2541 1074 2664 1144 10);
2691 1085 2744 1128 et
2771 1075 2872 1146 ipsi
2897 1076 3090 1133 deiecti
3114 1078 3316 1149 dicant,
3344 1081 3426 1139 Ne
3443 1086 3658 1156 abjicias
3677 1107 3761 1148 me

2166 1163 2218 1220 in
2239 1173 2434 1235 tempus
2454 1168 2740 1222 senectutis.
2774 1168 2978 1225 Bonum
3007 1187 3135 1243 ergo
3162 1174 3268 1230 illis
3291 1180 3512 1247 optavit,
3536 1189 3596 1237 ut
3623 1198 3758 1240 con-

2166 1252 2454 1312 fundantur
2477 1257 2544 1312 de
2571 1259 2724 1314 malis
2753 1260 2884 1325 suis,
2912 1271 2966 1316 et
2988 1261 3239 1321 deﬁciant
3266 1282 3296 1322 a
3326 1272 3595 1340 perversis
3619 1276 3749 1332 viri-

2167 1344 2267 1402 bus
2295 1348 2442 1413 suis;
2469 1357 2524 1404 et
2552 1358 2679 1406 tunc
2700 1350 2811 1420 jam
2837 1351 3030 1409 defecti
3056 1365 3110 1411 et
3134 1357 3339 1415 confusi
3367 1376 3611 1432 quaerant
3634 1367 3758 1426 illu-

2165 1438 2482 1494 minatorem
2513 1455 2543 1494 a
2573 1442 2903 1509 confusione,
2933 1454 2987 1500 et
3016 1447 3333 1506 refectorem
3360 1467 3392 1508 a
3425 1454 3751 1519 defectione.

2168 1528 2409 1601 Denique
2454 1530 2572 1587 vide
2600 1533 2727 1603 quid
2771 1537 3012 1606 sequitur
3037 1553 3053 1591 :
3082 1538 3376 1598 Induantur
3402 1550 3760 1620 confusionem

2166 1629 2212 1676 et
2234 1625 2602 1693 verecundiam,
2642 1627 2729 1696 qui
2752 1629 2975 1699 cogitant
2997 1630 3121 1686 mihi
3142 1635 3297 1692 mala.
3331 1637 3690 1712 Confusionem
3709 1655 3762 1702 et

2165 1718 2513 1773 verecundiam
2543 1735 2562 1776 :
2589 1720 2955 1779 confusionem
2985 1723 3052 1780 de
3080 1727 3215 1782 mala
3245 1733 3570 1790 conscientia
3600 1755 3615 1805 ;
3659 1755 3761 1797 ve-

2165 1809 2472 1866 recundiam
2520 1822 2736 1883 propter
2778 1816 3114 1872 modestiam.
3162 1819 3280 1876 Fiat
3320 1821 3422 1880 hoc
3468 1827 3519 1883 in
3549 1829 3675 1899 illis,
3704 1842 3762 1890 et

2164 1901 2291 1958 boni
2318 1912 2495 1960 erunt.
2537 1905 2652 1961 Non
2683 1907 2774 1962 tibi
2819 1907 3060 1966 videatur
3091 1915 3281 1971 saevire
3309 1932 3324 1969 :
3356 1919 3558 1977 utinam
3590 1937 3759 1982 exau-

2165 1994 2341 2052 diatur
2366 2013 2460 2068 pro
2489 1998 2593 2054 illis
2617 2000 2632 2054 l
2661 1999 2793 2056 Nam
2819 2003 3009 2059 saevire
3040 2005 3317 2063 videbatur
3353 2019 3409 2066 et
3431 2013 3756 2086 Stephanus,

2166 2090 2378 2160 quando
2405 2106 2503 2147 ore
2538 2091 2833 2150 flammanti
2880 2097 3042 2153 verba
3075 2100 3160 2156 illa
3204 2102 3538 2172 jaculabatur
3567 2128 3581 2166 :
3611 2109 3763 2169 Dura

2166 2183 2372 2252 cervice,
2401 2194 2448 2240 et
2485 2203 2588 2241 non
2615 2188 2897 2244 circumcisi
2925 2192 3076 2247 corde
3105 2205 3150 2248 et
3179 2197 3409 2268 auribus,
3454 2218 3538 2258 vos
3561 2220 3762 2278 semper

2165 2277 2435 2332 resistitis‘
2479 2278 2699 2350 Spiritui
2737 2293 2932 2338 sancto.
2983 2285 3150 2353 Quam
3179 2301 3400 2347 accensa
3440 2293 3707 2354 iracundia
3734 2343 3752 2368 ,

2166 2385 2324 2440 quam
2368 2371 2656 2428 vehemens
2700 2375 2960 2432 adversus
3003 2378 3283 2437 inimicos!
3316 2383 3603 2444 Commissa
3653 2391 3750 2448 tibi

2165 2462 2376 2518 videtur
2399 2465 2574 2520 anima
2604 2465 2791 2536 ipsius.
2822 2469 2995 2524 Absit.
3040 2471 3278 2529 Salutem
3310 2477 3535 2546 ipsorum
3564 2483 3751 2550 requi-

2165 2555 2354 2621 rebat;
2402 2555 2740 2626 phreneticos
2791 2561 2931 2616 male
2980 2564 3264 2623 smvicntes
3314 2568 3489 2625 verbis
3532 2572 3755 2644 ligabat.

2165 2646 2296 2704 Nam
2325 2648 2445 2706 vide
2471 2651 2591 2722 quia
2636 2667 2744 2708 non
2773 2663 2889 2709 erat
2911 2658 3195 2712 commissa
3223 2661 3398 2717 anima
3430 2662 3619 2734 ipsius,
3649 2683 3758 2725 non

2167 2739 2340 2796 solum
2367 2752 2549 2798 contra
2595 2743 2784 2814 Deum,
2816 2747 2909 2802 sed
2937 2764 3035 2804 nec
3061 2759 3246 2806 contra
3277 2752 3423 2823 ipsos
3455 2775 3468 2810 :
3500 2755 3715 2814 Domine
3741 2804 3757 2830 ,

2164 2831 2354 2903 inquit,
2385 2833 2528 2898 Iesu,
2561 2838 2731 2908 accipe
2775 2839 3011 2909 spiritum
3037 2859 3224 2898 meum.
3269 2843 3386 2902 Non
3413 2849 3460 2904 ei
3490 2849 3760 2921 displicuit

2164 2924 2338 2993 Jesus,
2353 2930 2474 3000 quia
2492 2933 2713 3001 passus'
2735 2941 2850 2987 erat
2866 2931 3244 3004 lapidationem
3263 2953 3359 3008 pro
3379 2942 3544 2998 verbo
3567 2943 3756 3016 ipsius;

2164 3033 2271 3074 non
2293 3035 2419 3091 ergo
2434 3030 2547 3076 erat
2565 3024 2848 3080 commissa
2865 3027 3041 3082 anima
3061 3028 3177 3099 ejus
3201 3041 3386 3087 contra
3405 3033 3595 3092 Deum.
3618 3033 3756 3095 item

2165 3108 2317 3176 dixit,
2341 3111 2573 3182 Domine,
2596 3131 2658 3168 ne
2675 3124 2866 3171 statuas
2888 3117 2992 3172 illis
3013 3118 3106 3174 hoc
3130 3118 3366 3178 delictum
3387 3123 3521 3194 (Act.
3546 3144 3639 3196 vn,
3663 3129 3756 3194 51,

2166 3202 2252 3270 58,
2282 3204 2375 3273 59)
2407 3219 2554 3261 :non
2602 3221 2730 3275 ergo
2775 3215 2890 3265 erat
2928 3213 3214 3268 commissa
3257 3216 3431 3272 anima
3479 3219 3624 3289 ejus,
3659 3238 3764 3280 nec

2165 3305 2352 3350 contra
2381 3296 2622 3354 inimicos
2660 3313 2807 3355 suos.
2838 3299 3129 3358 Induantur
3166 3309 3511 3376 confusionem
3543 3321 3590 3366 et
3615 3330 3760 3368 vere-

2165 3387 2420 3453 cundiam,
2450 3389 2549 3456 .qui
2573 3389 2795 3461 cogitant
2832 3392 2958 3446 milii
2996 3394 3152 3449 mala.
3185 3397 3298 3454 lloc
3339 3401 3480 3455 enim
3509 3415 3761 3474 quaerunt

2165 3493 2353 3536 omnes
2379 3480 2470 3551 qui
2514 3497 2602 3536 me
2646 3482 2937 3551 tribulant;
2983 3488 3120 3543 mala
3165 3489 3293 3546 mihi
3324 3505 3591 3562 quaerunt.
3625 3497 3762 3566 Qua:

2165 3571 2306 3627 mala
2346 3570 2622 3642 quaerebat
2647 3574 2807 3629 etiam
2838 3576 3030 3634 mulier
3058 3578 3167 3647 illa,
3195 3582 3410 3653 quando
3449 3589 3719 3658 suggessit
3746 3607 3760 3644 :

2165 3662 2266 3718 Dic
2284 3664 2477 3735 aliquid
2497 3666 2550 3720 in
2573 3664 2756 3732 Deum,
2779 3676 2824 3722 et
2839 3683 3033 3724 morere
3059 3671 3176 3743 (Job
3208 3691 3276 3743 ιι,
3308 3675 3387 3746 9).
3419 3675 3486 3732 Et
3512 3678 3600 3735 illa
3623 3697 3765 3738 uxor

2166 3755 2368 3824 Tobiae,
2401 3772 2522 3828 quae
2561 3757 2639 3813 ait
2666 3759 2901 3814 marito:
2939 3757 3038 3816 Ubi
3080 3771 3199 3818 sunt
3214 3766 3428 3836 justitia:
3455 3777 3554 3822 tua:
3603 3767 3759 3842 (T06.

2165 3867 2224 3917 ιι,
2250 3850 2385 3923 2‘2)?
2410 3851 2490 3906 Ad
2518 3851 2620 3907 hoc
2657 3851 2886 3920 dicebat,
2923 3862 2983 3910 ut
3010 3855 3316 3926 displiceret
3363 3855 3438 3915 illi
3473 3861 3631 3929 Deus,
3666 3866 3763 3936 qui

2167 3941 2316 4000 illum
2341 3943 2754 4001 feceratctecum
2780 3962 2794 4013 ;
2826 3954 3023 4004 etcum
3050 3947 3124 4005 illi
3155 3949 3484 4024 displiceret,
3506 3957 3760 4013 commit-

2167 4042 2371 4090 teretur
2397 4035 2570 4090 anima
2602 4035 2788 4107 ipsius.
2918 4046 2925 4053 ‘

2239 4126 2328 4183 15.
2361 4125 2511 4200 [vers.
2541 4126 2656 4203 “.1
2682 4129 2737 4185 Si
2759 4145 2888 4202 ergo
2911 4143 3069 4187 nemo
3094 4125 3190 4188 tibi
3213 4129 3516 4194 tribulando
3536 4153 3757 4209 persua-

2167 4218 2315 4285 serit,
2342 4235 2502 4276 nemo
2544 4223 2830 4278 extorserit
2858 4232 2914 4279 ut
2959 4223 3052 4281 tibi
3092 4225 3370 4298 displiceat
3400 4230 3538 4287 Deus
3569 4232 3620 4288 in
3666 4232 3762 4291 his

2167 4323 2286 4382 quae
2314 4313 2531 4383 pateris,
2557 4323 2647 4369 aut
2672 4325 2731 4369 ut
2760 4316 2937 4373 oderis
2960 4317 3204 4376 homines
3235 4337 3331 4392 per
3355 4338 3488 4393 quos
3516 4325 3718 4394 pateris
3743 4368 3763 4395 ,

2167 4419 2274 4461 non
2296 4407 2640 4462 committitur
2651 4408 2824 4464 anima
2848 4419 2966 4477 tua;
2995 4410 3088 4467 sed
3109 4428 3327 4470 securus
3351 4413 3484 4472 dicis
3499 4416 3641 4488 quod
3669 4435 3765 4474 se-

2166 4495 2347 4567 quitur
2374 4515 2386 4551 :
2416 4495 2528 4569 Ego
2554 4509 2720 4554 autem
2748 4519 2944 4571 semper
2986 4504 3038 4557 in
3083 4514 3130 4558 te
3157 4506 3387 4578 sperabo,
3433 4519 3480 4563 et
3516 4511 3768 4581 adjiciam

2165 4603 2318 4658 super
2338 4603 2532 4643 omnem
2558 4589 2757 4644 laudem
2783 4599 2940 4650 tuam.
2970 4593 3106 4661 Quid
3138 4605 3217 4650 est
3245 4597 3392 4652 hoc?
3424 4599 3638 4657 Movere
3662 4620 3770 4660 nos

2167 4677 2347 4746 debet,
2378 4680 2618 4750 adjiciam
2644 4698 2795 4752 super
2814 4700 3013 4740 omnem
3052 4685 3253 4741 laudem
3275 4698 3432 4746 tuam.
3467 4689 3771 4751 Pcrfemio-

2168 4785 2281 4825 rem
2308 4769 2542 4826 facturus
2567 4787 2624 4826 es
2655 4770 2864 4828 laudem
2896 4774 2988 4831 Dei
3015 4776 3038 4830 ?
3067 4785 3150 4832 est
3177 4780 3377 4852 aliquid
3400 4783 3540 4853 quod
3566 4800 3770 4854 super-

2167 4859 2487 4931 adjiciatur?
2514 4864 2560 4917 ei
2599 4863 2710 4934 jam
2752 4865 2926 4921 omnis
2971 4867 3058 4923 illa
3090 4869 3206 4925 laus
3232 4881 3331 4937 est,
3365 4881 3418 4927 tu
3449 4875 3578 4946 quid
3611 4877 3774 4946 adje-

2168 4961 2349 5007 ctin'us
2382 4954 2481 5008 es?
2508 4951 2772 5011 Laudatus
2797 4967 2878 5012 est
2912 4955 3049 5015 Deus
3079 4961 3130 5015 in
3153 4963 3399 5018 omnibus
3428 4963 3586 5021 bonis
3609 4965 3776 5025 factis

2168 5043 2299 5110 suis,
2331 5045 2380 5099 in
2403 5045 2547 5100 omni
2573 5057 2818 5103 creatura
2841 5065 2954 5116 sua,
2981 5049 3034 5106 in
3055 5053 3200 5107 omni
3227 5049 3558 5113 institutione
3579 5075 3774 5116 rerum

2167 5137 2428 5203 omnium,
2462 5137 2514 5192 iu
2543 5139 2932 5209 gubernatione
2959 5149 3012 5198 et
3051 5145 3312 5216 regimine
3336 5145 3678 5214 saeculorum,
3716 5153 3777 5209 in

2168 5222 2355 5284 ordine
2382 5239 2702 5300 temporum,
2757 5233 2807 5288 in
2836 5234 3122 5292 eminentia
3170 5239 3314 5307 coeli,
3342 5239 3395 5295 iu
3435 5235 3782 5301 fecunditate

2171 5327 2451 5391 terrarum,
2515 5323 2566 5377 in
2614 5325 3026 5384 circumfusione
3078 5331 3271 5399 maris,
3328 5332 3381 5388 in
3425 5335 3573 5390 omni
3629 5351 3782 5406 prae.

2168 5415 2421 5486 pollentia
2468 5418 2732 5472 nascentis
2783 5419 2978 5492 ubique
3022 5433 3304 5491 creaturae,
3357 5425 3408 5480 in
3462 5427 3593 5497 ipsis
3643 5428 3782 5488 filiis

2170 5506 2465 5574 hominum,
2500 5507 2553 5562 in
2583 5509 2756 5566 danda
2783 5510 2921 5584 lege,
2954 5514 3007 5570 in
3034 5513 3321 5573 liberandis
3341 5499 3450 5572 suis
3476 5535 3504 5573 a
3531 5522 3772 5590 captivi-

2168 5610 2278 5658 tate
2299 5599 2692 5674 .Egyptiorum,
2709 5615 2760 5660 et
2778 5608 2986 5662 caeteris
3009 5611 3255 5666 omnibus
3276 5611 3606 5667 mirabilibus
3625 5618 3780 5673 suis:

2171 5698 2404 5755 nondum
2427 5707 2540 5754 erat
2566 5699 2806 5755 laudatus
2833 5702 2885 5756 in
2911 5715 2976 5758 eo
2995 5704 3136 5775 quod
3156 5707 3428 5766 suscitavit
3453 5715 3680 5764 carnem
3713 5712 3776 5770 in

2235 5810 2253 5844 ¹
2279 5813 2356 5859 Er.
2376 5815 2431 5859 et
2449 5817 2576 5870 κει,
2596 5805 2853 5862 restitistis.

2233 5872 2254 5905 ²
2275 5871 2349 5923 sic
2370 5879 2475 5925 Mss.
2495 5880 2551 5925 At
2567 5872 2702 5937 Edd.,
2724 5886 2970 5937 passurus.
