4076 6494
305 523 493 585 sitam
530 507 808 583 ωιεωιω.
834 504 915 576 Sit
938 532 1066 591 ergo
1094 510 1194 575 ista
1223 514 1341 575 laus
1367 515 1571 588 adjecta
1604 530 1697 589 per
1720 529 1905 572 resur-

323 616 623 674 rectionem
651 613 860 669 Domini
909 611 1075 668 nostri
1104 606 1233 667 Jesu
1278 608 1517 677 Christi;
1560 617 1620 664 ut
1661 610 1746 663 bic
1796 608 1913 678 ejus

322 688 514 768 vocem
534 707 891 778 intelligamus
916 720 1077 776 super
1097 719 1312 760 omnem
1333 703 1542 760 laudem
1567 701 1911 773 pratteritam:

322 803 404 859 sic
432 801 537 858 hoc
562 810 617 858 et
645 808 790 856 recte
816 798 1177 868 intelligimus.
1207 794 1367 866 Quid,
1398 806 1452 851 tu
1483 793 1619 851 forte
1640 803 1912 866 peccator,

321 895 413 965 qui
445 892 673 948 timebas
701 888 963 947 committi
992 888 1221 943 animam
1251 896 1415 953 tuam,
1447 886 1537 958 qui
1564 884 1617 942 in
1654 886 1772 958 ipso
1797 883 1915 941 solo

320 986 602 1058 sperabas,
631 993 749 1040 uta
777 983 948 1054 prima
982 982 1066 1038 illa
1112 981 1419 1053 captivitate
1466 978 1787 1046 liberareris,
1822 978 1913 1050 qui

320 1078 389 1134 de
401 1077 608 1149 iustitia
622 1085 707 1133 tua
722 1092 825 1131 non
842 1076 1220 1146 praesumebas,
1236 1074 1329 1131 sed
1346 1074 1413 1130 de
1424 1074 1588 1146 gratia
1607 1074 1911 1140 illiusquam

322 1168 665 1225 commendat
702 1168 790 1225 hic
827 1168 1100 1239 psalmus;
1134 1165 1279 1238 quid,
1335 1174 1391 1220 tu
1438 1163 1660 1234 adjicies
1713 1162 1913 1236 aliquid

320 1277 486 1331 super
508 1276 727 1319 omnem
752 1260 964 1317 laudem
997 1259 1133 1315 Dei?
1176 1257 1458 1330 Adjiciam,
1492 1257 1682 1329 inquit.
1715 1255 1913 1310 Videa-

320 1368 443 1407 mus
463 1353 589 1423 quid
615 1352 850 1422 adjiciat.
880 1352 1068 1407 Posset
1095 1340 1216 1406 esse
1235 1348 1411 1405 omnis
1430 1348 1548 1404 laus
1572 1358 1682 1416 tua,
1710 1345 1913 1402 etniltil

320 1446 542 1501 omnino
565 1445 754 1501 deesse
781 1443 1048 1499 videretur
1066 1442 1135 1499 ad
1163 1443 1375 1499 laudem
1403 1450 1571 1510 tuam,
1603 1441 1727 1512 quia
1755 1448 1809 1497 et
1834 1430 1916 1499 ni-

320 1535 401 1593 hil
427 1537 658 1604 deesset,
708 1537 753 1595 si
790 1536 1073 1597 damnares
1110 1551 1299 1595 omnes
1340 1537 1571 1607 iniquos.
1605 1534 1724 1590 Non
1769 1533 1912 1591 enim

327 1646 439 1686 non
476 1637 623 1691 easet
646 1645 835 1703 magna
866 1630 980 1687 laus
1006 1629 1100 1685 Dei
1123 1628 1326 1700 justitia
1354 1629 1469 1700 ipsa
1497 1642 1601 1699 qua
1627 1626 1789 1705 iniqui
1820 1624 1915 1683 da-

323 1729 580 1781 mnantur
603 1740 615 1778 :
640 1736 829 1795 magna
854 1721 970 1783 laus
994 1729 1160 1780 esset.
1182 1721 1375 1777 Fecisti
1402 1720 1692 1784 hominem,
1716 1716 1911 1774 dedisti

326 1814 376 1871 ei
410 1813 638 1870 liberum
678 1812 979 1880 arbitrium,
1010 1813 1063 1868 in
1110 1811 1354 1884 paradiso
1383 1810 1678 1878 collocasti,
1710 1824 1914 1881 praece-

319 1916 470 1978 ptum
517 1906 839 1978 imposuisti,
890 1915 1141 1981 mortem,
1187 1903 1235 1961 si
1278 1912 1604 1976 praeceptum
1646 1902 1908 1971 violaret,

320 1998 666 2064 iustissimam
705 1997 1029 2055 denuntiasti
1057 2014 1072 2065 ;
1104 1995 1240 2052 nihil
1268 2010 1376 2051 non
1405 1993 1600 2061 fecisti,
1632 2009 1789 2050 nemo
1830 1999 1913 2049 est

317 2090 468 2160 quia
510 2098 561 2145 te
585 2088 814 2160 amplius
839 2088 1034 2158 exigat.
1080 2085 1365 2150 Peccavit;
1400 2085 1595 2142 factum
1638 2092 1721 2139 est
1744 2098 1911 2154 genus

321 2182 618 2239 humanum
648 2190 898 2253 tanquam
944 2193 1117 2235 massa
1164 2186 1520 2248 peccatorum,
1551 2174 1819 2247 proﬂuens
1844 2173 1912 2232 de

319 2272 691 2343 peccatoribus
711 2271 866 2343 (Gen.
892 2287 949 2337 ιι,
976 2279 1021 2326 ct
1045 2267 1125 2343 ιιι)
1151 2286 1165 2335 ;
1193 2267 1320 2339 quid
1351 2282 1501 2339 ergo,
1528 2277 1584 2322 tu
1610 2264 1656 2322 si
1682 2281 1910 2321 massam

317 2366 478 2437 istam
508 2365 803 2439 iniquitatis
832 2363 1076 2427 damnes,
1110 2362 1387 2434 quisquam
1431 2360 1526 2416 tibi
1555 2359 1697 2416 dicet
1724 2376 1739 2413 :
1771 2356 1913 2429 inju-

315 2467 400 2514 ste
440 2456 656 2515 fecisti?
700 2457 860 2512 Esses
906 2455 1062 2526 plane
1105 2454 1267 2508 etiam
1312 2451 1391 2508 sic
1422 2450 1622 2523 justus,
1658 2458 1712 2507 et
1739 2449 1912 2505 omnis

317 2560 468 2607 esset
492 2552 593 2609 ista
622 2551 737 2606 laus
764 2559 850 2605 tua
875 2564 893 2615 ;
918 2548 1013 2604 sed
1043 2548 1166 2619 quia
1195 2546 1432 2603 liberasti
1452 2555 1507 2601 et
1528 2546 1701 2618 ipsmn
1724 2559 1913 2615 pecca-

318 2649 490 2696 torem
507 2638 854 2711 justifieando
873 2638 1119 2711 impium,
1141 2628 1384 2709 adjiciam
1404 2652 1559 2708 super
1578 2652 1775 2691 onmem
1797 2636 1912 2690 lau-

316 2731 434 2787 dem
462 2744 622 2809 tuam.

391 2824 481 2880 16.
512 2822 663 2899 [vers.
697 2822 813 2897 15.]
846 2821 916 2879 0s
943 2839 1109 2897 meum
1144 2822 1423 2878 enuntiabit
1449 2821 1706 2894 justitiam
1750 2829 1912 2875 tuam:

317 2929 427 2973 non
454 2930 650 2971 meam.
676 2915 804 2971 lude
827 2915 1074 2985 adjiciam
1099 2930 1261 2986 super
1276 2929 1487 2970 omnem
1516 2910 1725 2968 laudem
1743 2921 1907 2976 tuam,

317 3007 442 3076 quia
467 3015 523 3063 et
548 3006 689 3079 quod
706 3006 881 3079 justus
901 3021 1040 3071 sum,
1065 3006 1110 3062 si
1131 3005 1307 3075 justus
1327 3003 1685 3075 sum,justitia
1709 3012 1793 3058 tua
1826 3012 1910 3059 est

316 3097 374 3154 in
399 3113 510 3164 me,
533 3114 640 3153 non
670 3113 789 3154 mea
815 3114 832 3166 ;
863 3107 917 3153 tu
938 3098 1081 3154 enim
1103 3097 1366 3168 justiilcas
1387 3095 1607 3167 impium
1639 3093 1812 3166 (Rom.
1832 3111 1906 3179 tv,

316 3189 398 3265 5).
421 3188 493 3244 0s
523 3206 691 3245 meum
725 3189 998 3244 enuntiabit
1019 3188 1272 3260 justitiam
1293 3198 1428 3242 luant
1448 3205 1467 3255 ;
1488 3195 1589 3241 tota
1601 3187 1682 3241 die
1699 3184 1912 3241 salutem

317 3291 480 3338 tuam.
505 3281 639 3349 Quid
663 3292 765 3347 est,
790 3282 1003 3337 salutent
1028 3280 1212 3339 tuam?
1238 3278 1447 3336 Domini
1469 3288 1551 3334 est
1572 3278 1715 3335 salus
1737 3272 1907 3353 (Psal.

315 3388 397 3443 ιιι,
419 3374 500 3446 9).
520 3372 689 3430 Nemo
704 3373 804 3428 sibi
828 3381 1048 3443 usurpet
1066 3372 1187 3444 quia
1210 3387 1268 3428 se
1288 3370 1495 3426 salvum
1518 3368 1641 3425 facit
1666 3388 1677 3423 :
1699 3368 1911 3427 Domini

315 3475 403 3524 est
418 3467 588 3523 salus.
604 3465 724 3523 Non
752 3481 812 3522 se
830 3466 1035 3522 salvum
1058 3480 1153 3537 per
1172 3480 1230 3520 se
1250 3464 1527 3536 quisquam
1549 3462 1674 3519 facit
1697 3481 1711 3518 :
1733 3458 1912 3521 Domi-

316 3561 374 3616 ni
403 3570 489 3616 est
515 3560 682 3626 salus,
705 3574 843 3617 vana
866 3559 1011 3615 salus
1034 3557 1267 3637 hominis
1296 3556 1464 3630 (Psal.
1494 3573 1603 3625 ιιι,
1634 3555 1749 3629 15).
1784 3542 1912 3612 Tota

317 3650 401 3706 die
423 3651 643 3707 salutem
687 3660 826 3707 tuam
851 3667 871 3706 :
896 3659 1006 3706 toto
1029 3659 1286 3722 tempore.
1316 3649 1527 3720 Aliquid
1554 3649 1764 3706 adversi
1790 3659 1906 3717 est;

278 3734 286 3741 ’
315 3741 546 3815 ιιτωάιοα
572 3742 799 3798 salutem
827 3741 1037 3799 Domini
1072 3759 1086 3799 :
1118 3741 1321 3813 aliquid
1349 3741 1590 3813 prosperi
1619 3750 1740 3809 est;
1769 3756 1909 3814 prte-

316 3831 433 3889 dica
474 3833 706 3890 salutem
736 3834 967 3890 Domini.
1012 3833 1091 3891 Ne
1135 3833 1396 3905 praedices
1438 3834 1491 3889 in
1523 3833 1811 3905 prosperis,
1856 3841 1912 3891 et

314 3924 657 3981 obmutescas
681 3925 735 3997 in
756 3924 1024 3993 adversis;
1051 3925 1287 3999 alioquin
1309 3940 1413 3981 non
1435 3924 1536 3981 erit
1551 3924 1691 4005 quod
1707 3924 1911 4005 dictum

314 4025 429 4083 est,
448 4025 556 4072 tota
575 4016 676 4073 die.
708 4016 841 4072 Tota
868 4016 1011 4075 cnim
1035 4016 1152 4073 dies
1175 4032 1297 4073 cum
1316 4032 1414 4074 sua
1438 4004 1594 4074 nocte
1618 4024 1718 4073 est.
1746 4004 1912 4073 Num-

313 4106 442 4179 quid
476 4106 700 4180 quando
740 4107 987 4174 dicimus,
1039 4107 1276 4179 Triginta
1319 4107 1470 4176 dies,
1517 4098 1666 4164 verbi
1708 4122 1905 4175 causa,

314 4199 663 4279 transierunt,
695 4215 799 4255 non
825 4199 1052 4255 dicimus
1079 4208 1134 4255 et
1160 4201 1387 4256 noctes?
1414 4215 1591 4279 nonne
1619 4209 1673 4256 et
1713 4202 1767 4256 in
1792 4201 1911 4273 ipso

313 4291 533 4351 nomine
562 4278 770 4347 dierum
815 4291 1135 4347 ineludimus
1176 4292 1406 4347 noctes?
1451 4278 1509 4347 in
1548 4290 1743 4348 Genesi
1785 4291 1910 4362 quid

315 4379 631 4437 dicebatur?
657 4380 877 4437 Factum
900 4392 971 4437 est
999 4398 1221 4452 vespere,
1244 4389 1290 4437 et
1319 4385 1507 4455 factum
1539 4391 1611 4439 est
1636 4399 1785 4439 mane
1804 4382 1910 4438 dies

313 4489 446 4529 unus
468 4472 623 4544 (Gen.
650 4491 699 4541 ι,
732 4474 812 4546 5).
846 4475 984 4547 Ergo
1008 4473 1122 4531 dies
1169 4483 1309 4531 totus
1332 4489 1455 4531 cum
1482 4490 1578 4531 sua
1607 4484 1764 4531 nocte
1787 4483 1907 4543 est;

314 4579 422 4622 nox
448 4566 594 4622 enim
615 4566 721 4623 diei
745 4567 931 4634 servit,
960 4581 1069 4623 non
1088 4566 1202 4623 dies
1222 4566 1387 4623 nocti.
1415 4565 1681 4637 Quidquid
1704 4565 1835 4623 facis
1855 4566 1911 4623 in

311 4672 477 4713 carne
496 4659 737 4733 mortali,
777 4658 997 4729 iustitia:
1024 4658 1186 4716 debet
1229 4659 1470 4727 servire;
1496 4648 1751 4733 quidquid
1781 4659 1910 4719 facis

312 4762 378 4803 ex
410 4758 678 4820 praecepto
700 4750 815 4818 Dei,
840 4765 949 4807 non
979 4758 1197 4823 propter
1213 4751 1573 4809 emolumenta
1598 4752 1776 4808 carnis
1797 4753 1906 4818 tiat,

316 4855 380 4896 ne
408 4840 525 4897 dies
551 4828 752 4898 serviat
778 4842 953 4924 nocti.
989 4843 1130 4923 Ergo
1161 4851 1269 4900 tota
1298 4842 1386 4915 die
1426 4842 1635 4901 laudem
1664 4844 1757 4901 Dei
1782 4838 1907 4912 dic;

318 4926 521 4991 scilicet
548 4935 603 4993 in
629 4936 900 5017 prosperis
919 4944 976 5015 et
994 4935 1048 5017 in
1074 4936 1316 4999 adversis
1348 4954 1362 4992 :
1394 4936 1451 4992 in
1475 4937 1767 5009 prosperis,
1797 4946 1913 4995 tan-

320 5040 473 5099 quam
502 5035 745 5107 tempore
761 5027 992 5107 diurno;
1024 5028 1077 5111 in
1104 5028 1365 5097 adversis,
1390 5040 1643 5102 tanquam
1669 5041 1911 5102 tempore

312 5127 615 5175 nocturno:
643 5128 753 5175 tota
776 5128 953 5184 tamen
976 5119 1064 5177 die
1088 5120 1301 5201 laudem
1325 5121 1423 5201 Dei
1444 5121 1547 5188 dic,
1581 5131 1641 5178 ut
1662 5136 1770 5178 non
1797 5121 1908 5179 fru-

306 5215 422 5265 stra
450 5209 772 5276 cantaveris,
797 5209 1104 5268 Benedicant
1128 5210 1406 5270 Dominum
1424 5214 1477 5270 in
1499 5215 1909 5286 omnitempore;

303 5316 507 5373 wmper
546 5300 661 5358 laus
686 5303 797 5376 ejus
840 5303 896 5360 in
923 5321 1011 5361 ore
1052 5320 1161 5361 meo
1190 5304 1361 5378 (Psaf.
1393 5322 1578 5373 xum,
1624 5307 1705 5382 2).
1736 5306 1911 5382 Salvis

303 5392 453 5461 ﬁliis,
507 5409 728 5467 pecore,
771 5394 1007 5473 familia,
1052 5397 1200 5454 omni
1242 5412 1302 5455 re
1349 5413 1466 5465 sua,
1513 5397 1616 5456 Job
1661 5378 1911 5457 laudabat

308 5485 518 5556 Deum;
549 5486 659 5543 hoc
677 5489 827 5560 quasi
846 5490 1046 5571 diurno
1071 5491 1315 5561 tempore
1342 5510 1356 5549 ι
1384 5491 1579 5549 damna
1602 5501 1905 5561 venerunt,
1928 5499 1932 5503 ’

308 5577 512 5635 orbitas
539 5579 710 5648 irruit,
742 5580 900 5652 periit
923 5581 1063 5653 quod
1091 5583 1420 5651 servabatur,
1443 5586 1692 5643 obierunt
1716 5586 1907 5658 quibus

309 5671 663 5740 servabatur;
693 5673 795 5737 hoc
817 5674 968 5746 quasi
994 5683 1255 5733 nocturno
1277 5684 1538 5748 tempore.
1570 5672 1704 5735 Vide
1727 5686 1906 5736 tamen

310 5769 421 5819 tota
442 5762 530 5818 die
555 5763 880 5821 laudantem.
908 5765 1172 5838 Numquid
1195 5776 1315 5839 post
1341 5766 1471 5823 illud
1494 5768 1748 5826 diurnunt
1771 5778 1906 5826 tem-

312 5868 411 5926 pus
452 5855 541 5914 ubi
572 5856 871 5928 laetabatur,
901 5857 1027 5931 quia
1051 5859 1222 5918 factus
1264 5870 1351 5917 est
1389 5860 1533 5918 illius
1557 5860 1711 5933 quasi
1747 5861 1903 5928 limis.

316 5946 417 6008 hoc
443 5956 531 6010 est
552 5950 921 6028 prosperitatis
944 5966 1184 6027 occasus,
1218 5955 1411 6033 defecit
1436 5970 1469 6015 a
1491 5953 1739 6015 laudibus
1765 5954 1904 6015 Dei?

1398 395 1820 477 ENARRATIO
1846 395 1912 454 1N
1951 372 2274 454 PSALMUM
2310 374 2476 451 LXX.

2022 510 2214 592 Nonne
2240 510 2358 571 dies
2376 522 2492 571 erat
2518 514 2571 571 in
2601 514 2784 584 corde,
2807 503 2948 577 unde
2972 516 3221 594 fulgebat,
3257 514 3503 580 deimis
3523 522 3615 580 τιέ-

2018 605 2112 673 dit,
2142 603 2390 662 Dominus
2422 606 2662 675 abstulit;
2689 608 2820 664 sicut
2844 609 3063 668 Domino
3088 610 3297 686 placuit,
3321 616 3394 671 ita
3419 614 3613 688 factum

2018 707 2090 754 est
2113 699 2213 754 :sit
2241 716 2419 754 nomen
2445 697 2655 755 Domini
2677 694 2989 757 benedictum
3019 704 3139 776 (Job
3185 702 3227 775 ι,
3248 703 3340 778 ει)
3362 706 3386 762 l
3412 707 3479 765 Et
3506 707 3609 764 hoc

2016 791 2168 861 quasi
2194 790 2365 847 adhuc
2393 778 2755 863 vespertinum
2801 804 2915 849 erat
2941 802 3148 865 tempus
3177 815 3190 851 :
3224 799 3369 855 venit
3397 809 3451 856 et
3496 804 3604 858 nos

2014 876 2270 952 crassior,
2316 880 2545 940 tenebrae
2589 882 2982 954 profbndiores,
3027 890 3268 957 corporis
3295 886 3470 959 dolor,
3505 894 3605 962 pd“-

2018 971 2172 1028 tredo
2213 974 2512 1041 vermium;
2541 990 2643 1031 nec
2670 974 2748 1032 sic
2788 976 2840 1031 in
2870 979 2983 1048 ipsa
3031 979 3310 1050 putredine
3349 982 3546 1039 defecit
3575 998 3605 1041 a

2014 1063 2261 1125 laudibus
2302 1064 2395 1121 Dei
2424 1065 2550 1122 foris
2593 1067 2647 1122 in
2694 1078 2868 1135 nocte,
2901 1068 2991 1141 qui
3038 1071 3179 1125 intus
3209 1073 3508 1131 exsultabat
3551 1074 3604 1131 iit

2019 1151 2125 1210 die.
2153 1153 2390 1226 Namque
2419 1159 2570 1211 uxori
2599 1159 2936 1228 persuadenti
2963 1159 3370 1231 blasphemiam,
3390 1174 3443 1219 et
3469 1181 3607 1222 com-

2018 1248 2246 1305 mittenti
2261 1250 2489 1305 animam
2508 1250 2692 1322 ipsius,
2711 1252 2849 1309 male
2864 1252 3107 1311 suadenti
3127 1255 3336 1313 misera:
3354 1267 3604 1332 tanquam

2018 1340 2221 1397 umbrae
2248 1352 2542 1414 nocturnae,
2574 1344 2767 1401 Locuta
2804 1364 2875 1413 es,
2917 1347 3109 1420 inquit,
3141 1356 3379 1422 tanquam
3408 1369 3512 1408 una
3547 1371 3608 1408 ea:

2018 1433 2363 1507 insipientibus
2410 1437 2724 1494 mulieribus.
2775 1437 2916 1497 Vere
2961 1440 3069 1498 filia
3118 1442 3329 1499 noctis!
3381 1443 3445 1501 Si
3478 1447 3607 1501 bona

2016 1522 2327 1603 suscepimus
2369 1531 2432 1585 de
2468 1549 2621 1586 manu
2667 1530 2889 1602 Domini,
2930 1533 3066 1589 mala
3109 1550 3210 1589 non
3254 1535 3606 1611 sustinebimus

2017 1617 2128 1692 (Id.
2156 1637 2212 1688 ιι,
2237 1612 2371 1697 l0)?
2400 1621 2754 1681 Laudavimus
2780 1624 2831 1681 in
2853 1624 2960 1695 die,
2988 1622 3299 1684 deﬁciemus
3325 1627 3376 1684 in
3406 1631 3605 1689 nocte?

2009 1708 2145 1769 Tota
2174 1713 2274 1781 die,
2306 1712 2359 1769 id
2387 1724 2467 1770 est
2490 1731 2609 1771 cum
2655 1729 2748 1771 sua
2778 1725 2956 1785 nocte,
2989 1718 3204 1773 salutem
3230 1729 3389 1775 tuam.

2088 1798 2171 1858 17.
2200 1802 2449 1872 Quoniam
2474 1823 2573 1861 non
2596 1806 2804 1880 cognovi
2830 1806 3209 1880 negotiationes.
3227 1808 3375 1881 ideo,
3404 1804 3602 1886 inquit,

2015 1902 2120 1950 tota
2145 1895 2229 1951 die
2264 1898 2478 1953 salutem
2513 1908 2682 1981 tuam,
2723 1898 2962 1976 quoniam
2999 1918 3102 1957 non
3139 1905 3351 1976 cognovi
3373 1904 3604 1980 negotial-

2015 1995 2193 2052 tioncs.
2225 1996 2353 2066 Qua:
2397 2008 2520 2056 sunt
2564 2000 2680 2057 ista:
2718 2002 3140 2074 negotiationes?
3169 1994 3400 2060 Audlant
3435 2018 3603 2075 nego-

2014 2087 2260 2156 tiatores,
2298 2100 2352 2147 et
2386 2099 2594 2148 mutent
2630 2092 2823 2161 vitam;
2864 2100 2919 2151 et
2954 2094 2997 2152 si
3028 2095 3274 2162 fuerunt,
3314 2110 3421 2151 non
3460 2094 3602 2164 sint;

2014 2193 2121 2233 non
2151 2190 2475 2253 cognoscant
2502 2182 2643 2257 quod
2682 2183 2927 2252 fuerunt,
2959 2168 3375 2242 obliviscantur:
3398 2182 3607 2258 postre-

2000 2268 2125 2339 'mo,
2173 2286 2281 2327 non
2321 2273 2647 2344 approbent,
2681 2288 2786 2330 non
2840 2272 3085 2344 laudent;
3129 2270 3468 2350 improbent,
3505 2276 3606 2335 da-

2015 2372 2232 2432 mnent,
2276 2372 2582 2436 mutentur,
2612 2367 2657 2423 si
2687 2373 2963 2438 peccatum
2994 2378 3078 2426 est
3119 2371 3424 2443 negotiatio.
3470 2365 3610 2430 Hinc

2014 2449 2155 2507 enim
2196 2453 2449 2511 aviditate
2481 2456 2661 2513 nescio
2687 2472 2791 2530 qua
2833 2450 3181 2531 acquirendi,
3224 2462 3258 2517 o‘
3286 2462 3608 2534 negotiator,

2014 2542 2224 2613 quando
2252 2544 2504 2602 damnum
2534 2563 2725 2619 passus
2745 2534 2930 2614 fueris,
2954 2550 3388 2624 blasphemabis;
3417 2561 3471 2609 et
3496 2566 3610 2611 non

2014 2632 2116 2689 erit
2159 2636 2213 2689 in
2253 2640 2305 2691 te
2343 2637 2482 2708 quod
2525 2638 2723 2695 dictum
2762 2648 2846 2696 est
2872 2659 2886 2696 :
2916 2630 3044 2696 Tota
3082 2642 3164 2698 die
3201 2642 3403 2699 laudem
3442 2653 3607 2701 tuam.

2013 2723 2237 2792 Quando
2276 2734 2453 2782 autem
2494 2742 2591 2800 pro
2630 2729 2817 2801 pretiis
2854 2746 3033 2788 rerum
3071 2730 3205 2805 quas
3249 2730 3466 2805 vendis,
3499 2748 3609 2795 non

2017 2815 2188 2872 solum
2216 2819 2478 2889 mentiris,
2509 2835 2693 2877 verum
2720 2822 2882 2878 etiam
2912 2821 3102 2879 falsum
3128 2824 3308 2896 juras;
3336 2825 3609 2897 quomodo

2015 2905 2067 2963 in
2109 2923 2203 2963 ore
2241 2910 2329 2964 tuo
2373 2915 2481 2966 tota
2521 2908 2606 2968 die
2643 2912 2760 2968 laus
2788 2910 2922 2970 Dei?
2956 2913 3167 2986 quando
3202 2915 3247 2971 sl
3284 2914 3608 2985 christiands

2014 3018 2094 3071 es,
2125 3005 2283 3059 etiam
2314 3021 2380 3061 ex
2409 3021 2502 3061 ore
2530 3015 2620 3062 tuo
2645 3005 3045 3079 blaSphematur
3071 3023 3267 3066 nomen
3298 3009 3394 3066 Dei
3422 3008 3607 3084 (Rom.

2012 3110 2072 3179 ll,
2102 3092 2217 3166 24),
2243 3105 2299 3151 ιιι
2318 3090 2523 3153 dicatur
2547 3116 2560 3152 :
2584 3097 2723 3155 Ecce
2743 3098 2926 3170 quales
2954 3098 3412 3156 suntChristianl!
3438 3098 3605 3173 Ergo,

2013 3186 2060 3243 si
2085 3186 2365 3259 propterea
2396 3187 2495 3244 iste
2537 3197 2647 3247 tota
2673 3189 2760 3246 die
2790 3190 3003 3248 laudem
3046 3190 3140 3248 Dei
3168 3191 3317 3261 dicit,
3345 3193 3470 3264 quia
3496 3207 3607 3252 non

2013 3280 2259 3351 cognovit
2287 3281 2671 3352 negotiationes
2692 3324 2707 3350 ,
2740 3283 3010 3356 corrigant
3055 3298 3115 3340 se
3150 3283 3466 3353 Christiani;
3496 3292 3607 3341 non

2015 3372 2369 3445 negotientur.
2396 3370 2503 3430 Sed
2533 3375 2606 3430 ait
2627 3372 2755 3431 mihi
2782 3375 3079 3449 negotiator
3106 3394 3119 3432 :
3152 3377 3291 3432 Ecce
3321 3390 3418 3448 ego
3440 3375 3606 3433 an‘ero

2012 3462 2230 3537 quidem
2272 3480 2337 3522 ex
2379 3465 2668 3538 longinquo
2702 3482 2908 3524 merces
2947 3468 3014 3524 ad
3057 3476 3118 3525 ea
3157 3462 3274 3543 loca
3314 3469 3367 3525 in
3410 3469 3607 3540 quibus

2012 3571 2121 3611 non
2144 3562 2268 3612 sunt
2287 3571 2349 3613 ea
2370 3573 2490 3630 quae
2514 3558 2766 3627 attulere,
2795 3557 2936 3615 unde
2960 3559 3155 3629 vivam,
3180 3565 3432 3631 tanquam
3456 3568 3605 3617 mer-

2012 3645 2199 3703 cedem
2247 3644 2442 3703 laboris
2490 3649 2594 3704 mei
2641 3658 2800 3720 peto,
2848 3658 2905 3705 ut
2947 3651 3125 3706 carius
3166 3651 3393 3706 vendam
3443 3654 3607 3722 quam

2013 3739 2259 3797 emerim.
2289 3736 2443 3798 Unde
2468 3742 2610 3797 enim
2633 3742 2829 3808 vivam,
2857 3756 2975 3798 cum
3002 3743 3259 3813 scriptum
3285 3744 3355 3800 sit
3373 3761 3389 3797 :
3406 3743 3607 3817 Dignus

2013 3840 2087 3888 est
2111 3832 2373 3906 operarius
2398 3833 2625 3890 mercede
2662 3844 2755 3889 sua
2796 3832 2948 3906 (Luc.
2993 3848 3046 3901 ιι,
3074 3826 3170 3907 7)?
3195 3832 3300 3891 Sed
3329 3835 3503 3906 agitur
3536 3834 3609 3893 de

2011 3923 2322 3993 mendacio,
2375 3924 2445 3982 de
2485 3924 2739 3997 periurio.
2771 3924 2885 3982 lloc
2910 3923 3093 3981 vitium
3130 3936 3309 3982 meum
3337 3932 3459 3995 est,
3495 3940 3609 3983 non

2018 4016 2394 4087 negotiationis
2418 4033 2431 4071 :
2454 4031 2631 4088 neque
2670 4016 2812 4073 enim
2860 4031 3005 4085 non,
3044 4014 3090 4073 ill
3123 4012 3353 4087 vellem,
3394 4020 3609 4090 possein

2014 4122 2175 4179 agere
2212 4107 2328 4163 sine
2356 4106 2460 4161 isto
2487 4106 2637 4163 vitio.
2668 4106 2784 4163 Non
2815 4116 2943 4179 ergo
2973 4110 3148 4164 meam
3180 4108 3390 4179 culpant
3419 4109 3606 4166 actor‘

2012 4195 2081 4251 ad
2110 4197 2381 4268 negotium
2413 4197 2704 4253 transfero:
2724 4196 2818 4253 sed
2848 4198 2892 4252 si
2922 4199 3179 4265 mentior,
3215 4213 3314 4269 ego
3339 4190 3603 4268 mentloi',

2014 4301 2124 4342 non
2152 4286 2442 4358 negotium.
2474 4285 2693 4369 Possem
2723 4286 2867 4344 enim
2907 4287 3087 4344 dicere
3114 4286 3321 4344 :Tamo
3343 4290 3477 4358 emi,
3507 4282 3606 4348 sed

2017 4385 2162 4433 tanto
2190 4376 2447 4447 vendam;
2479 4377 2524 4435 si
2556 4374 2760 4450 placet,
2793 4392 2932 4436 eme.
2964 4378 3080 4436 Non
3105 4380 3248 4437 enim
3277 4380 3439 4437 ictam
3458 4380 3604 4439 Veri-

2014 4477 2176 4526 tatem
2221 4469 2443 4526 audiens
2488 4479 2700 4543 emptor
2745 4471 3120 4543 repelleretur,
3174 4479 3228 4528 et
3268 4476 3376 4527 non
3428 4473 3606 4544 potius

2015 4577 2202 4619 omnes
2229 4572 2603 4630 accurrerent;
2649 4562 2771 4635 quia
2806 4562 2926 4635 plus
2960 4562 3118 4619 fidem
3160 4566 3319 4635 quam
3367 4572 3605 4624 mercem

1980 4648 1983 4651 “
2014 4652 2315 4725 diligerent.
2348 4652 2460 4711 Hoc
2499 4669 2661 4728 ergo,
2694 4654 2897 4731 inquit,
2943 4668 3031 4712 me
3058 4671 3218 4712 mone
3244 4671 3312 4714 ne
3336 4659 3601 4729 mentiar,

2015 4761 2084 4802 ne
2120 4746 2423 4817 perjurem;
2472 4760 2577 4802 non
2627 4755 2686 4802 ut
2730 4745 2976 4818 abjiciam
3019 4748 3291 4819 negotium
3332 4749 3473 4804 unde
3514 4758 3605 4809 me

2015 4837 2267 4909 translgo.
2291 4838 2409 4908 Quo
2429 4837 2573 4893 enim
2593 4850 2774 4907 vocas,
2796 4838 3008 4908 quando
3029 4837 3152 4893 hinc
3172 4834 3604 4899 revocasiForte

2015 4929 2082 4986 ad
2120 4938 2291 4986 artem
2332 4927 2603 5000 aliquam?
2643 4929 2751 4985 Ero
2788 4938 2967 4996 sutor;
3013 4929 3372 4988 caleeamenta
3413 4929 3603 4988 facian

2016 5018 2341 5079 hominibus.
2375 5018 2659 5079 Mendaces
2685 5022 2829 5077 enim
2857 5031 2912 5079 et
2948 5023 3047 5095 ipsi
3077 5022 3183 5080 no’n
3211 5024 3379 5080 sunt?
3406 5022 3603 5095 periuri

2015 5126 2073 5172 et
2095 5114 2198 5186 ipsi
2228 5131 2335 5171 non
2365 5114 2521 5171 sunt?
2545 5113 2732 5170 Nonne
2759 5114 2947 5172 locatis
2973 5115 3041 5172 ab
3069 5115 3174 5172 alio
3199 5114 3599 5184 calceamentis,

2015 5220 2137 5262 cum
2175 5206 2481 5278 acceperint
2524 5204 2592 5261 ab
2616 5205 2723 5263 alio
2749 5208 2981 5279 pretium
2998 5249 3014 5275 ,
3053 5196 3325 5264 dimittunt
3350 5205 3493 5278 quod
3518 5205 3604 5263 h-

2015 5297 2264 5364 ciebant,
2309 5306 2364 5353 et
2402 5295 2698 5369 suscipiunt
2722 5298 2882 5355 alteri
2910 5297 3120 5367 facere,
3162 5304 3219 5354 et
3250 5296 3441 5355 fallunt
3474 5311 3603 5355 eum

1974 5378 1979 5385 ’
2015 5384 2101 5445 cui
2133 5387 2488 5461 promiserant
2508 5388 2614 5446 cito
2635 5402 2695 5447 se
2720 5387 2991 5448 facturos?
3012 5392 3192 5446 nonde
3216 5402 3359 5464 saepe
3381 5384 3601 5451 dicunt:

2016 5481 2186 5540 Hodie
2229 5482 2385 5551 facio,
2424 5481 2586 5541 hodie
2634 5480 2875 5555 impleo?
2922 5482 3125 5542 Deinde
3164 5483 3221 5541 in
3265 5482 3379 5556 ipsa
3417 5494 3604 5544 sutura

2018 5566 2194 5635 tantas
2232 5574 2449 5635 fraudes
2486 5592 2594 5634 non
2624 5572 2869 5634 faciunt?
2906 5576 3131 5634 Faciunt
3168 5577 3304 5647 ista,
3335 5585 3392 5636 et
3417 5578 3604 5637 dicunt

2014 5668 2148 5737 ista;
2176 5669 2272 5728 sed
2313 5670 2418 5742 ipsi
2457 5671 2583 5727 mali
2612 5678 2776 5742 sunt,
2806 5685 2913 5727 non
2942 5684 3030 5728 ars
3068 5686 3227 5744 quam
3261 5672 3603 5744 proﬁtentur.

2013 5761 2214 5819 Omnes
2253 5777 2382 5834 ergo
2427 5762 2660 5818 artiﬁces
2684 5761 2813 5818 mali
2855 5761 3023 5818 Deum
3064 5778 3173 5819 non
3200 5763 3485 5837 timentes,
3514 5762 3604 5823 vel

2015 5869 2112 5926 pro
2141 5853 2321 5923 lucro,
2362 5853 2447 5911 vel
2474 5868 2576 5927 pro
2603 5851 2798 5913 timore
2830 5851 3012 5914 damni
3049 5863 3144 5916 aut
3167 5855 3420 5931 egestatis
3444 5869 3615 5925 mea;

2002 6017 2013 6030 ,
2081 5965 2773 6033 Istcuss.stsdd.,auctor.
3114 5937 3155 5943 ”

3134 6105 3213 6119 κν..
3252 6084 3399 6124 ’ἦρί-υ..
3434 6092 3459 6105 δ

3645 5958 3662 5999 ι

3656 6020 3660 6029 ι

3375 6040 3381 6046 .
3534 6024 3585 6060 ..δι
