4076 6472
487 360 590 420 887

488 474 714 537 tiuntur,
745 464 1054 542 perimant;
1096 474 1204 519 non
1228 465 1311 517 est
1336 456 1586 514 continua
1616 455 1711 512 Dei
1739 455 1854 511 laus
1882 455 1937 510 in
1967 454 2070 510 eis.

488 561 768 636 Quomodo
792 574 920 632 ergo
937 570 1158 615 revocas
1181 569 1211 608 a
1237 550 1634 624 negmiatione?
1660 551 1745 605 An
1766 557 1823 604 ut
1841 547 2075 619 agricola

487 659 612 722 sim,
657 663 714 710 et
759 652 1020 708 adversus
1058 649 1228 704 Deum
1279 652 1549 702 tonantem
1603 655 1967 706 murmurem,
2016 645 2076 694 ut

487 748 802 822 grandinem
820 746 1014 801 timens
1040 741 1350 811 sortilegum
1374 739 1391 770 ¹
1415 735 1689 793 consulam
1706 775 1722 799 ,
1754 742 1814 788 ut
1838 745 2074 804 qureram

490 842 615 916 quid
642 841 833 898 faciam
859 845 1049 895 contra
1076 836 1306 899 emtum;
1339 841 1396 886 ttt
1424 839 1602 902 optem
1632 826 1954 898 pauperibus
1991 824 2077 880 fa-

487 951 633 991 mem
653 977 668 1002 ,
699 947 802 1004 quo
835 931 1033 1004 possim
1058 927 1290 985 vendere
1313 923 1454 997 quod
1491 921 1735 979 servavi?
1764 919 1832 975 ad
1860 919 1964 975 hoc
1992 932 2078 973 me

489 1025 751 1081 adducis?
778 1022 886 1080 Sed
916 1037 1020 1077 non
1050 1035 1114 1075 ea
1143 1017 1364 1084 faciunt,
1408 1013 1606 1086 inquis,
1652 1011 1897 1084 agricolae
1926 1010 2074 1066 boni.

492 1117 605 1174 Nec
632 1117 721 1172 illa
749 1114 1106 1186 negotiatores
1131 1109 1278 1166 boni.
1310 1107 1446 1176 Quid
1473 1107 1634 1171 enim,
1668 1105 1829 1160 etiam
1853 1111 1910 1159 et
1939 1102 2078 1158 tilios

489 1207 691 1264 habere
720 1208 917 1262 malum
939 1212 1041 1270 est,
1066 1202 1188 1273 quia
1212 1199 1424 1270 quando
1448 1199 1527 1254 eis
1550 1205 1707 1267 caput
1727 1195 1889 1260 dolet,
1921 1194 2079 1251 mala:

490 1311 546 1358 et
590 1300 830 1357 infideles
867 1306 1066 1354 matres
1109 1295 1362 1366 ligaturas
1408 1291 1695 1362 sacrilegas
1735 1297 1791 1345 et
1841 1290 2081 1344 incanta-

493 1394 670 1448 tiones
694 1388 978 1461 qumrunt?
1023 1385 1128 1442 lsta
1172 1385 1446 1440 hominum
1469 1423 1483 1447 ,
1515 1397 1621 1438 non
1652 1395 1831 1438 rerum
1860 1387 2078 1451 peccata

493 1493 640 1540 sunt.
664 1483 845 1540 Potest
871 1479 999 1535 mihi
1030 1478 1134 1534 hoc
1157 1477 1340 1532 dicere
1366 1473 1684 1545 negotiator.
1708 1471 1898 1540 Quaere
1927 1483 2075 1540 ergo,

490 1575 757 1646 Episcope
785 1614 801 1641 ,
859 1567 1306 1642 quemadmodum
1363 1565 1628 1635 intelligas
1691 1561 2078 1632 negotiationes

490 1682 623 1740 quas
659 1665 833 1738 legisti
863 1664 916 1720 in
948 1662 1240 1727 Psalterio;
1288 1675 1355 1715 ne
1381 1657 1518 1714 forte
1547 1665 1604 1711 tu
1633 1669 1740 1711 non
1771 1653 2073 1723 intelligas,

485 1769 545 1818 et
571 1774 659 1815 me
685 1773 718 1813 a
743 1756 1103 1828 negotiatione
1131 1752 1434 1825 prohibeas.
1466 1748 1625 1804 Mone
1663 1760 1794 1818 ergo
1820 1743 2078 1817 quemad-

485 1850 707 1908 modum
727 1849 902 1905 vivam
927 1865 942 1903 :
965 1847 1011 1903 si
1039 1845 1178 1901 bene
1196 1884 1214 1911 ,
1237 1843 1376 1900 bene
1402 1840 1532 1896 mihi
1557 1839 1690 1905 erit;
1714 1853 1878 1893 unum
1901 1846 2080 1892 tamen

487 1946 603 2002 scio
622 1985 636 2008 ,
676 1942 800 2014 quia
833 1942 880 1998 si
917 1940 1090 1997 malus
1111 1937 1283 2006 fuero,
1311 1950 1417 1992 non
1447 1933 1738 2006 negotiatio
1762 1930 1897 1988 mihi
1923 1931 2074 1999 facit,

485 2035 585 2092 sed
615 2035 866 2107 iniquitas
894 2047 1035 2088 mea.
1078 2028 1302 2101 Quando
1348 2041 1534 2085 verum
1573 2025 1799 2091 dicitur,
1843 2038 1952 2078 non
1997 2027 2082 2078 est

487 2129 630 2202 quod
653 2127 1072 2186 contradicatur.

559 2221 649 2277 18.
681 2220 994 2287 Quaeramus
1045 2230 1175 2288 ergo
1225 2228 1360 2285 quas
1411 2211 1606 2268 dixerit
1654 2205 2079 2279 negotiationes,

487 2308 623 2383 quas
644 2327 772 2365 vere
797 2310 888 2381 qui
913 2323 1018 2365 non
1063 2306 1353 2378 cognovit,
1401 2311 1511 2358 tota
1555 2301 1642 2356 die
1682 2299 1863 2355 laudat
1888 2299 2078 2353 Deum.

487 2401 787 2472 Negotiatio
816 2409 869 2454 et
911 2401 964 2454 in
992 2411 1167 2471 graeca
1198 2397 1377 2466 lingua
1420 2393 1488 2449 ah
1517 2400 1641 2447 actu
1664 2390 1891 2457 dicitur,
1931 2398 1987 2444 et
2025 2388 2082 2443 in

486 2496 652 2551 latina
681 2509 710 2548 a
742 2500 933 2563 negato
957 2494 1068 2548 otio
1092 2509 1105 2544 :
1130 2489 1225 2546 sed
1251 2489 1364 2544 sive
1390 2486 1458 2542 ab
1482 2495 1602 2541 actu
1627 2527 1643 2552 ,
1690 2483 1804 2539 sive
1832 2497 1862 2537 a
1889 2491 2081 2552 negato

491 2589 624 2655 otio,
665 2585 980 2643 discutiatur
1024 2583 1151 2656 quid
1195 2582 1265 2638 sit
1286 2583 1328 2635 ².
1375 2579 1478 2649 Qui
1525 2579 1670 2635 enim
1722 2576 2082 2648 negotiatores

489 2680 718 2744 actuosi,
767 2677 920 2748 quasi
965 2691 1033 2733 ex
1062 2690 1129 2730 eo
1173 2673 1318 2745 quod
1344 2680 1507 2744 agunt
1534 2677 1885 2741 praesumunt,
1916 2681 2082 2739 Opera

489 2785 586 2826 sua
617 2769 868 2833 laudant,
899 2781 1008 2824 non
1037 2765 1355 2838 perveniunt
1396 2763 1462 2818 ad
1504 2761 1730 2832 gratiam
1777 2759 1890 2814 Dei.
1939 2757 2083 2830 Ergo

491 2870 678 2917 contra
719 2861 866 2917 illam
893 2859 1117 2932 gratiam
1148 2865 1276 2914 sunt
1299 2853 1659 2926 negotiatores
1680 2891 1695 2918 ,
1742 2863 1901 2921 quam
1927 2863 2082 2906 com-

492 2951 714 3010 mendat
742 2951 829 3007 hic
854 2950 1111 3023 psalmus.
1136 2949 1283 3003 Illam
1307 2947 1448 3002 enim
1469 2943 1695 3016 gratiam
1717 2939 2103 3009 commendat,

492 3053 553 3102 ιιι
579 3059 740 3101 nemo
776 3044 843 3100 de
870 3043 980 3099 suis
1020 3039 1274 3113 operibus
1313 3036 1590 3110 glorietur.
1627 3031 1908 3102 Quomodo
1940 3044 2084 3102 quo-

489 3139 615 3194 dam
661 3139 779 3192 loco
822 3137 1052 3199 dicitur,
1099 3131 1288 3188 Medici
1336 3146 1439 3184 non
1493 3125 1861 3183 resuscitabunt
1907 3121 2082 3196 (Psal.

491 3245 710 3288 Lxxxvn
727 3272 742 3296 ,
773 3228 902 3299 il);
942 3227 1194 3284 deserere
1219 3223 1415 3297 debent
1440 3219 1688 3276 homines
1716 3216 2037 3275 medicinam
2057 3215 2086 3271 ?

489 3321 599 3380 Sed
627 3320 755 3394 quid
792 3328 876 3376 est
917 3317 1060 3375 hoc?
1083 3316 1192 3374 Sub
1221 3316 1324 3372 isto
1350 3313 1567 3370 nomine
1597 3309 1963 3381 intelliguntur
1988 3324 2084 3365 su-

490 3416 674 3491 perbi,
721 3415 1038 3487 pollicentes
1068 3397 1661 3471 salutem'hominibus,
1706 3418 1832 3459 cum
1871 3401 2084 3458 Domini

488 3512 563 3568 sit
589 3509 755 3567 salus.
797 3505 1077 3578 Quomodo
1103 3519 1232 3575 ergo
1256 3511 1443 3558 contra
1478 3498 1716 3555 medicos
1738 3538 1754 3563 ,
1795 3495 1850 3552 id
1877 3503 1962 3552 est
1987 3509 2083 3551 su-

491 3603 688 3677 perbos
713 3602 900 3658 salutis
926 3598 1339 3672 pollicitatores,
1369 3593 1553 3665 vigilat
1578 3591 1684 3648 hoc
1710 3589 1853 3662 quod
1877 3589 2080 3645 dictum

461 3741 466 3764 ε
491 3705 576 3753 est
594 3737 609 3762 ,
660 3695 789 3749 Tota
828 3694 910 3748 die
933 3692 1148 3748 salutem
1173 3698 1315 3743 tuam
1343 3701 1361 3742 :
1385 3686 1464 3742 sic
1489 3693 1672 3740 contra
1699 3681 2081 3753 negotiatores,

489 3789 545 3847 id
575 3797 658 3862 est
676 3829 692 3856 ,
740 3787 831 3858 qui
876 3786 946 3841 de
970 3793 1093 3840 actu
1120 3797 1220 3839 suo
1246 3789 1302 3837 et
1327 3777 1581 3852 operibus
1606 3774 1874 3848 gaudent,
1899 3772 2085 3843 vigilat

489 3881 596 3937 hoc
625 3879 768 3951 quod
805 3878 1003 3934 dictum
1033 3882 1154 3942 est,
1204 3873 1275 3928 0s
1310 3887 1476 3925 meum
1521 3865 1799 3924 enuntiabit
1828 3866 2086 3936 justitiam

489 3982 653 4038 tuam,
696 3969 754 4025 id
795 3976 879 4026 est
917 3981 1022 4022 non
1052 3979 1245 4020 meam.
1284 3961 1384 4031 Qui
1428 3955 1552 4016 sunt
1588 3958 1982 4028 negotiatores,
2029 3955 2086 4011 id

493 4073 579 4124 est
605 4062 756 4135 quasi
785 4061 853 4117 de
881 4067 1004 4116 actu
1033 4073 1132 4114 suo
1159 4056 1258 4112 sibi
1299 4052 1604 4126 placentes?
1633 4051 1734 4120 Qui
1775 4050 2086 4122 ignorantes

491 4156 589 4214 Dei
611 4154 890 4227 justitiam,
922 4159 975 4208 et
1017 4164 1166 4207 suam
1195 4147 1435 4203 volentes
1464 4144 1821 4208 constituere,
1862 4140 2082 4210 iustitiae

491 4248 590 4304 Dei
637 4261 744 4302 non
780 4252 907 4302 sunt
947 4240 1173 4312 subjecti
1219 4237 1395 4310 (Rom.
1428 4252 1484 4304 ι,
1516 4235 1595 4305 5).
1625 4233 1811 4289 Merito
1839 4240 1894 4287 et
1920 4246 2082 4302 nego-

491 4341 630 4399 tium
649 4339 847 4394 dictum
870 4345 972 4401 est,
994 4333 1115 4406 quia
1136 4340 1294 4403 negat
1315 4329 1506 4384 otium.
1531 4328 1801 4394 Quantum
1826 4323 1950 4378 mali
1976 4329 2080 4388 est,

497 4431 641 4504 quod
667 4438 828 4500 negat
850 4426 1058 4482 otium?
1082 4423 1268 4480 Merito
1293 4420 1546 4476 Dominus
1566 4417 1769 4488 expulit
1791 4414 1859 4470 de
1884 4413 2085 4484 templo

492 4527 616 4583 illos
648 4525 839 4594 quibus
878 4520 1040 4584 dixit,
1089 4516 1350 4585 Scriptum
1386 4521 1488 4576 est,
1532 4509 1730 4565 Domus
1762 4522 1875 4562 mea
1902 4506 2084 4560 domus

497 4617 743 4676 orationis
773 4612 1062 4677 vocabitur;
1090 4625 1176 4665 vos
1205 4616 1375 4662 autent
1411 4604 1598 4676 fecistis
1622 4618 1733 4658 eam
1759 4601 1965 4655 domum
1990 4614 2083 4654 ue-

496 4709 786 4784 gotiationis
833 4706 1041 4776 (Matth.
1095 4717 1212 4769 nt,
1261 4698 1383 4770 i5);
1433 4697 1485 4754 id
1533 4705 1634 4763 est,
1686 4695 1975 4768 gloriantes
2015 4693 2084 4748 de

495 4802 753 4874 operibus
775 4800 990 4867 vestris,
1018 4797 1185 4853 otium
1208 4809 1317 4850 non
1336 4800 1657 4864 querentes,
1686 4804 1786 4846 nec
1809 4787 2085 4844 audientes

501 4906 690 4954 contra
726 4893 1145 4966 inquietudinem
1194 4898 1252 4946 et
1293 4887 1705 4960 negotiationem
1735 4893 1966 4939 vestram
2004 4881 2085 4938 di-

494 4997 709 5046 centem
752 4985 1122 5055 Scripturam:
1158 4980 1378 5046 Vacate,
1423 4988 1471 5034 et
1511 4977 1673 5032 uidete
1713 4975 1950 5046 quoniam
1991 4989 2085 5046 ego

495 5099 609 5138 sunt
651 5079 901 5135 Dominus
946 5075 1117 5149 (Psal.
1148 5088 1290 5141 XLV,
1340 5071 1452 5141 11).
1481 5068 1620 5139 Quid
1648 5077 1750 5134 est,
1801 5066 2005 5131 Vacate,
2033 5076 2083 5122 et

497 5172 658 5228 videte
680 5169 918 5243 quoniam
947 5183 1036 5239 ego
1062 5182 1174 5221 sunt
1200 5162 1485 5230 Dominus;
1513 5161 1636 5226 nisi,
1667 5167 1726 5215 ut
1753 5159 1935 5216 sciatis
1959 5157 2084 5230 quia

497 5266 640 5321 Deus
677 5274 759 5321 est
799 5264 888 5334 qui
935 5268 1187 5333 operatur
1232 5258 1286 5313 in
1325 5256 1496 5321 vobis,
1537 5264 1592 5312 et
1639 5269 1746 5310 non
1785 5252 1852 5308 de
1892 5251 2085 5308 vestris

498 5355 753 5424 operibus
796 5351 1164 5409 extollamini?
1211 5347 1326 5404 Non
1375 5346 1529 5402 audis
1573 5359 1762 5400 vocem
1809 5342 2083 5399 dicentis:

511 5447 684 5502 Venite
714 5447 780 5500 ad
821 5463 916 5510 me,
951 5460 1123 5500 omnes
1158 5443 1244 5513 qui
1272 5439 1510 5497 laboratis
1539 5447 1586 5492 et
1612 5437 1805 5492 onerati
1845 5435 1994 5500 estis,
2038 5442 2088 5489 et

499 5555 592 5609 ego
632 5554 718 5593 vos
764 5537 1008 5607 reﬁciam.
1054 5534 1236 5589 Tollite
1269 5532 1454 5603 jugum
1498 5545 1667 5584 meum
1693 5542 1845 5598 super
1868 5542 1994 5592 uos,
2039 5532 2088 5580 et

507 5633 676 5688 discite
698 5649 729 5685 a
753 5647 832 5686 me
853 5671 869 5697 ,
899 5631 1017 5702 quia
1044 5629 1177 5683 mitis
1203 5642 1316 5682 sunt
1340 5633 1386 5678 et
1418 5623 1624 5678 humilis
1651 5622 1831 5687 corde;
1875 5629 1923 5676 et
1949 5621 2088 5676 iuve-

565 5745 1054 5808 ‘Mssqsortilogum.
1196 5802 1241 5808 __
1356 5807 1361 5808 ν
1406 5800 1418 5808 ,
1547 5797 1576 5808 _.
1702 5805 1729 5808 ,_
1823 5795 1854 5808 _.
1893 5794 1924 5808 ..
2018 5794 2030 5806 .

564 5811 585 5840 ⁸
607 5813 677 5857 sic
712 5800 891 5870 aliquot
1070 5811 1126 5870 _A_t
1147 5802 1283 5870 ιλιι,
1317 5807 1362 5852 el
1399 5800 1658 5870 ἱημιιίηα.
1693 5800 1954 5863 Negotiatio
1987 5800 2086 5850 sive

499 5875 651 5931 actus,
680 5868 775 5920 sire
795 5862 1031 5933 negotium
1050 5862 1334 5918 discutiatur
1357 5862 1476 5928 quid
1498 5862 1577 5914 sit.

1706 341 1765 401 S.
1811 339 2179 401 AUGUSTlNl
2217 337 2516 398 EPISCOPI

2188 457 2336 513 uictis
2359 456 2578 528 requiem
2603 452 2866 514 animabus
2905 453 3084 512 uestris
3113 451 3327 528 (Matth.
3354 467 3442 520 ιι,
3483 453 3594 522 28,
3630 454 3729 528 29)
3747 455 3774 510 ?

2183 549 2310 606 Haec
2352 549 2562 620 requies
2610 555 2796 604 contra
2840 547 3198 619 negotiatores
3247 545 3602 617 praedicatur,
3654 545 3776 602 haec

2182 643 2395 714 requies
2433 650 2621 699 contra
2657 656 2752 698 eos
2789 643 2880 714 qui
2925 634 3154 698 oderunt
3191 641 3361 697 otium
3407 641 3771 714 praedicatur,

2182 733 2388 806 agendo
2425 741 2480 790 et
2513 733 2763 804 iactando
2786 749 2846 790 se
2872 733 2940 790 de
2969 734 3222 804 operibus
3245 734 3390 798 suis,
3437 743 3498 789 ut
3538 749 3648 789 non
3679 749 3766 788 re-

2183 826 2460 897 quiescant
2486 825 2539 880 in
2569 826 2710 891 Deo;
2736 834 2792 881 et
2816 835 2966 881 tanto
2992 825 3203 897 longius
3229 841 3259 880 a
3290 819 3457 897 gratia
3485 825 3730 882 resiliunt
3754 866 3773 894 ,

2180 924 2382 987 quanto
2405 916 2574 988 magis
2597 917 2666 973 de
2694 917 2806 972 suis
2833 917 3084 987 Operihus
3110 917 3460 972 extolluntur.

2255 1005 2344 1062 19.
2369 1006 2476 1063 Sed
2499 1017 2584 1063 est
2621 1008 2674 1063 in
2713 1008 3026 1078 quibusdam
3054 1007 3479 1079 exemplaribus,
3514 1009 3774 1078 Quoniam

2183 1114 2287 1154 non
2331 1101 2540 1171 cognoui
2577 1099 2934 1155 litteraturam.
2982 1099 3085 1158 Ubi
3132 1101 3222 1156 alii
3271 1101 3484 1157 codices
3528 1101 3769 1168 habent,

2183 1192 2599 1263 negotiationem;
2623 1191 2695 1247 ibi
2715 1192 2826 1258 alii,
2851 1192 3186 1246 litteraturam
3209 1208 3227 1247 :
3247 1193 3515 1264 quomodo
3540 1207 3772 1248 concor-

2182 1281 2332 1349 dent,
2359 1283 2601 1339 invenire
2626 1282 2841 1339 dil‘licile
2866 1294 2977 1349 est;
3005 1292 3062 1340 et
3091 1293 3271 1340 tamen
3312 1283 3663 1354 interpretum
3689 1284 3772 1340 di-

2182 1375 2411 1431 versitas
2435 1373 2570 1430 forte
2599 1390 2814 1431 sensum
2844 1375 3103 1438 ostendit,
3133 1390 3240 1429 non
3264 1390 3504 1430 errorem
3545 1376 3769 1431 inducit.

2183 1466 2498 1536 Quaeramus
2518 1482 2644 1536 ergo
2667 1475 2723 1523 et
2742 1468 3076 1522 litteraturam
3095 1467 3364 1538 quomodo
3385 1466 3769 1537 intelligamus,

2183 1573 2253 1614 ne
2281 1558 2360 1613 sic
2388 1557 2717 1614 oﬂ'endamus
2742 1560 3138 1630 grammaticos,
3166 1558 3435 1629 quomodo
3463 1558 3624 1629 paulo
3648 1569 3774 1613 ante

2183 1649 2543 1719 negotiatores
2562 1666 2576 1702 :
2595 1649 2720 1719 quia
2749 1659 2803 1705 et
2837 1648 3215 1719 grammaticus
3245 1657 3424 1718 potest
3449 1648 3502 1702 in
3529 1656 3646 1703 arte
3677 1663 3774 1702 sua

2185 1739 2410 1797 honeste
2437 1741 2650 1807 vivere;
2678 1757 2784 1796 non
2812 1741 3054 1811 peierare
3078 1783 3094 1807 ,
3139 1756 3247 1796 non
3290 1741 3525 1796 mentiri.
3554 1741 3773 1808 Quaera-

2181 1849 2304 1888 mus
2346 1847 2474 1905 ergo
2520 1833 2871 1889 litteraturam
2915 1850 3074 1905 quam
3119 1849 3226 1888 non
3274 1834 3524 1904 cognovit
3553 1833 3688 1899 iste,
3715 1833 3775 1888 in

2183 1925 2335 1995 cujus
2363 1939 2458 1982 ore
2496 1932 2604 1980 tota
2634 1925 2722 1981 die
2761 1925 2878 1980 laus
2906 1926 2998 1980 Dei
3028 1934 3130 1980 est.
3165 1923 3261 1978 Est
3287 1923 3530 1994 qumdam
3564 1924 3771 1978 littera—

2184 2027 2302 2074 tura
2328 2016 2638 2073 Judaeornm
2667 2035 2680 2071 :
2709 2017 2776 2073 ad
2805 2017 2922 2072 illos
2950 2017 3091 2072 enim
3131 2025 3186 2071 et
3219 2015 3319 2070 hoc
3344 2013 3671 2080 referamus;
3701 2014 3775 2068 ibi

2185 2110 2523 2165 inveniemus
2564 2109 2708 2181 quod
2745 2108 2946 2164 dictum
2987 2117 3089 2164 est.
3119 2106 3399 2174 Quomodo
3424 2123 3546 2162 cum
3585 2108 3652 2162 de
3679 2122 3779 2162 ne-

2184 2199 2536 2271 gotiatoribus
2578 2213 2976 2270 quaereremus,
3022 2206 3434 2270 propter.actus
3474 2206 3528 2251 et
3567 2211 3727 2267 opera
3755 2238 3773 2263 ,

2185 2293 2486 2348 invenimus
2539 2291 2686 2348 illam
2733 2291 2836 2346 dici
2893 2291 3309 2362 negotiationem
3362 2288 3769 2356 detestandam,

2186 2399 2344 2455 quam
2375 2386 2578 2441 notavit
2615 2385 2906 2454 Apostolus
2933 2384 3157 2440 dicens:
3181 2383 3479 2456 Ignorantes
3504 2384 3634 2438 enim
3667 2383 3771 2439 Dei

2177 2478 2450 2549 justiti-tm,
2475 2487 2525 2532 et
2543 2494 2688 2532 suam
2713 2478 2930 2533 volentes
2966 2479 3286 2545 constituere,
3304 2477 3517 2549 justititc
3549 2477 3637 2532 Dei
3664 2493 3775 2531 non

2185 2581 2301 2625 sunt
2336 2570 2548 2640 subjecti
2595 2569 2776 2640 (Rom.
2808 2586 2839 2624 ι
2860 2611 2876 2638 ,
2925 2570 3002 2640 5).
3033 2568 3230 2625 Contra
3260 2584 3421 2640 quam
3465 2567 3591 2624 dicit
3629 2569 3778 2624 idem

2185 2662 2476 2734 Apostolus
2499 2680 2513 2716 :
2538 2661 2665 2717 Non
2696 2680 2759 2718 ea:
2783 2663 3049 2734 aperibus,
3096 2679 3159 2716 ne
3189 2667 3323 2734 forte
3344 2663 3456 2730 quis
3481 2662 3776 2716 extollatur.

2184 2753 2468 2822 Quomodo
2497 2754 2664 2824 ergo?
2701 2753 2970 2825 Numquid
3013 2767 3122 2809 non
3159 2753 3502 2824 operabitnur
3538 2753 3780 2808 bonum?

2186 2846 2574 2918 Operahimur;
2605 2844 2699 2902 sed
2720 2847 2836 2916 ipso
2862 2845 2916 2900 in
2945 2845 3099 2901 nobis
3125 2855 3382 2916 operante
3405 2862 3420 2898 :
3443 2843 3620 2916 Ipsius
3641 2846 3780 2899 enim

2185 2955 2360 2995 sumus
2402 2939 2725 3010 ﬁgmentum,
2765 2938 2922 2992 creati
2960 2939 3015 2992 in
3061 2936 3260 2994 Christo
3293 2936 3420 2994 Jes’u
3456 2938 3512 2992 in
3545 2937 3783 3009 aperibus

2189 3031 2334 3087 bonis
2364 3029 2580 3105 (Ephes.
2612 3045 2670 3099 ιι,
2701 3029 2767 3097 9,
2817 3023 2924 3103 10).
2967 3029 3248 3098 Quomodo
3275 3029 3379 3085 hoc
3416 3044 3546 3101 ergo
3575 3031 3784 3086 inveni-

2187 3139 2309 3183 mus
2332 3133 2519 3180 contra
2563 3123 2923 3194 negotiatores
2950 3164 2966 3191 ,
3011 3122 3066 3178 id
3096 3131 3178 3179 est
3204 3123 3272 3179 de
3296 3130 3417 3178 actu
3437 3123 3736 3194 gloriantes
3760 3165 3780 3185 .

2187 3216 2257 3276 de
2275 3217 2492 3288 negotio
2512 3215 2652 3288 quod
2675 3226 2834 3288 neget
2853 3216 3021 3272 otium
3041 3217 3058 3248 ¹
3081 3230 3141 3272 se
3156 3215 3494 3284 extollentes,
3512 3216 3782 3287 inquietos

2188 3309 2370 3384 potius
2394 3324 2552 3380 quam
2582 3309 2756 3364 bonos
2784 3317 3128 3378 operatores;
3159 3309 3282 3380 quia
3313 3308 3440 3364 boni
3470 3318 3784 3380 operatores

2187 3403 2267 3460 illi
2291 3410 2418 3459 sunt
2437 3401 2490 3456 in
2520 3401 2711 3473 quibus
2744 3400 2886 3455 Deus
2911 3409 3200 3471 operatur:
3225 3399 3304 3455 sic
3327 3407 3380 3454 et
3409 3400 3593 3454 nescio
3616 3415 3783 3469 quam

2187 3489 2538 3545 litteraturam
2565 3485 2866 3542 invenimus
2883 3484 3022 3556 apud
3039 3484 3273 3541 Judzeos.
3289 3483 3548 3540 Dominus
3567 3483 3708 3540 adsit
3723 3493 3786 3540 ut.

2187 3579 2452 3651 explicem
2478 3577 2678 3643 verbis,
2708 3576 2854 3648 quod
2895 3576 3141 3647 dignatus
3169 3585 3252 3632 est
3293 3575 3496 3630 donare
3531 3583 3591 3630 ut
3615 3575 3786 3633 corde

2188 3672 2573 3743 conspicerem.
2593 3669 2852 3740 Superbia
2873 3667 3179 3725 Judzeorum
3200 3665 3632 3738 praesumentium
3655 3677 3784 3722 tan-

2187 3778 2348 3836 quam
2376 3761 2445 3818 de
2469 3761 2671 3816 viribus
2703 3760 2816 3815 suis
2846 3767 2902 3814 et
2927 3759 2994 3815 de
3019 3759 3226 3829 iustitia
3252 3772 3476 3829 operum
3513 3771 3734 3813 suorum
3761 3798 3781 3825 ,

2187 3852 2516 3925 gloriabatur
2539 3851 2608 3907 de
2625 3849 2786 3920 Lege,
2811 3849 2954 3921 quod
2974 3849 3075 3921 ipsi
3095 3848 3292 3919 Legem
3312 3847 3631 3919 acceperint,
3659 3847 3788 3904 alia:

2188 3953 2375 4016 gentes
2401 3958 2511 3998 non
2551 3941 2884 4012 acceperint;
2926 3940 2979 3995 in
3023 3955 3128 4011 qua
3167 3939 3338 4010 Lege,
3381 3954 3489 3994 non
3518 3938 3584 3995 de
3607 3939 3786 4010 gratia

2186 4035 2584 4110 gloriabantur,
2613 4033 2708 4090 sed
2741 4033 2809 4090 de
2865 4034 3061 4090 littera.
3095 4032 3206 4088 Lex
3245 4031 3390 4088 enim
3423 4032 3540 4088 sine
3584 4034 3778 4104 gratia,

2188 4128 2366 4184 littera
2387 4127 2500 4183 sola
2525 4134 2609 4182 est
2637 4143 2652 4180 :
2675 4133 2856 4182 manet
2877 4125 2946 4180 ad
2973 4123 3393 4180 convincendum
3422 4123 3778 4195 iniquitatem,

2188 4235 2296 4276 non
2321 4218 2387 4274 ad
2412 4217 2641 4274 dandam
2667 4217 2916 4272 salutem.
2943 4214 3080 4285 Quid
3109 4215 3252 4270 enim
3272 4214 3348 4269 ait
3372 4213 3688 4285 Apostolus?
3713 4212 3787 4270 Si

2189 4313 2325 4369 enim
2353 4313 2473 4366 data
2496 4321 2622 4366 esset
2642 4311 2725 4365 lea:
2745 4325 2860 4383 qute
2885 4319 3051 4378 posset
3070 4308 3342 4378 viviﬁcare,
3365 4308 3570 4363 omnino
3593 4323 3657 4362 ea:
3671 4307 3789 4380 lege

2189 4412 2315 4460 esset
2340 4403 2584 4474 justitia:
2613 4402 2702 4457 sed
2744 4400 2990 4456 conclusit
3036 4399 3305 4470 Scriptura
3340 4399 3509 4454 omnia
3534 4398 3622 4454 sub
3666 4415 3791 4469 pec-

2188 4503 2321 4562 cato,
2347 4504 2401 4548 ut
2424 4493 2687 4566 promissio
2720 4509 2784 4548 ea:
2805 4492 2907 4562 ﬁde
2935 4490 2970 4545 Ι
2975 4507 3061 4546 esu
3090 4489 3278 4546 Christi
3301 4490 3508 4544 daretur
3530 4489 3791 4546 credenti-

2190 4588 2283 4644 bus
2309 4587 2452 4660 (Gal.
2486 4603 2562 4653 ιιι,
2598 4587 2693 4653 2i,
2725 4583 2842 4658 22).
2881 4584 2956 4640 De
2984 4583 3084 4640 hac
3122 4583 3298 4639 littera
3326 4582 3455 4640 dicit
3491 4585 3596 4639 alio
3617 4583 3742 4640 loco
3772 4604 3785 4639 :

2189 4685 2382 4739 Littera
2407 4683 2627 4747 occidit;
2657 4681 2866 4752 spiritus
2905 4688 3072 4734 autem
3108 4678 3330 4748 vivi/ictu
3355 4676 3424 4748 (ll
3444 4677 3564 4733 Cor.
3591 4692 3673 4745 ιιι,
3703 4677 3791 4749 6).

2188 4777 2366 4834 Habes
2387 4776 2638 4841 litteram,
2669 4774 2715 4828 si
2732 4770 3105 4844 praevaricator
3121 4769 3252 4841 legis
3276 4783 3372 4824 es:
3401 4766 3502 4836 Qui
3525 4785 3617 4839 per
3647 4769 3794 4824 litte-

2189 4886 2322 4935 ram,
2365 4869 2556 4940 inquit,
2601 4875 2648 4922 et
2684 4864 3116 4920 circumcisionem
3145 4861 3506 4932 praevaricator
3550 4861 3680 4933 legis
3709 4879 3790 4918 es.

2189 4960 2379 5018 Nonne
2404 4960 2543 5017 bene
2563 4966 2810 5015 cantatur
2824 4966 2879 5013 et
2904 4956 3135 5012 dicitur:
3165 4953 3304 5010 Erue
3325 4969 3405 5008 me
3434 4954 3498 5008 de
3523 4969 3683 5008 manu
3709 4955 3794 5010 le-

2191 5069 2304 5127 gem
2332 5051 2680 5125 prtetereuntis
2722 5058 2770 5104 et
2807 5048 3008 5121 iniqui?
3034 5047 3212 5104 Habes
3239 5046 3505 5112 litteram;
3546 5047 3644 5102 sed
3677 5062 3797 5104 non

2191 5145 2381 5216 imples
2408 5145 2662 5199 litteram.
2695 5140 2848 5198 Unde
2873 5154 2980 5196 non
3009 5139 3200 5210 imples
3233 5137 3498 5194 litteram?
3517 5136 3798 5205 Quoniam

2189 5237 2277 5308 qui
2307 5235 2554 5307 praedicas
2573 5251 2676 5289 non
2696 5233 2990 5306 furandum,
3015 5232 3238 5304 furoris;
3262 5231 3349 5302 qui
3368 5231 3494 5284 diris
3513 5248 3616 5286 non
3637 5233 3803 5287 adul-

2191 5331 2479 5396 terandum,
2511 5328 2808 5394 adulteras;
2831 5327 2918 5398 qui
2942 5325 3248 5381 abominaris
3274 5325 3433 5390 idola,
3461 5326 3802 5397 sacrilegium

2193 5423 2342 5498 facis.
2369 5420 2572 5476 Nomen
2601 5420 2731 5474 enim
2761 5419 2858 5474 Dei
2893 5435 2983 5491 per
3005 5433 3091 5473 vos
3121 5417 3498 5489 blasphematur
3519 5417 3574 5471 in
3607 5415 3802 5473 Genti-

2193 5513 2304 5582 bus,
2356 5513 2485 5568 sicut
2525 5512 2774 5582 scriptum
2827 5519 2900 5566 est
2947 5508 3122 5583 (Rom.
3149 5525 3207 5576 ιι,
3233 5508 3452 5579 21-27).
3500 5508 3640 5575 Quid
3692 5511 3805 5566 tibi

2191 5622 2320 5679 ergo
2351 5605 2550 5678 profuit
2573 5605 2747 5661 littera
2786 5619 2946 5675 quam
2985 5619 3093 5660 non
3128 5603 3357 5675 imples?
3384 5601 3562 5670 Quare
3605 5614 3801 5660 autem

2192 5715 2298 5756 non
2317 5698 2544 5769 imples?
2569 5698 2702 5767 Quia
2729 5697 2798 5754 de
2825 5705 2877 5753 te
2903 5697 3203 5769 praesumis.
3221 5696 3396 5764 Quare
3417 5713 3523 5753 non
3553 5697 3756 5769 imples
3777 5701 3804 5756 ἲ

2260 5797 2276 5824 ι
2303 5797 2409 5840 Mss.
2450 5791 2640 5903 quidam
2686 5792 2911 5862 omittunt
2947 5789 3052 5838 hcce
3074 5789 3242 5848 verba,
3277 5790 3404 5861 qugd
3428 5797 3566 5854 neget
3587 5791 3751 5843 otium
3775 5811 3802 5851 ε

2276 5866 2447 5903 eorum
2487 5867 2575 5903 oco
2591 5852 2809 5903 nonnulh
2826 5853 3026 5903 habent.
3049 5852 3176 5903 quod
3195 5858 3518 5903 ueaottautur.

2200 5861 2254 5908 et
2276 5866 2447 5908 eorum
2469 5850 2575 5905 loco
2591 5852 2809 5904 nonnulli
2826 5853 3026 5916 habent,
3049 5852 3176 5916 quod
3195 5850 3518 5917 negotiantur".
