4076 6476
241 338 346 397 889

241 453 374 524 Quia
401 451 700 523 negotiator
722 463 816 516 es;
842 462 1005 520 opera
1026 455 1114 524 tua
1141 445 1352 503 extollis
1380 463 1396 500 ς
1430 446 1606 502 nescis
1631 459 1817 501 neces-

239 547 438 604 sariam
466 559 587 602 esse
611 543 836 616 gratiam
872 540 1188 612 adjuvantis,
1218 546 1277 593 ut
1307 538 1589 608 impleatur
1616 551 1821 608 praece-

239 649 391 713 ptum
411 637 670 710 jubentis.
702 635 842 692 Ecce
857 635 1016 705 jussit
1044 633 1219 699 Deus;
1242 647 1338 704 age
1363 631 1506 703 quod
1529 632 1704 702 jussit.
1737 631 1821 686 ln-

239 732 375 803 cipis
400 745 559 802 agere
593 728 744 800 quasi
775 743 839 782 ex
877 726 1075 780 viribus
1111 725 1236 790 tuis,
1280 733 1333 778 et
1357 724 1535 790 cadis;
1564 732 1618 778 et
1645 731 1825 778 manet

239 839 406 898 super
443 833 496 879 te
521 823 696 878 littera
719 821 962 892 puniens,
990 834 1094 873 non
1125 818 1355 872 salvans.
1392 816 1579 871 Merito
1604 814 1711 870 Lex
1735 831 1826 887 per

241 917 457 990 Hoysen
486 916 605 969 data
631 921 745 978 est;
767 911 944 968 Gratia
970 920 1015 965 et
1039 911 1219 963 ueritas
1245 925 1333 976 per
1368 907 1545 962 Jesum
1568 905 1824 961 Christum

240 1013 380 1080 facta
399 1018 473 1063 est
495 1005 672 1080 (Joan.
701 1020 740 1070 ι,
770 1002 881 1074 17).
910 1001 1118 1073 Moyses
1135 1001 1366 1071 quinque
1389 997 1553 1052 libros
1577 996 1820 1068 scripsit:

242 1101 338 1158 sed
367 1101 420 1156 iu
452 1101 685 1171 quinque
726 1095 1022 1168 porticibus
1053 1093 1306 1165 piscinam
1345 1091 1678 1162 cingentibus
1704 1089 1825 1144 lan-

240 1191 385 1264 guidi
409 1192 690 1262 jacebant;
737 1187 832 1244 sed
874 1187 1049 1244 curari
1087 1201 1193 1241 non
1239 1192 1486 1255 poterant
1521 1181 1632 1256 (Id.
1664 1198 1716 1249 v,
1743 1178 1822 1254 ἓ).

242 1285 376 1340 Vide
405 1283 674 1356 quomodo
712 1291 890 1337 manet
928 1281 1124 1346 littera,
1163 1278 1483 1334 convincens
1516 1289 1688 1340 reum,
1717 1287 1825 1329 non

241 1379 458 1436 salvans
485 1379 744 1449 iniquum.
773 1375 879 1431 Illis
905 1375 1046 1430 enim
1075 1371 1307 1444 quinque
1339 1369 1650 1442 porticibus,
1679 1368 1732 1423 in
1761 1366 1825 1422 ll-

240 1485 373 1542 gura
401 1469 634 1540 quinque
660 1468 940 1532 librorum,
972 1463 1329 1536 prodebantur
1356 1461 1532 1531 potius
1557 1473 1714 1530 quam
1741 1472 1828 1513 sa-

241 1562 507 1618 nabantur
548 1559 752 1629 aegroti.
783 1557 917 1626 Quid
949 1570 1078 1627 ergo
1115 1555 1185 1610 ibi
1231 1562 1357 1610 tunc
1402 1551 1622 1608 sanabat
1657 1564 1828 1621 aegro-

244 1653 394 1710 tum?
451 1653 626 1708 Motus
669 1666 841 1722 aquae.
883 1649 1089 1704 Piscina
1141 1647 1231 1701 illa
1282 1654 1425 1700 mota
1471 1641 1827 1699 descendebat

243 1754 502 1816 azgrotus,
546 1751 602 1798 et
641 1742 924 1797 sanabatur
967 1753 1126 1806 unus,
1170 1737 1291 1808 quia
1347 1733 1826 1804 unitaszquisquis

243 1837 381 1892 alius
410 1834 479 1889 ad
509 1835 681 1904 ipsum
722 1831 956 1886 motum‘
986 1827 1356 1892 descenderet,
1383 1840 1492 1882 non
1517 1824 1824 1880 sanabatur.

243 1926 526 1996 Quomodo
549 1923 1023 1981 commendabatur
1057 1921 1232 1976 unitas
1271 1919 1512 1989 corporis
1550 1915 1826 1972 clamantis

243 2037 273 2076 a
316 2021 515 2075 ﬁnibus
557 2019 756 2074 terrae?
793 2017 942 2072 Alius
989 2029 1096 2070 non
1141 2011 1444 2076 sanabatur,
1499 2008 1601 2064 nisi
1642 2021 1827 2063 rursus

244 2123 387 2169 mota
414 2111 604 2166 {uisset
627 2109 849 2182 piscina.
882 2105 1220 2178 Signiﬁcabat
1244 2117 1371 2174 ergo
1411 2101 1626 2173 piscina:
1652 2108 1827 2155 motus

246 2203 701 2275 perturbationem
741 2199 922 2271 populi
944 2199 1276 2264 Judaeorum,
1314 2193 1526 2265 quando
1549 2192 1693 2248 venit
1718 2191 1826 2246 Do-

244 2300 423 2354 minus
442 2297 596 2353 Jesus
625 2295 889 2350 Christus.
921 2291 1108 2363 Angeli
1131 2291 1274 2344 enim
1304 2286 1534 2342 adventu
1564 2283 1828 2354 intellige-

246 2388 406 2443 batur
426 2386 627 2442 moveri
649 2399 783 2457 aqua
813 2386 866 2438 in
892 2383 1113 2454 piscina.
1140 2382 1290 2450 Aqua
1319 2391 1446 2448 ergo
1469 2375 1642 2431 cincta
1663 2371 1829 2443 porti-

245 2481 397 2535 cibus
439 2479 691 2548 quinque,
736 2491 867 2547 gens
901 2471 1224 2530 eratludma
1253 2469 1422 2523 cincta
1467 2466 1627 2536 Lege.
1677 2463 1744 2518 Et
1772 2463 1827 2518 in

246 2572 538 2644 porticibus
566 2570 748 2641 (egroti
768 2567 1036 2640 jacebant,
1073 2573 1127 2619 et
1152 2564 1207 2617 in
1231 2562 1343 2618 sola
1381 2574 1515 2630 aqua
1543 2559 1746 2614 turbata
1772 2564 1829 2612 et

245 2675 390 2721 mota
421 2664 769 2720 sanabantur.
819 2660 975 2715 Venit
1001 2657 1275 2723 Dominus,
1318 2653 1525 2709 turbata
1557 2659 1638 2707 est
1665 2665 1825 2721 aqua,

248 2755 536 2812 cruciﬁxus
563 2763 674 2819 est;
716 2749 1002 2807 descendat
1041 2757 1098 2803 ut
1146 2753 1366 2802 sanetur
1393 2751 1643 2816 aegrotus.
1689 2738 1827 2808 Quid

241 2857 342 2914 est,
375 2843 703 2902 descendat?
727 2841 981 2898 Humilict
1012 2854 1090 2895 se.
1119 2837 1259 2907 Ergo
1291 2835 1610 2906 quicumque
1637 2829 1828 2887 amatis

243 2940 476 2996 litteram
507 2938 624 2993 sine
655 2937 845 3008 gratia,
885 2935 938 2989 in
969 2931 1256 3005 porticibus
1283 2927 1659 2992 remanebitis;
1689 2923 1820 2996 aegri

244 3031 414 3095 eritis,
443 3029 708 3100 jacentes,
743 3041 852 3083 non
877 3024 1312 3080 convalescentes
1337 3039 1349 3074 :
1377 3021 1444 3076 de
1472 3019 1648 3075 littera
1676 3017 1822 3072 cnitn

245 3121 592 3195 praesumitis.
625 3119 689 3176 Si
725 3119 856 3174 enim
893 3118 1014 3171 data
1052 3124 1174 3171 esset
1212 3115 1430 3188 lexque:
1454 3120 1620 3184 posset
1659 3109 1824 3182 uiuiﬁ-

243 3230 381 3280 σανα,
403 3213 610 3268 omnino
633 3227 694 3266 ea:
713 3211 820 3282 lege
845 3219 969 3265 esset
985 3208 1207 3281 justitia.
1235 3206 1340 3262 Sed
1369 3206 1490 3261 data
1521 3213 1604 3260 est
1630 3203 1738 3271 lex,
1769 3209 1829 3260 ut

243 3319 369 3364 reos
411 3321 512 3361 vos
539 3307 759 3371 laceret,
799 3301 879 3358 rei
921 3300 1042 3356 lacti
1074 3299 1353 3366 timeretis,
1384 3297 1632 3353 timentes
1655 3294 1830 3350 indul-

243 3400 477 3471 gentiam
516 3396 790 3467 peteretis,
813 3394 921 3464 jam
946 3393 1014 3449 de
1045 3391 1246 3447 viribus
1269 3389 1462 3445 vestris
1485 3389 1604 3442 ’non
1627 3401 1830 3458 praesu-

246 3489 489 3558 meretis,
519 3487 588 3544 de
615 3487 790 3543 littera
820 3499 917 3541 vos
951 3499 1057 3540 non
1083 3481 1429 3539 extolleretis.
1458 3480 1588 3534 Nam
1619 3479 1731 3548 ipsa
1764 3477 1830 3532 Ii-

244 3597 378 3655 gura
404 3589 490 3636 est
517 3579 701 3645 etiam,
729 3577 872 3648 quod
900 3575 1106 3630 Eliseus
1137 3573 1310 3644 primo
1346 3570 1415 3626 ad
1449 3577 1718 3625 mortuum
1745 3582 1833 3622 re-

246 3672 613 3732 suscitandum
637 3669 882 3726 baculum
908 3668 1054 3723 misit
1082 3681 1177 3736 per
1195 3679 1430 3720 servum.
1453 3662 1693 3717 Mortuus
1717 3668 1832 3716 erat

248 3768 391 3824 (ilius
412 3767 588 3822 viduae
630 3763 854 3833 hospita:
880 3761 1080 3833 ipsius;
1111 3758 1412 3814 nuntiatum
1441 3762 1524 3811 est
1560 3753 1632 3821 ei,
1673 3767 1830 3809 servo

248 3875 346 3916 suo
369 3855 524 3914 dedit
563 3855 810 3912 baculum
848 3867 1002 3907 suum
1033 3868 1049 3906 :
1083 3849 1239 3916 Vade,
1272 3846 1460 3918 inquit,
1510 3860 1635 3916 pone
1675 3859 1830 3914 super

248 3960 506 4006 mortuum
541 3946 633 4018 (IV
664 3946 792 4017 Reg.
817 3959 894 4011 1v,
920 3942 1037 4014 29).
1086 3940 1365 3997 Nesciebat
1392 3935 1659 4008 PrOpheta
1704 3932 1834 4005 quid

249 4041 476 4113 ageret?
500 4037 782 4095 Praecessit
803 4048 1011 4100 servus,
1037 4032 1212 4103 posuit
1235 4030 1481 4085 baculum
1505 4042 1668 4099 super
1686 4040 1833 4081 mor-

249 4142 424 4197 tuum,
470 4143 578 4185 non
617 4128 849 4186 surrexit
885 4135 1147 4180 mortuus.
1179 4123 1241 4179 Si
1282 4122 1414 4176 enim
1439 4121 1560 4175 data
1597 4128 1723 4175 esset
1755 4118 1836 4173 lex

247 4242 359 4298 qua:
384 4232 555 4296 posset
600 4221 874 4290 uiviﬁcare,
914 4233 1028 4272 uere
1054 4233 1117 4272 ea:
1161 4215 1268 4286 lege
1313 4221 1438 4268 esset
1454 4210 1677 4282 justitia.
1719 4207 1836 4264 Non

249 4315 543 4374 viviﬁcavit
582 4313 668 4369 lex
694 4327 789 4384 per
809 4325 1019 4367 servum
1047 4307 1241 4373 missa;
1273 4313 1329 4361 et
1367 4313 1544 4358 tamen
1574 4302 1666 4357 ille
1693 4301 1838 4358 misit

249 4411 506 4468 baculum
537 4421 689 4462 suum
717 4419 811 4476 per
833 4416 1067 4468 servum,
1097 4399 1186 4472 qui
1214 4407 1396 4470 postea
1424 4404 1640 4452 secutus
1670 4393 1838 4449 viviﬁ-

249 4507 416 4562 cavit.
445 4503 684 4571 Namque
709 4514 831 4555 cum
860 4496 951 4553 ille
976 4494 1152 4550 infans
1182 4507 1287 4548 non
1315 4489 1716 4553 resurrexisset,
1746 4501 1839 4542 ve-

251 4602 330 4654 nit
371 4600 494 4668 ipse
535 4595 766 4660 Eliseus,
807 4591 918 4662 jam
965 4590 1186 4660 ﬁguram
1226 4593 1442 4656 portans
1484 4581 1714 4649 Domini,
1750 4578 1840 4650 qui

250 4703 474 4746 servum
506 4701 661 4740 suum
687 4698 808 4740 cum
835 4679 1047 4745 baculo,
1080 4687 1330 4748 tanquam
1356 4690 1476 4730 cum
1501 4672 1663 4744 Lege,
1700 4685 1842 4742 pra:-

253 4784 516 4844 miserat;
543 4776 690 4833 venit
711 4774 777 4830 ad
797 4774 1059 4844 iacentem
1084 4779 1371 4834 mortuum,
1399 4766 1580 4838 posuit
1604 4763 1842 4820 membra

251 4889 348 4930 sua
378 4885 547 4942 super
578 4867 744 4924 illum.
785 4864 879 4920 llle
919 4861 1094 4918 infans
1121 4869 1269 4924 erat;
1302 4859 1390 4915 ille
1422 4857 1640 4927 juvenis
1683 4862 1797 4910 erat
1827 4873 1842 4910 :

250 4961 530 5021 contraxit
574 4968 631 5015 et
671 4954 928 5014 breviavit
964 4950 1357 5025 quodammodo
1393 4947 1688 5019 juventutis
1735 4959 1846 5001 sua:

253 5052 706 5127 magnitudinem,
727 5048 982 5120 parvulus
1007 5045 1177 5101 laetus
1194 5052 1258 5100 ut
1277 5053 1488 5099 mortuo
1503 5049 1843 5112 congrueret.

253 5148 507 5201 Mortuus
549 5157 679 5213 ergo
704 5137 954 5204 surrexit,
985 5151 1106 5192 eum
1132 5151 1192 5191 se
1219 5137 1369 5191 vivus
1397 5142 1610 5189 mortuo
1641 5141 1850 5202 coapta-

253 5242 377 5294 vit:
415 5246 473 5293 et
517 5235 642 5291 fecit
674 5233 929 5289 Dominus
953 5230 1092 5300 Quod
1133 5243 1240 5284 non
1267 5226 1396 5283 fecit
1421 5224 1677 5288 baculus;
1717 5222 1847 5276 fecit

253 5331 438 5404 gratia
468 5327 614 5398 quod
654 5342 760 5382 non
802 5324 927 5380 fecit
955 5324 1152 5377 littera»
1184 5319 1264 5375 Illi
1290 5334 1418 5390 ergo
1442 5319 1533 5389 qui
1572 5317 1626 5372 in
1657 5314 1850 5372 baculo

254 5428 662 5484 remanserunt,
703 5419 756 5473 in
785 5417 960 5470 littera
992 5415 1306 5485 gloriantur,
1354 5421 1410 5468 et
1437 5411 1556 5467 ideo
1583 5425 1691 5466 non
1714 5407 1853 5464 vivi—

257 5517 524 5572 licantut'.
552 5511 668 5582 Ego
693 5518 870 5563 autem
899 5506 968 5561 de
995 5505 1163 5575 gratia
1190 5513 1277 5558 tua
1299 5505 1419 5558 volo
1445 5502 1684 5574 gloriari.
1718 5501 1850 5558 Mihi

257 5617 462 5670 autem,
491 5603 566 5658 ait
590 5599 897 5673 Apostolus,
927 5596 1054 5652 absit
1093 5595 1300 5667 gloriari
1339 5595 1437 5649 nisi
1475 5595 1530 5649 in
1568 5589 1714 5649 cruce
1739 5593 1851 5648 Do-

325 5721 345 5754 ι
374 5720 454 5769 sic
484 5713 718 5766 meliores
750 5719 857 5762 uss.
897 5717 950 5759 At
972 5709 1103 5767 Edd.,
1131 5713 1239 5757 ante
1261 5705 1418 5769 ipsum
1449 5711 1628 5757 motum
1657 5718 1674 5756 :
1697 5706 1856 5769 minus

258 5767 579 5833 bene.tlinc
621 5788 798 5838 nempe
838 5779 1003 5838 contra
1048 5767 1312 5820 Donatistas
1349 5771 1587 5820 unitatem
1628 5767 1854 5819 Ecclesiae

258 5839 607 5898 eonunendari
629 5835 1066 5901 vult'Augustiuus.

1315 329 1711 388 ENARRATIO
1748 330 1815 388 IN
1855 331 2181 390 PSALMUM
2210 331 2374 410 LXX.

3399 337 3503 396 890

1934 451 2061 505 mini
2084 450 2243 506 nostri
2265 449 2390 506 Iesu
2426 447 2614 506 Christi
2653 449 2793 522 (Gal.
2823 467 2897 521 v1,
2929 452 3040 526 I4),
3070 453 3174 511 nisi
3210 453 3265 511 in
3288 453 3380 512 illo
3409 460 3497 528 qui

1927 558 1988 600 se
2016 544 2144 599 mihi
2171 545 2322 600 vivus
2348 552 2580 612 mortuo,
2622 552 2682 599 ut
2721 560 3073 618 resurgerem,
3109 549 3408 618 coaptavit;
3440 561 3497 605 ut

1923 635 2034 705 jam
2060 650 2168 692 non
2198 651 2296 708 ego
2318 635 2574 704 viverem,
2604 635 2806 692 viveret
2851 647 3026 693 autem
3053 639 3106 694 in
3144 655 3230 696 me
3252 639 3493 697 Christus

1930 727 2041 799 (Id.
2075 745 2133 796 tt,
2171 729 2284 800 20).
2317 729 2374 784 In
2402 729 2516 800 ipsa
2559 729 2727 800 gratia
2755 729 3004 800 glorians,
3035 732 3366 787 litteraturam
3394 751 3492 787 non

1930 821 2139 892 cognovi
2168 837 2186 876 :
2213 822 2265 877 id
2294 829 2397 888 est,
2429 821 2673 878 homines
2702 821 2769 877 de
2794 821 2969 878 littera
3006 835 3414 894 praesumentes,
3447 837 3496 882 et

1928 928 1958 967 a
1985 913 2151 982 gratia
2178 913 2496 981 resilientes,
2525 921 2638 969 toto
2666 914 2827 970 corde
2851 915 3150 983 reprobavi.

1999 1005 2088 1060 20.
2130 1005 2279 1079 [vers.
2310 1005 2422 1079 16.]
2460 1005 2647 1062 Merito
2695 1007 2954 1079 sequitur,
2985 1006 3215 1062 Introibo
3241 1008 3295 1063 in
3323 1019 3499 1080 poten-

1930 1099 2051 1153 tiam
2074 1097 2320 1154 Domini:
2345 1114 2450 1154 non
2479 1114 2672 1167 meam,
2694 1101 2788 1156 sed
2818 1099 3040 1155 Domini.
3071 1101 3201 1156 Nam
3227 1101 3304 1156 illi
3332 1103 3385 1157 in
3412 1118 3500 1172 po.

1931 1192 2092 1247 tentia
2138 1206 2234 1246 sua
2261 1190 2332 1248 de
2368 1192 2541 1248 llttera
2583 1192 2795 1264 gloriati
2837 1202 2995 1258 sunt;
3037 1193 3158 1249 ideo
3199 1192 3501 1263 adjunctam

1930 1284 2120 1340 litterae
2139 1284 2361 1355 gratiam
2381 1299 2486 1340 non
2506 1294 2883 1356 cognoverunt.
2905 1283 3036 1340 Nam
3064 1283 3170 1341 Lex
3186 1302 3276 1356 per
3293 1284 3502 1356 Moysen

1929 1377 2048 1432 data
2068 1387 2177 1442 est;
2205 1378 2369 1450 gratia
2399 1386 2446 1431 et
2462 1377 2642 1432 veritas
2662 1393 2750 1448 per
2772 1375 2948 1431 Iesum
2973 1375 3224 1430 Christum
3251 1376 3387 1445 facta
3407 1387 3501 1431 est.

1929 1471 2046 1542 Ipse
2070 1470 2212 1526 enim
2239 1469 2385 1526 venit
2414 1477 2471 1524 ut
2497 1468 2693 1538 Legem
2721 1467 2987 1536 impleret,
3025 1466 3234 1537 quando
3269 1466 3501 1520 charita-

1928 1572 2035 1619 tem
2064 1561 2300 1629 donavit,
2328 1577 2424 1631 per
2450 1575 2605 1630 quam
2628 1559 2735 1615 Lex
2765 1567 2949 1629 posset
2970 1557 3195 1627 impleri.
3227 1557 3502 1611 Plenitudo

1929 1655 2062 1709 enim
2089 1652 2238 1725 Legis
2267 1652 2482 1706 Charitas
2509 1649 2692 1721 (Rom.
2719 1665 2834 1714 xm,
2862 1649 2973 1718 10).
3007 1647 3082 1702 11ιί
3111 1663 3216 1702 non
3245 1647 3502 1703 habentes

1929 1745 2263 1808 cbaritatem,
2307 1743 2358 1798 id
2395 1751 2496 1807 est,
2539 1757 2644 1797 non
2693 1741 2948 1795 habentes
2989 1739 3243 1809 Spiritum
3293 1739 3498 1810 gratiae,

1929 1839 2048 1911 quia
2087 1837 2307 1892 charitas
2348 1833 2442 1890 Dei
2474 1833 2664 1900 diffusa
2704 1841 2778 1886 est
2815 1832 2868 1885 in
2904 1830 3135 1885 cordibus
3171 1830 3373 1895 nostris,
3413 1843 3504 1900 per

1930 1931 2182 2002 Spiritum
2217 1937 2446 1984 sanctum
2482 1927 2568 1999 qui
2609 1925 2756 1978 datus
2795 1932 2870 1978 est
2908 1923 3048 1978 nobis
3079 1921 3190 1997 (Id.
3218 1937 3274 1986 v,
3301 1919 3376 1994 5),
3407 1936 3496 1976 re-

1931 2031 2242 2081 manserunt
2267 2021 2556 2093 gloriantes
2582 2019 2635 2074 in
2669 2017 2863 2072 littera.
2895 2015 2998 2072 Sed
3027 2017 3146 2086 quia
3178 2016 3341 2069 littera
3370 2014 3498 2068 oeci.

1930 2117 2040 2182 dit;
2064 2115 2272 2186 spiritus
2305 2120 2470 2167 autem
2498 2111 2758 2179 viviﬁcat;
2792 2125 2892 2162 non
2919 2107 3130 2178 cognovi
3151 2107 3500 2170 litteraturam,

1929 2215 1985 2263 et
2010 2205 2225 2261 introibo
2252 2205 2307 2258 in
2349 2202 2623 2274 potentiam
2666 2199 2892 2253 Domini.
2921 2198 3043 2253 Ideo
3073 2213 3264 2252 versus
3289 2197 3390 2251 iste
3419 2209 3502 2250 se-

1930 2313 2102 2371 quens
2137 2295 2417 2352 conﬁrmat
2455 2292 2770 2364 perﬁcitque
2814 2289 3158 2350 sententiam,
3203 2288 3271 2342 ita
3303 2295 3358 2340 ut
3389 2300 3504 2340 eam

1932 2394 2058 2465 ﬁgat
2109 2392 2162 2448 in
2205 2388 2456 2446 cordibus
2506 2386 2817 2448 hominum,
2875 2397 2974 2438 nec
3022 2382 3180 2435 alium
3239 2378 3507 2450 permittat

1931 2488 2149 2544 omnino
2178 2487 2416 2555 irrepere
2457 2481 2567 2537 ulla
2605 2496 2675 2535 ex
2705 2487 2852 2549 parte
2893 2475 3241 2531 intellectum.
3269 2472 3505 2536 Domine,

1930 2579 2246 2634 memorabor
2259 2576 2475 2648 justitiaz
2500 2583 2601 2628 tua:
2631 2571 2806 2626 solius.
2837 2569 2882 2624 0
2905 2567 3101 2623 solius!
3128 2564 3263 2633 Quid
3286 2564 3505 2628 addidit,

1931 2669 2129 2727 solius?
2164 2682 2293 2739 rogo
2319 2682 2434 2722 vos.
2465 2665 2769 2729 Sul'ﬁceret,
2797 2656 3112 2715 memorabor
3128 2657 3345 2729 justitia:
3387 2665 3504 2708 tute.

1933 2761 2125 2825 Solius,
2166 2758 2353 2830 inquit,
2383 2770 2602 2828 prorsus
2635 2771 2650 2809 :
2677 2754 2752 2810 ibi
2791 2767 2965 2808 meam
3013 2764 3118 2805 non
3146 2748 3339 2817 cogito.
3372 2745 3508 2811 Quid

1931 2853 2065 2910 enim
2087 2852 2240 2906 habes
2268 2849 2404 2920 quod
2441 2865 2544 2904 non
2577 2847 2850 2919 accepisti?
2898 2844 2962 2900 Si
2984 2852 3149 2898 autem
3177 2850 3223 2897 et
3249 2839 3502 2910 accepisti,

1930 2943 2054 3013 quid
2079 2943 2314 3015 gloriaris
2338 2941 2482 3014 quasi
2505 2955 2605 2994 non
2631 2937 2884 3008 acceperis
2910 2935 2953 3008 (1
2980 2936 3097 2990 Cor.
3125 2949 3200 3000 tv,
3230 2930 3323 3004 7)?
3346 2929 3509 2986 Justi-

1933 3037 2009 3094 tia
2035 3045 2123 3092 tua
2156 3036 2269 3092 sola
2295 3049 2383 3090 me
2422 3032 2648 3098 liberat;
2677 3045 2798 3086 mea
2824 3028 2935 3085 sola
2971 3043 3077 3084 non
3103 3033 3226 3082 sunt
3252 3023 3353 3080 nisi
3380 3037 3508 3093 pec-

1930 3135 2072 3187 cata.
2099 3126 2213 3183 Non
2243 3125 2442 3196 glorier
2464 3138 2592 3194 ergo
2616 3122 2682 3178 de
2702 3121 2901 3178 viribus
2927 3120 3096 3186 meis;
3124 3132 3232 3174 non
3254 3117 3306 3170 in
3333 3115 3508 3170 littera

1932 3233 2238 3278 remaneam
2263 3236 2277 3275 :
2303 3217 2583 3288 reprobem
2630 3215 3003 3278 litteraturam,
3050 3211 3104 3267 id
3145 3218 3229 3267 est
3269 3207 3509 3263 homines

1932 3311 2000 3369 de
2045 3311 2222 3367 littera
2267 3309 2578 3380 gloriantes,
2621 3314 2678 3362 et
2715 3305 2784 3361 de
2831 3305 2943 3360 suis
2988 3301 3190 3358 viribus
3232 3313 3504 3370 perverse,

1934 3415 2184 3476 tanquam
2206 3402 2563 3474 phreneticos,
2590 3406 3010 3470 praesumentes;
3036 3394 3318 3465 reprobem
3351 3391 3505 3458 tales,

1933 3499 2123 3555 intrem
2147 3497 2198 3550 in
2227 3494 2516 3566 potentiam
2544 3491 2769 3556 Domini,
2797 3499 2854 3544 ut
2871 3487 3083 3560 quando
3105 3485 3346 3540 inﬁrmus
3364 3496 3504 3549 sum,

1935 3601 2063 3647 tunc
2087 3596 2276 3661 potens
2313 3587 2448 3652 sim;
2493 3593 2552 3639 ut
2594 3583 2732 3638 tuin
2773 3596 2860 3637 me
2902 3580 2976 3637 sis
3021 3585 3231 3650 potens,
3259 3573 3511 3648 quoniam

1934 3682 2246 3740 memorabor
2265 3679 2480 3754 iustitiae
2503 3687 2604 3733 tute
2627 3677 2805 3731 solius.

2597 3823 2768 3868 BERIO
2795 3823 2855 3864 ll.

2365 3931 2442 3988 De
2466 3929 2684 3987 secunda
2708 3936 2850 3999 parte
2875 3922 3091 3979 Psalmi.

2011 4076 2064 4130 1.
2103 4071 2340 4129 Gratiam
2366 4069 2482 4134 Dei,
2513 4081 2614 4138 qua
2640 4064 2804 4134 gratis
2843 4061 2975 4117 salvi
3005 4059 3131 4116 facti
3162 4070 3367 4122 sumus,
3397 4053 3519 4110 nul-

1939 4167 2004 4222 lis
2040 4165 2236 4220 nostris
2265 4159 2470 4217 meritis
2490 4155 2931 4228 praecedentibus,
2965 4151 3066 4205 nisi
3089 4149 3282 4220 quibus
3309 4145 3518 4215 suppli-

1941 4259 2080 4315 cium
2121 4256 2434 4319 debebatur,
2482 4251 2585 4305 isto
2617 4245 2978 4304 commendari
3009 4243 3236 4314 psalmo,
3270 4240 3520 4295 hesterna

1941 4349 2027 4406 die
2053 4347 2434 4403 insinuavimus
2451 4340 2705 4398 Charitati
2729 4340 2930 4394 Vestra
2951 4355 2968 4392 :
2988 4349 3218 4405 eumque
3245 4329 3522 4389 tractando

1943 4437 2191 4511 quoniam
2218 4436 2371 4490 ﬁnire
2397 4433 2755 4504 nequivimus,
2782 4436 3075 4485 extremam
3097 4424 3212 4494 ejus
3237 4429 3442 4495 partem
3465 4421 3521 4476 in

1945 4510 2253 4586 hodiernam
2282 4524 2423 4580 diem
2453 4521 2773 4587 distulimus,
2822 4517 3193 4588 promittentes
3222 4514 3276 4568 in
3304 4510 3524 4566 nomine

1946 4619 2157 4676 Domini
2186 4631 2286 4672 nos
2321 4614 2558 4671 debitum
2600 4611 2886 4666 soluturos.
2927 4604 3082 4675 Quod
3115 4601 3354 4660 solvendi
3392 4615 3527 4672 quo-

1947 4711 2089 4768 niam
2121 4719 2328 4778 tempus
2354 4714 2456 4773 est,
2490 4705 2730 4759 adestote
2756 4701 2956 4764 animo,
2992 4705 3241 4767 tanquam
3268 4707 3396 4765 agro
3424 4693 3530 4748 ler-

1950 4802 2048 4866 tili,
2078 4799 2168 4855 ubi
2191 4807 2244 4854 et
2279 4811 2460 4852 semen
2488 4791 2870 4862 multiplicetis,
2901 4797 2957 4844 et
2985 4788 3176 4858 pluvia:
3201 4783 3394 4856 ingrati
3421 4798 3528 4838 non

1951 4895 2086 4951 sitis.
2113 4889 2614 4948 Commendavimus
2635 4885 2885 4940 hesterno
2907 4881 2995 4936 die
3027 4879 3236 4934 titulum
3257 4876 3406 4949 ejus;
3437 4876 3530 4930 sed

1952 4994 2172 5058 propter
2200 4981 2557 5040 renovandam
2586 4975 2932 5032 intentionem
2961 4981 3218 5036 vestram,
3247 4979 3302 5026 et
3342 4969 3427 5024 bis
3457 4969 3532 5021 in-

1953 5077 2248 5136 timandum
2275 5073 2365 5146 qui
2394 5073 2509 5128 lteri
2559 5070 2804 5124 absentes
2849 5066 3082 5130 luerunt,
3110 5063 3341 5120 breviter
3378 5075 3528 5115 com-

1956 5181 2318 5225 memoramus
2340 5163 2482 5236 quod
2505 5162 2742 5218 recolant
2768 5159 2857 5230 qui
2878 5160 3176 5224 audierunt,
3199 5153 3415 5209 audiant
3441 5151 3532 5222 qui

1959 5260 2278 5317 nescierunt.
2308 5257 2562 5311 Filiorum
2589 5252 2830 5308 Jonadab
2849 5248 3092 5309 Psalmus
3119 5255 3235 5312 est;
3263 5242 3405 5316 quod
3433 5260 3532 5298 no-

1960 5370 2084 5411 men
2136 5354 2514 5423 interpretatur
2565 5348 2776 5403 Domini
2828 5347 3161 5417 Spontaneus
3211 5358 3228 5396 :
3280 5337 3531 5409 quoniam

1960 5456 2274 5519 spontanea,
2301 5444 2401 5499 hoc
2421 5450 2506 5498 est
2525 5441 2685 5508 bona,
2708 5455 2861 5512 pura,
2889 5439 3093 5491 sincera
3119 5443 3174 5488 et
3197 5429 3428 5502 perfecta
3452 5445 3533 5483 vo-

1961 5527 2186 5605 luntate,
2246 5551 2352 5591 non
2394 5535 2518 5590 licto
2562 5532 2726 5589 corde
2769 5529 2993 5586 Domino
3037 5523 3374 5580 serviendum
3417 5528 3533 5587 est;

1961 5631 2106 5706 quod
2134 5629 2295 5685 etiam
2335 5627 2466 5683 illud
2508 5625 2705 5681 indicat
2741 5622 2834 5677 ubi
2860 5619 3058 5675 dictum
3106 5625 3209 5682 est,
3249 5612 3535 5669 Voluntaria

1965 5704 2256 5794 sacrificabo
2286 5721 2373 5775 tibi
2399 5717 2568 5790 (Psal.
2601 5731 2712 5784 Lm,
2754 5715 2832 5786 8).
2864 5711 3015 5766 Filiis
3047 5709 3222 5780 bujus,
3263 5706 3316 5762 id
3345 5716 3445 5772 est,
3474 5704 3536 5794 ιι.

1967 5817 2058 5877 liis
2100 5793 2415 5874 ubedientite
2455 5816 2696 5868 cantatur
2718 5805 2983 5876 Psalmus,
3024 5810 3081 5859 et
3125 5799 3209 5857 his
3250 5798 3341 5872 qui
3382 5793 3538 5869 primi
