4076 6482
523 404 612 460 891

522 513 713 587 captivi
740 512 883 570 ducti
909 509 1052 577 sunt,
1082 516 1142 566 ut
1183 513 1501 581 agnoscatur
1524 503 1612 563 hic
1633 504 1862 577 gemitus
1886 510 2093 568 noster,

521 617 576 666 et
602 605 953 664 suiﬁciatdiei
975 603 1175 658 malitia
1199 617 1294 656 sua
1321 599 1534 674 (Matth,
1557 615 1628 665 v1,
1656 597 1770 667 54).
1793 595 1909 651 Jam
1932 593 2096 659 enim,

521 701 571 756 si
612 697 827 770 superbi
873 696 1228 760 deseruimus,
1277 694 1358 748 vel
1402 692 1602 763 fatigati
1642 690 1943 746 redeamus.
1991 687 2101 744 Nec

526 793 688 852 rediri
719 793 820 848 nisi
850 807 945 863 per
964 791 1187 862 gratiam
1218 795 1410 860 potest.
1435 783 1616 843 Gratia
1641 785 1804 857 gratis
1831 783 1955 839 data
1982 792 2098 839 est:

525 904 649 945 nam
669 888 770 943 nisi
800 888 966 959 gratis
989 895 1154 954 esset,
1184 885 1350 957 gratia
1383 900 1488 939 non
1511 892 1672 939 esset.
1705 883 1873 938 Porro
1898 891 2099 949 autem,

528 984 576 1038 si
620 991 900 1053 propterea
931 981 1099 1051 gratia
1143 990 1245 1044 est,
1275 979 1396 1049 quia
1436 978 1598 1048 gratis
1628 986 1729 1044 est,
1783 977 1911 1031 nihil
1956 985 2103 1029 tuum

528 1074 825 1144 prmcessit,
859 1081 916 1128 ut
942 1073 1231 1144 acciperes.
1256 1071 1384 1126 Nam
1411 1071 1453 1125 si
1472 1072 1644 1142 aliqua
1671 1070 1807 1126 bona
1833 1085 1992 1160 opera
2018 1079 2107 1125 tua

531 1174 941 1236 praecesserunt,
995 1164 1221 1235 pretium
1277 1163 1549 1232 accepisti,
1601 1178 1706 1218 non
1758 1162 2108 1232 gratiszpre-

531 1258 663 1312 tium
703 1267 882 1312 autem
911 1256 1053 1326 quod
1100 1255 1254 1310 nobis
1289 1254 1598 1321 debebatur,
1648 1253 1967 1324 supplicium
2003 1262 2105 1308 est.

532 1350 683 1418 Quod
714 1365 841 1420 ergo
881 1350 1184 1415 liberamur,
1222 1363 1324 1404 non
1355 1349 1551 1404 nostris
1589 1348 1815 1414 meritis,
1848 1347 1942 1402 sed
1971 1347 2112 1402 illius

535 1441 702 1512 gratia
731 1448 834 1496 est.
862 1438 1012 1496 Illum
1044 1454 1170 1510 ergo
1199 1439 1508 1504 laudemus;
1540 1437 1614 1492 illi
1651 1446 1816 1492 totum
1845 1435 1986 1508 quod
2015 1451 2110 1490 su-

529 1547 671 1598 mus,
709 1541 765 1588 et
799 1532 939 1602 quod
985 1533 1116 1587 salvi
1150 1530 1432 1600 efficimur,
1478 1530 1795 1586 debeamus.
1843 1529 1923 1585 Ad
1970 1529 2113 1600 quod

530 1623 809 1690 conclusit,
847 1639 968 1679 cum
1006 1624 1169 1678 multa
1208 1624 1447 1688 dixisset,
1475 1623 1698 1680 dicens:
1730 1622 1963 1690 Domine,
2004 1639 2111 1677 me-

531 1715 768 1769 morabor
779 1716 997 1786 justitia:
1017 1726 1118 1770 tua:
1141 1716 1316 1770 solius.
1342 1715 1423 1770 Ad
1443 1717 1601 1770 istum
1625 1730 1838 1770 versum
1864 1714 2114 1770 conclusa

542 1815 626 1862 est
654 1808 902 1862 hesterna
949 1809 1243 1864 tractactio.
1286 1808 1449 1863 Primi
1497 1823 1626 1878 ergo
1669 1808 1884 1878 captivi,
1932 1807 1984 1862 id
2010 1817 2110 1873 est,

534 1900 865 1971 pertinentes
899 1899 965 1955 ad
996 1902 1223 1970 primum
1255 1900 1525 1956 hominem
1553 1919 1564 1955 :
1599 1911 1814 1971 propter
1840 1900 1941 1955 hoc
1973 1901 2113 1955 enim

533 1993 748 2062 captivi,
783 2001 997 2063 propter
1022 1995 1251 2064 primum
1279 1994 1549 2049 hominem
1582 1997 1633 2049 in
1664 2010 1772 2066 quo
1797 2010 1984 2051 omnes
2005 2010 2120 2051 mo-

533 2084 736 2150 rimur;
759 2087 879 2155 quia
909 2102 1007 2141 non
1032 2088 1172 2157 prius
1191 2088 1325 2158 quod
1343 2088 1608 2159 spirituule
1626 2098 1716 2153 est,
1742 2089 1829 2144 sed
1848 2089 1981 2160 quod
2002 2090 2118 2144 ani-

535 2176 666 2229 male
693 2185 866 2246 postea
910 2178 1174 2248 apirituale
1227 2177 1268 2251 (Ι
1299 2178 1418 2233 Cor.
1461 2195 1551 2248 xv,
1591 2181 1704 2251 46).
1755 2181 1978 2251 Propter
2006 2181 2119 2252 pri-

535 2281 682 2322 mum
706 2267 974 2324 hominem
1003 2270 1160 2340 primi
1187 2272 1378 2340 captivi
1404 2289 1418 2326 :
1452 2282 1668 2342 prapter
1696 2273 1984 2330 secundum
2015 2273 2119 2329 ho-

535 2357 735 2414 minem
785 2360 1001 2416 sccundi
1051 2361 1332 2433 redempti.
1377 2361 1510 2418 Nam
1559 2373 1616 2421 et
1664 2364 1778 2435 ipsa
1824 2365 2122 2438 redemptio

537 2445 734 2502 clamat
755 2449 1112 2519 captivitatem
1136 2463 1392 2508 nostram.
1423 2454 1576 2511 Unde
1597 2456 1738 2512 enim
1765 2457 2046 2527 redempti,
2075 2457 2123 2516 si

539 2552 648 2594 non
668 2548 821 2596 antea
848 2543 1073 2612 captivi?
1101 2545 1169 2599 Et
1195 2559 1312 2602 eam
1342 2548 1700 2617 captivitatem
1730 2549 2035 2619 eXpressius
2056 2551 2123 2606 ab

539 2631 797 2702 Apostolo
827 2635 1144 2692 insinuatam
1174 2654 1239 2693 ex
1271 2640 1503 2708 Epistola
1534 2642 1669 2710 ejus,
1697 2643 1856 2700 verba
1879 2645 2121 2714 qumdam

537 2734 1041 2794 commemorantes,
1074 2729 1478 2800 iusinuavimus,
1515 2741 1569 2788 et
1595 2735 1925 2806 repetimus:
1967 2735 2124 2792 Video

540 2814 695 2869 aliam
716 2816 874 2888 legem
910 2819 962 2872 in
988 2821 1222 2875 membris
1248 2824 1388 2888 meis,
1429 2836 1790 2896 repugnantem
1816 2827 1915 2898 legi
1945 2830 2126 2886 mentis

543 2924 685 2974 meae,
711 2920 754 2963 et
793 2914 1044 2983 captivum
1078 2930 1157 2969 me
1189 2915 1447 2972 ducentem
1472 2919 1525 2973 in
1544 2919 1651 2991 lege
1674 2921 1886 2992 peccati,
1917 2937 2029 2990 quia
2051 2932 2125 2978 est

541 2999 594 3052 in
618 3000 848 3057 membris
875 3005 997 3060 meis
1025 3002 1200 3075 (Rom.
1231 3023 1326 3076 vit,
1352 3007 1468 3080 25).
1501 3009 1615 3080 ipsa
1645 3022 1726 3067 cst
1753 3014 1922 3083 prima
1952 3018 2122 3086 capti~

543 3089 679 3146 vitas
707 3102 907 3160 nostra,
941 3110 1040 3166 qua
1067 3099 1392 3168 concupiscit
1434 3100 1688 3158 adversus
1725 3104 1969 3173 spiritum
1999 3121 2126 3168 caro

549 3179 690 3251 (Gal.
741 3199 794 3248 v,
829 3183 940 3256 17).
978 3186 1133 3242 Vertit
1173 3198 1349 3245 autem
1389 3189 1492 3246 hoc
1515 3192 1583 3248 de
1631 3208 1784 3262 pinna
1815 3197 2038 3266 peccati,
2071 3208 2128 3256 ut

547 3271 706 3327 homo
733 3273 988 3330 adversus
1017 3279 1249 3348 seipsum
1277 3280 1622 3351 divideretur,
1651 3285 1740 3356 qui
1770 3287 1860 3342 uni
1881 3288 2127 3346 subditus

553 3377 671 3437 esse
721 3365 910 3420 noluit.
953 3367 1096 3424 Nibil
1145 3372 1285 3426 enim
1331 3382 1436 3429 tam
1471 3377 1686 3446 expedit
1735 3379 1928 3436 anima:
1967 3396 2126 3453 quam

547 3455 782 3524 obedire.
804 3458 873 3513 Et
897 3461 941 3515 si
967 3462 1181 3532 expedit
1205 3465 1395 3521 animae
1421 3468 1638 3530 obedire
1659 3471 1710 3526 in
1732 3486 1888 3528 servo
1915 3482 1972 3530 ut
1998 3474 2129 3531 obe-

545 3545 656 3604 diat
682 3549 922 3620 domino,
972 3553 1024 3608 in
1070 3554 1182 3610 filio
1227 3567 1283 3612 ut
1327 3558 1542 3616 obediat
1582 3563 1740 3633 patri,
1784 3565 1836 3619 in
1867 3582 2031 3623 uxore
2071 3577 2128 3626 ut

545 3637 762 3694 obediat
800 3642 954 3710 viro;
997 3655 1195 3715 quanto
1241 3649 1409 3720 magis
1458 3653 1511 3708 in
1555 3651 1774 3719 homine
1822 3665 1879 3712 ut
1913 3658 2129 3716 obediat

549 3731 695 3785 Deo?
719 3733 980 3803 Expertus
1000 3754 1125 3809 ergo
1140 3741 1335 3796 malum
1356 3744 1523 3800 Adam
1545 3750 1748 3804 :omnis
1766 3760 1942 3806 autem
1968 3752 2127 3808 homo

545 3823 749 3890 Adam;
777 3827 913 3882 sicut
941 3830 990 3883 in
1013 3830 1097 3885 his
1121 3834 1209 3902 qui
1231 3835 1568 3893 Crediderunt
1593 3844 1766 3896 omnis
1798 3843 1956 3900 homo
1976 3845 2130 3901 Chri-

545 3925 682 3984 stus,
710 3920 832 3987 quia
875 3922 1112 3976 membra
1149 3935 1271 3980 sunt
1296 3925 1534 3984 Christi:
1565 3943 1816 4002 expertus
1842 3952 1970 4008 ergo
2007 3955 2124 3995 ma-

544 4006 653 4063 lum
685 4009 825 4079 quod
871 4027 976 4068 non
1007 4013 1190 4098 debuit
1229 4020 1482 4089 experiri,
1526 4023 1572 4079 si
1620 4026 1864 4084 crederet
1906 4006 2125 4099 dicenti,

547 4097 674 4154 Noli
691 4107 892 4174 tangere
921 4103 1070 4178 (Gen.
1099 4095 1300 4182 11,17);
1329 4123 1577 4182 expertus
1592 4131 1719 4189 ergo
1743 4121 1962 4189 malum,
1983 4095 2129 4195 post;

545 4205 607 4245 ea
656 4193 842 4249 saltem
883 4195 1215 4268 obtemperet
1270 4208 1546 4276 prmceptis
1589 4211 1780 4268 medici
1823 4223 1880 4269 ut
1919 4193 2122 4290 surgat,

545 4283 630 4354 qui
661 4285 827 4375 noluit
855 4288 1074 4346 credere
1112 4293 1320 4350 medico
1361 4306 1420 4353 ut
1449 4315 1553 4355 non
1581 4315 1883 4375 (egrotaret.
1912 4283 2046 4367 Nam
2075 4324 2129 4368 et

547 4389 679 4454 sano
714 4363 884 4435 bonus
915 4391 968 4437 et
997 4384 1165 4440 fidelis
1195 4387 1432 4446 medicus
1456 4392 1546 4448 dat
1588 4363 1932 4468 praeceptum,
1964 4419 2029 4458 ne
2058 4405 2126 4461 sit

501 4527 522 4541 λ
544 4463 620 4521 illi
647 4473 1001 4529 necessarius.
1032 4475 1143 4532 Non
1173 4487 1255 4533 est
1281 4481 1421 4536 enim
1465 4483 1608 4540 sanis
1647 4493 1986 4549 necessarius
2014 4512 2126 4552 me-

547 4558 714 4627 dicus,
764 4563 858 4619 sed
907 4567 1044 4621 male
1093 4569 1407 4628 habentibus
1455 4575 1666 4647 (Matth.
1718 4598 1792 4648 ix,
1833 4584 1946 4658 12).
1992 4587 2123 4654 Boni

489 4643 722 4742 autem
739 4657 894 4711 amici
925 4659 1136 4728 medici,
1166 4664 1255 4732 qui
1281 4666 1463 4723 nolunt
1490 4672 1724 4730 vendere
1751 4643 1922 4732 artem
1948 4694 2120 4750 suam,

497 4741 523 4807 f‘
546 4749 599 4797 et
637 4743 754 4813 plus
805 4748 1034 4817 gaudent
1079 4752 1144 4807 ad
1188 4769 1349 4813 sanos
1390 4774 1548 4829 quam
1586 4763 1652 4818 ad
1693 4779 1942 4837 aegrotos,
1995 4741 2127 4828 (iani

545 4836 786 4906 quasdam
819 4853 1079 4916 praecepta
1110 4849 1272 4914 sanis,
1297 4865 1413 4921 quae
1430 4853 1761 4914 observando
1783 4860 1832 4916 in
1860 4865 2120 4932 aegritudi-

546 4943 666 4983 nem
709 4945 814 4986 non
841 4934 1048 4991 cadant.
1079 4939 1248 4995 Porro
1287 4952 1465 4999 autem
1509 4946 1579 5002 illi
1620 4949 1665 5004 si
1697 4965 1957 5024 praecepta
1988 4973 2122 5014 con-

547 5025 877 5093 tempserint,
907 5037 961 5082 et
986 5029 1036 5083 in
1077 5034 1447 5103 aegritudinem
1495 5040 1794 5109 inciderint,
1819 5050 2118 5120 supplicant

543 5115 791 5172 medico:
823 5133 980 5189 quem
1023 5133 1457 5196 contempserunt
1503 5134 1638 5200 sani,
1687 5115 2118 5212 rogant—mgroti.

537 5204 755 5273 Utinam
791 5210 978 5266 saltem
1024 5219 1238 5286 rogent!
1271 5235 1338 5275 ne
1367 5237 1459 5292 per
1485 5222 1687 5282 febrem
1715 5204 1893 5296 triente
1919 5204 2120 5301 perdita

543 5307 595 5352 et
616 5299 879 5357 medicum
906 5303 1132 5362 caedant.
1157 5310 1394 5368 Audistis
1421 5316 1599 5385 modo,
1627 5335 1748 5374 cum
1775 5299 2118 5394 Evangelium

546 5389 834 5487 legeretur,
864 5399 1307 5480 quemadmodum
1347 5406 1398 5460 in
1427 5408 1546 5464 illos
1571 5411 1709 5468 dicta
1751 5415 1821 5470 sit
1847 5389 2115 5487 parabola.

538 5472 726 5533 Mentis
768 5494 910 5535 sanae
937 5496 1088 5539 erant
1126 5487 1215 5556 qui
1245 5477 1536 5548 dixerunt:
1573 5494 1669 5552 Hic
1697 5509 1769 5553 est
1798 5472 1992 5570 haeres;
2039 5521 2122 5561 vos

542 5569 664 5636 nite,
693 5572 980 5629 occidamus
996 5593 1129 5643 eum,
1158 5588 1205 5633 et
1243 5593 1416 5635 nostra
1442 5585 1532 5665 erit
1565 5589 1830 5666 ha’reditas
1867 5594 1976 5668 (Id.
2006 5613 2116 5666 xxx,

538 5659 670 5731 38)?
701 5661 892 5752 Utique
922 5683 1028 5722 non
1056 5687 1068 5722 :
1101 5680 1223 5739 puta
1253 5675 1342 5743 qui
1380 5661 1686 5735 occiderunt
1716 5659 1900 5754 lilium,
1935 5699 1988 5742 et
2024 5659 2118 5762 pa:

540 5761 676 5810 trem
707 5758 934 5840 occisuri
961 5771 1147 5830 erant;
1179 5763 1281 5822 hoc
1306 5778 1388 5825 est
1410 5781 1642 5828 mentem
1667 5792 1850 5836 sanam
1880 5798 1984 5840 non
2016 5758 2116 5842 ha-

542 5844 690 5906 bere.
718 5851 998 5912 Postremo
1036 5871 1162 5916 ecce
1188 5861 1310 5930 quia
1347 5865 1659 5928 occiderunt
1699 5868 1864 5931 filium
1889 5896 1903 5934 :
1930 5859 2111 5940 resur-

1727 390 1790 450 s.
1828 363 2198 444 AUCUSTINI
2238 369 2544 439 EPISCOPI

2211 496 2351 552 rexit
2378 495 2537 563 ﬁlius,
2580 496 2635 554 et
2666 496 2801 570 lapis
2845 500 3158 574 reprobatus
3184 501 3252 558 ab
3288 503 3679 565 tediiicantibus
3706 509 3792 565 fa-

2209 597 2327 644 ctus
2346 598 2428 645 est
2452 589 2506 645 in
2527 599 2686 660 caput
2707 592 2884 662 anguli
2907 592 3076 667 (Paul.
3106 599 3264 663 cxvii,
3297 596 3414 668 22).
3441 598 3798 662 Oii'cnderunt

2210 684 2264 740 in
2300 685 2470 750 illum,
2515 693 2568 740 et
2616 687 2951 756 conquassati
2982 698 3106 744 sunt
3135 706 3148 744 :
3193 692 3367 746 veniet
3396 707 3559 764 super
3595 711 3714 766 eos,
3743 707 3802 756 ct

2211 784 2453 832 conteret
2481 791 2592 832 eos.
2622 776 2728 832 Sed
2757 793 2862 832 non
2908 778 2980 834 ita
3010 780 3108 835 iste
3140 783 3229 854 qui
3259 795 3436 842 cantat
3473 790 3527 843 in
3555 788 3798 858 Psalmo,

2212 868 2267 923 et
2285 865 2413 922 dicit
2438 883 2452 920 :
2474 866 2701 922 Introibo
2721 869 2774 923 in
2794 871 3068 940 potentiam
3086 869 3322 943 Domini;
3345 892 3449 932 non
3476 895 3676 947 meam,
3704 883 3802 940 sed

2213 958 2442 1015 Domini.
2471 958 2702 1026 Domine,
2749 963 3060 1018 memorabor
3081 966 3297 1037 justitiae
3322 979 3422 1024 tua:
3454 973 3633 1030 solius.
3666 976 3802 1033 Nul-

2214 1049 2320 1105 lam
2351 1065 2524 1106 meam
2563 1067 2828 1122 agnosco;
2861 1055 3026 1109 solius
3054 1064 3158 1111 ture
3178 1058 3400 1127 justitia:
3430 1069 3801 1127 memorabor.

2216 1141 2261 1195 A
2303 1151 2353 1196 te
2383 1141 2572 1207 habeo,
2618 1143 2870 1215 quidquid
2913 1145 3038 1201 boni
3084 1146 3287 1216 habeo;
3334 1152 3590 1228 quidquid
3621 1168 3803 1216 autem

2216 1233 2340 1288 mali
2391 1232 2582 1300 habeo,
2631 1251 2660 1290 a
2706 1252 2790 1292 me
2829 1237 3020 1294 habeo.
3073 1240 3186 1295 Non
3237 1233 3442 1301 meritis
3478 1251 3803 1320 suppliciqu

2217 1324 2529 1391 reddidisti;
2560 1327 2652 1381 sed
2675 1331 2896 1397 gratiam
2921 1331 3088 1400 gratis
3113 1332 3392 1406 impertisti
3422 1356 3436 1394 :
3474 1338 3596 1396 Tute
3624 1343 3808 1416 itaque

2216 1415 2372 1472 solius
2393 1418 2610 1487 justitiw
2639 1421 2970 1477 memorabor.

2288 1509 2341 1563 2.
2372 1507 2393 1582 [
2420 1525 2547 1564 vers.
2581 1511 2666 1566 i7.
2695 1509 2715 1584 ]
2739 1511 2894 1581 Deus,
2925 1515 3137 1573 docuisti
3163 1535 3240 1575 me
3261 1536 3326 1576 ex
3364 1524 3630 1595 juventute
3673 1547 3806 1587 utea.

2220 1600 2353 1671 Quid
2385 1618 2471 1658 me
2496 1603 2766 1659 docuisti?
2791 1606 2922 1674 Quia
2967 1617 3070 1665 tua:
3099 1612 3261 1668 solius
3275 1614 3495 1685 iustitia:
3539 1637 3810 1679 memora.

2221 1694 2266 1750 ri
2291 1694 2480 1751 debeo.
2509 1696 2864 1754 Considerans
2883 1703 3023 1756 enim
3051 1705 3211 1760 vitam
3240 1712 3565 1778 prazterilam
3607 1731 3806 1786 meam,

2219 1784 2375 1841 video
2403 1787 2528 1856 quid
2555 1788 2684 1842 mihi
2707 1789 3015 1860 debebatur,
3061 1803 3116 1851 et
3141 1798 3269 1869 quid
3299 1806 3598 1874 acceperim
3627 1824 3722 1878 pro

2221 1880 2363 1951 quod
2392 1881 2521 1936 mihi
2544 1882 2858 1942 debebatur.
2909 1890 3207 1949 Debebatur
3267 1913 3460 1968 poma;
3491 1903 3701 1959 reddita
3731 1917 3808 1963 est

2221 1973 2429 2043 gratia:
2460 1973 2752 2032 debebatur
2795 1979 3086 2050 gehenna;
3126 1985 3252 2043 data
3293 2002 3377 2045 est
3424 1994 3531 2049 vita
3587 2008 3810 2053 a:terna.

2225 2064 2382 2134 Deus,
2413 2068 2628 2125 docuisti
2651 2088 2730 2126 me
2753 2089 2816 2128 ea:
2828 2075 3090 2145 juventute
3117 2097 3246 2136 mea.
3268 2083 3351 2140 Ex
3372 2087 3487 2155 ipso
3513 2088 3668 2145 initio
3689 2092 3812 2150 ﬁdei

2224 2175 2378 2227 mete,
2409 2177 2511 2232 qua
2543 2179 2628 2219 me
2643 2165 2926 2234 innovasti,
2950 2170 3174 2229 docuisti
3204 2191 3289 2231 me
3316 2179 3444 2234 nihil
3475 2181 3528 2235 in
3558 2199 3644 2238 me
3672 2200 3813 2254 pne-

2225 2254 2472 2322 cessisse,
2505 2256 2646 2313 unde
2703 2259 2830 2314 mihi
2875 2261 3110 2320 dicerem
3163 2266 3347 2324 deberi
3403 2273 3538 2342 quod
3590 2274 3811 2334 dedisti.

2226 2345 2355 2414 Quis
2383 2349 2524 2404 enim
2544 2354 2871 2410 convertitur
2892 2355 2958 2410 ad
3007 2357 3194 2427 Deum,
3237 2362 3340 2418 nisi
3371 2365 3434 2420 ab
3476 2367 3757 2438 iniquitate
3786 2371 3810 2425 τ

2227 2439 2345 2509 quis
2371 2439 2666 2508 redimitur,
2695 2445 2795 2499 nisi
2821 2461 2851 2501 a
2894 2449 3242 2518 captivitate?
3267 2455 3386 2525 quis
3427 2466 3598 2514 autem
3622 2470 3810 2529 potest

2227 2531 2406 2590 dicere
2431 2534 2677 2604 injustam
2701 2535 2866 2595 fuisse
2889 2543 3249 2611 captivitatem
3277 2561 3447 2612 suam,
3477 2553 3689 2620 quando
3712 2555 3816 2610 de-

2226 2625 2394 2682 seruit
2415 2627 2808 2697 imperatorem,
2837 2641 2890 2688 et
2922 2633 3118 2692 defecit
3140 2637 3206 2692 ad
3239 2637 3611 2698 desertorem?
3636 2645 3815 2717 Impe-

2227 2727 2375 2776 rator
2399 2721 2539 2776 enim
2593 2722 2751 2788 Deus,
2784 2724 3026 2782 desertor
3040 2728 3281 2787 diabolus
3313 2750 3328 2787 :
3356 2747 3683 2807 praeceptum
3711 2739 3816 2796 de-

2227 2811 2308 2868 dit
2331 2813 2640 2883 imperator,
2699 2815 2936 2874 fraudem
2983 2825 3246 2892 suggessit
3283 2824 3528 2883 desertor
3557 2827 3726 2902 (Gen.
3752 2848 3815 2899 ιι,

2230 2904 2319 2971 17,
2338 2915 2384 2960 et
2409 2920 2487 2972 tu,
2521 2906 2597 2978 1).
2629 2906 2726 2962 Ubi
2773 2924 2930 2966 aures
2973 2921 3076 2968 tua:
3111 2915 3249 2970 inter
3294 2921 3706 2990 prmceplionem
3762 2931 3818 2982 et

2229 2995 2593 3070 deceptionem
2613 3000 2636 3054 i
2654 3000 2908 3059 Meliorne
2953 3003 3194 3062 diabolus
3218 3024 3377 3079 quam
3424 3012 3602 3069 Deus?
3626 3017 3818 3072 melior

2229 3090 2320 3160 qui
2341 3089 2539 3146 defecit
2562 3094 2601 3158 ί,
2628 3108 2785 3164 quam
2801 3094 2891 3166 qui
2915 3105 2966 3152 te
2993 3096 3115 3154 fecit
3137 3098 3161 3153 i
3187 3097 3469 3158 Credidisti
3498 3106 3640 3175 quod
3687 3123 3819 3177 pro-

2229 3179 2373 3242 misit
2389 3180 2652 3249 diabolus,
2683 3194 2738 3241 et
2778 3184 3022 3243 invenisti
3071 3190 3210 3260 quod
3252 3193 3481 3249 minatus
3523 3207 3607 3252 est
3651 3199 3820 3258 Deus.

2228 3273 2346 3330 Jam
2375 3291 2502 3346 ergo
2517 3292 2582 3332 ex
2599 3280 2898 3349 captivitate
2924 3281 3200 3351 liberatus,
3222 3285 3396 3343 adhuc
3418 3298 3593 3345 tamen
3623 3291 3675 3346 in
3696 3307 3819 3362 spe,

2229 3367 2466 3423 nondum
2505 3370 2558 3426 in
2594 3385 2671 3437 re,
2720 3373 3035 3430 ambulans’
3064 3391 3160 3446 per
3210 3378 3388 3447 fidem,
3439 3383 3675 3440 nondum
3722 3402 3822 3456 per

2229 3463 2484 3532 speciem,
2508 3463 2667 3532 Deus,
2687 3465 2873 3537 inquit,
2897 3468 3111 3525 docuisti
3159 3488 3239 3526 me
3270 3488 3334 3528 ea:
3373 3477 3639 3546 juventute
3681 3495 3819 3534 mea.

2231 3554 2310 3610 Ex
2331 3570 2437 3626 quo
2463 3571 2750 3613 conversus
2770 3574 2885 3614 sum
2915 3561 2980 3616 ad
3005 3571 3074 3629 te,
3100 3564 3381 3622 innovatus
3401 3583 3430 3622 a
3462 3579 3513 3625 te
3530 3573 3619 3642 qui
3645 3572 3822 3630 factus

2231 3654 2348 3712 ate,
2375 3656 2646 3704 recreatus
2665 3651 2752 3720 qui
2776 3662 3006 3720 creatus,
3040 3655 3356 3714 reformatus
3378 3663 3468 3731 qui
3513 3661 3815 3722 formatus:

2230 3751 2296 3794 ex
2313 3753 2418 3809 quo
2437 3754 2726 3797 conversus
2746 3757 2885 3812 sum,
2903 3745 3062 3802 didici
3084 3750 3272 3814 merita
3287 3767 3406 3807 mea
3429 3754 3572 3808 nulla
3591 3771 3820 3825 praeces—

2231 3829 2370 3885 sisse
2392 3848 2404 3895 ;
2426 3831 2523 3886 sed
2545 3833 2766 3902 gratiam
2790 3844 2931 3891 tuam
2951 3836 3078 3892 mihi
3098 3840 3262 3910 gratis
3283 3843 3513 3911 venisse,
3538 3853 3595 3901 ut
3612 3861 3822 3905 memo-

2230 3933 2384 3978 rarer
2395 3923 2612 3992 justitia:
2643 3933 2746 3982 tua:
2766 3928 2950 3985 solius.

2303 4013 2356 4068 ὅ.
2385 4014 2519 4082 Quid
2541 4015 2734 4073 deinde
2763 4027 2882 4089 post
2920 4020 3252 4091 juventutem
3277 4025 3302 4080 i
3353 4029 3601 4098 quoniam
3645 4031 3823 4087 doctri-

2230 4106 2297 4161 sti
2315 4123 2412 4174 me,
2431 4108 2618 4180 inquit,
2644 4113 2981 4183 ewjuventute
2999 4132 3146 4183 mea;
3163 4120 3290 4189 quid
3313 4133 3432 4192 p05!
3445 4123 3775 4194 juventutem
3793 4128 3824 4181 2

2231 4197 2289 4254 1η
2311 4201 2421 4271 ipsa
2447 4204 2588 4258 enim
2611 4206 2774 4275 prima
2797 4211 3148 4266 conversione
3173 4221 3260 4268 tua
3279 4212 3508 4271 didicisti
3529 4217 3670 4288 quod
3689 4228 3824 4277 ante

2231 4293 2630 4350 conversionem
2653 4295 2828 4366 justus
2855 4313 2959 4354 non
2992 4299 3156 4365 fuisti,
3188 4303 3282 4358 sed
3313 4309 3592 4375 praecessit
3611 4309 3821 4380 iniqui-

2232 4392 2334 4450 tas,
2381 4393 2439 4440 ut
2459 4387 2677 4456 expulsa
2716 4388 2991 4460 iniquitate
3021 4397 3332 4452 succederet
3361 4397 3626 4468 charitas;
3659 4412 3824 4459 etre-

2231 4486 2456 4534 novatus
2482 4479 2570 4534 'in
2602 4495 2796 4537 novum
2828 4483 3097 4541 hominem
3139 4502 3234 4560 spe
3262 4489 3539 4559 duntaxat,
3578 4495 3824 4552 nondum

2230 4585 2310 4638 re,
2341 4571 2568 4628 didicisti
2607 4575 2746 4645 quod
2773 4576 2904 4632 nihil
2935 4583 3007 4634 tul
3053 4580 3176 4636 boni
3223 4596 3586 4652 praecesserat,
3615 4599 3668 4641 et
3698 4605 3826 4659 gra—

2229 4663 2300 4717 tia
2318 4663 2411 4719 Dei
2438 4679 2728 4722 conversus
2762 4682 2819 4722 es
2839 4669 2904 4724 ad
2934 4670 3119 4726 Deum.
3146 4672 3261 4727 Jam
3297 4674 3436 4731 forte
3461 4691 3524 4731 ex
3545 4694 3656 4749 quo
3684 4694 3825 4736 con-

2227 4768 2414 4809 versus
2429 4770 2506 4820 es,
2532 4755 2960 4831 habebisaliquid
2985 4771 3152 4831 tuum,
3167 4775 3221 4820 et
3239 4765 3307 4821 de
3326 4767 3528 4822 viribus
3552 4772 3658 4824 tuis
3684 4787 3827 4842 prae-

2226 4859 2442 4903 sumere
2465 4848 2670 4904 debes?
2698 4851 3152 4918 Quemadmodum
3197 4857 3370 4915 solent
3398 4860 3647 4919 homines
3670 4867 3827 4923 dice-

2225 4955 2288 4996 re
2319 4958 2332 4995 :
2365 4941 2480 4997 Jam
2509 4942 2752 5011 dimitte;
2779 4960 2912 5016 opus
2941 4959 3056 5004 erat
3075 4960 3135 5006 ut
3169 4951 3310 5008 viam
3343 4956 3682 5024 ostenderes,
3711 4961 3828 5015 suf—

2227 5030 2357 5098 ficit,
2383 5035 2662 5091 ambulabo
2687 5037 2845 5093 viam.
2893 5040 2961 5096 Et
2991 5043 3082 5099 ille
3109 5046 3200 5116 qui
3235 5047 3327 5102 tibi
3358 5050 3498 5104 viam
3531 5055 3772 5108 ostendit
3810 5074 3824 5109 :

2225 5120 2304 5178 Ne
2340 5123 2478 5180 forte
2507 5126 2586 5206 v‘is
2615 5135 2671 5182 ut
2699 5129 2954 5188 deducam
2976 5143 3026 5189 te
3053 5136 3076 5188 τ
3113 5135 3192 5190 Tu
3227 5148 3402 5194 autem
3444 5141 3488 5195 si
3518 5146 3771 5213 superbis
3809 5167 3824 5203 :

2223 5213 2396 5280 Absit,
2419 5217 2633 5285 sufficit,
2661 5223 2945 5280 ambulabo
2961 5227 3122 5282 viam.
3148 5229 3454 5297 Dimitteris,
3471 5245 3526 5290 et
3551 5251 3648 5305 per
3670 5238 3828 5295 inﬁr-

2223 5309 2460 5368 mitatem
2480 5314 2668 5368 iterum
2682 5315 3194 5377 aberrabis..Bonum
3212 5333 3328 5379 erat
3340 5325 3432 5380 tibi
3449 5335 3507 5381 ut
3523 5328 3832 5390 deduceret

2224 5410 2299 5467 te,
2321 5405 2409 5474 qui
2438 5407 2582 5474 prius
2609 5410 2661 5463 in
2685 5410 2766 5464 via
2782 5410 3064 5468 collocavit
3091 5424 3159 5470 te.
3191 5415 3456 5473 Caeterum
3482 5421 3583 5475 nisi
3613 5431 3669 5476 et
3698 5423 3827 5494 ipso

2224 5492 2404 5563 ducat,
2426 5514 2610 5556 rursus
2630 5504 2835 5559 errabis
2855 5522 2870 5558 :
2888 5505 2974 5560 die
2995 5506 3069 5560 illi
3092 5523 3237 5578 ergo,
3255 5509 3431 5566 Deduc
3450 5530 3550 5579 me,
3571 5492 3824 5587 Domine,

2222 5588 2276 5664 in
2302 5591 2382 5645 iiia
2397 5599 2500 5660 tua,
2523 5602 2568 5647 et
2593 5595 2859 5651 ambulabo
2883 5599 2938 5653 in
2952 5599 3157 5657 veritate
3176 5611 3262 5657 tua
3278 5602 3448 5675 (Psal.
3469 5621 3672 5676 Lxxxv,
3695 5609 3760 5665 Η
3771 5611 3825 5685 ).

2219 5777 2222 5780 ’
2284 5771 2428 5837 ξυιιο
2443 5780 2567 5834 Mss...
2587 5775 2778 5837 tcfecit.

2285 5835 2308 5900 ξ
2329 5837 2401 5885 Sic
2420 5843 2526 5886 Mss.
2551 5843 2607 5887 At
2629 5835 2763 5900 Edd.,
2785 5838 3022 5894 ambulas.

2288 5898 2310 5930 ³
2333 5900 2402 5949 sic
2417 5905 2521 5950 Mss.
2557 5905 2613 5950 At
2629 5898 2764 5967 Edd.,
2785 5909 2836 5956 ut
2857 5902 2925 5956 sic
2939 5912 3208 5964 renovatus.
