4076 6456
243 395 351 456 893

239 513 392 588 Quod
412 505 593 571 autem
607 499 746 566 viam
766 505 1036 580 ingressus
1061 515 1141 570 es,
1177 500 1424 574 juventus
1464 504 1564 562 est,
1589 496 1703 569 ipsa
1729 510 1819 552 re-

239 605 476 674 novatio,
495 615 547 662 et
564 601 770 660 initium
818 598 960 655 lldei.
1012 595 1181 652 Antea
1217 595 1357 651 enim
1397 590 1702 648 ambulabas
1727 604 1822 660 per

237 702 357 759 vias
383 711 504 757 tuas
523 693 862 770 vagabundus
887 710 902 760 ;
929 705 1113 749 errans
1138 704 1230 761 per
1252 688 1465 751 silvosa,
1485 701 1580 755 per
1603 699 1814 754 aspera,

238 797 504 853 laceratus
532 789 776 848 omnibus
797 785 1050 842 membris
1079 801 1094 837 :
1147 781 1366 852 patriam
1392 777 1687 850 quaerebas.
1713 776 1816 832 hoc

236 897 318 946 est
347 884 692 944 stabilitatem
733 875 1012 950 quamdam
1059 873 1276 944 spiritus
1318 869 1411 936 tui,
1458 869 1546 925 ubi
1591 868 1818 937 diceres,

236 981 384 1039 Bene
409 986 530 1042 est;
560 985 614 1032 et
642 987 862 1030 securus
907 969 1138 1033 diceres,
1179 964 1386 1036 quietus
1431 961 1498 1017 ab
1526 962 1668 1016 omni
1694 975 1814 1016 mo-

237 1073 412 1137 lestia,
445 1069 512 1125 ab
539 1065 683 1122 omni
712 1062 1019 1127 tentatione,
1048 1057 1114 1114 ab
1160 1055 1305 1112 omni
1340 1062 1606 1125 postremo
1647 1051 1819 1122 capti-

233 1163 518 1224 vitate;et
543 1153 998 1212 noninveniebas.
1040 1147 1174 1217 Quid
1229 1144 1437 1225 dicam?
1479 1143 1632 1198 Venit
1656 1142 1723 1197 ad
1767 1151 1821 1197 te

233 1253 325 1325 qui
367 1251 463 1306 tibi
517 1248 822 1304 ostenderet
878 1242 1059 1298 viam?
1088 1237 1243 1295 Venit
1279 1237 1346 1293 ad
1391 1227 1441 1292 te
1482 1236 1592 1306 ipsa
1635 1235 1737 1299 via,
1769 1242 1822 1289 et

233 1323 557 1400 constitutus
583 1354 643 1394 es
667 1339 720 1393 in
745 1352 807 1393 ea
838 1333 996 1391 nnllis
1018 1332 1119 1386 tuis
1139 1330 1348 1385 meritis
1374 1323 1812 1400 praecedentibus,

235 1436 486 1508 quoniam
511 1432 689 1500 utique
716 1427 955 1484 errabas.
992 1419 1150 1492 Quid,
1183 1437 1246 1476 ex
1298 1435 1402 1489 quo
1433 1418 1702 1489 ingressus
1729 1429 1812 1481 es,

229 1506 338 1600 jam
367 1527 509 1598 regis
541 1523 631 1579 te?
651 1519 758 1593 jam
781 1517 869 1576 ille
889 1517 978 1589 qui
1005 1517 1141 1570 viam
1181 1511 1363 1568 docuit
1389 1520 1460 1577 te,
1489 1509 1704 1563 dimittit
1725 1506 1817 1562 te?

232 1621 370 1683 Non,
407 1615 578 1689 inquit
609 1634 622 1671 :
673 1612 897 1668 Docuiin
925 1625 1004 1664 me
1028 1624 1090 1664 ea:
1117 1609 1369 1676 iuventute
1416 1615 1568 1665 mea;
1596 1607 1642 1654 et
1668 1615 1819 1669 usque

233 1729 368 1768 nunc
393 1706 702 1765 annuntiabo
723 1702 973 1758 mirabilia
1018 1711 1123 1754 tua.
1152 1695 1388 1752 Mirabile
1415 1702 1498 1749 est
1521 1693 1660 1747 enim
1678 1689 1818 1762 quod

233 1803 410 1860 adhuc
430 1800 582 1864 lacis,
611 1809 666 1851 ut
696 1810 849 1866 regas
877 1808 982 1858 me,
1013 1789 1102 1861 qui
1132 1789 1183 1844 in
1221 1788 1304 1841 via
1331 1783 1552 1856 posuisti
1579 1799 1665 1838 me
1697 1800 1710 1849 ;
1765 1790 1819 1838 et

231 1893 348 1951 haec
384 1902 506 1949 sunt
546 1889 803 1946 mirabilia
833 1896 940 1941 tua.
984 1884 1112 1952 Quae
1153 1888 1296 1947 sunt,
1338 1885 1510 1949 putas,
1555 1872 1818 1930 mirabilia

234 1987 329 2043 Dei
356 1986 381 2040 ?
407 1984 544 2053 Quid
587 1980 877 2037 mirabilius
903 1979 1042 2032 inter
1071 1974 1164 2031 Dei
1186 1969 1468 2037 mirabilia,
1491 1984 1647 2040 quam
1673 1982 1817 2022 mor-

235 2089 353 2134 tuos
376 2073 675 2132 suscitare?
716 2069 1106 2142 Numquidnam
1153 2079 1252 2136 ego
1277 2055 1515 2118 mortuus
1553 2075 1692 2127 sum,
1735 2055 1816 2113 in-

233 2169 404 2244 quis?
444 2169 498 2223 Si
527 2174 766 2223 mortuus
821 2179 928 2218 non
978 2174 1144 2225 esses,
1221 2173 1323 2211 non
1363 2154 1628 2209 diceretur
1675 2150 1766 2244 tibi
1799 2167 1814 2205 :

235 2239 405 2332 Surge
425 2260 510 2330 qui
537 2257 744 2321 dormis,
776 2263 821 2309 et
850 2268 1059 2323 exsurge
1101 2266 1132 2302 a
1165 2247 1409 2311 mortuis;
1437 2255 1482 2299 et
1512 2239 1818 2298 illuminabil

233 2362 277 2408 te
305 2351 536 2407 Christus
566 2346 798 2422 (Ephes.
821 2361 855 2401 v
875 2387 890 2412 ,
922 2344 990 2399 14
1023 2343 1063 2414 ).
1101 2339 1295 2396 Mortui
1335 2345 1457 2392 sunt
1483 2349 1670 2390 omnes
1699 2332 1820 2388 inli-

233 2437 381 2499 deles
409 2485 425 2509 ,
477 2456 665 2497 omnes
719 2435 927 2509 iniqui;
968 2449 1193 2504 corpore
1250 2429 1471 2497 vivunt,
1513 2425 1608 2483 sed
1656 2423 1820 2483 corde

233 2536 481 2593 exstincti
503 2543 643 2590 sunt.
680 2532 779 2601 Qui
823 2539 1001 2586 autem
1052 2526 1272 2582 suscitat
1324 2531 1590 2580 mortuum
1625 2536 1819 2577 secun-

231 2627 356 2682 dum
376 2640 591 2696 corpus,
625 2621 798 2678 reddit
823 2635 943 2676 eum
970 2617 1074 2674 luci
1122 2615 1246 2672 huic
1296 2613 1559 2680 videndae,
1590 2620 1646 2668 et
1693 2609 1819 2666 huic

232 2706 342 2775 aeri
397 2714 686 2772 ducendo:
729 2727 833 2768 non
869 2719 1049 2765 autem
1091 2707 1374 2763 suscitator
1422 2703 1539 2774 ejus
1586 2703 1700 2773 ipse
1746 2699 1820 2756 illi

231 2810 318 2866 lux
339 2818 396 2864 et
421 2823 514 2863 aer
533 2816 654 2874 est;
693 2804 874 2874 incipit
901 2799 1104 2869 videre,
1135 2795 1581 2871 quemadmodum
1608 2794 1821 2851 videbat

230 2911 409 2957 antea.
441 2899 628 2954 Anima
646 2913 749 2953 non
775 2897 850 2951 sic
875 2893 1246 2951 exsuscitatur.
1266 2889 1454 2946 Anima
1468 2889 1609 2944 enim
1631 2902 1820 2945 exsus-

231 2995 430 3050 citatur
469 3008 498 3048 a
536 2994 683 3057 Deo;
732 3003 1033 3061 quanquam
1063 2995 1114 3042 et
1149 2999 1343 3055 corpus
1394 2983 1747 3040 exsuscitetur
1790 2996 1820 3037 a

232 3081 346 3144 Deo
370 3105 385 3141 :
414 3083 507 3142 sed
538 3084 675 3140 Deus
696 3081 906 3154 quando
925 3078 1212 3136 exsuscitat
1234 3092 1451 3148 corpus,
1477 3073 1676 3131 mundo
1701 3071 1824 3130 red-

233 3178 350 3248 dit;
403 3177 616 3250 quando
641 3175 928 3232 exsuscitat
957 3171 1209 3238 animam,
1242 3167 1342 3225 sibi
1394 3167 1552 3225 redit.
1586 3166 1644 3223 Si
1673 3181 1823 3222 recc-

233 3253 325 3330 dat
385 3287 481 3328 aer
521 3269 704 3325 mundi
753 3265 925 3335 istius,
969 3265 1196 3321 moritur
1239 3276 1473 3333 corpus;
1515 3259 1560 3316 si
1610 3257 1825 3315 recedat

235 3363 380 3422 Deus
407 3406 423 3432 ,
477 3362 701 3416 moritur
751 3359 946 3414 anima.
991 3355 1123 3412 Cum
1162 3368 1290 3426 ergo
1335 3353 1563 3408 animam
1607 3351 1826 3407 suscitat

234 3457 404 3522 Deus,
432 3453 536 3510 nisi
567 3452 706 3508 adsit
755 3452 842 3522 qui
887 3448 1176 3514 suscitavit,
1211 3445 1464 3501 suscitata
1521 3458 1624 3498 non
1671 3438 1819 3496 vivit.

235 3547 352 3605 Non
373 3546 516 3602 enim
537 3543 772 3606 suscitat,
796 3551 850 3598 et
873 3540 1087 3596 dimittit
1135 3546 1194 3593 ut
1237 3535 1379 3592 vivat
1403 3533 1501 3591 sibi
1532 3552 1546 3589 :
1569 3533 1706 3591 sicut
1724 3531 1828 3588 La-

236 3654 395 3695 zarus
422 3636 634 3709 quando
660 3633 1004 3691 resuscitatus
1024 3641 1106 3686 est
1131 3627 1512 3702 quatriduanus
1560 3634 1821 3696 mortuus,

237 3735 530 3791 suscitatus
567 3740 649 3787 est
694 3743 918 3802 corpore
958 3742 1051 3797 per
1080 3721 1287 3780 Domini
1324 3719 1655 3793 corporalem
1686 3733 1826 3789 pra:-

237 3827 491 3883 sentiam.
543 3822 781 3879 Accessit
817 3820 958 3876 enim
984 3816 1332 3888 corporaliter
1369 3812 1435 3868 ad
1479 3811 1780 3882 sepulcrum
1809 3825 1825 3880 ;

238 3909 511 3982 clamavit,
540 3914 774 3982 Lazare,
828 3911 938 3967 veni
991 3914 1247 3981 foras:et
1295 3905 1526 3961 surrexit
1576 3901 1826 3967 Lazarus,

239 4011 508 4085 processit
535 4007 603 4065 de
627 4005 870 4078 sepulcro
899 4004 1089 4074 ligatus
1113 4018 1127 4068 ;
1156 3998 1348 4056 deinde
1387 3996 1593 4052 solutus
1624 3994 1826 4050 disces-

240 4105 310 4162 sit
343 4101 545 4176 (Joan.
572 4116 647 4166 xl,
671 4095 838 4153 -
867 4095 908 4167 ).
945 4091 1308 4149 liesuscitatus
1336 4097 1418 4145 est
1437 4086 1662 4141 Domino
1688 4099 1828 4156 prm-

242 4203 420 4258 sente,
455 4189 550 4247 sed
579 4189 709 4244 vixit
737 4196 790 4243 et
829 4185 1052 4270 Domino
1081 4182 1322 4238 absente.
1353 4180 1663 4250 Quanquam
1708 4192 1831 4232 eum

243 4288 508 4344 Dominus
551 4269 896 4355 corporaliter
923 4277 1315 4341 resuscitasset,
1345 4281 1597 4344 quantum
1625 4269 1692 4331 ad
1715 4269 1833 4324 visi-

243 4382 370 4439 bilia
396 4379 628 4451 pertinet
655 4395 670 4433 :
701 4385 953 4432 caeterum
1004 4370 1285 4443 praesentia
1322 4366 1613 4437 majestatis
1639 4379 1749 4420 suae
1772 4362 1832 4418 il-

243 4474 355 4531 lum
378 4470 692 4534 suscitavit;
725 4483 826 4539 qua
879 4462 1160 4537 prmscntia
1200 4474 1460 4530 nusquam
1494 4455 1712 4512 recedit.
1742 4455 1832 4510 ln-

244 4571 404 4625 terim
436 4575 613 4622 tamen
642 4563 708 4618 ad
734 4560 1072 4633 praesentiam
1093 4555 1352 4611 visibilem
1383 4552 1639 4606 Dominus
1669 4547 1836 4604 susci-

243 4662 378 4718 tavit
405 4660 712 4723 Lazarum;
753 4651 997 4709 discessit
1045 4650 1112 4706 de
1141 4649 1253 4718 ipsa
1306 4646 1516 4701 civitate
1554 4641 1833 4709 Dominus,

246 4753 334 4809 vel
362 4751 434 4806 de
480 4749 573 4804 illo
618 4747 734 4802 loco
767 4764 782 4799 :
818 4741 1072 4813 numquid
1115 4739 1344 4795 Lazarus
1378 4751 1484 4808 non
1517 4731 1695 4789 vixit?
1721 4732 1834 4787 Non

247 4849 329 4904 sic
381 4845 560 4900 ultima
601 4841 930 4897 suscitatur:
963 4833 1184 4890 suscitat
1229 4831 1370 4885 illam
1413 4829 1585 4891 Deus;
1614 4825 1839 4882 moritur

244 4942 288 4996 si
339 4934 652 4994 discesserit
680 4934 835 4988 Deus.
893 4928 1073 4983 Dicam
1111 4923 1255 4980 enim
1303 4921 1574 4985 audacter,
1621 4917 1835 4984 fratres,

246 5033 346 5089 scd
386 5041 563 5084 tamen
592 5041 797 5082 verum.
831 5023 957 5076 Duae
987 5021 1104 5074 vitae
1134 5025 1273 5082 sunt,
1300 5030 1401 5070 una
1427 5010 1838 5082 corporis,alte-

248 5141 304 5179 ra
335 5122 561 5177 animae:
593 5119 729 5174 sicut
745 5115 851 5171 vita
875 5110 1114 5184 corporis
1139 5108 1334 5174 anima,
1379 5104 1457 5160 sic
1497 5103 1605 5157 vita
1649 5100 1841 5154 anima:

251 5217 436 5278 Deus;
467 5206 733 5281 quomodo
780 5204 826 5259 si
875 5202 1051 5258 anima
1080 5198 1310 5262 deserat,
1360 5193 1584 5249 moritur
1602 5205 1838 5260 corpus;

249 5308 332 5362 sic
359 5305 541 5359 anima
571 5299 829 5363 moritur,
881 5294 929 5350 si
965 5291 1176 5349 deserat
1219 5289 1380 5344 Deus.
1435 5285 1552 5356 Ipsa
1591 5292 1672 5340 est
1715 5297 1842 5352 ergo

247 5398 428 5472 gratia
455 5395 593 5466 ejus,
627 5401 685 5448 ut
711 5387 950 5453 suscitet,
991 5393 1044 5441 et
1081 5383 1151 5438 sit
1196 5375 1490 5437 nobiscum.
1520 5376 1671 5445 Quod
1716 5390 1842 5444 ergo

251 5469 359 5548 nos
393 5488 676 5543 suscitata
722 5489 892 5538 morte
945 5487 1125 5533 nostra
1176 5474 1466 5545 pneterita,
1515 5477 1570 5525 et
1624 5469 1844 5523 innovat

249 5578 654 5656 quodammodo
678 5575 838 5629 vitam
885 5579 1138 5628 nostram.
1180 5557 1403 5621 dicimus
1443 5563 1493 5618 ei
1522 5580 1535 5616 :
1571 5559 1727 5628 Deus,
1755 5561 1848 5644 do-

250 5651 412 5732 cuisti
434 5689 510 5726 me
538 5687 601 5726 ea:
615 5671 877 5741 juventute
907 5680 1035 5718 mea.
1075 5659 1206 5729 Quia
1261 5674 1386 5713 vero
1426 5671 1533 5722 non
1556 5651 1757 5710 recedit
1782 5651 1850 5707 ab

251 5773 340 5832 eis
371 5782 506 5840 quos
532 5765 771 5829 suscitat,
802 5753 871 5816 ne
896 5773 1014 5816 cum
1047 5753 1325 5811 recesserit
1349 5749 1650 5806 moriantur
1671 5785 1688 5813 ,
1716 5745 1849 5834 dici-

261 5837 405 5922 mus
419 5860 472 5917 ei
495 5877 510 5916 :
537 5857 605 5914 Et
633 5872 788 5929 usque
814 5871 944 5911 nunc
967 5845 1271 5907 annuntiabo
1296 5839 1546 5902 mirabilia
1567 5849 1655 5897 tua
1724 5837 1853 5910 quia

1343 365 1741 438 ENARRATIO
1777 361 1845 435 IN
1882 355 2206 436 rennuit
2243 347 2410 468 Lxx.

1926 506 2049 550 cum
2095 497 2303 548 'mecum
2347 501 2405 548 es
2451 488 2611 559 vivo,
2657 496 2712 547 et
2759 490 2952 550 animae
2997 506 3135 551 mese
3172 481 3278 550 vlta
3327 504 3384 550 tu
3422 511 3502 566 es,

3399 367 3506 438 893

1924 602 2043 660 quae
2080 587 2335 643 morietur
2383 585 2430 642 si
2474 584 2765 640 dimittatur
2805 587 2926 642 sibi.
2974 586 3117 660 Ergo
3171 583 3297 645 dum
3352 589 3504 646 adest

1925 679 2031 734 vita
2069 695 2210 749 mea,
2256 678 2358 735 hoc
2401 685 2484 734 est
2522 678 2661 734 Deus
2711 693 2881 749 meus,
2934 696 3088 751 usque
3129 699 3261 738 nunc
3307 700 3328 740 :
3376 684 3502 755 quid

1925 779 2108 841 postea
2127 770 2152 825 l

1997 861 2051 918 4.
2083 861 2244 936 [vers.
2270 859 2357 919 l8.
2387 860 2408 936 ]
2434 859 2503 916 Et
2529 879 2680 932 usque
2703 862 2758 917 in
2797 869 3045 917 senectam
3073 871 3120 917 et
3142 863 3353 920 senium.
3383 868 3506 924 Duo-

1925 953 2023 1009 ista
2046 954 2258 1008 nomina
2283 953 2572 1009 senectutis
2593 961 2731 1019 sunt,
2757 946 3198 1009 etdiscernuntur
3220 971 3248 1009 a
3276 943 3496 1013 Graecis.

1925 1043 2166 1100 Gravitas
2194 1043 2336 1099 enim
2389 1054 2509 1114 post
2540 1045 2876 1115 juventutem
2929 1043 3072 1099 aliud
3121 1059 3311 1100 nomen
3344 1045 3502 1104 habet

1925 1134 2064 1205 apud
2100 1135 2334 1200 Graecos,
2367 1143 2420 1189 et
2449 1143 2566 1206 post
2611 1136 2776 1206 ipsam
2821 1136 3130 1207 gravitatem
3172 1138 3392 1192 veniens
3418 1138 3503 1192 ul-

1925 1227 2052 1282 tima
2078 1234 2205 1281 aztas
2252 1225 2393 1281 aliud
2424 1241 2616 1282 nomen
2646 1227 2802 1283 habet
2828 1244 2842 1281 :
2876 1241 2995 1280 nam
3314 1225 3503 1282 dicitur

1923 1320 2121 1391 gravis,
2151 1327 2204 1374 et
2378 1334 2560 1374 senex.
2591 1317 2722 1387 Quia
2751 1333 2881 1373 vero
2908 1318 2961 1373 in
2991 1315 3149 1373 latina
3169 1318 3341 1389 lingua
3371 1317 3506 1374 duo-

1923 1429 2040 1468 rum
2061 1413 2279 1468 istorum
2322 1412 2594 1468 hominum
2625 1411 2894 1467 distinctio
2921 1410 3118 1476 delicit,
3147 1410 3214 1466 de
3231 1419 3506 1468 senectute

1923 1503 2082 1558 ambo
2107 1511 2230 1557 sunt
2275 1503 2462 1574 posita,
2523 1512 2735 1558 senecta
2779 1510 2834 1558 et
2862 1502 3281 1558 seninmzscitis
3326 1509 3504 1559 autem

1923 1611 2043 1652 esse
2069 1595 2201 1651 duas
2226 1603 2427 1652 aetates.
2458 1595 2686 1650 Docuiin
2738 1613 2818 1651 me
2844 1596 3065 1667 gratiam
3100 1605 3242 1651 tuam
3269 1613 3300 1648 a
3319 1599 3504 1664 juven-

1924 1693 2026 1741 tute
2051 1704 2159 1741 mea
2181 1705 2200 1753 ;
2226 1697 2273 1742 et
2300 1704 2455 1752 usque
2478 1704 2632 1754 nunc,
2652 1694 2772 1757 post
2797 1687 3133 1757 juventutem
3184 1701 3381 1755 meam,
3408 1704 3502 1741 an-

1923 1778 2164 1833 nuntiabo
2191 1777 2441 1832 mirabilia
2471 1781 2578 1845 tua,
2607 1777 2728 1851 quia
2761 1793 2970 1834 mecum
2986 1794 3043 1834 es
3067 1787 3122 1833 ut
3151 1795 3254 1833 non
3285 1780 3501 1848 moriar,

1921 1869 2010 1942 qui
2039 1870 2226 1925 venisti
2245 1878 2302 1926 ut
2325 1886 2538 1942 surgam
2567 1887 2582 1937 ;
2610 1881 2656 1926 et
2686 1889 2839 1940 usque
2877 1872 2931 1926 in
2951 1881 3196 1926 senectam
3221 1881 3264 1926 et
3289 1872 3503 1938 senium,

1921 1959 1977 2017 id
2006 1955 2087 2016 est
2115 1978 2280 2034 usque
2307 1951 2372 2017 ad
2408 1962 2648 2018 ultimum
2672 1979 2870 2030 meum,
2918 1964 3019 2018 nisi
3065 1978 3272 2018 mecum
3323 1963 3504 2032 lueris,

1921 2069 2028 2110 non
2051 2055 2153 2110 erit
2180 2055 2379 2127 aliquid
2408 2057 2584 2112 meriti
2615 2057 2717 2112 mei
2753 2075 2765 2110 :
2795 2057 2961 2128 gratia
2991 2066 3078 2112 tua
3126 2072 3338 2128 semper
3386 2073 3509 2128 per-

1921 2159 2128 2206 severet
2161 2165 2390 2205 mecum.
2443 2148 2554 2206 iloc
2596 2149 2800 2206 diceret
2848 2149 3009 2207 etiam
3035 2166 3174 2205 unus
3219 2149 3401 2218 homo,
3432 2161 3505 2216 tu,

1921 2239 2032 2305 ille,
2054 2256 2152 2312 ego
2183 2261 2196 2297 :
2223 2242 2344 2313 quia
2379 2257 2508 2297 vero
2532 2258 2635 2297 vox
2678 2243 2776 2296 ista
2806 2243 2963 2297 unius
3003 2241 3278 2313 cujusdam
3332 2241 3509 2313 magni

1923 2333 2156 2389 hominis
2186 2346 2288 2400 est,
2313 2333 2414 2390 hoc
2473 2343 2554 2390 est
2589 2336 2754 2407 ipsius
2800 2336 3016 2390 unitatis
3046 2353 3061 2402 ;
3091 2352 3192 2390 vox
3240 2344 3323 2391 est
3368 2337 3509 2390 enim

1924 2423 2217 2493 Ecclesiae;
2249 2443 2550 2498 quaeramus
2592 2427 2926 2498 juventutem
2975 2427 3249 2483 Ecclesiae.
3290 2425 3514 2494 Quando

1923 2518 2069 2573 venit
2095 2515 2362 2586 Christus,
2386 2519 2671 2574 crucixus
2697 2527 2799 2582 est,
2845 2529 3086 2575 mortuus
3111 2529 3215 2584 est,
3259 2519 3510 2588 surrexit,

1923 2611 2130 2664 vocavit
2171 2618 2355 2679 gentes
2384 2625 2398 2676 ;
2427 2616 2702 2679 cmperunt
2731 2611 2991 2677 converti,
3026 2610 3145 2665 lacti
3174 2617 3514 2680 suntmarty-

1923 2715 2010 2756 res
2051 2700 2213 2755 fortes
2236 2700 2286 2753 in
2316 2697 2548 2765 Christo,
2579 2699 2725 2755 lusus
2751 2709 2834 2753 est
2863 2701 3075 2771 sanguis
3107 2699 3301 2766 lidelis,
3330 2716 3510 2756 surre-

1924 2793 2002 2850 xit
2030 2809 2182 2864 seges
2228 2793 2520 2851 Ecclesiae:
2567 2791 2682 2848 haec
2729 2791 2997 2864 juventus.
3050 2791 3513 2864 Progredientibus

1926 2895 2102 2940 autem
2131 2884 2458 2954 temporibus
2484 2883 2803 2939 conliteatur
2831 2883 3068 2938 Ecclesia
3097 2899 3112 2949 ;
3136 2883 3272 2938 dicat
3300 2901 3313 2938 :
3348 2882 3516 2954 Usque

1925 2994 2059 3033 nunc
2086 2977 2392 3031 annuntiabo
2417 2975 2668 3030 mirabilia
2695 2984 2803 3031 tua.
2848 2974 2963 3031 Non
3003 2983 3206 3030 tantum
3250 2975 3302 3030 in
3325 2975 3518 3044 juven-

1927 3078 2058 3134 tute,
2085 3067 2298 3141 quando
2327 3067 2543 3134 Paulus,
2599 3067 2813 3138 quando
2852 3065 3064 3134 Petrus,
3116 3065 3327 3137 quando
3355 3066 3511 3138 primi

1926 3161 2164 3233 Apostoli
2212 3159 2617 3226 nuntiaverunt;
2648 3158 2971 3231 procedente
3017 3160 3176 3214 etiam
3206 3168 3382 3224 aztate,
3410 3173 3510 3227 ego

1927 3253 2062 3326 ipse,
2086 3251 2137 3308 id
2188 3262 2269 3308 est
2297 3251 2473 3306 unitas
2522 3259 2630 3316 tua,
2679 3249 2916 3306 membra
2970 3260 3077 3317 tua,
3108 3265 3302 3320 corpus
3345 3259 3514 3314 tuum,

1928 3343 2234 3399 annuntiabo
2285 3333 2536 3396 mirabilia
2565 3352 2669 3395 tua.
2719 3339 2856 3410 Quid
2902 3341 3128 3411 postea?
3179 3339 3242 3394 Et
3268 3356 3421 3411 usque
3451 3339 3517 3394 ad

1926 3441 2176 3494 senectam
2196 3444 2242 3490 et
2262 3434 2456 3489 senium
2501 3435 2828 3489 annuntiabo
2876 3433 3136 3488 mirabilia
3170 3444 3254 3487 tua
3291 3451 3304 3487 :
3340 3446 3508 3502 usque

1929 3529 1982 3587 in
2009 3528 2166 3584 linem
2201 3527 2380 3582 saeculi
2408 3527 2510 3583 erit
2534 3527 2619 3582 hic
2639 3523 2902 3582 Ecclesia.
2932 3526 2985 3583 Si
3017 3527 3158 3582 enim
3183 3542 3289 3582 non
3317 3525 3401 3603 hic
3429 3525 3516 3580 lu-

1931 3629 2047 3678 tura
2073 3629 2153 3694 est
2181 3635 2350 3690 usque
2377 3619 2428 3674 in
2457 3619 2617 3674 linem
2646 3619 2828 3674 saeculi
2856 3635 2871 3684 ;
2919 3619 3110 3690 quibus
3144 3619 3395 3674 Dominus
3426 3618 3512 3672 di-

1929 3712 2027 3780 xit,
2063 3709 2190 3765 Ecce
2213 3726 2302 3782 ego
2327 3708 2577 3766 vobiscum
2629 3727 2740 3763 sum
2777 3709 3003 3764 omnibus
3056 3709 3251 3778 diebus,
3287 3727 3441 3782 usque
3467 3712 3522 3766 in

1931 3804 2410 3860 consummationem
2448 3803 2620 3858 saeculi
2649 3801 2669 3875 (
2703 3801 2887 3856 Matth.
2916 3818 3110 3870 xxvm,
3139 3802 3209 3858 20
3239 3803 3257 3874 )
3282 3805 3305 3858 ?
3346 3803 3521 3871 Quare

1932 3891 2032 3954 ista
2057 3895 2337 3968 oportebat
2366 3905 2425 3951 ut
2447 3896 2756 3951 dicerentur
2783 3895 2835 3951 in
2860 3895 3192 3967 Scripturis?
3220 3897 3350 3964 Quia
3380 3896 3523 3952 lutu-

1931 3988 1978 4046 ri
2019 3995 2172 4044 erant
2220 3986 2420 4042 inimici
2463 3987 2767 4043 christiana:
2821 3987 2946 4042 lidei
2986 3987 3076 4058 qui
3127 3987 3368 4044 dicerent
3397 4006 3410 4044 :
3442 3989 3524 4044 Ad

1933 4094 2156 4152 parvum
2177 4087 2386 4149 tempus
2414 4086 2538 4133 sunt
2584 4077 2892 4146 Christiani,
2943 4088 3130 4148 postea
3171 4081 3437 4148 peribunt,
3469 4089 3524 4136 et

1934 4173 2184 4229 redibunt
2202 4169 2361 4237 idola,
2406 4169 2576 4224 rediet
2607 4169 2746 4240 quod
2794 4179 2910 4223 erat
2952 4178 3104 4223 antea
3135 4169 3234 4242 ().
3264 4170 3525 4237 Quamdiu

1936 4271 2095 4320 erunt
2137 4259 2473 4316 Christiani?
2522 4257 2691 4330 Usque
2741 4261 2808 4312 ad
2849 4268 3104 4313 senectam
3133 4269 3178 4313 et
3208 4261 3442 4327 senium;
3472 4261 3524 4315 id

1934 4359 2017 4411 est
2032 4369 2198 4426 usque
2217 4353 2271 4408 in
2298 4351 2456 4407 linem
2502 4352 2704 4408 saeculi.
2733 4351 2815 4406 'lu
2854 4366 2976 4406 cum
3025 4362 3320 4422 exspectas,
3366 4353 3526 4409 miser

1938 4445 2184 4513 inlidelis,
2208 4454 2268 4500 ut
2286 4442 2883 4508 transeantChristiani,
2912 4445 3105 4499 transis
3142 4457 3195 4498 tu
3222 4445 3338 4500 sine
3367 4443 3525 4500 Chri-

1939 4538 2127 4596 stianis
2151 4547 2238 4594 :et
2256 4535 2539 4593 Christiani
2565 4553 2731 4608 usque
2757 4537 2808 4592 in
2859 4537 3019 4592 linem
3045 4536 3222 4591 saeculi
3253 4552 3528 4605 permane-

1939 4627 2114 4695 bunt;
2155 4637 2279 4684 ettu
2310 4643 2406 4699 per
2435 4626 2798 4683 indelitatem
2827 4636 2991 4693 tuam,
3018 4643 3137 4682 cum
3187 4627 3389 4682 nieris
3409 4628 3528 4684 bre-

1939 4739 2060 4780 vem
2080 4723 2242 4778 vitam
2275 4731 2442 4788 tuam,
2475 4737 2578 4793 qua
2613 4719 2788 4778 fronte
2835 4722 2983 4776 exies
3011 4720 3077 4776 ad
3099 4720 3332 4792 iudicem
3374 4736 3530 4792 quem

1940 4833 2062 4874 cum
2087 4819 2294 4874 viveres
2327 4815 2750 4886 hlasphemasti?
2794 4815 2934 4886 Ergo
2954 4833 2988 4869 a
3017 4816 3282 4886 juventute
3322 4834 3452 4884 mea,
3479 4826 3526 4872 et

1940 4927 2097 4980 usque
2125 4926 2276 4977 nunc,
2303 4915 2349 4963 et
2377 4924 2536 4978 usque
2564 4907 2631 4961 ad
2654 4893 2903 4962 senectam
2947 4914 2994 4980 et
3030 4908 3243 4972 senium,
3297 4907 3530 4972 Domine,

1943 5019 2008 5058 ne
2035 4995 2351 5073 derelinquas
2371 4977 2465 5054 me.
2496 4998 2630 5063 Non,
2655 4997 2924 5069 quomodo
2961 4977 3144 5053 dicunt
3170 4987 3367 5053 inimici
3406 4998 3532 5062 mei,

1944 5109 2113 5165 usque
2160 5093 2227 5148 ad
2277 5102 2486 5162 tempus
2532 5091 2654 5147 erit.
2715 5089 2799 5145 Ne
2838 5091 3155 5162 derelinquas
3204 5107 3320 5156 me,
3374 5091 3533 5146 donec

1945 5184 2237 5238 annuntiem
2256 5183 2512 5237 brachium
2545 5191 2686 5235 tuum
2705 5183 3012 5252 generationi
3038 5182 3174 5237 omni
3199 5193 3528 5250 superventu-

1947 5292 2040 5331 .
2199 5273 2474 5328 brachium
2531 5271 2741 5328 Domini
2794 5271 2877 5328 cui
2924 5273 3214 5328 revelatum
3250 5281 3331 5326 est
3359 5272 3376 5340 (
3405 5270 3535 5328 lsai.

1949 5366 2147 5439 1.111,!)
2171 5365 2194 5421 ?
2222 5353 2760 5426 BrachiumDomini,
2785 5363 3049 5420 Christus.
3083 5362 3197 5417 Noli
3230 5378 3356 5433 ergo
3377 5363 3532 5419 dere-

1952 5459 2196 5529 linquere
2249 5471 2370 5521 me;
2403 5470 2509 5510 non
2564 5455 2829 5525 gaudeant
2872 5455 2962 5524 qui
2999 5452 3181 5508 dicunt
3213 5471 3227 5508 :
3259 5453 3438 5524 Usque
3475 5453 3541 5510 ad

1952 5558 2152 5607 certum
2175 5558 2383 5617 tempus
2403 5555 2558 5602 erunt
2608 5545 2912 5602 Christiani.
2941 5543 3057 5600 Sint
3082 5543 3170 5616 qui
3225 5545 3541 5601 annnntient

1953 5641 2229 5699 brachium
2259 5649 2427 5694 tuum.
2464 5627 2560 5694 Cui
2585 5639 2609 5692 ?
2638 5636 2958 5692 Cenerationi
2985 5637 3122 5690 omni
3150 5648 3543 5708 superuentura.

1956 5719 2012 5792 Si
2060 5747 2188 5805 ergo
2235 5730 2384 5788 omni
2430 5731 2759 5804 generationi
2792 5739 3233 5805 superventuras;
3275 5748 3444 5804 usque
3475 5738 3542 5794 ad

2027 5851 2098 5916 ()
2121 5857 2288 5916 -,
2311 5863 2423 5915 pag.
2449 5847 2558 5910 454,
2582 5855 2683 5899 not.
2711 5843 2803 5908 ().
