4076 6470
523 351 631 412 895

525 469 684 524 llnem
704 462 922 522 szeculi:
952 460 1105 520 finito
1128 459 1273 519 enim
1303 454 1520 525 saeculo,
1535 451 1646 528 jam
1669 449 1816 512 nulla
1841 463 2098 522 superve-

525 560 635 616 niet
653 555 945 628 generatio.

597 648 649 704 5.
683 645 846 720 [uers.
880 641 1004 718 19.]
1033 641 1318 698 Potentiam
1343 649 1499 703 tuam,
1547 645 1593 693 et
1620 634 1878 709 justitiam
1919 640 2054 687 luant
2079 647 2101 688 :

531 740 630 796 hoc
674 749 777 806 est,
821 737 1127 793 annuntiem
1169 733 1494 807 generationi
1523 729 1666 786 omni
1705 735 2102 798 superventurae

529 829 803 886 brachium
847 839 1013 884 tuum.
1062 827 1130 883 Et
1171 826 1295 902 quid
1327 823 1571 896 praestitit
1598 821 1869 877 brachium
1912 815 2104 871 tuum?

531 922 922 977 Liberationem
968 931 1203 976 nostram
1247 919 1549 990 gratuitam.
1601 914 1713 968 Hoc
1750 926 1876 982 ergo
1903 925 2108 965 annun-

533 1013 685 1080 tiem,
707 1014 877 1086 ipsam
904 1013 1125 1085 gratiam
1153 1011 1298 1066 omni
1321 1006 1650 1080 generationi
1678 1011 2106 1075 superventurze;

535 1106 712 1162 dicam
733 1107 878 1162 omni
906 1105 1108 1162 homini
1132 1103 1400 1160 nascituro
1429 1121 1442 1156 :
1472 1099 1610 1156 Nihil
1639 1112 1698 1154 es
1724 1112 1818 1168 per
1844 1105 1916 1163 te,
1942 1095 2108 1149 Deum

533 1197 755 1265 invoca;
803 1206 892 1252 tua
933 1204 1148 1267 peccata
1186 1203 1338 1259 sunt,
1364 1191 1549 1248 merita
1582 1188 1676 1244 Dei
1713 1195 1870 1253 sunt;
1911 1185 2111 1255 suppli-

533 1291 674 1346 cium
723 1290 817 1347 tibi
863 1290 1107 1355 debetur,
1154 1297 1210 1345 et
1249 1301 1371 1343 cum
1415 1283 1688 1356 praemium
1737 1279 1962 1346 venerit,
2014 1291 2110 1332 sua

535 1381 676 1438 dona
701 1381 998 1442 coronabit.
1028 1395 1132 1436 nou
1159 1379 1345 1434 merita
1376 1387 1484 1440 tua,
1518 1375 1696 1430 Dicam
1725 1371 1869 1427 omni
1889 1382 2112 1440 genera-

537 1472 668 1527 tioni
696 1480 1094 1542 superventura
1122 1488 1137 1524 :
1170 1469 1244 1525 De
1271 1466 1572 1537 captivitate
1594 1461 1824 1528 venisti;
1851 1459 1915 1515 ad
1944 1458 2114 1513 Adam

539 1562 867 1632 ‘pertinebas.
913 1562 1090 1616 Dicam
1121 1559 1222 1614 hoc
1263 1555 1408 1613 omni
1447 1551 1777 1626 geuerationi
1815 1563 2113 1620 superven-

541 1662 693 1719 turze,
743 1653 912 1707 nullas
955 1653 1095 1706 vires
1141 1664 1308 1713 meas,
1357 1647 1554 1702 nullam
1600 1642 1858 1715 justitiam
1901 1653 2111 1706 meam;

539 1743 632 1798 sed
663 1744 934 1814 potentiam
963 1753 1099 1797 tuam
1127 1750 1174 1796 et
1205 1740 1457 1811 justitiam
1485 1747 1657 1801 tuam,
1685 1735 1822 1790 Deus
1841 1774 1856 1800 ,
1883 1748 2040 1804 usque
2062 1731 2117 1785 in

539 1835 783 1889 altissima
819 1850 930 1905 qua:
970 1835 1133 1904 fecisti
1169 1831 1443 1903 magnalia.
1475 1827 1764 1883 Potentiam
1791 1833 1932 1880 tuam
1958 1832 2005 1878 et
2025 1823 2118 1893 ju-

543 1927 732 1979 stitiam
761 1938 920 1991 lnam,
951 1923 1267 1994 usquequo?
1295 1936 1464 1992 usque
1491 1920 1556 1976 ad
1583 1933 1798 1976 carnem
1823 1926 1878 1973 et
1902 1913 2120 1986 sangui-

545 2019 708 2071 nem?
747 2017 855 2072 Imo
875 2060 890 2084 ,
923 2033 1085 2086 usque
1123 2015 1192 2070 ad
1231 2015 1476 2070 altissima
1513 2027 1626 2082 quce
1653 2011 1812 2082 fecisti
1841 2007 2117 2080 magnalia.

547 2109 601 2163 In
635 2110 754 2163 altis
779 2110 897 2166 cceli
926 2120 1083 2174 sunt;
1113 2109 1165 2163 in
1188 2108 1309 2162 altis
1333 2105 1518 2176 Angeli
1547 2111 1690 2168 sunt,
1722 2101 1908 2164 Sedes,
1936 2098 2119 2154 Domi-

547 2199 818 2265 nationes,
867 2200 1227 2268 Principatus.
1260 2197 1558 2252 Potestates
1584 2212 1599 2250 :
1628 2194 1719 2248 tibi
1759 2193 1953 2247 debent
1978 2188 2119 2260 quod

544 2299 691 2354 sunt,
727 2289 816 2342 tibi
847 2289 1042 2344 debent
1069 2289 1209 2360 quod
1239 2289 1440 2350 vivunt,
1471 2286 1562 2340 tibi
1592 2285 1786 2341 debent
1813 2282 1956 2354 quod
1978 2283 2122 2351 juste

546 2381 758 2443 vivunt.
806 2383 901 2435 tibi
946 2382 1142 2437 debent
1185 2379 1326 2450 quod
1370 2381 1523 2434 beate
1570 2378 1785 2444 vivunt,
1834 2374 2122 2430 Potentiam

547 2481 684 2524 tuam
711 2480 757 2525 et
785 2472 1040 2542 justitiam
1065 2482 1222 2535 tuam,
1251 2469 1564 2540 usquequo?
1593 2466 1764 2538 Usque
1801 2467 1855 2522 in
1878 2465 2122 2520 altissima

545 2576 658 2629 quae
683 2564 841 2633 fecisti
866 2564 1140 2634 magnalia.
1180 2561 1258 2617 Ne
1294 2571 1445 2631 putes
1487 2560 1758 2615 hominem
1797 2559 1967 2614 solum
1991 2572 2120 2629 per-

546 2653 716 2706 tinere
743 2652 807 2708 ad
845 2655 1067 2722 gratiam
1096 2653 1211 2708 Dei.
1253 2651 1388 2721 Quid
1428 2659 1542 2708 erat
1579 2651 1813 2721 Angelus
1840 2659 2122 2720 antequam

545 2742 731 2798 ﬁeret?
759 2743 881 2813 quid
910 2752 991 2799 est
1015 2744 1267 2816 Angelus,
1290 2744 1335 2799 si
1360 2743 1572 2800 deserat
1591 2742 1678 2814 qui
1701 2743 1937 2798 creavit?
1959 2743 2122 2813 Ergo,

545 2837 815 2904 potentiam
846 2844 983 2888 tuam
1024 2845 1071 2890 et
1103 2835 1359 2907 justitiam
1395 2843 1556 2902 tuam,
1597 2851 1754 2907 usque
1791 2836 1846 2891 in
1873 2835 2124 2893 altissima

543 2941 654 2996 quae
678 2926 838 2997 fecisti
867 2927 1142 2999 magnalia.

614 3017 666 3073 6.
701 3018 767 3073 Et
794 3017 955 3074 homo
983 3034 1042 3075 se
1065 3018 1310 3076 extollit!
1346 3027 1402 3076 et
1425 3025 1486 3075 ut
1512 3019 1774 3089 pertineat
1796 3019 1863 3076 ad
1897 3020 2123 3091 primam

545 3108 934 3178 captivitatem,
960 3111 1106 3166 audit
1129 3121 1429 3181 serpentem
1457 3119 1826 3182 suggerentem
1851 3129 1864 3166 :
1895 3111 2120 3181 Gustate,

546 3208 592 3251 et
637 3199 772 3253 eritis
817 3201 944 3255 sicut
991 3203 1063 3256 dii
1103 3201 1254 3275 (Gen.
1282 3218 1359 3269 ut,
1387 3203 1484 3274 5)!
1531 3203 1784 3259 Homines
1827 3203 1966 3260 sicut
2009 3205 2121 3261 dii!

545 3287 704 3356 Deus,
730 3292 839 3360 quis
866 3293 1044 3349 similis
1068 3293 1191 3348 tibi?
1216 3294 1331 3350 Non
1365 3295 1418 3350 in
1443 3296 1657 3368 abysso,
1682 3311 1788 3350 non
1815 3296 1867 3352 in
1895 3296 2122 3367 inferno,

545 3394 653 3434 non
684 3381 735 3435 in
767 3391 907 3438 terra
928 3424 943 3450 ,
972 3400 1078 3440 non
1116 3386 1168 3440 in
1195 3386 1371 3452 coelo;
1420 3387 1597 3441 omnia
1639 3387 1780 3442 enim
1822 3396 1878 3442 tu
1923 3387 2122 3446 fecisti.

549 3470 686 3538 Quid
711 3476 983 3532 contendit
1007 3493 1141 3548 opus
1169 3495 1291 3536 cum
1315 3479 1560 3535 artiﬁce?
1599 3479 1768 3548 Deus,
1797 3483 1910 3554 quis
1945 3483 2125 3538 similis

548 3563 680 3618 tibi?
718 3565 832 3638 Ego
861 3576 1039 3628 autem
1057 3612 1073 3638 ,
1101 3571 1178 3625 ait
1195 3570 1366 3626 Adam
1395 3573 1576 3637 miser,
1605 3580 1660 3626 et
1683 3572 1737 3627 in
1765 3573 1781 3603 ¹
1805 3572 1972 3628 Adam
2009 3587 2124 3628 om-

547 3655 630 3710 nis
656 3656 816 3711 homo
835 3699 850 3724 ,
879 3675 1000 3715 cum
1029 3661 1150 3717 volo
1187 3677 1307 3718 esse
1336 3678 1584 3734 perverse
1609 3662 1797 3720 similis
1837 3663 1953 3730 tibi,
1999 3678 2125 3720 ecce

548 3747 674 3818 quid
699 3749 868 3806 factus
893 3767 1011 3807 sum
1032 3793 1046 3818 ,
1073 3762 1134 3808 ut
1161 3753 1228 3810 de
1251 3755 1557 3826 captivitate
1581 3754 1649 3810 ad
1675 3765 1727 3809 te
1749 3755 1970 3811 clamem
1996 3775 2010 3812 :
2039 3757 2125 3814 cui

548 3838 686 3894 bene
728 3850 843 3896 erat
883 3843 982 3899 sub
1019 3859 1144 3915 rege
1184 3845 1348 3914 bono,
1387 3847 1624 3917 captivus
1668 3846 1836 3903 factus
1864 3863 1980 3904 sum
2025 3849 2126 3906 sub

548 3943 671 3983 meo
698 3931 1016 3999 seductore;
1057 3943 1110 3990 et
1133 3936 1306 3990 clamo
1340 3936 1406 3990 ad
1445 3945 1498 3992 te
1523 3976 1538 4001 ,
1577 3938 1701 4008 quia
1729 3939 1894 3994 cecidi
1923 3939 2020 3995 abs
2050 3949 2122 3996 te.

549 4019 617 4075 Et
655 4021 794 4078 unde
831 4023 926 4078 abs
969 4035 1021 4080 te
1059 4026 1270 4083 cecidi?
1311 4027 1444 4082 Cum
1491 4043 1672 4099 quaaro
1712 4045 1832 4086 esse
1875 4046 2126 4102 perverse

552 4109 740 4166 similis
767 4113 880 4169 tibi.
906 4115 1042 4182 Quid
1065 4118 1254 4172 enim?
1281 4118 1418 4173 Deus
1444 4135 1620 4174 nonne
1657 4119 1722 4175 ad
1759 4136 1908 4176 suam
1936 4123 2124 4178 simili-

552 4203 789 4260 tudinem
826 4221 924 4262 nos
953 4209 1146 4264 vocat?
1174 4209 1362 4266 Nonne
1404 4212 1516 4281 ipse
1552 4219 1634 4266 est
1657 4211 1748 4283 qui
1786 4211 1914 4268 dicit
1943 4231 1957 4267 :
1989 4212 2126 4269 Dili-

549 4296 650 4366 gite
668 4298 895 4353 inimicos
915 4309 1140 4364 vestros;
1168 4311 1306 4355 orate
1331 4316 1421 4371 pro
1441 4302 1511 4356 eis
1530 4303 1616 4373 qui
1636 4317 1720 4356 vos
1740 4315 2124 4373 persequuntur;

551 4385 824 4458 benefacite
851 4389 922 4443 eis
947 4390 1034 4457 qui
1059 4383 1144 4444 uos
1169 4391 1378 4444 oderunt
1398 4393 1424 4447 ἲ
1465 4391 1588 4447 Hzec
1611 4392 1809 4460 dicens,
1842 4393 1907 4449 ad
1936 4396 2124 4451 simili-

547 4479 784 4535 tudinem
815 4480 909 4537 Dei
952 4498 1050 4539 nos
1095 4484 1355 4538 hortatur.
1403 4484 1639 4554 Denique
1680 4486 1807 4556 quid
1845 4487 2126 4559 adjungit‘l

553 4569 621 4624 Ut
645 4573 775 4641 sitis,
807 4573 994 4644 inquit,
1029 4576 1125 4643 ﬁlii
1147 4575 1319 4632 Patris
1343 4577 1492 4631 vestri
1519 4579 1604 4648 qui
1630 4579 1680 4632 in
1704 4579 1840 4633 caelis
1869 4589 1958 4634 est.
1987 4580 2124 4650 Quid

547 4663 689 4719 enim
737 4664 850 4733 ipse
899 4665 1063 4720 facit?
1108 4666 1220 4721 Hoc
1265 4666 1391 4721 facit
1427 4675 1570 4722 certe
1604 4685 1618 4723 :
1647 4668 1746 4734 Qui
1781 4671 1936 4724 solent
1973 4687 2125 4726 suum

547 4754 670 4808 oriri
699 4757 820 4825 facit
853 4773 1003 4827 super
1027 4757 1182 4812 bonos
1208 4767 1253 4813 et
1281 4758 1460 4824 malos,
1487 4769 1532 4812 et
1561 4759 1687 4830 pluit
1712 4776 1863 4830 super
1882 4762 2050 4832 justas
2076 4771 2124 4818 et

545 4846 760 4916 injustas
803 4847 1012 4919 (Matth.
1040 4866 1096 4917 v,
1119 4851 1207 4917 44,
1234 4851 1362 4921 45).
1408 4851 1508 4917 Qui
1535 4866 1663 4922 ergo
1700 4851 1834 4907 bene
1868 4853 1979 4908 vult
2019 4855 2124 4909 ini-

545 4939 685 4992 mico
715 4955 846 5005 suo,
890 4942 999 4996 Deo
1045 4943 1234 4997 similis
1273 4951 1398 4998 est:
1429 4958 1528 4997 nec
1573 4942 1673 4996 ista
1717 4944 1996 5013 superbia,
2024 4946 2121 5001 sed

544 5031 842 5088 obcdientia
883 5041 977 5087 est.
1025 5034 1244 5100 Quare?
1283 5033 1416 5100 Quia
1461 5033 1528 5088 ad
1569 5034 1849 5103 imaginem
1879 5036 1972 5090 Dei
2002 5035 2122 5091 facti

542 5140 728 5179 smnus
756 5143 768 5179 :
799 5123 1074 5180 Faciamus
1093 5166 1108 5190 ,
1138 5126 1339 5196 inquit,
1370 5126 1620 5180 hominem
1657 5125 1724 5178 ad
1766 5126 2035 5198 imaginem
2075 5137 2123 5182 et

543 5217 922 5271 similitudinem
951 5226 1172 5272 nostram
1201 5215 1352 5289 (Gen.
1379 5233 1428 5284 ι,
1455 5217 1579 5289 26).
1610 5215 1730 5272 Non
1756 5233 1884 5288 ergo
1921 5218 2120 5289 aliquid

543 5308 772 5363 alienum
797 5317 898 5374 est,
926 5309 972 5363 si
1000 5308 1280 5379 imaginem
1309 5309 1401 5364 Dei
1431 5318 1672 5365 tenemus
1700 5309 1750 5364 in
1784 5308 1937 5364 nobis
1967 5327 1980 5366 :
2015 5311 2118 5365 uti-

542 5415 662 5454 nam
691 5415 808 5454 eam
839 5413 933 5468 per
970 5399 1271 5469 superbiam
1313 5413 1417 5454 non
1458 5400 1795 5454 amittamus!
1848 5398 1952 5456 Sed
1992 5399 2119 5470 quid

543 5499 654 5555 est,
704 5506 800 5561 per
840 5490 1143 5560 superbiam
1183 5490 1319 5544 velle
1361 5505 1480 5545 esse
1520 5491 1745 5546 similem
1793 5491 1946 5547 Deo?
1993 5491 2119 5562 quid

544 5591 807 5652 putamus,
835 5591 894 5636 ut
919 5583 1240 5638 exclamaret
1265 5581 1503 5651 captivus
1531 5599 1543 5635 :
1570 5582 1806 5649 Domine,
1834 5585 1946 5654 quis
1976 5585 2118 5640 simi-

544 5673 606 5728 lis
649 5672 780 5726 tibi?
818 5687 936 5742 quae
976 5683 1056 5728 est
1097 5674 1193 5728 ista
1231 5687 1480 5743 perversa
1522 5673 1854 5731 similitudo?
1894 5675 2115 5746 Audite,

605 5807 622 5839 ⁸
648 5807 894 5870 Particula,
918 5806 986 5870 in,
1012 5808 1150 5860 abest
1171 5822 1200 5858 a
1224 5815 1331 5860 Mss.

1745 334 1806 394 S.
1842 329 2215 394 AUGUSTINI
2242 325 2549 386 EPISCOPI

3673 327 3786 391 896

2206 457 2263 507 et
2294 447 2605 520 intelligite,
2634 446 2679 503 si
2715 443 2940 520 potestis
2970 460 2985 501 :
3014 443 3281 503 credimus
3304 451 3484 504 autem
3519 445 3644 520 quia
3670 446 3792 519 ipse

2204 542 2418 614 quinos
2455 541 2634 613 posuit
2671 539 2786 594 haec
2810 539 2958 594 vobis
2994 538 3212 604 dicere,
3257 539 3406 595 dabit
3430 539 3581 594 vobis
3623 540 3789 595 etiam

2206 645 2364 702 posse
2387 639 2441 685 et
2473 629 2786 699 intelligere.
2829 628 2970 684 Deus
2999 628 3142 682 nullo
3173 628 3370 700 indiget
3394 629 3556 694 bono,
3583 639 3640 684 et
3673 629 3794 700 ipse

2205 732 2290 776 est
2317 737 2581 778 summum
2610 725 2826 788 bonum,
2860 732 2912 776 et
2939 721 3007 776 ab
3033 722 3148 791 ipso
3169 730 3252 776 est
3279 736 3436 776 omne
3463 721 3684 776 bonum.
3718 721 3794 778 Ut

2209 828 2338 884 ergo
2365 813 2488 869 boni
2514 815 2701 882 simus,
2734 815 2843 868 Deo
2870 811 3165 884 indigemus
3195 829 3208 864 :
3243 820 3298 866 ut
3326 811 3498 867 bonus
3526 813 3596 866 sit
3626 813 3792 878 Deus,

2208 908 2362 961 nobis
2398 921 2502 962 non
2535 907 2726 978 indiget
2749 946 2764 971 ,
2808 920 2906 960 nec
2948 904 3103 959 nobis
3135 912 3334 958 tantum
3355 943 3372 970 ,
3403 903 3496 958 sed
3541 920 3699 973 usque
3726 907 3797 958 ad

2209 997 2456 1050 altissima
2479 1012 2589 1067 quce
2612 997 2728 1066 fecit
2759 995 3038 1066 magnalia,
3066 1008 3166 1048 nec
3191 992 3318 1064 ipsis
3341 993 3670 1061 ctelestibus,
3694 1009 3795 1050 nec

2209 1088 2674 1158 supercoelestibus
2697 1129 2711 1154 ,
2743 1102 2840 1142 nec
2868 1086 3006 1142 coelo
3031 1086 3155 1142 coeli
3182 1085 3325 1156 quod
3353 1085 3567 1152 dicitur,
3595 1086 3796 1157 indiget

2213 1179 2356 1234 Deus
2376 1221 2390 1244 ,
2425 1186 2483 1233 ut
2505 1187 2598 1232 aut
2627 1178 2817 1233 melior
2858 1177 2948 1244 sit,
2995 1185 3086 1230 aut
3112 1177 3413 1245 potentior,
3447 1185 3538 1230 aut
3567 1175 3796 1232 beatior.

2212 1270 2349 1340 Quid
2371 1273 2512 1326 enim
2537 1279 2680 1326 esset
2703 1269 2958 1340 quidquid
2985 1268 3127 1324 aliud
3154 1278 3256 1336 est,
3281 1269 3380 1324 nisi
3409 1269 3522 1340 ipse
3547 1268 3800 1325 fecisset?

2213 1363 2329 1433 Quo
2357 1379 2483 1434 ergo
2509 1373 2629 1433 eget
2656 1363 2752 1418 abs
2783 1373 2833 1419 te
2863 1364 2951 1433 qui
2981 1372 3097 1418 erat
3121 1373 3248 1419 ante
3276 1371 3358 1430 te,
3390 1373 3439 1417 et
3475 1374 3579 1418 tam
3607 1350 3830 1434 potens'

2213 1463 2349 1520 erat,
2383 1465 2439 1510 ut
2462 1470 2582 1510 cum
2615 1463 2672 1509 ιιι
2699 1470 2803 1509 non
2831 1469 2998 1520 esses,
3031 1453 3229 1510 faceret
3255 1455 3346 1509 te?
3373 1453 3639 1526 Numquid
3667 1470 3800 1524 quo-

2216 1546 2376 1601 modo
2402 1555 2649 1617 parentes
2692 1543 2891 1600 faciunt
2936 1543 3116 1599 filios?
3164 1543 3266 1598 Per
3292 1544 3573 1614 quamdam
3603 1559 3800 1599 concu-

2217 1637 2527 1707 piscentiam
2562 1635 2828 1690 carnalem
2857 1642 3142 1705 generant,
3177 1633 3350 1705 potius
3387 1649 3545 1704 quam
3575 1644 3798 1701 creant;

2216 1727 2334 1782 istis
2362 1726 2504 1782 enim
2545 1726 2922 1796 generantibus
2945 1767 2960 1791 ,
2994 1725 3133 1781 Deus
3161 1735 3328 1780 creat.
3375 1724 3507 1780 Nam
3551 1727 3597 1782 si
3643 1735 3697 1782 tu
3726 1728 3800 1782 ita

2217 1833 2404 1883 creas,
2432 1817 2518 1873 die
2547 1817 2672 1889 quid
2704 1827 2791 1872 tua
2821 1817 3012 1873 mulier
3040 1818 3272 1888 paritura
3301 1826 3405 1874 est.
3436 1818 3574 1885 Quid
3603 1819 3802 1888 dicam,

2217 1910 2301 1968 Tu
2326 1910 2454 1966 dic?
2484 1911 2595 1980 ipsa
2631 1910 2801 1978 dicat,
2831 1926 2950 1982 quae
2975 1911 3117 1982 quod
3150 1919 3322 1981 portat
3351 1911 3578 1982 ignorat.
3621 1912 3804 1968 Gene-

2218 2011 2340 2060 rant
2386 2013 2562 2059 tamen
2592 2001 2837 2058 homines
2875 2001 3048 2066 ﬁlios,
3087 2012 3142 2058 et
3173 2003 3238 2058 ad
3269 2001 3515 2059 solatium
3541 2019 3716 2071 suum,
3749 2012 3807 2060 et

2219 2095 2288 2151 ad
2315 2094 2606 2152 subsidium
2650 2095 2959 2152 senectutis.
2991 2095 3256 2166 Numquid
3303 2095 3424 2152 ideo
3452 2097 3651 2152 creavit
3685 2096 3806 2153 hac

2222 2189 2401 2246 omnia
2429 2189 2589 2256 Deus,
2617 2203 2648 2244 a
2677 2189 2867 2260 quibus
2896 2204 3061 2246 senex
3087 2189 3468 2261 adjuvaretur?
3491 2188 3645 2244 Novit
3671 2203 3805 2260 ergo

2223 2280 2361 2336 Deus
2389 2280 2530 2351 quod
2557 2289 2736 2346 creat,
2770 2291 2824 2336 et
2849 2281 3004 2350 quale
3033 2282 3099 2336 sit
3127 2296 3224 2352 per
3249 2281 3366 2350 ejus
3394 2283 3673 2337 bonitatem
3697 2322 3713 2348 ,
3742 2290 3804 2338 et

2221 2373 2379 2444 quale
2423 2372 2655 2429 futurum
2704 2373 2773 2429 sit
2817 2388 2914 2444 per
2952 2373 3216 2446 propriam
3247 2374 3597 2441 voluntatem;
3642 2375 3799 2430 novit

2222 2463 2363 2519 Deus
2389 2473 2444 2520 et
2469 2463 2732 2520 ordinavit
2758 2467 2954 2521 omnia.
2985 2465 3057 2522 Ut
3094 2473 3271 2520 autem
3300 2465 3456 2522 homo
3481 2466 3547 2520 sit
3568 2465 3797 2536 aliquid,

2221 2557 2483 2612 convertit
2511 2573 2569 2612 se
2597 2557 2664 2612 ad
2706 2557 2858 2613 illum
2899 2573 2928 2613 a
2970 2572 3076 2630 quo
3116 2565 3325 2613 creatus
3352 2565 3453 2613 est.
3483 2557 3807 2612 Recedendo

2223 2651 2367 2708 enim
2399 2649 2666 2722 frigescit;
2699 2651 3004 2708 accedendo
3025 2650 3273 2708 fervescit
3298 2669 3311 2706 :
3334 2651 3629 2708 recedendo
3653 2660 3808 2708 tene-

2221 2740 2460 2806 brescit;
2507 2741 2809 2797 accedendo
2853 2741 3117 2798 clarescit.
3163 2743 3208 2796 A
3236 2756 3341 2812 quo
3378 2742 3518 2797 enim
3562 2741 3715 2796 habet
3747 2751 3808 2798 ut

2221 2835 2325 2900 sit,
2357 2833 2496 2905 apud
2540 2833 2687 2888 illum
2732 2833 2894 2889 habet
2937 2841 2996 2888 ut
3023 2833 3070 2888 ei
3100 2832 3240 2888 bene
3267 2833 3354 2887 sit.
3403 2833 3637 2904 Denique
3665 2832 3806 2889 filius

2228 2929 2424 2993 minor,
2447 2927 2534 2998 qui
2557 2926 2723 2982 voluit
2749 2927 2802 2982 in
2829 2941 2921 2982 sua
2950 2933 3211 2997 potestate
3236 2923 3430 2981 habere
3456 2926 3806 2981 substantiam

2223 3033 2395 3084 suam,
2419 3034 2536 3089 qua:
2563 3017 2635 3072 illi
2663 3017 2801 3088 apud
2832 3026 3035 3088 patrem
3060 3017 3258 3088 optime
3282 3017 3608 3084 servabatur,
3637 3019 3808 3076 lactus

2223 3125 2334 3166 sua:
2359 3109 2660 3181 potestatis,
2681 3107 2950 3180 profectus
2973 3117 3056 3166 est
3081 3109 3136 3164 in
3156 3109 3424 3180 regionem
3442 3110 3805 3182 longinquam,

2224 3199 2380 3256 haesit
2420 3200 2643 3272 principi
2688 3200 2860 3267 malo,
2892 3215 3086 3272 porcos
3129 3201 3302 3271 pavit;
3349 3198 3488 3256 fame
3534 3211 3807 3257 correctus

2225 3300 2308 3349 est
2352 3293 2442 3364 qui
2487 3293 2766 3348 saturitate
2812 3293 3073 3365 superbus
3123 3293 3452 3350 abscesserat
3497 3293 3666 3365 (an.
3705 3311 3808 3361 xv,

2225 3384 2453 3456 12-16).
2485 3385 2625 3457 Ergo
2666 3386 2903 3456 quisquis
2946 3386 3018 3440 ita
3043 3385 3155 3440 vult
3195 3399 3317 3441 esse
3358 3385 3546 3440 similis
3578 3385 3718 3450 Deo,
3748 3393 3808 3440 ut

2224 3476 2293 3532 ad
2321 3477 2466 3533 illum
2493 3485 2631 3545 stet,
2662 3476 3129 3548 fortitudinemque
3155 3491 3306 3532 suam
3331 3517 3346 3541 ,
3388 3476 3525 3531 sicut
3549 3476 3808 3548 scriptum

2225 3579 2335 3635 est,
2367 3571 2433 3626 ad
2463 3571 2608 3628 illum
2637 3573 2898 3627 custodiat
2926 3569 3098 3643 (Psal.
3127 3587 3288 3637 LVIII,
3316 3569 3458 3641 10),
3484 3584 3587 3625 non
3616 3569 3683 3623 ab
3713 3569 3807 3624 illo

2225 3665 2441 3721 recedat
2473 3682 2487 3718 :
2519 3665 2569 3720 ei
2608 3665 2928 3720 coltzerendo
2963 3665 3202 3734 signetur
3229 3671 3478 3733 tanquam
3505 3677 3574 3718 ex
3605 3662 3808 3718 annulo

2225 3767 2367 3819 cera,
2399 3754 2475 3810 illi
2499 3754 2691 3810 afﬁxus
2725 3755 2916 3810 habeat
2945 3754 3226 3825 imaginem
3257 3753 3406 3825 ejus,
3437 3751 3634 3808 faciens
3660 3752 3808 3823 quod

2224 3845 2425 3901 dictum
2445 3853 2546 3912 est,
2573 3845 2706 3899 Mihi
2724 3846 2982 3900 adluerere
3000 3844 3110 3901 Deo
3136 3846 3319 3900 bonum
3340 3855 3415 3899 est
3436 3843 3607 3915 (Psal.
3629 3858 3806 3911 Lxxu,

2224 3938 2378 4010 28);
2423 3955 2548 3994 vere
2589 3939 2820 3996 custodit
2863 3937 3262 3994 similitudinem
3309 3946 3363 3993 et
3408 3936 3688 4007 imaginem
3735 3935 3809 3991 ad

2225 4046 2383 4102 quam
2413 4030 2581 4087 factus
2623 4040 2726 4086 est.
2776 4031 2944 4086 Porro
2987 4040 3164 4086 autem
3212 4029 3258 4085 si
3300 4043 3553 4100 perverse
3577 4027 3810 4082 voluerit

2226 4122 2421 4177 imitari
2469 4122 2658 4190 Deum,
2707 4131 2766 4178 ut
2805 4121 3073 4194 quomodo
3117 4122 3258 4177 Deus
3299 4136 3404 4176 non
3455 4120 3612 4174 habet
3639 4135 3667 4172 a
3697 4134 3808 4190 quo

2225 4209 2502 4280 formetur,
2536 4229 2640 4268 non
2672 4212 2833 4268 habet
2857 4229 2886 4266 a
2913 4228 3022 4284 quo
3049 4222 3282 4284 regatur,
3313 4211 3391 4266 sic
3418 4209 3531 4280 ipse
3556 4209 3683 4263 velit
3708 4223 3807 4264 sua

2225 4313 2488 4377 potestate
2515 4306 2610 4372 uti,
2634 4315 2692 4362 ut
2714 4305 2982 4377 quomodo
2999 4304 3161 4372 Deus,
3182 4302 3330 4359 nullo
3354 4301 3634 4365 formante,
3657 4301 3810 4356 nullo

2223 4407 2440 4467 regente
2471 4398 2644 4464 vivat;
2686 4398 2811 4469 quid
2841 4405 3035 4461 restat,
3065 4396 3257 4451 fratres
3276 4437 3291 4461 ,
3319 4395 3418 4450 nisi
3457 4401 3516 4449 ut
3544 4392 3810 4448 recedens

2173 4539 2184 4545 -
2223 4488 2291 4545 ab
2318 4489 2436 4560 ejus
2476 4489 2654 4544 calore
2693 4496 2992 4560 torpescat,
3024 4485 3279 4543 recedens
3320 4499 3351 4540 a
3390 4484 3611 4540 veritate
3636 4498 3810 4538 vane-

2224 4589 2357 4649 scat,
2389 4582 2645 4638 recedens
2668 4582 2735 4638 ab
2763 4596 2828 4636 eo
2856 4580 2996 4652 quod
3036 4593 3245 4634 summe
3267 4586 3427 4648 atque
3453 4576 3811 4632 incommuta-

2223 4671 2402 4729 biliter
2429 4675 2446 4704 ¹
2471 4682 2572 4738 est,
2601 4673 2652 4728 in
2677 4673 2912 4728 deterius
2941 4680 3174 4726 mutatus
3200 4668 3428 4726 deficiat.

2295 4765 2349 4819 7.
2392 4763 2506 4819 Hoc
2547 4764 2790 4820 diabolus
2835 4763 2960 4818 fecit
2991 4780 3004 4816 :
3034 4761 3228 4816 imitari
3273 4759 3440 4814 Deum
3480 4755 3668 4821 voluit,
3711 4753 3808 4810 sed

2225 4870 2504 4925 perverse;
2552 4869 2656 4909 non
2689 4869 2808 4909 esse
2849 4853 2948 4909 sub
2985 4853 3126 4908 illius
3156 4858 3444 4923 potestate,
3481 4846 3576 4902 sed
3605 4845 3814 4901 habere

2223 4954 2407 5002 contra
2454 4946 2600 5001 illum
2645 4953 2982 5017 potestatem.
3031 4943 3204 4998 Homo
3248 4948 3425 4996 autem
3470 4937 3678 5008 positus
3708 4936 3814 4989 sub

2225 5047 2510 5110 praecepto,
2538 5038 2738 5094 audivit
2762 5054 2791 5092 a
2815 5038 3039 5092 Domino
3063 5036 3195 5103 Deo,
3223 5034 3348 5089 Noli
3373 5042 3594 5102 tangere.
3627 5029 3766 5096 Quid
3785 5029 3816 5081 Τ

2224 5135 2372 5190 Hanc
2395 5134 2638 5190 arborem
2662 5132 2812 5205 (Gen.
2837 5149 2896 5200 tt,
2926 5129 3036 5204 i7).
3057 5129 3193 5197 Quid
3221 5136 3304 5185 est
3328 5127 3469 5184 enim
3497 5123 3586 5179 illa
3607 5121 3813 5178 arbor?

2224 5228 2281 5284 Si
2311 5229 2446 5284 bona
2475 5238 2576 5295 est,
2602 5242 2763 5298 quare
2789 5240 2896 5281 non
2923 5221 3126 5294 tango?
3153 5221 3199 5277 si
3227 5219 3365 5274 mala
3395 5227 3496 5284 est,
3525 5215 3653 5287 quid
3681 5212 3815 5267 facit

2225 5319 2279 5374 in
2309 5319 2598 5389 paradiso?
2627 5319 2854 5373 Prorsus
2880 5315 3002 5371 ideo
3030 5320 3114 5370 est
3139 5311 3192 5366 in
3221 5308 3486 5384 paradiso,
3517 5306 3638 5375 quia
3666 5303 3813 5358 bona

2223 5421 2340 5476 est;
2383 5410 2478 5466 sed
2517 5411 2639 5465 nolo
2683 5418 2888 5479 tangas.
2919 5407 3094 5475 Quare
3120 5418 3225 5458 non
3255 5398 3453 5470 ungo?
3497 5395 3633 5464 Quia
3678 5393 3814 5448 ohe-

2222 5503 2456 5560 dientem
2483 5513 2533 5559 te
2559 5504 2682 5558 volo
2701 5543 2718 5569 ,
2750 5518 2856 5557 non
2893 5497 3360 5555 contradicentem.
3401 5490 3552 5547 Servi
3581 5487 3650 5544 ad
3679 5487 3811 5553 hoc,

2221 5615 2375 5658 serve
2399 5602 2458 5666 ²;
2489 5598 2582 5655 sed
2611 5599 2718 5654 noli
2747 5597 2913 5662 male,
2941 5608 3115 5650 serve.
3141 5589 3305 5647 Serve
3325 5630 3339 5658 ,
3369 5584 3492 5642 audi
3518 5583 3668 5655 prius
3694 5579 3812 5634 Do-

2283 5739 2303 5772 ι
2327 5740 2401 5788 Sic
2415 5745 2490 5788 Er.
2513 5745 2565 5788 et
2591 5744 2696 5788 Mss.
2718 5743 2774 5788 At
2794 5743 2926 5793 t.ov.,
2943 5727 3394 5794 incomparabiliter.

2292 5803 2314 5836 ³
2330 5786 2408 5854 ξιξ)
2428 5786 2734 5866 aliquot
2761 5786 2851 5849 Alii
2888 5786 3072 5862 plures,
3095 5786 3226 5846 ἔσηνε
3246 5789 3406 5842 adhuc
3423 5795 3576 5840 serue.
3601 5786 3800 5845 lupan-
