4076 6484
272 476 375 535 897

271 593 399 647 mini
438 592 670 663 jussum,
701 600 756 646 et
781 599 905 646 tunc
941 586 1176 660 jubentis
1203 587 1348 642 disce
1374 588 1674 643 consilium.
1706 588 1849 643 Bona

269 694 353 740 est
374 683 576 739 arbor:
624 682 752 738 nolo
775 690 980 750 tangas.
1017 680 1230 748 Quare?
1268 678 1400 746 Quia
1428 679 1682 733 Dominus
1706 694 1845 744 sum,

268 783 321 830 et
345 788 535 830 servus
564 789 642 831 es.
673 772 798 828 Haec
825 781 931 828 tota
961 786 1119 828 causa
1147 780 1250 827 est.
1279 771 1336 827 Si
1366 786 1523 841 parva
1555 780 1665 834 est,
1697 770 1850 823 dedi-

267 865 452 938 gnaris
493 879 612 922 esse
657 863 889 921 servus?
935 863 1071 933 Quid
1111 873 1286 918 autem
1332 861 1423 917 tibi
1471 861 1715 932 expedit,
1749 860 1850 916 nisi

268 972 394 1012 esse
432 956 533 1012 sub
561 955 832 1011 Domino?
875 953 1150 1023 Quomodo
1187 954 1295 1010 eris
1337 953 1436 1006 sub
1464 951 1722 1017 Domino,
1751 949 1849 1005 nisi

269 1047 438 1104 fueris
479 1046 579 1102 sub
616 1046 923 1118 prmeepto?
968 1045 1134 1101 Porro
1161 1045 1206 1098 si
1236 1043 1449 1114 expedit
1483 1043 1582 1098 tibi‘
1603 1056 1722 1098 esse
1751 1041 1850 1095 sub

269 1139 519 1204 Domino,
563 1149 618 1195 et
659 1139 760 1194 sub
806 1147 1092 1209 praecepto,
1141 1135 1266 1208 quid
1311 1135 1404 1190 tibi
1445 1135 1688 1203 jussurus
1733 1139 1851 1187 erat

271 1232 456 1290 Deus?
485 1231 699 1303 Aliquid
723 1231 866 1287 enim
899 1230 1092 1300 quaerit
1113 1229 1208 1285 abs
1235 1227 1328 1283 te?
1357 1226 1500 1282 Oﬂ‘er
1524 1225 1652 1281 mihi
1680 1223 1850 1279 sacri-

268 1311 470 1392 ficium,
501 1326 740 1382 dicturus
763 1334 848 1381 est
870 1324 1007 1379 tibi?
1045 1323 1232 1378 Nonne
1258 1322 1372 1392 ipse
1415 1320 1538 1376 fecit
1563 1319 1760 1384 omnia,
1794 1318 1848 1372 in

265 1419 463 1491 quibus
489 1428 542 1474 et
569 1427 621 1473 te
650 1417 812 1474 fecit?
836 1416 1144 1487 Obsequere
1166 1413 1316 1477 mihi,
1345 1413 1582 1469 dicturus
1607 1421 1690 1467 est
1718 1410 1846 1476 tibi;

265 1511 382 1568 sive
402 1511 471 1566 ad
496 1511 709 1576 lectum,
732 1524 853 1566 cum
875 1508 1188 1580 requiesco;
1213 1507 1326 1562 sive
1349 1505 1414 1560 ad
1439 1519 1701 1569 mensam,
1725 1517 1847 1558 cum

267 1617 354 1657 tne
394 1601 613 1668 reficio;
660 1603 773 1658 sive
806 1601 873 1656 ad
904 1601 1152 1663 balneas,
1181 1613 1300 1654 cum
1342 1597 1503 1652 lavo?
1543 1595 1674 1664 Quia
1717 1608 1847 1664 ergo

265 1693 413 1748 nullo
439 1693 535 1748 abs
563 1702 614 1748 te
643 1692 841 1762 indiget
869 1691 1012 1746 Deus
1032 1732 1048 1758 ,
1087 1689 1217 1744 nihil
1259 1688 1353 1744 tibi
1395 1685 1578 1742 debuit
1616 1684 1846 1753 jubere?

267 1783 328 1840 Si
351 1792 530 1840 autem
557 1784 740 1839 debuit
763 1783 958 1853 aliquid
980 1782 1190 1853 jubere,
1219 1789 1277 1835 ut
1301 1790 1374 1845 te,
1403 1777 1544 1848 quod
1573 1776 1662 1832 tibi
1687 1789 1848 1845 expe-

267 1873 368 1939 dit,
394 1873 621 1929 sentires
645 1887 765 1929 esse
790 1872 889 1927 sub
915 1873 1159 1939 Domino,
1188 1871 1256 1925 ab
1273 1869 1448 1939 aliqua
1473 1883 1533 1922 re
1559 1866 1845 1936 prohiben—

264 1964 367 2020 dus
409 1979 569 2029 eras;
618 1979 723 2020 non
772 1971 988 2034 pr0pter
1027 1964 1166 2018 illius
1194 1961 1399 2016 arboris
1428 1959 1702 2026 malitiam,
1747 1955 1845 2013 sed

263 2067 486 2126 propter
531 2064 675 2110 tuam
719 2055 1094 2111 obedientiam.
1140 2052 1258 2108 Non
1299 2051 1466 2121 potuit
1492 2051 1632 2106 Deus
1666 2049 1844 2120 perfe-

263 2151 402 2204 ctius
446 2149 814 2205 demonstrare
855 2155 1109 2220 quantum
1153 2147 1224 2202 sit
1264 2145 1462 2200 bonum
1503 2141 1840 2208 obedientize,

265 2243 366 2298 nisi
389 2257 512 2299 cum
541 2242 810 2314 prohibuit
835 2241 903 2296 ab
927 2257 989 2298 ea
1016 2256 1078 2296 re
1103 2254 1221 2310 qua:
1251 2251 1358 2292 non
1384 2243 1497 2290 erat
1523 2235 1679 2288 mala.
1717 2232 1842 2288 Sola

263 2336 333 2391 ibi
381 2336 682 2393 obedientia
729 2343 876 2392 tenet
918 2334 1184 2406 palmam;
1217 2333 1329 2389 sola
1370 2331 1442 2386 ibi
1485 2329 1844 2387 inobedientia

262 2427 466 2484 invenit
491 2443 722 2498 poenam.
762 2427 967 2483 Bonum
991 2436 1113 2493 est;
1164 2423 1288 2480 nolo
1316 2433 1519 2495 tangas.
1554 2422 1670 2477 Non
1700 2421 1865 2477 enim-

263 2534 369 2573 non
403 2519 668 2591 tangendo
705 2519 996 2574 moriturus
1019 2532 1098 2573 es.
1141 2514 1404 2585 Numquid
1447 2513 1536 2585 qui
1567 2513 1689 2568 hinc
1717 2527 1844 2582 pro-

263 2609 455 2676 hibuit,
479 2611 581 2666 alia
605 2610 908 2666 subtraxit?
943 2608 1131 2683 Nonne
1155 2615 1237 2662 est
1258 2605 1537 2677 paradisus
1562 2602 1844 2658 fructuosis

262 2703 453 2772 plenus
481 2703 800 2759 arboribus?
829 2701 966 2768 Quid
993 2699 1088 2756 tibi
1112 2698 1304 2755 deest?
1332 2697 1444 2752 Hoc
1473 2695 1596 2751 nolo
1623 2703 1840 2766 tangas;

259 2795 388 2852 hinc
414 2796 541 2852 nolo
574 2805 778 2867 gustes.
809 2795 1015 2850 Bonum
1056 2801 1170 2860 est,
1199 2790 1293 2848 sed
1319 2789 1622 2846 obedientia
1651 2788 1844 2844 melior

259 2899 362 2947 est.
407 2888 638 2945 Proinde
663 2904 784 2945 cum
829 2886 1066 2957 tetigeris
1087 2926 1102 2950 ,
1134 2883 1390 2954 numquid
1416 2882 1576 2937 arbor
1609 2881 1700 2936 illa
1727 2894 1844 2935 ma-

258 2981 366 3036 lum
410 2981 534 3048 erit,
564 2989 621 3034 ut
653 2977 940 3034 moriaris?
984 2975 1091 3032 Sed
1134 2973 1493 3030 inobedientia
1522 2981 1575 3028 te
1612 2969 1841 3041 subjecit

258 3071 438 3136 morti,
453 3071 573 3141 quia
593 3068 859 3140 prohibita
875 3065 1111 3138 tetigisti.
1132 3065 1254 3121 Ideo
1266 3065 1425 3119 arbor
1454 3063 1547 3118 illa
1570 3061 1837 3132 appellata

259 3173 340 3220 est
355 3163 594 3219 scientia:
614 3159 1098 3234 dignoscendiboni
1115 3167 1169 3214 et
1192 3159 1315 3214 mali
1341 3157 1490 3230 (Gen.
1507 3173 1566 3220 ιι.
1588 3157 1699 3226 l7),
1724 3171 1833 3212 non

235 3254 384 3326 quia
410 3255 537 3310 inde
567 3254 688 3308 talia
713 3253 864 3324 quasi
905 3266 1059 3323 poma
1088 3250 1391 3324 pendebant
1415 3267 1432 3317 ;
1461 3249 1554 3304 sed
1581 3247 1836 3320 quidquid

259 3354 402 3401 esset
441 3345 599 3400 arbor
642 3344 763 3413 illa,
794 3343 1076 3415 cujuslibet
1114 3341 1295 3414 pomi,
1326 3340 1607 3411 cujuslibet
1636 3340 1837 3396 fructus

259 3443 435 3502 esset,
464 3435 583 3492 ideo
619 3437 697 3491 sic
724 3443 907 3491 vocata
933 3443 1015 3490 εει
1034 3475 1050 3500 ,
1083 3435 1202 3505 quia
1233 3433 1396 3488 homo
1417 3432 1507 3504 qui
1545 3431 1711 3487 nollet
1740 3432 1838 3487 bo-

259 3545 384 3583 num
412 3543 444 3582 a
474 3528 614 3584 malo
653 3527 956 3584 discernere
993 3541 1088 3597 per
1115 3534 1471 3596 praeceptum,
1512 3523 1839 3581 discreturus

257 3631 372 3676 erat
414 3635 510 3689 per
535 3619 953 3690 experimentum
979 3633 994 3683 ;
1025 3625 1085 3672 ut
1112 3617 1375 3687 tangendo
1400 3618 1621 3672 vetitum
1639 3657 1654 3682 ,
1685 3617 1838 3672 inve-

256 3712 396 3765 niret
421 3710 761 3780 supplicium.
807 3709 980 3776 Quare
1008 3716 1182 3763 autem
1230 3707 1426 3778 tetigit,
1456 3707 1648 3762 fratres
1688 3707 1838 3763 mei?

256 3803 393 3871 Quid
441 3803 520 3856 illi
565 3801 787 3858 deerat?
827 3785 1038 3857 Dicatur
1085 3799 1214 3854 mihi
1253 3799 1380 3870 quid
1426 3799 1499 3853 illi
1551 3799 1736 3854 deerat
1783 3800 1836 3854 in

255 3895 506 3966 paradiso
547 3896 854 3960 constituto,
905 3893 956 3946 in
1006 3891 1178 3947 media
1223 3892 1512 3960 epulentia,
1546 3891 1839 3962 mediisque

254 3989 504 4054 deliciis;
557 3990 641 4043 cui
689 4001 892 4057 magna:
935 3985 1138 4040 deliciae
1185 3993 1338 4040 erant
1381 3985 1495 4056 ipsa
1539 3985 1673 4040 visio
1719 3984 1834 4048 Dei,

255 4082 405 4150 cujus
455 4078 645 4133 faciem
695 4077 846 4148 quasi
891 4077 1086 4131 inimici
1134 4075 1308 4130 timuit
1353 4085 1473 4146 post
1519 4076 1838 4146 peccatum?

254 4169 394 4239 Quid
425 4170 500 4226 illi
530 4170 748 4234 deerat,
777 4178 835 4224 ut
862 4176 1132 4239 tangeret,
1165 4167 1268 4222 nisi
1305 4168 1426 4236 quia
1453 4183 1549 4222 sua
1582 4177 1839 4237 potestate

255 4264 330 4318 uti
363 4262 554 4330 voluit,
586 4268 910 4332 praeceptum
947 4273 1194 4328 rumpere
1233 4257 1550 4324 delectavit;
1594 4267 1651 4312 ut
1693 4258 1838 4313 nullo

252 4357 352 4412 sibi
400 4355 712 4411 dominante
756 4353 911 4409 fieret
956 4343 1094 4408 sicut
1144 4351 1303 4417 Deus,
1350 4351 1472 4421 quia
1508 4349 1618 4404 Deo
1663 4350 1838 4424 nullus

255 4449 441 4518 utique
498 4444 844 4502 dominatur?
895 4442 1029 4499 Male
1067 4457 1226 4512 vagus
1250 4482 1266 4508 ,
1308 4440 1445 4496 male
1484 4455 1835 4510 praesumens,

253 4535 468 4596 futurus
511 4545 788 4604 mortuus,
834 4532 1136 4590 recedendo
1181 4547 1212 4586 a
1255 4530 1339 4586 via
1379 4529 1674 4602 justitize‘!
1715 4546 1839 4586 ecce

252 4633 415 4689 solvit
460 4638 819 4702 praeceptum,
860 4627 1093 4683 excussit
1134 4641 1164 4680 a
1201 4625 1406 4680 cervice
1447 4623 1631 4694 jugum
1676 4623 1839 4678 disci-

253 4728 441 4797 plin-ae,
468 4723 702 4779 habenas
726 4719 999 4792 regimiuis
1021 4718 1285 4774 exaltante
1308 4717 1646 4771 animositate
1668 4715 1843 4771 disru-

253 4819 330 4887 pit
355 4835 370 4881 ;
424 4815 514 4870 ubi
544 4823 626 4870 est
653 4813 837 4868 nunc?
881 4811 1036 4867 Certe
1079 4810 1319 4881 captivus
1345 4809 1538 4864 clamat
1563 4826 1576 4862 :
1606 4807 1836 4873 Domine,

250 4911 364 4979 quis
397 4906 580 4961 similis
618 4906 749 4961 tibi?
789 4903 943 4959 Volui
983 4917 1102 4958 esse
1133 4915 1377 4971 perverse
1405 4900 1592 4954 similis
1627 4900 1754 4966 tibi,
1786 4908 1842 4954 ct

254 5001 429 5054 factus
455 5012 572 5052 sum
601 4996 790 5051 similis
819 4993 1016 5064 pecori.
1059 4991 1168 5048 Sub
1209 5001 1294 5046 tua
1321 4991 1680 5046 dominatione
1700 5032 1714 5056 ,
1741 4991 1841 5045 sub

253 5097 348 5145 tuo
380 5097 652 5159 prmcepto
672 5101 795 5141 vere
819 5084 1008 5140 similis
1032 5099 1178 5140 eram
1208 5101 1220 5136 :
1253 5081 1346 5138 sed
1372 5081 1534 5136 homo
1559 5083 1611 5136 in
1638 5082 1841 5137 honore

255 5185 471 5254 positus
498 5197 602 5235 non
640 5179 942 5244 intellexit;
985 5187 1321 5247 comparatus
1351 5184 1432 5232 est
1470 5175 1724 5246 jumentis
1762 5176 1842 5229 in-

252 5273 524 5340 sensatis,
551 5281 606 5328 et
638 5272 827 5327 similis
853 5269 1019 5326 factus
1046 5279 1128 5325 est
1156 5269 1259 5324 illis
1285 5269 1453 5339 (l’sal.
1485 5283 1683 5334 XLVIII,
1711 5266 1838 5338 l5).

252 5367 378 5423 Jam
418 5366 488 5420 de
512 5364 852 5421 similitudine
874 5365 1234 5433 jnmcntorum
1265 5361 1434 5416 clama
1461 5375 1600 5426 sero,
1631 5368 1685 5415 et
1711 5358 1798 5414 dic
1825 5376 1838 5411 :

253 5457 429 5523 Deus,
453 5457 563 5526 quis
586 5455 765 5509 similis
799 5454 931 5508 tibi?

330 5551 394 5606 8.
439 5546 839 5621 [vers.20,21.]
882 5546 1109 5613 Quantas
1156 5543 1414 5600 ostendisti
1460 5543 1584 5597 milii
1628 5541 1841 5597 tribula-

253 5645 434 5700 tioues
476 5641 660 5694 multas
687 5650 732 5695 et
761 5637 962 5693 malas!
999 5635 1204 5704 Merito,
1249 5635 1478 5707 superbe
1519 5651 1670 5692 serve
1703 5653 1715 5688 :
1746 5651 1844 5689 vo-

253 5821 434 5872 ciores
453 5829 564 5869 cum
578 5816 723 5868 editis
742 5829 757 5867 :
781 5828 876 5867 non
897 5782 1300 5867 coniradiceutent
1317 5827 1525 5881 servant,
1545 5815 1612 5869 ad
1632 5813 1722 5868 hoc
1741 5827 1846 5868 ser-

255 5895 349 5980 ”‘t
379 5887 607 6008 ξιξ-ιω
628 5948 758 6007 ιιι,
779 5953 812 5994 a

1325 469 1722 531 ENARRATIO
1757 469 1827 528 IN
1863 467 2186 527 PSALMUM
2225 467 2390 525 LXX.

3435 474 3540 532 898

1961 584 2100 637 luisti
2146 583 2287 638 enim
2335 596 2584 651 perverse
2627 596 2746 638 esse
2787 582 2977 639 similis
3022 585 3246 642 Domino
3292 598 3399 651 tuo,
3447 590 3538 658 qui

1957 675 2128 731 factus
2151 692 2270 731 eras
2294 675 2358 729 ad
2389 676 2668 745 imaginem
2702 675 2904 730 Domini
2937 678 3032 732 tui.
3075 679 3216 734 Bene
3251 681 3342 734 tibi
3370 682 3536 734 velles

1959 781 2016 825 ut
2055 779 2196 826 esset
2238 768 2506 825 recedenti
2549 769 2616 824 ab
2659 769 2748 823 illo
2777 769 2958 824 bono?
3003 770 3223 826 Prorsus
3273 773 3401 828 dicit
3443 773 3536 828 tibi

1962 863 2098 918 Deus
2127 881 2143 919 :
2169 863 2224 918 Si
2251 862 2455 918 recedis
2478 877 2506 916 a
2534 877 2642 926 me,
2670 870 2725 917 et
2751 862 2886 918 bene
2911 871 2993 917 est
3021 863 3133 926 tibi,
3157 880 3256 934 ego
3286 882 3390 919 non
3415 880 3534 920 sum

1957 955 2153 1009 bonum
2182 964 2349 1018 tuum.
2381 954 2610 1009 Proinde
2633 955 2677 1009 si
2706 955 2793 1008 ille
2817 954 3008 1020 bonus,
3031 965 3083 1010 et
3107 971 3314 1010 summe
3342 957 3530 1024 bonus,

1956 1055 2012 1102 et
2035 1047 2103 1102 de
2129 1062 2186 1102 se
2213 1047 2314 1101 sibi
2346 1048 2532 1110 bonus,
2578 1054 2634 1101 et
2677 1047 2820 1100 nullo
2858 1046 3034 1101 alieno
3063 1047 3202 1100 bono
3248 1049 3418 1102 bonus
3442 1090 3455 1112 ,
3484 1060 3536 1103 et

1957 1137 2072 1207 ipse
2096 1146 2336 1192 nostrum
2361 1152 2626 1192 summum
2654 1137 2848 1192 bonum
2875 1154 2891 1202 ;
2919 1137 3218 1192 recedendo
3244 1138 3385 1202 inde,
3409 1139 3536 1209 quid

1955 1228 2088 1291 eris,
2126 1227 2226 1282 nisi
2268 1228 2482 1283 malus?
2522 1228 2675 1291 Item.
2719 1229 2765 1283 si
2793 1228 2907 1296 ipse
2933 1236 3016 1283 est
3041 1229 3312 1283 beatitudo
3334 1239 3538 1295 nostra,

1945 1317 2081 1388 quid
2122 1321 2222 1373 erit
2264 1319 2534 1375 recedenti
2559 1361 2574 1386 ,
2624 1319 2724 1374 nisi
2771 1321 3028 1376 miseria?
3073 1320 3208 1375 Redi
3250 1335 3378 1391 ergo
3421 1329 3538 1389 post

1943 1399 2254 1490 miseriam,
2278 1421 2333 1466 et
2356 1411 2443 1468 dic
2468 1429 2480 1464 :
2511 1411 2756 1479 Domine,
2792 1413 2904 1483 quis
2932 1412 3112 1467 similis
3139 1413 3230 1467 tibi
3249 1411 3272 1452 9
3310 1413 3540 1481 Quantas

1953 1502 2217 1558 ostendisti
2239 1504 2364 1557 nti/ti
2392 1504 2738 1560 tribulationes
2763 1505 2948 1559 multas
2975 1515 3024 1560 et
3053 1504 3246 1560 malas.

2023 1598 2076 1652 9.
2117 1597 2222 1653 Sed
2258 1597 2530 1668 disciplina
2567 1598 2692 1664 fuit;
2733 1597 3024 1654 admonitio
3051 1639 3066 1664 ,
3115 1612 3222 1654 non
3271 1595 3531 1654 desertio.

1954 1687 2192 1759 Denique
2219 1690 2410 1760 gratias
2436 1705 2600 1761 agens
2627 1690 2752 1761 quid
2780 1690 2943 1745 dicit?
2978 1688 3048 1744 Et
3081 1707 3347 1746 conversus
3373 1692 3536 1754 viviﬁ-

1951 1781 2079 1833 cain
2127 1797 2240 1848 me,
2287 1790 2334 1835 et
2383 1780 2446 1834 de
2490 1781 2683 1851 ubyssis
2731 1790 2876 1835 teme
2921 1781 3104 1836 iterum
3156 1780 3399 1836 reduxisti
3433 1797 3535 1836 me.

1949 1871 2172 1940 Quando
2199 1873 2342 1928 enim
2369 1873 2564 1928 antea?
2592 1873 2717 1944 quid
2741 1883 2822 1926 est
2847 1872 2978 1940 hoc,
3019 1873 3202 1928 iterum
3221 1873 3248 1927 ?
3283 1871 3536 1929 Cecidisti

1947 1962 2016 2017 ab
2041 1962 2320 2018 altitudine
2343 2004 2358 2029 ,
2388 1979 2421 2018 ο
2446 1965 2606 2018 homo
2629 2005 2646 2030 ,
2691 1964 3014 2034 mancipium
3061 1963 3373 2024 inobediens
3399 2007 3412 2032 ,
3443 1979 3533 2019 su-

1947 2053 2112 2122 perbe
2147 2054 2400 2110 adversus
2446 2055 2724 2110 Dominum
2752 2098 2766 2122 ,
2812 2054 3049 2109 cecidisti
3078 2055 3091 2110 ι
3125 2054 3346 2110 Factum
3372 2064 3454 2111 est
3483 2056 3536 2111 in

1951 2152 2036 2208 te,
2070 2143 2246 2198 Omnis
2269 2146 2353 2214 qui
2394 2161 2447 2198 se
2491 2146 2719 2210 exultat,
2771 2144 3156 2199 Itumiliabitur:
3201 2145 3292 2200 ﬁat
3341 2145 3395 2201 in
3444 2154 3534 2213 te,

1956 2231 2132 2288 Omnis
2171 2235 2256 2304 qui
2294 2251 2348 2288 se
2393 2233 2623 2288 Itumiliat
2647 2276 2663 2300 ,
2706 2236 3008 2288 exaltabitur
3053 2234 3222 2304 (Luc.
3263 2253 3371 2304 xw,
3403 2238 3460 2292 il
3493 2237 3534 2308 ).

1949 2323 2083 2378 Redi
2114 2325 2180 2378 de
2212 2324 2495 2393 profundo.
2531 2325 2710 2380 Redeo
2736 2369 2750 2390 ,
2781 2325 2986 2392 inquit;
3029 2329 3190 2382 redeo
3212 2368 3227 2391 ,
3261 2343 3489 2396 agnosco
3521 2347 3535 2382 :

1951 2415 2090 2471 Deus
2114 2459 2127 2482 ,
2158 2418 2271 2488 quis
2297 2419 2473 2472 similis
2503 2417 2589 2471 tibi
2612 2418 2637 2471 .’
2669 2417 2895 2483 Quantas
2930 2421 3187 2472 ostendisti
3228 2422 3348 2472 nti/ti
3380 2421 3538 2474 tribu-

1950 2509 2161 2563 lationes
2187 2511 2370 2563 multas
2398 2521 2442 2562 et
2473 2510 2676 2564 inulas!
2717 2508 2782 2562 Et
2821 2527 3083 2564 conversus
3123 2514 3385 2579 viviﬁcasti
3420 2529 3499 2566 me
3519 2554 3535 2580 ,

1950 2609 1997 2654 et
2025 2601 2087 2653 de
2111 2601 2302 2671 abyssis
2334 2613 2480 2655 terra:
2509 2603 2686 2654 iterum
2718 2601 2962 2654 reduxisti
3007 2619 3094 2654 me.
3152 2602 3494 2671 lntclligimus
3519 2645 3534 2670 ,

1949 2693 2124 2747 audio.
2153 2691 2428 2748 Reduxisti
2461 2693 2599 2747 enim
2628 2693 2694 2746 de
2736 2693 2941 2764 altyssis
2987 2703 3179 2760 lerl‘ﬂl:
3224 2693 3476 2749 reduxisti
3506 2711 3534 2750 a

1949 2786 2306 2856 profunditate
2339 2797 2393 2841 et
2420 2786 2785 2840 submersinne
2819 2787 3036 2854 peccati.
3074 2787 3177 2840 Sed
3210 2802 3375 2856 quare
3399 2830 3412 2853 ,
3445 2788 3536 2842 ite-

1947 2893 2060 2932 rum
2082 2878 2108 2931 ?
2131 2879 2352 2946 Quando
2374 2878 2484 2948 jam
2516 2878 2708 2932 factum
2739 2879 2894 2933 erat?
2931 2879 3266 2948 Sequantur,
3302 2897 3370 2936 ne
3402 2881 3536 2938 forte

1948 2969 2245 3038 pOSteriora
2289 2969 2474 3039 psalmi
2503 2969 2668 3038 ipsius
2715 2978 2982 3040 exponant
3023 2971 3216 3038 nobis,
3267 2971 3408 3042 quod
3450 2972 3536 3029 hic

1948 3062 2184 3117 nondum
2213 3061 2556 3130 intelligimus
2582 3105 2595 3126 ,
2634 3062 2757 3130 quid
2801 3060 2996 3117 dixerit
3037 3063 3235 3116 iterum.
3268 3063 3406 3133 Ergo
3437 3078 3535 3118 au-

1947 3151 2196 3209 diamus:
2243 3153 2468 3221 Quantas
2506 3152 2766 3207 ostendisti
2806 3153 2930 3206 mihi
2971 3152 3315 3209 tribulationes
3354 3155 3536 3211 multas

1946 3257 1994 3302 et
2037 3245 2241 3302 malas!
2279 3254 2326 3301 et
2379 3262 2644 3301 conversus
2687 3246 2949 3316 vivi/icasti
2993 3263 3108 3314 me,
3151 3256 3200 3302 et
3239 3247 3302 3302 de
3341 3247 3535 3318 abyssis

1945 3348 2092 3394 terrae
2119 3341 2300 3394 iterum
2328 3339 2576 3394 reduxisti
2602 3355 2698 3393 me.
2740 3339 2875 3406 Quid
2915 3339 3150 3395 deinde?
3179 3338 3534 3412 Multiplicasti

1938 3433 2190 3504 justitiam
2229 3443 2408 3498 tuam;
2447 3441 2494 3486 et
2521 3448 2786 3487 conversus
2818 3432 3106 3487 consolatus
3145 3449 3198 3487 es
3240 3450 3319 3487 me
3343 3475 3358 3500 ,
3386 3442 3432 3487 et
3472 3433 3534 3488 ds

1943 3525 2136 3596 abyssis
2164 3533 2311 3580 terra:
2328 3524 2508 3579 iterum
2533 3524 2779 3578 reduxisti
2803 3539 2900 3578 me.
2928 3525 3062 3579 Ecce
3081 3523 3304 3579 alterum
3326 3525 3529 3580 iterum.

1942 3616 1996 3672 Si
2026 3616 2128 3671 hoc
2153 3617 2331 3670 iterum
2357 3615 2566 3671 solvere
2593 3614 2896 3670 laboramus
2921 3615 3086 3670 semel
3109 3615 3338 3685 positum
3367 3656 3382 3680 ,
3412 3615 3532 3686 quis

1943 3710 2136 3780 poterit
2162 3708 2369 3764 solvere
2393 3707 2764 3778 geminatum?
2791 3706 2909 3762 Jam
2938 3707 3108 3776 ipsum
3145 3706 3326 3760 iterum
3363 3706 3532 3778 gemi-

1944 3803 2088 3856 natio
2115 3811 2198 3856 est
2219 3843 2234 3868 ,
2262 3809 2317 3856 et
2342 3816 2552 3855 rursum
2584 3800 2811 3870 positum
2838 3809 2922 3854 est
2947 3800 3148 3854 iterum.
3178 3801 3332 3856 Adsit
3372 3800 3462 3855 ille
3499 3815 3532 3855 a

1942 3909 2049 3964 quo
2069 3892 2234 3964 gratia
2257 3911 2270 3946 :
2297 3891 2435 3946 adsit
2459 3900 2510 3946 ct
2530 3891 2803 3946 brachium
2825 3891 2964 3961 quod
2987 3891 3366 3946 annuntiamus
3386 3891 3532 3946 omni

1943 3986 2269 4058 generatiOni
2312 3993 2712 4055 superventura:
2757 4003 2770 4038 :
2812 3984 2950 4039 adsit
2988 3984 3139 4055 ipse,
3185 3994 3240 4041 et
3283 3994 3532 4056 tanquam

1943 4079 2092 4134 clave
2121 4080 2138 4110 ¹
2168 4079 2341 4132 crucis
2370 4093 2479 4132 sua:
2501 4078 2737 4131 clausum
2759 4086 3148 4132 sacramentum
3177 4077 3401 4146 aperiat.
3429 4076 3535 4137 Ne-

1943 4184 2046 4238 que
2072 4170 2213 4224 enim
2240 4168 2469 4234 frustra,
2505 4169 2592 4222 illo
2635 4168 2886 4223 crucifixo
2908 4213 2923 4234 ,
2967 4171 3139 4224 velum
3193 4169 3372 4238 tetnpli
3421 4185 3532 4225 me-

1943 4258 2088 4314 dium
2118 4259 2341 4314 scissum
2371 4267 2453 4312 cst
2483 4257 2712 4324 (Matth.
2747 4273 2886 4312 xxvii
2913 4301 2928 4324 ,
2960 4259 3021 4316 5f
3051 4258 3091 4329 ),
3126 4259 3226 4312 nisi
3274 4258 3395 4328 quia
3435 4273 3533 4328 per

1942 4352 2109 4422 ipsius
2130 4351 2428 4422 passionem
2451 4351 2687 4406 omnium
2710 4352 3084 4423 mysteriorum
3109 4364 3311 4408 secreta
3343 4363 3530 4423 patue-

1943 4453 2087 4499 runt.
2121 4443 2271 4498 Adsit
2297 4459 2423 4513 ergo
2450 4443 2562 4513 ipse
2593 4442 2988 4498 transeuntibus
3017 4443 3081 4498 ad
3112 4460 3233 4498 eum
3261 4462 3276 4511 ;
3317 4443 3529 4498 aufera-

1944 4544 2030 4590 tur
2056 4535 2291 4590 velamen
2323 4533 2406 4606 (ll
2435 4534 2552 4589 Cor.
2586 4551 2681 4598 ιιι,
2713 4536 2780 4590 ili
2805 4533 2867 4606 ):
2908 4533 3050 4589 dicat
3082 4536 3236 4592 nobis
3277 4537 3531 4592 Dominus

1926 4641 2126 4688 noster
2155 4640 2209 4686 et
2248 4629 2491 4686 Salvator
2532 4629 2687 4684 Jesus
2733 4629 3015 4697 Christus,
3059 4645 3222 4699 quare
3269 4631 3386 4684 talis
3430 4647 3528 4687 vox

1943 4721 2223 4793 Pr0pheta:
2255 4722 2526 4792 praemissa
2554 4731 2635 4776 est
2667 4738 2680 4773 :
2717 4720 2988 4774 Ostendisti
3026 4720 3149 4773 nti/ti
3191 4721 3532 4778 tribulatioues

1944 4817 2129 4871 multas
2159 4825 2206 4870 et
2226 4816 2386 4869 malas
2409 4831 2428 4879 ;
2449 4823 2496 4869 et
2516 4831 2778 4869 conversus
2799 4813 3060 4884 vivi/icain
3081 4831 3159 4868 me
3181 4855 3198 4878 ,
3225 4825 3269 4869 et
3299 4816 3362 4869 de
3386 4815 3507 4886 abys

1922 4909 2014 4964 'sis
2039 4918 2182 4962 teme
2207 4909 2389 4961 iterum
2416 4907 2659 4961 reduxisti
2687 4923 2784 4958 me.
2820 4907 2894 4959 En
2927 4904 3029 4960 hoc
3052 4906 3278 4977 primum
3304 4907 3528 4976 pusillam

1945 5008 2028 5054 est
2050 5001 2230 5053 iterum
2261 5014 2280 5052 :
2309 4997 2581 5051 videamus
2625 4995 2749 5065 quid
2798 4995 2900 5051 hoc
2945 4996 3051 5066 sit,
3102 5006 3157 5054 et
3203 4999 3532 5052 inveniemus

1945 5105 2109 5162 quare
2134 5091 2360 5144 alterum
2389 5089 2588 5142 iterum.

2019 5182 2103 5237 10.
2146 5181 2280 5248 Quid
2307 5191 2388 5236 est
2415 5179 2695 5236 Christus?
2738 5178 2804 5233 In
2842 5181 3092 5252 principio
3131 5191 3236 5236 erat
3274 5179 3527 5246 Verbum,

1947 5283 1994 5329 et
2021 5272 2237 5326 Verbum
2283 5282 2389 5326 erat
2423 5271 2563 5342 apud
2600 5270 2765 5326 Deum
2791 5315 2805 5338 ,
2855 5283 2900 5326 et
2938 5272 3072 5326 Deus
3115 5281 3218 5325 erat
3272 5270 3483 5325 Verbum
3515 5290 3531 5327 :

1948 5364 2042 5417 hoc
2069 5373 2174 5418 erat
2217 5365 2268 5417 in
2309 5363 2558 5433 principio
2602 5364 2741 5434 apud
2783 5362 2965 5418 Deum.
3015 5363 3198 5417 Omnia
3243 5380 3330 5432 per
3368 5365 3530 5434 ipsum

1949 5455 2084 5527 facta
2109 5464 2260 5520 sunt,
2291 5464 2334 5509 et
2361 5456 2467 5509 sine
2490 5457 2601 5525 ipso
2628 5458 2816 5527 factum
2843 5467 2916 5509 est
2955 5455 3100 5508 nihil.
3149 5455 3360 5511 Grande
3399 5457 3528 5511 hoc!

1948 5562 2196 5617 magnum
2220 5547 2357 5602 hoc!
2388 5546 2464 5600 Tu
2487 5547 2610 5616 quid
2637 5588 2652 5614 ,
2676 5547 2925 5616 captive?
2952 5545 3035 5599 tibi
3061 5546 3248 5615 jaces?
3271 5548 3324 5601 In
3351 5562 3530 5612 carne,

1927 5640 2050 5694 'suh
2077 5648 2266 5692 morte.
2300 5637 2430 5706 Quis
2455 5654 2583 5709 ergo
2611 5639 2740 5693 ille?
2763 5637 2880 5708 quis
2914 5637 3008 5691 tu?
3031 5648 3084 5692 et
3110 5637 3235 5709 quid
3263 5639 3352 5694 ille
3382 5650 3531 5709 post-

1919 5733 2060 5788 "ea?
2088 5743 2303 5802 propter
2330 5731 2532 5803 quem?
2565 5731 2692 5798 Quis
2731 5731 2819 5786 ille
2843 5771 2856 5795 ,
2881 5731 2981 5785 nisi
3014 5731 3154 5801 qttod
3195 5731 3390 5788 dictum
3416 5741 3532 5800 est,

1920 5875 1926 5884 .
1963 5823 2216 5880 Verbum?
2236 5824 2390 5892 Quod
2420 5823 2695 5881 Verbum?
2737 5837 2805 5880 ne
2843 5821 2981 5881 forte
3022 5832 3180 5882 sonat
3214 5833 3270 5882 et
3305 5822 3536 5885 transit?

2025 5939 2042 5972 ι
2057 5936 2247 6005 Aliquot
2261 5946 2390 6004 Mss,
2409 5937 2557 5993 clavo.
