4076 6464
566 375 669 440 899

561 492 793 550 Verbum
821 489 962 546 Deus
990 485 1126 560 apud
1168 486 1376 554 Deum;
1416 485 1649 544 Verbum
1688 501 1785 558 per
1824 488 1965 558 quod
2006 487 2142 542 facta

561 597 685 643 sunt
711 585 909 642 omnia.
940 583 1076 653 Quid
1104 592 1318 654 propter
1345 582 1438 637 te?
1463 582 1532 636 Et
1565 581 1782 636 Verbum
1809 597 1928 635 caro
1955 582 2146 650 factum

561 690 666 746 est,
696 689 742 736 et
783 677 1022 733 habitavit
1058 677 1111 732 in
1150 677 1290 731 nobis
1334 675 1524 746 (Joan.
1567 691 1628 740 t,
1672 676 1741 742 l,
1784 674 1822 728 2
1846 717 1859 739 ,
1908 676 1976 742 3,
2008 675 2074 729 Η
2101 675 2142 745 ).

563 775 660 840 Qui
689 771 827 828 Filio
856 772 1060 844 proprio
1089 788 1190 825 non
1219 770 1474 842 pepercit,
1514 769 1604 824 sed
1630 786 1721 841 pro
1747 768 1890 823 nobis
1918 768 2145 825 omnibus

560 867 768 921 tradidit
796 864 939 920 illum
962 882 981 932 ;
1005 863 1254 936 quomodo
1279 881 1378 918 non
1415 872 1462 918 et
1503 879 1616 917 cum
1653 862 1744 916 illo
1790 864 1957 917 omnia
2004 853 2146 916 nobis

560 959 762 1012 donavit
793 958 815 1030 (
841 956 992 1011 Rom.
1020 973 1112 1012 vnt
1136 1000 1150 1025 ,
1180 955 1248 1012 '52
1274 955 1318 1026 )?
1345 955 1483 1011 Ecce
1520 955 1644 1027 quid
1668 997 1684 1022 ,
1725 956 1843 1026 quis
1867 997 1881 1022 ,
1930 965 2146 1025 propter

559 1069 739 1123 quem.
775 1051 939 1107 Filius
968 1051 1059 1107 Dei
1089 1067 1206 1105 caro
1248 1058 1466 1119 propter
1511 1059 1842 1120 peccatorem
1869 1091 1883 1112 ,
1927 1058 2146 1120 propter

559 1145 797 1215 iniquum
823 1186 838 1210 ,
881 1150 1097 1213 propter
1135 1141 1462 1197 desertorem
1489 1183 1504 1208 ,
1553 1150 1772 1212 propter
1809 1141 2098 1212 superbum
2127 1180 2142 1205 ,

562 1247 780 1309 propter
806 1251 1112 1309 perversum
1158 1236 1250 1292 Dei
1293 1236 1373 1291 sui
1415 1235 1777 1291 imitatorem!
1820 1235 2013 1304 Factus
2055 1233 2146 1292 ille

559 1330 701 1402 quod
728 1338 782 1384 tu
807 1373 821 1394 ,
846 1329 986 1384 ﬁlius
1011 1329 1241 1383 hominis
1261 1370 1274 1395 ,
1298 1337 1356 1383 ut
1382 1344 1478 1383 nos
1498 1328 1834 1384 eﬂiceremur
1859 1327 1952 1383 ﬁlii
1976 1327 2065 1384 Dei
2091 1327 2142 1384 ‘2

559 1423 698 1478 Caro
730 1421 898 1476 iactus
927 1439 939 1474 :
972 1420 1112 1476 unde
1141 1423 1310 1476 caro?
1339 1421 1417 1475 Ex
1448 1419 1609 1475 Maria
1639 1420 1842 1491 virgine
1867 1417 1888 1494 (
1913 1419 2039 1474 Luc.
2071 1435 2106 1474 ιι
2126 1459 2142 1486 ,

560 1517 656 1587 7).
685 1515 838 1572 Unde
868 1514 1025 1570 Maria
1056 1515 1249 1586 virgo?
1278 1505 1352 1584 ex
1381 1514 1570 1570 Adam.
1602 1513 1742 1584 Ergo
1769 1528 1831 1570 ex
1859 1513 1948 1568 illo
1977 1513 2147 1585 primo

559 1606 808 1678 captivo;
849 1615 902 1662 et
949 1621 1075 1662 caro
1114 1607 1167 1660 in
1211 1605 1422 1661 Christo
1471 1605 1538 1660 de
1583 1619 1756 1660 massa
1804 1604 2142 1674 captivitatis.

559 1697 756 1770 thuid
795 1697 941 1754 hoc?
988 1697 1068 1752 Ad
1111 1698 1435 1767 exemplum.
1484 1696 1731 1768 Suscepit
1769 1712 1798 1752 a
1843 1705 1896 1752 te
1941 1699 1994 1754 in
2041 1711 2147 1767 quo

561 1802 864 1848 moreretur
893 1805 990 1860 pro
1018 1800 1106 1855 te;
1139 1789 1371 1860 suscepit
1395 1804 1423 1842 a
1450 1799 1502 1844 te
1527 1789 1668 1858 quod
1694 1788 1910 1844 offerret
1940 1804 2037 1860 pro
2060 1796 2109 1843 te
2127 1829 2143 1856 ,

562 1901 668 1957 quo
694 1885 946 1956 exemplo
977 1884 1194 1939 doceret
1235 1892 1304 1938 te.
1347 1883 1482 1950 Quid
1529 1884 1747 1940 doceret
1782 1883 1874 1939 te?
1899 1883 2031 1952 Quia
2059 1899 2145 1938 re-

564 1988 901 2036 surrecturus
930 1992 1011 2034 es.
1041 1977 1194 2033 Unde
1226 1977 1366 2032 enim
1395 1976 1645 2033 crederes
1668 2019 1684 2043 ,
1712 1976 1811 2031 nisi
1843 1976 2146 2046 exemplum

562 2071 738 2126 carnis
768 2070 1093 2139 praecederet
1120 2078 1404 2140 assumpta:
1445 2068 1513 2124 de
1559 2083 1734 2123 massa
1781 2068 1968 2123 mortis
2009 2068 2148 2122 tuae?

563 2165 706 2238 Ergo
731 2165 785 2219 in
829 2165 921 2219 illo
955 2164 1128 2236 primo
1168 2163 1598 2228 resurreximus;
1645 2163 1766 2233 quia
1810 2169 1863 2216 et
1906 2160 2150 2219 Christus

563 2277 684 2318 cum
708 2264 1039 2328 resurrexit,
1074 2279 1172 2318 nos
1209 2263 1617 2317 resurreximus.
1667 2261 1782 2316 Non
1825 2261 1966 2316 enim
2011 2260 2150 2315 Yer-

565 2354 690 2410 bUm
721 2363 985 2410 mortuum
1013 2363 1134 2420 est,
1163 2365 1217 2409 et
1245 2355 1578 2420 resurrexit;
1623 2353 1715 2410 sed
1743 2355 1794 2440 i/n
1825 2354 1999 2409 Verbo
2024 2369 2150 2409 caro

565 2455 774 2501 mortua
803 2456 882 2503 est
905 2488 922 2514 ,
964 2456 1017 2501 et
1047 2447 1360 2502 resurrexit.
1393 2447 1466 2502 lbi
1493 2455 1735 2502 mortuus
1765 2445 2109 2502 estChristus
2133 2490 2146 2514 ,

565 2539 655 2594 ubi
680 2555 738 2596 es
765 2548 820 2595 tu
849 2541 1168 2606 moriturus;
1197 2549 1252 2596 et
1293 2539 1363 2596 ibi
1409 2541 1702 2598 resurrexit
1736 2541 1980 2597 Christus
2004 2584 2017 2604 ,
2048 2541 2152 2602 ubi

566 2647 626 2688 es
655 2640 712 2687 tu
761 2642 1174 2691 resurrecturus.
1210 2633 1470 2704 Exemplo
1513 2649 1611 2690 suo
1649 2635 1830 2692 docuit
1873 2635 1998 2707 quid
2043 2651 2152 2698 non

564 2724 784 2782 timeres
805 2766 820 2791 ,
853 2726 978 2796 quid
1002 2741 1268 2796 sperares.
1314 2725 1564 2782 Timebas
1601 2736 1866 2793 mortem;
1912 2737 2153 2781 mortuus

563 2827 646 2874 est
674 2835 687 2872 :
719 2816 1044 2888 desperahas
1072 2817 1516 2874 resurrectionem
1542 2835 1557 2884 ;
1589 2818 1904 2874 resurrexit.
1939 2817 2041 2873 Sed
2073 2817 2154 2874 di-

565 2911 642 2968 cis
672 2911 800 2968 mihi
828 2930 840 2965 :
871 2912 964 2966 llle
991 2911 1320 2976 resurrexit;
1352 2911 1609 2982 numquid
1644 2911 1786 2982 ego?
1827 2909 1929 2967 Sed
1971 2926 2153 2968 resur-

563 3004 702 3058 rexit
727 3004 779 3058 in
809 3017 875 3058 eo
902 3002 1039 3074 quod
1071 3019 1166 3072 pro
1189 3012 1239 3060 te
1265 3002 1469 3073 accepit
1492 3018 1559 3058 ex
1582 3011 1655 3058 te.
1684 3002 1824 3074 Ergo
1848 3011 2035 3059 natura
2065 3015 2153 3060 tua

566 3095 619 3152 in
650 3095 741 3149 illo
782 3094 1054 3165 prazcessit
1106 3103 1195 3160 te;
1251 3101 1306 3150 et
1349 3093 1490 3164 quod
1537 3103 1806 3165 sumptum
1850 3101 1933 3150 est
1973 3111 2039 3152 ex
2068 3107 2152 3164 te,

567 3185 808 3240 ascendit
835 3194 959 3239 ante
991 3193 1042 3239 te
1071 3202 1084 3237 :
1115 3183 1187 3238 ibi
1218 3199 1346 3255 ergo
1373 3193 1426 3240 et
1456 3193 1510 3239 tu
1558 3184 1868 3240 ascendisti.
1903 3187 2157 3243 Ascendit

567 3294 695 3349 ergo
725 3277 816 3332 ille
843 3277 986 3346 prior
1006 3318 1022 3343 ,
1057 3287 1111 3332 et
1140 3277 1190 3331 in
1221 3277 1311 3332 illo
1340 3291 1469 3351 nos;
1497 3277 1621 3348 quia
1663 3293 1788 3334 caro
1833 3278 1917 3333 illa
1955 3278 2022 3334 de
2061 3295 2156 3351 ge-

567 3387 696 3428 nere
727 3369 980 3425 hnmano.
1013 3369 1154 3442 Ergo
1183 3379 1235 3426 et
1265 3370 1355 3427 illo
1379 3380 1712 3444 resurgente,
1744 3373 1945 3428 reducti
1974 3389 2158 3428 sumus

570 3480 637 3522 ex
679 3464 886 3535 abyssis
923 3474 1098 3519 terrae.
1144 3463 1278 3520 Cum
1328 3463 1504 3536 itaque
1543 3467 1839 3522 resurrexit
1881 3466 2155 3530 Christus,

569 3553 632 3610 de
659 3555 850 3627 abyssis
870 3564 1016 3612 terra
1051 3556 1294 3611 reduxisti
1330 3572 1428 3612 me.
1467 3556 1600 3613 Cum
1645 3573 1773 3614 vero
1806 3559 2074 3614 credimus
2103 3558 2158 3614 in

569 3645 839 3703 Christum
865 3689 881 3714 ,
909 3647 970 3702 de
1003 3645 1195 3718 abyssis
1224 3657 1370 3703 terra:
1395 3649 1574 3702 iterum
1602 3648 1849 3704 reduxisti
1889 3666 1986 3704 me.
2018 3649 2159 3704 Ecce

569 3754 732 3794 unum
763 3739 966 3793 iterum.
997 3737 1134 3792 Audi
1167 3738 1373 3809 impleri
1403 3740 1471 3796 ab
1496 3740 1751 3811 Apostolo
1779 3758 1793 3796 :
1825 3739 1886 3796 Si
1929 3757 2045 3813 ergo
2080 3757 2161 3796 re-

569 3829 857 3886 surrexistis
883 3845 997 3883 cum
1021 3829 1219 3883 Christo
1238 3871 1254 3895 ,
1283 3845 1394 3900 qua:
1411 3846 1614 3884 sursum
1648 3839 1766 3885 sunt
1803 3833 2007 3900 quam'te
2029 3873 2043 3898 ,
2075 3830 2162 3886 ubi

572 3921 803 3978 Christus
823 3930 894 3976 est
921 3921 975 3974 in
999 3920 1205 3974 dextera
1225 3919 1323 3974 Dei
1345 3921 1521 3975 sedens
1541 3938 1560 3987 ,°
1579 3937 1691 3996 qua:
1716 3940 1915 3976 sursum
1938 3934 2051 3978 sunt
2075 3942 2160 3980 sa-

572 4013 705 4085 pite,
734 4028 836 4066 non
868 4027 981 4083 qua:
1007 4029 1159 4084 super
1179 4021 1364 4066 terram
1401 4010 1634 4084 (Coloss.
1666 4030 1756 4079 ιιι,
1789 4016 1815 4070 1
1843 4057 1858 4082 ,
1888 4015 1922 4069 2
2015 4017 2160 4074 Prte-

574 4103 737 4160 cessit
759 4119 887 4174 ergo
917 4103 1003 4158 ille
1027 4120 1041 4171 ;
1063 4102 1173 4175 jam
1201 4106 1589 4162 resurreximus
1620 4116 1674 4162 et
1699 4122 1799 4162 uos
1819 4149 1836 4176 ,
1867 4109 1959 4164 sed
1984 4110 2161 4168 adhuc

573 4194 628 4250 in
657 4209 770 4266 spe.
801 4194 937 4249 Audi
965 4194 1067 4250 hoc
1092 4181 1230 4250 idem
1258 4197 1556 4266 apostolum
1588 4197 1808 4254 Paulum
1848 4199 2110 4257 dicentem
2142 4220 2154 4257 :

571 4285 638 4340 Et
667 4286 764 4359 ipsi
787 4288 840 4341 in
871 4285 1237 4359 nobismetipsis
1265 4287 1635 4360 ingemiscimus
1675 4291 2024 4364 adeptionem,
2068 4311 2154 4349 exe

569 4390 848 4450 spectantes
887 4378 1278 4450 redemptionem
1321 4383 1547 4451 corporis
1582 4384 1760 4437 nostri.
1793 4383 1982 4440 Adhuc
2010 4388 2158 4458 inge-

573 4472 796 4541 miscis,
826 4471 1000 4528 adhuc
1044 4483 1342 4543 exspectas.
1387 4473 1527 4541 Quid
1575 4490 1702 4546 ergo
1749 4484 1834 4532 est
1874 4477 2017 4548 quod
2066 4478 2160 4534 tibi

573 4564 820 4638 praestitit
855 4563 1138 4620 Christus?
1175 4565 1309 4620 Audi
1349 4565 1490 4636 quod
1539 4567 1780 4638 sequitur
1822 4587 1835 4623 :
1883 4569 1990 4642 Spe
2030 4571 2162 4649 enim

571 4656 695 4711 salvi
722 4656 842 4727 [acti
869 4673 1079 4721 sumus;
1102 4673 1216 4727 spes
1235 4665 1402 4710 autem
1426 4673 1540 4728 qua:
1565 4657 1759 4712 videtur
1798 4675 1898 4714 non
1921 4671 1995 4715 est
2023 4679 2157 4733 spes.

577 4747 727 4814 Quod
749 4748 882 4801 enim
907 4749 1038 4802 videt
1061 4748 1171 4819 quis
1191 4789 1206 4812 ,
1236 4747 1357 4820 quid
1381 4749 1594 4820 sperat?
1620 4748 1682 4805 Si
1709 4760 1877 4805 autem
1901 4753 2036 4823 quod
2060 4771 2162 4810 non

574 4839 797 4893 videmus
824 4855 1085 4909 speramus
1104 4882 1119 4907 ,
1150 4856 1238 4911 per
1265 4841 1556 4910 patientiam
1583 4851 1926 4912 exspectamus
1957 4843 1978 4917 (
2007 4844 2156 4900 liam.

571 4947 663 4986 vut
689 4973 703 4998 ,
735 4929 908 4985 23-25
937 4931 978 5002 ).
1007 4930 1228 4986 Reducti
1255 4947 1382 5003 ergo
1407 4943 1590 4987 sumus
1619 4934 1800 4988 iterum
1847 4934 1915 4990 ab
1951 4937 2160 5009 abyssis

571 5041 685 5096 spe.
731 5028 910 5094 Quare
945 5021 1166 5082 iterum?
1195 5028 1326 5098 Quia
1356 5027 1467 5098 jam
1504 5029 1747 5086 Christus
1790 5042 2156 5104 praecesserat.

574 5117 678 5174 Sed
705 5119 826 5189 quia
856 5133 1195 5190 resurgemus
1215 5120 1270 5175 in
1300 5136 1358 5176 re
1386 5139 1402 5177 :
1431 5121 1590 5178 modo
1617 5122 1759 5178 enim
1785 5140 1880 5197 Spe
1910 5126 2156 5198 vivimus,

572 5208 731 5263 modo
766 5209 1058 5264 secundum
1104 5209 1259 5266 ﬁdem
1303 5211 1683 5269 ambulamus:
1731 5216 1936 5272 reducti
1977 5232 2160 5274 sumus

572 5301 639 5355 ah
668 5301 874 5373 abyssis
897 5310 1056 5358 terra!
1081 5345 1096 5371 ,
1125 5303 1393 5360 credendo
1421 5303 1474 5360 in
1501 5321 1624 5363 eum
1650 5307 1742 5378 qui
1782 5319 1906 5365 ante
1948 5325 2045 5366 nos
2074 5327 2160 5368 re-

572 5394 804 5449 surrexit
833 5395 900 5450 ab
927 5395 1132 5467 abyssis
1165 5405 1356 5462 teme;
1387 5401 1700 5456 resuscitata
1735 5410 1818 5458 est
1847 5404 2022 5458 anima
2063 5419 2160 5461 no-

569 5495 677 5540 stra
716 5487 782 5542 ab
816 5488 1092 5559 iniquitate
1128 5489 1486 5556 inﬁdelitatis,
1528 5500 1582 5547 et
1619 5493 1753 5548 facta
1794 5503 1876 5551 est
1916 5496 1969 5551 in
2005 5497 2159 5556 nobis

572 5579 722 5650 quasi
752 5580 921 5650 prima
950 5582 1272 5638 resurrectio
1302 5597 1397 5652 per
1425 5582 1606 5640 ﬁdem.
1637 5585 1744 5642 Sed
1783 5587 1828 5641 si
1868 5588 1980 5653 sola
2001 5591 2155 5660 erit,

571 5671 660 5726 ubi
689 5679 771 5727 est
797 5672 940 5744 quod
962 5672 1250 5743 Apostolus
1271 5675 1346 5732 ait
1373 5692 1388 5731 :
1416 5693 1440 5731 ι
1466 5676 1824 5750 Adoptionem
1843 5694 2158 5756 exspectati-

568 5833 654 5944 no;
1207 5845 1239 5890 a
1260 5834 1511 5902 plerisque
1532 5841 1640 5892 Mss.
1663 5843 1716 5891 tn
1731 5837 1839 5894 aliis
1859 5839 2046 5964 legitur
2067 5855 2080 5895 :
2106 5847 2161 5898 ut

1814 374 1872 434 s.
1913 365 2283 458 mansum
2319 371 2627 458 EPlSCOPl

3731 372 3842 436 900

2255 495 2336 543 tes
2383 486 2800 556 redemptionem
2848 483 3090 556 corporis
3131 484 3338 541 nostri?
3362 502 3382 538 ι
3431 485 3522 542 ubi
3569 494 3654 542 est
3698 488 3840 558 quod

2251 579 2343 635 illo
2369 579 2486 635 loco
2512 579 2647 634 dixit
2674 596 2686 632 :
2720 597 2740 631 ί
2772 578 2978 649 Corpus
3007 588 3274 634 mortuum
3301 589 3383 634 est
3409 589 3625 650 propter
3655 596 3819 651 pecua

2253 679 2402 737 tum;
2453 672 2670 740 spiritus
2711 671 2816 725 vita
2853 679 2934 726 est
2976 680 3193 741 propter
3225 670 3506 740 justitiam.
3560 670 3620 728 Si
3661 681 3840 729 autem

2251 764 2338 833 qui
2364 764 2644 818 suscitavit
2677 763 2946 819 Christum
2991 778 3021 818 a
3048 765 3270 819 mortuis
3301 764 3504 820 habitat
3547 766 3600 822 in
3646 767 3802 822 vobis
3823 809 3841 837 ,

2250 855 2341 926 qui
2387 856 2662 911 suscitavit
2704 856 2885 913 Jesum
2928 857 3200 912 Christum
3231 873 3260 912 a
3285 859 3509 914 mortuis
3551 859 3841 916 viviﬁcabit

2250 957 2304 1003 et
2343 949 2586 1003 mortalia
2625 963 2850 1019 corpora
2885 958 3096 1016 vestra,
3146 941 3241 1020 per
3269 949 3649 1005 iuhabitantem
3676 951 3842 1020 Spiri-

2250 1048 2362 1096 tum
2388 1041 2503 1110 ejus
2531 1041 2584 1095 in
2615 1041 2764 1096 vobis
2794 1059 2813 1095 ι
2854 1041 3430 1114 (Rom.vnt,10,li)?
3455 1044 3595 1114 Ergo
3615 1043 3722 1113 jam
3752 1059 3840 1098 re-

2251 1133 2585 1206 surreximus
2616 1141 2797 1189 mente
2822 1175 2837 1200 ,
2866 1134 2998 1198 ﬁde,
3031 1148 3160 1205 spe,
3196 1134 3492 1201 charitate;
3543 1134 3636 1190 sed
3679 1144 3841 1190 restat

2253 1233 2310 1279 ut
2335 1240 2675 1297 resurgamus
2692 1241 2935 1296 corpore.
2962 1226 3168 1281 Audisti
3189 1242 3350 1282 unum
3368 1228 3549 1281 iterum
3573 1242 3592 1291 ;
3613 1227 3806 1282 audisti
3822 1229 3839 1260 ¹

2249 1317 2474 1372 alterum
2497 1319 2676 1371 iterum
2700 1335 2719 1373 :
2739 1333 2900 1373 unum
2925 1319 3108 1373 iterum
3130 1358 3146 1384 ,
3160 1329 3392 1389 .propter
3410 1318 3684 1374 Christum
3706 1335 3838 1389 prae-

2249 1408 2528 1464 cedentem
2557 1427 2573 1477 ;
2601 1420 2656 1465 et
2682 1411 2906 1466 alterum
2933 1454 2947 1480 ,
2976 1411 3072 1466 sed
3099 1411 3274 1467 adhuc
3323 1427 3417 1482 spe
3445 1453 3460 1479 ,
3497 1411 3638 1482 quod
3679 1421 3839 1466 restat

2250 1501 2303 1557 in
2333 1519 2409 1558 re.
2436 1501 2790 1573 Multiplicasti
2811 1505 3064 1575 justitiam
3109 1512 3248 1558 tuam
3270 1521 3291 1559 :
3323 1506 3431 1575 jam
3473 1506 3527 1559 in
3574 1505 3839 1560 credenti-

2251 1593 2349 1649 bus
2376 1637 2392 1663 ,
2418 1595 2530 1665 jam
2571 1596 2622 1650 in
2667 1595 2772 1650 illis
2818 1597 2906 1666 qui
2955 1597 3129 1667 primo
3173 1605 3586 1653 resurrexerunt
3627 1596 3682 1650 in
3725 1609 3835 1665 spe.

2252 1683 2606 1756 Multiplicasti
2625 1687 2877 1758 justitiam
2905 1697 3062 1741 tuam.
3092 1687 3171 1742 Ad
3203 1688 3370 1757 ipsam
3396 1687 3657 1758 justitiam
3683 1686 3840 1758 perti-

2251 1785 2341 1832 net
2365 1786 2418 1831 et
2444 1775 2711 1847 ﬂagellum
2740 1795 2754 1843 ;
2783 1778 2902 1848 quia
2929 1787 3126 1848 tempus
3153 1786 3225 1832 est
3250 1786 3303 1830 ut
3336 1779 3595 1848 judicium
3636 1777 3840 1846 incipiat

2251 1885 2283 1922 a
2306 1868 2455 1921 domo
2481 1865 2575 1922 Dei
2605 1869 2624 1939 (
2649 1867 2672 1922 Ι
2701 1869 2840 1922 Petr.
2869 1884 2943 1934 tv,
2972 1869 3034 1923 t7
3060 1868 3099 1940 ),
3135 1870 3207 1924 ait
3235 1868 3455 1953 Petrus;
3486 1867 3536 1923 id
3568 1877 3652 1923 est
3676 1884 3705 1920 a
3729 1882 3840 1922 san-

2244 1961 2352 2016 ctis
2380 1961 2513 2030 ejus.
2550 1961 2811 2033 Flagellat
2840 1970 3016 2018 autem
3040 1978 3250 2017 omnem
3278 1961 3440 2016 ﬁlium
3472 1977 3630 2033 quem
3658 1962 3841 2033 recipit

2253 2054 2274 2125 (
2302 2053 2459 2110 Prov.
2487 2072 2543 2112 ιιι
2573 2097 2586 2122 ,
2620 2057 2688 2110 12
2715 2098 2730 2121 ,
2759 2065 2803 2111 et
2835 2053 2990 2110 Hebr.
3019 2073 3096 2111 xu
3123 2099 3137 2122 ,
3167 2057 3199 2111 6
3301 2055 3655 2125 Multiplicasls'
3686 2054 3839 2129 justi-

2254 2149 2373 2202 tiam
2403 2157 2540 2202 tuam
2565 2165 2584 2203 :
2610 2150 2730 2220 quia
2757 2151 2865 2218 jam
2896 2165 2991 2204 nec
3024 2148 3146 2203 ﬁliis
3175 2147 3454 2220 pepercisti
3479 2162 3496 2214 ;
3533 2147 3627 2204 sed
3655 2146 3843 2218 quibus

2253 2242 2620 2299 haereditatem
2650 2251 2903 2298 aeternam
2935 2243 3186 2298 servabas
3213 2284 3227 2309 ,
3256 2224 3529 2311 disciplina
3561 2254 3664 2294 non
3691 2240 3843 2295 dese-

2251 2334 2424 2389 ruisti.
2459 2333 2811 2404 Multiplicasti
2826 2335 3079 2404 justitiam
3109 2342 3290 2398 tuam;
3335 2342 3382 2386 et
3415 2346 3673 2386 conversus
3715 2347 3840 2384 con-

2256 2427 2447 2482 solatus
2476 2445 2527 2482 es
2555 2445 2633 2482 me
2661 2445 2679 2482 :
2702 2437 2755 2483 et
2783 2438 3002 2500 propter
3037 2443 3231 2498 corpus
3276 2427 3331 2482 in
3373 2425 3472 2481 ﬁne
3509 2433 3840 2482 resurrectu-

2256 2536 2372 2574 rum
2399 2562 2415 2586 ,
2448 2530 2492 2574 et
2521 2520 2584 2574 de
2610 2520 2803 2592 abyssis
2829 2531 2974 2575 terrae
2999 2520 3179 2575 iterum
3206 2521 3447 2576 reduxisti
3473 2538 3567 2574 me.

2328 2611 2415 2666 Η.
2455 2609 2633 2686 [υρνδ.
2664 2609 2802 2686 22.]
2842 2610 3043 2666 Etenim
3084 2629 3173 2686 ego
3213 2613 3484 2682 conﬁtebor
3509 2611 3594 2666 tibi
3625 2612 3680 2665 in
3715 2610 3846 2666 vasis

2257 2703 2441 2774 psalmi
2469 2705 2723 2759 ueritatem
2753 2714 2913 2759 tuam.
2943 2704 3082 2759 Vasa
3114 2704 3337 2774 psalmi,
3375 2703 3700 2774 psalterium.
3740 2701 3844 2757 Sed

2256 2796 2381 2866 quid
2409 2805 2490 2851 est
2521 2795 2873 2866 psalterium?
2911 2795 3178 2866 Organum
3213 2796 3443 2865 ligneum
3465 2810 3584 2850 cum
3607 2792 3840 2849 chordis.

2258 2886 2393 2955 Quid
2418 2887 2726 2958 signiﬁcat?
2757 2887 2985 2943 Interest
3012 2887 3209 2958 aliquid
3236 2887 3375 2942 inter
3399 2886 3569 2956 ipsum
3600 2894 3654 2940 et
3681 2884 3846 2939 citha-

2258 2996 2374 3036 ram
2403 2999 2418 3033 τ
2448 2979 2710 3037 interesse
2739 2980 2922 3036 dicunt
2945 2981 3035 3052 qui
3077 2989 3307 3047 norunt,
3357 2995 3423 3035 eo
3468 2978 3610 3051 quod
3652 2993 3847 3035 conca‘

2258 3089 2382 3129 vum
2412 3074 2540 3130 illud
2571 3075 2769 3144 lignum
2799 3075 2884 3129 cui
2923 3074 3138 3130 chordae
3179 3073 3628 3144 supertenduntur
3665 3079 3725 3126 ut
3765 3085 3847 3126 re-

2259 3174 2453 3223 sonent
2475 3208 2488 3231 ,
2519 3168 2571 3222 in
2597 3165 2876 3235 superiore
2901 3176 3049 3238 parte
3078 3166 3238 3222 habet
3263 3165 3569 3236 psalterium
3600 3206 3614 3228 ,
3645 3163 3846 3220 cithara

2262 3259 2312 3314 in
2342 3258 2612 3314 inferiore.
2646 3257 2712 3314 Et
2741 3259 2862 3329 quia
2883 3259 3101 3329 spiritus
3121 3257 3351 3328 desuper
3374 3300 3386 3320 .
3419 3271 3546 3312 caro
3571 3255 3636 3311 de
3666 3266 3808 3311 terra
3830 3295 3846 3320 ,

2261 3352 2548 3423 signiﬁcari
2579 3351 2791 3407 videtur
2814 3367 2909 3423 per
2937 3350 3242 3422 psalterium
3274 3350 3489 3420 spiritus
3509 3392 3524 3416 ,
3555 3365 3652 3422 per
3677 3347 3847 3404 citha-

2260 3459 2374 3499 ram
2405 3460 2550 3499 caro.
2579 3444 2645 3498 Et
2671 3443 2790 3515 quia
2833 3443 2965 3499 duas
3010 3443 3218 3499 dixerat
3259 3441 3594 3498 reductiones
3637 3448 3847 3495 nostras

2261 3537 2328 3592 ab
2357 3537 2562 3609 abyssis
2592 3547 2784 3604 terrae;
2812 3551 2971 3590 unam
2999 3537 3292 3592 secundum
3337 3534 3580 3605 spiritum
3624 3533 3677 3588 in
3715 3547 3847 3604 spe,

2263 3628 2483 3683 alteram
2514 3627 2805 3684 secundum
2830 3644 3024 3698 corpus
3054 3629 3108 3682 in
3135 3644 3193 3683 re
3219 3645 3234 3694 ;
3266 3628 3387 3683 audi
3425 3642 3516 3683 eas
3551 3626 3685 3683 duas
3712 3644 3726 3679 :
3759 3625 3849 3679 Et-

2263 3720 2396 3774 enim
2419 3735 2508 3792 ego
2535 3719 2808 3790 conﬁtebor
2834 3721 2922 3774 tibi
2946 3721 3000 3774 in
3041 3719 3172 3774 vasis
3201 3719 3382 3790 psalmi
3408 3719 3661 3772 veritatem
3691 3725 3845 3770 tuam.

2266 3813 2378 3869 lloc
2406 3813 2696 3869 secundum
2727 3813 2969 3884 spiritum
2998 3831 3012 3867 :
3053 3813 3179 3884 quid
3221 3811 3288 3868 de
3327 3811 3595 3883 corpore?
3619 3809 3850 3865 Psallam

2263 3905 2352 3959 tibi
2379 3905 2432 3960 in
2457 3906 2679 3971 cithara,
2711 3914 2912 3960 sanctus
2941 3903 3124 3961 Israel.

2335 3999 2422 4055 12.
2466 3999 2632 4074 [vers.
2686 3999 2794 4067 25,
2825 3997 2960 4071 24.]
3018 3997 3213 4053 lterum
3269 3997 3370 4052 hoc
3420 3993 3582 4063 audi,
3633 4001 3852 4067 propter

2264 4093 2436 4162 ipsum
2465 4093 2643 4146 iterum
2682 4099 2735 4147 et
2771 4090 2970 4144 iterant.
3006 4089 3342 4144 Exsultabunt
3384 4089 3520 4143 labia
3559 4105 3667 4141 mea
3688 4129 3703 4152 ,
3734 4102 3851 4139 cum

2265 4184 2481 4257 psallunt
2507 4184 2614 4238 tibi.
2647 4183 2778 4252 Quia
2810 4181 2950 4236 labia
2970 4183 3143 4237 solent
3171 4181 3276 4236 dici
3304 4189 3359 4236 et
3384 4179 3648 4236 interioris
3675 4176 3852 4232 homi-

2265 4277 2350 4332 nis
2377 4284 2430 4331 et
2456 4275 2735 4330 exterioris
2758 4317 2773 4342 ,
2819 4275 3078 4330 incertum
3114 4281 3197 4330 est
3227 4271 3494 4344 quomodo
3531 4273 3701 4342 posita
3747 4269 3854 4347 sint

2266 4365 2406 4420 labia
2436 4384 2450 4419 :
2480 4352 2720 4435 sequitur
2747 4380 2914 4436 ergo,
2948 4365 3018 4419 Et
3045 4365 3216 4418 anima
3257 4381 3367 4418 mea
3403 4379 3553 4431 quam
3577 4356 3850 4416 redemisti.

2266 4457 2408 4530 Ergo
2434 4456 2501 4514 de
2531 4457 2684 4514 labiis
2715 4457 3053 4513 interioribus
3080 4457 3265 4513 salvati
3295 4457 3348 4511 in
3379 4471 3471 4527 spe
3495 4497 3512 4522 ,
3553 4453 3758 4510 reducti
3788 4451 3854 4506 ab

2265 4551 2471 4625 abyssis
2498 4560 2653 4608 terrae
2684 4553 2737 4607 in
2769 4552 2871 4607 ﬁde
2895 4564 2948 4607 et
2975 4551 3233 4607 charitate
3257 4593 3272 4618 ,
3303 4558 3646 4620 exspectantes
3679 4555 3855 4602 tamen

2267 4644 2438 4700 adhuc
2463 4645 2854 4717 redemptionem
2903 4643 3127 4714 corporis
3173 4643 3365 4708 nostri,
3415 4641 3542 4713 qttid
3588 4637 3857 4696 dicimus?

2265 4734 2382 4791 Jam
2427 4735 2601 4792 dixit:
2650 4735 2719 4789 Et
2760 4737 3079 4790 anima'mea
3121 4751 3271 4807 quam
3314 4733 3587 4788 redemisti.
3624 4730 3733 4787 Sed
3789 4744 3856 4785 ne

2267 4827 2434 4882 solam
2466 4827 2695 4882 animam
2726 4828 3056 4898 redemptam
3086 4836 3299 4896 putares
3323 4867 3339 4893 ,
3370 4826 3421 4880 in
3448 4840 3547 4894 qua
3581 4839 3725 4878 nunc
3764 4838 3853 4877 au-

2264 4919 2386 4975 disti
2420 4936 2580 4976 unum
2607 4921 2784 4975 iterum
2807 4963 2822 4986 ,
2846 4921 3024 4974 Ad/iuc
3045 4930 3209 4974 autem
3228 4961 3243 4986 ,
3266 4919 3468 4990 inquit:
3491 4917 3619 4989 quid
3639 4917 3856 4974 adhuc?

2266 5011 2446 5066 Adltuc
2475 5021 2643 5068 autem
2664 5022 2709 5066 et
2739 5011 2912 5084 lingua
2938 5029 3047 5066 utea
3069 5029 3088 5066 :
3114 5028 3241 5082 ergo
3259 5012 3367 5082 jam
3391 5011 3567 5082 lingua
3588 5012 3835 5080 corporis

2269 5103 2395 5158 Tota
2421 5103 2502 5158 die
2525 5103 2840 5158 meditabitur
2856 5103 3110 5175 justitiam
3141 5113 3317 5157 tuam:
3345 5102 3394 5157 id
3425 5111 3507 5158 est
3547 5102 3600 5156 in
3642 5102 3872 5156 aeterni-

2267 5204 2374 5252 tate
2403 5196 2517 5251 sine
2548 5197 2670 5250 ﬁne.
2700 5193 2804 5251 Sed
2834 5194 3044 5266 quando
3074 5193 3221 5250 hoc?
3247 5193 3362 5249 1am
3391 5194 3444 5249 in
3474 5194 3577 5248 line
3602 5192 3785 5248 sazcnli
3812 5193 3860 5252 '.

2265 5288 2656 5342 resurrectione
2685 5289 2924 5357 corporis
2949 5327 2964 5352 ,
2993 5296 3046 5342 ct
3074 5286 3440 5342 immutatione
3468 5286 3519 5338 in
3553 5285 3859 5354 angelicum

2265 5389 2481 5436 statum.
2540 5379 2692 5437 Unde
2737 5380 2841 5437 hoc
2891 5381 3144 5452 probatur
3190 5382 3312 5452 quia
3356 5380 3422 5434 de
3470 5378 3574 5433 ﬁne
3619 5377 3858 5440 dicitur,

2263 5473 2446 5528 Adhuc
2467 5483 2631 5529 autem
2651 5483 2697 5529 et
2721 5474 2894 5546 lingua
2913 5490 3025 5528 mea
3045 5483 3149 5529 tota
3170 5473 3252 5528 die
3271 5470 3590 5528 meditabitur
3600 5471 3862 5543 justitiam

2265 5565 2595 5623 tuam?Cum
2616 5567 2813 5639 confusi
2835 5568 3022 5639 fuerint
3045 5608 3062 5636 ,
3099 5575 3147 5622 et
3185 5566 3472 5621 erubuerint
3498 5564 3586 5636 qui
3623 5577 3862 5634 quieturi.

2331 5723 2349 5754 ι
2375 5720 2509 5782 Ειίόη
2525 5721 2645 5787 audi
2664 5721 2868 5787 alterum
2894 5735 2910 5773 :
2932 5729 2983 5787 et
3007 5721 3148 5785 intra,
3171 5729 3300 5787 post,
3329 5721 3700 5787 prtecedentem,
3720 5719 3861 5772 fere-

2263 5781 2410 5851 bant:
2438 5781 2512 5851 tu;
2527 5781 2721 5851 iterum,
2751 5786 2837 5838 sed
2860 5781 3141 5851 adhucspe.
3319 5781 3616 5840 resilit“
3634 5781 3662 5836 2
3681 5781 3861 5838 ω.

2263 5845 2441 5911 dantur
2449 5845 2515 5911 ad
2530 5845 2725 5911 aliquot
2745 5855 2854 5911 Mss.
3064 5845 3075 5851 ’
3177 5845 3193 5911 ί
3647 5879 3650 5882 ~

2330 5910 2351 5942 ³
2369 5908 2503 5972 Edd.,
2521 5908 2573 5961 in
2595 5908 2962 5967 resurrectione.
2977 5912 3142 5978 Abest.
3167 5909 3240 5979 in.
3256 5924 3288 5966 ι
3309 5919 3416 5966 Ms.
