4076 6484
726 316 760 323 υ,
777 314 888 326 ,,,ση‹ι”
901 312 907 320 ν

237 353 346 438 aut

236 484 375 540 mala
422 482 575 561 mihi.
631 481 852 554 Quando
897 478 1289 538 confundentur
1314 519 1332 547 ,
1381 478 1592 551 quando
1638 477 1828 535 erube-

236 588 388 633 scent
412 618 426 642 ,
461 577 561 631 nisi
591 576 644 631 in
676 577 779 631 ﬁne
805 576 1026 632 saeculi?
1066 575 1281 631 Duobus
1307 573 1448 630 enim
1480 571 1653 628 modis
1693 587 1826 628 con-

236 668 560 734 fundentur;
592 677 682 724 aut
723 685 843 725 cum
884 669 1106 725 credent
1144 668 1198 725 in
1241 667 1517 728 Christum
1541 708 1557 734 ,
1589 675 1679 721 aut
1705 679 1828 720 cum

235 763 445 818 venerit
489 757 756 818 Christus.
804 762 934 818 Nam
985 761 1235 834 quamdiu
1283 760 1370 816 hic
1417 768 1500 817 est
1551 757 1826 832 Ecclesia;

235 851 492 926 quamdiu
533 852 698 924 gemit
737 853 967 910 triticum
1015 853 1154 909 inter
1197 853 1375 924 paleas
1399 893 1416 921 ,
1461 850 1711 928 quamdiu
1735 839 1829 926 gei-

232 957 390 1002 munt
417 946 578 1020 spicae
610 946 985 1010 interzizania
1026 944 1257 1018 (Matth.
1303 961 1397 1012 Ill,
1449 943 1517 1000 i2
1541 985 1556 1011 ,
1605 952 1652 998 et
1691 957 1828 1026 xui,

233 1039 301 1096 30
330 1039 370 1114 ),
401 1038 652 1111 quamdiu
677 1049 896 1111 gemunt
937 1054 1062 1096 vasa
1111 1036 1493 1094 misericordiae
1538 1036 1676 1092 inter
1699 1048 1826 1090 vasa

233 1133 326 1188 ira:
353 1133 492 1190 facta
522 1133 574 1188 in
600 1133 974 1189 contumeliam
1014 1131 1034 1206 (
1059 1131 1098 1188 ll
1129 1129 1262 1186 Tim.
1292 1147 1330 1186 ιι
1353 1172 1368 1210 ,
1395 1128 1531 1202 20),
1573 1127 1827 1201 quamdiu

233 1226 401 1296 gemit
430 1225 596 1284 lilium
629 1227 767 1283 inter
801 1227 981 1301 spinas
1004 1265 1032 1295 ,
1066 1240 1173 1282 non
1216 1224 1444 1281 deerunt
1491 1221 1689 1278 inimici
1736 1213 1827 1294 qui

233 1311 453 1385 dicant,
485 1316 700 1385 Quando
723 1319 964 1374 morietur
983 1360 996 1384 ,
1021 1327 1070 1374 et
1095 1317 1270 1388 peribit
1295 1333 1475 1372 nomen
1499 1316 1607 1386 ejus
1631 1313 1650 1386 (
1675 1312 1822 1368 Psal.

233 1424 322 1475 ιιι..
357 1411 393 1465 6
423 1399 563 1480 );’ἱ‹1
595 1420 678 1466 εει
701 1451 717 1476 ,
748 1411 885 1467 Ecce
912 1411 1090 1466 veniet
1116 1419 1323 1480 tempus
1363 1417 1420 1470 ut
1456 1405 1706 1461 ﬁniantur
1727 1446 1742 1472 ,
1772 1410 1828 1482 et

231 1516 339 1556 non
383 1502 491 1560 sint
531 1502 854 1560 Christiani:
899 1502 1035 1559 sicut
1068 1510 1344 1572 coeperunt
1380 1515 1447 1555 ex
1485 1499 1660 1571 aliquo
1687 1505 1826 1554 tem-

233 1607 364 1663 pore
393 1635 409 1660 ,
437 1593 509 1650 ita
538 1611 707 1667 usque
736 1594 803 1650 ad
832 1603 1035 1650 certum
1073 1603 1284 1664 tempus
1330 1599 1504 1648 erunt.
1550 1590 1655 1646 Sed
1703 1604 1824 1645 cum

232 1686 334 1742 ista
363 1686 671 1754 dicunt;et
712 1688 827 1751 sine
871 1685 977 1742 ﬁne
1003 1687 1020 1718 ¹
1069 1685 1404 1753 moriuntur,
1450 1691 1505 1739 et
1549 1687 1827 1754 permanet

232 1779 473 1836 Ecclesia
497 1822 512 1848 ,
546 1779 842 1852 prmdicans
868 1779 1144 1835 brachium
1171 1777 1380 1834 Domini
1419 1775 1567 1834 omni
1603 1789 1827 1848 genera-

232 1872 366 1928 tioni
391 1881 815 1942 superventurte.
854 1871 1046 1928 Veniet
1091 1878 1147 1927 et
1188 1871 1302 1942 ipse
1344 1869 1560 1926 ultimus
1586 1868 1638 1922 in
1666 1866 1826 1922 clari-

232 1967 341 2018 tate
393 1977 528 2031 sua;
576 1970 858 2034 resurgent
905 1977 1093 2018 omnes
1140 1960 1378 2027 mortui,
1428 1959 1653 2032 quisque
1701 1971 1822 2012 cum

231 2069 393 2109 causa
423 2069 562 2110 sua:
610 2054 998 2128 separabantur
1044 2054 1168 2111 boni
1212 2054 1279 2110 ad
1330 2053 1602 2110 dexteram
1632 2092 1648 2119 ,
1697 2049 1823 2106 mali

231 2156 412 2204 autem
439 2146 507 2204 ad
536 2149 804 2204 sinistram
835 2147 854 2224 (
882 2147 1068 2203 Matth.
1102 2164 1224 2216 xxv,
1253 2147 1323 2203 55
1346 2146 1388 2219 );
1413 2155 1466 2202 ει
1487 2143 1821 2200 confunden-

233 2249 317 2296 tur
346 2241 438 2311 qui
470 2240 832 2306 insultabant,
882 2239 1200 2296 erubescent
1241 2238 1332 2310 qui
1373 2235 1722 2309 garriebant:
1768 2242 1823 2291 et

232 2333 308 2392 sic
337 2335 517 2408 lingua
543 2352 659 2392 mea
692 2346 810 2410 post
836 2335 1282 2392 resurrectionem
1304 2331 1644 2389 meditabitur
1667 2325 1822 2400 justi-

233 2428 358 2496 tiam
388 2437 533 2492 tuam
564 2471 578 2494 .
614 2437 722 2489 tota
748 2429 834 2486 die
860 2429 1069 2486 laudem
1099 2437 1244 2484 tuam
1272 2468 1288 2494 ,
1315 2443 1430 2484 eum
1472 2424 1670 2498 confusi
1711 2425 1823 2496 fue-

232 2523 365 2590 rint,
394 2533 441 2580 et
466 2523 754 2582 erubuerint
781 2524 867 2596 qui
894 2532 1126 2600 quierunt
1152 2521 1276 2578 mihi
1305 2522 1461 2578 mala.

639 2729 722 2791 IN
775 2728 1158 2791 PSALMUM
1211 2726 1421 2790 LXXI

791 2850 1185 2910 mansuro
1222 2853 1322 2927 (a).

301 2967 356 3025 Ι.
386 2965 537 3042 [υενε.
670 2965 737 3024 In
766 2966 1094 3025 Salomonem
1115 2968 1328 3042 quidem
1357 2966 1549 3040 psalmi
1575 2966 1729 3041 hujus
1755 2965 1822 3022 ti-

231 3057 375 3116 tulus
422 3070 778 3131 praenotatur;
811 3061 904 3117 sed
949 3060 1066 3118 haec
1094 3062 1146 3118 in
1178 3077 1243 3118 eo
1269 3061 1540 3130 dicuntur,
1568 3077 1687 3133 quae
1712 3075 1820 3116 non

229 3154 439 3223 possint
487 3153 560 3209 illi
600 3154 874 3211 Salomoni
904 3155 1015 3232 regi
1042 3151 1208 3210 lsrael
1237 3154 1526 3211 secundum
1559 3169 1774 3210 carnem
1799 3193 1818 3226 ,

226 3241 378 3320 juxta
409 3260 471 3300 ea
504 3261 622 3316 qua:
651 3244 718 3301 de
745 3246 838 3301 illo
868 3256 1050 3302 sancta
1078 3245 1355 3317 Scriptura
1394 3245 1652 3316 loquitur,
1685 3261 1820 3302 con-

229 3337 453 3392 venire:
489 3336 717 3392 Domino
762 3347 940 3393 autem
988 3335 1204 3394 Christo
1253 3338 1527 3410 aptissime
1571 3349 1816 3410 possunt.

231 3428 382 3492 Unde
429 3430 744 3501 intelligitur
773 3431 933 3488 etiam
965 3432 1138 3502 ipsum
1167 3432 1483 3488 vocabulum
1514 3431 1820 3502 Salomonis

230 3522 291 3577 ad
314 3524 597 3594 figuratam
621 3523 1063 3594 signiﬁcationem
1086 3522 1408 3593 adhibitum,
1443 3534 1498 3580 ut
1521 3523 1576 3579 in
1589 3539 1656 3580 eo
1671 3524 1821 3579 Chri-

229 3627 340 3674 stus
372 3617 685 3688 accipiatur.
713 3618 965 3674 Salomon
994 3613 1191 3689 quippe
1220 3618 1602 3688 interpretatur
1632 3617 1820 3673 Paciﬁ.

230 3722 321 3763 cus
346 3725 362 3775 ;
407 3723 471 3763 ac
502 3723 596 3778 per
621 3709 744 3776 hoc,
773 3709 880 3766 tale
903 3709 1216 3766 vocabulum
1243 3709 1320 3764 illi
1349 3709 1628 3766 verissime
1654 3718 1817 3782 atque

229 3801 431 3872 Optime
458 3802 737 3872 congruit,
777 3816 873 3872 per
895 3815 1055 3872 quem
1081 3801 1428 3857 mediatorem
1452 3817 1517 3857 ex
1539 3802 1814 3870 inimicis”,

229 3904 450 3965 accepta
477 3894 794 3951 remissione
832 3903 1206 3966 peccatorum,
1236 3893 1644 3950 reconciliamur
1684 3895 1815 3950 Deo.

231 3984 439 4041 Etenim
481 4002 594 4041 cum
645 3986 836 4039 inimici
877 4001 1130 4052 essemus,
1168 3984 1480 4040 reconciliati
1507 4002 1679 4040 sumus
1709 3983 1818 4040 Deo

229 4094 315 4148 per
339 4086 556 4133 mortem
576 4075 704 4132 Filii
729 4077 838 4148 ejus
872 4074 1046 4150 (Rom.
1075 4075 1267 4146 v,10).
1300 4076 1443 4132 idem
1477 4077 1592 4147 ipse
1617 4085 1703 4132 est
1728 4076 1815 4132 ille

228 4168 486 4240 paciﬁcus
504 4211 520 4235 ,
549 4169 635 4239 qui
663 4168 780 4240 fecit
804 4177 1015 4246 utraque
1038 4185 1218 4233 unum,
1243 4177 1288 4223 et
1325 4167 1547 4222 medium
1575 4167 1818 4239 parietem

228 4263 464 4318 maceriae
480 4262 692 4327 solvens,
713 4261 1008 4320 inimicitias
1021 4261 1074 4314 in
1093 4275 1244 4314 carne
1269 4277 1362 4318 sua
1381 4276 1398 4325 ;
1417 4259 1574 4331 legem
1604 4259 1818 4314 manda-

229 4364 393 4410 torum
419 4354 632 4410 decretis
649 4370 912 4420 evacuans,
932 4362 988 4407 ut
1013 4352 1139 4408 duos
1155 4352 1389 4408 conderet
1416 4353 1469 4406 in
1494 4369 1546 4406 se
1576 4352 1626 4406 in
1656 4368 1819 4424 unum

225 4463 412 4508 novum
435 4446 710 4512 hominem,
739 4445 932 4515 faciens
953 4459 1168 4516 pacem:
1198 4453 1242 4500 et
1269 4445 1467 4500 veniens
1499 4445 1817 4517 euangeliza-

225 4541 292 4603 uit
321 4556 501 4611 pacem
524 4539 588 4594 iis
612 4539 696 4608 qui
726 4537 906 4610 longe,
934 4547 980 4592 et
1008 4553 1182 4608 pacem
1206 4537 1269 4591 iis
1297 4537 1382 4608 qui
1413 4553 1569 4608 prope
1597 4535 1814 4610 (Ep/tes.

221 4611 300 4702 ἰι,
321 4633 577 4704 ιιι-ιτ).
626 4631 745 4703 Ipse
774 4631 827 4686 in
860 4629 1148 4701 Evangelia
1175 4629 1342 4686 dicit:
1373 4627 1563 4684 Pacem
1587 4629 1818 4701 relinquo

223 4729 382 4794 vobis,
413 4743 591 4799 pacem
619 4742 781 4782 meam
812 4726 876 4782 do
901 4725 1036 4780 vobis
1063 4723 1240 4794 (Joan.
1272 4739 1380 4788 xiv,
1407 4722 1521 4794 27).
1551 4723 1617 4778 Et
1637 4724 1819 4780 multis

222 4821 342 4877 aliis
365 4819 689 4876 testimoniis
715 4817 968 4872 Dominus
989 4814 1230 4871 Christus
1251 4815 1506 4886 paciﬁcus
1522 4830 1642 4871 esse
1665 4832 1819 4886 mon-

215 4921 430 4979 ,5tratur
457 4928 472 4965 :
501 4925 610 4970 non
638 4909 931 4966 secundum
974 4921 1158 4978 pacem
1186 4921 1343 4974 quam
1372 4907 1519 4961 novit
1544 4915 1598 4962 et
1629 4908 1819 4980 quaerit

223 5003 314 5064 hic
354 5003 629 5070 mundus;
671 5002 766 5059 sed
814 5003 958 5057 illam
1005 5015 1188 5072 pacem
1223 4999 1290 5055 dc
1323 5015 1423 5070 qua
1454 4999 1647 5056 dicitur
1676 5001 1815 5071 apud

223 5099 573 5169 prophetam,
594 5095 741 5152 Dabo
762 5100 833 5151 eis
859 5095 1096 5152 solatium
1117 5111 1306 5160 verum,
1339 5111 1513 5167 pacem
1539 5111 1690 5168 super
1717 5113 1815 5168 pa-

220 5207 332 5246 cem
355 5190 516 5262 (lsui.
545 5205 688 5257 LVII,
720 5189 808 5256 l9,
840 5205 939 5244 sec.
971 5186 1170 5259 LXX);
1200 5202 1321 5244 cum
1355 5188 1558 5246 scilicet
1581 5188 1698 5262 paci
1724 5204 1813 5246 re-

215 5285 621 5343 conciliationis
659 5283 872 5341 additur
917 5297 1018 5352 pax
1059 5283 1493 5338 immortalitatis.
1524 5281 1656 5338 Nam
1695 5291 1816 5354 post

217 5379 405 5438 omnia
427 5377 636 5434 reddita
655 5393 773 5448 quae
799 5374 1044 5448 promisit
1067 5375 1225 5438 Deus,
1249 5374 1597 5431 novissimam
1629 5389 1812 5446 pacem

217 5485 324 5528 nos
339 5479 659 5542 exspectare
679 5468 895 5534 debere,
916 5482 1020 5539 qua
1046 5482 1163 5522 cum
1191 5465 1302 5532 Deo
1324 5468 1563 5523 vivamus
1585 5468 1637 5524 in
1660 5478 1814 5525 aeter-

216 5581 377 5633 num,
409 5565 556 5622 idem
585 5562 842 5635 prapheta
869 5561 1124 5630 ostendit,
1157 5559 1246 5618 ubi
1270 5559 1346 5618 ait
1372 5577 1386 5615 :
1414 5557 1652 5632 Domine,
1673 5559 1814 5630 Deus

279 5704 506 5778 {Elates
519 5711 650 5778 διεῖλε-ν
673 5699 798 5775 Μαι
853 5764 865 5777 .

277 5771 433 5832 ’.κει
459 5767 704 5831 plerique,

276 5832 358 5945 (β)
379 5833 566 5910 metata
586 5842 714 5883 anno
735 5829 907 5882 Christi
920 5828 1030 5893 415,
1047 5839 1113 5881 ex
1131 5825 1340 5910 Epigoni
1363 5825 1471 5893 169,
1485 5825 1545 5878 sd
1559 5826 1809 5902 Evodium,

201 5903 262 5946 ιι.

1371 348 1772 422 ENARRATIO
1807 352 1876 426 IN
1912 350 2234 432 PSALMUM
2269 349 2458 418 LXXI.

1939 487 2126 542 noster,
2147 493 2321 548 pacem
2348 479 2416 532 da
2443 475 2584 532 nobis
2601 490 2624 543 ;
2641 478 2811 534 omnia
2836 479 2970 536 enim
2991 481 3174 540 dedisti
3188 477 3334 540 nobis
3361 480 3516 556 (lsat.

1935 583 2087 638 xxvn,
2134 568 2199 624 i2
2223 611 2237 636 ,
2273 586 2375 626 sec.
2415 569 2624 640 LXX).
2668 571 2779 625 Pax
2813 574 2912 628 erit
2943 574 3099 644 plane
3124 579 3210 634 illa
3242 579 3518 648 perfecta.

1935 660 2148 731 quando
2174 662 2444 717 novissima
2481 663 2687 717 inimica
2721 663 3004 745 destruetur
3030 684 3184 724 mors.
3229 670 3298 726 Et
3327 672 3380 728 in
3411 689 3519 745 quo

1934 755 2039 809 erit
2080 753 2214 822 hoc,
2249 755 2353 810 nisi
2384 756 2437 810 in
2469 757 2692 826 paciﬁco
2722 743 2814 812 illo
2844 761 3250 820 reconciliatore
3292 743 3520 824 nostro?

1934 843 2080 902 Sicut
2108 847 2248 904 enim
2277 849 2328 903 in
2355 847 2521 904 Adam
2551 867 2722 906 omnes
2742 853 3049 921 moriuntur;
3077 857 3150 910 sic
3166 867 3216 912 et
3242 859 3296 914 in
3316 860 3518 918 Christo

1933 954 2103 994 omnes
2148 942 2535 1012 viviﬁcabuntur
2579 943 2769 1017 (ἰσων.
2810 961 2900 1014 xv,
2931 948 3036 1015 26,
3071 947 3207 1022 22).
3255 949 3518 1022 Quoniam

1932 1045 2060 1104 ergo
2105 1033 2404 1094 invenimus
2442 1053 2628 1094 verum
2670 1027 3049 1110 Salomonem,
3091 1045 3191 1101 hoc
3221 1057 3304 1103 est
3331 1065 3518 1108 verum

1932 1126 2241 1206 paciﬁcum;
2285 1129 2415 1212 quid
2459 1130 2654 1189 deinde
2699 1134 2935 1204 psalmus
2976 1136 3090 1208 ipse
3117 1137 3184 1194 de
3211 1139 3304 1196 illo
3331 1140 3518 1200 doceat

1931 1219 2288 1278 attendamus.

2000 1309 2055 1365 2.
2077 1311 2226 1386 [vers.
2244 1313 2325 1389 2.]
2349 1315 2501 1383 Deus,
2521 1317 2778 1388 judicium
2800 1327 2940 1376 tuum
2964 1323 3074 1394 regi
3095 1324 3181 1393 da,
3205 1334 3252 1380 et
3264 1327 3519 1398 justitiam

1932 1410 2070 1458 tuam
2097 1405 2207 1474 ﬁlio
2230 1409 2382 1479 regis.
2417 1409 2672 1467 Dominus
2703 1413 2819 1483 ipse
2847 1414 2900 1469 in
2924 1415 3212 1488 Evangelio
3241 1418 3388 1487 dicit,
3414 1421 3519 1476 Pa-

1931 1504 2007 1586 ter
2046 1515 2146 1553 non
2175 1501 2376 1570 judieat
2402 1518 2740 1586 quamquam;
2766 1508 2856 1562 sed
2899 1525 3046 1564 omne
3075 1511 3334 1583 judicium
3381 1515 3518 1571 dedit

1930 1585 2068 1644 Filio
2088 1588 2262 1662 (Joan.
2286 1609 2337 1661 v,
2361 1593 2488 1668 22):
2517 1596 2619 1652 hoc
2644 1585 2727 1654 est
2753 1615 2903 1671 ergo,
2930 1600 3088 1668 Deus,
3104 1604 3356 1674 judicium
3378 1614 3518 1660 tuum

1929 1682 2039 1752 regi
2083 1684 2168 1738 da.
2211 1686 2310 1753 Qui
2340 1703 2434 1743 rex
2462 1690 2620 1745 ctiam
2654 1691 2793 1748 ﬁlius
2821 1703 2905 1748 εει
2937 1697 3113 1767 regis,
3145 1700 3268 1768 quia
3297 1707 3350 1754 et
3379 1700 3517 1756 Deus

1929 1771 2088 1830 Pater
2114 1777 2294 1848 utique
2315 1795 2408 1834 rex
2439 1791 2542 1836 est.
2571 1781 2648 1838 lta
2680 1784 2936 1854 scriptum
2966 1797 3066 1850 est,
3099 1789 3241 1858 quod
3271 1805 3363 1846 rex
3393 1790 3517 1848 fecit

1929 1867 2142 1937 nuptias
2161 1867 2294 1930 ,ﬁlio
2334 1886 2432 1926 suo
2459 1871 2674 1943 (Matth.
2705 1891 2817 1930 χχιι
2841 1917 2855 1942 ,
2884 1873 2962 1949 2).
2992 1877 3138 1934 More
3161 1888 3337 1935 autem
3366 1881 3516 1937 Scri-

1928 1965 2098 2028 plura:
2115 1958 2254 2014 idem
2276 1963 2554 2031 repetitur.
2578 1963 2711 2019 Nam
2731 1967 2873 2036 quod
2895 1967 3047 2034 dixit,
3067 1969 3322 2038 judicium
3340 1981 3514 2040 tuum;

1929 2047 2030 2104 hoc
2059 2049 2214 2106 aliter
2243 2051 2375 2107 dixit
2401 2072 2414 2108 :
2433 2054 2689 2124 justitiam
2718 2066 2858 2111 tuam
2887 2073 2906 2112 :
2933 2068 2988 2113 et
3017 2059 3156 2129 quod
3186 2061 3338 2130 dixit,
3374 2061 3514 2132 regi;

1928 2140 2031 2198 hoc
2056 2143 2210 2199 aliter
2232 2143 2387 2210 dixit,
2418 2146 2527 2215 [ilio
2548 2149 2714 2219 regis;
2742 2150 2878 2205 sicut
2907 2137 2991 2206 est
3018 2143 3163 2214 illud,
3201 2153 3298 2219 Qui
3327 2154 3516 2209 habitat

1925 2234 1979 2289 in
2003 2234 2162 2304 caelis,
2180 2237 2406 2292 irridebit
2431 2255 2534 2303 eos,
2556 2249 2603 2294 et
2621 2242 2872 2297 Dominus
2891 2245 3221 2299 subsanuubit
3241 2263 3323 2302 eos
3341 2247 3514 2318 (Psal.

1927 2339 1984 2390 ιι,
2013 2327 2093 2396 4).
2122 2325 2273 2395 Quod
2301 2339 2413 2395 est,
2445 2332 2532 2401 qui
2559 2321 2751 2386 habitat
2774 2334 2827 2387 in
2854 2323 3023 2401 caelis;
3050 2337 3152 2391 hoc
3181 2345 3290 2404 est,
3326 2348 3372 2392 et
3403 2337 3516 2393 Do-

1925 2415 2093 2471 minus
2118 2432 2136 2470 :
2157 2427 2211 2472 et
2238 2415 2381 2489 quod
2405 2430 2506 2486 est,
2534 2415 2763 2477 irridebit
2784 2439 2901 2490 eos;
2931 2424 3033 2481 hoc
3060 2436 3161 2492 est,
3191 2428 3518 2484 subsannabit

1926 2522 2028 2562 eos.
2057 2508 2155 2576 Et,
2188 2508 2315 2564 Caeli
2343 2523 2584 2566 enarraut
2613 2513 2828 2585 gloriam
2855 2515 2979 2581 Dei,
3009 2527 3057 2571 et
3094 2534 3247 2586 Opera
3277 2537 3517 2575 manuum

1925 2597 2035 2670 ejus
2063 2601 2331 2654 annuntiat
2360 2602 2734 2670 ﬁrmamentum
2765 2605 2940 2676 (Psal.
2968 2624 3093 2662 xvm
3116 2652 3130 2674 ,
3153 2609 3248 2678 2).
3274 2609 3398 2666 Caeli
3428 2627 3511 2668 rev

1925 2689 2075 2762 petiti
2105 2701 2230 2747 sunt
2256 2693 2470 2750 nomine
2501 2695 2821 2752 ﬁrmamenti
2850 2716 2863 2752 :
2891 2705 2946 2754 et
2982 2701 3124 2770 quod
3165 2702 3364 2757 dictum
3394 2713 3514 2772 est,

1923 2781 2139 2854 gloriam
2167 2782 2302 2866 Dei;
2331 2786 2612 2856 repetitum
2659 2796 2776 2855 est,
2809 2804 2964 2858 Opera
3005 2807 3245 2846 manuum
3294 2795 3440 2865 ejus:
3463 2800 3516 2848 et

1924 2875 2065 2946 quod
2096 2875 2294 2932 dictum
2323 2887 2406 2934 est
2425 2921 2440 2945 ,
2471 2890 2743 2947 enarrant;
2774 2869 3061 2951 repetitum
3095 2893 3196 2950 est,
3221 2887 3512 2940 annuntiat.

1925 2967 2047 3024 Istae
2075 2978 2253 3026 autem
2281 2971 2630 3042 repetitiones
2656 2973 2880 3028 multum
2910 2974 3122 3046 eloquia
3153 2975 3330 3032 divina
3362 2993 3512 3032 com-

1924 3063 2209 3131 mendant;
2242 3065 2360 3120 sive
2388 3065 2575 3121 eadem
2606 3066 2790 3136 verba,
2825 3068 2940 3123 sive
2966 3069 3086 3124 aliis
3113 3070 3292 3125 verbis
3322 3070 3512 3128 eadem

1925 3159 2187 3214 sententia
2215 3168 2490 3230 repetatur
2519 3179 2532 3218 :
2561 3169 2617 3216 et
2642 3163 2873 3218 maxime
2904 3163 3250 3234 reperiuntur
3275 3164 3328 3220 in
3356 3166 3510 3224 Psal-

1923 3251 2056 3318 mis;
2089 3259 2142 3307 et
2172 3249 2223 3305 in
2257 3267 2322 3308 eo
2350 3267 2548 3326 genere
2571 3255 2836 3310 sermonis
2858 3271 2964 3327 quo
2984 3255 3149 3311 animi
3180 3268 3261 3314 est
3289 3274 3512 3316 moven-

1923 3340 2024 3398 dus
2051 3341 2292 3398 affectus.

1994 3434 2050 3489 5.
2087 3434 2285 3508 Deinde
2310 3435 2554 3508 sequitur
2583 3454 2596 3492 :
2627 3436 2873 3494 Judicare
2901 3439 3148 3512 paput'um
3176 3450 3317 3495 tuum
3342 3442 3394 3496 in
3414 3442 3510 3512 ju-

1920 3525 2079 3593 stitiu,
2105 3535 2152 3580 et
2181 3543 2426 3598 pauperes
2451 3538 2562 3583 tuos
2590 3529 2643 3584 in
2663 3531 2881 3602 judicio.
2909 3532 3019 3586 liex
3050 3531 3206 3587 Pater
3233 3534 3342 3608 regi
3373 3533 3508 3589 Filio

1922 3617 1988 3673 ad
2018 3633 2176 3689 quam
2208 3635 2323 3675 rem
2351 3619 2498 3676 dedit
2523 3621 2782 3690 judicium
2809 3637 2962 3677 suum
2995 3633 3048 3678 et
3066 3623 3328 3694 justitiam
3359 3639 3510 3681 suam

1922 3709 2051 3766 satis
2079 3709 2398 3779 ostenditur,
2424 3727 2544 3767 cum
2574 3713 2722 3780 dicit,
2745 3711 2993 3768 Judicare
3019 3713 3262 3785 papulum
3291 3726 3432 3771 tuum
3457 3716 3511 3772 in

1913 3803 2154 3879 justitia,
2187 3804 2240 3860 id
2269 3815 2384 3874 est,
2415 3805 2480 3861 ad
2504 3805 2847 3877 iudicandum
2878 3810 3132 3878 populum
3165 3819 3334 3864 tuum.
3365 3809 3510 3866 Talis

1923 3895 2121 3951 locutio
2150 3906 2234 3952 est
2276 3896 2416 3969 apud
2463 3896 2804 3955 Salomonem
2835 3918 2846 3954 :
2872 3897 3148 3955 Proverbia
3180 3901 3510 3969 Salomonis,

1924 3988 2020 4060 ﬁlii
2045 3988 2237 4056 David,
2261 3991 2390 4044 scire
2409 3992 2709 4062 sapientiam
2733 4001 2778 4046 et
2804 3992 3126 4063 disciplinam
3149 3992 3328 4066 (Prov.
3353 4007 3393 4063 ι,
3416 3993 3470 4066 1)
3494 4011 3509 4062 ;

1914 4073 2026 4137 hoc
2054 4091 2154 4148 est,
2188 4081 2476 4138 Proverbia
2503 4082 2808 4138 Salomonis
2828 4123 2842 4149 ,
2875 4083 2943 4137 ad
2983 4083 3253 4139 sciendum
3294 4085 3511 4154 sapien-

1925 4177 2052 4232 tiam
2082 4187 2136 4230 et
2159 4175 2516 4246 disciplinam.
2569 4175 2646 4230 Ita
2667 4216 2680 4240 ,
2700 4175 2958 4246 judicium
2987 4186 3128 4229 tuum
3153 4177 3249 4242 da,
3273 4178 3512 4249 judicare

1923 4269 2168 4338 populum
2197 4275 2369 4330 tuum;
2399 4265 2450 4320 id
2473 4274 2578 4332 est,
2601 4265 2862 4336 judicium
2892 4275 3038 4321 tuutn
3063 4266 3151 4334 da,
3175 4265 3240 4320 ad
3264 4266 3510 4336 judican-

1922 4359 2046 4416 dum
2076 4360 2328 4432 pepulum
2356 4370 2525 4414 tuum.
2568 4359 2719 4428 Quod
2749 4366 2927 4413 autem
2951 4358 3026 4414 ait
3052 4359 3199 4430 prius
3219 4400 3234 4426 ,
3267 4359 3510 4430 populum

1923 4465 2096 4519 tuum;
2125 4454 2228 4510 hoc
2265 4453 2339 4508 ait
2380 4451 2682 4524 posterius,
2720 4469 2964 4524 pauperes
3004 4462 3155 4506 tuos:
3182 4461 3237 4506 et
3263 4451 3403 4522 quod
3434 4451 3511 4508 ait

1923 4547 2088 4616 prius,
2115 4547 2170 4600 in
2188 4545 2427 4615 justitia;
2457 4544 2558 4599 hoc
2583 4544 2873 4616 p03terius,
2907 4544 2959 4598 in
2979 4544 3213 4616 judicio;
3245 4559 3393 4599 more
3420 4545 3510 4600 illo

1923 4639 2276 4710 repetitionis.
2324 4639 2421 4696 Ubi
2451 4654 2581 4696 sane
2605 4638 2937 4694 demonstrat
2966 4639 3217 4710 populum
3251 4637 3346 4694 Dei
3375 4654 3509 4710 pau-

1923 4747 2105 4804 perem
2137 4747 2256 4788 esse
2286 4731 2505 4800 debere,
2535 4732 2585 4788 id
2614 4740 2718 4798 est,
2743 4747 2848 4789 non
2871 4731 3183 4802 superbum,
3214 4730 3308 4788 sed
3337 4731 3509 4787 humi-

1922 4815 2048 4882 lem.
2077 4824 2218 4881 Beati
2249 4827 2392 4884 enim
2419 4842 2668 4898 pauperes
2690 4827 2894 4896 spiritu,
2917 4826 3156 4895 quoniam
3180 4826 3409 4896 ipsorum
3437 4837 3510 4883 est

1920 4939 2130 4995 regnum
2155 4923 2392 4978 cwlorum
2423 4921 2638 4992 (Matth.
2671 4937 2726 4990 v,
2751 4920 2829 4992 ὅ).
2855 4919 2971 4987 Qua
3009 4929 3324 4992 paupertate
3348 4921 3510 4976 etiam

1921 5014 2107 5072 beatus
2131 5015 2230 5070 Job
2257 5030 2460 5088 pauper
2487 5013 2603 5081 fuit,
2629 5021 2684 5072 et
2703 5021 2988 5085 antequam
3010 5029 3232 5088 magnas
3263 5015 3381 5070 illas
3406 5023 3511 5070 ter-

1919 5123 2078 5164 renas
2098 5107 2309 5164 divitias
2329 5107 2617 5164 amisisset.
2643 5106 2797 5175 Quod
2829 5106 2952 5164 ideo
2975 5105 3506 5178 commemorandum

1918 5203 2134 5274 putavi,
2163 5203 2412 5272 quoniam
2443 5210 2570 5258 sunt
2599 5201 2814 5272 quidam
2845 5201 2937 5274 qui
2967 5202 3178 5258 lacilius
3203 5199 3385 5266 ornnia
3410 5215 3507 5256 sua

1919 5293 2240 5366 pauperibus
2267 5293 2613 5362 distribuunt,
2635 5309 2795 5365 quam
2819 5295 2918 5366 ipsi
2943 5308 3204 5366 pauperes
3233 5294 3327 5349 Dei
3354 5291 3503 5350 ﬁant.

1901 5388 2090 5464 .vlnﬂati
2132 5395 2260 5444 sunt
2294 5385 2436 5442 enim
2459 5385 2717 5458 iactantia
2743 5402 2847 5456 qua
2891 5395 3077 5458 putant
3118 5384 3220 5441 sibi
3253 5399 3376 5440 esse
3406 5384 3504 5441 tri-

1917 5483 2208 5546 buendum,
2243 5498 2348 5536 non
2373 5480 2557 5553 gratias
2589 5482 2703 5549 Dei,
2732 5481 2873 5553 quod
2899 5481 3034 5536 bene
3058 5479 3270 5546 vivunt;
3301 5487 3356 5536 et
3384 5478 3506 5536 ideo

1912 5579 2022 5651 jam
2047 5593 2145 5634 nec
2167 5578 2302 5634 bene
2319 5575 2523 5641 vivunt,
2543 5586 2972 5647 quantacumque
2986 5572 3134 5630 bona
3144 5587 3307 5642 opera
3329 5569 3504 5627 facere

1918 5673 2222 5734 videantur.
2271 5669 2349 5728 De
2377 5684 2477 5738 suo
2505 5670 2704 5741 quippe
2730 5668 2930 5732 habere
2955 5682 3015 5724 se
3041 5675 3265 5737 putant,
3294 5675 3349 5722 et
3383 5665 3502 5736 glo-

1916 5773 2124 5836 riantur
2167 5763 2317 5836 quasi
2358 5777 2466 5824 non
2508 5759 2814 5832 acceperint
2839 5757 2898 5830 (l
2925 5757 3146 5823 (ἰοίην,
3185 5755 3281 5829 7):
3311 5755 3504 5816 divites

1915 5858 2021 5929 sui,
2054 5871 2161 5914 non
2185 5868 2450 5929 pauperes
2477 5853 2605 5921 Dei;
2629 5851 2963 5934 abundantis
2990 5848 3115 5932 sibi,
3147 5862 3254 5926 non
3281 5857 3503 5924 egentes
