4076 6476
579 418 678 473 9θό

585 539 707 586 Dm.
732 530 833 587 Sed
857 529 930 585 ait
957 528 1241 597 Apostolus
1265 544 1279 582 :
1303 525 1365 583 Si
1385 524 1682 580 distribuero
1703 523 1870 577 omnia
1891 540 2001 576 mea
2025 536 2150 589 pau-

589 629 802 682 tu‘t'il‘tts,
833 635 876 678 et
910 621 1165 675 tradidero
1193 635 1376 690 corpus
1406 635 1569 671 meum
1598 627 1653 670 ut
1681 616 1910 677 ardeam,
1933 611 2154 666 charito-

542 709 546 712 ’
584 732 674 769 tt'ttt
699 727 866 768 autem
893 731 991 766 non
1017 712 1247 777 habeam,
1273 711 1402 764 nihil
1425 709 1548 764 mihi
1569 707 1788 778 prodest.
1813 705 2083 775 Tanquam
2105 703 2153 759 si

583 817 822 861 tl.(‘t:t'cl:
856 807 912 860 Si
961 805 1283 858 distribuere
1329 801 1506 856 omnia
1550 815 1668 855 mea
1713 797 2055 869 pauperibus,
2098 804 2154 852 et

587 912 783 963 ittltttt‘l‘
828 895 918 948 Dei
969 911 1072 948 non
1120 892 1293 958 fuero,
1334 890 1464 946 nihil
1495 889 1627 945 mihi
1655 889 1890 960 prodest.
1922 886 2154 944 Charitas

581 991 718 1042 enim
750 1005 847 1040 non
877 988 1083 1057 inflatur
1109 985 1151 1056 (Ι
1171 983 1287 1039 Cor.
1305 1000 1414 1048 χιιι,
1443 985 1498 1046 5,
1525 984 1614 1054 4);
1643 997 1740 1037 nec
1758 991 1840 1036 est
1866 997 1989 1037 vera
2017 982 2033 1012 ί
2057 979 2153 1036 Dei

578 1079 814 1134 (naritus
856 1080 905 1132 in
949 1094 1012 1133 eu
1051 1079 1138 1148 qui
1178 1077 1415 1146 ingratus
1441 1084 1522 1130 est
1550 1087 1737 1130 sancto
1760 1073 1976 1144 Spiritui
2000 1072 2150 1143 ejus,

581 1190 674 1244 per
702 1189 858 1244 quem
887 1169 1200 1226 diﬂ'unditur
1221 1171 1272 1222 in
1293 1169 1546 1224 cordibus
1566 1167 1765 1222 nostris
1785 1166 2014 1221 charitas
2038 1165 2154 1236 ejus

581 1265 752 1332 (Rom.
779 1279 834 1325 v.
859 1265 937 1331 5).
969 1261 1038 1316 Et
1064 1261 1184 1316 ideo
1214 1261 1346 1315 tales
1376 1274 1482 1315 non
1512 1259 1784 1329 pertinent
1805 1257 1868 1312 ad
1900 1257 2152 1328 populum

585 1356 674 1410 Dei
695 1398 708 1422 ,
739 1356 860 1425 quia
889 1369 995 1410 non
1025 1363 1149 1408 sunt
1187 1367 1450 1422 pauperes
1479 1351 1596 1406 Dei.
1648 1351 1917 1421 Pauperes
1956 1351 2153 1420 quippe

583 1447 671 1501 Dei
697 1446 879 1500 dicunt
901 1464 916 1500 :
944 1443 1055 1499 Nos
1078 1453 1246 1498 autem
1265 1460 1364 1497 non
1385 1443 1621 1512 spiritum
1642 1442 1794 1514 hujus
1814 1442 1988 1496 mundi
2013 1458 2154 1495 acce-

580 1537 772 1604 pimus,
801 1535 890 1590 sed
915 1535 1169 1606 Spiritum
1193 1534 1280 1603 qui
1308 1549 1370 1588 ea:
1397 1532 1500 1589 Deo
1530 1543 1638 1601 est,
1663 1543 1719 1588 ut
1745 1534 1960 1588 sciamus
1985 1549 2098 1602 qua:
2119 1549 2154 1586 α

585 1624 687 1677 Deo
714 1623 900 1676 donata
925 1633 1040 1679 sunt
1064 1625 1205 1680 nobis
1237 1623 1288 1697 (l
1313 1623 1430 1680 Cor.
1456 1642 1490 1680 ιι
1513 1667 1527 1690 ,
1549 1623 1672 1695 l2).
1713 1625 1843 1680 Nam
1875 1641 1993 1680 cum
2019 1633 2074 1679 et
2097 1626 2152 1680 in

581 1713 682 1767 isto
711 1715 913 1782 psalmo
938 1758 952 1782 ,
980 1728 1198 1788 propter
1227 1718 1458 1789 suscepti
1499 1718 1731 1774 hominis
1760 1728 2150 1779 sacramentum

577 1823 682 1877 quo
710 1806 937 1862 Verbum
966 1824 1091 1864 caro
1119 1809 1316 1866 factum
1345 1820 1426 1866 est
1455 1809 1633 1884 (Joan.
1684 1828 1736 1879 ι,
1778 1812 1880 1884 14)
1903 1854 1917 1878 ,
1947 1812 2154 1868 dicatur

581 1901 689 1956 Deo
718 1901 862 1956 Patri
888 1902 1035 1974 regi,
1073 1903 1335 1959 Justitiam
1362 1914 1499 1959 tuam
1529 1906 1597 1959 da
1622 1907 1730 1974 ﬁlio
1759 1907 1920 1977 regis;
1964 1906 2154 1962 nolunt

576 1993 662 2050 isti
694 1994 796 2049 sibi
824 1994 940 2050 dari
969 1995 1230 2066 justitiam
1251 2037 1266 2063 ,
1296 1996 1390 2051 sed
1416 2011 1448 2050 a
1477 1997 1781 2066 semetipsis
1809 2012 1925 2052 eam
1954 1996 2152 2051 habere

575 2087 872 2145 conﬁdunt.
894 2088 1202 2159 lgnorantes
1221 2087 1363 2144 enim
1393 2089 1486 2144 Dei
1510 2088 1792 2159 justitiam,
1814 2098 1869 2144 et
1888 2104 2039 2144 suam
2060 2105 2152 2143 vo-

576 2181 746 2237 lentes
789 2182 1152 2250 constituere,
1196 2181 1418 2252 justitias
1462 2182 1556 2237 Dei
1604 2197 1709 2236 non
1753 2192 1876 2236 sunt
1927 2182 2151 2252 subjecti

577 2271 755 2340 (Rom.
784 2288 843 2338 x,
863 2272 941 2344 3).
972 2272 1088 2328 Non
1110 2280 1236 2328 sunt
1262 2274 1459 2343 itaque,
1484 2281 1542 2328 ut
1566 2273 1714 2340 dixi,
1747 2289 2006 2343 pauperes
2033 2273 2147 2340 Dei,

575 2361 672 2416 sed
701 2361 892 2418 divites
917 2363 1028 2428 sui;
1057 2362 1180 2434 quia
1209 2377 1317 2417 non
1344 2371 1472 2418 sunt
1501 2362 1730 2417 humiles
1749 2404 1763 2424 .
1793 2363 1886 2418 sed
1904 2364 2150 2444 superbi.

579 2449 769 2505 Veniet
789 2467 916 2507 vero
946 2452 1032 2506 ille
1055 2450 1296 2521 judicare
1324 2451 1575 2522 populum
1615 2452 1707 2507 Dei
1745 2453 1795 2506 in
1829 2452 2032 2522 justitia
2053 2493 2069 2519 ,
2099 2463 2154 2509 et

577 2558 838 2612 pauperes
864 2543 957 2599 Dei
984 2544 1036 2598 in
1057 2544 1260 2614 judicio
1285 2562 1298 2598 :
1321 2552 1378 2600 et
1401 2559 1466 2599 eo
1487 2542 1689 2614 judicio
1713 2544 1983 2600 discernet
2011 2561 2039 2599 a
2063 2545 2152 2600 di-

575 2634 770 2688 vitibus
811 2649 996 2690 eorum
1043 2649 1305 2705 pauperes
1347 2650 1506 2702 suos;
1539 2634 1634 2690 sed
1670 2651 1804 2706 quos
1835 2645 2146 2708 paupertate

574 2739 667 2780 sua
695 2727 818 2781 fecit
843 2726 1033 2783 divites
1057 2743 1202 2782 suos.
1231 2727 1437 2783 Clamat
1464 2729 1512 2783 ei
1537 2729 1736 2800 quippe
1763 2730 1989 2801 populus
2016 2747 2149 2802 pau-

574 2814 915 2885 perzludica
944 2834 1055 2882 me,
1091 2815 1259 2882 Deus,
1293 2827 1340 2871 et
1381 2818 1609 2874 discerne
1649 2835 1854 2874 causam
1891 2837 2054 2876 meam
2090 2821 2154 2878 de

574 2918 719 2980 gente
738 2924 839 2963 non
865 2918 1038 2963 sancta
1065 2907 1236 2980 (Psal.
1259 2926 1388 2977 χιιι,
1415 2911 1490 2982 1).

644 3002 698 3055 4.
726 3000 877 3067 Quod
900 3010 1075 3057 autem
1097 3010 1300 3057 mutato
1319 3002 1606 3058 verborum
1627 3002 1836 3073 ordine,
1861 3021 1980 3062 cum
2001 3007 2152 3078 prius

575 3090 816 3158 dixisset,
836 3090 994 3158 Deus,
1003 3091 1259 3163 judicium
1279 3102 1416 3147 tuum
1438 3095 1544 3166 regi
1564 3096 1651 3163 da,
1674 3106 1721 3151 et
1735 3098 1989 3169 justitiam
2013 3109 2153 3154 tuam

575 3182 682 3251 ﬁlio
709 3182 842 3252 regis
864 3224 878 3248 ,
907 3182 1053 3252 prius
1083 3197 1290 3252 ponens
1309 3182 1572 3254 judicium
1590 3227 1604 3250 ,
1629 3185 1824 3244 deinde
1849 3189 2148 3259 justitiam;

577 3272 725 3342 prius
749 3271 1008 3343 justitiam
1037 3276 1231 3345 posuit,
1255 3275 1448 3333 deinde
1467 3277 1742 3348 judicium,
1772 3280 1975 3352 dicens,
1997 3283 2154 3340 Iudi-

574 3379 690 3418 care
717 3365 964 3435 populum
991 3375 1135 3420 tuum
1161 3367 1216 3422 in
1240 3369 1438 3438 iustitia
1457 3411 1472 3435 ,
1501 3379 1548 3424 et
1577 3388 1822 3443 pauperes
1850 3385 1960 3428 tuos
1987 3376 2042 3430 in
2060 3377 2152 3448 ju-

574 3457 742 3524 dicio;
761 3459 930 3530 magis
949 3459 1182 3515 ostendit
1201 3460 1456 3531 judicium
1477 3477 1539 3519 se
1553 3465 2148 3539 appellassejustitiam,

573 3548 706 3603 nihil
733 3548 993 3604 interesse
1019 3549 1397 3608 demonstrans
1415 3567 1522 3624 quo
1540 3554 1729 3612 ordine
1755 3567 2004 3627 ponatur,
2027 3574 2150 3617 cum

574 3640 712 3696 idem
761 3641 1042 3712 signiﬁcet.
1097 3640 1247 3698 Solet
1289 3644 1430 3700 enim
1473 3645 1578 3701 dici
1621 3646 1881 3718 judicium
1930 3667 2150 3723 pravum

573 3731 712 3801 quod
754 3732 1007 3803 injustam
1037 3742 1153 3799 est;
1179 3733 1439 3805 justitiam
1469 3752 1600 3793 vero
1628 3739 1864 3810 iniquam
1893 3743 1982 3798 vel
2012 3744 2154 3816 inju-

573 3832 708 3875 stam
735 3821 914 3879 dicere
942 3839 1046 3878 non
1075 3825 1328 3880 solemus.
1373 3825 1428 3882 Si
1457 3832 1598 3883 enim
1638 3843 1797 3898 prava
1818 3873 1834 3898 ,
1863 3839 1918 3888 et
1957 3833 2153 3904 injusta

573 3911 704 3977 erit;
739 3928 840 3968 nec
865 3913 1065 3982 justitia
1087 3915 1196 3985 jam
1227 3917 1454 3972 dicenda
1483 3927 1582 3975 est.
1630 3919 1863 3980 Proinde
1904 3925 2152 3995 ponendo

574 4002 828 4072 judicium
849 4047 863 4071 ,
894 4015 1054 4076 atque
1081 4006 1301 4078 justitiae
1332 4009 1550 4068 nomine
1575 4015 1900 4083 repetendo;
1929 4016 2011 4072 vel
2053 4034 2153 4089 po-

576 4093 751 4148 nendo
789 4094 1048 4164 justitiam
1071 4137 1087 4163 ,
1121 4105 1175 4152 et
1216 4113 1335 4154 eam
1367 4098 1552 4169 judicii
1580 4103 1797 4159 nomine
1824 4108 2149 4179 repetendo,

575 4187 706 4242 satis
731 4187 920 4244 edocet
950 4192 1165 4261 proprie
1187 4207 1246 4248 se
1272 4195 1540 4265 appellare
1576 4197 1832 4268 judicium
1874 4203 2013 4274 quod
2056 4221 2153 4276 pro

574 4279 773 4350 justitia
801 4281 928 4351 poni
956 4281 1113 4350 solet,
1145 4282 1195 4338 id
1222 4293 1321 4349 est,
1346 4287 1486 4357 quod
1517 4287 1568 4342 in
1597 4289 1734 4346 male
1759 4291 2046 4360 judicando
2073 4297 2154 4351 in-

577 4371 736 4442 telligi
766 4388 872 4426 non
902 4381 1094 4442 potest.
1118 4373 1219 4430 Ubi
1240 4377 1385 4431 enim
1415 4377 1672 4434 Dominus
1700 4381 1847 4450 dicit,
1881 4383 2052 4440 Nolite
2061 4388 2154 4457 ju-

575 4462 744 4516 dicare
771 4465 1119 4533 personaliter,
1139 4467 1228 4520 sed
1247 4478 1434 4522 rectum
1451 4470 1704 4540 judicium
1721 4473 1951 4542 judicate
1971 4475 2149 4548 (Joan.

575 4568 670 4620 vn,
694 4555 790 4623 ει)
808 4598 822 4618 ,
849 4555 1081 4612 ostendit
1110 4573 1228 4613 esse
1256 4575 1413 4630 posse
1443 4577 1662 4631 pravum
1689 4564 1946 4634 judicimn
1971 4611 1984 4634 ,
2030 4586 2150 4626 cum

581 4646 743 4712 dicit,
774 4645 982 4701 Rectum
999 4649 1254 4721 judicium
1271 4650 1498 4720 judicate
1519 4669 1538 4707 :
1563 4653 1792 4726 denique
1819 4657 1945 4713 illud
1975 4670 2149 4729 vetat;

577 4736 680 4791 hoc
708 4738 965 4808 praecipit.
1009 4737 1140 4794 Cum
1168 4755 1296 4796 vero
1320 4742 1435 4798 sﬁnc
1461 4744 1566 4799 ulla
1593 4745 1889 4816 adjectionc
1915 4749 2039 4806 dicit
2061 4752 2152 4823 ju-

573 4827 790 4892 dicium,
819 4829 1074 4885 continuo
1096 4830 1297 4900 justum
1319 4833 1436 4888 vult
1461 4834 1716 4907 intelligi;
1749 4839 1888 4895 sicut
1907 4852 1988 4897 est
2011 4845 2152 4914 quod

573 4917 646 4973 ait
670 4938 681 4972 :
707 4917 1010 4990 Relinquitis
1034 4923 1268 4992 graviora
1290 4922 1459 4996 Legis,
1485 4927 1912 4997 misericordiam,
1941 4943 1988 4987 et
2002 4935 2152 5006 judi-

573 5009 706 5064 cium
733 5008 944 5079 (Matth.
972 5027 1122 5077 χχιιι,
1147 5011 1265 5084 25).
1289 5014 1358 5069 Et
1383 5015 1511 5071 illttd
1539 5019 1682 5088 quod
1708 5019 1970 5079 Jeremias
1991 5023 2149 5082 dicit:

578 5098 796 5154 Faciens
817 5100 1014 5155 divitias
1031 5118 1150 5157 suas
1177 5121 1276 5159 non
1302 5122 1415 5159 cum
1435 5108 1625 5175 judicio
1652 5110 1858 5182 (Jerem.
1884 5131 2014 5183 xvtt,
2037 5117 2149 5193 11).

573 5187 688 5244 Non
712 5191 802 5257 ait,
831 5191 1055 5247 Faciens
1079 5193 1290 5250 divitias
1309 5213 1433 5253 snas
1460 5216 1622 5270 pravo
1645 5203 1908 5273 injustove
1928 5187 2148 5278 judicio,

572 5281 655 5334 vel
698 5297 803 5338 non
847 5297 966 5338 cum
1004 5284 1205 5355 judicio
1246 5299 1395 5344 recto
1424 5303 1515 5348 aut
1541 5293 1718 5364 justo;
1747 5297 1873 5366 sed,
1908 5317 2009 5356 non
2035 5319 2153 5359 cum

573 5371 764 5435 iudicio
788 5389 807 5423 :
827 5374 1080 5444 judicium
1111 5393 1218 5434 non
1244 5382 1538 5452 appellans,
1566 5387 1668 5443 nisi
1691 5389 1832 5459 quod
1860 5402 2062 5449 rectum
2087 5411 2150 5453 ac

570 5461 771 5533 justum
803 5475 902 5520 est.

645 5557 697 5611 5.
724 5554 874 5628 [vers.
900 5558 977 5633 5.]
1005 5560 1300 5634 Suscipiant
1318 5576 1510 5622 montes
1533 5587 1711 5640 pacem
1743 5579 1951 5646 papula,
1976 5591 2024 5635 et
2047 5582 2152 5637 col-

573 5650 644 5705 les
663 5652 935 5722 justitiam.
976 5654 1180 5712 Montes
1223 5659 1453 5730 majores
1497 5674 1655 5732 sunt,
1687 5667 1854 5726 colles
1893 5673 2148 5733 minores.

571 5742 830 5800 Nimirum
855 5761 982 5816 ergo
1007 5748 1062 5804 hi
1091 5761 1215 5806 sunt
1237 5769 1374 5823 quos
1398 5754 1537 5815 alius
1562 5757 1722 5820 habet
1745 5765 2017 5836 psalmus:
2041 5768 2153 5828 Pu-

634 5861 651 5889 ι
678 5858 750 5907 sic
771 5865 876 5910 uss.
894 5863 950 5912 Αι
968 5859 1106 5926 ιω..
1127 5862 1319 5917 veritas.

1808 401 1866 458 S.
1908 394 2272 458 AUGUSTlNl
2311 395 2616 458 EPlSCOPl
2707 349 2710 354 I

2253 514 2397 571 sillos
2412 534 2528 571 cum
2549 517 2763 588 magnis.
2785 517 2872 572 Isti
2896 517 3088 588 quippe
3109 527 3300 574 montes
3319 521 3692 579 exsultaucrunt
3711 529 3843 582 sicut

2255 605 2452 672 arietes,
2484 615 2540 662 et
2562 607 2648 662 isti
2677 608 2828 663 colles
2853 610 2980 663 sicut
3005 610 3126 681 agni
3145 613 3330 677 ovium,
3358 611 3412 667 in
3437 617 3568 667 exitu
3590 614 3762 670 Israel
3782 635 3842 674 ea:

2255 693 2489 767 JEgypto
2519 696 2691 768 (Psal.
2713 707 2861 768 cxnt,
2890 700 2978 765 15,
2999 700 3053 769 4,
3079 699 3156 775 1),
3183 701 3235 758 id
3256 711 3338 758 est
3362 704 3413 758 in
3448 707 3625 775 populi
3654 707 3749 764 Dei
3777 707 3842 764 li-

2255 784 2530 843 beratione
2553 788 2620 844 ab
2646 789 2803 860 huius
2828 790 3007 847 saeculi
3049 793 3327 850 servitute.
3370 793 3668 854 Excellenti
3711 815 3840 871 ergo

2255 880 2536 937 sanctitate
2576 883 2872 940 eminentes
2912 885 2965 940 in
3005 883 3280 956 Ecclesia,
3308 897 3521 946 montes
3546 901 3708 958 sunt;
3749 893 3840 965 qui

2255 967 2434 1027 idonei
2453 983 2576 1028 sunt
2595 985 2650 1031 et
2668 975 2802 1031 alios
2822 975 3018 1032 docere
3038 976 3059 1048 (
3071 976 3115 1031 ll
3140 976 3270 1032 Tim.
3291 993 3350 1045 ιι,
3373 978 3451 1051 2),
3477 979 3555 1035 sic
3574 981 3840 1052 loquendo

2256 1071 2317 1118 ut
2343 1061 2570 1121 ﬁdeliter
2591 1067 2940 1135 instruantur,
2968 1067 3048 1123 sic
3074 1068 3303 1124 vivendo
3331 1078 3392 1125 ut
3414 1071 3699 1128 salubriter
3720 1074 3838 1130 imi-

2255 1163 2480 1212 tentur:
2509 1158 2677 1214 colles
2713 1169 2892 1215 autem
2931 1169 3057 1216 sunt
3097 1161 3308 1217 illorum
3340 1163 3713 1221 excellentiam
3743 1183 3838 1223 sua

2256 1246 2558 1302 obedientia
2603 1249 3010 1320 subsequentes.
3039 1253 3218 1320 Quare
3242 1269 3374 1325 ergo
3397 1265 3590 1312 montes
3626 1275 3835 1328 pacem,

2255 1344 2304 1389 et
2333 1337 2483 1391 colles
2503 1339 2800 1409 justitiam?
2834 1341 2917 1396 An
2947 1343 3085 1398 forte
3114 1345 3246 1400 nihil
3278 1345 3594 1413 interesset,
3626 1350 3836 1405 etiamsi

2255 1426 2327 1482 ita
2354 1428 2624 1485 diceretur
2651 1449 2663 1486 :
2687 1430 2990 1503 Suscipiant
3012 1445 3224 1493 montes
3247 1437 3508 1508 justitiam
3537 1443 3758 1512 p0pulo,
3786 1455 3836 1499 et

2253 1519 2420 1576 colles
2446 1523 2669 1592 pacem?
2698 1524 2944 1597 Utrisque
2969 1528 3111 1583 enim
3136 1529 3362 1599 justitia,
3388 1540 3441 1586 et
3471 1535 3714 1606 utrisque
3737 1553 3834 1606 pax

2256 1617 2556 1670 necessaria
2582 1624 2667 1672 est
2690 1635 2702 1672 :
2729 1626 2784 1674 et
2811 1618 2926 1675 ﬁeri
2950 1630 3128 1691 potest
3155 1631 3212 1678 ut
3237 1625 3344 1680 alio
3366 1627 3586 1684 nomine
3613 1643 3716 1698 pax
3745 1646 3818 1701 ap

2253 1705 2446 1775 pellata
2470 1707 2540 1762 sit
2566 1709 2678 1779 ipsa
2703 1709 2941 1780 justitia;
2974 1711 3088 1768 haec
3115 1724 3198 1769 est
3223 1715 3369 1770 enim
3399 1731 3528 1772 vera
3559 1734 3661 1789 pax
3683 1762 3700 1787 ,
3729 1737 3832 1777 non

2255 1797 2466 1866 qualem
2492 1799 2676 1870 injusti
2705 1801 2843 1857 inter
2869 1817 2930 1858 se
2959 1803 3178 1860 faciunt.
3202 1808 3282 1862 An
3312 1809 3486 1878 potius
3509 1825 3629 1866 cum
3654 1813 3833 1869 distin-

2253 1890 2432 1946 ctione
2458 1906 2564 1946 non
2593 1895 2983 1951 contemnenda
3012 1897 3412 1969 intelligendum
3445 1909 3529 1957 est
3557 1903 3700 1972 quod
3727 1905 3832 1973 ait,

2255 1978 2456 2036 Montes
2482 2001 2678 2054 pacem,
2707 1995 2752 2041 et
2775 1987 2925 2042 colles
2943 1989 3242 2059 justitiam?
3269 1992 3610 2052 Excellentes
3643 1999 3833 2069 quippe

2254 2070 2309 2128 in
2336 2073 2593 2142 Ecclesia,
2628 2077 2741 2146 paci
2787 2077 2982 2135 debent
3023 2081 3258 2152 vigilanti
3303 2085 3597 2143 intentione
3636 2103 3834 2144 consuo

2254 2163 2400 2231 lere;
2429 2181 2498 2221 ne
2539 2177 2760 2239 pr0pter
2784 2186 2907 2227 suos
2947 2172 3180 2230 honores
3204 2177 3433 2246 superbe
3457 2181 3663 2249 agendo
3690 2182 3832 2238 schi-

2255 2267 2425 2313 smata
2453 2259 2650 2316 faciant
2668 2303 2683 2327 ,
2712 2265 2930 2320 unitatis
2955 2281 3211 2338 compage
3234 2268 3494 2340 disrupta.
3527 2272 3705 2329 Colles
3729 2290 3828 2330 au-

2255 2356 2363 2404 tem
2390 2350 2460 2405 ita
2486 2366 2580 2408 eos
2617 2354 2875 2411 imitando
2901 2365 2955 2412 et
2980 2358 3278 2415 obediendo
3319 2363 3726 2435 subsequantur,
3773 2375 3830 2423 ut

2255 2441 2333 2496 eis
2381 2442 2654 2499 Christum
2703 2455 3057 2517 anteponant;
3107 2467 3173 2505 ne
3221 2453 3480 2510 malorum
3524 2459 3828 2525 montium,

2254 2535 2504 2604 quoniam
2530 2536 2779 2593 videntur
2803 2542 3087 2610 excellere,
3111 2559 3244 2600 vana
3265 2549 3582 2605 auctoritate
3601 2550 3828 2620 seducti,

2253 2637 2314 2682 se
2333 2640 2362 2681 a
2382 2626 2583 2684 Christi
2604 2631 2806 2686 unitate
2827 2633 3177 2704 disrumpant.
3202 2637 3327 2693 ldeo
3347 2639 3543 2694 dictum
3565 2651 3646 2696 est
3670 2659 3685 2695 τ
3707 2641 3832 2696 Sus.

2255 2719 2444 2790 cipiunt
2472 2730 2666 2776 montes
2691 2739 2863 2792 pacem
2890 2726 3097 2794 populo.
3153 2727 3338 2784 Dicant
3371 2731 3586 2800 quidem
3622 2751 3634 2786 :
3665 2732 3830 2786 Ιηιίιαο

2254 2818 2388 2864 tores
2415 2811 2512 2865 mei
2535 2821 2712 2880 estote,
2737 2814 2866 2868 sicut
2892 2823 2939 2869 et
2963 2831 3056 2886 ego
3074 2815 3261 2872 Christi
3285 2817 3305 2892 (
3319 2819 3333 2872 Ι
3356 2817 3474 2875 Cor.
3501 2837 3585 2889 xt,
3617 2824 3695 2893 1).
3729 2822 3830 2882 Sed

2253 2915 2440 2956 rursus
2467 2901 2647 2958 dicant
2670 2921 2683 2957 :
2706 2903 2848 2960 Licet
2871 2905 2917 2959 si
2941 2923 3034 2962 nos
3052 2949 3067 2974 ,
3104 2917 3193 2962 aut
3223 2911 3434 2981 angelus
3458 2911 3521 2966 de
3547 2913 3672 2966 coelo
3700 2914 3830 2968 vobis

2254 2995 2627 3049 annuntiaverit
2652 3005 2983 3069 prceterquam
3007 3000 3144 3070 quod
3167 3003 3451 3071 accepistis,
3483 3005 3752 3059 anathema
3769 3007 3831 3060 sit

2256 3083 2397 3156 (Cal.
2421 3102 2471 3154 ι,
2501 3086 2577 3158 8).
2607 3088 2796 3145 Dicant
2819 3090 2980 3146 etiam
3009 3109 3024 3147 :
3051 3091 3316 3161 Numquid
3345 3092 3544 3149 Paulus
3584 3113 3677 3165 pro
3703 3097 3831 3151 vobis

2253 3178 2526 3247 cruciﬁxus
2549 3188 2640 3249 est,
2660 3190 2746 3235 aut
2768 3182 2818 3235 in
2841 3184 3044 3237 nomine
3067 3181 3220 3238 Pauli
3240 3185 3478 3254 baptizati
3500 3188 3617 3241 estis
3642 3187 3694 3259 (l
3718 3187 3828 3242 Cor.

2253 3283 2303 3335 ι,
2331 3268 2457 3339 l5)?
2484 3269 2557 3325 lta
2585 3273 2861 3343 suscipiant
2887 3291 3063 3344 pacem
3094 3277 3281 3346 populo
3314 3277 3406 3331 Dei
3425 3319 3439 3344 ,
3474 3277 3524 3332 id
3555 3287 3638 3334 est
3657 3318 3675 3346 ,
3707 3293 3834 3348 pau-

2254 3362 2471 3432 peribus
2505 3362 2629 3430 Dei;
2662 3379 2767 3420 non
2796 3365 2922 3433 illis,
2951 3366 3045 3422 sed
3073 3382 3193 3423 cum
3225 3368 3330 3423 illis
3357 3385 3584 3440 regnare
3613 3373 3834 3442 cupien-

2254 3460 2355 3508 tes.
2399 3452 2482 3508 llli
2507 3469 2717 3525 quoque
2744 3470 2851 3510 non
2875 3457 3087 3524 dicant,
3116 3456 3228 3529 Ego
3252 3475 3361 3513 sum
3386 3459 3577 3526 Pauli,
3607 3479 3701 3532 ego
3727 3479 3831 3516 sum

2254 3542 2458 3614 Apollo,
2489 3560 2581 3616 ego
2602 3559 2714 3600 vero
2737 3545 2954 3616 Cephea;
2983 3548 3078 3603 sed
3115 3563 3303 3605 omnes
3343 3549 3521 3605 dicant
3545 3569 3559 3604 :
3588 3550 3705 3623 Ego
3730 3567 3833 3607 sm

2253 3631 2445 3689 Christi
2472 3633 2657 3707 (Ibid.,
2685 3637 2811 3709 l2).
2840 3637 2966 3693 Haec
2993 3648 3077 3696 est
3097 3639 3301 3709 justitia
3327 3658 3341 3694 :
3365 3657 3470 3697 non
3511 3653 3834 3714 anteponere

2254 3739 2441 3782 servos
2461 3726 2707 3794 Domino,
2728 3744 2826 3785 nec
2846 3744 3088 3800 aequare;
3117 3731 3186 3786 ita
3211 3733 3388 3789 levare
3409 3735 3593 3790 oculos
3613 3736 3667 3789 in
3696 3752 3832 3792 mon-

2253 3829 2334 3875 tes
2378 3820 2521 3876 unde
2559 3822 2736 3877 veniat
2781 3822 3036 3877 auxilium
3082 3824 3210 3891 sibi,
3257 3834 3314 3880 ut
3353 3834 3531 3882 tamen
3578 3827 3833 3883 auxilium

2255 3925 2409 3966 suum
2431 3926 2537 3966 non
2565 3921 2782 3983 sperent
2803 3928 2833 3968 a
2857 3913 3148 3981 montibus,
3174 3917 3266 3971 sed
3290 3931 3320 3970 a
3350 3915 3574 3972 Domino
3593 3917 3687 3988 qui
3715 3917 3836 3974 fecit

2254 4003 2448 4058 caelum
2478 4011 2532 4058 et
2561 4013 2755 4059 terram
2789 4003 2961 4075 (Psal.
2985 4020 3110 4070 cxx,
3136 4007 3188 4074 1,
3212 4005 3294 4078 2).

2327 4093 2379 4148 6.
2410 4093 2592 4149 Potest
2620 4104 2674 4150 et
2701 4095 2779 4151 sic
2802 4097 3315 4154 convenientissime
3359 4099 3621 4172 intelligi,
3652 4100 3835 4158 Susci-

2256 4185 2398 4254 piant
2427 4196 2618 4240 montes
2644 4203 2818 4257 pacem
2842 4188 3052 4259 papula,
3087 4199 3144 4243 ut
3175 4205 3359 4259 pacem
3391 4192 3751 4262 intelligamus
3781 4194 3834 4247 in

2255 4278 2688 4335 reconciliatione
2704 4295 2807 4350 qua
2829 4280 2938 4336 Deo
2953 4282 3392 4338 reconciliamur:
3413 4293 3623 4340 montes
3637 4283 3834 4355 quippe

2255 4383 2372 4424 eam
2398 4370 2690 4441 suscipiunt
2719 4372 2915 4441 p0pulo
2941 4372 3077 4443 ejus.
3121 4374 3232 4430 Hoc
3259 4375 3543 4445 Apostolus
3567 4375 3639 4431 ita
3676 4385 3839 4432 testa-

2255 4467 2378 4514 tttr:
2415 4458 2592 4515 Vetera
2635 4464 2976 4528 transierunt;
3002 4480 3115 4519 ecce
3153 4467 3290 4537 facta
3327 4476 3443 4520 sunt
3477 4483 3604 4520 nova
3629 4484 3649 4522 :
3670 4467 3838 4522 omnia

2254 4560 2421 4604 autem
2450 4567 2512 4606 ea:
2538 4550 2645 4607 Deo
2665 4594 2679 4620 ,
2717 4553 2806 4625 qui
2833 4555 3168 4610 reconciliavit
3194 4573 3284 4612 nos
3311 4557 3403 4612 sibi
3434 4574 3524 4628 per
3551 4557 3840 4627 Christum,

2255 4651 2302 4698 et
2330 4643 2468 4696 dedit
2496 4644 2638 4698 nobis
2668 4647 3003 4701 ministerium
3039 4649 3485 4704 reconciliationis.
3532 4651 3673 4706 Ecce
3702 4665 3842 4720 quo-

2255 4736 2416 4792 modo
2461 4739 2761 4808 suscipiunt
2801 4750 3011 4796 montes
3057 4757 3241 4813 pacem
3288 4744 3484 4813 populo
3519 4743 3655 4813 ejus.
3703 4743 3846 4798 Deus

2255 4829 2386 4884 enim
2431 4842 2536 4884 erat
2582 4831 2635 4884 in
2674 4830 2904 4898 Christo,
2934 4834 3179 4887 mundum
3205 4834 3536 4888 reconcilians
3563 4835 3703 4898 sibi;
3741 4851 3844 4888 non

2255 4931 2495 4994 reputans
2519 4923 2625 4978 illis
2653 4923 2837 4978 delicta
2865 4941 3058 4991 eorum,
3089 4935 3134 4979 et
3163 4941 3353 4997 ponens
3383 4926 3433 4979 in
3465 4925 3606 4979 nobis
3635 4927 3848 4980 verbum

2255 5017 2696 5072 reconciliationis.
2731 5017 2787 5073 ln
2817 5019 3027 5089 quibus,
3053 5019 3152 5074 nisi
3177 5020 3229 5074 in
3269 5019 3536 5075 montibus
3560 5021 3650 5092 qui
3673 5020 3849 5075 susci-

2254 5107 2407 5178 piunt
2435 5125 2618 5178 pacem
2649 5111 2847 5181 pepqu
2875 5110 3031 5182 ejus?
3058 5112 3319 5180 Quocirca
3349 5112 3506 5183 legati
3541 5113 3688 5182 pacis
3715 5113 3851 5167 sub-

2254 5209 2542 5270 sequenter
2571 5200 2886 5271 adjnngunt,
2915 5211 2969 5256 et
2997 5195 3180 5258 dicunt
3205 5222 3216 5257 :
3249 5201 3358 5258 Pro
3389 5203 3588 5258 Christo
3612 5221 3735 5276 ergo
3770 5204 3852 5258 le-

2253 5293 2456 5364 gatione
2487 5293 2764 5365 fungimur,
2802 5303 3042 5363 tanquam
3088 5294 3192 5350 Deo
3234 5296 3533 5350 exhortante
3573 5313 3664 5366 per
3710 5311 3851 5360 nos;

2256 5384 2570 5438 obsecramus
2604 5401 2696 5456 pro
2723 5383 2922 5441 Christo
2951 5387 3268 5443 reconciliari
3291 5386 3400 5442 Deo
3426 5386 3505 5460 (.ll
3526 5387 3645 5442 Cor.
3673 5402 3732 5451 ν,
3760 5388 3855 5442 i7-

2255 5473 2387 5548 20).
2421 5474 2568 5530 Hanc
2594 5491 2776 5547 pacem
2804 5479 3098 5549 suscipiunt
3128 5487 3334 5534 montes
3363 5479 3562 5549 populo
3590 5477 3706 5547 ejus
3730 5519 3748 5544 ,
3799 5477 3856 5536 id

2255 5577 2358 5633 εει,
2391 5567 2825 5636 praedicationem
2856 5570 3280 5641 legationemque
3308 5571 3452 5640 pacis
3477 5569 3592 5640 ejus
3624 5587 3638 5623 :
3668 5569 3853 5625 colles

2253 5669 2432 5716 autem
2458 5661 2749 5731 justitiam;
2794 5662 2898 5718 hoc
2937 5673 3018 5718 est
3055 5655 3444 5730 obedientiam,
3474 5661 3614 5734 quod
3655 5671 3750 5719 est.
3793 5662 3857 5718 in

2258 5755 2560 5812 hominibus
2587 5766 2640 5811 et
2668 5757 2719 5811 in
2750 5757 2896 5812 omni
2934 5757 3177 5812 rationali
3205 5767 3446 5813 creatura
3473 5757 3650 5812 omnis
3673 5756 3859 5827 justi-

2252 5849 2341 5906 tia:
2365 5849 2515 5922 origo
2539 5859 2700 5924 atque
2722 5850 3011 5924 perfectio;
3052 5851 3123 5908 ita
3163 5861 3218 5908 ut
3259 5852 3488 5910 duorum
3519 5851 3818 5913 hominum
3835 5894 3861 5934 ,
