4076 6484
295 437 401 495 905

293 553 349 610 id
377 561 479 618 est,
509 551 680 608 Adam
707 551 796 622 qui
823 549 921 606 fuit
942 555 1101 620 caput
1125 551 1312 606 mortis
1337 563 1533 609 nostra:
1550 595 1565 619 ,
1596 565 1650 611 et
1677 554 1875 623 Christi

291 645 382 716 qui
408 653 491 700 est
517 652 678 714 caput
703 643 890 699 salutis
917 652 1111 698 nostra:
1131 683 1148 709 ,
1192 642 1307 698 hazc
1331 646 1736 702 commendetur
1765 662 1877 701 mae

292 754 397 811 gna
425 738 695 794 distinctio
721 755 735 793 :
757 738 880 810 quia
905 736 1036 791 sicut
1078 753 1168 808 per
1197 737 1582 792 inobedientiam
1607 741 1756 794 unius
1784 740 1875 794 lto-

291 831 444 886 minis
463 873 478 898 ,
513 840 797 902 peccatores
825 829 1082 884 constituti
1109 839 1225 883 sunt
1252 830 1438 895 multi;
1467 830 1538 884 ita
1563 840 1610 885 et
1639 847 1728 900 per
1756 831 1874 885 obe-

293 928 537 983 dientiam
563 928 712 981 unius
736 925 974 990 hominis,
997 925 1128 995 justi
1145 925 1508 979 constituantur
1531 924 1677 979 multi
1694 925 1871 996 (Rom.

294 1035 351 1085 ν,
382 1020 408 1075 ί
418 1019 496 1090 9).
522 1017 822 1088 Suscipiunt
847 1031 977 1087 ergo
1004 1026 1195 1070 montes
1219 1032 1394 1087 pacem
1421 1015 1630 1086 papula,
1654 1024 1701 1070 et
1724 1016 1876 1070 colles

284 1111 578 1183 justitiam;
606 1118 664 1164 ut
691 1110 792 1165 hoc
815 1108 974 1163 modo
1000 1108 1241 1178 utrisque
1267 1107 1715 1163 concordantibus
1734 1149 1748 1176 ,
1783 1107 1877 1160 ﬁat

290 1203 434 1274 quod
474 1202 729 1272 scriptum
770 1209 886 1268 est,
917 1199 1129 1254 Iustitia
1165 1208 1212 1254 et
1265 1217 1368 1270 pax
1410 1199 1649 1254 osculata:
1676 1209 1795 1254 sunt
1823 1214 1876 1252 se

292 1295 464 1366 (Psal.
494 1312 724 1363 Lxxxtv,
749 1297 810 1351 Η
837 1295 874 1366 ).
909 1293 1060 1361 Quod
1099 1309 1230 1350 vero
1270 1294 1358 1349 alii
1389 1294 1601 1350 codices
1641 1292 1869 1360 habent,

290 1388 590 1461 Suscipiunt
620 1398 810 1444 montes
836 1405 1010 1461 pacem
1040 1390 1228 1460 populo
1255 1429 1270 1457 ,
1315 1397 1362 1442 et
1399 1386 1554 1442 colles
1579 1402 1598 1440 :
1618 1395 1874 1457 utrosque

286 1484 674 1554 praedicatores
719 1483 1036 1553 evangelicae
1088 1482 1233 1553 pacis
1289 1478 1661 1551 intelligendos
1709 1487 1870 1548 puto;

289 1579 405 1634 sive
449 1576 811 1649 praecedentes
835 1617 850 1642 ,
894 1576 1008 1632 sive
1049 1575 1454 1645 subsequentes.
1500 1573 1558 1628 In
1589 1571 1671 1628 his
1695 1582 1870 1627 autem

288 1670 566 1726 codicibus
591 1669 719 1724 illud
740 1669 980 1740 sequitur
1005 1686 1016 1722 :
1047 1667 1113 1721 In
1125 1667 1328 1738 justitiu
1349 1665 1600 1737 judicabit
1627 1681 1873 1737 pauperes

287 1762 487 1832 populi.
512 1761 616 1816 Sed
639 1761 714 1814 illi
737 1761 904 1831 magis
928 1759 1141 1815 codices
1160 1758 1542 1830 approbantur,
1566 1759 1655 1828 qui
1676 1757 1874 1813 habent

287 1852 431 1922 quod
459 1868 615 1922 supra
643 1853 1006 1922 exposuimus,
1038 1851 1329 1920 Suscipiunt
1355 1860 1546 1904 montes
1581 1866 1753 1920 pacem
1779 1865 1873 1919 po-

287 1945 433 2015 pulo,
463 1954 509 1998 et
537 1945 689 1999 colles
709 1945 985 2015 justitiam.
1015 1943 1194 2014 Aliqui
1219 1953 1397 1997 autem
1429 1942 1652 2008 habent,
1685 1941 1872 2011 populo

287 2046 413 2102 tuo;
445 2037 606 2108 aliqui
636 2053 741 2092 non
770 2037 968 2092 habent
993 2046 1100 2102 tuo,
1135 2035 1228 2091 sed
1261 2035 1627 2091 tantummodo
1662 2037 1869 2106 papula.

359 2131 411 2183 7.
444 2127 596 2202 [vers.
620 2127 701 2203 4.]
727 2128 989 2183 Iudicabit
1015 2145 1259 2201 pauperes
1290 2129 1498 2200 populi,
1527 2138 1572 2182 et
1597 2129 1760 2184 salvos
1787 2128 1872 2198 fu-

286 2223 384 2277 ciet
412 2223 548 2291 ﬁlios
570 2238 870 2291 pauperum.
899 2221 1171 2291 Pauperes
1193 2231 1248 2276 et
1275 2221 1370 2275 ﬁlii
1394 2235 1683 2292 pauperum
1711 2220 1872 2275 iidem

284 2315 387 2385 ipsi
417 2314 549 2370 mihi
576 2314 856 2382 videntur;
898 2315 1038 2370 sicut
1076 2313 1262 2370 eadem
1309 2315 1494 2370 civitas
1524 2323 1606 2370 est
1647 2313 1774 2370 Sion
1819 2324 1874 2370 et

287 2408 394 2463 ﬁlia
415 2408 566 2464 Sion.
586 2407 642 2464 Si
667 2419 844 2464 autem
866 2407 1166 2463 distinctius
1192 2407 1593 2479 intelligendum
1615 2417 1725 2474 est;
1746 2424 1874 2477 pau-

283 2519 428 2574 peres
456 2503 768 2572 accipimus,
795 2512 1019 2568 montes;
1050 2502 1183 2570 ﬁlios
1218 2509 1395 2556 autem
1423 2517 1735 2571 pauperum,
1763 2501 1872 2555 col-

282 2600 356 2654 les
381 2614 400 2652 :
427 2597 572 2652 velut
597 2596 890 2668 Pr0phetas
913 2605 1070 2667 atque
1092 2595 1397 2666 Apostolos,
1430 2609 1708 2666 pauperes;
1736 2593 1872 2650 ﬁlios

281 2699 465 2745 autem
493 2704 701 2756 eorum,
735 2688 786 2742 id
815 2697 916 2754 est,
947 2687 1035 2758 qui
1065 2689 1165 2742 sub
1192 2701 1379 2742 eorum
1406 2686 1724 2741 auctoritate
1749 2700 1873 2756 pro-

281 2780 495 2847 ﬁciunt,
523 2781 656 2849 ﬁlios
686 2795 984 2850 pauperum.
1007 2777 1322 2846 Quod'vero
1350 2792 1509 2847 supra
1537 2777 1735 2831 dictum
1765 2786 1869 2843 est,

281 2873 570 2939 ludicubit,
595 2884 648 2927 ct
674 2884 877 2942 postea,
902 2872 1066 2926 salvos
1087 2872 1256 2944 faciet,
1281 2872 1524 2941 quaedam
1547 2872 1690 2926 velut
1710 2887 1874 2942 expo-

282 2968 412 3023 sitio
440 2977 523 3022 est
549 2967 816 3038 quomodo
838 2965 1120 3037 judicabit.
1166 2964 1248 3019 Ad
1279 2964 1380 3019 hoc
1407 2964 1549 3019 enim
1581 2963 1868 3034 iudicabit,

281 3067 344 3113 ut
393 3057 572 3113 salvos
618 3056 774 3111 faciat
794 3099 809 3122 ,
839 3055 890 3110 id
931 3065 1046 3122 est,
1075 3070 1103 3108 a
1135 3054 1419 3126 perdendis
1447 3055 1875 3126 damnandisque

279 3149 596 3216 discernat,
623 3149 818 3220 quibus
847 3149 1010 3203 donat
1033 3149 1261 3204 salutem
1298 3159 1535 3220 paratam
1561 3150 1789 3205 revelari
1820 3152 1874 3206 in

282 3249 536 3311 tempore
565 3241 855 3295 novissimo
885 3240 938 3314 (l
970 3239 1108 3295 Petr.
1134 3257 1171 3307 ι,
1195 3241 1274 3311 5).
1298 3241 1343 3295 A
1366 3242 1556 3297 talibus
1577 3244 1774 3314 quippe
1800 3243 1876 3300 illi

278 3335 504 3399 dicitur,
526 3331 610 3388 Ne
631 3334 930 3405 comperdus
949 3351 1061 3388 cum
1081 3334 1252 3405 impiis
1272 3335 1494 3388 animum
1514 3351 1676 3388 meum
1702 3334 1872 3407 (Psul.

283 3442 422 3492 xxv,
446 3426 536 3497 9);
564 3435 638 3493 et,
659 3424 848 3480 Indica
868 3442 966 3494 me,
992 3425 1150 3493 Deus,
1167 3435 1212 3479 et
1232 3425 1458 3480 discerne
1481 3443 1688 3480 causam
1711 3443 1875 3481 meum

281 3519 345 3573 de
388 3527 538 3590 gente
582 3533 683 3571 non
722 3527 896 3572 sancta
929 3516 1098 3588 (Psal.
1133 3533 1242 3572 χιιι
1264 3557 1278 3583 ,
1310 3518 1384 3586 1).
1416 3515 1874 3572 Considerandum

281 3611 446 3666 etiam
497 3609 640 3680 quod
684 3624 792 3664 non
818 3609 924 3676 ait,
951 3608 1218 3664 Judicabit
1261 3624 1547 3679 pauperem
1581 3610 1872 3680 populum;

281 3703 401 3769 sed,
434 3717 682 3772 pauperes
709 3701 904 3772 populi.
935 3700 1105 3769 Supra
1135 3699 1278 3754 enim
1308 3701 1396 3754 ubi
1423 3701 1595 3765 dixit,
1625 3700 1876 3756 Judicare

283 3795 538 3866 populum
568 3803 708 3847 tuum
738 3793 792 3846 in
817 3792 1038 3866 justitia,
1071 3801 1120 3846 et
1146 3807 1392 3862 pauperes
1419 3798 1530 3844 tuos
1558 3789 1612 3843 in
1632 3790 1836 3861 judicio
1855 3834 1870 3859 ,

282 3888 542 3945 eumdem
573 3887 709 3942 dixit
749 3886 1002 3957 populum
1040 3886 1134 3942 Dei
1173 3902 1308 3958 quos
1349 3901 1609 3956 pauperes
1636 3885 1782 3956 ejus;
1821 3886 1875 3942 id

282 3992 388 4046 est,
416 3979 788 4036 tantummodo
817 3981 987 4036 bonos
1009 3989 1062 4035 et
1091 3979 1157 4034 ad
1187 3980 1458 4035 dexteram
1486 3988 1687 4050 partem
1716 3980 1878 4051 perti-

284 4084 505 4130 nentes.
528 4073 662 4142 Quia
688 4088 816 4128 vero
837 4073 1017 4141 inJioc
1038 4073 1234 4129 sarculo
1255 4074 1413 4128 simul
1443 4074 1615 4129 dextri
1647 4073 1874 4130 sinistri-

281 4186 391 4241 que
436 4177 747 4239 pascuntur,
778 4169 866 4238 qui
907 4169 1054 4222 velut
1089 4169 1212 4239 agni
1242 4176 1295 4223 et
1323 4167 1462 4222 haedi
1495 4169 1548 4222 in
1579 4167 1685 4222 ﬁne
1715 4183 1871 4236 sepa-

281 4260 440 4316 randi
472 4267 598 4314 sunt
623 4255 836 4329 (Matth.
863 4272 986 4320 xxv,
1017 4258 1161 4324 32);
1194 4268 1363 4313 totum
1393 4259 1530 4313 sicut
1555 4259 1874 4313 commixtus

281 4355 433 4421 est‘,
465 4353 681 4407 nomine
726 4350 906 4422 populi
950 4348 1294 4416 nuncupavit.
1340 4347 1404 4400 Et
1449 4346 1571 4415 quia
1615 4345 1874 4414 judicium

282 4447 451 4501 etiam
484 4444 569 4498 hic
603 4445 654 4497 in
684 4443 823 4497 bono
851 4441 1034 4512 ponit,
1063 4438 1113 4493 id
1141 4446 1251 4504 est,
1279 4437 1346 4492 ad
1369 4437 1543 4491 salvos
1567 4434 1872 4501 faciendos;

283 4541 412 4596 ideo
434 4539 532 4605 ait,
556 4537 819 4591 Judicabit
848 4551 1093 4606 pauperes
1124 4533 1298 4605 papuli
1322 4549 1340 4586 :
1364 4532 1413 4587 id
1442 4543 1542 4599 est,
1573 4546 1665 4586 eos
1690 4530 1757 4585 ad
1784 4545 1872 4585 sa-

283 4633 455 4687 lutem
501 4629 803 4693 discernet,
843 4628 934 4698 qui
965 4635 1089 4681 sunt
1118 4627 1168 4680 in
1202 4624 1400 4696 populo
1428 4637 1710 4694 pauperes.
1756 4621 1872 4676 Jam

282 4727 373 4796 qui
408 4724 520 4778 sint
545 4736 804 4791 pauperes
834 4734 994 4788 supra
1023 4718 1364 4787 exposuimus
1391 4714 1466 4788 (α)
1493 4733 1504 4768 :
1541 4716 1638 4768 hos
1663 4721 1718 4768 et
1747 4727 1874 4782 ege-

282 4833 388 4872 nos
420 4814 803 4884 intelligamus.
830 4811 896 4865 Et
918 4810 1198 4866 Itumiliabit
1219 4808 1653 4862 calumniatorem.
1684 4805 1876 4860 Nullus

282 4909 490 4964 melius
535 4920 691 4977 quam
740 4904 983 4959 diabolus
1029 4901 1114 4956 hic
1159 4900 1510 4956 calumniator
1548 4897 1870 4967 agnoscitur.

280 4997 570 5055 Calumnia
607 4997 722 5067 ejus
757 5004 842 5052 est
873 5012 886 5049 :
921 4991 1184 5063 Numquid
1225 4992 1380 5062 gratis
1419 4990 1539 5044 colit
1571 4987 1670 5042 Job
1715 4987 1876 5042 Deum

285 5092 414 5165 (Job
445 5108 502 5156 1,
539 5088 630 5160 9)?
686 5089 937 5144 llumiliat
980 5097 1155 5143 autem
1200 5086 1347 5140 illum
1394 5085 1646 5139 Dominus
1685 5082 1870 5149 Jesus,

278 5185 462 5257 gratia
491 5197 588 5236 sua
617 5196 743 5237 suos
769 5181 1059 5250 adjuvans,
1088 5189 1146 5234 ut
1173 5178 1337 5249 gratis
1369 5177 1535 5232 Deum
1567 5175 1780 5240 colant,
1823 5174 1875 5229 id

278 5288 390 5345 est,
426 5277 767 5334 delectentur
795 5275 850 5329 in
879 5273 1103 5328 Domino
1137 5271 1307 5344 (Psal.
1333 5286 1489 5324 xxxvr
1511 5311 1526 5334 ,
1555 5268 1644 5340 4).
1688 5268 1876 5323 llumi-

280 5371 447 5427 liavit
496 5368 658 5424 etiam
703 5367 816 5422 sic:
843 5366 965 5437 quia
1005 5379 1125 5420 cum
1168 5363 1221 5417 in
1269 5379 1333 5418 eo
1376 5361 1640 5426 diabolus,
1675 5359 1729 5414 id
1774 5367 1875 5427 est,

281 5467 550 5534 princeps
595 5462 752 5533 hujus
801 5461 982 5516 mundi
1026 5458 1158 5514 nihil
1205 5456 1495 5512 invenisset
1544 5453 1734 5526 (Joan.
1765 5469 1875 5520 xlv,

277 5556 406 5628 50),
431 5552 633 5609 occidit
659 5568 751 5623 per
770 5551 1060 5606 calumnias
1079 5547 1383 5603 Judceorum
1402 5563 1415 5610 ;
1437 5545 1628 5615 quibus
1651 5554 1732 5599 est
1751 5558 1880 5598 usus

281 5646 660 5703 calumniator
687 5653 934 5714 tanquam
961 5641 1104 5697 vasis
1133 5641 1263 5706 suis,
1292 5652 1523 5708 Operans
1548 5637 1600 5691 in
1630 5637 1752 5690 ﬁliis
1775 5635 1882 5690 dif-

278 5739 539 5797 ﬁdentia:
563 5736 778 5810 (Ep/tes.
804 5753 860 5805 ιι,
882 5735 959 5808 2).
991 5735 1310 5792 llumiliatus
1337 5741 1420 5789 est
1446 5732 1612 5802 enim,
1639 5731 1763 5802 quia
1789 5730 1880 5786 ille

352 5893 372 5960 ξ
505 5905 608 5946 Mss.
635 5902 690 5946 Αι
710 5894 845 5960 md,
868 5889 1177 5944 conunixtum
1193 5896 1280 5941 est.

350 5953 435 6015 la)
463 5957 627 6012 Stlpra,
647 5973 697 6006 η,
722 5958 770 6007 5,

587 6035 811 6094 SANC'I‘.
864 6044 1134 6097 AUGUST.
1181 6037 1287 6097 IV.

1377 435 1774 498 ENARRATIO
1811 439 1882 499 IN
1916 440 2243 501 PSALMUM
2279 442 2467 499 LXXI.

3437 442 3541 498 906

1984 575 2142 630 quem
2170 559 2478 615 occiderant
2502 560 2814 628 resurrexit,
2836 569 2890 618 et
2913 579 3138 637 regnum
3156 565 3385 623 abstulit
3409 581 3559 623 mor-

1984 652 2079 720 tis;
2107 654 2262 724 cujus
2289 653 2378 708 ille
2401 662 2721 722 potestatem
2747 654 2817 709 ita
2835 658 3054 725 gerebat
3073 700 3088 724 ,
3121 669 3176 713 ut
3214 675 3278 714 ex
3308 674 3413 715 uno
3452 659 3556 715 ho-

1979 752 2124 805 mine
2144 766 2301 820 quem
2323 750 2628 820 deceperat,
2651 765 2838 805 omnes
2858 766 2952 820 per
2973 762 3196 808 mortem
3226 754 3465 810 traheret
3487 752 3556 809 ad

1979 843 2499 898 condemnationem.
2524 842 2628 898 Sed
2660 841 2966 898 humiliatus
2983 853 3098 908 est;
3129 846 3378 915 quoniam
3410 845 3457 900 si
3484 843 3555 900 ob

1979 935 2136 990 unius
2155 935 2409 990 delictum
2435 951 2579 992 mors
2607 935 2848 1006 regnavit
2876 951 2972 1005 per
2996 951 3179 1001 unum,
3196 935 3364 992 multo
3383 937 3555 1008 magis

1979 1029 2068 1098 qui
2099 1027 2476 1083 abundantiam
2503 1029 2687 1099 gratiae
2715 1027 3006 1098 etjustitiae
3030 1026 3333 1099 accipiunt,
3367 1029 3422 1084 in
3447 1028 3556 1082 vita

1978 1120 2277 1191 regnabunt
2320 1136 2415 1191 per
2441 1136 2603 1176 unum
2633 1120 2816 1176 Jesum
2844 1119 3116 1176 Christum
3144 1119 3322 1190 (Rom.
3355 1135 3412 1187 ν,
3443 1121 3557 1192 17),

1979 1213 2067 1284 qui
2101 1212 2411 1268 bumiliavit
2436 1213 2897 1278 calumniatorem,
2924 1213 3054 1268 falsa
3073 1212 3320 1279 crimina,
3342 1211 3557 1282 iniquos

1973 1304 2198 1377 judices,
2215 1305 2378 1360 falsos
2403 1315 2586 1375 testes,
2604 1315 2661 1361 ut
2688 1322 2808 1361 eum
2842 1307 3126 1376 perderent
3152 1289 3551 1360 immittentem.
3592 1319 3596 1330 ·

2049 1399 2101 1454 8.
2135 1397 2286 1473 [vers.
2310 1397 2387 1474 5.]
2415 1399 2481 1454 Et
2520 1399 2824 1471 permanebit
2846 1400 2975 1466 soli,
3000 1398 3084 1454 vel
3110 1397 3418 1470 permanebit
3444 1414 3559 1450 cum

1977 1492 2101 1546 sole.
2129 1491 2219 1547 Sic
2245 1492 2386 1548 enim
2413 1493 2603 1548 melius
2633 1491 3092 1564 interpretandum
3129 1489 3348 1561 quidam
3387 1489 3560 1547 nostri

1978 1596 2312 1658 putaverunt,
2342 1586 2483 1658 quod
2523 1588 2576 1642 in
2601 1601 2774 1658 graico
2815 1595 2896 1642 est
2932 1599 3300 1656 συμπαραμενετ.
3331 1582 3483 1650 Quod
3512 1581 3557 1637 si

1978 1678 2140 1734 latine
2180 1693 2286 1734 uno
2309 1679 2470 1734 verbo
2497 1678 2602 1734 dici
2630 1687 2842 1749 posset,
2873 1675 3330 1746 compermanebit
3371 1674 3558 1730 dicen-

1977 1769 2102 1826 dum
2135 1780 2278 1827 esset
2305 1789 2318 1825 :
2349 1771 2471 1827 ideo
2500 1771 2621 1842 quia
2649 1770 2812 1825 latine
2836 1771 3055 1825 verbum
3088 1785 3195 1824 non
3220 1777 3396 1839 potest
3420 1767 3555 1834 dici;

1978 1873 2037 1920 ut
2061 1866 2248 1920 saltem
2278 1865 2542 1922 sententia
2565 1865 2977 1934 exprimeretur,
3002 1863 3200 1918 dictum
3227 1870 3329 1928 est,
3354 1876 3558 1930 perma-

1977 1957 2108 2010 nebit
2147 1974 2260 2011 cum
2301 1957 2424 2012 sole.
2475 1955 2616 2012 Nihil
2643 1966 2726 2011 est
2753 1955 2895 2010 enim
2924 1953 3067 2009 aliud
3106 1950 3562 2024 compermanebit

1977 2049 2096 2114 soli,
2129 2064 2287 2119 quam
2316 2049 2625 2119 permanebit
2649 2064 2762 2102 cum
2787 2046 2912 2102 sole.
2940 2045 3077 2112 Quid
3102 2055 3277 2099 autem
3310 2057 3562 2114 magnum

1977 2151 2060 2197 est
2101 2157 2420 2212 permanere
2464 2158 2586 2198 cum
2636 2141 2752 2197 sole
2801 2140 2849 2196 ei
2902 2155 2997 2210 per
3052 2154 3210 2209 quem
3257 2138 3392 2193 facta
3438 2142 3564 2191 sunt

1977 2236 2176 2302 omnia,
2209 2245 2264 2290 et
2287 2237 2403 2292 sine
2427 2250 2534 2306 quo
2560 2233 2757 2290 factum
2783 2242 2866 2288 est
2892 2231 3026 2287 nihil
3055 2229 3232 2305 (Joan.
3265 2247 3314 2296 ι,
3345 2228 3435 2302 3);
3461 2227 3565 2284 nisi

1978 2327 2101 2398 quia
2128 2327 2242 2382 haec
2267 2327 2546 2398 pr0phetia
2573 2335 2792 2396 propter
2812 2340 2906 2379 eos
2933 2323 3210 2392 przemissa
3231 2330 3335 2387 est,
3359 2319 3448 2390 qui
3475 2335 3568 2389 pu-

1981 2426 2096 2473 tant
2136 2418 2450 2489 religionem
2488 2417 2722 2472 nominis
2750 2414 3025 2471 christiani
3058 2428 3225 2483 usque
3261 2411 3328 2466 ad
3357 2420 3565 2467 certum

1979 2518 2188 2581 tempus
2216 2511 2268 2566 in
2298 2509 2400 2567 hoc
2427 2510 2623 2566 smculo
2649 2509 2908 2564 victuram
2929 2549 2943 2574 ,
2978 2515 3032 2563 et
3072 2513 3258 2576 postea
3289 2519 3393 2559 non
3424 2504 3563 2558 futu-

1976 2606 2126 2660 ram?
2157 2604 2474 2660 Permanebit
2498 2619 2626 2675 ergo
2649 2620 2765 2656 cum
2789 2602 2914 2669 sole,
2941 2599 3194 2672 quamdiu
3220 2599 3298 2653 sol
3321 2598 3492 2653 oritur
3511 2603 3568 2652 et

1977 2697 2210 2754 occidit:
2241 2697 2343 2752 hoc
2385 2706 2500 2762 est,
2533 2694 2786 2767 quamdiu
2834 2703 3072 2763 tempora
3116 2691 3213 2745 ista
3256 2689 3560 2754 volvuntur,

1977 2804 2085 2845 non
2114 2790 2284 2845 deerit
2314 2789 2552 2844 Ecclesia
2585 2787 2700 2853 Dei,
2729 2785 2781 2841 id
2803 2794 2904 2849 est,
2938 2783 3132 2838 Christi
3158 2796 3353 2851 corpus
3379 2780 3430 2834 in
3458 2789 3566 2833 ter-

1977 2885 2070 2940 ris.
2108 2883 2261 2953 Quod
2289 2899 2420 2938 vero
2447 2881 2687 2953 adjungit
2705 2921 2720 2947 ,
2746 2877 2814 2933 Et
2843 2885 2958 2932 ante
2986 2876 3189 2940 lunam,
3220 2871 3566 2945 generationes

1977 2977 2358 3048 generationum
2379 2991 2398 3029 :
2420 2973 2590 3045 potuit
2612 2972 2812 3036 dicere,
2837 2970 2908 3024 Et
2934 2975 3058 3022 ante
3083 2967 3274 3031 solem,
3305 2965 3355 3019 id
3385 2972 3486 3030 est,
3511 2969 3568 3017 et

1978 3083 2099 3124 cum
2131 3068 2265 3135 sole,
2289 3076 2344 3123 et
2366 3076 2493 3122 ante
2518 3066 2722 3129 solem;
2750 3061 2893 3134 quod
2920 3060 3325 3129 intelligeretur,
3349 3055 3417 3111 Et
3441 3070 3566 3109 cum

1981 3161 2310 3231 temporibus
2328 3202 2342 3227 ,
2370 3169 2425 3215 et
2449 3167 2574 3214 ante
2603 3167 2865 3226 tempora.
2895 3151 3047 3222 Quod
3078 3166 3204 3222 ergo
3233 3158 3442 3218 tempus
3471 3161 3566 3201 an-

1980 3257 2212 3324 tecedit,
2245 3264 2505 3311 aeternum
2553 3261 2637 3310 est
2665 3269 2679 3306 :
2711 3260 2766 3307 et
2814 3249 2916 3304 hoc
2961 3262 3087 3302 vere
3134 3243 3437 3299 habendum
3485 3249 3567 3296 est

1979 3357 2257 3415 aeternum,
2281 3347 2422 3419 quod
2445 3345 2593 3400 nullo
2624 3353 2865 3413 tempore
2890 3340 3148 3404 variatur,
3180 3337 3319 3392 sicut
3345 3337 3394 3389 in
3420 3334 3566 3403 prin-

1979 3443 2117 3512 cipio
2144 3451 2261 3497 erat
2280 3440 2536 3496 Verbum.
2584 3437 2691 3494 Sed
2719 3452 2813 3508 per
2839 3436 3021 3490 lunam
3047 3430 3352 3502 signiﬁcare
3378 3425 3568 3481 maluit

1979 3536 2305 3592 incrementa
2359 3531 2706 3601 deiectusque
2765 3527 3090 3583 mortalium.
3145 3522 3387 3590 Denique
3435 3532 3560 3573 cum

1978 3627 2230 3693 dixisset,
2258 3634 2375 3680 ante
2404 3625 2610 3687 lunam;
2650 3622 2832 3676 volens
2868 3613 3262 3689 quodammodo
3293 3623 3565 3680 exponere

1980 3735 2078 3790 pro
2102 3734 2206 3790 qua
2232 3733 2292 3773 re
2317 3717 2498 3771 lunam
2528 3713 2785 3785 posuerit,
2815 3709 3178 3782 generationes,
3203 3704 3394 3775 inquit,
3417 3717 3565 3773 gene-

1978 3811 2232 3864 rutionum
2253 3826 2272 3864 :
2295 3817 2544 3879 tanquam
2573 3806 2793 3872 diceret,
2827 3805 2956 3857 Ante
2986 3800 3189 3866 iuuant,
3234 3797 3286 3852 id
3321 3806 3404 3851 est
3440 3803 3566 3850 ante

1979 3903 2321 3976 generationes
2348 3901 2728 3973 generationum
2746 3938 2759 3963 ,
2787 3911 2907 3968 qua:
2935 3900 3213 3949 transeunt
3252 3887 3566 3944 deceSsione

1979 4006 2033 4052 et
2063 3995 2404 4051 successione
2441 3993 2745 4049 mortalium
2767 4032 2781 4056 ,
2815 3999 3068 4060 tanquam
3095 3983 3450 4042 decremeutis
3481 3981 3566 4035 in-

1978 4089 2372 4157 crementisque
2402 4086 2698 4140 lunaribus.
2723 4085 2800 4137 Ac
2842 4098 2934 4152 per
2975 4084 3077 4134 hoc
3101 4077 3226 4148 quid
3259 4077 3450 4130 melius
3479 4073 3566 4127 in-

1982 4181 2233 4250 telligitur
2263 4192 2580 4248 permanere
2603 4185 2718 4229 ante
2747 4175 2921 4227 lunam
2941 4213 2956 4239 ,
2987 4172 3088 4226 nisi
3118 4169 3296 4224 omnia
3323 4165 3566 4221 mortalia

1980 4273 2382 4330 immortalitate
2411 4269 2751 4334 praecedere?
2774 4267 2924 4330 Quod
2953 4266 3110 4315 etiam
3135 4263 3214 4314 sic
3244 4275 3349 4313 non
3378 4258 3563 4314 incon-

1978 4357 2252 4410 venienter
2281 4353 2450 4423 accipi
2478 4361 2689 4423 potest,
2720 4360 2778 4406 ut
2803 4350 2946 4422 quod
2972 4351 3079 4419 jam
3107 4350 3385 4404 humiliato
3413 4350 3561 4405 calu-

1979 4449 2242 4504 mniatore
2267 4445 2420 4503 sedet
2447 4445 2514 4500 ad
2544 4445 2819 4501 dexteram
2850 4443 3056 4508 Patris,
3101 4441 3203 4498 hoc
3240 4445 3309 4497 sit
3350 4458 3561 4512 perma-
3605 4513 3608 4518 _

1981 4557 2111 4597 nere
2137 4557 2250 4594 cum
2279 4538 2404 4594 sole.
2446 4538 2712 4608 Splendor
2737 4537 2880 4593 enim
2908 4546 3123 4592 aeternae
3151 4534 3335 4605 gloriae
3365 4535 3560 4589 intelli-

1978 4635 2121 4705 gitur
2165 4632 2327 4686 Filius
2367 4630 2627 4701 (Hebr.t,
2652 4631 2740 4702 3);
2773 4640 3018 4699 tanquam
3064 4628 3142 4682 sol
3189 4627 3258 4680 sit
3301 4626 3477 4690 Pater,
3511 4634 3565 4681 ct

1983 4725 2237 4799 Splendor
2261 4725 2375 4795 ejus
2403 4723 2568 4778 Filius
2597 4725 2742 4794 ejus;
2775 4721 2868 4777 sed
2909 4721 3045 4775 sicut
3073 4719 3170 4774 ista
3202 4719 3307 4773 dici
3340 4726 3566 4790 possunt

1982 4821 2048 4877 de
2091 4820 2340 4876 invisibili
2381 4819 2680 4874 substantia
2723 4816 2992 4871 Creatoris
3023 4832 3034 4868 :
3066 4827 3172 4868 non
3202 4813 3339 4868 sicut
3365 4822 3433 4868 de
3462 4813 3562 4867 ista

1980 4913 2176 4969 visibili
2201 4921 2465 4977 creatura,
2497 4912 2550 4966 in
2576 4925 2677 4981 qua
2705 4917 2829 4963 sunt
2857 4922 3078 4978 corpora
3107 4906 3345 4961 coelestia
3365 4947 3380 4974 ,
3423 4920 3560 4974 quo-

1981 5024 2099 5062 rum
2125 5006 2380 5062 illustrius
2407 5003 2606 5060 eminet
2635 5001 2715 5056 sol
2738 5043 2752 5068 ,
2780 5000 2847 5054 de
2873 5015 2977 5069 quo
3008 4998 3123 5054 haec
3148 4995 3437 5053 similitudo
3464 4995 3563 5050 ad-

1981 5099 2146 5155 hibita
2195 5107 2306 5163 est;
2344 5097 2483 5152 sicut
2529 5093 2808 5149 adhibetur
2854 5093 3014 5146 etiam
3063 5091 3130 5146 de
3181 5087 3558 5153 terrestribus,

1983 5201 2155 5263 petra,
2179 5192 2285 5256 leo,
2309 5203 2496 5259 agnus,
2519 5185 2679 5240 homo
2703 5185 2906 5239 habens
2925 5183 3060 5238 duos
3089 5183 3245 5248 ﬁlios,
3269 5192 3323 5236 et
3343 5191 3560 5234 caetera.

1984 5285 2124 5355 Ergo
2172 5281 2449 5336 humiliato
2495 5278 2880 5336 calumniatore
2927 5285 3202 5347 permanet
3249 5289 3364 5326 cum
3417 5275 3561 5338 sole;

1984 5379 2107 5450 quia
2136 5376 2275 5430 victo
2299 5373 2512 5428 diabolo
2543 5388 2634 5442 per
2659 5371 3132 5432 resurrectionem,
3161 5366 3310 5422 sedet
3339 5365 3404 5419 ad
3429 5365 3561 5420 dcx-

1986 5481 2152 5526 teram
2179 5469 2352 5524 Patris
2377 5465 2567 5540 (Marc.
2595 5483 2704 5531 xvr,
2731 5464 2844 5538 l9),
2870 5465 2954 5519 ubi
2977 5463 3086 5533 jam
3114 5478 3219 5516 non
3241 5460 3484 5525 moritur,
3508 5468 3562 5513 et

1986 5577 2131 5617 mors
2155 5561 2206 5616 ei
2233 5561 2366 5614 ultra
2395 5574 2500 5614 non
2523 5559 2882 5614 dominabitur
2905 5554 3082 5628 (Rom.
3105 5569 3156 5608 Vl
3175 5595 3190 5621 ,
3219 5551 3295 5625 9).
3352 5553 3421 5607 Et
3461 5551 3563 5606 hoc

1986 5663 2102 5707 ante
2131 5653 2324 5717 lunam,
2360 5661 2608 5722 tanquam
2641 5648 3024 5720 primogenitus
3048 5663 3078 5701 a
3104 5645 3329 5701 mortuis
3353 5660 3559 5715 prmce-

1985 5747 2118 5802 dens
2145 5744 2460 5812 Ecclesium,
2485 5743 2786 5799 mortalium
2808 5741 3118 5796 decessione
3138 5755 3201 5795 ac
3221 5739 3564 5794 successione

1987 5848 2370 5897 transeuntem.
2425 5836 2555 5907 Ipsae
2606 5843 2730 5890 sunt
2775 5834 3116 5906 generationes
3162 5833 3561 5904 generationum.

1993 5936 2097 5991 Aut
2127 5934 2264 5990 forte
2291 5933 2413 6004 quia
2441 5928 2812 6003 generationes
2837 5938 2990 5992 sunt,
3019 5927 3209 5997 quibus
3241 5936 3568 5994 generamur

2839 6027 2869 6100 ί
2885 6017 3322 6099 Vingt-neuf.)
