4076 6478
1730 370 1786 427 S.
1832 363 2189 423 AUGl'STINl
2231 360 2533 421 EPlSCOPl
3661 353 3767 412 908

2166 454 2293 534 sum
2326 484 2427 545 est,
2461 473 2866 540 transferentes,
2887 470 3029 544 quod
3054 469 3125 525 ibi
3153 469 3389 543 positum
3414 478 3515 537 est,
3545 472 3767 525 ἀνταναι-

2175 580 2303 643 ρεθῆ.
2335 567 2440 627 Sed
2470 568 2558 640 qui
2585 566 2855 633 dixerunt,
2882 562 3109 630 tollatur,
3132 573 3187 618 et
3211 563 3303 634 qui
3323 562 3595 630 dixerunt,
3621 565 3770 632 aufe.

2176 673 2342 731 ratur,
2369 679 2475 719 non
2503 676 2673 744 usque
2700 659 2834 715 adeo
2856 656 3149 713 dissonant.
3178 654 3415 711 Tollatur
3433 658 3577 715 enim
3600 658 3771 730 magis

484 388 587 445 901

485 499 808 563 mos-taliter;
838 495 1182 569 generationes
1211 499 1389 546 autem
1420 487 1799 562 generationum
1820 526 1835 551 ,
1868 482 2062 554 quibus

486 603 863 663 regeneramur
888 582 1281 641 immortaliter.
1306 581 1371 637 Et
1399 580 1515 635 haec
1538 586 1616 634 est
1642 574 1881 633 Ecclesia
1909 584 2066 644 quam

487 687 576 743 ille
606 680 917 749 antecessit,
941 689 998 735 ut
1023 683 1363 750 permaneret
1389 684 1506 729 ante
1534 673 1727 737 lunam,
1749 667 2071 741 primogeni-

487 790 571 835 tus
599 794 667 835 ex
696 774 943 833 mortuis.
967 774 1109 828 Sane
1137 769 1281 843 quod
1310 779 1390 825 est
1420 768 1471 823 in
1500 781 1673 841 graeco
1698 786 1854 832 νινιας
1877 772 2069 831 γενεῶν,

491 869 729 927 1onnulli
759 864 1097 938 interpretati
1126 873 1283 931 sunt,
1312 876 1418 918 non
1454 858 1798 932 generationes
1816 899 1831 925 ,
1861 854 1955 910 sed
1983 870 2073 926 ge-

491 962 762 1019 nerationis
778 959 1158 1035 generationum
1175 971 1195 1011 :
1214 955 1334 1027 quia
1349 976 1505 1023 γονιας
1524 951 1805 1023 ambiguus
1818 958 1900 1005 est
1919 960 2076 1004 casus

489 1057 541 1112 in
569 1070 766 1129 graeco,
797 1061 851 1109 et
878 1063 1057 1109 utrum
1082 1046 1351 1122 genitivus
1375 1044 1665 1116 singularis
1691 1043 1761 1098 sit
1784 1057 1870 1105 τῆς
1897 1047 2074 1108 γενεᾶς,

490 1148 543 1204 id
572 1155 688 1213 est,
716 1144 879 1217 huius
920 1141 1321 1215 generationis,
1363 1153 1431 1194 an
1479 1135 1811 1192 accusativus
1856 1131 2078 1204 pluralis

490 1250 575 1305 τὰς
595 1246 780 1311 γενεάς,
804 1238 857 1295 id
883 1246 985 1304 est,
1006 1237 1102 1291 has
1128 1233 1525 1308 generationes,
1546 1245 1650 1285 non
1678 1227 1960 1284 evidenter
1986 1240 2080 1295 ap-

493 1343 676 1405 paret;
709 1331 810 1388 nisi
831 1330 954 1402 quia
982 1328 1177 1384 merito
1204 1340 1395 1382 sensus
1441 1324 1530 1379 ille
1578 1320 1835 1397 praelatus
1871 1325 1954 1373 est
1975 1358 1988 1382 ,
2022 1323 2082 1370 ut

492 1436 745 1500 tanquam
774 1421 1094 1495 exponendo
1122 1419 1249 1493 quid
1281 1418 1475 1474 dixerit
1503 1414 1708 1478 lunam,
1738 1419 1955 1468 secutus
1981 1408 2080 1463 ad-

490 1520 754 1592 iungeret,
783 1517 1132 1592 generationes
1157 1512 1560 1590 generationum.

562 1610 616 1669 9.
648 1608 800 1687 [κη.
830 1606 914 1683 6.]
944 1606 1013 1662 Et
1050 1604 1316 1661 descendet
1348 1603 1477 1658 sicut
1523 1594 1695 1670 pluvia
1724 1597 1777 1651 in
1802 1594 1963 1651 vellus
1982 1634 1995 1658 ,
2037 1601 2083 1646 et

491 1707 621 1763 sicut
641 1713 799 1781 guttae
825 1702 1077 1759 stillantes
1101 1713 1255 1771 super
1286 1706 1492 1752 terram.
1525 1688 1769 1749 Recolnit
1806 1696 1859 1743 et
1894 1687 2084 1742 admo-

494 1800 610 1856 nuit
637 1775 766 1854 illud
806 1795 950 1868 quod
992 1793 1189 1850 factum
1226 1800 1308 1847 est
1335 1804 1429 1860 per
1464 1786 1695 1859 judicem
1727 1780 1977 1842 Gedeon,
2016 1775 2087 1832 de

494 1890 709 1950 Christo
740 1888 797 1945 id
834 1887 1035 1943 habere
1065 1885 1248 1941 linem.
1294 1881 1449 1938 Petiit
1476 1880 1673 1953 quippe
1700 1875 1789 1930 ille
1821 1874 2029 1943 signum
2054 1884 2085 1924 a

500 1983 744 2050 Domino,
768 1988 827 2036 ut
859 1980 912 2035 in
940 1992 1066 2034 area
1089 1976 1318 2048 positum
1357 1972 1530 2027 solum
1566 1968 1731 2023 vellus
1762 1962 2089 2034 complnere-

499 2090 604 2148 tur,
634 2086 688 2134 et
714 2077 851 2133 sicca
879 2082 1023 2130 esset
1048 2085 1205 2137 area;
1241 2079 1297 2124 et
1330 2080 1543 2122 rursum
1571 2064 1743 2119 solum
1771 2058 1941 2114 vellus
1980 2056 2086 2111 sic-

496 2187 618 2230 cum
640 2178 816 2236 esset,
845 2178 899 2225 et
928 2165 1330 2236 complueretur
1354 2175 1510 2225 area;
1552 2166 1604 2213 et
1647 2157 1719 2210 ita
1765 2152 1963 2209 factum
2007 2154 2092 2205 est

499 2263 700 2337 (ludic.
724 2278 796 2328 γι,
824 2258 1034 2331 56-40).
1067 2255 1221 2324 Quod
1248 2252 1585 2326 significavit,
1610 2258 1862 2318 tanquam
1887 2246 1939 2299 in
1962 2257 2091 2298 area

502 2335 555 2411 in
587 2365 700 2410 toto
727 2352 858 2407 orbe
883 2360 1149 2405 terrarum
1172 2391 1185 2413 ,
1216 2348 1414 2401 siccum
1445 2343 1619 2398 vellus
1648 2338 1815 2394 fuisse
1858 2335 2094 2407 priorem

502 2448 757 2520 populum
784 2445 969 2501 Israel.
1021 2442 1161 2497 Idem
1207 2440 1319 2510 ipse
1364 2452 1492 2509 ergo
1532 2433 1776 2490 Christus
1819 2426 2096 2486 descendit

502 2541 647 2599 sicut
686 2538 861 2610 pluvia
915 2535 967 2590 in
1016 2534 1219 2601 vellus,
1242 2547 1362 2588 cum
1393 2528 1567 2584 adhuc
1595 2539 1718 2581 area
1746 2525 1887 2580 sicca
1915 2529 2095 2587 esset;

503 2632 645 2691 unde
671 2634 831 2689 etiam
855 2631 1027 2686 dixit:
1056 2625 1178 2682 Non
1218 2640 1330 2681 sum
1368 2626 1550 2679 missus
1592 2620 1690 2676 nisi
1732 2619 1800 2674 ad
1840 2633 1954 2673 oves
1982 2629 2098 2687 qua:

505 2728 759 2800 perierunt
779 2724 960 2779 domus
990 2719 1156 2776 Israel
1177 2717 1393 2792 (Matth.
1418 2714 1648 2783 ΗΑΛ).
1676 2711 1753 2767 lbi
1775 2720 2005 2767 matrem
2028 2705 2099 2763 de

505 2835 607 2893 qua
636 2817 869 2876 formam
900 2816 1040 2872 servi
1072 2814 1359 2884 acciperet,
1394 2810 1445 2864 in
1475 2822 1577 2878 qua
1606 2805 1912 2861 hominibus
1937 2816 2100 2872 appa-

505 2919 685 2980 reret,
715 2909 907 2981 elegit;
939 2907 1010 2962 ibi
1048 2903 1343 2974 discipulos
1369 2900 1566 2972 quibus
1602 2897 1705 2954 hoc
1732 2895 1871 2951 idem
1901 2907 2102 2964 praece-

506 3003 607 3077 pit,
628 3003 812 3059 dicens
839 3018 855 3057 :
884 2997 952 3055 In
976 3000 1109 3053 viam
1132 2996 1369 3053 Gentium
1394 3011 1457 3049 ne
1480 2991 1724 3055 abieritis,
1745 2998 1793 3044 et
1812 2990 1864 3042 in
1880 2986 2102 3041 civitates

509 3095 951 3153 Samaritanorum
980 3110 1044 3147 ne
1066 3089 1362 3145 introieritis
1384 3103 1403 3143 :
1424 3088 1491 3141 ite
1512 3088 1733 3158 primum
1756 3084 1825 3138 ad
1853 3097 1965 3137 oves
1990 3094 2104 3149 qute

509 3188 766 3263 perierunt
794 3185 976 3240 domus
1003 3183 1174 3238 Israel
1213 3180 1325 3256 (Id.
1349 3196 1404 3246 x,
1430 3180 1463 3236 5
1485 3222 1499 3244 ,
1526 3178 1603 3249 6).
1642 3177 1776 3231 Cum
1812 3174 1977 3236 dicit,
2022 3170 2104 3227 Ite

510 3279 732 3355 primum
757 3275 825 3333 ad
854 3278 1007 3344 illas,
1035 3273 1272 3331 ostendit
1300 3281 1355 3327 et
1398 3280 1584 3342 postea
1604 3311 1619 3336 ,
1651 3283 1772 3325 cum
1806 3267 1918 3339 jam
1959 3270 2104 3321 esset

509 3386 636 3430 area
660 3368 1034 3443 compluenda,
1066 3357 1236 3423 ituros
1266 3381 1361 3422 eos
1388 3362 1548 3420 etiam
1575 3361 1641 3417 ad
1671 3361 1803 3415 alias
1827 3373 1954 3414 oves
1985 3372 2103 3429 quae

511 3481 620 3524 non
649 3471 831 3522 essent
853 3479 920 3520 ex
950 3462 1119 3518 veteri
1150 3460 1347 3533 populo
1375 3457 1539 3514 Israel
1560 3498 1575 3523 ,
1615 3454 1683 3509 de
1708 3453 1904 3525 quibus
1935 3452 2064 3506 dicit
2089 3468 2102 3504 :

516 3551 693 3614 Habeo
721 3559 851 3613 alias
881 3572 992 3611 oues
1020 3570 1133 3628 qua:
1159 3569 1260 3609 non
1281 3561 1398 3608 sunt
1421 3566 1484 3605 ea:
1504 3548 1607 3604 hoc
1634 3548 1789 3612 ovili;
1813 3552 2008 3615 oportet
2030 3558 2109 3598 me

512 3661 561 3708 et
578 3652 717 3725 ipsas
736 3650 1003 3715 adducere,
1028 3657 1085 3702 ut
1104 3647 1170 3701 sit
1193 3660 1325 3701 unus
1344 3659 1472 3716 great
1497 3650 1543 3696 et
1564 3657 1696 3695 unus
1726 3648 1899 3711 pastor
1927 3635 2105 3709 (Joan.

513 3760 569 3812 ι,
597 3742 704 3817 ιϐ).
728 3742 864 3799 Hinc
882 3750 937 3798 et
956 3738 1245 3810 Apostolus
1266 3756 1279 3792 :
1300 3736 1430 3790 Dico
1452 3734 1607 3800 enim,
1632 3731 1825 3802 inquit,
1850 3728 2109 3785 Christum

514 3836 802 3891 ministrum
830 3835 987 3906 fuisse
1011 3829 1408 3886 circumcisionis
1450 3833 1658 3898 propter
1692 3823 1948 3879 ueritatent
1983 3820 2107 3889 Dei,

516 3931 587 3986 ad
609 3928 984 4000 conﬁrmandus
1019 3925 1375 3996 promissiones
1405 3929 1630 3993 patrum.
1667 3917 1758 3974 Sic
1796 3916 1973 3987 pluvia
2012 3914 2113 3970 de-

518 4022 724 4079 scendit
751 4034 912 4092 Super
935 4018 1107 4073 vellus
1127 4058 1144 4085 ,
1172 4016 1314 4072 sicca
1338 4013 1515 4071 adhuc
1541 4025 1691 4067 area.
1726 4009 1833 4067 Sed
1860 4009 2112 4082 quoniam

520 4115 781 4187 sequitur,
813 4108 999 4167 Gentes
1043 4118 1210 4165 autem
1250 4123 1403 4179 super
1432 4103 1783 4161 misericordia
1822 4102 2116 4176 gloriﬁcare

520 4203 687 4264 Deum
716 4204 894 4276 (Rom.
919 4218 1011 4270 xv,
1035 4201 1090 4271 8,
1111 4200 1191 4275 9);
1216 4208 1276 4256 ut
1299 4197 1591 4256 accedente
1613 4204 1859 4267 tempore
1880 4193 2117 4264 comple-

521 4306 672 4356 retur
699 4293 841 4368 quod
874 4306 971 4365 per
1002 4288 1325 4361 Pr0phetam
1353 4290 1513 4351 dicit,
1551 4286 1789 4352 Populus
1823 4303 1971 4351 quem
2015 4302 2118 4333 non

524 4393 735 4469 cognovi
767 4390 967 4447 seruiuit
1000 4386 1126 4443 mihi
1153 4398 1174 4440 :
1197 4384 1252 4439 in
1290 4379 1535 4436 obauditu
1573 4377 1714 4431 auris
1740 4374 1955 4431 obedivit
1997 4375 2122 4430 mihi

531 4489 699 4564 lPsal.
722 4501 835 4544 xvn
856 4526 870 4551 ,
911 4482 1021 4555 45)
1047 4500 1062 4535 :
1096 4477 1339 4533 videmus
1362 4474 1472 4545 jam
1500 4471 1669 4544 gratia
1695 4469 1891 4526 Christi
1922 4469 2121 4525 siccam

460 4634 465 4638 .
526 4579 854 4640 remansisse
877 4584 1092 4649 gentem
1120 4570 1427 4628 Judzeorum
1448 4610 1462 4633 ,
1497 4572 1775 4637 totumque
1797 4564 1982 4620 orbem
2012 4573 2121 4619 ter-

458 4662 467 4676 ’
528 4690 713 4734 rarum
753 4673 806 4728 in
844 4667 1095 4726 omnibus
1119 4662 1369 4737 gentibus
1394 4658 1702 4716 christiana:
1727 4656 1913 4731 gratiae
1951 4654 2126 4726 plenis

533 4765 764 4824 nubibus
788 4759 1041 4831 complui.
1070 4756 1192 4812 Alio
1218 4753 1413 4825 quippe
1436 4749 1603 4807 verbo
1624 4747 1869 4804 eamdem
1893 4745 2127 4817 pluviam

535 4854 883 4936 signiﬁcavit,
911 4852 1117 4919 dicens,
1142 4846 1310 4905 Gutta:
1348 4846 1630 4909 stillantes;
1662 4857 1767 4897 non
1808 4841 1921 4912 jam
1968 4853 2131 4909 super

535 4930 743 5016 vellus,
773 4946 865 5006 sed
892 4961 1045 5017 super
1069 4950 1275 4998 terram.
1317 4936 1456 5009 Quid
1486 4943 1570 4993 est
1593 4935 1735 4991 enim
1765 4930 1910 4988 aliud
1952 4930 2130 5003 pluvia

536 5059 700 5119 quam
728 5048 890 5115 gutta:
920 5033 1217 5094 stillantes?
1248 5032 1372 5088 ideo
1398 5039 1574 5087 autem
1604 5028 1749 5085 illam
1776 5035 1989 5097 gentem
2022 5023 2134 5079 vel-

537 5139 669 5197 leris
708 5132 926 5191 nomine
970 5124 1257 5201 signiﬁcari
1306 5133 1469 5197 puto,
1499 5122 1585 5178 vel
1628 5120 1751 5193 quia
1789 5119 2133 5193 exspolianda

541 5231 715 5291 fuerat
763 5225 1081 5283 auctoritate
1120 5220 1418 5286 doctrinae,
1463 5216 1600 5272 sicut
1646 5214 1765 5270 ovis
1806 5213 2136 5285 exspoliatut'

543 5323 778 5388 vellere;
810 5319 897 5376 vel
925 5316 1047 5390 quia
1081 5315 1134 5370 in
1162 5311 1351 5370 abdito
1372 5308 1616 5366 eamdem
1649 5307 1884 5379 pluviam
1924 5306 2136 5362 detine-

549 5416 658 5482 bat,
681 5421 840 5485 q'uam
870 5409 1086 5465 nolebat
1117 5404 1377 5480 prteputio
1410 5401 1730 5472 praedicari,
1754 5399 1806 5455 id
1832 5408 1914 5456 est
1934 5442 1950 5467 ,
1978 5398 2141 5454 incir-

549 5506 801 5568 cumcisis
825 5503 1074 5579 gentibus
1103 5497 1351 5557 revelari.

624 5599 711 5656 10.
741 5596 892 5675 [verm
917 5590 1001 5670 7.]
1028 5592 1235 5648 Orietur
1257 5590 1310 5644 in
1340 5588 1512 5644 diebus
1544 5596 1654 5657 eius
1678 5587 1881 5659 justitia
1909 5596 1953 5641 et
1981 5586 2143 5641 abun-

558 5693 725 5749 tantia
752 5689 914 5765 pacis,
944 5688 1107 5744 donec
1133 5685 1340 5742 tollatur
1370 5682 1511 5739 luna.
1556 5680 1612 5734 ld
1639 5681 1780 5752 quod
1808 5681 2008 5737 dictum
2038 5687 2139 5747 est,

558 5784 784 5852 tollatur,
814 5781 904 5837 alii
954 5778 1285 5850 interpretati
1332 5782 1491 5844 sunt,
1528 5777 1790 5839 auferatur
1811 5791 1829 5827 :
1857 5772 1945 5828 alii
1977 5788 2140 5843 vero,

563 5876 868 5944 extollatur;
895 5888 1060 5928 unum
1086 5871 1309 5929 verbum
1330 5882 1565 5940 graecum
1594 5869 1731 5923 sicut
1759 5867 2040 5939 unicuique
2066 5866 2146 5921 vi-

2179 757 2338 813 habet
2380 752 2714 812 consuetudo
2754 753 2827 808 ita
2870 750 3009 816 dici,
3047 757 3107 804 ut
3143 749 3413 805 auferatur
3440 759 3497 805 et
3528 765 3634 804 non
3664 751 3768 817 sit,

2180 868 2338 925 quam
2371 852 2443 907 ita
2471 860 2528 906 ut
2555 850 2714 905 altius
2743 845 3009 910 elevetur;
3056 847 3322 915 auferatur
3367 859 3494 899 vero
3545 857 3771 915 prorsus

2181 945 2338 1001 aliter
2367 942 2590 1015 intelligi
2620 955 2726 997 non
2754 946 2967 1012 potest,
3002 935 3101 990 nisi
3129 945 3186 990 ut
3217 935 3492 1006 perdatur,
3522 934 3625 990 hoc
3648 945 3733 991 est
3753 975 3769 1002 ,

2184 1049 2240 1093 ut
2264 1053 2369 1094 non
2401 1037 2471 1093 sit
2496 1056 2508 1091 :
2532 1032 2804 1091 extollatur
2829 1040 3010 1086 autem
3037 1028 3169 1084 nihil
3201 1029 3301 1084 nisi
3332 1038 3391 1084 ut
3416 1028 3575 1084 altius
3603 1026 3773 1084 cleve-

2187 1142 2291 1188 tur.
2333 1129 2485 1200 Quod
2529 1128 2744 1201 quidem
2788 1142 2907 1183 cum
2941 1124 2995 1180 in
3026 1124 3169 1178 malo
3203 1124 3436 1196 ponitur,
3464 1123 3773 1194 superbiam

2186 1228 2323 1283 solet
2364 1222 2699 1296 signiﬁcare;
2726 1219 2884 1277 sicuti
2915 1227 2999 1276 est
3027 1237 3038 1271 :
3067 1216 3138 1275 In
3165 1227 3254 1273 tua
3275 1217 3524 1287 sapientia
3554 1217 3660 1271 noli
3688 1233 3776 1272 ea:-

2188 1321 2299 1377 tolli
2329 1318 2517 1394 (Eccli.
2544 1334 2706 1382 xxxn,
2731 1314 2810 1387 6).
2835 1313 2891 1369 In
2919 1313 3061 1369 bono
3081 1321 3259 1368 autem
3275 1309 3339 1367 ad
3363 1311 3625 1369 honorem
3654 1327 3775 1383 per-

2187 1417 2322 1472 tinet
2360 1412 2677 1486 ampliorem
2701 1452 2718 1478 ,
2746 1409 2893 1466 velut
2921 1422 3042 1464 eum
3070 1404 3271 1479 aliquid
3310 1406 3587 1471 elevatur;
3620 1404 3777 1461 sicuti

2188 1519 2309 1567 est:
2338 1507 2403 1561 1n
2433 1503 2661 1562 noctibus
2696 1500 2918 1559 satellite
2959 1516 3142 1555 manus
3176 1507 3363 1554 vestras
3397 1497 3452 1553 in
3490 1506 3702 1564 sancta,
3732 1506 3779 1553 et

2188 1602 2461 1658 benedicite
2489 1599 2768 1655 Dominum
2795 1596 2967 1672 (Psal.
2991 1611 3213 1660 cxxxm,
3238 1593 3319 1664 2).
3344 1593 3441 1651 Hic
3467 1608 3601 1667 ergo
3626 1592 3673 1647 si
3696 1608 3779 1647 au-

2192 1699 2385 1768 feratur
2414 1694 2614 1751 dietum
2642 1690 3085 1755 intellexerimus,
3106 1685 3235 1759 quid
3263 1688 3365 1743 erit
3389 1686 3548 1740 donec
3573 1687 3781 1757 aufera-

2193 1800 2273 1844 tur
2294 1790 2435 1855 luna,
2466 1786 2568 1843 nisi
2589 1784 2851 1842 efﬁciatur
2872 1792 3057 1839 utnon
3086 1780 3186 1835 sit?
3214 1779 3482 1835 Fortassis
3509 1778 3653 1834 enim
3681 1777 3784 1833 hoc

2197 1881 2422 1952 intelligi
2452 1879 2639 1947 voluit,
2671 1892 2741 1933 ne
2768 1876 2990 1931 ulterius
3015 1874 3084 1930 sit
3111 1872 3432 1938 mortalitas,
3455 1868 3673 1942 quando
3702 1886 3784 1925 no-

2193 1973 2398 2030 vissima
2437 1972 2642 2026 inimica
2685 1971 2972 2024 destruetur
3014 1982 3151 2021 mors
3197 1964 3253 2038 (l
3282 1964 3400 2019 Cor.
3427 1979 3515 2027 xv,
3541 1960 3650 2035 26)
3686 1980 3698 2016 :
3732 1970 3787 2017 ut

2195 2067 2341 2139 pacis
2370 2062 2690 2120 abundantia
2720 2075 2892 2132 usque
2934 2057 3001 2115 ad
3047 2058 3150 2115 hoc
3180 2056 3534 2128 perducatur,
3565 2071 3633 2111 ne
3658 2051 3788 2126 quid

2197 2163 2414 2218 resistat
2437 2155 2674 2214 felicitati
2697 2155 2978 2213 beatorum
3004 2152 3018 2184 ³
3044 2166 3112 2209 ex
3138 2150 3449 2206 inﬁrmitate
3479 2148 3786 2203 mortalita-

2199 2256 2301 2322 tis;
2329 2252 2473 2325 quod
2497 2251 2600 2308 erit
2624 2251 2676 2305 in
2705 2249 2800 2305 illo
2827 2246 3059 2312 saeculo,
3101 2244 3257 2315 cujus
3301 2254 3546 2300 tenemus
3575 2240 3791 2298 ﬁdelem

2200 2347 2611 2421 promissionem
2642 2342 2739 2399 Dei
2769 2356 2863 2413 per
2883 2340 3066 2396 Jesum
3086 2336 3361 2394 Christum
3388 2335 3668 2390 Dominum
3689 2348 3790 2388 no-

2204 2454 2397 2509 strum,
2424 2440 2493 2497 de
2518 2453 2625 2511 quo
2644 2435 2862 2502 dicitur,
2889 2432 3095 2493 Orietur
3118 2433 3170 2487 in
3198 2428 3372 2486 diebus
3393 2428 3499 2501 ejus
3513 2426 3718 2503 justitia
3740 2432 3792 2480 et

2203 2534 2518 2591 abundantia
2547 2531 2686 2605 pacis
2713 2544 2734 2585 :
2755 2529 2927 2585 donec
2951 2536 3128 2584 morte
3153 2524 3374 2597 omnino
3398 2522 3603 2578 devicta
3633 2527 3796 2591 atque

2204 2630 2474 2685 destructa
2496 2670 2509 2693 ,
2533 2624 2708 2681 omnis
2731 2622 3030 2679 mortalitas
3055 2619 3383 2675 absumatur.
3414 2614 3509 2671 Sin
3540 2627 3671 2668 vero
3703 2625 3795 2666 vo-

2204 2723 2395 2780 cabulo
2422 2722 2563 2779 lunae
2586 2761 2602 2786 ,
2632 2735 2740 2775 non
2768 2716 3066 2774 mortalitas
3094 2712 3273 2770 carnis
3320 2724 3415 2781 per
3449 2722 3615 2778 quam
3655 2718 3799 2765 nunc

2207 2817 2396 2873 transit
2420 2813 2681 2880 Ecclesia,
2709 2811 2807 2867 sed
2836 2812 2952 2882 ipsa
2975 2807 3195 2863 omnino
3222 2802 3465 2860 Ecclesia
3494 2798 3796 2871 signiﬁcata

2207 2917 2321 2977 est,
2354 2923 2476 2981 qum
2502 2912 2815 2978 permaneat
2839 2904 2892 2957 in
2922 2911 3181 2957 aeternum
3202 2940 3219 2965 ,
3248 2897 3314 2952 ab
3345 2894 3444 2950 hac
3472 2891 3800 2949 mortalitate

2208 3004 2461 3069 liberata;
2494 3002 2565 3056 ita
2586 3000 2787 3056 dictum
2809 2994 3178 3067 accipiendum
3200 2999 3301 3057 est,
3322 2988 3529 3045 Orietur
3547 2987 3602 3041 in
3629 2985 3800 3040 diebus

2210 3099 2319 3170 ejus
2336 3096 2540 3168 justitia
2565 3103 2612 3149 et
2635 3090 2950 3148 abundantia
2979 3087 3143 3160 pacis,
3166 3087 3322 3141 donec
3348 3080 3630 3137 extollatur
3658 3079 3798 3144 luna,

2212 3200 2462 3262 tanquam
2505 3187 2816 3244 diceretur:
2846 3184 3064 3240 Orietur
3090 3180 3142 3236 in
3173 3178 3364 3236 diebus
3400 3175 3519 3246 ejus
3556 3171 3799 3244 justitia,

2211 3302 2331 3357 quae
2355 3281 2837 3340 contradictionem
2865 3293 2931 3334 ac
2956 3274 3362 3333 rebellationem
3387 3268 3567 3325 carnis
3594 3268 3799 3331 vincat,

2212 3388 2266 3435 et
2292 3379 2381 3436 ﬁet
2420 3393 2521 3450 pax
2552 3378 2605 3432 in
2637 3383 2847 3432 tantum
2895 3383 3149 3429 crescens
3188 3377 3244 3425 et
3285 3364 3604 3430 abundans,
3634 3360 3804 3417 donec

2212 3472 2337 3531 luna
2364 3470 2669 3536 extollatur,
2695 3468 2748 3524 id
2773 3476 2879 3535 est,
2903 3465 3151 3521 elevetur
3176 3458 3439 3525 Ecclesia,
3461 3471 3559 3527 per
3579 3455 3803 3525 gloriam

2214 3564 2624 3623 resurrectionis
2668 3578 2793 3619 cum
2840 3560 2934 3615 illo
2979 3564 3302 3628 regnatura,
3327 3552 3415 3622 qui
3456 3564 3579 3607 eam
3621 3549 3676 3603 in
3710 3547 3806 3601 hac

2213 3659 2382 3731 gloria
2412 3655 2801 3730 primogenitae
2829 3668 2860 3707 a
2888 3649 3116 3706 mortuis
3141 3645 3461 3710 antecessit,
3506 3651 3567 3699 ut
3593 3640 3806 3697 sederet

2214 3751 2283 3808 ad
2323 3750 2599 3806 dexteram
2642 3746 2816 3802 Patris
2863 3742 3056 3818 (Marc.
3095 3737 3391 3810 xvi,19);
3436 3736 3511 3791 ita
3548 3750 3667 3793 cum
3702 3731 3807 3788 sole

2215 3856 2541 3915 permanens
2577 3850 2695 3895 ante
2732 3838 2941 3903 lunam,
2982 3848 3091 3905 quo
3131 3838 3317 3903 postea
3364 3826 3719 3884 extolleretur
3752 3830 3806 3878 et

2218 3937 2359 3993 luna.

2291 4028 2378 4085 11.
2408 4024 2557 4100 [vers.
2584 4021 2664 4097 8.]
2693 4021 2760 4079 Et
2783 4018 3123 4076 dominabitur
3151 4032 3184 4070 ιι
3212 4012 3344 4068 mari
3371 4026 3531 4083 usque
3550 4009 3620 4064 ad
3648 4022 3805 4069 mare.

2221 4133 2268 4181 et
2291 4140 2323 4177 a
2343 4121 2557 4195 ﬂumine
2582 4134 2736 4190 usque
2758 4116 2826 4170 ad
2850 4113 3089 4169 terminos
3113 4108 3248 4183 orbis
3273 4117 3442 4161 terra.
3472 4103 3548 4158 De
3576 4113 3685 4172 quo
3710 4100 3811 4153 uli-

2222 4232 2328 4289 que
2346 4193 2562 4273 dixerat
2586 4231 2600 4268 ε
2631 4212 2836 4266 Orietur
2858 4208 2911 4262 in
2935 4205 3107 4259 diebus
3131 4204 3240 4271 ejus
3254 4197 3458 4270 justitia
3481 4204 3531 4250 et
3553 4193 3810 4249 eam

2225 4313 2296 4362 tia
2323 4308 2463 4377 pacis
2483 4346 2495 4369 ,
2527 4302 2685 4357 donec
2715 4299 2986 4356 extollatur
3015 4296 3159 4351 luna.
3192 4292 3247 4351 Si
3279 4291 3521 4355 Ecclesia
3553 4290 3643 4347 hic
3668 4297 3813 4345 recte

2227 4397 2555 4471 signiﬁcatur
2604 4392 2862 4450 vocabulo
2910 4391 3087 4454 lunae,
3137 4393 3530 4456 consequenter
3578 4382 3816 4440 ostendit

2226 4506 2388 4561 quam
2413 4489 2518 4545 late
2542 4486 2783 4543 eamdem
2815 4482 3110 4540 Ecclesiam
3142 4480 3314 4537 fuerat
3336 4477 3661 4542 diﬁusnrus,
3691 4489 3814 4532 cum

2228 4582 2421 4653 adjecit
2451 4597 2465 4636 :
2494 4579 2562 4634 Et
2595 4576 2938 4634 dominabitur
2974 4591 3007 4628 a
3047 4574 3178 4628 mari
3201 4588 3358 4640 usque
3386 4572 3455 4626 ad
3479 4585 3642 4625 mare.
3689 4567 3818 4624 lari

2230 4674 2429 4746 quippe
2465 4686 2661 4743 magno
2698 4670 2929 4740 cingitur
2961 4675 3102 4723 terra
3126 4707 3142 4731 ,
3168 4664 3261 4737 qui
3287 4672 3509 4721 vocatur
3533 4662 3817 4725 Oceanus;
3870 4662 3874 4665 ⁷

2232 4767 2303 4824 de
2323 4780 2430 4838 quo
2458 4764 2633 4821 inﬂuit
2657 4760 2907 4833 quiddam
2943 4761 3190 4831 exiguum
3222 4758 3276 4812 in
3314 4754 3492 4811 medio
3518 4764 3784 4810 terrarum
3803 4792 3820 4816 ,

2233 4870 2288 4923 et
2316 4861 2439 4918 iacit
2465 4860 2567 4916 ista
2595 4859 2760 4913 maria
2791 4863 2915 4912 nota
2946 4855 3132 4921 nobis,
3164 4866 3286 4923 qua:
3321 4850 3545 4921 navigiis
3570 4848 3823 4918 frequen-

2235 4962 2432 5013 tantur.
2464 4950 2712 5016 Proinde,
2747 4966 2779 5003 α
2806 4948 2936 5004 mari
2960 4946 3207 5029 usquead
3228 4960 3385 5007 mare,
3408 4958 3440 4999 ιι
3458 4942 3703 5013 quolibet
3723 4939 3826 4997 ﬁne

2239 5057 2417 5116 terrae,
2449 5061 2619 5116 usque
2647 5042 2711 5103 ad
2738 5040 3033 5115 quemlibet
3058 5040 3218 5096 linem
3241 5037 3646 5096 dominatnrum
3671 5034 3826 5098 dixit,

2237 5141 2392 5211 cujus
2414 5151 2616 5197 nomen
2630 5145 2686 5191 et
2702 5142 2937 5205 p0testas
2954 5140 3067 5188 toto
3086 5131 3217 5188 orbe
3232 5131 3444 5189 fuerant
3462 5124 3828 5199 praedicanda,

2238 5234 2574 5302 multumque
2600 5229 2851 5285 valitura.
2875 5226 3028 5294 Quod
3054 5240 3122 5283 ne
3145 5224 3304 5283 aliter
3327 5230 3510 5293 posset
3534 5219 3786 5291 intelligi,
3803 5234 3835 5275 α

2242 5328 2371 5387 mari
2419 5341 2575 5397 usque
2615 5322 2683 5378 ad
2726 5336 2895 5386 mare;
2935 5319 3192 5376 continuo
3242 5315 3518 5388 subjecit,
3561 5323 3613 5371 es
3651 5331 3685 5371 ο
3725 5313 3836 5384 ﬂu-

2244 5422 2379 5479 mine
2408 5435 2565 5488 usque
2605 5416 2673 5472 ad
2714 5416 2956 5471 terminos
3001 5412 3138 5470 orbis
3180 5420 3349 5468 terra.
3397 5408 3552 5479 Quod
3580 5421 3714 5479 ergo
3736 5408 3837 5473 ait,

2246 5528 2403 5584 usque
2428 5511 2497 5566 ad
2539 5510 2776 5565 terminos
2804 5507 2939 5563 orbis
2966 5516 3150 5570 terrm;
3199 5503 3305 5560 hoc
3344 5511 3470 5559 ante
3511 5499 3762 5566 dixerat,
3808 5513 3841 5553 α

2248 5603 2380 5661 mari
2402 5618 2559 5675 usque
2580 5601 2648 5656 ad
2676 5616 2832 5656 mare.
2876 5598 3029 5667 Quod
3051 5594 3191 5654 vero
3214 5610 3356 5653 nune
3383 5595 3495 5661 ait,
3520 5611 3554 5648 ιι
3593 5593 3841 5665 ﬂii-title;

2248 5696 2527 5753 evidenter
2554 5695 2816 5765 expressit
2843 5692 2966 5748 inde
2995 5691 3231 5749 voluisse
3275 5688 3550 5747 Christum
3594 5696 3839 5759 potesta-

2251 5806 2579 5936 iux’l'e‘gque
2603 5815 2706 5858 uss.
2728 5804 2854 5869 loco,
2871 5805 3131 5868 beatortou,
3152 5803 3355 5867 habent,
3378 5808 3705 5871 peccatorum.
3726 5806 3828 5849 om
