4076 6474
330 329 427 388 eos
1152 392 1167 403 ,
1423 328 1818 391 unaunam
1856 327 1922 385 1N
1962 326 2283 387 PSALMUM
2324 312 2531 389 LXXI.-

329 458 428 500 tem
458 460 611 505 suam
653 445 761 523 jam
790 445 1166 503 commendare
1188 487 1203 512 ,
1228 446 1375 502 unde
1403 457 1457 502 et
1484 446 1773 518 discipulos
1799 461 1910 502 cm~

326 539 401 611 pit
431 537 661 611 eligere;
691 555 718 593 ει
747 538 963 595 flumine
990 540 1195 596 scilicet
1224 539 1479 604 Jordane,
1513 539 1603 596 ubi
1629 556 1789 612 super
1814 540 1910 596 ba-

322 631 579 701 ptizatum
605 630 883 685 Dominum
906 646 1026 687 cum
1051 630 1400 688 descenderet
1422 630 1652 704 Spiritus
1674 642 1908 699 sanctus,

321 724 500 780 sonuit
552 740 651 780 vox
695 723 761 779 de
810 724 991 779 ccelo:
1029 722 1126 778 Hie
1168 736 1238 778 est
1286 723 1454 780 Filius
1506 724 1910 782 meus.ditectus

322 816 535 893 (Matth.
561 833 652 883 ιιι,
677 814 807 889 17).
839 815 971 872 Hinc
999 833 1124 889 ergo
1150 816 1393 873 doctrina
1424 816 1540 889 ejus
1569 818 1829 890 incipiens
1857 827 1911 873 et

323 909 610 982 magisterii
639 910 871 967 caelestis
897 910 1208 975 auctoritas,
1241 910 1496 967 dilatatur
1523 927 1694 983 usque
1716 911 1781 967 ad
1803 919 1910 966 ter-

322 1004 495 1058 minos
524 1003 671 1059 orbis
694 1013 871 1070 terrte,
894 1020 1015 1061 cum
1044 1004 1362 1077 praedicatur
1391 1005 1732 1077 Evangelium
1760 1003 1907 1077 regni

321 1093 371 1149 in
407 1094 656 1150 universo
681 1094 811 1151 orbe
831 1138 845 1162 ,
878 1095 929 1150 in
960 1095 1322 1152 testimonium
1351 1096 1598 1153 omnibus
1621 1095 1904 1170 gentibus;

278 1182 279 1185 “
318 1198 371 1243 ει
399 1197 525 1245 tunc
550 1190 728 1247 veniet
758 1190 897 1263 ﬁnis.

392 1278 482 1335 12.
516 1277 669 1354 [vers.
698 1278 777 1354 9.]
806 1261 988 1345 Coram
1016 1261 1114 1337 illo.
1132 1282 1360 1337 decident
1385 1282 1401 1316 ί
1426 1280 1721 1353 Ειὴὶορεδ,
1746 1290 1791 1336 et
1818 1280 1910 1335 ini-

317 1374 438 1428 mici
456 1375 565 1445 ejus
587 1385 770 1431 terram
795 1376 1001 1453 tingent.
1034 1376 1134 1432 Per
1157 1375 1458 1448 )Ethiopes,
1481 1393 1511 1432 a
1539 1386 1689 1449 parte
1712 1385 1902 1445 totum,

317 1482 505 1523 omnes
521 1479 706 1539 gentes
735 1464 1081 1542 significavit;
1111 1484 1227 1525 eam
1259 1471 1460 1543 eligens
1485 1480 1718 1543 gentem,
1744 1486 1903 1542 quam

316 1559 649 1637 potissimum
682 1561 1013 1629 nominaret,
1039 1578 1158 1634 quae
1185 1562 1237 1618 in
1270 1563 1463 1618 ﬁnibus
1490 1574 1647 1620 terrae
1674 1573 1775 1620 est.
1803 1560 1905 1621 Co-

313 1671 426 1710 ram
468 1652 560 1709 illo
601 1652 895 1725 procident,
923 1654 1122 1710 dictum
1172 1666 1290 1725 est,
1322 1656 1623 1713 adorabunt
1649 1673 1796 1713 eum.
1840 1654 1905 1712 Et

312 1748 434 1820 quia
486 1747 771 1804 schismata
823 1747 995 1804 futura
1042 1757 1203 1806 erant
1253 1765 1347 1821 per
1382 1746 1590 1807 diversa
1639 1759 1903 1808 terrarum

311 1839 427 1895 loca
451 1884 464 1905 ,
496 1856 616 1912 qua:
656 1836 959 1897 inviderent
1000 1841 1255 1897 Ecclesia:
1282 1842 1560 1897 catholicae
1593 1851 1703 1898 toto
1730 1853 1901 1898 terra-

308 1949 429 1989 rum
458 1932 590 1990 orbe
617 1932 851 2001 dilfusre;
882 1935 1068 1992 eadem
1100 1950 1262 2007 porro
1291 1935 1579 1993 schismata
1612 1953 1706 2008 per
1732 1935 1902 1991 homi-

307 2037 439 2079 num
464 2025 677 2081 nomina
700 2042 758 2082 se
781 2025 990 2082 fuerant
1016 2026 1273 2094 divisura,
1305 2037 1376 2093 et,
1409 2030 1652 2086 homines
1672 2029 1903 2085 amando

306 2117 503 2187 quibus
526 2119 833 2176 auctoribus
854 2121 1019 2177 scissa
1046 2131 1188 2186 sunt,
1208 2122 1392 2195 gloriae
1415 2122 1636 2191 Christi,
1662 2140 1781 2196 quae
1808 2139 1903 2195 per

305 2226 498 2267 omnes
547 2220 716 2268 terras
763 2224 880 2281 est,
909 2214 1428 2272 inimicatura:ideo
1471 2232 1595 2273 cum
1638 2217 1897 2283 dixisset,

305 2302 491 2360 Coram
520 2304 611 2361 illa
634 2306 861 2363 decident
889 2305 1195 2380 £thiopes;
1222 2310 1481 2382 adjunxit,
1509 2322 1557 2367 et
1579 2312 1773 2367 inimici
1792 2313 1902 2383 ejus

304 2403 495 2451 terram
518 2396 742 2472 ﬁngent;
765 2398 814 2457 id
838 2409 937 2465 cst,
971 2390 1216 2458 homines
1243 2402 1520 2471 amabunt,
1551 2412 1607 2459 ut
1630 2403 1903 2459 invideant

302 2487 492 2557 gloria:
517 2489 712 2546 Christi
736 2534 749 2558 ,
775 2492 859 2547 cui
890 2491 1091 2549 dictum
1119 2502 1202 2549 est
1220 2535 1235 2560 ,
1264 2492 1506 2550 Exaltare
1534 2512 1690 2564 super
1714 2494 1864 2550 caelos
1882 2538 1897 2563 ,

306 2578 469 2649 Deus,
494 2591 541 2638 et
564 2599 716 2653 super
737 2601 934 2640 omnem
961 2596 1145 2641 terram
1171 2587 1335 2660 gloria
1355 2597 1444 2642 tua
1469 2585 1643 2661 (Psal.
1666 2605 1797 2656 cvn,
1820 2588 1896 2659 6).

300 2671 483 2729 Homo
531 2676 727 2757 quippe
769 2679 954 2734 audire
999 2681 1195 2736 meruit
1228 2679 1427 2737 :Terra
1451 2700 1533 2748 es,
1557 2692 1605 2737 et
1632 2683 1686 2737 in
1715 2694 1900 2739 terram

300 2764 398 2820 ibis
428 2763 581 2838 (Gen.
609 2786 692 2836 ιιι,
721 2770 830 2844 19).
862 2768 1008 2834 lianc
1040 2781 1236 2829 terram
1270 2773 1557 2848 lingendo,
1585 2774 1638 2830 id
1663 2784 1781 2841 est,
1818 2785 1897 2832 ta—

300 2855 436 2912 lium
467 2861 782 2917 auctoritate
807 2865 1089 2937 vaniloqua
1115 2865 1361 2922 delectati
1386 2908 1399 2933 ,
1431 2882 1525 2921 eos
1552 2868 1780 2924 amando
1800 2910 1815 2935 ,
1848 2878 1901 2924 et

299 2946 356 3003 in
379 2950 729 3008 suavissimos
753 2953 1021 3021 habendo,
1045 2957 1416 3016 contradicunt
1436 2959 1630 3015 divinis
1651 2960 1896 3032 eloquiis,

297 3039 496 3111 quibus
522 3041 788 3099 catholica
818 3044 1054 3102 Ecclesia
1085 3048 1434 3117 praenuntiata
1466 3058 1567 3116 est,
1597 3066 1702 3105 non
1729 3050 1781 3106 in
1804 3053 1901 3107 ali-

297 3149 406 3206 qua
441 3144 592 3205 parte
618 3145 880 3194 terrarum
907 3139 1098 3208 futura,
1134 3142 1273 3198 sicut
1298 3142 1549 3223 quaelibet
1575 3143 1896 3214 schismata;

295 3226 396 3283 sed
427 3229 482 3284 in
514 3231 765 3287 universo
789 3233 987 3289 llllllldO
1014 3235 1379 3311 fructificando
1399 3245 1557 3311 atque
1582 3237 1896 3308 crescendo,

294 3335 473 3393 usque
505 3320 571 3378 ad
600 3323 746 3395 ipsos
766 3324 1066 3398 lEthiopcs,
1093 3339 1363 3385 extremos
1388 3328 1634 3386 videlicet
1657 3339 1711 3385 et
1740 3338 1903 3387 teter-

294 3412 467 3469 rimos
492 3414 788 3487 hominum,
819 3427 1159 3489 perventura.

371 3508 463 3564 15.
494 3507 657 3582 [versu
691 3510 755 3566 l0
773 3555 788 3579 ,
821 3511 933 3585 11.]
985 3511 1142 3586 Reges
1169 3512 1382 3568 Tharsis
1410 3522 1457 3570 et
1482 3514 1664 3570 insula:
1687 3532 1899 3571 munera

295 3597 545 3668 olerent;
575 3618 714 3676 reges
738 3604 961 3659 Arabum
985 3615 1030 3659 et
1061 3604 1199 3661 Saba
1223 3607 1358 3661 dona
1383 3607 1654 3662 adducent.
1680 3606 1747 3662 Et
1774 3608 1901 3665 ado-

294 3690 489 3746 rabunt
516 3709 629 3747 eum
654 3712 824 3750 omnes
849 3713 987 3768 reges
1010 3707 1187 3763 terrae;
1209 3715 1381 3753 omnes
1405 3710 1575 3771 gentes
1596 3702 1808 3757 servient
1831 3703 1897 3758 ei.

295 3784 415 3843 Hoc
438 3786 550 3859 jam
582 3804 688 3844 non
714 3792 1096 3864 cxpositorem,
1127 3792 1219 3848 sed
1245 3795 1722 3869 contemplatorem
1750 3796 1895 3853 desi-

296 3879 491 3946 derat;
526 3880 634 3936 imo
662 3896 767 3936 non
797 3881 970 3938 solum
996 3883 1292 3940 laetantium
1326 3884 1583 3956 ﬁdelium,
1615 3887 1710 3945 sed
1735 3888 1895 3944 etiam

296 3966 599 4028 infidelium
637 3974 964 4044 gementium
1011 3975 1241 4033 infertur
1268 3980 1611 4049 aspectibus:
1640 3980 1738 4037 nisi
1784 3978 1896 4037 for-

297 4074 445 4121 tasse
475 4066 822 4137 quaerendum
850 4080 931 4125 est
961 4068 1088 4142 quid
1118 4070 1318 4127 dictum
1346 4072 1435 4141 sit,
1461 4073 1596 4128 dona
1624 4073 1893 4130 adducent.

296 4156 375 4214 Ea
426 4157 627 4228 quippe
674 4159 865 4216 adduci
912 4162 1123 4231 solent,
1160 4179 1280 4234 qua:
1323 4164 1599 4221 ambulare
1645 4175 1893 4239 possunt.

296 4249 697 4319 Numquidnam
720 4266 848 4322 ergo
871 4249 936 4305 de
960 4253 1297 4307 immolandis
1314 4256 1543 4311 victimis
1564 4256 1666 4312 dici
1695 4258 1899 4326 potuit?

295 4341 458 4396 Absit
488 4350 546 4397 ut
574 4341 695 4397 talis
722 4342 924 4397 oriatur
952 4342 1003 4397 in
1032 4342 1222 4403 diebus
1250 4342 1367 4414 ejus
1396 4343 1622 4415 justitia.
1658 4344 1765 4401 Sed
1798 4348 1896 4401 ista

296 4433 445 4491 dona
488 4450 607 4506 quae
650 4434 959 4492 adducenda
1000 4432 1253 4508 praedicta
1297 4445 1443 4504 sunt,
1474 4435 1722 4495 homines
1768 4438 1899 4499 mihi

295 4526 555 4583 videntur
599 4526 938 4598 signiﬁcare,
986 4544 1121 4601 quos
1174 4530 1225 4584 in
1277 4530 1587 4587 societatem
1637 4528 1896 4587 Ecclesiae

295 4616 503 4673 Christi
556 4634 741 4689 regum
796 4618 1013 4676 adducit
1065 4621 1391 4686 auctoritas;
1444 4621 1690 4693 quamvis
1741 4638 1897 4694 reges

295 4710 466 4766 etiam
517 4719 899 4782 persequentes
937 4710 1076 4767 dona
1124 4712 1441 4767 adduxerim
1467 4755 1482 4781 ,
1521 4730 1625 4770 non
1667 4715 1897 4771 scientes

294 4801 429 4873 quid
460 4800 701 4859 facerent
730 4815 943 4859 sanctos
967 4817 1231 4878 martyres
1262 4807 1610 4863 immolando.

376 4895 466 4950 M.
498 4891 787 4970 [vers.12.]
825 4894 957 4953 Cum
984 4912 1114 4953 vero
1142 4909 1435 4969 exponeret
1479 4915 1669 4956 causas
1708 4916 1804 4957 cur
1846 4904 1894 4959 ei

296 4993 487 5043 tantus
525 4985 701 5044 honor
727 4988 1028 5046 deferretur
1052 5005 1082 5047 a
1109 4991 1325 5062 regibus
1348 5034 1363 5061 ,
1402 4993 1558 5065 eique
1601 4995 1896 5052 serviretur

294 5079 369 5136 ab
389 5078 640 5137 omnibus
659 5083 905 5151 gentibus
932 5101 945 5139 :
971 5082 1105 5153 Quia
1128 5085 1381 5153 liberavit,
1406 5086 1599 5159 inquit,
1629 5105 1841 5161 egenum
1864 5107 1895 5144 a

295 5180 523 5243 potente,
555 5182 603 5228 et
631 5190 903 5246 pauperem
930 5177 1014 5230 cui
1042 5193 1143 5232 non
1171 5187 1277 5233 erat
1305 5179 1532 5252 adjutor.
1563 5179 1667 5237 iste
1693 5196 1895 5253 egenus

290 5270 353 5319 et
378 5276 604 5337 pauper,
629 5268 856 5339 populus
878 5278 959 5324 est
982 5270 1315 5327 credentium
1338 5272 1389 5327 in
1413 5288 1558 5329 eum.
1591 5273 1647 5329 ln
1677 5274 1778 5332 hoc
1800 5290 1895 5349 po-

292 5356 428 5427 pulo
450 5366 578 5413 sunt
597 5356 755 5415 etiam
778 5374 931 5431 reges
956 5361 1241 5419 adorantes
1263 5378 1407 5419 eum.
1430 5363 1545 5421 Non
1572 5368 1715 5423 enim
1740 5368 1892 5439 egeni

294 5461 424 5504 esse
448 5447 806 5521 dedignantur
832 5462 886 5509 et
910 5466 1207 5524 pauperes,
1240 5453 1292 5510 id
1333 5465 1418 5512 est
1459 5456 1731 5515 humiliter
1764 5474 1891 5531 pec-

289 5550 419 5595 cata
462 5540 817 5612 confitentes,
860 5552 915 5600 et
943 5554 1163 5616 egentes
1190 5546 1359 5617 gloria
1390 5556 1443 5603 et
1467 5549 1637 5620 gratia
1677 5549 1805 5618 Dei,
1837 5562 1893 5605 ut

286 5644 393 5687 eos
435 5629 532 5690 rex
576 5633 708 5704 ille,
753 5634 893 5692 ﬁlius
933 5636 1118 5708 Regis,
1150 5637 1340 5693 liberet
1386 5654 1414 5692 a
1463 5648 1701 5710 potente.
1745 5640 1888 5697 Idem

286 5807 801 5931 p’mmllc
836 5824 905 5865 Fr.
947 5824 1000 5869 et
1042 5824 1149 5868 ω.
1182 5821 1239 5867 At
1259 5816 1482 5878 proxime
1515 5823 1743 5883 sequenti
1767 5817 1887 5880 loco,

3499 342 3609 405 ιιιο

2024 443 2220 515 quippe
2245 454 2327 500 est
2365 453 2553 519 potens
2573 489 2588 514 ,
2616 446 2708 501 ille
2745 448 2833 519 qui
2872 451 3116 521 superius
3138 453 3494 514 calumniator
3520 470 3603 517 est

2020 533 2233 593 dictus:
2257 552 2415 610 quem
2446 546 2717 621 potentem
2766 539 2833 599 ad
2876 540 3123 602 homines
3158 547 3257 604 sibi
3294 550 3602 611 subdendos

2019 638 2073 685 et
2101 631 2152 686 in
2180 632 2487 702 captivitate
2509 632 2817 689 retinendos
2842 650 2947 691 non
2978 638 3148 696 virtus
3168 641 3284 711 ejus
3309 642 3433 701 fecit
3454 688 3471 716 ,
3508 648 3602 705 sed

2020 721 2253 783 humana
2283 735 2520 797 peccata.
2568 726 2713 782 idem
2742 726 2856 799 ipse
2881 738 2935 785 et
2959 727 3112 795 fortis
3137 714 3219 789 est
3244 714 3461 804 dictus;
3482 740 3601 799 ideo

2017 827 2072 873 et
2098 815 2183 872 hic
2210 827 2417 888 potens.
2456 817 2563 876 Sed
2588 819 2679 891 qui
2706 819 3007 876 humiliavit
3030 823 3470 886 calumniatorem
3491 874 3506 899 ,
3550 844 3597 891 et

1998 909 2234 987 ‘intravit
2262 912 2311 964 in
2340 910 2557 966 domum
2590 910 2766 981 fortis,
2799 922 2857 967 ut
2883 928 2950 967 eo
2976 913 3195 985 alligato
3223 935 3346 976 vasa
3370 923 3488 993 ejus
3517 923 3591 979 di-

2014 1001 2215 1071 riperet
2241 1001 2446 1073 (Matth.
2476 1020 2568 1069 xu,
2592 1003 2711 1076 29),
2738 1004 2826 1061 hic
2845 1004 3076 1062 liberavit
3102 1025 3310 1082 egenum
3330 1030 3362 1067 a
3389 1024 3599 1086 potente,

2014 1102 2065 1147 et
2089 1110 2360 1166 pauperem
2384 1096 2469 1150 cui
2506 1113 2605 1150 non
2642 1108 2747 1151 erat
2774 1098 2999 1168 adjutor.
3039 1097 3153 1156 Non
3186 1103 3326 1157 enim
3357 1104 3460 1163 hoc
3483 1105 3605 1165 em.

2014 1199 2139 1239 cere
2168 1186 2339 1255 potuit
2362 1185 2446 1242 vel
2474 1188 2787 1259 cujusquam
2812 1189 2999 1255 virtus,
3029 1190 3115 1247 vel
3139 1194 3422 1266 quisquam
3444 1197 3607 1256 homo

2009 1276 2187 1348 justus
2208 1320 2221 1344 ,
2253 1278 2338 1335 vel
2386 1280 2579 1351 aliquis
2608 1283 2863 1354 Angelus.
2890 1281 3026 1342 Cum
3073 1301 3205 1359 ergo
3248 1289 3428 1346 nullus
3460 1302 3607 1351 esset

2013 1368 2246 1441 adjutor,
2280 1370 2394 1441 ipse
2419 1371 2708 1429 adveniens
2740 1375 2915 1431 salvos
2942 1376 3068 1433 fecit
3093 1393 3205 1435 eos.

2086 1463 2173 1520 15.
2202 1462 2349 1538 [vera
2381 1462 2495 1541 15.]
2524 1468 2851 1525 Occurrebat
2886 1480 3065 1528 autem
3089 1516 3103 1537 ,
3134 1473 3191 1529 Si
3223 1484 3446 1547 propter
3474 1493 3603 1551 pec-

2012 1563 2127 1608 cata
2158 1553 2321 1609 homo
2350 1557 2634 1613 tenebatur
2658 1574 2689 1623 ει
2713 1559 2949 1629 diabolo,
2975 1564 3359 1635 numquidnam
3387 1558 3608 1628 Christo

2012 1644 2102 1717 qui
2133 1646 2274 1701 eruit
2299 1662 2526 1719 egenum
2555 1665 2583 1704 a
2613 1659 2849 1721 potente,
2879 1663 3094 1723 peccata
3125 1657 3479 1725 placuerunt?
3503 1660 3606 1718 Ab-

2011 1736 2081 1791 sit
2106 1755 2119 1791 :
2148 1737 2263 1805 sed,
2296 1736 2479 1794 Parcet
2507 1739 2623 1811 ipse
2643 1741 2787 1814 inepi
2815 1752 2863 1798 et
2894 1745 3140 1816 pauperi;
3172 1746 3223 1801 id
3251 1755 3355 1815 est,
3384 1761 3603 1822 peccata

2010 1829 2242 1886 dimittet
2269 1832 2474 1901 humili,
2498 1841 2553 1889 et
2579 1849 2685 1890 non
2713 1834 2780 1891 de
2808 1837 2920 1892 suis
2943 1839 3152 1895 meritis
3172 1841 3484 1909 conﬁdenti,
3509 1852 3602 1900 aut

2010 1919 2077 1977 de
2103 1937 2197 1978 sua
2226 1925 2425 1981 virtute
2451 1926 2674 1981 salutem
2702 1929 2977 2001 speranti,
3024 1930 3119 1987 sed
3148 1932 3409 2005 indigenti
3432 1937 3601 2008 gratia

2008 2013 2306 2071 Salvatoris
2332 2018 2432 2072 sui.
2461 2018 2591 2073 Cum
2614 2030 2789 2075 autem
2811 2020 3050 2085 addidit,
3082 2021 3151 2078 Et
3176 2026 3375 2082 animas
3404 2045 3601 2101 paupe-

2008 2118 2123 2160 rum
2146 2108 2312 2163 salvas
2344 2109 2528 2181 faciet,
2562 2120 2849 2183 utrumque
2873 2113 3197 2183 adjutorium
3226 2119 3411 2189 gratia:
3454 2132 3598 2175 com-

2008 2201 2309 2267 mendavit;
2347 2211 2401 2258 et
2436 2204 2577 2275 quod
2612 2214 2688 2259 est
2721 2206 2774 2259 in
2801 2207 3177 2265 remissionem
3222 2224 3562 2282 peccatorum
3587 2257 3601 2281 ,

2008 2308 2132 2349 cum
2159 2296 2251 2357 ait,
2281 2294 2469 2351 Parcet
2498 2298 2712 2367 pauperi
2737 2308 2781 2352 et
2806 2299 2979 2371 inepi;
3007 2311 3060 2357 et
3084 2302 3227 2374 quod
3256 2304 3411 2360 estin
3441 2306 3603 2376 parti-

2009 2388 2275 2459 cipatione
2298 2389 2541 2461 justitize,
2568 2407 2687 2446 cum
2715 2392 2941 2463 addidit,
2973 2393 3040 2449 Et
3083 2398 3281 2453 animas
3324 2414 3603 2470 pauperum

2009 2481 2175 2535 salvas
2206 2483 2373 2555 faciet.
2408 2483 2575 2539 Nemo
2603 2485 2746 2540 enim
2775 2486 2876 2541 sibi
2905 2499 2987 2543 est
3013 2489 3240 2546 idoneus
3259 2492 3326 2547 ad
3350 2493 3600 2559 salutem,

2007 2587 2127 2645 quae
2149 2574 2294 2630 salus
2316 2576 2334 2608 ί
2357 2584 2438 2632 est
2472 2576 2707 2647 perfecta
2727 2578 2957 2649 justitia,
2983 2583 3085 2638 nisi
3117 2584 3211 2639 Dei
3242 2584 3462 2657 adjuvet
3482 2602 3604 2660 gra-

2008 2668 2111 2737 tia;
2140 2670 2261 2741 quia
2312 2670 2593 2742 plenitudo
2621 2672 2781 2746 Legis
2812 2689 2916 2730 non
2943 2686 3027 2731 est
3051 2678 3153 2733 nisi
3184 2679 3423 2736 charitas
3442 2722 3458 2747 ,
3482 2662 3603 2755 qua:

2007 2779 2114 2818 non
2142 2778 2170 2816 a
2204 2763 2360 2820 nobis
2389 2764 2573 2821 existit
2598 2766 2650 2823 in
2679 2767 2855 2837 nobis,
2887 2770 2980 2825 sed
3011 2770 3328 2829 ditiunditur
3349 2775 3402 2831 in
3426 2775 3605 2832 cordi-
3675 2810 3693 2827 .

2005 2853 2104 2910 bus
2141 2855 2339 2912 nostris
2370 2871 2466 2929 per
2487 2855 2743 2930 Spiritum
2771 2870 3015 2917 sanctum
3038 2863 3128 2935 qui
3151 2863 3312 2924 datus
3335 2877 3419 2923 est
3446 2867 3602 2926 nobis

2007 2944 2182 3017 (Rom.
2209 2948 2364 3019 v.5).

2080 3039 2172 3096 16.
2205 3037 2359 3115 [υρη.
2379 3039 2494 3118 14.]
2525 3042 2607 3098 Ea:
2629 3045 2798 3101 usuris
2825 3053 2870 3100 et
2895 3046 3159 3118 iniquitate
3178 3050 3391 3110 redimet
3402 3051 3603 3111 artiums

2006 3147 2198 3187 eorum.
2233 3132 2363 3200 Quae
2388 3143 2513 3191 sunt
2534 3134 2651 3191 ista:
2673 3151 2869 3207 usurae,
2904 3137 3006 3194 nisi
3029 3150 3265 3209 peccata,
3290 3150 3411 3217 quae
3438 3145 3599 3202 etiam

2006 3223 2186 3281 debita
2235 3228 2581 3283 nominantur
2622 3227 2836 3299 (Matth.
2876 3245 2965 3299 vn,
3011 3232 3150 3305 12)?
3191 3231 3391 3294 Usuras
3421 3250 3597 3296 autem

2004 3318 2300 3389 appellatas
2330 3328 2458 3390 puto
2482 3363 2496 3387 ,
2538 3322 2660 3392 quia
2689 3322 2809 3395 plus
2850 3324 2972 3379 mali
3006 3325 3275 3384 invenitur
3300 3330 3354 3385 in
3397 3333 3600 3403 suppli-

2004 3410 2101 3467 ciis
2122 3452 2136 3476 ,
2168 3428 2324 3484 quam
2355 3414 2698 3470 commissum
2729 3424 2812 3471 est
2853 3417 2905 3473 in
2936 3421 3185 3489 peccatis.
3230 3420 3364 3485 Nam
3392 3465 3407 3489 ,
3450 3425 3599 3480 verbi

2004 3502 2203 3579 gratia,
2249 3520 2371 3561 cum
2417 3504 2683 3562 homicida
2709 3523 2905 3580 corpus
2939 3519 3142 3567 tantum
3173 3513 3405 3570 hominis
3453 3517 3598 3587 peri-

2003 3602 2135 3663 mat,
2183 3596 2376 3653 animae
2426 3607 2604 3654 autem
2654 3614 2850 3655 nocere
2901 3601 3029 3657 nihil
3076 3605 3275 3673 possit;
3328 3607 3498 3679 ipsius
3542 3618 3600 3667 et

2002 3689 2177 3744 anima
2207 3699 2262 3746 et
2287 3706 2481 3762 corpus
2508 3692 2746 3763 perditur
2775 3695 2826 3748 in
2864 3695 3124 3775 gehenna.
3160 3697 3386 3771 Propter
3415 3699 3599 3772 hujus-

2004 3782 2148 3837 modi
2192 3793 2590 3855 contemptores
2633 3789 2909 3857 praesentis
2938 3790 3223 3869 praecepti,
3261 3803 3314 3848 et
3343 3792 3594 3853 irrisores

2004 3872 2167 3929 futuri
2197 3875 2439 3946 supplicii
2478 3876 2677 3933 dictum
2720 3890 2801 3935 est
2833 3899 2847 3935 :
2876 3878 2988 3954 Ego
3017 3883 3251 3953 ueniens,
3286 3903 3403 3940 cum
3430 3889 3598 3945 usuris

2003 3966 2252 4039 exigerem
2294 3965 2404 4039 (Id.
2447 3983 2591 4036 xxv,
2635 3967 2752 4043 27).
2802 3972 2883 4027 Ab
2921 3972 3005 4028 his
3044 3976 3221 4032 usuris
3264 3977 3600 4036 redimuntur

2004 4057 2198 4114 anima:
2223 4074 2516 4131 pauperum
2539 4102 2553 4125 ,
2599 4063 2857 4133 sanguine
2886 4064 2978 4119 illo
3006 4067 3093 4136 qui
3132 4067 3280 4124 fusus
3316 4078 3398 4124 est
3426 4071 3478 4127 in
3508 4087 3598 4127 re-

2003 4150 2314 4207 missionem
2348 4163 2710 4221 peccatOrum.
2741 4155 2989 4212 Redimet
3012 4173 3142 4228 ergo
3167 4160 3238 4214 ab
3268 4164 3473 4229 usuris,
3504 4180 3594 4220 re-

2004 4243 2267 4301 mittendo
2292 4255 2530 4315 peccata,
2558 4262 2677 4317 qua:
2708 4247 2977 4305 debebant
3002 4251 3259 4321 ampliora
3289 4255 3545 4326 supplicia
3580 4276 3593 4313 :

2002 4334 2231 4389 redimet
2258 4344 2435 4390 autem
2468 4332 2537 4391 ab
2560 4336 2867 4408 iniquitate,
2905 4340 3206 4411 adjuvando
3246 4359 3342 4414 per
3367 4347 3591 4419 gratiam

2002 4431 2161 4484 etiam
2188 4427 2255 4483 ad
2286 4427 2580 4484 faciendam
2610 4428 2892 4501 justitiam.
2923 4430 3122 4488 Eadem
3153 4436 3332 4507 itaque
3358 4436 3465 4493 duo
3504 4455 3594 4495 re-

2002 4520 2164 4591 petita
2196 4526 2322 4576 sunt
2347 4535 2464 4591 quae
2504 4535 2663 4593 supra
2702 4521 2843 4578 dicta
2871 4530 3043 4579 erant.
3072 4525 3223 4594 Quod
3254 4527 3395 4584 enim
3434 4544 3594 4603 supra

2001 4624 2105 4685 est,
2134 4612 2320 4671 Parcet
2347 4616 2488 4688 inopi
2512 4626 2557 4671 et
2584 4618 2816 4689 pauperi,
2844 4617 2947 4673 hoc
2974 4619 3288 4692 intelligitur
3310 4665 3324 4691 ,
3358 4621 3445 4680 Ea:
3467 4642 3593 4681 usu-

2001 4708 2072 4763 ris
2098 4724 2117 4762 :
2144 4708 2286 4780 quod
2312 4724 2441 4765 vero
2466 4708 2535 4766 ibi
2575 4708 2743 4777 dicit,
2780 4709 2845 4767 Et
2870 4713 3067 4767 animas
3102 4732 3387 4787 pauperum
3424 4719 3596 4775 salvas

2001 4803 2194 4873 faciet;
2231 4802 2332 4858 hoc
2360 4802 2558 4859 dictum
2588 4803 2822 4871 videtur,
2855 4805 2936 4860 Ea:
2965 4807 3226 4879 iniquitate
3253 4826 3275 4866 :
3301 4819 3359 4868 ut
3385 4812 3597 4872 redimet

2000 4894 2066 4949 ad
2098 4903 2381 4965 utrumque
2406 4894 2773 4976 subaudiatur.
2803 4896 2936 4952 Nam
2969 4899 3239 4969 parcendo
3272 4902 3503 4961 redimet
3526 4905 3594 4962 ab

1999 4985 2215 5053 usuris;
2275 4987 2457 5043 salvos
2496 4998 2673 5044 autem
2720 4987 2963 5045 faciendo
3013 4992 3241 5050 redimet
3282 4996 3351 5050 ab
3398 4995 3591 5068 iniqui-

2002 5087 2131 5135 tate.
2166 5079 2263 5145 lta,
2295 5094 2416 5134 cum
2453 5088 2622 5151 parcet
2652 5082 2866 5153 pauperi
2893 5091 2938 5135 et
2964 5081 3133 5155 inopi,
3160 5094 3207 5139 et
3235 5086 3431 5140 animas
3459 5102 3590 5156 pau-

2002 5187 2181 5243 perum
2219 5170 2387 5225 salvas
2425 5171 2613 5240 faciet;
2652 5172 2729 5226 sic
2771 5189 2834 5227 ea:
2857 5173 3025 5228 usuris
3068 5182 3116 5228 et
3150 5174 3416 5255 iniquitate
3450 5176 3591 5232 redi-

1999 5270 2098 5318 met
2124 5262 2323 5317 animas
2359 5276 2548 5316 eorum.
2590 5260 2658 5315 Et
2703 5262 2998 5318 honorabile
3041 5279 3221 5318 nomen
3266 5264 3375 5336 ejus
3421 5282 3593 5322 coram

1998 5356 2142 5427 ipsis.
2161 5353 2451 5409 Danteuim
2479 5351 2739 5409 honorem
2767 5355 2967 5411 nomini
2997 5354 3112 5424 ejus
3128 5367 3225 5424 pro
3241 5355 3403 5411 tantis
3428 5357 3595 5412 bene-

2000 5448 2167 5515 ﬁciis,
2196 5448 2287 5519 qui
2318 5446 2641 5518 respondent
2675 5446 2891 5519 dignum
2921 5454 2975 5503 et
3005 5446 3210 5517 justum
3239 5462 3363 5504 esse
3392 5448 3591 5521 gratias

1997 5554 2154 5612 agere
2181 5540 2408 5596 Domino
2450 5540 2561 5605 Deo
2588 5555 2705 5596 suo.
2737 5540 2833 5601 Vel
2858 5539 3001 5611 quod
3028 5539 3227 5595 habent
3249 5540 3464 5599 codices
3489 5540 3592 5599 ali-

1996 5634 2119 5705 qui,
2173 5631 2240 5687 Et
2281 5632 2576 5688 honerabite
2619 5649 2801 5688 nomen
2838 5648 3013 5687 eorum
3048 5646 3220 5688 coram
3256 5633 3370 5706 ipso
3405 5647 3428 5689 :
3468 5647 3591 5705 qum

1996 5726 2095 5781 etsi
2126 5724 2372 5781 videntur
2407 5725 2534 5782 huic
2563 5726 2760 5782 saeculo
2796 5716 3235 5798 contemptibiles
3262 5724 3547 5784 Christiani
3573 5769 3587 5790 ,

2046 5816 2255 5935 ἐξῆ,
2294 5816 2426 5869 satus
2471 5830 2564 5871 non
2610 5823 2679 5870 est
2723 5817 2937 5882 perfecta
2974 5816 3186 5882 iustitia.
3240 5819 3415 5881 Abest,
3457 5828 3587 5883 nos,

1995 5896 2023 5930 3
