4076 6472
488 357 585 417 911
1724 351 1780 409 S.
1823 348 2188 410 AUGUSTINI
2225 349 2535 409 EPISCOPI

484 487 681 530 nomen
710 484 898 528 eorum
924 481 1105 526 coram
1134 466 1249 536 ipso
1273 473 1358 520 est
1393 463 1703 521 honorabile
1725 508 1741 535 ,
1777 466 1869 537 qui
1897 468 1976 523 eis
2002 467 2067 522 il-

484 566 579 625 lud
600 566 766 634 dedit,
784 564 895 637 jam
923 578 1029 620 non
1052 574 1259 618 memor
1281 559 1553 614 nominum
1581 558 1795 615 illorum
1823 574 1918 630 per
1939 558 2079 615 labia

485 674 583 717 sua
610 657 782 732 (Psal.
808 673 909 724 xv,
939 654 995 728 4)
1014 697 1029 723 ,
1054 653 1248 725 quibus
1280 660 1437 708 antea
1463 650 1812 719 vocabantur,
1841 666 1964 707 cum
1993 665 2080 707 es-

486 761 611 809 sent
641 751 933 809 Gentilium
959 747 1432 821 superstitionibus
1456 744 1709 818 obligati,
1745 745 1833 801 vel
1860 759 2078 802 suorum

488 847 756 905 malorum
792 846 1106 902 meritorum
1132 842 1325 915 signati
1348 839 1652 907 vocabulis,
1681 849 1965 912 antequam
1994 854 2080 895 es-

486 952 609 1000 sent
637 942 913 999 christiani
944 959 958 998 :
989 940 1131 1013 quod
1179 954 1373 995 nomen
1416 936 1727 993 honorabile
1767 944 1851 993 est
1894 950 2076 992 coram

485 1036 627 1108 ipso,
654 1036 755 1093 etsi
780 1034 1177 1106 contemptibile
1206 1031 1415 1088 videtur
1442 1031 1689 1087 inimicis.

558 1130 647 1185 17.
679 1127 829 1203 [vers.
868 1125 980 1199 15.]
1008 1125 1075 1181 Et
1101 1127 1260 1193 vivet,
1300 1134 1347 1179 et
1374 1124 1575 1179 dabitur
1603 1125 1649 1180 ei
1680 1123 1744 1180 de
1778 1140 1905 1179 auro
1944 1124 2076 1178 Ara-

485 1222 601 1279 biae.
627 1221 745 1279 Non
775 1222 1038 1277 diceretur
1057 1261 1072 1287 ,
1104 1218 1174 1274 Et
1202 1220 1358 1285 vivet,
1390 1216 1479 1289 (de
1504 1232 1610 1288 quo
1637 1218 1781 1273 enim
1810 1231 1915 1272 non
1946 1230 2075 1286 pos-

383 1296 419 1406 ξξ
484 1323 570 1371 set
596 1314 699 1370 dici
728 1312 830 1369 hoc
856 1312 1342 1384 quantulocumque
1367 1310 1540 1381 spatio
1566 1309 1822 1380 temporis
1861 1309 2074 1363 vivente

484 1408 543 1465 in
573 1411 671 1465 hac
696 1404 911 1479 terra?)
953 1407 1056 1462 nisi
1084 1406 1173 1462 illa
1199 1406 1305 1461 vita
1330 1402 1799 1461 commendaretur
1822 1444 1838 1470 ,
1877 1403 1930 1457 in
1970 1416 2075 1472 qua

388 1494 403 1539 θ
477 1506 593 1579 jam
634 1520 735 1558 non
775 1502 988 1557 moritur
1012 1543 1027 1567 ,
1070 1508 1124 1557 et
1165 1516 1301 1555 mors
1344 1499 1390 1553 ei
1416 1498 1551 1553 ultra
1593 1514 1694 1551 non
1732 1495 2075 1551 dominabitur

485 1596 661 1671 (Rom.
687 1612 739 1652 γι
764 1638 780 1665 ,
808 1594 888 1667 9).
918 1593 1093 1664 Atque
1118 1591 1239 1649 ideo
1273 1599 1319 1646 et
1345 1592 1472 1645 vivet
1509 1589 1596 1660 qui
1627 1596 1965 1658 contemptus
1992 1593 2075 1641 est

484 1688 722 1747 moriens
755 1706 769 1743 :
801 1686 1051 1759 quoniam
1075 1687 1213 1741 sicut
1231 1684 1369 1739 alius
1392 1681 1647 1753 prapheta
1670 1679 1815 1745 dicit,
1847 1678 2073 1734 Toltetur

482 1782 546 1838 de
571 1790 704 1837 terra
729 1781 831 1836 vita
855 1781 965 1845 eius
990 1777 1140 1851 (Isai.
1168 1793 1280 1842 LIII,
1309 1776 1364 1833 8.
1397 1773 1515 1829 Vid.
1539 1773 1653 1828 Act.
1682 1789 1792 1837 viti,
1826 1772 1939 1842 ⁸55).
1968 1770 2074 1826 Sed

485 1875 612 1949 quid
638 1882 760 1942 est,
806 1883 852 1928 et
896 1872 1098 1927 dabitur
1141 1871 1188 1927 ei
1225 1870 1287 1925 de
1325 1884 1450 1923 auro
1479 1864 1888 1921 Arabiw?Nam
1930 1862 2073 1935 quod

480 1967 605 2023 inde
632 1981 820 2022 aurum
843 1965 1001 2021 etiam
1032 1963 1121 2019 ille
1142 1962 1396 2019 Salomon
1420 1960 1644 2031 accepit,
1670 1959 1721 2013 in
1744 1957 1845 2013 hoc
1865 1957 2073 2028 psalmo

480 2060 709 2133 ﬁgurate
735 2057 1084 2129 transjectum
1111 2065 1193 2112 est
1222 2056 1274 2110 in
1295 2054 1457 2109 alium
1486 2067 1672 2108 verum
1704 2049 2069 2117 Salomonem,

478 2155 534 2210 id
560 2163 643 2210 est
671 2168 856 2210 verum
885 2151 1165 2223 paciﬁcum
1196 2167 1209 2203 :
1240 2162 1345 2203 non
1373 2147 1517 2202 enim
1541 2145 1631 2201 ille
1647 2143 1964 2223 dominatus
1988 2148 2074 2197 est

479 2265 511 2303 a
536 2247 746 2319 ﬂumine
772 2261 929 2317 usque
953 2243 1021 2298 ad
1050 2242 1292 2299 terminos
1315 2240 1448 2295 orbis
1476 2248 1642 2294 terras.
1672 2236 1761 2293 Sic
1793 2250 1921 2307 ergo
1956 2250 2074 2306 pro-

477 2341 754 2414 phetatum
780 2347 883 2406 est,
912 2338 1073 2393 etiam
1101 2336 1370 2407 sapientes
1392 2332 1551 2405 hujus
1571 2331 1755 2386 mundi
1777 2330 1830 2385 in
1858 2328 2071 2385 Christo

476 2434 643 2490 fuisse
668 2431 988 2488 credituros.
1020 2429 1125 2485 Per
1150 2427 1403 2486 Arabiam
1432 2433 1612 2481 autem
1639 2422 1842 2479 Gentes
1872 2420 2073 2476 intelli-

475 2527 652 2599 gimus
682 2543 696 2579 :
730 2540 825 2596 per
851 2539 1040 2579 aurum
1070 2521 1407 2592 sapientiam,
1436 2534 1556 2590 quae
1585 2519 1659 2573 ita
1688 2516 1902 2573 excellit
1931 2514 2072 2571 inter

475 2635 666 2676 omnes
690 2618 995 2685 doctrinas,
1023 2623 1083 2671 ut
1106 2630 1293 2671 aurum
1327 2614 1466 2669 inter
1491 2612 1739 2678 metalla;
1769 2609 1909 2666 unde
1934 2608 2072 2666 scri-

473 2720 623 2784 ptum
659 2717 776 2778 est,
806 2708 1033 2781 Accipite
1070 2706 1391 2779 prudentiam
1415 2704 1543 2759 sicut
1568 2712 1871 2775 argentum,
1904 2709 1953 2757 et
1987 2716 2072 2757 sa-

475 2804 718 2876 pientiam
743 2802 874 2856 sicut
913 2816 1098 2855 aurum
1126 2798 1393 2869 probatum
1419 2795 1597 2871 (Prov.
1632 2811 1720 2849 vui
1743 2836 1758 2862 ,
1804 2793 1874 2849 10
1899 2835 1913 2860 ,
1948 2792 2066 2865 11).

474 2893 544 2950 Et
569 2895 781 2951 orabunt
808 2893 872 2949 de
908 2893 1021 2965 ipso
1061 2907 1276 2962 semper.
1304 2887 1459 2958 Quod
1500 2887 1663 2943 habet
1690 2900 1897 2957 graecus
1918 2926 1933 2952 ,
1965 2895 2071 2957 περὶ

469 2996 651 3057 αὐτοῦ,
683 2990 847 3061 aliqui
883 2986 1223 3057 interpretati
1249 2991 1375 3040 sunt
1398 3025 1415 3053 ,
1460 2982 1525 3036 de
1554 2982 1699 3053 ipso;
1735 2980 1932 3051 aliqui,
1975 2995 2068 3051 pro

472 3084 608 3155 ipso,
644 3083 729 3138 vel
757 3098 849 3153 pro
883 3098 961 3137 eo.
989 3079 1126 3149 Quid
1153 3087 1238 3135 est
1277 3085 1457 3133 autem
1481 3116 1497 3143 ,
1528 3074 1592 3129 de
1623 3076 1734 3145 ipso
1756 3113 1773 3141 ,
1801 3074 1906 3128 nisi
1933 3073 2069 3131 forte

472 3174 618 3246 quod
647 3189 864 3229 oramus
890 3172 1134 3228 dicentes
1155 3187 1169 3224 :
1192 3168 1441 3236 Adveniat
1462 3181 1672 3238 regnum
1691 3174 1832 3220 tuum
1854 3164 2064 3237 (Matth.

470 3284 547 3338 γι,
581 3267 672 3340 10)
693 3267 716 3323 ?
738 3265 939 3323 Christi
968 3279 1199 3336 namque
1226 3262 1487 3318 adventus
1514 3259 1858 3332 praesentabit
1886 3259 1903 3290 ι
1936 3259 2058 3316 [ide-

471 3360 615 3417 libus
642 3375 868 3431 regnum
895 3358 1011 3415 Dei.
1045 3356 1153 3411 Pro
1178 3372 1237 3411 eo
1260 3368 1393 3411 vero
1420 3351 1693 3424 quomodo
1719 3350 2064 3422 intelligatur,

471 3461 757 3525 angustum
799 3460 915 3520 est;
962 3449 1066 3506 nisi
1111 3448 1235 3521 quia
1278 3462 1401 3504 cum
1430 3453 1613 3502 oratur
1650 3460 1749 3517 pro
1780 3444 2019 3500 Ecclesia
2044 3486 2061 3512 ,

468 3562 570 3619 pro
597 3548 718 3618 ipso
761 3554 964 3611 oratur,
1012 3542 1137 3619 quia
1182 3555 1379 3612 corpus
1422 3548 1507 3596 est
1550 3538 1685 3610 ejus.
1731 3538 1809 3593 De
1849 3536 2066 3593 Christo

364 3634 375 3639 ’
470 3640 668 3711 quippe
694 3648 752 3697 et
776 3636 1018 3694 Ecclesia
1046 3636 1384 3707 praemissum
1413 3640 1497 3689 est
1531 3638 1927 3688 sacramentum
1960 3644 2067 3685 ma-

468 3747 637 3803 gnum
667 3750 681 3785 :
716 3730 881 3786 Erunt
906 3730 1008 3783 duo
1035 3729 1091 3782 in
1118 3738 1271 3783 carne
1302 3742 1405 3780 una
1448 3723 1663 3797 (Ephes.
1691 3739 1728 3778 v
1751 3763 1766 3789 ,
1795 3722 1865 3779 52
1888 3764 1903 3789 ,
1946 3720 2062 3794 51).

471 3822 589 3879 Jam
616 3837 747 3878 vero
772 3820 917 3892 quod
941 3820 1216 3890 sequitur,
1245 3816 1379 3872 Tota
1414 3816 1523 3883 die,
1560 3815 1616 3872 id
1653 3824 1738 3871 est
1778 3822 1894 3871 toto
1937 3822 2066 3873 tem-

469 3931 621 3987 pore,
649 3914 943 3970 benedicent
968 3915 1035 3982 ei,
1065 3913 1197 3968 satis
1225 3920 1470 3982 apertum
1494 3917 1598 3966 est.

542 4010 634 4066 18.
664 4007 815 4083 [vers.
845 4006 959 4081 16.]
991 4005 1057 4061 Et
1079 4006 1172 4060 erit
1192 4006 1567 4075 ﬁrmamentum
1593 4002 1648 4058 in
1675 4011 1830 4073 terra,
1852 4002 1909 4058 in
1935 4018 2067 4058 sum-

469 4104 566 4159 mis
603 4103 869 4158 montium.
915 4100 1101 4156 Omnes
1149 4099 1286 4154 enim
1332 4096 1694 4170 promissiones
1742 4095 1839 4152 Dei
1875 4097 1931 4151 in
1972 4095 2064 4151 illo

468 4196 644 4252 Etiam
670 4195 737 4267 (ll
764 4192 883 4249 Cor.
924 4209 974 4260 ι,
1018 4192 1114 4263 20)
1138 4232 1155 4259 ,
1182 4191 1237 4247 id
1261 4199 1365 4257 est,
1396 4190 1452 4245 in
1482 4190 1573 4246 illo
1601 4191 1622 4221 ’
1648 4188 1873 4244 ﬁrmatae
1899 4197 2059 4255 sunt;

467 4289 593 4361 quia
624 4288 678 4342 in
706 4286 798 4341 illo
824 4284 1100 4354 impletum
1131 4291 1215 4338 est
1252 4280 1510 4352 quidquid
1550 4296 1648 4349 pro
1677 4279 1853 4334 salute
1880 4292 2064 4334 nostra

480 4379 859 4452 prophetatum
890 4383 993 4431 est.
1024 4374 1158 4429 Nam
1189 4387 1396 4429 summa
1438 4370 1701 4426 montium
1721 4412 1736 4437 ,
1768 4369 2064 4440 Scriptura-

468 4489 591 4530 rum
618 4471 920 4528 divinarum
948 4475 1217 4533 auctores,
1246 4464 1299 4523 id
1322 4472 1423 4531 est,
1451 4478 1548 4534 per
1575 4459 1713 4532 quas
1748 4462 2064 4518 ministratae

471 4573 631 4632 sunt,
680 4563 976 4635 intelligere
1004 4559 1283 4624 convenit;
1316 4559 1369 4612 in
1395 4556 1589 4626 quibus
1619 4557 1802 4627 utique
1840 4557 1955 4626 ipse
1982 4563 2066 4611 est

469 4659 891 4721 ﬁrmamentum,
920 4652 1171 4725 quoniam
1196 4649 1263 4705 ad
1294 4649 1445 4703 illum
1467 4648 1646 4703 omnia
1669 4663 1788 4719 quae
1812 4647 2063 4704 divinitus

471 4750 672 4819 scripta
705 4757 850 4813 sunt,
883 4745 1207 4801 referuntur.
1241 4741 1355 4796 Hoc
1381 4750 1557 4794 autem
1586 4740 1639 4794 in
1672 4748 1812 4794 terra
1839 4754 1957 4794 esse
1978 4754 2064 4794 νο·

469 4844 591 4907 luit,
622 4840 747 4910 quia
773 4846 994 4909 propter
1019 4850 1113 4892 eos
1140 4833 1232 4907 qui
1259 4834 1312 4889 in
1341 4841 1481 4888 terra
1518 4838 1676 4896 sunt,
1709 4830 1797 4885 illa
1825 4831 2065 4925 senseri-

472 4945 562 5010 pta
591 4944 715 4990 sunt
743 4951 757 4988 :
790 4932 933 4988 unde
960 4940 1015 4987 et
1044 4931 1159 5001 ipse
1183 4930 1237 4983 in
1268 4938 1465 4982 terram
1492 4925 1672 4989 venit,
1701 4933 1759 4978 ut
1782 4940 1841 4979 ea
1870 4933 2064 4980 cuncta

469 5030 743 5096 ﬁrmaret,
776 5026 829 5082 id
854 5033 936 5082 est
958 5066 973 5090 ,
1006 5026 1059 5077 in
1089 5038 1149 5079 se
1174 5029 1499 5077 monstraret
1533 5018 1761 5088 impleri.
1795 5038 1813 5070 ι
1848 5017 2067 5088 Oporte-

470 5124 563 5180 bat
588 5124 750 5186 enim,
788 5138 807 5172 ι
843 5115 1034 5188 inquit,
1070 5133 1089 5167 ι
1128 5113 1340 5184 impleri
1369 5112 1547 5167 omnia
1573 5126 1690 5181 qua:
1718 5110 1913 5179 scripta
1941 5118 2066 5166 sunt

469 5214 526 5270 in
551 5213 693 5285 Lege
716 5223 770 5268 et
794 5208 1077 5279 Prophetis
1106 5214 1161 5261 et
1190 5205 1417 5260 Psalmis
1442 5203 1509 5259 de
1539 5218 1626 5258 me
1658 5221 1677 5254 ι
1711 5200 1861 5271 (Luc.
1893 5217 2021 5256 xxiv
2041 5242 2058 5269 ,

470 5308 605 5380 44);
638 5306 690 5361 id
721 5313 825 5369 est,
862 5322 881 5356 ι
915 5302 969 5358 in
997 5298 1224 5356 summis
1252 5298 1535 5352 montium.
1578 5315 1597 5348 ι
1633 5294 1723 5350 Sic
1749 5295 1892 5350 enim
1919 5294 2064 5349 venit

476 5418 499 5457 ι
532 5400 591 5458 in
618 5395 924 5455 novissimis
954 5389 1287 5464 temporibus
1308 5387 1621 5444 manifestus
1642 5401 1796 5442 mons
1824 5383 2059 5451 Domini,

533 5554 554 5587 ί
577 5553 651 5604 sic
671 5551 838 5615 pron
858 5555 988 5615 notae
1159 5542 1370 5615 Αιιξᾱρ,
1395 5538 1718 5613 prmsentavit.

533 5618 556 5653 ³
579 5602 712 5677 iovi,
732 5611 889 5677 idest
909 5607 1189 5677 in-(gltristp.
1222 5606 1276 5677 id
1313 5602 1610 5677 Eg'prors‘us
1851 5607 1915 5677 at
1950 5609 2058 5677 uss.

470 5663 935 5743 eiusilvcéhaheek
957 5670 1011 5726 ίά
1034 5668 1187 5743 tm?“
1214 5665 1325 5743 5449-.
1334 5663 1428 5743 .519—
1448 5663 1634 5743 fi‘fi'fi‘?
1649 5663 2062 5743 ,ίτὲεὲηίὲῗὲαίζὲἓὲἶ

509 5724 701 5791 Euius
718 5724 800 5787 hic
818 5724 1128 5798 intei-pretarj
1148 5724 1623 5798 particulam,_‘etiam
1643 5739 1660 5776 :
1694 5740 1781 5787 pro
1802 5724 1898 5789 q'ua
1930 5738 2063 5798 nunc

509 5753 700 5791 usunus
720 5753 800 5787 mc
818 5753 1128 5798 mlerpt'etarl
1149 5753 1449 5794 paruumauu,
1474 5753 1620 5776 «ςιιωιι
1643 5764 1655 5776 .
1694 5753 1781 5787 μιν
1802 5753 1898 5789 qua
1936 5753 2063 5776 ιιιιιιυ

471 5753 530 5853 fit
549 5798 751 5863 Vulgata
774 5804 820 5863 lt
837 5804 943 5846 Cor.
967 5811 1003 5856 ι,
1026 5794 1088 5844 20
1110 5793 1312 5863 legitur,
1327 5794 1422 5863 est.
1445 5787 1525 5837 Illa
1548 5795 1714 5863 autem
1731 5787 2065 5863 respondebat

472 5849 858 5921 ἓιῖεεοῖιόηὰίε
885 5849 1000 5921 ψιαὲ
1024 5868 1123 5905 vox
1159 5849 1506 5917 apud’th‘aaoos
1526 5849 1849 5901 conﬁrmantis
1870 5857 1964 5913 est,
1988 5856 2064 5912 ut,

460 5950 461 5957 η
491 5919 649 5982 amen.
672 5921 800 5981 apud
816 5919 1060 5972 Hebraeos.

3670 353 3785 413 912

2192 477 2407 538 paratus
2448 468 2503 523 in
2541 464 2819 523 cacumine
2847 464 3108 521 montium
3139 481 3160 519 ι
3195 464 3348 537 (Isai.
3375 481 3452 536 ιι,
3494 466 3592 542 2);
3632 471 3782 543 quod

2187 559 2275 616 hic
2299 561 2395 626 ait,
2430 579 2451 614 ‹
2483 560 2536 615 ἰη
2561 560 2786 616 summis
2814 559 3095 615 montium.
3126 558 3589 631 Superextolletur
3614 580 3785 637 super

2185 650 2446 708 Libanum
2476 651 2679 709 fructus
2723 652 2860 724 ejus.
2898 670 2919 706 ι
2952 652 3211 709 Libanum
3244 653 3483 713 solemus
3525 657 3783 729 accipere

2184 744 2346 801 veluti
2394 744 2552 817 hujus
2588 745 2769 801 saeculi
2812 744 3155 816 dignitatem;
3201 747 3453 817 quoniam
3494 764 3655 805 mons
3694 760 3783 808 est

2183 835 2421 893 Libanus
2444 838 2683 893 excelsas
2717 837 2935 893 arbores
2975 837 3179 895 habens
3200 881 3216 909 ,
3257 849 3314 898 et
3354 857 3552 898 nomen
3600 842 3781 914 ipsum

2185 929 2562 1000 interpretatur
2583 930 2918 987 Candidatio.
2943 930 3081 1002 Quid
3108 933 3250 988 enim
3281 934 3499 1004 mirum,
3538 937 3585 993 si
3611 954 3781 1011 super

2184 1021 2345 1093 hujus
2370 1023 2551 1079 smculi
2587 1024 2905 1095 praeclarum
2934 1040 3095 1081 omne
3118 1026 3391 1100 fastigium
3429 1031 3636 1088 fructus
3679 1048 3773 1089 su-

2181 1115 2551 1185 perextollitur
2574 1115 2810 1185 Christi,
2849 1117 3005 1190 cujus
3041 1116 3247 1177 fructus
3272 1121 3561 1181 dilectores
3591 1127 3778 1181 omnia

2181 1211 2460 1267 stecularia
2488 1212 2722 1269 culmina
2752 1216 3231 1286 contempserunt?
3256 1215 3315 1273 Si
3341 1228 3521 1275 autem
3546 1219 3601 1275 in
3633 1221 3778 1277 bono

2181 1302 2474 1373 accipimus
2502 1303 2782 1371 Libanum,
2810 1316 3028 1378 propter
3050 1307 3242 1364 eedros
3264 1308 3448 1365 Libani
3474 1329 3601 1383 quas
3627 1312 3779 1383 plan-

2182 1396 2302 1450 tavit
2330 1395 2500 1470 (Psat.
2529 1412 2642 1467 cm,
2672 1399 2794 1470 16);
2831 1400 2949 1470 quis
2994 1400 3129 1457 alius
3153 1402 3356 1459 fructus
3398 1404 3779 1477 intelligendus

2180 1497 2296 1559 est,
2324 1491 2417 1562 qui
2446 1506 2607 1563 super
2632 1491 2775 1548 hunc
2797 1492 3060 1550 Libanum
3098 1496 3392 1565 extollitur,
3435 1499 3535 1553 nisi
3575 1499 3645 1555 de
3671 1517 3779 1572 quo

2180 1584 2471 1655 Apostolus
2496 1585 2628 1642 dicit
2649 1584 2716 1643 de
2743 1585 3001 1643 charitate
3022 1602 3118 1644 sua
3148 1588 3420 1645 locuturus
3449 1608 3463 1644 :
3495 1591 3681 1647 Adhuc
3701 1610 3782 1648 su-

2181 1678 2568 1747 pereminentem
2594 1678 2727 1733 viam
2766 1678 2901 1735 vobis
2938 1679 3226 1736 demonstro
3263 1681 3308 1754 (l
3338 1680 3457 1738 Cor.
3486 1699 3561 1738 xu
3585 1725 3600 1751 ,
3643 1682 3779 1757 5i)?

2181 1770 2307 1827 Haec
2333 1771 2476 1827 enim
2519 1782 2573 1828 et
2609 1773 2664 1829 in
2702 1773 2874 1844 primo
2912 1776 3225 1846 proponitur
3250 1792 3533 1834 munerum
3565 1777 3778 1834 divino-

2181 1881 2321 1934 rum,
2344 1866 2433 1922 ubi
2454 1867 2547 1931 ait,
2572 1866 2792 1923 Fructus
2816 1878 2984 1923 autent
3006 1870 3218 1940 spiritus
3241 1880 3314 1926 est
3334 1872 3557 1928 charitas
3576 1888 3596 1937 ;
3616 1884 3778 1945 atque

2180 1958 2306 2015 inde
2330 1967 2523 2015 caetera
2555 1960 2735 2032 utique
2763 1963 3145 2033 consequentia
3170 1975 3527 2021 contexuntur
3553 1965 3696 2038 (Cal.
3722 1983 3775 2033 v,

2179 2049 2294 2124 22).
2315 2049 2386 2105 Et
2405 2053 2655 2123 ﬂorebunt
2675 2054 2739 2108 de
2762 2054 2959 2110 civitate
2981 2057 3109 2112 sicut
3127 2057 3300 2127 fenum
3324 2068 3488 2116 tenve.
3513 2062 3779 2127 Quoniam

2180 2146 2427 2218 ambigue
2453 2149 2624 2217 posita
2648 2158 2733 2205 est
2754 2149 2942 2206 civitas
2964 2192 2981 2219 ,
3025 2166 3127 2208 nec
3153 2153 3463 2226 adjunctum
3503 2166 3589 2211 est
3618 2156 3736 2226 ejus
3757 2197 3774 2224 ,

2179 2246 2272 2293 aut
2298 2238 2426 2306 Dei;
2452 2254 2558 2295 non
2588 2241 2731 2297 enim
2757 2242 2955 2298 dictum
2979 2253 3082 2308 est,
3110 2244 3179 2300 de
3199 2245 3415 2302 civitate
3438 2247 3574 2317 ejus,
3603 2249 3685 2303 vel
3707 2247 3778 2304 de

2178 2331 2396 2387 civitate
2419 2332 2533 2399 Dei,
2562 2332 2659 2388 sed
2690 2341 2893 2390 tantum
2919 2333 2984 2390 de
3015 2336 3214 2391 civitate
3229 2352 3250 2401 ;
3274 2337 3329 2392 in
3352 2337 3488 2393 bono
3514 2336 3770 2408 intelligi-

2179 2434 2284 2494 tur,
2319 2435 2378 2482 ut
2402 2425 2470 2482 de
2495 2425 2710 2484 civitate
2737 2428 2867 2496 Dei,
2908 2427 3011 2485 hoc
3035 2438 3137 2495 est,
3180 2429 3248 2486 de
3273 2430 3503 2487 Ecclesia
3540 2432 3769 2487 ﬂoreant

2178 2518 2318 2574 sicut
2350 2518 2571 2586 fenum;
2613 2518 2710 2576 sed
2751 2518 2932 2576 fenum
2961 2519 3331 2591 fructiferum,
3363 2524 3515 2580 sicuti
3548 2533 3633 2579 est
3658 2523 3771 2580 fru-

2178 2611 2347 2667 menti
2383 2627 2398 2664 :
2428 2626 2552 2667 nam
2577 2620 2633 2668 et
2660 2612 2763 2668 hoc
2787 2611 2966 2669 fenum
2994 2615 3294 2686 appellatur
3327 2616 3380 2671 in
3411 2628 3595 2672 sancta
3625 2616 3776 2672 Scri-

2177 2712 2364 2776 ptura;
2395 2705 2533 2761 sicut
2573 2706 2625 2761 in
2655 2704 2851 2762 Genesi
2882 2706 3093 2777 jussum
3132 2718 3216 2764 est
3249 2708 3548 2780 producere
3574 2718 3776 2766 terram

2177 2814 2339 2855 omne
2367 2798 2569 2872 lignum
2593 2808 2648 2856 et
2672 2815 2832 2856 omne
2861 2799 3043 2856 fenum
3070 2800 3222 2873 (Gen.
3247 2818 3284 2870 ι,
3319 2800 3433 2876 il),
3462 2818 3569 2859 nec
3594 2804 3777 2876 adjun-

2178 2901 2321 2948 ctum
2348 2900 2470 2959 est,
2499 2907 2660 2949 omne
2688 2892 3045 2959 frumentum;
3077 2893 3219 2966 quod
3244 2895 3429 2966 procul
3459 2895 3623 2952 dubio
3663 2913 3777 2954 non

2179 2983 2545 3056 praeteriretur
2572 2985 2675 3041 nisi
2716 2984 2826 3041 feni
2856 2986 3072 3042 nomine
3106 2987 3269 3042 etiam
3299 2986 3403 3043 hoc
3442 2987 3774 3060 intelligere-

2179 3086 2295 3144 tur;
2317 3084 2373 3133 et
2400 3076 2452 3131 in
2482 3072 2670 3133 multis
2692 3078 2811 3134 aliis
2839 3077 3234 3149 Scripturarum
3259 3079 3391 3135 locis
3431 3080 3535 3135 hoc
3563 3080 3774 3137 inveni—

2175 3178 2281 3226 tur.
2326 3170 2385 3226 Si
2411 3179 2589 3227 autem
2619 3171 2698 3227 sic
2726 3172 3094 3243 accipiendum
3120 3181 3239 3240 est,
3270 3171 3338 3227 Et
3362 3172 3620 3244 ﬂorebunt
3644 3174 3775 3229 sicut

2178 3265 2351 3336 fenum
2375 3270 2545 3333 terr-te,
2576 3263 3026 3334 quemadmodum
3052 3264 3256 3320 dictum
3285 3272 3403 3333 est,
3439 3263 3619 3319 Omnis
3649 3280 3771 3320 caro

2176 3361 2388 3431 fenum,
2429 3368 2478 3414 et
2515 3358 2721 3415 claritas
2763 3360 2981 3415 hominis
3003 3360 3131 3415 sicut
3159 3361 3257 3430 ﬂos
3286 3360 3423 3431 feni;
3450 3358 3695 3431 profecto
3719 3367 3776 3415 et

2174 3451 2364 3509 civitas
2384 3451 2475 3507 illa
2498 3452 2841 3525 intelligenda
2868 3462 2968 3520 est,
2999 3469 3120 3524 qute
3144 3452 3327 3508 saeculi
3360 3451 3516 3523 hujus
3542 3453 3772 3508 societa-

2174 3552 2281 3601 tem
2307 3544 2574 3616 signiﬁcat
2601 3563 2617 3601 :
2646 3560 2755 3601 non
2785 3546 2931 3602 enim
2966 3545 3163 3600 frustm
3191 3545 3397 3615 primus
3423 3543 3555 3599 Cain
3585 3544 3771 3600 candi-

2172 3636 2250 3693 dit
2278 3637 2547 3693 civitatem
2570 3635 2683 3709 (Id.
2708 3653 2781 3707 tv,
2810 3637 2924 3707 17).
2950 3636 3198 3693 Exaltato
3222 3636 3401 3709 itaque
3421 3636 3595 3693 fructu
3615 3636 3770 3692 Chri-

2171 3729 2243 3786 sti
2266 3745 2429 3802 super
2454 3730 2716 3786 Libanum
2734 3772 2751 3801 ,
2779 3730 2833 3786 id
2857 3738 2941 3786 est
2966 3744 3128 3801 super
3155 3730 3377 3787 arbores
3405 3729 3686 3785 diuturnas
3714 3737 3769 3786 et

2170 3821 2312 3893 ligna
2354 3821 2741 3893 imputribilia,
2805 3821 2929 3893 quia
2981 3821 3073 3879 ille
3115 3821 3317 3878 fructus
3360 3831 3597 3878 aeternus
3649 3830 3762 3886 est;

2172 3915 2349 3971 omnis
2377 3914 2593 3971 claritas
2622 3914 2857 3970 hominis
2883 3914 3174 3970 secundum
3208 3915 3556 3985 temporalem
3584 3913 3768 3970 saeculi

2171 4006 2544 4076 celsitudinem
2582 4006 2708 4063 feno
2730 4016 3071 4078 comparatur
3095 4047 3111 4075 ,
3151 4008 3404 4078 quoniam
3447 4023 3479 4062 a
3507 4005 3768 4062 credenti-

2171 4102 2272 4159 bus
2299 4111 2354 4158 et
2376 4102 2541 4158 vitam
2570 4112 2827 4158 aeternam
2851 4100 2962 4172 jam
2990 4099 3331 4171 sperantibus
3359 4100 3631 4171 Spernitur
3660 4096 3751 4155 feli

2171 4195 2307 4252 citas
2342 4195 2650 4266 temporalis
2674 4236 2691 4264 ,
2736 4204 2795 4250 ut
2830 4194 3116 4264 impleatur
3157 4193 3299 4262 quod
3340 4191 3598 4262 scriptum
3636 4199 3762 4247 est.

2175 4289 2353 4343 Omnis
2376 4304 2496 4342 caro
2524 4292 2717 4359 fenum,
2748 4294 2793 4341 et
2814 4286 2977 4341 omnis
2997 4285 3202 4340 claritas
3222 4286 3390 4341 carnis
3419 4296 3474 4339 ut
3499 4287 3598 4354 ﬂos
3622 4285 3727 4357 feni
3747 4301 3766 4337 :

2172 4384 2344 4453 fenum
2369 4378 2522 4447 aruit,
2554 4380 2652 4450 ﬂos
2679 4377 2887 4433 decidit.
2924 4375 3140 4432 Verbum
3163 4387 3335 4432 autem
3359 4374 3573 4431 Domini
3598 4384 3767 4430 manet

2169 4472 2224 4524 in
2251 4480 2494 4526 aeternum
2517 4467 2668 4541 (Isai.
2702 4485 2791 4538 xL,
2822 4466 2954 4540 6-8).
2985 4467 3059 4524 lbi
3088 4478 3167 4524 est
3194 4468 3399 4523 fructus
3424 4468 3543 4537 ejus
3559 4467 3765 4523 exalta-

2171 4570 2258 4618 tus
2283 4577 2445 4633 super
2475 4560 2758 4617 Libanum.
2786 4560 3010 4630 Semper
3033 4560 3176 4615 enim
3205 4574 3331 4616 caro
3360 4559 3543 4615 fenum
3573 4559 3689 4623 fuit.
3714 4568 3766 4614 et

2171 4654 2385 4711 claritas
2409 4654 2586 4709 carnis
2613 4663 2669 4709 ut
2703 4652 2802 4709 ﬂos
2841 4652 2950 4708 feni
2983 4671 2997 4708 :
3028 4652 3127 4709 sed
3153 4652 3279 4724 quia
3306 4668 3414 4708 non
3440 4652 3765 4709 demonstra-

2170 4750 2328 4806 batur
2365 4765 2485 4820 qua:
2522 4748 2697 4804 fuerat
2726 4746 2970 4819 eligenda
3006 4755 3063 4803 et
3101 4746 3464 4818 praeponenda
3495 4746 3721 4803 felicitas
3746 4786 3762 4814 ,

2172 4844 2272 4899 llos
2301 4844 2410 4899 feni
2452 4859 2550 4915 pro
2592 4859 2787 4915 magno
2811 4843 3138 4909 habebatur;
3183 4857 3287 4898 nec
3325 4841 3500 4897 solum
3544 4841 3765 4896 minimc

2171 4939 2630 5005 contemnebatur,
2655 4937 2752 4994 sed
2772 4938 2933 4993 etiam
2955 4938 3187 4993 maxime
3206 4936 3581 5008 appetebatur.
3604 4935 3764 5006 Quasi

2171 5046 2301 5102 ergo
2329 5040 2457 5087 tunc
2484 5030 2557 5085 ita
2581 5044 2702 5086 esse
2729 5032 2956 5100 coeperit
2974 5071 2989 5095 ,
3019 5028 3234 5102 quando
3260 5042 3511 5085 aversum
3542 5029 3560 5061 ³
3588 5038 3674 5084 est
3698 5034 3764 5082 at-

2172 5140 2278 5196 que
2315 5132 2680 5193 contemptmn
2724 5122 2982 5194 quidquid
3028 5122 3256 5177 ﬂorebat
3301 5122 3353 5177 in
3401 5122 3642 5185 saeculo,
3692 5120 3762 5176 ita

2171 5218 2370 5275 dictum
2392 5228 2494 5283 est,
2520 5216 2960 5288 Superextolletur
2977 5232 3127 5286 super
3148 5214 3397 5270 Libanum
3418 5220 3618 5286 fructus
3638 5215 3760 5285 ejus,

2171 5322 2218 5366 et
2243 5311 2492 5382 ﬂorebunt
2521 5309 2584 5363 de
2602 5309 2802 5364 civitate
2831 5312 2961 5364 sicut
2987 5311 3161 5381 fenum
3184 5318 3333 5363 terra:
3360 5324 3382 5363 :
3409 5307 3463 5363 id
3484 5316 3587 5372 est,
3616 5306 3762 5362 αισα.

2171 5405 2403 5459 mabitur
2442 5417 2603 5474 super
2626 5401 2806 5456 omnia
2833 5401 2974 5471 quod
3003 5401 3056 5455 in
3101 5410 3361 5455 aeternum
3392 5400 3725 5470 promittitur
3745 5439 3760 5463 ,

2171 5506 2228 5555 et
2263 5496 2661 5567 comparabitur
2685 5494 2809 5552 [eno
2840 5504 2997 5551 terra:
3022 5493 3277 5566 quidquid
3315 5509 3414 5566 pro
3452 5508 3649 5565 magno
3673 5492 3760 5547 ba-

2169 5590 2326 5648 betur
2351 5588 2406 5644 in
2434 5587 2657 5644 saeculo.

2243 5680 2329 5738 19.
2372 5680 2523 5754 [vers.
2560 5679 2674 5753 17.]
2702 5679 2784 5735 Sit
2822 5694 2951 5752 ergo
2982 5696 3167 5737 nomen
3205 5680 3319 5753 ejus
3359 5679 3674 5738 benedictum
3712 5676 3762 5734 in

2171 5774 2359 5832 siccata
2390 5788 2408 5827 :
2436 5781 2552 5827 ante
2589 5772 2746 5827 solem
2788 5781 3049 5841 permanet
3073 5788 3257 5829 nomen
3298 5773 3431 5845 ejus.
3462 5772 3570 5830 Per
3596 5770 3762 5829 solent

2243 5910 2261 5943 ί
2286 5915 2360 5961 Er.
2386 5915 2439 5962 et
2456 5915 2587 5972 Mss,
2625 5906 3027 5959 animadversum.
