4076 6468
334 603 578 665 tempora
604 586 898 661 signiﬁcata
923 588 1043 641 sunt
1073 602 1087 640 :
1116 595 1244 655 ergo
1272 581 1327 637 in
1354 586 1613 636 aeternum
1635 572 1913 646 permanet

337 701 536 744 nomen
566 684 716 755 ejus;
759 689 1018 737 aeternum
1042 678 1184 734 cnim
1213 672 1478 730 antecedit
1507 680 1748 741 tempora
1769 708 1786 735 ,
1813 677 1912 720 nec

333 777 599 837 clauditur
626 785 886 845 tempore.
930 770 999 826 Et
1029 769 1380 824 benedicentur
1404 766 1457 821 in
1482 765 1592 835 ipso
1622 776 1793 817 omnes
1817 758 1912 814 tri-

334 874 426 927 bus
452 878 621 924 terra.
660 866 718 922 In
747 865 865 936 ipso
901 862 1095 934 quippe
1120 860 1373 931 impletur
1410 855 1550 929 quod
1592 853 1913 926 promissum

333 971 417 1020 est
445 958 695 1018 Abrahae.
730 976 750 1011 ι
781 956 895 1012 Νοιι
928 974 948 1009 s
978 953 1120 1010 enim
1156 970 1178 1006 ι
1204 952 1353 1019 dicit,
1379 951 1434 1006 In
1461 948 1773 1015 seminibus,
1797 954 1913 1001 tan-

332 1071 492 1129 quam
523 1055 576 1108 in
606 1050 817 1117 multis;
849 1048 945 1105 sed
970 1057 1220 1118 tanquam
1247 1046 1298 1100 in
1332 1059 1458 1112 uno,
1495 1045 1559 1097 Et
1582 1040 1771 1097 semini
1798 1047 1909 1103 tuo,

334 1148 479 1218 quod
504 1154 587 1202 est
607 1144 848 1200 Christus
876 1161 896 1195 ι
929 1139 1068 1213 (Gal.
1092 1157 1170 1207 ιιι,
1202 1138 1311 1210 l6).
1336 1136 1564 1193 Abralue
1585 1145 1761 1190 autem
1782 1131 1913 1188 dici.

335 1250 423 1295 tur
473 1256 487 1293 :
544 1256 564 1291 ι
610 1237 665 1292 ln
709 1237 914 1292 semine
963 1243 1054 1289 tuo
1092 1231 1475 1288 benedicentur
1518 1244 1703 1284 omnes
1744 1228 1914 1283 tribus

335 1344 491 1389 terrae
514 1350 535 1384 ι
563 1330 713 1401 (Gen.
733 1330 989 1400 “11.18).
1011 1348 1030 1381 ‹
1048 1328 1231 1399 Neque
1257 1327 1347 1382 lilii
1365 1327 1558 1391 carnis,
1573 1325 1665 1382 sed
1679 1324 1768 1378 lilii
1793 1338 1914 1393 pro-

333 1425 607 1480 missionis
620 1424 939 1493 deputantur
962 1424 1015 1477 in
1030 1423 1234 1477 semine
1253 1441 1272 1475 ι
1295 1421 1466 1491 (Rom.
1483 1436 1555 1486 ix,
1573 1418 1649 1491 8).
1672 1436 1693 1470 ι
1713 1417 1911 1473 Omnes

333 1529 521 1588 gentes
565 1517 978 1589 ntagnilicabuut
1024 1531 1163 1575 eum.
1206 1534 1226 1568 ι
1277 1514 1551 1585 Tanquam
1596 1510 1912 1582 exponendo

331 1613 619 1680 repetitum
639 1620 721 1665 est
741 1610 883 1682 quod
909 1624 1067 1681 supra
1087 1609 1284 1664 dictum
1310 1617 1411 1664 est.
1433 1606 1564 1672 Quia
1585 1606 1725 1661 enim
1749 1604 1912 1660 bene-

330 1701 578 1757 dicentur
599 1703 653 1757 in
672 1717 758 1771 eo,
781 1701 1195 1772 magniﬁcabuut
1215 1716 1336 1756 eum
1367 1718 1381 1755 :
1410 1714 1514 1754 non
1541 1697 1642 1769 ipsi
1670 1694 1911 1753 faciendo

332 1804 393 1850 ut
418 1811 643 1866 magnus
668 1797 758 1861 sit,
783 1795 874 1866 qui
903 1810 997 1865 per
1023 1795 1259 1864 seipsum
1281 1806 1504 1862 magnus
1530 1799 1646 1856 est;
1674 1788 1767 1845 sed
1793 1790 1910 1843 lau-

332 1888 511 1943 dando
550 1897 604 1943 et
630 1902 881 1960 magnum
920 1885 1154 1942 fatendo.
1201 1886 1291 1941 Sic
1334 1885 1475 1939 enim
1514 1881 1911 1954 magniﬁcamus

334 1979 537 2047 Deum;
577 1980 653 2034 sic
689 1981 849 2035 etiam
882 1981 1110 2035 dicimus
1137 1995 1152 2034 :
1181 1979 1539 2049 Sancti/iaetur
1561 1994 1742 2031 nomen
1770 1984 1911 2030 tuum

334 2070 548 2143 (Matth.
571 2087 644 2140 vi,
670 2070 757 2142 9);
793 2072 932 2142 quod
962 2086 1174 2141 semper
1202 2072 1384 2142 utique
1413 2080 1653 2126 sanctum
1681 2078 1782 2126 est.

403 2164 495 2219 20.
526 2162 677 2237 [rem
720 2163 833 2237 ‘18.]
863 2164 1165 2220 Benedictus
1191 2163 1441 2219 Dominus
1464 2204 1479 2231 ,
1520 2162 1661 2219 Deus
1702 2162 1907 2233 Israel,

329 2256 416 2328 qui
445 2256 568 2326 facit
605 2256 858 2311 mirabilia
893 2255 1053 2312 solus.
1079 2254 1442 2313 Consideratis
1479 2256 1725 2312 omnibus
1748 2270 1911 2326 supra

331 2345 489 2401 dictis
538 2355 809 2403 eructatur
854 2347 1121 2419 hymnus,
1167 2358 1222 2404 et
1267 2348 1602 2405 benedicitur
1653 2347 1910 2404 Dominus

331 2438 472 2494 Deus
512 2437 696 2494 Israel.
739 2438 995 2511 Impletur
1020 2440 1161 2496 enim
1197 2439 1341 2511 quod
1378 2439 1445 2495 ad
1488 2440 1631 2495 illam
1669 2441 1909 2496 sterilem

327 2528 530 2585 dictum
551 2537 652 2597 est,
686 2529 754 2584 Et
781 2531 869 2602 qui
887 2532 1015 2586 eruit
1036 2541 1102 2596 te,
1122 2532 1231 2603 ipse
1255 2529 1526 2594 Dominus,
1557 2529 1698 2585 Deus
1722 2529 1906 2598 Israel,

330 2625 573 2679 universa:
601 2635 751 2680 teme
772 2625 1026 2679 vocabitur
1050 2623 1200 2696 (Isai.
1231 2640 1337 2689 Liv,
1365 2621 1441 2697 5).
1475 2623 1593 2694 Ipse
1621 2623 1743 2695 facit
1764 2624 1912 2677 mira-

330 2714 453 2769 bilia
492 2716 633 2770 solus
654 2732 676 2771 :
701 2716 952 2788 quoniam
976 2716 1298 2787 quicumque
1324 2714 1562 2783 faciunt,
1598 2713 1712 2784 ipse
1750 2714 1803 2769 in
1829 2713 1908 2771 eis

328 2817 600 2879 operatur,
632 2810 718 2881 qui
746 2809 868 2879 facit
896 2808 1149 2863 mirabilia
1179 2808 1338 2863 solus.

397 2900 489 2955 21.
520 2897 671 2973 [vers.
699 2899 814 2974 19.]
841 2900 909 2955 Et
935 2900 1243 2955 benedictum
1268 2916 1448 2954 nomen
1476 2899 1654 2970 gloria:
1678 2899 1787 2971 ejus
1811 2898 1828 2930 ί
1854 2898 1909 2952 in

326 3000 571 3046 teter-num
593 3034 611 3062 ,
638 2993 759 3048 etin
783 2992 1023 3048 steculum
1047 2992 1238 3047 steculi.
1280 2991 1415 3060 Quid
1457 2990 1600 3046 aliud
1635 2990 1783 3045 latini
1824 2990 1909 3045 in-

327 3094 594 3157 terpretes
631 3086 893 3153 dicerent,
936 3086 1025 3158 qui
1052 3099 1159 3141 non
1188 3094 1408 3157 possent
1434 3085 1631 3149 dicere,
1662 3085 1718 3140 in
1746 3091 1906 3140 aeter-

326 3196 478 3249 num,
509 3187 566 3236 et
589 3181 643 3236 in
668 3189 924 3237 aeternum
947 3182 1130 3237 aeterni
1147 3176 1353 3249 'i'Quasi
1377 3181 1519 3237 enim
1543 3181 1685 3237 aliud
1707 3180 1905 3238 dictum

325 3273 430 3337 sit,
455 3272 510 3326 in
528 3282 790 3341 wternum,
835 3280 890 3329 et
912 3272 1058 3328 aliud
1083 3274 1136 3328 in
1169 3274 1412 3329 saxulum
1433 3314 1449 3342 ,
1486 3274 1559 3329 ita
1583 3282 1738 3329 sonat
1769 3291 1783 3327 :
1811 3273 1908 3331 sed

323 3382 531 3439 graecus
560 3366 740 3433 habet,
768 3377 834 3431 de
857 3376 935 3425 τὸν
952 3379 1121 3435 «tam,
1152 3375 1234 3425 καὶ
1261 3378 1327 3433 sl;
1343 3379 1419 3426 τὸν
1446 3380 1597 3424 αἰῶνα
1621 3372 1904 3439 rarissimas,

326 3460 468 3531 quod
495 3461 631 3517 forte
666 3462 997 3518 commodius
1020 3463 1287 3519 diceretur
1306 3505 1321 3530 ,
1352 3464 1408 3519 in
1434 3464 1686 3519 saeculum
1713 3505 1728 3532 ,
1771 3472 1825 3520 et
1852 3465 1907 3520 in

326 3552 583 3608 saeculum
611 3553 832 3619 saeculi;
873 3562 931 3608 ut
956 3555 1011 3608 in
1032 3554 1273 3609 circulum
1298 3554 1702 3626 intelligeretur,
1739 3570 1908 3626 quan-

327 3652 437 3701 tum
485 3646 587 3700 hoc
617 3646 873 3702 sacculum
913 3646 1097 3713 durat;
1129 3647 1183 3701 in
1214 3648 1454 3703 sarculum
1488 3656 1663 3703 autcm
1702 3647 1904 3719 steculi,

325 3736 465 3808 quod
494 3746 614 3807 post
642 3738 799 3807 hujus
842 3737 1003 3793 linem
1045 3736 1279 3794 futurum
1319 3739 1662 3809 promittitur.
1711 3738 1783 3793 Et
1823 3756 1907 3796 re-

327 3829 541 3900 plebitur
588 3827 752 3899 gloria
792 3830 902 3899 ejus
936 3830 1101 3885 omnis
1136 3839 1268 3884 terra
1298 3846 1318 3884 :
1345 3831 1459 3897 ﬁat,
1504 3831 1615 3899 ﬁat.
1652 3830 1864 3886 Iussisti
1888 3872 1903 3897 ,

328 3920 582 3988 Domine,
623 3920 696 3974 ita
725 3920 809 3986 lit;
851 3921 922 3975 ita
955 3921 1031 3989 (it,
1053 3921 1225 3978 donec
1256 3920 1386 3977 illud
1405 3921 1546 3993 quod
1562 3922 1723 3993 coepit
1749 3939 1781 3976 a
1800 3924 1904 3992 ﬂu-

326 4014 479 4078 mine,
503 4013 777 4083 perveniat
795 4013 1013 4070 omnino
1040 4031 1195 4086 usque
1221 4015 1289 4070 ad
1314 4015 1550 4071 terminos
1581 4017 1714 4072 orbis
1739 4024 1903 4073 terra.

746 4221 830 4282 IN
870 4220 1254 4283 PSALMUM
1281 4222 1521 4284 LXXII

912 4342 1328 4400 ENARRATIO.

960 4472 1132 4514 ssnuo
1164 4456 1262 4530 (a).

298 4563 303 4567 ’
394 4572 447 4627 1.
508 4569 660 4648 [verm
706 4571 785 4646 1.]
822 4572 1048 4641 Audite,
1096 4572 1275 4630 audite
1314 4571 1657 4629 dilectissima
1697 4571 1904 4631 viscera

322 4663 560 4735 corporis
600 4663 831 4731 Christi,
873 4680 1098 4736 quorum
1126 4680 1251 4735 spes
1278 4664 1533 4719 Dominus
1563 4665 1700 4721 Deus
1726 4674 1935 4727 vester-

320 4765 404 4813 est
423 4798 441 4823 ,
473 4766 529 4812 et
552 4773 657 4812 non
688 4758 950 4828 respicitis
980 4759 1031 4813 in
1063 4758 1322 4814 vanitates
1348 4768 1397 4814 et
1425 4758 1659 4813 insanias
1686 4759 1905 4814 menda-

319 4861 411 4904 ces
440 4848 610 4919 (Psal.
649 4865 847 4915 χχχιχ,
880 4848 972 4921 5);
1002 4857 1058 4905 et
1084 4849 1171 4920 qui
1197 4848 1369 4905 adhuc
1394 4851 1659 4920 respicitis
1680 4893 1696 4918 ,
1724 4850 1904 4908 audite

319 4957 387 4998 ne
426 4943 742 5012 respiciatis.
780 4943 1021 5000 Psalmus
1058 4944 1159 5000 iste
1196 4943 1594 5014 inscriptionem
1626 4945 1819 5014 habet,
1846 4945 1902 5004 id

318 5043 401 5091 est
440 5036 647 5090 titulum
666 5078 682 5102 ,
725 5035 1024 5108 Defecerunt
1046 5038 1220 5108 hymni
1251 5035 1447 5105 Dauid,
1477 5035 1571 5106 ﬁlii
1598 5036 1742 5093 Iesse
1771 5038 1847 5111 (b)
1881 5056 1900 5096 :

319 5125 558 5182 Psalmus
581 5127 678 5199 ipsi
699 5128 893 5200 Asaph.
926 5128 1028 5184 Tot
1055 5128 1310 5185 habemus
1337 5128 1570 5201 psalmos
1594 5130 1647 5185 in
1672 5144 1899 5201 quorum

319 5220 483 5277 titulis
511 5223 765 5292 scriptum
791 5231 876 5279 est
899 5238 1089 5278 nomen
1119 5222 1282 5278 David
1305 5263 1323 5291 ,
1356 5237 1612 5295 nusquam
1639 5231 1723 5277 est
1746 5223 1900 5280 addi-

317 5319 427 5368 tum
454 5315 552 5385 ﬁlii
576 5314 721 5370 Iesse
740 5356 758 5384 ,
788 5315 889 5372 nisi
913 5315 966 5371 in
997 5314 1100 5371 hoc
1123 5314 1258 5371 solo.
1289 5313 1440 5384 Quod
1469 5313 1791 5372 credendum
1816 5323 1900 5371 est

379 5451 399 5484 ι
424 5450 594 5503 Plures
611 5466 642 5503 e
663 5452 1011 5504 vetustioribus
1029 5458 1162 5513 Mss,

377 5513 452 5576 (a)
474 5522 642 5580 sermo
662 5515 725 5565 ad
746 5514 949 5580 plebem
964 5515 1158 5580 habitus
1181 5514 1307 5566 forte
1328 5528 1407 5564 an.
1431 5515 1543 5580 411,
1568 5517 1620 5565 in
1642 5514 1898 5580 pervigilio

312 5578 617 5652 ἕψω-ἰωή,
643 5577 875 5652 ex‘epist.
897 5577 1002 5638 140,
1018 5578 1079 5652 a_d_
1094 5584 1400 5652 Honoratum,
1424 5590 1467 5627 c.
1494 5578 1544 5652 5,
1569 5592 1618 5626 ιι.
1638 5577 1893 5652 13.ἠί1188.

313 5636 646 5690 .tudbenensis
680 5647 733 5691 et
764 5636 963 5690 'Claram.
989 5636 1171 5690 addunt
1205 5641 1255 5689 in
1277 5636 1417 5690 titulo
1453 5636 1731 5689 sermonem
1768 5639 1897 5690 hunc

310 5696 528 5750 habitum
553 5715 669 5753 esse
689 5702 738 5751 in
755 5702 947 5753 Basilica
970 5703 1216 5753 Restituta.
1254 5698 1338 5751 Ι.

408 5716 528 5750 uum
553 5716 669 5753 9833
689 5716 738 5751 ιιι
755 5716 947 5753 nasum
970 5716 1216 5753 nesututa.
1279 5716 1338 5751 Ι.

375 5762 447 5826 (b)
471 5770 522 5813 in
545 5764 769 5829 editione
797 5764 1054 5829 Bibliorum
1086 5763 1302 5829 )‘uigata,
1332 5764 1393 5814 ad
1420 5765 1688 5829 superioris
1723 5762 1893 5829 Psalrni

496 5827 723 5901 pertinet
758 5827 854 5901 iste
881 5821 1497 5901 _versimilus,‘1)_efecerunt'
1522 5825 1689 5901 hymni
1710 5827 1887 5901 Damd,

317 5882 405 5945 lilii
424 5882 558 5939 Jes'se
585 5901 604 5938 :
626 5902 776 5953 quem
798 5889 1072 5940 Ambrosius
1091 5882 1203 5943 cum
1224 5882 1487 5954 Augustino
1507 5882 1732 5941 similiter
1753 5882 1892 5943 ecce;

316 5943 389 6007 pit
413 5956 505 6009 pro
522 5949 667 6001 titulo
686 5951 831 6014 huius
851 5949 1019 6001 Psalmi
1035 5963 1151 6003 exn.

851 5949 1151 6003 Psalminxn.

1185 5451 1450 5514 maiestatis
1462 5451 1584 5514 ejus.

1415 450 1814 517 BNARRATIO
1850 446 1919 505 IN
1956 445 2278 510 PSALMUM
2314 454 2524 512 LXXII.

3499 462 3607 520 9M

2019 576 2125 620 non
2148 563 2342 622 frustra
2370 567 2565 624 factum
2585 611 2601 636 ,
2624 583 2793 641 neque
2821 570 3047 629 inaniter
3075 589 3088 628 :
3118 573 3311 647 ubique
3328 575 3470 631 enim
3500 592 3599 632 no-

2017 657 2101 714 bis
2124 659 2293 715 innuit
2313 662 2483 729 Deus,
2507 672 2560 719 et
2578 663 2643 718 ad
2670 664 2992 721 intellectum
3020 677 3177 725 vocat
3199 668 3343 741 pium
3369 670 3604 729 studium

2019 748 2311 806 charitatis.
2360 751 2495 821 Quid
2541 762 2664 823 est,
2705 753 3006 825 Defecerunt
3042 758 3216 829 hymni
3258 760 3457 827 David,
3503 763 3604 833 ﬁlii

2017 840 2205 899 Iesse?
2244 844 2437 917 Hymni
2479 846 2664 903 laudes
2686 856 2828 904 sunt
2857 848 2952 904 Dei
2980 863 3101 905 cum
3129 853 3335 909 cantico
3368 872 3381 909 :
3415 853 3603 927 hymni

2019 945 2206 993 cantus
2247 948 2372 994 sunt
2412 940 2742 997 continentes
2788 942 2995 998 laudem
3039 941 3153 999 Dei.
3196 943 3250 1001 Si
3276 945 3344 1001 sit
3368 947 3519 1015 laus,
3546 957 3603 1006 et

2019 1045 2128 1085 non
2154 1032 2224 1086 sit
2251 1032 2378 1097 Dei,
2407 1049 2514 1089 non
2539 1044 2619 1090 est
2643 1034 2871 1106 hymnus
2904 1054 2918 1091 :
2948 1035 2994 1091 si
3020 1035 3089 1091 sit
3110 1034 3242 1104 laus,
3271 1046 3324 1093 et
3345 1038 3439 1095 Dei
3463 1039 3598 1110 laus,

2018 1131 2073 1178 et
2096 1137 2202 1178 non
2226 1132 2469 1180 cantetur
2491 1168 2506 1195 ,
2530 1143 2634 1181 non
2657 1137 2738 1183 est
2766 1126 3015 1200 hymnus.
3046 1125 3266 1198 Oportet
3289 1145 3416 1200 ergo
3443 1140 3523 1199 ut,
3554 1131 3603 1190 ἐ

2016 1214 2088 1271 sit
2119 1218 2380 1288 hymnus,
2410 1218 2600 1275 haheat
2627 1219 2744 1275 haec
2771 1224 2869 1274 tria
2902 1238 2915 1273 :
2946 1227 3000 1275 et
3029 1219 3235 1277 laudem
3260 1263 3276 1288 ,
3309 1230 3363 1277 et
3391 1221 3518 1290 Dei,
3548 1230 3604 1282 et

2017 1307 2301 1365 canticum.
2346 1309 2478 1379 Quid
2509 1320 2591 1367 est
2618 1327 2772 1383 ergo,
2804 1311 3107 1382 Defecerunt
3133 1314 3353 1384 hymni?
3380 1314 3603 1371 Defece-

2016 1406 2143 1454 runt
2170 1400 2352 1456 laudes
2376 1417 2494 1472 qua:
2516 1412 2795 1459 cantantur
2821 1404 2872 1459 in
2899 1404 3087 1460 Deum.
3117 1404 3392 1461 Molestam
3414 1422 3527 1462 rem
3549 1415 3604 1464 et

2017 1494 2165 1564 quasi
2207 1494 2499 1551 luctuosam
2546 1497 2757 1552 videtur
2801 1496 3066 1553 nuntiare.
3107 1496 3209 1566 Qui
3248 1498 3390 1553 enim
3425 1507 3605 1556 cantat

2017 1583 2264 1656 laudem,
2305 1602 2412 1643 non
2454 1589 2627 1645 solum
2668 1589 2883 1659 laudat,
2920 1590 3013 1645 sed
3043 1591 3200 1645 etiam
3227 1590 3469 1647 hilariter
3492 1592 3604 1647 lau-

2016 1677 2107 1734 dat
2151 1696 2165 1733 :
2210 1680 2300 1751 qui
2341 1690 2517 1737 cantat
2560 1682 2799 1752 laudem,
2843 1699 2948 1739 non
2982 1684 3151 1740 solum
3182 1694 3394 1753 cantat,
3426 1685 3522 1742 sed
3549 1693 3604 1743 et

2016 1778 2159 1827 amat
2182 1788 2303 1828 eum
2327 1789 2483 1844 quem
2509 1783 2705 1831 cantat.
2733 1776 2788 1831 In
2810 1775 2965 1832 laude
2985 1775 3285 1832 confitentis
3306 1784 3389 1834 est
3413 1776 3603 1849 praedi-

2015 1863 2154 1919 catio
2200 1883 2212 1918 :
2259 1865 2314 1920 in
2353 1867 2560 1922 cantico
2600 1868 2826 1923 amantis
2867 1868 3097 1924 affectio.
3138 1869 3439 1942 Defecerunt
3473 1884 3602 1941 ergo

2016 1958 2193 2029 hymni
2229 1958 2429 2027 David,
2473 1961 2547 2016 ait
2592 1979 2606 2017 :
2647 1970 2703 2017 et
2740 1962 2973 2028 addidit,
3001 1963 3094 2033 ﬁlii
3117 1963 3280 2020 Jesse.
3309 1963 3438 2018 Erat
3459 1964 3600 2018 enim

2016 2049 2183 2106 David
2230 2067 2330 2107 rex
2357 2051 2554 2121 Israel,
2580 2052 2720 2109 ﬁlius
2747 2054 2896 2111 Iesse
2919 2054 2963 2128 (Ι
2993 2056 3120 2126 Reg.
3147 2071 3234 2111 xvr
3258 2097 3273 2123 ,
3303 2055 3391 2127 l8)
3416 2096 3432 2121 ,
3464 2064 3598 2110 tem-

2013 2157 2144 2214 pore
2182 2144 2411 2215 quodam
2448 2146 2649 2202 Veteris
2687 2146 3051 2215 Testamenti;
3091 2162 3196 2219 quo
3235 2155 3471 2217 tempore
3495 2144 3601 2202 No-

2013 2252 2137 2293 vum
2165 2238 2561 2296 Testamentum
2589 2241 2910 2297 occultatum
2942 2242 3011 2296 ibi
3042 2250 3190 2309 erat,
3220 2249 3468 2313 tanquam
3492 2240 3603 2296 fru-

2014 2338 2129 2386 ctus
2158 2330 2211 2386 in
2232 2331 2428 2387 radice.
2458 2331 2515 2387 Si
2535 2332 2677 2386 enim
2706 2346 2913 2403 qumras
2932 2331 3160 2388 fructum
3180 2332 3233 2388 in
3264 2333 3465 2399 radice,
3492 2346 3603 2389 non

2012 2423 2290 2491 invenies;
2334 2438 2434 2479 nec
2461 2431 2635 2480 tamen
2665 2423 2904 2485 invenies
2934 2424 2986 2479 in
3017 2425 3179 2480 ramis
3209 2426 3466 2497 fructum,
3500 2424 3604 2481 nisi

2014 2516 2103 2586 qui
2131 2515 2199 2571 de
2238 2516 2415 2573 radice
2453 2518 2794 2587 processerit.
2827 2518 2922 2573 lllo
2947 2533 3072 2590 ergo
3102 2508 3373 2588 tempore,
3405 2518 3603 2590 populo

2013 2607 2187 2678 primo
2214 2607 2448 2662 venienti
2472 2624 2537 2664 ex
2566 2611 2770 2665 semine
2797 2609 3025 2665 Abrahm
3053 2611 3369 2677 carnaliter;
3402 2626 3521 2666 nam
3549 2618 3603 2668 et

2013 2698 2240 2769 populus
2269 2699 2532 2756 secundus
2560 2701 2833 2770 pertinens
2856 2701 2920 2757 ad
2952 2701 3157 2757 Novum
3178 2701 3598 2772 Testamentum,

2011 2792 2078 2847 ad
2100 2806 2288 2848 semen
2317 2793 2544 2849 Abrahae
2565 2795 2830 2866 pertinet,
2858 2795 2950 2851 sed
2975 2795 3083 2866 jam
3109 2795 3451 2867 spiritualiter
3479 2813 3492 2850 :
3526 2796 3601 2853 illi

2011 2900 2138 2956 ergo
2167 2886 2361 2956 populo
2390 2886 2563 2957 primo
2590 2887 2766 2943 adhuc
2793 2887 3011 2953 carnali,
3035 2886 3123 2943 ubi
3151 2888 3302 2957 pauci
3329 2886 3600 2959 prophetae

2010 2977 2377 3047 intelligebant
2411 2986 2466 3034 et
2499 2978 2626 3050 quid
2655 2978 3049 3034 desideraretur
3074 2993 3106 3034 ιι
3136 2978 3274 3046 Deo,
3308 2987 3363 3034 et
3388 2977 3600 3050 quando

2011 3071 2232 3127 haberet
2274 3072 2486 3144 publice
2534 3071 2849 3143 praedicari,
2890 3073 3382 3143 praenuntiaverunt
3422 3072 3599 3128 futura

2012 3165 2129 3223 haec
2157 3174 2394 3238 tempora
2419 3207 2437 3235 ,
2466 3175 2521 3222 et
2547 3166 2830 3223 adventum
2860 3168 3069 3223 Domini
3094 3168 3260 3224 nostri
3285 3167 3410 3224 Iesu
3438 3166 3598 3223 Chri-

2012 3259 2101 3315 sti.
2123 3260 2188 3315 Et
2208 3258 2651 3330 quemadmodum
2676 3258 2919 3316 Christus
2939 3261 3051 3332 ipse
3070 3259 3361 3316 secundum
3381 3274 3597 3317 carnem

2012 3356 2310 3412 nasciturus
2330 3398 2345 3423 ,
2378 3355 2430 3410 in
2456 3354 2633 3412 radice
2657 3363 2773 3411 erat
2798 3355 3036 3412 occultus
3058 3356 3109 3411 in
3134 3356 3337 3411 semine
3361 3354 3598 3411 Patriar-

2011 3447 2228 3504 charum
2254 3490 2269 3516 ,
2298 3455 2353 3503 et
2377 3448 2604 3517 quodam
2626 3455 2864 3517 tempore
2888 3446 3204 3503 revelandus
3224 3454 3472 3517 tanquam
3495 3444 3599 3501 fru-

2009 3548 2099 3596 ctu
2139 3547 2459 3611 apparente,
2507 3540 2644 3594 sicut
2680 3540 2938 3609 scriptum
2978 3546 3092 3605 est,
3136 3536 3337 3592 Floruit
3370 3538 3510 3609 virga
3534 3536 3598 3592 de

2009 3632 2182 3687 radice
2200 3630 2346 3687 Iesse
2374 3630 2525 3703 (Isai.
2556 3647 2609 3686 si
2623 3673 2639 3698 ,
2666 3630 2720 3702 I)
2746 3649 2759 3685 :
2788 3632 2865 3687 sic
2886 3631 3046 3687 etiam
3069 3631 3241 3702 ipsum
3262 3630 3465 3685 Novum
3486 3629 3595 3686 Te-
3657 3667 3681 3680 -

2010 3730 2361 3792 stamentum,
2393 3723 2531 3794 quod
2561 3723 2615 3778 in
2641 3720 2853 3779 Christo
2867 3731 2950 3780 est
2970 3722 3233 3794 prioribus
3259 3722 3362 3778 illis
3390 3731 3595 3793 tempo-

2009 3817 2156 3874 ribus
2198 3819 2462 3874 occultum
2508 3825 2658 3885 erat,
2708 3817 2838 3873 solis
2883 3816 3162 3887 Prophetis
3201 3816 3470 3888 cognitum
3494 3857 3510 3883 ,
3541 3823 3597 3872 et

2009 3909 2344 3982 paucissimis
2374 3910 2502 3980 piis,
2534 3924 2641 3965 non
2669 3924 2734 3965 ex
2763 3906 3189 3965 manilestatione
3212 3909 3552 3979 prtesentium
3574 3949 3592 3974 ,

2008 4003 2104 4059 sed
2147 4018 2214 4060 ex
2257 4003 2579 4060 revelatione
2620 4002 2938 4059 futurorum.
2984 4001 3116 4057 Nam
3156 4001 3282 4075 quid
3318 4002 3416 4058 sibi
3444 4002 3593 4070 vult,

2009 4098 2203 4155 fratres
2225 4140 2241 4165 ,
2269 4107 2327 4152 ut
2348 4114 2509 4153 unum
2531 4097 2780 4168 quiddam
2803 4110 3238 4158 commemorem,
3262 4094 3405 4165 quod
3429 4095 3599 4150 Abra-

2008 4190 2132 4245 ham
2173 4190 2388 4243 mittens
2414 4202 2626 4243 servum
2653 4202 2806 4242 suum
2833 4186 3042 4242 fidelem
3072 4185 3140 4241 ad
3166 4184 3596 4252 desponsandam

2008 4294 2232 4336 uxorem
2278 4279 2435 4334 unico
2480 4278 2589 4332 lilio
2618 4292 2716 4332 suo
2736 4318 2751 4342 ,
2782 4275 2907 4331 facit
2932 4292 3053 4331 eum
3077 4275 3259 4346 jurare
3282 4274 3421 4343 sibi,
3456 4283 3511 4331 et
3537 4276 3596 4331 in

2001 4371 2307 4443 juramento
2342 4369 2470 4425 dicit
2494 4368 2546 4425 ei
2573 4386 2586 4423 :
2617 4368 2763 4423 Pone
2787 4384 2996 4423 manum
3022 4367 3113 4423 sub
3136 4367 3326 4436 femore
3355 4382 3497 4432 meo,
3544 4374 3595 4422 et

1998 4463 2123 4535 jura
2164 4460 2315 4535 (Gen.
2354 4477 2509 4530 xxxv,
2545 4454 2649 4530 2)?
2688 4459 2824 4529 Quid
2865 4467 2979 4515 erat
3018 4458 3071 4514 in
3102 4458 3301 4514 femore
3323 4456 3550 4513 Abrahae
3573 4500 3590 4526 ,

2007 4554 2098 4611 ubi
2140 4554 2228 4611 ille
2271 4568 2485 4609 manum
2529 4553 2704 4623 posuit
2744 4551 2968 4623 jurans?
3006 4550 3141 4621 Quid
3186 4549 3259 4604 ibi
3301 4557 3445 4616 erat,
3489 4549 3593 4605 nisi

2006 4645 2147 4719 quod
2187 4653 2240 4701 et
2280 4653 2404 4701 tunc
2443 4644 2492 4699 ei
2534 4643 2853 4715 promissum
2889 4649 3013 4697 est:
3043 4639 3107 4695 In
3132 4640 3319 4695 semine
3344 4648 3430 4694 tuo
3454 4640 3594 4696 bene-

2007 4740 2237 4795 dicentur
2260 4755 2429 4793 omnes
2455 4746 2623 4808 gentes
2650 4735 2762 4808 (Id.
2792 4750 2901 4790 χχιι
2919 4774 2935 4802 ,
2969 4734 3081 4806 I8).
3108 4733 3349 4789 Femoris
3374 4733 3592 4791 nomine

2006 4845 2133 4886 caro
2169 4828 2516 4901 signiﬁcatur.
2553 4828 2630 4884 De
2655 4842 2817 4883 carne
2844 4824 3070 4881 Abrahae
3087 4867 3103 4894 ,
3135 4841 3231 4896 per
3251 4823 3399 4882 Isaac
3425 4834 3480 4881 et
3503 4826 3594 4882 Ja-

2005 4924 2106 4979 coh
2128 4964 2144 4991 ,
2189 4931 2244 4978 et
2284 4937 2351 4977 ne
2394 4921 2556 4976 multa
2584 4933 3096 4987 commemoramus,
3124 4934 3218 4991 per
3241 4917 3459 4975 Mariam
3486 4918 3591 4975 Do-

2004 5018 2179 5074 minus
2209 5024 2390 5071 noster
2410 5014 2563 5071 Jesus
2589 5013 2847 5070 Christus.

2074 5110 2128 5164 2.
2156 5110 2290 5177 Quia
2316 5123 2442 5163 vero
2465 5106 2618 5162 radix
2645 5113 2761 5161 erat
2782 5106 2835 5161 in
2861 5105 3213 5172 Patriarchis,
3243 5104 3384 5162 unde
3406 5111 3589 5161 osten-

2002 5201 2232 5257 demus?
2260 5200 2477 5255 Paulum
2508 5198 2916 5271 interrogemus.
2949 5197 3147 5255 Gentes
3171 5198 3279 5268 jam
3308 5197 3587 5256 credentes

2003 5292 2056 5348 in
2086 5291 2352 5348 Christum
2377 5331 2392 5357 ,
2423 5298 2478 5345 et
2505 5289 2654 5360 quasi
2681 5291 2957 5362 superbire
2983 5290 3258 5361 cupientes
3280 5300 3465 5346 contra
3492 5289 3588 5347 Ju-

2002 5382 2148 5440 daeos
2175 5383 2262 5453 qui
2289 5381 2674 5438 cruciﬁxerunt
2699 5381 3006 5448 Christum;
3034 5396 3154 5435 cum
3179 5389 3234 5436 et
3255 5381 3323 5437 de
3349 5380 3463 5453 ipso
3492 5397 3589 5454 po-

2000 5476 2126 5547 pulo
2146 5473 2351 5530 venerit
2375 5472 2509 5529 alius
2537 5475 2713 5545 paries
2732 5516 2746 5540 ,
2776 5485 3060 5529 occurrens
3085 5472 3137 5526 in
3165 5472 3355 5544 angulo
3373 5515 3389 5541 ,
3422 5472 3476 5529 id
3505 5483 3589 5532 est

2000 5570 2055 5625 in
2084 5569 2199 5640 ipso
2233 5566 2445 5624 Christo
2463 5609 2478 5636 ,
2509 5566 2576 5623 de
2600 5566 2811 5624 diverso
2835 5567 3061 5622 venienti
3089 5566 3274 5638 parieti
3306 5567 3549 5639 praeputii
3570 5608 3588 5635 ,

1999 5661 2053 5718 id
2074 5669 2156 5717 est
2181 5659 2429 5717 Gentium
2459 5678 2473 5715 :
2494 5675 2617 5716 cum
2642 5675 2770 5731 ergo
2798 5660 3067 5730 erigerent
3094 5674 3152 5715 se
3175 5667 3360 5731 gentes
3376 5700 3394 5729 ,
3416 5660 3494 5716 sic
3519 5659 3587 5715 il-

2001 5754 2079 5809 las
2116 5752 2360 5825 reprimit
2400 5771 2414 5809 :
2452 5754 2513 5808 Si
2547 5753 2679 5808 enim
2709 5760 2763 5805 tu
2783 5793 2798 5819 ,
2832 5751 3036 5822 inquit,
3064 5768 3128 5807 ea:
3150 5753 3372 5807 naturali
3397 5753 3586 5808 incisus

2001 5851 2214 5905 oleastro
2237 5889 2252 5915 ,
2291 5850 2510 5904 insertus
2545 5863 2597 5901 es
2633 5846 2688 5899 in
2716 5844 2847 5912 illis,
2878 5845 2982 5899 noli
3005 5845 3216 5916 gloriari
3242 5846 3477 5902 adversus
3497 5860 3586 5902 ra-

2000 5959 2129 5998 mos.
2161 5939 2301 5997 Nam
2327 5941 2372 5997 si
2396 5938 2630 6012 gloriaris
2658 5952 2678 5993 :
2703 5953 2805 5994 non
2832 5947 2888 5994 tu
2912 5938 3136 5995 radicem
3159 5948 3331 6012 portas
3347 5979 3365 6012 ,
3384 5940 3476 5996 sed
3494 5955 3582 5996 ra-

3630 4598 3639 4621 τ

3618 4644 3635 4721 ἑ

3617 4993 3637 5022 ρ
