4076 6478
452 472 557 529 915

452 590 543 644 dia:
588 599 653 644 te.
702 588 840 659 Ergo
883 586 950 644 de
987 587 1166 643 radice
1206 586 1629 643 Patriarcharum
1678 585 1805 640 dicit
1849 583 2043 640 fractos

450 683 709 754 quosdam
739 696 919 737 ramos
946 689 1160 753 propter
1180 680 1547 738 inﬁdelitatem
1564 722 1578 746 ,
1605 684 1661 734 et
1684 676 1942 732 insertum
1974 675 2045 731 ibi

451 774 776 840 oleastrum,
818 783 873 829 ut
918 782 1063 829 esset
1095 774 1360 846 particeps
1401 769 1737 844 pinguedinis
1774 770 1928 825 oliva:
1951 811 1965 836 ,
1992 768 2044 825 id

452 878 565 933 est,
592 864 888 924 Ecclesium
919 884 985 925 ex
1013 865 1273 924 Gentibus
1300 867 1623 922 venientem.
1656 865 1722 919 Et
1750 866 1869 936 quis
1900 865 2044 919 inse-

410 954 415 959 ’
451 960 519 1015 rit
563 960 853 1015 oleastrum
891 962 945 1015 in
973 958 1154 1015 oliva?
1181 958 1331 1015 Oliva
1357 959 1494 1014 solet
1524 959 1573 1011 in
1602 957 1869 1022 oleastro;
1898 956 2043 1009 olea-

451 1065 619 1109 atrum
651 1056 704 1109 in
731 1055 866 1110 oliva
898 1070 1165 1124 nunquam
1198 1052 1445 1108 vidimus.
1478 1051 1608 1107 Nam
1639 1052 1875 1123 quisquis
1906 1050 2047 1107 lece-

450 1146 557 1214 rit,
609 1162 715 1202 non
757 1147 990 1202 inveniet
1010 1146 1204 1202 baccas
1232 1147 1331 1201 nisi
1357 1146 1592 1201 oleastri.
1623 1144 1773 1215 Quod
1798 1144 1939 1198 enim
1958 1136 2047 1198 in-

451 1238 675 1303 seritur,
717 1236 822 1293 hoc
861 1238 1091 1305 crescit,
1134 1245 1188 1291 et
1234 1237 1348 1307 ejus
1391 1237 1467 1293 rei
1503 1234 1702 1315 fructus
1730 1234 2043 1291 invenitur:

452 1330 719 1385 invenitur
747 1346 850 1385 non
882 1330 1074 1384 radicis
1101 1331 1299 1386 fruetus
1320 1371 1333 1394 ,
1362 1328 1453 1384 sed
1480 1329 1700 1384 surculi.
1730 1329 1841 1384 Hoc
1866 1338 2044 1383 osten-

451 1419 583 1475 dens
630 1421 920 1490 Apostolus
961 1420 1344 1490 omnipotentia
1394 1434 1486 1474 sua
1536 1419 1701 1474 Deum
1731 1417 1954 1483 fecisse,
1989 1426 2045 1474 ut

450 1504 683 1569 oleaster
709 1514 760 1567 in
792 1512 1024 1568 radicem
1056 1513 1213 1568 oliva:
1244 1512 1572 1568 insereretur
1594 1554 1610 1580 ,
1642 1522 1695 1568 et
1722 1527 1825 1566 non
1856 1513 2044 1568 baccas

451 1604 726 1660 silvestres
748 1645 765 1672 ,
810 1604 904 1660 sed
940 1606 1134 1660 olivam
1161 1605 1351 1672 daret;
1382 1605 1448 1660 ad
1479 1605 1917 1675 omnipotentiam
1948 1602 2044 1659 Dei

450 1712 711 1753 revocans
740 1699 843 1754 hoc
881 1699 1169 1769 Apostolus
1198 1700 1272 1754 ait
1304 1717 1315 1752 :
1351 1695 1412 1755 Si
1440 1708 1493 1753 tu
1521 1715 1584 1754 ea:
1612 1698 1831 1753 naturali
1859 1699 2046 1753 incisus

449 1805 502 1845 es
544 1790 791 1858 oleastro,
837 1800 882 1845 et
920 1802 1094 1845 contra
1131 1801 1365 1846 naturam
1402 1792 1617 1847 insertus
1655 1808 1706 1846 es
1745 1792 1797 1845 in
1821 1790 2046 1845 bonum.

452 1883 636 1938 olivam
656 1926 670 1951 ,
703 1882 807 1939 noli
831 1887 1075 1956 gloriari,
1111 1886 1310 1957 inquit,
1343 1887 1582 1942 adversus
1611 1904 1798 1943 ramos.
1832 1887 1935 1942 Sed
1964 1887 2045 1941 di-

451 1976 522 2029 cis
541 2018 555 2042 ,
586 1978 659 2030 ait
688 1993 707 2031 :
736 1976 912 2031 Fracti
939 1988 1057 2032 sunt
1084 1978 1215 2032 rami
1237 2020 1253 2045 ,
1285 1989 1339 2032 ut
1364 1995 1455 2051 ego
1483 1979 1697 2034 inserar.
1724 1975 1895 2045 Bene;
1923 1994 2047 2048 pro-

453 2080 563 2141 pter
588 2071 993 2127 incredulitatem
1019 2074 1168 2145 fracti
1194 2084 1309 2128 sunt
1333 2089 1352 2130 :
1374 2083 1427 2129 tu
1453 2084 1621 2129 amem
1644 2074 1744 2146 [ide
1768 2086 1845 2129 sta
1864 2076 1885 2106 ¹
1904 2092 1923 2140 ;
1945 2074 2049 2129 noli

452 2164 610 2217 altum
635 2181 812 2234 sapere
829 2208 844 2233 ,
874 2166 962 2220 sed
982 2167 1117 2219 time.
1146 2164 1281 2235 Quid
1307 2168 1447 2223 enim
1478 2177 1561 2223 est
1583 2210 1599 2237 ,
1625 2167 1750 2223 Noli
1776 2170 1935 2223 altum
1960 2184 2046 2221 sa-

452 2260 616 2328 pere?
653 2258 769 2314 Noli
813 2259 1089 2330 superbire
1114 2302 1128 2327 ,
1171 2262 1289 2331 quia
1322 2260 1554 2317 insertus
1580 2277 1673 2329 es;
1706 2262 1798 2318 sed
1830 2263 1953 2317 time
1980 2276 2048 2317 ne

453 2348 718 2425 frangaris
743 2370 840 2425 per
866 2354 1231 2410 inﬁdelitatem
1254 2396 1269 2421 ,
1296 2356 1434 2411 sicut
1460 2355 1533 2411 illi
1560 2353 1713 2411 fracti
1740 2365 1882 2410 sunt.
1916 2352 2047 2409 Pro~

458 2459 568 2521 pter
608 2450 960 2520 inﬁdelitatem
984 2493 998 2516 ,
1042 2450 1245 2520 inquit,
1284 2449 1435 2519 fracti
1470 2459 1589 2503 sunt
1616 2464 1635 2503 :
1661 2458 1714 2502 tu
1743 2456 1905 2503 autem
1948 2448 2050 2517 ﬁde

456 2555 533 2600 sta
557 2561 577 2611 ;
602 2544 709 2599 noli
732 2546 892 2599 altum
916 2561 1094 2615 sapere
1114 2586 1127 2607 ,
1152 2544 1239 2598 sed
1260 2543 1395 2597 time.
1422 2540 1561 2597 Nam
1579 2543 1621 2597 si
1646 2539 1782 2595 Deus
1804 2540 2050 2595 naturali-

454 2637 545 2692 bus
588 2638 742 2692 ramis
772 2655 873 2694 non
907 2639 1162 2711 pepercit,
1195 2654 1353 2707 neque
1375 2636 1464 2691 tibi
1494 2645 1683 2707 parcet.
1714 2632 1783 2691 Et
1800 2636 2049 2705 sequitur

452 2728 623 2785 bonus
668 2728 849 2797 locus,
900 2737 954 2785 et
999 2731 1368 2796 necessarius,
1416 2742 1468 2784 et
1510 2736 1651 2783 totus
1693 2727 1988 2782 audiendus
2029 2741 2045 2780 :

463 2816 617 2875 Vides
656 2839 809 2895 ergo,
855 2820 1064 2893 inquit,
1103 2821 1373 2875 bonitatem
1410 2828 1456 2876 et
1491 2820 1801 2875 severitatem
1832 2816 1924 2873 Dei
1954 2835 1970 2871 :
1996 2819 2048 2872 in

458 2932 540 2968 eos
569 2915 769 2986 quidem
794 2916 882 2986 qui
907 2916 1058 2986 fracti
1084 2924 1199 2969 sunt
1223 2958 1238 2982 ,
1262 2914 1571 2970 severitatem
1594 2931 1612 2979 ;
1638 2914 1689 2967 in
1713 2923 1759 2967 te
1779 2923 1943 2967 autem
1964 2912 2048 2984 qui

452 3008 670 3065 insertus
706 3027 758 3065 es
788 3008 1065 3065 bonitatem
1088 3050 1102 3073 ,
1131 3009 1174 3063 si
1205 3004 1610 3080 permanseris'in
1640 3007 1896 3071 bonitate;
1922 3006 2050 3061 alto-

453 3100 594 3169 quin,
625 3100 674 3155 id
699 3111 800 3165 est,
830 3100 876 3155 si
903 3116 1006 3156 non
1029 3098 1384 3171 permanseris
1409 3100 1461 3153 in
1482 3097 1742 3163 bonitate,
1775 3106 1817 3150 et
1843 3105 1896 3149 tu
1911 3096 2053 3149 exci-

454 3193 589 3246 deris
630 3209 649 3248 :
684 3202 733 3248 et
769 3191 849 3248 illi
884 3194 926 3250 si
959 3210 1061 3247 non
1090 3192 1455 3266 permanserint
1478 3192 1529 3245 in
1555 3190 1854 3261 inﬁdelitate
1877 3231 1890 3254 ,
1918 3190 2051 3244 inse-

454 3294 628 3339 rentur
650 3284 827 3357 (Rom.
852 3302 905 3340 XI
925 3327 939 3352 ,
973 3282 1170 3356 17-24).

526 3379 581 3436 ‘5.
602 3372 866 3451 Tempore
891 3378 1052 3452 igitur
1072 3374 1281 3434 Veteris
1303 3374 1627 3433 Testamenti
1648 3418 1661 3441 ,
1690 3375 1901 3440 fratres,
1926 3388 2050 3444 pro-

455 3474 737 3531 missiones
777 3489 808 3530 a
856 3474 966 3531 Deo
1011 3484 1196 3529 nostro
1241 3469 1439 3542 populo
1477 3470 1549 3525 illi
1596 3468 1795 3524 carnali
1827 3477 2050 3524 terrena:

455 3576 610 3622 erant
650 3575 704 3623 et
743 3566 1084 3638 temporales.
1124 3563 1456 3620 Promissum
1502 3572 1585 3618 est
1624 3576 1844 3631 regnum
1885 3569 2050 3615 terre-

456 3676 583 3717 num
610 3678 625 3728 ;
668 3659 931 3732 promissa
960 3667 1041 3715 est
1069 3667 1207 3713 terra
1230 3656 1326 3711 illa
1347 3697 1363 3723 ,
1394 3655 1445 3711 iu
1476 3668 1634 3725 quam
1663 3654 1820 3709 etiam
1851 3650 2050 3706 inducti

457 3761 576 3808 sunt
622 3751 689 3806 ab
718 3748 951 3823 Egypto
978 3746 1186 3804 liberati
1220 3765 1232 3801 :
1267 3762 1361 3816 per
1386 3744 1565 3799 desum
1594 3743 1737 3798 Nave
1768 3741 2052 3797 introducti

457 3851 581 3897 sunt
628 3842 680 3896 in
726 3851 922 3896 terram
971 3838 1335 3910 promissionis
1362 3879 1377 3904 ,
1419 3835 1506 3891 ubi
1555 3835 1712 3888 etiam
1757 3834 2051 3889 Jerusalem

457 3940 669 3989 terrena
695 3930 950 3991 aediﬁcata
978 3939 1093 3996 est,
1123 3930 1210 3984 ubi
1240 3927 1477 3999 regnavit
1504 3924 1689 3981 David.
1721 3928 2055 3995 Acceperunt

459 4032 687 4093 terram,
704 4022 921 4080 liberati
947 4038 1008 4077 ex
1033 4020 1265 4094 Egypto
1289 4062 1305 4088 ,
1337 4026 1671 4073 transeuntes
1691 4032 1787 4088 per
1812 4016 2052 4072 Rubrum

458 4134 608 4175 mare
635 4135 650 4184 ;
694 4116 856 4171 ﬁnitis
880 4113 1205 4171 anfractibus
1234 4121 1287 4167 et
1313 4110 1588 4167 erroribus
1613 4107 1635 4141 ³
1667 4107 2009 4164 solitudinum
2032 4150 2050 4179 ,

458 4219 776 4281 acceperunt
807 4217 1002 4263 terram
1029 4247 1046 4274 ,
1076 4212 1394 4275 acceperunt
1420 4217 1642 4273 regnum
1667 4219 1681 4257 :
1713 4200 1906 4257 deinde
1928 4210 2055 4269 post

456 4320 678 4375 regnum
722 4311 995 4373 acceptum
1023 4342 1037 4367 ,
1084 4299 1203 4371 quia
1245 4307 1453 4353 terrena
1492 4302 1837 4365 acceperant,
1870 4309 2051 4364 cmpe-

451 4407 582 4456 .runt
621 4397 810 4452 merito
850 4403 1187 4466 peccatorum
1230 4404 1449 4447 suorum
1496 4387 1833 4459 oppugnari,
1884 4400 2052 4458 expu-

458 4490 607 4565 gnari
628 4531 641 4554 ,
673 4487 925 4560 captivari
952 4505 965 4555 ;
996 4484 1063 4540 ad
1083 4492 1377 4541 extremum
1404 4492 1589 4537 everSa
1612 4487 1693 4534 est
1712 4487 1767 4535 et
1792 4479 1904 4548 ipsa
1928 4478 2055 4532 civi-

458 4592 557 4636 tas.
600 4578 755 4635 Tales
793 4587 946 4634 erant
986 4585 1041 4632 et
1071 4577 1175 4632 illae
1204 4573 1586 4646 promissiones
1612 4586 1718 4627 non
1748 4584 2057 4641 persevera-

460 4682 593 4728 turae
618 4713 633 4738 ,
683 4688 775 4741 per
816 4686 949 4742 quas
995 4677 1169 4724 tamen
1212 4666 1569 4737 ﬁgurareutur
1610 4661 1800 4718 futurae
1828 4662 2054 4733 promis-

460 4764 641 4820 siones
668 4770 1084 4834 perseveratura:
1110 4777 1124 4824 ;
1155 4768 1207 4813 ut
1240 4758 1329 4812 ille
1355 4756 1530 4811 omnis
1559 4754 1817 4810 decursus
1847 4765 2052 4825 tempo-

461 4857 650 4912 ralium
695 4853 1106 4925 promissionum
1149 4852 1311 4922 ﬁgura
1359 4859 1539 4916 esset,
1586 4856 1640 4903 et
1664 4847 1905 4918 quaedam
1932 4862 2055 4917 pro-

462 4949 638 5021 phetia
671 4946 987 5001 futurorum.
1016 4945 1197 5013 itaque
1223 4959 1341 4997 cum
1369 4940 1494 4996 illud
1517 4955 1737 5011 regnum
1760 4938 2050 5006 deﬁceret,

459 5041 547 5113 ubi
576 5038 815 5110 regnavit
843 5036 1025 5100 David,
1054 5035 1194 5091 ﬁlius
1216 5034 1389 5100 Jesse,
1422 5033 1473 5088 id
1498 5041 1597 5096 est,
1628 5030 1791 5085 homo
1817 5030 2048 5101 quidam,

459 5134 556 5188 etsi
590 5132 881 5207 propheta,
915 5128 1012 5182 etsi
1043 5136 1255 5181 sanctus
1275 5167 1291 5191 ,
1323 5126 1443 5196 quia
1472 5122 1684 5180 videbat
1710 5133 1759 5177 et
1788 5122 2038 5193 praevide-

460 5220 549 5280 bat
594 5224 862 5278 Christum
911 5229 1189 5274 venturum
1216 5261 1230 5283 ,
1282 5218 1348 5273 de
1377 5216 1528 5287 cujus
1555 5216 1756 5269 semine
1786 5215 1943 5269 etiam
1972 5230 2053 5269 se—

459 5315 690 5370 cundum
718 5328 930 5368 carnem
959 5312 1256 5365 nasciturus
1283 5321 1394 5364 erat
1421 5327 1434 5375 ;
1467 5319 1641 5364 tamen
1673 5309 1849 5372 homo,
1877 5316 2053 5362 tamen

460 5406 698 5463 nondum
740 5402 1014 5472 Christus,
1048 5412 1223 5458 latucn
1258 5401 1490 5456 nomium
1520 5417 1611 5456 rex
1648 5411 1856 5465 uoster,
1890 5398 2055 5453 Filius

462 5500 588 5567 Dei,
628 5499 719 5554 sed
761 5514 856 5554 rex
896 5498 1091 5563 David,
1128 5497 1265 5552 lilius
1289 5496 1440 5551 lesse
1470 5514 1481 5547 :
1513 5494 1633 5565 quia
1660 5508 1788 5564 ergo
1814 5491 2052 5547 delectu-

459 5607 576 5647 rum
618 5600 733 5646 erat
779 5591 902 5646 illud
948 5606 1198 5662 regnum,
1250 5603 1342 5658 per
1367 5585 1507 5657 quod
1534 5601 1750 5654 regnum
1778 5593 2054 5654 acceptum

461 5686 772 5743 laudabatur
821 5694 945 5741 tunc
986 5683 1129 5740 Deus
1156 5698 1183 5735 a
1215 5679 1553 5745 carnalibus;
1585 5679 1686 5733 hoc
1710 5679 1878 5733 Solum
1910 5677 2052 5733 enim

525 5860 543 5891 ί
569 5864 689 5919 Vox,
714 5857 901 5919 bonam,
926 5859 1069 5908 abest
1090 5870 1119 5907 a
1139 5863 1246 5906 Mss.

520 5922 547 5959 ³
572 5918 815 5983 unum,
832 5918 931 5983 ﬁde
946 5926 1061 5983 #08-

530 5982 552 6015 ³
572 5982 645 6031 sic
666 5988 770 6031 tres
794 5976 897 6030 Si'ss.
921 5980 1005 6030 Alii
1034 5994 1143 6029 cum
1167 5980 1297 6040 add,
1318 5992 1374 6029 ac
1394 5976 1672 6028 terroribus.

1655 472 1707 524 s.
1753 462 2119 524 AUGUS‘I‘INI
2154 460 2463 556 Episcopi

3632 475 3742 534 ιη

2153 598 2248 656 pro
2270 596 2468 659 magno
2492 587 2793 659 habebant,
2821 589 2943 661 quia
2966 589 3172 647 liberati
3195 602 3349 649 erant
3370 595 3742 665 temperanter

2151 676 2218 731 ab
2257 678 2338 734 his
2380 694 2411 735 a
2447 682 2637 751 quibus
2669 682 3136 753 opprimebantur,
3168 694 3224 741 et
3251 695 3535 743 evaserant
3554 686 3743 746 hostes

2150 782 2529 842 persequentes
2574 788 2667 844 per
2704 790 2853 831 mare
2888 775 3124 831 Rubrum
3145 820 3161 845 ,
3201 786 3256 834 et
3286 778 3434 836 ducti
3463 790 3742 853 erantper

2151 860 2489 919 solitudinem
2511 906 2526 932 ,
2569 874 2622 920 ct
2658 866 2968 925 invenerant
2996 870 3221 939 patriam
3244 879 3298 926 et
3320 886 3541 943 regnum
3569 890 3584 938 ;
3618 873 3735 931 hinc

2150 956 2325 1011 Solum
2352 957 2638 1014 laudabant
2664 958 2828 1016 Deum
2853 1004 2868 1027 ,
2896 961 3132 1018 nondum
3159 963 3514 1036 iuteliigentes
3535 967 3659 1037 quid
3686 968 3734 1024 iu

2151 1046 2255 1102 illis
2286 1047 2466 1120 ﬁguris
2492 1051 2835 1123 priesignaret
2855 1062 2909 1109 et
2935 1055 3265 1123 promitteret
3282 1057 3426 1113 Deus
3450 1076 3461 1111 :
3486 1057 3739 1114 deiicien-

2151 1138 2293 1195 tibus
2335 1156 2463 1213 ergo
2506 1143 2665 1199 rebus
2706 1158 2802 1214 pro
2827 1145 3019 1215 quibus
3046 1146 3292 1202 laudabat
3314 1147 3485 1203 Deum
3506 1150 3738 1221 populus

2150 1232 2411 1302 carnalis,
2453 1236 2537 1291 cui
2580 1238 2822 1309 regnavit
2856 1239 2946 1294 ille
2990 1239 3187 1306 David,
3234 1242 3524 1314 defecerunt
3565 1243 3740 1315 hymni

2150 1322 2318 1380 Dauid
2335 1342 2356 1391 ξ
2390 1342 2493 1383 non
2522 1328 2637 1384 Filii
2668 1330 2798 1398 Dei,
2828 1331 2922 1386 sed
2952 1331 3048 1397 ﬁlii
3072 1330 3235 1388 Iesse.
3267 1334 3628 1390 Periculosum
3654 1337 3738 1391 io-

2150 1432 2270 1473 cum
2314 1419 2452 1476 tituli
2484 1422 2678 1492 psalmi
2720 1426 3027 1494 przesentis,
3071 1428 3207 1481 sicut
3250 1427 3507 1483 Dominus
3530 1430 3734 1497 voluit,

2151 1516 2480 1583 praetervecti
2502 1530 2686 1571 sumus
2712 1534 2725 1567 τ
2754 1519 3033 1588 accepistis
3054 1533 3219 1589 quare
3237 1519 3436 1576 dictum
3456 1523 3560 1586 sit,
3590 1521 3739 1593 Defe-

2150 1614 2322 1659 cerunt
2348 1606 2522 1676 hymni
2545 1604 2713 1660 David
2735 1649 2749 1675 ,
2779 1608 2876 1677 lilii
2901 1607 3061 1663 Iesse.

2220 1700 2275 1753 4.
2298 1697 2459 1768 Cujus
2480 1716 2578 1755 vos
2601 1702 3012 1758 estPsalmus'l
3034 1705 3221 1778 Asaplt.
3249 1705 3385 1773 Quid
3406 1716 3507 1775 est,
3529 1706 3742 1778 Amph!

2151 1793 2298 1848 Sicut
2340 1795 2638 1851 invenimus
2678 1797 2728 1851 in
2772 1790 3298 1867 interpretationibus
3337 1814 3405 1855 ex
3432 1800 3614 1873 lingua
3638 1802 3737 1857 he-

2151 1884 2292 1941 braea
2321 1888 2372 1941 in
2400 1903 2647 1959 grtecam,
2678 1896 2732 1944 et
2756 1900 2817 1945 ex
2849 1905 3021 1962 graeca
3044 1891 3202 1946 nobis
3224 1892 3280 1945 in
3310 1892 3528 1947 latinam
3557 1902 3736 1949 trans-

2153 1978 2313 2046 latis,
2364 1981 2537 2051 Asaph
2580 1980 2858 2054 Synagoga
2904 1983 3299 2053 interpretatur.
3334 1983 3453 2039 Vox
3501 1994 3580 2041 est
3614 2001 3741 2058 ergo

2154 2071 2467 2144 Synagogte.
2513 2073 2618 2130 Sed
2663 2084 2717 2129 tu
2756 2090 2881 2130 cum
2928 2075 3160 2132 audieris
3206 2075 3539 2149 Synagogam
3568 2120 3583 2146 ,
3634 2081 3740 2137 noli

2153 2164 2407 2219 continuo
2443 2166 2699 2222 detestari
2729 2174 2879 2238 quasi
2910 2168 3321 2223 interfectricem
3350 2169 3581 2224 Domini.
3610 2168 3742 2227 Erat
3841 2192 3863 2204 ·

2151 2257 2365 2327 quidem
2405 2258 2493 2313 illa
2516 2257 2795 2331 Syuagoga
2827 2260 3151 2316 interlec'trix
3180 2258 3385 2316 Domini
3409 2278 3423 2326 ;
3446 2270 3609 2317 nemo
3635 2264 3738 2318 du-

2154 2350 2286 2406 bitat
2315 2369 2326 2405 :
2355 2352 2448 2407 sed
2478 2362 2749 2408 memento
2774 2352 2842 2408 de
2867 2352 3142 2424 Synaguga
3174 2353 3337 2408 fuisse
3360 2355 3567 2418 arietes,
3592 2362 3732 2425 quo-

2153 2460 2269 2499 rum
2313 2443 2401 2499 ﬁlii
2433 2460 2637 2501 sumus.
2664 2444 2821 2502 Unde
2850 2447 3043 2502 dicitur
3069 2448 3120 2501 in
3146 2447 3353 2517 psalmo
3381 2465 3394 2501 :
3419 2446 3604 2513 ,ἀπα-ιε
3630 2446 3741 2502 Do-

2153 2537 2289 2590 mino
2330 2538 2465 2607 ﬁlios
2497 2538 2708 2592 arietum
2741 2536 2910 2610 (Psal.
2932 2548 3116 2603 xxvm,
3140 2540 3216 2608 1).
3238 2537 3339 2607 Qui
3360 2536 3489 2594 inde
3514 2538 3743 2593 arietes?

2152 2628 2342 2683 Petrus
2364 2670 2379 2695 ,
2410 2628 2643 2685 Joannes
2666 2672 2681 2697 ,
2708 2629 2937 2685 lacubus
2960 2671 2973 2694 ,
3006 2628 3265 2696 Andreas,
3296 2629 3742 2698 Bai-tholommus,

2153 2730 2207 2776 et
2232 2724 2407 2777 eteteri
2438 2722 2698 2793 Apostoli.
2726 2720 2865 2778 Hinc
2893 2733 2945 2778 et
2974 2723 3087 2792 ipse
3106 2725 3282 2795 primo
3307 2722 3501 2777 Saulus
3524 2765 3539 2789 ,
3558 2733 3747 2793 postea

2154 2817 2387 2876 Paulus:
2437 2818 2487 2872 id
2530 2827 2614 2873 est
2640 2859 2653 2883 ,
2704 2817 2876 2887 primo
2919 2816 3185 2887 superbus
3213 2858 3229 2884 ,
3272 2824 3464 2888 postea
3510 2815 3748 2876 humilis.

2152 2906 2279 2966 Salii
2309 2912 2449 2965 enim
2471 2952 2485 2975 ,
2511 2912 2652 2966 unde
2681 2910 2879 2966 dictum
2903 2918 2985 2966 est
3012 2926 3208 2965 nomen
3231 2906 3413 2977 Sauli,
3442 2911 3613 2964 nostis
3629 2910 3750 2980 quia

2152 3017 2245 3058 rex
2286 3003 2548 3073 superbus
2575 3013 2628 3059 et
2655 3003 2877 3059 infrenis
2901 3001 3019 3058 fuit.
3042 3002 3162 3060 Non
3193 3002 3343 3075 quasi
3368 3000 3624 3073 iactantia
3653 3001 3751 3057 aii-

2154 3111 2255 3167 qua
2300 3108 2496 3152 nomen
2540 3097 2639 3152 sibi
2670 3095 2894 3151 mutavit
2924 3096 3246 3167 Apostolus;
3275 3095 3371 3151 sed
3397 3110 3463 3150 ex
3490 3093 3660 3151 Saule
3683 3092 3752 3148 fa-

2155 3198 2273 3244 ctus
2312 3195 2394 3243 est
2436 3189 2635 3244 Paulus
2660 3231 2675 3256 ,
2706 3204 2769 3244 ex
2803 3189 3036 3259 superbo
3058 3187 3325 3244 modicus.
3352 3186 3587 3242 Paulum
3610 3188 3752 3241 enim

2153 3272 2417 3340 Modicum
2462 3295 2564 3340 est.
2592 3282 2688 3341 Vis
2722 3297 2880 3338 nosse
2909 3282 3032 3353 quid
3059 3283 3132 3337 sit
3159 3281 3389 3337 Saulus?
3412 3281 3597 3351 ipsum
3632 3278 3752 3334 audi

2153 3378 2261 3449 jam
2309 3378 2528 3435 Patrium
2579 3376 2948 3434 recordantem
2991 3376 3115 3446 quid
3150 3375 3318 3431 fuerit
3361 3389 3455 3443 per
3492 3373 3753 3428 maiitiam

2153 3490 2305 3530 suam
2334 3515 2349 3539 ,
2390 3481 2443 3528 et
2480 3471 2606 3543 quid
2647 3471 2758 3542 jam
2792 3469 2873 3527 sit
2915 3485 3010 3537 per
3045 3468 3267 3539 gratiam
3296 3466 3428 3532 Dei;
3467 3465 3594 3520 audi
3630 3480 3754 3534 qne-

2156 3568 2316 3622 modo
2343 3564 2503 3621 fuerit
2529 3563 2722 3620 Saulus
2746 3603 2760 3627 ,
2790 3572 2845 3617 et
2870 3560 3139 3631 quomodo
3156 3560 3236 3613 sit
3259 3558 3452 3613 Paulus
3482 3577 3495 3612 :
3526 3558 3631 3624 Qui
3648 3557 3750 3628 μ,

2154 3661 2364 3730 inquit,
2411 3659 2550 3730 prius
2591 3656 2941 3725 blasphemus,
2985 3664 3032 3708 et
3062 3662 3379 3723 persecutor,
3403 3661 3449 3706 et
3476 3652 3755 3721 injuriostts

2162 3748 2203 3825 (ι
2234 3748 2368 3806 Tim.
2396 3766 2410 3804 l
2437 3793 2451 3817 ,
2481 3751 2591 3819 13).
2616 3748 2822 3803 Audisti
2840 3745 3096 3809 Saulmn;
3124 3744 3246 3799 audi
3269 3754 3324 3799 et
3344 3743 3567 3797 Paulum
3598 3761 3612 3795 :
3645 3742 3754 3813 Ege

2160 3847 2289 3900 enim
2319 3861 2464 3910 sum,
2492 3841 2694 3912 inquit,
2728 3841 2963 3894 minimus
2992 3838 3365 3909 Apostolorum.
3388 3835 3530 3903 Quid
3558 3844 3639 3890 est
3660 3835 3755 3889 mi-

2160 3938 2333 3992 nimus
2356 3979 2369 4001 ,
2424 3936 2521 3989 nisi
2564 3948 2665 4004 ego
2701 3948 2819 3988 sum
2848 3931 3087 3987 Paulus?
3118 3931 3180 3985 Et
3209 3930 3450 3999 sequitur
3476 3947 3489 3981 :
3522 3927 3628 3994 Qui
3654 3942 3755 3980 non

2158 4046 2270 4084 sum
2313 4029 2495 4101 dignus
2533 4026 2702 4081 vocari
2726 4024 3005 4096 apostolus.
3035 4021 3246 4092 Quare?
3273 4021 3406 4089 Quia
3436 4018 3510 4073 fui
3538 4018 3751 4075 Saulus.

2158 4113 3755 4191 Quidest,luiSaulus?ipsedieat:Quiapereeeutus

2159 4236 2271 4273 sum
2293 4261 2306 4283 ,
2336 4217 2505 4287 inquit
2526 4257 2544 4282 ,
2574 4213 2852 4269 Ecclesium
2878 4209 2978 4265 Dei
2996 4225 3017 4272 ;
3045 4208 3133 4266 κει
3148 4208 3321 4279 gratia
3346 4204 3475 4271 Dei,
3503 4204 3578 4259 ait
3602 4247 3617 4271 ,
3645 4220 3755 4258 sum

2159 4312 2213 4366 id
2240 4310 2374 4381 quod
2403 4325 2516 4363 sum
2546 4307 2587 4379 (1
2617 4304 2735 4361 Cor.
2766 4321 2831 4359 sv
2852 4346 2865 4368 ,
2899 4303 2973 4367 9.,
3010 4301 3120 4371 10).
3151 4297 3379 4354 Abstulit
3406 4296 3508 4351 sibi
3537 4311 3751 4351 omnem

2158 4403 2507 4475 grauditatem
2566 4413 2754 4464 suam;
2811 4396 3062 4451 minimus
3114 4393 3221 4462 jam
3280 4392 3332 4446 in
3387 4405 3482 4456 se,
3540 4388 3753 4461 grandis

2162 4498 2211 4553 in
2267 4495 2498 4550 Christo.
2546 4492 2612 4547 Et
2650 4491 2750 4545 iste
2792 4487 2991 4544 Paulus
3032 4484 3157 4557 quid
3202 4482 3376 4539 dicit?
3419 4481 3541 4536 Non
3568 4480 3754 4551 repulit

2161 4586 2297 4645 Deus
2347 4585 2536 4659 plebem
2583 4594 2760 4645 suam,
2792 4579 2865 4635 de
2910 4578 3067 4650 plebe
3114 4586 3179 4634 es
3226 4566 3424 4631 Jidmis
3466 4575 3749 4633 vuiieule,

2163 4685 2347 4756 plebem
2397 4696 2576 4741 suam,
2623 4675 2827 4746 inquit,
2880 4688 3029 4742 quam
3072 4669 3319 4741 prtesa'vit
3357 4683 3377 4721 :
3414 4682 3533 4720 nam
3577 4676 3625 4720 et
3669 4681 3754 4734 ego

2163 4775 2397 4830 Israelita
2441 4787 2551 4826 sum
2590 4785 2652 4823 ea:
2687 4766 2873 4821 semine
2912 4762 3189 4825 Abraham,
3228 4761 3296 4814 de
3331 4759 3461 4812 tribu
3484 4756 3754 4828 Benjamin

2163 4864 2338 4939 (Rom.
2366 4881 2427 4921 χι
2453 4906 2465 4930 ,
2492 4864 2529 4918 2
2554 4910 2568 4933 ,
2596 4860 2671 4933 i).
2700 4861 2842 4929 Ergo
2866 4868 2920 4913 et
2942 4857 3138 4912 Paulus
3162 4854 3318 4909 nobis
3336 4853 3409 4907 de
3436 4852 3713 4923 Synaguga
3737 4866 3751 4914 ς

2161 4975 2212 5019 e1
2238 4963 2431 5019 Petrus
2455 4968 2509 5015 et
2537 4956 2625 5013 alii
2650 4954 2884 5026 Apostoli
2906 4952 2972 5007 de
2992 4950 3293 5023 Synagoga.
3322 4947 3501 5016 Itaque
3520 4958 3648 5000 cum
3672 4958 3753 4997 au-

2152 5044 2362 5111 ‘dicris'
2401 5064 2586 5107 vocem
2628 5046 2957 5120 Synagogze,
3000 5042 3106 5096 noli
3147 5038 3424 5095 attendere
3460 5036 3714 5091 meritum
3738 5076 3752 5100 ,

2162 5150 2253 5205 sed
2287 5145 2500 5202 intende
2526 5151 2754 5212 partum.
2790 5138 3054 5209 Loquitur
3081 5149 3207 5204 ergo
3226 5133 3280 5187 in
3308 5132 3408 5187 hoc
3432 5130 3644 5200 pssime
3667 5128 3757 5200 Sy.

2162 5255 2362 5312 nagoga
2388 5279 2403 5304 ,
2451 5233 2817 5291 deﬁcientibus
2862 5230 3077 5302 hymnis
3114 5224 3284 5281 David
3311 5254 3331 5289 ,-
3356 5223 3448 5278 lilii
3476 5223 3631 5277 Iesse
3659 5241 3672 5281 ι
3708 5220 3755 5275 id

2162 5345 2242 5390 est
2268 5330 2630 5388 deﬁcientibus
2653 5325 2810 5380 rebus
2838 5321 3242 5392 temporalibus,
3277 5333 3373 5388 per
3386 5330 3523 5387 quas
3541 5314 3757 5371 solebat

2162 5446 2190 5483 a
2218 5425 2415 5483 carnali
2448 5422 2643 5494 populo
2668 5418 2877 5474 laudari
2908 5418 3066 5472 Deus.
3100 5415 3277 5489 Quare
3306 5419 3482 5468 autem
3512 5410 3619 5464 illae
3658 5407 3753 5462 de-

2165 5521 2403 5577 iecerunt
2421 5560 2434 5581 ,
2476 5515 2575 5571 nisi
2620 5521 2678 5568 ut
2720 5512 2836 5566 alia:
2857 5506 3269 5581 quaererentur?
3298 5505 3369 5561 Ut
3387 5511 3755 5573 quaterentur

2162 5610 2321 5683 qum?
2348 5607 2477 5675 Quae
2505 5606 2573 5662 ibi
2602 5618 2707 5661 non
2736 5601 2930 5659 erant?
2954 5598 3069 5656 Non
3096 5614 3112 5658 ;
3142 5597 3234 5652 sed
3265 5608 3385 5665 qua:
3411 5594 3481 5650 ibi
3510 5592 3754 5663 tegeban-

2166 5717 2250 5761 tur
2292 5702 2470 5774 liguris
2500 5718 2513 5753 :
2543 5714 2648 5753 non
2679 5712 2797 5768 qua:
2823 5694 2935 5766 jam
2960 5693 3032 5745 ibi
3066 5705 3173 5745 non
3198 5696 3391 5750 erant;
3420 5686 3518 5741 sed
3546 5686 3617 5740 ibi
3646 5692 3748 5739 ω-

2163 5814 2319 5872 quam
2350 5798 2401 5850 in
2428 5794 2605 5851 radice
2631 5787 3027 5846 occultabantur
3062 5783 3372 5855 quihusdam
3404 5779 3625 5835 secretis
3642 5790 3751 5847 my-

2226 5912 2244 5943 ¹
2268 5910 2447 5965 Regius
2467 5913 2570 5963 315.,
3001 5958 3031 5968 ..
3140 5962 3151 5968 ,
3217 5955 3228 5966 .

2229 5975 2251 6005 ι
2273 5952 2365 6021 ’ὲῖἓ
2377 5952 2721 6020 "aissTthd.
2742 5999 2758 6025 ,
2782 5974 2891 6012 cum
2914 5958 3055 6011 media
3078 5955 3251 6007 ueteris
3277 5962 3441 6003 metu
3472 5952 3736 6011 suumn.
