4076 6458
294 413 398 474 917

289 532 571 588 steriorum
594 572 607 597 ,
637 545 756 602 qua:
774 571 790 597 ,
812 527 984 599 inquit
999 526 1117 598 ipse
1143 527 1424 597 Apostolus
1449 569 1461 590 ,
1487 525 1666 597 figurae
1687 534 1880 581 nostrae

291 626 502 682 fuerunt
524 626 574 696 ·(1
607 624 724 680 Cor.
757 639 826 690 x,
857 623 936 690 6).

361 720 415 774 5.
442 717 511 773 Et
534 716 793 773 attendite
809 714 918 786 iam
941 713 1181 768 breviter
1199 712 1366 782 ipsam
1383 712 1601 782 ﬁguram
1622 719 1878 765 nostram.

293 811 532 882 Populus
563 808 722 863 Israel
753 807 851 862 sub
877 805 1170 861 Pharaonis
1217 813 1273 859 e‘t
1311 802 1682 876 Egyptiorum
1704 802 1878 858 domi-

293 905 548 974 natione(
581 903 746 957 Exod.
777 917 812 965 t,
866 900 934 956 l0
965 899 983 970 )
1011 916 1026 963 ;
1061 898 1288 970 populus
1331 897 1661 952 Christianus
1693 937 1707 964 ,
1762 905 1885 952 ante

292 995 454 1051 ﬁdem
479 993 882 1066 praedestinatus
903 993 1012 1061 jam
1060 991 1186 1055 Deo,
1221 998 1274 1044 et
1297 989 1470 1044 adhuc
1501 989 1740 1044 serviens
1768 987 1881 1044 dae-

292 1087 547 1144 monibus
573 1095 628 1141 ct
680 1084 894 1139 diabolo
952 1083 1174 1153 principi
1231 1095 1416 1137 eorum
1445 1101 1458 1136 :
1490 1097 1614 1136 ecce
1655 1081 1884 1151 populus

292 1180 605 1250 subiugatus
661 1175 927 1248 [Egyptiis
959 1217 975 1242 ,
1027 1174 1266 1228 serviens
1305 1174 1540 1243 peccatis
1595 1173 1705 1227 suis
1735 1188 1750 1238 ;
1779 1185 1882 1226 non

293 1274 437 1329 enim
463 1272 565 1326 nisi
587 1286 684 1342 per
707 1278 920 1340 peccata
937 1278 1118 1322 nostra
1141 1274 1317 1337 potest
1335 1265 1580 1321 diabolus
1602 1265 1881 1319 dominari.

293 1365 574 1421 Liberatur
598 1363 824 1434 populus
851 1361 918 1416 ab
962 1359 1222 1432 Egyptiis
1251 1375 1348 1432 per
1389 1360 1642 1432 Moysen;
1692 1359 1888 1413 libera-

295 1466 380 1513 tur
420 1457 647 1528 populus
677 1470 706 1508 a
734 1455 1001 1524 praeterita
1057 1453 1160 1506 vita
1211 1462 1547 1522 peccatorum
1582 1466 1674 1521 per
1704 1450 1882 1504 Domi-

294 1564 420 1604 num
449 1557 693 1602 nostrum
723 1546 906 1601 Jesum
949 1543 1240 1598 Christum.
1289 1544 1499 1598 Transit
1543 1543 1770 1613 populus
1799 1542 1888 1597 ille

297 1656 392 1711 per
412 1655 560 1694 mare
581 1638 852 1702 Rubrum;
885 1637 982 1690 iste
1009 1652 1106 1706 per
1148 1637 1494 1705 Baptismum.
1519 1633 1815 1689 Moriuntur
1833 1634 1884 1687 in

295 1735 432 1788 mari
457 1733 635 1788 Rubro
658 1747 845 1786 omnes
877 1730 1073 1785 inimici
1100 1730 1277 1800 populi
1321 1729 1500 1798 illius(
1534 1727 1618 1782 Id.
1654 1745 1764 1794 xw,
1793 1727 1884 1794 ‘22,

295 1825 440 1898 25);
472 1825 770 1879 moriuntur
791 1827 842 1877 in
897 1822 1167 1894 Baptismo
1207 1823 1382 1875 omnia
1441 1828 1652 1890 peccata
1683 1831 1885 1875 nostra.

295 1918 577 1981 lntendite,
611 1918 820 1971 fratres.
866 1915 992 1970 Post
1023 1930 1169 1969 mare
1198 1914 1325 1969 illud
1357 1913 1595 1968 Rubrum
1627 1929 1732 1967 non
1760 1927 1890 1967 con—

291 2009 634 2079 tinuopatria
663 2008 842 2074 datur,
867 2022 964 2062 nec
1013 2015 1262 2076 tanquam
1305 2007 1413 2077 jam
1469 2007 1650 2061 hostes
1689 2007 1882 2070 desint,

295 2117 485 2160 secure
518 2101 872 2172 triumphatur
900 2118 913 2165 ;
957 2100 1051 2154 sed
1106 2109 1269 2154 restat
1299 2099 1463 2153 eremi
1513 2099 1769 2162 solitudo,
1801 2112 1887 2152 re-

295 2195 640 2251 Stanthoucs
683 2192 997 2247 insidiantes
1049 2191 1100 2246 in
1133 2193 1260 2244 via:
1311 2189 1390 2245 sic
1431 2197 1486 2244 et
1535 2200 1657 2260 post
1714 2190 1890 2261 Bapti-

294 2303 469 2344 smum
501 2297 665 2342 restat
716 2289 820 2340 vita
865 2286 1154 2342 christiana
1184 2285 1235 2338 in
1281 2284 1684 2340 tentationibus.
1721 2284 1772 2337 In
1801 2284 1890 2339 illa

295 2397 480 2438 eremo
530 2381 898 2451 suspi-rabatnr
963 2379 1146 2447 patriae
1216 2377 1499 2448 promisste
1531 2394 1545 2441 ;
1579 2376 1703 2446 quid
1746 2375 1890 2431 aliud

296 2474 580 2529 Christiani
607 2472 879 2542 suspirant
901 2471 1009 2541 jam
1058 2469 1221 2524 abluti
1276 2469 1591 2539 Baptistae?
1625 2467 1889 2536 Numquid

260 2559 264 2564 ’
296 2567 402 2636 jam
456 2573 680 2634 regnant
727 2580 854 2618 cum
901 2562 1153 2617 Christo?
1184 2561 1429 2615 Nondum
1467 2571 1681 2615 ventum
1714 2570 1797 2615 est
1822 2557 1888 2612 ad

298 2668 492 2720 terram
541 2656 908 2727 promissionis
951 2661 1228 2720 nostram;
1259 2653 1352 2707 sed
1395 2667 1498 2706 non
1545 2653 1888 2718 defecturam,

298 2767 404 2804 non
433 2749 573 2805 enim
602 2749 672 2802 ibi
719 2747 970 2803 deficient
1005 2745 1185 2816 hymni
1242 2744 1426 2799 David.
1457 2745 1568 2798 Hoc
1616 2745 1775 2796 modo
1801 2760 1892 2796 att-

297 2840 446 2896 diant
487 2855 673 2894 omnes
705 2837 888 2894 ﬁdeles
919 2854 933 2903 ;
959 2838 1131 2892 sciant
1157 2835 1244 2890 ubi
1267 2837 1371 2890 sint
1403 2855 1415 2890 :
1449 2836 1498 2890 in
1517 2849 1702 2890 eremo
1730 2845 1888 2900 sunt;

300 2934 484 3004 patriae
513 2933 801 3001 suspirant.
837 2931 1023 2986 Μονιυὶ
1071 2940 1197 2985 sunt
1241 2930 1423 2984 hostes
1478 2929 1528 2982 in
1577 2929 1889 2998 Baptistae;

299 3026 393 3080 sed
423 3027 763 3093 insequentes
784 3040 812 3077 a
845 3035 1014 3093 tergo.
1042 3022 1181 3089 Quid
1210 3033 1311 3085 est,
1357 3022 1700 3092 insequentes
1725 3037 1755 3074 a
1784 3031 1890 3074 ter-

299 3121 411 3191 go?
443 3121 579 3173 Ante
612 3117 798 3172 faciem
826 3115 1001 3171 futura
1033 3117 1322 3181 habemus;
1348 3131 1373 3167 a
1399 3129 1548 3186 tergo
1578 3115 1843 3184 prmterita
1869 3132 1880 3166 :

300 3213 477 3269 omnia
509 3211 776 3282 praeterita
821 3220 1038 3280 peccata
1087 3210 1264 3265 deleta
1314 3219 1437 3263 sunt
1463 3210 1516 3263 in
1577 3208 1891 3276 Baptismo;

301 3307 492 3378 quibus
509 3305 668 3360 modo
687 3313 973 3368 tentamur,
1009 3317 1161 3356 neua
1204 3313 1351 3370 tergo
1393 3301 1763 3368 insequuntur,
1797 3298 1892 3352 sed

303 3400 353 3453 in
382 3399 468 3453 via
492 3397 826 3453 insidiantur.
863 3394 1015 3450 Unde
1043 3394 1351 3461 Apostolus,
1407 3392 1580 3447 adhuc
1609 3393 1657 3445 in
1692 3392 1771 3445 via
1795 3391 1894 3446 hu-

304 3488 385 3560 ius
417 3488 584 3544 eremi
613 3487 951 3546 constitutus.
975 3485 1106 3549 Qua:
1140 3495 1294 3551 retro,
1319 3484 1506 3552 inquit,
1532 3484 1732 3550 oblitus,
1762 3485 1811 3535 in
1839 3500 1897 3538 ea

305 3585 414 3653 quin
441 3590 558 3635 ante
583 3588 698 3635 sunt
739 3590 986 3643 extentus,
1036 3578 1312 3632 secundum
1363 3579 1688 3630 intentionem
1719 3593 1898 3645 sequor

305 3676 370 3728 ad
421 3679 644 3744 palmam
689 3689 919 3744 superum
965 3673 1236 3726 vocationis
1266 3669 1360 3724 Dei
1385 3672 1404 3741 (
1433 3669 1663 3740 Philipp.
1697 3671 1895 3744 "5‘15,

308 3769 373 3823 14
400 3737 461 3838 )';
487 3737 1000 3836 tanquam-diceret,
1035 3764 1116 3818 Ad
1150 3764 1373 3833 patriant
1397 3737 1645 3834 supernae
1673 3737 1899 3832 promis-

307 3861 474 3916 sionis
504 3859 621 3914 Dei.
650 3860 719 3913 Et
757 3858 828 3912 ibi
880 3858 1010 3927 jam,
1069 3859 1277 3924 fratres,
1326 3858 1378 3912 in
1422 3874 1603 3911 eremo
1641 3857 1899 3927 quidquid

307 3968 498 4023 passus
526 3961 608 4006 est
643 3952 732 4005 ille
761 3951 1006 4020 populus,
1037 3961 1090 4004 et
1117 3949 1370 4019 quidquid
1401 3951 1478 4004 eis
1509 3950 1646 4003 Deus
1681 3951 1902 4020 largitus

231 4073 234 4076 ·
308 4057 425 4113 est;
455 4062 804 4118 quaecumque
834 4047 918 4100 illa
951 4045 1154 4114 ﬂagella
1171 4044 1407 4110 fuerunt,
1429 4058 1778 4114 quaacumque
1805 4044 1900 4097 do-

310 4159 398 4208 na,
428 4141 838 4212 significationes
860 4151 982 4193 sunt
1012 4155 1189 4193 rerum
1219 4155 1350 4209 quas
1399 4138 1450 4192 in
1481 4139 1580 4191 hac
1615 4137 1900 4191 solitudine

313 4235 471 4306 hujus
493 4235 633 4298 vitm,
657 4233 992 4287 ambulantes
1016 4233 1067 4284 in
1085 4231 1319 4297 Christo,
1335 4240 1635 4300 quaerentes
1659 4230 1900 4297 patriam,

312 4338 365 4383 et
391 4328 681 4396 accipimus
723 4325 788 4378 ad
841 4325 1285 4386 consolationem,
1318 4331 1370 4377 et
1419 4323 1652 4390 patimur
1681 4322 1747 4375 ad
1777 4336 1900 4390 pro-

314 4421 604 4476 bationem.
632 4421 745 4476 Non
777 4435 906 4491 ergo
953 4419 1145 4472 mirum
1181 4417 1304 4488 quia
1352 4416 1476 4471 illud
1519 4416 1714 4470 defecit
1761 4415 1903 4485 quod

317 4516 576 4585 figurabat
621 4515 874 4569 futurum.
924 4513 1053 4566 Nam
1101 4511 1391 4581 perductus
1433 4494 1515 4565 est
1558 4509 1786 4578 populus
1828 4507 1895 4562 ad

317 4609 540 4676 patriam
590 4603 1278 4676 promissionis;nnmquid
1355 4617 1566 4672 semper
1609 4602 1905 4654 staturam?

317 4701 369 4755 Si
403 4701 505 4756 hoc
541 4710 702 4767 esset,
741 4716 845 4754 non
891 4709 1040 4753 esset
1085 4698 1273 4768 figura,
1323 4696 1414 4751 sed
1446 4711 1555 4751 res.
1611 4695 1745 4762 Quia
1781 4709 1909 4750 vero

322 4792 484 4862 figura
508 4802 644 4856 erat,
671 4792 736 4846 ad
767 4791 1056 4861 temporale
1105 4788 1355 4858 quiddam
1403 4787 1693 4857 perductus
1712 4795 1788 4840 est
1821 4786 1910 4840 ille

322 4884 647 4954 populus.Si
704 4885 768 4937 ad
829 4881 1126 4953 temporale
1165 4879 1414 4949 quiddam
1467 4879 1754 4948 perductus
1801 4885 1902 4940 est,

321 4976 599 5044 oportebat
641 4986 697 5030 ut
715 4975 987 5036 deficeret,
1015 4981 1071 5026 et
1091 4971 1306 5028 defectu
1336 4985 1432 5026 suo
1450 4980 1732 5040 cogeretur
1757 4984 1908 5037 qua:-

322 5087 356 5121 r-
382 5085 438 5124 re
463 5067 606 5138 quod
629 5083 898 5138 nunquam
926 5067 1200 5120 deﬁceret.

391 5162 444 5217 6.
482 5160 760 5233 Synagoga
797 5175 944 5228 ergo,
980 5159 1029 5213 id
1057 5167 1157 5223 est,
1189 5158 1280 5227 qui
1329 5157 1493 5210 Deum
1545 5155 1613 5209 ibi
1668 5155 1751 5224 pie
1771 5156 1914 5211 cole-

321 5254 470 5319 bant,
501 5254 597 5309 sed
627 5262 808 5314 tamen
846 5259 1062 5320 prepter
1107 5260 1347 5303 terrenas
1399 5261 1508 5312 res,
1559 5255 1780 5316 propter
1812 5247 1911 5300 ista

323 5349 605 5417 praesentia
640 5366 652 5401 :
687 5357 810 5401 sum
850 5347 990 5400 enim
1015 5344 1162 5412 impii
1213 5343 1302 5412 qui
1351 5342 1689 5410 tumentium
1731 5347 1910 5394 rerum

324 5445 457 5499 bona
523 5457 550 5494 a
605 5439 936 5496 daemonibus
988 5443 1276 5505 quaerunt;
1312 5433 1396 5487 hic
1461 5442 1640 5487 autem
1688 5433 1916 5501 pupulas

325 5537 444 5592 ideo
463 5534 654 5590 melior
681 5539 798 5587 erat
823 5530 1102 5594 Gentibus,
1154 5527 1295 5597 quod
1333 5525 1576 5593 quamvis
1624 5525 1907 5594 praesentia

325 5628 464 5684 bona
485 5635 539 5683 et
568 5623 898 5695 temporalia,
929 5632 1102 5676 tamen
1141 5619 1208 5672 ab
1231 5633 1337 5672 uno
1360 5617 1466 5671 Deo
1512 5615 1804 5686 qtta'rebat,
1828 5616 1916 5686 qui

327 5729 409 5772 est
428 5727 640 5773 creator
662 5717 919 5778 omnium,
942 5721 996 5766 et
1027 5710 1402 5780 Spiritualiutn,
1428 5717 1483 5764 et
1513 5709 1871 5776 corporalium
1897 5727 1910 5761 :

333 5828 450 5865 cum
473 5825 602 5882 ergo
631 5809 703 5864 illi
743 5810 814 5877 pii
868 5805 1157 5861 secundum
1207 5819 1422 5858 carnem
1478 5802 1833 5865 attenderent,
1867 5803 1918 5857 id

339 5911 434 5967 est,
468 5903 552 5958 illa
579 5903 852 5974 Synagoga
885 5915 1001 5969 quae
1021 5898 1205 5952 eratin
1239 5897 1409 5961 bonis,
1431 5911 1525 5965 pro
1559 5906 1796 5967 tempore
1822 5896 1920 5949 bo-

1354 407 1750 464 ENARRATlO
1791 407 1856 463 lN
1898 405 2217 464 usumin
2266 409 2472 468 Lxxn.
3473 420 3572 482 θυι

1993 527 2076 584 nis
2105 529 2142 593 ¹,
2168 545 2272 584 non
2303 529 2685 600 spiritualihus,
2739 537 2922 604 quales
2968 548 3123 595 erant
3149 539 3220 596 ibi
3269 539 3574 611 Prtphetae,

1988 622 2172 692 quales
2222 625 2371 694 pauci
2428 625 2785 681 intellectores
2839 631 2986 700 regni
3033 632 3288 700 caelestis,
3339 635 3575 699 atterni;

1989 729 2115 787 ergo
2143 715 2231 770 illa
2257 715 2534 789 Synagoga
2562 718 2934 775 animadvertit
2957 737 3079 793 quae
3101 725 3370 795 acceperit
3395 739 3423 779 a
3439 725 3566 787 Deo.

1988 818 2042 864 et
2065 825 2182 879 qua:
2209 812 2516 881 promiserit
2545 813 2685 868 Deus
2723 815 2919 885 populo
2941 815 3039 883 illi,
3093 817 3468 874 abundantiam
3495 834 3578 873 re-

1988 913 2106 956 rum
2130 911 2482 970 terrenarum,
2533 905 2779 975 patriam,
2811 920 3015 976 pacem,
3063 906 3367 964 felicitatem
3402 919 3576 965 terre-

1990 1003 2113 1047 nam
2144 1011 2159 1048 :
2190 995 2282 1049 sed
2304 996 2360 1051 in
2388 995 2468 1050 his
2488 997 2735 1051 omnibus
2763 998 2943 1069 figura:
2971 1007 3123 1052 erant
3151 1017 3164 1063 ;
3213 1010 3267 1054 et
3292 1016 3396 1055 non
3424 1001 3581 1056 intel-

1989 1083 2158 1155 ligens
2186 1087 2310 1156 quid
2344 1087 2413 1143 ibi
2439 1088 2629 1143 lateret
2653 1090 2704 1144 in
2734 1091 2891 1145 rebus
2941 1091 3198 1160 ﬁguratis,
3255 1093 3453 1162 putavit
3481 1092 3581 1147 hoc

1992 1194 2090 1248 pro
2120 1196 2310 1252 magno
2338 1182 2468 1237 dare
2495 1183 2686 1248 Deum,
2718 1201 2814 1240 nec
2835 1184 3033 1240 habere
3066 1186 3255 1240 melius
3281 1186 3424 1256 quod
3453 1185 3582 1240 dare

1991 1282 2165 1340 posset
2191 1272 2529 1342 diligentibus
2548 1291 2603 1328 se
2631 1283 2685 1330 et
2704 1276 3058 1331 servientibus
3081 1275 3202 1330 sibi.
3230 1275 3494 1340 Attendit,
3523 1287 3576 1330 et

1991 1365 2398 1436 viditquosdam
2427 1378 2754 1437 peccatores,
2824 1368 3034 1438 impios,
3087 1369 3582 1438 blaSphcmos,ser-

1993 1475 2089 1514 vos
2118 1460 2438 1528 daemonum,
2473 1462 2606 1516 filios
2638 1461 2852 1529 diaboli,
2879 1462 3125 1516 viventes
3165 1461 3216 1516 in
3260 1476 3446 1531 magna
3488 1476 3584 1516 ne-

1994 1556 2157 1624 quitia
2176 1564 2229 1610 et
2251 1556 2521 1625 superbia,
2577 1557 2847 1611 abundare
2890 1555 3050 1611 rebus
3101 1555 3291 1610 talibus
3335 1555 3584 1620 terrenis,

1996 1646 2391 1715 temporalibus,
2425 1663 2519 1716 pro
2537 1647 2782 1716 qualibus
2807 1647 2968 1701 rebus
2993 1645 3105 1715 ipsa
3129 1645 3241 1700 Deo
3271 1644 3539 1699 serviebat
3568 1661 3582 1698 :

1995 1750 2048 1793 et
2075 1747 2192 1793 nata
2217 1748 2299 1792 est
2335 1739 2589 1809 cogitatio
2633 1740 2860 1809 pessima
2893 1739 2947 1792 in
2986 1737 3167 1800 corde,
3220 1752 3337 1807 qua:
3383 1736 3586 1792 faceret

1996 1840 2185 1887 nutare
2215 1831 2398 1901 pedes,
2433 1841 2486 1886 et
2517 1847 2682 1902 prope
2722 1832 2826 1886 labi
2876 1848 2903 1885 a
2952 1831 3040 1886 Dei
3081 1830 3184 1884 via.
3234 1828 3303 1884 Et
3333 1843 3458 1885 ecce
3486 1830 3584 1884 ista

1994 1925 2242 1993 cogitatio
2267 1925 2317 1978 in
2349 1925 2542 1994 populo
2569 1937 2683 1978 erat
2718 1923 2925 1978 Veteris
2971 1922 3297 1977 Testameuti
3333 1939 3346 1976 :
3383 1923 3585 1977 utinam

1995 2032 2099 2070 non
2129 2017 2196 2070 sit
2231 2016 2281 2070 in
2313 2015 2615 2070 carnalibus
2644 2015 2894 2070 fratribus
2917 2015 3132 2077 nostris,
3153 2028 3275 2068 cum
3301 2015 3410 2082 jam
3429 2027 3588 2082 aper-

1997 2117 2047 2163 te
2075 2109 2392 2179 prtcdicatur
2450 2108 2671 2162 felicitas
2715 2106 2846 2162 Novi
2894 2106 3220 2161 Testatnenti
3237 2105 3258 2159 ’ἱ
3281 2105 3415 2172 Quid
3447 2106 3587 2160 enim

1993 2199 2128 2254 dixit
2157 2199 2241 2253 illa
2291 2209 2414 2254 tunc
2468 2196 2940 2270 Synagoga‘lquid
2986 2196 3119 2250 dixit
3181 2195 3270 2249 ille
3317 2193 3592 2264 populus?

1995 2290 2103 2344 Nos
2141 2292 2404 2345 servimus
2432 2291 2561 2354 Deo,
2592 2289 2999 2357 etcorripimur,
3055 2286 3416 2357 ﬂagellamur;
3460 2285 3588 2338 sub-

1997 2385 2263 2439 ducuntur
2286 2383 2440 2438 nobis
2457 2399 2516 2437 ea
2549 2397 2665 2452 qtae
2714 2381 3002 2451 diligimus,
3057 2389 3109 2433 et
3138 2393 3256 2450 qua:
3276 2393 3373 2448 pro
3401 2391 3594 2448 magno

1998 2492 2026 2529 a
2052 2477 2164 2531 Deo
2194 2489 2607 2544 acceperamus;
2639 2473 2711 2527 illi
2747 2482 2924 2527 autem
2951 2471 3194 2527 scelerati
3226 2460 3477 2525 homines
3493 2485 3589 2523 ne-

1998 2569 2260 2638 quissimi,
2280 2568 2510 2636 superbi,
2540 2567 2852 2635 blasphemi.
2882 2565 3121 2633 inquieti,
3139 2563 3410 2618 abundant
3431 2562 3594 2616 omni-

2000 2662 2096 2715 bus
2120 2660 2298 2724 rebus,
2323 2672 2541 2728 propter
2558 2673 2690 2728 quas
2709 2674 2806 2711 nos
2856 2658 2964 2710 Deo
2991 2657 3252 2710 servimus
3277 2674 3291 2710 :
3321 2665 3448 2724 puto
3475 2654 3594 2710 sine

1999 2769 2156 2807 (‘attsa
2183 2756 2416 2806 servitur
2445 2754 2573 2807 Deo.
2610 2752 2704 2806 Hic
2725 2761 2918 2804 sensus
2944 2759 3026 2805 est
3056 2748 3270 2815 Psalmi,
3293 2746 3592 2804 deficientis

2001 2847 2178 2916 populi
2209 2856 2260 2901 et
2289 2847 2520 2899 nutamis
2545 2863 2558 2898 :
2592 2846 2716 2898 dum
2749 2845 3050 2898 eotisitlerat
3069 2843 3208 2897 bona
3231 2850 3439 2898 terrena
3467 2856 3595 2912 pro-

2000 2949 2118 3009 pter
2143 2954 2259 3008 qua)
2283 2938 2545 2992 serviebat
2576 2938 2703 2998 Deo,
2737 2937 3009 2990 abundare
3042 2935 3122 2989 his
3155 2935 3245 3005 qui
3287 2948 3392 2988 non
3424 2931 3594 2991 servi-

1999 3041 2119 3087 rent
2144 3033 2276 3100 Deo,
2301 3043 2472 3098 nutat,
2505 3042 2559 3086 et
2609 3045 2775 3102 prope
2831 3032 3060 3090 labitur;
3091 3039 3145 3085 et
3196 3043 3317 3086 cum
3375 3030 3593 3101 hymnis

1999 3127 2104 3180 illis
2131 3126 2325 3189 deficit,
2347 3127 2464 3194 quia
2485 3127 2535 3179 iu
2557 3126 2750 3179 talibus
2775 3122 3026 3180 cordibus
3051 3123 3235 3195 hymni
3251 3123 3591 3180 deficiebant.

2001 3218 2139 3284 Quid
2171 3225 2273 3282 est,
2334 3218 2384 3270 in
2435 3217 2629 3271 talibus
2684 3216 2935 3270 cordibus
2988 3215 3173 3288 hymni
3226 3215 3594 3271 deficiebant?

2003 3310 2131 3375 Quia
2161 3310 2266 3378 jam
2291 3310 2411 3360 talia
2443 3309 2765 3378 cogitabant,
2800 3307 2965 3361 Deum
2994 3323 3098 3362 non
3123 3307 3427 3362 laudabant.
3458 3307 3596 3376 Quo-

2004 3400 2163 3453 modo
2202 3401 2344 3453 enim
2373 3399 2646 3453 laudarent
2679 3400 2864 3460 Deum,
2895 3398 3088 3467 quibus
3113 3400 3262 3468 quasi
3305 3409 3594 3467 pervorsus

2004 3491 2298 3549 videbatur.
2325 3493 2454 3544 dans
2497 3491 2676 3560 impiis
2729 3499 2931 3544 tantam
2981 3489 3310 3557 felicitatem,
3353 3499 3408 3546 et
3445 3489 3593 3545 aufe-

2005 3598 2130 3636 rens
2157 3598 2273 3635 eam
2304 3597 2333 3635 a
2360 3582 2716 3637 servientibus
2751 3581 2884 3636 sibi?
2910 3581 3024 3636 Non
3069 3581 3175 3637 illis
3225 3582 3400 3636 bonus
3441 3581 3593 3636 vide-

2007 3677 2160 3730 batur
2183 3676 2319 3728 Deus
2354 3694 2366 3729 :
2408 3684 2461 3729 et
2495 3675 2690 3744 quibus
2739 3676 2876 3729 Deus
2917 3674 3090 3731 bonus
3142 3691 3250 3729 non
3289 3675 3594 3744 videbatur,

2006 3783 2109 3818 non
2134 3766 2312 3835 utique
2351 3767 2418 3821 ab
2467 3767 2544 3820 eis
2589 3764 2931 3829 laudabatur;
2955 3779 2984 3818 a
3011 3765 3202 3835 quibus
3233 3772 3410 3821 autem
3455 3767 3598 3821 Deus

2007 3874 2110 3910 non
2145 3856 2476 3922 laudabat-ur,
2505 3855 2816 3911 defecerunt
2845 3857 2898 3910 in
2927 3856 3032 3910 illis
3054 3856 3259 3929 hymni.
3277 3858 3476 3913 Postea
3505 3871 3598 3912 ve-

2007 3967 2068 4006 ro
2091 3953 2315 4021 populus
2345 3953 2445 4006 istc
2475 3951 2737 4006 intellexit
2779 3950 2906 4021 quid
2935 3965 3056 4005 eum
3109 3951 3422 4006 admoneret
3459 3951 3600 4007 Deus

2007 4058 2267 4113 qumrere,
2297 4059 2416 4096 cum
2439 4044 2539 4096 ista
2568 4044 2877 4112 temporalia
2910 4043 3249 4097 subtraheret
3274 4045 3442 4098 servis
3462 4045 3594 4109 suis,

2009 4144 2060 4186 et
2087 4133 2313 4186 donaret
2351 4150 2412 4186 ea
2445 4133 2670 4185 inimicis
2716 4134 2849 4197 suis,
2879 4132 3228 4201 blasphemis,
3255 4133 3433 4202 impiis
3461 4150 3477 4187 :
3505 4135 3600 4187 ad-

2010 4226 2241 4280 monitus
2267 4224 2531 4278 intellexit
2569 4226 2687 4291 quia
2721 4240 2828 4291 prae
2857 4225 3106 4277 omnibus
3131 4239 3252 4294 quae
3290 4226 3382 4277 dat
3427 4225 3596 4293 Dens,

2010 4324 2064 4370 et
2091 4315 2264 4379 bonis,
2294 4325 2346 4369 et
2389 4315 2564 4380 malis,
2620 4323 2674 4368 et
2712 4315 2997 4384 aliquando
3049 4314 3244 4382 aufert,
3271 4325 3324 4371 et
3351 4316 3524 4383 bonis,
3545 4329 3601 4374 et

2011 4407 2184 4474 malis,
2219 4421 2328 4476 [πω
2371 4409 2616 4462 omnibus
2656 4417 2831 4461 servat
2875 4407 3070 4476 aliquid
3107 4407 3276 4461 bonis.
3319 4407 3458 4474 Quid
3493 4417 3598 4472 est,

2012 4511 2187 4558 servat
2210 4503 2407 4573 aliquid
2436 4503 2626 4557 bonis?
2651 4503 2782 4573 quid
2799 4505 2908 4558 illis
2937 4514 3113 4560 servat
3135 4504 3158 4556 ?
3179 4503 3449 4574 Seips’utn.
3481 4505 3599 4562 Jant

2011 4604 2265 4665 quantum
2288 4596 2537 4660 arbitror,
2561 4597 2792 4650 curritur
2831 4596 2886 4648 in
2915 4595 3170 4662 Pssimo;
3201 4596 3501 4652 intellectus
3519 4609 3602 4653 eet

2013 4688 2064 4742 in
2095 4690 2308 4744 nomine
2340 4688 2566 4743 Domini.
2599 4690 2738 4744 Audi
2769 4690 3137 4744 recordantem
3161 4698 3216 4746 et
3239 4692 3598 4760 paenitentiam

2013 4783 2102 4852 qui
2134 4792 2420 4846 erraverat,
2485 4783 2716 4851 putando
2764 4783 2930 4837 Deum
2979 4797 3083 4836 non
3133 4783 3330 4838 bonum
3381 4786 3470 4855 qui
3513 4785 3605 4839 dat

2016 4876 2149 4930 bona
2181 4885 2388 4930 terrena
2418 4875 2592 4941 malis,
2623 4885 2676 4929 et
2699 4874 2871 4929 aufert
2907 4875 2992 4928 illa
3016 4889 3044 4928 a
3073 4876 3244 4931 servis
3273 4878 3401 4932 suis.
3453 4878 3604 4933 lntei~

2018 4969 2144 5022 lexit
2165 4969 2305 5022 enim
2327 4967 2451 5037 quid
2495 4969 2629 5021 Dens
2657 4978 2893 5022 servaret
2934 4969 3103 5022 servis
3131 4969 3282 5034 suis;
3317 4979 3378 5026 ot
3396 4972 3605 5041 recogi-

2020 5070 2156 5124 tans,
2181 5075 2344 5130 seque
2366 5060 2631 5128 castigans
2655 5061 2831 5129 erupit
2859 5060 2958 5115 hoc
2977 5061 3156 5115 modo.

2091 5155 2140 5206 7.
2169 5154 2336 5221 Quam
2388 5155 2545 5208 bonus
2595 5153 2731 5207 Deus
2776 5153 2940 5209 Israel
2970 5156 2991 5211 !
3027 5155 3129 5210 Sed
3185 5155 3414 5225 quibus?
3438 5154 3609 5213 ﬂectis

2021 5245 2186 5298 corde.
2236 5244 2507 5299 Perversis
2551 5246 2716 5314 quid?
2747 5247 3034 5301 Pervcrsus
3090 5247 3317 5301 videtur.
3367 5248 3454 5304 Sic
3478 5251 3608 5308 etin

2019 5338 2122 5390 alio
2144 5336 2342 5403 psalmo
2376 5336 2504 5389 dicit
2529 5355 2542 5367 ·
2571 5335 2696 5390 Cum
2718 5348 2890 5392 sancto
2913 5345 3114 5392 sanctus
3149 5339 3268 5403 erit,
3300 5349 3487 5394 etcum
3530 5343 3611 5395 ui-

2021 5443 2077 5480 ro
2097 5427 2358 5480 innocente
2386 5429 2628 5482 inuocem
2668 5430 2792 5495 eris,-
2825 5439 2872 5483 et
2911 5446 3027 5482 cum
3078 5445 3307 5497 perverso
3353 5447 3613 5500 μεῖνα-ειη

2023 5518 2157 5587 cris(
2189 5517 2332 5573 Psal.
2359 5535 2448 5586 xv,
2474 5519 2564 5585 26,
2599 5521 2666 5573 27
2698 5520 2738 5592 ).
2769 5519 2905 5588 Quid
2943 5532 3045 5582 εει,
3095 5537 3356 5592 ρει-νέηαι
3377 5524 3476 5578 eris
3495 5539 3612 5577 cum

2026 5626 2251 5678 peruerso
2277 5611 2301 5664 .9
2350 5610 2662 5666 Perversutn
2693 5625 2743 5667 te
2769 5614 2972 5682 putabit
3000 5629 3298 5683 pervorsus.
3328 5613 3445 5670 Non
3463 5595 3646 5686 quod?

2025 5706 2132 5759 ullo
2159 5705 2318 5760 modo
2357 5716 2690 5775 pervertatur
2738 5707 2894 5762 Deus.
2951 5710 3095 5765 Absit
3137 5709 3320 5779 :quod
3365 5721 3468 5775 est,
3492 5705 3632 5771 est.i

2027 5840 2107 5952 "is!
2136 5839 2208 5888 sic
2231 5836 2450 5889 melioris
2471 5847 2601 5890 notat
2637 5845 2743 5888 Mss.
2785 5839 2847 5888 Ad
2873 5840 2982 5890 ald.
3003 5873 3020 5896 ρ
3044 5852 3132 5903 Ρνο
3167 5839 3510 5904 temporalibus
3536 5841 3613 5893 Μ’
