4076 6490
441 397 546 456 919

439 511 547 575 Sed
577 513 1023 590 quemadmodum
1049 510 1149 578 sol,
1180 509 1364 566 oculos
1382 520 1567 581 puros,
1597 519 1778 573 sanos,
1804 512 2025 577 vegetos

440 615 606 670 fortes
636 612 874 678 habenti,
905 606 1221 678 tranquillus
1244 613 1481 676 apparet,
1516 603 1570 659 in
1619 601 1803 658 oculos
1847 608 2027 654 autem

443 710 613 781 lippos
642 707 792 778 quasi
824 704 926 760 tela
980 716 1169 774 aspera
1210 700 1475 771 jaculatur
1504 715 1518 764 ;
1549 698 1845 752 intuentem
1877 694 2025 748 illum

439 809 667 872 vegetat,
692 800 832 854 hunc
847 796 1135 861 excruciat,
1157 808 1260 849 non
1283 800 1538 858 mutatus,
1561 789 1654 846 scd
1679 795 1938 842 mutatum
1970 785 2023 839 ¹ε

440 896 518 952 sic
543 911 664 950 cum
691 893 921 963 cmperis
952 905 1070 948 esse
1096 902 1399 960 perversos,
1431 893 1484 940 et
1511 885 1601 940 tibi
1650 884 1790 938 Deus
1820 895 2028 952 perver-

439 1005 530 1046 sus
557 989 824 1044 videbitur
847 1004 861 1049 ;
883 997 937 1040 tu
960 992 1191 1040 mutatus
1236 997 1312 1047 es,
1366 996 1472 1036 non
1500 979 1608 1034 ille.
1640 977 1757 1032 Erit
1776 991 1902 1047 ergo
1933 975 2026 1031 tibi

438 1097 618 1153 poena,
651 1080 790 1150 quod
813 1080 965 1134 bonis
1008 1074 1274 1148 gaudium.
1301 1073 1527 1129 l'lociSte
1569 1068 1832 1137 recolens,
1863 1067 2028 1133 Quam

439 1173 617 1239 bonus,
651 1172 842 1243 inquit,
869 1170 1001 1223 Deus
1028 1167 1193 1222 Israel
1218 1167 1363 1220 rectis
1377 1164 1571 1219 corde!

510 1267 564 1322 8.
589 1263 758 1339 [vers.
784 1265 838 1319 2.
862 1261 882 1336 ]
912 1261 1045 1331 Quid
1064 1269 1240 1315 autem
1270 1258 1362 1313 tibi
1387 1257 1411 1311 ?
1442 1257 1546 1312 Mei
1560 1263 1727 1310 autem
1743 1270 1867 1324 pene
1889 1269 2031 1309 eom-

439 1359 563 1413 moti
583 1368 698 1412 sunt
725 1356 891 1427 pedes.
939 1353 1161 1422 Quando
1214 1350 1467 1406 commoti
1521 1356 1646 1402 sunt
1692 1347 1875 1416 pedes,
1927 1345 2029 1401 nisi

440 1450 656 1521 quando
685 1464 788 1503 non
809 1455 922 1502 erat
953 1454 1156 1500 rectum
1179 1444 1314 1498 cor?
1345 1441 1498 1497 Unde
1542 1455 1649 1495 non
1679 1447 1794 1494 erat
1821 1446 2028 1494 rectum

440 1544 576 1599 cor?
605 1542 739 1597 Audi
764 1559 776 1594 :
808 1540 974 1594 Paulo
1001 1539 1167 1592 minus
1189 1535 1337 1603 effusi
1356 1548 1470 1590 sunt
1491 1549 1689 1606 gressus
1716 1533 1830 1586 mei.
1875 1530 2027 1599 Quod

439 1635 589 1697 dixit,
639 1648 803 1704 pene;
832 1631 934 1686 hoc
974 1631 1127 1696 dixit,
1172 1627 1323 1700 paulo
1377 1627 1660 1680 ntinus:et
1708 1623 1849 1695 quod
1873 1623 2024 1690 dixit,

439 1743 565 1798 pene
595 1727 715 1779 moti
740 1733 856 1779 sunt
879 1723 1067 1792 pedes;
1097 1722 1198 1776 hoc
1237 1718 1388 1782 dixit,
1443 1717 1590 1784 e/fusi
1645 1725 1759 1770 sunt
1804 1730 2026 1787 gressus.

437 1823 582 1879 Pene
609 1820 738 1874 moti
785 1825 908 1872 sunt
938 1815 1118 1886 pedes,
1148 1828 1284 1883 pene
1304 1811 1456 1866 effusi
1488 1817 1611 1864 sunt
1639 1822 1873 1880 gressus.
1900 1806 2030 1861 Moti

440 1915 591 1987 pedes
623 1931 641 1967 :
670 1912 760 1968 sed
791 1911 951 1975 unde,
983 1909 1102 1962 moti
1126 1907 1297 1977 pedes,
1350 1913 1397 1958 et
1438 1902 1585 1970 effusi
1634 1918 1832 1973 gressus
1860 1899 2032 1955 ?Moti

439 2009 610 2078 pedes,
636 2006 700 2059 ad
730 2003 1013 2061 errandum
1046 2019 1060 2067 ;
1111 2000 1258 2067 e/fusi
1293 2015 1514 2071 gressus,
1545 1996 1613 2051 ad
1656 1997 1896 2073 lapsum;
1923 2009 2029 2050 non

439 2100 676 2162 omnino,
696 2097 791 2153 sed
823 2114 966 2167 pene.
996 2094 1132 2163 Quid
1165 2094 1306 2148 enim
1337 2100 1420 2148 est
1443 2092 1466 2145 ?
1491 2090 1606 2145 Jam
1631 2090 1772 2146 ibam
1794 2089 1846 2144 in
1878 2102 2030 2144 erro-

437 2208 575 2259 rem,
611 2207 714 2245 non
747 2191 910 2243 ieram
946 2187 1092 2257 :jam
1141 2185 1416 2249 cadebam,
1445 2199 1553 2238 non
1602 2182 1924 2245 cecideram.
2021 2231 2026 2236 .

509 2286 563 2340 9.
589 2283 610 2357 [
636 2300 763 2337 vers.
787 2283 838 2338 5.
867 2280 888 2354 ]
922 2280 1027 2336 Sed
1053 2294 1218 2350 quare
1236 2287 1289 2333 et
1310 2279 1329 2308 ²
1360 2277 1460 2331 hoc
1490 2276 1514 2330 ?
1562 2276 1696 2344 Quia
1743 2275 1921 2340 zelavi,
1950 2274 2032 2329 in-

437 2379 572 2447 quit,
607 2377 658 2429 in
677 2373 1039 2442 peccatoribus,
1058 2389 1232 2440 pacem
1255 2378 1569 2441 peccatorum
1595 2370 1812 2423 intuens.
1849 2371 2034 2423 Atten-

438 2469 490 2524 di
537 2477 882 2539 peccatores;
914 2466 1020 2520 vidi
1067 2465 1187 2520 illos
1240 2463 1437 2518 habere
1483 2476 1688 2532 pacem.
1718 2461 1885 2528 Quam
1934 2475 2031 2530 pa-

439 2562 594 2618 cem?
622 2560 1012 2631 Temporalem,
1037 2557 1254 2624 ﬂuxam,
1277 2557 1528 2613 caducam
1551 2566 1710 2625 atque
1729 2563 2028 2621 terrenam;

438 2656 534 2711 sed
566 2664 742 2710 tamen
765 2655 920 2709 talem
951 2653 1160 2724 qualem
1181 2661 1235 2707 et
1275 2667 1374 2720 ego
1403 2667 1432 2704 a
1487 2650 1594 2704 Deo
1638 2649 2028 2704 desiderabam.

439 2747 555 2803 Vidi
585 2747 706 2802 illos
736 2746 932 2801 habere
979 2745 1068 2815 qui
1112 2759 1216 2798 non
1260 2743 1565 2799 serviebant
1601 2742 1731 2806 Deo,
1765 2741 1906 2811 quod
1934 2757 2032 2812 ego

439 2841 808 2896 desiderabam
831 2848 890 2895 ut
912 2839 1167 2895 servirem
1181 2839 1320 2904 Deo;
1347 2846 1402 2893 et
1423 2837 1552 2892 moti
1573 2843 1697 2891 sunt
1714 2835 1877 2905 pedes
1901 2835 2028 2901 mei,

438 2948 492 2993 et
521 2953 658 3010 pene
679 2937 831 2993 eﬂ‘usi
859 2944 982 2991 sunt
1002 2949 1220 3007 gressus
1239 2933 1364 2988 mei.

510 3030 596 3085 l0.
619 3029 767 3103 [vei-s.
804 3031 868 3094 4,
896 3027 974 3100 5.]
999 3029 1173 3097 Quare
1201 3036 1376 3082 autem
1418 3025 1520 3081 hoc
1565 3024 1764 3080 habent
1788 3035 2033 3094 peccato-

435 3138 544 3189 res,
566 3122 696 3178 dicit
722 3121 952 3176 breviter
980 3139 992 3175 :
1043 3119 1175 3186 Quia
1200 3136 1300 3175 non
1321 3127 1392 3174 est
1408 3117 1678 3172 declinatio
1707 3120 1880 3172 mortis
1901 3119 1922 3150 ³
1949 3135 2035 3174 eo—

435 3229 588 3280 rum;
619 3222 662 3267 et
692 3213 1062 3282 ﬁrmamentum
1105 3213 1158 3265 in
1196 3209 1403 3283 ﬂagello
1445 3226 1636 3264 eorum.
1668 3209 1734 3264 In
1781 3210 2032 3267 laboribus

437 3305 697 3361 hominum
714 3321 814 3358 non
831 3312 969 3370 sunt,
993 3311 1038 3357 et
1061 3318 1175 3357 cum
1189 3302 1472 3355 hominibus
1490 3318 1588 3355 non
1615 3302 2028 3372 ﬂagellabunmr.

437 3396 552 3453 Jam
587 3397 840 3460 intellexi,
870 3395 1061 3466 inquit,
1086 3411 1250 3466 quare
1281 3394 1354 3449 illi
1378 3394 1572 3450 habent
1602 3411 1805 3465 pacem,
1848 3405 1902 3450 et
1930 3395 2030 3450 ﬂo-

437 3490 626 3546 rentin
656 3499 830 3556 terra;
862 3490 983 3560 quia
1009 3490 1165 3544 morti
1201 3503 1385 3544 eorum
1435 3505 1542 3544 non
1585 3498 1669 3544 est
1721 3490 2023 3557 declinatio,

436 3579 492 3634 id
517 3589 618 3646 est,
649 3581 770 3651 quia
800 3590 945 3636 certa
984 3597 1127 3636 mors
1152 3588 1206 3637 et
1237 3588 1434 3636 aeterna
1453 3595 1546 3636 eos
1572 3589 1771 3648 manet,
1786 3597 1904 3652 qua:
1930 3598 2029 3640 nec

437 3673 669 3728 declinat
705 3673 774 3728 ab
798 3674 898 3739 eis,
919 3688 1016 3729 nec
1035 3674 1135 3744 ipsi
1163 3673 1228 3728 ab
1255 3689 1316 3729 ea
1329 3672 1596 3729 declinare
1621 3682 1864 3744 possunt.
1897 3675 2030 3740 Quia

436 3783 539 3821 non
567 3775 639 3820 est
655 3768 922 3821 declinatio
947 3769 1122 3822 mortis
1147 3783 1318 3822 eorum
1341 3786 1360 3833 ;
1381 3776 1427 3822 et
1452 3769 1827 3838 ﬁrmamentum
1846 3769 1899 3822 in
1931 3771 2032 3839 [la-

435 3859 568 3932 gello
593 3877 783 3915 eorum.
812 3861 877 3915 Et
903 3869 984 3916 est
1014 3861 1402 3916 firmamentum
1453 3862 1506 3916 in
1554 3861 1762 3932 ﬂagello
1801 3877 2027 3922 eorum:

437 3966 547 4008 non
564 3960 644 4006 est
661 3952 804 4006 enim
829 3952 1120 4022 temporale
1149 3951 1412 4024 ﬂagellum
1436 3967 1640 4019 eorum,
1676 3953 1771 4009 sed
1816 3953 2027 4011 firmum

437 4045 494 4100 in
514 4042 917 4112 sempiternum.
969 4044 1191 4112 Propter
1237 4043 1354 4100 haec
1409 4059 1537 4116 ergo
1577 4046 1716 4101 mala
1758 4062 1876 4118 qua:
1923 4047 2028 4104 illis

436 4142 637 4193 aeterna
658 4134 830 4190 futura
848 4143 990 4202 sunt,
1022 4135 1182 4191 modo
1196 4136 1323 4208 quid
1341 4137 1365 4191 ?
1394 4136 1461 4191 In
1487 4137 1738 4192 laboribus
1765 4139 2028 4194 hominum

435 4244 540 4284 non
564 4237 698 4295 sunt,
723 4239 768 4284 et
806 4246 919 4283 cum
945 4229 1227 4286 hominibus
1265 4247 1366 4286 non
1398 4232 1812 4303 ﬂagellabantur.
1859 4234 2026 4289 Num-

437 4319 562 4390 quid
588 4329 642 4376 et
669 4320 784 4391 ipse
824 4321 1067 4378 diabolus
1094 4339 1214 4378 cum
1232 4322 1536 4379 hominibus
1565 4340 1672 4380 non
1704 4325 2022 4397 ﬂagellatur,

435 4414 518 4468 cui
545 4421 722 4471 tamen
746 4424 1002 4472 aeternum
1033 4415 1349 4486 supplicium
1370 4417 1743 4486 praeparatur?

506 4507 594 4562 11.
627 4505 648 4580 [
675 4524 804 4562 vers.
833 4507 884 4563 6.
913 4506 934 4581 ]
961 4508 1248 4578 Propterea
1270 4507 1396 4578 quid
1451 4509 1574 4564 hinc
1614 4509 1721 4576 isti,
1767 4509 1893 4565 dum
1915 4526 2024 4568 non

432 4597 784 4670 ﬂagellantur,
809 4600 936 4656 dum
963 4615 1070 4656 non
1093 4601 1334 4656 laborant
1360 4616 1478 4656 cum
1497 4601 1800 4658 hominibus
1823 4603 1848 4656 ?
1872 4603 2021 4672 Ideo,

433 4692 623 4762 inquit,
644 4693 854 4748 obtinuit
879 4709 962 4748 eos
998 4693 1248 4764 superbia.
1296 4693 1525 4750 Attende
1577 4695 1695 4750 illos
1742 4698 2020 4767 superbos,

433 4784 900 4856 indisciplinatos;
947 4787 1160 4842 attende
1211 4796 1419 4843 taurum
1473 4788 1723 4845 devotum
1768 4791 2018 4860 victimae,

433 4880 754 4951 permissum
771 4896 950 4937 errare
972 4881 1158 4947 libere,
1183 4893 1237 4937 ct
1258 4892 1465 4939 vastare
1491 4900 1610 4954 qua:
1637 4893 1832 4955 potest,
1856 4902 2023 4957 usque

432 4972 500 5027 ad
527 4971 667 5028 diem
685 4973 987 5029 occisionis.
1014 4973 1130 5028 Jam
1172 4973 1368 5028 bonum
1418 4983 1519 5042 est,
1566 4975 1777 5044 fratres,
1807 4977 1860 5032 in
1889 4978 2020 5048 ipsis

431 5065 713 5136 Propheta:
758 5066 934 5122 verbis
977 5067 1256 5124 audiamus
1308 5067 1450 5124 hunc
1488 5071 1638 5141 quasi
1690 5080 1898 5127 taurum
1953 5073 2022 5130 de

431 5174 537 5230 quo
564 5160 695 5218 dixi.
716 5161 804 5217 Sic
821 5160 961 5216 enim
981 5160 1128 5215 illum
1157 5171 1211 5217 et
1239 5162 1362 5217 alibi
1390 5163 1662 5234 Scriptura
1689 5179 2020 5222 commemo-

428 5259 546 5307 rat:
576 5251 706 5308 dicit
733 5267 828 5309 eos
853 5261 1103 5324 tanquam
1153 5253 1221 5307 ad
1250 5254 1525 5310 victimam
1566 5265 1912 5326 praeparatos,
1961 5265 2020 5313 et

429 5346 576 5417 parci
605 5346 683 5402 eis
703 5346 768 5400 ad
799 5347 994 5402 malam
1026 5346 1323 5402 libertatem
1351 5347 1370 5420 (
1399 5345 1556 5402 Prov.
1582 5364 1677 5415 vn,
1703 5349 1773 5404 22
1798 5348 1839 5422 ).
1869 5349 2015 5416 Ideo,

429 5437 583 5502 dixit,
614 5437 824 5491 obtinuit
849 5453 932 5492 eos
965 5438 1219 5506 superbia.
1244 5438 1380 5506 Quid
1405 5448 1506 5505 est,
1544 5440 1760 5494 obtinuit
1807 5458 1890 5496 eos
1932 5459 2020 5497 su-

429 5530 648 5602 perbia?
686 5528 1056 5584 Circumamicti
1084 5540 1201 5586 sunt
1244 5531 1510 5602 iniquitate
1551 5542 1600 5586 et
1625 5534 1882 5604 impietate
1898 5551 2011 5589 sua.

429 5623 545 5679 Non
575 5622 730 5689 dixit,
755 5624 878 5679 tecti
911 5641 923 5690 ;
955 5624 1070 5692 sed,
1098 5626 1484 5692 cireumamieti,
1517 5626 1753 5698 undique
1778 5629 2017 5699 cooperti

490 5802 506 5832 ¹
534 5807 663 5861 Mss,
686 5812 779 5850 non
802 5805 1032 5859 mutatur,
1052 5801 1138 5851 sed
1154 5806 1321 5852 mutat.

439 5886 450 5892 ν
491 5865 512 5926 ξ
536 5863 609 5926 sic
631 5869 702 5911 Er.
729 5871 781 5912 et
797 5869 902 5912 Mss.
931 5869 985 5911 At
1008 5871 1139 5923 I.ov.,
1163 5864 1249 5913 sed
1265 5876 1414 5926 quare
1435 5863 1500 5913 ad
1518 5863 1623 5926 hoc.

489 5924 513 5953 ³
528 5924 717 5986 Aliquot
733 5931 840 5973 Mss.
866 5932 1144 5974 constanter
1167 5924 1448 5988 praeferunt,
1470 5925 1626 5976 morti.

1646 389 1704 446 S.
1744 384 2113 447 AUGUSTlNl
2144 381 2452 443 EPlSCOPl

3613 395 3722 454 920

2136 502 2408 573 impietate
2447 517 2563 559 sua.
2605 501 2794 560 Merito
2833 503 3016 560 miseri
3037 519 3141 562 nec
3167 505 3372 574 vident,
3409 523 3514 567 nec
3533 511 3720 568 viden-

2135 605 2236 662 tur,
2265 597 2388 667 quia
2422 597 2973 669 circumamictisunt,
3003 614 3101 656 nec
3153 601 3406 659 videntur
3459 606 3720 664 interiora

2132 703 2337 744 eorum.
2369 689 2500 744 Nam
2529 692 2770 760 quisquis
2794 691 3053 754 malorum
3085 692 3380 760 hominum,
3423 701 3575 769 quasi
3598 701 3720 756 fclio

2133 781 2272 836 cium
2297 783 2590 838 secundum
2622 792 2851 854 tempus,
2880 785 3131 841 interiora
3157 791 3494 859 conspiceret
3523 809 3538 858 ;
3572 795 3721 864 quis-

2132 880 2250 951 quis
2273 897 2459 936 eorum
2481 881 2682 939 videret
2717 893 2892 940 truces
2917 886 3270 940 conscientias
3292 925 3308 951 ,
3339 886 3577 957 quisquis
3601 888 3721 942 ani-

2133 988 2249 1030 mas
2275 990 2460 1030 eorum
2487 986 2666 1046 posset
2709 977 2971 1047 inSpicere
3008 978 3334 1033 diverberari
3390 980 3550 1033 tantis
3602 996 3721 1048 per-

2133 1067 2520 1122 turbationibus
2573 1068 2916 1138 cupiditatum
2969 1078 3023 1124 et
3051 1071 3327 1134 timorum,
3365 1070 3571 1125 videret
3601 1071 3720 1127 illos

2131 1158 2376 1224 miseros,
2400 1169 2454 1215 et
2469 1160 2680 1230 quando
2700 1159 2880 1217 felices
2896 1171 3169 1217 vocantur.
3193 1161 3299 1218 Sed
3316 1163 3437 1234 quia
3459 1163 3717 1218 circuitio-

2134 1253 2269 1306 micti
2297 1263 2414 1307 sunt
2455 1254 2716 1318 iniquitate
2763 1264 2810 1310 et
2863 1256 3118 1328 impietate
3175 1274 3289 1323 sua,
3345 1272 3450 1312 non
3493 1257 3718 1326 vident;

2133 1343 2229 1399 sed
2261 1361 2359 1401 nec
2380 1345 2645 1402 videntur.
2679 1347 2908 1402 Noverat
2953 1349 3076 1404 illos
3101 1350 3331 1419 Spiritus
3387 1351 3476 1421 qui
3515 1351 3583 1405 de
3610 1351 3721 1406 illis

2133 1435 2233 1491 ista
2260 1437 2430 1504 dicit;
2457 1448 2512 1494 et
2535 1454 2601 1494 eo
2641 1440 2798 1495 oculo
2824 1441 2955 1497 tales
2983 1441 3241 1498 debemus
3289 1443 3575 1512 inspicere,
3608 1458 3716 1513 quo

2133 1531 2331 1586 scimus
2357 1533 2561 1600 videre,
2593 1534 2636 1589 si
2657 1535 2810 1592 nobis
2857 1535 3126 1592 auferatur
3170 1537 3238 1591 ab
3263 1537 3433 1592 oculis
3470 1546 3722 1608 tegumen

2135 1621 2440 1692 impietatis.
2474 1624 2760 1681 Videamus
2807 1626 2976 1692 istos;
3004 1635 3058 1681 et
3099 1641 3220 1682 cum
3250 1627 3433 1683 felices
3471 1638 3616 1692 sunt,
3641 1627 3722 1682 fu-

2136 1716 2597 1786 giamus;etcum
2650 1718 2833 1775 felices
2875 1729 3019 1788 sunt,
3065 1735 3170 1776 non
3226 1721 3722 1777 imitemurzneca

2136 1810 2361 1867 Domino
2383 1812 2492 1868 Deo
2512 1821 2697 1868 nostro
2723 1813 2846 1868 talia
2876 1814 3030 1869 nobis
3059 1830 3154 1882 pro
3175 1829 3371 1884 magno
3390 1823 3640 1884 optemus
3675 1817 3718 1881 ί,

2135 1905 2307 1976 qualia
2339 1907 2581 1977 accipere
2607 1917 2919 1964 meruerunt
2945 1909 3035 1978 qui
3053 1908 3125 1962 illi
3156 1925 3261 1962 non
3281 1909 3538 1963 serviunt.
3563 1907 3726 1964 Aliud

2135 1999 2387 2070 quiddam
2433 2008 2652 2067 servat;
2682 2000 2825 2056 aliud
2866 2000 3280 2056 desiderandum
3329 2011 3414 2056 est
3443 1999 3604 2071 :quid
3656 2002 3728 2055 sit

2135 2101 2336 2159 autem,
2371 2092 2570 2148 audite.

2207 2183 2294 2237 12.
2339 2182 2488 2257 [vers.
2533 2184 2610 2258 7.]
2659 2185 2838 2240 Primo
2890 2185 2974 2240 isti
3019 2185 3409 2240 describantur.
3462 2185 3674 2241 Prodiet
3701 2190 3725 2221 ³

2135 2277 2280 2347 quasi
2309 2294 2372 2331 ea:
2394 2279 2544 2348 adipe
2567 2277 2806 2347 iniquitas
2835 2295 3026 2333 eorum.
3053 2279 3188 2334 Vide
3217 2281 3262 2334 si
3293 2295 3394 2335 non
3421 2289 3602 2336 taurus
3630 2282 3726 2337 ille

2135 2373 2348 2438 agnitus
2383 2378 2485 2423 est.
2531 2369 2761 2436 Audite,
2807 2369 2998 2426 fratres
3041 2387 3184 2427 :non
3227 2372 3720 2443 quomodocumque

2136 2462 2520 2519 transeundum
2569 2472 2652 2520 est
2691 2464 2833 2535 quod
2863 2464 3032 2534 dixit,
3063 2465 3276 2520 Prodiet
3313 2468 3450 2538 quasi
3477 2485 3541 2522 ea:
3565 2468 3722 2536 adipe

2136 2555 2374 2626 iniquitas
2415 2573 2609 2611 eorum.
2655 2556 2794 2612 Sunt
2831 2558 2970 2613 enim
3021 2559 3176 2625 mali,
3211 2559 3304 2614 sed
3345 2560 3511 2615 macie
3553 2560 3726 2624 mali;

2137 2647 2258 2703 ideo
2308 2648 2468 2714 mali,
2501 2650 2622 2720 quia
2671 2650 2870 2715 macri,
2913 2651 2964 2706 id
3005 2660 3088 2708 est
3134 2653 3575 2723 exiles,exigui,
3603 2653 3728 2709 tabe

2139 2743 2366 2813 quadam
2397 2744 2418 2776 ³
2448 2746 2783 2802 necessitatis
2825 2746 2998 2803 aﬂ‘ecti
3028 2765 3040 2802 :
3073 2755 3127 2803 et
3165 2749 3265 2819 ipsi
3319 2749 3479 2813 mali,
3532 2757 3588 2803 et
3634 2748 3730 2804 da-

2137 2838 2387 2904 mnandi;
2430 2838 2647 2895 ferenda
2677 2849 2759 2896 est
2787 2842 2929 2896 enim
2967 2843 3134 2914 magis
3172 2843 3346 2898 omnis
3392 2844 3686 2898 necessitas
3711 2886 3728 2911 ,

2135 2946 2294 3002 quam
2324 2933 2673 3002 perpetranda
2704 2934 2878 3006 aliqua
2921 2936 3193 3006 iniquitas.
3222 2936 3423 2991 Tamen
3455 2935 3600 2991 aliud
3648 2945 3732 2992 est

2135 3025 2203 3082 de
2231 3028 2551 3082 necessitate
2575 3043 2839 3098 peccare;
2872 3029 3016 3084 aliud
3046 3030 3100 3084 in
3141 3029 3483 3084 abundantia.
3517 3029 3732 3099 Pauper

2134 3121 2411 3175 mendicus
2435 3121 2635 3175 furtum
2668 3121 2832 3189 facit;
2860 3138 2924 3178 ex
2966 3123 3136 3178 macie
3157 3123 3417 3193 processit
3445 3123 3728 3192 iniquitas:

2135 3212 2282 3268 dives
2304 3213 2582 3268 abundans
2607 3213 2766 3270 rebus
2793 3215 2975 3283 tantis,
2997 3230 3162 3286 quare
3181 3215 3362 3284 diripit
3380 3230 3468 3270 res
3499 3215 3730 3269 alienas?

2135 3305 2284 3360 Illius
2333 3306 2582 3375 iniquitas
2605 3321 2670 3362 ex
2725 3309 2929 3369 macie;
2963 3308 3122 3378 hujus
3163 3323 3229 3363 ex
3257 3307 3412 3377 adipe
3439 3308 3726 3377 processit.

2133 3395 2260 3452 ldeo
2289 3412 2470 3452 macro
2500 3413 2620 3453 cum
2651 3398 2786 3454 dicis
2823 3417 2837 3454 :
2866 3398 3041 3466 Quare
3069 3399 3171 3454 hoc
3209 3399 3416 3453 fecisti?
3441 3399 3731 3455 Humiliter

2133 3487 2362 3544 afﬂictus
2405 3497 2460 3544 et
2510 3489 2747 3560 abjectus
2796 3489 3083 3559 reapondet
3130 3509 3142 3545 :
3190 3490 3491 3546 Necessitas
3555 3491 3730 3561 coegit

2133 3596 2241 3636 me.
2273 3581 2449 3650 Quare
2475 3597 2582 3637 non
2606 3583 2827 3638 timuisti
2851 3583 3044 3639 Deum?
3073 3584 3290 3654 Egestas
3331 3585 3609 3653 compulit.
3636 3579 3729 3640 Dic

2133 3671 2286 3765 diviti
2323 3691 2336 3727 :
2368 3673 2544 3742 Quare
2590 3675 2706 3730 haec
2734 3674 2892 3743 facis,
2931 3683 2985 3730 et
3026 3691 3130 3730 non
3159 3677 3316 3731 times
3347 3676 3555 3732 Deum?
3579 3677 3623 3731 si
3653 3684 3728 3730 ta-

2133 3779 2256 3820 men
2287 3774 2466 3820 tantus
2509 3781 2568 3822 es
2588 3767 2678 3837 qui
2705 3767 2877 3838 possis
2905 3767 3104 3822 dicere.
3144 3767 3276 3823 Vide
3301 3767 3346 3822 si
3368 3767 3451 3822 vel
3479 3766 3726 3839 dignatur

2131 3857 2349 3924 audire;
2379 3858 2503 3914 vide
2546 3859 2592 3914 si
2622 3873 2729 3914 non
2757 3861 2918 3914 etiam
2953 3861 3005 3915 in
3034 3867 3086 3914 te
3115 3860 3231 3930 ipso
3256 3859 3334 3931 (a)
3361 3860 3576 3931 prodiet
3622 3861 3726 3915 iui-

2132 3951 2306 4022 quitas
2335 3967 2403 4007 ex
2423 3951 2578 4021 adipe
2599 3951 2734 4022 ejus.
2757 3951 2875 4007 Jam
2907 3951 3049 4008 enim
3075 3953 3497 4023 praeceptoribus
3525 3962 3580 4008 et
3605 3968 3726 4008 cor-

2131 4045 2434 4116 reptoribus
2458 4044 2570 4100 suis
2595 4044 2899 4099 inimicitias
2945 4044 3219 4110 indicunt;
3251 4053 3305 4099 et
3353 4044 3486 4099 fiunt
3526 4045 3726 4102 inimici

2131 4152 2315 4192 verum
2339 4136 2640 4192 dicentibus
2660 4177 2674 4203 ,
2703 4135 2810 4205 jam
2842 4137 2979 4192 sueti
3022 4135 3352 4207 compalpari
3386 4135 3568 4191 verbis
3591 4136 3726 4192 adu~

2131 4230 2376 4296 lantium,
2404 4245 2534 4284 aure
2559 4229 2702 4284 molli
2728 4271 2742 4294 ,
2775 4229 2937 4285 corde
2979 4245 3086 4284 non
3130 4244 3277 4285 sano.
3309 4229 3440 4299 Quis
3469 4229 3615 4286 dicat
3641 4231 3724 4286 di-

2130 4326 2224 4380 viti
2257 4345 2270 4380 :
2305 4325 2441 4380 Male
2482 4323 2650 4379 fecisti
2699 4339 2890 4393 rapere
2937 4338 3025 4379 res
3069 4323 3311 4378 alienas?
3342 4324 3449 4379 Aut
3484 4323 3624 4379 forte
3679 4325 3723 4380 si

2130 4432 2292 4472 ausus
2319 4415 2479 4471 fuerit
2508 4415 2700 4484 aliquis
2729 4415 2909 4470 dicere
2928 4455 2944 4480 ,
2973 4425 3028 4470 et
3053 4415 3176 4470 talis
3201 4423 3284 4470 est
3301 4415 3386 4470 cui
3417 4430 3526 4470 non
3553 4416 3720 4486 possit

2129 4510 2221 4566 ille
2264 4510 2552 4575 resistere,
2596 4507 2722 4578 quid
2771 4507 3096 4577 respondet?
3127 4507 3318 4562 Totum
3368 4507 3420 4562 in
3470 4517 3717 4563 contem-

2129 4612 2279 4674 ptum
2302 4602 2393 4657 Dei
2420 4600 2673 4671 loquitur.
2704 4599 2904 4666 Quare?
2923 4597 3058 4666 Quia
3089 4600 3347 4668 superbus
3373 4609 3476 4654 est.
3503 4600 3718 4667 Quare?

2127 4699 2259 4766 Quia
2288 4695 2496 4768 pinguis
2519 4702 2622 4750 est.
2651 4694 2854 4761 Quare?
2895 4693 3029 4762 Quia
3068 4692 3292 4748 devotus
3337 4692 3404 4747 ad
3446 4693 3715 4748 victimam

2126 4799 2228 4846 est.
2262 4787 2475 4842 Prodiet
2497 4787 2642 4857 quasi
2672 4803 2734 4841 ea:
2770 4786 2921 4856 adipe
2935 4785 3174 4856 iniquitas
3199 4801 3392 4839 eorum.
3651 4769 3660 4776 ’

2144 4928 2146 4930 τ
2199 4883 2284 4938 15.
2334 4881 2666 4936 Transierunt
2707 4881 2760 4933 in
2790 4879 3172 4950 dispositionem
3209 4879 3395 4932 cordis.
3446 4877 3524 4933 lbi
3578 4879 3716 4934 intus

2125 4977 2469 5033 transierunt.
2497 4973 2636 5043 Quid
2680 4981 2763 5028 est
2802 4971 3148 5026 transierunt?
3189 4969 3569 5042 Praetergressi
3596 4983 3714 5026 sunt

2124 5069 2284 5126 viam.
2311 5067 2451 5137 Quid
2493 5075 2575 5123 est
2623 5063 2969 5120 transierunt?
2994 5063 3359 5118 Excesserunt
3404 5073 3580 5119 metas
3621 5064 3716 5118 hu-

2123 5163 2269 5218 mani
2293 5161 2542 5234 generis;
2575 5158 2820 5214 homines
2847 5172 2904 5213 se
2940 5171 3097 5227 pares
3125 5157 3337 5212 caeteris
3367 5173 3474 5212 non
3504 5167 3708 5228 putant.

2124 5252 2492 5318 Transierunt,
2526 5251 2762 5318 inquam,
2786 5257 2956 5305 metas
2977 5249 3197 5304 humani
3222 5250 3459 5319 generis.
3490 5250 3710 5317 Quando

2123 5346 2256 5403 dicis
2282 5347 2375 5403 tali
2424 5343 2666 5400 homini:
2695 5343 2884 5399 Frater
2925 5351 3047 5399 tuus
3085 5351 3169 5399 est
3195 5344 3295 5399 iste
3324 5359 3562 5414 pauper;
3596 5360 3710 5399 eos-

2122 5441 2243 5496 dem
2270 5446 2518 5511 parentes
2546 5435 2808 5494 habuistis
2831 5477 2846 5504 ,
2883 5435 3050 5491 Adam
3071 5444 3127 5492 et
3155 5435 3324 5492 Evam
3359 5455 3372 5493 :
3401 5436 3512 5493 noli
3542 5446 3706 5492 atten-

2186 5598 2200 5629 ³
2224 5597 2294 5645 Sic
2310 5602 2416 5644 Mss.
2434 5593 2546 5656 Edd,
2564 5606 2702 5656 vero,
2730 5597 2962 5656 petamus.

2185 5661 2204 5691 ²
2231 5658 2362 5717 Fdd.,
2388 5655 2584 5722 prodiit.
2624 5654 2927 5722 At'plcrique
2975 5660 3028 5705 et
3048 5654 3265 5717 potiores
3298 5660 3430 5716 Mss,
3467 5654 3652 5716 prodiet
3685 5665 3705 5704 .°

2117 5723 2256 5784 juxta
2281 5717 2427 5784 Graec.
2453 5726 2582 5777 LXX,
2609 5717 2917 5784 caelatum.

2122 5779 2156 5895 'd
2187 5786 2207 5814 ³
2230 5786 2302 5832 sic
2338 5781 2521 5845 aliquot
2553 5781 2718 5844 proba:
2753 5789 2879 5832 notae
2903 5787 3010 5832 Mss.
3046 5785 3104 5832 At
3135 5779 3270 5844 add,
3293 5779 3559 5845 exiguitate
3586 5791 3706 5844 aua-

2158 5859 2254 5895 am.

2158 5859 2236 5896 am
2244 5882 2254 5893 .

2186 5929 2259 5993 (a)
2275 5936 2434 5991 Forte,
2468 5927 2520 5980 in
2541 5933 2586 5980 te
2601 5927 2778 5993 ipsum.
