4076 6470
273 427 373 490 921

268 551 400 608 dere
427 555 693 603 tumorem
719 550 864 598 tuum
881 579 898 607 ,
926 536 1036 594 noli
1055 535 1328 592 attendere
1356 534 1578 606 typhum
1606 532 1661 586 in
1687 543 1844 601 quem

268 645 442 700 elatus
463 655 562 706 es;
593 637 691 694 etsi
721 643 772 692 te
795 634 1102 688 circumstat
1127 628 1347 693 familia,
1379 627 1479 683 etsi
1506 637 1850 680 numerosum

267 751 457 791 aurum
480 743 534 789 et
559 739 857 802 argentum,
882 726 981 781 etsi
1010 725 1200 779 domus
1229 729 1548 776 marmorata
1575 717 1848 782 continet,

267 830 366 886 etsi
401 837 541 884 tecta
571 825 812 895 laqueata
840 827 1159 889 contegunt,
1186 814 1344 870 simul
1387 825 1438 868 te
1483 821 1537 867 et
1563 822 1849 882 pauperem

265 920 502 991 contegit
552 927 752 973 tectum
800 911 984 968 mundi
1026 910 1256 973 caelum;
1303 906 1397 963 sed
1441 905 1688 960 diversus
1731 917 1790 958 es
1817 915 1848 958 a

265 1025 503 1084 paupere
529 1008 691 1064 rebus
721 1021 825 1059 non
854 1003 958 1058 tuis
977 1044 990 1066 ,
1018 1001 1350 1058 extrinsecus
1393 998 1647 1068 appositis
1679 1016 1692 1052 :
1722 1005 1774 1052 te
1794 997 1847 1053 in

263 1107 370 1162 illis
391 1103 534 1165 vide,
570 1117 674 1156 non
701 1099 821 1153 illas
845 1097 898 1151 in
919 1103 994 1150 te.
1027 1093 1256 1149 Attende
1283 1092 1506 1162 teipsum
1526 1133 1542 1158 ,
1565 1091 1655 1162 qui
1685 1091 1758 1146 sis
1780 1089 1846 1144 ad

261 1214 554 1272 pauperem
579 1214 593 1263 ;
622 1197 875 1266 teipsum,
905 1209 1009 1248 non
1034 1191 1174 1263 quod
1203 1190 1388 1244 habes.
1417 1187 1554 1257 Quid
1583 1188 1724 1242 enim
1753 1187 1849 1240 de-

261 1292 427 1361 Spicis
450 1290 690 1344 fratrem?
716 1287 773 1342 In
797 1285 1088 1341 visceribus
1112 1292 1338 1338 matrum
1369 1289 1665 1334 vestrarum
1688 1277 1846 1332 ambo

262 1383 388 1437 nudi
416 1382 612 1436 fuistis.
641 1380 799 1437 Certe
819 1379 979 1435 etiam
1013 1392 1133 1431 cum
1163 1376 1230 1431 de
1251 1375 1348 1429 ista
1378 1373 1483 1428 vita
1511 1371 1764 1433 exieritis,
1791 1377 1847 1426 et

261 1477 379 1530 ista:
425 1488 646 1540 carnes,
693 1472 936 1528 exhalata
964 1470 1212 1536 ‘anima,
1255 1466 1452 1522 fuerint
1497 1464 1838 1534 putrefactas,

260 1569 645 1638 dignoscantur
681 1581 800 1622 ossa
829 1565 1006 1620 divitis
1032 1574 1086 1618 et
1125 1561 1402 1634 pauperis!
1433 1560 1506 1614 De
1538 1558 1842 1614 conditione

260 1662 453 1730 loquor
491 1659 676 1730 aequali
696 1701 710 1724 ,
744 1659 810 1713 de
845 1659 958 1728 ipsa
986 1667 1130 1712 sorte
1154 1656 1368 1726 generis
1408 1653 1624 1707 humani
1654 1653 1708 1707 in
1735 1665 1840 1722 qua

258 1765 447 1805 omnes
497 1757 788 1806 nascuntur
815 1768 828 1805 :
857 1759 912 1804 et
931 1748 1080 1803 dives
1105 1763 1224 1802 cum
1256 1746 1344 1802 hic
1385 1746 1485 1810 sit,
1513 1755 1567 1800 et
1600 1759 1834 1815 pauper,

260 1857 372 1896 non
407 1857 620 1911 semper
659 1840 743 1895 hic
769 1841 905 1904 erit;
947 1848 1000 1894 et
1023 1835 1162 1894 sicut
1183 1839 1336 1894 dives
1363 1852 1470 1892 non
1500 1835 1834 1901 venitdives,

255 1936 333 1990 sic
387 1951 486 1990 nec
510 1934 658 1989 dives
687 1933 925 1989 abscedit
954 1951 968 1988 :
1001 1932 1140 1988 idem
1171 1933 1286 2002 ipse
1324 1940 1407 1987 est
1430 1932 1708 2000 utriusque
1752 1929 1838 1984 in-

256 2027 473 2091 troitus,
503 2033 556 2080 et
585 2040 681 2094 par
708 2025 900 2079 exitus.
925 2023 1076 2078 Addo
1101 2024 1244 2094 quod
1274 2021 1411 2078 forte
1458 2021 1729 2078 mutabilis
1754 2021 1835 2076 vi-

253 2135 366 2175 ces.
416 2118 534 2175 Jam
586 2117 780 2188 ubique
827 2116 1172 2189 Evangelium
1233 2115 1836 2188 praedicaturzattende

252 2211 539 2283 quemdam
570 2209 857 2282 pauperem
887 2211 1186 2266 ulcerosum
1212 2211 1300 2281 qui
1349 2209 1557 2280 jacebat
1597 2217 1721 2263 ante
1755 2208 1836 2278 ja-

254 2321 415 2360 nuam
448 2305 644 2372 divitis,
687 2312 741 2359 et
781 2303 1027 2374 cupiebat
1053 2304 1281 2358 saturari
1330 2303 1398 2360 de
1425 2303 1576 2358 micis
1604 2319 1722 2373 quae
1747 2317 1837 2358 ca-

252 2399 452 2454 debant
489 2398 556 2454 de
598 2413 784 2453 mensa
838 2398 1042 2464 divitis;
1073 2399 1287 2454 attende
1333 2407 1387 2452 et
1426 2397 1570 2452 illum
1603 2412 1781 2467 parem
1812 2397 1832 2428 ³

255 2503 404 2546 tuum
435 2493 524 2563 qui
555 2493 869 2548 induebatur
893 2507 1125 2563 purpura
1155 2502 1208 2548 et
1228 2493 1388 2564 bysso
1407 2533 1422 2558 ,
1451 2500 1504 2547 et
1523 2491 1834 2560 epulabatur

251 2586 490 2656 quotidie
505 2585 796 2656 splendide.
815 2586 1045 2657 Contigit
1064 2600 1255 2656 nempe
1275 2585 1408 2640 mori
1430 2585 1639 2654 inopem
1662 2584 1828 2650 illum,

252 2687 302 2732 et
333 2677 532 2736 auferri
561 2679 629 2734 ab
673 2678 889 2749 Angelis
915 2679 968 2732 in
1016 2678 1191 2732 sinum
1234 2677 1460 2732 Abrahae
1491 2694 1505 2731 :
1538 2677 1625 2732 ille
1653 2685 1831 2731 autem

251 2785 499 2828 mortuus
523 2780 644 2837 est,
672 2783 727 2827 et
759 2773 999 2842 sepultus
1024 2780 1135 2836 est;
1161 2786 1284 2825 nam
1316 2771 1457 2824 illius
1482 2768 1618 2825 forte
1647 2769 1828 2839 sepul-

252 2873 426 2918 turam
454 2879 614 2920 nemo
637 2866 846 2920 curavit
874 2883 886 2918 :
918 2874 972 2920 et
999 2879 1120 2918 cum
1149 2862 1290 2934 apud
1319 2861 1519 2918 inferos
1544 2861 1636 2917 ille
1682 2861 1832 2916 dives

252 2957 302 3009 in
331 2958 611 3031 tormentis
635 2965 794 3022 esset,
820 2971 997 3012 nonne
1023 2955 1248 3011 elevavit
1275 2954 1458 3010 oculos
1481 2968 1608 3008 suos
1625 2991 1642 3020 ,
1671 2962 1726 3008 et
1749 2951 1830 3007 vi-

249 3048 327 3104 dit
354 3049 407 3102 in
436 3049 644 3103 infinito
679 3048 872 3119 gaudio
909 3063 1028 3103 eum
1055 3062 1215 3118 quem
1251 3046 1574 3115 contempsit
1595 3053 1718 3100 ante
1743 3043 1828 3113 ja-

252 3155 411 3194 nuam
443 3155 592 3194 suam
618 3181 632 3205 ,
659 3148 713 3194 et
741 3139 807 3194 de
855 3139 1019 3210 digito
1048 3139 1162 3208 ejus
1201 3153 1353 3208 aqua:
1396 3136 1593 3191 stillam
1621 3135 1830 3192 deside-

251 3233 388 3286 ravit
407 3274 420 3296 ,
450 3233 536 3302 qui
559 3232 624 3286 de
645 3246 826 3286 mensa
855 3231 970 3300 ejus
999 3231 1248 3287 cadentes
1284 3228 1448 3285 micas
1488 3228 1828 3284 desiderave-

251 3323 374 3376 rat?
403 3322 622 3378 Fratres
641 3363 654 3386 ,
687 3321 836 3376 labor
859 3321 949 3376 ille
977 3321 1226 3392 pauperis
1265 3328 1492 3390 quantus
1517 3318 1657 3376 fuit?
1685 3318 1827 3372 Deli-

249 3415 347 3469 cite
389 3414 495 3468 illa:
546 3414 724 3469 divitis
767 3428 926 3484 quam
964 3412 1136 3483 longze
1175 3411 1424 3466 fuerunt?
1461 3409 1614 3476 Quod
1650 3418 1827 3464 autem

251 3515 631 3573 mutaverunt,
678 3517 993 3577 perpetuum
1034 3515 1138 3561 est.
1187 3504 1331 3558 Illius
1377 3517 1505 3573 ergo
1552 3503 1673 3572 quia
1719 3518 1827 3557 non

251 3609 366 3655 erat
385 3599 672 3654 declinatio
699 3599 751 3652 in
785 3607 984 3663 morte,
1015 3605 1070 3651 et
1091 3596 1480 3650 firmamentum
1504 3604 1619 3650 erat
1647 3593 1700 3649 in
1726 3593 1826 3648 ﬂa-

249 3693 389 3763 gello
439 3691 598 3761 ejus;
628 3692 680 3745 in
712 3691 978 3745 laboribus
1016 3689 1286 3744 hominum
1314 3705 1417 3744 non
1464 3689 1583 3755 fuit,
1610 3699 1664 3746 et
1685 3689 1826 3746 inter

253 3784 495 3837 homines
539 3781 829 3852 flagellatus
869 3796 974 3836 non
1025 3791 1147 3837 est:
1181 3781 1268 3836 ille
1317 3789 1491 3835 autem
1533 3781 1825 3853 ﬂagellatus

233 3877 356 3942 hic,
384 3877 648 3944 requievit
678 3876 783 3941 ibi;
816 3877 936 3947 quia
977 3875 1207 3946 ﬂagellat
1227 3889 1441 3929 omnem
1472 3874 1637 3928 filium
1665 3890 1824 3945 quem

247 3970 437 4040 recipit
479 3968 661 4040 (Hebr.
690 3985 792 4034 χιι,
825 3968 903 4038 6).
937 3967 1041 4023 Sed
1084 3969 1170 4024 cui
1217 3967 1350 4023 dicis
1395 3967 1534 4022 ista?
1574 3967 1825 4036 Epulanti

247 4061 548 4132 splendide,
579 4071 632 4116 et
657 4061 898 4116 induenti
937 4077 996 4117 se
1022 4061 1262 4132 quotidie
1306 4075 1534 4131 purpura
1563 4069 1616 4114 et
1641 4061 1816 4129 bysso.

243 4149 338 4206 Cui
362 4153 497 4206 dicis
518 4152 540 4206 ?
561 4151 661 4220 Qui
689 4153 899 4207 transiit
923 4153 975 4206 in
1015 4153 1388 4220 dispositionem
1427 4151 1609 4204 cordis.
1638 4150 1823 4205 Merito

242 4258 367 4298 sero
389 4244 626 4298 dicturus
671 4253 790 4311 est,
824 4244 969 4298 Mitte
1009 4243 1297 4309 Lazarum;
1321 4245 1456 4296 dicat
1483 4245 1556 4296 vet
1583 4242 1822 4312 fratribus

242 4337 367 4390 meis
397 4334 547 4405 (Luc.
596 4352 716 4400 xvr,
761 4336 966 4405 19-5l);
1012 4335 1224 4404 quando
1265 4334 1316 4389 ei
1361 4349 1467 4389 non
1512 4334 1822 4388 conceditur

241 4428 451 4484 fructus
480 4429 828 4498 pmnitenthe.
850 4429 967 4483 Non
991 4427 1132 4483 enim
1156 4427 1485 4498 paenitentia,
1516 4441 1620 4481 non
1642 4427 1817 4492 datur;

239 4521 337 4576 sed
385 4521 710 4591 sempiterna
760 4521 857 4576 erit
902 4522 1210 4591 paenitentia
1252 4530 1307 4576 et
1333 4521 1477 4576 nulla
1510 4521 1653 4576 salus
1699 4529 1822 4590 post

241 4614 633 4684 paenitentiam.
689 4614 832 4684 Ergo
875 4614 962 4670 isti
1011 4616 1314 4669 transierunt
1350 4617 1404 4669 in
1448 4614 1820 4686 dispositionem

236 4706 429 4759 cordis.

311 4797 402 4851 1b.
439 4795 590 4868 [vers.
613 4796 692 4870 8.]
731 4796 1085 4869 Cogitaverunt
1109 4807 1156 4853 et
1196 4799 1348 4852 locuti
1387 4807 1503 4852 sunt
1533 4797 1822 4870 malignita-

235 4898 361 4943 tem.
393 4886 498 4942 Sed
529 4887 818 4958 loquuntur
838 4890 1219 4958 malignitatem
1250 4890 1492 4945 homines
1521 4898 1576 4944 et
1605 4905 1726 4945 cum
1757 4890 1821 4943 ti-

233 4994 393 5034 more
418 5021 434 5043 ,
459 4979 542 5033 isti
573 4990 748 5034 autem
795 4981 1101 5050 quomodo?
1124 4979 1444 5052 Iniquitatem
1477 4983 1529 5034 in
1555 4981 1712 5034 altum
1739 4982 1818 5034 lo-

233 5071 344 5124 cuti
399 5079 531 5125 sunt.
581 5071 692 5126 Non
741 5073 910 5127 solum
958 5073 1116 5128 locuti
1165 5082 1290 5128 sunt
1328 5073 1820 5143 iniquitatem;sed

235 5166 405 5220 etiam
429 5165 593 5232 clare,
625 5165 963 5221 audientibus
990 5167 1238 5221 omnibus
1260 5208 1273 5231 ,
1307 5166 1534 5236 superbe
1562 5185 1573 5221 :
1609 5167 1719 5236 Ego
1743 5166 1822 5220 fa-

234 5257 346 5320 cio,
381 5271 482 5326 ego
513 5257 736 5311 ostendo
763 5275 776 5321 ;
811 5259 1008 5312 senties
1035 5273 1154 5312 cum
1196 5273 1300 5328 quo
1327 5258 1489 5312 habes
1509 5259 1738 5324 ,‘vivcre
1768 5268 1820 5314 te

237 5365 350 5403 non
377 5349 548 5403 sinam
579 5349 620 5400 ³.
659 5349 751 5404 Vel
775 5351 1035 5420 cogitares
1064 5366 1148 5416 ea,
1167 5365 1272 5404 non
1299 5351 1456 5404 etiam
1483 5350 1815 5406 effunderes:

238 5441 322 5494 vel
347 5440 482 5494 intra
514 5439 743 5495 claustra
774 5442 1106 5510 cogitationis
1153 5444 1286 5496 mala
1315 5443 1570 5512 cupiditas
1598 5457 1818 5498 coerce-

237 5543 410 5598 retur,
438 5533 517 5588 vel
551 5534 840 5589 refrenaret
892 5550 1008 5590 eam
1051 5536 1185 5589 intra
1231 5537 1600 5604 cogitationem
1645 5553 1816 5594 suam.

233 5628 456 5695 Quare?
482 5643 548 5682 an
599 5628 734 5683 forte
776 5644 954 5684 macer
982 5629 1104 5684 est?
1133 5627 1340 5683 Prodiet
1382 5631 1526 5700 quasi
1572 5647 1635 5685 ea:
1669 5631 1819 5703 adipe

302 5806 319 5838 ι
356 5807 432 5860 sic
451 5805 619 5868 plures
635 5812 743 5857 Mss.
771 5805 858 5856 Alii
879 5819 988 5855 cum
1007 5806 1142 5867 Edd.,
1166 5809 1324 5856 exuta.

199 5923 201 5926 ε
301 5869 320 5932 Ἴ
357 5869 541 5932 Aliquot
562 5875 911 5932 Mss.,patrem.

303 5930 324 5962 ³
357 5931 512 5980 Hicin
535 5930 646 5980 mu.
671 5930 992 5995 praemittitur,
1014 5930 1217 5995 superbe
1246 5943 1263 5981 :
1286 5930 1410 5994 quod
1430 5942 1457 5981 a
1479 5937 1582 5982 Mss.
1610 5931 1767 5983 abest.

1335 413 1730 476 ENARRATIO
1765 411 1833 472 ΙΝ
1871 413 2193 477 PSALMUM
2229 419 2444 481 LXXII.

3427 440 3534 498 923

1952 531 2190 603 iniquitas
2253 553 2442 592 eorum.
2497 537 2819 611 Iniquitatem
2867 549 2921 601 in
2979 548 3138 603 altum
3188 548 3342 606 locuti
3384 563 3522 608 sunt.

2028 626 2110 681 15.
2137 625 2283 699 [vers.
2313 627 2391 702 9.]
2411 629 2694 686 Posuerunt
2729 635 2781 688 in
2801 635 2978 691 cretum
3018 656 3073 695 os
3091 657 3256 709 suum,
3279 652 3324 698 et
3349 644 3524 716 lingua

1955 735 2125 774 eorum
2145 724 2338 777 transiit
2359 740 2509 795 super
2534 735 2735 781 terram.
2753 727 2888 797 Quid
2909 740 2988 785 est
3012 731 3134 800 hoc,
3158 737 3356 791 transiit
3372 756 3522 808 super

1957 815 2178 868 terram?
2199 813 2348 881 Quod
2365 815 2562 872 dictum
2583 827 2684 885 est,
2709 817 2996 876 Posuerunt
3010 824 3062 877 in
3077 824 3254 880 emtum
3272 845 3327 883 os
3346 847 3516 887 suum.

1954 901 2067 958 Hoc
2094 913 2175 959 est
2199 907 2358 972 enim,
2381 910 2578 964 transiit
2601 927 2753 980 super
2781 922 2984 979 terram,
3015 911 3286 975 transeunt
3310 929 3521 981 terrena

1954 995 2151 1049 omnia.
2169 995 2304 1062 Quid
2325 1008 2426 1065 est,
2447 1003 2669 1058 transire
2689 1013 2896 1060 terrena
2918 1007 3122 1063 omnia?
3136 1009 3246 1064 Non
3261 1027 3320 1068 se
3330 1017 3525 1085 cogitat

1952 1087 2220 1145 hominem
2233 1091 2409 1146 subito
2420 1095 2552 1148 mori
2569 1110 2742 1164 posse,
2759 1113 2877 1152 cum
2892 1099 3140 1170 loquitur:
3156 1105 3301 1170 quasi
3314 1119 3524 1178 semper

1952 1181 2190 1238 victurus
2211 1186 2442 1242 minatur
2464 1205 2478 1242 :
2499 1191 3083 1262 transcenditcogitatio
3102 1194 3240 1250 illius
3258 1207 3521 1255 terrenam

1951 1273 2301 1346 fragilitatem;
2319 1280 2484 1334 nescit
2498 1282 2635 1351 quali
2648 1298 2773 1338 vase
2789 1297 3070 1355 coopertus
3085 1299 3187 1353 est,
3203 1292 3369 1346 nescit
3383 1293 3522 1363 quod

1948 1369 2203 1437 scriptum
2233 1379 2314 1425 est
2337 1371 2441 1425 alio
2471 1373 2586 1429 loco
2607 1373 2672 1429 de
2719 1375 2907 1431 talibus
2935 1394 2950 1434 :
2976 1375 3124 1432 Exiet
3143 1381 3353 1448 spiritus
3375 1385 3484 1453 ejus
3503 1427 3519 1452 ,

1947 1471 1994 1515 et
2016 1473 2286 1519 revertetur
2303 1465 2356 1519 in
2394 1475 2578 1520 terram
2603 1485 2780 1535 suam;
2806 1470 2857 1523 in
2887 1471 2976 1524 illa
2997 1471 3079 1526 die
3102 1473 3330 1541 peribunt
3350 1491 3523 1530 omnes

1947 1554 2270 1624 cogitationes
2289 1558 2396 1624 ejus
2423 1557 2593 1628 (Psal.
2625 1575 2782 1625 cxcv,
2814 1561 2890 1632 4).
2930 1561 3036 1618 Sed
3085 1563 3172 1618 isti
3213 1563 3352 1620 diem
3397 1567 3520 1620 ulti-

1944 1661 2088 1700 mum
2115 1657 2266 1701 suum
2306 1663 2414 1703 non
2455 1651 2779 1720 cogitantes,
2810 1653 3095 1725 loquuntur
3129 1657 3429 1726 superbiam
3463 1660 3515 1725 ¹;

1944 1749 1999 1796 et
2023 1741 2074 1795 in
2103 1741 2294 1798 ctelum
2317 1753 2520 1813 ponunt
2542 1760 2602 1800 os
2632 1761 2783 1801 suum
2803 1788 2817 1812 ,
2842 1757 2897 1802 et
2927 1751 3270 1806 trascendunt
3295 1760 3512 1808 terram.

1941 1830 1996 1888 Si
2045 1833 2284 1889 ultimum
2312 1851 2464 1890 suum
2489 1837 2630 1892 diem
2675 1853 2781 1892 non
2825 1840 3121 1909 cogitaret,
3154 1841 3205 1896 id
3226 1853 3308 1897 est
3329 1843 3516 1912 judicii

1942 1925 2022 1979 sui
2063 1924 2304 1980 ultimum
2352 1927 2491 1983 diem
2519 1971 2532 1995 ,
2567 1929 2700 1984 latro
2738 1929 2933 1985 missus
2961 1932 3012 1985 in
3042 1947 3342 1999 carcerem,
3385 1934 3516 1991 nihil

1940 2015 2031 2071 illo
2075 2029 2216 2075 esset
2267 2021 2579 2087 immanius;
2611 2032 2662 2077 et
2704 2033 2875 2078 tamen
2904 2033 3084 2094 posset
3117 2025 3366 2096 effugere.
3398 2026 3515 2093 Quo

1939 2109 2076 2181 fugis
2104 2128 2171 2168 ne
2211 2116 2489 2171 moriaris?
2512 2117 2698 2172 Certus
2731 2119 2832 2173 erit
2869 2119 2958 2174 ille
2985 2119 3119 2175 dies.
3149 2121 3284 2188 Quid
3315 2131 3396 2177 est
3424 2122 3515 2178 diu

1939 2205 2076 2274 quod
2106 2206 2337 2262 victurus
2356 2210 2446 2263 es?
2467 2209 2731 2276 Quantum
2762 2220 2843 2266 est
2869 2212 2959 2266 diu
2988 2212 3128 2282 quod
3151 2213 3308 2269 habet
3329 2215 3510 2285 finem,

1939 2297 2037 2351 etsi
2067 2297 2154 2352 diu
2177 2301 2358 2354 esset?
2389 2299 2502 2356 Iluc
2540 2303 2747 2358 accedit
2785 2303 2904 2372 quia
2931 2319 3035 2358 non
3072 2312 3189 2359 est:
3221 2315 3274 2360 et
3299 2321 3403 2360 non
3432 2315 3516 2363 est

1938 2386 2028 2441 diu
2050 2429 2065 2455 ,
2093 2396 2144 2442 et
2187 2389 2446 2444 incertum
2473 2402 2555 2446 est
2580 2391 2751 2462 ipsum
2789 2392 2930 2464 quod
2965 2394 3159 2448 dicitur
3195 2395 3304 2450 diu.
3338 2395 3514 2464 Quare

1937 2478 2040 2534 hoc
2065 2494 2171 2534 non
2201 2482 2439 2551 cogitat?
2467 2482 2599 2549 Quia
2632 2484 2806 2554 posuit
2832 2486 2887 2540 in
2920 2486 3118 2542 coelum
3148 2500 3210 2542 os
3234 2500 3387 2542 suum
3413 2529 3428 2554 ,
3459 2496 3515 2543 et

1936 2571 2111 2641 lingua
2137 2572 2250 2642 ejus
2273 2575 2481 2629 transiit
2501 2591 2663 2645 super
2685 2585 2900 2632 terram.

2008 2667 2092 2722 16.
2139 2666 2284 2741 [vers.
2325 2667 2436 2740 10.]
2458 2667 2584 2723 Ideo
2623 2680 2893 2725 revertetur
2939 2671 3038 2726 huc
3078 2672 3296 2744 populus
3348 2689 3506 2730 meus.

1934 2759 2049 2815 Jam
2077 2762 2188 2830 ipsa
2216 2763 2386 2832 Asaplt
2409 2765 2688 2818 revertitur
2715 2764 2834 2820 huc.
2873 2765 3010 2820 Vidit
3038 2765 3180 2820 enim
3210 2767 3311 2822 ista
3336 2768 3508 2822 abun-

1935 2851 2061 2907 dare
2081 2851 2292 2922 iniquis,
2311 2853 2442 2908 vidit
2461 2855 2738 2924 superbis:
2766 2855 2904 2911 redit
2927 2855 2993 2910 ad
3022 2857 3211 2923 Deum,
3243 2867 3296 2912 et
3327 2857 3511 2928 incipit

1935 2959 2172 3014 quaerere
2200 2954 2254 3001 et
2281 2945 2567 3017 disputare.
2596 2947 2699 3004 Sed
2725 2949 2973 3018 quando?
2997 2949 3121 3004 Cum
3142 2951 3247 3006 dies
3271 2952 3406 3021 pleni
3426 2953 3510 3006 in-

1934 3039 2191 3092 venientur
2218 3039 2270 3092 in
2299 3039 2386 3092 eis.
2419 3039 2555 3108 Quid
2587 3049 2668 3096 est
2687 3081 2705 3108 ,
2737 3041 2842 3095 dies
2882 3040 3058 3111 pleni?
3085 3041 3208 3096 Cum
3235 3051 3400 3097 autent
3425 3059 3507 3098 ve-

1933 3130 2007 3183 nit
2027 3129 2283 3199 plenitudo
2325 3133 2560 3202 temporis
2581 3174 2595 3199 ,
2623 3133 2757 3187 misit
2793 3132 2931 3188 Deus
2953 3133 3145 3188 Filium
3188 3151 3332 3189 suum
3363 3134 3504 3206 (Gal.

1932 3237 2001 3288 ιν,
2032 3219 2112 3292 4).
2145 3222 2260 3293 Ipsa
2287 3232 2369 3278 est
2405 3224 2677 3294 plenitudo
2707 3226 2991 3296 temporis,
3019 3226 3231 3296 quando
3257 3227 3398 3282 venit
3420 3228 3509 3283 ille

1933 3315 2242 3384 temporalia
2284 3315 2477 3371 docere
2523 3319 2828 3384 contemni,
2873 3335 2976 3374 non
3021 3321 3214 3376 habere
3257 3336 3505 3393 magnum

1931 3409 2182 3478 quidquid
2228 3410 2351 3464 mali
2380 3409 2620 3466 homines
2664 3412 2912 3483 cupiunt;
2955 3414 3057 3485 pati
3085 3413 3337 3486 quidquid
3381 3415 3506 3471 mali

1932 3501 2174 3557 homines
2197 3510 2456 3560 metuunt.
2503 3503 2696 3560 Factus
2724 3516 2804 3562 est
2827 3507 2906 3559 via
2927 3548 2942 3573 ,
2973 3507 3240 3562 revocavit
3264 3506 3330 3562 ad
3359 3507 3504 3578 cogi-

1931 3595 2182 3650 tationem
2211 3595 2446 3650 intimam
2472 3637 2487 3661 ,
2524 3596 2792 3652 admonuit
2825 3597 2949 3667 quid
2974 3613 3004 3652 a
3029 3598 3140 3652 Deo
3161 3598 3502 3668 quaerendum
3529 3591 3542 3604 “

1930 3696 2090 3743 esset.
2121 3687 2184 3741 Et
2221 3687 2341 3743 vide
2367 3687 2434 3742 de
2474 3703 2575 3758 qua
2601 3689 2918 3759 cogitatione
2960 3690 3295 3746 reverberate
3325 3691 3377 3745 in
3403 3705 3463 3746 se
3483 3731 3501 3760 ,

1931 3789 1983 3835 et
2011 3779 2402 3850 quodammodo
2427 3791 2705 3836 revocante
2735 3781 2923 3837 fluctus
2950 3783 3176 3854 impetus
3200 3783 3303 3851 sui,
3329 3794 3503 3839 trans-

1930 3873 2034 3928 itur
2070 3872 2137 3927 ad
2180 3888 2304 3928 vera
2347 3874 2608 3944 eligenda.
2642 3873 2767 3928 Ideo
2816 3884 3084 3931 revertetur
3119 3877 3336 3948 populus
3365 3893 3504 3932 meus

1929 3968 2068 4036 huc;
2095 3977 2143 4023 et
2173 3969 2278 4042 dies
2299 3970 2432 4040 pleni
2461 3971 2843 4034 iuvenienturjn
2862 3973 2952 4028 eis.

2003 4062 2087 4116 17.
2140 4061 2288 4134 [vers.
2317 4062 2428 4136 11.]
2474 4064 2541 4118 Et
2569 4065 2803 4120 dixerunt
2836 4084 2850 4121 :
2878 4065 3138 4132 Quomodo
3163 4068 3304 4122 scivit
3329 4067 3466 4123 Deus
3485 4109 3500 4136 ,

1928 4161 1973 4206 et
2016 4154 2060 4206 si
2088 4163 2158 4206 est
2177 4154 2383 4206 scientia
2411 4155 2463 4207 in
2490 4155 2784 4208 Altissimo?
2812 4155 2944 4211 Vide
2986 4173 3081 4226 per
3107 4172 3262 4227 quam
3304 4159 3502 4227 cogita-

1929 4241 2123 4296 tionem
2156 4252 2446 4297 transeunt.
2479 4243 2615 4299 Ecce
2635 4245 2797 4315 iniqui
2843 4245 3023 4301 felices
3049 4255 3190 4312 sunt,
3217 4262 3321 4302 non
3351 4257 3501 4304 curat

1929 4333 2066 4388 Deus
2117 4349 2203 4389 res
2247 4334 2522 4390 humanas.
2561 4335 2693 4391 Vere
2739 4335 2840 4391 scit
2876 4337 2999 4408 quid
3034 4339 3283 4407 agamus?
3311 4337 3500 4396 Videte

1926 4440 2043 4495 quae
2070 4425 2335 4481 dicuntur.
2368 4426 2633 4496 Rogamus
2656 4468 2671 4493 ,
2702 4426 2924 4495 fratres;
2946 4427 3054 4498 jam
3084 4427 3364 4484 Christiani
3391 4445 3496 4486 non

1925 4515 2103 4571 dicant
2131 4534 2144 4570 :
2179 4516 2440 4584 Quomodo
2477 4517 2618 4572 scivit
2645 4516 2811 4587 Deus,
2850 4525 2896 4572 et
2936 4519 2980 4574 si
3003 4527 3076 4574 est
3101 4519 3308 4574 scientia
3329 4520 3382 4575 in
3408 4521 3500 4576 Al-

1926 4609 2134 4663 tissimo.

1998 4703 2084 4758 18.
2142 4703 2290 4776 [vers.
2323 4701 2434 4776 12.]
2487 4703 2641 4760 Unde
2666 4703 2807 4760 enim
2861 4703 2950 4760 tibi
2981 4705 3190 4761 videtur
3226 4721 3332 4762 non
3363 4709 3500 4766 seire

1926 4795 2114 4859 Deum,
2147 4805 2200 4850 et
2223 4807 2326 4851 neu
2371 4810 2489 4851 esse
2519 4795 2790 4851 scientiam
2828 4797 2879 4850 in
2911 4796 3226 4852 Altissimo?
3253 4798 3500 4869 ReSpon-

1925 4889 2015 4943 det
2045 4908 2056 4943 :
2091 4889 2217 4944 Ecce
2242 4891 2340 4960 ipsi
2378 4899 2694 4960 peccatores,
2724 4899 2768 4943 et
2793 4888 3098 4944 abundantes
3121 4890 3174 4944 in
3199 4891 3385 4947 saeculo
3409 4893 3498 4948 ob-

1927 4983 2416 5037 tinueruutdivitias.
2449 4982 2517 5036 Et
2557 4990 2858 5052 peccatores
2893 4989 3044 5046 sunt,
3075 4989 3130 5037 et
3171 4983 3498 5039 abundantes

1927 5074 2134 5130 divitias
2173 5076 2225 5130 in
2273 5075 2468 5130 saeculo
2508 5073 2866 5130 obtinuerunt.
2911 5075 3195 5133 Confessus
3240 5085 3326 5132 est
3376 5077 3497 5146 quia

1925 5167 2046 5222 ideo
2074 5167 2288 5222 nolebat
2322 5183 2443 5223 esse
2485 5177 2749 5237 peccator,
2774 5174 2832 5222 ut
2855 5167 3074 5225 haberet
3111 5168 3340 5223 divitias.
3370 5167 3498 5223 Car-

1927 5260 2061 5314 nalis
2109 5259 2284 5313 anima
2310 5258 2602 5312 visibilibus
2640 5258 2801 5315 rebus
2825 5271 2879 5314 et
2926 5259 3148 5315 terrenis
3187 5259 3499 5315 vendiderat

1921 5351 2177 5421 justitiam
2223 5365 2392 5405 suam.
2439 5350 2620 5417 Qualis
2638 5350 2840 5421 justitia
2865 5394 2881 5420 ,
2910 5368 3026 5422 quae
3061 5360 3278 5422 prepter
3310 5369 3496 5407 aurum

1926 5442 2183 5510 habetur;
2212 5443 2361 5513 quasi
2388 5445 2669 5512 pretiosius
2713 5444 2782 5498 sit
2809 5459 2994 5499 aurum
3023 5458 3178 5513 quam
3210 5443 3319 5512 ipsa
3341 5443 3496 5513 justi-

1929 5537 2018 5603 tia,
2048 5546 2137 5592 aut
2164 5551 2282 5590 cum
2319 5536 2595 5606 quisquam
2624 5545 2781 5606 negat
2831 5551 2918 5590 res
2942 5535 3160 5600 alienas,
3188 5535 3358 5606 majus
3401 5535 3496 5591 da-

1924 5645 2104 5686 mnum
2125 5630 2356 5700 patiatur
2379 5629 2462 5684 cui
2491 5639 2667 5700 negat,
2687 5643 2844 5699 quam
2862 5628 2950 5683 ille
2971 5628 3059 5699 qui
3091 5629 3163 5684 illi
3194 5631 3381 5699 negat!
3408 5627 3499 5684 Ille

1925 5722 2098 5794 perdit
2137 5732 2337 5777 vestem
2361 5763 2377 5789 ,
2409 5722 2509 5778 iste
2558 5722 2734 5776 fidem.
2785 5719 2916 5775 Ecce
2958 5721 3058 5793 ipsi
3105 5733 3420 5792 peccatores,
3452 5733 3498 5777 et

1923 5815 2231 5870 abundantes
2259 5815 2312 5867 in
2351 5816 2536 5871 saeculo
2576 5814 2891 5870 obtinuerunt
2933 5813 3150 5870 divitias.
3204 5814 3328 5872 Inde
3372 5830 3498 5887 ergo

1987 5933 2002 5964 ¹
2037 5939 2164 5990 ιω..
2185 5929 2406 5986 superba.
