4076 6460
561 417 667 479 933

562 538 733 594 nescit
760 535 917 599 Deus,
951 541 1004 589 et
1028 531 1152 587 inde
1179 545 1283 585 non
1312 537 1395 585 est
1423 522 1643 582 scientia
1675 520 1727 575 in
1760 514 2068 573 Altissimo!

635 632 721 687 19.
778 627 929 704 [cum
986 625 1101 700 13.]
1129 624 1196 681 Et
1221 624 1330 678 dixi
1360 638 1377 677 :
1413 620 1555 692 Ergo
1581 619 1598 651 ¹
1631 616 1738 671 sine
1764 627 1919 668 causa
1947 607 2145 681 justi/i-

560 728 671 783 catn’
693 738 982 781 cci-meam.
1011 720 1235 792 Quando
1258 718 1434 773 servio
1458 714 1590 778 Deo,
1610 720 1665 767 et
1689 711 1788 765 ista
1810 721 1914 762 non
1941 704 2144 768 habeo;

562 831 672 874 non
698 817 940 873 serviunt
974 813 1053 868 illi
1075 856 1088 879 ,
1135 820 1190 867 et
1210 810 1298 865 bis
1325 806 1595 863 abundant
1624 821 1637 858 :
1678 798 1818 872 Ergo
1862 799 1971 855 sine
1992 806 2148 849 causa

561 907 833 982 iustiﬁcati
881 921 969 961 cor
1012 918 1175 959 meum
1196 945 1211 969 ,
1237 911 1281 955 et
1329 898 1428 953 laci
1455 898 1506 951 in
1550 890 1893 949 innocentibus
1916 890 1939 922 ¹
1966 900 2148 982 manus

563 980 719 1056 ineas.
749 1000 862 1055 Hoc
886 999 1003 1053 sine
1027 1010 1186 1052 causa
1210 992 1329 1049 feci.
1360 991 1460 1047 Ubi
1502 997 1591 1044 est
1616 999 1822 1041 merces
1842 984 1997 1039 bonae
2027 980 2147 1034 vitae

563 1095 736 1151 meat?
766 1094 852 1149 ubi
873 1102 955 1148 est
982 1090 1253 1162 praemium
1272 1083 1539 1142 servitutis
1559 1079 1729 1136 mea?
1758 1078 1901 1133 Bene
1922 1075 2064 1139 vivo,
2096 1079 2149 1127 et

564 1200 728 1258 egeo;
757 1195 813 1242 et
861 1185 1070 1254 iniquus
1097 1180 1119 1214 ⁸
1144 1177 1394 1235 abundat.
1451 1173 1518 1230 Et
1566 1173 1665 1228 lavi
1709 1173 1763 1225 in
1802 1165 2149 1223 irinocentibus

565 1294 747 1333 manus
774 1293 929 1331 meas.

639 1370 728 1426 20.
758 1368 907 1442 [rem
942 1364 1056 1439 IL]
1084 1363 1150 1419 Et
1174 1364 1248 1436 fati
1276 1362 1563 1434 ﬂageliatus
1595 1367 1699 1412 tota
1721 1354 1821 1411 die.
1852 1355 1895 1409 Α
1926 1366 2015 1408 me
2038 1365 2147 1406 non

497 1459 508 1474 '
568 1463 823 1520 recedunt
868 1459 1078 1531 ﬂagella
1118 1456 1234 1512 Dei.
1273 1454 1417 1511 Bene
1442 1454 1648 1519 servio;
1674 1461 1728 1506 et
1750 1448 2013 1521 flagellor,
2041 1460 2149 1500 non

567 1555 750 1620 servit,
802 1561 856 1608 et
900 1559 1139 1606 ornatur.
1183 1548 1422 1618 Magnam
1466 1544 1815 1616 quaestionem
1860 1540 1960 1595 sibi
2000 1537 2149 1592 fecit.

569 1648 808 1721 Agitatur
852 1646 1049 1710 anima,
1083 1643 1272 1698 transit
1310 1642 1485 1696 anima
1532 1638 1817 1694 transitura
1861 1632 1929 1688 ad
1966 1639 2148 1687 conte-

567 1741 798 1796 mnenda
829 1749 1039 1795 terrena
1073 1745 1128 1792 et
1155 1731 1579 1803 concupiscenda
1605 1739 1826 1785 aeterna.
1874 1724 2152 1781 Transitus

568 1844 648 1892 est
692 1835 859 1906 ipsius
898 1833 1090 1887 animat
1127 1829 1179 1884 in
1216 1828 1317 1883 hac
1340 1825 1663 1898 cogitatione
1689 1840 1703 1876 :
1732 1821 1822 1878 ubi
1851 1820 2069 1875 fluctuat
2098 1817 2151 1871 in

568 1928 795 2000 quadam
844 1933 1181 1995 tempestate,
1224 1929 1542 1993 perventura
1580 1926 1662 1973 est
1701 1916 1766 1971 ad
1812 1924 2043 1985 portum.
2086 1910 2154 1964 Et

570 2019 840 2091 quomodo
862 2017 1041 2073 solent
1066 2016 1213 2088 argri,
1237 2014 1328 2086 qui
1353 2012 1545 2068 lentius
1569 2017 1826 2081 aegrotant
1852 2020 1972 2061 cum
2010 2004 2153 2059 sani-

571 2119 649 2168 tas
676 2113 828 2181 longe
852 2116 935 2165 est
952 2150 967 2174 ,
992 2108 1162 2163 vicina
1191 2107 1416 2160 sanitate
1442 2104 1562 2174 plus
1589 2108 1816 2157 aestuant
1843 2115 1858 2151 :
1887 2094 2151 2151 accessio-

571 2218 691 2258 nem
722 2202 975 2257 ereticam
994 2199 1016 2233 ‘
1044 2198 1235 2254 medici
1260 2205 1469 2259 vocant,
1504 2209 1599 2263 per
1624 2206 1783 2263 quam
1807 2190 2061 2245 transitur
2086 2186 2153 2241 ad

571 2294 887 2359 sanitatem;
917 2291 1087 2362 major
1108 2290 1182 2345 ibi
1207 2299 1397 2353 astus,
1426 2286 1518 2342 sed
1544 2286 1746 2339 ducens
1783 2281 1851 2337 ad
1888 2281 2150 2343 salutem;

575 2388 746 2456 major
776 2387 847 2441 ibi
879 2386 1070 2449 ardor,
1105 2383 1200 2440 sed
1229 2383 1401 2437 vicina
1428 2378 1649 2436 reiectio
1682 2395 1695 2433 :
1722 2379 1799 2433 sic
1832 2390 1962 2446 ergo
1989 2383 2043 2429 et
2071 2372 2156 2427 hic

570 2487 778 2535 :estuat.
822 2478 958 2534 Nam
980 2477 1277 2548 periculosa
1307 2475 1463 2531 verba
1488 2482 1630 2537 sunt,
1663 2473 1873 2534 fratres,
1907 2469 2153 2532 molesta,

570 2581 623 2626 et
651 2585 786 2642 pene
814 2570 1142 2639 blaspltema,
1176 2567 1439 2634 Quomodo
1467 2566 1605 2619 scivit
1644 2560 1821 2616 Deus?
1860 2560 1969 2615 Hoc
1992 2567 2077 2614 est
2103 2566 2158 2613 et

573 2680 697 2735 pene
728 2682 746 2718 :
776 2678 882 2718 non
918 2664 1081 2727 dixit,
1120 2660 1353 2716 Nescivit
1392 2659 1563 2723 Deus;
1596 2670 1701 2710 non
1735 2654 1901 2717 dixit,
1934 2651 2048 2707 Non
2075 2659 2158 2706 est

571 2758 792 2813 scientia
820 2757 874 2810 in
907 2756 1175 2811 Altissimo
1205 2770 1220 2807 :
1253 2753 1345 2809 sed
1373 2752 1522 2825 quasi
1558 2764 1837 2822 quaerens,
1869 2747 2154 2813 hzcsitans,

572 2846 816 2904 dubitans
870 2848 982 2903 Hoc
1024 2855 1106 2903 est
1150 2846 1288 2917 quod
1326 2846 1400 2900 ait
1440 2844 1602 2915 paulo
1628 2852 1751 2899 ante
1782 2860 1794 2894 :
1832 2838 1970 2895 Pene
2009 2837 2157 2906 emisi

570 2950 687 2997 sunt
714 2956 911 3012 gressus
936 2940 1053 2993 mei.
1078 2938 1343 3004 Quomodo
1371 2937 1512 2992 scivit
1531 2935 1692 3000 Deus,
1720 2945 1769 2989 et
1789 2935 1832 2989 si
1853 2943 1927 2988 est
1951 2933 2159 2987 scientia

572 3037 625 3089 in
654 3034 952 3090 Altissimo.’
986 3030 1102 3088 Non
1125 3033 1435 3098 conﬂi-Mat;
1465 3030 1560 3086 sed
1589 3031 1700 3099 ipsa
1724 3027 1986 3084 dubitatio
2016 3027 2159 3096 peri-

574 3132 751 3187 culosa
781 3139 880 3185 est.
925 3128 1026 3183 Per
1054 3127 1346 3198 periculum
1374 3125 1562 3180 transit
1587 3122 1651 3177 ad
1678 3122 1979 3177 sanitatem.
2023 3119 2157 3175 Audi

574 3223 680 3294 iam
710 3221 988 3277 sanitatem
1020 3238 1032 3273 :
1061 3219 1196 3290 Ergo
1218 3219 1273 3272 in
1296 3233 1477 3271 uanum
1498 3215 1767 3284 iustiﬁcavi
1787 3229 1875 3268 cor
1902 3229 2091 3277 meum,
2114 3221 2160 3265 et

554 3315 677 3370 'lavi
701 3315 834 3369 inter
858 3315 1145 3367 innocentes
1169 3326 1351 3364 manus
1371 3326 1506 3363 meas
1536 3317 1620 3363 :et
1641 3308 1718 3377 fui
1746 3305 2033 3379 ﬂagefiatns
2054 3315 2160 3360 tota

576 3408 688 3476 die,
714 3417 762 3463 et
787 3408 984 3479 argutia
1014 3422 1123 3459 mea
1150 3406 1201 3471 in
1228 3404 1553 3457 matutinum.
1594 3402 1814 3473 Argutio
1836 3441 1853 3467 ,
1894 3399 2161 3467 correptio

577 3511 657 3559 est
688 3520 703 3557 :
731 3500 819 3571 qui
848 3500 1104 3571 arguitur,
1134 3498 1436 3567 corripitur.
1458 3495 1595 3564 Quid
1623 3503 1724 3558 est,
1748 3490 2159 3548 inmatatinum?

576 3596 690 3653 Non
712 3596 973 3652 differtur.
998 3595 1251 3650 mil‘ertur
1267 3594 1586 3663 impiorum;
1616 3606 1729 3645 mea
1752 3603 1859 3643 non
1882 3587 2155 3643 did‘ertur:

578 3691 663 3746 illa
688 3704 826 3756 sera,
848 3691 932 3745 vel
966 3690 1105 3745 nulla
1131 3698 1245 3752 est;
1276 3702 1396 3742 mea
1421 3687 1474 3739 in
1510 3685 1829 3739 matutinum.
1876 3682 1939 3736 Et
1965 3682 2038 3753 fui
2063 3684 2162 3752 βαι

579 3783 797 3854 gellatus
820 3790 923 3835 tota
954 3783 1053 3845 die,
1081 3789 1127 3833 et
1156 3780 1353 3851 argutia
1383 3794 1493 3831 mea
1522 3778 1576 3830 in
1600 3776 1921 3829 matutinum.

650 3872 737 3928 21.
772 3871 921 3945 [ver‘s.
948 3869 1060 3943 15.]
1095 3870 1156 3925 Si
1184 3869 1428 3934 dicebam,
1460 3867 1698 3921 Narrabo
1724 3866 1795 3918 sic
1823 3882 1841 3919 :
1862 3866 1911 3919 id
1935 3873 2035 3930 est,
2064 3867 2162 3919 do-

581 3964 713 4019 cebo
734 3963 829 4017 sic.
859 3962 1138 4031 Quomodo
1157 3961 1409 4015 docturus
1432 3961 1525 4013 es?
1550 3960 1680 4025 Quia
1710 3971 1813 4011 non
1839 3967 1919 4012 est
1941 3958 2161 4011 scientia

582 4056 635 4112 in
664 4055 968 4111 Altissimo?
1004 4057 1128 4126 quia
1172 4070 1276 4110 non
1316 4055 1416 4108 scit
1460 4052 1631 4108 Dens?
1675 4052 1820 4106 llanc
1847 4051 2161 4106 sententiam

582 4149 659 4202 vis
690 4147 947 4218 proferre,
981 4149 1101 4217 quia
1131 4148 1245 4202 sine
1279 4161 1436 4202 causa
1477 4146 1619 4215 justo
1662 4146 1846 4199 vivunt
1893 4146 1981 4214 qui
2021 4144 2162 4213 juste

585 4240 789 4302 vivunt,
817 4241 936 4309 quia
974 4238 1201 4309 perdidit
1236 4241 1396 4292 homo
1421 4238 1595 4309 justus
1633 4239 1942 4292 servitutem
1973 4250 2122 4290 suam
2143 4276 2159 4301 ,

581 4334 702 4403 quia
728 4332 894 4402 magis
922 4331 1062 4387 Deus
1082 4332 1236 4385 malis
1262 4330 1421 4395 favet,
1449 4339 1541 4385 aut
1567 4330 1831 4384 neminem
1857 4328 2042 4383 curat?
2062 4332 2163 4383 hoc

581 4426 659 4478 vis
706 4425 902 4486 dicere,
953 4422 1055 4477 hoc
1105 4422 1361 4477 narrare?
1410 4422 1669 4490 Reprimit
1726 4435 1800 4483 se,
1851 4420 2163 4475 auctoritate

583 4525 973 4586 enmpesceute.
1006 4514 1121 4581 Qua
1150 4512 1499 4567 auctoritate?
1534 4512 1659 4567 Vult
1699 4512 1860 4566 homo
1885 4511 2165 4582 aliquando

584 4622 862 4675 erumpere
900 4606 951 4660 in
984 4607 1138 4659 istam
1168 4605 1529 4669 sententiam;
1570 4604 1661 4658 sed
1704 4616 1983 4659 revocatur
2017 4604 2163 4658 Scri-

585 4698 753 4766 pturis
780 4697 1078 4752 dicentibus
1106 4707 1159 4749 ut
1189 4710 1401 4765 Semper
1428 4697 1561 4751 bene
1592 4696 1797 4749 vivatur
1816 4738 1829 4762 ,
1868 4696 2165 4751 dicentibus

584 4789 705 4859 quia
749 4790 889 4843 Deus
926 4798 1075 4844 curat
1118 4804 1205 4843 res
1248 4787 1527 4855 humanas,
1573 4790 1693 4859 quia
1735 4790 1988 4844 discernit
2030 4791 2166 4845 inter

524 4941 530 4949 ν
584 4882 725 4951 pium
768 4890 822 4935 et
856 4880 1097 4950 impium.
1132 4882 1275 4951 Ergo
1302 4891 1355 4936 et
1384 4882 1482 4936 iste
1506 4882 1691 4937 volens
1715 4883 1822 4950 jam
1855 4883 2005 4936 istam
2041 4897 2165 4952 pro-

519 4971 535 5034 ;
584 4973 724 5027 ferre
748 4972 1085 5038 sententiam,
1111 4980 1323 5027 revocat
1342 4987 1420 5027 se.
1455 4972 1520 5028 Et
1549 4972 1670 5041 quid
1698 4971 1809 5026 ait?
1836 4973 1898 5027 Si
1916 4973 2163 5039 dicebam,

588 5065 825 5118 Narrabo
844 5065 915 5118 sic
943 5078 962 5119 :
988 5080 1100 5119 ecce
1124 5066 1493 5136 generationem
1516 5065 1733 5132 ﬁliarum
1770 5075 1967 5118 tuorum
1992 5082 2167 5134 repro-

586 5159 714 5213 batn'.
760 5157 1060 5227 Reprobavi
1106 5158 1503 5228 generationem
1552 5156 1775 5211 liliorum
1826 5168 2075 5223 tuorum,
2120 5159 2165 5211 si

588 5252 817 5309 narrabo
835 5252 914 5308 sic
939 5251 1371 5323 :generationem
1389 5252 1653 5319 justorum
1677 5252 1992 5319 reprobabo.
2014 5249 2164 5304 Sicut

586 5355 637 5401 et
666 5345 905 5416 quaedam
934 5342 1131 5398 habent
1158 5342 1480 5411 exemplaria
1524 5358 1537 5393 :
1575 5341 1705 5395 Ecce
1728 5341 2036 5409 genrrrttioni
2058 5341 2078 5371 ⁵
2106 5341 2168 5408 ﬁ-

590 5440 772 5492 Horum
796 5446 997 5490 tuorum
1021 5436 1107 5488 cui
1130 5435 1360 5488 concinui
1378 5436 1403 5489 Ρ
1451 5434 1500 5488 id
1545 5443 1645 5495 est,
1678 5434 1761 5487 cui
1790 5433 2021 5486 ﬁliorum
2053 5442 2167 5486 tuo-

650 5551 664 5581 ι
703 5555 819 5605 Vox,
844 5558 975 5614 ergo,
996 5546 1091 5595 hoc
1108 5544 1218 5595 loco
1232 5546 1376 5595 deest
1402 5546 1451 5593 in
1467 5550 1539 5614 Er.
1558 5551 1607 5614 et
1625 5546 1671 5614 in
1686 5550 1807 5614 Mss._

648 5614 666 5641 ι
701 5613 772 5659 sic
797 5606 1222 5669 Mssijuxtanrree.
1246 5616 1375 5669 axx.
1406 5614 1457 5657 Αι
1479 5606 1611 5663 add,
1642 5606 1766 5669 alter

650 5674 667 5703 ³
702 5675 772 5721 sit;
796 5679 867 5719 t-Lr.
897 5667 947 5721 el.
969 5669 1151 5733 aliquot
1179 5680 1279 5719 uss.
1306 5668 1391 5716 Alii
1414 5682 1520 5733 cunt
1539 5674 1668 5726 Lov.,
1688 5667 1923 5717 inimicus.

647 5735 668 5764 ⁸
706 5741 751 5781 ιη
775 5733 906 5779 ttdd..
933 5729 1169 5781 criticum.
1208 5739 1260 5780 At
1284 5734 1331 5779 in
1355 5732 1578 5779 omnibus
1619 5736 1727 5780 Mss.
1752 5743 1843 5792 per
1880 5743 1905 5780 e
1940 5729 2171 5792 sa‘iptum

586 5802 679 5862 est,
699 5794 944 5862 creticum.
971 5857 981 5862 Α
1634 5852 1662 5862 Α,

615 5915 625 5925 ο
650 5859 669 5887 θ
703 5859 774 5905 sic
797 5856 1012 5906 melioris
1034 5862 1159 5904 noue
1182 5862 1291 5906 llas.
1319 5852 1421 5915 Alii,
1446 5852 1707 5917 generatio.
1734 5862 1788 5905 at
1812 5853 1942 5914 add,
1974 5865 2174 5917 genera-

1781 401 1841 458 S.
1883 390 2240 455 AUGUSTI-ﬂ
2280 389 2578 451 εριεωρι

3731 390 3841 451 ω

2256 525 2374 566 run
2398 509 2682 567 concinuit
2717 509 2768 565 id
2793 518 2897 575 est,
2923 507 3010 565 cui
3028 507 3270 580 congrui,
3294 507 3381 565 cui
3398 506 3840 565 accommodatus

2252 605 2411 660 sum?
2458 604 2701 660 Dissonui
2746 603 2813 659 ab
2852 603 3119 670 omnibus,
3146 603 3192 661 si
3233 602 3311 658 sic
3351 601 3540 659 doceo.
3590 601 3840 658 Concinit

2253 696 2395 753 enim
2438 701 2529 768 qui
2576 703 2865 762 consonat;
2913 694 3001 766 qui
3048 704 3227 752 autem
3274 711 3378 751 non
3423 704 3706 759 consonat,
3730 711 3836 751 non

2253 789 2503 847 ctmcinit.
2542 790 2698 845 Aliud
2727 787 2968 846 dicturus
2995 803 3114 845 sum
3142 804 3300 859 quam
3340 790 3474 845 dixit
3519 790 3791 847 Abraham
3817 833 3831 854 ,

2253 899 2411 955 quam
2450 883 2589 940 dixit
2630 883 2802 951 Isaac,
2835 898 2992 956 quam
3022 883 3156 940 dixit
3178 882 3366 951 Iacob,
3395 899 3556 956 quam
3587 884 3840 941 dixerunt

2253 978 2579 1050 Prophetas?
2610 977 2687 1033 Illi
2715 978 2856 1033 enim
2882 992 3073 1035 omnes
3096 978 3347 1034 dixerunt
3363 980 3486 1051 quia
3513 990 3668 1035 curat
3703 981 3836 1035 Dcns

2254 1086 2343 1127 res
2369 1072 2626 1127 humanas
2654 1090 2668 1127 :
2696 1087 2794 1141 ego
2822 1070 3065 1128 dictatus
3090 1085 3207 1126 sum
3230 1072 3356 1142 quia
3383 1087 3489 1128 non
3516 1072 3708 1128 curat?
3733 1072 3836 1127 Ma-

2248 1162 2404 1234 jorne
2426 1164 2477 1218 in
2500 1178 2585 1218 me
2610 1164 2908 1232 prudentia,
2934 1178 3094 1235 quam
3125 1164 3175 1219 in
3200 1164 3341 1220 illis?
3367 1166 3610 1235 majorne
3639 1166 3837 1221 intelle~

2252 1267 2370 1310 ctus
2400 1255 2451 1311 in
2478 1272 2569 1312 me
2595 1272 2753 1326 quam
2793 1257 2845 1312 in
2882 1256 3025 1312 illis?
3047 1257 3406 1315 Saluberrima
3437 1257 3733 1314 auctoritas
3757 1275 3836 1315 re-

2252 1353 2461 1410 vocavit
2484 1353 2861 1424 cogitationem
2893 1354 2962 1408 ab
2994 1354 3283 1424 impietate.

2323 1445 2412 1499 29.
2452 1444 2601 1517 [vers.
2632 1443 2744 1519 l6.]
2783 1446 2850 1501 Et
2881 1445 3007 1516 quid
3049 1448 3318 1517 sequitur?
3349 1446 3411 1503 Si
3434 1446 3687 1513 dicebam,
3722 1467 3836 1505 nar.
3877 1443 3884 1472 ⁵

2255 1538 2378 1593 rabo
2401 1539 2473 1595 sic
2499 1555 2519 1593 :
2540 1554 2655 1594 ecce
2678 1540 3046 1609 generationem
3074 1540 3297 1609 ﬁliorum
3317 1550 3519 1596 tuorum
3550 1543 3828 1612 reprobavi.

2255 1633 2395 1704 Ergo
2422 1648 2487 1688 ne
2514 1633 2845 1703 reprobaret,
2866 1634 2993 1705 quid
3018 1632 3185 1691 fecit?
3215 1634 3282 1690 Et
3302 1637 3503 1705 suscepi
3516 1654 3831 1710 cognoscere.

2255 1726 2497 1797 Suscepit
2539 1742 2909 1798 cognoscere:
2938 1728 3077 1784 Deus
3118 1728 3195 1783 illi
3232 1727 3390 1794 adsit,
3431 1737 3491 1784 ut
3530 1741 3835 1801 cognoscat.

2257 1817 2493 1882 interim,
2524 1818 2746 1883 fratres,
2791 1836 2820 1872 a
2861 1834 3056 1889 magno
3098 1820 3249 1889 lapsu
3292 1830 3592 1886 revocatur,
3621 1822 3829 1893 quando

2259 1927 2362 1967 non
2392 1927 2452 1967 se
2490 1913 2600 1982 jam
2636 1914 2892 1969 scientem
2924 1914 3229 1984 praesumit,
3259 1913 3354 1970 sed
3381 1916 3620 1986 suscepit
3644 1931 3838 1986 cogito.

2258 2020 2409 2061 scere
2437 2006 2576 2076 quod
2604 2006 2899 2062 nesciebat.
2942 2005 3058 2061 Jan:
3084 2006 3227 2065 enim
3253 2006 3466 2062 volebat
3489 2009 3642 2079 quasi
3666 2010 3838 2065 sciens

2257 2097 2447 2163 videri,
2479 2105 2530 2152 et
2560 2097 2852 2167 pandit-are
2881 2098 3078 2154 nullam
3102 2112 3223 2154 esse
3248 2098 3363 2155 Deo
3383 2114 3566 2155 curam
3590 2100 3663 2156 de
3681 2101 3837 2157 rebus

2259 2189 2527 2245 humanis.
2576 2189 2733 2247 Facta
2763 2199 2844 2245 est
2868 2191 3012 2246 enim
3055 2190 3153 2245 ista
3185 2191 3484 2261 iniquorum
3512 2193 3837 2263 nequissima

2258 2289 2315 2337 et
2345 2282 2502 2352 impia
2529 2282 2791 2338 doctrina.
2838 2282 3049 2349 Sciatis,
3084 2282 3292 2347 fratres,
3322 2284 3513 2340 multos
3537 2284 3834 2353 disputare,

2259 2384 2313 2429 et
2331 2376 2509 2431 dicere
2537 2377 2659 2446 quia
2686 2377 2827 2433 Deus
2864 2393 2953 2435 res
2981 2377 3241 2434 humanas
3276 2394 3380 2435 non
3405 2388 3568 2446 curat,
3595 2381 3719 2450 quia
3746 2396 3836 2436 ca-

2259 2468 2406 2525 sibus
2433 2479 2688 2540 reguntur
2725 2472 2902 2526 omnia
2926 2512 2941 2536 ,
2981 2472 3062 2528 vel
3089 2473 3213 2542 quia
3239 2472 3410 2526 stellis
3436 2471 3689 2541 subjectae
3715 2481 3840 2528 sunt

2265 2561 2566 2617 voluntates
2595 2572 2813 2629 nostrte,
2844 2564 2965 2633 quia
2986 2564 3352 2635 unusquisque
3381 2578 3485 2619 non
3512 2578 3611 2635 pro
3636 2566 3839 2619 meritis

2260 2654 2457 2724 agitur,
2502 2654 2595 2709 sed
2643 2655 2959 2711 necessitate
2997 2656 3268 2711 stellarum
3316 2669 3531 2711 suarum
3561 2673 3575 2709 :
3604 2654 3838 2712 doctrina

2262 2747 2399 2801 mala
2421 2788 2435 2805 .
2467 2746 2709 2802 doctrina
2751 2748 2943 2817 impia!
2992 2748 3047 2802 lu
3092 2747 3205 2803 bare
3243 2747 3343 2803 iste
3372 2748 3510 2814 ibat,
3542 2749 3698 2818 cuius
3725 2766 3842 2820 peste

2260 2840 2497 2894 commoti
2530 2848 2644 2893 sunt
2676 2840 2828 2911 pedes
2848 2882 2863 2906 ,
2906 2848 2963 2896 et
2998 2841 3151 2909 cujus
3177 2842 3329 2910 paulo
3352 2844 3520 2896 minus
3554 2840 3707 2909 elusi
3731 2852 3840 2896 sunt

2260 2951 2494 3003 gressus;
2524 2934 2574 2989 in
2608 2936 2744 2989 hunc
2774 2934 2884 2990 ibat
2907 2950 3184 2990 errorem:
3214 2934 3308 2990 sed
3324 2935 3450 3005 quia
3473 2949 3576 2990 non
3599 2935 3843 2992 concine-

2262 3026 2348 3081 bat
2370 3027 2700 3097 generatioui
2732 3027 2962 3082 ﬁliorum
3005 3026 3122 3093 Dei,
3148 3027 3379 3097 suscepit
3402 3042 3765 3103 cognoscere;
3791 3036 3843 3082 et

2258 3119 2531 3174 damnavit
2555 3119 2831 3175 scientiam
2858 3120 2909 3174 iu
2936 3134 3039 3190 qua
3062 3119 3222 3190 iustis
3250 3119 3338 3174 Dei
3361 3135 3467 3175 non
3496 3121 3837 3191 congruebat.

2264 3212 2328 3266 Et
2366 3212 2491 3281 quid
2522 3212 2661 3267 dicat
2687 3212 3000 3278 audiamus;
3044 3213 3166 3283 quia
3209 3211 3441 3281 suscepit
3475 3226 3838 3283 cognoscere,

2260 3311 2318 3357 et
2351 3302 2562 3371 adjutus
2601 3312 2701 3369 est,
2733 3312 2787 3360 et
2810 3303 2996 3359 didicit
3030 3304 3251 3375 aliquid,
3274 3314 3330 3360 et
3373 3304 3627 3360 indicavit
3668 3306 3840 3361 nobis.

2267 3398 2334 3452 Et
2357 3399 2583 3468 suscepi,
2612 3399 2801 3469 inquit,
2833 3415 3147 3469 cognoscere.
3192 3397 3307 3454 Hoc
3340 3399 3481 3454 labor
3508 3409 3581 3454 est
3605 3409 3726 3453 ante
3748 3416 3840 3454 me.

2266 3490 2403 3547 Vere
2446 3507 2667 3564 magnus
2716 3493 2893 3560 labor,
2941 3509 3263 3562 cognoscere
3307 3493 3577 3563 «omnia
3616 3501 3674 3549 et
3708 3493 3843 3549 Deus

2262 3596 2415 3641 curet
2443 3601 2530 3641 res
2554 3586 2835 3655 humanas,
2864 3596 2919 3643 et
2947 3587 3083 3642 bene
3110 3588 3180 3641 sit
3198 3588 3374 3652 malis,
3404 3596 3458 3643 et
3484 3587 3728 3643 labomt
3748 3588 3841 3643 bo-

2260 3679 2347 3734 nil
2388 3679 2573 3749 Magna
2600 3681 2681 3734 vis
2707 3680 3053 3750 qumstionisl
3102 3680 3221 3735 ideo
3244 3723 3259 3746 ,
3306 3679 3420 3735 Hoc
3457 3678 3602 3734 labor
3627 3689 3703 3734 est
3732 3688 3845 3734 ante

2258 3788 2362 3825 me.
2392 3772 2550 3839 Quasi
2577 3781 2679 3826 stat
2704 3773 2833 3827 mibi
2860 3774 2910 3826 in
2935 3772 3066 3828 facie
3090 3788 3272 3829 murus
3295 3773 3544 3844 quidam:
3569 3773 3663 3828 sed
3684 3772 3843 3828 babes

2262 3879 2450 3920 vocatu
2478 3865 2683 3934 psalmi,
2719 3864 2784 3919 In
2808 3865 2914 3919 Deo
2940 3882 3051 3922 nico
3080 3865 3680 3940 transgredicmum(
3704 3865 3843 3922 Ρωι.

2268 3972 2394 4022 svn,
2424 3955 2549 4028 ω).
2582 3955 2693 4010 Hoc
2722 3956 2863 4011 labar
2881 3967 2951 4012 est
2975 3967 3091 4012 ante
3114 3975 3211 4014 me.

2335 4049 2425 4106 25.
2455 4048 2607 4122 [verm
2635 4048 2747 4123 17.]
2794 4051 2983 4105 Verum
3008 4050 3142 4106 dicis
3170 4051 3359 4107 :labor
3375 4060 3460 4107 est
3486 4061 3612 4107 ante
3643 4060 3731 4116 te;
3756 4050 3847 4106 sed

2266 4152 2389 4197 ante
2440 4143 2606 4198 Deum
2652 4138 2757 4198 non
2802 4154 2884 4199 est
2929 4144 3079 4200 labor
3120 4163 3132 4197 :
3178 4144 3260 4200 fac
3294 4153 3350 4201 te
3392 4154 3515 4202 ante
3554 4146 3725 4202 Deum
3760 4145 3850 4200 ubi

2264 4249 2373 4290 non
2413 4245 2495 4291 est
2538 4235 2719 4300 labor,
2748 4245 2805 4291 et
2838 4252 2939 4291 nec
2966 4237 3060 4291 tibi
3090 4238 3190 4292 erit
3212 4238 3382 4293 labor.
3431 4238 3500 4293 Et
3541 4238 3668 4294 fecit
3713 4237 3852 4303 boc;

2268 4341 2390 4379 nam
2417 4326 2544 4382 dicit
2570 4328 2822 4397 quamdiu
2874 4329 3026 4383 labor
3053 4338 3178 4383 ante
3210 4343 3271 4384 se
3298 4346 3312 4383 :
3338 4328 3511 4384 Donec
3534 4330 3784 4385 intimam
3802 4330 3854 4384 in

2267 4421 2612 4474 sanctuariunt
2640 4420 2754 4483 Dei,
2778 4430 2827 4475 et
2848 4422 3130 4491 intelligam
3150 4424 3201 4475 in
3218 4423 3509 4477 novissima.
3536 4421 3725 4493 Magna
3746 4437 3852 4488 res,

2266 4511 2477 4568 fratres.
2509 4512 2627 4568 Iam
2653 4513 2742 4567 diu
2772 4513 2976 4578 labem,
3009 4514 3198 4583 inquit,
3230 4524 3283 4569 et
3306 4523 3432 4569 ante
3460 4514 3651 4570 fades!
3680 4529 3854 4569 meum

2270 4604 2507 4659 laborem
2532 4604 2816 4674 quemdam
2838 4606 2988 4675 quasi
3018 4604 3436 4662 inextricabilem
3463 4605 3622 4662 video
3639 4648 3656 4674 ,
3676 4615 3741 4662 ut
3762 4621 3854 4662 co-

2269 4710 2519 4766 gnoscam
2546 4695 2811 4766 quomodo
2838 4704 2893 4750 et
2911 4696 3085 4767 justus
3112 4698 3180 4751 sit
3208 4698 3368 4764 Deus,
3393 4707 3448 4753 et
3475 4713 3563 4753 res
3596 4701 3858 4753 innatans

2269 4798 2442 4855 curet,
2483 4797 2539 4843 et
2579 4804 2686 4844 non
2728 4790 2799 4845 sit
2841 4789 3071 4859 iniquus,
3096 4790 3241 4861 quod
3272 4792 3857 4861 peccantesetscelcra

2273 4880 2525 4939 facientes
2565 4883 2864 4939 felicitatem
2892 4882 3092 4940 habent
3112 4886 3162 4938 in
3190 4885 3291 4938 hac
3330 4893 3500 4949 terra;
3530 4886 3608 4954 pii
3642 4901 3776 4941 vero
3807 4893 3863 4940 et

2274 4977 2383 5030 Deo
2408 4976 2701 5032 servientes
2726 4977 2778 5031 in
2808 4976 3187 5032 tentationibus
3212 4978 3526 5047 plerumque
3546 4988 3602 5034 et
3628 4979 3679 5033 in
3708 4980 3861 5034 labo-

2273 5070 2420 5125 ribus
2446 5068 2729 5140 fatigantur
2771 5087 2784 5121 :
2816 5084 3005 5138 magna
3030 5068 3314 5122 difﬁcultas
3333 5069 3541 5123 esthoc
3562 5072 3741 5134 scire;
3768 5070 3862 5125 sed

2272 5162 2430 5215 donec
2457 5161 2699 5214 introcam
2725 5162 2777 5215 in
2797 5162 3139 5216 sanctum-inuti
3164 5160 3278 5214 Dei.
3312 5160 3368 5216 In
3387 5164 3695 5218 sancttnrio
3714 5165 3865 5218 enim

2274 5254 2367 5307 Dei
2395 5253 2518 5323 quid
2550 5253 2640 5308 tibi
2668 5262 2974 5322 praestatur,
3003 5261 3061 5307 ut
3098 5254 3233 5308 banc
3269 5253 3445 5308 solvas
3468 5255 3870 5325 quaestionem?

2276 5344 2340 5398 Et
2364 5345 2661 5414 intelligant,
2694 5345 2881 5413 inquit,
2910 5346 2964 5399 in
2989 5346 3294 5412 novissima;
3338 5361 3443 5401 non
3471 5347 3523 5400 in
3548 5350 3869 5415 pt’aesentia.

2276 5440 2404 5507 Ego,
2438 5439 2625 5507 inquit,
2664 5438 2731 5493 de
2774 5440 3077 5494 sanctuario
3110 5440 3203 5495 Dei
3234 5440 3455 5495 intendo
3474 5442 3685 5495 uetulum
3720 5442 3778 5494 in
3812 5442 3875 5493 ti-

2276 5544 2396 5583 nem
2419 5547 2430 5589 ;
2466 5530 2744 5598 praesentia
2772 5530 3152 5601 transgredior.
3192 5530 3384 5585 Totum
3412 5530 3513 5585 hoc
3533 5531 3674 5600 quod
3702 5546 3874 5585 voca-

2276 5632 2362 5677 tur
2404 5622 2690 5678 bumanum
2731 5639 2934 5693 genus,
2971 5622 3146 5677 omnis
3187 5621 3285 5677 ista
3324 5636 3497 5677 massa
3520 5623 3878 5679 mortalitatis

2280 5724 2496 5771 ventura
2526 5716 2696 5772 estad
2728 5729 2972 5782 examen,
2998 5723 3221 5769 ventura
3262 5723 3345 5769 est
3387 5713 3455 5767 ad
3500 5712 3734 5778 libram;
3783 5732 3879 5786 ap.

2279 5807 2576 5878 pendentur
2616 5806 2684 5861 ibi
2718 5821 2877 5876 opera
2919 5805 3215 5860 hominum.
3257 5805 3457 5860 Cuncta
3494 5803 3655 5859 modo
3700 5809 3883 5863 nubes

2284 5899 2535 5966 involvit;
2559 5898 2656 5958 sed
2674 5899 2790 5957 Deo
2813 5900 3022 5971 cognita
3049 5906 3175 5957 sunt
3197 5897 3389 5955 merita
3414 5897 3780 5972 singulorum.
3815 5899 3885 5955 Et
