4076 6464
568 413 674 473 927

563 545 692 593 tem.
715 533 829 591 iloc
855 533 998 591 enim
1027 529 1257 588 dicimus
1289 543 1614 603 quemquam
1641 527 1838 584 habere
1871 527 1924 582 iu
1951 538 2110 581 manu
2129 563 2145 591 ,

562 629 704 704 quod
733 628 894 685 habet
921 629 975 684 in
1005 634 1303 698 potestate;
1331 623 1599 696 quomodo
1619 621 1752 678 dixit
1774 620 2016 678 diabolus
2040 621 2152 676 Deo

565 723 632 779 de
658 723 760 779 Job
795 740 808 777 :
837 721 988 776 Mitte
1009 736 1216 775 manum
1242 729 1412 785 tuam,
1445 727 1491 772 et
1521 716 1642 770 tolle
1685 731 1799 786 qua:
1829 714 1975 770 habet
2028 714 2150 788 (Job

561 833 578 872 ι
603 859 619 884 ,
651 813 764 886 ll).
793 812 931 883 Quid
958 821 1041 870 est
1062 855 1078 881 ,
1105 812 1245 867 mitte
1267 827 1470 866 manum
1493 810 1672 865 tuam?
1706 809 1780 864 Da
1808 816 2146 878 potestatem.

563 908 777 962 Manum
801 907 927 971 Dei,
958 914 1273 978 potestatem
1304 903 1398 958 Dei
1427 903 1588 969 dixit;
1622 902 1757 958 sicut
1795 903 2048 971 scriptum
2069 909 2152 957 est

561 999 667 1053 alio
691 999 811 1054 loco
843 1017 856 1052 :
888 998 1030 1053 Mors
1057 1008 1102 1053 et
1127 999 1228 1052 vita
1252 997 1557 1050 inmanibus
1583 996 1770 1067 lingua:
1793 994 1972 1063 (Prov.
1997 1011 2149 1061 xvut,

561 1089 680 1160 2t).
711 1089 977 1160 Numquid
1009 1091 1185 1159 lingua
1216 1089 1377 1144 habet
1406 1089 1635 1143 manus?
1667 1088 1770 1142 Sed
1801 1087 1927 1158 quid
1962 1096 2064 1154 est,
2095 1089 2151 1143 in

561 1183 796 1237 manibus
821 1183 1051 1254 linguw?
1079 1181 1132 1237 ln
1182 1191 1447 1253 potestate
1488 1181 1700 1252 lingute.
1755 1181 1890 1250 Quid
1921 1191 2036 1248 est,
2095 1181 2148 1237 in

566 1282 831 1344 potestate
863 1274 1091 1344 linguae?
1126 1274 1202 1328 Ea:
1223 1291 1308 1328 ore
1351 1285 1436 1328 tuo
1453 1273 1849 1345 justi/icaberis,
1881 1285 1928 1330 et
1962 1290 2024 1329 ea:
2063 1291 2150 1329 ore

564 1377 648 1422 tuo
674 1369 1081 1422 condemnaberis
1107 1366 1318 1439 (Matt/1.
1347 1384 1456 1432 xu,
1487 1368 1598 1437 '57).
1631 1365 1860 1421 Tenuiin
1895 1384 2011 1438 ergo
2036 1383 2148 1420 ma-

565 1479 683 1515 num
735 1462 956 1516 dextera:
1005 1478 1164 1528 mese,
1197 1471 1513 1532 potestatem
1544 1460 1779 1515 dextera:
1826 1475 1979 1515 meae.
2019 1459 2150 1525 Qua:

563 1565 678 1608 erat
709 1554 927 1610 dextera
956 1555 1128 1611 mea?
1153 1555 1285 1624 Quia
1342 1571 1431 1626 ego
1461 1572 1658 1624 semper
1706 1562 1884 1608 tecum.
1916 1554 1970 1608 lu
2014 1553 2148 1608 sini-

564 1657 728 1701 stram
764 1649 778 1679 ¹
814 1649 1105 1716 habebam,
1138 1650 1259 1720 quia
1292 1665 1443 1719 pecus
1469 1649 1632 1719 [actus
1653 1665 1799 1713 sum;
1819 1649 1867 1703 id
1895 1657 1994 1716 est,
2025 1650 2147 1720 quia

563 1747 769 1795 terrena
801 1741 852 1795 in
883 1758 968 1797 me
1011 1742 1109 1797 fuit
1155 1743 1626 1813 concupiscentia:
1661 1743 1752 1798 sed
1785 1743 2003 1798 dextera
2030 1758 2148 1799 mea

562 1844 707 1900 erat,
741 1837 862 1906 quia
890 1852 1105 1906 semper
1133 1845 1309 1892 tecum
1339 1853 1506 1892 eram.
1553 1837 1721 1908 Hujus
1753 1837 1987 1892 dexterm
2015 1853 2147 1893 mea}

562 1945 775 1984 manum
824 1931 1074 1999 tenuisti,
1119 1931 1170 1985 id
1208 1939 1326 1999 est,
1381 1941 1698 2002 potestatem
1743 1933 1945 1987 rexisti.
1979 1931 2146 1999 Quam

563 2025 924 2095 potestatem?
953 2025 1108 2080 Dedit
1127 2026 1198 2081 eis
1225 2035 1520 2098 potestatem
1542 2025 1677 2096 ﬁlios
1697 2025 1795 2080 Dei
1823 2026 1936 2096 ﬁeri
1962 2024 2142 2095 (Joau.

561 2133 616 2181 ι,
667 2116 760 2186 l2)
786 2135 798 2170 :
824 2118 987 2187 coepit
1029 2133 1148 2175 esse
1173 2119 1282 2188 jam
1328 2119 1467 2174 inter
1508 2119 1644 2173 filios
1672 2118 1798 2186 Dei,
1831 2117 1897 2172 ad
1939 2117 2145 2172 Novum

561 2207 960 2265 Testamentum
989 2212 1283 2281 pertinens.
1315 2212 1448 2266 Vide
1502 2212 1769 2283 quomodo
1812 2221 2018 2267 retenta
2065 2221 2150 2269 est

564 2315 752 2354 manus
781 2300 1015 2357 dexterrc
1041 2303 1178 2371 ejus.
1213 2301 1280 2356 In
1314 2303 1570 2358 voluntate
1617 2315 1703 2358 tua
1744 2303 2000 2359 deduxisti
2043 2320 2140 2358 me.

560 2393 696 2460 Quid
724 2402 805 2448 est
824 2437 838 2461 ,
870 2396 922 2448 in
946 2395 1201 2450 voluntate
1221 2399 1348 2452 tua?
1375 2398 1489 2452 Non
1512 2399 1561 2453 in
1593 2399 1798 2454 meritis
1820 2400 1973 2454 meis.
2008 2399 2146 2466 Quid

559 2493 674 2550 est,
701 2485 752 2538 in
775 2486 1032 2542 voluntate
1056 2489 1183 2543 tua?
1209 2489 1347 2544 Audi
1373 2491 1709 2560 Apostolum,
1744 2493 1833 2563 qui
1863 2493 1958 2548 fuit
1982 2509 2146 2564 pecus

558 2577 729 2646 primo
755 2587 963 2635 terrena
984 2581 1296 2637 desiderans
1316 2624 1328 2646 ,
1357 2592 1412 2638 et
1435 2584 1726 2641 secundum
1750 2585 1914 2641 Vetus
1950 2587 2142 2644 Testa-

559 2679 796 2724 mentum
825 2671 1043 2740 vivens;
1077 2674 1202 2744 quid
1228 2675 1339 2729 ait?
1377 2676 1477 2744 Qui
1496 2677 1658 2749 primo
1678 2679 1755 2748 [ut
1791 2679 2141 2750 blasphemus,

556 2770 603 2815 et
629 2774 914 2833 persecutor
933 2806 947 2830 ,
977 2775 1023 2820 et
1044 2767 1320 2836 injuriosus
1338 2783 1358 2832 ;
1376 2771 1464 2823 sed
1485 2771 1879 2827 misericordiam
1901 2791 2144 2830 consecu-

558 2862 637 2907 tus
658 2872 769 2908 sum
795 2856 834 2928 (1
865 2855 992 2912 Tim.
1014 2874 1052 2924 t,
1082 2860 1192 2930 l5).
1226 2860 1362 2929 Quid
1383 2871 1483 2930 est,
1506 2865 1558 2918 in
1579 2864 1832 2921 voluntate
1855 2877 1942 2920 tua
1968 2869 1992 2922 ?
2014 2868 2145 2923 Gra-

557 2949 629 3002 tia
653 2948 750 3003 Dei
777 2967 889 3005 sum
917 2952 973 3006 id
997 2954 1133 3024 quod
1151 2972 1260 3009 sum
1293 2957 1332 3027 (I
1360 2955 1478 3012 Cor.
1508 2975 1576 3013 xv
1597 3001 1611 3024 ,
1643 2960 1755 3032 10).
1789 2960 1856 3014 Et
1885 2979 1999 3017 cum
2025 2965 2142 3036 gloo

556 3043 673 3096 ria'
703 3047 1020 3113 assumpsisti
1050 3065 1146 3103 me.
1178 3048 1292 3103 Jam
1344 3066 1449 3120 quo
1487 3064 1794 3123 assumptus
1842 3065 1958 3125 est,
2005 3067 2059 3113 et
2088 3060 2140 3115 in

555 3149 655 3205 qua
681 3136 848 3206 gloria
872 3181 888 3206 ,
929 3140 1049 3210 quis
1073 3141 1333 3211 explicat?
1376 3143 1496 3213 quis
1536 3144 1705 3200 dicit?
1752 3146 2142 3218 Exspectemus

555 3229 655 3284 hoc
676 3270 694 3296 ,
723 3231 843 3300 quia
871 3232 922 3286 in
953 3237 1346 3292 resurrectione
1375 3237 1510 3306 erit;
1566 3239 1619 3294 in
1661 3241 1967 3299 novissimis
1991 3245 2094 3301 erit
2121 3262 2137 3301 :

553 3322 682 3379 Cum
706 3326 870 3396 gloria
887 3332 1202 3401 assumpsisti
1227 3348 1320 3387 me.

624 3417 712 3472 51.
737 3417 886 3492 [νει-ε.
918 3420 1034 3494 25.]
1067 3423 1130 3477 Et
1155 3424 1575 3496 cmpitcogitare
1623 3427 1929 3486 felicitatem
1969 3432 2139 3504 ipsam

552 3511 824 3568 caelestem
847 3557 860 3581 ,
892 3524 945 3570 et
964 3531 1187 3587 arguere
1217 3533 1274 3574 se
1297 3559 1313 3586 ,
1341 3521 1463 3590 quia
1489 3537 1651 3591 pecus
1678 3523 1810 3593 fuit,
1843 3535 1897 3581 et
1926 3536 2136 3586 terrena

551 3603 890 3662 desideravit.
919 3608 1056 3675 Quid
1079 3611 1210 3664 enim
1258 3612 1384 3664 mihi
1409 3622 1480 3667 est
1505 3615 1558 3668 in
1593 3617 1746 3683 caelo,
1783 3627 1830 3672 et
1864 3637 1896 3673 a
1935 3630 1981 3673 te
2017 3622 2139 3692 quid

553 3699 686 3752 volui
727 3717 877 3770 super
901 3703 1124 3756 terram?
1163 3703 1240 3757 Ex
1282 3719 1412 3760 voce
1459 3717 1639 3762 vestra
1689 3709 2015 3768 intellexisse
2041 3729 2139 3770 vos

555 3789 728 3843 video.
759 3791 1102 3861 Comparavit
1131 3794 1388 3851 voluntati
1432 3809 1544 3853 suae
1590 3808 1818 3857 terrena:
1857 3807 2134 3874 prmmium

551 3881 771 3935 cmleste
795 3883 934 3951 quod
961 3895 1276 3956 accepturus
1296 3896 1380 3943 est
1404 3905 1418 3953 ;
1445 3890 1576 3945 vidit
1605 3893 1729 3962 quid
1758 3894 1828 3949 ibi
1875 3898 1974 3953 sibi
2014 3915 2133 3956 ser-

551 3980 768 4027 varetur
787 4015 800 4038 ,
826 3982 882 4029 et
901 3976 1140 4046 cogitans
1161 4020 1176 4045 ,
1208 3989 1262 4033 et
1277 3989 1509 4036 azstuans
1533 3983 1585 4038 in
1612 3987 1933 4056 cogitatione
1956 3991 2139 4062 cujus-

553 4061 674 4117 dam
699 4065 774 4118 rei
805 4065 1086 4123 inelfabilis
1109 4111 1123 4136 ,
1152 4085 1312 4140 quam
1341 4088 1442 4130 nec
1461 4077 1647 4132 oculus
1676 4079 1835 4148 vidit,
1869 4097 1966 4139 nec
1993 4061 2139 4143 auris

553 4157 784 4222 audivit,
839 4176 937 4216 nec
986 4162 1038 4217 in
1067 4177 1160 4218 cor
1206 4164 1437 4223 hominis
1489 4171 1727 4227 ascendit
1766 4172 1873 4246 (Id.
1907 4191 1978 4245 tt,
2031 4178 2134 4251 9),

555 4266 658 4306 non
686 4251 848 4319 dixit,
885 4252 1013 4309 Illud
1040 4296 1054 4320 ,
1100 4264 1194 4310 aut
1241 4258 1371 4313 illud
1412 4259 1539 4314 mihi
1572 4273 1654 4316 est
1684 4265 1734 4318 in
1759 4268 1935 4332 caelo;
1988 4270 2084 4326 sed
2119 4313 2136 4340 ,

557 4344 692 4410 Quid
713 4347 834 4399 mihi
857 4356 930 4401 est
977 4348 1029 4402 in
1071 4348 1236 4403 malo?
1261 4351 1397 4417 Quid
1428 4361 1512 4408 est
1532 4353 1659 4408 illud
1687 4358 1830 4427 quod
1859 4359 2034 4417 habeo
2082 4364 2137 4420 in

552 4438 728 4494 οωιοῖ
751 4439 875 4509 quid
922 4441 1045 4495 est?
1075 4453 1328 4512 quantum
1377 4445 1493 4499 est?
1539 4447 1694 4516 quale
1718 4450 1842 4506 est?
1881 4449 1982 4520 Et,
2014 4469 2137 4512 cum

553 4547 656 4584 non
690 4532 875 4586 transit
899 4532 1038 4601 quod
1059 4533 1230 4589 habeo
1251 4535 1304 4589 in
1333 4536 1470 4592 caelo
1493 4579 1509 4604 ,
1542 4553 1573 4590 a
1603 4550 1651 4593 te
1671 4541 1792 4609 quid
1821 4545 1959 4599 volui
1983 4563 2139 4619 super

554 4622 775 4674 terram?
821 4623 1016 4679 Servas
1045 4624 1174 4680 mihi
1216 4634 1271 4681 tu
1298 4645 1311 4682 :
1341 4629 1419 4683 sic
1455 4629 1628 4685 dicam
1659 4639 1718 4688 ut
1756 4649 2002 4707 possum,
2043 4640 2138 4697 sed

552 4713 673 4768 date
696 4717 901 4770 veniam
935 4734 948 4783 ;
986 4719 1212 4788 accipite
1264 4732 1511 4776 conatum
1559 4740 1766 4791 meum,
1798 4727 2138 4789 devotionem

553 4807 786 4872 nitendi;
810 4823 930 4862 nam
961 4811 1261 4880 explicandi
1289 4813 1430 4867 nulla
1462 4814 1683 4870 facultas
1703 4827 1786 4872 est
1814 4818 1834 4850 ⁸
1858 4839 1870 4875 :
1913 4836 2096 4878 servas
2117 4866 2133 4894 ,

553 4899 755 4970 inquit,
785 4900 913 4955 mihi
937 4909 990 4956 tu
1038 4903 1089 4958 in
1134 4905 1271 4960 caelo
1298 4905 1508 4963 divitias
1555 4909 1916 4980 immortales,
1963 4923 2014 4970 te
2052 4917 2136 4987 ip-

552 5007 668 5048 sum
694 5012 708 5058 ;
737 5002 792 5048 et
817 5009 915 5064 ego
943 4997 1082 5050 volui
1112 5013 1141 5050 a
1166 5006 1217 5053 te
1245 4997 1299 5053 in
1332 5007 1472 5055 terra
1497 5003 1639 5072 quod
1669 5003 1866 5060 habent
1886 5015 1939 5062 et
1966 5009 2133 5080 impii,

549 5085 691 5155 quod
717 5085 914 5141 habent
939 5097 993 5142 et
1014 5088 1167 5152 mali,
1198 5091 1339 5160 quod
1368 5091 1566 5147 habent
1590 5105 1645 5149 et
1688 5095 2010 5167 facinorosi;
2043 5116 2139 5171 pe-

549 5181 759 5234 cuniam
777 5221 791 5244 ,
823 5195 1010 5235 aurum
1030 5223 1046 5247 ,
1068 5193 1344 5252 argentum
1365 5227 1378 5250 ,
1411 5201 1681 5257 gemmas,
1712 5187 1970 5258 familias;
1994 5194 2136 5264 quod

550 5272 749 5328 habent
775 5284 828 5329 et
853 5274 1096 5330 scelerati
1120 5277 1291 5344 multi,
1323 5279 1461 5349 quod
1493 5280 1688 5338 habent
1713 5284 1896 5339 multae
1922 5285 2135 5345 femina:

553 5378 766 5437 turpes,
793 5368 941 5422 multi
968 5367 1064 5422 viri
1100 5378 1279 5440 turpes
1310 5389 1322 5424 :
1353 5372 1466 5428 hmc
1492 5388 1587 5443 pro
1622 5390 1816 5447 magno
1838 5378 2134 5438 desideravi

549 5479 578 5518 a
613 5467 720 5521 Deo
745 5483 864 5523 meo
889 5482 1049 5540 super
1074 5479 1268 5526 terram
1289 5513 1304 5538 ,
1335 5487 1455 5528 cum
1476 5485 1658 5530 servet
1683 5491 1742 5531 se
1768 5477 1895 5530 mihi
1928 5478 1976 5532 in
2000 5481 2138 5536 cmlo

553 5559 694 5616 Deus
736 5577 905 5618 meus.
933 5563 1068 5631 Quid
1095 5567 1225 5619 enim
1254 5567 1377 5621 mihi
1414 5576 1485 5622 est
1525 5569 1579 5622 in
1631 5570 1797 5624 caelo?
1841 5571 2136 5630 Ostendere

552 5651 714 5708 habet
737 5654 907 5724 ipsum
937 5655 1083 5726 quid.
1109 5656 1178 5711 Et
1201 5668 1298 5712 ate
1316 5659 1438 5724 quid
1458 5659 1594 5713 volui
1629 5677 1788 5732 super
1812 5665 2032 5719 terram?

612 5835 630 5880 -_
665 5820 740 5864 sic
755 5816 973 5866 melioris
993 5825 1124 5880 uota;
1145 5825 1251 5868 Mss.
1272 5826 1325 5870 Αι
1345 5819 1481 5880 Edd.,
1504 5820 1558 5872 in
1580 5821 1800 5875 sinistra.

613 5876 634 5946 ξ
665 5884 845 5946 gmues
868 5885 972 5946 ayss.
993 5877 1085 5946 hoc
1108 5877 1227 5946 low,
1259 5879 1308 5930 in
1325 5876 1497 5946 gloria.

611 5936 634 5968 ³
664 5943 793 5999 uss,
814 5938 997 5989 mittam
1011 5936 1303 6001 facultatem.

1801 406 1862 466 8.
1892 399 2267 465 AUGUSTINI
2305 401 2607 464 EPISCOPI

3751 423 3862 482 928

2334 523 2422 580 52.
2447 522 2596 597 [vers.
2623 525 2740 601 26.]
2768 526 2966 598 Deiecit
2983 544 3070 584 cor
3095 545 3265 587 meum
3301 541 3348 588 et
3371 550 3491 592 caro
3531 554 3644 595 mea
3664 583 3680 609 ,
3717 541 3858 598 Deus

2259 616 2424 670 cordis
2449 619 2568 673 mei.
2596 618 2710 676 Hoc
2734 635 2863 691 ergo
2883 621 3014 678 mihi
3037 631 3121 679 est
3140 625 3194 680 in
3214 627 3351 682 casio
3372 639 3642 688 servatum
3665 675 3680 699 ,
3707 633 3852 692 Deus

2259 708 2426 764 cordis
2452 713 2548 766 mei
2563 753 2578 778 ,
2599 721 2646 767 et
2672 730 2790 784 pars
2814 731 2926 768 mea
2950 714 3086 771 Deus
3106 733 3266 773 meus.
3292 719 3431 789 Quid
3455 732 3540 778 est
3562 765 3577 790 ,
3609 724 3852 783 fratres?

2259 799 2595 860 inveniamus
2619 804 2832 861 divitias
2859 816 3068 863 nostras
3097 825 3112 874 ;
3143 810 3302 882 eligat
3329 812 3431 868 sibi
3459 825 3640 884 partes
3675 834 3848 888 genus

2260 892 2567 950 humanum.
2588 896 2874 955 Videamus
2904 899 3147 958 homines
3166 904 3511 976 cupiditatum
3535 908 3852 970 diversitate

2260 987 2446 1044 laniari
2477 1008 2489 1044 :
2517 991 2711 1060 eligant
2739 994 2827 1047 alii
2851 994 3091 1050 militiam
3111 1037 3126 1064 ,
3158 998 3244 1052 alii
3275 999 3720 1073 advocationem,
3753 1007 3847 1062 alii

2259 1081 2498 1138 diversas
2524 1086 2804 1157 variasque
2825 1087 3099 1144 doctrinas
3117 1131 3132 1155 ,
3158 1092 3246 1147 alii
3276 1097 3694 1166 negotiationem
3716 1141 3732 1165 ,
3757 1101 3844 1155 alii

2256 1178 2660 1246 agriculturam;
2690 1179 2820 1235 istas
2849 1191 3023 1251 partes
3045 1183 3142 1238 sibi
3168 1183 3360 1242 faciant
3381 1190 3448 1242 de
3475 1190 3634 1244 rebus
3658 1191 3847 1246 buma-

2255 1269 2339 1322 nis
2369 1288 2380 1323 :
2409 1271 2601 1325 clamet
2631 1275 2852 1344 populus
2878 1277 2971 1331 Dei
2998 1317 3014 1343 ,
3039 1276 3173 1332 Pars
3203 1297 3314 1334 mea
3343 1279 3482 1336 Deus
3528 1301 3693 1339 meus.
3728 1285 3844 1343 Non

2255 1359 2320 1414 ad
2349 1369 2556 1432 tempus
2581 1379 2704 1434 pars
2734 1382 2885 1428 mea;
2935 1368 3029 1422 sed
3077 1386 3196 1440 pars
3224 1387 3332 1425 mea
3369 1372 3509 1429 Deus
3546 1376 3599 1428 in
3627 1379 3840 1432 swcula.

2255 1454 2454 1508 Aurum
2482 1457 2579 1509 etsi
2615 1472 2828 1528 semper
2867 1460 3070 1528 habeo,
3103 1463 3233 1533 quid
3259 1463 3474 1519 habeo?
3532 1468 3702 1522 Deum
3747 1471 3841 1525 etsi

2254 1560 2361 1599 non
2389 1561 2601 1618 semper
2627 1549 2877 1605 haberem
2908 1553 2956 1615 ⁸,
3007 1569 3164 1624 quam
3211 1571 3462 1626 magnum
3495 1557 3696 1615 bonum
3756 1562 3842 1617 ha-

2254 1635 2468 1692 berem!
2497 1639 2608 1694 Huc
2632 1641 2837 1696 accedit
2861 1645 2983 1718 quia
3027 1645 3155 1699 mibi
3201 1648 3432 1716 seipsum
3464 1653 3763 1718 promittit,
3792 1662 3842 1708 et

2255 1727 2306 1782 id
2339 1745 2423 1784 me
2448 1729 2498 1784 in
2522 1741 2780 1787 :eternum
2817 1715 3120 1790 habiturum
3149 1715 3428 1806 promittit.
3465 1715 3696 1796 Tantum
3746 1715 3839 1797 ba-

2253 1820 2354 1877 beo
2378 1865 2393 1891 ,
2425 1833 2478 1879 et
2506 1841 2775 1897 nunquam
2806 1845 2911 1884 non
2938 1829 3140 1886 habeo!
3195 1831 3377 1902 Magna
3412 1834 3636 1889 felicitas
3663 1837 3676 1890 !
3713 1835 3839 1892 Pars

2253 1933 2364 1970 mea
2402 1917 2560 1971 Deus.
2590 1919 2889 1988 Quamdiu?
2932 1922 3000 1976 In
3043 1924 3250 1980 stecula.
3281 1925 3542 1991 Quoniam
3567 1943 3691 1982 ecce
3724 1928 3840 1985 vide

2253 2011 2522 2081 quomodo
2548 2014 2694 2068 illum
2738 2017 2969 2082 amavit;
2999 2018 3125 2072 fecit
3149 2033 3244 2071 cor
3268 2030 3473 2074 castum
3498 2037 3514 2074 :
3561 2021 3698 2076 Deus
3727 2038 3837 2075 ror-

2253 2104 2331 2160 dis
2348 2109 2446 2160 mei
2464 2149 2478 2174 ,
2513 2118 2559 2161 et
2588 2126 2710 2179 pars
2730 2127 2839 2164 mea
2862 2110 2998 2164 Deus
3044 2112 3095 2164 in
3123 2113 3326 2166 stecula.
3370 2113 3591 2168 Factum
3623 2125 3706 2169 est
3747 2131 3840 2170 cor

2251 2187 2457 2255 castum
2481 2219 2494 2267 ;
2522 2202 2685 2272 gratis
2705 2203 2815 2273 jam
2846 2216 3053 2260 amatur
3080 2207 3218 2260 Deus
3241 2248 3256 2272 ,
3292 2223 3398 2261 non
3425 2209 3491 2262 ab
3519 2209 3610 2264 illo
3642 2211 3839 2278 petitur

2251 2293 2396 2349 aliud
2435 2297 2728 2364 praemium.
2776 2298 2873 2366 Qui
2899 2299 3038 2354 aliud
3071 2301 3347 2370 prmmium
3388 2303 3568 2371 petita
3601 2303 3747 2368 Deo,
3782 2314 3837 2359 et

2252 2397 2535 2458 propterea
2572 2391 2686 2445 vult
2733 2392 2935 2448 servire
2982 2392 3126 2457 Deo,
3159 2393 3336 2448 carius
3367 2392 3484 2448 facit
3527 2395 3670 2464 quod
3717 2396 3834 2450 vult

2251 2482 2530 2552 accipere,
2587 2499 2747 2554 quam
2799 2486 2969 2555 ipsum
3014 2499 3044 2540 a
3102 2501 3206 2556 quo
3243 2487 3355 2540 vult
3382 2488 3644 2556 accipere.
3692 2487 3835 2555 Quid

2251 2577 2410 2646 ergo?
2438 2576 2640 2632 nullum
2663 2578 2938 2648 praemium
2970 2578 3108 2633 Dei?
3138 2577 3379 2645 Nullum,
3419 2588 3612 2649 prmtcr
3638 2581 3831 2648 ipsum.

2249 2667 2535 2726 Praemium
2564 2670 2697 2739 Dei,
2727 2671 2841 2742 ipse
2865 2671 3004 2727 Deus
3027 2678 3128 2727 est.
3162 2671 3274 2727 lloc
3296 2682 3472 2739 amat,
3501 2672 3603 2727 hoc
3634 2672 3831 2742 diligit;

2249 2761 2293 2816 si
2319 2762 2460 2817 aliud
2490 2762 2773 2832 dilexerit,
2804 2779 2908 2818 non
2950 2765 3052 2820 erit
3092 2774 3269 2820 castus
3295 2780 3464 2820 amor.
3515 2766 3746 2822 Recedis
3769 2767 3836 2822 ab

2249 2856 2370 2928 igne
2412 2857 2729 2924 immortali;
2761 2857 3015 2929 frigesces
3039 2902 3054 2926 ,
3105 2859 3490 2930 corrumperis.
3530 2859 3670 2916 Noli'
3689 2875 3834 2916 rece-

2247 2948 2408 3015 dere;
2441 2952 2711 3021 corruptio
2743 2960 2830 3006 tua
2857 2953 2960 3008 erit
2980 2996 2994 3021 ,
3025 2953 3304 3010 fornicatio
3330 2963 3416 3009 tua
3448 2954 3573 3010 erit.
3603 2954 3720 3009 Jam
3740 2956 3834 3010 iste

2246 3041 2412 3109 redit,
2437 3042 2547 3113 jam
2578 3044 2738 3099 istum
2770 3045 2992 3114 pmnitet
3013 3087 3028 3112 ,
3053 3046 3162 3115 jam
3194 3046 3565 3116 pmnitentiam
3616 3047 3718 3101 iste
3741 3046 3834 3102 eli-

2245 3135 2352 3205 git,
2377 3136 2487 3205 jam
2513 3137 2674 3203 dicit,
2708 3138 2841 3194 Pars
2867 3156 2975 3194 mea
2997 3139 3156 3194 Deus.
3189 3141 3254 3196 Et
3293 3140 3563 3212 quomodo
3601 3140 3833 3198 delecta-

2247 3235 2334 3282 tur
2360 3228 2412 3283 in
2437 3228 2554 3299 ipso
2576 3270 2591 3294 ,
2615 3245 2773 3298 quem
2802 3231 2902 3285 sibi
2933 3241 3136 3302 partem
3165 3232 3359 3301 elegit!

2316 3319 2405 3374 5'5.
2435 3317 2587 3392 [vers.
2614 3321 2732 3395 27.]
2758 3321 2887 3377 Ecce
2923 3325 3008 3394 qui
3048 3325 3195 3396 longe
3221 3341 3273 3380 se
3315 3325 3510 3395 faciunt
3533 3342 3566 3379 a
3610 3335 3687 3393 te,
3718 3343 3832 3397 pcr-

2243 3410 2401 3466 ibunt.
2422 3411 2525 3468 Iste
2542 3427 2669 3485 ergo
2696 3416 2915 3470 recessit
2943 3432 2974 3471 a
3005 3418 3114 3472 Deo
3141 3458 3155 3483 ,
3187 3417 3279 3472 sed
3321 3434 3425 3473 non
3457 3419 3617 3491 longe
3654 3439 3666 3474 :
3711 3421 3829 3492 quia

2243 3507 2387 3577 quasi
2413 3523 2563 3579 pecus
2588 3509 2754 3580 [actus
2777 3526 2888 3564 sum
2913 3552 2928 3577 ,
2953 3512 3162 3581 inquit,
3194 3521 3240 3566 et
3277 3528 3368 3582 ego
3415 3530 3614 3584 semper
3649 3521 3827 3567 tecum.

2243 3599 2320 3656 Illi
2350 3616 2482 3657 vero
2511 3601 2670 3673 longe
2698 3612 3072 3672 recesserunt,
3107 3605 3228 3674 quia
3284 3620 3390 3660 non
3418 3606 3590 3661 solum
3623 3616 3828 3662 terrena

2244 3692 2717 3762 desideraverunt,
2746 3696 2840 3752 sed
2867 3711 2929 3752 ea
2956 3711 2985 3750 a
3013 3696 3344 3753 daemonibus
3369 3707 3423 3754 et
3441 3713 3470 3750 a
3497 3697 3715 3752 diabolo
3738 3714 3828 3768 pe-

2247 3788 2462 3843 tierunt.
2495 3789 2597 3854 Qui
2623 3790 2770 3861 longe
2793 3806 2845 3844 se
2874 3791 3068 3862 faciunt
3095 3808 3126 3845 a
3175 3803 3257 3858 te,
3306 3793 3558 3863 peribunt.
3609 3793 3676 3847 Et
3701 3792 3825 3862 quid

2245 3889 2360 3948 est,
2390 3882 2546 3952 longe
2573 3897 2600 3935 a
2633 3883 2742 3938 Deo
2764 3883 2918 3938 fieri?
2947 3883 3228 3939 Perdidisti
3252 3903 3446 3940 omnem
3483 3887 3570 3956 qui
3614 3887 3832 3957 fornica-

2243 3981 2328 4028 tur
2344 3975 2434 4030 abs
2457 3986 2521 4031 te.
2552 3975 2685 4031 Huic
2713 3975 3046 4033 fornicationi
3078 3980 3376 4034 contrarius
3424 3989 3505 4033 est
3548 3995 3703 4034 amor
3738 3995 3829 4036 ca-

2244 4075 2378 4121 stus.
2409 4067 2541 4137 Quis
2579 4079 2662 4124 cst
2703 4083 2854 4125 amor
2893 4073 3102 4126 castus?
3139 4073 3292 4126 Amat
3323 4071 3433 4142 jam
3470 4071 3649 4126 anima
3682 4088 3833 4143 spon-

2244 4174 2362 4214 sum
2389 4175 2544 4215 suum
2576 4180 2588 4216 :
2613 4162 2740 4232 quid
2765 4163 2832 4218 ab
2862 4164 2951 4219 illo
2971 4165 3194 4235 quatrit,
3225 4165 3291 4219 ab
3313 4179 3512 4234 sponso
3542 4181 3642 4221 suo
3673 4181 3828 4236 quem

2243 4251 2460 4324 diligit?
2489 4253 2652 4311 Forte
2678 4254 2945 4326 quomodo
2965 4257 3064 4312 sibi
3088 4258 3287 4328 eligunt
3314 4256 3558 4312 homines
3605 4267 3699 4310 aut
3737 4273 3832 4328 ge-

2245 4361 2404 4400 neros
2423 4388 2438 4414 ,
2467 4356 2559 4401 aut
2587 4363 2811 4417 sponsos
2841 4350 3080 4416 feminae;
3121 4350 3266 4420 eligit
3316 4349 3452 4404 forte
3480 4349 3696 4404 divitias
3722 4391 3737 4414 ,
3783 4358 3836 4404 et

2244 4455 2430 4495 aurum
2463 4442 2578 4512 ejus
2606 4452 2747 4497 amat
2773 4485 2786 4507 ,
2817 4452 2870 4498 et
2895 4444 3086 4500 fundos
3111 4486 3124 4510 ,
3157 4453 3211 4500 et
3243 4454 3558 4514 argentum,
3589 4453 3643 4498 et
3670 4459 3833 4514 pecu-

2244 4532 2387 4587 niam
2413 4573 2428 4599 ,
2453 4542 2506 4589 et
2532 4548 2700 4604 equos
2723 4576 2738 4601 ,
2769 4536 3090 4590 etl‘amiliam
3115 4576 3131 4601 ,
3155 4544 3210 4591 et
3244 4544 3458 4591 cmtera.
3499 4535 3652 4590 Absit
3686 4552 3699 4588 :
3736 4536 3836 4590 iste

2244 4625 2418 4696 ipsum
2441 4626 2611 4680 solum
2635 4635 2810 4691 amat,
2858 4628 3022 4698 gratis
3047 4636 3226 4693 amat;
3274 4631 3397 4698 quia
3428 4628 3483 4682 in
3512 4628 3630 4698 ipso
3673 4627 3838 4682 habet

2243 4717 2454 4784 omnia,
2487 4719 2606 4790 quia
2654 4734 2748 4789 per
2785 4721 2955 4790 ipsum
3009 4720 3142 4776 facta
3197 4729 3322 4775 sunt
3348 4721 3526 4776 omnia
3561 4719 3742 4790 (Ioan.
3776 4736 3832 4788 t,

2244 4807 2321 4881 ὅ).
2366 4809 2675 4876 Perdidisti,
2703 4811 2906 4880 inquit,
2937 4827 3133 4865 omnem
3156 4813 3241 4879 qui
3264 4814 3549 4882 fornicatur
3574 4812 3663 4868 abs
3690 4823 3755 4866 te.

2316 4901 2404 4954 54.
2437 4900 2728 4974 [vers.28.]
2776 4902 2852 4956 Tu
2882 4911 3057 4958 autem
3087 4902 3211 4972 quid
3263 4901 3440 4957 facis?
3491 4902 3622 4956 Mihi
3665 4911 3836 4957 autem

2249 4993 2513 5049 adlzwrere
2545 4995 2646 5049 Deo
2669 4997 2854 5049 bonum
2892 5005 2984 5049 est.
3015 4994 3130 5050 Hoc
3153 5003 3237 5051 est
3257 5004 3427 5050 totum
3456 4997 3677 5051 bonum.
3707 4996 3838 5051 Vul-

2246 5088 2314 5143 tis
2343 5088 2604 5157 amplius?
2632 5088 2795 5143 Doleo
2822 5088 3079 5143 volentes.
3110 5087 3332 5145 Fratres
3353 5129 3368 5156 ,
3392 5089 3518 5160 quid
3540 5090 3704 5144 vultis
3731 5105 3839 5143 am-

2244 5179 2423 5250 plius?
2449 5180 2558 5234 Deo
2578 5179 2853 5235 adhaerere
2881 5178 3008 5232 nihil
3034 5189 3118 5234 est
3159 5181 3350 5235 melius
3374 5223 3390 5246 ,
3444 5173 3660 5250 quando
3711 5195 3837 5235 eum

2244 5273 2542 5328 videbimus
2573 5271 2704 5326 facie
2730 5271 2796 5326 ad
2851 5269 3035 5325 faciem
3084 5269 3126 5342 (l
3155 5269 3272 5325 Cor.
3317 5287 3445 5334 xu,
3503 5271 3616 5340 l2).
3679 5271 3841 5326 Modo

2245 5382 2374 5437 ergo
2402 5366 2565 5437 quid?
2593 5365 2724 5432 Quia
2755 5364 2929 5420 adhuc
2944 5364 3253 5434 peregrinus
3277 5365 3468 5431 loquor
3494 5382 3506 5418 :
3540 5364 3839 5431 Att/tmere,

2248 5459 2449 5529 inquit,
2479 5456 2585 5512 Deo
2610 5457 2792 5511 bonum
2821 5467 2933 5521 est;
2968 5455 3062 5511 sed
3093 5455 3252 5510 modo
3282 5456 3333 5509 in
3362 5455 3798 5526 peregrinatione
3821 5497 3840 5520 ,

2247 5555 2368 5626 quia
2395 5553 2628 5609 nondum
2672 5554 2813 5607 venit
2859 5566 2969 5618 res,
3003 5549 3202 5606 Ponere
3241 5551 3292 5603 in
3334 5549 3441 5603 Deo
3476 5565 3619 5619 spem
3652 5564 3837 5602 meam.

2248 5647 2510 5717 Quamdiu
2558 5661 2683 5716 ergo
2728 5645 2963 5700 nondum
2993 5643 3300 5708 adltatsisti,
3350 5643 3419 5696 ibi
3469 5658 3611 5712 pone
3663 5657 3841 5713 spem.

2249 5743 2529 5806 Fluctuas;
2559 5741 2824 5811 prmmittc
2844 5741 2908 5796 ad
2933 5750 3128 5796 terram
3152 5752 3424 5792 ancoram.
3445 5735 3694 5790 Nondum
3724 5735 3845 5790 ha:-

2251 5852 2340 5896 res
2369 5851 2464 5907 per
2487 5836 2854 5906 przesentiam;
2881 5835 3082 5890 inhtere
3106 5848 3202 5904 per
3224 5846 3395 5902 spem.
3424 5829 3628 5886 Ponere
3657 5832 3711 5884 in
3737 5829 3849 5886 Deo

2321 5954 2338 5984 ί
2372 5953 2443 6000 Sic
2465 5950 2698 6002 meliores
2713 5957 2818 6001 Mss.
2840 5956 2894 6001 At
2906 5949 3042 6010 Edd.,
3054 5957 3207 6000 Deum
3217 5947 3258 5999 si
3267 5959 3456 6012 semper
3469 5943 3720 6006 haberem,
3747 5954 3835 5998 etc
