4076 6468
1646 293 1674 317 κ

277 392 384 450 929

275 523 416 577 spem
457 521 634 560 meam.
685 503 753 559 Et
775 501 900 575 quid
928 501 1017 558 hic
1042 515 1200 574 ages,
1233 515 1435 573 ponens
1464 503 1518 557 in
1550 502 1658 558 Deo
1700 515 1851 572 spem

277 598 462 654 tuam?
487 595 640 665 Quod
661 595 764 651 erit
781 596 1049 666 negotium
1080 602 1248 662 tuum,
1277 594 1378 648 nisi
1409 601 1464 649 ut
1483 593 1666 647 laudes
1693 606 1852 662 quem

275 690 454 762 diligis
474 733 487 758 ,
521 699 576 746 et
613 688 774 744 facias
817 697 992 744 tecum
1041 698 1374 744 coamatores
1403 687 1519 757 ejus
1546 688 1562 718 ¹
1583 686 1609 740 ι
1638 685 1778 740 Ecce
1805 683 1853 740 si

274 800 486 840 amares
513 783 748 854 aurigam
770 825 784 850 ,
813 798 918 838 non
948 797 1162 852 raperes
1180 791 1403 838 caeteros
1421 791 1479 836 ut
1508 790 1679 836 tecum
1709 793 1853 833 ama-

273 879 442 935 rent?
472 880 690 934 Amator
717 878 912 949 auriga:
933 891 1262 948 quacumque
1295 875 1485 931 transit
1524 874 1757 945 loquitur
1785 870 1854 927 de

273 971 366 1027 illo
385 1011 402 1030 .
430 979 490 1025 ut
508 984 628 1024 cum
651 969 741 1024 illo
765 984 885 1024 eum
902 976 1081 1024 ament
1101 976 1157 1023 et
1184 967 1383 1022 caeteri.
1415 964 1590 1022 Gratis
1609 974 1853 1020 amantur

274 1061 525 1133 ﬂagitiosi
565 1061 842 1127 homines;
887 1069 942 1116 et
993 1075 1021 1114 a
1062 1060 1171 1115 Deo
1196 1059 1474 1129 praemium
1503 1058 1756 1127 quaeritur
1792 1063 1854 1112 ut

272 1161 486 1209 ametur
509 1154 524 1208 l
549 1154 680 1207 Ama
708 1153 872 1206 Deum
901 1150 1096 1222 gratis;
1119 1150 1249 1206 nulli
1274 1148 1508 1204 invideas
1532 1149 1719 1204 Deum.
1748 1147 1854 1202 Ra-

273 1248 388 1318 pite
413 1261 536 1302 eum
581 1252 839 1316 quotquot
883 1243 1132 1314 potestis,
1163 1251 1421 1314 quotquot
1447 1240 1740 1312 possessuri
1764 1254 1852 1296 es-

272 1341 342 1396 tis
369 1358 382 1394 :
417 1355 523 1394 non
554 1339 612 1393 lit
637 1347 926 1409 angustus;
958 1338 1132 1392 nullos
1162 1338 1212 1391 in
1244 1337 1333 1391 illo
1371 1336 1566 1390 limites
1609 1333 1848 1400 facietis;

272 1442 444 1489 totum
472 1433 662 1504 singuli
686 1431 1022 1503 possidebitis
1038 1475 1052 1500 ,
1075 1440 1129 1487 et
1154 1439 1323 1486 totum
1349 1443 1536 1485 omnes
1560 1427 1847 1482 habebitis.

272 1527 415 1594 Ergo
445 1526 546 1580 hoc
575 1525 658 1579 fac
682 1539 802 1579 cum
837 1525 922 1578 hic
949 1539 1011 1580 es
1030 1565 1044 1589 ,
1075 1523 1126 1578 id
1161 1532 1242 1579 est
1267 1563 1283 1590 ,
1311 1537 1432 1578 cum
1476 1522 1629 1592 ponis
1656 1521 1712 1576 in
1742 1521 1851 1576 Deo

269 1633 421 1690 Spem
443 1627 605 1673 tuam.
631 1617 766 1686 Quid
795 1619 934 1672 enim
963 1617 1242 1687 sequitur?
1270 1615 1336 1672 Ut
1357 1617 1648 1669 annuntiem
1684 1628 1852 1668 omnes

270 1711 449 1766 laudes
486 1721 596 1764 tuas
642 1710 696 1763 in
733 1710 877 1762 atriis
927 1709 1048 1777 ﬁlia:
1073 1708 1219 1763 Sion.
1261 1706 1328 1762 Ut
1356 1707 1648 1760 annuntiem
1682 1719 1851 1759 omnes

271 1806 452 1858 laudes
469 1814 579 1858 tuas
602 1820 620 1857 :
642 1800 735 1857 sed
765 1800 889 1856 ubi?
918 1800 986 1854 In
1008 1801 1149 1854 atriis
1180 1800 1301 1869 ﬁlice
1322 1798 1489 1866 Sion;
1509 1798 1631 1868 quia
1662 1795 1852 1867 praedi-

267 1897 411 1953 catio
441 1896 534 1950 Dei
578 1904 768 1966 praeter
812 1893 1105 1949 Ecclesiam
1155 1891 1328 1947 inanis
1372 1898 1471 1946 est.
1531 1890 1727 1944 Parum
1772 1895 1854 1943 est

272 1991 496 2046 laudare
521 1989 685 2044 Deum
707 2029 721 2054 ,
753 1995 810 2043 et
830 1987 1145 2041 annuntiare
1175 2000 1361 2040 omnes
1383 1982 1568 2038 laudes
1589 1982 1703 2052 ejus
1737 1999 1749 2034 ε
1786 1979 1851 2034 1η

271 2085 420 2139 atriis
445 2084 569 2153 filia:
593 2082 718 2137 Sion
749 2081 1027 2135 annuntia.
1064 2079 1146 2134 Ad
1163 2079 1420 2134 unitatem
1447 2075 1602 2131 tende
1625 2077 1647 2107 ³
1673 2116 1688 2140 ,
1742 2073 1851 2128 noli

271 2175 514 2230 dividere
543 2172 828 2244 populum;
859 2171 952 2226 sed
992 2186 1119 2240 rape
1163 2169 1229 2225 ad
1255 2185 1416 2224 unum
1438 2211 1453 2236 ,
1485 2176 1538 2222 et
1558 2166 1640 2221 fac
1661 2181 1846 2219 unum.

272 2271 485 2327 Oblitus
509 2283 628 2324 sum
651 2265 901 2338 quamdiu
930 2264 1060 2320 dixi.
1083 2263 1199 2318 Jam
1229 2263 1376 2317 linito
1421 2260 1634 2316 Psalmo
1659 2301 1673 2326 ,
1705 2266 1759 2312 et
1787 2271 1853 2312 ex

271 2362 377 2417 isto
397 2359 562 2416 odore
589 2359 610 2389 ⁸
645 2355 869 2427 conjicio
912 2370 997 2410 me
1019 2353 1325 2410 diuturnum
1371 2350 1621 2406 habuisse
1649 2363 1854 2403 sermo-

269 2468 394 2508 nem
425 2469 438 2505 :
469 2449 565 2505 sed
599 2448 786 2504 studiis
821 2447 1012 2502 vestris
1055 2461 1162 2500 non
1208 2443 1446 2508 sufﬁcio;
1477 2439 1695 2496 violenti
1725 2439 1854 2494 estis

276 2545 438 2600 nimis
469 2561 482 2599 :
516 2543 717 2599 utinam
766 2541 868 2598 ista
919 2540 1166 2597 violentia
1191 2539 1410 2610 rapiatis
1436 2551 1657 2607 regnum
1684 2534 1853 2590 coelo-

270 2638 432 2693 runt!

637 2844 719 2907 IN
769 2841 1148 2907 PSALMUM
1191 2839 1459 2903 LXXIII

841 2964 1257 3022 ENARRATIO.

786 3085 956 3127 SEMO
985 3088 1052 3126 AD
1081 3085 1342 3126 POPULUI.

352 3189 404 3242 i.
448 3186 599 3259 [vers.
645 3183 722 3256 1.]
757 3183 953 3239 Psalmi
996 3182 1151 3252 hujus
1193 3181 1376 3236 titulus
1413 3187 1495 3234 est
1525 3197 1540 3234 :
1566 3178 1860 3234 Intellectus

269 3280 470 3350 Asaph.
500 3276 679 3347 Asaph
705 3276 865 3331 latine
887 3274 1257 3346 Congregatio,
1283 3289 1453 3345 graece
1481 3273 1755 3345 Synagoga
1779 3272 1859 3327 di-

270 3376 435 3430 citur.
474 3372 762 3428 Videamus
790 3371 916 3442 quid
955 3370 1274 3426 intellexerit
1302 3370 1398 3424 ista
1435 3384 1720 3440 synagoga.
1751 3368 1859 3426 Nos

267 3474 454 3521 autem
496 3463 851 3533 intelligamus
887 3463 1129 3532 primitus
1164 3476 1518 3532 synagogam;
1551 3460 1741 3514 exinde
1775 3461 1860 3514 in-

269 3558 578 3626 telligemus
603 3554 731 3625 quid
760 3553 1079 3608 intellexerit
1109 3567 1392 3623 synagoga.
1423 3550 1608 3606 Omnis
1634 3565 1860 3621 congre-

265 3647 416 3718 gatio
441 3645 678 3718 generali
717 3643 932 3698 nomine
960 3658 1222 3713 synagoga
1261 3643 1554 3711 appellatur
1582 3660 1595 3696 :
1624 3651 1677 3697 et
1705 3656 1862 3711 peco-

267 3755 390 3794 rum
420 3748 475 3794 et
506 3737 779 3792 hominum
808 3743 980 3804 potest
1013 3735 1115 3790 dici
1150 3736 1520 3805 congregatio;
1549 3750 1652 3788 non
1681 3742 1860 3790 autem

269 3835 360 3889 hic
403 3846 654 3904 pecorum
691 3829 1027 3900 congregatio
1063 3837 1176 3893 est,
1206 3827 1416 3898 quando
1451 3827 1744 3882 audivimus
1781 3827 1860 3881 in-

267 3926 567 3981 tellectum.
610 3921 742 3977 Nam
784 3922 942 3976 homo
983 3935 1102 3976 cum
1145 3921 1199 3975 in
1233 3936 1292 3975 se
1330 3919 1622 3990 neglexerit
1658 3919 1863 3976 intelle-

266 4028 419 4073 ctum
450 4016 505 4069 in
531 4014 733 4068 honore
758 4012 980 4081 positus,
1009 4010 1134 4078 quid
1160 4009 1225 4064 de
1251 4010 1344 4065 illo
1372 4010 1568 4064 dictum
1592 4010 1860 4067 estaudi:

269 4109 446 4163 Homo
474 4108 528 4159 in
558 4105 744 4157 honore
783 4104 970 4175 positus
999 4121 1099 4157 non
1135 4103 1376 4157 intellexit
1399 4121 1418 4168 ;
1446 4113 1761 4174 comparatus
1789 4112 1862 4158 est

259 4198 514 4272 jumentis
533 4195 817 4256 insensatis,
839 4204 883 4248 et
899 4193 1076 4248 similis
1095 4197 1256 4265 [actus
1276 4203 1347 4246 est
1367 4195 1467 4246 illis
1486 4193 1658 4264 (Psal.
1680 4207 1857 4263 vant,

269 4292 389 4363 13).
419 4288 553 4358 Quia
579 4303 706 4359 ergo
731 4303 838 4341 non
869 4295 953 4341 est
981 4301 1230 4357 pecorum
1259 4287 1615 4357 congregatio,
1645 4303 1745 4343 nec
1771 4288 1861 4344 diu

265 4384 648 4442 disserendum
670 4391 773 4450 est,
798 4398 898 4438 nec
917 4381 1218 4453 diligentius
1237 4383 1743 4447 commendandum;
1768 4382 1862 4439 sed

265 4478 396 4550 quia
440 4477 711 4530 hominum
741 4483 850 4544 est,
883 4491 1106 4546 quorum
1147 4475 1421 4530 hominum
1462 4476 1530 4530 sit
1567 4476 1667 4531 hoc
1697 4476 1861 4531 debe-

265 4585 397 4626 mus
427 4569 744 4639 intelligere.
777 4567 889 4622 Non
921 4570 1102 4637 utique
1127 4582 1309 4622 eorum
1337 4567 1606 4621 hominum
1637 4577 1739 4634 est,
1772 4568 1861 4638 qui

265 4663 324 4720 in
354 4662 564 4716 honore
593 4659 748 4730 positi
774 4675 877 4713 non
908 4660 1281 4729 intelligentes,
1311 4659 1602 4730 comparati
1633 4669 1754 4714 sunt
1775 4660 1864 4730 ju—

267 4754 471 4809 tnentis
495 4752 793 4814 insensatis,
821 4759 874 4806 et
895 4751 1093 4805 similes
1118 4749 1240 4804 facti
1267 4759 1389 4804 sunt
1412 4751 1490 4805 eis
1511 4767 1531 4824 ;‘
1555 4750 1648 4805 sed
1675 4767 1863 4806 eorum

266 4847 365 4916 qui
413 4844 730 4914 intelligunt.
765 4842 1070 4897 Prtescribit
1108 4841 1246 4895 enim
1288 4840 1390 4895 hoc
1416 4841 1600 4896 titulus
1630 4841 1859 4911 Psalmi,

266 4940 462 4997 dicens
490 4957 505 4992 :
541 4937 830 4992 Intellectus
856 4936 1052 5006 Asaph.
1097 4933 1437 5004 lntelligens‘
1463 4949 1591 5003 ergo
1619 4934 1860 5004 quaedam

267 5030 620 5101 congregatio
641 5038 739 5094 est,
767 5028 918 5097 cujus
938 5042 1120 5082 vocem
1143 5025 1371 5080 audituri
1395 5040 1595 5079 sumus.
1619 5024 1724 5079 Sed
1740 5039 1864 5094 quo-

267 5125 421 5180 niam
469 5124 680 5194 proprie
720 5123 995 5194 Synagoga
1027 5120 1164 5174 dicta
1195 5126 1278 5174 est
1308 5118 1647 5188 congregatio
1681 5118 1862 5189 populi

265 5215 460 5282 Israel,
493 5216 564 5269 ita
590 5224 649 5270 ut
677 5215 992 5282 ubicumque
1020 5210 1342 5266 audierimus
1371 5209 1723 5283 Syjiagogam,
1755 5223 1861 5264 non

263 5308 384 5362 iam
429 5306 696 5361 soleamus
738 5305 1032 5374 intelligere
1074 5303 1175 5358 nisi
1215 5301 1466 5372 populum
1515 5299 1861 5376 Iudaeorum;

267 5397 556 5455 videamus
585 5412 652 5452 ne
691 5395 828 5452 forte
867 5394 1033 5465 ipsius
1062 5409 1165 5449 vox
1196 5393 1265 5448 sit
1293 5393 1348 5447 in
1375 5393 1477 5448 iste
1505 5391 1726 5464 psalmo,
1755 5389 1863 5448 Sed

344 5579 365 5648 ξ
396 5574 848 5648 βίᾳ1ὶ155η-Αῐξῦάιε
871 5579 923 5648 e_t_
938 5572 1082 5648 saties
1102 5579 1148 5648 te
1177 5585 1288 5648 cum
1303 5571 1593 5624 amatoribus
1617 5585 1740 5648 elus.

345 5642 366 5672 ²
399 5639 534 5700 Edd.,
567 5639 772 5689 attende.
800 5633 855 5700 Αι
891 5644 1015 5694 mss,
1037 5637 1216 5700 tende:
1243 5633 1504 5698 pluresque
1530 5648 1594 5685 ex
1629 5633 1688 5685 iis
1724 5635 1866 5699 paulo

267 5709 392 5766 post
411 5701 612 5760 habent,
640 5712 758 5763 rape
781 5699 844 5747 ad
869 5711 1017 5746 unum
1033 5705 1081 5770 et
1091 5699 1172 5770 fac
1195 5710 1358 5748 unam.

277 5823 293 5826 Α
350 5765 369 5794 ³
404 5765 580 5826 Regius
615 5763 758 5826 liber,
797 5760 992 5810 ardore.
1017 5759 1104 5808 Alu
1140 5767 1244 5810 Mss.
1283 5772 1393 5809 cum
1424 5757 1558 5822 ald,
1582 5756 1733 5812 odore
1761 5770 1863 5812 :an

262 5823 744 5896 forlte_pfo,_sudore.
1078 5883 1168 5896 -η
1240 5881 1250 5891 ι

348 5884 371 5917 δ
402 5880 473 5936 sic
493 5880 676 5950 aliquot
707 5896 809 5938 Mss.
836 5881 921 5933 Alli
946 5895 1055 5933 cum
1077 5883 1210 5941 add,
1232 5880 1512 5935 intellectus.

1336 385 1732 446 ENARRATIO
1769 386 1836 444 IN
1873 386 2196 446 PSALMUM
2236 387 2472 445 LXXIII.

3433 401 3538 458 930

1956 501 2194 571 qualium
2217 501 2543 568 Iudaeorum,
2566 511 2620 558 et
2640 504 2810 574 qualis
2830 506 3009 576 populi
3029 507 3231 564 Israel?
3251 508 3366 565 Non
3393 513 3537 568 enim

1958 595 2144 664 paleas,
2174 596 2266 651 sed
2299 596 2431 650 forte
2461 596 2706 652 frumenti
2740 597 2946 670 (Matth.
2978 616 3053 668 ιιι,
3084 601 3202 670 12);
3232 619 3335 658 non
3361 620 3539 660 rantu-

1957 699 2073 739 rum
2107 685 2392 741 fractorum
2424 684 2612 760 (Rom.
2643 703 2716 755 xi,
2748 689 2872 760 l7),
2901 690 2995 744 sed
3029 690 3163 747 forte
3191 693 3537 753 conﬁrmato-

1955 791 2094 832 rum.
2119 775 2242 831 Non
2271 778 2402 832 enim
2429 795 2598 833 omnes
2623 779 2710 849 qui
2733 790 2849 834 sunt
2874 797 2934 834 ex
2954 780 3134 849 Israel,
3161 785 3212 838 hi
3231 795 3346 840 sunt
3366 787 3540 843 Israe-

1959 867 2061 922 litte
2077 885 2098 935 ;
2119 869 2207 922 sed
2230 869 2282 922 in
2309 869 2476 935 Isaac,
2508 870 2696 942 inquit,
2726 873 2980 927 vocabitur
3001 875 3086 929 tibi
3106 893 3268 932 semen
3290 896 3307 934 :
3330 881 3421 935 hoc
3439 891 3534 950 est,

1956 978 2056 1015 non
2082 963 2133 1016 hi
2159 963 2244 1035 qui
2270 965 2364 1033 ﬁlii
2393 968 2578 1031 carnis,
2608 967 2660 1020 hi
2689 966 2784 1036 ﬁlii
2812 967 2945 1033 Dei;
2967 968 3054 1023 sed
3075 970 3171 1038 ﬁlii
3195 975 3537 1040 promissionis

1957 1053 2261 1124 deputantur
2285 1055 2338 1110 in
2370 1057 2556 1111 semine
2583 1057 2691 1130 (Id.
2722 1075 2797 1127 ix,
2827 1060 2968 1132 6-8).
3007 1060 3141 1116 Sunt
3161 1079 3288 1134 ergo
3319 1069 3534 1136 quidam

1957 1144 2229 1213 lsraclitae,
2257 1164 2324 1204 ex
2344 1151 2534 1222 quibus
2558 1161 2671 1206 erat
2697 1152 2784 1208 ille
2806 1153 2872 1208 de
2899 1170 3005 1224 quo
3031 1155 3229 1212 dictum
3261 1170 3341 1214 est
3370 1178 3381 1214 :
3409 1161 3538 1217 Ecce

1955 1251 2066 1292 vere
2092 1237 2360 1309 Israelita,
2394 1243 2446 1296 in
2475 1259 2571 1314 quo
2600 1243 2747 1298 dolus
2775 1261 2876 1299 non
2905 1255 2977 1300 est
3006 1245 3184 1318 (Joan.
3213 1265 3250 1316 ι,
3282 1251 3394 1322 47).
3422 1251 3537 1308 Non

1957 1334 2248 1389 secundum
2275 1335 2375 1391 hoc
2395 1336 2535 1405 dico,
2563 1337 2704 1408 quod
2727 1347 2778 1394 et
2798 1355 2897 1395 nos
2917 1340 3167 1398 Israelita:
3190 1359 3390 1408 sumus,
3416 1347 3536 1414 quia

1955 1432 2010 1480 et
2037 1441 2133 1481 nos
2159 1443 2338 1483 semen
2367 1428 2594 1484 Abrahae
2617 1445 2835 1497 sumus;
2859 1429 3116 1489 Gentibus
3139 1437 3332 1505 quippe
3356 1438 3538 1508 loque-

1955 1518 2110 1576 batur
2149 1521 2433 1593 Apostolus
2455 1565 2470 1592 ,
2514 1539 2634 1580 cum
2670 1524 2870 1580 diceret
2901 1544 2912 1580 :
2944 1525 3080 1598 Ergo
3119 1545 3284 1583 semen
3320 1531 3539 1586 Abrahw

1955 1617 2097 1682 estis,
2129 1621 2404 1673 secundum
2445 1621 2825 1690 promissionem
2863 1621 3084 1675 hwredes
3116 1621 3268 1692 (Gal.
3300 1641 3384 1693 ιιι,
3412 1626 3524 1699 29).

1953 1705 2254 1762 Secundum
2295 1709 2396 1766 hoc
2439 1726 2566 1782 ergo
2609 1727 2795 1766 omnes
2831 1711 3116 1781 Israelitaa,
3148 1715 3236 1786 qui
3267 1717 3537 1786 sequimur

1954 1800 2174 1869 vestigia
2203 1800 2325 1856 fidei
2356 1803 2517 1871 patris
2543 1804 2708 1858 nostri
2737 1804 2983 1859 Abrahae.
3016 1805 3119 1860 Sed
3147 1807 3239 1860 illo
3267 1808 3424 1866 modo
3453 1810 3537 1866 hic

1955 1890 2305 1962 intelligamus
2328 1893 2683 1949 Israclitarum
2711 1912 2917 1962 vocem,
2947 1897 3214 1968 quomodo
3239 1898 3369 1953 dixit
3394 1901 3539 1970 Apo-

1954 1984 2121 2039 stolus
2155 2003 2166 2039 :
2198 1984 2336 2039 Nam
2367 1996 2412 2040 et
2444 2004 2536 2059 ego
2580 1987 2815 2042 Israelita
2847 2006 2958 2043 sum
2986 2006 3049 2043 ea:
3073 1991 3256 2045 semine
3285 1991 3532 2061 Abrahae,

1955 2075 2016 2131 de
2039 2077 2168 2130 tribu
2195 2077 2460 2150 Benjamin
2491 2079 2663 2151 (Rom.
2695 2097 2768 2146 xi,
2800 2081 2876 2149 1).
2909 2080 3004 2136 Hic
3029 2097 3156 2152 ergo
3183 2083 3538 2154 intelligamus

1954 2168 2093 2238 quod
2137 2168 2416 2238 Propheta:
2459 2169 2706 2226 dixerunt
2744 2189 2757 2224 :
2793 2171 3041 2240 Reliquiae
3077 2173 3230 2227 salvae
3266 2174 3386 2241 ﬁent
3413 2173 3535 2246 (Id.

1956 2275 2028 2324 lx,
2057 2260 2172 2330 ‘27).
2205 2261 2565 2332 Reliquiarum
2598 2262 2776 2332 itaque
2803 2263 3123 2318 salvatarum
3149 2264 3423 2319 audiamus
3455 2265 3540 2320 hic
3627 2315 3630 2318 .

1955 2366 2178 2416 vocem;
2213 2361 2268 2406 ut
2301 2352 2545 2423 loquatur
2573 2351 2848 2424 Synagoga
2870 2396 2884 2420 ,
2915 2371 3035 2424 qua:
3070 2366 3347 2426 acceperat
3378 2357 3542 2412 Vetus

1957 2442 2382 2511 Testamentum,
2413 2455 2467 2500 et
2500 2445 2701 2500 intenta
2742 2455 2855 2500 erat
2891 2446 2944 2500 in
2985 2449 3243 2518 promissa
3274 2449 3539 2516 carnalia;

1957 2545 2010 2590 et
2036 2553 2099 2590 ex
2129 2536 2231 2592 hoc
2258 2537 2452 2591 factum
2483 2547 2566 2593 est
2593 2548 2648 2590 ut
2675 2547 2925 2593 natarent
2952 2539 2999 2592 ei
3029 2539 3210 2608 pedes.
3242 2539 3375 2594 Nam
3406 2549 3459 2595 et
3488 2541 3542 2596 in

1955 2626 2063 2680 alio
2091 2626 2318 2696 quodam
2351 2628 2554 2697 psalmo
2574 2669 2588 2694 ,
2621 2626 2710 2681 ubi
2740 2629 2898 2681 etiam
2929 2629 3110 2683 titulus
3142 2629 3300 2684 habet
3336 2631 3538 2701 Asaph,

1959 2720 2084 2791 quid
2122 2721 2349 2776 dicitur?
2390 2721 2554 2788 Quam
2591 2721 2750 2774 bonus
2790 2719 2932 2775 Deus
2968 2719 3136 2778 Israel
3174 2723 3321 2778 rectis
3358 2723 3543 2778 corde!

1962 2813 2070 2868 Mei
2091 2824 2257 2869 autem
2281 2831 2405 2887 pene
2432 2815 2554 2870 moti
2582 2823 2699 2870 sunt
2737 2816 2904 2887 pedes.
2934 2816 3000 2871 Et
3024 2816 3172 2886 quasi
3198 2815 3494 2874 diceremus
3524 2835 3537 2872 :

1960 2906 2112 2969 Unde
2139 2908 2232 2964 tibi
2261 2910 2388 2965 mcti
2420 2919 2542 2965 sunt
2571 2909 2776 2980 pedes?
2807 2909 2974 2963 Paulo
3004 2910 3197 2975 minus,
3231 2910 3433 2981 inquit,
3465 2911 3543 2982 ef-

1961 3005 2064 3076 fusi
2082 3012 2195 3058 sunt
2214 3020 2412 3075 gressus
2441 3004 2554 3070 mei,
2580 3004 2699 3074 quia
2723 3003 2880 3057 zelavi
2905 3004 2957 3057 in
2985 3004 3341 3073 peccatoribus,
3371 3021 3544 3075 pacem

1962 3108 2276 3168 peccatorum
2320 3099 2540 3152 intuens.
2586 3096 2721 3152 Cum
2767 3097 2909 3151 enim
2952 3097 3241 3152 secundum
3283 3098 3544 3168 promissa

1963 3191 2056 3246 Dei
2083 3190 2149 3245 ad
2174 3191 2336 3246 Vetus
2357 3191 2756 3246 Testamentum
2785 3189 3099 3259 pertinentia
3123 3197 3454 3261 exspectaret
3478 3189 3547 3246 fe-

1962 3282 2218 3340 licitatem
2244 3292 2506 3338 terrenam
2527 3323 2543 3348 ,
2572 3281 2942 3336 animadvertit
2968 3295 3086 3335 eam
3110 3280 3379 3336 abundare
3406 3280 3545 3350 apud

1963 3375 2190 3445 impios;
2220 3375 2272 3429 in
2301 3374 2384 3430 his
2409 3375 2570 3429 rebus
2599 3389 2730 3444 quas
2760 3373 3105 3443 exspectabat
3129 3369 3314 3439 a'Deo,
3346 3374 3546 3443 pollere

1961 3468 2080 3524 illos
2108 3467 2197 3539 qui
2227 3483 2332 3522 non
2361 3467 2601 3523 colerent
2628 3467 2830 3532 Deum;
2863 3476 2916 3522 et
2951 3477 3196 3537 tanquam
3233 3467 3350 3522 sine
3386 3482 3545 3523 causa

1962 3559 2072 3616 Deo
2098 3559 2368 3625 servisset,
2394 3566 2714 3614 nutaverunt
2743 3557 2904 3628 pedes
2929 3556 3064 3626 ejus.
3095 3557 3169 3612 Ibi
3197 3558 3340 3612 enim
3370 3556 3496 3613 dicit
3527 3574 3541 3612 :

1963 3651 2096 3706 Ecce
2119 3652 2218 3721 ipsi
2253 3659 2565 3721 peccatores,
2595 3658 2645 3705 et
2671 3648 2980 3704 abundantes
3016 3648 3069 3702 in
3106 3649 3290 3703 swculo
3316 3649 3544 3705 obtinue-

1961 3753 2080 3798 runt
2119 3743 2336 3797 divitias.
2379 3740 2643 3813 Numquid
2682 3741 2736 3794 in
2780 3757 2908 3795 vano
2941 3740 3219 3810 justiﬁcavi
3258 3757 3344 3796 cor
3385 3759 3546 3796 meum

1963 3835 2136 3909 (Psal.
2165 3852 2324 3901 Lxxu,
2355 3837 2407 3901 1,
2435 3835 2491 3901 2,
2521 3836 2575 3901 5,
2610 3835 2700 3902 I2,
2730 3833 2860 3905 I3)?
2891 3831 3076 3888 Videte
3101 3833 3546 3904 quemadmodum

1964 3929 2122 4000 paulo
2142 3928 2318 3983 minus
2338 3925 2489 3982 eﬂ‘usi
2514 3935 2637 3982 sunt
2663 3940 2878 3997 gressus
2903 3925 3037 3995 ejus,
3067 3933 3124 3978 ut
3146 3923 3254 3994 jam
3284 3924 3425 3980 dicat
3449 3925 3549 3981 sibi

1962 4020 2138 4075 anima
2171 4036 2183 4073 :
2213 4018 2342 4086 Quae
2370 4017 2592 4082 utilitas,
2622 4016 2746 4086 quia
2775 4017 2948 4071 servio
2975 4015 3123 4070 Deo?
3151 4015 3290 4072 Ecce
3324 4016 3414 4071 ille
3443 4033 3546 4071 non

1963 4115 2164 4176 servit,
2203 4119 2257 4164 et
2286 4107 2413 4163 felix
2443 4119 2555 4173 est;
2588 4122 2686 4176 ego
2713 4107 2920 4174 servio,
2951 4114 3004 4160 et
3034 4107 3235 4160 laboro.
3273 4107 3547 4161 Postremo

1965 4211 2091 4275 puta
2120 4201 2242 4273 quia
2271 4213 2369 4271 ego
2399 4198 2523 4255 felix
2553 4212 2671 4255 sum
2696 4213 2711 4265 ;
2743 4196 2955 4269 quando
2988 4206 3041 4252 et
3071 4196 3159 4252 ille
3196 4197 3319 4252 felix
3350 4197 3545 4267 estqui

1936 4308 2069 4353 ‘non
2113 4295 2308 4362 servit,
2338 4309 2500 4364 quare
2542 4307 2627 4346 me
2667 4299 2845 4362 putem
2889 4289 3006 4344 ideo
3045 4288 3250 4344 felicem
3279 4303 3396 4344 esse
3425 4289 3544 4358 quia

1963 4387 2172 4445 servio?
2193 4386 2282 4440 llle
2301 4393 2475 4439 autem
2497 4383 2730 4454 psalmus
2747 4382 2896 4451 cujus
2919 4380 3278 4436 testimonium
3301 4379 3542 4450 produxi,

1964 4478 2218 4552 praecedit
2243 4478 2400 4533 istum
2430 4483 2588 4546 quem
2614 4488 2756 4529 nunc
2781 4473 2834 4528 in
2863 4471 3107 4527 manibus
3137 4471 3411 4533 habemus.

2033 4573 2087 4627 2.
2118 4571 2423 4641 Opportune
2447 4576 2623 4623 autem
2653 4581 2759 4622 non
2776 4581 2844 4620 ex
2873 4573 3072 4629 nostra,
3102 4562 3195 4618 sed
3222 4578 3285 4618 ex
3315 4561 3408 4617 Dei
3436 4561 3550 4618 dis-

1964 4663 2274 4734 pensatione
2299 4661 2496 4715 factum
2524 4667 2625 4724 est,
2653 4666 2710 4712 ut
2752 4655 2911 4711 modo
2951 4653 3254 4710 audiremus
3281 4669 3348 4710 ex
3378 4654 3550 4710 Evan-

1964 4756 2132 4828 gelio,
2166 4755 2297 4822 Quia
2338 4752 2419 4808 lex
2457 4769 2544 4823 per
2574 4751 2784 4822 Moysen
2817 4749 2937 4803 data
2961 4757 3068 4815 est;
3098 4745 3273 4802 Gratia
3301 4758 3345 4800 et
3373 4747 3551 4801 ueritas

1966 4865 2057 4919 per
2082 4847 2258 4902 Jesum
2289 4844 2541 4900 Christum
2578 4846 2712 4916 facta
2751 4850 2823 4896 est
2851 4840 3042 4914 (Joan.
3071 4856 3110 4906 ι,
3152 4839 3280 4910 I7).
3315 4837 3370 4894 Si
3409 4839 3550 4894 enim

1965 4941 2319 4998 discernimus
2347 4939 2452 4994 duo
2491 4937 2827 4991 Testamenta
2849 4974 2864 5001 ,
2893 4932 3061 4988 Vetus
3086 4941 3139 4987 et
3167 4931 3372 4987 Novum
3396 4973 3410 4996 ,
3446 4946 3552 4984 non

1966 5041 2092 5087 sunt
2115 5031 2300 5087 eadem
2327 5030 2690 5093 Sacramenta,
2714 5040 2810 5080 nec
2834 5024 3019 5080 eadem
3045 5023 3339 5094 promissa;
3367 5019 3552 5076 eadem

1967 5132 2143 5179 tamen
2190 5123 2440 5193 pleraque
2480 5126 2764 5190 praecepta.
2805 5116 2935 5172 Nam
2958 5157 2973 5183 ,
3010 5115 3131 5170 Non
3176 5113 3396 5179 occides,
3429 5111 3554 5166 Non
3593 5134 3599 5141 ·

1966 5214 2310 5277 maechaberis,
2342 5212 2463 5266 Non
2492 5209 2758 5284 furaberis,
2789 5207 3002 5264 Honora
3029 5218 3221 5278 patrem
3250 5215 3292 5260 et
3320 5214 3550 5272 matrem,

1970 5307 2090 5363 Non
2120 5307 2306 5378 falsum
2336 5305 2673 5359 testimonium
2700 5301 2888 5356 dixeris
2909 5343 2922 5367 ,
2955 5300 3076 5354 Non
3105 5296 3421 5366 concupisces
3447 5312 3553 5350 rem

1969 5402 2186 5474 proximi
2205 5399 2295 5466 tui,
2321 5397 2442 5452 Non
2462 5396 2782 5468 concupisces
2803 5409 3008 5450 uxorem
3030 5389 3245 5461 proximi
3267 5390 3338 5443 tui
3358 5387 3549 5461 (Exod.

1966 5511 2071 5562 xx,
2105 5493 2267 5549 12-17
2289 5494 2305 5561 )
2325 5533 2341 5558 ,
2368 5499 2422 5545 et
2449 5490 2602 5545 nobis
2631 5499 2947 5560 prmeeptum
2977 5491 3097 5549 est;
3135 5491 3192 5538 et
3227 5481 3459 5553 quisquis
3489 5496 3552 5537 ea

1967 5603 2072 5643 non
2099 5582 2493 5647 observaverit,
2522 5581 2695 5637 deviat
2713 5621 2729 5648 ,
2757 5594 2854 5634 nec
2891 5575 3108 5632 omnino
3137 5573 3327 5644 dignus
3355 5581 3439 5628 est
3463 5571 3553 5642 qui

1966 5678 2214 5749 accipere
2235 5675 2254 5708 ⁸
2282 5683 2550 5730 mereatur
2577 5682 2810 5727 montem
2837 5675 3080 5723 sanctum
3107 5665 3223 5732 Dei,
3250 5663 3317 5719 de
3345 5677 3448 5734 quo
3473 5663 3554 5717 di-

1965 5778 2114 5829 ctum
2148 5777 2233 5827 est
2263 5785 2277 5821 :
2309 5765 2436 5836 Quis
2464 5767 2704 5822 habitabit
2735 5766 2790 5820 in
2818 5761 3138 5819 tabernaculo
3175 5769 3298 5825 tuo;
3326 5766 3414 5814 aut
3438 5761 3552 5829 quis

2032 5877 2052 5921 ³
2084 5881 2185 5940 Duo
2201 5889 2332 5947 Mss.
2353 5883 2629 5938 ascendere.

3357 6002 3385 6011 -ο
