4076 6462
563 362 669 434 951

536 481 829 564 requiescet
853 490 909 545 in
933 498 1100 545 monte
1125 496 1301 543 sancto
1327 494 1413 542 tuo
1438 483 1611 557 (Paul.
1640 500 1757 553 xlv,
1782 484 1872 555 t)?
1899 485 2148 541 Iunones:

563 585 827 650 manibus,
858 592 903 636 et
928 581 1117 648 mundo
1148 580 1333 636 corde‘
1361 576 1544 652 (Psal.
1585 593 1748 644 mn,
1779 577 1869 647 4).
1904 576 2148 633 Discussa

564 691 689 747 ergo
718 682 1000 747 praecepta.
1027 681 1119 731 aut
1146 672 1323 728 omnia
1347 670 1532 726 eadem
1563 668 1920 735 inveniuntur,
1946 676 2038 725 aut
2064 668 2149 721 vix

563 766 739 837 aliqua
770 765 824 820 in
864 763 1152 835 Evangelia
1178 778 1297 833 qum
1334 776 1438 815 non
1476 759 1616 816 dicta
1655 758 1762 814 sint
1787 773 1816 813 a
1847 756 2146 827 Prophetis.

566 857 838 927 Praecepta
876 856 1096 920 eadem;
1132 854 1472 911 Sacramenta
1502 866 1608 906 non
1633 848 1821 906 eadem
1840 890 1856 915 ,
1888 847 2150 919 promissa

567 966 672 1006 non
704 949 911 1006 eadem.
947 948 1229 1003 Videamus
1258 959 1422 1015 quare
1463 952 1725 1014 praecepta
1765 940 1953 997 eadem
1981 956 1995 993 :
2026 939 2148 1009 quia

564 1043 856 1102 secundum
883 1043 996 1098 haec
1023 1042 1131 1097 Deo
1150 1042 1355 1097 servire
1371 1038 1649 1096 debemus.
1676 1036 2018 1099 Sacramenta
2042 1048 2146 1090 non

564 1137 774 1201 eadem,
798 1137 920 1207 quia
944 1135 1046 1191 alia
1070 1142 1195 1190 sunt
1212 1131 1555 1191 Sacramenta
1577 1130 1753 1187 dantia
1779 1129 2026 1193 salutem,
2047 1127 2147 1183 alia

565 1227 923 1299 promittentia
941 1226 1288 1282 Salvatorem.
1313 1222 1656 1279 Sacramenta
1675 1219 1807 1277 Novi
1825 1218 2149 1281 Testamenti

563 1320 690 1375 dant
715 1318 972 1383 salutem;
998 1315 1337 1373 Sacramenta
1362 1313 1573 1370 Veteris
1597 1312 1922 1375 Teatameuti
1952 1310 2150 1381 promi-

564 1420 748 1467 serunt
776 1410 1125 1466 Salvatorem.
1157 1406 1290 1466 Cum
1324 1424 1451 1480 ergo
1485 1406 1593 1478 jam
1633 1415 1815 1463 teneas
1853 1404 2145 1475 promissa,

562 1503 688 1573 quid
724 1504 916 1573 quaeris
957 1502 1314 1574 promittentia
1338 1542 1354 1567 ,
1396 1500 1598 1557 habens
1633 1501 1745 1569 jam
1782 1496 2149 1554 Salvatorem?

561 1594 673 1651 Hoc
702 1595 843 1663 dico,
873 1605 1054 1653 teneas
1082 1595 1402 1667 promissa’,
1433 1609 1537 1650 non
1564 1591 1707 1665 quod
1741 1591 1852 1662 jam
1877 1590 2149 1660 acceperi-

561 1705 684 1745 mus
708 1691 871 1745 vitam
898 1699 1190 1756 aeternam;
1220 1689 1315 1745 sed
1339 1688 1461 1760 quia
1495 1687 1607 1758 jam
1642 1687 1847 1743 venerit
1875 1684 2147 1751 Christus,

560 1783 647 1853 qui
686 1797 780 1853 per
819 1781 1111 1852 Prophetas
1145 1779 1615 1853 praenuntiabatur.
1657 1778 1851 1833 Mutata
1890 1786 2011 1831 sunt
2050 1775 2149 1833 Sa~

560 1883 867 1940 eramenta;
898 1873 1032 1930 facta
1063 1881 1189 1930 sunt
1214 1873 1449 1929 faciliora
1467 1915 1481 1939 ,
1508 1871 1757 1943 pauciora
1775 1911 1792 1937 ,
1821 1868 2144 1935 salubriora,

560 1962 819 2020 feliciora.
850 1964 1116 2021 Promissa
1142 1980 1305 2034 quare
1338 1979 1445 2019 non
1472 1962 1698 2019 eadem?
1726 1961 1860 2030 Quia
1890 1961 2149 2030 promissa

561 2064 644 2115 est
670 2066 810 2114 terra
836 2056 1086 2113 Chanaan
1108 2100 1124 2126 ,
1156 2045 1294 2113 terra
1318 2058 1532 2127 copiosa
1552 2098 1567 2124 ,
1597 2056 1895 2120 fructuosa,
1927 2053 2149 2111 afﬂuens

561 2147 702 2204 lacte
734 2158 788 2204 et
817 2149 1012 2214 melle;
1044 2150 1362 2218 promissum
1405 2163 1627 2218 regnum
1669 2145 1990 2216 temporale,
2020 2158 2150 2215 pro-

561 2244 724 2297 missa
754 2240 976 2297 felicitas
1005 2240 1184 2296 seaculi
1206 2283 1222 2307 ,
1257 2240 1515 2312 promissa
1550 2238 1845 2318 fecunditas
1881 2236 2145 2304 ﬁliorum,

560 2332 821 2403 promissa
861 2332 1122 2401 subiectio
1163 2332 1499 2387 inimicorum
1526 2329 1730 2401 (Exod.
1770 2344 1863 2396 ιιι,
1891 2329 1956 2397 8)
1991 2347 2004 2381 :
2034 2326 2149 2383 haec

560 2423 739 2479 omnia
769 2422 834 2479 ad
866 2432 1131 2480 terrenam
1170 2423 1475 2479 felicitatem
1516 2422 1802 2493 pertinent.
1841 2419 1947 2477 Sed
1984 2434 2149 2491 quare

559 2515 675 2586 ipsa
693 2515 867 2585 primo
887 2513 1121 2586 promitti
1145 2514 1455 2586 oportebat?
1474 2514 1609 2582 Quia
1636 2532 1655 2565 ι
1685 2529 1788 2568 non
1817 2513 1987 2584 primo
2007 2512 2148 2584 quod

558 2607 833 2676 spirituale
869 2616 983 2673 est,
1016 2606 1110 2665 sed
1146 2607 1290 2676 quod
1329 2607 1592 2673 animale;
1634 2616 1854 2677 postea,
1892 2624 1913 2659 ι
1944 2606 2142 2675 inquit,

561 2718 582 2752 ι
616 2699 913 2771 spirituale.
946 2700 1154 2757 Primus
1190 2703 1349 2755 homo
1375 2700 1441 2756 de
1470 2708 1608 2757 terra
1641 2708 1920 2766 terrenus;
1951 2712 2145 2763 secun—

555 2790 657 2851 dus
686 2792 847 2847 homo
873 2791 943 2848 de
970 2792 1109 2850 crelo
1133 2792 1369 2849 caelestis
1398 2809 1412 2844 :
1442 2791 1610 2863 qualis
1637 2800 1902 2858 terrenus,
1932 2790 2066 2845 tales
2094 2798 2148 2849 et

555 2884 786 2950 terreni;
824 2894 877 2939 et
913 2884 1084 2956 qualis
1125 2884 1395 2948 caelestis,
1430 2883 1561 2939 tales
1601 2891 1651 2938 et
1690 2882 1955 2938 caelestes.
1999 2880 2147 2937 Sicut

556 2979 884 3049 portavimus
914 2977 1195 3049 imaginem
1223 2978 1456 3043 terreni,
1484 2985 1757 3047 portemus
1781 2984 1835 3031 et
1860 2975 2142 3046 imaginem

557 3069 672 3141 ejus
697 3070 785 3141 qui
813 3070 881 3126 de
909 3070 1045 3127 cmlo
1074 3080 1154 3129 est
1186 3089 1203 3122 ι
1241 3069 1299 3140 (1
1326 3068 1443 3125 Cor.
1477 3087 1566 3135 xv,
1594 3065 1813 3143 46-49.).
1846 3068 1927 3125 Ad
1957 3068 2142 3139 imagi-

557 3176 678 3216 nem
709 3164 907 3219 terreni
949 3163 1175 3232 pertinet
1209 3162 1366 3218 Vetus
1393 3162 1828 3226 Testamentum;
1860 3159 1926 3215 ad
1955 3159 2143 3229 imagi-

558 3263 679 3303 nem
705 3248 939 3303 coelestis
963 3246 1165 3304 Novum
1192 3248 1610 3305 Testamentum.
1640 3246 1745 3302 Sed
1771 3261 1838 3302 ne
1865 3246 2143 3317 quisquam

557 3348 767 3413 putaret
801 3339 870 3394 ab
908 3340 1012 3395 alio
1046 3339 1240 3395 factum
1278 3354 1399 3397 esse
1436 3339 1702 3395 hominem
1744 3346 2009 3394 terrenum
2031 3377 2046 3403 ,
2076 3337 2145 3391 ab

555 3430 660 3486 alio
684 3431 954 3487 caelestem
979 3448 993 3497 ;
1022 3431 1142 3486 ideo
1167 3432 1309 3486 Deus
1332 3430 1621 3488 os1eudens
1644 3444 1703 3485 se
1726 3443 1844 3485 esse
1869 3429 2145 3498 utriusque

554 3532 874 3591 creatorem,
900 3523 1058 3579 etiam
1090 3522 1363 3594 utriusque
1392 3520 1716 3576 Testamenti
1746 3534 1805 3576 se
1833 3534 1953 3577 esse
1982 3519 2146 3574 voluit

555 3623 863 3679 auctorem;
890 3626 948 3670 ut
974 3623 1029 3671 et
1057 3622 1271 3670 terrena
1296 3615 1630 3685 promitteret
1657 3612 1711 3669 in
1738 3611 1929 3669 Vetere
1955 3611 2145 3669 Testa-

556 3717 758 3775 mento,
785 3717 837 3762 et
859 3707 1095 3763 coelestia
1125 3708 1178 3761 in
1204 3705 1353 3763 Novo
1373 3707 1735 3783 Testamento.
1763 3704 1869 3760 Sed
1894 3703 2143 3774 quamdiu

557 3798 745 3870 prius’
785 3796 946 3859 homo
987 3808 1230 3853 terrenus
1271 3797 1364 3853 es?
1405 3796 1661 3867 quamdiu
1708 3805 1917 3853 terrena
1962 3793 2142 3865 sapis?

557 3888 822 3960 Numquid
866 3890 1113 3959 quoniam
1162 3902 1327 3959 puero
1372 3887 1564 3942 dantur
1605 3878 1845 3957 qumdam
1891 3885 2140 3957 puerilia,

560 3978 764 4036 ludicra
801 3979 992 4050 quibus
1031 3979 1250 4050 puerilis
1290 3978 1497 4032 animus
1540 3984 1820 4041 avocetur,
1862 3985 2144 4048 propterea

559 4072 930 4146 grandescenti
960 4086 1064 4129 non
1090 4069 1141 4127 ei
1167 4068 1504 4126 excutiuntur
1528 4085 1558 4124 e
1582 4068 1844 4135 manibus,
1869 4076 1927 4122 ut
1948 4066 2144 4137 aliquid

557 4168 664 4239 jam
703 4166 881 4222 utilius
916 4172 1139 4245 :ractet,
1169 4162 1310 4235 quod
1347 4162 1602 4234 grandem
1641 4161 1830 4218 decet?
1866 4160 2142 4221 Verumta-

562 4276 681 4314 men
712 4267 766 4313 tu
796 4259 909 4329 ipse
938 4255 1128 4312 dedisti
1161 4255 1271 4311 ﬁlio
1299 4263 1410 4322 tuo,
1437 4264 1489 4310 et
1520 4268 1682 4308 nuces
1713 4252 1949 4322 parvulo,
1978 4260 2025 4305 et
2054 4264 2143 4305 co-

561 4352 734 4407 dicem
764 4349 972 4422 grandi.
1000 4348 1114 4403 Non
1141 4362 1269 4418 ergo
1288 4386 1305 4415 ,
1336 4346 1459 4419 quia
1490 4344 1576 4399 illa
1602 4344 1750 4415 quasi
1782 4343 1980 4398 ludicra
2015 4357 2143 4414 pue-

560 4459 740 4499 rorum
792 4441 931 4495 Deus
974 4455 1069 4511 per
1111 4437 1315 4494 Novum
1361 4435 1758 4492 Testamentum
1806 4432 2037 4490 excussit
2079 4432 2145 4488 de

562 4534 804 4590 inanibus
828 4530 1079 4595 filiorum,
1105 4539 1162 4583 ut
1187 4527 1387 4599 aliquid
1410 4527 1587 4581 utilius
1611 4527 1764 4581 daret
1787 4524 2143 4597 grandesccn-

564 4627 724 4693 tibus,
750 4632 1031 4694 propterea
1062 4621 1236 4693 priora
1262 4618 1350 4675 illa
1377 4635 1481 4675 non
1513 4619 1627 4689 ipse
1648 4617 1859 4674 dedisse
1884 4614 2145 4688 putandus

563 4724 685 4771 est:
720 4716 831 4787 ipse
858 4725 1140 4786 utrumque
1166 4712 1330 4767 dedit.
1369 4710 1472 4768 Sed
1512 4708 1619 4766 Lm:
1658 4710 1769 4780 ipsa
1808 4727 1894 4778 per
1934 4708 2145 4781 Moysen

563 4810 682 4865 data
707 4819 778 4864 est
794 4826 812 4876 ;
840 4807 1017 4863 Gratia
1045 4817 1091 4862 et
1119 4807 1300 4875 veritas
1327 4822 1415 4877 per
1439 4803 1614 4859 Iesum
1642 4803 1892 4858 Christum
1917 4803 2052 4872 facta
2075 4811 2144 4857 est

565 4904 756 4977 (Joan.
786 4918 838 4969 ι,
871 4899 973 4971 17)
1004 4919 1016 4955 :
1049 4900 1241 4972 gratia,
1273 4898 1394 4969 quia
1436 4896 1684 4968 impletur
1712 4910 1805 4965 per
1832 4892 2145 4948 eharitatem

563 4996 702 5069 quod
745 5010 839 5067 per
881 4994 1107 5048 litteram
1144 4991 1461 5063 jubebatur;
1491 4988 1707 5053 veritas,
1750 4987 1871 5057 quia
1910 4985 2147 5041 redditur

563 5088 703 5161 quod
744 5083 1170 5158 promittebatur.
1213 5082 1323 5137 Hoc
1360 5096 1486 5153 ergo
1520 5078 1779 5135 intellexit
1808 5076 1985 5149 Asaph
2024 5078 2141 5133 istc.

567 5180 803 5250 Denique
831 5176 1009 5235 omnia
1038 5192 1156 5247 qua:
1192 5173 1391 5230 Judaeis
1420 5173 1681 5245 promissa
1712 5173 1947 5238 fuerant,
1975 5171 2144 5228 ablata

562 5283 706 5331 sunt.
736 5271 833 5328 Ubi
872 5278 955 5328 est
990 5283 1211 5341 regnum
1239 5267 1462 5325 eorum?
1492 5267 1578 5323 ubi
1610 5264 1903 5339 templum?
1932 5264 2019 5322 ubi
2046 5281 2146 5321 un-

628 5451 647 5483 ι
683 5449 889 5501 tsthicin
911 5446 1024 5500 Edd.
1062 5445 1467 5510 interponebatur
1504 5458 1521 5495 :
1568 5442 1949 5510 Hrecudicimus,
1971 5447 2147 5510 fratres

562 5510 857 5572 charissim,
880 5518 931 5561 ut
944 5522 1104 5560 omnes
1123 5502 1647 5572 de'Nova'I‘estamento
1666 5506 1862 5572 discatis
1998 5502 2148 5557 ίηιιω.

564 5568 904 5628 rerctcrrctiis
939 5568 1469 5633 rebus,me
1512 5568 2149 5634 adipisci:quodabesta

564 5643 668 5765 fisi.
682 5699 752 5749 sic
765 5695 930 5759 probae
947 5701 1073 5765 notae
1094 5700 1201 5744 uss.
1227 5702 1282 5744 Αι
1298 5702 1429 5753 Lov.,
1447 5692 1735 5743 salvatorem
1758 5690 2074 5756 habetur!“
2094 5692 2147 5741 in

566 5760 655 5815 hoc
677 5766 838 5810 lateas
860 5760 1110 5821 promissa.

631 5820 652 5853 ³
684 5822 756 5870 sic
778 5820 953 5887 Regius
965 5816 1139 5869 codex.
1168 5817 1499 5887 Aliiplerique
1676 5814 1767 5887 sed
1790 5813 2021 5880 quamdiu
2041 5812 2146 5879 pri-

577 5893 703 5941 mus.
726 5888 823 5932 etc.
843 5878 940 5931 una
961 5892 1079 5931 vero
1104 5892 1118 5928 :
1142 5878 1233 5930 sed
1255 5878 1441 5930 tamdiu
1458 5879 1659 5941 prium,
1683 5884 1765 5928 etc

1727 364 1786 425 s.
1825 364 2193 429 AUGUSTINI
2231 337 2537 425 ms'coer

3744 358 3855 422 932

2255 483 2404 540 ctio?
2427 483 2517 540 ubi
2542 480 2837 541 sacerdos!
2858 480 2949 537 ubi
2971 480 3085 552 iam
3104 478 3249 551 apud
3268 478 3389 536 illos
3416 479 3739 550 Propheta!
3772 480 3849 537 Ex

2253 590 2362 647 quo
2397 576 2545 633 venit
2576 576 2666 647 qui
2710 590 2808 647 per
2853 573 3145 645 Prophetas
3183 572 3609 643 pmdicabatur,
3656 574 3712 628 in
3763 574 3849 631 illa

2253 677 2414 739 gente
2444 669 2554 740 jam
2588 667 2723 725 nihil
2750 667 2943 723 horum
2966 674 3087 733 est;
3112 666 3223 737 jam
3248 664 3483 736 perdidit
3508 672 3726 721 terrena
3748 705 3770 734 ,
3797 675 3850 721 et

2254 761 2489 819 nondum
2512 762 2704 833 qumrit
2728 760 2992 818 cmlestia.

2327 856 2380 912 3.
2412 855 2678 913 inhaerere
2703 870 2834 926 ergo
2855 851 3103 918 terrenis,
3129 850 3370 923 quamvis
3398 865 3465 907 ea
3488 851 3630 907 Deus
3654 849 3842 916 donec,

2228 965 2365 1006 ‘non
2390 949 2574 1005 debes.
2602 947 2981 1005 Verumtamen
3018 960 3127 1002 non
3164 944 3290 1016 quia
3328 942 3593 999 inhaerere
3624 943 3708 999 eis
3741 956 3847 999 non

2254 1042 2540 1107 debemus,
2568 1040 2730 1097 alium
2759 1055 2823 1096 ea
2854 1038 3017 1105 dare,
3050 1035 3155 1095 nisi
3188 1035 3357 1092 Deum
3377 1077 3392 1101 ,
3423 1034 3647 1090 credere
3684 1032 3850 1091 debe-

2253 1149 2406 1201 mus;
2438 1134 2551 1204 ipse
2576 1149 2641 1191 ea
2667 1133 2790 1194 dat;
2822 1131 2919 1188 sed
2954 1129 3065 1187 noli
3093 1143 3192 1200 pro
3221 1142 3415 1199 magno
3436 1136 3759 1197 exspectare
3783 1125 3847 1180 ab

2232 1245 2320 1285 eo
2345 1230 2577 1295 bonum,
2608 1227 2750 1300 quod
2776 1226 2868 1282 dat
2890 1234 2947 1282 et
2975 1238 3081 1279 non
3107 1222 3270 1281 bono.
3297 1219 3431 1277 Nam
3454 1220 3503 1277 si
3528 1234 3845 1291 promaguo

2240 1337 2315 1378 ,ea
2343 1322 2527 1380 daret.
2554 1320 2709 1375 malis
2748 1332 2811 1374 ea
2850 1331 2959 1373 non
2993 1316 3167 1372 daret.
3204 1312 3331 1369 Ideo
3368 1320 3548 1369 autem
3584 1326 3651 1367 ea
3682 1310 3846 1366 voiu't

2242 1415 2382 1471 dare
2409 1422 2464 1469 et
2490 1412 2680 1479 malis,
2711 1418 2770 1466 ut
2805 1409 3013 1466 discant
3049 1407 3179 1464 boni
3214 1405 3359 1463 aliud
3382 1404 3452 1461 ab
3477 1419 3544 1460 eo
3566 1417 3840 1473 quaerere,

2254 1506 2395 1576 quod
2426 1514 2532 1560 non
2555 1504 2647 1559 dat
2670 1512 2724 1560 et
2750 1502 2922 1558 malis.
2951 1500 3028 1556 Illi
3055 1508 3233 1557 autem
3259 1498 3585 1555 inhmntes
3616 1494 3842 1551 terrenis

2254 1599 2474 1664 miseri,
2506 1606 2562 1653 et
2598 1612 2705 1653 non
2733 1596 2801 1652 de
2827 1596 2919 1651 illo
2944 1602 3331 1666 prmsuruentes
3361 1592 3451 1663 qui
3486 1590 3619 1646 ﬁcit
3650 1589 3842 1647 caelum

2252 1700 2308 1746 et
2336 1700 2554 1757 terram,
2580 1689 2675 1761 qui
2697 1689 2778 1745 eis
2803 1688 2949 1745 dedit
2972 1697 3025 1744 et
3049 1687 3160 1757 ipa
3190 1696 3421 1751 terrena,
3448 1685 3543 1755 qui
3565 1698 3665 1740 eos
3684 1685 3839 1739 etiam

2254 1783 2617 1853 tetnporaliter
2642 1780 2713 1836 de
2738 1779 2959 1852 Ευριί
2986 1778 3289 1849 captivitate
3321 1776 3602 1841 liberavit,
3632 1775 3726 1846 qui
3753 1788 3840 1831 eos

2253 1890 2350 1947 per
2377 1876 2603 1931 divisum
2645 1890 2791 1930 mare
2817 1874 2996 1939 duxit,
3026 1876 3115 1944 qui
3148 1887 3335 1929 eorum
3658 1884 3838 1942 pelue-

2252 1978 2477 2040 quentcs
2504 1969 2752 2025 ﬂuctibus
2778 1968 2957 2023 obruit
2986 1964 3191 2038 (Exod.
3221 1980 3328 2031 xxv,
3360 1965 3452 2031 22,
3477 1963 3624 2038 28);
3652 1979 3763 2021 non
3787 1964 3839 2021 in

2252 2062 2346 2118 illa
2372 2070 2756 2131 praesumentes
2775 2061 2864 2132 qui
2888 2060 3041 2115 daret
3064 2060 3247 2130 utique
3269 2059 3505 2115 caelestia
3528 2058 3838 2129 grandibus,

2254 2156 2391 2211 sicut
2425 2164 2636 2210 terrena
2676 2153 2909 2224 parvulis
2938 2151 3119 2217 dedit,
3156 2152 3404 2210 timentes
3440 2148 3669 2221 perdere
3700 2150 3840 2221 quod

2252 2256 2604 2319 acceperant,
2648 2245 2963 2302 occiderunt
3000 2245 3091 2314 qui
3132 2243 3372 2299 dederat.
3414 2242 3536 2299 Hac
3572 2241 3839 2309 dicimus,

2252 2341 2465 2409 fratres,
2494 2351 2551 2396 ut
2575 2340 2818 2396 homines
2835 2341 2853 2373 ³
2874 2340 2944 2394 de
2963 2337 3113 2394 Novo
3134 2336 3470 2397 Testamento
3486 2334 3709 2391 discatis
3725 2349 3843 2390 non

2253 2433 2515 2489 inhaerere
2540 2431 2787 2490 terrenis.
2815 2431 2871 2487 Si
2892 2432 3036 2486 enim
3062 2428 3135 2484 illi
3160 2427 3580 2484 inexcusabiiiter
3601 2426 3841 2483 terreni

2253 2527 2599 2593 inhaeserant,
2632 2525 2826 2597 quibus
2852 2526 3025 2595 ipsum
3050 2523 3257 2579 Novum
3284 2521 3682 2578 Testamentum
3704 2535 3845 2576 non-

2252 2619 2379 2676 dum
2406 2619 2580 2677 fuerat
2606 2620 2900 2675 revelatum
2924 2636 2939 2685 ;
2968 2626 3166 2689 quanto
3194 2616 3606 2672 inexcusabilius
3632 2625 3842 2672 tet-rem

2251 2724 2543 2781 sectantur,
2572 2714 2765 2784 quibus
2786 2712 2898 2783 iam
2931 2711 3189 2782 promissa
3215 2710 3451 2766 caelestia
3486 2710 3539 2763 iu
3567 2707 3720 2763 Novo
3740 2706 3840 2762 Te-

2250 2816 2515 2863 stamento
2551 2806 2787 2865 revelata
2823 2806 2981 2861 sunt!
3021 2803 3154 2861 Nam
3197 2803 3444 2865 recolite,
3475 2799 3671 2855 fratres
3700 2799 3838 2863 mei,

2249 2900 2379 2972 quid
2406 2900 2604 2956 dictum
2633 2900 2702 2954 sit
2728 2914 2757 2953 a
2801 2898 3240 2970 persequentibus
3275 2895 3567 2951 Christum.
3599 2892 3661 2949 Si
3690 2892 3839 2947 dimi-

2248 2995 2461 3049 serimus
2487 3010 2619 3061 eum,
2643 2993 2837 3047 venient
2863 2990 3101 3058 Romani,
3132 2999 3175 3044 et
3199 2989 3372 3044 tollent
3397 2988 3561 3051 nobis,
3586 2996 3635 3041 et
3655 2988 3837 3054 locmn,

2248 3095 2297 3140 et
2320 3095 2514 3157 gentem
2541 3084 2719 3155 (Jaan.
2753 3099 2830 3153 ιι,
2856 3082 2973 3155 48).
3001 3080 3190 3138 Videte
3214 3081 3337 3151 quia
3364 3079 3608 3135 timendo
3631 3088 3837 3135 terrena

2246 3178 2472 3249 perdere
2491 3220 2505 3244 ,
2535 3191 2715 3248 regem
2744 3177 2866 3231 cteli
2903 3175 3232 3231 occiderunt.
3263 3174 3330 3228 Et
3360 3172 3484 3244 quid
3521 3173 3604 3228 eis
3644 3166 3838 3229 factum

2248 3269 2365 3325 est?
2390 3269 2740 3326 Perdiderunt
2758 3269 2918 3324 etiam
2945 3269 3058 3338 ipsa
3081 3275 3320 3332 terrena;
3343 3273 3398 3321 et
3418 3264 3507 3321 ubi
3526 3263 3839 3320 occiderunt

2245 3362 2538 3431 Christum,
2565 3362 2639 3418 ibi
2657 3362 2820 3417 occisi
2841 3368 2993 3416 sunt:
3015 3368 3208 3416 etcum
3229 3367 3425 3414 terram
3451 3356 3697 3412 nolentes
3721 3369 3838 3425 per-

2246 3455 2375 3512 dere
2394 3498 2409 3523 ,
2438 3455 2679 3512 datorem
2706 3456 2830 3511 vitae
2858 3454 3199 3521 occiderunt,
3232 3452 3477 3508 eamdem
3509 3459 3709 3506 terram
3744 3464 3836 3505 oc-

2246 3551 2343 3606 cisi
2372 3548 2749 3620 perdiderunt;
2773 3557 2827 3604 et
2853 3561 2919 3603 eo
2947 3556 3187 3616 tempore
3205 3560 3312 3616 quo
3332 3543 3481 3598 illum
3505 3541 3833 3606 occiderunt,

2247 3652 2307 3698 ut
2333 3658 2401 3698 ex
2428 3642 2542 3712 ipso
2574 3631 2811 3712 tempere
2838 3639 3255 3695 admonerentur
3278 3651 3444 3706 quare
3473 3637 3574 3691 ista
3600 3633 3835 3705 perpessi

2246 3744 2389 3791 sunt.
2421 3733 2645 3804 Quando
2672 3734 2814 3789 enim
2844 3747 3028 3789 eversa
3058 3740 3142 3788 est
3167 3729 3354 3787 civitas
3379 3729 3710 3795 Judaeorum,
3744 3728 3834 3783 Pa.

2248 3826 2375 3881 scha
2400 3825 2757 3890 celebrabant,
2788 3834 2843 3881 et
2872 3826 2927 3880 in
2957 3825 3137 3880 multis
3165 3822 3397 3878 millibus
3424 3821 3705 3877 hominum
3730 3830 3835 3875 tota
3911 3827 3935 3850 ⁸

2247 3917 2362 3988 ipsa
2391 3934 2521 3988 gens
2555 3924 2878 3973 convenerat
2910 3916 2976 3971 ad
3012 3917 3158 3971 illius
3195 3914 3496 3970 festivitatis
3524 3912 3839 3969 celebratio-

2249 4026 2392 4066 nem.
2421 4011 2495 4065 lbi
2528 4011 2686 4076 Deus,
2716 4026 2812 4081 per
2841 4010 3010 4066 malos
3039 4009 3275 4080 quidem,
3307 4007 3400 4063 sed
3426 4010 3605 4062 tamen
3632 4007 3724 4062 ille
3743 4006 3840 4061 bo-

2249 4120 2383 4166 nus;
2417 4119 2512 4174 per
2539 4104 2791 4174 injustas.
2823 4103 2917 4158 sed
2940 4103 3113 4173 justus
3140 4112 3193 4156 et
3215 4102 3356 4172 iuste
3374 4141 3390 4167 ,
3418 4100 3492 4154 ita
3517 4100 3572 4155 in
3598 4114 3694 4155 eos
3720 4100 3837 4153 vin-

2248 4194 2474 4259 dicavit,
2509 4205 2566 4249 ut
2609 4195 3000 4265 perimerentur
3038 4194 3199 4248 multa
3239 4192 3514 4247 hominum
3549 4191 3720 4247 millia
3746 4233 3759 4257 ,
3788 4198 3843 4245 et

2249 4287 2360 4357 ipsa
2405 4286 2591 4340 civitas
2627 4293 2975 4341 everteretur.
3010 4284 3121 4341 Hoc
3162 4286 3214 4339 in
3257 4286 3362 4339 isto
3394 4282 3602 4354 psalmo
3640 4281 3839 4353 plangit

2248 4378 2528 4433 intellectus
2555 4378 2764 4450 Asaph;
2789 4387 2843 4433 et
2871 4379 2922 4432 in
2951 4378 3068 4448 ipso
3095 4376 3327 4448 planctu,
3353 4384 3604 4446 tanquam
3632 4375 3842 4430 intelle-

2250 4481 2367 4527 ctus
2399 4470 2657 4526 discernit
2696 4479 2906 4525 terrena
2946 4484 2976 4523 a
3014 4468 3320 4525 calentibus
3342 4508 3357 4536 ,
3392 4464 3648 4520 discernit
3674 4462 3842 4519 Vetus

2251 4563 2647 4619 Testamentum
2673 4576 2702 4615 a
2728 4560 2879 4615 Novo
2905 4559 3277 4623 Testamento;
3304 4565 3362 4611 ut
3390 4555 3572 4611 videas
3601 4568 3700 4624 per
3724 4568 3844 4625 qua

2253 4666 2512 4720 transeas,
2545 4652 2671 4724 quid
2708 4662 3001 4722 exspectes,
3035 4651 3158 4722 quid
3188 4649 3476 4720 relinquas,
3502 4646 3701 4719 quitus
3731 4650 3842 4702 hae-

2250 4760 2389 4801 reas.
2416 4743 2504 4800 Sic
2527 4759 2656 4815 ergo
2677 4744 2859 4813 capit.
3406 4816 3409 4819 Α

2272 4878 2277 4881 -
2322 4841 2373 4894 4.
2411 4836 2601 4909 thuid
2639 4836 2871 4907 repulisti
2916 4852 3035 4903 nos,
3071 4832 3238 4901 Deus,
3268 4833 3324 4888 in
3352 4831 3548 4903 ﬁnem?
3589 4828 3847 4902 Repulisti

2250 4934 2303 4987 in
2333 4931 2486 5002 ﬁnem
2514 4947 2534 4986 :
2563 4945 2628 4985 ex
2677 4943 2902 5000 persona
2948 4926 3128 4999 populi
3155 4922 3461 4982 intimorum
3484 4965 3497 4989 ,
3525 4931 3585 4978 et
3620 4936 3689 4977 ex
3716 4937 3848 5003 per-

2253 5039 2383 5081 sona
2411 5022 2839 5093 congregationis
2865 5034 2984 5091 qua
3025 5018 3237 5089 proprie
3275 5014 3554 5088 Synagoga
3599 5014 3844 5085 appella-

2253 5130 2358 5175 tur.
2407 5116 2598 5187 thuid
2624 5114 2853 5185 repulisti
2893 5128 3018 5180 nos,
3051 5110 3221 5175 Deus,
3266 5110 3321 5163 in
3348 5108 3544 5179 ﬁnem?
3587 5106 3705 5162 Non
3754 5119 3847 5158 re-

2252 5208 2569 5282 prehendit,
2620 5207 2715 5264 sed
2754 5207 2944 5277 quaerit
2967 5245 2982 5272 ,
3018 5203 3208 5275 thuid
3231 5243 3246 5269 ,
3279 5200 3628 5272 quamobrem
3653 5239 3672 5265 ,
3716 5211 3847 5267 pro-

2254 5312 2374 5374 pter
2408 5300 2532 5373 quid
2563 5301 2664 5357 hoc
2705 5299 2916 5354 lbeisti?
2945 5296 3081 5367 Quid
3111 5293 3330 5351 fecisti?
3358 5290 3612 5364 Περκῶιὶ
3654 5304 3755 5344 nos
3798 5290 3851 5341 in

2253 5395 2422 5466 ﬁnem.
2448 5394 2585 5461 Quid
2613 5401 2726 5459 est,
2753 5393 2807 5446 in
2848 5392 3041 5461 ﬁnem?
3067 5388 3229 5444 Forte
3253 5400 3425 5457 usque
3449 5385 3504 5439 in
3530 5385 3695 5438 finem
3742 5397 3848 5436 sm—

2253 5489 2377 5545 culi.
2405 5487 2487 5543 An
2516 5485 2758 5557 repulisti
2784 5499 2883 5540 nos
2906 5485 2958 5538 in
2984 5480 3253 5538 Christum
3275 5521 3290 5545 ,
3322 5476 3411 5547 qui
3441 5474 3560 5529 linis
3587 5482 3672 5528 est
3696 5471 3855 5527 omni

2253 5580 2491 5637 credenti
2524 5577 2717 5652 (Rom.
2762 5592 2794 5632 κ
2820 5620 2833 5645 ,
2881 5577 2914 5631 4
2936 5566 3227 5645 Πυιιπιὶά
3253 5570 3393 5625 enim
3434 5566 3669 5640 repulisti
3715 5581 3814 5620 nos
3836 5604 3850 5629 ,

2254 5670 2422 5739 Deus,
2455 5672 2509 5726 in
2537 5668 2728 5742 ﬁnem?
2757 5666 2930 5725 Iratus
2949 5678 3022 5723 est
3049 5665 3244 5721 animus
3273 5672 3389 5717 tuus
3411 5676 3562 5730 super
3586 5674 3704 5714 om
3736 5674 3857 5728 gre-

2253 5768 2331 5840 gis
2376 5767 2466 5821 tui.
2498 5766 2675 5834 Quare
2720 5766 2881 5818 iratus
2924 5778 2980 5817 es
3024 5772 3186 5830 super
3211 5770 3340 5813 oves
3380 5753 3557 5827 gregis
3587 5751 3706 5819 uti;
3751 5750 3857 5807 nisi

2322 5881 2340 5912 ⁸
2373 5876 3046 5937 διεωΛιιωηοιιωεεο’
