4076 6456
241 473 367 544 quia
399 469 628 529 terrenis
669 465 1058 530 iohmrehntnus
1084 510 1101 536 ,
1132 475 1186 526 et
1214 475 1482 539 pastorem
1514 480 1619 523 non
1665 477 1832 534 agno-

243 567 526 620 scebamus
544 563 569 618 ?

316 659 370 712 5.
405 655 553 730 [vers
587 654 666 727 2.]
701 654 952 709 Memento
978 654 1378 725 congregationis
1401 663 1520 717 tum,
1539 667 1689 722 quam
1719 665 1834 719 pos.

241 750 417 803 sedisti
447 749 506 802 ab
523 748 686 802 initio.
705 746 974 816 Numquid
999 747 1095 800 ista
1114 755 1288 817 potest
1308 759 1426 800 esse
1441 759 1543 799 vox
1558 740 1832 798 Gentium?

243 841 500 912 munquid
529 841 728 898 Gentes
757 839 992 910 possedit
1020 840 1088 893 ab
1117 839 1266 893 initio
1283 841 1304 892 ‘l
1346 837 1454 895 Sed
1484 837 1716 908 possedit
1743 851 1831 892 se-

243 951 364 990 men
385 934 633 997 Abrahae,
656 933 903 1002 populum
931 931 1092 986 Israel
1120 932 1276 985 etiam
1301 930 1592 988 secundum
1615 943 1831 984 carnem

243 1037 425 1080 natum
457 1025 523 1080 de
552 1024 906 1087 Patriarchis,
937 1023 1172 1092 patribus
1198 1023 1436 1089 nostris;
1481 1037 1706 1092 quorum
1736 1034 1832 1076 nos

241 1117 333 1170 lilii
363 1115 485 1172 lacti
516 1131 718 1179 sumus,
744 1130 848 1169 non
877 1113 1134 1170 veniendo
1161 1113 1226 1168 de
1253 1129 1434 1178 carne,
1457 1113 1550 1166 sed
1579 1110 1832 1166 imitando

241 1208 423 1262 tidem.
447 1207 528 1261 Illi
544 1216 718 1262 autem
736 1222 765 1260 a
785 1206 896 1260 Deo
923 1207 1150 1275 possessi
1176 1205 1242 1260 ab
1272 1205 1438 1270 initio,
1459 1203 1584 1274 quid
1612 1204 1688 1259 eis
1705 1218 1833 1258 con-

241 1299 393 1370 tigit?
426 1299 677 1353 Memento
709 1298 1108 1367 congregationis
1133 1308 1234 1351 tua:
1257 1339 1272 1362 ,
1302 1312 1453 1367 quant
1485 1294 1745 1364 possedisti
1770 1295 1832 1348 ab

239 1391 406 1446 initio.
424 1389 700 1445 Redemisti
725 1391 917 1460 virgam
944 1389 1250 1443 hereditatis
1276 1398 1393 1442 tute.
1416 1387 1588 1457 Ipsam
1610 1401 1832 1456 congre-

238 1482 510 1552 gationem
535 1489 703 1546 tuam,
722 1483 916 1552 virgam
946 1480 1250 1535 hcereditatis
1269 1490 1370 1534 tua:
1389 1479 1661 1534 redemisti.
1685 1479 1833 1534 lianc

241 1575 412 1644 ipsam
438 1577 902 1646 congregationem
920 1575 1054 1632 dixit
1084 1575 1274 1646 virgam
1299 1574 1624 1629 Inereditatis.
1646 1573 1832 1642 Respi-

240 1669 448 1724 ciamus
476 1669 542 1725 ad
582 1668 780 1724 factum
810 1671 1071 1738 primum,
1117 1667 1328 1737 quando
1357 1668 1519 1722 voluit
1561 1667 1834 1737 possidere

241 1763 410 1829 ipsam
428 1764 913 1833 congregationem,
933 1763 1161 1819 liberans
1179 1762 1325 1816 illaut
1337 1760 1405 1816 de
1421 1761 1672 1831 Egypto,
1692 1759 1834 1829 quod

240 1857 451 1926 signum
479 1853 685 1910 dederit
709 1854 911 1926 Moysi,
945 1870 1066 1908 cum
1092 1853 1292 1908 diceret
1318 1853 1529 1920 Moyses
1553 1853 1602 1907 ei
1637 1870 1647 1903 :
1685 1851 1834 1916 Quod

242 1950 444 2018 signum
488 1949 617 2004 dabo
637 1989 651 2014 ,
684 1959 736 2004 ut
781 1948 986 2003 credant
1021 1948 1143 2000 mihi
1169 1948 1288 2017 quia
1329 1956 1382 2000 tu
1412 1963 1488 2002 me
1519 1946 1739 2000 misisti?
1767 1945 1834 1998 Et

245 2040 382 2096 Deus
407 2044 478 2095 ait
503 2042 569 2098 ad
594 2042 739 2096 illum
773 2059 789 2096 :
823 2043 960 2109 Quid
985 2043 1038 2096 in
1073 2059 1225 2096 manu
1250 2053 1336 2098 tua
1364 2043 1574 2111 portas?
1610 2042 1828 2111 Virgam.

247 2133 450 2202 Profice
473 2136 616 2189 illam
639 2137 692 2189 in
720 2146 921 2190 terram.
949 2135 1011 2188 Et
1034 2136 1222 2189 dimisit
1249 2135 1440 2205 virgam
1469 2136 1521 2189 in
1552 2145 1763 2200 terram,
1787 2145 1833 2189 et

241 2227 380 2296 facta
405 2239 478 2281 es!
504 2245 743 2297 serpens;
768 2239 815 2282 et
841 2230 1037 2298 expavit
1069 2227 1290 2298 Moyses,
1317 2239 1364 2283 et
1389 2229 1516 2299 fugit
1547 2228 1747 2299 Moyses
1772 2229 1833 2282 ab

241 2336 319 2374 eo.
364 2317 431 2372 Et
456 2320 526 2372 ait
566 2318 644 2373 illi
669 2318 918 2372 Dominus
949 2337 965 2373 :
1001 2319 1334 2390 Apprehende
1362 2319 1578 2374 condant
1609 2321 1734 2388 ejus.
1771 2319 1835 2372 Et

241 2411 579 2481 apprehendit
602 2427 620 2475 ,'
651 2422 694 2464 et
724 2428 918 2466 reversa
944 2421 1016 2466 est
1041 2414 1091 2466 in
1119 2421 1303 2467 statum
1324 2429 1490 2479 suum,
1512 2412 1651 2482 virga
1677 2413 1830 2482 facta,

243 2504 373 2558 sicut
398 2514 549 2557 antea
578 2503 718 2574 virga
745 2515 852 2557 erat
880 2503 1072 2574 (Exod.
1105 2520 1176 2568 tv,
1207 2505 1345 2573 1-4).
1374 2503 1510 2571 Quid
1537 2503 1836 2575 signiﬁcat?

245 2610 351 2648 non
383 2593 524 2648 enim
569 2592 764 2654 frustra
807 2595 1000 2650 factum
1044 2605 1144 2650 est.
1176 2595 1564 2664 Interrogemus
1608 2596 1836 2652 Litteras

248 2683 364 2739 Dei.
386 2671 522 2752 Quid
552 2701 773 2755 serpens
798 2689 1056 2755 persuasit
1083 2687 1313 2742 homini?
1332 2685 1552 2758 Mortem
1584 2686 1737 2756 (Gen.
1757 2704 1833 2755 In,

246 2777 301 2843 4,
322 2777 400 2847 5).
435 2777 577 2849 Ergo
602 2793 750 2834 mors
776 2795 806 2833 a
835 2791 1102 2849 serpente.
1129 2779 1184 2834 Si
1208 2794 1350 2835 mors
1379 2797 1407 2834 a
1439 2790 1707 2850 serpente,
1728 2783 1838 2836 vir-

246 2887 312 2940 ga
345 2871 397 2925 in
427 2879 708 2941 serpente,
741 2872 986 2928 Christus
1013 2873 1063 2928 in
1094 2882 1285 2928 morte.
1321 2872 1442 2928 Ideo
1467 2873 1626 2928 etiam
1655 2889 1776 2929 cum
1807 2889 1837 2928 a

247 2964 589 3033 serpentibus
608 2965 658 3019 in
678 2964 890 3020 deserto
905 2965 1275 3020 morderentur
1293 2973 1346 3020 et
1363 2975 1696 3032 necarentur,
1715 2982 1841 3035 prte-

248 3057 391 3126 cepit
420 3056 674 3112 Dominus
702 3056 906 3128 Moysi,
939 3066 995 3111 ut
1021 3066 1323 3126 serpentem
1353 3073 1558 3112 aeneum
1585 3058 1842 3113 exaltaret

251 3151 304 3204 in
330 3165 514 3206 eremo
533 3191 548 3214 ,
577 3158 631 3205 et
657 3149 968 3205 admoneret
995 3151 1285 3220 populum,
1314 3161 1371 3206 ut
1393 3153 1632 3222 quisquis
1660 3168 1690 3207 a
1724 3169 1838 3206 ser-

249 3250 412 3311 pente
425 3255 635 3296 morsus
649 3241 963 3307 esset,illum
981 3242 1672 3315 intueretur,etsanaretur(
1681 3243 1838 3298 Num.

249 3349 338 3386 XXI
362 3374 376 3397 ,
404 3333 438 3388 8
457 3372 473 3398 ,
499 3341 544 3386 et
568 3331 724 3388 Joan.
754 3350 810 3388 ιιι
831 3373 844 3398 ,
874 3334 984 3404 14).
1007 3334 1094 3388 Sic
1119 3343 1172 3388 et
1197 3334 1388 3400 liebat;
1417 3336 1494 3389 sic
1521 3345 1576 3390 et
1600 3335 1842 3394 homines

249 3442 281 3481 a
312 3427 536 3481 venenis
554 3469 569 3493 ,
603 3428 763 3482 mersi
784 3443 813 3480 a
835 3427 1172 3496 serpentibus
1193 3468 1207 3492 ,
1236 3428 1561 3483 sanabantur
1587 3430 1842 3484 intuendo

251 3527 581 3587 serpentem.
615 3518 798 3574 S-tnari
817 3535 846 3572 a
863 3528 1129 3587 serpente,
1150 3535 1399 3590 magnum
1428 3525 1839 3576 sacramentum!

251 3611 388 3679 Quid
417 3621 519 3675 est,
541 3611 796 3668 intuendo
823 3621 1123 3680 serpentem
1151 3615 1324 3667 sanari
1357 3630 1388 3668 a
1417 3616 1845 3684 serpente‘lCre-

251 3704 429 3760 dendo
451 3705 500 3756 in
531 3713 799 3759 mortuum
817 3705 1006 3759 salvari
1025 3720 1050 3759 a
1072 3719 1262 3760 morte.
1287 3707 1352 3760 Et
1380 3716 1554 3762 tamen
1585 3711 1781 3778 expavit
1798 3720 1844 3763 et

254 3795 383 3866 fugit
416 3794 640 3863 Moyses.
671 3793 806 3860 Quid
834 3804 915 3848 est
934 3836 948 3856 ,
980 3796 1047 3850 ab
1077 3795 1167 3849 illo
1193 3807 1441 3866 serpente
1466 3798 1664 3868 fugisse
1695 3801 1842 3871 Moy-

253 3901 344 3939 sen
365 3886 387 3938 ἰ)
412 3880 571 3953 Quid,
603 3884 812 3948 fratres,
845 3886 946 3938 nisi
977 3886 1118 3955 quod
1144 3887 1338 3942 scimus
1370 3889 1420 3942 in
1454 3890 1738 3960 Evangelio
1765 3891 1843 3947 la-

253 3975 438 4032 etum?
469 3975 704 4030 Mortuus
730 3986 811 4030 est
837 3974 1077 4032 Christus
1099 4019 1112 4040 ,
1146 3987 1200 4032 et
1225 3990 1551 4048 expaverunt
1577 3981 1842 4054 discipuli,

253 4078 306 4122 et
331 4069 400 4122 ab
429 4067 519 4121 illa
545 4083 640 4136 spe
679 4068 730 4122 in
758 4084 859 4137 qua
893 4070 1098 4124 fuerant
1125 4081 1461 4126 recesserunt
1500 4072 1646 4146 (Luc.
1681 4093 1802 4130 xxiv
1827 4119 1842 4142 ,

252 4159 368 4230 2t).
419 4158 526 4214 Sed
553 4159 678 4228 quid
721 4159 920 4214 dictum
947 4162 1065 4214 est?
1094 4162 1424 4231 Appreltende
1463 4166 1674 4218 caudam
1714 4169 1842 4238 ejus.

254 4249 394 4318 Quid
424 4258 508 4305 est
528 4290 541 4314 ,
575 4250 830 4305 caudam?
857 4250 1154 4306 Posteriora
1183 4253 1596 4322 comprehende.
1629 4256 1739 4310 Hoc
1768 4257 1844 4310 si-

252 4341 528 4411 gniﬁcavit
543 4351 596 4396 et
620 4341 746 4397 illud
768 4360 779 4395 :
801 4340 1095 4396 Posteriora
1116 4359 1225 4397 mea
1245 4343 1432 4398 videbis
1448 4344 1640 4416 (Exod.
1663 4363 1842 4412 xxxm,

253 4433 368 4504 ολδ).
403 4433 586 4488 Primo
631 4435 797 4488 lactus
845 4449 1096 4504 serpens,
1129 4434 1222 4490 sed
1265 4436 1430 4492 cauda
1476 4446 1678 4492 retenta
1710 4439 1846 4494 facta

198 4541 201 4544 '
257 4529 440 4597 virga;
471 4526 642 4596 primo
667 4528 876 4582 occisus
897 4570 911 4592 ,
943 4538 1126 4598 postea
1154 4531 1462 4585 resurrexit.
1495 4532 1588 4586 Est
1613 4534 1768 4587 etiam
1795 4535 1845 4589 in

256 4621 426 4676 cauda
457 4624 718 4690 serpentis
746 4622 863 4676 linis
891 4623 1103 4688 saeculi;
1124 4624 1244 4693 quia
1272 4626 1348 4678 sic
1374 4625 1531 4681 modo
1555 4629 1848 4684 mortalitas

261 4713 515 4768 Ecclesia:
542 4713 771 4767 ambulat
807 4731 819 4765 :
852 4714 938 4768 alii
969 4723 1118 4781 eunt,
1145 4716 1231 4770 alii
1260 4718 1477 4772 veniunt
1500 4732 1595 4788 per
1625 4731 1848 4776 mortem

261 4817 514 4876 tanquam
547 4821 638 4875 per
667 4817 1002 4875 serpentem,
1036 4809 1155 4877 quia
1184 4825 1215 4864 a
1244 4819 1491 4878 serpente
1519 4828 1664 4868 mors
1690 4817 1849 4870 semi-

261 4910 382 4953 nata
413 4907 529 4964 est;
557 4899 651 4954 sed
681 4900 731 4953 in
761 4901 863 4954 line
893 4901 1092 4968 smculi,
1127 4909 1372 4972 tanquam
1401 4904 1586 4970 cauda,
1616 4906 1850 4963 redimus

259 4992 322 5046 ad
355 5007 571 5048 manum
603 4992 716 5058 Dei,
735 5003 788 5048 et
813 4992 1077 5047 efﬁcimur
1102 4994 1389 5049 stabilitnm
1414 5010 1634 5065 regnum
1663 4998 1774 5060 Dei,
1795 5009 1851 5054 ut

263 5084 546 5152 impleatur
571 5083 626 5138 in
655 5084 805 5138 nobis
825 5125 839 5149 ,
873 5084 1146 5139 Redemisti
1171 5086 1361 5156 virgam
1386 5087 1690 5142 lta'reditatis
1729 5099 1846 5144 tum.

261 5177 364 5229 Sed
381 5175 505 5245 quia
521 5176 809 5246 Synagogae
828 5192 930 5230 vox
955 5187 1034 5230 est
1051 5194 1066 5242 ;
1087 5177 1356 5247 redempta
1373 5188 1547 5235 autem
1577 5183 1724 5252 virga
1742 5183 1850 5238 hae-

261 5267 501 5322 reditatis
521 5267 610 5322 Dei
632 5269 796 5336 magis
823 5279 1042 5338 apparet
1064 5271 1116 5325 in
1141 5269 1418 5340 Gentibus,
1438 5275 1640 5330 occulta
1671 5287 1847 5331 autem

260 5371 383 5427 spes
409 5356 738 5424 Judaeorum,
757 5360 837 5413 vel
867 5374 1050 5415 eorum
1066 5363 1155 5432 qui
1189 5362 1344 5417 l'uturi
1372 5375 1494 5420 sunt
1524 5376 1581 5420 ut
1607 5367 1843 5432 credant,

262 5449 340 5501 vel
363 5464 550 5503 eorum
579 5448 667 5517 qui
693 5464 757 5502 eo
784 5459 1020 5520 tempore
1050 5453 1416 5520 crediderunt,
1449 5457 1658 5526 quando
1689 5461 1851 5515 misso

262 5542 464 5612 Spiritu
505 5549 722 5608 sancto,
753 5543 994 5614 discipuli
1022 5547 1256 5600 omnium
1281 5548 1516 5616 gentium
1545 5551 1736 5621 linguis
1767 5553 1849 5606 lo-

261 5634 365 5683 cuti
399 5641 522 5684 sunt
549 5630 682 5702 (Act.
716 5648 772 5697 ιι,
797 5632 874 5704 4).
907 5632 1053 5689 Tunc
1078 5636 1220 5689 enim
1252 5636 1452 5706 aliquot
1480 5641 1642 5694 millia
1671 5641 1737 5696 de
1757 5638 1850 5697 Ju-

261 5721 390 5776 (lu'is
422 5724 551 5792 ipsis
582 5725 772 5779 Christi
801 5728 1204 5784 crucilixoribus
1245 5730 1614 5798 crediderunt;
1649 5746 1700 5789 et
1729 5736 1847 5804 quia

267 5829 431 5889 ιιι-ονε
463 5818 663 5874 inventi
705 5830 888 5886 erant,
923 5823 991 5876 ita
1021 5824 1396 5892 crediderunt,
1428 5837 1482 5883 ut
1523 5832 1700 5886 omnia
1730 5849 1847 5904 qua:

1283 348 1682 408 ENARRA'I‘IO
1722 346 1786 405 IN
1825 343 2145 408 ΡειΑιιιιιιι
2184 342 2418 400 LXXIII.

1941 457 2210 516 habebant
2235 459 2543 522 venderent,
2566 467 2620 514 et
2645 461 2816 529 pretia
2838 477 3020 522 rerum
3048 477 3270 525 suarum
3291 476 3418 530 ante
3439 484 3528 539 pe-

1938 549 2032 606 des
2058 551 2432 621 Apostolorum
2463 560 2721 620 ponerent
2750 552 2884 623 (Act.
2909 571 2981 621 tv,
3005 557 3116 627 54).
3140 558 3272 626 Quia
3291 575 3528 630 ergone-

1938 645 2138 700 cultum
2168 654 2284 702 erat
2312 645 2432 710 hoc,
2463 645 2736 715 magisque
2764 645 3060 718 redemptio
3083 652 3243 722 virgae
3269 653 3366 709 Dei
3385 631 3526 712 clara

1941 735 2114 792 futura
2143 746 2260 792 erat
2305 738 2358 792 in
2387 735 2678 801 Gentibus;
2719 737 3006 808 explanat‘
3040 741 3180 799 unde
3208 743 3346 800 dicat
3386 744 3526 815 quod

1939 829 2074 890 dixit
2099 849 2112 884 :
2136 831 2410 886 Redemiin
2434 831 2629 902 virgam
2657 832 2963 887 hereditatis
2986 843 3102 888 tuae.
3135 836 3245 893 Iloc
3268 838 3401 897 dixit
3421 855 3528 896 non

1939 921 2006 976 de
2042 920 2300 980 Gentibus
2322 964 2336 990 ,
2367 922 2422 977 in
2466 922 2660 992 quibus
2703 923 3044 982 manifestum
3069 936 3170 982 est.
3200 927 3306 984 Sed
3345 931 3527 987 unde?

1941 1012 2165 1068 Montem
2188 1014 2334 1070 Sion.
2365 1014 2552 1070 Adhuc
2581 1025 2634 1070 et
2659 1031 2811 1070 mons
2839 1016 2966 1075 Sion
2996 1027 3168 1086 potest
3190 1020 3344 1077 aliter
3365 1022 3526 1078 intel-

1940 1103 2049 1175 ligi.
2079 1103 2246 1162 Istum
2291 1123 2437 1176 quem
2466 1107 2754 1162 inltabitasti
2779 1109 2832 1162 in
2861 1109 2971 1179 ipso
3001 1125 3021 1164 :
3051 1110 3138 1166 ubi
3169 1119 3285 1166 erat
3306 1113 3529 1180 populus

1938 1207 2061 1253 ante
2080 1239 2096 1265 ,
2127 1199 2214 1256 ubi
2258 1200 2551 1254 institutum
2578 1200 2836 1268 templum
2856 1241 2872 1266 ,
2904 1202 2994 1256 ubi
3022 1203 3291 1259 celebrata
3321 1205 3530 1260 sacriﬁ-

1937 1289 2039 1353 cia,
2064 1289 2154 1346 ubi
2179 1291 2355 1346 omnia
2385 1292 2475 1346 illo
2502 1301 2740 1361 tet-npore
2768 1294 3090 1362 necessaria,
3115 1294 3383 1352 Christum
3405 1313 3529 1366 pro-

1938 1380 2219 1436 mittentia.
2248 1381 2558 1445 Promissio,
2581 1397 2702 1444 cum
2730 1398 2816 1438 res
2842 1383 3103 1452 redditur,
3117 1387 3226 1454 jam
3254 1385 3317 1441 ﬁt
3338 1403 3529 1458 super-

1938 1472 2061 1528 ﬂua.
2095 1473 2228 1528 Nam
2254 1483 2536 1544 antequam
2583 1475 2835 1531 reddatur
2861 1475 3002 1546 quod
3042 1479 3400 1546 promittitur,
3429 1495 3525 1536 ne-

1939 1568 2168 1622 cessaria
2197 1578 2282 1623 est
2308 1569 2418 1636 ipsa
2460 1568 2773 1636 promissio,
2807 1583 2871 1622 ne
2898 1569 3219 1638 promissum
3259 1572 3362 1627 sibi
3388 1571 3530 1629 obli-

1940 1663 2175 1718 viscatur
2187 1664 2271 1718 cui
2303 1663 2646 1733 promittitur,
2663 1673 2844 1720 etnon
2868 1665 3225 1734 exspectando
3250 1666 3526 1724 moriatur.

1939 1756 2162 1825 Oportet
2189 1771 2320 1827 ergo
2350 1764 2407 1811 ut
2432 1767 2734 1825 exspectet,
2781 1766 2838 1812 ut
2864 1773 2984 1812 cum
3029 1760 3233 1814 venerit
3257 1759 3526 1829 accipiat:

1940 1850 2059 1906 ideo
2102 1866 2206 1906 non
2238 1851 2400 1908 debet
2422 1851 2672 1908 deserere
2707 1852 3134 1922 promissionem.
3167 1853 3390 1922 Propter
3427 1853 3530 1910 hoc

1941 1958 2046 1998 non
2085 1942 2470 2000 deserebantur
2511 1945 2692 2015 ﬁgurae
2717 1986 2733 2012 ,
2778 1953 2836 2000 ut
2880 1943 3126 2000 veniente
3163 1945 3286 2010 die,
3330 1946 3531 2001 umbrae

1941 2034 2256 2092 tollerentur
2290 2054 2304 2090 :
2339 2033 2564 2091 Montem
2594 2035 2722 2091 Sion
2768 2036 2918 2090 istum
2947 2052 3094 2106 quem
3139 2035 3432 2091 inliabitasli
3479 2038 3532 2092 in

1939 2129 2073 2198 ipso.

2013 2218 2066 2272 6.
2102 2217 2252 2290 [vers.
2287 2217 2365 2290 5.]
2397 2219 2554 2274 Eleva
2577 2235 2781 2272 manum
2809 2228 2947 2272 tuam
2968 2219 3021 2271 in
3050 2220 3334 2288 superbiam
3361 2236 3534 2276 eorum

1941 2309 1995 2362 in
2023 2311 2192 2377 ﬁnem.
2225 2309 2504 2378 Quomodo
2527 2324 2624 2364 nos
2656 2310 2948 2378 repellebas
2980 2310 3031 2364 in
3059 2309 3218 2366 [litem
3237 2351 3252 2377 ,
3284 2313 3360 2366 sic
3398 2313 3535 2366 eleva

1943 2418 2152 2454 manum
2177 2412 2314 2455 tuam
2338 2402 2388 2454 in
2410 2401 2698 2470 superbiam
2727 2417 2901 2456 eorum
2922 2401 2974 2461 in
2996 2402 3167 2468 ﬁnem.
3190 2401 3427 2468 Quorum
3451 2420 3537 2463 suo

1946 2493 2170 2561 perbiam
2186 2493 2210 2546 ?
2227 2494 2266 2547 A
2287 2494 2479 2563 quibus
2507 2507 2694 2548 eversa
2716 2501 2795 2546 est
2824 2491 3142 2547 Jerusalem.
3169 2495 3210 2546 Α
3234 2494 3425 2563 quibus
3445 2509 3537 2550 aus

1946 2593 2072 2650 tem,
2095 2583 2196 2637 nisi
2226 2598 2254 2636 a
2289 2584 2502 2652 regibus
2528 2582 2810 2637 Gentium?
2831 2583 2976 2638 Bene
3001 2583 3208 2638 elevata
3240 2594 3320 2640 est
3348 2601 3536 2643 manus

1945 2677 2060 2746 ejus
2089 2677 2140 2729 in
2187 2679 2489 2746 superbiam
2519 2693 2702 2732 eorum
2735 2678 2784 2731 in
2830 2677 3026 2741 linem;
3056 2691 3177 2730 nam
3205 2687 3260 2731 et
3302 2677 3397 2746 ipsi
3424 2678 3536 2747 jam

1944 2767 2214 2822 Christum
2242 2778 2624 2838 cognoverunt.
2661 2767 2802 2821 Finis
2830 2768 2962 2821 enim
3001 2766 3151 2838 Legis
3177 2765 3404 2822 Christus
3423 2809 3438 2835 ,
3469 2769 3537 2824 ad

1937 2863 2192 2935 justitiam
2233 2864 2370 2917 omni
2398 2861 2615 2916 credenti
2643 2860 2818 2931 (Rom.
2869 2877 2904 2915 ι
2923 2902 2938 2928 ,
2965 2860 3045 2930 4).
3077 2860 3246 2927 Quam
3271 2859 3408 2916 bene
3435 2861 3538 2917 illis

1947 2955 2129 3024 aptat?
2155 2956 2317 3021 Quasi
2349 2955 2513 3010 iratus
2540 2953 2774 3024 loquitur
2793 2994 2810 3019 ,
2840 2960 2894 3006 et
2937 2950 3256 3008 maledicere
3279 2951 3490 3007 videtur
3521 2969 3535 3006 :
3590 2959 3592 2961 ’

1948 3058 2000 3102 et
2027 3048 2226 3102 utinam
2248 3047 2458 3102 eveniat
2479 3045 2620 3116 quod
2651 3043 2953 3099 maledicit!
2982 3043 3088 3098 imo
3106 3042 3216 3112 jam
3244 3043 3298 3098 in
3324 3043 3539 3099 nomine

1948 3138 2143 3194 Christi
2189 3140 2404 3194 evenire
2429 3137 2771 3208 gaudeamus.
2799 3135 2918 3190 iam
2962 3143 3204 3190 tenentes
3229 3142 3536 3204 sceptrum,

1947 3231 2246 3288 Subduntur
2286 3231 2427 3301 ligno
2453 3231 2662 3296 crucis;
2689 3229 2797 3298 jam
2826 3228 2883 3282 lit
2903 3226 3044 3297 quod
3073 3227 3382 3296 prmdictum
3408 3235 3493 3283 est
3524 3245 3538 3281 :

1954 3324 2252 3378 Adorabunt
2269 3339 2382 3376 eum
2403 3339 2574 3378 omnes
2595 3337 2735 3391 reges
2753 3331 2926 3386 terrm;
2947 3335 3117 3374 omnes
3137 3329 3308 3390 gentes
3329 3320 3542 3376 servient

1950 3415 2026 3468 illi
2045 3413 2214 3486 (Psal.
2236 3430 2378 3480 Lm,
2401 3414 2512 3482 Il).
2542 3413 2658 3468 iam
2686 3413 2735 3466 in
2765 3411 3027 3468 frontibus
3053 3426 3236 3481 regum
3257 3412 3541 3481 pretiosius

1951 3515 2032 3562 est
2048 3506 2256 3576 signum
2281 3507 2476 3570 crucis,
2494 3521 2652 3576 quam
2671 3520 2877 3573 gemma
2902 3504 3235 3560 diadematis.
3255 3503 3413 3560 Eleva
3433 3522 3542 3560 ma-

1951 3615 2073 3652 num
2092 3608 2229 3652 tuam
2256 3597 2310 3651 in
2327 3597 2615 3667 superbiam
2642 3613 2815 3650 eorum
2834 3596 2884 3648 in
2903 3595 3074 3664 ﬁnem.
3099 3596 3303 3662 Quanta
3323 3597 3542 3668 maligne

1953 3700 2188 3760 operatus
2209 3701 2282 3744 est
2309 3689 2544 3744 inimicus
2565 3689 2617 3742 in
2637 3688 2825 3742 sanctis
2849 3687 2983 3741 tuis!
3014 3687 3066 3740 In
3101 3687 3183 3742 bis
3213 3703 3330 3759 quae
3359 3698 3542 3745 sancta

1954 3794 2038 3838 tua
2066 3793 2247 3845 erant;
2267 3783 2318 3836 id
2347 3791 2450 3849 est,
2485 3783 2540 3836 in
2566 3782 2784 3850 templo,
2809 3780 2860 3834 in
2889 3779 3206 3842 sacerdotio,
3229 3781 3280 3834 in
3308 3779 3411 3836 illis
3427 3795 3543 3836 om-

1953 3877 2108 3930 nibus
2135 3875 2516 3940 Sacramentis,
2549 3890 2668 3944 quae
2700 3873 2790 3928 illo
2821 3881 3059 3941 tempore
3088 3872 3322 3938 fuerunt,
3352 3883 3544 3938 quanta

1953 3967 2172 4038 maligne
2217 3976 2452 4037 operatus
2491 3974 2560 4019 est
2594 3964 2866 4020 inimicus!
2896 3963 3101 4018 Revera
3145 3964 3390 4022 inimicus
3419 3973 3546 4022 tunc

1952 4070 2204 4130 eperatus
2254 4070 2351 4114 est.
2407 4058 2606 4114 Gentes
2654 4059 2797 4112 enim
2854 4068 2977 4113 tunc
3009 4100 3022 4122 ,
3077 4073 3193 4125 quae
3247 4059 3347 4114 hoc
3398 4059 3544 4115 fece-

1953 4159 2117 4217 runt,
2166 4150 2296 4204 deos
2340 4148 2503 4203 falsos
2547 4149 2830 4211 colebant,
2881 4149 3160 4202 simulacra
3208 4149 3540 4218 adorabunt,

1952 4241 2283 4296 daemonibus
2334 4240 2679 4304 serviebant;
2729 4239 2930 4308 operati
2980 4249 3104 4294 sunt
3155 4249 3328 4295 tamen
3378 4242 3544 4300 multa

1955 4334 2091 4388 mala
2122 4334 2174 4388 in
2219 4333 2416 4388 sanctis
2461 4333 2573 4387 Dei.
2621 4331 2844 4398 Quando
2888 4341 3144 4400 possent,
3178 4333 3275 4386 nisi
3324 4334 3543 4401 permit-

1955 4427 2235 4483 terentur?
2283 4425 2495 4496 quando
2542 4433 2718 4480 autem
2769 4425 3237 4494 permitterentur,
3290 4426 3389 4480 nisi
3434 4426 3544 4496 jam

1954 4529 2132 4576 sancta
2194 4519 2277 4574 illa
2313 4561 2328 4586 ,
2387 4519 2560 4590 primo
2616 4519 2932 4588 promissiva
2965 4560 2981 4585 ,
3039 4519 3336 4574 necessaria
3363 4520 3383 4551 ⁸
3440 4537 3544 4581 non

1957 4622 2138 4669 essent
2170 4654 2186 4678 ,
2236 4627 2357 4668 cum
2408 4613 2523 4681 ipse
2568 4613 2658 4682 qui
2709 4611 3024 4681 promiserat
3071 4613 3391 4667 teneretur?
3441 4613 3545 4668 Er-

1955 4721 2024 4776 go
2068 4717 2258 4777 quanta
2305 4706 2525 4775 maligne
2572 4713 2809 4774 aperatus
2862 4714 2935 4758 est
2981 4704 3214 4760 inimicus
3257 4707 3312 4760 in
3360 4710 3544 4765 sanctis

1958 4798 2054 4852 tuis
2086 4798 2106 4850 !

2030 4892 2080 4946 7.
2115 4889 2262 4964 [vers.
2294 4889 2370 4962 ι].
2406 4888 2472 4944 Et
2516 4889 2720 4960 gloriati
2748 4898 2862 4944 sunt
2891 4905 3064 4946 omnes
3107 4891 3194 4960 qui
3219 4890 3436 4946 oderunt
3480 4903 3542 4946 te.

1959 4982 2156 5038 Servos
2185 4981 2399 5037 attende
2415 4983 2740 5048 daemonum,
2759 4995 2945 5036 servos
2965 4982 3400 5050 simulacrorum;
3419 5001 3546 5054 qua-

1959 5075 2035 5128 les
2065 5083 2188 5128 tunc
2214 5072 2413 5129 Gentes
2443 5082 2613 5137 erant,
2642 5071 2856 5141 quando
2881 5083 3189 5130 everterunt
3217 5075 3469 5144 templum
3496 5085 3547 5133 et

1958 5169 2225 5224 civitatem
2274 5169 2366 5222 Dei
2388 5209 2400 5230 ,
2449 5177 2493 5220 et
2523 5167 2724 5237 gloriati
2754 5177 2888 5222 sunt.
2920 5166 2987 5222 In
3016 5169 3178 5224 medio
3220 5168 3548 5226 solemnitatis

1963 5273 2080 5317 tum.
2110 5263 2430 5318 Mementote
2457 5262 2597 5330 quod
2625 5262 2767 5326 dixi,
2798 5273 2921 5318 tunc
2962 5280 3200 5320 eversam
3244 5279 3364 5321 esse
3390 5265 3547 5322 Jerua

1960 5355 2126 5410 salem
2150 5397 2162 5420 ,
2197 5370 2317 5409 cum
2366 5355 2478 5424 ipsa
2503 5355 2815 5410 solemnitas
2861 5364 3139 5427 ageretur;
3186 5357 3241 5411 in
3277 5373 3378 5428 qua
3406 5359 3547 5414 sole-

1959 5449 2178 5504 mnitate
2196 5447 2474 5502 Dominum
2487 5449 2863 5506 cruciﬁxerunt
2884 5467 2894 5502 :
2918 5451 3222 5521 congregati
3233 5454 3546 5524 uerierunt;

1959 5542 2266 5613 congregati
2293 5542 2585 5612 perierunt.

2023 5655 2038 5684 ί
2075 5654 2206 5726 ωδε,
2227 5654 2479 5728 exprimit.
2523 5664 2575 5705 At
2612 5663 2716 5705 Mss.
2760 5655 2970 5718 quidam,
3010 5655 3240 5721 explanat
3263 5671 3282 5710 :
3317 5662 3546 5728 potiores,

1960 5723 2369 5893 ἷξέξξηξῖἶὶψιοι
2415 5789 2513 5830 Mss.
2555 5787 2608 5830 At
2630 5778 2764 5839 add,
2787 5777 2945 5844 prima
2965 5793 2984 5832 :
3011 5791 3063 5834 et
3098 5784 3324 5837 omittunt
3359 5753 3546 5859 vocem.

1960 5856 1974 5891 Ι
2075 5855 2246 5893 δδαηα.

3421 351 3529 412 934
3601 408 3623 418 -
