4076 6466
550 365 658 423 935

622 480 678 537 8.
709 476 860 552 [κη.
893 473 974 550 5.]
1006 473 1291 530 Posuerunt
1316 472 1463 544 signa
1486 487 1612 539 sua,
1645 472 1826 543 signa;
1851 481 1899 526 et
1923 489 2025 526 non
2047 486 2132 525 co-

551 577 851 646 gnoverunt.
879 567 1158 624 Habebant
1181 565 1330 637 signa
1359 581 1477 636 qua:
1522 565 1593 620 ibi
1623 573 1912 634 ponerent,
1940 563 2132 618 vexilla

551 682 666 732 sua,
695 664 900 735 aquilas
930 675 1074 727 suas,
1107 660 1366 715 dracones
1394 673 1540 725 suos,
1567 658 1715 728 signa
1739 657 2012 724 Romana;
2043 666 2134 713 aut

549 760 709 816 etiam
736 766 939 811 statuas
967 769 1112 823 suas,
1140 768 1272 825 quas
1301 753 1471 824 primo
1497 751 1552 806 in
1581 751 1778 820 templo
1805 759 2129 821 posuerunt;

547 859 640 906 aut
666 849 804 904 forte
831 849 978 919 signa
1005 863 1134 914 sua,
1162 861 1280 917 qua:
1323 844 1600 900 audierant
1627 849 1654 896 a
1686 843 1894 897 vatibus
1930 841 2132 898 demo-

547 956 673 997 num
706 955 944 996 suorum.
973 938 1039 992 Et
1068 954 1167 992 non
1187 945 1544 1008 cognouerunt.
1567 934 1704 1002 Quid
1733 949 1836 989 non
1865 949 2130 1005 cognove-

548 1031 712 1087 runt?
738 1031 871 1098 Quia
898 1047 999 1083 non
1019 1027 1224 1082 haberes
1252 1028 1305 1080 in
1326 1043 1404 1081 me
1425 1034 1748 1098 potestatem,
1779 1024 1874 1080 nisi
1907 1025 1992 1078 tibi
2012 1024 2134 1078 data

546 1132 673 1178 esset
717 1123 932 1191 desuper
961 1118 1137 1191 (Joan.
1171 1135 1292 1187 XIX,
1327 1117 1438 1187 ll).
1470 1116 1585 1172 Non
1608 1125 1974 1186 cognoverunt
2010 1116 2130 1184 quia

548 1230 655 1270 non
697 1214 827 1284 ipsis
853 1213 1021 1266 honor
1044 1211 1252 1266 delatus
1277 1218 1390 1274 est,
1425 1217 1483 1262 ut
1524 1207 1858 1278 aﬂligerent,
1886 1217 1945 1262 ut
1969 1221 2130 1276 cape-

548 1316 701 1374 rent,
734 1308 816 1363 vel
861 1314 1162 1362 everterent
1202 1304 1505 1368 civitatem;
1537 1301 1630 1358 sed
1673 1301 1919 1372 impietas
1948 1315 2130 1355 eorum

551 1409 800 1471 tanquam
826 1399 1029 1455 securis
1057 1398 1149 1453 Dei
1181 1400 1315 1452 faeta
1341 1404 1424 1452 est
1455 1415 1468 1450 :
1501 1395 1626 1450 facti
1652 1405 1777 1450 sunt
1810 1395 2136 1450 instrumen-

550 1504 659 1549 tum
691 1493 842 1554 irati,
877 1506 982 1546 non
1029 1491 1080 1544 in
1106 1493 1121 1522 ί
1153 1506 1372 1561 regnum
1414 1490 1626 1561 placati.
1669 1487 1817 1544 Facit
1841 1489 1984 1544 enim
2030 1487 2134 1542 huc

550 1587 688 1642 Deus
712 1585 851 1656 quod
878 1585 1188 1655 plerumque
1213 1584 1336 1638 facit
1356 1592 1410 1638 et
1432 1583 1610 1637 homo.
1640 1581 1942 1652 Aliquando
1968 1580 2133 1635 iratus

547 1678 710 1734 homo
738 1678 1090 1748 apprehendit
1122 1679 1323 1748 virgam
1360 1678 1628 1747 jacentem
1669 1677 1720 1730 in
1767 1675 1979 1741 medio,
2026 1676 2132 1728 for-

547 1779 691 1825 tasse
704 1771 1086 1840 qualecumque
1103 1779 1453 1833 sarmentum,
1466 1769 1622 1824 caedit
1637 1768 1760 1823 inde
1776 1768 1941 1822 filium
1956 1782 2130 1833 suum;

546 1877 609 1918 ac
637 1862 828 1917 deinde
855 1861 1066 1932 projicit
1110 1871 1435 1916 sarmentum
1467 1861 1521 1915 in
1548 1863 1723 1930 ignem
1744 1902 1758 1926 ,
1789 1869 1844 1915 et
1883 1858 1992 1912 lilio
2018 1873 2135 1912 ser-

546 1964 635 2010 vat
664 1955 1027 2009 hmreditatem
1061 1969 1074 2005 :
1109 1953 1188 2008 sic
1211 1952 1496 2024 aliquando
1524 1953 1663 2006 Deus
1689 1967 1784 2022 per
1813 1952 1980 2006 malos
2005 1966 2133 2005 eru-

546 2045 626 2102 dit
667 2046 834 2102 bonos
853 2088 868 2113 ,
897 2055 951 2101 et
981 2062 1073 2116 per
1116 2045 1458 2116 temporalem
1487 2045 1782 2116 potentiam
1809 2043 2138 2099 damnando-

548 2155 668 2194 rum
712 2149 928 2194 exercet
951 2139 1284 2208 disciplinam
1317 2138 1738 2193 liberandorum.
1781 2137 1914 2205 Quid
1947 2135 2134 2191 enim?

548 2233 779 2303 putatis,
809 2231 1000 2286 fratres
1019 2273 1034 2297 ,
1073 2232 1194 2301 quia
1222 2246 1350 2286 vere
1387 2232 1462 2285 sic
1491 2230 1611 2285 data
1639 2238 1722 2284 est
1750 2229 2028 2298 disciplina
2059 2228 2135 2282 illi

548 2325 728 2395 genti,
757 2333 816 2377 ut
858 2323 1076 2377 omnino
1106 2322 1342 2392 periret?
1367 2321 1557 2387 Quanti
1587 2321 1709 2374 inde
1753 2331 1934 2389 postea
1963 2319 2137 2374 credi-

549 2415 780 2471 derunt!
810 2415 990 2482 quanti
1031 2414 1203 2469 adhuc
1229 2413 1482 2468 credituri
1509 2413 1665 2468 sunt!
1697 2413 1812 2466 Alia
1838 2422 1919 2466 est
1947 2413 2093 2482 palea
2118 2454 2134 2481 ,

551 2506 694 2561 aliud
723 2505 1080 2572 frumentum;
1111 2521 1272 2574 super
1311 2515 1593 2575 utrumque
1619 2513 1796 2560 tamen
1838 2505 2000 2559 intrat
2041 2506 2136 2559 tri-

550 2595 675 2652 bula
709 2613 722 2650 :
755 2597 851 2652 sed
879 2599 977 2652 sub
1015 2613 1117 2651 una
1145 2597 1337 2651 tribula
1363 2596 1505 2650 aliud
1544 2596 1953 2660 comminuitur,
1995 2595 2136 2650 aliud

550 2695 823 2756 purgatur.
855 2687 1120 2754 Quantum
1165 2686 1361 2740 bonum
1408 2685 1562 2741 nobis
1609 2686 1748 2740 Deus
1777 2685 2027 2756 prmstitit
2069 2685 2138 2742 de

551 2778 694 2834 malo
707 2777 856 2832 Iuda:
876 2777 1173 2832 traditoris!
1198 2777 1269 2831 Dc
1297 2777 1408 2846 ipsa
1435 2777 1634 2831 saevitia
1651 2775 1954 2831 Judaaorum
1973 2792 2140 2846 quan-

552 2878 663 2924 tum
693 2869 890 2924 bonum
921 2870 1212 2940 prtestitum
1238 2877 1320 2924 est
1341 2869 1582 2924 fidelibus
1608 2869 1896 2925 Gentibus!
1917 2870 2138 2925 Occisus

551 2973 634 3020 est
649 2962 913 3030 Christus,
931 2971 990 3017 ut
1014 2973 1156 3018 esset
1183 2963 1235 3017 in
1262 2978 1419 3019 cruce
1439 2978 1598 3032 quem
1625 2963 1926 3017 attenderet
1951 2963 2040 3032 qui
2057 2979 2142 3018 es-

552 3064 635 3110 set
665 3070 695 3108 a
725 3065 974 3124 serpente
1015 3069 1294 3124 percussus
1324 3054 1512 3122 (Nam.
1545 3070 1666 3120 xxt,
1699 3054 1775 3126 8).
1808 3053 1895 3108 Sic
1933 3069 2060 3124 ergo
2087 3062 2142 3110 et

554 3145 641 3200 isti
673 3146 807 3201 forte
835 3161 863 3199 a
894 3145 1087 3201 divinis
1111 3148 1221 3202 suis
1243 3147 1522 3202 audierant
1542 3190 1556 3215 ,
1587 3147 1707 3217 quia
1739 3147 2034 3203 debuerunt
2063 3149 2142 3205 ire

554 3239 621 3295 ad
649 3240 963 3306 Jerusalem,
991 3248 1045 3296 et
1068 3255 1260 3310 capere
1285 3255 1437 3306 eam;
1466 3250 1520 3296 et
1545 3255 1664 3294 cum
1691 3241 1959 3311 cepissent
1983 3249 2142 3311 atque

554 3333 875 3389 evertissent
901 3348 1041 3400 eam,
1062 3332 1312 3388 dixerunt
1337 3333 1436 3388 sibi
1466 3333 1607 3404 quod
1629 3349 1659 3387 a
1680 3333 2012 3389 dzemonibus
2030 3335 2140 3391 suis

553 3421 750 3479 factum
777 3425 847 3480 sit
879 3441 892 3478 :
929 3425 1214 3480 Posuerunt
1233 3425 1380 3496 signa
1399 3441 1493 3479 sua
1514 3467 1529 3491 ,
1555 3426 1738 3496 signa;
1765 3434 1812 3479 et
1838 3442 1940 3480 non
1958 3441 2144 3498 cogno-

552 3525 748 3571 verunt.
779 3517 917 3584 Quid
939 3533 1043 3572 non
1064 3517 1468 3588 cognoverunt?
1490 3516 1634 3572 Sicut
1654 3518 1706 3570 in
1727 3533 1980 3587 egressum
2003 3520 2025 3550 ⁸
2055 3519 2144 3573 de-

551 3625 724 3679 super.
753 3609 887 3675 Quia
915 3609 1013 3664 nisi
1039 3609 1271 3679 desuper
1296 3608 1638 3677 egrederetur
1659 3608 1848 3678 jussio,
1873 3624 2139 3679 nunquam

555 3701 897 3756 smvientibus
923 3701 1183 3757 Gentibus
1209 3701 1263 3756 in
1307 3701 1611 3756 Judazorum
1645 3702 1897 3771 populum
1927 3703 2047 3756 talia
2074 3703 2141 3757 li-

555 3803 759 3849 cerent.
793 3793 898 3849 Sed
926 3809 1197 3864 egressum
1229 3802 1312 3848 est
1336 3792 1865 3863 desuper,quomodo
1885 3794 2014 3848 dicit
2044 3795 2143 3848 Da-

555 3887 662 3942 niel
687 3905 699 3940 :
725 3887 768 3939 A
790 3887 1037 3956 principio
1058 3887 1300 3942 orationis
1323 3897 1425 3942 tua:
1453 3903 1678 3957 egressus
1699 3896 1771 3941 est
1791 3904 1952 3942 sermo
1980 3887 2138 3958 (Dan.

555 3994 630 4046 lx,
653 3979 765 4049 25).
799 3979 910 4035 Hoc
937 3987 990 4034 et
1021 3980 1275 4034 Dominus
1305 3981 1403 4050 ipsi
1435 3980 1602 4033 Pilato
1633 3979 1836 4034 inllanti
1866 3995 1945 4048 se,
1977 3991 2029 4035 et
2050 3997 2144 4051 po-

557 4074 704 4127 nenti
735 4072 882 4143 signa
913 4088 1029 4139 sua,
1059 4073 1228 4144 signa,
1253 4082 1306 4128 et
1335 4088 1440 4128 non
1470 4075 1833 4144 cognoscenti,
1863 4084 1916 4130 et
1945 4074 2144 4133 dicenti

555 4163 622 4218 ad
649 4164 914 4218 Christum
935 4206 949 4227 ,
982 4163 1115 4218 Mihi
1140 4182 1240 4220 non
1266 4165 1580 4236 respondes?
1605 4167 1762 4220 nescis
1783 4168 1900 4236 quia
1927 4178 2146 4238 potesta-

555 4265 654 4310 tem
682 4255 839 4310 habeo
869 4257 1132 4310 occidendi
1164 4268 1210 4312 te
1229 4301 1242 4323 ,
1275 4267 1322 4312 et
1351 4268 1646 4329 potestatem
1671 4259 1830 4313 habeo
1861 4260 2145 4316 dimittendi

556 4349 642 4403 te?
672 4349 736 4403 Et
765 4349 1022 4404 Dominus
1042 4349 1105 4403 ad
1135 4349 1394 4418 inflatum,
1415 4361 1664 4422 tanquam
1692 4353 1922 4408 vesicam
1951 4353 2145 4409 reﬂan-

555 4439 677 4492 dam
700 4439 720 4470 ³
757 4454 994 4510 pungens
1027 4456 1038 4492 :
1082 4438 1199 4493 Non
1227 4440 1464 4509 haberes,
1497 4443 1700 4512 inquit,
1732 4444 1784 4496 in
1814 4460 1893 4496 me
1919 4454 2142 4514 potesta-

557 4540 674 4596 tem,
698 4532 795 4585 nisi
820 4531 940 4584 data
966 4532 1052 4586 tibi
1076 4542 1201 4586 esset
1226 4533 1439 4605 desuper
1465 4532 1644 4599 (Joan.
1671 4551 1783 4602 XIX,
1811 4536 1896 4601 l0,
1921 4537 2033 4608 ll).
2056 4537 2145 4593 Sic

555 4631 610 4677 et
637 4621 743 4686 hic,
772 4621 1053 4676 Posuerunt
1074 4625 1219 4694 signa
1241 4641 1355 4688 sua,
1384 4626 1563 4695 signa;
1591 4635 1636 4680 et
1663 4643 1763 4680 non
1787 4638 2139 4698 cognoverunt.

557 4713 834 4781 Quomodo
865 4731 969 4768 non
1011 4716 1414 4785 cognoverunt?
1443 4716 1587 4770 Sicut
1615 4717 1669 4770 in
1710 4734 1964 4788 egressum
1990 4718 2142 4773 desu-
2165 4756 2179 4767 .

558 4823 666 4878 per,
717 4807 996 4872 Quomodo
1044 4823 1292 4878 egressus
1341 4808 1510 4864 factus
1557 4809 1726 4864 fuerat
1775 4810 2039 4880 desuper,
2089 4820 2146 4867 ut

559 4899 663 4954 hoc
692 4899 1002 4971 impleretur
1025 4943 1040 4971 ,
1086 4902 1341 4974 numquid
1375 4904 1453 4958 sic
1497 4903 1572 4958 illi
1601 4918 1924 4975 cognoscere
1953 4914 2142 4975 potue-

557 5000 681 5047 runt
708 4991 734 5046 ?

629 5084 684 5140 9.
724 5082 874 5158 [verm
903 5084 983 5158 6.]
1021 5084 1136 5142 Jam
1167 5101 1538 5156 percurramus
1557 5103 1744 5144 versus
1773 5089 1921 5156 istos,
1959 5103 2144 5144 eversa

557 5179 873 5247 Jerusalem,
915 5188 1192 5251 pr0pterea
1236 5181 1357 5251 quia
1390 5189 1446 5237 et
1473 5182 1738 5238 manifesti
1773 5192 1915 5248 sunt,
1956 5192 2144 5238 etnon

558 5273 688 5328 libet
731 5273 1001 5330 immorari
1051 5289 1149 5330 nec
1191 5275 1243 5328 in
1295 5291 1448 5346 poena
1493 5276 1852 5332 inimicorum.
1904 5278 2061 5344 Quasi
2093 5277 2147 5330 in

556 5365 684 5420 silva
728 5367 978 5439 lignorum
1020 5368 1278 5424 securibus
1337 5370 1658 5425 conciderunt
1697 5373 1888 5442 januas
1936 5372 2044 5441 ejus
2094 5371 2149 5424 in

556 5455 809 5528 idipsum;
839 5461 892 5515 in
913 5460 1124 5516 dolabro
1144 5470 1189 5516 et
1212 5461 1453 5532 fractorio
1474 5461 1765 5531 dejecerunt
1791 5480 1899 5517 eam
1921 5480 1940 5517 :
1971 5463 2020 5517 id
2041 5471 2141 5532 est,

557 5551 950 5622 con‘spiranter,
977 5561 1306 5624 constanter,
1344 5554 1398 5608 in
1420 5553 1632 5609 dolabra
1666 5563 1712 5611 et
1741 5555 1982 5628 fractorio
2004 5553 2146 5625 deje-

558 5653 734 5699 cerunt
754 5661 884 5700 eam.

623 5757 641 5821 ε
678 5756 930 5821 Particula,
952 5758 1022 5821 in,
1047 5761 1188 5810 abest
1207 5761 1269 5810 ab
1288 5759 1424 5821 add,
1444 5758 1535 5810 sed
1559 5765 1720 5811 exstat
1741 5761 1788 5810 iu
1809 5765 1916 5811 Mss.

625 5820 647 5850 ⁸
679 5820 814 5886 md,
832 5819 884 5870 in
905 5819 1113 5886 egressu.
1139 5827 1343 5886 At_M§s.,
1366 5820 1420 5872 in
1449 5835 1714 5886 egressum.

676 5881 749 5935 Sic
769 5887 878 5933 Iss.
1039 5898 1177 5940 vero.

1728 353 1788 412 S.
1827 349 2197 412 AUGUSTINI
2223 351 2532 412 EPISCOPI

3725 366 3834 424 936

2312 473 2401 529 l0.
2433 473 2778 529 Incenderunt
2812 475 2922 546 igni
2957 475 3303 530 sanctuarium
3329 485 3471 531 tuum
3489 494 3508 544 ;
3537 478 3832 549 polluerunt

2237 567 2291 622 in
2320 577 2452 622 terra
2477 569 2852 622 tabernaculum
2881 569 3093 622 nominis
3112 569 3204 623 tui.

2303 663 2388 717 ll.
2414 661 2562 734 [vers.
2581 663 2636 728 8,
2657 661 2737 736 9.]
2757 661 3008 718 Dixerunt
3028 663 3079 716 in
3101 664 3255 717 corde
3268 680 3381 730 suo,
3405 666 3640 736 cognatio
3655 684 3822 721 eoruu.

2236 752 2288 807 in
2314 771 2489 808 unum.
2520 754 2655 822 Quid
2680 754 2965 810 dixerunt?
2997 753 3188 822 Venite,
3221 758 3615 826 comprintamus
3656 776 3825 815 omnes

2236 846 2574 901 solemnitates
2591 845 2800 900 Domini
2825 847 2886 900 de
2906 857 3058 901 terra.
3081 846 3309 913 Domini,
3333 864 3396 904 ex
3421 865 3650 919 persona
3671 851 3825 921 huius

2236 937 2604 1008 interpositum
2649 948 2750 1007 est,
2799 955 2866 994 ex
2906 955 3129 1010 persona
3168 941 3345 1010 Asaph
3372 958 3386 994 :
3418 956 3527 996 non
3569 944 3714 996 enim
3757 944 3824 998 illi

2236 1029 2522 1086 saevientes
2581 1030 2860 1085 Dominum
2927 1030 3289 1102 appellarent,
3357 1034 3512 1101 cujus
3569 1036 3822 1104 templum

2235 1123 2565 1178 evertebant.
2622 1122 2814 1188 Venite,
2860 1124 3250 1193 comprimantus
3279 1141 3448 1179 omnes
3487 1128 3825 1184 solemnitates

2236 1212 2448 1269 Domini
2485 1233 2516 1268 a
2556 1225 2709 1270 terra.
2763 1215 2898 1284 Quid
2938 1216 3154 1286 Asaph?
3191 1216 3318 1285 quid
3345 1219 3624 1271 intellectus
3656 1221 3822 1287 Λεαῃὴ

2235 1304 2288 1358 in
2319 1305 2435 1360 his?
2455 1305 2620 1376 quid?
2642 1306 2756 1362 Non
2785 1305 3010 1375 proficit,
3031 1307 3112 1360 vel
3143 1305 3416 1376 disciplina
3439 1307 3602 1361 data?
3632 1312 3820 1363 mentis

2238 1397 2464 1466 pravitas
2485 1413 2588 1450 non
2615 1397 2936 1467 corrigitur?
2965 1398 3157 1452 Eversa
3172 1409 3291 1451 sunt
3310 1400 3486 1451 omnia
3514 1416 3633 1468 quae
3657 1401 3820 1468 primo

2236 1498 2422 1541 erant:
2449 1503 2704 1555 nusquam
2737 1488 3004 1551 sacerdos,
3030 1505 3287 1558 nusquam
3309 1490 3474 1544 altare
3493 1489 3814 1556 Jndzeorum,

2237 1594 2499 1650 nusquam
2551 1580 2781 1642 victima,
2844 1595 3102 1650 nusquam
3153 1581 3428 1650 templum.
3496 1581 3639 1651 Ergo
3699 1583 3819 1637 nihil

2235 1671 2376 1724 aliud
2401 1672 2796 1741 agnoscendum
2819 1681 2900 1726 est
2920 1673 3057 1742 quod
3089 1672 3208 1726 huic
3234 1673 3513 1728 decedenti
3531 1675 3820 1730 successit?

2236 1771 2328 1815 aut
2353 1777 2480 1816 vero
2510 1762 2607 1816 hoc
2630 1764 3001 1831 promissivum
3027 1764 3236 1832 signum
3259 1762 3580 1828 auferretur,
3609 1765 3712 1820 nisi
3738 1782 3820 1821 ve-

2237 1857 2404 1911 nisset
2432 1857 2571 1926 quod
2597 1859 3050 1929 promittebatur?
3081 1859 3366 1914 Videamus
3394 1876 3521 1932 ergo
3551 1860 3639 1915 hic
3669 1860 3818 1916 modo

2238 1949 2560 2005 intellectum
2578 1953 2752 2022 Asaph
2771 1970 2785 2017 ;
2804 1954 3077 2009 videamus
3095 1953 3137 2007 si
3152 1954 3360 2023 prolicit
3378 1970 3442 2008 ex
3465 1954 3816 2009 tribulatione.

2237 2043 2464 2098 Attende
2480 2043 2602 2113 quid
2627 2045 2768 2099 dicat
2793 2062 2805 2098 :
2836 2044 2998 2115 Signa
3025 2055 3197 2100 nostra
3224 2063 3326 2100 non
3347 2047 3583 2112 vidimus,
3595 2049 3707 2116 jam
3727 2063 3820 2100 non

2238 2141 2310 2187 est
2338 2135 2603 2204 propheta,
2635 2145 2681 2188 et
2712 2153 2800 2190 nos
2826 2153 2926 2190 non
2950 2147 3210 2207 cognoscet
3232 2138 3418 2190 adhuc.
3444 2137 3581 2193 Ecce
3614 2139 3699 2192 isti
3726 2138 3815 2192 Ju-

2239 2225 2340 2280 daei
2366 2225 2454 2295 qui
2486 2241 2543 2281 se
2571 2226 2752 2282 dicunt
2781 2245 2887 2282 non
2912 2231 3126 2298 agnosci
3154 2229 3348 2295 adhuc,
3374 2230 3422 2283 id
3451 2238 3549 2295 est,
3581 2230 3634 2284 in
3653 2232 3821 2300 capti-

2239 2319 2399 2373 vitate
2424 2319 2597 2375 adhuc
2623 2335 2682 2376 se
2707 2336 2848 2387 esse,
2897 2322 3131 2376 nondum
3157 2338 3215 2376 se
3254 2323 3480 2387 liberari,
3507 2332 3824 2391 exspectant

2239 2409 2412 2466 adhuc
2445 2409 2735 2466 Christum.
2787 2412 3050 2468 Venturus
3093 2423 3175 2468 est
3207 2411 3477 2478 Christus;
3520 2415 3612 2468 sed
3641 2414 3822 2470 veniet

2241 2501 2468 2571 utjudex
2497 2521 2508 2556 :
2528 2504 2700 2573 primo
2720 2517 2958 2571 vocator,
2982 2515 3160 2574 postea
3179 2505 3680 2571 discretor.\'eniet,
3703 2507 3825 2577 quia

2241 2594 2442 2659 venit‘,
2491 2604 2544 2649 et
2570 2611 2689 2650 eum
2719 2606 2995 2655 venturum
3027 2613 3147 2652 esse
3195 2597 3532 2654 manifestum
3576 2608 3693 2664 est;
3733 2599 3824 2654 sed

2237 2685 2348 2756 jam
2375 2687 2607 2758 desuper
2633 2688 2830 2743 veniet.
2858 2690 2997 2744 Ante
3025 2700 3076 2745 te
3101 2700 3236 2758 erat,
3269 2706 3303 2746 ο
3331 2689 3520 2746 Israel!
3551 2701 3824 2762 quassatus

2242 2792 2323 2843 es,
2346 2779 2464 2847 quia
2493 2778 2755 2834 offendisti
2774 2781 3106 2848 injaccntem
3129 2799 3143 2847 ;
3178 2798 3243 2837 ne
3269 2784 3582 2847 c0nteraris,
3607 2785 3824 2839 observa

2243 2866 2471 2936 desuper
2498 2870 2821 2924 venientem.
2859 2871 2932 2924 lta
2960 2872 3100 2926 enim
3128 2873 3437 2942 praedictum
3472 2883 3557 2929 est
3583 2891 3677 2945 per
3706 2891 3825 2945 pro-

2243 2960 2457 3028 phetam
2491 2978 2502 3014 :
2543 2961 2779 3031 Quisquis
2800 2961 3062 3028 o/fenderit
3089 2965 3140 3017 in
3164 2964 3383 3033 lapidem
3404 2966 3570 3028 illum,
3590 2984 3826 3038 conquas-

2243 3052 2469 3117 sabilur;
2499 3063 2544 3105 et
2577 3070 2728 3124 super
2753 3071 2898 3123 quem
2923 3057 3125 3120 venerit,
3153 3067 3367 3112 conteret
3392 3074 3507 3112 eum
3538 3057 3691 3130 (Isai.
3719 3077 3824 3128 vin,

2245 3143 2333 3210 14,
2368 3145 2451 3198 15.
2468 3142 2582 3197 Vid.
2602 3144 2727 3198 Luc.
2748 3162 2842 3208 xx,
2863 3147 2974 3218 l8).
2993 3146 3324 3218 Conquassat
3349 3165 3572 3218 parvus;
3597 3161 3827 3207 conteret

2245 3239 2524 3307 magnus'.
2559 3237 2676 3292 Jam
2698 3239 2845 3308 signa
2876 3247 2962 3293 tua
2988 3255 3093 3294 non
3120 3240 3289 3308 vides,
3316 3241 3425 3311 jam
3466 3258 3574 3296 non
3602 3253 3686 3297 est
3717 3259 3828 3313 pro-

2244 3329 2438 3400 pheta;
2467 3339 2520 3384 et
2543 3329 2696 3397 dicis,
2726 3328 2796 3384 Et
2835 3347 2924 3386 nos
2952 3349 3051 3386 non
3079 3342 3310 3402 agnoscet
3345 3333 3511 3386 adhuc
3529 3350 3549 3388 :
3589 3335 3712 3404 quia
3741 3349 3827 3389 vos

2243 3439 2350 3478 non
2373 3424 2658 3494 agnoscitis
2693 3424 2884 3480 adhuc.
2933 3423 3054 3479 Jam
3095 3442 3195 3480 non
3237 3435 3308 3480 est
3352 3428 3621 3496 propheta,
3651 3438 3699 3482 et
3740 3443 3826 3481 nos

2243 3531 2346 3568 non
2387 3524 2621 3586 agnoscet
2647 3515 2834 3569 adhuc.

2316 3606 2402 3660 l2.
2445 3605 2596 3678 [vers.
2620 3604 2730 3679 l0.]
2775 3605 3060 3677 Usquequo,
3092 3607 3253 3674 Deus,
3295 3609 3618 3679 exprobrabit
3656 3597 3827 3664 inian

2244 3699 2368 3754 cus?
2397 3699 2607 3754 Clama‘
2647 3700 2796 3770 quasi
2816 3701 3124 3766 derelictus,
3166 3703 3314 3771 quasi
3343 3701 3626 3769 desertus;
3657 3704 3824 3760 clama

2245 3801 2494 3864 tanquam
2524 3809 2665 3864 aeger
2683 3794 2772 3864 qui
2808 3796 3071 3850 medicum
3101 3795 3307 3850 candere
3330 3811 3488 3866 quam
3513 3797 3685 3850 curari
3711 3813 3822 3850 ma-

2243 3884 2387 3941 luisti
2421 3904 2433 3940 :
2479 3902 2584 3940 non
2607 3895 2658 3941 te
2684 3888 2922 3957 agnoscit
2945 3887 3134 3942 adhuc.
3168 3888 3296 3943 Vide
3323 3888 3448 3960 quid
3483 3889 3706 3953 fecerit,
3741 3888 3826 3958 qui

2246 3982 2299 4030 te
2344 3991 2448 4030 non
2491 3977 2727 4047 agnoscit
2771 3976 2961 4032 adhuc.
3007 3977 3217 4032 Etenim
3266 3979 3457 4047 quibus
3496 3995 3603 4034 non
3630 3989 3713 4034 est
3739 3994 3829 4032 an-

2247 4070 2542 4124 nuntiatum
2591 4069 2658 4125 de
2706 4085 2792 4134 eo,
2841 4069 3132 4133 videbunt;
3177 4079 3230 4123 et
3254 4070 3344 4138 qui
3388 4085 3493 4123 non
3524 4071 3823 4134 audierunt,

2245 4161 2540 4232 intelligent
2567 4159 2720 4233 (Isai.
2750 4177 2840 4226 ιιι,
2866 4161 2954 4227 15,
2981 4170 3027 4214 et
3052 4160 3198 4214 Rom.
3225 4175 3317 4224 xv,
3349 4159 3441 4233 21)
3465 4177 3478 4212 :
3505 4171 3558 4216 et
3578 4169 3634 4214 tu
3660 4162 3829 4216 adhuc

2245 4258 2463 4323 clamas,
2476 4256 2594 4310 Jam
2613 4273 2711 4310 non
2726 4265 2797 4309 est
2818 4255 3060 4326 prapheta
3080 4265 3127 4307 et
3145 4271 3234 4309 nos
3252 4271 3350 4308 non
3365 4267 3623 4326 cognoscet
3641 4257 3826 4308 adhuc.

2247 4349 2347 4406 Ubi
2394 4359 2474 4405 est
2522 4349 2818 4404 intellectus
2857 4347 3013 4402 tuus?
3056 4345 3237 4401 Irritat
3288 4348 3606 4402 adversarius
3655 4365 3831 4402 nomen

2246 4453 2384 4497 tuum
2438 4443 2492 4496 in
2542 4443 2711 4511 ﬁnem.
2758 4441 2836 4497 Ad
2891 4441 2992 4496 hoc
3043 4442 3216 4496 irritat
3257 4441 3591 4496 adversarius
3638 4457 3831 4496 nomen

2248 4544 2395 4590 tttttm
2409 4534 2460 4588 in
2479 4536 2656 4599 linem,
2677 4542 2735 4587 ut
2757 4535 2919 4587 iratus
2939 4533 3213 4602 corripias,
3232 4534 3524 4602 corripiens
3539 4546 3834 4602 cognoscas

2248 4628 2299 4682 in
2342 4627 2539 4691 finem;
2577 4635 2670 4680 aut
2705 4636 2850 4681 certe
2880 4627 2934 4679 in
2972 4627 3140 4694 ﬁnem,
3174 4641 3343 4695 usque
3383 4625 3449 4680 ad
3499 4627 3679 4680 finem.
3737 4624 3835 4680 Us-

2246 4736 2350 4791 que
2396 4720 2461 4775 ad
2491 4735 2648 4791 quem
2676 4719 2874 4773 finem?
2912 4719 3195 4788 Quousque
3222 4734 3532 4789 cognoscas,
3560 4733 3836 4789 quousque

2248 4814 2484 4881 clames,
2535 4827 2810 4883 quousque
2858 4811 3192 4883 apprehensa
3246 4811 3416 4867 cauda
3466 4811 3721 4868 redeatur
3773 4808 3836 4868 ad

2248 4921 2496 4977 regnum.

2321 5000 2404 5054 l5.
2448 4996 2596 5070 [vers.
2627 4997 2741 5072 ll.]
2774 4997 2962 5068 thuid
2984 4998 3162 5052 avertis
3197 5013 3402 5052 manum
3431 5005 3570 5052 tuam
3594 5005 3642 5052 et
3667 4997 3837 5052 dexte-

2247 5108 2358 5146 ram
2396 5101 2534 5144 tuam
2563 5091 2626 5144 de
2650 5090 2813 5144 medio
2841 5092 2954 5144 sinu
2996 5099 3082 5144 tuo
3119 5090 3174 5143 in
3208 5089 3403 5158 ﬁnem?
3450 5089 3648 5143 lterum
3698 5085 3840 5142 aliud

2249 5184 2457 5254 signum
2484 5165 2621 5253 quod
2643 5181 2822 5236 datum
2855 5190 2935 5236 est
2963 5180 3149 5250 Moysi.
3190 5180 3469 5248 Quomodo
3489 5180 3632 5234 enim
3672 5192 3838 5249 supe-

2249 5276 2361 5330 rius
2385 5276 2452 5330 de
2481 5273 2624 5343 virga
2651 5272 2878 5342 signum,
2911 5271 2980 5326 ita
3009 5280 3063 5325 et
3082 5271 3148 5326 de
3175 5271 3413 5326 dextera.
3442 5269 3576 5327 Cum
3605 5270 3754 5325 enim
3786 5269 3843 5323 ilo

2252 5367 2342 5423 lud
2362 5365 2556 5421 factum
2573 5372 2714 5420 esset
2737 5363 2805 5420 de
2824 5364 2991 5434 virga,
3016 5362 3162 5418 dedit
3181 5363 3321 5418 Deus
3339 5362 3567 5418 alterum
3594 5361 3842 5432 signum:

2317 5566 2334 5597 ι
2370 5563 2556 5628 Aliquot
2579 5571 2703 5622 Mss,
2731 5565 2895 5628 postea
2927 5557 3355 5628 discretorpeniet.
3395 5557 3515 5619 quia
3536 5553 3708 5615 veniet,
3748 5561 3839 5605 etc.

2251 5621 2471 5690 Nonnulli
2493 5638 2612 5675 vero
2637 5639 2648 5673 :
2679 5621 2837 5674 Veniet
2854 5623 2937 5688 qui
2951 5622 3057 5686 jam
3080 5621 3218 5672 venit.
3520 5688 3551 5690 μ
3616 5681 3626 5690 .

2316 5691 2336 5720 ¹
2370 5688 2501 5737 Edd.:
2529 5692 2819 5750 conquassat
2837 5686 3025 5748 parvos,
3048 5689 3256 5736 conteret
3278 5693 3492 5746 magnos.
3519 5686 3694 5729 Verius
3714 5686 3840 5738 Μει..

2253 5764 2448 5818 Ραζυυξν
2476 5757 2529 5800 ει
2551 5757 2740 5818 postea,
2764 5760 2982 5818 Wu3°
3003 5808 3016 5818 .
3167 5816 3173 5818 Α
3331 5808 3342 5818 .
3589 5817 3599 5818 κ

2287 5800 2449 5927 ᾠκεὶὲ
2469 5800 2626 5862 Er.'et
2647 5800 2753 5861 Mss.
2781 5800 2978 5863 At'bov.
3003 5808 3094 5860 hoc
3131 5816 3183 5860 et
3207 5808 3426 5872 proxime
3448 5803 3678 5868 sequenti
3717 5800 3844 5868 loco,

2385 5888 2454 5926 as.
