4076 6464
270 375 375 433 957

268 487 435 552 Iliae,
473 488 675 559 inquit,
719 504 925 543 manum
962 496 1101 544 tuam
1128 488 1181 545 in
1204 491 1373 545 sinum
1397 500 1560 557 tuum,
1600 498 1647 545 et
1675 488 1846 545 misit:

267 577 476 633 Produc
517 596 648 647 eam,
688 590 736 635 et
785 580 1064 650 produxit;
1103 590 1149 636 et
1185 582 1385 636 inuenta
1408 591 1482 638 est
1514 580 1650 648 alba,
1692 579 1745 636 id
1768 587 1850 636 est

264 674 559 731 immunda.
605 674 772 729 Albor
796 675 936 731 enim
967 675 1021 730 in
1047 685 1189 744 cute,
1224 675 1370 746 lepra
1390 684 1494 743 est,
1522 691 1631 731 non
1650 672 1849 730 candor

264 767 451 839 (Leuit.
475 783 589 833 xui,
611 766 723 839 25).
756 767 873 838 Ipsa
898 768 1038 824 enim
1067 767 1355 861 hereditas
1380 768 1495 837 Dei,
1525 768 1577 825 id
1601 777 1703 835 est,
1748 782 1875 838 ρο·-

262 861 422 933 pulus
442 860 558 931 ejus
586 861 729 918 foras
756 864 823 918 ab
856 879 922 920 eo
956 863 1169 947 missus,
1199 860 1504 919 immundus
1543 862 1711 919 lactus
1741 871 1843 918 est.

262 954 371 1011 Sed
392 956 516 1027 quid
542 956 615 1011 illi
638 958 751 1013 ait?
772 958 969 1014 Revoca
985 976 1095 1014 eam
1115 960 1167 1013 in
1189 959 1355 1014 sinum
1374 968 1517 1014 tuum
1541 959 1843 1023 :revocauit,

257 1055 306 1101 et
332 1062 531 1103 reversa
547 1057 621 1103 est
643 1050 712 1103 ad
733 1049 949 1105 colorem
972 1068 1119 1105 suum
1139 1049 1334 1122 (Exod.
1351 1066 1425 1119 tv,
1449 1051 1501 1116 6,
1526 1050 1603 1121 7).
1621 1048 1845 1117 Quando

256 1137 361 1194 hoc
388 1138 539 1206 facis,
584 1140 661 1195 ait
692 1142 870 1214 Asaph
902 1143 1037 1199 iste?
1078 1143 1362 1213 Quousque
1393 1142 1666 1199 dexteram
1702 1153 1844 1197 tuam

255 1230 461 1287 alienas
487 1247 517 1287 a
542 1233 661 1288 sinu
695 1240 806 1300 tuo,
844 1242 901 1289 ut
937 1234 1067 1291 foris
1092 1234 1363 1299 immunda
1387 1234 1699 1292 remaneat?
1740 1234 1847 1290 Re-

256 1334 391 1379 voca
426 1340 580 1391 eam;
613 1324 794 1381 redeat
821 1326 889 1381 ad
925 1327 1184 1393 colorem,
1221 1337 1474 1399 agnoscat
1502 1328 1838 1384 salvatorem.

260 1413 457 1487 thuid
483 1417 663 1472 avertis
691 1434 897 1472 manum
941 1428 1081 1473 tuam
1118 1429 1165 1474 et
1204 1406 1625 1474 dexteram'tuam
1654 1420 1717 1473 de
1739 1436 1846 1475 me-

256 1508 343 1563 dio
369 1509 484 1564 sinu
512 1519 598 1564 tuo
625 1511 678 1565 in
699 1512 893 1580 ﬁnem?
917 1512 1042 1569 Iltec
1062 1513 1259 1569 clamat
1289 1528 1483 1580 caecus,
1511 1530 1619 1570 non
1648 1515 1842 1571 intelli-

255 1617 420 1673 gens;
446 1613 499 1659 et
522 1603 626 1659 hoc
645 1605 782 1661 Deus
807 1605 932 1661 facit
956 1607 1096 1677 quod
1116 1606 1293 1663 facit‘.
1334 1608 1510 1675 Quare
1531 1608 1668 1663 enim
1701 1608 1845 1662 venit

254 1696 542 1753 Christus?
570 1698 783 1755 ϐωεὶιαδ
808 1717 870 1756 ex
889 1710 1032 1772 parte
1050 1699 1214 1756 Israel
1230 1705 1365 1772 facta
1389 1708 1482 1768 est,
1508 1710 1561 1756 ut
1583 1700 1843 1773 plenitudo

258 1788 497 1844 Gentium
524 1792 752 1857 intraret,
776 1803 824 1847 et
846 1794 919 1848 sic
948 1793 1108 1849 omnis
1128 1792 1292 1848 Israel
1310 1794 1480 1849 saluus
1501 1794 1639 1863 ﬁeret
1660 1792 1837 1863 (Rom.
1870 1810 1871 1813 ‘

252 1893 326 1947 xu,
357 1880 476 1954 25).
520 1883 785 1954 Ergojam
812 1885 992 1956 Asaph
1032 1901 1260 1958 agnosce
1282 1887 1422 1958 quod
1454 1887 1760 1956 praecessit,
1785 1896 1845 1942 ut

252 1972 340 2027 vel
380 1975 641 2043 sequaris,
687 1976 731 2029 si
761 1977 1061 2045 praecedere
1114 1993 1219 2032 non
1272 1978 1507 2048 potuisti.
1556 1977 1668 2033 Non
1700 1978 1842 2033 enim

252 2060 451 2119 frustra
471 2065 615 2120 venit
632 2064 896 2135 Christus,
916 2077 1006 2122 aut
1022 2067 1215 2125 frustra
1236 2070 1443 2155 occisus
1466 2076 1550 2125 est
1567 2067 1841 2136 Christus;

252 2164 347 2214 aut
386 2157 577 2212 frustra
615 2174 841 2229 granum
887 2160 1077 2217 cecidit
1108 2161 1160 2216 in
1191 2171 1408 2229 terram,
1449 2162 1549 2217 nisi
1575 2171 1633 2218 ut
1660 2161 1841 2217 multi-

252 2249 463 2320 pliciter
482 2262 726 2322 surgeret
751 2252 929 2326 (Joan.
950 2270 1049 2322 ιιι,
1075 2256 1191 2328 23).
1222 2257 1495 2312 Exaltatus
1515 2266 1597 2312 est
1623 2271 1844 2327 serpens

252 2341 307 2398 in
334 2359 541 2413 eremo,
570 2343 629 2400 ut
647 2362 955 2417 percussum
982 2363 1013 2403 a
1041 2364 1251 2405 veneno
1277 2358 1489 2404 sanaret
1514 2347 1702 2420 (Num.
1725 2364 1838 2415 xxx,
1866 2368 1869 2373 ν

253 2434 337 2506 9).
385 2436 616 2493 Attende
668 2438 809 2509 quod
858 2438 1056 2495 factum
1109 2450 1231 2497 est:
1283 2442 1386 2496 noli
1435 2450 1619 2512 putare
1653 2456 1845 2498 vacare

251 2528 397 2599 quod
414 2531 593 2595 venit;
612 2546 680 2586 ne
705 2542 757 2587 te
772 2532 964 2587 malum
988 2534 1242 2599 inveniat,
1266 2550 1387 2589 cum
1408 2534 1599 2589 iterum
1614 2536 1839 2590 venerit.

325 2621 415 2676 Η.
460 2620 610 2695 [vers.
671 2622 784 2698 12.]
835 2625 1099 2683 Intellexit
1150 2626 1357 2695 Asaph,
1412 2625 1533 2696 quia
1585 2625 1639 2679 in
1690 2626 1844 2682 titulo

250 2712 474 2779 Psalmi,
513 2713 804 2771 Intellectus
832 2716 1028 2789 Asaph.
1083 2719 1151 2773 Et
1176 2718 1303 2789 quid
1350 2717 1465 2773 ait?
1513 2717 1652 2773 Deus
1676 2728 1845 2773 autem

250 2822 344 2861 rex
372 2815 540 2862 noster
568 2818 683 2863 ante
715 2810 922 2876 saecula,
969 2821 1201 2882 Operatus
1230 2822 1302 2866 cst
1338 2811 1552 2867 salutem
1584 2812 1637 2867 in
1681 2812 1844 2867 medio

251 2907 421 2955 terrae.
473 2900 582 2957 Hac
620 2918 718 2957 nos
748 2904 1060 2971 clamamus,
1092 2903 1211 2959 lam
1239 2921 1340 2959 non
1368 2914 1440 2959 est
1469 2904 1756 2977 propheta;
1800 2915 1845 2959 et

250 3004 345 3044 nos
366 3006 468 3043 non
488 3003 747 3062 cognoscet
772 2993 940 3047 adhuc
967 3010 985 3047 :
1019 2993 1118 3049 hac
1138 3004 1315 3050 autem
1347 2994 1486 3051 Deus
1511 3003 1713 3060 noster,
1755 3010 1846 3048 rex

251 3090 444 3149 noster,
476 3082 565 3152 qui
593 3091 676 3138 est
698 3094 814 3138 ante
842 3086 1045 3153 swcula,
1077 3086 1199 3156 quia
1228 3088 1341 3157 ipse
1380 3094 1464 3142 est
1492 3087 1543 3141 in
1583 3086 1845 3157 principio

250 3173 513 3244 Verbum,
537 3192 633 3246 per
654 3177 794 3249 quod
821 3178 958 3253 facta
988 3188 1113 3235 sunt
1135 3179 1364 3245 saecula;
1404 3189 1639 3251 operatus
1658 3188 1733 3235 est
1761 3196 1847 3233 sa-

252 3266 409 3321 lutem
427 3268 481 3322 in
508 3270 670 3324 ntedio
697 3281 859 3326 terra
888 3270 1025 3326 Deus
1050 3287 1177 3343 ergo
1202 3288 1291 3327 rex
1312 3282 1480 3328 noster
1499 3282 1614 3328 ante
1634 3274 1843 3341 saecula,

250 3359 379 3430 quid
406 3361 573 3416 fecit?
595 3363 844 3434 Operatus
865 3373 939 3419 est
970 3363 1182 3419 salutem
1201 3366 1254 3419 in
1277 3366 1441 3421 medio
1463 3377 1611 3422 terrae
1628 3383 1649 3432 ;
1668 3375 1724 3425 et
1745 3383 1845 3438 ego

249 3452 429 3508 adhuc
475 3454 648 3509 clamo
687 3456 839 3525 quasi
880 3457 1142 3513 desertus.
1196 3457 1289 3514 Ille
1330 3468 1578 3529 operatur
1618 3460 1843 3515 salutem

249 3542 306 3599 in
365 3544 544 3600 medio
593 3554 781 3613 terra};
838 3555 894 3602 et
944 3562 1043 3617 ego
1080 3549 1313 3607 remansi
1366 3558 1525 3605 terra.
1585 3548 1845 3606 lntellexit

248 3635 434 3706 Asaph
464 3636 621 3704 bene,
651 3639 769 3707 quia
798 3637 1092 3694 Intellectus
1121 3640 1313 3710 Asaph.
1346 3641 1522 3708 Quare
1548 3642 1689 3697 enim
1721 3642 1841 3711 ista,

251 3741 345 3786 aut
391 3733 603 3802 qualem
653 3733 880 3788 salutem
933 3745 1182 3805 operatus
1223 3745 1305 3791 est
1341 3735 1612 3804 Christus;
1663 3737 1764 3792 nisi
1791 3749 1846 3793 ut

252 3823 526 3881 discerent
576 3825 819 3881 homines
871 3837 1067 3883 aeterna
1114 3828 1439 3896 desiderare,
1482 3845 1587 3885 non
1633 3844 1847 3900 semper

256 3919 639 3990 temporalibus
666 3919 961 3975 inliterere?
1009 3921 1146 3975 Deus
1184 3932 1350 3976 autem
1391 3939 1481 3977 rex
1523 3933 1690 3978 noster
1730 3933 1846 3978 ante

257 4012 468 4076 saecula,
510 4020 748 4082 operatus
773 4021 845 4066 est
877 4012 1089 4066 salutem
1117 4014 1170 4067 in
1196 4014 1359 4068 medio
1380 4023 1544 4068 terrte.
1581 4013 1715 4068 Dum
1747 4030 1847 4072 nos

253 4102 569 4171 clamamus,
606 4103 890 4175 Usquequo,
931 4103 1168 4172 Domine,
1200 4108 1516 4177 exprobrabit
1535 4107 1767 4161 inimicus
1793 4108 1847 4161 in

257 4196 413 4265 ﬁnem
428 4197 455 4251 ?
497 4212 747 4267 usquequo
772 4197 938 4250 irritat
963 4199 1279 4252 adversarius
1295 4200 1320 4252 ?
1343 4215 1595 4269 usquequo
1640 4216 1847 4253 manum

258 4295 399 4342 tuam
426 4288 609 4342 avertis
638 4304 669 4341 a
694 4291 807 4343 sinu
835 4288 964 4343 tuo?
992 4289 1121 4344 Cum
1159 4289 1273 4344 haec
1296 4289 1541 4357 dicimus,
1586 4288 1726 4344 Deus
1750 4296 1844 4343 au-

259 4388 359 4435 tem
378 4397 472 4435 rex
497 4390 663 4436 noster
683 4391 799 4435 ante
820 4382 1026 4449 swcula,
1060 4390 1294 4451 operatus
1332 4391 1403 4436 est
1423 4380 1638 4436 salutem
1660 4382 1715 4435 in
1743 4398 1847 4437 me-

256 4472 343 4529 dio
369 4483 548 4539 teme;
590 4484 646 4530 et
682 4488 780 4529 nos
812 4473 1127 4529 dormimus.
1161 4474 1279 4530 Jam
1302 4475 1520 4545 vigilant
1540 4475 1764 4543 Gentes;
1792 4485 1847 4533 et

258 4583 359 4624 nos
395 4570 689 4636 stertimus,
736 4576 794 4626 et
834 4578 1083 4641 tanquam
1129 4587 1227 4627 nos
1256 4572 1392 4628 Deus
1427 4573 1744 4639 deseruerit,
1793 4574 1845 4630 in

258 4661 463 4717 somnis
490 4660 797 4717 deliramus.
830 4662 1081 4732 Operatus
1104 4673 1175 4719 est
1194 4664 1405 4718 salutem
1425 4665 1475 4719 in
1500 4665 1662 4720 medio
1677 4674 1853 4720 terrae.

332 4754 420 4809 15.
464 4752 616 4826 [vers.
642 4753 755 4827 15.]
786 4754 900 4809 Jam
931 4770 1058 4826 ergo
1087 4756 1263 4826 Asaph
1288 4756 1494 4827 corrige
1514 4766 1565 4812 te
1592 4757 1659 4813 ad
1686 4758 1845 4813 intel-

259 4846 496 4911 lectum;
535 4845 620 4901 dic
646 4847 799 4902 nobis
828 4847 1036 4917 qualem
1062 4847 1286 4903 salutem
1325 4858 1573 4919 operatus
1599 4860 1680 4906 est
1705 4851 1845 4907 Deus

260 4937 313 4993 in
343 4938 522 4993 medio
547 4946 723 4993 teme.
765 4939 897 4994 Cum
926 4938 1012 4994 illa
1055 4949 1261 4996 terrena
1289 4950 1464 4997 vestra
1494 4944 1638 4998 salus
1660 4959 1844 4999 eversa

260 5038 360 5096 est,
392 5029 522 5100 quid
557 5028 719 5085 fecit?
748 5030 874 5101 quid
911 5032 1187 5100 promisit?
1219 5031 1294 5086 Tu
1325 5034 1635 5103 conﬁrmasti
1664 5036 1717 5089 in
1742 5037 1844 5089 vir-

261 5133 365 5180 tute
384 5134 472 5179 tua
491 5141 646 5179 mare.
679 5124 948 5195 Tanquam
976 5134 1132 5196 gente
1152 5125 1456 5181 Judzeorum
1487 5128 1629 5183 velut
1648 5129 1791 5182 arida
1813 5144 1844 5184 a

261 5217 509 5274 ﬂuctibus
551 5226 815 5288 separata,
860 5232 1005 5274 mare
1044 5219 1097 5272 in
1143 5217 1492 5275 amaritudine
1520 5234 1613 5274 sua
1646 5219 1844 5277 Gentes

261 5321 433 5379 erant,
464 5320 768 5383 terramque
808 5310 951 5366 illam
984 5310 1213 5382 undique
1237 5313 1653 5368 circuniluebant
1682 5329 1845 5369 :ecce

261 5404 573 5472 conﬁrmasti
618 5404 670 5457 in
716 5404 896 5458 virtute
932 5413 1017 5456 tua
1050 5419 1207 5466 mare,
1236 5412 1289 5458 et
1312 5404 1566 5459 remansit
1597 5413 1735 5459 terra
1769 5405 1844 5458 si-

263 5494 398 5551 tiens
419 5495 644 5551 imbrem
665 5504 833 5549 tuum.
860 5493 935 5548 Tu
951 5495 1260 5564 con/irntasti
1280 5495 1330 5548 in
1366 5496 1544 5551 virtute
1573 5505 1657 5549 tua
1677 5514 1843 5552 mare:

264 5585 543 5639 contrivisti
569 5586 738 5656 capita
761 5584 1038 5639 draconum
1062 5585 1114 5639 in
1134 5602 1286 5655 aqua.
1328 5585 1622 5642 Draconum
1651 5589 1842 5658 capita,

266 5675 650 5736 daemoniorum
676 5679 971 5750 superbias,
1007 5695 1037 5734 a
1059 5679 1250 5750 quibus
1278 5678 1474 5736 Gentes
1503 5681 1847 5751 possideban-

327 5792 345 5825 ι
372 5794 551 5858 Regius
571 5794 729 5858 liber,
756 5802 888 5858 Deus
906 5793 1034 5857 fecit.
1074 5800 1127 5843 At
1157 5795 1294 5858 (ξονι).
1315 5827 1331 5852 ,
1379 5802 1505 5844 Deus
1528 5793 1640 5858 fecit
1669 5795 1799 5857 quod
1826 5809 1845 5849 :

269 5862 358 5921 nec
377 5855 528 5918 addit,
554 5855 685 5919 facit.
710 5863 857 5905 Locus
879 5855 926 5903 in
971 5858 1114 5904 editis
1134 5864 1185 5904 et
1210 5856 1258 5903 iu
1281 5863 1410 5917 Mss,
1448 5855 1751 5921 uti'videtur,
1775 5859 1847 5913 νίς

268 5914 424 5968 tinnis.

563 6005 787 6066 Ssxcr.
838 6007 1111 6066 Aususr.
1156 6000 1265 6065 IV.

1361 372 1757 433 ENARRATIO
1794 372 1862 431 IN
1899 368 2222 433 PSALMUM
2259 374 2492 435 LXXIII.

3429 391 3535 449 988

1955 497 2060 557 tur,
2091 490 2385 547 contrivisti
2407 505 2568 562 super
2587 505 2816 564 aquam;
2846 497 2966 568 quia
2986 512 3080 557 eos
3104 500 3239 573 quos
3266 505 3537 573 possside-

1953 580 2098 649 bant,
2131 593 2183 639 tu
2214 600 2307 655 per
2328 585 2654 657 Baptismum
2683 587 2938 648 Iiberasti.

2024 678 2110 735 I6.
2151 676 2299 752 [vers.
2333 678 2446 754 14.]
2485 680 2619 748 Quid
2654 681 2826 738 adhuc
2857 695 2974 753 post
3001 691 3171 759 capita
3197 690 3535 750 draconum?

1952 767 2031 824 Illi
2068 770 2210 825 enim
2252 770 2512 828 dracones
2557 772 2752 830 habent
2790 776 3087 848 principem
3109 797 3284 851 suum,
3311 792 3391 840 eet
3418 786 3532 857 ipse

1950 861 2155 932 primus
2201 873 2283 921 est
2311 880 2533 937 magnus
2584 867 2764 925 draco.
2818 869 2988 926 Et'de
3012 872 3104 929 illo
3136 877 3261 946 quid
3290 875 3414 937 fecit
3443 881 3535 949 qui

1950 964 2201 1024 operatus
2226 965 2309 1012 est
2336 958 2557 1013 salutem
2580 959 2633 1014 in
2662 960 2838 1017 medio
2868 963 3063 1018 terrm?
3092 965 3229 1022 Audi
3262 986 3274 1021 :
3303 968 3385 1023 Tu
3408 987 3534 1026 con-

1951 1046 2144 1117 fregisti
2189 1058 2342 1118 caput
2385 1050 2637 1106 draconis.
2682 1048 2845 1124 Cujus
2873 1054 3157 1111 draconis?
3188 1058 3535 1129 Intelligimus

1950 1136 2210 1195 dracones
2261 1141 2438 1196 omnia
2491 1141 2751 1199 daemonia
2804 1144 2902 1201 sub
2947 1145 3159 1211 diabolo
3207 1148 3489 1206 militantia
3515 1167 3534 1205 :

1949 1246 2107 1301 quem
2136 1246 2262 1304 ergo
2303 1234 2625 1305 singularem
2672 1236 2958 1293 draconem
2990 1240 3359 1311 ,cujuscaput
3402 1256 3536 1298 con-

1949 1318 2174 1377 fractum
2222 1331 2323 1388 est,
2371 1324 2472 1380 nisi
2518 1326 2691 1395 ipsum
2720 1326 2988 1383 diabolum
3031 1330 3328 1401 intelligere
3374 1331 3538 1388 debe-

1949 1413 2103 1467 mus?
2130 1412 2267 1481 Quid
2288 1414 2354 1470 de
2380 1415 2469 1471 illo
2494 1415 2662 1472 fecit?
2684 1417 2761 1472 Tu
2782 1420 3073 1491 confregisti
3102 1430 3253 1491 caput
3281 1423 3538 1479 draconis.

1948 1502 2085 1560 lIIud
2115 1514 2198 1561 est
2224 1507 2433 1564 initium
2459 1511 2683 1580 peccati.
2706 1512 2879 1583 Caput
2902 1513 3030 1568 illud
3058 1523 3141 1569 est
3159 1515 3301 1586 quod
3328 1519 3537 1588 accepit

1949 1598 2311 1667 maledictum,
2352 1611 2409 1657 ut
2428 1617 2613 1659 semen
2640 1604 2767 1660 Eva:
2792 1606 3102 1663 observaret
3127 1618 3287 1679 caput
3310 1624 3537 1681 serpen-

1949 1687 2019 1743 tis
2069 1687 2237 1760 (Gen.
2292 1708 2369 1758 ιιι,
2425 1694 2491 1750 15
2510 1692 2552 1767 ).
2604 1695 2887 1751 Admonita
2918 1700 3022 1754 est
3088 1700 3229 1755 enim
3300 1700 3542 1756 Ecclesia

1950 1778 2158 1837 initium
2210 1785 2413 1853 peccati
2458 1784 2714 1843 devitarc.
2788 1787 2940 1857 Quod
2977 1797 3086 1845 -est
3118 1842 3121 1843 ,
3154 1790 3359 1846 initium
3414 1806 3567 1863 pec-7

1948 1878 2074 1942 cati,
2124 1887 2374 1950 tanquam
2421 1890 2579 1951 caput
2630 1882 2927 1953 serpentis?
2967 1882 3179 1939 Initium
3210 1884 3373 1939 omnis
3417 1902 3539 1956 pec-

1949 1975 2048 2024 cati
2071 1972 2301 2041 superbia
2330 1972 2512 2041 (Eccli.
2536 1990 2591 2040 x,
2623 1974 2734 2046 I5).
2763 1976 3100 2031 Confractum
3122 1985 3204 2032 est
3230 1991 3359 2049 ergo
3380 1986 3542 2047 caput

1949 2061 2234 2130 draconis;
2276 2064 2545 2120 confracta
2589 2070 2675 2121 est
2707 2067 2953 2137 superbia
2984 2068 3279 2124 diabolica.
3320 2068 3389 2124 Et
3413 2068 3542 2139 quid

1949 2154 2018 2210 de
2043 2156 2133 2209 illo
2154 2155 2297 2225 fecit,
2327 2159 2416 2228 qui
2443 2168 2693 2229 operatus
2714 2172 2796 2216 est
2819 2161 3043 2217 salutem
3071 2162 3124 2216 in
3147 2162 3324 2219 medio
3345 2171 3500 2219 terra:
3514 2160 3543 2218 ?

1949 2244 2150 2302 Dedisti
2195 2266 2310 2303 eum
2350 2252 2401 2304 in
2450 2268 2614 2305 escam
2662 2252 2861 2323 populis
2901 2253 3251 2324 .EthiOpibus.
3296 2254 3433 2323 Quid
3459 2262 3544 2310 est

1951 2336 2091 2393 hoc?
2107 2339 2386 2405 Quomodo
2407 2341 2643 2413 intelligo
2664 2344 2886 2413 pepulos
2900 2342 3180 2414 EthiOpes
3196 2344 3220 2397 ?
3239 2344 3542 2412 Quomodo,

1951 2429 2052 2484 nisi
2079 2445 2174 2499 per
2215 2430 2333 2499 hos,
2385 2448 2572 2489 omnes
2624 2433 2863 2490 Gentes?
2913 2434 2981 2489 Et
3020 2435 3154 2489 bene
3189 2450 3286 2505 per
3329 2436 3542 2506 nigros;

1948 2516 2228 2589 [Ethiopes
2253 2521 2394 2576 enim
2416 2522 2553 2593 nigri
2574 2532 2716 2577 sunt.
2744 2522 2847 2593 Ipsi
2876 2536 3132 2580 vocantur
3151 2526 3215 2580 ad
3245 2526 3426 2593 (idem,
3452 2530 3545 2597 qui

1950 2610 2084 2680 nigri
2132 2611 2378 2679 fuerunt;
2431 2613 2533 2684 ipsi
2580 2630 2820 2686 prorsus,
2862 2626 2919 2671 ut
2942 2618 3148 2673 dicatur
3174 2620 3300 2674 eis:
3346 2619 3543 2675 Fuistis

1951 2702 2081 2755 enim
2112 2702 2385 2773 aliquando
2411 2706 2626 2760 tenebrae
2646 2722 2668 2771 ;
2710 2723 2843 2760 nunc
2878 2718 3045 2761 autem
3086 2709 3176 2763 lux
3220 2710 3274 2763 in
3318 2708 3540 2765 Domino

1952 2791 2165 2864 (Ep/tes.
2199 2811 2250 2862 v,
2296 2795 2373 2869 8).
2422 2797 2525 2868 Ipsi
2564 2812 2781 2869 prorsus
2824 2810 3080 2855 vocantur
3107 2801 3284 2870 nigri;
3333 2801 3428 2857 sed
3474 2818 3543 2859 ne

1952 2894 2263 2940 remaneant
2292 2886 2429 2958 nigri
2456 2898 2495 2942 :'
2522 2888 2590 2944 de
2613 2888 2695 2945 his
2719 2890 2860 2944 enim
2895 2890 2954 2945 iit
2980 2891 3249 2967 Ecclesia,
3282 2895 3366 2947 cui
3410 2894 3545 2949 dici-

1953 2984 2057 3045 tur,
2094 2978 2220 3045 Qua:
2259 2989 2331 3033 est
2369 2981 2468 3034 ista
2495 2997 2608 3050 qua:
2627 2982 2849 3037 ascendit
2888 2983 3121 3037 dealbata
3148 2983 3321 3055 (Cant.
3350 3000 3459 3050 VIII,
3485 2986 3539 3050 5,

1950 3083 2050 3121 sec.
2080 3067 2243 3141 LXX)
2266 3070 2289 3123 ?
2311 3070 2447 3137 Quid
2475 3071 2616 3125 enim
2643 3071 2710 3128 de
2738 3071 2890 3143 nigra
2916 3071 3114 3128 factum
3141 3082 3242 3142 est,
3271 3074 3371 3129 nisi
3398 3075 3542 3145 quod

1950 3159 2147 3215 dictum
2174 3171 2259 3218 est
2287 3181 2299 3217 :
2334 3162 2518 3233 Nigra
2547 3181 2680 3231 sunt,
2720 3174 2767 3220 et
2814 3168 3039 3236 speciosa
3083 3164 3252 3236 (Cant.
3280 3182 3317 3231 1,
3347 3166 3402 3235 4)
3423 3166 3449 3220 ?
3476 3166 3544 3223 Et

1951 3253 2217 3323 quomodo
2246 3266 2567 3327 acceperunt
2598 3258 2685 3312 isti
2713 3258 2765 3312 in
2812 3274 2989 3313 escam
3018 3258 3307 3315 draconem
3336 3260 3495 3314 istum
3518 3260 3544 3311 ’ἶ

1952 3344 2086 3399 Ριιιο
2114 3348 2235 3415 quia
2265 3347 2433 3417 magis
2458 3346 2726 3403 Christum
2756 3358 3076 3419 acceperunt
3118 3351 3171 3403 in
3197 3365 3373 3404 escam
3400 3368 3413 3403 :
3445 3350 3543 3405 sed

1950 3435 2219 3491 Christum
2265 3451 2371 3507 quo
2420 3454 2479 3492 se
2525 3448 2959 3494 consummarcnt
2998 3456 3013 3506 ;
3063 3439 3331 3495 diabolum
3381 3454 3541 3510 quem

1951 3536 2350 3584 consumerent.
2383 3529 2515 3585 Nam
2547 3531 2670 3587 inde
2691 3540 2745 3587 et
2771 3532 2965 3587 vitulus
2993 3532 3081 3586 ille
3107 3548 3264 3602 quem
3302 3532 3542 3587 adoravit

1949 3620 2177 3690 populus
2198 3620 2444 3688 inﬁdelis,
2464 3630 2724 3691 apostata,
2744 3637 2986 3692 quaerens
3002 3623 3129 3678 deos
3145 3624 3539 3695 Egyptiorum,

1950 3710 2223 3765 dimittens
2242 3727 2366 3767 eum
2386 3714 2473 3782 qui
2496 3713 2743 3768 liberavit
2766 3714 2833 3769 de
2852 3715 3105 3770 servitute
3127 3713 3498 3787 JEgyptiornm
3520 3731 3538 3781 ;

1950 3801 2090 3858 unde
2115 3803 2366 3874 agitatum
2393 3814 2475 3860 est
2500 3804 2632 3860 illud
2671 3821 2920 3877 magnum
2946 3816 3357 3862 sacramentum.
3403 3808 3542 3863 Cum

1950 3896 2094 3950 enim
2114 3896 2192 3952 sic
2211 3896 2534 3954 irasceretur
2554 3898 2766 3971 Moyses
2791 3899 3089 3955 colentibus
3115 3908 3170 3955 et
3194 3899 3541 3955 adorantibus

1949 3984 2172 4056 idolum,
2214 3998 2268 4043 et
2295 3988 2412 4045 zelo
2440 3990 2532 4044 Dei
2572 3990 2931 4046 inﬂammatus
2957 3991 3248 4047 vindicaret
3276 4000 3541 4062 tempora-

1950 4076 2092 4143 liter,
2138 4084 2197 4131 ut
2238 4092 2269 4131 a
2298 4088 2471 4134 morte
2499 4081 2820 4150 sempiterna
2850 4082 3133 4136 devitanda
3161 4091 3421 4148 terreret;
3455 4092 3535 4138 ta~

1949 4184 2072 4223 men
2102 4169 2274 4237 ipsum
2300 4179 2458 4239 caput
2484 4157 2628 4225 vituli
2672 4172 2725 4224 in
2753 4172 2929 4241 ignem
2959 4173 3103 4225 misit
3140 4181 3194 4235 et
3217 4172 3540 4228 extermina-

1949 4258 2046 4325 vit,
2078 4244 2419 4325 comminuit,
2466 4260 2519 4314 in
2562 4275 2755 4330 aquam
2794 4262 3006 4331 sparsit,
3056 4271 3110 4316 et
3155 4261 3302 4316 dedit
3342 4263 3540 4333 populo

1949 4349 2135 4405 bibere
2162 4348 2354 4423 (Exod.
2386 4366 2556 4417 xxx",
2608 4350 2758 4425 1-20)
2793 4368 2807 4406 :
2850 4353 2927 4407 sic
2954 4352 3147 4407 factum
3177 4362 3260 4408 est
3286 4368 3535 4424 magnum

1949 4452 2364 4498 sacramentum.
2386 4443 2432 4499 0
2456 4444 2528 4498 ira
2559 4443 2884 4514 prophetica,
2918 4455 2972 4500 et
2997 4448 3204 4500 animus
3228 4462 3330 4500 non
3356 4448 3537 4502 turba-

1951 4544 2055 4597 tus,
2103 4532 2196 4587 sed
2228 4533 2590 4589 illuminatus!
2624 4534 2759 4601 Quid
2803 4536 2947 4606 egit?
2977 4536 3123 4591 Mitte
3148 4537 3199 4589 in
3227 4537 3419 4608 ignem,
3474 4549 3535 4595 ut

1950 4628 2099 4697 prius
2122 4626 2478 4682 confundatur
2505 4626 2675 4682 forma
2698 4627 2807 4697 ipsa
2834 4642 2850 4693 ;
2883 4628 3181 4682 minutatim
3210 4630 3529 4697 comminuc,

1948 4728 2008 4774 ut
2033 4718 2283 4788 paulatim
2309 4727 2692 4785 consumatur;
2726 4719 2876 4773 mitte
2906 4719 2955 4772 in
2999 4734 3209 4789 aquam,
3240 4718 3304 4773 da
3335 4721 3535 4790 populo

1948 4811 2151 4866 bibere.
2179 4811 2316 4878 Quid
2345 4822 2426 4867 est
2452 4810 2575 4879 hoc,
2599 4812 2697 4866 nisi
2720 4812 2839 4882 quia
2870 4810 3183 4889 adoratores
3203 4811 3396 4867 diaboli
3418 4829 3534 4868 cor-

1950 4919 2049 4974 pus
2078 4905 2242 4975 ipsius
2274 4904 2395 4959 lacti
2426 4904 2621 4960 erant?
2665 4902 2943 4971 Quomodo
2987 4910 3337 4973 agnoscentes
3380 4904 3533 4959 Chri-

1948 5005 2111 5063 stum,
2144 4996 2277 5051 Iiunt
2296 5011 2489 5065 corpus
2513 4995 2734 5059 Christi,
2767 5003 2824 5048 ut
2851 4994 2927 5048 eis
2947 4992 3154 5050 dicatur
3182 5012 3195 5046 :
3239 4995 3337 5049 Vos
3362 5006 3531 5049 autem

1949 5088 2065 5141 estis
2095 5102 2277 5158 corpus
2300 5086 2483 5140 Christi
2510 5094 2555 5139 et
2582 5084 2804 5138 membra
2831 5085 2873 5154 (I
2910 5083 3029 5140 Cor.
3059 5102 3151 5151 xu,
3180 5086 3291 5156 27).
3319 5084 3527 5154 Corpus
3594 5096 3601 5103 ‘

1949 5178 2142 5233 diaboli
2184 5177 2605 5234 consumendum
2643 5186 2777 5242 erat,
2818 5186 2876 5232 et
2903 5177 3005 5233 hoc
3034 5178 3099 5232 ab
3126 5176 3375 5231 Israelitis
3402 5192 3517 5230 con.

1949 5269 2287 5325 sumendum.
2342 5270 2417 5323 Ex
2460 5269 2552 5324 illo
2595 5271 2737 5324 enim
2781 5270 2976 5340 populo
3024 5268 3300 5337 Apostoli;
3348 5283 3411 5322 cx
3440 5270 3528 5322 illo

1950 5362 2118 5433 prima
2145 5361 2402 5417 Ecclesia.
2453 5362 2521 5416 Et
2566 5361 2764 5417 dictum
2808 5371 2925 5417 erat
2951 5361 3106 5414 Petro
3135 5359 3202 5413 de
3227 5358 3483 5415 Gentibus
3512 5380 3524 5413 :

1952 5455 2124 5509 Macta
2149 5466 2194 5510 et
2223 5454 2477 5508 manduca
2519 5454 2656 5527 (Act.
2700 5472 2755 5523 ι,
2788 5455 2901 5525 15).
2947 5452 3083 5520 Quid
3127 5460 3227 5518 est,
3272 5452 3441 5507 Macta
3480 5465 3529 5506 et

1951 5548 2246 5603 manduca?
2292 5547 2485 5603 Occide
2535 5548 2675 5619 quod
2725 5554 2867 5613 sunt,
2912 5553 2967 5600 et
2991 5545 3072 5599 Iac
3099 5542 3242 5614 quod
3266 5557 3344 5599 es.
3396 5543 3528 5609 Hac,

1953 5637 2125 5693 Macta
2149 5648 2197 5693 et
2219 5638 2506 5706 manduca;
2528 5637 2645 5704 hac,
2666 5635 2978 5693 Comminue
3005 5645 3059 5690 et
3079 5633 3199 5689 bibe
3217 5651 3230 5687 :
3250 5642 3532 5703 utrumque
3586 5638 3589 5643 ’

1955 5738 2127 5787 tamen
2154 5731 2208 5786 in
2233 5731 2421 5788 eodem
2452 5737 2823 5794 sacramento;
2856 5727 2979 5797 quia
3017 5727 3298 5797 oportebat
3322 5727 3528 5796 utique,

1953 5832 2007 5879 et
2034 5824 2151 5879 sine
2195 5824 2524 5879 dubitatione
2568 5819 2868 5890 oportebat,
2918 5828 2978 5873 ut
3004 5834 3196 5887 corpus
3226 5818 3367 5887 quod
3414 5826 3531 5873 erat

1959 5913 2176 5981 diaboli,
2199 5914 2467 5971 credendo
2497 5911 2744 5967 transiret
2772 5910 2823 5965 in
2842 5925 3036 5981 corpus
3055 5909 3270 5963 Christi.
3300 5909 3388 5964 Sic
3412 5908 3532 5962 dia-

2936 6003 3259 6082 {Trente.,.l
