4076 6464
507 370 610 427 939

511 488 664 544 bolus
705 483 1033 541 consumitur
1074 478 1288 535 amissis
1316 475 1573 531 membris
1595 473 1726 528 suis.
1758 471 1871 528 Hoc
1895 473 2091 540 ﬁgura-

511 592 624 638 tum
651 587 734 636 est
761 587 816 634 et
843 578 894 632 in
925 581 1176 646 serpente
1203 569 1388 641 Moysi.
1431 567 1566 623 Nam
1595 567 1834 622 fecerunt
1860 563 2000 632 magi
2026 563 2099 616 si-

513 673 730 736 militer,
754 667 1110 741 projectisque
1124 663 1285 734 virgis
1301 661 1409 716 suis
1431 659 1788 714 exhibuerunt
1804 655 2091 716 dracones;

512 768 607 825 sed
636 767 800 822 draco
843 762 1010 835 Moysi
1063 759 1296 815 omnium
1347 757 1558 810 illorum
1602 767 1882 824 magorum
1922 751 2098 819 virgas

511 858 786 916 absorbuit
828 854 1022 929 (Exod.
1047 869 1138 918 vn,
1165 850 1276 923 12).
1328 848 1655 918 lntelligatur
1693 860 1822 915 ergo
1857 854 1910 898 et
1941 841 2100 898 modo

511 967 707 1022 corpus
755 949 949 1004 diaboli
982 967 994 1001 :
1037 947 1137 1000 hoc
1167 946 1262 1008 ﬁt;
1290 943 1577 998 devoratur
1614 955 1643 994 a
1683 939 1943 995 Gentibus
1981 951 2100 1006 quae

511 1043 876 1108 crediderunt,
927 1039 1093 1094 factus
1120 1047 1202 1092 est
1227 1051 1348 1091 esca
1376 1035 1585 1106 populis
1615 1032 1980 1103 Aitbiopibus.
2034 1029 2102 1082 ll-

513 1136 602 1194 1υέ
629 1149 842 1208 quoque
869 1131 1093 1202 intelligi
1126 1137 1320 1199 potest,
1369 1126 1552 1182 dedisti
1590 1142 1705 1180 eum
1733 1139 1899 1179 escam
1937 1137 2102 1192 popu-

513 1230 578 1284 lis
626 1223 960 1295 Ethiopibus
1006 1239 1023 1274 :
1067 1220 1190 1292 quia
1246 1233 1388 1274 nunc
1429 1233 1550 1272 cum
1595 1230 1781 1272 omnes
1833 1212 2099 1268 mordent.

513 1319 654 1390 Quid
682 1329 765 1375 est
795 1315 1086 1373 mordent?
1117 1310 1599 1384 Reprehendendo,
1630 1307 1916 1379 culpando,
1945 1320 2104 1360 accu-

514 1413 703 1469 sando.
731 1409 1009 1478 Quomodo
1029 1407 1230 1462 dictum
1257 1413 1362 1471 est,
1394 1403 1447 1458 in
1476 1401 1834 1473 prohibitione
1862 1396 2102 1468 quidem,

514 1505 610 1562 sed
635 1514 812 1560 tamen
841 1516 1152 1572 expressum
1185 1517 1198 1553 :
1230 1499 1288 1554 Si
1315 1506 1484 1552 autem
1503 1494 1742 1550 mordetis
1771 1503 1818 1546 et
1844 1490 2105 1545 comeditis

512 1600 764 1666 invicem;
813 1597 974 1652 videte
1017 1612 1081 1648 ne
1117 1595 1178 1648 ab
1216 1593 1428 1646 invicem
1467 1587 1833 1644 consumamini
1872 1583 2014 1659 (Gal.
2046 1599 2101 1648 v,

513 1691 625 1763 15).
656 1688 799 1760 Quid
825 1696 926 1752 est,
959 1686 1198 1741 mordetis
1227 1695 1273 1738 et
1291 1681 1549 1737 comeditis
1577 1681 1786 1734 invicem
1811 1679 1836 1732 7
1865 1676 2105 1746 Litigatis

513 1798 635 1839 cum
665 1780 915 1847 invicem,
955 1777 1241 1833 detrahitis
1270 1777 1515 1840 invicem,
1563 1773 1846 1842 opprobria
1875 1769 2106 1839 objicitis

518 1875 767 1932 invicem.
818 1871 1092 1928 Attendite
1133 1885 1259 1940 ergo
1291 1884 1430 1923 nunc
1456 1867 1540 1922 bis
1571 1865 1836 1920 morsibus
1862 1863 2106 1918 consumi

513 1967 804 2024 diabolum.
834 1963 966 2036 Quis
990 1979 1092 2018 non
1134 1963 1299 2016 iratus
1329 1976 1484 2015 servo
1510 1974 1627 2024 suo,
1656 1958 1815 2013 etiam
1846 1969 2102 2026 paganus,

514 2058 656 2115 dicat
696 2057 773 2113 illi
800 2075 814 2110 :
863 2053 1128 2112 Satanas?
1159 2051 1290 2106 Vide
1315 2049 1585 2105 diabolum
1613 2049 1794 2103 datum
1822 2048 1872 2101 in
1902 2061 2104 2102 escam.

515 2149 628 2207 Hoc
666 2150 794 2207 dicit
842 2149 1190 2211 Christianus,
1244 2147 1343 2200 hoc
1390 2144 1518 2198 dicit
1545 2142 1782 2205 Judzeus,
1835 2140 1936 2194 hoc
1978 2139 2108 2195 dicit

515 2243 798 2314 Paganus;
829 2244 1002 2312 ipsum
1032 2241 1234 2303 adorat,
1269 2249 1323 2294 et
1347 2237 1415 2293 de
1447 2237 1562 2306 ipso
1593 2234 1882 2289 maledicit.

594 2333 686 2390 1⁸1.
728 2330 1024 2409 [ners.15.]
1058 2330 1346 2384 Videamus
1392 2344 1522 2398 ergo
1573 2326 1797 2397 reliqua.
1855 2322 2103 2390 Fratres,

515 2427 762 2494 obsecro,
796 2423 1052 2480 intendite
1081 2439 1094 2474 :
1127 2437 1246 2475 eum
1274 2435 1462 2491 magna
1494 2421 1763 2490 voluptate
1795 2415 2102 2479 audiuntur,

516 2520 637 2590 quia
683 2516 860 2574 audita
907 2517 1064 2571 etiam
1112 2515 1162 2568 in
1201 2517 1331 2568 orbe
1381 2523 1640 2568 terrarum
1685 2519 2102 2581 cognoscuntur.

517 2612 644 2668 Hac
671 2610 884 2681 quando
905 2607 1236 2670 dicebantur,
1267 2619 1373 2659 non
1401 2602 1648 2668 fuerunt;
1679 2603 1799 2672 quia
1830 2611 1955 2656 tunc
1978 2617 2104 2670 pro-

516 2703 889 2768 mittebantur,
935 2716 1038 2754 non
1081 2697 1479 2754 reddebantur:
1511 2709 1652 2750 nunc
1671 2711 1798 2748 vero
1819 2710 1920 2764 qua
1953 2693 2106 2748 volu-

516 2805 662 2870 ptate
703 2793 998 2859 afﬁcimur,
1051 2807 1172 2846 cum
1217 2805 1281 2845 ea
1321 2804 1440 2859 qua:
1482 2787 1735 2858 praedicta
1784 2786 2009 2855 legimus
2051 2785 2105 2838 in

518 2890 675 2956 libro,
705 2886 959 2956 compleri
992 2884 1233 2940 videmus
1273 2883 1327 2937 in
1367 2880 1599 2936 mundo!
1655 2878 1940 2934 Videamus
1979 2876 2106 2947 quid

519 2981 725 3047 iecerit,
758 2994 916 3049 quem
961 2979 1069 3049 jam
1112 2973 1357 3046 intelligit
1382 2974 1584 3045 Asapb,
1611 2972 1753 3044 quod
1774 2980 2008 3042 operatus
2035 2978 2109 3025 est

516 3074 728 3130 salutem
754 3074 806 3126 in
834 3072 999 3125 medio
1026 3081 1191 3125 teme.
1232 3067 1314 3124 Tu
1347 3068 1608 3140 disrupisti
1647 3066 1810 3136 fontes
1837 3074 1883 3118 et
1912 3075 2109 3118 torren-

517 3175 594 3222 tes
631 3182 652 3221 :
695 3175 753 3220 ut
795 3173 1067 3219 manarent
1109 3163 1369 3232 liquorem
1411 3160 1707 3230 sapientiae,
1741 3167 1798 3212 ut
1827 3167 2109 3211 manarent

518 3257 731 3315 divitias
775 3257 918 3320 ﬂdei,
967 3264 1023 3311 ut
1072 3256 1354 3326 irrigarent
1407 3252 1698 3308 sulsitatem
1745 3249 2018 3316 Gentium,
2051 3260 2108 3304 ut

519 3368 708 3413 omnes
757 3351 1000 3407 inﬁdeles
1041 3352 1092 3404 in
1136 3350 1237 3404 ﬁde
1283 3346 1618 3404 dulcedinem
1665 3360 1760 3400 sua
1801 3345 2110 3414 irrigatione

521 3452 916 3505 converterent.
966 3442 1240 3512 Disrupisti
1297 3445 1460 3513 fontes
1521 3451 1564 3493 et
1629 3447 1891 3492 torrentes.
1949 3437 2109 3492 Forte

521 3541 810 3597 discretum
841 3547 955 3603 est;
987 3537 1121 3592 forte
1150 3551 1310 3590 unum
1342 3543 1426 3590 est
1445 3576 1459 3599 ,
1491 3534 1612 3604 quia
1641 3531 1817 3587 fontes
1845 3540 1949 3585 tam
1979 3531 2110 3601 largi

523 3633 737 3690 fuerunt
765 3641 823 3687 ut
856 3631 1072 3687 ﬂumina
1119 3628 1379 3685 lacerent.
1435 3626 1513 3682 Tu
1559 3626 1821 3695 disrupisti
1858 3627 2016 3697 fontes
2065 3631 2112 3676 ct

523 3737 786 3783 torrentes.
813 3727 867 3782 Si
893 3737 1068 3782 autem
1100 3725 1164 3779 ad
1196 3724 1573 3779 discretionem
1618 3740 1633 3777 :
1677 3723 1729 3775 in
1757 3721 1874 3774 aliis
1907 3721 1962 3773 ﬁt
1993 3735 2113 3774 ver-

523 3818 651 3875 bum
683 3819 781 3875 Dei
821 3818 936 3888 fons
975 3831 1120 3888 aqum
1154 3816 1378 3870 salientis
1405 3816 1458 3868 in
1487 3816 1642 3868 vitam
1669 3822 1906 3867 (sternam
1930 3813 2109 3882 (Joan.

523 3925 596 3977 Iv,
621 3908 750 3983 ﬂ);
775 3908 865 3964 alii
891 3919 1070 3962 autem
1095 3907 1371 3962 audientes
1401 3907 1646 3971 verbum,
1689 3914 1744 3960 et
1778 3921 1885 3957 non
1916 3904 1992 3956 sic
2015 3904 2112 3957 ha-

526 4005 716 4060 bentes
761 4010 820 4056 ut
867 4001 1004 4055 bene
1048 4000 1256 4066 vivant,
1287 4008 1464 4053 tamen
1491 4013 1597 4052 non
1625 4006 1863 4052 tacentes
1891 3997 2067 4066 lingua
2095 4037 2109 4061 ,

526 4109 793 4157 torrentes
828 4100 980 4154 ﬁunt.
1014 4098 1304 4154 Torrentes
1324 4099 1466 4152 enim
1493 4097 1742 4154 dicuntur
1764 4095 2000 4168 proprie,
2025 4093 2113 4163 qui

525 4212 632 4254 non
662 4204 787 4252 sunt
826 4210 1091 4266 perennes
1123 4213 1134 4250 :
1166 4211 1285 4248 nam
1325 4193 1611 4264 aliquando
1655 4203 1709 4248 et
1754 4193 2010 4247 translate
2037 4189 2117 4244 di-

526 4290 663 4346 citur
712 4298 921 4345 torrens
957 4302 1054 4358 pro
1093 4285 1284 4352 ﬂuvio;
1326 4286 1462 4340 sicut
1487 4285 1687 4339 dictum
1724 4293 1847 4339 est:
1884 4282 2115 4336 Inebria-

528 4383 711 4435 buntur
748 4378 812 4434 ab
853 4379 1076 4434 ubertate
1099 4379 1278 4431 domus
1318 4387 1446 4442 tuae,
1493 4385 1539 4431 et
1583 4385 1801 4430 torrente
1822 4375 2116 4428 deliciarum

528 4483 730 4528 tuarum
762 4472 956 4545 potabis
998 4488 1082 4526 eos
1131 4468 1304 4540 (Psal.
1349 4485 1508 4535 xxxv,
1551 4468 1656 4539 9):
1692 4485 1798 4524 non
1841 4470 1982 4524 enim
2029 4468 2117 4522 ille

531 4576 743 4622 torrens
791 4564 1076 4636 aliquando
1108 4565 1409 4618 siccabitur.
1455 4562 1561 4619 Sed
1607 4571 1871 4617 torrentes
1904 4561 2117 4632 proprie

529 4657 778 4712 dicuntur
799 4657 940 4710 ﬂuvii
970 4656 1058 4727 qui
1081 4665 1266 4710 testate
1296 4654 1571 4721 deﬁciunt,
1609 4655 1760 4724 aquis
1785 4664 1960 4707 autem
2006 4653 2118 4706 hie-

531 4749 758 4805 malibus
790 4748 1110 4802 inundantur
1138 4756 1191 4802 et
1217 4757 1457 4801 currunt.
1495 4744 1653 4800 Vides
1683 4759 1809 4815 ergo
1848 4744 2118 4798 hominem

533 4844 668 4897 bene
696 4839 928 4904 ﬁdelem,
967 4847 1427 4908 perseveraturum
1471 4852 1636 4904 usque
1680 4837 1732 4890 in
1783 4836 1962 4901 tinem,
2011 4850 2119 4889 non

531 4933 846 4990 relicturum
879 4931 1044 4985 Deum
1090 4931 1143 4985 in
1185 4930 1330 4984 omni
1365 4932 1694 4993 tentatione;
1742 4944 1836 4997 pro
1873 4928 2116 4995 veritate,

534 5044 640 5083 non
668 5040 765 5098 pro
790 5024 1014 5079 falsitate
1045 5031 1099 5077 et
1121 5039 1323 5089 errore,
1347 5037 1534 5076 omnes
1561 5021 1834 5075 molestias
1853 5022 2120 5074 sustinen-

535 5133 641 5174 tem
675 5136 688 5172 :
713 5118 797 5171 hic
816 5116 959 5170 unde
985 5115 1062 5170 sic
1089 5115 1246 5184 viget.
1272 5112 1372 5168 nisi
1399 5113 1522 5184 quia
1566 5113 1784 5167 verbum
1818 5114 2008 5167 factum
2038 5120 2123 5168 est

535 5213 588 5267 in
617 5227 683 5267 eo
712 5216 824 5280 fons
852 5225 998 5282 aqua:
1034 5209 1260 5262 salientis
1289 5210 1341 5261 in
1371 5210 1519 5261 vitam
1547 5208 1828 5263 retentam?
1857 5209 2006 5262 Alius
2031 5226 2127 5262 au-

538 5313 643 5360 tem
669 5303 858 5375 accipit
888 5301 1144 5367 verbum;
1170 5299 1440 5371 praadicat,
1478 5316 1584 5356 non
1617 5309 1774 5364 tacet,
1804 5302 1966 5355 currit
1991 5319 2001 5353 :
2028 5302 2124 5357 sed

536 5402 693 5449 testas
720 5391 910 5463 probat
938 5393 1134 5447 fontem
1177 5399 1270 5445 aut
1299 5377 1609 5446 torrenten‘t.
1656 5393 1852 5446 Tamen
1883 5409 1947 5445 ex
1975 5403 2124 5445 utro-

536 5503 641 5559 que
671 5487 872 5558 rigetur
902 5496 1074 5552 terra,
1104 5485 1172 5541 ab
1204 5501 1270 5542 eo
1309 5486 1399 5556 qui
1439 5497 1675 5555 operatus
1711 5495 1780 5541 est
1823 5485 2034 5540 salutem
2075 5486 2127 5537 in

539 5578 703 5632 medio
726 5586 910 5643 teme;
936 5576 1207 5632 exundent
1236 5575 1442 5644 fontes,
1469 5589 1682 5633 currant
1712 5585 1976 5633 torrentes
2008 5596 2018 5628 :
2053 5576 2128 5631 Tu

541 5670 806 5739 disrupisti
832 5672 995 5742 fontes
1026 5680 1071 5723 et
1101 5678 1365 5726 torrentes.
1754 5683 1763 5692 '

617 5763 700 5817 18.
729 5761 806 5816 Tu
830 5763 1027 5817 siccasti
1055 5765 1234 5834 ﬂuvios
1275 5764 1479 5819 Etham.
1509 5766 1615 5819 Hac
1638 5767 1829 5834 rumpit
1868 5765 2045 5819 fontes
2075 5774 2128 5821 et

543 5865 836 5923 torrentes,
866 5859 964 5911 hac
990 5857 1152 5913 siccat
1180 5859 1402 5926 ﬂuvios,
1442 5869 1500 5914 ut
1546 5859 1668 5914 inde
1690 5871 1903 5914 currant
1931 5876 2080 5929 aqu-.e
2109 5902 2123 5927 ,

1714 358 1770 413 S.
1811 349 2174 412 AUGUSTINI
2218 350 2517 409 EPISCOPI

3688 358 3799 416 9M)

2209 477 2261 522 et
2289 469 2411 524 hinc
2441 485 2592 539 aqua:
2613 470 2901 526 siccentur.
2937 469 3166 534 Fluvios,
3195 473 3385 542 inquit,
3414 473 3622 529 Ettiam.
3652 475 3798 543 Quid

2208 572 2287 617 est
2315 562 2546 617 Etham?
2577 563 2805 618 Verbum
2834 564 2977 619 enim
3014 564 3283 619 bebrzeum
3310 575 3412 620 est.
3445 567 3584 634 Quid
3625 569 3806 623 inter-

2210 668 2447 728 pretatur
2467 660 2691 714 Etham?
2717 657 2892 714 Fortis
2908 701 2923 725 ,
2956 659 3227 716 robustus.
3249 660 3380 727 Quis
3404 671 3488 717 est
3517 663 3622 719 iste
3643 661 3801 717 [ortis

2207 762 2260 806 et
2283 752 2553 818 robustus,
2580 753 2730 823 cujus
2757 754 2948 830 ﬂuvios
2978 754 3143 809 siccat
3177 754 3360 810 Deus?
3384 755 3536 824 Qnis,
3569 757 3674 812 nisi
3708 756 3802 812 ille

2209 843 2322 912 ipse
2343 844 2543 900 draco?
2564 844 2730 900 Nemo
2748 839 2890 902 enim
2916 847 3070 900 intrat
3099 847 3153 901 in
3179 848 3386 903 domum
3405 850 3576 922 fortis,
3598 860 3656 903 ut
3677 865 3802 903 vasa

2208 935 2346 990 illius
2372 937 2597 1007 diripiat,
2626 938 2724 992 nisi
2751 939 2892 1007 prius
2921 939 3203 1010 alligaverit
3238 943 3420 1012 fortem
3449 941 3666 1012 (Matth.
3704 955 3798 1006 xu,

2208 1026 2318 1097 9.9).
2371 1027 2484 1098 Ipse
2523 1038 2606 1085 est
2645 1028 2814 1095 fortis,
2865 1030 2934 1086 de
2979 1031 3176 1086 virtute
3209 1047 3304 1086 sua
3355 1047 3716 1103 praesumens,
3747 1045 3802 1088 et

2209 1121 2377 1176 Deum
2395 1120 2670 1186 deserens;
2692 1123 2804 1193 ipse
2833 1134 2915 1178 est
2943 1123 3115 1187 fortis,
3139 1123 3230 1193 qui
3251 1125 3326 1179 ait
3355 1142 3368 1178 :
3394 1123 3598 1179 Ponam
3627 1128 3801 1180 sedem

2209 1231 2370 1268 meam
2399 1215 2465 1268 ad
2489 1215 2797 1285 aquilonem,
2827 1226 2872 1270 et
2900 1233 2984 1270 ero
3009 1217 3192 1272 similis
3215 1218 3470 1274 Altissimo
3501 1217 3658 1290 (Iani.
3685 1235 3798 1288 xiv,

2211 1307 2322 1375 15).
2358 1307 2430 1362 De
2455 1308 2570 1376 ipso
2597 1308 2762 1362 calice
2795 1323 3059 1377 perversae
3081 1307 3409 1364 fortitudinis
3437 1310 3641 1366 homini
3676 1328 3799 1381 pro-

2210 1400 2430 1469 pinavit.
2462 1400 2650 1456 Fortes
2677 1416 2797 1457 eSse
2825 1403 3129 1468 voluerunt,
3157 1404 3246 1474 qui
3264 1418 3325 1460 se
3343 1403 3475 1459 deos
3496 1405 3706 1460 futuros
3733 1406 3801 1462 de

2208 1494 2330 1548 cibo
2357 1493 2521 1549 vetito
2558 1494 2915 1552 crediderunt.
2973 1495 3169 1552 Factus
3208 1506 3293 1552 est
3333 1497 3502 1552 Adam
3536 1497 3691 1553 fortis
3715 1499 3800 1556 cui

2209 1585 2554 1642 insultaretur
2585 1591 2602 1620 ί
2635 1607 2647 1641 :
2676 1587 2808 1643 Ecce
2828 1590 2995 1658 factus
3022 1600 3095 1644 est
3115 1591 3280 1644 Adam
3307 1601 3548 1662 tanquam
3579 1609 3716 1648 unus
3739 1610 3800 1649 es

2209 1680 2350 1734 nobis
2380 1677 2531 1751 (Gen.
2565 1697 2641 1746 ιιι,
2671 1682 2724 1747 5,
2754 1681 2808 1743 6,
2836 1681 2950 1751 22).
2984 1682 3173 1737 Fortes
3205 1690 3260 1737 et
3292 1682 3462 1738 Judaei
3490 1683 3562 1738 de
3595 1684 3799 1754 justitia

2210 1785 2302 1826 sua
2333 1782 2716 1841 prcesumeutes
2749 1792 2761 1827 :
2789 1772 3089 1843 Ignorantes
3126 1774 3257 1828 enim
3305 1774 3398 1830 Dei
3433 1776 3727 1846 justitiam,
3754 1785 3800 1832 et

2208 1881 2354 1918 suam
2373 1865 2629 1935 justitiam
2654 1876 2929 1934 querentes
2951 1867 3274 1934 constituere,
3306 1876 3559 1936 tanquam
3591 1867 3757 1923 fortes
3781 1908 3797 1935 ,

2200 1959 2417 2028 justitia:
2441 1957 2532 2011 Dei
2563 1975 2662 2012 non
2690 1969 2805 2012 sunt
2837 1959 3043 2029 subjecti
3073 1957 3249 2028 (Rom.
3277 1975 3330 2024 ι,
3369 1960 3448 2031 5).
3489 1957 3674 2014 Videte
3699 1958 3820 2014 Ιιο·Δ

2210 2050 2410 2104 minem
2443 2049 2729 2120 digessisse
2769 2050 3132 2106 fortitudinem
3173 2066 3359 2118 suam,
3397 2060 3453 2107 et
3477 2051 3800 2108 remansisse

2211 2141 2505 2208 inﬁrmum,
2536 2143 2768 2211 inopem,
2800 2142 2957 2213 longe
2983 2153 3235 2208 stantem,
3268 2158 3368 2198 nec
3385 2146 3572 2200 oculos
3599 2143 3670 2198 ad
3692 2160 3800 2199 (ξων

2211 2233 2321 2287 1ιιιη
2349 2234 2525 2289 levare
2540 2234 2858 2300 audentem;
2891 2235 2982 2291 sed
3009 2237 3393 2306 percutientem
3416 2248 3596 2306 pectus
3614 2250 3795 2303 suum,

2211 2335 2267 2381 et
2294 2326 2561 2384 dicentem
2595 2345 2608 2380 :
2658 2328 2900 2394 Domine,
2950 2331 3199 2401 propitius
3246 2341 3349 2385 esto
3391 2332 3512 2385 mihi
3540 2331 3796 2401 peccatori

2214 2419 2362 2490 (Luc.
2405 2437 2554 2485 xvut,
2593 2421 2705 2490 15).
2739 2421 2855 2477 Jam
2883 2422 3121 2478 inﬁrmus
3149 2433 3250 2488 est,
3281 2424 3388 2494 jam
3430 2423 3792 2480 inﬁrmitatem

2212 2513 2530 2579 conﬁtetur;
2569 2525 2782 2569 nonest
2821 2513 2974 2570 fortis
3017 2534 3029 2568 2
3071 2516 3219 2571 arida
3268 2525 3410 2571 terra
3443 2527 3554 2581 est;
3595 2517 3799 2586 rigetur

2218 2605 2456 2664 fontibus
2483 2615 2538 2662 et
2566 2607 2909 2661 torrentibus.
2944 2607 3021 2661 Illi
3051 2607 3224 2663 adhuc
3243 2607 3410 2664 fortes
3439 2620 3590 2672 sunt,
3615 2611 3705 2678 qui
3738 2608 3800 2663 de

2212 2703 2409 2759 virtute
2453 2716 2549 2759 sua
2590 2711 2938 2774 pr:esumunt.
2982 2701 3260 2757 Siccentur
3303 2701 3523 2756 ﬂumina
3571 2717 3796 2756 eorum:

2211 2809 2316 2849 non
2344 2795 2624 2866 proﬁciant
2653 2792 2910 2851 doctrina:
2954 2792 3230 2866 gentium,
3261 2791 3660 2862 haruspiseum,
3690 2808 3800 2847 ma-

2212 2889 2642 2952 tbematicorum,
2688 2890 2906 2958 magicre
2953 2899 3129 2953 artes;
3168 2886 3421 2958 quoniam
3465 2885 3647 2941 siccati
3680 2894 3804 2940 sunt

2212 2982 2358 3037 ﬂuvii
2385 2983 2563 3038 Fortis
2589 2984 2610 3014 ⁸
2643 3001 2656 3036 :
2680 2981 2760 3036 Tu
2795 2983 2993 3036 siccasti
3026 2983 3207 3052 ﬂurios
3228 2981 3442 3036 Etltam.
3467 2981 3692 3033 Arescat
3720 2978 3803 3033 illa

2216 3075 2487 3137 doctrina;
2521 3076 2844 3130 inundentur
2872 3085 3078 3129 mentes
3104 3075 3390 3144 Evangelio
3418 3072 3682 3129 veritatis.

2289 3168 2371 3222 19.
2399 3166 2548 3240 [vers.
2581 3167 2692 3239 1b.]
2719 3167 2858 3221 Tuus
2888 3176 2958 3222 est
2984 3169 3110 3234 dies,
3135 3178 3180 3221 et
3205 3178 3291 3221 tua
3316 3177 3389 3222 est
3415 3185 3538 3222 nox.
3558 3169 3692 3236 Quis
3707 3167 3802 3222 hoc

2216 3263 2442 3329 ignorat,
2476 3260 2690 3329 quando
2716 3260 2828 3328 ipse
2851 3260 2978 3314 fecit
3011 3260 3126 3314 hth
3152 3260 3361 3323 omnia;
3391 3260 3512 3330 quia
3542 3276 3639 3330 per
3671 3260 3803 3316 Ver-

2215 3350 2339 3404 bum
2369 3350 2503 3406 lacta
2534 3361 2658 3405 sunt
2683 3352 2858 3405 omnia
2887 3350 3065 3422 (Joan.
3109 3369 3148 3418 ι,
3196 3352 3285 3419 5)?
3320 3351 3398 3406 llli
3429 3352 3529 3423 ipsi
3565 3354 3658 3422 qui
3689 3369 3805 3423 ape-

2213 3454 2355 3498 ratus
2391 3456 2462 3499 est
2491 3446 2704 3499 salutem
2740 3447 2793 3498 in
2819 3447 2983 3500 medio
3013 3456 3178 3510 terra,
3204 3445 3279 3499 illi
3314 3445 3547 3500 dicitur:
3579 3446 3718 3501 Tuus
3735 3457 3804 3500 est

2216 3537 2340 3599 dies,
2371 3548 2416 3590 et
2447 3547 2534 3588 tua
2563 3548 2637 3591 est
2667 3554 2789 3591 nox.
2823 3539 3034 3607 Aliquid
3074 3537 3159 3592 hic
3185 3538 3482 3608 intelligere
3518 3539 3800 3605 debemus,

2215 3628 2355 3698 quod
2379 3629 2643 3699 pertineat
2677 3630 2741 3683 ad
2778 3629 2946 3698 ipsam
2981 3631 3207 3686 salutem
3243 3645 3401 3701 quam
3442 3644 3698 3701 operatus
3726 3642 3806 3686 est

2217 3722 2268 3774 in
2294 3721 2470 3776 medio
2492 3730 2666 3776 terrae.
2706 3720 2842 3776 Tuus
2865 3733 2937 3776 est
2969 3724 3093 3776 dies.
3125 3723 3226 3790 Qui
3252 3732 3378 3778 sunt
3403 3725 3523 3780 isti?
3544 3725 3805 3795 Spiritus-

2216 3813 2314 3870 les.
2346 3814 2412 3867 Et
2452 3825 2537 3867 tua
2578 3826 2648 3868 est
2677 3832 2795 3869 nox.
2824 3815 2924 3883 Qui
2953 3829 3078 3870 sunt
3108 3817 3233 3872 isti?
3261 3817 3537 3883 Carnales,
3573 3817 3712 3873 Tuus
3735 3828 3808 3874 est

2217 3907 2359 3972 dies;
2387 3917 2433 3958 et
2467 3916 2552 3960 tua
2582 3918 2654 3961 est
2683 3924 2802 3961 nox.
2838 3908 3144 3979 Lequantur
3179 3911 3484 3980 spirituales
3511 3912 3808 3982 spiritualia

2217 3999 2608 4068 Spiritualihus;
2629 3999 2825 4054 dictum
2843 4010 2925 4054 est
2943 4001 3084 4055 enim
3104 4019 3116 4052 :
3137 4002 3500 4071 Spiritualibus
3519 4004 3810 4074 spiritualia

2218 4105 2587 4160 comparantes,
2617 4096 2916 4162 sapientiam
2937 4096 3190 4166 loquimur
3204 4097 3333 4151 inter
3352 4102 3602 4169 perfectos
3619 4098 3667 4171 (l
3688 4097 3806 4154 Cor.

2227 4199 2285 4247 ιι,
2304 4184 2480 4253 L16).
2500 4185 2742 4238 Nondum
2771 4185 2987 4254 Cupiunt
3011 4186 3164 4240 istam
3191 4189 3507 4259 sapientiam
3533 4191 3805 4246 carnales:

2228 4275 2346 4330 Non
2380 4278 2518 4346 potui
2551 4277 2684 4333 vobis
2713 4280 2845 4343 loqui
2874 4281 3018 4348 quasi
3037 4279 3401 4349 spiritualibus,
3425 4283 3516 4336 sed
3539 4286 3690 4355 quasi
3709 4301 3812 4337 car-

2220 4368 2418 4421 nalibus
2452 4367 2583 4438 (ld.,
2609 4386 2682 4434 ιιι,
2707 4368 2778 4442 1).
2813 4369 2954 4440 Ergo
2971 4385 3090 4425 cum
3121 4371 3422 4440 spirituales
3447 4376 3812 4445 spiritualibus

2222 4461 2526 4528 loquuntur,
2537 4460 2654 4514 Dies
2671 4462 2770 4515 diei
2785 4472 2975 4516 eructat
2988 4463 3188 4517 uerbum
3207 4480 3227 4518 :
3239 4479 3360 4518 cum
3380 4481 3507 4521 vero
3519 4475 3576 4520 et
3591 4467 3691 4536 ipsi
3705 4482 3816 4520 car-

2224 4553 2370 4606 nales
2388 4568 2491 4607 non
2518 4563 2692 4608 tacent
2720 4554 2875 4610 tidem
2905 4557 3144 4610 cruciﬁxi
3158 4556 3376 4624 Christi,
3403 4573 3564 4628 quam
3593 4569 3816 4630 possunt

2220 4661 2414 4715 capere
2455 4648 2640 4715 parvi,
2704 4646 2825 4702 N01:
2863 4650 2994 4703 nocti
3041 4651 3309 4704 annuntiat
3348 4651 3612 4706 scientiam
3639 4651 3811 4722 (Psal.

2221 4754 2370 4802 xvm,
2401 4740 2483 4809 5).
2513 4739 2650 4794 Tuus
2675 4749 2748 4793 est
2774 4740 2898 4805 dies,
2928 4750 2976 4795 et
3006 4751 3092 4795 tua
3120 4750 3192 4796 est
3220 4758 3340 4798 nos.
3371 4743 3452 4800 Ad
3476 4754 3528 4800 te
3549 4745 3816 4815 pertinent

2223 4833 2545 4902 spirituales,
2560 4835 2626 4888 ad
2645 4845 2696 4889 te
2725 4835 2992 4903 pertinent
3017 4837 3258 4892 carnales
3289 4854 3306 4892 :
3333 4836 3456 4893 illos
3474 4839 3713 4894 illustras
3737 4841 3817 4894 in-

2224 4927 2589 4982 commutabili
2629 4927 2889 4997 sapientia
2947 4939 3002 4984 et
3047 4931 3304 4994 veritate;
3354 4930 3476 4985 illos
3519 4933 3817 4986 consolaris

2225 5018 2405 5075 carnis
2423 5019 2864 5087 manifestatione,
2883 5029 3128 5091 tauquam
3142 5022 3264 5076 luna
3277 5022 3565 5077 consolans
3582 5034 3813 5078 noctem.

2231 5110 2368 5167 Tuus
2401 5123 2474 5168 est
2517 5115 2644 5180 dies,
2682 5124 2727 5168 et
2755 5124 2844 5167 tua
2883 5122 2956 5168 est
2985 5129 3113 5170 nox.
3143 5114 3236 5168 Vis
3261 5116 3447 5170 audire
3473 5115 3657 5171 diem?
3689 5117 3820 5171 Vidn

2229 5206 2271 5260 si
2307 5206 2486 5275 capis;
2530 5208 2674 5276 erige
2707 5216 2962 5275 quantum
2995 5217 3147 5275 potes
3171 5221 3404 5262 mentem
3428 5217 3595 5263 tuam.
3623 5207 3791 5265 Videa

2231 5315 2349 5352 mus
2389 5300 2430 5350 si
2463 5298 2692 5366 pertines
2717 5296 2781 5350 ad
2812 5298 2982 5363 diem;
3011 5299 3121 5368 jam
3151 5299 3445 5366 videamus,
3479 5301 3524 5355 si
3558 5315 3663 5356 non
3705 5301 3793 5370 pel

2232 5391 2364 5459 pitat
2395 5398 2642 5458 aspectus
2669 5398 2810 5443 tuus.
2841 5390 3000 5446 Potes
3026 5391 3206 5446 videre
3241 5392 3383 5462 quod
3425 5393 3619 5449 audisti
3662 5393 3826 5447 modo

2232 5498 2296 5537 ex
2327 5481 2613 5550 Evangelia
2641 5499 2653 5534 :
2688 5479 2754 5534 In
2781 5483 3029 5551 principio
3070 5492 3177 5537 erat
3225 5481 3476 5552 Verbum,
3511 5495 3559 5539 et
3607 5484 3828 5538 Verbum

2269 5683 2425 5792 ᾧ
2441 5684 2656 5742 potiores
2677 5689 2785 5732 Mss.
2837 5684 2940 5744 Alii,
2975 5697 3085 5734 cum
3120 5683 3439 5735 exaltaretur.
3482 5693 3536 5736 Αι
3565 5686 3694 5744 add,
3717 5699 3834 5736 cuin

2235 5757 2425 5793 auatret
2433 5778 2444 5790 .

2301 5805 2476 5879 "edd,
2501 5804 2637 5879 ﬂuuii
2655 5807 2816 5879 foras.
2856 5807 3022 5857 Melius
3053 5816 3182 5869 Mss,
3220 5810 3358 5871 fortis
3387 5823 3404 5860 :
3426 5821 3538 5872 quae
3575 5818 3650 5859 est
3670 5817 3830 5860 inter-

2241 5871 2446 5930 pretatio
2468 5872 2668 5917 umniuis
2695 5871 2859 5917 Ιιίιςιιιι
