4076 6470
324 408 421 465 941

324 533 430 576 erat
454 525 598 594 aptt‘d
622 525 806 596 Deum,
833 538 879 585 et
902 529 1041 588 Deus
1060 544 1165 590 erat
1200 535 1454 596 Verbum?
1470 540 1589 611 Non
1605 546 1902 605 nosti‘enim

326 624 379 667 tu
407 617 642 687 cogitare
664 621 842 689 verba,
872 623 972 678 nisi
999 641 1118 696 quae
1142 641 1334 686 sonant
1354 642 1407 687 et
1434 643 1728 707 transeunt.
1744 639 1906 698 Potes

321 708 427 777 jam
460 724 652 781 capere
681 711 934 789 Verbum,
964 733 1069 774 non
1098 735 1284 799 sonum
1304 764 1321 792 ,
1350 726 1449 781 sed
1476 726 1680 785 Deum?
1715 733 1904 789 Annon

320 798 392 887 ih'i
422 803 614 859 audisti
648 822 661 887 ξ
694 805 759 887 Et
791 806 925 864 Deus
958 821 1064 865 erat
1109 798 1364 871 Verbum?
1400 816 1505 875 Sed
1534 830 1590 876 tu
1618 824 1717 879 ista
1745 826 1905 882 verba

319 884 522 965 cogitas
543 938 557 964 ,
584 884 792 987 lOmnia
835 918 924 975 per
962 903 1132 973 ipsum
1172 910 1309 979 facta
1336 920 1454 965 sunt
1479 927 1499 967 :
1527 923 1580 967 et
1609 930 1704 984 per
1730 916 1902 987 ipsum

320 964 445 1039 facti
473 964 595 1071 suni
623 998 676 1043 et
705 990 795 1060 qui
824 964 1227 1075 icrba'faciun't.
1259 999 1424 1065 Quale
1452 964 1579 1074 ergo

318 1075 441 1130 bum
473 1079 592 1134 est?
619 1078 805 1151 capis,
834 1098 867 1137 0
893 1086 1170 1141 carnalis?
1213 1092 1511 1161 responde;
1561 1097 1743 1166 capis?
1784 1097 1902 1155 Non

316 1167 484 1237 capis,
512 1168 685 1226 adhuc
710 1171 775 1227 ad
804 1182 1013 1230 noctem
1034 1180 1295 1247 pertines;
1325 1182 1447 1237 luna
1480 1184 1581 1242 tibi
1602 1190 1899 1244 necessaria

314 1265 415 1323 cst,
447 1273 513 1314 ne
540 1260 589 1315 in
615 1248 846 1320 tenebris
863 1265 1126 1323 moriaris.
1148 1268 1356 1326 Etenim
1378 1274 1591 1344 quidam
1620 1288 1901 1346 peccatores

312 1347 631 1405 intenderunt
651 1370 823 1408 arcum
840 1398 853 1420 ,
878 1366 934 1410 ut
950 1360 1241 1429 sagittarent
1269 1363 1319 1416 in
1351 1363 1562 1418 obscura
1589 1366 1711 1420 luna
1740 1380 1899 1425 rectos

314 1439 465 1493 corde
493 1438 663 1512 (Psat.
699 1461 749 1508 χ,
891 1446 1177 1505 Ohscurata
1222 1460 1304 1507 est
1346 1455 1486 1509 enim
1535 1472 1658 1511 caro
1701 1458 1896 1529 Christi

310 1526 376 1583 de
400 1543 561 1585 cruce
589 1520 827 1621 deposiia
858 1579 872 1601 ,
921 1546 974 1591 et
1014 1538 1066 1592 in
1108 1541 1351 1611 sepulcro
1378 1530 1547 1614 posita
1578 1564 1591 1600 :
1622 1558 1677 1603 et
1706 1549 1778 1621 illi

307 1622 618 1679 occiderunt
665 1612 1086 1721 insultavelrnnt;
1129 1641 1183 1688 et
1214 1635 1444 1691 nondum
1484 1652 1848 1721 resurreserat
1873 1685 1890 1711 ,

309 1710 363 1769 et
389 1716 621 1786 sagittati
649 1697 773 1807 sunt
798 1704 1039 1803 discipuli
1067 1697 1199 1780 recti
1224 1727 1418 1807 corde,
1452 1731 1544 1785 sed
1574 1710 1629 1785 in
1666 1710 1891 1789 obscura

306 1804 450 1859 luna.
501 1798 639 1878 Ergo
684 1798 741 1865 u't
784 1828 887 1867 non
916 1798 1091 1894 solum
1121 1816 1237 1873 dies
1265 1818 1367 1875 diei
1393 1802 1597 1879 eructet
1622 1826 1843 1881 verbum
1870 1869 1888 1897 ,

303 1898 399 1952 sed
427 1892 586 1963 etiam
625 1916 728 1958 nox
775 1890 923 1960 nocti
958 1911 1234 1965 annuntiet
1284 1913 1587 1983 scientiam;
1636 1904 1890 1989 quoniam

302 1997 419 2045 tuas
442 1998 520 2048 est
544 1990 670 2063 dies,
699 2002 746 2050 et
764 2004 852 2051 tua
881 2008 953 2053 est
990 2017 1092 2055 nox
1109 2020 1128 2066 ,-
1154 2002 1369 2075 dignare
1392 2006 1749 2089 descendere,
1778 2027 1889 2066 ma-

206 2108 217 2116 -
299 2078 432 2137 ueie
462 2083 603 2152 apud
631 2082 751 2141 eum
781 2086 813 2141 a‘
840 2104 945 2157 quo
975 2090 1282 2161 descendis,
1313 2095 1403 2150 sed
1437 2099 1619 2153 venire
1652 2083 1715 2154 ad
1755 2117 1887 2171 quos

296 2170 601 2229 descendis.
659 2176 883 2247 Dignare
932 2179 1256 2239 descendere
1307 2178 1394 2256 qui
1444 2185 1496 2240 in
1552 2187 1654 2243 hoc
1688 2170 1886 2246 mundo

296 2264 447 2332 eras,
478 2268 533 2321 et
562 2268 792 2343 mundus
820 2285 915 2341 per
942 2281 994 2328 te
1022 2260 1191 2330 factus
1212 2286 1325 2343 est,
1354 2285 1408 2332 et
1438 2280 1667 2335 mundus
1695 2291 1744 2336 te
1775 2298 1880 2337 non

295 2358 565 2426 cognovit.
595 2342 798 2417 Habeat
821 2364 875 2417 et
894 2380 1000 2420 nox
1020 2368 1434 2455 consolationem
1458 2385 1608 2445 suam
1626 2389 1640 2437 ;
1667 2372 1878 2440 habeat,

292 2444 484 2518 inquit,
522 2442 737 2507 Verbum
768 2470 887 2508 caro
914 2446 1105 2525 factum
1152 2468 1253 2524 est,
1302 2442 1347 2512 ei
1394 2442 1634 2516 habitavit
1658 2462 1711 2516 in
1741 2464 1882 2519 nobis

294 2535 476 2609 (Joan.
509 2557 547 2607 ι,
576 2538 729 2614 1-H)
760 2542 937 2602 :Tuus
965 2556 1038 2603 est
1061 2549 1168 2604 dies
1189 2592 1205 2618 ,
1227 2560 1273 2606 et
1303 2561 1390 2605 tua
1417 2562 1491 2607 est
1516 2570 1635 2621 nox.
1667 2554 1743 2609 Tu
1767 2574 1876 2627 per-

293 2628 461 2700 feeisti
486 2633 644 2687 solem
685 2640 735 2714 et
780 2636 952 2691 funem
987 2654 1006 2693 :
1032 2640 1197 2695 solem
1225 2681 1242 2709 ,
1282 2642 1611 2712 spirituales;
1661 2642 1838 2702 lunam
1860 2688 1875 2714 ,

289 2723 551 2799 carnales.
590 2711 776 2781 Adhuc
817 2716 1044 2785 car'nalis
1074 2740 1172 2798 est,
1217 2748 1323 2787 non
1359 2732 1657 2804 deseratur,
1685 2748 1739 2793 et
1764 2739 1877 2809 ipse

289 2806 614 2883 perﬁciatur.
647 2816 723 2872 Tu
752 2821 1005 2893 perfeciin
1030 2822 1182 2877 solem
1209 2833 1253 2877 et
1284 2823 1457 2878 (unum
1483 2842 1501 2880 :
1529 2828 1719 2895 solem,
1754 2806 1872 2884 tau-

287 2892 449 2977 quain
479 2910 804 2979 sapientem;
828 2900 1032 2980 lunam,
1066 2908 1317 2985 tanquam
1366 2918 1733 2989 insipientem;
1763 2938 1867 2977 non

286 3004 467 3053 tamen
495 2998 796 3056 deseruisti.
824 3001 955 3058 Nam
985 3004 1055 3059 ita
1080 3006 1335 3077 scriptum
1362 3018 1444 3062 est
1475 3028 1487 3062 :
1515 3008 1732 3079 Sapiens
1759 3029 1874 3079 per-

285 3097 461 3143 manet
475 3078 603 3145 sicui
620 3091 733 3159 sol;
758 3094 937 3149 stultus
960 3104 1128 3151 autem
1154 3084 1281 3152 sicut
1306 3097 1428 3153 luna
1442 3078 1663 3155 mutatur
1678 3078 1866 3173 (Eccli.

287 3192 459 3246 xxvn,
489 3179 601 3252 η).
626 3180 763 3250 Quid
788 3198 936 3255 ergo,
960 3186 1086 3257 quia
1106 3188 1185 3242 sol
1215 3198 1507 3259 permanet,
1537 3192 1589 3246 id
1616 3203 1717 3257 est,
1746 3195 1870 3264 quia

285 3270 491 3338 sapiens
515 3272 769 3341 permanet
796 3274 924 3330 sicut
948 3277 1026 3331 sol
1044 3319 1057 3341 ,
1089 3277 1273 3334 stultus
1301 3280 1431 3334 sicut
1459 3281 1580 3337 tuna
1605 3266 1869 3352 mutatui;

286 3359 459 3437 adhuc
485 3363 713 3419 carnalis
738 3407 753 3431 ,
786 3366 959 3423 adhuc
1002 3369 1257 3439 insipiens
1292 3362 1619 3428 deserendus
1656 3376 1776 3430 est?
1804 3375 1870 3431 Et

285 3434 375 3504 ubi
400 3460 483 3506 est
518 3454 657 3523 quod
698 3454 896 3511 dictum
923 3466 1008 3513 est
1024 3459 1093 3513 ab
1108 3434 1382 3530 apostolo
1415 3481 1427 3517 :
1459 3460 1785 3533 Sapientibus
1820 3477 1870 3521 et

285 3539 637 3612 insipientibus
678 3545 870 3601 debitor
906 3565 1019 3603 sum
1048 3546 1223 3620 (Rom.
1267 3567 1303 3619 ι,
1349 3552 1479 3623 14)?
1506 3542 1589 3607 Tu
1614 3558 1867 3629 perfecisti

278 3632 439 3687 solem
466 3642 515 3690 et
543 3636 737 3692 lunam.

347 3723 441 3781 20.
485 3723 648 3797 [vers.
700 3726 814 3801 17.]
869 3728 945 3782 Tu
992 3731 1156 3802 fecisti
1206 3748 1375 3790 omnes
1413 3732 1649 3792 terminos
1696 3748 1858 3796 terrw.

273 3812 466 3869 Nonne
491 3823 547 3870 et
574 3825 717 3882 ante,
740 3818 949 3887 quando
967 3820 1199 3877 fundavit
1218 3832 1408 3879 terram
1426 3825 1450 3879 ?
1471 3824 1573 3881 Sed
1596 3831 1861 3898 quomodo

274 3906 405 3963 fecit
435 3907 691 3963 terminos
720 3917 896 3976 terrae,
918 3913 1006 3982 qui
1033 3924 1270 3983 operatus
1288 3928 1363 3970 est
1380 3915 1589 3972 salutem
1617 3920 1669 3973 in
1699 3923 1861 3977 medio

273 3998 466 4053 terra?
511 3997 788 4066 Quomodo
815 4042 833 4068 ,
889 4003 987 4057 nisi
1039 4006 1305 4075 quomodo
1354 4008 1478 4064 dicit
1527 4011 1855 4081 Apostolus:

272 4086 457 4141 Gratia
499 4095 664 4142 autem
706 4091 832 4144 salui
875 4092 999 4162 facti
1041 4111 1231 4161 sumus,
1265 4097 1430 4151 ethoc
1457 4116 1559 4152 non
1585 4116 1645 4155 ex
1672 4102 1812 4156 nobis
1838 4142 1857 4170 ,

269 4180 361 4233 sed
390 4179 489 4233 Dei
514 4182 702 4234 donum
728 4190 841 4246 est;
876 4196 977 4235 non
1001 4199 1066 4237 ea:
1090 4186 1322 4256 operibus
1343 4229 1357 4253 ,
1391 4204 1451 4240 ne
1474 4193 1602 4258 forte
1629 4191 1739 4261 quis
1767 4209 1855 4245 ea:-

271 4268 486 4322 tottatur
500 4268 526 4322 γ
550 4268 690 4340 Ergo
710 4283 813 4324 non
841 4279 994 4325 erant
1019 4285 1180 4342 opera
1202 4274 1375 4329 bona?
1394 4274 1587 4342 Erant;
1613 4279 1705 4332 sed
1727 4294 1855 4349 quo-

270 4357 474 4413 modo?
502 4357 681 4414 Gratia
713 4360 826 4416 Dei.
866 4360 1137 4432 Sequere;
1180 4363 1474 4420 videamus.
1512 4365 1684 4437 Ipsius
1726 4371 1855 4423 enim

269 4465 447 4504 sumus
491 4451 815 4521 ﬁgmentum,
848 4463 999 4507 creati
1030 4456 1081 4509 in
1125 4456 1321 4511 Christo
1362 4455 1485 4512 Jesu
1529 4460 1581 4512 in
1623 4462 1855 4531 operibus

267 4540 415 4596 bonis
443 4540 658 4611 (Ephes.
690 4558 744 4607 ιι,
778 4543 958 4617 8-10).
990 4546 1125 4601 Ecce
1150 4549 1415 4617 quomodo
1441 4549 1565 4605 fecit
1597 4554 1854 4609 terminos

269 4632 561 4705 κητείαιιί
591 4646 828 4706 cperatus
851 4646 925 4691 est
945 4640 1157 4693 salutent
1184 4641 1233 4694 in
1269 4643 1431 4697 medio
1453 4652 1597 4696 terra:
1629 4660 1648 4697 :
1674 4644 1754 4697 Tu
1777 4646 1849 4715 fe-

263 4725 378 4779 cisti
406 4741 576 4780 omnes
605 4728 842 4781 terminos
871 4739 1034 4784 torrat.
1064 4730 1317 4786 AEstatem
1339 4742 1382 4787 et
1403 4749 1487 4788 ver
1511 4743 1562 4788 tu
1591 4737 1752 4808 fecisti
1771 4754 1850 4795 ea.

267 4815 559 4871 Ferventes
591 4818 776 4887 spiritu
806 4826 962 4873 testas
991 4830 1091 4875 cst.
1123 4821 1220 4888 Tu,
1249 4823 1483 4893 inquam,
1530 4823 1698 4880 fecisti
1743 4829 1851 4897 spl-

263 4907 367 4958 ritn
399 4904 666 4963 ferventes
691 4925 704 4960 :
734 4917 787 4962 tu
818 4908 987 4964 fecisti
1027 4918 1081 4965 et
1120 4912 1359 4967 novellos
1383 4913 1435 4967 in
1466 4914 1598 4980 fide;
1627 4932 1720 4971 ver
1741 4927 1844 4972 est.

263 4995 525 5057 {Esmun
558 5008 605 5053 et
632 5014 716 5055 ver
738 5008 791 5054 tu
820 5001 979 5071 fecisti
1002 5020 1080 5056 ea.
1109 5002 1223 5059 Non
1252 5003 1546 5074 glorientur
1565 5010 1712 5077 quasi
1740 5026 1845 5065 non

261 5089 604 5157 acceperint:
630 5097 685 5142 tu
710 5091 873 5159 fecisti
899 5108 977 5147 ea.

332 5178 424 5234 91.
468 5176 631 5251 [verm
682 5179 808 5255 18.]
867 5182 1059 5239 Memor
1103 5195 1207 5242 esto
1244 5186 1394 5261 Itujus
1440 5200 1683 5245 creatum
1723 5200 1841 5247 tute.
1886 5216 1893 5219 λ

259 5267 423 5338 Cujus
449 5280 695 5326 creatura:
720 5274 858 5329 tute?
896 5272 1137 5330 Inimicus
1177 5278 1495 5350 exprobravit
1528 5280 1765 5337 Domino.
1799 5284 1845 5342 Ο

258 5359 463 5430 Asaph,
490 5360 613 5417 dole
651 5363 704 5418 in
727 5364 998 5421 intellectu
1028 5367 1308 5436 pristinam
1336 5371 1630 5428 ctecitatem
1654 5382 1797 5429 tuam
1823 5377 1837 5431 ε

255 5449 508 5507 Inimicus
548 5455 861 5524 exprobravit
901 5456 1140 5514 Domino.
1188 5461 1392 5517 Dictum
1427 5474 1510 5520 est
1546 5465 1757 5523 Christo
1786 5470 1837 5525 in

256 5549 415 5609 gente
441 5559 535 5599 sua
555 5586 570 5612 ,
604 5543 851 5605 Pecs-ator
876 5559 948 5603 est
976 5551 1103 5617 iste;
1146 5568 1247 5607 non
1288 5556 1515 5612 novimus
1553 5557 1686 5612 unde
1727 5559 1793 5613 sit
1819 5576 1840 5614 :

254 5649 350 5689 nos
373 5638 599 5692 nouimus
625 5636 856 5710 Moysen,
888 5641 962 5695 illi
1002 5642 1197 5698 locutus
1223 5654 1297 5699 est
1322 5645 1497 5712 Deus;
1526 5649 1619 5702 iste
1644 5649 1835 5705 Samae

251 5728 449 5784 n‘tunus
479 5740 552 5785 est
578 5731 751 5802 (Joan.
783 5747 854 5797 Ix,
884 5732 973 5797 24,
996 5734 1094 5801 29,
1124 5744 1169 5789 et
1189 5752 1299 5804 Vill,
1324 5737 1439 5809 48).
1471 5737 1719 5796 Inimicus
1742 5758 1832 5798 ea:-

250 5818 507 5885 probravit
554 5822 770 5877 Domino
788 5841 804 5889 ;
830 5834 873 5878 et
920 5820 1138 5896 populus
1181 5828 1475 5900 imprudens
1522 5832 1832 5887 exacerbavit

240 5925 433 5974 nomen
462 5922 621 5965 tuum.
651 5912 877 5985 Populus
897 5916 1207 5986 imprudens
1229 5929 1349 5973 tunc
1371 5921 1577 5990 Asaph;
1604 5921 1700 5976 sed
1720 5936 1827 5977 non

1396 416 1788 483 ENARRATIO
1814 429 1878 483 ω
1916 426 2235 488 PSALMUM
2274 442 2504 503 ιχχιιι,

3486 474 3587 530 942

2340 565 2517 663 Asopia
2569 579 2713 627 tunc.
2773 575 2910 645 Quid
2961 582 3156 642 dicitur
3206 588 3259 644 in
3311 595 3590 663 superiore

2012 649 2257 719 psalmo?
2465 675 2616 757 pecus
2650 663 2815 733 factus
2850 685 2962 725 sum
2997 676 3066 729 ad
3103 685 3181 745 te;
3210 691 3257 735 et
3276 649 3592 757 ego.semper

2009 748 2173 797 tecum
2207 761 2228 800 :
2267 749 2388 817 quia
2422 765 2528 807 non
2558 754 2619 809 iit
2644 757 2711 811 ad
2737 758 2869 816 deos
2895 771 2951 819 et
2988 765 3126 824 idola
3162 748 3430 832 Gentium.
3473 748 3585 835 litsi

2009 848 2114 889 non
2155 844 2403 908 cognovit
2426 854 2486 899 ut
2513 860 2705 917 pecus,
2751 861 2923 910 tamen
2963 866 3270 932 recognovit
3298 878 3354 924 ut
3378 869 3544 928 homo
3568 915 3585 941 ,

2008 924 2146 1032 dixit
2173 931 2336 997 enim,
2358 934 2572 1005 Semper
2594 950 2777 1010 tecum,
2805 949 2953 1017 quasi
2973 924 3123 1019 pecus
3142 969 3164 1009 .-
3182 965 3237 1012 et
3256 924 3586 1032 quidposte;

2004 1016 2079 1073 ibi
2109 1019 2161 1073 in
2183 1022 2300 1091 ipso
2323 1028 2547 1095 psalmo,
2580 1032 2669 1088 ubi
2708 1016 2928 1107 Asapht
2950 1016 3177 1101 renutat
3213 1016 3426 1107 ,κᾶτωᾶ
3450 1016 3586 1112 3.;

2005 1119 2126 1167 tera
2163 1131 2327 1184 mea;
2348 1120 2403 1174 in
2431 1123 2684 1181 salutate
2710 1138 2796 1184 tua
2818 1132 3073 1192 Μαιάδα
3094 1155 3192 1207 me,
3224 1151 3270 1196 et
3287 1160 3401 1199 cum
3424 1148 3588 1219 gloria

2003 1211 2320 1309 «sumpsisti
2338 1229 2418 1277 me
2436 1213 2607 1289 (Psat.
2636 1235 2802 1289 uxn,
2834 1225 2925 1294 25,
2948 1229 3061 1300 24).
3092 1231 3162 1289 In
3190 1211 3447 1295 voluntate
3467 1250 3582 1309 tua,

2002 1311 2111 1352 non
2150 1298 2203 1354 in
2233 1300 2436 1370 iustitia
2463 1322 2611 1377 mea;
2644 1312 2788 1371 dono
2815 1325 2925 1387 tuo,
2964 1298 3070 1377 non
3096 1339 3260 1395 opere
3278 1342 3420 1386 meo.
3444 1298 3587 1405 Ergo

1991 1398 2057 1443 .et
2082 1389 2170 1447 hic
2188 1431 2202 1456 ,
2244 1390 2493 1453 Inimicus
2524 1404 2840 1473 exprobrauit
2879 1409 3099 1471 Domino
3118 1389 3146 1482 ί
3165 1427 3213 1473 et
3237 1424 3456 1492 populus

2003 1483 2226 1587 prudens
2258 1491 2577 1548 exacerbavit
2611 1513 2790 1554 nomen
2821 1513 2981 1559 tuum.
3009 1505 3211 1567 Omnes
3237 1483 3367 1586 ergo
3410 1518 3584 1587 perie-

1999 1576 2164 1631 runt?
2187 1578 2361 1673 Absit.
2392 1582 2503 1640 Etsi
2527 1587 2689 1658 aliqui
2723 1606 2793 1647 ex
2820 1597 2984 1652 ramis
3012 1597 3163 1658 fracti
3194 1576 3337 1673 sunt:
3367 1576 3583 1667 manent

1999 1676 2182 1773 tamen
2208 1672 2368 1744 aliqui
2396 1690 2503 1747 quo
2540 1680 2866 1741 insereretur
2890 1690 3126 1747 oleaster
3150 1672 3331 1765 (Rom.
3347 1714 3421 1766 Il,
3446 1701 3578 1773 17);

1997 1768 2051 1854 et
2090 1760 2239 1817 radix
2273 1775 2473 1835 manet,
2509 1780 2563 1825 et
2591 1786 2658 1829 ex
2688 1774 2817 1845 ipsis
2860 1782 3025 1838 ramis
3069 1760 3167 1854 per
3208 1760 3576 1850 inﬁdelitatem

1994 1850 2175 1909 fractis
2200 1861 2433 1915 revocati
2463 1874 2588 1918 sunt
2610 1868 2825 1935 quidam
2857 1888 2952 1942 per
2978 1850 3133 1932 fidem
3179 1897 3191 1932 :
3236 1897 3356 1937 nam
3386 1894 3441 1940 et
3465 1886 3580 1956 ipso

1992 1948 2265 2013 apostolus
2293 1950 2486 2009 Paulus
2519 1971 2615 2025 per
2642 1960 3005 2022 inﬁdelitatem
3034 1969 3230 2027 fractus
3249 1984 3383 2042 erat,
3407 1986 3462 2032 et
3484 1948 3580 2049 per

1993 2034 2149 2092 fidem
2173 2040 2337 2097 radici
2365 2047 2642 2105 restitutus
2671 2060 2771 2107 est.
2810 2055 2884 2110 Ita
2925 2059 3081 2127 plane
3121 2066 3342 2135 populus
3370 2034 3577 2141 'imprua

1992 2128 2114 2185 dens
2157 2135 2470 2193 exacerbavit
2515 2158 2694 2199 nomen
2740 2156 2916 2219 tuum,
2967 2128 3199 2222 quando.
3224 2158 3426 2217 dictum
3452 2128 3570 2221 est:

1992 2218 2217 2329 Si
2242 2224 2339 2280 Dei
2360 2239 2452 2293 est,
2482 2232 2750 2290 descendat
2774 2240 2837 2293 de
2862 2218 3009 2298 cruce
3033 2244 3246 2316 (Matth.
3270 2267 3435 2323 ιῐνιι,

2058 2309 2151 2408 se.
2181 2312 2344 2408 [uera
2382 2318 2505 2393 19.]
2545 2322 2648 2379 Sed
2675 2328 2803 2397 quid
2836 2340 2931 2400 tu,
2964 2309 3164 2405 sap...
3191 2340 3301 2408 jam
3332 2344 3385 2399 in
3414 2309 3575 2403 inii.

1986 2400 2166 2504 lectu?
2213 2406 2297 2462 Ne
2334 2412 2603 2470 tradideris
2642 2416 2810 2477 bestiis
2850 2400 3087 2482 animam-
3113 2400 3428 2504 conﬁtentem

1986 2491 2251 2593 Agnosco,
2283 2501 2449 2571 inquit
2472 2503 2684 2575 Asaph;
2716 2512 2859 2581 quia,
2887 2514 3025 2572 sicut
3051 2518 3104 2573 in
3131 2491 3239 2577 alio
3264 2491 3576 2593 psalmo—di;

1983 2582 2158 2652 citur,
2186 2586 2458 2647 Peccatum
2486 2612 2651 2655 meum
2688 2606 2895 2672 cognoui
2912 2647 2928 2672 ,
2973 2619 3023 2662 et
3055 2582 3444 2679 facinus-meum
3471 2638 3573 2678 non

1984 2678 2159 2771 operui
2218 2678 2363 2737 Psat.
2388 2700 2532 2751 xm,
2556 2689 2642 2759 5).
2665 2691 2877 2758 Quare?
2896 2698 3028 2766 Quia
3052 2678 3262 2762 locutus
3280 2718 3364 2765 est
3382 2711 3571 2771 Petrus

1981 2768 2294 2826 mirantibus
2316 2772 2523 2846 linguas
2553 2778 2829 2853 lsraelitis,
2855 2791 3103 2857 quoniam
3134 2795 3233 2865 ipsi
3258 2768 3570 2861 occiderunt

1981 2856 2273 2931 Christum,
2301 2879 2422 2922 cum
2449 2880 2672 2942 propter
2697 2876 2816 2933 illos
2844 2856 3039 2939 missus
3064 2886 3133 2940 sit
3155 2856 3570 2951 Christus;

1978 2952 2170 3057 audito,
2198 2962 2486 3029 compuncti
2508 2975 2628 3019 sunt
2654 2970 2823 3036 corde,
2855 2981 2901 3026 et
2925 2974 3159 3034 dixerunt
3185 2982 3257 3036 ad
3273 2984 3563 3057 Apostolus,

1982 3041 2119 3110 Quid
2160 3062 2279 3119 ergo
2305 3052 2553 3120 [deierans
2570 3058 2597 3111 ?
2646 3058 2795 3116 dicite
2831 3064 2991 3122 nobis.
3029 3069 3097 3123 Et
3126 3041 3354 3143 Apostoii
3378 3094 3398 3133 :

1973 3412 2236 3503 confessio
2260 3416 2398 3477 facta
2408 3428 2542 3493 dest,
2574 3425 2658 3483 Ne
2699 3431 2969 3490 tradideris
2993 3412 3161 3497 beitiis
3188 3412 3411 3499 animm
3434 3463 3559 3504 con-

1970 3496 2194 3579 fitentem
2218 3508 2327 3564 tibi.
2364 3512 2539 3582 Quare
2562 3559 2579 3586 ,
2610 3522 2926 3591 confitentem
2965 3529 3056 3583 tibi
3073 3496 3105 3584 ὲ
3125 3530 3255 3598 Quia
3288 3552 3559 3601 conpersus

1969 3611 2081 3704 iam
2100 3599 2152 3652 in
2177 3616 2423 3670 cer-amna,
2451 3608 2575 3663 dum
2601 3614 2871 3686 con/igitur
2894 3619 3042 3689 spina
3066 3621 3086 3692 (
3106 3621 3253 3679 Psat.
3276 3599 3433 3694 xxxi,
3458 3631 3555 3704 4).

1968 3688 2283 3761 Compuncti
2310 3709 2433 3757 sunt
2457 3704 2657 3772 corde;
2686 3714 2742 3762 et
2764 3708 2886 3765 facti
2913 3688 3037 3767 sunt
3060 3688 3351 3776 aerumnosi

1968 3785 2165 3854 tendo,
2195 3791 2285 3858 qui
2324 3791 2533 3850 fuerant
2573 3798 2791 3869 gloriosi
2838 3805 3130 3862 smviendo.
3170 3809 3255 3865 Ne
3288 3785 3556 3872 tradideris

1968 3878 2135 3933 bestiis
2181 3883 2405 3938 animam
2448 3892 2767 3958 conﬁtentem
2810 3894 2921 3953 tibi.
2964 3896 3169 3964 Quibus
3194 3901 3421 3972 bestiis,
3454 3906 3552 3962 nisi

1965 3983 2190 4038 quarum
2228 3976 2400 4064 capita
2428 3981 2657 4038 contrita
2697 3994 2821 4039 sunt
2864 4001 3024 4058 super
3045 3994 3280 4062 aquam?
3304 3997 3435 4064 Quia
3472 3999 3556 4055 di-

1964 4071 2081 4117 ctus
2104 4073 2187 4118 est
2208 4060 2399 4136 bestia,
2427 4070 2531 4138 leo,
2556 4082 2612 4128 et
2636 4074 2829 4144 draco,
2862 4079 2976 4147 ipse
2992 4060 3264 4140 diabolus.
3291 4060 3435 4155 Noti,
3464 4090 3551 4144 in-

1963 4154 2091 4221 quit,
2120 4153 2247 4210 dare
2270 4157 2482 4235 diabolo
2504 4170 2557 4216 et
2586 4166 2787 4232 angelis
2810 4168 2924 4237 ejus
2953 4172 3184 4227 animam
3206 4153 3549 4236 conﬁtean

1960 4425 2160 4493 Illenll,
2202 4426 2352 4485 Novo
2401 4433 2669 4501 revelato,
2721 4453 2991 4499 romaneo.
3040 4446 3170 4501 Cum
3214 4458 3391 4507 autem
3431 4452 3541 4524 jam

1959 4514 2295 4586 deposuerim
2325 4524 2629 4592 superbiam
2648 4568 2664 4592 ,
2692 4537 2748 4584 et
2762 4529 3025 4601 justitiam
3049 4550 3222 4593 meum
3249 4553 3357 4596 non
3380 4514 3541 4613 agno-

1958 4621 2121 4672 scam,
2150 4610 2242 4665 sed
2264 4613 2486 4683 gratiam
2515 4623 2658 4671 tuam
2684 4634 2699 4684 ;
2735 4635 2840 4675 non
2868 4622 3097 4681 habeant
3117 4627 3171 4682 in
3194 4644 3278 4684 me
3297 4610 3542 4703 superbae

1957 4698 2140 4755 bestiae
2162 4710 2499 4772 potestatem.
2528 4707 2613 4764 Ne
2636 4712 2906 4769 tradideris
2940 4716 3108 4775 bestiis
3129 4720 3353 4778 animam
3366 4698 3541 4798 confi-

1955 4798 2138 4844 tentem
2158 4794 2264 4847 tibi.
2291 4794 2500 4867 Ammas
2533 4816 2813 4872 pauperum
2836 4814 3037 4863 tuorum
3062 4827 3125 4865 ne
3149 4794 3540 4874 obliviscaris‘in

1955 4882 2126 4950 ﬁnem.
2173 4884 2373 4943 Divites
2413 4904 2659 4960 eramus,
2704 4893 2868 4952 fortes
2912 4912 3154 4970 eramus;
3202 4905 3296 4961 sed
3338 4909 3539 4964 siccasti

1953 4973 2135 5051 ﬂuvios
2166 4974 2356 5034 Etltam
2375 4995 2398 5036 :
2415 4981 2525 5051 jam
2567 4985 2726 5042 modo
2748 5003 2853 5045 non
2882 4995 3257 5052 constituimus
3274 4997 3534 5067 justitiam

1953 5076 2229 5133 nostram,
2259 5070 2354 5126 sed
2398 5076 2735 5143 agnoscimus
2776 5082 2998 5150 gratiam
3044 5094 3225 5154 tuam;
3276 5104 3534 5160 pauperes

1952 5170 2171 5225 sumus,
2221 5164 2410 5219 exaudi
2457 5168 2728 5225 mendicos
2775 5181 2912 5229 tuos.
2960 5177 3077 5233 Jam
3128 5195 3229 5235 non
3276 5182 3532 5242 audemos

1950 5250 2132 5305 oculos
2159 5253 2225 5307 ad
2253 5254 2445 5329 caelum
2470 5256 2647 5314 levare
2671 5303 2684 5326 ,
2719 5264 2808 5318 sed
2839 5269 3193 5335 percutientes
3220 5282 3403 5341 pectus
3428 5290 3530 5332 no-

1948 5348 2117 5396 strum
2145 5343 2406 5401 dicimus:
2436 5346 2686 5419 Domine,
2717 5356 2966 5427 propitius
2993 5369 3095 5414 esto
3128 5360 3251 5416 mihi
3280 5369 3528 5434 peccatori

1948 5431 2114 5513 (Luc.
2161 5451 2291 5491 xvut
2312 5478 2327 5502 ,
2360 5438 2496 5510 15);
2526 5440 2736 5502 Animas
2775 5463 3053 5518 pauperum
3087 5431 3291 5508 tuorum
3316 5458 3527 5513 neabii-

1947 5526 2151 5582 uiscaris
2177 5528 2230 5583 in
2254 5529 2425 5598 finem.

2012 5639 2104 5696 23.
2138 5639 2293 5715 [vers
2318 5643 2446 5719 20.]
2486 5645 2702 5718 Respice
2714 5649 2769 5703 in
2788 5658 3136 5709 testarnentum
3155 5664 3317 5716 tuum.
3338 5658 3524 5721 Redde

1941 5735 2081 5805 quod
2098 5737 2387 5806 promisisti
2413 5755 2426 5794 :
2452 5742 2656 5796 tabulas
2673 5751 2937 5813 tenemus,
2950 5744 3316 5807 hereditatem
3332 5768 3522 5826 exspc~

1940 5836 2163 5883 ctamus.
2186 5827 2397 5900 Respice
2413 5833 2467 5885 in
2489 5840 2835 5886 testamentum
2856 5845 2998 5891 tuum
3010 5855 3029 5904 ;
3050 5854 3154 5894 non
3184 5841 3308 5897 illud
3331 5854 3517 5903 vetus:

1940 5935 2045 5976 non
2082 5931 2296 5991 propter
2325 5933 2517 5979 terram
2548 5923 2796 5981 Chanaan
2837 5943 3001 6000 rogo;
3035 5948 3137 5987 non
3180 5949 3396 6007 propter
3422 5940 3513 5994 ini-

3438 6096 3470 6115 τῆ
