4076 6472
478 452 582 509 945

410 574 422 586 ’
483 568 745 622 micorum
799 557 1143 632 temporalem
1206 553 1628 626 subiectionem,
1683 566 1793 607 non
1845 558 2061 623 propter

482 659 713 715 filiorum
738 653 1009 711 carnalem
1035 649 1412 707 fecunditatem
1434 691 1448 716 ,
1478 661 1586 702 non
1611 653 1829 716 propter
1855 643 2064 699 divitias

483 737 760 817 terrenas,
788 763 897 805 non
922 753 1141 819 propter
1169 743 1394 799 salutem
1433 739 1813 811 temporalem;
1835 737 2068 807 Respice

483 847 538 898 in
559 850 908 898 testamentum
928 849 1087 904 tuum,
1111 852 1216 909 quo
1234 834 1526 910 promisisti
1544 846 1765 904 regnum
1785 831 2062 886 caelorum.

481 936 600 994 Jam
625 949 856 1007 agnosco
891 939 1262 1008 testamentum
1301 938 1481 995 tuum;
1507 926 1617 997 jam
1651 921 1947 980 intellectus
1986 929 2069 977 est

481 1029 662 1099 Asaph
673 1069 688 1094 ,
701 1041 808 1082 non
823 1033 905 1081 est
917 1037 1078 1095 pecus
1093 1020 1294 1092 Asaph,
1303 1020 1411 1090 jam
1432 1007 1576 1073 videt
1589 1016 1728 1088 quod
1744 1015 1938 1070 dictum
1956 1022 2063 1068 est:

476 1141 507 1190 Δι
549 1123 687 1177 Ecce
713 1119 828 1176 dies
856 1117 1108 1183 veniunt,
1140 1113 1267 1169 dicit
1295 1111 1578 1175 Dominus;
1610 1117 1665 1165 et
1691 1105 2070 1164 consummabo

484 1214 665 1272 domui
690 1211 852 1269 Israel
879 1220 934 1266 et
957 1209 1132 1265 domui
1157 1205 1290 1262 Juda
1321 1211 1692 1260 testamentum
1718 1216 1933 1263 novum,
1963 1214 2070 1253 non

417 1305 420 1310 ’
484 1305 778 1364 secundum
795 1298 1318 1370 testamentumquod
1334 1296 1571 1368 disposui
1597 1293 1834 1366 patribus
1862 1307 2068 1349 eorum.

488 1399 700 1474 (Jerem.
730 1413 875 1462 xxxr,
899 1397 987 1462 51,
1019 1393 1130 1466 3%).
1163 1391 1389 1462 Respice
1411 1391 1464 1445 in
1486 1396 1858 1445 testamentum
1891 1394 2069 1452 tuum;

490 1491 739 1564 quoniam
764 1489 952 1559 repleti
983 1495 1108 1541 sunt
1134 1485 1221 1555 qui
1253 1482 1519 1538 obscurati
1546 1489 1670 1537 sunt
1698 1489 1852 1534 terra:
1876 1477 2069 1533 domo-

487 1600 608 1642 rum
630 1583 929 1654 iniquarum
959 1597 972 1633 ε
1002 1598 1020 1630 ι
1051 1577 1171 1648 quia
1193 1575 1354 1632 corda
1369 1573 1851 1642 habebantiniqua.
1875 1570 2072 1624 Domus

487 1688 726 1743 nostrae,
777 1675 937 1732 corda
988 1681 1205 1728 nostra:
1257 1670 1330 1724 ibi
1377 1669 1603 1724 libenter
1651 1666 1892 1722 habitant
1932 1662 2074 1720 beati

487 1771 689 1830 mundo
707 1769 870 1825 corde
895 1766 1116 1839 (Matth.
1145 1781 1197 1829 v,
1226 1763 1314 1833 8).
1343 1761 1556 1831 Respice
1580 1774 1706 1829 ergo
1730 1760 1783 1812 in
1807 1766 2075 1812 testamen-

490 1875 597 1921 tum
640 1875 819 1928 tuum;
863 1869 916 1917 et
958 1858 1198 1930 reliquiae
1243 1858 1404 1911 salvae
1447 1855 1576 1908 flant
1604 1851 1788 1925 (Rom.
1820 1867 1894 1916 1x,
1926 1848 2071 1921 27):

491 1962 616 2033 quia
645 1958 796 2014 multi
841 1955 928 2026 qui
956 1953 1237 2008 attendunt
1264 1949 1330 2004 ad
1361 1957 1555 2003 terram
1577 1989 1591 2014 ,
1623 1944 1890 2002 obscurati
1917 1950 2072 2011 sunt,

492 2063 548 2111 et
571 2051 760 2123 repleti
787 2056 912 2104 sunt
939 2057 1098 2102 terra.
1129 2042 1348 2099 Intravit
1376 2042 1427 2095 in
1453 2040 1637 2096 oculos
1663 2053 1848 2095 eorum
1878 2037 2072 2107 pulvis,

493 2158 547 2204 et
570 2144 858 2204 excaaeavit
894 2156 985 2198 eos
1010 2183 1024 2207 ,
1056 2147 1110 2195 et
1137 2138 1259 2192 facti
1301 2143 1423 2191 sunt
1459 2134 1634 2206 pulvis
1674 2147 1832 2203 quem
1867 2128 2080 2200 projicit

494 2247 684 2293 ventus
713 2251 744 2290 a
771 2235 903 2289 facie
931 2243 1085 2287 terrae
1114 2228 1297 2300 (Psal.
1327 2243 1366 2292 ι,
1395 2227 1483 2298 4).
1512 2224 1710 2295 Repleti
1736 2232 1848 2277 sunt
1874 2222 1956 2292 qui
1988 2221 2078 2275 ob-

493 2329 681 2386 scurati
697 2335 811 2382 sunt
831 2335 974 2380 teme
989 2323 1252 2376 domorum
1267 2320 1570 2386 iniquarum.
1589 2314 1922 2370 Attendendo
1938 2313 2080 2368 enim

496 2431 694 2478 terram
723 2415 988 2473 obscurati
1028 2423 1189 2480 sunt,
1217 2411 1285 2466 de
1323 2410 1515 2480 quibus
1558 2407 1760 2461 dictum
1791 2413 1873 2458 est
1902 2405 1955 2458 in
1977 2403 2081 2458 alio

497 2515 707 2586 psalmo
735 2529 748 2565 :
781 2509 1120 2564 Obscurentur
1142 2505 1274 2560 oculi
1299 2519 1473 2558 eorum
1495 2518 1557 2556 rte
1573 2500 1793 2564 videant,
1811 2509 1856 2553 et
1877 2499 2083 2552 dorsum

497 2622 670 2662 eorum
698 2619 893 2673 semper
931 2602 1137 2654 incurva
1170 2597 1352 2670 (Psal.
1381 2611 1577 2660 vam,
1604 2593 1731 2663 24).
1765 2592 1925 2647 Terra
1957 2606 2082 2662 ergo

494 2697 674 2768 repleti
710 2700 826 2750 sunt
852 2692 937 2764 qui
975 2688 1228 2744 obscurati
1267 2697 1383 2741 sunt
1414 2695 1559 2741 terra:
1586 2684 1849 2739 domorum
1887 2683 2085 2752 iniqua-

495 2805 629 2855 rum,
649 2786 772 2857 quia
791 2784 952 2840 corda
973 2781 1239 2837 habebant
1259 2780 1457 2849 iniqua.
1485 2777 1685 2832 Domus
1699 2777 1840 2832 enim
1864 2784 2079 2842 nostra,

495 2883 633 2939 sicut
657 2895 817 2951 supra
845 2877 1077 2934 diximus
1096 2918 1110 2942 ,
1144 2874 1306 2930 corda
1351 2880 1530 2929 nostra
1554 2880 1680 2927 sunt
1709 2888 1722 2925 :
1755 2871 1828 2925 ibi
1857 2869 2085 2924 libenter

497 2975 837 3040 habitamus,
869 2973 914 3028 si
961 2986 1024 3026 ea
1071 2969 1138 3023 ab
1182 2967 1459 3038 iniquitate
1506 2964 1842 3021 mundemus.
1889 2963 1964 3018 lbi
2001 2969 2086 3018 est

496 3068 636 3123 mala
662 3064 1009 3131 conscientia,
1038 3077 1157 3133 quze
1184 3059 1308 3116 inde
1334 3059 1544 3130 repellit
1568 3057 1840 3116 hominem
1866 3071 1971 3127 quo
1991 3055 2083 3126 ju-

497 3158 658 3212 betur
676 3157 753 3212 ire
774 3163 992 3226 portans
1017 3154 1293 3224 grabatum
1321 3164 1496 3216 suum,
1519 3149 1603 3206 cui
1631 3157 1844 3220 peccata
1866 3147 2084 3202 dimissa

498 3257 645 3316 sunt,
673 3247 883 3302 dicente
908 3243 1138 3300 Domino
1158 3285 1173 3309 ,
1209 3241 1353 3297 Tolle
1379 3239 1640 3312 grabatum
1680 3249 1819 3294 tuum
1838 3281 1853 3307 ,
1886 3247 1932 3292 et
1960 3237 2086 3292 uade

497 3345 551 3398 in
571 3342 775 3398 domum
801 3349 936 3394 tuam
972 3338 1158 3410 (Joan.
1181 3353 1236 3403 v,
1268 3335 1337 3406 8)
1367 3351 1380 3388 :
1412 3341 1563 3405 porta
1593 3346 1807 3389 carnem
1840 3343 2002 3400 tuam,
2033 3339 2089 3388 et

499 3434 637 3489 intra
665 3432 732 3489 ad
761 3439 999 3488 sanatam
1025 3428 1407 3486 conscientiam
1437 3435 1601 3480 tuam.
1636 3423 1887 3490 Quoniam
1911 3422 2087 3495 repleti

498 3533 612 3580 sunt
656 3524 742 3596 qui
786 3521 1036 3579 obscurati
1080 3528 1196 3576 sunt
1247 3528 1394 3573 terra:
1441 3517 1704 3571 domorum
1751 3517 2040 3587 iniquarum
2067 3529 2087 3570 :

499 3617 764 3675 obscurati
793 3623 949 3683 sunt,
979 3613 1165 3686 repleti
1193 3620 1316 3668 sunt
1358 3619 1523 3666 terra.
1555 3607 1634 3666 llli
1663 3609 1926 3664 obscurati
1949 3650 1962 3674 ,
1996 3606 2087 3678 qui

500 3711 657 3767 sunt?
705 3710 805 3778 Qui
854 3706 1015 3764 corda
1058 3706 1238 3776 iniqua
1294 3702 1492 3759 habent
1540 3719 1554 3755 :
1599 3700 1776 3758 reddit
1830 3701 1937 3757 illis
1977 3701 2087 3756 Do-

501 3803 679 3858 minus
703 3799 996 3855 secundum
1021 3812 1114 3852 cor
1142 3809 1315 3850 suum.

572 3893 661 3948 24.
694 3889 861 3964 [vers.
887 3886 1017 3961 21.]
1060 3885 1142 3940 Ne
1167 3894 1419 3940 avertatur
1444 3884 1648 3939 humilis
1675 3885 1936 3955 confusus.
1963 3881 2090 3937 Illos

503 3983 645 4039 enim
671 3979 916 4050 superbia
943 3976 1200 4032 confudit.
1229 3975 1433 4047 Egerius
1456 3984 1502 4029 et
1524 3977 1670 4046 inops
1696 3974 1975 4028 laudabunt
1997 3989 2091 4027 no-

504 4091 617 4130 men
645 4083 804 4127 tuum.
838 4069 1040 4125 Videtis
1062 4111 1076 4136 ,
1105 4067 1299 4124 fratres
1325 4109 1340 4135 ,
1372 4083 1528 4138 quam
1557 4066 1747 4124 debeat
1775 4067 1945 4122 dulcis
1971 4081 2090 4123 esse

504 4175 785 4238 paupertas
819 4182 833 4219 :
863 4162 1056 4218 videtis
1094 4175 1358 4233 pauperes
1396 4171 1450 4216 et
1488 4161 1672 4232 inopes
1716 4161 1986 4232 pertinere
2023 4159 2090 4216 ad

507 4261 707 4325 Deum;
736 4255 830 4312 sed
873 4269 1129 4326 pauperes
1158 4254 1386 4324 spiritu,
1438 4253 1687 4323 quoniam
1733 4253 1966 4323 ipsorum
2011 4259 2093 4308 est

503 4367 728 4424 regnum
767 4350 1022 4407 caelorum
1053 4346 1278 4420 (Matth.
1311 4358 1379 4414 v,
1421 4346 1508 4414 3).
1539 4345 1639 4413 Qui
1681 4354 1805 4400 sunt
1835 4359 2093 4416 pauperes

505 4442 738 4515 spiritu?
782 4440 1021 4496 Humiles
1045 4480 1059 4504 ,
1094 4449 1381 4493 trementes
1409 4437 1570 4492 verba
1612 4437 1747 4504 Dei,
1778 4438 2093 4492 confitentes

507 4545 721 4605 peccata
754 4549 884 4599 sua;
927 4550 1030 4587 non
1059 4531 1126 4586 de
1152 4532 1263 4586 suis
1291 4528 1494 4584 meritis
1516 4572 1530 4595 ,
1559 4543 1659 4584 nec
1680 4528 1748 4584 de
1773 4543 1866 4583 sua
1891 4529 2095 4598 justitia

469 4664 471 4666 -
509 4636 909 4699 przesumentes.
938 4623 1038 4692 Qui
1069 4631 1191 4678 sunt
1219 4637 1476 4691 pauperes
1501 4619 1734 4692 spiritu?
1757 4619 1856 4688 Qui
1883 4619 2095 4690 quando

513 4719 710 4773 faciunt
735 4715 931 4786 aliquid
959 4714 1082 4770 boni
1107 4755 1121 4778 ,
1155 4713 1316 4768 Deum
1347 4711 1597 4776 laudant;
1627 4711 1838 4781 quando
1863 4711 2008 4778 mali,
2037 4726 2096 4767 se

511 4809 781 4866 accusant.
825 4809 992 4878 Super
1040 4824 1186 4872 quam
1233 4812 1506 4876 requiescet
1555 4805 1779 4874 Spiritus
1823 4821 1995 4871 meus,
2024 4804 2099 4858 ait

513 4904 791 4975 propheta,
820 4901 916 4954 nisi
946 4916 1096 4969 super
1119 4899 1379 4965 humilem,
1406 4907 1452 4950 et
1477 4898 1719 4967 quietum,
1743 4905 1788 4950 et
1813 4905 2098 4951 trementem

512 4995 660 5049 verba
679 5011 787 5048 mea
819 4991 979 5064 (Isai.
1007 5008 1144 5053 LXVI,
1168 4988 1233 5063 Ξ)
1255 4990 1279 5044 ?
1303 4989 1417 5045 lam
1445 5004 1571 5060 ergo
1597 4988 1777 5058 Asaph
1799 4989 2095 5052 intellexit;

510 5088 617 5156 jam
642 5098 794 5141 terra:
821 5099 924 5138 non
956 5083 1141 5145 haeret,
1169 5082 1274 5152 jam
1310 5082 1566 5152 promissa
1597 5089 1802 5134 terrena
1831 5095 1892 5135 ex
1921 5079 2098 5136 Veteri

514 5179 854 5233 Testamento
881 5190 988 5229 non
1033 5175 1238 5242 expetit
1267 5191 1279 5225 :
1315 5173 1587 5228 mendicus
1626 5183 1747 5227 tuus
1779 5170 1948 5226 factus
1977 5180 2057 5225 est
2081 5212 2096 5236 ,

516 5285 716 5340 pauper
741 5277 857 5322 tuus
886 5266 1051 5320 factus
1081 5275 1160 5319 est
1183 5281 1198 5330 ;
1223 5262 1412 5319 fluvios
1433 5273 1550 5319 tuos
1574 5263 1706 5328 sitit,
1737 5264 1858 5334 quia
1888 5263 1968 5316 sui
1990 5265 2099 5317 sic-

514 5361 616 5416 cati
642 5369 783 5415 sunt.
829 5360 961 5426 Quia
1001 5373 1128 5428 ergo
1179 5357 1294 5409 talis
1335 5354 1502 5410 factus
1548 5364 1667 5423 est,
1696 5369 1798 5409 non
1830 5353 2102 5409 fraudetur

515 5470 609 5524 spe
640 5472 652 5507 :
681 5453 923 5524 quaesivit
953 5451 1196 5505 manibus
1227 5458 1383 5503 nocte
1408 5463 1586 5502 coram
1613 5457 1699 5515 te;
1731 5463 1834 5502 non
1864 5447 2099 5516 decipia-

517 5558 602 5602 tur
629 5546 804 5618 (Psal.
839 5561 994 5599 Lxxw
1017 5587 1030 5611 ,
1063 5543 1153 5613 '5).
1190 5541 1269 5596 Ne
1292 5550 1544 5596 avertatur
1572 5539 1778 5595 humilis
1816 5541 2056 5609 confusus
2083 5553 2104 5593 :

517 5655 699 5709 egenus
737 5647 783 5692 et
823 5638 968 5707 inops
1011 5635 1288 5689 laudabunt
1335 5650 1515 5688 nomen
1563 5641 1725 5686 tuum.
1776 5630 2104 5686 Conﬁtentes

521 5738 735 5797 peccata
779 5745 870 5783 sua
896 5771 910 5795 ,
954 5727 1241 5783 laudabunt
1282 5741 1478 5782 nomen
1520 5733 1707 5792 tuum;
1737 5723 2104 5779 desiderantes

517 5831 716 5872 acterna
740 5819 999 5888 promissa
1019 5825 1128 5881 tua,
1160 5817 1446 5872 laudabunt
1469 5830 1660 5870 nomen
1691 5823 1837 5869 tuum
1867 5833 1879 5868 :
1909 5830 2015 5869 non
2035 5813 2105 5869 de

519 5911 901 5982 temporalibus
925 5909 1138 5980 turgidi,
1167 5925 1272 5966 non
1299 5909 1365 5964 de
1389 5908 1598 5979 propria
1623 5908 1830 5980 justitia
1849 5909 1904 5966 in
1919 5923 2105 5980 super-

1711 437 1768 494 S.
1810 433 2173 495 AUGUSTINI
2211 431 2511 491 EPlSCOPl

3643 443 3750 499 9M

2165 551 2307 607 biam
2327 551 2448 607 elati
2468 558 2523 607 et
2538 549 2724 616 inﬂati,
2747 563 2854 606 non
2875 549 3004 621 ipsi;
3032 549 3127 607 sed
3153 552 3280 623 qui?
3304 551 3510 626 Egenus
3529 566 3576 611 et
3602 557 3752 629 inops

2169 644 2445 700 laudabunt
2465 661 2644 700 nomen
2668 654 2826 698 tuum.

2240 735 2327 792 25.
2363 734 2528 809 [vers.
2558 734 2685 809 22.]
2726 736 2984 806 Exsurge,
3030 734 3286 803 Domine;
3325 739 3501 811 iudica
3543 758 3757 799 causam

2171 843 2351 881 meam.
2393 827 2645 884 Desertus
2689 828 2831 882 enim
2862 827 3082 896 videor,
3129 829 3251 900 quia
3294 832 3528 888 nondum
3575 836 3759 906 accepi

2171 918 2330 1000 quod,
2354 920 2642 990 promisisti
2672 937 2685 973 :
2719 930 2775 976 et
2815 920 2966 977 facta:
3006 931 3130 976 sunt
3171 923 3302 978 mihi
3340 924 3593 998 lacryma:
3623 945 3759 986 mea:

2175 1009 2328 1078 panis
2353 1009 2440 1065 die
2471 1025 2534 1065 ac
2561 1020 2716 1068 nocte
2739 1055 2754 1080 ,
2794 1013 2919 1068 dum
2971 1013 3163 1069 dicitur
3189 1016 3318 1070 mihi
3358 1020 3629 1091 quotidie,
3662 1021 3759 1079 Ubi

2173 1109 2254 1156 est
2284 1101 2424 1157 Deus
2465 1111 2585 1158 tuus
2613 1102 2790 1176 (Psal.
2835 1121 2958 1176 xu,
2999 1106 3110 1177 4)?
3141 1107 3204 1162 Et
3233 1109 3353 1179 quia
3394 1126 3500 1168 non
3541 1129 3759 1184 possum

2173 1193 2455 1250 ostendere
2480 1195 2646 1250 Deum
2683 1212 2893 1264 meum;
2932 1199 3080 1269 quasi
3107 1200 3262 1255 inane
3287 1217 3502 1273 sequar,
3535 1206 3760 1263 insulta-

2176 1292 2262 1340 tur
2283 1286 2432 1341 mihi.
2461 1286 2568 1343 Nec
2589 1303 2820 1359 paganus
2846 1298 3069 1358 tantum,
3103 1291 3188 1347 vel
3211 1291 3447 1363 Judazus,
3472 1297 3556 1352 vel
3585 1297 3760 1356 haere-

2176 1380 2340 1445 ticus;
2369 1380 2462 1436 sed
2489 1381 2773 1451 aliquando
2802 1382 2963 1439 frater
2984 1385 3098 1454 ipse
3123 1386 3418 1444 catholicus
3443 1398 3658 1460 torquet
3680 1409 3761 1461 os,

2177 1471 2388 1542 quando
2412 1473 2670 1543 promissa
2701 1474 2792 1529 Dei
2823 1476 3202 1545 praedicantur,
3236 1480 3452 1551 quando
3479 1483 3657 1538 futura
3680 1501 3765 1541 re-

2178 1564 2439 1620 surrectio
2475 1567 2879 1634 praenuntiatur.
2927 1569 2992 1623 Et
3031 1569 3204 1626 adhuc
3247 1582 3302 1628 et
3339 1573 3453 1643 ipse
3477 1616 3492 1641 ,
3523 1579 3764 1646 quamvis

2174 1655 2286 1728 jam
2315 1658 2509 1714 tinctus
2547 1674 2682 1730 aqua
2712 1660 2898 1716 salutis
2925 1673 3138 1719 aeterna:
3156 1705 3172 1731 ,
3205 1675 3423 1737 portans
3450 1683 3764 1726 sacramen-

2182 1760 2291 1807 tum
2313 1752 2777 1832 Christipforsitan
2805 1755 2950 1824 dicit,
2973 1756 3040 1812 Et
3065 1759 3184 1830 quis
3206 1759 3312 1816 huc
3334 1764 3665 1819 resurrexit?
3693 1775 3762 1832 et,

2178 1844 2297 1902 Non
2321 1845 2496 1902 audivi
2525 1855 2730 1917 patrem
2759 1863 2937 1903 meum
2964 1849 3031 1905 de
3070 1851 3315 1921 sepulcro
3341 1852 3676 1924 loquentem,
3704 1873 3768 1911 ex

2180 1952 2286 2008 quo
2311 1953 2433 1993 eum
2464 1939 2704 2008 sepelivi.
2738 1940 2880 1996 Deus
2905 1941 3052 1997 dedit
3076 1943 3246 2014 legem
3272 1945 3341 2000 ad
3370 1955 3580 2017 tempus
3604 1951 3768 2006 servis

2181 2030 2291 2085 suis
2311 2072 2326 2097 ,
2354 2028 2421 2085 ad
2447 2031 2587 2101 quod
2611 2047 2670 2088 se
2694 2043 2919 2090 avocent
2952 2053 2964 2088 :
2995 2052 3114 2090 nam
3142 2039 3261 2108 quis
3289 2039 3430 2095 redit
3457 2040 3524 2096 ab
3549 2041 3770 2098 inferis?

2183 2119 2250 2174 Et
2273 2120 2400 2191 quid
2439 2120 2632 2178 faciam
2660 2123 2885 2180 talibus?
2925 2127 3201 2183 ostendam
3231 2129 3372 2200 quod
3417 2147 3524 2186 non
3550 2133 3769 2188 vident?

2184 2209 2299 2265 Non
2329 2226 2551 2282 possum
2586 2233 2598 2267 :
2633 2230 2740 2269 non
2783 2215 2926 2272 enim
2972 2228 3188 2290 propter
3224 2220 3346 2277 illos
3374 2222 3514 2279 Deus
3550 2225 3772 2281 visibilis

2185 2303 2345 2359 debet
2382 2304 2514 2360 fieri.
2546 2305 2662 2361 Jam
2692 2306 2744 2362 id
2774 2318 2969 2379 agant,
3001 2312 3044 2366 si
3073 2313 3276 2382 placet;
3325 2315 3395 2369 ita
3435 2315 3667 2384 faciant,
3695 2318 3767 2373 ita

2185 2403 2444 2450 conentur
2473 2415 2486 2450 :
2517 2397 2642 2468 quia
2668 2398 2771 2469 ipsi
2800 2401 2990 2456 nolunt
3013 2405 3252 2459 converti
3281 2406 3333 2460 in
3361 2407 3568 2474 melius,
3597 2408 3766 2464 Deum

2185 2497 2501 2544 convertant
2527 2490 2581 2545 in
2607 2490 2778 2560 pejus.
2801 2491 2994 2549 Videat
3019 2495 3106 2565 qui
3129 2504 3327 2566 potest,
3351 2498 3530 2554 credat
3548 2500 3638 2570 qui
3661 2515 3771 2556 non

2186 2587 2394 2648 potest,
2427 2594 2548 2636 esse
2575 2580 2764 2636 Deum.
2796 2583 2908 2638 Etsi
2953 2584 3097 2641 videt
3135 2587 3224 2657 qui
3256 2595 3468 2657 potest,
3514 2589 3773 2660 numquid

2187 2669 2353 2725 oculis
2378 2670 2561 2726 videt?
2591 2671 2864 2729 lntellectu
2895 2675 3070 2742 videt,
3107 2677 3268 2733 corde
3296 2678 3460 2735 videt.
3491 2679 3610 2735 Non
3635 2681 3774 2736 enim

2187 2763 2356 2818 solem
2381 2772 2434 2820 et
2463 2765 2639 2822 lunam
2664 2766 2875 2824 volebat
2901 2770 3206 2835 ostendere,
3234 2773 3322 2842 qui
3351 2773 3565 2829 dicebat
3597 2792 3610 2828 :
3637 2773 3776 2829 Beati

2189 2859 2379 2913 mundo
2401 2861 2570 2929 corde,
2601 2862 2839 2930 quoniam
2867 2863 2964 2934 ipsi
2991 2863 3156 2918 Deum
3197 2865 3428 2921 videbunt
3460 2866 3695 2940 (Matth.
3726 2884 3774 2933 v,

2189 2949 2281 3020 8).
2318 2949 2653 3007 lmmundum
2699 2963 2876 3009 autem
2919 2970 3013 3010 cor
3037 2971 3137 3011 nec
3179 2955 3245 3011 ad
3289 2957 3450 3012 fidem
3496 2957 3777 3024 idoneum,

2189 3048 2249 3094 ut
2273 3041 2289 3072 ¹
2322 3041 2462 3111 quod
2501 3057 2607 3097 non
2650 3053 2827 3114 potest
2854 3045 3034 3101 videre
3063 3047 3149 3103 vel
3194 3047 3394 3105 credat.
3437 3048 3555 3104 Non
3586 3049 3777 3117 video,

2191 3132 2362 3204 inquit
2386 3151 2401 3189 :
2429 3135 2554 3206 quid
2577 3137 2875 3194 crediturus
2897 3141 3050 3195 sum?
3066 3141 3254 3196 Anima
3279 3143 3418 3198 enim
3438 3153 3525 3198 tua
3547 3144 3778 3211 videtur,

2193 3235 2252 3281 ut
2299 3228 2516 3297 opinor!
2560 3228 2764 3286 Stultel
2818 3246 3012 3303 corpus
3057 3242 3202 3288 tuum
3251 3234 3497 3302 videtur;
3547 3237 3781 3292 animam

2194 3332 2334 3377 tuam
2385 3323 2504 3396 quis
2553 3323 2741 3381 videt?
2803 3325 2937 3381 Cum
2988 3342 3115 3398 ergo
3161 3342 3352 3399 corpus
3403 3337 3554 3384 tuum
3611 3332 3781 3385 solum

2191 3415 2432 3471 videatur
2451 3457 2466 3482 ,
2497 3431 2662 3488 quare
2689 3431 2797 3473 non
2827 3419 3098 3489 sepeliris?
3142 3419 3359 3475 Miratur
3386 3421 3506 3492 quia
3537 3421 3687 3488 dixi,
3731 3421 3781 3477 Si

2191 3521 2386 3578 corpus
2414 3516 2622 3564 tantum
2659 3509 2899 3576 videtur,
2934 3525 3098 3580 quare
3141 3526 3248 3565 non
3287 3512 3579 3582 sepeliris?
3610 3513 3680 3568 Et
3703 3529 3781 3568 re-

2193 3600 2419 3670 spondet
2441 3597 2602 3672 (sapit
2625 3601 2765 3656 enim
2785 3601 2853 3656 ad
2877 3601 3021 3672 hoc),
3048 3602 3181 3670 Quia
3200 3604 3340 3659 vivo.
3367 3603 3516 3660 Unde
3530 3606 3648 3660 scio
3663 3604 3783 3676 quia

2194 3694 2327 3750 vivis
2347 3735 2360 3761 ,
2389 3694 2542 3764 cujus
2568 3696 2800 3750 animam
2831 3712 2937 3750 non
2961 3695 3157 3751 video?
3186 3698 3327 3753 unde
3355 3698 3508 3753 seio?
3536 3698 3780 3768 Respon-

2193 3788 2345 3846 debis
2368 3807 2381 3842 :
2404 3789 2536 3857 Quia
2558 3789 2770 3860 loquor,
2794 3790 2918 3860 quia
2939 3790 3172 3857 ambulo,
3197 3791 3320 3861 quia
3339 3805 3554 3861 operor.
3577 3790 3778 3846 Stulte!

2195 3898 2261 3938 ex
2290 3882 2543 3952 operibus
2578 3883 2817 3956 corporis
2860 3897 3091 3956 agnosco
3115 3883 3410 3949 viventem;
3441 3898 3507 3939 ex
3534 3883 3784 3954 operibus

2194 3983 2452 4029 creaturae
2494 3990 2600 4029 non
2649 3983 2800 4044 potes
2830 3989 3116 4044 agnoscere
3161 3974 3494 4032 Creatorem!
3548 3975 3616 4029 Et
3645 3973 3779 4030 forte

2195 4068 2284 4138 qui
2313 4068 2474 4133 dicit,
2505 4066 2640 4122 Cum
2683 4076 2921 4122 mortuus
2968 4067 3116 4123 fuero
3135 4110 3150 4132 ,
3180 4080 3365 4139 postea
3411 4067 3542 4121 nihil
3571 4081 3666 4122 ero
3696 4083 3712 4120 :
3737 4075 3787 4122 et

2196 4159 2400 4215 litteras
2427 4159 2649 4227 didicit,
2681 4159 2825 4214 etab
2855 4158 3086 4229 Epicuro
3110 4158 3295 4214 didicit
3319 4159 3440 4225 hoc,
3473 4158 3657 4214 nescio
3685 4172 3786 4230 quo

2197 4251 2367 4306 deliro
2397 4251 2712 4321 philosopho
2737 4293 2750 4317 ,
2778 4251 2860 4306 vel
2891 4247 3064 4320 potius
3093 4260 3330 4306 amatore
3358 4250 3610 4305 vanitatis
3635 4291 3651 4315 ,
3684 4265 3787 4304 non

2199 4346 2507 4416 sapientiae;
2537 4361 2696 4416 quem
2725 4344 2824 4416 ipsi
2854 4345 3012 4400 etiam
3041 4343 3336 4415 philosophi
3363 4359 3588 4414 porcum
3614 4341 3789 4397 nomi-

2200 4446 2505 4494 naverunt:
2538 4438 2626 4508 qui
2665 4438 2989 4508 voluptatem
3017 4437 3256 4508 corporis
3295 4451 3562 4492 summum
3594 4436 3790 4492 bonum

2201 4531 2374 4598 dixit,
2413 4531 2557 4586 hunc
2584 4530 2954 4600 philosorihum
2987 4545 3202 4600 porcum
3230 4526 3663 4594 nominaverunt}
3695 4541 3791 4580 vo-

2200 4626 2457 4680 lutantem
2488 4639 2545 4679 se
2577 4624 2629 4678 in
2659 4639 2813 4679 emno
2844 4623 3063 4677 carnali.
3093 4621 3174 4677 Ab
3200 4621 3292 4677 illo
3320 4621 3456 4677 forte
3481 4619 3670 4676 didicit
3695 4620 3794 4678 iste

2203 4717 2465 4772 litteratus
2519 4705 2738 4783 dicere,
2797 4715 2914 4771 Non
2981 4729 3074 4771 ero
3143 4722 3486 4786 posteaquam
3551 4722 3795 4769 mortuus

2203 4806 2374 4863 fuero.
2415 4807 2689 4870 Siccentur
2730 4807 2949 4863 flumina
2999 4806 3221 4873 Etham;
3269 4815 3493 4877 pereant
3537 4804 3796 4861 doctrina

2206 4903 2320 4958 istae
2348 4901 2630 4968 Gentium,
2685 4901 2940 4973 pullulent
2978 4900 3147 4956 vireta
3189 4899 3485 4955 Jerusalem
3532 4897 3797 4954 :videant

2206 4997 2345 5070 quod
2374 5005 2628 5068 possunt;
2659 4994 2821 5050 corde
2859 4993 3079 5049 credant
3118 4991 3258 5063 quod
3301 4989 3486 5047 videre
3530 5004 3639 5046 non
3673 5004 3800 5060 pos-

2208 5096 2351 5145 sunt.
2379 5089 2536 5145 Certe
2562 5088 2658 5142 ista
2683 5086 2859 5142 omnia
2881 5101 2998 5156 qua:
3025 5100 3121 5156 per
3144 5082 3399 5139 mundum
3425 5081 3588 5138 modo
3611 5079 3801 5136 viden-

2207 5191 2314 5249 tur,
2338 5181 2549 5254 quando
2571 5180 2891 5251 operabatur
2915 5179 3055 5234 Deus
3083 5177 3308 5233 salutem
3334 5174 3386 5230 in
3413 5173 3592 5230 medio
3613 5181 3798 5236 terrae,

2209 5291 2328 5331 cum
2379 5276 2481 5330 ista
2527 5273 2871 5338 dicebantur,
2902 5270 3137 5327 nondum
3180 5277 3333 5324 erant
3367 5283 3379 5321 :
3413 5275 3468 5322 et
3505 5280 3633 5321 ecce
3672 5272 3802 5319 tunc

2209 5370 2459 5442 praedicta
2503 5377 2662 5434 sunt;
2696 5383 2836 5422 nunc
2867 5364 3084 5436 impleta
3126 5369 3510 5426 monstrantur,
3541 5368 3595 5414 et
3621 5356 3802 5412 adhuc

2209 5461 2340 5518 dicit
2362 5459 2553 5515 stultus
2590 5458 2642 5514 in
2671 5457 2832 5514 corde
2875 5471 2973 5512 suo
2996 5496 3011 5522 ,
3038 5453 3160 5509 Non
3189 5463 3260 5508 est
3297 5451 3434 5506 Deus
3462 5447 3632 5521 (Ps/ll.
3662 5461 3757 5502 xm
3783 5485 3800 5511 ,

2212 5557 2236 5610 l
2262 5553 2304 5625 ).
2330 5552 2425 5608 Vae
2455 5551 2721 5624 perversis
2739 5548 2988 5606 cordibus
3013 5549 3026 5602 !
3055 5545 3307 5618 quoniam
3335 5544 3407 5598 ita
3426 5549 3651 5597 ventura
3677 5545 3805 5594 sunt

2212 5661 2330 5718 quze
2361 5653 2582 5711 restant,
2614 5643 2753 5699 sicut
2789 5648 3052 5698 venerunt
3095 5639 3194 5694 ista
3236 5651 3354 5708 quae
3384 5643 3510 5690 tunc
3540 5645 3648 5687 non
3679 5628 3801 5685 fue-

2212 5747 2356 5804 runt,
2397 5745 2452 5793 et
2486 5746 2705 5792 ventura
2743 5731 3253 5806 przenuntiabantur.
3295 5730 3378 5784 An
3403 5738 3536 5780 vero
3559 5719 3808 5779 exhibuit

2277 5850 2582 5963 1ttiﬁirttcula,
2609 5857 2690 5911 ut,
2727 5848 2871 5899 deest
2909 5845 3034 5910 apud
3070 5841 3310 5903 Lov.,sed
3343 5841 3395 5892 in
3433 5836 3629 5893 ceteris
3662 5833 3811 5887 liht'h

2281 5929 2306 5963 ε
2379 5943 2393 5960 .

2215 5927 2393 5964 exstat.
