4076 6484
335 425 458 483 ’945

344 648 440 690 nos
478 632 694 688 fefellit?
723 629 838 685 Non
887 639 1000 684 erat
1043 628 1286 685 Christus
1329 630 1380 685 in
1420 638 1598 696 terra;
1645 633 1923 702 promisit,

341 725 577 784 exhibuit
609 742 621 777 :
655 738 760 778 non
785 722 933 793 virgo
974 731 1278 793 pepererat;
1327 723 1606 794 promisit,
1635 722 1876 779 exhibuit
1909 742 1923 780 :

339 836 444 879 non
465 826 582 876 erat
605 817 752 873 fusus
776 815 988 888 sanguis
1009 816 1296 886 pretiosus,
1321 830 1429 886 quo
1451 815 1721 872 deleretur
1741 816 1924 872 chiro-

337 915 594 989 graphum
617 913 805 969 mortis
831 920 1058 976 nostrae;
1089 909 1354 982 promisit,
1381 909 1622 966 exhibuit
1648 927 1662 964 :
1687 909 1922 966 nondum

336 1014 704 1065 resurrexerat
728 1019 853 1060 caro
879 1003 931 1058 in
956 1003 1116 1057 vitam
1147 1010 1436 1067 aeternam;
1464 1002 1742 1072 promisit,
1767 1001 1920 1058 exhi-

335 1100 487 1156 buit:
521 1097 756 1154 nondum
801 1095 1138 1151 crediderant
1175 1093 1405 1160 Gentes;
1453 1095 1734 1165 promisit,
1765 1096 1921 1151 exhi-

331 1195 445 1251 buit
470 1211 484 1247 :
514 1192 749 1249 nondum
773 1188 1006 1246 haeretici
1038 1188 1254 1244 nomine
1277 1187 1475 1244 Christi
1503 1188 1712 1254 armati,
1735 1197 1920 1244 contra

329 1289 599 1344 Christum
645 1284 980 1348 militabant;
1033 1281 1314 1353 praedixit,
1366 1280 1652 1352 exhibuit:
1683 1281 1919 1337 nondum

328 1381 470 1436 idola
510 1379 760 1436 Gentium
809 1376 877 1432 de
927 1384 1068 1431 terra
1117 1374 1136 1407 ί
1179 1373 1352 1430 deleta
1397 1382 1586 1440 erant;
1633 1373 1914 1445 praedixit,

327 1476 576 1532 exhibuit
604 1491 618 1527 :
653 1473 750 1527 ista
778 1469 956 1526 omnia
984 1484 1104 1524 cum
1132 1467 1464 1539 praedixisset
1487 1476 1542 1523 et
1567 1465 1912 1534 exhibuisset,

291 1593 295 1602 ί
325 1570 391 1626 de
419 1569 536 1624 solo
563 1565 648 1621 die
671 1563 855 1636 judicii
882 1561 1134 1617 mentitus
1155 1560 1276 1616 est?
1305 1557 1496 1616 Veniet
1518 1560 1755 1625 omnino,
1779 1575 1916 1630 quo-

324 1660 486 1715 modo
529 1659 628 1713 ista
659 1662 952 1719 venerunt;
983 1654 1105 1724 quia
1135 1660 1190 1708 et
1226 1651 1325 1706 ista
1357 1660 1640 1721 antequam
1671 1651 1916 1706 venirent

323 1752 498 1806 futura
537 1758 727 1817 erant,
768 1757 822 1803 et
868 1745 1038 1801 futura
1083 1744 1230 1816 prius
1274 1743 1622 1814 praenuntiata
1669 1757 1829 1809 sunt,
1861 1751 1916 1798 et

323 1856 508 1917 postea
545 1849 806 1899 venerunt
837 1857 849 1894 :
881 1838 1095 1904 veniet,
1137 1836 1329 1891 fratres
1373 1835 1498 1890 mei.
1531 1833 1700 1888 Nemo
1729 1833 1870 1888 dieat
1895 1873 1908 1898 ,

320 1940 438 1997 Non
470 1938 685 2001 veniet;
719 1943 828 1996 aut.
856 1932 1069 1998 Veniet,
1101 1929 1194 1985 sed
1225 1929 1378 1998 longe
1408 1936 1490 1983 est
1517 1925 1658 1999 quod
1687 1927 1862 1982 veniet
1895 1945 1908 1982 :

318 2032 415 2088 sed
447 2031 538 2086 tibi
571 2042 735 2100 prope
762 2034 842 2081 est
880 2033 935 2078 ut
962 2038 1053 2078 eas
1083 2021 1226 2076 hinc.
1270 2018 1509 2076 Sufficiat
1551 2017 1722 2088 prima
1752 2016 1912 2073 dece-

317 2127 434 2196 ptio
465 2142 477 2180 :
509 2123 550 2177 si
580 2136 682 2175 uon
713 2117 980 2190 potuimus
1005 2114 1176 2186 primo
1202 2124 1515 2182 permanere
1541 2110 1592 2164 in
1620 2117 1908 2179 praecepto,

316 2215 509 2271 saltem
537 2212 866 2282 corrigamur
893 2205 1159 2274 exemplo.
1191 2201 1433 2258 Nondum
1465 2208 1581 2256 erat
1604 2199 1908 2269 exemplum

315 2321 475 2363 casus
504 2302 760 2367 humani,
788 2297 1000 2368 quando
1041 2296 1240 2352 dictum
1283 2303 1364 2349 est
1391 2292 1458 2348 ad
1498 2291 1666 2347 Adam
1700 2307 1713 2344 :
1744 2290 1912 2346 Morte

314 2400 569 2466 morieris,
609 2398 651 2452 si
681 2395 937 2465 tetigeris;
966 2399 1020 2446 et
1045 2389 1192 2445 venit
1216 2387 1284 2444 de
1313 2395 1617 2442 transverso
1647 2397 1867 2454 serpens
1890 2425 1906 2451 ,

313 2502 368 2548 et
407 2491 543 2546 dixit
571 2507 584 2544 :
616 2488 736 2543 Non
765 2494 926 2540 morte
961 2481 1208 2537 morieris.
1239 2477 1484 2535 Creditus
1527 2484 1612 2533 est
1642 2489 1868 2545 serpens
1888 2515 1906 2545 ,

312 2592 659 2654 contemptus
698 2586 782 2635 est
821 2577 998 2642 Deus;
1028 2572 1263 2629 creditus
1299 2579 1382 2626 est
1419 2581 1640 2640 serpens
1661 2609 1675 2635 ,
1708 2575 1907 2636 tactum

311 2690 396 2736 est
424 2677 644 2733 vetitum
670 2716 684 2741 ,
709 2678 949 2728 tnortuus
987 2675 1071 2723 est
1093 2665 1256 2720 homo
1281 2662 1441 2734 (Gen.
1469 2677 1527 2726 tt,
1555 2661 1643 2728 17,
1673 2668 1720 2714 et
1747 2675 1824 2727 In,
1847 2659 1903 2728 4,

311 2772 365 2838 6,
404 2770 528 2841 19).
555 2767 740 2823 Nonne
769 2762 1043 2834 impletum
1069 2766 1150 2813 est
1182 2756 1356 2826 potius
1385 2752 1527 2825 quod
1568 2752 1800 2807 minatus
1824 2759 1907 2808 est

309 2866 478 2930 Deus,
505 2877 659 2933 quam
686 2856 833 2930 quod
853 2853 1170 2926 promiserat
1199 2847 1476 2903 inimicus?
1497 2844 1588 2902 Sic
1614 2853 1697 2900 est
1719 2852 1863 2900 certe
1888 2862 1902 2900 :

309 2956 651 3030 agnoscimus
676 2952 818 3015 hoc;
848 2947 972 3003 inde
1002 2957 1191 2999 omnes
1217 2942 1270 2996 in
1314 2948 1488 2994 morte
1519 2953 1532 2990 :
1562 2939 1672 3008 jam
1702 2937 1786 2992 vel
1812 2951 1909 2993 ex-

309 3051 450 3124 perti
481 3049 620 3104 cauti
650 3047 838 3103 simus.
866 3040 982 3097 Non
1013 3037 1153 3094 enim
1197 3042 1373 3091 cessat
1411 3041 1466 3088 et
1500 3031 1658 3088 modo
1683 3045 1904 3101 serpens

309 3145 672 3208 insusurrare,
699 3149 753 3194 et
772 3137 954 3192 dicere
981 3148 996 3184 :
1023 3126 1287 3198 Numquid
1312 3139 1437 3181 vere
1458 3124 1805 3179 damnaturus
1823 3129 1906 3178 est

310 3237 458 3293 Deus
481 3242 652 3289 tantas
682 3229 864 3286 turbas
883 3268 897 3293 ,
928 3225 1248 3280 liberaturus
1285 3226 1368 3274 est
1395 3215 1632 3288 paucos?
1660 3213 1797 3283 Quid
1821 3221 1906 3268 est

307 3326 456 3384 aliud
488 3339 681 3396 quam,
712 3320 890 3376 Facite
931 3323 1115 3371 contra
1159 3319 1519 3382 praeceptum;
1565 3321 1673 3362 non
1702 3305 1904 3360 morie-

307 3417 488 3475 mini?
513 3415 605 3470 sed
633 3411 901 3484 quomodo
927 3416 1072 3471 tunc,
1098 3405 1175 3459 sic
1199 3411 1253 3457 et
1276 3415 1432 3456 nunc.
1463 3399 1519 3454 Si
1546 3397 1737 3453 feceris
1761 3397 1904 3469 quod

310 3509 555 3583 suggerit
594 3505 836 3562 diabolus
863 3543 877 3568 ,
923 3509 980 3556 et
1030 3492 1419 3593 contempseris
1465 3490 1606 3562 quod
1653 3491 1904 3593 praecepit

308 3581 489 3668 Dens;
519 3598 700 3655 veniet
721 3594 902 3667 judicii
933 3591 1068 3656 dies,
1091 3595 1147 3644 et
1174 3587 1412 3642 invenies
1431 3597 1617 3638 verum
1643 3581 1783 3652 quod
1806 3581 1904 3635 mi-

306 3707 471 3754 natus
492 3702 575 3748 est
603 3693 761 3757 Deus,
787 3696 841 3742 et
869 3684 1056 3739 falsum
1083 3679 1221 3752 quod
1249 3677 1514 3750 pollicitus
1535 3684 1617 3730 est
1641 3674 1900 3731 diabolus.

306 3791 544 3859 Exurge,
568 3782 801 3847 Domine,
824 3777 1002 3852 judico
1031 3790 1236 3829 causam
1265 3787 1446 3826 meam.
1469 3768 1708 3823 Mortuus
1737 3783 1824 3830 es,
1851 3777 1905 3823 et

306 3886 651 3950 contemptus
674 3891 764 3942 es;
787 3873 979 3929 dicitur
1008 3867 1156 3934 mihi,
1180 3865 1284 3923 Ubi
1307 3873 1390 3921 est
1412 3863 1556 3919 Deus
1585 3871 1706 3917 tuus
1730 3860 1898 3929 (Psal.

309 3993 424 4039 xu,
448 3975 507 4028 il
524 3971 576 4042 )?
595 3968 849 4038 Exsurge,
859 3965 1038 4039 judica
1058 3977 1263 4016 causam
1281 3974 1462 4013 meam.
1485 3956 1599 4012 Non
1616 3955 1758 4011 enim
1776 3969 1905 4009 ven-

308 4080 464 4124 turus
475 4073 558 4120 est
571 4063 636 4118 ad
650 4055 1033 4132 judicium,nisi
1046 4054 1133 4126 qui
1149 4049 1446 4109 exsurrexit
1462 4063 1491 4103 a
1507 4047 1751 4103 mortuis.
1770 4045 1905 4101 Ven-

309 4173 466 4218 turus
483 4154 959 4228 praenuntiabatur;
979 4147 1143 4212 venit,
1157 4155 1210 4200 et
1224 4149 1558 4238 contemptus
1568 4147 1650 4238 est
1661 4137 1902 4238 aIJudaeis

309 4250 598 4309 ambulans
645 4247 695 4300 in
743 4253 924 4306 terra;
970 4235 1326 4293 contemnitur
1353 4247 1383 4286 a
1429 4231 1572 4284 falsis
1601 4228 1901 4282 christianis

308 4344 509 4400 sedens
557 4340 609 4394 in
658 4335 815 4392 cmlo.
858 4331 1122 4401 Exsurge,
1179 4325 1430 4389 Domine;
1467 4320 1649 4392 judica
1699 4334 1903 4372 causam

310 4452 499 4492 meam.
528 4431 788 4501 Quoniam
816 4426 868 4481 in
900 4432 950 4480 te
976 4419 1198 4487 credidi,
1227 4433 1334 4473 non
1362 4428 1582 4514 pereant
1595 4428 1609 4477 ;
1637 4411 1758 4514 quia
1784 4425 1903 4512 cre-

309 4527 422 4584 didi
454 4523 594 4596 quod
623 4536 726 4576 non
771 4517 879 4573 vidi
904 4556 918 4579 ,
947 4529 1041 4584 spe
1080 4526 1199 4567 mea
1241 4524 1347 4563 non
1385 4505 1537 4561 fallar
1563 4505 1618 4596 ξ,
1646 4505 1900 4572 accipiam

309 4618 454 4692 quod
475 4595 813 4688 promisisti;
856 4607 1046 4663 Iudico
1071 4617 1274 4658 causam
1302 4615 1481 4654 meam.
1521 4595 1771 4692 Memento
1811 4611 1905 4664 op-

310 4687 634 4785 probriorum
678 4713 916 4764 tuorum;
957 4712 1128 4752 eorum
1171 4709 1284 4765 qua:
1325 4691 1388 4744 ab
1430 4687 1745 4785 imprudente
1786 4694 1903 4740 sunt

308 4779 418 4858 tota
443 4799 544 4853 die.
571 4795 760 4852 Adhuc
783 4791 924 4848 enim
967 4788 1248 4843 insultatur
1271 4782 1514 4848 Christo;
1541 4793 1643 4835 nec
1677 4779 1904 4834 deerunt

310 4903 423 4950 tota
451 4891 537 4946 die
559 4929 574 4954 ,
604 4887 706 4943 hoc
743 4893 826 4940 est
871 4895 1037 4952 usque
1086 4879 1137 4932 in
1187 4876 1344 4930 finem
1389 4871 1608 4938 saeculi,
1634 4884 1760 4926 vasa
1786 4870 1898 4924 irae.

311 4984 507 5043 Adhuc
548 4981 740 5036 dicitur
780 4995 792 5032 :
827 4973 972 5030 Vana
1019 4968 1310 5042 praedicant
1352 4964 1678 5029 Christiani;
1728 4962 1905 5020 adhuc

311 5080 510 5135 dicitur
543 5093 556 5129 :
585 5072 763 5129 Inanis
805 5077 888 5125 est
939 5062 1259 5122 resurrectio
1309 5067 1664 5114 mortuorum.
1716 5054 1904 5110 Judica

312 5185 526 5227 causam
571 5181 734 5221 meam
762 5179 782 5219 :
813 5166 1057 5215 memento
1104 5151 1489 5226 opprobriorum
1538 5157 1757 5202 tuorum.
1797 5145 1903 5202 Sed

313 5275 542 5336 quorum
570 5258 671 5313 nisi
709 5269 881 5310 eorum
905 5265 1018 5321 qua:
1041 5249 1105 5302 ab
1149 5245 1464 5315 imprudente
1500 5249 1760 5336 sanatam
1783 5239 1904 5294 die?

314 5331 584 5424 Numquid
609 5347 842 5421 prudens
862 5345 964 5398 hoc
983 5338 1149 5396 dicit?
1175 5336 1417 5393 Prudens
1438 5334 1579 5390 enim
1600 5331 1774 5388 dictus
1799 5338 1901 5400 est,

316 5448 488 5504 Porro
512 5443 699 5500 videns
725 5456 739 5494 :
771 5439 815 5494 si
845 5434 1079 5508 prudens
1123 5445 1282 5502 porro
1319 5428 1506 5484 videns
1526 5469 1541 5495 ,
1568 5424 1674 5481 fide
1699 5424 1907 5481 videtur

317 5551 510 5612 porro;
541 5551 662 5591 nam
687 5532 857 5588 oculis
879 5529 967 5584 vix
997 5535 1120 5582 ante
1148 5521 1312 5594 pedes
1336 5520 1678 5612 videturtota
1697 5518 1796 5571 die.

388 5841 404 5868 ³
429 5839 510 5886 Hic
528 5833 642 5883 Edd.
667 5830 862 5885 addunt,
881 5825 974 5876 ista
1003 5837 1019 5874 :
1043 5836 1158 5888 quae
1178 5833 1269 5888 vox
1289 5831 1318 5868 a
1337 5825 1445 5879 Mss.
1470 5817 1627 5867 abest.

385 5901 404 5930 ¹
421 5882 588 5948 rietes
608 5902 735 5953 Mss,
758 5882 866 5954 spes
889 5901 995 5938 mea
1017 5882 1108 5935 min
1130 5882 1284 5954 fuitat.

353 5989 364 5996 -
391 5943 622 6010 eisiis;
644 5943 948 6019 juxta'craec.
976 5955 1100 5997 LXX.
1127 5943 1182 5996 λι
1205 5943 1337 6006 Edd.,
1362 5953 1512 5994 voces.

1406 419 1805 484 ENARRA'I'IO
1840 425 1908 483 ΙΝ
1945 426 2264 490 PSALMUM
2301 433 2535 494 LXXIV.

334 540 495 598 nobis
522 539 662 596 Deus
681 535 858 594 omnia
884 549 1002 609 quae
1030 536 1296 608 promisit,
1323 535 1472 594 etde
1499 537 1615 594 solo
1636 538 1723 596 die
1741 540 1925 611 iudicii

3509 454 3613 512 946

2041 547 2228 603 misisti
2261 549 2328 604 de
2353 549 2502 607 Novo
2541 551 2900 625 Testamento,
2930 568 2985 615 et
3011 561 3076 617 ad
3107 561 3276 633 ipsam
3307 565 3466 623 fidem
3494 584 3613 626 am-

2033 636 2346 709 bulantium,
2391 660 2453 696 ne
2477 643 2784 703 obliviscaris
2811 665 2978 706 vocem
3005 653 3381 726 deprecantium
3407 671 3472 715 te.
3503 661 3612 720 Sed

2031 732 2107 787 illi
2133 733 2306 792 adhuc
2330 736 2550 794 dicunt:
2576 738 2675 797 Ubi
2707 750 2788 797 est
2815 742 2953 798 Deus
2972 726 3138 804 tuus?
3165 750 3416 823 Superbia
3435 771 3609 812 eorum

2029 825 2115 896 qui
2141 835 2188 880 te
2207 828 2438 895 oderunt,
2463 832 2699 887 ascendat
2716 835 2735 866 ί
2758 850 2954 906 semper
2977 838 3043 892 ad
3077 848 3164 896 te:
3190 841 3306 898 Noli
3336 853 3391 900 et
3417 861 3606 904 eorum

2029 919 2329 988 superbiam
2373 922 2635 980 oblivisci.
2686 924 2792 982 Nec
2839 928 3170 988 obliviscitur
3201 952 3216 990 :
3247 937 3464 994 omnino
3511 948 3608 997 aut

2029 1011 2198 1082 punit,
2239 1022 2332 1070 aut
2359 1017 2594 1088 corrigit.
3463 1029 3466 1032 '

2053 1165 3603 1316 Μ

2626 1367 3041 1448 ENARRATIO.
3081 1431 3084 1434 ,

2561 1495 2730 1538 εειωο
2761 1499 2828 1538 ΔΙ)
2856 1499 3079 1540 Ριειιειι.

2093 1592 2142 1645 1.
2173 1589 2321 1663 [vers.
2353 1591 2431 1666 1.]
2460 1582 2706 1651 Psalmus
2736 1597 2834 1653 iste
2865 1600 3059 1655 tumori
3080 1590 3351 1673 superbiae
3384 1606 3606 1664 medici-
3701 1651 3708 1656 .

2019 1699 2140 1738 nam
2186 1685 2498 1742 humilitatis
2523 1698 2786 1759 apportat,
2820 1692 3044 1748 humiles
3073 1706 3250 1752 autem
3293 1700 3606 1756 consolatur

2020 1776 2071 1830 in
2106 1791 2202 1846 spe
2232 1795 2244 1831 :
2276 1777 2379 1833 hoc
2421 1795 2603 1850 agens.
2636 1791 2692 1836 ut
2735 1797 2804 1838 ne
2847 1785 3124 1855 quisquam
3156 1771 3384 1859 superbe
3418 1779 3499 1848 ide
3548 1808 3606 1848 se

2018 1865 2323 1941 praesumat,
2370 1891 2438 1930 ne
2462 1876 2739 1948 quisquam
2788 1878 3003 1935 humilis
3051 1882 3118 1938 de
3137 1867 3368 1940 Domino
3409 1877 3602 1958 despe-

2017 1972 2115 2018 ret.
2171 1965 2264 2019 Est
2303 1968 2443 2022 enim
2501 1971 2782 2038 promissio
2836 1973 2929 2028 Dei
2975 1983 3110 2040 rata,
3164 1987 3340 2042 certa,
3389 1977 3494 2032 fixa
3547 1991 3602 2036 et

2018 2060 2347 2128 inconcussa,
2390 2063 2561 2118 fidelis
2591 2074 2646 2120 et
2683 2067 2827 2121 omni
2874 2066 3204 2123 dubitatione
3231 2085 3450 2138 carens,
3483 2055 3604 2142 qua:

2014 2151 2317 2206 consolatur
2358 2153 2605 2208 afflictos.
2654 2155 2786 2210 Tota
2830 2159 2972 2211 enim
3019 2159 3121 2211 vita
3183 2161 3407 2214 humana
3451 2157 3596 2232 super

2017 2251 2221 2311 terram,
2252 2247 2390 2300 sicut
2414 2248 2667 2318 scriptum
2713 2258 2812 2314 cst,
2867 2251 3075 2305 tentatio
3109 2261 3181 2306 est
3205 2252 3352 2329 ,(Job
3383 2243 3476 2320 vn,
3509 2257 3532 2310 i
3557 2239 3599 2328 )i.

2015 2333 2123 2390 Nec
2149 2337 2298 2406 quasi
2331 2353 2582 2408 prospera
2614 2339 2856 2410 eligenda
2888 2351 2991 2407 est,
3025 2349 3080 2396 ct
3107 2341 3218 2396 sola
3245 2343 3470 2400 adversa
3502 2346 3602 2401 dc-

2015 2428 2229 2484 vitanda
2257 2447 2270 2484 :
2295 2430 2390 2485 sed
2418 2440 2636 2501 utraque
2661 2432 2894 2487 cavenda
2916 2443 3036 2498 est;
3069 2434 3155 2488 illa
3179 2450 3246 2490 ne
3270 2448 3599 2508 corrumpat,

2014 2520 2112 2575 ista
2143 2536 2211 2574 ne
2239 2519 2484 2592 frangat;
2514 2533 2570 2576 ut
2599 2523 2881 2592 unicuique
2920 2523 3215 2592 hominum,
3249 2527 3302 2581 in
3339 2520 3599 2598 quoequ

2011 2629 2114 2684 que
2139 2620 2279 2669 statu
2305 2629 2482 2669 rerum
2512 2614 2562 2668 in
2604 2614 2702 2669 hac
2728 2617 2833 2669 vita
2864 2617 3054 2686 egerit,
3105 2633 3208 2671 non
3240 2619 3310 2673 sit
3335 2605 3598 2691 refugium

2011 2706 2113 2761 nisi
2141 2706 2302 2771 Deus,
2346 2721 2445 2761 nec
2474 2706 2639 2760 ullum
2665 2707 2915 2777 gaudium
2945 2708 3044 2763 nisi
3075 2710 3123 2764 in
3152 2711 3428 2779 promissis
3458 2715 3596 2784 ejus.

2011 2797 2130 2853 Vita
2171 2798 2312 2852 enim
2340 2795 2455 2852 haec
2499 2797 2734 2868 qualibet
2776 2797 3082 2854 redundans
3110 2801 3359 2857 felicitate
3404 2794 3602 2862 multas

2008 2888 2181 2955 fallit;
2214 2890 2352 2944 Deus
2379 2889 2668 2945 neminem.
2709 2889 2842 2957 Quia
2887 2905 3017 2960 ergo
3045 2891 3191 2945 omni
3233 2892 3433 2949 homini
3463 2912 3597 2954 con-

2009 2989 2165 3030 verso
2193 2972 2262 3029 ad
2281 2973 2447 3028 Deutn
2476 2982 2711 3027 mutatur
2736 2974 3019 3029 delectatio
3040 3017 3054 3040 ,
3083 2986 3353 3032 mutantur
3387 2979 3592 3038 deliciae

2010 3065 2140 3138 (non
2159 3065 2298 3121 enim
2317 3064 2720 3131 subtrahuntur,
2743 3065 2833 3118 sed
2858 3069 3151 3138 mutantur)
3175 3088 3186 3122 :
3207 3083 3394 3125 omnes
3420 3080 3597 3127 autem

2008 3158 2216 3214 delicia:
2253 3165 2449 3212 nostra:
2476 3158 2529 3211 in
2562 3156 2661 3210 hac
2691 3157 2815 3218 vita,
2862 3157 3096 3212 nondum
3141 3169 3265 3214 sunt
3293 3161 3344 3215 in
3378 3177 3472 3228 re;
3504 3164 3601 3223 sed

2009 3251 2123 3321 ipsa
2149 3264 2272 3319 spes
2298 3257 2402 3303 tam
2429 3256 2574 3302 certa
2600 3256 2700 3314 est,
2748 3257 2803 3302 ut
2827 3249 3071 3304 omnibus
3110 3251 3268 3320 hujus
3294 3253 3475 3308 saeculi
3500 3254 3598 3310 de-

2009 3342 2143 3397 liciis
2168 3338 2526 3413 praeponenda
2558 3338 2647 3404 sit,
2675 3339 2810 3392 sicut
2841 3341 3096 3410 scriptum
3124 3352 3226 3408 est,
3253 3343 3515 3399 Delectare
3546 3346 3600 3402 in

2009 3431 2247 3486 Domino.
2281 3432 2347 3486 Et
2373 3447 2440 3485 ne
2470 3439 2685 3500 putares
2716 3439 2766 3485 te
2791 3432 2900 3501 jam
2925 3431 3122 3487 habere
3149 3435 3286 3503 quod
3313 3438 3597 3504 promittit,

2009 3525 2232 3594 subjecit
2256 3522 2456 3588 statim,
2486 3521 2554 3574 Et
2579 3522 2716 3575 dabit
2741 3524 2828 3576 tibi
2855 3524 3116 3592 petitiones
3143 3525 3306 3579 cordis
3328 3529 3402 3580 tui
3426 3526 3595 3598 (Psal.

2008 3632 2193 3678 xxxvr,
2225 3614 2302 3685 4).
2339 3613 2396 3670 Si
2441 3628 2568 3684 ergo
2614 3613 2846 3668 nondum
2879 3613 3042 3669 habes
3091 3615 3371 3684 petitiones
3421 3619 3598 3675 cordis

2011 3709 2106 3773 tui,
2149 3706 2288 3762 unde
2316 3705 2598 3760 delectaris
2627 3706 2679 3759 in
2709 3705 2956 3773 Domino,
3002 3707 3104 3760 nisi
3149 3707 3271 3778 quia
3305 3717 3454 3765 tenes
3484 3727 3600 3767 cer-

2010 3812 2119 3858 tum
2146 3801 2546 3872 promissorem,
2585 3801 2675 3869 qui
2717 3815 2779 3855 se
2806 3798 2978 3854 effecit
3002 3802 3363 3871 promittendo
3389 3803 3599 3860 debito-

2009 3893 2162 3952 rem?
2190 3892 2357 3964 Hujus
2383 3893 2545 3963 igitur
2568 3891 2957 3962 deprecationis
2988 3901 3045 3946 ttt
3074 3903 3389 3963 permaneat
3420 3895 3600 3950 nobis-

2008 4004 2130 4046 cum
2150 4003 2275 4058 spes
2302 3997 2505 4054 nostra,
2537 3995 2590 4041 et
2615 3985 3016 4040 iutroducamur
3036 3985 3088 4040 in
3115 3985 3168 4040 id
3195 3986 3334 4057 quod
3357 3988 3599 4057 promisit

2009 4082 2167 4146 Deus,
2201 4079 2436 4149 loquitur
2462 4078 2645 4131 titulus
2671 4075 2827 4146 hujus
2853 4076 3041 4146 psalmi
3073 4093 3087 4129 :
3115 4076 3184 4130 In
3223 4078 3377 4146 ﬁnem
3399 4096 3461 4133 ne
3486 4097 3603 4134 cor-

2007 4187 2234 4239 rumpas.
2285 4169 2422 4234 Quid
2449 4177 2549 4232 est,
2605 4183 2667 4220 ne
2709 4165 3048 4236 corrumpas?
3070 4166 3221 4233 Quod
3265 4168 3558 4237 promisisti
3581 4213 3600 4241 ,

2008 4261 2219 4318 exhibe.
2251 4259 2356 4314 Sed
2381 4255 2635 4328 quando?
2659 4254 2725 4310 In
2752 4257 2923 4324 linem.
2953 4255 3078 4310 Illuc
3104 4270 3233 4327 ergo
3252 4259 3447 4314 mentis
3473 4275 3602 4317 ocu-

2007 4354 2092 4409 lus
2109 4351 2402 4422 dirigatur;
2431 4349 2484 4403 in
2510 4349 2663 4418 ﬁnem
2687 4347 2902 4401 :nmnia
2927 4362 3045 4417 qua:
3063 4348 3116 4402 in
3137 4347 3218 4402 via
3241 4352 3596 4420 occurrerint,

2009 4452 2367 4510 transeautur,
2388 4439 2796 4512 utperveniatur
2816 4439 2866 4493 in
2884 4442 3064 4494 ﬁnem.
3085 4439 3362 4496 Exsultent
3379 4444 3599 4513 superbi

2007 4518 2075 4595 de
2121 4536 2368 4608 praesenti
2411 4534 2698 4598 felicitate;
2739 4541 2976 4586 tumeant
3021 4532 3333 4599 honoribus,
3364 4532 3600 4606 fulgeant

2007 4644 2159 4697 auro,
2205 4625 2503 4684 redundent
2531 4623 2765 4692 familiis,
2806 4623 3074 4695 obsequiis
3100 4623 3372 4680 clientium
3399 4627 3601 4683 consti-

2009 4731 2203 4793 pentur
2226 4738 2238 4774 :
2265 4723 2590 4791 praetereunt
2614 4715 2713 4770 ista
2742 4731 2756 4781 ;
2799 4723 3076 4770 transeunt
3104 4721 3354 4786 tanquam
3387 4718 3595 4774 umbra.

2009 4813 2139 4869 Cum
2163 4812 2252 4867 ille
2273 4809 2392 4865 finis
2419 4808 2643 4875 venerit,
2672 4806 2761 4861 ubi
2782 4820 2968 4860 omnes
2993 4807 3082 4877 qui
3111 4807 3270 4863 modo
3294 4808 3346 4863 in
3373 4808 3599 4864 Domino

2009 4913 2228 4978 sperant
2255 4901 2542 4975 gaudeant,
2593 4909 2717 4954 tunc
2746 4897 2852 4952 illis
2881 4898 3058 4953 veniet
3085 4898 3200 4953 sine
3228 4899 3334 4955 fine
3361 4900 3595 4956 tristitia.

2010 4998 2233 5067 Quando
2281 4994 2584 5065 acceperint
2627 4989 2855 5047 humiles
2898 4990 3041 5062 quod
3079 4991 3303 5048 irrident
3343 4994 3597 5064 superbi,

2013 5100 2138 5144 tunc
2161 5087 2510 5157 superborum
2537 5084 2732 5156 typhus
2751 5091 3092 5138 convertetur
3119 5082 3173 5137 in
3193 5084 3417 5139 luctum.
3449 5085 3600 5141 Tune

2011 5183 2114 5240 erit
2137 5181 2224 5236 illa
2255 5195 2358 5235 vox
2383 5193 2539 5250 quam
2566 5178 2618 5231 in
2647 5176 2786 5231 libro
2815 5176 3101 5249 Sapientiae
3126 5178 3369 5232 novimus
3390 5196 3402 5232 :
3422 5178 3604 5234 dicent

2011 5275 2153 5330 enim
2185 5282 2310 5327 tunc
2332 5270 2573 5325 videntes
2599 5268 2822 5340 gloriam
2853 5279 3178 5336 sanctorum,
3226 5270 3316 5339 qui
3360 5283 3483 5324 cum
3515 5269 3602 5326 hic

2013 5365 2440 5428 humiliarentur,
2475 5361 2873 5428 toleraverunt;
2919 5361 3008 5431 qui
3051 5375 3169 5414 cum
3212 5360 3298 5415 hic
3344 5360 3606 5416 sublima-

2011 5468 2218 5522 rentur,
2247 5471 2352 5511 non
2379 5461 2714 5522 annuerant;
2749 5463 2872 5508 tunc
2913 5466 3040 5522 ergo
3061 5450 3134 5505 illi
3157 5449 3334 5506 dicent
3361 5469 3373 5504 :
3401 5450 3471 5506 Hi
3487 5460 3606 5506 sunt

692 5541 857 5588 oculis
879 5545 967 5584 “x
997 5541 1120 5582 “me
1148 5541 1312 5594 Ρθαθδ
1337 5541 1545 5576 “uel”
1574 5541 1678 5573 ⁸0⁸⁸⁸
1697 5541 1820 5621 ⁸⁸³⁸⁸,
1942 5556 1948 5569 ³
2013 5568 2139 5622 quos
2166 5547 2439 5620 aliquando
2470 5546 2735 5602 habuimus
2765 5547 2817 5599 in
2843 5545 3020 5599 risum.
3057 5541 3160 5598 Ubi
3189 5543 3349 5598 etiam
3378 5543 3604 5602 dicunt:

692 5623 809 5698 2δ’]
841 5621 922 5676 Ne
949 5615 1255 5674 Obliviscaﬁ‘
1283 5629 1451 5668 vocem
1481 5611 1502 5643 ³
1531 5611 1906 5681 deprecammm
1945 5637 1967 5663 ’⁸
2018 5644 2154 5698 Ouid
2199 5643 2342 5697 nobis
2387 5641 2579 5698 profuit
2621 5637 2895 5698 superbia?
2934 5646 2981 5691 et
3029 5636 3316 5690 divitiarum
3353 5637 3604 5698 iactantia

389 5631 478 5686 26.
512 5628 662 5704 Iaera.
692 5628 809 5698 25.]
841 5628 922 5676 Ne
949 5628 1255 5674 obliviscaris
1283 5629 1451 5668 vocem
1481 5628 1502 5643 ·
1531 5628 1906 5704 deprecantium
1945 5637 1967 5663 ~.

317 5733 386 5778 te.
419 5701 902 5793 ingemisceutium,
932 5721 987 5767 et
1011 5706 1434 5779 exspectantium
1461 5704 1570 5774 jam
1601 5701 1744 5774 quod
1773 5715 1902 5772 pro-

2018 5644 2154 5712 Quid
2199 5643 2342 5697 nobis
2387 5641 2579 5714 profuit
2621 5637 2895 5709 superbia?
2934 5646 2981 5691 et
3029 5636 3316 5690 divitiarum
3350 5637 3606 5708 jactantia

2013 5735 2138 5804 quid
2166 5733 2376 5789 contulit
2403 5731 2584 5788 nobis?
2607 5729 2936 5785 Transierunt
2958 5728 3126 5782 omnia
3158 5737 3397 5798 tanquam
3427 5727 3606 5783 umbra

2022 5847 2257 5984 ὧωςη
2281 5867 2514 5920 ascendit.
2539 5872 2594 5916 At
2615 5863 2832 5927 potiores
2850 5862 3224 5932 Mss.,ascmdat
3251 5875 3272 5917 :
3287 5871 3436 5917 Graec.
3475 5871 3603 5928 Lxx,

2147 5941 2238 5982 ate.

2147 5941 2238 5982 ω
