4076 6468
477 421 576 477 947

481 533 633 603 (Sap.
658 547 714 598 v,
746 533 795 593 5,
824 531 877 596 8,
901 530 978 601 9).
1002 529 1134 598 Quia
1162 529 1227 583 dc
1248 527 1677 598 corruptibilibus
1702 537 2047 595 praesumpse-

477 633 620 685 runt.
643 638 767 696 spes
787 637 970 677 eorum
995 630 1366 691 corrumpetur
1389 638 1403 685 ;
1433 628 1611 675 nostra
1636 633 1762 671 vero
1786 632 1910 687 spes
1932 627 2057 672 tunc

476 717 579 773 erit
599 730 705 771 res.
732 715 1023 771 Promissio
1047 714 1187 769 enim
1217 713 1309 767 Dei
1337 723 1394 767 ut
1419 720 1628 767 maneat
1658 712 1857 779 integra
1887 720 1941 765 et
1962 709 2055 765 ﬁr-

475 827 561 868 ma
591 820 645 867 et
685 817 831 866 certa
872 824 995 879 erga
1043 823 1162 873 nos,
1209 808 1438 862 diximus
1473 821 1539 861 ex
1568 805 1728 859 corde
1761 805 1775 835 ¹
1817 804 1956 869 ﬁdei,
1989 802 2057 856 In

475 902 649 969 ﬁnem,
677 917 740 957 ne
776 916 1091 971 corrumpas.
1127 897 1243 954 Noli
1275 913 1400 968 ergo
1428 897 1611 951 timere
1639 913 1705 951 ne
1751 894 2058 964 promissio-

376 992 386 1000 ’
477 1009 573 1050 ηεε
599 993 696 1049 Dei
738 1001 1045 1061 corrumpat
1072 991 1258 1061 aliquis
1286 974 1597 1060 potentium.
1641 989 1757 1058 Ipse
1797 1004 1901 1044 non
1931 1004 2053 1043 cor-

474 1085 695 1156 rumpit,
723 1084 843 1153 quia
874 1097 1034 1136 verax
1059 1090 1176 1143 est;
1208 1082 1556 1153 potentiorem
1589 1096 1692 1136 nou
1722 1080 1925 1135 habeta
1952 1095 2058 1150 quo

478 1176 592 1247 ejus
643 1176 926 1246 promissio
979 1184 1344 1255 corrumpatur
1377 1191 1390 1227 :
1422 1173 1552 1249 certi
1604 1188 1729 1242 ergo
1778 1174 1940 1227 simus
1992 1171 2058 1227 de

478 1242 757 1336 promissis
775 1267 865 1322 Dei
888 1284 904 1331 ;
934 1276 986 1320 et
1002 1242 1276 1321 cantemus
1287 1265 1393 1334 jam
1406 1306 1419 1329 ,
1437 1265 1574 1319 unde
1598 1266 1776 1333 incipit
1794 1265 2052 1318 Psalmus.

549 1357 605 1411 2.
652 1356 800 1429 [vers.
839 1356 918 1430 2.]
961 1355 1320 1425 Conﬁtebimur
1347 1357 1465 1421 tibi,
1502 1356 1666 1422 Deus,
1712 1357 2059 1425 confitebimur

484 1449 594 1516 tibi,
624 1458 669 1505 et
693 1450 1030 1505 invocabimus
1054 1467 1234 1506 nomen
1265 1461 1422 1505 tuum.
1484 1450 1599 1506 Noli
1624 1460 1903 1520 antequam
1934 1468 2061 1506 eun-

483 1540 688 1596 fitearis
716 1540 1002 1607 invocare;
1033 1541 1306 1609 conﬁtere,
1337 1550 1392 1596 et
1434 1542 1638 1597 invoca.
1690 1541 1837 1596 Illum
1867 1543 2060 1614 quippe

479 1614 636 1701 quem
668 1632 909 1698 invocas,
941 1631 991 1685 in
1024 1640 1076 1687 te
1103 1646 1278 1687 vocas.
1322 1631 1457 1700 Quid
1483 1640 1565 1688 est
1592 1632 1731 1687 enim
1764 1633 2008 1704 invocare
2041 1676 2056 1702 ,

480 1714 579 1779 nisi
609 1724 659 1780 in
694 1725 917 1795 teipsum
957 1727 1187 1781 vocare?
1216 1726 1272 1780 Si
1321 1726 1593 1781 invocatur
1616 1742 1646 1780 a
1689 1736 1758 1794 te,
1793 1728 1842 1781 id
1883 1738 1984 1795 est,
2014 1730 2059 1784 si

480 1822 697 1869 vocatur
724 1815 778 1891 in
825 1825 897 1883 te,
929 1816 996 1871 ad
1024 1831 1181 1886 quem
1230 1817 1472 1873 accedit?
1515 1818 1595 1879 Ad
1623 1820 1905 1891 superbum
1954 1836 2058 1876 non

481 1905 701 1960 accedit.
757 1906 910 1961 Certe
948 1906 1085 1961 altus
1134 1916 1252 1972 est;
1301 1922 1404 1962 non
1452 1925 1570 1963 eum
1614 1911 1823 1982 attingit
1869 1912 2057 1969 elatus.

485 1998 675 2053 Omnia
707 2000 948 2055 sublimia
979 2010 1033 2056 ut
1061 2002 1446 2074 contingamus,
1477 2004 1763 2061 attollimus
1783 2022 1914 2073 nos;
1947 2009 2061 2063 etsi

483 2091 742 2159 attingere
789 2107 891 2146 non
944 2107 1241 2161 possumus,
1296 2094 1715 2150 machinamenta
1760 2098 1934 2169 aliqua
1979 2100 2061 2155 vel

485 2182 657 2237 scalas
681 2185 987 2254 quaerimus,
1026 2196 1083 2239 ut
1126 2188 1389 2241 sublimati
1412 2189 1651 2242 sublimia
1678 2192 2058 2260 eontingamus:

482 2284 667 2328 contra
699 2276 875 2344 Deus;
906 2289 958 2331 et
990 2279 1128 2353 altus
1153 2289 1254 2346 est,
1286 2291 1339 2334 et
1381 2281 1449 2335 ab
1492 2282 1776 2337 humilibus
1802 2286 2058 2353 contingi-

484 2373 589 2419 tur.
622 2365 886 2444 Scriptum
919 2379 1018 2436 est,
1053 2367 1222 2438 Pmpe
1251 2380 1321 2424 est
1348 2369 1597 2426 Dominus
1622 2372 1700 2427 Itis
1731 2374 1819 2444 qui
1856 2374 2066 2429 obtrive-

483 2466 601 2509 runt
623 2473 712 2510 cor
735 2456 907 2527 (Psat.
933 2474 1124 2525 χχχιιι,
1148 2459 1234 2518 19)
1269 2477 1281 2514 :
1311 2461 1493 2515 tritura
1518 2462 1713 2521 cordis,
1745 2464 1932 2533 pietas,
1961 2463 2064 2539 hu-

486 2546 698 2601 militas.
739 2547 840 2616 Qui
894 2563 953 2603 se
1003 2550 1263 2615 conterit,
1312 2551 1553 2606 irascitur
1598 2553 1700 2609 sibi
1730 2572 1742 2608 :
1771 2569 1827 2610 se
1875 2554 2067 2612 habeat

485 2626 697 2705 iratum,
729 2649 786 2693 ut
831 2640 977 2694 illum
1012 2640 1202 2696 habeat
1253 2643 1571 2717 propitium;
1605 2661 1663 2699 se
1710 2644 1899 2701 habeat
1924 2649 2066 2717 judi-

484 2744 624 2797 cem,
648 2739 704 2785 ut
724 2730 871 2786 illum
895 2731 1085 2787 habeat
1110 2732 1463 2789 defensorem.
1482 2734 1907 2807 Ergoinvocatus
1928 2720 2065 2796 Deus

483 2820 647 2875 venit.
675 2820 756 2876 Ad
781 2837 938 2892 quem
968 2824 1151 2877 venit?
1183 2824 1259 2878 Ad
1284 2826 1567 2898 superbum
1598 2842 1703 2883 non
1730 2831 1894 2884 venit.
1928 2832 2063 2886 Audi

484 2911 625 2966 aliud
651 2912 1006 2967 testimonium
1039 2931 1051 2965 :
1084 2911 1323 2969 Excelsus
1359 2914 1621 2982 Dominus,
1668 2928 1712 2972 et
1738 2918 1949 2975 humilia
1982 2938 2065 2976 re-

484 3002 666 3073 spicit;
692 3003 884 3058 excelsa
914 3013 1081 3058 autem
1106 3023 1137 3058 a
1163 3005 1307 3078 longe
1336 3010 1587 3079 cognoscit
1627 3008 1797 3078 (Psal.
1830 3027 2059 3089 cxxxvu,

486 3092 564 3163 6).
597 3090 842 3149 Excelsus
863 3094 1128 3163 Dominus,
1149 3108 1195 3152 et
1226 3098 1434 3153 humilia
1457 3102 1675 3170 respicit,
1699 3119 1803 3157 non
1831 3119 1858 3157 a
1882 3104 2059 3183 longe;

486 3186 694 3242 excelsa
738 3195 912 3263 autem
938 3204 968 3242 a
1018 3189 1172 3259 longe
1217 3192 1507 3261 cognoscit.
1559 3193 1624 3246 Et
1652 3209 1717 3248 ne
1763 3195 1896 3250 forte
1943 3211 2062 3253 cum

487 3276 684 3357 dictum
710 3284 854 3334 esset
881 3280 1000 3350 quia
1028 3278 1247 3335 humilia
1280 3281 1516 3351 respicit,
1565 3285 1776 3354 superbi
1802 3285 1868 3341 de
1896 3270 2068 3357 impu-

487 3354 651 3437 nitate
673 3368 981 3439 gauderent,
1004 3371 1149 3447 quasi
1178 3386 1270 3426 eos
1295 3373 1661 3440 superbientes
1684 3389 1788 3430 non
1816 3354 2065 3447 agnoscat

488 3448 576 3530 qui
607 3461 657 3514 in
709 3460 934 3516 excelsis
972 3460 1213 3543 habitat;
1245 3463 1411 3527 territi
1466 3475 1590 3519 sunt
1630 3474 1685 3521 et
1729 3467 1927 3522 dictum
1985 3478 2067 3525 cst

488 3553 565 3609 cis
596 3571 610 3609 :
641 3553 797 3609 Videt
821 3569 932 3618 vos,
962 3562 1017 3611 et
1042 3556 1309 3626 cognoscit
1336 3571 1447 3620 vos,
1480 3556 1573 3612 sed
1599 3573 1627 3613 a
1654 3558 1828 3628 longe.
1860 3560 1965 3615 Hos
1989 3560 2068 3615 fa-

489 3630 562 3697 cit
603 3644 785 3700 beatos
825 3644 1016 3716 quibus
1057 3647 1373 3727 propinquat
1405 3665 1421 3704 :
1450 3662 1543 3704 vos
1582 3657 1780 3713 autem,
1814 3630 2005 3722 inquit,
2034 3668 2067 3707 o

491 3736 722 3805 superbi,
748 3751 782 3791 ο
801 3736 1017 3821 excelsi,
1044 3753 1147 3792 non
1169 3739 1316 3793 eritis
1338 3738 1601 3821 impuniti,
1627 3742 1747 3812 quia
1774 3744 2064 3814 cognoscit;

491 3841 594 3880 non
625 3827 771 3881 eritis
796 3816 955 3895 beati,
983 3820 1103 3899 quia
1151 3844 1178 3880 a
1208 3816 1364 3899 longe
1406 3816 1696 3902 cognoscit.
1731 3834 1916 3889 Videte
1941 3850 2068 3905 ergo

490 3918 613 3987 quid
637 3906 829 3989 agatis;
857 3921 976 3989 quia
998 3922 1040 3974 si
1064 3924 1322 3991 agnoscit,
1347 3939 1450 3977 nou
1470 3924 1710 3995 ignoscit.
1736 3925 1920 3982 Melius
1942 3943 2068 3998 ergo

492 4009 733 4079 ignoscit,
766 4024 921 4090 quam
968 4014 1224 4081 agnoscit.
1261 4013 1394 4082 Quid
1421 4024 1502 4071 est
1543 4017 1683 4072 enim
1715 4018 1885 4088 ipsum
1916 4019 2067 4090 igno-

492 4113 681 4191 scere,
733 4088 829 4189 nisi
882 4117 986 4187 non
1034 4106 1297 4187 noscere?
1345 4106 1479 4179 Quid
1526 4117 1608 4163 est
1656 4125 1758 4164 non
1805 4088 2068 4168 noscere?

488 4186 602 4244 Non
621 4186 1040 4281 animadvertere
1062 4210 1079 4251 :
1101 4210 1220 4249 nam
1239 4208 1291 4252 et
1308 4196 1621 4277 vindicantis
1636 4199 1769 4254 solet
1782 4200 1885 4256 dici
1901 4190 2073 4258 anim-

488 4280 750 4369 adversio.
810 4286 943 4340 Audi
994 4298 1232 4369 orantem
1280 4300 1335 4344 ut
1376 4291 1652 4360 ignoscat:
1689 4294 1863 4347 Averle
1890 4280 2070 4361 faciem

491 4360 635 4452 tuum
655 4360 689 4430 α’
712 4379 927 4447 peccatis
954 4379 1077 4434 meis
1096 4366 1276 4447 '(Psat.
1312 4397 1361 4443 ι,
1395 4382 1504 4450 ll).
1533 4381 1666 4448 Quid
1700 4383 1859 4452 igitur
1886 4360 2066 4449 facies,

489 4444 532 4521 si
563 4468 812 4523 averterit
837 4458 1020 4526 faciem
1044 4485 1191 4524 suam
1213 4485 1240 4524 a
1268 4471 1351 4527 te?
1379 4456 1652 4525 Molestum
1677 4483 1778 4540 est,
1803 4483 1855 4528 et
1877 4475 2067 4527 timen-

488 4555 612 4641 dum
632 4540 701 4627 ne]
720 4557 928 4643 deserat
951 4568 1022 4617 te.
1051 4560 1252 4643 Rursus
1278 4561 1321 4616 si
1351 4560 1535 4643 faciem
1558 4575 1661 4618 non
1676 4561 2073 4630 avertit,anim«

490 4632 747 4704 advertit:
787 4632 939 4706 Novit
970 4652 1070 4707 hoc
1100 4632 1271 4717 Deus,
1317 4642 1488 4722 potest
1518 4634 1616 4707 hoc
1641 4656 1795 4715 Deus,
1839 4666 1887 4709 et
1920 4672 2072 4710 aver-

493 4748 606 4792 tere
634 4730 819 4796 faciem
850 4758 878 4795 a
910 4754 1181 4815 peccante,
1214 4754 1265 4799 et
1306 4734 1409 4799 non
1440 4756 1680 4800 avertere
1704 4762 1732 4798 a
1762 4736 2066 4802 confitente.

495 4831 674 4913 Itaque
703 4834 824 4886 alibi
858 4836 903 4889 ei
946 4836 1138 4913 dicitur
1169 4854 1181 4889 :
1210 4836 1386 4892 Averte
1414 4838 1594 4909 faciem
1625 4820 1771 4891 tuam‘
1798 4857 1829 4891 a
1857 4843 2071 4911 peccatis

492 4910 651 4991 meis;
679 4934 731 5001 et
756 4926 878 4993 alibi
908 4928 953 4981 ci
985 4910 1177 4985 dicitur
1204 4947 1218 4983 :
1250 4926 1333 4987 Ne
1360 4940 1556 4985 avertas
1582 4930 1761 4999 faciem
1783 4940 1919 4984 (nam
1945 4949 1974 4983 α
1996 4949 2073 4985 me

493 5015 661 5085 (Ps-al.
694 5008 849 5084 xxw,
876 5018 952 5086 9).
983 5019 1077 5105 lbi,
1190 5022 1416 5101 peccatis
1444 5023 1575 5105 meis
1601 5032 1784 5077 averte
1812 5039 1825 5088 ;
1863 5024 1945 5077 hic
1972 5040 2071 5077 au—

493 5118 618 5170 tem,
655 5111 691 5162 A
724 5126 805 5163 me
835 5111 942 5164 noli
972 5121 1228 5166 avertere.
1258 5112 1524 5169 Conﬁtere
1549 5129 1695 5183 ergo,
1742 5124 1794 5169 et
1841 5115 2023 5169 invoca
2056 5135 2067 5168 :

492 5200 793 5257 confitendo
817 5203 956 5279 enim
987 5203 1209 5258 mundus
1235 5206 1485 5279 templum
1526 5223 1631 5276 quo
1657 5208 1832 5260 veniat
1862 5206 2073 5261 invoca-

496 5301 596 5345 tus.
628 5274 912 5359 Confitere;
962 5303 1015 5349 et
1054 5295 1256 5349 invoca.
1292 5278 1508 5349 Avertat
1548 5274 1737 5350 faciem
1782 5314 1811 5351 a
1840 5298 2070 5366 peccatis

492 5374 632 5450 tuis;
665 5400 765 5439 non
792 5395 996 5441 avertat
1021 5402 1049 5441 a
1083 5396 1132 5441 te
1165 5405 1179 5442 :
1208 5395 1413 5442 avertat
1438 5387 1619 5441 faciem
1651 5389 1717 5443 ab
1744 5404 1808 5443 eo
1836 5388 1973 5457 quod
2017 5396 2069 5442 tu

494 5475 700 5533 fecisti:
738 5491 841 5553 non
870 5485 1073 5531 avertat
1115 5477 1181 5532 ab
1221 5494 1285 5553 eo
1314 5476 1451 5548 quod
1486 5480 1596 5547 ipse
1628 5479 1765 5533 fecit.
1813 5477 1889 5533 Te
1928 5479 2067 5532 enim

498 5568 764 5621 hominem
798 5550 908 5637 ipse
958 5569 1118 5635 fecit;
1149 5550 1360 5639 peccata
1416 5579 1498 5622 tua
1528 5572 1636 5640 ipse
1670 5570 1855 5625 fecisti.
1886 5570 2066 5647 Confi—

497 5669 605 5711 ιρι-ε
653 5674 798 5729 ergo,
840 5670 893 5713 ει
924 5652 1105 5717 invoca
1132 5680 1146 5727 ;
1176 5663 1260 5717 dic
1289 5681 1301 5717 :
1334 5660 1689 5732 Conﬁtebimur
1729 5664 1842 5730 tibi,
1889 5663 2020 5719 Deus
2051 5679 2070 5718 :

498 5751 840 5816 emt/itebimur
871 5751 956 5805 tibi
965 5793 976 5805 .

563 5865 574 5891 ‘
604 5874 805 5916 fjltnill“i'
833 5874 918 5911 "ss
945 5906 955 5923 ,
984 5881 1077 5913 ξιτ-(ν.

1671 413 1725 467 S.
1767 403 2128 464 AUGUSTIM
2170 405 2465 465 EPIBCOPI

3631 414 3733 469 908

2158 520 2163 523 ’
2232 523 2264 576 3
2315 519 2427 591 Ipsa
2455 523 2721 591 repetitio,
2751 523 3083 580 confirmatio
3111 534 3211 589 cst,
3244 542 3312 581 ne,
3338 536 3388 583 te
3431 525 3733 584 confessum

2162 628 2279 667 esse
2305 614 2575 683 pmoiteat.
2622 600 2737 668 Non
2763 614 2903 668 enim
2932 614 3083 669 alicui
3113 615 3310 671 crudeli
3340 617 3625 673 confessus
3654 634 3733 685 es;

2163 720 2266 758 non
2297 705 2472 770 ultori,
2507 719 2611 759 non
2641 704 2941 761 insultatori
2971 723 2985 760 :
3014 707 3268 763 confitere
3312 723 3551 765 securus.
3600 711 3737 765 Audi

2163 798 2317 851 aliam
2364 813 2546 853 vocem
2589 800 2773 869 psalmi
2812 799 3181 855 adhortantem
3215 801 3578 873 :Con/itemini
3627 804 3739 859 Do-

2162 890 2316 953 mino,
2348 892 2585 961 quoniam
2612 892 2768 945 bonus
2788 899 2863 946 est
2890 889 3061 963 (Psat.
3091 906 3178 959 cv,
3206 893 3259 959 1,
3285 902 3334 947 et
3352 908 3462 961 cvi,
3488 895 3567 966 1).
3597 894 3736 965 Quid

2162 990 2263 1046 est,
2291 984 2525 1052 quoniam
2558 982 2716 1038 bonus
2743 983 2855 1039 est?
2886 982 3022 1053 Quid
3049 983 3246 1062 timetis
3263 984 3546 1043 conﬁteri?
3566 987 3737 1043 bonus

2163 1085 2241 1130 est
2267 1092 2283 1142 ;
2311 1076 2534 1146 ignoscit
2561 1068 2859 1132 confitenti.
2884 1076 3034 1132 Time
3056 1076 3296 1133 conﬁteri
3318 1078 3480 1150 iudici
3512 1080 3738 1149 homini,

2172 1183 2237 1221 ne
2282 1167 2417 1224 forte
2444 1168 2745 1224 confessum
2776 1168 2994 1238 puniat;
3023 1169 3133 1223 Deo
3161 1169 3268 1224 noli
3299 1187 3312 1223 :
3340 1170 3422 1226 fac
3438 1170 3741 1228 conﬁtendo

2165 1261 2470 1332 propitium,
2494 1262 2651 1332 quem
2678 1260 2917 1331 negando
2945 1276 3052 1316 non
3081 1260 3210 1316 facis
3238 1262 3497 1318 nescium.
3517 1262 3739 1332 Conﬁte-

2164 1352 2327 1405 bimur
2352 1352 2460 1418 tibi,
2487 1351 2661 1417 Deus;
2687 1350 3053 1422 conﬁtebimur,
3082 1362 3130 1407 et
3154 1354 3328 1408 securi
3349 1353 3460 1424 jam
3486 1354 3741 1409 invocabi-

2164 1459 2274 1498 mus
2294 1460 2474 1499 nomen
2501 1453 2663 1502 tuum.
2685 1443 3035 1499 Exhausimus
3054 1444 3211 1499 corda
3238 1452 3416 1500 nostra
3444 1447 3740 1501 confessio-

2164 1552 2270 1603 ne;
2302 1536 2555 1603 terruisti,
2586 1534 2873 1590 mundasti.
2902 1534 3180 1591 Confessio
3205 1551 3301 1591 nos
3327 1536 3557 1592 humiles
3579 1536 3702 1594 facit
3722 1578 3738 1604 ,

2166 1630 2454 1699 prapinqua
2486 1628 2792 1695 humilibus,
2822 1629 2909 1698 qui
2936 1628 3144 1684 recedis
3168 1627 3235 1682 ab
3260 1629 3508 1684 excelsis.
3541 1628 3744 1684 Firma-

2166 1722 2403 1769 mentum
2428 1720 2603 1768 autem
2645 1727 2763 1768 esse
2808 1712 3085 1768 sententias
3112 1712 3164 1766 in
3200 1713 3538 1783 repetitione,
3566 1714 3743 1771 multis

2165 1805 2554 1877 Scripturarum
2598 1807 2728 1863 locis
2755 1807 3027 1861 docemur.
3058 1805 3182 1861 Inde
3205 1805 3458 1877 estquod
3487 1807 3744 1863 Dominus

2165 1902 2257 1968 ait,
2286 1901 2444 1955 Amen
2472 1916 2616 1954 amen
2644 1898 2821 1971 (Joan.
2849 1914 2887 1965 ι,
2916 1897 3028 1970 51).
3077 1896 3201 1953 Inde
3229 1897 3281 1952 in
3306 1897 3575 1967 aliquibus
3606 1899 3746 1968 psal-

2168 1992 2288 2057 mis,
2320 1989 2459 2056 Fiat,
2493 1990 2582 2058 ﬁat
2619 1988 2791 2057 (Psat.
2824 2003 2977 2055 Lxxt,
3008 1987 3097 2053 i9,
3142 1996 3191 2042 et
3228 2003 3480 2054 Lxxxvm,
3509 1987 3602 2059 55)
3634 2006 3647 2041 :
3678 1988 3743 2044 ad

2167 2083 2605 2153 significationem
2632 2082 2707 2136 rei
2735 2079 3004 2135 sufﬁceret
3044 2093 3205 2133 unum
3236 2079 3327 2147 ﬁat
3348 2096 3365 2142 ;
3389 2078 3455 2133 ad
3481 2078 3745 2149 signiﬁca-

2169 2174 2364 2229 tionem
2415 2173 2678 2227 firmitatis
2722 2170 2945 2226 accessit
2984 2169 3208 2225 alterum
3235 2169 3345 2238 ﬁat.
3392 2167 3502 2227 Rex
3532 2168 3743 2241 {Egypti

2168 2264 2396 2331 Pharao,
2425 2264 2591 2318 nostis
2609 2262 2750 2333 quod
2776 2277 2894 2316 cum
2918 2261 2987 2317 ibi
3013 2261 3119 2330 jam
3143 2267 3287 2317 esset
3305 2259 3496 2330 Ioseph
3525 2272 3744 2333 propter

2169 2355 2433 2427 pudicitiae
2460 2369 2696 2411 amorem
2722 2354 2954 2411 inclusus
2978 2353 3028 2411 iu
3060 2367 3293 2419 carcere,
3322 2352 3444 2411 vidit
3467 2352 3733 2424 somnium

2170 2447 2310 2505 idem
2337 2447 2542 2502 Pharao
2570 2453 2755 2501 notum
2779 2446 3026 2501 omnibus
3050 2446 3202 2500 nobis
3225 2461 3238 2500 :
3261 2460 3291 2499 a
3319 2452 3515 2515 septem
3542 2445 3740 2517 macris

2169 2549 2508 2608 consumptas
2535 2554 2654 2596 esse
2682 2548 2884 2610 septem
2926 2538 3086 2597 boves
3116 2537 3337 2608 pingues
3361 2555 3375 2603 ;
3402 2546 3454 2595 et
3480 2550 3688 2607 rursus,
3713 2552 3744 2592 a

2171 2642 2373 2701 septem
2398 2633 2561 2701 spicis
2579 2632 2805 2688 exilibus
2830 2640 3173 2700 consumptas
3194 2644 3313 2687 esse
3337 2641 3541 2700 septem
3569 2630 3745 2687 fecun-

2170 2726 2284 2781 das.
2314 2727 2379 2779 Et
2405 2724 2529 2795 quid
2555 2733 2637 2781 est
2662 2726 3035 2793 interpretatus
3055 2721 3297 2792 Joscph?
3325 2720 3381 2793 Si
3407 2722 3744 2788 meministis,

2171 2834 2279 2874 non
2320 2817 2427 2873 duo
2469 2825 2591 2871 sunt
2631 2821 2733 2872 ista
2763 2815 2989 2879 somnia,
3034 2813 3130 2870 sed
3157 2813 3328 2885 visum
3358 2828 3545 2868 unum.
3581 2831 3602 2865 ι
3635 2811 3748 2871 Una

2169 2919 2271 2976 est,
2308 2927 2327 2963 ι
2357 2910 2542 2979 inquit,
2581 2925 2603 2960 ι
2630 2907 2994 2977 interpretatio
3021 2919 3205 2975 eorum
3392 2903 3533 2974 quod
3563 2917 3750 2959 rursus

2172 3002 2368 3067 vidisti,
2401 3022 2419 3054 ι
2446 3001 2569 3065 ait,c
2603 2999 2667 3054 ad
2688 2997 3153 3054 conﬁrmationem
3172 2994 3316 3051 valet
3342 3013 3363 3049 ι
3388 2994 3540 3067 (Gen.
3574 2995 3750 3063 n.1,!-

2172 3093 2284 3167 52).
2311 3094 2435 3149 ilzec
2445 3092 2551 3146 dixi
2575 3100 2750 3146 utnon
2768 3089 2962 3159 putetis
2975 3087 3343 3159 repetitionem
3362 3086 3415 3145 in
3436 3086 3617 3144 verbis
3634 3102 3751 3142 san-

2171 3195 2270 3241 ctae
2292 3185 2503 3254 linguae,
2523 3181 2671 3252 quasi
2693 3179 3024 3251 loquacitatis
3038 3193 3159 3234 esse
3176 3179 3490 3249 appetitum.
3512 3177 3668 3248 Saepe
3684 3177 3751 3235 ibi

2172 3276 2413 3348 repetitio
2437 3272 2753 3341 ﬁrmamenti
2775 3271 2932 3327 habet
2961 3270 3084 3325 vim.
3117 3288 3138 3323 ι
3165 3268 3412 3324 Paratum
3433 3284 3529 3325 cor
3550 3285 3748 3335 meum,

2175 3372 2330 3435 Deus,
2369 3389 2387 3422 ι
2422 3368 2628 3439 inquit;
2679 3384 2698 3418 ι
2747 3373 2986 3436 paratum
3032 3377 3128 3418 cor
3153 3376 3330 3418 meum
3366 3381 3385 3414 ι
3422 3359 3594 3433 (Psai.
3627 3377 3711 3418 ινι
3735 3403 3750 3428 ,

2172 3464 2250 3535 8).
2274 3462 2392 3517 Alio
2408 3460 2526 3515 loco
2548 3457 2713 3527 dicit:
2746 3474 2767 3509 ‹
2800 3454 3013 3512 Sustine
3039 3454 3338 3520 Dominum,
3361 3452 3590 3509 viriliter
3614 3467 3749 3537 age;

2172 3564 2228 3611 et
2253 3552 2580 3610 confortatur
2606 3564 2699 3607 cor
2728 3556 2895 3611 tuum,
2922 3556 2976 3602 et
3004 3545 3205 3601 sustine
3227 3544 3505 3599 Dominum
3532 3563 3552 3597 ι
3584 3542 3749 3615 (Psai.

2175 3662 2320 3714 xxvi,
2341 3642 2452 3716 14).
2481 3639 2882 3699 Innumerabilia
2909 3638 3030 3693 talia
3054 3644 3177 3691 sunt
3198 3650 3289 3705 per
3308 3624 3495 3691 omnes
3515 3634 3754 3705 Scriptu-

2173 3755 2281 3795 ras.
2335 3736 2424 3791 His
2470 3733 2664 3791 sufﬁcit
2709 3728 3113 3795 commendasse
3165 3741 3263 3782 nos
3309 3727 3457 3781 vobis
3502 3726 3753 3801 loquendi

2174 3846 2361 3902 genus,
2387 3827 2529 3899 quod
2555 3824 2848 3883 observetis
2887 3823 2937 3875 in
2967 3820 3212 3876 omnibus
3243 3819 3503 3901 similibus
3538 3837 3552 3873 :
3595 3819 3752 3874 modo

2174 3924 2241 3979 ad
2271 3938 2380 3979 rem
2404 3919 2681 3980 advertite.
2712 3914 3068 3985 Conﬁtebimur
3105 3912 3212 3977 tibi,
3259 3911 3445 3983 inquit,
3471 3921 3520 3966 et
3550 3911 3753 3966 invoca-

2175 4017 2352 4071 bimus.
2373 4012 2490 4069 Dixi
2517 4024 2682 4080 quare
2706 4016 2828 4065 ante
2854 4005 3238 4083 invocationem
3268 4002 3521 4074 praecedit
3541 4002 3754 4057 confes-

2175 4109 2255 4163 sio
2288 4125 2301 4162 :
2329 4106 2449 4176 quia
2478 4116 2633 4173 quem
2665 4101 2913 4165 invocas,
2964 4080 3172 4183 invitas.
3207 4095 3400 4150 Venire
3428 4105 3607 4150 autem
3646 4111 3753 4151 non

2178 4198 2288 4253 vult
2332 4198 2623 4256 invocatus,
2654 4191 2701 4249 si
2744 4199 2797 4244 tu
2827 4188 2988 4243 fueris
3016 4187 3188 4271 elatus
3230 4204 3242 4240 :
3271 4186 3442 4241 elatus
3468 4187 3512 4241 si
3552 4186 3712 4242 fueris
3736 4229 3751 4254 ,

2175 4291 2415 4347 conﬁteri
2444 4306 2548 4345 nou
2578 4288 2816 4360 poteris;
2865 4298 2963 4339 nec
2993 4297 3055 4338 ea
3084 4295 3246 4355 negas
3282 4281 3390 4336 Deo
3414 4295 3535 4350 quae
3561 4282 3751 4337 nescit.

2176 4384 2357 4455 Itaque
2391 4380 2655 4437 confessio
2700 4385 2788 4432 tua
2834 4389 2940 4430 non
2982 4372 3131 4429 illum
3161 4371 3336 4439 docet,
3376 4370 3471 4426 sed
3515 4380 3570 4426 te
3600 4388 3754 4426 mun-

2175 4478 2284 4532 dat.

2246 4572 2301 4625 4.
2340 4568 2409 4623 Et
2431 4567 2538 4635 jam
2578 4561 2856 4621 confessus
2899 4569 3002 4626 est,
3044 4558 3305 4615 invocavit
3335 4574 3351 4612 :
3380 4570 3490 4611 uno
3522 4555 3755 4611 confessi

2177 4670 2317 4719 sunt.
2378 4661 2784 4719 invocaverunt;
2835 4661 2888 4708 ει
2940 4651 3132 4707 dicitur
3172 4663 3234 4703 ex
3281 4662 3511 4725 persona
3560 4646 3754 4713 unius,

2179 4753 2441 4808 Enarrabo
2466 4750 2633 4804 omnia
2652 4732 2899 4802 mirabilia
2925 4754 3032 4799 tua.
3073 4742 3356 4797 Confessus
3382 4741 3677 4819 erinanivit
3702 4753 3758 4795 se

2180 4846 2347 4906 malis,
2378 4846 2630 4897 invocans
2654 4837 2893 4907 implevit
2917 4851 2975 4890 se
2998 4834 3169 4898 bouis,
3204 4846 3460 4914 enarratis
3496 4831 3757 4914 eructavit

2179 4951 2282 5007 quo
2302 4950 2360 4990 se
2387 4932 2643 5003 implevit.
2675 4930 2740 4986 Et
2761 4928 2954 4993 videte,
2988 4925 3210 4988 fratres;
3238 4938 3357 4977 cum
3376 4912 3760 4977 co'ttﬁterentur

2179 5028 2326 5081 multi
2353 5035 2499 5081 erant
2532 5043 2543 5077 :
2578 5020 2934 5090 Conﬁtebimur
2957 5018 3066 5083 tibi,
3090 5016 3258 5083 Deus;
3279 5014 3630 5093 conﬁtebimur
3652 5015 3757 5078 tibi,

2178 5134 2222 5175 et
2250 5119 2584 5174 invocabimus
2619 5130 2800 5169 nomen
2834 5124 2992 5166 tuum.
3043 5109 3196 5164 Multa
3242 5108 3385 5162 enim
3431 5116 3557 5162 sunt
3599 5106 3757 5162 Corda

2178 5212 2561 5272 confitentium,
2592 5222 2749 5262 unum
2797 5202 3147 5260 credentium.
3201 5200 3379 5279 Quare
3421 5200 3587 5271 multa
3639 5208 3759 5253 sunt

2177 5304 2334 5359 corda
2362 5300 2748 5364 conﬁtentium,
2780 5311 2941 5351 unum
2973 5289 3342 5350 credentium?
3376 5290 3589 5343 Diversa
3615 5288 3757 5343 enim

2178 5406 2393 5469 peccata
2430 5394 2675 5451 homines
2711 5389 3067 5449 conﬁtentur;
3116 5399 3272 5439 uuam
3316 5382 3471 5443 fidem
3510 5380 3757 5438 credunt.

2176 5492 2292 5547 Jam
2318 5504 2444 5559 ergo
2472 5502 2592 5542 cum
2623 5484 2847 5554 cmperit
2880 5479 3124 5537 Christus
3154 5478 3389 5551 habitare
3419 5475 3472 5530 in
3503 5474 3761 5528 interiore

2179 5581 2393 5637 homine
2424 5594 2518 5649 per
2555 5577 2714 5632 fidem
2750 5573 2965 5648 (Ephes.
2995 5587 3075 5637 tu,
3104 5570 3217 5642 i7),
3246 5565 3575 5639 cmperitque
3606 5565 3761 5619 invo-

2175 5684 2325 5729 catus
2356 5671 2627 5740 possidere
2655 5666 2956 5724 confessum
2982 5680 2998 5727 ;
3028 5662 3085 5716 ﬁt
3113 5669 3253 5716 totus
3279 5659 3543 5724 Christus,
3576 5666 3758 5726 caput,

2177 5777 2228 5821 et
2251 5779 2464 5835 corpus,
2493 5772 2548 5817 et
2571 5776 2637 5835 ex
2666 5758 2848 5816 multis
2870 5770 3026 5811 unus.
3059 5751 3248 5808 Audite
3274 5751 3383 5821 jam
3413 5748 3570 5804 verba
3602 5744 3761 5801 Chri-

2184 5859 2269 5910 sti.
2300 5834 2425 5909 Nam
2455 5855 2601 5926 quasi
2626 5834 2736 5906 non
2760 5847 2874 5919 eius
2908 5846 3067 5903 verba
3110 5843 3455 5907 videbantur,
3487 5837 3761 5897 Conﬁtebi-
