4076 6468
306 454 309 455 ν
320 410 421 468 949

321 551 428 590 mur
452 532 562 602 tibi,
611 532 777 599 Deus;
811 530 1157 601 conﬁtebimur
1194 529 1303 599 tibi,
1342 538 1387 584 et
1420 528 1757 583 inuocabimus
1795 539 1887 580 no-

320 644 434 683 men
459 637 619 682 tuum.
641 625 757 682 Jam
782 624 960 696 incipit
989 640 1052 680 ex
1081 624 1303 694 persona
1330 623 1516 693 capitis
1541 636 1737 677 sermo.
1768 618 1888 676 Sive

321 728 493 774 autem
519 725 678 787 caput
701 717 962 787 loquatur,
984 716 1095 771 sive
1126 715 1362 770 membra
1391 716 1695 784 loquantur,
1724 706 1887 767 Chri-

320 821 433 867 stus
459 810 691 879 loquitur
713 824 725 862 :
759 808 991 879 loquitur
1005 822 1068 861 ex
1098 820 1319 877 persona
1340 804 1546 877 capitis,
1571 804 1802 874 loquitur
1820 818 1885 858 ex

320 915 542 974 perscna
564 900 820 972 corporis.
852 899 956 955 Sed
977 899 1102 970 quid
1129 899 1325 954 dictum
1350 899 1468 954 est?
1494 895 1657 951 Erunt
1698 897 1799 950 duo
1834 894 1886 949 in

318 1012 467 1051 carne
485 986 606 1049 una.
643 993 1024 1050 Sacramentum
1052 994 1145 1047 hoc
1167 1009 1405 1064 magnum
1430 1000 1532 1055 est;
1557 1007 1667 1061 ego,
1694 989 1883 1059 inquit,

316 1089 449 1153 dico,
472 1087 523 1140 in
555 1086 751 1140 Christo
773 1086 891 1140 etin
919 1084 1142 1139 Ecclesia
1171 1081 1321 1157 (Gen.
1353 1082 1514 1148 11,24,
1546 1091 1591 1135 et
1608 1079 1797 1152 Ephes.
1829 1097 1881 1149 v,

314 1180 400 1241 5|,
426 1176 533 1249 3‘2).
570 1178 631 1230 Et
666 1177 777 1246 ipse
806 1177 857 1232 in
887 1175 1168 1245 Evangelia
1197 1191 1210 1227 :
1242 1172 1409 1245 Igitur
1437 1175 1547 1243 jam
1594 1190 1695 1227 non
1743 1173 1842 1226 duo
1865 1214 1879 1239 ,

312 1272 399 1325 sed
415 1286 515 1325 una
541 1282 658 1325 caro
698 1270 909 1341 (Matth.
948 1286 1055 1335 χιι,
1095 1268 1173 1338 6).
1218 1268 1349 1323 Nam
1395 1276 1452 1323 ut
1491 1266 1745 1322 noveritis
1788 1265 1883 1321 has

270 1356 271 1361 “
309 1363 441 1418 duas
466 1361 855 1432 quodammodo
894 1376 1011 1416 esse
1055 1375 1329 1431 personas,
1385 1367 1440 1415 et
1490 1372 1675 1414 rursus
1726 1374 1880 1414 unam

310 1453 647 1522 capulatione
684 1452 935 1522 conjugii,
987 1437 1232 1521 tanquam
1294 1465 1426 1504 unus
1478 1448 1708 1519 loquitur
1746 1449 1881 1517 apud

309 1545 519 1612 Isaiam,
554 1543 755 1598 etdicit
785 1561 797 1596 :
832 1543 977 1599 Sicut
1002 1559 1187 1613 sponso
1228 1542 1456 1613 alligauit
1485 1541 1609 1595 mihi
1652 1541 1879 1606 mitram,

307 1646 352 1691 et
374 1638 502 1692 sicut
540 1652 778 1707 sponsam
802 1636 966 1690 induit
1002 1653 1079 1691 me
1111 1644 1404 1690 ornamento
1445 1633 1592 1706 (lsai.
1625 1651 1731 1699 ut,
1769 1633 1877 1704 ID).

304 1727 570 1797 Sponsum
597 1743 657 1785 se
685 1729 816 1784 dixit
858 1742 923 1784 ex
968 1731 1157 1798 capite,
1211 1742 1458 1798 sponsam
1515 1743 1578 1782 ex
1636 1741 1877 1798 corpore.

304 1823 560 1893 Loquitur
586 1836 712 1893 ergo
760 1838 929 1887 unus;
980 1821 1254 1876 audiamus
1282 1837 1422 1884 eum,
1475 1831 1529 1875 et
1573 1822 1623 1875 in
1673 1836 1736 1875 eo
1785 1834 1882 1876 nos

304 1928 517 1984 quoque
548 1914 823 1983 loquamur
854 1930 866 1965 :
906 1914 1073 1966 simus
1103 1913 1337 1967 membra
1367 1912 1481 1982 ejus
1501 1954 1514 1976 ,
1544 1921 1599 1965 ut
1639 1910 1753 1966 haec
1781 1926 1877 1966 vox

303 2016 351 2059 et
381 2013 564 2059 nostra
588 2014 709 2059 esse
734 2004 917 2073 possit.
950 2002 1232 2070 Enarrabo,
1260 2003 1447 2072 inquit,
1478 2003 1646 2057 omnia
1678 2002 1880 2056 mirabi-

218 2140 225 2145 .
302 2096 372 2150 lia
398 2106 507 2150 tua.
537 2096 875 2165 Evangelizat
901 2094 1144 2150 Christus
1172 2095 1403 2163 seipsum
1426 2137 1439 2161 ,
1469 2094 1793 2165 evangelizat
1822 2110 1879 2150 se

292 2188 461 2242 etiam
493 2188 543 2241 iu
566 2188 821 2242 membris
853 2188 964 2241 suis
982 2186 1091 2257 jam
1132 2186 1500 2250 existentibus,
1549 2193 1609 2238 ut
1657 2194 1707 2238 et
1748 2185 1880 2239 alios

300 2280 552 2347 adducat,
580 2288 636 2335 et
684 2280 937 2335 accedant
973 2280 1060 2349 qui
1106 2294 1208 2333 non
1258 2288 1428 2342 erant,
1471 2286 1524 2331 et
1568 2276 1881 2345 copulentur

301 2375 557 2430 membris
582 2374 714 2444 ejus,
745 2388 841 2443 per
865 2389 983 2445 quae
1011 2372 1245 2428 membra
1275 2372 1390 2443 ejus
1429 2369 1768 2441 przedieatum
1798 2380 1881 2425 est

300 2468 642 2539 Evangelium
670 2484 683 2532 ;
714 2476 766 2523 et
788 2467 878 2522 ﬁat
898 2483 1059 2523 unum
1091 2482 1281 2536 corpus
1308 2467 1405 2521 sub
1438 2482 1543 2520 uno
1580 2464 1781 2535 capite,
1824 2465 1877 2517 in

299 2574 404 2616 uno
431 2562 639 2631 Spiritu,
670 2561 720 2615 in
746 2576 847 2616 una
871 2562 997 2615 vita.

369 2654 426 2707 5.
471 2651 616 2725 [νινε.
652 2651 731 2726 5.]
775 2651 839 2707 Et
885 2653 1008 2723 quid
1051 2652 1160 2707 ait?
1201 2650 1326 2705 Cum
1377 2667 1635 2720 accepero,
1690 2652 1875 2721 inquit,

297 2752 495 2815 tempus
520 2756 609 2816 ego
619 2743 1106 2815 justitiasjudicabo.
1124 2743 1877 2812 Quandojudicahitjustitias?

295 2835 431 2889 Cum
451 2836 717 2903 acceperit
745 2844 969 2904 tempus.
1017 2834 1257 2889 Nondum
1301 2843 1381 2888 est
1423 2835 1593 2904 ipsum
1645 2845 1869 2905 tempus.

296 2925 512 2982 Gratias
532 2927 912 2981 misericordia:
940 2928 1053 2997 ejus
1085 2945 1095 2978 :
1127 2927 1272 2996 prius
1291 2926 1879 2996 prmdicatjustitias,et

296 3019 376 3072 sic
401 3016 606 3087 judicat
629 3017 856 3086 justitias
881 3019 920 3072 ί.
943 3017 1073 3071 Nam
1094 3019 1138 3072 si
1160 3026 1281 3071 ante
1298 3017 1455 3071 vellet
1465 3017 1702 3086 judicare
1718 3033 1874 3088 quam

297 3111 613 3181 praedicare,
643 3113 760 3182 quis
789 3112 1113 3165 inveniretur
1158 3111 1494 3165 liberandus?
1542 3113 1660 3181 quis
1702 3112 1878 3166 absol-

295 3203 505 3259 vendus
531 3204 878 3258 occurreret?
915 3201 1069 3257 Modo
1094 3217 1220 3272 ergo
1250 3202 1633 3272 prtedicationis
1671 3211 1878 3272 tempus

295 3306 419 3352 est:
450 3294 706 3359 Narrabo,
737 3296 935 3366 inquit,
965 3297 1131 3350 omnia
1157 3295 1410 3349 mirabilia
1438 3305 1544 3349 tua.
1581 3297 1713 3349 Audi
1753 3309 1876 3350 nar-

294 3396 527 3450 rantem,
575 3386 695 3442 audi
738 3387 1149 3456 praedicantem;
1203 3402 1322 3441 nam
1375 3388 1418 3440 si
1473 3388 1874 3456 contempseris,

292 3479 428 3536 Cum
454 3496 693 3551 accepero
724 3489 936 3548 tempus,
985 3478 1170 3548 inquit,
1227 3493 1317 3548 ego
1344 3478 1572 3549 justitias
1614 3476 1874 3546 judicabo.

294 3571 479 3636 Dono,
517 3571 707 3641 inquit,
747 3585 888 3624 nunc
926 3582 1138 3639 peccata
1173 3570 1469 3633 confitenti;
1512 3584 1615 3622 non
1666 3583 1877 3638 parcam

292 3673 481 3732 postea
510 3663 889 3717 contemnenti.
921 3661 1320 3715 Misericordiam
1343 3671 1389 3714 et
1418 3662 1673 3731 judicium
1698 3670 1876 3714 canta-

290 3757 351 3811 bo
370 3755 707 3822 tibi,Domiae
729 3752 894 3825 (Psal.
908 3769 960 3820 c,
980 3753 1250 3823 l),dieitur
1276 3754 1327 3808 in
1348 3753 1567 3823 psalmo.
1590 3752 1877 3806 Misericor-

290 3850 435 3903 diam
455 3856 502 3902 et
507 3848 757 3919 judicium
776 3862 797 3901 :
814 3846 971 3901 modo
986 3846 1582 3916 misericordiam,postea
1593 3846 1878 3916 judicium;

290 3941 341 3994 in
359 3955 469 4011 qua
482 3938 841 3994 misericordia
855 3948 1067 4007 peccata
1085 3938 1423 4003 donantur,in
1440 3954 1545 4009 quo
1552 3938 1753 4008 judicio
1766 3951 1882 4008 pec.

290 4041 409 4087 cata
428 4029 836 4100 puniuntur.Vis
851 4045 954 4084 non
986 4032 1173 4085 ttinere
1193 4039 1531 4099 peccatorum
1547 4028 1878 4100 punitorem?

294 4127 431 4179 Ama
460 4123 771 4178 donatorem
798 4139 812 4188 ;
843 4122 946 4177 noli
976 4137 1247 4191 respuere,
1268 4123 1372 4176 noli
1392 4132 1442 4176 te
1464 4123 1739 4187 extollere,
1766 4123 1872 4179 noli

292 4216 496 4281 dicere,
522 4214 642 4269 Non
671 4214 843 4269 habeo
870 4213 1008 4283 quod
1034 4213 1162 4267 mihi
1192 4212 1389 4277 donet;
1420 4213 1541 4267 audi
1570 4215 1711 4267 enim
1736 4213 1876 4281 quod

293 4307 537 4380 sequitur
565 4325 577 4360 :
607 4306 733 4362 Cum
752 4322 988 4375 accepero
1010 4315 1222 4374 tempus,
1248 4320 1339 4375 ego
1361 4304 1586 4375 justitias
1613 4303 1873 4373 judicabo.

296 4402 518 4471 Accepit
541 4409 748 4471 tempus
768 4397 1057 4455 Christus?
1086 4399 1287 4467 accepit
1311 4408 1515 4466 tempus
1547 4396 1709 4450 Filius
1745 4396 1878 4449 Dei?

296 4494 466 4550 Filius
497 4493 589 4549 Dei
615 4508 721 4549 non
768 4491 971 4562 accepit
1018 4501 1258 4559 tempus;
1307 4493 1400 4544 sed
1440 4489 1605 4544 Filius
1650 4489 1878 4543 hominis

296 4586 507 4655 accepit
535 4594 760 4655 tempus.
785 4583 927 4639 Idem
973 4585 1082 4652 ipse
1116 4591 1291 4638 autem
1334 4591 1388 4636 et
1432 4581 1595 4636 Filius
1651 4580 1739 4635 Dei
1785 4596 1878 4649 per

296 4693 458 4750 quem
485 4677 605 4735 lacti
631 4692 835 4742 sumus,
868 4685 918 4729 et
948 4675 1113 4731 Filius
1144 4674 1375 4729 hominis
1416 4684 1506 4743 per
1532 4687 1690 4742 quem
1734 4672 1877 4727 refe-

298 4772 371 4826 cti
398 4785 601 4826 sumus.
631 4768 856 4824 Homine
897 4776 1191 4836 assumpto,
1239 4766 1350 4835 ipse
1392 4780 1495 4821 non
1543 4774 1873 4833 assumptus;

298 4861 518 4917 homine
546 4869 746 4917 mutato
775 4860 826 4914 in
859 4859 1067 4923 melius,
1097 4858 1244 4912 nullo
1267 4857 1554 4924 modoipse
1576 4857 1627 4909 in
1647 4856 1877 4913 deterius

298 4959 677 5015 commutatus,
710 4965 812 5005 non
838 4948 1043 5004 destitit
1071 4962 1191 5003 esse
1219 4946 1358 5016 quod
1389 4956 1521 5007 erat,
1552 4946 1644 5000 sed
1674 4947 1877 5013 accepit

300 5044 444 5115 quod
472 5058 577 5101 non
604 5049 735 5097 erat.
788 5040 923 5108 Quid
967 5036 1259 5095 erat?Cum
1298 5038 1351 5092 in
1389 5038 1553 5102 [arma
1593 5036 1681 5089 Dei
1728 5044 1875 5102 esset,

302 5156 401 5192 non
422 5138 654 5209 rapinam
681 5134 951 5195 arbitratus
977 5144 1049 5189 est
1078 5148 1182 5188 esse
1217 5131 1423 5203 aqualis
1450 5130 1556 5185 Deo
1592 5147 1608 5185 :
1642 5132 1875 5200 Apostoli

303 5231 462 5285 verba
493 5238 635 5285 sunt.
664 5227 732 5283 Et
751 5226 876 5298 quid
903 5225 1144 5294 accepit?
1176 5224 1279 5279 Sed
1298 5224 1615 5293 semetipsum
1646 5224 1877 5277 carinarii-

301 5323 389 5379 rit.
421 5326 637 5392 formam
664 5320 790 5375 servi
834 5318 1083 5387 accipiens
1124 5315 1379 5386 (Philipp.
1414 5330 1472 5381 tt,
1522 5313 1574 5375 6,
1617 5316 1688 5383 7).
1734 5314 1879 5370 Sicut

303 5414 526 5470 formam
554 5411 694 5469 servi
718 5410 951 5480 accepit,
985 5408 1056 5465 ita
1084 5416 1139 5462 et
1166 5417 1375 5476 tempus
1416 5406 1639 5475 accepit.
1690 5407 1880 5460 Demu-

305 5515 443 5563 tatus
465 5521 548 5562 est
592 5503 754 5575 ergo?
782 5502 1084 5559 deminstus
1120 5499 1238 5555 est?
1274 5498 1463 5563 exilior
1507 5498 1781 5553 redditus?
1827 5498 1878 5553 iu

306 5598 565 5655 deiectum
593 5594 807 5666 lapsus?
852 5592 1020 5649 Absit.
1053 5590 1187 5657 Quid
1215 5604 1344 5660 ergo
1371 5590 1687 5657 semetipsum
1708 5590 1880 5644 exina-

373 5821 385 5849 ι
413 5819 485 5867 sic
507 5812 692 5877 aliquot
710 5817 817 5861 Mss.
838 5817 893 5860 At
914 5814 1006 5877 Br._:
1035 5806 1177 5858 Prius
1214 5786 1720 5877 pradicetjustitimn,
1746 5813 1790 5856 et
1812 5809 1881 5857 sic

337 5866 485 5929 uticct
498 5866 729 5941 just'ttias.
751 5880 880 5923 μοις
912 5869 1052 5921 nius
1073 5866 1305 5934 praecedit
1334 5866 1542 5927 justitia,
1585 5875 1678 5918 etc.

1364 402 1759 464 ENARBATIO
1794 402 1858 459 IN
1898 398 2219 461 PSALMUM
2259 406 2493 467 LXXIV.

1986 522 2132 593 'niuit,
2160 530 2373 598 formam
2416 530 2547 585 servi
2593 533 2886 602 accipiens?
2933 535 3252 595 Exinanisse
3297 551 3359 594 se
3395 537 3573 594 dictus

1993 625 2074 673 est
2093 619 2403 690 accipiendo
2433 621 2756 691 inferiorem,
2777 641 2879 681 non
2909 628 3281 700 degenerando
3300 629 3370 686 ab
3393 644 3571 701 aequa-

1992 711 2047 766 li.
2080 713 2240 784 Ergo,
2269 714 2474 782 fratres,
2504 718 2627 787 quid
2654 729 2732 772 est
2776 719 2875 774 hoc
2896 763 2909 783 ,
2942 721 3067 775 Cum
3088 738 3327 793 accepero
3348 731 3566 790 tempus,

1992 824 2082 881 ego
2097 808 2326 879 justitias
2340 810 2584 881 judicabo
2600 813 2627 867 .9
2647 813 2862 883 Accepit
2888 820 3095 883 tempus
3125 824 3180 870 ut
3205 814 3373 872 Filius
3393 816 3566 871 humi--

1992 899 2113 964 nis;
2143 902 2403 970 gubernat
2448 913 2684 972 tempora
2714 913 2769 958 ut
2797 903 2965 960 Filius
3002 904 3115 961 Dei.
3162 906 3299 961 Audi
3335 908 3459 977 quia
3510 916 3570 963 ut

1990 987 2156 1045 Filius
2187 992 2412 1048 hominis
2460 997 2661 1065 acacpit
2712 978 2926 1066 fcmpus
2974 996 3268 1069 judicandi.
3324 999 3459 1054 Dicit
3513 1001 3566 1055 in

1991 1079 2279 1152 Evangelia
2305 1104 2317 1138 :
2346 1085 2494 1139 Dedit
2536 1088 2579 1139 ei
2618 1097 2909 1156 potestate»:
2931 1088 3121 1157 judicii
3157 1090 3409 1161 faciendi,
3443 1107 3565 1161 quo-

1991 1173 2125 1225 niam
2158 1171 2203 1226 F
2205 1174 2323 1229 ilius
2349 1174 2563 1230 hominis
2585 1188 2654 1231 est
2680 1176 2856 1248 (Joan.
2881 1194 2930 1242 v,
2959 1179 3073 1249 27).
3102 1180 3402 1235 Secundum
3424 1181 3563 1251 quod

1993 1263 2153 1320 Filius
2198 1266 2308 1333 Dei,
2359 1285 2623 1340 nunquam
2661 1273 2864 1341 accepit
2914 1282 3227 1341 potestatem
3255 1272 3563 1344 iudicandi;

1989 1355 2109 1423 quia
2150 1371 2416 1427 nunquam
2438 1361 2605 1414 caruit
2636 1370 2895 1431 potestate
2927 1363 3193 1433 judicandi
3229 1381 3241 1418 :
3273 1365 3563 1422 Secundum

1988 1447 2125 1515 quod
2155 1447 2316 1503 Filius
2343 1449 2594 1517 hominis,
2627 1455 2830 1523 accepit
2874 1463 3082 1523 tempus
3129 1456 3264 1511 sicut
3312 1457 3562 1512 nascendi

1988 1548 2040 1592 et
2062 1540 2313 1608 patiendi,
2346 1542 2481 1596 sicut
2505 1544 2762 1598 moriendi
2785 1552 2838 1599 et
2864 1544 3173 1615 resnrgendi
3190 1556 3243 1601 et
3267 1546 3558 1601 ascenden-

1986 1630 2060 1697 di,
2092 1632 2159 1686 ita
2191 1634 2434 1689 veniendi
2472 1646 2518 1690 et
2548 1636 2837 1704 judicandi.
2869 1638 3002 1693 Dicit
3028 1638 3079 1692 in
3116 1639 3208 1694 illo
3234 1639 3331 1695 ista
3363 1648 3416 1694 et
3444 1655 3562 1694 cor-

1986 1735 2081 1791 pus
2109 1723 2223 1792 ejus
2249 1741 2261 1786 ;
2303 1740 2405 1778 non
2446 1727 2584 1779 enim
2628 1728 2742 1781 sine
2771 1727 2871 1781 illis
2894 1726 3152 1795 iudicabit
3178 1746 3191 1781 :
3214 1728 3344 1784 dicit
3366 1731 3559 1799 quippe

1985 1814 2036 1867 in
2066 1814 2370 1886 Evangelio,
2406 1817 2651 1873 Sedebitis
2676 1835 2827 1889 super
2845 1818 3107 1873 duodecim
3135 1812 3293 1886 sedes,
3312 1822 3528 1891 judican
3554 1858 3559 1861 ι

1984 1912 2055 1958 tes
2088 1906 2350 1960 duodecim
2371 1909 2525 1964 tribus
2546 1908 2712 1964 Israel
2731 1909 2942 1982 (Matth.
2974 1927 3079 1977 XIX,
3109 1911 3224 1983 28).
3256 1913 3396 1984 Ergo
3415 1922 3559 1968 totus

1981 1994 2222 2051 Christus
2269 1998 2416 2065 dicit,
2473 2000 2522 2053 id
2571 2012 2649 2055 est
2688 2012 2846 2071 caput
2890 2010 2942 2057 et
2993 2017 3189 2073 corpus
3230 2005 3281 2058 in
3324 2006 3554 2071 sanctis,

1982 2086 2107 2143 Cum
2130 2105 2366 2160 accepero
2390 2102 2603 2163 laminis,
2636 2110 2726 2163 ego
2736 2095 2967 2164 justitias
2986 2095 3250 2166 jutlicabo.

2053 2177 2106 2232 6.
2137 2176 2389 2254 [vers.4.]
2418 2181 2571 2237 Modo
2600 2194 2775 2238 autem
2820 2185 2983 2254 quid?
3031 2184 3257 2256 Deﬂuxit
3303 2196 3455 2241 terra.
3502 2185 3556 2242 Si

1981 2265 2201 2321 deﬂuxit
2231 2276 2392 2337 terra,
2442 2273 2581 2327 unde
2620 2272 2840 2327 deﬂuxit
2869 2274 2973 2329 nisi
3019 2278 3292 2343 peccatis?
3340 2278 3464 2333 Ideo
3503 2288 3558 2333 et

1979 2360 2170 2415 delicta
2192 2362 2455 2417 dicuntur.
2489 2365 2807 2436 Delinquere
2826 2378 2927 2433 est,
2957 2377 3204 2437 tanquam
3234 2369 3300 2425 de
3316 2371 3516 2442 liquido
3539 2374 3556 2404 ¹

1982 2453 2208 2523 quodam
2252 2455 2485 2512 deﬂuere
2551 2472 2580 2511 a
2628 2460 2916 2516 stabilitate
2992 2461 3307 2518 ﬁrmamenti
3354 2466 3558 2520 virtutis

1981 2557 2140 2617 atque
2164 2548 2401 2619 justitiam
2452 2551 2749 2621 Cupiditate
2793 2555 2932 2608 enim
2980 2555 3284 2611 inferiorum
3339 2559 3559 2628 quisque

1982 2647 2165 2708 peccat
2193 2658 2206 2693 :
2241 2641 2377 2694 sicut
2406 2642 2689 2697 roboratur
2713 2644 2970 2699 charitate
2986 2648 3336 2716 superiorum,
3364 2651 3443 2706 sic
3466 2651 3562 2705 de-

1982 2730 2111 2795 ﬁcit,
2130 2738 2188 2785 et
2223 2732 2371 2799 quasi
2428 2732 2671 2803 liquescit
2715 2735 3003 2803 cupiditate
3032 2736 3359 2793 inferiorum.
3408 2740 3558 2796 Hunc

1982 2821 2180 2877 ﬂuxum
2209 2839 2383 2877 terum
2416 2825 2467 2877 in
2514 2829 2743 2894 peccatis
2774 2829 3044 2881 hominum
3071 2832 3350 2886 attendens
3393 2833 3560 2890 dona-

1982 2924 2064 2969 tor
2094 2918 2412 2979 misericors.
2437 2918 2662 2975 donator
2692 2931 3046 2988 peccatorum,
3079 2924 3312 2979 nondum
3343 2937 3558 2982 exactor

1983 3008 2380 3081 suppliciorum,
2411 3010 2635 3065 attendit
2661 3022 2711 3064 et
2740 3014 2809 3065 ait
2844 3031 2856 3066 :
2884 3011 3109 3082 Deﬂnxit
3131 3024 3293 3079 terra,
3322 3026 3369 3070 et
3390 3034 3560 3072 omnes

1979 3099 2313 3154 inhabitantes
2338 3103 2489 3154 inea.
2525 3102 2639 3171 Ipsa
2665 3103 2844 3171 utique
2867 3112 3006 3157 terra
3037 3104 3259 3160 deﬂuxit
3302 3107 3354 3161 in
3407 3110 3559 3163 habi-

1984 3191 2215 3245 tantibus
2250 3206 2327 3245 se.
2359 3193 2635 3260 Expositio
2680 3203 2760 3247 est
2799 3208 3165 3265 consequens,
3203 3212 3303 3251 non
3340 3199 3556 3254 additio.

1984 3279 2255 3349 Tanquam
2290 3282 2330 3333 si
2359 3282 2564 3335 diceres
2608 3300 2620 3335 :
2653 3284 2930 3349 Quomodo
2971 3285 3188 3341 deﬂuxit
3218 3288 3402 3342 terra?
3439 3291 3561 3344 sub-

1985 3380 2151 3425 tracta
2171 3383 2293 3425 sunt
2324 3372 2684 3433 fundamenta,
2714 3383 2767 3427 et
2788 3375 2984 3444 aliquid
3011 3375 3060 3428 in
3086 3392 3143 3429 ea
3166 3377 3308 3431 hiatu
3330 3380 3559 3449 quodam

1982 3462 2283 3518 demersum
2311 3466 2425 3517 est?
2450 3465 2600 3530 Quod
2630 3466 2747 3519 dico
2779 3477 2992 3531 terram,
3018 3483 3189 3522 omnes
3228 3469 3563 3531 inhabitantes

1980 3555 2032 3609 in
2075 3572 2153 3609 ea.
2187 3554 2387 3621 Inveni,
2417 3556 2602 3625 inquit.
2659 3567 2851 3611 terram
2900 3560 3276 3626 peccatricem;
3328 3569 3380 3615 et
3436 3563 3561 3629 quid

1983 3646 2122 3702 feci?
2152 3647 2260 3719 Ego
2295 3652 2591 3716 conﬁrmavi
2623 3651 2880 3704 columnas
2915 3652 3041 3723 ejus.
3092 3653 3234 3719 Quas
3286 3654 3562 3713 columnas

1983 3739 2356 3793 conﬁrmavit?
2385 3741 2673 3794 Columnas
2695 3742 2978 3810 Apostolos
2999 3743 3126 3797 dicit
3156 3764 3168 3797 :
3194 3745 3267 3798 sic
3290 3747 3563 3816 apostolus

1986 3829 2179 3884 Paulus
2217 3830 2285 3886 de
2324 3830 2643 3900 coapostolis
2688 3832 2816 3897 suis,
2869 3831 2968 3899 Qui
3015 3833 3328 3901 videbantur,
3371 3836 3559 3904 inquit,

1982 3922 2230 3976 columna
2256 3938 2363 3979 esse
2391 3920 2529 3992 (Gal.
2551 3937 2621 3985 ιι,
2651 3921 2729 3989 9).
2764 3923 2828 3977 Et
2877 3922 3001 3992 quid
3041 3936 3221 3980 es~eut
3273 3926 3376 3982 illa
3416 3927 3564 3983 eolu-

1985 4030 2142 4080 nime,
2161 4013 2262 4068 nisi
2283 4013 2349 4067 ab
2369 4014 2458 4069 illo
2475 4013 2808 4068 ﬁrmarentur
2825 4013 2845 4067 ‘2
2863 4014 2983 4082 quia
2995 4014 3222 4083 quodam
3247 4025 3399 4071 terra:
3416 4025 3562 4075 motu

1983 4107 2142 4160 etiam
2170 4106 2296 4173 ipsa:
2322 4106 2583 4158 columnae
2614 4114 2963 4164 notaverunt;
2998 4105 3045 4156 in
3080 4105 3324 4173 passione
3350 4105 3562 4165 Domini

1982 4212 2168 4252 omnes
2215 4197 2449 4264 Apostoli
2482 4196 2915 4261 desperaverunt.
2963 4195 3102 4265 Ergo
3144 4196 3406 4251 columnae
3460 4198 3562 4254 illa!

1982 4303 2099 4358 quas
2131 4287 2374 4357 passione
2416 4286 2623 4341 Domini
2653 4294 3001 4349 notaverunt,
3036 4287 3424 4343 resurrectione
3464 4287 3559 4343 lir-

1983 4390 2138 4435 matte
2164 4387 2303 4433 sunt.
2348 4376 2601 4433 Clamavit
2634 4378 2839 4435 initium
2892 4378 3097 4433 aedilicii
3144 4392 3239 4447 per
3287 4378 3563 4437 columnas

1983 4488 2128 4537 suas,
2185 4481 2240 4527 et
2274 4472 2327 4525 in
2356 4471 2433 4525 eis
2472 4470 2720 4524 omnibus
2772 4469 3036 4529 columnis
3083 4469 3402 4527 architectus
3448 4470 3563 4541 ipse

1983 4563 2253 4631 clamavit.
2308 4562 2562 4616 Columna
2609 4561 2748 4616 enim
2776 4576 2877 4615 una
2931 4571 3047 4615 erat
3093 4577 3158 4615 ex
3206 4561 3312 4616 illis
3368 4562 3563 4620 Paulus

1983 4656 2276 4726 apostolus,
2309 4669 2427 4709 eum
2456 4652 2659 4708 diceret
2691 4670 2703 4705 :
2738 4652 2814 4706 An
2843 4653 2989 4706 vultis
3018 4654 3410 4721 experimentum
3430 4656 3564 4710 acci-

1986 4763 2099 4815 pere
2119 4747 2246 4815 ejus,
2273 4744 2358 4815 qui
2378 4744 2427 4796 in
2456 4760 2531 4797 me
2558 4744 2778 4811 loquitur
2799 4740 3025 4797 Christus
3058 4741 3122 4814 (Il
3160 4740 3279 4798 Cor.
3314 4757 3427 4810 XIII,
3455 4744 3511 4813 ὅ)
3538 4744 3562 4798 ‘I

1987 4839 2144 4907 ιςιιεο,
2182 4835 2309 4905 Ego,
2350 4836 2534 4903 inquit,
2565 4834 2858 4901 conﬁrmavi
2898 4833 3155 4888 columnas
3195 4836 3307 4905 ejus
3335 4852 3355 4892 :
3388 4852 3563 4892 resur-

1987 4932 2132 4992 rexi;
2167 4928 2377 4984 ostendi
2406 4938 2633 4983 mortem
2661 4942 2762 4981 non
2795 4943 2913 4981 esse
2949 4927 3323 4996 inetuendam,
3357 4929 3564 4987 ostendi

1988 5021 2289 5077 timentibus
2327 5034 2422 5074 nec
2449 5019 2622 5086 ipsum
2653 5033 2845 5087 corpus
2879 5019 3049 5086 perire
3094 5019 3144 5072 in
3196 5020 3562 5075 morientibus.

1986 5113 2421 5166 'l‘errnerunteos
2455 5110 2708 5172 vulnera;
2745 5110 3086 5164 ﬁrmaverunt
3114 5110 3405 5167 cicatrices.
3431 5110 3563 5165 Pos-

1986 5213 2065 5259 set
2098 5202 2346 5255 Dominus
2371 5200 2523 5253 .lcsus
2551 5198 2791 5253 Christus
2822 5201 2937 5254 sine
2976 5201 3076 5255 ulla
3106 5201 3352 5259 cicatrice
3384 5217 3563 5258 resur-

1984 5311 2144 5365 gere:
2179 5294 2301 5363 quid
2332 5295 2471 5347 enim
2506 5293 2574 5346 illi
2605 5295 2852 5363 potestati
2877 5309 3121 5362 magnum
3161 5302 3302 5361 erat,
3333 5294 3399 5348 ad
3452 5303 3564 5350 tan-

1988 5396 2094 5442 tam
2129 5388 2483 5455 integritatem
2536 5401 2846 5456 compagem
2904 5386 3142 5453 corporis
3189 5400 3461 5457 revocare,
3511 5395 3567 5447 ut

1989 5478 2187 5532 nullout
2218 5477 2433 5530 omnino
2465 5478 2742 5546 vestigium
2786 5474 3036 5547 prteteriti
3074 5474 3309 5529 vulneris
3346 5491 3561 5546 appare-

1990 5569 2109 5622 ret?
2139 5568 2377 5622 Habebat
2404 5577 2717 5637 potestatem
2758 5567 2896 5621 unde
2927 5565 3055 5619 illud
3081 5567 3239 5619 etiam
3278 5567 3393 5623 siue
3424 5568 3566 5624 cica-

1989 5662 2118 5716 trice
2146 5670 2389 5725 sanaret;
2415 5662 2506 5715 sed
2548 5660 2742 5714 habere
2786 5658 2952 5713 voluit
3000 5658 3140 5714 unde
3184 5669 3433 5717 nutantes
3479 5677 3567 5720 eo.

1989 5755 2197 5808 lumnas
2218 5753 2470 5807 ﬁrmaret.

2056 5861 2803 5926 Itltu‘estsssqlocoquodam,
