4076 6480
268 443 372 501 953

272 574 376 631 quo
409 554 616 628 fugies?
655 552 842 610 Nonne
862 562 1195 623 quocumque
1223 546 1417 619 fugeris
1441 588 1454 612 ,
1482 556 1533 601 te
1558 543 1799 616 sequeris
1825 540 1850 597 ἓ

273 651 499 721 Quando
536 659 711 705 autem
757 657 811 703 et
852 647 1022 716 teipso
1062 644 1282 699 interior
1313 651 1416 707 cst,
1469 657 1575 696 non
1618 650 1699 696 est
1743 653 1848 709 quo

272 746 442 814 fugias
478 758 509 798 a
540 743 649 798 Deo
671 742 826 807 irato,
874 740 974 794 nisi
1002 739 1066 793 ad
1098 739 1263 792 Deum
1292 736 1557 806 placatum
1585 753 1597 787 :
1628 747 1849 804 prorsus

278 853 385 893 non
414 847 495 892 est
518 850 623 907 quo
646 834 832 905 fugias.
868 832 959 887 Vis
982 831 1165 902 fu‘gere
1189 831 1257 885 ab
1294 828 1448 899 ipso?
1490 828 1632 899 Fuge
1659 826 1725 881 ad
1769 827 1849 896 ip-

269 947 408 987 sum.
438 929 579 999 Ergo
599 944 664 984 ne
692 926 979 998 loquamini
1006 925 1263 980 adversus
1290 924 1458 978 Deum
1491 922 1845 993 iniquitatem,

275 1038 378 1079 nec
403 1022 511 1077 illic
540 1020 627 1076 ubi
657 1020 954 1090 loquimini.
984 1016 1328 1087 Iniquitatem,
1359 1016 1542 1086 inquit,
1579 1014 1849 1068 meditatus

268 1127 340 1172 est
364 1118 417 1171 in
446 1115 599 1169 cubili
627 1130 718 1168 suo
741 1112 914 1183 (Psal.
945 1127 1115 1175 xxxv,
1143 1110 1220 1183 5).
1268 1108 1404 1177 Quid
1459 1108 1743 1163 meditatus
1766 1114 1848 1161 est

269 1209 320 1262 in
376 1206 537 1277 cubili
574 1204 714 1259 suo?
741 1204 926 1258 Cubile
973 1217 1067 1257 cor
1106 1202 1241 1270 ejus,
1288 1198 1473 1255 dicens
1507 1217 1519 1252 :
1552 1197 1852 1267 Sacri/icate

268 1301 579 1370 sacriﬁcium
598 1299 843 1365 justitite,
887 1307 932 1351 et
970 1304 1168 1367 sperate
1192 1295 1245 1349 in
1272 1293 1515 1347 Domino.
1557 1291 1659 1347 Sed
1691 1305 1849 1360 supra

270 1392 426 1454 dixit,
452 1390 622 1443 Dicite
642 1390 693 1442 iu
713 1388 945 1443 cordibus
974 1388 1169 1453 vestris,
1220 1396 1267 1440 et
1309 1387 1361 1440 in
1387 1384 1633 1439 cubilibus
1676 1383 1850 1437 vestris

267 1482 667 1554 compungimini
695 1480 845 1553 (Psal
866 1522 878 1534 .
914 1496 985 1543 tv,
1017 1480 1071 1541 6,
1098 1480 1175 1549 5).
1222 1478 1357 1545 Quot
1392 1477 1557 1532 habes
1604 1476 1674 1531 ibi
1715 1492 1851 1547 pun-

266 1576 474 1630 ctiones
499 1575 811 1638 facinorum”,
846 1580 924 1627 tot
944 1572 1078 1627 habe
1101 1571 1207 1626 illic
1248 1570 1683 1641 compunctiones
1721 1584 1852 1622 con-

269 1666 586 1722 fessionum.
619 1666 719 1722 Ubi
749 1681 875 1736 ergo
900 1664 1129 1735 loqueris
1166 1665 1422 1720 adversus
1454 1663 1618 1719 Deum
1657 1662 1851 1734 iniqui-

268 1770 456 1826 tatem,
489 1760 556 1814 ibi
584 1768 635 1815 te
666 1759 868 1829 jndicat
900 1777 912 1813 :
942 1775 1047 1813 non
1069 1758 1323 1828 judicium
1362 1757 1558 1824 differt,
1608 1757 1701 1813 sed
1733 1773 1849 1829 poe-

268 1868 413 1907 nam.
471 1850 585 1906 Jam
613 1850 832 1921 jndicat,
858 1851 966 1920 jam
996 1851 1159 1917 novit,
1198 1850 1307 1920 jam
1336 1849 1481 1905 videt
1514 1867 1526 1903 :
1557 1864 1713 1920 paena
1757 1864 1847 1903 re-

266 1954 411 2011 stat;
436 1958 557 1999 cum
581 1943 737 1998 fuerit
763 1951 1097 2012 praisentata,
1123 1942 1340 1997 habebis
1366 1950 1421 1997 et
1449 1957 1681 2011 poenam,
1726 1955 1846 1996 cum

267 2035 570 2105 apparuerit
596 2035 755 2090 facies
784 2035 922 2090 illius
951 2035 1179 2089 hominis
1198 2034 1285 2105 qui
1316 2034 1400 2089 hic
1420 2035 1606 2089 irrisus
1632 2043 1729 2099 est,
1755 2034 1848 2104 qui

264 2128 554 2199 judicatus,
576 2127 665 2197 qui
692 2126 993 2191 crucifixus,
1022 2112 1238 2197 qui-sub
1271 2126 1448 2195 judice
1495 2126 1680 2191 stetit;
1725 2139 1846 2180 cum

269 2220 574 2291 apparuerit
595 2219 839 2289 judicans
879 2219 929 2273 in
961 2218 1244 2289 prmsentia
1292 2232 1406 2283 sua,
1454 2226 1582 2272 tunc
1628 2216 1848 2273 habebis

268 2327 504 2382 poenam,
534 2311 580 2367 si
613 2320 663 2367 te
689 2326 793 2366 non
815 2311 1133 2366 correxeris.
1182 2309 1316 2377 Quid
1347 2324 1474 2379 ergo
1500 2308 1660 2364 modo
1686 2309 1849 2364 facie-

267 2405 431 2459 mus?
460 2405 851 2459 Prmveniamus
878 2404 1061 2459 faciem
1091 2404 1227 2472 ejus,
1255 2410 1299 2458 ἰν
1320 2410 1646 2472 ἐξομολογήσει
1673 2402 1844 2477 (Psal.

265 2511 410 2560 xcrv,
442 2496 522 2566 2).
556 2496 793 2550 Praeveni
825 2496 875 2549 in
900 2495 1232 2550 confessione
1262 2513 1273 2548 :
1304 2496 1478 2549 veniet
1522 2495 1661 2549 mitis
1688 2510 1847 2565 quem

268 2587 470 2643 feceras
502 2587 714 2641 iratum.
761 2585 939 2656 Neque
979 2603 1010 2639 a
1048 2587 1253 2640 desertis
1289 2587 1567 2651 montium;
1610 2587 1849 2655 quoniam

268 2676 409 2732 Deus
438 2678 603 2749 judea:
640 2689 708 2733 est
737 2694 755 2732 :
781 2694 885 2732 non
924 2676 991 2732 ab
1019 2677 1249 2741 oriente,
1299 2692 1405 2731 non
1447 2676 1515 2731 ab
1549 2676 1841 2743 occidente,

266 2786 375 2826 non
408 2785 439 2823 a
468 2770 693 2825 desertis
716 2769 992 2823 montium.
1024 2766 1241 2834 Quare?
1292 2766 1545 2834 Quoniam
1587 2766 1722 2821 Deus
1756 2767 1848 2838 ju-

267 2865 367 2918 dea:
405 2873 495 2918 est.
546 2862 601 2917 Si
630 2863 682 2917 in
718 2862 894 2931 aliquo
924 2863 939 2893 ι
970 2862 1086 2914 loco
1137 2868 1299 2925 esset,
1346 2873 1450 2913 non
1479 2866 1621 2914 esset
1667 2859 1846 2917 Deus:

268 2956 391 3025 quia
424 2970 552 3009 vero
575 2954 710 3009 Deus
731 2952 894 3023 judex
914 2960 1015 3017 est,
1048 2966 1151 3006 non
1184 2950 1343 3005 homo
1366 2992 1382 3017 ,
1412 2950 1519 3004 noli
1558 2950 1705 3005 illum
1750 2965 1848 3005 ex-

266 3055 515 3116 spectare
549 3045 614 3100 de
644 3044 791 3100 locis.
847 3044 1022 3099 Locus
1066 3043 1181 3113 ejus
1211 3052 1262 3097 tu
1293 3042 1419 3109 eris,
1444 3043 1489 3098 si
1515 3044 1537 3075 ²
1564 3042 1755 3110 bonus,
1801 3042 1848 3100 si

266 3137 549 3193 confessus
570 3136 896 3192 invocaveris
924 3151 1068 3191 eum.

340 3230 589 3286 10.11am:
618 3230 868 3295 lmmiliat,
907 3238 950 3283 et
980 3230 1114 3284 hunc
1144 3230 1347 3285 exultat.
1388 3228 1557 3296 Quem
1585 3229 1846 3298 humiliat,

265 3338 425 3394 quem
454 3322 830 3392 exaltatjudex
864 3321 989 3377 ille?
1024 3321 1293 3376 Attendite
1316 3320 1449 3376 duos
1475 3321 1591 3376 illos
1629 3322 1678 3376 in
1712 3331 1847 3376 tem-

266 3417 382 3487 plo,
398 3415 657 3471 etvidetis
680 3429 839 3482 quem
860 3413 1118 3477 htuniliat,
1134 3423 1187 3467 et
1207 3428 1362 3482 quem
1383 3413 1849 3468 exaltat.cAscen-

268 3507 464 3563 derunt
521 3506 573 3560 in
627 3505 825 3576 templo
878 3519 1033 3576 orare
1056 3545 1072 3571 ,
1108 3522 1128 3556 ›
1170 3504 1236 3558 ait
1266 3520 1279 3569 ;
1310 3522 1329 3556 ι
1366 3519 1499 3558 unus
1524 3504 1845 3572 Phariszeus,

269 3608 324 3655 ct
351 3600 486 3654 alter
517 3596 857 3655 Publicanus.
894 3615 911 3647 ι
960 3594 1261 3649 Pharisaaus
1303 3595 1555 3650 dicebat:
1592 3614 1611 3649 ι
1640 3595 1849 3654 Gratias

271 3693 361 3747 tibi
392 3707 513 3763 ago,
559 3691 680 3761 quia
709 3705 813 3744 non
834 3703 951 3743 sum
978 3688 1113 3743 sicut
1140 3689 1318 3745 αιτιοι-ἰ
1352 3689 1614 3752 homines.
1645 3691 1844 3761 injuSti,

271 3793 538 3854 raptores,
585 3781 829 3845 adulteri,
893 3781 1029 3835 sicut
1062 3788 1116 3835 et
1156 3779 1243 3835 hic
1282 3780 1601 3835 Publicanus
1627 3799 1639 3835 :
1659 3782 1846 3852 jejuno

269 3877 351 3931 bis
374 3877 428 3930 in
460 3873 715 3940 sabbato;
746 3872 981 3928 decimas
1005 3872 1075 3928 do
1095 3873 1329 3927 omnium
1357 3888 1475 3944 qua:
1511 3874 1781 3944 possideo.
1820 3893 1841 3930 ι

268 3968 349 4025 Ad
393 3967 658 4023 medicum
687 3965 1019 4033 ascenderat,
1068 3975 1122 4021 et
1172 3966 1407 4022 membra
1432 3981 1558 4022 sana
1598 3968 1850 4025 ostende-

270 4062 355 4115 bat
383 4076 399 4125 ;
428 4060 648 4115 vulnera
670 4059 898 4129 tegebat.
946 4057 1081 4127 Quid
1124 4074 1253 4129 ergo
1295 4060 1382 4115 ille
1411 4060 1501 4130 qui
1530 4062 1720 4116 melius
1747 4077 1848 4117 no-

266 4162 420 4208 verat
446 4150 587 4206 unde
611 4151 922 4206 sanarctur?
950 4150 1261 4207 Publicanus
1286 4163 1450 4206 autem
1487 4152 1551 4207 de
1578 4154 1847 4225 longinquo

267 4244 457 4310 stabat,
499 4253 545 4298 ct
587 4243 892 4314 percutiebat
935 4251 1106 4312 pectus
1144 4259 1309 4297 suum.
1362 4242 1564 4297 Videtis
1610 4260 1731 4298 cum
1779 4245 1848 4301 de

268 4337 556 4408 longinquo
570 4345 799 4391 stantem
829 4352 842 4389 :
871 4334 946 4389 illi
970 4334 1524 4405 propinquabatquem
1546 4335 1845 4393 invocabat.

274 4450 292 4484 ι
323 4432 391 4486 Et
410 4429 737 4501 percutiebat
759 4437 942 4498 pectus
963 4427 1342 4494 suum,dicens
1361 4445 1374 4483 :
1395 4428 1556 4493 Deus,
1591 4429 1849 4499 propitius

268 4532 387 4578 esto
415 4520 541 4576 mihi
568 4520 853 4590 peccatori.
884 4520 1054 4574 Amen
1066 4517 1188 4575 dico
1210 4518 1380 4584 vobis;
1399 4518 1674 4575 descendit
1693 4521 1849 4591 justi~

270 4615 457 4669 ﬁcatus
502 4611 819 4667 Publicanus
848 4612 958 4679 ille,
988 4612 1154 4682 magis
1193 4626 1350 4683 quam
1392 4610 1689 4668 Pharisaeus
1713 4612 1845 4670 ille:

268 4705 387 4775 quia
401 4703 577 4758 omnis
596 4702 685 4772 qui
706 4716 764 4757 se
775 4701 993 4769 exaltat,
1012 4701 1401 4768 bumiliabitur;
1426 4711 1478 4757 et
1494 4704 1581 4773 qui
1602 4718 1661 4759 se
1678 4702 1853 4759 humi-

268 4799 381 4863 liat,
402 4796 719 4852 exaltabitur
734 4814 754 4848 ι
777 4795 928 4865 (Luc.
943 4810 1097 4863 xvm,
1120 4795 1622 4866 iO-M).Expositus
1634 4807 1716 4852 est
1731 4813 1850 4853 ver-

267 4907 364 4947 sus
379 4891 566 4963 psalmi
582 4890 758 4960 hujus.
779 4892 917 4947 Deus
932 4890 1093 4961 judex
1106 4890 1231 4962 quid
1253 4889 1405 4946 facit?
1425 4890 1575 4946 Hunc
1594 4892 1845 4962 humiliat,

265 4997 312 5040 et
339 4986 474 5039 hunc
501 4985 726 5050 exultat;
754 4984 994 5040 humiliat
1018 4983 1323 5054 superbum,
1350 4984 1545 5038 cxaltat
1570 4984 1847 5041 humilem.

342 5078 432 5132 Η.
460 5075 610 5148 [vers.
642 5074 719 5149 9.]
773 5075 906 5143 Quia
925 5074 1060 5129 calix
1088 5074 1140 5128 in
1165 5090 1319 5128 manu
1347 5072 1558 5128 Domini
1594 5074 1695 5127 vini
1724 5077 1849 5130 meri

268 5174 450 5242 plenus
469 5182 543 5227 est
572 5173 746 5227 mixto.
771 5172 977 5228 Merito.
1008 5171 1074 5226 Et
1100 5173 1356 5227 inclinavit
1378 5189 1441 5228 ea:
1473 5174 1566 5228 hoc
1596 5175 1649 5229 in
1685 5175 1816 5230 hunc
1826 5192 1849 5243 ,-

268 5274 609 5319 verumtamen
640 5268 743 5336 [rex
773 5265 880 5336 ejus
923 5280 1022 5319 non
1065 5274 1135 5319 est
1160 5266 1414 5319 exinanita
1441 5266 1642 5320 :bibent
1679 5284 1849 5325 omnes

272 5365 559 5426 peccatores
604 5365 769 5410 terrm.
815 5355 1162 5410 Renovamini
1216 5357 1521 5425 paululum;
1562 5358 1846 5415 obscurum

273 5448 475 5519 aliquid
501 5456 584 5503 est
612 5466 624 5503 :
656 5449 770 5515 sed,
799 5448 1065 5518 quomodo
1101 5449 1400 5505 audivimus
1447 5452 1715 5522 Evangelii
1767 5455 1847 5510 le-

272 5541 505 5594 ctionem
531 5540 974 5606 recentissimam,
1010 5539 1192 5605 Petite,
1221 5550 1267 5594 et
1287 5540 1487 5595 dabitur
1516 5543 1651 5598 vobis
1672 5560 1694 5609 ;
1712 5561 1850 5616 qua:-

278 5632 367 5684 rite
389 5640 433 5684 et
464 5632 721 5685 invenietis
740 5672 754 5698 ,
781 5632 998 5701 pulsate,
1025 5641 1071 5685 et
1088 5632 1339 5702 aperietur
1357 5634 1492 5688 vobis
1519 5634 1731 5704 (Matth.
1750 5652 1843 5705 vn,

270 5722 346 5791 7).
383 5722 488 5780 Sed
510 5723 642 5781 dicis
671 5741 683 5778 :
713 5723 829 5793 Quo
866 5724 1036 5794 pulso,
1061 5732 1120 5779 ut
1161 5726 1429 5795 aperiatur
1466 5727 1636 5783 mihi?
1670 5728 1849 5801 Neque

332 5862 348 5892 ί
376 5860 451 5909 sic
474 5866 547 5909 Er.
571 5868 623 5911 et
644 5858 706 5909 ali
743 5867 827 5910 uot
848 5866 953 5910 Mss.
977 5867 1030 5910 Αι
1051 5867 1178 5920 Lov.,
1205 5860 1254 5911 si
1273 5863 1323 5912 in
1344 5860 1455 5913 alio.

332 5924 351 5955 ³
374 5921 621 5975 Ριτιίωιιι.
647 5874 817 5975 silos
836 5922 946 5975 loco
961 5936 990 5974 a
1011 5930 1118 5975 Mss.
1136 5922 1383 5975 nlerisaue
1404 5926 1455 5975 ab

331 5924 351 5955 ²
374 5921 621 5987 Ριτιίαιιιι,
647 5921 708 5986 si,
726 5921 817 5975 hoc
836 5922 946 5975 loco
961 5936 990 5974 a
1011 5930 1118 5976 Mss.
1135 5922 1383 5989 plerisque
1404 5926 1557 5979 abest.

1338 425 1733 487 ENARRATIO
1769 423 1837 483 IN
1874 422 2192 483 PSALMUM
2230 423 2463 486 LXX”.

3430 440 3535 498 θδι

1958 544 2019 598 ab
2047 546 2253 613 oriente,
2280 563 2437 619 neque
2471 547 2536 602 ab
2574 549 2845 620 occidente,
2883 567 3041 623 neque
3077 570 3110 608 a
3148 554 3354 611 desertis
3387 572 3530 611 mou-

1956 637 2383 708 tium;quoniam
2432 637 2571 694 Deus
2609 640 2777 714 judea:
2811 654 2908 700 est.
2952 644 3007 701 Si
3047 661 3284 716 praesens
3328 657 3409 703 est
3446 647 3531 705 hic

1955 739 2112 799 atque
2138 730 2267 797 illic,
2312 739 2366 786 et
2390 732 2584 787 absens
2613 750 2894 805 nusquam,
2935 737 3021 792 ubi
3046 747 3174 807 stas,
3220 738 3291 795 ibi
3335 740 3527 810 pulsa;

1954 821 2027 876 ibi
2054 830 2257 877 tantum
2287 832 2388 886 sta,
2440 824 2561 895 quia
2599 826 2790 882 stando
2819 828 3077 899 pulsatur.
3118 830 3255 899 Quid
3298 847 3425 903 ergo
3448 841 3535 889 est

1957 914 2101 969 hoc?
2142 915 2317 970 Prima
2344 918 2567 987 quaestio
2610 919 2708 973 ista
2742 921 2995 986 occurrit,
3035 918 3153 975 Vini
3200 926 3323 977 meri
3351 924 3531 996 plenus

1956 1016 2027 1060 est
2057 1007 2212 1061 mixto
2239 1009 2542 1079 :quomodo
2569 1013 2713 1077 meri,
2752 1012 2796 1067 si
2824 1011 3026 1067 mixto?
3060 1012 3347 1079 Caeterum,
3380 1014 3534 1071 Calia:

1954 1098 2008 1151 in
2033 1115 2183 1153 manu
2204 1097 2433 1167 Domini,
2486 1116 2605 1157 cum
2623 1102 2769 1167 dicit,
2791 1103 3011 1159 eruditis
3037 1104 3087 1158 in
3113 1104 3349 1159 Ecclesia
3377 1086 3533 1161 Chri;

1955 1190 2021 1245 sti
2056 1191 2261 1261 loquor,
2313 1208 2417 1248 non
2448 1194 2624 1265 utique
2649 1195 2809 1249 veluti
2838 1194 3005 1250 forma
3035 1196 3266 1252 humana
3298 1197 3525 1252 circum-

1955 1282 2209 1352 scriptum
2236 1284 2401 1339 Deum
2440 1285 2644 1341 debetis
2674 1287 2822 1341 vobis
2871 1288 2921 1341 in
2965 1287 3127 1343 corde
3174 1289 3409 1359 pingere,
3464 1304 3529 1344 ne

1954 1375 2150 1430 clausis
2170 1378 2380 1446 templis
2406 1380 2685 1434 simulacra
2710 1380 2760 1434 in
2791 1380 3041 1435 cordibus
3070 1380 3360 1437 fabricatis.
3379 1382 3530 1437 Calix

1955 1485 2081 1540 ergo
2104 1471 2202 1524 iste
2231 1471 2427 1542 aliquid
2458 1471 2738 1542 signiﬁcat.
2768 1471 3103 1528 Inveniemus
3133 1473 3254 1529 hoc.
3284 1471 3353 1528 In
3373 1490 3528 1528 ntanu

1954 1569 2129 1615 autem
2150 1560 2379 1628 Domini,
2406 1570 2491 1617 est
2520 1562 2570 1616 in
2602 1572 2859 1633 potestate
2885 1563 3091 1618 Domini
3125 1583 3137 1618 :
3166 1579 3355 1619 manus
3383 1564 3525 1619 enim

1956 1653 2048 1709 Dei
2079 1662 2312 1723 potestas
2344 1653 2437 1709 Dei
2463 1653 2831 1710 commendata
2866 1662 2966 1709 est.
2997 1653 3127 1709 Nam
3154 1666 3208 1711 et
3246 1655 3313 1710 de
3354 1654 3528 1709 homi-

1954 1745 2107 1800 nibus
2151 1746 2463 1817 plerumque
2489 1746 2704 1813 dicitur,
2734 1746 2790 1801 In
2837 1760 2997 1801 manu
3032 1746 3135 1802 hoc
3180 1746 3374 1812 habet;
3422 1747 3525 1803 hoc

1955 1846 2055 1903 cst,
2098 1838 2149 1892 in
2190 1846 2452 1908 potestate
2494 1839 2670 1904 habet,
2725 1853 2845 1893 cum
2886 1839 2997 1892 vult
3044 1839 3184 1893 facit.
3227 1837 3353 1893 Vini
3403 1839 3528 1893 meri

1954 1931 2132 2002 plenus
2153 1940 2224 1985 est
2255 1931 2429 1985 mixto.
2446 1929 2846 2001 Consequenter
2863 1931 2976 2000 ipse
2993 1931 3236 2002 exposuit
3257 1948 3272 1984 ε
3296 1930 3529 1985 Inclina-

1955 2024 2041 2090 vit,
2073 2024 2259 2094 inquit,
2292 2041 2354 2079 ex
2392 2025 2485 2079 hac
2514 2025 2566 2078 in
2581 2025 2743 2090 hunc;
2774 2034 3110 2079 verumtamen
3130 2027 3233 2097 [rex
3266 2026 3376 2096 ejus
3426 2042 3529 2080 non

1954 2124 2024 2168 est
2050 2116 2328 2170 exinanita.
2361 2117 2499 2172 Ecce
2525 2116 2666 2172 unde
2694 2117 2860 2172 n'tixto
2882 2118 3004 2172 vino
3033 2118 3221 2187 plenus
3246 2127 3379 2172 erat.
3408 2118 3526 2174 Non

1954 2224 2081 2279 ergo
2103 2225 2195 2264 vos
2228 2219 2442 2276 terreat,
2474 2210 2596 2281 quia
2623 2218 2678 2265 et
2707 2226 2912 2266 merum
2937 2219 2992 2265 et
3026 2213 3245 2266 mixtum
3277 2229 3291 2265 :
3318 2226 3526 2267 merum

1952 2310 2169 2372 propter
2194 2302 2573 2369 sinceritatem,
2614 2303 2835 2358 mixtum
2882 2311 3099 2372 propter
3134 2303 3339 2358 faecem.
3390 2302 3529 2372 Quid

1952 2408 2078 2465 ergo
2104 2394 2174 2449 ibi
2200 2394 2399 2461 vinum,
2441 2404 2495 2449 et
2531 2394 2656 2465 quid
2688 2393 2828 2449 faex?
2866 2394 2931 2449 Et
2956 2393 3082 2465 quid
3111 2404 3212 2460 est,
3258 2393 3538 2449 lnclinavit

1953 2503 2016 2541 ea:
2048 2487 2141 2541 hoc
2165 2488 2218 2541 in
2234 2488 2386 2553 hunc,
2412 2488 2483 2541 ita
2509 2496 2568 2542 ut
2593 2486 2692 2541 faex
2718 2486 2835 2557 ejus
2859 2501 2963 2541 non
2991 2496 3137 2542 esset
3163 2486 3474 2542 exinanita?
3515 2501 3519 2505 '

1954 2612 1959 2621 ι
2027 2579 2115 2633 ιε.
2145 2577 2297 2635 Unde
2322 2578 2527 2635 venerit
2563 2579 2628 2633 ad
2673 2579 2793 2645 hoc,
2826 2578 3178 2634 recordamini
3214 2578 3410 2634 :Hunc
3438 2579 3537 2633 Itu-

1951 2671 2132 2737 miliat,
2176 2678 2221 2724 et
2257 2672 2388 2724 hunc
2414 2670 2623 2725 exultat.
2658 2669 2810 2739 Quod
2849 2669 3131 2741 ﬁguratum
3169 2681 3252 2727 est
3287 2671 3444 2727 nobis
3481 2671 3535 2728 in

1951 2764 2239 2836 Evangelio
2264 2779 2362 2835 per
2384 2764 2516 2819 duos
2544 2763 2806 2829 homines,
2834 2764 3158 2820 Pbarisamm
3194 2774 3248 2821 et
3288 2765 3535 2821 Publica-

1952 2875 2099 2927 num,
2142 2858 2244 2915 hoc
2285 2859 2441 2915 latius
2480 2859 2821 2929 accipientes,
2864 2859 3221 2929 intelligamus
3260 2860 3394 2917 duos
3435 2875 3535 2931 po-

1951 2955 2127 3024 pulos,
2158 2954 2488 3019 Judasorum,
2534 2962 2589 3009 et
2626 2953 2874 3010 Gentium
2908 2971 2921 3007 :
2948 2952 3254 3009 Judaeorum
3284 2954 3531 3025 populus,

1951 3046 2253 3104 Pharisceus
2296 3046 2416 3111 ille;
2462 3044 2708 3101 Gentium
2752 3045 3000 3117 populus,
3051 3044 3370 3101 Publicanus
3420 3045 3531 3100 ille.

1952 3139 2254 3196 Judaeorum
2305 3139 2530 3210 populus
2576 3138 2810 3209 jactabat
2861 3138 3051 3193 merita
3106 3152 3242 3205 sua;
3283 3137 3531 3194 Gentium

1950 3234 2303 3291 conﬁtebatur
2332 3242 2546 3305 peccata
2573 3247 2688 3288 sua.
2719 3232 2818 3301 Qui
2847 3232 2994 3286 novit
3020 3232 3071 3286 in
3093 3230 3309 3287 Litteris
3335 3231 3536 3288 sanctis

1951 3338 2005 3385 et
2034 3328 2300 3399 Epistolas
2323 3327 2662 3397 apostolicas,
2694 3336 2747 3382 et
2770 3328 2936 3381 Actus
2960 3326 3357 3395 Apostolorum,
3390 3325 3535 3381 videt

1951 3422 2022 3478 ibi
2043 3421 2186 3493 quod
2214 3420 2334 3475 dico
2364 3438 2376 3474 :
2428 3434 2492 3475 ne
2541 3421 2754 3490 longum
2785 3419 2972 3475 faciam
2995 3419 3261 3491 quomodo
3292 3420 3533 3490 Apostoli

1952 3513 2371 3593 exhortabantur
2394 3511 2590 3568 Gentes
2614 3528 2681 3568 ne
2701 3512 3069 3583 desperarent,
3093 3513 3233 3584 quod
3250 3513 3303 3568 in
3327 3514 3532 3585 magnis

1950 3608 2184 3679 peccatis
2224 3605 2547 3677 jacuissent;
2598 3614 2652 3661 et
2693 3606 3311 3678 reprimebantJudaaos,
3361 3623 3429 3663 ne
3474 3622 3535 3665 se

1953 3700 2272 3757 extollerent
2296 3700 2444 3770 quasi
2475 3715 2537 3755 ex
2560 3699 3025 3769 justiﬁcationibus
3051 3699 3227 3770 Legis,
3254 3709 3308 3755 et
3332 3699 3454 3757 ideo
3474 3715 3535 3758 se

1952 3800 2199 3862 putarent
2220 3791 2412 3861 justas,
2440 3789 2677 3846 Gentiles
2706 3798 2883 3845 autem
2910 3799 3217 3861 peccatores
3243 3805 3382 3859 esse,
3410 3792 3534 3864 quia

1951 3883 2150 3941 ludatis
2179 3892 2232 3939 ct
2263 3883 2370 3938 Lex
2395 3890 2530 3946 erat,
2561 3892 2615 3938 et
2645 3882 2897 3954 templum
2927 3892 3063 3951 erat,
3096 3892 3150 3938 et
3178 3883 3532 3940 sacerdotium

1951 3985 2067 4033 erat
2100 3976 2278 4047 (Rom.
2328 3991 2407 4043 ιιι,
2438 3975 2537 4048 1v).
2570 3975 2650 4031 llli
2678 3984 2852 4030 autem
2880 3990 3067 4031 omnes
3092 3975 3325 4033 cultores
3361 3976 3533 4033 idolo-

1951 4085 2091 4137 rum,
2121 4080 2462 4126 veneratores
2490 4068 2898 4137 dzemoniorum,
2931 4069 3086 4139 longe
3111 4070 3322 4140 quidem
3352 4071 3530 4141 positi;

1951 4164 2089 4218 sicut
2130 4161 2446 4217 Pnblicanus
2485 4161 2573 4215 ille
2610 4160 2677 4215 de
2726 4161 3012 4231 longinquo
3054 4162 3247 4215 stabat.
3279 4160 3428 4218 Sicut
3457 4163 3533 4218 illi

1951 4251 2307 4322 superbiendo
2335 4260 2694 4319 recesserunt,
2732 4251 2810 4306 sic
2857 4251 2943 4306 isti
2985 4251 3288 4307 conlitendo
3315 4253 3534 4325 propin-

1951 4353 2263 4418 quaverunt.
2294 4343 2441 4399 Catia:
2472 4358 2599 4414 ergo
2627 4343 2730 4397 vini
2770 4342 2895 4396 meri
2932 4343 3109 4413 plenus
3147 4344 3199 4397 in
3229 4360 3383 4399 ntanu
3418 4343 3532 4399 Do-

1951 4438 2094 4503 mini,
2125 4444 2376 4508 quantum
2413 4434 2575 4489 donat
2603 4434 2853 4490 Dominus
2892 4440 2951 4488 ut
2989 4433 3277 4503 intelligam
3321 4434 3534 4505 (potess

1952 4532 2093 4589 enim
2120 4530 2257 4585 alius
2290 4529 2500 4595 melius,
2524 4528 2647 4599 quia
2685 4528 2763 4585 sic
2796 4542 2853 4582 se
2881 4527 3040 4582 habet
3062 4528 3358 4584 obscuritas
3381 4528 3530 4586 Scri-

1952 4636 2225 4697 pturarum
2256 4641 2270 4677 :
2303 4622 2516 4679 difﬁcile
2555 4632 2634 4678 est
2680 4630 2737 4677 ut
2763 4637 2923 4676 unum
2951 4620 3156 4692 pariant
3181 4621 3531 4680 intellectum.

1952 4716 2281 4787 Quicumque
2312 4726 2488 4771 tamen
2529 4713 2829 4769 intellectus
2855 4712 3064 4779 exierit,
3092 4727 3227 4783 opus
3254 4722 3337 4769 est
3363 4723 3421 4770 ut
3447 4729 3535 4771 re-

1951 4812 2086 4883 gula:
2118 4810 2238 4865 ﬁdei
2267 4816 2524 4880 congruat
2566 4827 2579 4864 :
2620 4823 2718 4863 nec
2751 4806 3040 4877 majoribus
3082 4806 3399 4874 invidemus,
3433 4824 3533 4866 nec

1954 4904 2157 4973 parvult
2182 4903 2527 4972 deSperamus
2548 4900 2587 4952 ί.
2620 4898 2754 4968 Quid
2794 4898 2950 4953 nobis
2978 4897 3221 4954 videatur
3249 4899 3368 4955 dico
3392 4899 3534 4956 Cha;

1953 4996 2097 5053 ritati
2127 4995 2348 5059 Vestrae,
2377 5009 2483 5049 non
2508 5001 2566 5048 ut
2588 4992 2860 5047 obstruam
2881 5006 3035 5048 aures
3053 5000 3260 5048 vestras
3278 4992 3532 5049 adversus

1953 5090 2088 5145 alios
2113 5088 2301 5144 melius
2325 5086 2521 5158 aliquid
2536 5085 2673 5141 forte
2696 5084 2974 5157 dicturos).
2996 5084 3145 5142 Catia:
3170 5086 3271 5141 vini
3283 5085 3406 5141 meri
3426 5087 3511 5158 ple

1953 5199 2047 5237 nus
2074 5182 2231 5235 mixto
2259 5179 2467 5235 videtur
2494 5176 2623 5233 mihi
2650 5191 2771 5233 esse
2792 5177 2899 5233 Lex
2915 5194 3033 5249 qua:
3057 5179 3177 5233 data
3202 5188 3285 5233 est
3308 5177 3529 5245 Judaeis,

1954 5284 2007 5331 et
2034 5274 2207 5330 omnis
2245 5272 2331 5328 illa
2360 5270 2633 5340 Scriptura
2663 5268 2870 5325 Veteris
2918 5268 3062 5340 quod
3103 5267 3294 5323 dicitur
3341 5267 3528 5324 Testa.

1953 5367 2140 5432 menti,
2168 5365 2239 5420 ibi
2263 5373 2385 5420 sunt
2415 5362 2649 5431 pondera
2695 5361 2929 5417 omnium
2969 5361 3371 5417 sententiarum.
3395 5360 3529 5417 Nam

1955 5460 2025 5516 ibi
2050 5459 2253 5514 Novum
2282 5456 2677 5512 Testamentum
2708 5453 3073 5510 absconditum
3102 5454 3251 5519 latet,
3277 5462 3527 5525 tanquam

1954 5552 2007 5606 in
2061 5551 2189 5608 faece
2242 5549 2598 5620 corporalium
2655 5553 3126 5603 sacramentorum.
3182 5546 3530 5603 Circumcisio

1954 5645 2128 5701 carnis
2157 5642 2333 5713 magni
2360 5643 2675 5698 sacramenti
2707 5654 2797 5695 res
2839 5648 2940 5704 est,
2968 5647 3025 5694 et
3068 5638 3377 5710 intelligitur
3402 5638 3527 5696 inde

1953 5739 2284 5795 circumcisio
2310 5737 2505 5793 cordis.
2538 5735 2823 5806 Templum
2862 5732 2986 5788 illud
3028 5732 3321 5789 Jerusalem
3352 5733 3530 5802 magni

1953 5832 2271 5892 sacramenti
2300 5840 2383 5888 est
2409 5846 2518 5897 res,
2555 5837 2608 5884 et
2644 5826 2953 5897 intelligitur
2979 5840 3046 5881 ex
3083 5840 3148 5881 eo
3195 5830 3390 5898 corpus
3424 5824 3529 5883 Do-

2021 5928 2039 5960 ι
2058 5926 2130 5977 sic
2150 5932 2257 5977 uss.
2281 5931 2337 5975 Αι
2359 5921 2495 5985 ΕΜ,
2511 5932 2598 5972 nec
2622 5919 2683 5970 de
2699 5915 2915 5983 parvulis
2936 5915 3263 5982 desperatum.
