4076 6464
536 391 639 452 955

538 513 682 569 mini.
729 508 892 566 Terra
938 504 1304 578 promissionis
1345 499 1652 570 intelligitur
1697 511 1916 566 regnum
1944 492 2108 550 caelo-

538 621 675 660 rum.
729 599 1054 659 Sacrificium
1104 598 1431 652 victimarum
1472 604 1526 650 et
1574 605 1823 662 pecorum
1866 603 2111 658 magnum

540 697 698 757 habet
722 703 1146 755 sacramentum;
1189 691 1281 745 sed
1330 688 1381 742 in
1426 686 1672 743 omnibus
1711 683 1812 737 illis
1832 681 2113 752 generibus

539 790 918 857 sacrificiorum
965 785 1271 855 intelligitur
1313 797 1474 839 unum
1524 777 1653 835 illud
1702 775 2016 831 sacriﬁcium
2060 781 2113 828 et

540 886 693 943 unica
717 884 928 938 victima
950 881 1001 935 in
1027 894 1185 933 cruce
1230 876 1480 931 Dominus
1502 874 1520 905 ί
1551 891 1563 925 :
1596 886 1690 942 pro
1717 869 1909 942 quibus
1936 868 2111 921 muni-

537 978 637 1035 bus
664 974 936 1032 sacriﬁciis
966 988 1125 1028 unum
1166 984 1262 1024 nos
1304 968 1582 1032 habemus,
1623 965 1744 1035 quia
1782 972 1835 1018 et
1864 961 1952 1016 illi
1984 961 2115 1030 figo-

540 1072 729 1126 rahant
764 1070 898 1133 haec,
941 1067 992 1123 id
1040 1073 1141 1130 est,
1196 1064 1298 1118 illis
1334 1062 1449 1115 haec
1486 1059 1863 1128 tigurabantur.
1892 1055 2115 1124 Accepit

544 1167 769 1236 populus
796 1166 881 1220 ille
918 1164 1150 1234 Legem;
1179 1152 1382 1228 accepit
1410 1155 1653 1211 mandata
1687 1154 1827 1223 justa
1870 1159 1924 1207 et
1952 1152 2110 1207 bona.

542 1258 678 1324 Quid
707 1267 811 1313 tam
831 1257 1028 1325 justum
1064 1268 1243 1325 quam,
1287 1251 1409 1306 Non
1438 1248 1651 1315 occides,
1688 1245 1810 1301 Non
1839 1243 2113 1300 maechabe-

544 1352 632 1415 ris,
665 1348 781 1403 Non
812 1347 1076 1419 furaberis,
1109 1345 1230 1400 Non
1254 1345 1440 1415 falsum
1461 1341 1792 1399 testimonium
1813 1339 1966 1393 dices.
2005 1336 2114 1390 Ho-

476 1429 504 1463 ί
545 1457 668 1495 nora
698 1449 889 1510 patrem
910 1449 956 1494 et
985 1447 1212 1504 matrem,
1246 1436 1367 1491 Non
1405 1436 1723 1505 concupisces
1757 1449 1862 1487 rem
1900 1429 2116 1501 proximi

545 1534 633 1593 tui,
670 1531 1131 1601 Nonconcupisccs
1164 1548 1372 1586 uxorem
1405 1530 1622 1600 proximi
1645 1530 1737 1594 tui,
1765 1525 1933 1582 Unum
1959 1525 2115 1581 Deum

543 1625 797 1691 adorabis,
824 1636 871 1679 et
898 1626 997 1695 ipsi
1022 1626 1119 1680 soli
1154 1626 1334 1679 servies
1366 1623 1556 1691 (Exod.
1585 1637 1679 1687 xx,
1707 1622 1860 1683 7-17,
1892 1629 1936 1673 et
1964 1618 2112 1674 Deut.

544 1734 596 1785 v,
629 1717 825 1789 6—21)?
864 1716 1050 1772 Omnia
1100 1718 1195 1771 ista
1237 1716 1300 1771 ad
1346 1717 1522 1770 vinum
1556 1714 1836 1783 pertinent.
1861 1711 1951 1765 Illa
1991 1724 2117 1765 vero

543 1810 774 1865 carnalia
806 1798 953 1879 quasi
981 1810 1309 1875 resederunt,
1345 1820 1401 1863 ut
1444 1816 1778 1863 remanerent
1803 1805 1942 1876 apud
1972 1805 2113 1871 illos,
2177 1867 2181 1871 ,

544 1912 599 1958 ct
641 1902 1007 1959 effunderetur
1053 1903 1175 1958 inde
1221 1905 1393 1958 omnis
1451 1902 1740 1970 spiritualis
1793 1899 2116 1955 intellectus.

545 1995 694 2050 Catia:
720 2010 847 2052 vero
874 1997 925 2049 in
948 2012 1100 2049 mrum
1132 1995 1348 2060 Domini,
1371 1995 1422 2049 id
1450 2005 1532 2049 est
1560 1995 1610 2048 in
1642 2001 1903 2063 potestate
1940 1992 2117 2047 Domi-

546 2089 632 2155 ni;
664 2089 764 2143 vini
797 2089 940 2155 meri,
972 2088 1024 2142 id
1050 2098 1130 2143 est.
1157 2087 1312 2157 Legis
1338 2088 1594 2151 sincera;
1620 2087 1797 2156 plenus
1837 2094 1908 2138 est
1941 2085 2115 2149 mixto,

546 2178 601 2234 id
630 2187 711 2235 est
729 2195 849 2234 cum
876 2178 1003 2235 faece
1029 2178 1381 2248 corporalium
1411 2186 1882 2233 sacramentorum.
1907 2175 1974 2231 Et
1996 2176 2118 2246 quia

546 2273 679 2327 hunc
724 2270 976 2336 humiliat,
1019 2271 1303 2340 superbum
1344 2268 1605 2329 Judzeum,
1645 2277 1693 2323 et
1742 2268 1876 2321 hunc
1910 2267 2117 2332 exultat,

544 2363 888 2419 conﬁtentem
914 2362 1198 2429 Gentilem,
1229 2362 1484 2417 inclinavit
1508 2378 1572 2415 ea:
1594 2364 1687 2414 hoc
1714 2361 1766 2415 in
1790 2360 1943 2426 hunc,
1968 2359 2019 2414 id
2040 2367 2123 2417 est

548 2467 578 2506 a
606 2453 824 2511 iudaice
850 2454 1115 2524 populoin
1141 2452 1401 2509 Gentilem
1431 2452 1701 2523 populum.
1735 2450 1870 2516 Quid
1903 2451 2122 2507 inclina-

550 2545 662 2603 vit?
680 2545 874 2615 Legem
900 2563 913 2599 :
941 2546 1199 2614 eliquatus
1222 2552 1304 2603 est
1329 2543 1451 2598 inde
1469 2543 1755 2612 spiritualis
1785 2542 2120 2607 intellectus;

558 2635 905 2699 Verumtamen
929 2638 1031 2706 fma:
1051 2638 1159 2707 ejus
1182 2652 1281 2693 non
1307 2644 1377 2691 est
1394 2636 1668 2700 exinanita,
1694 2635 1814 2705 quia
1833 2632 2008 2689 omnia
2039 2649 2125 2693 sa-

548 2737 817 2791 cramenta
845 2729 1074 2791 carnalia
1100 2728 1238 2799 apud
1273 2728 1485 2785 Judmos
1513 2734 1903 2787 remanserunt.
1945 2724 2124 2791 Bibent

546 2836 718 2876 oinncs
738 2831 1018 2891 peccatores
1041 2830 1203 2877 terras.
1236 2820 1334 2888 Qui
1367 2819 1588 2883 bibent?
1622 2817 1807 2873 Omnes
1841 2826 2124 2887 peccatores

546 2923 708 2969 terrm.
732 2913 833 2982 Qui
856 2925 1166 2983 peccatores
1188 2913 1383 2975 terrae?
1397 2913 1565 2975 Judaei
1594 2922 1745 2968 erant
1763 2910 1977 2982 quidem
2001 2924 2125 2981 pec-

548 3015 778 3075 calores,
808 3007 902 3067 sed
927 3008 1177 3077 superbi;
1205 3006 1444 3065 Gentiles
1479 3016 1656 3063 autem
1697 3016 1846 3061 erant
1877 3015 2120 3075 peccato-

548 3112 656 3164 res,
688 3098 783 3153 sed
819 3100 1046 3163 humiles
1077 3116 1088 3152 :
1123 3100 1307 3161 Omnes
1348 3110 1628 3169 peccatores
1657 3100 1855 3163 bibent;
1885 3098 1976 3152 sed
2006 3098 2125 3151 vide

547 3191 635 3261 qui
673 3189 878 3256 faecem,
919 3192 1008 3260 qui
1053 3192 1252 3247 vinum.
1298 3193 1501 3246 Etenim
1543 3191 1616 3246 illi
1660 3189 1889 3247 bibendo
1918 3189 2121 3254 faecem,

546 3289 912 3346 evanuerunt;
944 3282 1027 3352 isti
1056 3282 1284 3337 bibendo
1315 3283 1514 3346 vinum,
1542 3280 1814 3352 justiticati
1839 3289 1964 3335 sunt
1992 3295 2124 3335 :au-

546 3372 700 3428 dcam
729 3372 904 3443 dicere
933 3382 986 3431 et
1016 3374 1321 3439 inebriatos,
1351 3383 1405 3428 et
1433 3389 1537 3429 non
1571 3372 1797 3439 timebo;
1827 3380 1987 3445 atque
2025 3371 2128 3427 uti-

549 3479 669 3519 nam
725 3480 912 3521 omnes
952 3467 1032 3521 sic
1078 3464 1444 3535 inebriemini!
1498 3462 1868 3521 Recordamini
1917 3479 1931 3515 :
1978 3460 2126 3516 Catia:

546 3566 661 3623 tuus
690 3557 942 3615 inebrians
983 3575 1132 3627 quam
1169 3556 1629 3637 praeclarus(Psal.
1672 3573 1807 3623 χιιι,
1849 3554 1943 3625 5)ῐ
1989 3553 2123 3620 Quid

546 3649 726 3703 enim?
750 3650 963 3718 putatis,
997 3650 1184 3704 fratres
1205 3650 1333 3715 mei,
1357 3664 1545 3704 omnes
1569 3649 1687 3704 illos
1709 3648 1797 3720 qui
1824 3646 2124 3702 confitendo

546 3742 815 3797 Christum
883 3743 1041 3811 etiam
1106 3743 1240 3801 mori
1285 3743 1602 3809 voluerunt,
1664 3741 1872 3796 sobrios
1925 3738 2123 3793 fuisse?

548 3830 727 3901 Usqm:
767 3833 901 3888 adeo
949 3833 1078 3887 ebrii
1118 3842 1297 3898 erant,
1325 3843 1404 3888 .ut
1445 3848 1571 3888 suos
1617 3849 1720 3888 non
1752 3842 2120 3902 agnoscerent.

546 3925 744 3980 Omnes
787 3927 1065 3997 propinqui
1094 3928 1197 3995 sui,
1230 3928 1317 3998 qui
1354 3942 1447 3982 eos
1488 3942 1519 3980 a
1550 3944 1641 3996 spe
1665 3926 1959 3981 etelestium
1990 3940 2123 3999 prte-

546 4017 775 4072 miorum
818 4018 1039 4073 terrenis
1080 4018 1453 4074 blandimentis
1497 4027 1735 4073 avertere
1778 4017 1943 4071 moliti
1976 4025 2116 4082 sunt,

546 4122 651 4163 non
675 4118 802 4164 sunt
826 4110 1009 4181 agniti,
1040 4126 1143 4166 non
1175 4121 1295 4181 sunt
1323 4110 1483 4167 auditi
1514 4110 1581 4167 ab
1621 4110 1800 4165 ebriis.
1834 4108 1945 4163 Non
1972 4115 2123 4164 erant

545 4310 660 4351 rum
688 4312 839 4351 mens
862 4296 1086 4351 alienata
1109 4306 1221 4357 erat
1242 4297 1307 4377 ab
1325 4296 1427 4353 hoc
1448 4298 1678 4353 saiculo?
1708 4296 1900 4362 Bibent,
1932 4297 2117 4366 inquit,

544 4404 716 4443 omnes
744 4400 1026 4460 peccatores
1064 4400 1227 4444 teme.
1261 4389 1364 4445 Sed
1407 4390 1493 4460 qui
1524 4390 1705 4444 bibent
1732 4388 1947 4443 vinum?
1987 4388 2115 4442 Pec-

542 4570 853 4645 stificeiitur,
890 4588 996 4628 non
1027 4581 1083 4625 ιιι
1110 4573 1414 4641 puniantur.

614 4665 699 4719 15.
734 4663 881 4739 [uera
909 4664 1022 4740 10.]
1050 4663 1160 4737 Ego
1187 4675 1352 4729 autem
1382 4681 1401 4719 :
1423 4680 1545 4720 nam
1566 4679 1752 4720 omnes
1774 4666 1991 4734 bibunt;
2022 4667 2117 4724 sed

541 4769 779 4811 seorsum
807 4774 913 4824 ego,
942 4758 992 4813 id
1023 4766 1106 4812 est
1132 4758 1522 4825 Christuscum
1550 4773 1774 4829 corpore
1793 4773 1921 4821 suo;
1948 4762 1997 4813 in
2017 4777 2115 4816 sa:-

536 4845 708 4898 culum
736 4848 995 4916 gaudebo;
1025 4849 1241 4920 psallam
1273 4850 1375 4904 Deo
1410 4849 1573 4905 Iacob
1601 4866 1619 4903 :
1650 4851 1996 4921 promissione
2028 4854 2112 4907 illa

490 5004 493 5011 ἱ
536 4936 712 4991 futura
746 4938 795 4991 in
826 4938 947 5007 line,
978 4941 1045 4997 de
1073 4957 1176 5011 qua
1207 4942 1417 5010 dicitur,
1449 4941 1532 5009 Ne
1550 4959 1865 5015 corrumpas.
1895 4944 2001 5015 Ego
2022 4961 2117 4997 au-

538 5040 633 5082 tem
658 5030 707 5087 in
729 5031 969 5101 stimulum
992 5034 1239 5102 gaudebo.

609 5124 694 5179 14.
720 5123 868 5198 [rem
896 5123 1008 5199 ll.]
1036 5123 1101 5177 Et
1145 5128 1311 5181 omnia
1334 5143 1526 5183 cornua
1551 5140 1869 5199 peccatorum
1890 5131 2114 5199 confrin-

537 5231 652 5285 gam
670 5231 689 5280 ;
720 5225 766 5270 et
787 5216 1143 5273 exultabantur
1166 5234 1357 5272 cornua
1372 5221 1522 5289 justi.
1546 5220 1660 5276 Hoc
1692 5229 1794 5283 est,
1832 5220 1980 5276 Hunc
2014 5223 2109 5275 liu-

538 5310 715 5374 milint,
747 5319 790 5365 et
815 5309 951 5369 hunc
976 5310 1184 5369 mltat.
1212 5310 1404 5367 Nolunt
1429 5313 1525 5368 sibi
1548 5314 1713 5383 frangi
1738 5316 1756 5345 ²
1774 5330 1966 5369 cernua
1994 5330 2112 5382 pecs

539 5411 766 5465 calores,
794 5416 910 5470 qua:
936 5402 1051 5457 sine
1076 5401 1235 5457 dubio
1256 5401 1561 5471 frangentur
1585 5405 1636 5459 in
1667 5405 1789 5460 line.
1815 5405 1924 5460 Non
1953 5407 2027 5459 vis
2056 5414 2111 5460 ut

538 5489 625 5545 ille
658 5500 780 5545 tunc
805 5490 1047 5565 frangat?
1072 5504 1125 5561 tu
1154 5492 1311 5549 hodie
1338 5493 1540 5575 frange.
1583 5497 1786 5553 Audisti
1835 5498 1973 5553 enim
2016 5514 2107 5551 su-

535 5598 663 5651 pra;
709 5582 818 5639 noli
864 5597 1250 5653 c0ntemuere:
1300 5585 1423 5642 Dixi
1458 5588 1673 5659 iniquis,
1725 5588 1894 5644 Nolite
1944 5591 2110 5661 inique

468 5737 485 5765 ⁸η
533 5689 681 5745 agere
698 5684 780 5739 ;et
802 5675 1212 5746 delinquentibus,
1241 5676 1415 5735 Nolite
1439 5682 1661 5735 exaltare
1684 5698 1858 5735 cornu.
1888 5682 2108 5749 Quando

1766 376 1822 435 s.
1865 367 2229 427 AUGUSTINI
2268 370 2565 431 EPIStjopl

3688 384 3795 442 956

2218 489 2430 553 audisti,
2464 490 2636 549 Nolite
2677 495 2899 550 exaltare
2935 513 3110 562 cornu,
3143 498 3544 570 contempsisti,
3574 511 3628 556 et
3652 505 3796 555 exal-

2218 583 2341 636 tasti
2361 598 2553 648 cornu;
2586 588 2766 643 venies
2794 587 2860 642 ad
2892 588 3071 654 finem,
3110 590 3196 647 ubi
3239 591 3347 659 fiet,
3390 590 3576 649 Omnia
3606 610 3799 649 cornua

2220 688 2532 747 peccatorum
2576 680 2912 753 ronfringam,
2952 692 2999 736 et
3038 684 3386 740 exaltabuntur
3425 702 3617 755 cornua
3653 687 3794 756 iusti.

2218 766 2427 823 Cornua
2456 782 2815 839 peccatorum,
2856 774 3138 843 dignitates
3170 777 3561 847 superborum;
3594 795 3797 835 cornua

2215 858 2369 928 justi,
2401 876 2614 918 munera
2646 862 2840 918 Christi
2872 883 2885 918 :
2919 880 3012 936 per
3040 882 3235 922 cornua
3263 869 3404 924 enim
3443 871 3800 927 sublimitates

2219 951 2601 1024 intelliguntur.
2631 954 2820 1011 Oderis
2847 958 2901 1012 in
2932 966 3072 1012 terra
3106 959 3478 1016 sublimitatem
3505 971 3793 1030 terrenam,

2220 1057 2277 1103 ut
2307 1051 2477 1118 possis
2521 1050 2719 1108 habere
2762 1054 3055 1111 cmlestem.
3090 1058 3249 1112 Amas
3279 1068 3582 1125 terrenam;
3616 1077 3721 1116 non
3748 1069 3800 1117 te

2221 1140 2449 1195 admittit
2473 1142 2539 1196 ad
2578 1145 2849 1199 codestem
2893 1164 2907 1202 :
2939 1155 2993 1202 et
3018 1147 3084 1213 ad
3114 1147 3478 1206 confusionem
3511 1140 3801 1222 pertinebit

2219 1230 2359 1301 quod
2398 1230 2654 1302 frangitur
2681 1235 2774 1289 tibi
2814 1251 3009 1303 cornu;
3042 1241 3309 1309 quomodo
3331 1242 3396 1296 ad
3419 1243 3644 1314 gloriam
3675 1259 3797 1314 per-

2222 1322 2427 1391 tinebit,
2458 1325 2501 1378 si
2523 1326 2783 1381 exaltatur
2814 1328 2908 1383 tibi
2931 1344 3115 1385 cornu.
3143 1330 3296 1387 Modo
3325 1347 3451 1404 ergo
3476 1343 3561 1389 est
3589 1344 3799 1405 tempus

2221 1415 2446 1486 eligendi
2472 1436 2486 1481 ;
2519 1427 2641 1474 tunc
2670 1434 2776 1475 non
2802 1421 2922 1476 erit.
2948 1420 3063 1476 Non
3090 1437 3149 1478 es
3173 1424 3426 1490 dicturus,
3471 1426 3719 1481 Dimittar
3746 1438 3798 1483 et

2222 1510 2413 1580 eligam
2451 1529 2465 1566 :
2512 1522 2899 1581 praecesserunt
2940 1513 3081 1568 enim
3111 1529 3287 1580 voces,
3335 1515 3454 1572 Dixi
3490 1519 3696 1589 iniquis.
3743 1519 3799 1575 Si

2223 1617 2327 1656 non
2357 1602 2484 1668 dixi,
2534 1619 2658 1674 para
2690 1607 3104 1667 excusationem,
3143 1622 3272 1679 para
3313 1608 3678 1665 defensionem
3708 1630 3722 1665 :
3756 1613 3801 1667 si

2224 1702 2398 1750 autem
2433 1695 2577 1762 dixi,
2605 1712 2919 1768 praeoccupa
2947 1698 3353 1764 confessionem,
3395 1717 3462 1755 nc
3503 1701 3686 1757 venias
3734 1701 3800 1758 ad

2223 1786 2649 1854 damnationem;
2688 1791 2810 1860 quia
2851 1797 2975 1845 tunc
3016 1790 3278 1846 confessio
3316 1806 3435 1847 sera
3460 1793 3583 1857 erit,
3625 1802 3680 1847 et
3704 1795 3800 1849 de-

2224 1877 2394 1933 fensio
2419 1880 2563 1934 nulla
2588 1880 2710 1936 erit.

2233 2014 3804 2041 ._.________________

2620 2094 2705 2157 IN
2745 2096 3123 2160 PSALMUM
3164 2098 3401 2160 LXXV

2791 2217 3202 2274 ENARRATIO.

2742 2349 2913 2388 εειιιιο
2942 2352 2970 2389 Λ
2980 2351 3009 2388 D
3036 2351 3239 2390 PLEBEM
3248 2376 3259 2386 .

2299 2452 2349 2508 1.
2384 2450 2529 2522 iners.
2554 2448 2634 2522 2.]
2660 2448 2844 2505 Solent
2868 2449 3064 2504 inimici
3095 2446 3432 2504 Dominiiesu
3460 2446 3657 2503 Christi
3683 2461 3803 2502 om-

2224 2543 2383 2598 nibus
2414 2542 2521 2597 noti
2551 2541 2718 2597 Judaei
2749 2541 2959 2611 gloriari
3000 2541 3049 2594 in
3078 2540 3178 2593 isto
3202 2539 3402 2609 psalmo
3424 2554 3578 2610 quem
3616 2547 3805 2593 canta-

2228 2634 2419 2698 vimus,
2448 2633 2700 2697 dicentes,
2734 2630 2900 2685 Notus
2940 2632 2992 2683 in
3022 2630 3204 2684 Judtra
3228 2628 3403 2693 Deus;
3428 2631 3479 2682 in
3504 2628 3675 2683 Israel
3696 2645 3806 2682 map

2229 2743 2383 2797 gnum
2420 2742 2600 2781 nomen
2638 2727 2782 2796 ejus,
2825 2734 2871 2779 et
2917 2724 3165 2780 insultare
3194 2724 3451 2779 Gentibus
3479 2722 3675 2792 quibus
3704 2738 3807 2778 nou

2228 2831 2313 2876 est
2337 2830 2494 2876 notus
2538 2819 2698 2884 Deus,
2749 2828 2803 2875 et
2839 2819 3015 2874 dicere
3038 2819 3181 2890 quia.
3209 2818 3307 2871 sibi
3352 2817 3481 2871 solis
3532 2824 3693 2870 notus
3729 2827 3806 2871 est

2232 2913 2400 2977 Deus;
2435 2913 2645 2984 quando
2682 2913 2944 2984 Propheta
2974 2913 3119 2974 dicit,
3149 2911 3317 2967 Notus
3345 2912 3397 2965 in
3422 2910 3610 2965 iudica
3637 2909 3807 2965 Deus:

2230 3005 2355 3061 alibi
2382 3020 2508 3076 ergo
2537 3007 2759 3076 ignotus
2793 3005 2959 3061 Notus
2987 3014 3069 3060 est
3109 3013 3284 3059 autem
3332 3017 3516 3058 revera
3549 3003 3601 3057 in
3627 3001 3807 3057 .lndwa

2233 3100 2392 3166 Deus,
2419 3101 2461 3153 si
2486 3100 2778 3169 intelligant
2803 3098 2926 3169 quid
2960 3099 3027 3153 sit
3048 3098 3250 3155 Judaea.
3280 3096 3412 3153 Nam
3438 3110 3563 3151 vere
3592 3110 3703 3151 non
3729 3107 3808 3152 est

2231 3201 2389 3249 notus
2415 3192 2554 3249 Deus
2583 3192 2680 3246 nisi
2713 3192 2765 3246 in
2808 3190 3010 3247 Iudaea.
3042 3190 3182 3246 Ecce
3210 3200 3264 3247 et
3305 3204 3403 3245 nos
3429 3189 3532 3244 hoc
3560 3188 3805 3253 dicimus,

2230 3284 2353 3352 quia
2379 3284 2478 3338 nisi
2503 3284 2728 3354 quisque
2762 3283 2917 3339 fuerit
2947 3284 2999 3338 in
3038 3282 3239 3348 Judma,
3268 3290 3424 3339 notus
3446 3282 3494 3337 ei
3528 3281 3672 3336 Deus
3695 3295 3809 3336 esse

2232 3391 2336 3432 non
2368 3385 2560 3446 potest.
2591 3374 2697 3432 Sed
2721 3376 2846 3446 quid
2876 3376 3003 3431 dicit
3038 3375 3360 3445 Apostolus?
3397 3372 3495 3440 Qui
3522 3375 3578 3428 in
3618 3374 3809 3427 occulto

2229 3469 2443 3525 Judteus
2471 3477 2575 3535 est;
2613 3469 2701 3538 qui
2740 3468 3115 3523 circumcisione
3145 3467 3329 3535 cordis,
3371 3482 3470 3521 non
3507 3466 3699 3534 littera,
3725 3463 3809 3518 sed

2230 3563 2410 3630 spiritu
2436 3558 2607 3631 (Rom.
2642 3576 2698 3627 ιι,
2729 3560 2822 3629 29)
2850 3577 2864 3614 :
2890 3568 3015 3613 sunt
3056 3574 3181 3630 ergo
3220 3556 3387 3617 «ιιιᾱωὶ
3439 3557 3489 3611 in
3524 3556 3809 3625 circumci-

2228 3655 2378 3721 ‘sioue
2403 3654 2597 3719 carnis,
2624 3661 2678 3707 et
2705 3661 2827 3707 sunt
2862 3651 3032 3706 Judaei
3078 3651 3129 3706 in
3167 3648 3567 3705 circumcisione
3609 3645 3806 3702 cordis.

2230 3747 2416 3803 Patres
2443 3747 2606 3803 nostri
2642 3746 2789 3800 multi
2818 3746 3009 3811 sancti,
3046 3754 3100 3801 et
3140 3742 3602 3803 circumcisionem
3634 3741 3810 3797 carnis

2228 3840 2495 3899 habebant
2522 3850 2739 3911 propter
2756 3840 3080 3911 signaculum
3102 3837 3245 3904 ﬁdei,
3269 3846 3322 3893 et
3344 3835 3806 3893 circumcisionem

2222 3934 2405 3989 cordis
2428 3943 2644 4004 propter
2666 3934 2831 4003 ipsam
2862 3932 3037 3988 tidem.
3072 3932 3153 3986 Ab
3190 3930 3273 3984 his
3309 3927 3545 3998 patribus
3571 3926 3804 3998 degene-

2226 4034 2406 4080 rantes
2433 4025 2517 4080 isti
2542 4025 2629 4094 qui
2652 4024 2810 4078 modo
2834 4025 2885 4078 in
2909 4023 3121 4078 nomine
3143 4021 3435 4092 gloriantur
3449 4026 3506 4076 et
3525 4016 3665 4085 facta
3687 4032 3807 4088 per-

2227 4118 2507 4182 diderunt;
2536 4120 2603 4173 ab
2634 4117 2715 4173 his
2750 4132 2878 4189 ergo
2906 4116 3139 4187 patribus
3164 4115 3568 4186 degenerantes,
3591 4127 3805 4177 reman-
3886 4168 3897 4174 _

545 4202 698 4266 ebrii,
727 4203 916 4273 quibus
950 4213 1204 4265 mutatum
1228 4219 1320 4258 cor
1338 4204 1488 4258 erat?
1509 4203 1623 4258 Non
1645 4212 1798 4265 erant
1818 4201 1969 4266 ebrii,
1992 4217 2124 4270 quo-

2227 4222 2413 4267 serunt
2441 4212 2491 4266 in
2517 4226 2677 4266 carne
2704 4209 2894 4275 Judmi,
2924 4210 2975 4263 in
2999 4209 3159 4265 corde
3184 4207 3399 4279 Pagani.
3424 4206 3530 4277 Ipsi
3555 4207 3700 4263 enim
3718 4205 3806 4262 Ju-

2227 4303 2350 4370 daei,
2383 4305 2471 4374 qui
2500 4315 2622 4360 sunt
2645 4320 2709 4359 ex
2752 4303 3037 4367 Abraham,
3069 4318 3097 4356 a
3128 4318 3234 4373 quo
3265 4301 3409 4358 Isaac
3437 4309 3596 4355 natus
3624 4310 3729 4367 est,
3754 4307 3804 4354 et

2226 4411 2293 4452 ex
2320 4397 2411 4452 illo
2437 4396 2618 4460 Jacob,
2643 4406 2695 4452 et
2714 4413 2780 4452 ex
2798 4396 2961 4451 Jacob
2993 4396 3270 4452 duodecim
3297 4393 3643 4459 Patriarelne,
3670 4403 3722 4448 et
3739 4408 3804 4448 ex

545 4489 753 4539 catures
777 4480 980 4544 bibent,
1024 4480 1115 4543 sed
1156 4496 1224 4537 ne
1251 4490 1559 4535 remaneant
1588 4490 1919 4550 peccatores;
1951 4488 2006 4534 ut
2028 4478 2119 4551 ju—
2173 4484 2183 4537 έ

2225 4488 2503 4545 duodecim
2545 4488 2862 4543 Patriarchis
2907 4488 3130 4557 populus
3172 4487 3453 4549 universus
3475 4485 3802 4545 iudiearem.

2226 4582 2329 4637 Sed
2355 4581 2521 4637 Judaei
2549 4592 2827 4652 propterea
2858 4582 3086 4637 maxime
3111 4579 3358 4649 appellati
3398 4587 3543 4645 sunt,
3573 4578 3698 4649 quia
3716 4577 3806 4634 Ju-

2178 4746 2182 4750 ι
2224 4674 2322 4730 das
2348 4689 2483 4728 unus
2508 4682 2621 4728 erat
2646 4672 2714 4727 de
2742 4672 2861 4727 ﬁliis
2888 4672 3167 4729 duodecim
3189 4671 3373 4736 Jacob,
3402 4669 3708 4741 patriarcha
3727 4670 3804 4725 in-

2173 4752 2182 4840 :
2220 4776 2306 4823 ter
2332 4765 2632 4831 duodecim,
2659 4775 2714 4821 et
2740 4766 2806 4821 de
2829 4766 2993 4835 stirpe
3016 4766 3129 4834 ejus
3169 4778 3389 4835 regnum
3429 4764 3681 4821 veniebat
3714 4763 3803 4819 .lu-

2167 4926 2170 4929 λ
2221 4860 2370 4913 dacis.
2418 4859 2545 4912 Nam
2584 4860 2759 4915 omnis
2798 4858 2886 4913 ille
2934 4859 3158 4927 pepulus
3192 4856 3483 4919 secundum
3521 4869 3799 4912 numerum

2174 4940 2179 4947 ’
2220 4952 2497 5011 duodecim
2539 4951 2766 5009 ﬁliorum
2809 4950 2973 5013 Jacob
3017 4950 3301 5007 duodecim
3342 4950 3515 5009 tribus
3553 4950 3795 5007 habebat.

2220 5044 2413 5098 Tribus
2436 5043 2683 5099 dicuntur
2699 5042 3118 5111 tanquamcurize
3138 5051 3196 5098 et
3221 5043 3665 5112 eongregationes
3690 5042 3795 5097 dis-

2222 5136 2399 5191 tinctae
2454 5135 2785 5204 populorum.
2818 5133 3054 5191 Habebat
3073 5148 3200 5203 ergo
3226 5134 3313 5189 ille
3340 5134 3570 5203 populus
3597 5132 3803 5188 duode-‘

2218 5227 2320 5281 ciui
2346 5226 2541 5291 tribus;
2566 5242 2596 5278 e
2615 5225 2806 5294 quibus
2823 5224 3103 5281 duodecim
3126 5224 3367 5279 tribubus
3385 5240 3489 5283 una
3508 5224 3677 5280 tribus
3691 5233 3797 5280 erat

2216 5320 2349 5376 Juda
2370 5336 2431 5373 ex
2459 5333 2560 5387 qua
2592 5325 2743 5373 erant
2769 5332 2946 5388 reges,
2978 5326 3035 5373 et
3060 5326 3177 5372 erat
3199 5318 3366 5374 altera
3391 5320 3566 5379 tribus
3588 5319 3713 5375 Levi
3735 5335 3791 5373 es

2217 5429 2319 5482 qua
2344 5420 2498 5466 erant
2541 5410 2862 5465 sacerdotes.
2910 5408 3013 5467 Sed
3042 5412 3164 5480 quia
3203 5412 3572 5469 sacerdotibus
3603 5413 3793 5482 templo

2216 5503 2570 5559 servientibus
2620 5510 2757 5559 terra
2803 5501 2967 5557 divisa
3010 5516 3113 5557 non
3155 5510 3237 5559 est
3280 5501 3464 5573 (Nam.
3498 5520 3651 5569 xvm,
3682 5502 3787 5573 ΞΟ),

2216 5596 2494 5668 oportebat
2531 5604 2706 5651 autem
2739 5603 2795 5648 ut
2822 5593 3100 5649 duodecim
3146 5594 3387 5650 tribubus
3421 5593 3789 5664 dispertiretur

2216 5691 2391 5751 omnis
2419 5691 2562 5759 regio
2581 5687 2945 5760 promissionis
2967 5704 2982 5742 :
3003 5696 3229 5756 excepta
3249 5701 3377 5759 ergo
3399 5701 3505 5747 uua
3528 5687 3668 5742 tribu
3688 5701 3786 5740 ma-

2213 5784 2344 5855 joris
2367 5781 2657 5852 dignitatis,
2684 5779 2820 5833 tribu
2850 5777 2995 5843 Levi,
3025 5794 3143 5847 qua:
3173 5787 3289 5834 erat
3326 5779 3378 5831 in
3401 5777 3777 5841 sacerdotibus,

2217 5882 2555 5935 remanerent
2597 5872 2861 5941 undecim,
2907 5870 3008 5927 nisi
3047 5884 3142 5941 per
3182 5867 3519 5943 adoptionem
3567 5868 3781 5931 duorum
