4076 6470
197 430 300 491 957

201 553 432 608 tiliorum
455 549 653 622 Ioseph
681 546 961 607 duodecim
982 548 1393 619 complerentur.
1413 545 1526 601 Hoc
1545 543 1669 615 quid
1690 544 1780 609 sit,

199 644 480 701 advertite.
513 642 661 699 Unus
689 640 757 698 de
782 634 1061 697 duodecim
1090 632 1212 695 [iliis
1234 637 1397 695 Iacob
1422 646 1539 693 erat
1561 634 1778 703 Ioseph.

199 738 303 794 Iste
330 746 413 793 est
432 735 632 806 Ioseph
656 726 812 806 quem
834 730 1026 789 fratres
1064 733 1145 788 sui
1181 732 1235 788 in
1272 730 1559 802 IEgyptum
1596 727 1785 784 vendi-

200 834 415 900 derunt,
448 839 502 887 et
524 831 628 887 illic
653 830 843 886 merito
869 828 1127 885 castitatis
1154 826 1219 882 ad
1249 827 1528 881 sublimem
1554 824 1782 895 dignita-

202 938 304 983 tem
336 927 625 998 perductus
647 933 746 990 est,
772 934 825 980 et
864 923 1027 979 adfuit
1052 923 1125 978 illi
1172 922 1308 977 Deus
1334 922 1386 976 in
1430 922 1573 977 onmi
1620 934 1782 989 opere

199 1035 325 1086 suo;
357 1028 412 1075 et
432 1019 664 1089 suscepit
685 1016 874 1073 fratres
903 1031 1029 1072 suos
1072 1031 1101 1068 a
1131 1016 1322 1087 quibus
1361 1012 1605 1069 venditus
1645 1020 1779 1077 erat,

200 1122 252 1169 et
298 1121 526 1181 patrem,
578 1109 716 1165 fame
762 1110 1099 1175 laborantes,
1148 1119 1201 1163 et
1239 1117 1455 1178 propter
1487 1121 1677 1176 panem
1717 1105 1780 1158 ad

202 1204 493 1277 {Egyptum
519 1203 927 1259 descendentes.
969 1202 1072 1257 Iste
1110 1200 1307 1272 Ioseph
1344 1199 1479 1277 duos
1511 1199 1646 1253 filios
1683 1197 1781 1251 ha-

200 1274 624 1367 buit‘,iEphraim
660 1304 715 1351 et
740 1294 999 1350 Manasse.
1037 1294 1266 1349 Moriens
1307 1274 1491 1359 Iacco,
1533 1303 1780 1361 tanquam

200 1398 523 1448 testamento
546 1393 585 1455 ¹,
604 1390 891 1460 assumpsit
908 1388 1028 1444 illos
1044 1396 1265 1458 nepotes
1284 1401 1408 1442 suos
1429 1387 1479 1442 in
1503 1400 1780 1441 numerum

199 1484 452 1550 ﬁliorum,
480 1492 535 1538 et
559 1481 692 1536 dixit
722 1473 830 1535 lilio
859 1495 955 1535 suo
981 1480 1173 1549 Ioseph
1206 1497 1221 1535 :
1250 1477 1429 1535 Crateri
1455 1477 1542 1547 qtti
1562 1492 1780 1531 nascun-

199 1587 297 1643 tur,
324 1576 416 1632 tibi
440 1586 621 1641 erunt;
640 1576 724 1630 isti
749 1584 911 1629 autem
942 1575 1083 1635 mihi.
1119 1583 1166 1629 et
1204 1573 1424 1627 divident
1453 1580 1637 1625 terram
1669 1586 1784 1623 eum

200 1670 441 1740 fratribus
465 1669 571 1724 suis
598 1665 749 1741 (Gen.
777 1682 960 1733 vam,
980 1668 1033 1732 5,
1052 1667 1131 1737 6).
1155 1665 1343 1720 Adhuc
1371 1680 1473 1719 non
1496 1672 1609 1719 erat
1636 1662 1779 1728 data,

153 1764 161 1779 '
198 1777 297 1818 nec
317 1761 487 1816 divisa
519 1767 657 1815 terra
688 1758 1084 1829 promissionis;
1111 1756 1205 1812 sed
1233 1755 1441 1811 dicebat
1466 1754 1557 1809 ille
1580 1754 1631 1808 in
1659 1752 1782 1822 Spi-

199 1853 301 1909 ritu
332 1852 675 1922 prophetans.
706 1849 1092 1905 Accedentibus
1119 1862 1247 1918 ergo
1289 1846 1493 1901 duobus
1538 1844 1658 1899 ﬁliis
1694 1842 1786 1899 Io-

197 1944 356 2015 seph,
386 1945 537 1998 facta:
572 1951 697 1998 sunt
734 1941 1081 1996 nihilominus
1126 1938 1404 1995 duodecim
1433 1937 1619 2003 tribus,
1660 1935 1782 2006 quia

194 2039 301 2110 jam
331 2037 587 2094 tredecim
618 2045 742 2092 sunt
769 2054 782 2090 :
812 2051 909 2107 pro
956 2050 1056 2090 una
1085 2034 1224 2089 enim
1254 2034 1391 2089 tribu
1417 2029 1636 2101 Ioseph,
1664 2029 1783 2084 duae

194 2138 559 2196 accesserunt,
610 2137 665 2185 et
711 2128 862 2184 facta“:
910 2137 1032 2182 sunt
1077 2125 1351 2181 tredecim.
1395 2124 1627 2193 Excepta
1657 2136 1784 2192 ergo

196 2222 339 2278 tribu
372 2220 520 2288 Levi,
552 2220 638 2276 illa
671 2220 809 2275 tribu
840 2218 1173 2275 sacerdotum
1202 2232 1320 2287 qua:
1354 2215 1617 2270 serviebat
1649 2220 1786 2268 tem-

195 2314 305 2384 plo,
345 2321 402 2370 et
428 2313 496 2370 de
520 2313 742 2369 decimis
769 2312 979 2368 vivebat
1000 2319 1312 2366 caeterarum
1337 2308 1569 2362 omnium
1594 2306 1786 2376 quibus

196 2413 341 2463 terra
363 2405 531 2461 divisa
562 2415 663 2471 est,
693 2413 969 2461 remanent
987 2402 1288 2459 duodecim.
1314 2399 1370 2456 In
1401 2399 1484 2456 his
1503 2398 1783 2455 duodecim

196 2506 315 2554 erat
346 2499 515 2555 tribus
540 2498 693 2564 Iuda,
719 2497 859 2553 unde
883 2511 1040 2567 reges
1062 2502 1233 2550 erant.
1256 2493 1386 2549 Nam
1407 2493 1581 2565 primo
1598 2491 1664 2547 de
1684 2490 1784 2544 alia

198 2595 340 2652 tribu
369 2594 527 2650 datus
560 2601 642 2648 est
678 2606 771 2648 rex
800 2589 925 2646 Sani
948 2588 993 2660 (Ι
1022 2589 1151 2660 Reg.
1174 2603 1252 2652 tx,
1288 2584 1362 2656 l),
1393 2594 1444 2639 et
1474 2582 1786 2653 reprobatus

197 2696 281 2744 est
306 2695 558 2757 tanquam
580 2684 750 2739 malus
774 2698 901 2748 rex;
930 2688 1112 2752 postea
1134 2680 1288 2734 datus
1307 2686 1389 2732 cet
1406 2675 1474 2731 de
1496 2675 1632 2730 tribu
1652 2671 1786 2729 Iuda

198 2797 297 2838 rex
328 2780 516 2848 David,
542 2787 597 2835 et
620 2794 686 2835 ex
707 2778 799 2833 illo
830 2777 895 2833 de
924 2775 1063 2831 tribu
1102 2772 1236 2830 Iuda
1266 2771 1478 2827 fuerunt
1499 2782 1653 2840 reges
1674 2765 1787 2837 (Id.

200 2889 307 2938 xvt,
340 2870 453 2942 l2).
480 2870 644 2927 Iacob
679 2878 855 2923 autem
885 2868 972 2923 ille
992 2866 1095 2922 hoc
1130 2864 1356 2930 dixerat,
1385 2860 1598 2932 quando
1618 2858 1783 2914 bene-

154 3010 163 3023 .
201 2964 412 3018 dixerat
438 2962 574 3017 ﬁlios
598 2975 725 3016 suos
758 2978 772 3014 :
803 2958 923 3013 Non
950 2956 1143 3026 deﬁciet
1172 2955 1403 3025 princeps
1422 2952 1485 3006 de
1505 2950 1669 3017 Iuda,
1697 2966 1789 3004 nee

202 3058 307 3112 dua:
327 3056 391 3111 de
413 3053 684 3129 femoribus
708 3055 834 3124 ejus,
861 3052 1019 3105 donec
1036 3050 1198 3103 veniat
1232 3047 1314 3101 cui
1339 3045 1696 3116 repromissum
1717 3049 1790 3096 est

204 3148 358 3222 (Gen.
379 3163 523 3215 mx,
553 3146 664 3218 10).
693 3147 769 3203 De
813 3145 951 3201 tribu
990 3152 1166 3199 autem
1200 3141 1333 3197 Iuda
1364 3140 1509 3195 venit
1534 3138 1788 3193 Dominus

201 3252 388 3298 noster
422 3240 576 3296 Iesus
603 3238 871 3295 Christus.
917 3236 1013 3292 Est
1041 3235 1215 3298 enim,
1240 3234 1376 3288 sicut
1399 3229 1669 3301 Scriptura
1702 3227 1788 3283 di-

198 3336 275 3392 cit
302 3342 360 3389 et
378 3332 538 3389 modo
558 3331 799 3398 audistis,
835 3346 898 3384 ea:
915 3328 1103 3384 semine
1123 3325 1311 3393 David,
1338 3333 1494 3379 natus
1517 3323 1585 3378 de
1603 3321 1784 3376 Maria.

199 3425 468 3484 Caeterum
495 3423 635 3496 quod
664 3424 852 3478 attinet
892 3421 958 3476 ad
999 3419 1327 3475 divinitatem
1377 3414 1586 3471 Domini
1622 3413 1788 3467 nostri

198 3519 331 3576 Iesu
357 3516 588 3582 ‘Christi,
634 3516 686 3570 in
728 3529 829 3585 qua
880 3511 1099 3583 aequalis
1138 3518 1222 3565 est
1248 3508 1422 3574 Patri;
1467 3522 1570 3561 non
1616 3505 1787 3561 solum

199 3619 329 3667 ante
367 3608 601 3672 Iudzeos,
645 3605 740 3661 sed
769 3605 929 3660 etiam
972 3612 1097 3657 ante
1125 3602 1296 3671 ipsum
1324 3597 1590 3655 Abraham
1610 3595 1785 3667 (Joan.

201 3718 316 3768 vm,
350 3701 441 3773 58)
465 3718 481 3767 ;
504 3714 603 3756 nec
622 3698 792 3754 solum
820 3705 943 3751 ante
958 3693 1246 3757 Abraham,
1270 3690 1363 3747 sed
1382 3698 1436 3745 et
1452 3699 1574 3745 ante
1598 3688 1785 3751 Adam;

203 3814 305 3855 nec
328 3798 502 3852 solum
532 3802 657 3848 ante
691 3791 884 3858 Adam,
912 3789 1005 3845 sed
1034 3798 1087 3845 et
1117 3795 1239 3843 ante
1268 3787 1461 3841 cretum
1492 3793 1543 3837 et
1572 3793 1788 3846 terram,

203 3901 258 3949 et
283 3901 409 3945 ante
451 3886 677 3943 srecula:
705 3884 829 3955 quia
868 3882 1038 3938 omnia
1065 3898 1154 3953 per
1190 3881 1358 3950 ipsum
1386 3881 1520 3950 facta
1563 3883 1698 3938 sunt,
1743 3882 1793 3929 et

202 3986 311 4039 sine
342 3983 456 4054 ipso
487 3983 678 4053 factum
716 3985 790 4031 est
814 3975 943 4031 nihil
963 3973 1071 4046 (Id.
1104 3989 1143 4041 ι,
1172 3970 1248 4044 3).
1276 3971 1408 4039 Quia
1439 3984 1566 4041 ergo
1593 3969 1645 4023 in
1669 3982 1793 4038 pro-

204 4074 383 4146 phetia
414 4072 611 4125 dictum
636 4077 738 4135 est,
783 4063 903 4121 Non
934 4065 1129 4134 deficiet
1165 4066 1395 4134 princeps
1423 4079 1486 4117 ea:
1511 4061 1671 4121 Iuda.
1702 4074 1792 4114 ne-

203 4183 303 4237 que
333 4165 443 4219 dua:
475 4163 536 4216 de
560 4160 833 4233 femoribus
862 4161 989 4230 ejus,
1032 4157 1190 4211 donec
1222 4156 1386 4209 venint
1414 4155 1495 4209 cui
1523 4152 1793 4221 repromis—

202 4276 319 4314 sum
356 4265 428 4311 est
452 4270 471 4309 :
495 4252 902 4310 considerantur
936 4249 1113 4320 priora
1142 4256 1400 4317 tempora,
1427 4252 1481 4298 et
1520 4243 1792 4297 invenitur

203 4352 333 4421 quia
359 4347 527 4404 Iudtei
567 4342 632 4402 de
675 4344 813 4400 tribu
850 4341 981 4398 Iuda
1024 4354 1235 4410 semper
1275 4351 1430 4408 reges
1471 4334 1788 4401 habuerunt,

207 4443 355 4500 unde
381 4441 505 4497 dicti
530 4450 652 4496 sunt
676 4437 879 4503 Iudaei;
908 4445 961 4491 et
992 4449 1094 4490 non
1126 4433 1423 4487 habuerunt
1443 4444 1620 4501 regem
1644 4428 1793 4499 prius

205 4535 586 4605 alienigenam,
616 4531 720 4586 nisi
750 4528 1014 4584 Herodem
1044 4526 1193 4581 illum
1219 4522 1308 4594 qui
1335 4521 1431 4576 fuit
1453 4514 1666 4592 quandd
1690 4518 1793 4573 Do-

206 4629 393 4685 minus
429 4632 583 4680 natus
623 4631 702 4679 est
731 4621 877 4693 (Luc.
922 4635 999 4685 ut,
1046 4618 1123 4689 t).
1161 4615 1288 4672 Inde
1325 4621 1602 4684 coeperunt
1639 4626 1795 4682 reges

207 4721 547 4791 alienigenae,
576 4717 644 4773 ab
662 4714 893 4771 Herode.
919 4715 1055 4767 Ante
1080 4708 1344 4764 Herodem
1370 4721 1555 4761 omnes
1571 4704 1638 4760 de
1656 4698 1792 4759 tribu

207 4812 368 4878 Iuda,
394 4811 490 4867 sed
528 4809 698 4866 donec
739 4805 946 4862 veniret
986 4803 1069 4857 cui
1092 4800 1452 4871 repromissum
1489 4806 1581 4851 est.
1612 4795 1794 4867 Itaque

209 4908 332 4978 ipso
350 4905 461 4976 jam
485 4902 729 4958 veniente
771 4898 1015 4961 Domino,
1046 4907 1290 4949 eversum
1332 4899 1415 4946 est
1444 4904 1663 4957 regnum
1702 4887 1794 4944 Iu-

209 4998 474 5063 daeorum,
495 5003 550 5049 et
567 4992 825 5049 sublatum
849 4998 931 5044 est
954 5002 1018 5043 ex
1043 4985 1261 5042 Iudaeis.
1291 4982 1446 5037 Modo
1470 4996 1574 5035 non
1601 4981 1795 5035 habent

208 5103 460 5159 regnum,
499 5084 620 5155 quia
659 5082 847 5137 nolunt
890 5076 1213 5150 cognoscere
1248 5089 1432 5130 verum
1464 5088 1665 5143 regem.
1698 5071 1793 5125 Vi-

208 5182 335 5238 dete
357 5179 468 5250 jam
510 5177 554 5233 si
583 5173 751 5232 Iudaei
802 5173 908 5227 sint
957 5168 1275 5241 appellandi.
1314 5166 1430 5223 Iam
1458 5164 1645 5220 videtis
1673 5164 1792 5234 quia

209 5271 384 5329 Iudaei
425 5284 530 5325 non
556 5274 679 5323 sunt
705 5261 1034 5336 appellandi,
1060 5260 1162 5331 Ipsi
1200 5274 1331 5315 voce
1376 5272 1469 5313 sua
1510 5256 1794 5312 abdicave-

210 5375 341 5423 runt
366 5363 518 5420 seab
544 5361 647 5417 isto
685 5329 920 5423 nomine,
958 5329 1212 5413 u'Iudrei
1241 5368 1346 5408 non
1379 5352 1488 5407 sint
1519 5350 1661 5421 digni
1699 5364 1795 5417 ap—

214 5457 425 5531 pellari,
454 5454 556 5510 nisi
582 5462 786 5508 tantum
814 5464 993 5506 carne.
1025 5448 1126 5505 Ubi
1156 5462 1284 5517 ergo
1322 5461 1381 5501 se
1417 5448 1797 5515 separaverunt

211 5552 281 5607 ab
302 5552 405 5606 isto
428 5546 681 5604 nomine?
712 5544 981 5609 Dicebant,
1011 5539 1301 5596 saeviebant
1336 5538 1388 5593 in
1428 5538 1717 5603 Christum,
1743 5536 1794 5591 id

212 5653 296 5703 est
318 5644 343 5677 ⁸
369 5648 537 5715 genus
558 5639 716 5707 Iuda,
754 5636 1042 5695 saeviebant
1076 5632 1130 5689 in
1167 5646 1349 5687 semen
1394 5629 1578 5685 David.
1625 5629 1691 5683 Et
1724 5628 1798 5682 ait

213 5799 465 5914 aut“
771 5796 1028 5861 assumpto.
1050 5797 1170 5849 Vox,
1186 5791 1449 5859 assumpto,
1471 5786 1614 5837 abest
1634 5787 1697 5837 ab
1713 5784 1798 5837 ali-

281 5911 1479 5986 ἱίᾰὰῖ,ωωῡισεηωδυάα-Αι)θεινὺι.αικ

1132 428 1133 433 “
1220 423 1616 484 ENARRA’I‘IO
1649 421 1718 476 IN
1755 419 2074 479 PSALMUM
2102 420 2309 479 LXXV.

3364 426 3464 483 958

1889 541 1990 597 illis
2015 543 2245 600 Pilatus:
2276 545 2463 616 Regem
2482 555 2694 600 vestrum
2714 548 3051 619 crueifigam?
3081 548 3148 604 Et
3187 549 3262 605 illi
3307 570 3318 604 :
3356 550 3465 605 Nos

1888 653 1987 690 non
2030 638 2267 693 habemus
2309 654 2496 710 regem,
2541 639 2638 694 nisi
2660 636 3105 712 Casei-emporia.
3146 658 3251 709 xtx,
3277 644 3389 714 15).
3421 642 3466 698 0

1886 729 2051 785 Iudzei
2078 730 2167 801 qui
2198 730 2480 795 vocamini,
2504 742 2555 786 et
2588 747 2692 786 non
2728 732 2892 798 estis;
2918 732 2963 787 si
3003 749 3108 788 non
3138 734 3347 789 habetis
3375 751 3462 789 re-

1885 838 2027 894 gem,
2060 825 2160 880 nisi
2205 825 2493 892 Cwsarem,
2534 824 2727 880 deiecit
2754 823 2864 894 jam
2901 824 3146 894 princeps
3178 826 3245 881 de
3280 826 3414 882 Iuda
3446 844 3461 882 :

1888 920 2031 974 venit
2053 934 2178 988 ergo
2204 917 2295 973 ille
2320 918 2398 972 cui
2428 917 2784 989 repromissum
2808 926 2901 971 est.
2929 914 3007 972 Illi
3025 930 3153 987 ergo
3176 919 3350 973 verius
3366 917 3464 974 Iu-

1887 1011 2005 1077 daei,
2053 1012 2141 1081 qui
2170 1011 2444 1066 christiani
2491 1011 2615 1067 facti
2660 1020 2783 1066 sunt
2807 1027 2871 1067 ex
2900 1010 3136 1067 Iudaeis:
3167 1015 3346 1068 caeteri
3368 1014 3461 1068 Iu—

1888 1105 1987 1175 dnji
2015 1105 2103 1175 qui
2141 1106 2191 1159 in
2222 1103 2489 1159 Christum
2534 1119 2638 1160 non
2669 1104 3029 1172 crediderunt,
3071 1104 3233 1160 etiam
3268 1120 3460 1161 nomen

1887 1196 2059 1266 ipsum
2090 1193 2309 1265 perdere
2334 1195 2737 1267 dignifuerunt.
2769 1195 2949 1253 Iudaea
2980 1212 3108 1268 ergo
3132 1210 3280 1265 vera,
3306 1195 3463 1251 Chrio

1887 1291 1954 1345 sti
1984 1289 2217 1345 Ecclesia
2243 1300 2344 1356 est,
2375 1291 2600 1346 credens
2626 1291 2678 1345 in
2714 1290 2861 1346 illum
2901 1306 3079 1362 regem
3107 1292 3196 1361 qui
3222 1292 3367 1346 venit
3397 1305 3462 1346 ex

1889 1382 2027 1437 tribu
2058 1382 2193 1437 Inda
2222 1398 2315 1453 per
2341 1384 2595 1453 virginem
2620 1382 2865 1449 Mariam;
2894 1383 3118 1439 credens
3142 1385 3196 1438 in
3223 1384 3371 1438 illum
3396 1383 3466 1437 de

1887 1492 1992 1547 quo
2016 1477 2173 1531 modo
2203 1476 2487 1546 Apostolus
2509 1475 2736 1539 dicebat,
2755 1476 2821 1531 ad
2837 1476 3171 1531 Timotheum
3200 1476 3460 1532 scribens:

1889 1566 2086 1621 Mentor
2119 1576 2222 1621 esto
2249 1565 2425 1620 Iesum
2454 1565 2707 1623 Christum
2744 1558 3070 1622 "surrexisse
3111 1584 3142 1620 a
3166 1568 3375 1621 mortuis
3405 1582 3468 1621 ex

1888 1660 2073 1714 semine
2099 1659 2280 1725 David,
2312 1660 2584 1714 secundum
2617 1659 2949 1732 Evangelium
2979 1676 3140 1714 meum
3158 1660 3221 1730 (ll
3240 1658 3374 1714 Tim.
3407 1675 3464 1724 II,

1888 1749 1965 1821 8).
1999 1751 2071 1806 De
2093 1750 2226 1807 Iuda
2261 1752 2400 1807 enim
2429 1752 2612 1815 David,
2654 1759 2710 1807 et
2733 1767 2798 1807 ex
2838 1750 2999 1806 David
3026 1751 3279 1806 Dominus
3311 1751 3466 1807 Iesus
3507 1738 3515 1762 ι

1887 1842 2152 1897 Christus.
2184 1840 2291 1896 Nos
2315 1841 2593 1897 credentes
2632 1843 2683 1896 in
2723 1841 2991 1897 Christum
3035 1842 3360 1912 pertinemus
3397 1841 3464 1896 ad

1887 1932 2110 1997 Iudam;
2142 1940 2197 1989 et
2226 1949 2323 1989 nos
2350 1930 2694 2004 cognovimus
2732 1931 3001 1989 Christum
3031 1932 3118 2003 qui
3163 1931 3332 1988 oculis
3360 1947 3465 1987 non

1888 2026 2135 2094 vidimus,
2177 2026 2280 2082 ﬁde
2324 2028 2636 2082 retinemus.
2668 2025 2782 2082 Non
2820 2024 3240 2098 ergo-insultent
3275 2025 3465 2092 Iudaei,

1888 2120 1978 2191 qui
2001 2119 2111 2190 jam
2138 2135 2243 2174 non
2274 2128 2397 2174 sunt
2425 2119 2595 2175 Indici
2620 2137 2632 2172 :
2662 2118 2761 2189 ipsi
2794 2119 3066 2185 dixerunt,
3095 2115 3207 2172 Nos
3242 2133 3345 2171 non
3376 2116 3470 2170 ha—

1890 2213 2058 2267 bemus
2082 2228 2265 2283 regem,
2304 2214 2400 2266 nisi
2437 2210 2706 2266 Ctesarem.
2733 2211 2863 2266 Nam
2890 2211 3082 2266 melius
3106 2211 3210 2266 illis
3247 2218 3382 2277 erat,
3413 2217 3470 2263 ut

1890 2322 1982 2360 rex
2006 2306 2213 2360 illorum
2244 2316 2387 2361 esset
2413 2305 2678 2370 Christus,
2708 2321 2773 2360 ex
2798 2304 3009 2361 semine
3050 2304 3214 2359 David
3243 2305 3310 2360 de
3330 2304 3470 2360 tribu

1890 2395 2044 2451 Iuda.
2075 2394 2277 2452 Tamen
2303 2397 2422 2465 quia
2445 2396 2559 2465 ipse
2587 2395 2831 2451 Christus
2858 2411 2923 2451 ex
2954 2396 3158 2451 semine
3198 2392 3361 2449 David
3381 2408 3469 2449 se-

1892 2486 2122 2540 cundum
2148 2501 2385 2552 carnem,
2416 2486 2554 2541 Deus
2577 2495 2754 2541 autem
2779 2500 2937 2556 super
2955 2485 3133 2541 omnia
3156 2483 3468 2543 benedictus

1892 2577 1943 2631 in
1993 2578 2208 2644 swcula,
2254 2578 2369 2646 ipse
2414 2592 2506 2632 rex
2537 2585 2719 2631 noster
2746 2587 2830 2631 est
2861 2586 2916 2632 et
2957 2578 3096 2631 Deus
3122 2585 3306 2631 noster
3333 2592 3346 2630 :
3378 2589 3472 2630 rex

1891 2675 2093 2735 noster,
2140 2668 2430 2723 secundum
2469 2668 2796 2739 quod‘natus
2833 2677 2914 2722 est
2952 2682 3017 2722 ex
3051 2667 3192 2721 tribu
3218 2666 3353 2722 Iuda
3383 2680 3471 2721 se-

1891 2760 2123 2817 cundum
2161 2773 2398 2825 carnem,
2443 2759 2688 2814 Christus
2735 2758 2990 2813 Dominus
3029 2757 3305 2823 Salvator;
3333 2757 3472 2812 Deus

1891 2862 2066 2907 autem
2090 2860 2294 2919 noster,
2329 2844 2417 2921 qui
2447 2860 2530 2906 est
2565 2859 2690 2905 ante
2721 2848 2931 2912 Iudam,
2967 2856 3022 2903 et
3049 2858 3173 2904 ante
3192 2849 3386 2904 caelum
3417 2857 3472 2903 et

1895 2953 2113 3007 terram,
2153 2956 2248 3013 per
2272 2956 2430 3012 quem
2458 2940 2593 2996 facta
2620 2950 2745 2996 sunt
2773 2941 2971 3007 omnia,
3015 2951 3067 2995 et
3103 2938 3393 3009 spiritualia
3419 2947 3473 2994 ct

1892 3033 2210 3105 corporalia.
2256 3030 2313 3088 Si
2352 3033 2493 3088 enim
2533 3032 2701 3086 omnia
2740 3047 2829 3102 per
2864 3032 3029 3101 ipsum
3069 3032 3205 3102 facta
3234 3039 3388 3095 sunt;
3416 3041 3471 3088 et

1892 3125 2005 3195 ipsa
2030 3123 2191 3179 Maria
2215 3123 2283 3179 de
2305 3137 2410 3195 qua
2442 3134 2596 3178 natus
2613 3132 2715 3186 est,
2742 3137 2837 3192 per
2860 3123 3030 3191 ipsum
3053 3119 3189 3177 facta
3217 3129 3319 3176 est.
3338 3120 3474 3188 Quo-

1892 3216 2055 3272 modo
2081 3231 2209 3287 ergo
2233 3216 2323 3271 ille
2341 3210 2494 3287 quasi
2519 3215 2697 3270 caeteri
2729 3214 2973 3269 homines
3011 3222 3338 3279 nasceretur,
3379 3211 3473 3283 qui

1892 3309 1992 3365 sibi
2024 3308 2149 3365 iecit
2179 3318 2403 3364 matrem
2431 3308 2499 3363 de
2527 3322 2630 3378 qua
2674 3306 3020 3363 nasceretur?
3052 3307 3189 3377 Ergo
3226 3306 3339 3376 ipse
3364 3304 3472 3358 Do-

1893 3404 2068 3459 minus
2099 3420 2112 3455 :
2145 3401 2402 3471 Apostolo
2425 3401 2656 3466 dicente,
2685 3415 2807 3456 cum
2837 3401 3141 3470 loqueretur
3162 3398 3227 3467 de
3247 3396 3470 3462 Iudicis,

1897 3496 2125 3564 Quorum
2165 3502 2365 3564 patres;
2415 3500 2464 3546 et
2508 3507 2572 3546 ea:
2607 3491 2784 3561 quibus
2821 3499 2895 3545 est
2937 3488 3164 3545 Christus
3190 3486 3465 3542 secundum

1893 3601 2117 3653 carnem,
2138 3585 2225 3654 qui
2261 3594 2334 3639 est
2365 3600 2516 3654 super
2538 3583 2708 3637 onmia
2735 3580 2875 3636 Deus
2904 3580 3186 3636 benedictus
3213 3578 3266 3634 in
3286 3578 3475 3632 mula

1897 3674 2071 3749 (Rom.
2102 3690 2176 3741 ιι,
2205 3674 2281 3746 5).
2308 3673 2443 3741 Quia
2467 3688 2598 3744 ergo
2621 3672 2793 3728 Iud:ci
2830 3670 3074 3727 viderunt
3102 3667 3393 3735 Christum,
3421 3677 3476 3723 et

1894 3769 2290 3833 cruciﬁxerunt,
2320 3782 2425 3823 non
2447 3766 2691 3821 viderunt
2716 3766 2877 3820 Deum
2909 3762 3137 3819 :Gcntes
3157 3769 3332 3819 autem
3351 3759 3472 3830 quia

1894 3878 2000 3918 non
2052 3861 2319 3929 viderunt,
2365 3868 2418 3914 et
2453 3858 2817 3925 crediderunt,
2863 3855 3237 3912 intellexerunt
3282 3853 3472 3907 Deum.

1896 3954 2039 4027 Ergo
2062 3956 2107 4011 si
2137 3954 2364 4010 innotuit
2390 3954 2468 4009 eis
2500 3953 2639 4008 Deus
2665 3952 2716 4006 in
2741 3949 2957 4019 Christo
2997 3947 3250 4003 mundum
3288 3960 3478 4003 recon-

1895 4048 2083 4104 cilians
2112 4047 2213 4103 sibi
2254 4045 2319 4115 (Il
2345 4043 2467 4102 Cor.
2496 4061 2550 4112 v,
2584 4044 2693 4114 l9),
2722 4052 2777 4098 et
2806 4042 2924 4097 ideo
2959 4042 3035 4097 illi
3077 4038 3474 4106 cruciﬁxerunt,

1896 4141 2017 4210 quia
2048 4140 2101 4192 in
2127 4152 2287 4191 carne
2311 4138 2563 4190 latentem
2593 4136 2756 4187 Deum
2775 4147 2882 4187 non
2912 4133 3304 4196 intellexerunt,
3327 4142 3475 4189 rece-

1896 4230 1987 4285 dat
2015 4230 2101 4283 illa
2128 4244 2245 4298 qua:
2273 4238 2486 4281 vocatur
2512 4224 2717 4287 Iudaea,
2746 4232 2801 4279 et
2828 4236 2932 4277 non
2954 4231 3038 4276 est
3060 4237 3076 4286 ;
3099 4218 3320 4276 accedat
3347 4233 3472 4275 vera

1895 4321 2098 4386 Iudaea,
2125 4320 2210 4375 cui
2234 4319 2428 4374 dicitur
2450 4335 2467 4373 :
2496 4316 2726 4371 Accedite
2749 4315 2816 4369 ad
2841 4330 2974 4379 eum,
3019 4322 3065 4367 et
3099 4310 3469 4375 illuminumini,

1897 4423 1943 4469 et
1971 4412 2141 4467 uultus
2162 4411 2311 4466 uestri
2340 4425 2442 4464 non
2472 4407 2755 4462 erubescent
2786 4404 2958 4479 (Psal.
2980 4419 3163 4469 χχχιιι,
3185 4403 3261 4474 6).
3287 4399 3475 4456 Vultus

1896 4520 2036 4559 verae
2062 4502 2260 4559 Iudzem
2287 4516 2393 4556 non
2414 4496 2823 4555 confundentur.
2854 4495 3062 4553 Etenim
3099 4492 3399 4558 audierunt,
3421 4500 3475 4546 et

1898 4595 2271 4660 crediderunt;
2298 4600 2354 4649 et
2376 4590 2512 4648 facta
2538 4598 2620 4647 est
2644 4588 2880 4663 Ecclesia
2906 4601 3031 4649 vera
3056 4584 3259 4648 Iudam,
3283 4581 3371 4637 ubi
3389 4572 3487 4637 no-l

1900 4700 1985 4745 tus
2010 4688 2272 4751 Christus,
2317 4684 2409 4756 qui
2446 4682 2609 4738 homo
2647 4689 2731 4737 est
2778 4695 2845 4735 ex
2881 4678 3085 4735 semine
3122 4674 3308 4741 David,
3336 4673 3476 4730 Deus

1898 4796 2060 4851 super
2082 4778 2265 4834 David.

1914 4906 1917 4909 η
1966 4874 2022 4928 2.
2056 4871 2221 4926 Notus
2246 4869 2300 4925 in
2322 4866 2510 4923 Iudam
2534 4865 2704 4928 Deus;
2731 4863 2796 4918 in
2828 4860 2993 4921 Israel
3018 4875 3255 4932 magnum
3290 4874 3474 4914 nomen

1898 4970 2028 5040 ejus.
2054 4967 2125 5021 Et
2148 4965 2217 5019 de
2245 4963 2406 5019 Israel
2443 4961 2521 5016 sic
2543 4957 2799 5017 debemus
2824 4955 3088 5024 accipere,
3116 4951 3385 5024 quomodo
3411 4950 3477 5005 de

1898 5061 2079 5119 Iudzea
2115 5055 2424 5128 :quomodo
2453 5053 2525 5110 illi
2553 5066 2657 5106 non
2703 5056 2828 5105 sunt
2870 5047 2979 5102 veri
3007 5045 3206 5115 Judaei,
3256 5045 3331 5098 sic
3379 5056 3478 5103 nec

1899 5167 2054 5207 verus
2091 5148 2270 5204 Israel.
2300 5146 2431 5213 Quis
2449 5147 2593 5199 enim
2622 5140 2815 5197 dicitur
2836 5138 3033 5194 Israel?
3062 5136 3257 5206 Videas
3288 5134 3474 5188 Deum.

1901 5245 1968 5298 Et
1996 5240 2262 5313 quomodo
2290 5238 2366 5294 illi
2394 5235 2636 5292 viderunt
2670 5235 2836 5291 Deum
2861 5275 2875 5298 ,
2911 5233 3048 5299 inter
3074 5244 3206 5300 quos
3234 5226 3474 5291 ambula-

1899 5338 1973 5389 vit
2020 5336 2071 5389 in
2097 5347 2279 5395 carne,
2307 5340 2360 5386 et
2388 5344 2510 5386 cum
2542 5334 2787 5398 putarent
2816 5324 3105 5392 hominem,
3128 5320 3437 5393 occiderunt
3462 5320 3483 5374 Ἰ

1902 5429 2204 5496 Resurgens
2225 5424 2313 5480 ille
2351 5421 2596 5493 apparuit
2633 5416 3044 5481 Deusomnibus
3069 5414 3261 5485 quibus
3290 5427 3349 5468 se
3383 5428 3477 5467 vo-

1902 5522 1998 5577 luit
2021 5520 2408 5575 demonstrare.
2437 5514 2515 5573 llli
2559 5528 2687 5591 ergo
2716 5513 2858 5584 digni
2884 5518 3007 5565 sunt
3039 5507 3199 5575 Israel
3225 5506 3360 5573 dici,
3390 5505 3479 5577 qui

1904 5618 2216 5681 meruerunt
2239 5608 2512 5664 Christum
2541 5606 2835 5676 intelligere
2864 5602 3030 5667 Deum
3072 5601 3125 5654 in
3149 5613 3311 5657 carne
3341 5596 3481 5668 posi~

1903 5722 2035 5774 tum,
2074 5717 2133 5762 ut
2160 5723 2262 5762 non
2303 5705 2445 5776 quod
2472 5704 2723 5761 videbant
2743 5705 3169 5767 contemnerent,
3212 5693 3310 5750 sed
3337 5692 3479 5763 quod

1903 5820 2007 5861 non
2028 5801 2281 5857 videbant
2299 5800 2601 5855 adorarent.
2638 5794 2755 5848 Non
2776 5792 2946 5846 visum
2973 5788 3116 5845 enim
3140 5786 3308 5842 oculis
3333 5785 3478 5841 Gen-
3524 5773 3543 5861 έ

1910 5909 1990 5957 tes
2016 5896 2205 5954 humili
2231 5905 2407 5951 mente
2434 5895 2785 5963 perceperunt
2822 5884 2972 5940 illum
3010 5894 3171 5955 quem
3202 5896 3308 5937 non
3338 5878 3482 5934 vidc~
3516 5872 3552 5887 ’“
