4076 6446
575 374 680 434 959

575 492 741 561 bant,
771 497 825 546 et
850 487 955 547 ﬁde
980 490 1286 544 tenuerunt.
1313 483 1545 542 Proinde
1572 482 1646 540 illi
1671 482 1760 555 qui
1785 483 2030 539 manibus
2069 492 2150 539 te-

574 592 826 648 nuerunt.
849 579 1185 648 occiderunt;
1213 578 1302 650 qui
1320 577 1423 634 fide
1444 583 1749 644 tenuerunt,
1771 574 2150 630 adoraverunt.

574 679 640 735 In
669 677 837 734 Israel
862 692 1102 747 magnum
1124 691 1303 729 nomen
1333 674 1462 743 ejus.
1485 671 1577 726 Vis
1603 684 1723 726 esse
1761 668 1961 724 Israel?
1998 668 2152 723 Illum

571 770 788 828 attende
831 769 898 825 de
939 783 1045 838 quo
1071 767 1328 822 Dominus
1356 764 1429 819 ait
1456 781 1470 818 :
1505 761 1636 816 Ecce
1661 776 1774 815 vere
1800 758 2057 826 Israelita,
2097 758 2151 813 in

571 880 670 936 quo
695 863 843 918 dolus
867 877 968 916 non
1000 867 1074 915 est
1105 857 1284 933 (Joan.
1313 871 1350 921 I,
1379 852 1490 928 47).
1521 853 1578 910 Si
1603 867 1762 908 verus
1782 850 2018 907 Israelita
2040 891 2056 917 ,
2097 850 2151 904 in

569 971 668 1028 quo
698 955 846 1009 dolus
873 967 973 1006 non
1002 959 1107 1015 est,
1140 947 1308 1004 dolosi
1335 954 1391 1002 et
1438 942 1726 1000 mendaces
1756 958 1862 998 non
1893 950 2013 997 sunt
2034 940 2150 998 veri

571 1046 846 1104 Israelita}.
869 1044 984 1100 Non
1010 1056 1137 1114 ergo
1165 1039 1344 1095 dicant
1368 1038 1454 1094 isti
1483 1040 1732 1110 quoniam
1751 1034 1890 1107 apud
1920 1035 2036 1090 illos
2068 1041 2152 1090 est

571 1140 734 1206 Deus,
763 1145 818 1193 et
840 1149 1086 1207 magnum
1127 1146 1322 1188 nomen
1351 1131 1468 1201 ejus
1507 1131 1561 1186 in
1597 1129 1763 1185 Israel
1793 1147 1807 1184 :
1841 1128 2064 1199 probent
2091 1140 2149 1183 se

571 1231 857 1298 Israelitas,
885 1237 939 1286 et
964 1227 1200 1285 concedo
1225 1240 1326 1299 ego
1354 1225 1478 1298 quia
1517 1225 1573 1280 in
1598 1223 1765 1280 Israel
1790 1239 2032 1294 magnum
2057 1237 2149 1277 no-

569 1343 683 1383 men
711 1327 840 1396 ejus.

509 1469 520 1490 _.
641 1421 693 1476 '5.
723 1417 873 1492 [vers.
898 1415 977 1490 5.]
1019 1415 1086 1472 Et
1115 1418 1280 1486 factus
1303 1420 1376 1469 est
1402 1412 1457 1467 in
1486 1427 1609 1484 pace
1637 1411 1779 1466 locus
1805 1411 1914 1481 ejus
1937 1451 1953 1478 ,
1985 1415 2030 1464 et
2054 1408 2148 1463 Ita-

570 1491 744 1569 bitatio
773 1513 880 1583 ejus
907 1512 961 1565 in
1001 1507 1153 1566 Sion.
1182 1507 1390 1564 Rursus
1413 1506 1541 1582 Sion
1569 1504 1718 1576 quasi
1747 1503 1915 1574 patria
1940 1509 2022 1558 est
2048 1499 2145 1558 Ju-

505 1583 509 1586 l
565 1609 801 1664 decorum
833 1624 847 1661 :
875 1619 1002 1662 vera
1028 1601 1158 1660 Sion
1187 1601 1425 1659 Ecclesia
1467 1608 1554 1656 est
1578 1598 2026 1655 Christianorum.
2056 1595 2147 1652 In-

566 1699 878 1770 terpretatio
926 1705 1104 1753 autem
1159 1694 1434 1752 nominum
1489 1691 1825 1748 hebraeorum
1877 1692 1956 1746 sic
1994 1691 2148 1747 nobis

567 1792 832 1848 traditur:
864 1789 1044 1847 ludtea
1086 1786 1363 1845 Confessio
1392 1785 1800 1856 interpretatur;
1839 1782 2002 1838 Israel
2050 1782 2146 1838 Vi-

565 1882 700 1939 dens
722 1883 913 1940 Deum.
939 1881 1069 1937 Post
1085 1879 1324 1936 Judzeam
1347 1876 1508 1932 Israel
1536 1895 1550 1932 :
1574 1876 1653 1933 sic
1676 1875 1762 1931 hic
1789 1876 2018 1946 positum
2041 1885 2141 1943 est,

567 1976 737 2032 Notus
773 1978 827 2032 in
851 1975 1036 2032 ludam
1065 1973 1199 2030 Deus
1221 1988 1242 2040 ;
1267 1973 1321 2027 in
1349 1970 1517 2027 Israel
1543 1987 1781 2041 magnum
1807 1986 1986 2025 nomen
2015 1970 2143 2041 ejus.

566 2072 735 2128 Deum
759 2071 840 2126 vis
863 2067 1083 2126 videre?
1112 2067 1268 2124 Prius
1291 2065 1546 2123 conﬁtere
1589 2073 1678 2128 tu,
1705 2072 1760 2120 et
1787 2065 1866 2120 sic
1896 2064 1948 2119 in
1977 2063 2147 2133 teipso

567 2163 627 2219 ﬁt
649 2164 796 2219 locus
821 2161 938 2228 Dei;
960 2161 1080 2232 quia
1108 2165 1272 2232 factus
1298 2167 1372 2214 est
1401 2158 1454 2212 in
1479 2174 1602 2229 pace
1622 2157 1762 2212 locus
1787 2157 1918 2227 ejus.
1944 2154 2144 2222 Quam-

566 2255 656 2311 diu
682 2270 809 2326 ergo
856 2267 961 2309 non
1006 2251 1280 2308 conﬁteris
1321 2258 1536 2320 peccata
1587 2258 1675 2303 tua
1699 2289 1712 2314 ,
1756 2247 2147 2319 quodammodo

567 2347 756 2404 rixaris
782 2361 905 2402 cum
925 2345 1037 2401 Deo
1079 2363 1092 2398 :
1137 2342 1404 2416 quomodo
1435 2342 1577 2398 enim
1623 2356 1730 2396 non
1761 2355 1882 2396 cum
1913 2340 2006 2395 illo
2035 2339 2146 2396 liti-

566 2454 678 2511 gas,
707 2438 796 2510 qui
820 2437 961 2508 quod
989 2437 1062 2492 illi
1092 2436 1336 2506 displicet
1357 2434 1579 2489 laudas?
1607 2432 1764 2488 Punit
1805 2433 1894 2490 ille
1927 2431 2102 2488 furem
2127 2449 2143 2498 ;

569 2540 621 2587 tu
651 2531 851 2586 furtum
895 2528 1078 2585 laudas
1124 2546 1139 2582 :
1185 2527 1334 2598 punit
1381 2526 1469 2582 ille
1520 2525 1828 2589 ebriosum;
1859 2532 1917 2580 tu
1963 2523 2169 2581 laudas

567 2623 949 2680 ebriositatem.
977 2621 1178 2693 Litigas
1197 2635 1317 2676 cum
1354 2621 1495 2687 Deo;
1523 2633 1629 2675 non
1663 2618 1836 2675 fecisti
1871 2619 1948 2674 illi
1973 2619 2149 2676 locum

567 2715 618 2770 in
641 2714 803 2771 corde
827 2723 917 2769 tuo
939 2731 952 2768 :
980 2712 1102 2784 quia
1135 2712 1190 2767 in
1211 2728 1334 2784 pace
1360 2713 1499 2766 locus
1514 2711 1645 2783 ejus.
1673 2709 1744 2766 Et
1763 2710 2033 2782 quomodo
2061 2711 2147 2766 in-

565 2805 698 2877 cipis
741 2819 924 2876 pacem
965 2803 1163 2861 habere
1185 2819 1306 2860 cum
1338 2803 1493 2858 Deo?
1519 2802 1711 2874 Incipis
1737 2803 1815 2858 illi
1853 2803 1908 2858 in
1937 2801 2150 2858 confes-

565 2900 734 2955 sione.
781 2897 976 2954 Psalmi
1021 2911 1126 2952 vox
1149 2905 1233 2952 est
1270 2895 1529 2964 dicentis,
1561 2894 1779 2968 Incipite
1825 2895 2044 2950 Domino
2093 2898 2147 2952 in

567 2991 878 3063 confessione
905 2989 1080 3063 (Psal.
1119 3005 1298 3058 cxcvr,
1342 2988 1418 3061 7).
1467 2989 1605 3058 Quid
1633 2999 1750 3057 est,
1783 2988 2002 3061 Incipite
2032 2988 2144 3045 Do-

565 3085 700 3139 mino
726 3085 780 3139 in
804 3083 1158 3156 confessione?
1187 3082 1406 3152 Incipite
1434 3082 1648 3152 adjungi
1678 3083 1804 3137 Deo.
1833 3082 2148 3151 Quomodo?

565 3176 637 3232 Ut
663 3175 766 3230 hoc
799 3175 951 3231 vobis
975 3173 1255 3244 displiceat
1280 3173 1423 3245 quod
1451 3183 1504 3228 et
1532 3173 1607 3227 illi
1647 3173 1912 3243 diSplicet.
1946 3175 2146 3244 Displi-

566 3277 650 3323 cet
680 3267 754 3322 illi
779 3267 882 3322 vita
915 3256 1000 3322 tu'a
1025 3265 1162 3322 mala
1199 3284 1213 3322 :
1253 3266 1298 3321 si
1334 3266 1539 3336 placeat
1565 3265 1693 3329 tibi,
1723 3264 2039 3336 disjungeris
2079 3267 2148 3323 ab

569 3359 661 3415 illo
685 3353 710 3424 ;’
730 3359 774 3414 si
804 3358 1083 3430 displiceat
1110 3356 1226 3424 tibi,
1256 3371 1352 3428 per
1391 3355 1780 3412 confessionem
1811 3356 1884 3411 illi
1927 3356 2148 3427 conjun-

564 3453 725 3525 geris.
755 3451 889 3506 Vide
918 3467 982 3508 ex
1010 3457 1207 3521 quanta
1226 3457 1378 3520 parte
1402 3449 1675 3504 dissimilis
1695 3464 1776 3514 es,
1803 3449 2018 3519 quando
2043 3450 2148 3506 uti-

564 3562 667 3618 que
698 3553 917 3618 propter
941 3545 1112 3615 ipsam
1139 3541 1619 3599 dissimilitudinem
1650 3540 1922 3611 displiees.
1950 3541 2146 3599 Factus

565 3638 704 3694 enim
727 3651 816 3706 es,
857 3651 890 3692 ο
918 3634 1081 3690 homo
1101 3676 1117 3702 ,
1150 3633 1217 3690 ad
1245 3633 1532 3704 imaginem
1558 3631 1681 3698 Dei;
1713 3647 1810 3703 per
1831 3633 1994 3688 vitam
2019 3648 2148 3690 vero

564 3743 868 3800 perversam
889 3736 944 3783 et
963 3726 1156 3782 malam
1180 3724 1504 3796 perturbasti
1529 3725 1580 3779 in
1602 3734 1673 3790 te,
1701 3732 1756 3780 et
1781 3726 2148 3783 exterminasti

567 3821 619 3875 in
653 3829 702 3874 te
729 3821 1012 3890 imaginem
1041 3817 1343 3874 Conditoris
1367 3819 1463 3872 tui.
1494 3817 1686 3874 Factus
1715 3817 1987 3874 dissimilis
2009 3860 2024 3886 ,
2061 3828 2146 3875 at-

569 3913 743 3970 tendis
794 3913 847 3967 in
897 3921 984 3979 te,
1016 3919 1069 3966 et
1109 3909 1363 3980 displices
1407 3909 1501 3964 tibi
1535 3928 1547 3964 :
1577 3910 1686 3980 jam
1731 3925 1797 3965 ex
1824 3925 1890 3965 eo
1937 3912 2147 3981 coepisti

566 4004 755 4061 similis
785 4003 898 4060 ﬁeri
917 4045 932 4070 ,
961 4001 1084 4074 quia
1110 4000 1214 4058 hoc
1257 4000 1353 4056 tibi
1376 3999 1624 4072 displicet
1659 3999 1801 4072 quod
1825 3999 2072 4071 displicet
2093 4010 2148 4059 et

565 4098 698 4155 Deo.

637 4193 690 4247 4.
722 4189 828 4247 Sed
857 4189 1124 4261 quomodo
1152 4204 1271 4246 sum
1313 4188 1500 4245 similis
1523 4229 1538 4254 ,
1571 4187 1747 4260 inquis
1767 4229 1783 4256 ,
1811 4187 2025 4260 quando
2053 4189 2150 4246 ad-

565 4283 670 4339 huc
705 4281 834 4338 mihi
877 4281 1176 4353 displiceo?
1201 4280 1326 4336 Ideo
1351 4280 1551 4336 dictum
1577 4290 1661 4336 est
1685 4322 1700 4348 ,
1739 4279 1977 4352 Incipite.
2007 4278 2148 4338 Inci-

565 4391 632 4448 pe
658 4375 884 4432 Domino
912 4376 965 4430 in
989 4375 1352 4442 confessione;
1385 4374 1676 4446 perﬁcieris
1704 4375 1757 4430 in
1778 4389 1930 4446 pace.
1959 4375 2150 4435 Adhuc

566 4469 708 4525 enim
736 4468 901 4524 habes
931 4467 1211 4524 adversum
1248 4475 1301 4523 te
1343 4466 1562 4523 bellum.
1606 4466 1861 4522 Indicitur
1905 4465 2000 4522 tibi
2031 4467 2150 4524 bel-

566 4561 696 4626 lum,
726 4576 832 4616 non
860 4560 1032 4616 solum
1057 4559 1311 4616 adversus
1331 4559 1698 4632 suggestiones
1717 4558 1936 4628 diaboli,
1959 4559 2151 4616 adver-

571 4667 662 4707 sus
692 4653 982 4724 principem
1008 4652 1287 4724 potestatis
1309 4640 1454 4707 aeris
1483 4651 1667 4721 hujus,
1699 4651 1787 4722 qui
1817 4661 2070 4722 operatur
2095 4652 2148 4710 in

570 4743 692 4798 filiis
720 4743 1047 4812 difﬁdentize,
1077 4743 1333 4800 adversus
1372 4741 1639 4798 diabolum
1671 4751 1725 4798 et
1749 4742 1970 4813 angelos
1995 4743 2148 4813 ejus,

567 4838 859 4911 spiritualia
898 4839 1146 4908 nequitiae
1171 4837 1388 4909 (Ephes.
1412 4852 1490 4901 vt,
1526 4834 1635 4906 12);
1660 4849 1764 4890 non
1807 4836 1978 4890 solum
2015 4850 2145 4908 ergo

567 4932 825 4987 adversus
872 4930 1017 5000 ipsos
1061 4929 1156 4985 tibi
1196 4929 1392 4984 bellum
1440 4925 1707 4991 indicitur,
1753 4925 1849 4982 sed
1893 4925 2150 4985 adversus

567 5025 822 5096 teipsum.
842 5021 1119 5091 Quomodo
1147 5020 1402 5078 adversus
1425 5019 1655 5090 teipsum
1671 5018 1697 5072 ’ἒ
1716 5016 1984 5074 Adversus
2005 5027 2150 5074 tuam

567 5113 1007 5172 consuetudinem
1037 5113 1249 5179 malam,
1281 5112 1538 5168 adversus
1562 5118 1879 5168 vetustatem
1899 5111 2022 5167 vita:
2045 5119 2150 5168 tua

572 5210 745 5274 malae,
773 5222 892 5281 qua:
919 5205 1081 5262 trahit
1103 5214 1156 5262 te
1180 5205 1249 5273 ad
1287 5205 1518 5273 solitam,
1549 5214 1604 5262 et
1629 5203 1864 5260 refrenat
1886 5220 1915 5260 a
1937 5220 2074 5260 nova
2107 5205 2148 5262 ί.

573 5301 827 5357 Indicitur
849 5301 991 5356 enim
1016 5298 1111 5355 tibi
1135 5298 1379 5370 quaedam
1403 5313 1538 5354 nova
1565 5299 1694 5366 vita,
1717 5307 1772 5354 et
1795 5306 1852 5354 tu
1875 5308 2030 5355 vetus
2057 5313 2148 5354 es:

571 5395 818 5452 novitatis
845 5393 1039 5466 gaudio
1087 5391 1431 5463 suspenderis
1453 5433 1471 5460 ,
1497 5392 1778 5448 vetustatis
1815 5407 1980 5449 onere
2009 5407 2151 5463 prte-

573 5485 842 5558 gravaris;
869 5485 1053 5556 incipit
1073 5484 1166 5540 tibi
1192 5498 1313 5540 esse
1340 5483 1537 5550 bellum
1559 5483 1816 5540 adversus
1849 5495 1922 5542 te.
1952 5484 2056 5543 Sed
2085 5500 2154 5542 ex

573 5594 674 5649 qua
702 5587 850 5649 parte
869 5576 963 5632 tibi
988 5576 1256 5648 displices,
1274 5576 1515 5648 iungeris
1541 5576 1686 5645 Deo;
1719 5585 1774 5634 et
1797 5592 1864 5633 ex
1879 5592 1982 5649 qua
2004 5586 2154 5649 parte

571 5669 678 5741 jam
724 5669 962 5742 jungeris
993 5669 1123 5738 Deo,
1169 5668 1394 5727 idoneus
1435 5669 1544 5726 eris
1590 5668 1660 5726 ad
1688 5671 2011 5727 vincendum
2059 5680 2150 5741 te,

637 5827 654 5858 ι
677 5833 807 5891 Lov.,
831 5825 897 5876 ad
918 5825 1107 5878 solitam
1125 5832 1172 5880 et
1193 5826 1467 5889 refrenatur
1489 5838 1522 5878 ιι
1540 5837 1678 5878 naua.
1700 5833 1757 5880 At
1776 5831 1906 5891 las,
1927 5826 1994 5879 ad
2015 5825 2157 5881 solita

573 5892 619 5938 et
639 5889 850 5951 refrenat
871 5901 901 5939 a
914 5900 1051 5940 noua.

1774 369 1833 427 S.
1871 365 2240 427 AUGUSTINI
2275 367 2582 430 EPISCOPI

2261 485 2386 582 quia
2413 485 2502 543 ille
2527 496 2702 546 tecum
2749 500 2832 547 est
2857 493 2947 564 qui
2972 494 3150 550 omnia
3175 508 3412 570 superat.
3451 502 3686 564 Attende
3715 515 3844 582 quid

2260 579 2388 634 dicit
2413 583 2699 652 Apostolus
2729 602 2743 639 :
2782 585 2952 644 Mente
2977 590 3136 644 seruio
3180 591 3279 665 legi
3314 592 3446 663 Dei;
3476 614 3630 656 carne
3667 579 3845 662 autem

2260 671 2362 741 tegi
2379 675 2587 743 peccati.
2615 674 2762 732 Unde
2799 679 3004 734 mente?
3037 679 3168 745 Quia
3196 682 3442 750 displicet
3478 691 3576 748 tibi
3607 694 3719 750 vita
3756 706 3845 756 tua

2257 761 2417 856 mala.
2446 763 2600 822 Unde
2627 769 2815 824 carne?
2839 771 2971 840 Quia
3007 787 3112 829 non
3153 774 3347 834 desunt
3386 786 3763 856 suggestiones
3791 801 3846 849 et

2257 852 2636 952 delectationes
2657 861 2844 929 malas;
2873 863 2968 919 sed
2995 880 3060 920 ex
3091 881 3156 922 eo
3193 869 3335 940 quod
3373 852 3555 932 mente
3596 879 3842 952 jungeris

2258 945 2389 1016 Deo,
2424 949 2590 1008 vincis
2632 954 2774 1025 quod
2802 956 2854 1011 in
2901 967 2952 1013 te
2993 975 3098 1015 non
3139 962 3252 1018 vult
3295 969 3467 1038 sequi.
3510 945 3842 1038 Prmccssisti

2256 1043 2398 1142 enim
2425 1059 2490 1100 ex
2515 1055 2698 1118 parte,
2727 1059 2782 1104 et
2809 1065 2871 1106 ex
2913 1064 3063 1123 parte
3091 1056 3317 1112 tardaris
3361 1078 3373 1113 :
3424 1066 3581 1124 trahe
3610 1072 3840 1142 teipsum

2254 1135 2320 1191 ad
2346 1137 2494 1194 illum
2516 1141 2606 1211 qui
2638 1150 2690 1199 te
2717 1158 2927 1200 sursum
2952 1147 3106 1202 tollit.
3138 1150 3382 1213 Pondere
3415 1162 3647 1231 quodam
3688 1135 3843 1227 vctu-

2252 1230 2406 1330 statis
2442 1230 2795 1331 dep‘rimeris;
2827 1238 2992 1294 clama
3022 1252 3076 1296 et
3119 1241 3206 1299 dic
3245 1263 3257 1298 :
3300 1230 3497 1323 Infelix
3523 1273 3614 1327 ego
3645 1260 3834 1331 homo,

2250 1321 2364 1419 quis
2493 1322 2719 1381 liberabit
2751 1328 2813 1384 de
2840 1347 3050 1402 corpore
3088 1338 3266 1395 mortis
3290 1321 3485 1414 hujus?
3510 1321 3630 1419 quis
3657 1368 3746 1409 me
3772 1321 3838 1411 li;

2252 1412 2458 1509 herabit
2475 1418 2542 1472 ab
2561 1434 2626 1475 eo
2652 1436 2758 1491 quo
2782 1427 3014 1493 gravor?
3037 1441 3233 1501 corpus
3260 1412 3400 1490 enim
3421 1412 3563 1509 quod
3593 1457 3838 1502 corrum-

2253 1506 2424 1605 pitur,
2443 1521 2694 1605 aggravat
2714 1515 2940 1570 animam
2965 1518 3118 1591 (Sap.
3145 1539 3224 1591 ix,
3261 1527 3370 1596 l5).
3393 1506 3521 1597 Quis
3549 1547 3679 1605 ergo
3704 1537 3837 1594 libe~

2251 1599 2427 1656 rabit?
2477 1602 2653 1659 Gratia
2682 1607 2777 1662 Dei
2801 1628 2889 1679 per
2926 1611 3104 1670 Jesum
3132 1615 3388 1673 Christum
3416 1599 3694 1683 Dominum
3742 1649 3838 1688 na-

2250 1701 2411 1788 atrum
2441 1693 2617 1766 (Rom.
2665 1715 2758 1766 vn,
2806 1701 2897 1770 25,
2930 1705 3043 1776 24).
3068 1707 3242 1776 Quare
3267 1720 3444 1768 autem
3474 1721 3735 1788 permittit
3784 1737 3837 1783 ut

2251 1781 2340 1837 diu
2379 1795 2562 1842 contra
2595 1797 2645 1844 te
2671 1791 2879 1864 litiges,
2908 1796 3079 1855 donec
3105 1781 3492 1861 absorbeanlur
3517 1824 3708 1868 omnes
3748 1781 3838 1872 ut;

2251 1874 2496 1945 piditates
2525 1882 2720 1938 malae?
2751 1884 2820 1941 Ut
2855 1888 3118 1960 intelligas
3152 1893 3204 1948 in
3234 1903 3286 1950 te
3324 1912 3535 1966 poenam
3567 1913 3711 1960 tuam
3741 1925 3753 1960 :
3785 1909 3835 1965 in

2251 1975 2304 2022 te
2331 1985 2393 2024 ex
2423 1972 2594 2043 teipso
2621 1985 2701 2030 est
2728 1976 2997 2050 ﬂagellum
3026 1992 3205 2051 tuum;
3237 1988 3306 2042 sit
3333 1991 3347 2021 ¹
3375 1991 3488 2046 rixa
3520 2003 3606 2050 tua
3637 2007 3833 2057 tecum.

2251 2061 2658 2162 Sic-vindicatur
2688 2069 2740 2124 in
2784 2073 3038 2130 rebellem
3078 2078 3333 2136 adversus
3365 2083 3566 2154 Deum,
3619 2100 3677 2145 ut
3722 2092 3838 2162 ipse

2253 2156 2349 2210 sibi
2381 2157 2448 2211 sit
2476 2157 2670 2214 bellum
2695 2204 2711 2229 ,
2764 2165 2852 2234 qui
2897 2181 3079 2236 pacem
3112 2170 3282 2226 noluit
3307 2173 3502 2234 habere
3545 2195 3667 2236 cum
3701 2156 3835 2239 Deo.

2252 2244 2357 2300 Sed
2398 2256 2518 2304 tene
2545 2253 2788 2308 membra
2836 2265 2924 2312 tua
2949 2258 3205 2316 adversus
3232 2268 3684 2336 concupiscentias
3713 2283 3838 2332 tuas

2255 2340 2442 2429 malas.
2470 2342 2711 2400 Surrexit
2741 2346 2855 2414 ira;
2892 2359 3012 2408 tene
3039 2362 3092 2408 tu
3117 2368 3328 2411 manum
3355 2360 3666 2429 conjunctus
3692 2364 3830 2422 Deo.

2256 2428 2433 2487 Potuit
2478 2448 2731 2506 surgere,
2783 2440 2876 2495 sed
2904 2457 3011 2498 non
3040 2443 3243 2502 invenit
3286 2428 3461 2504 arma.
3492 2453 3646 2522 Apud
3693 2460 3836 2513 iram

2253 2532 2394 2617 tuam
2439 2526 2667 2598 impetus
2704 2540 2820 2599 est;
2868 2535 3009 2605 apud
3041 2544 3094 2594 te
3118 2552 3266 2594 arma
3291 2551 3415 2596 sunt
3446 2561 3459 2598 :
3487 2543 3557 2598 sit
3603 2545 3837 2617 impetus

2254 2616 2500 2687 inermis,
2537 2630 2592 2676 et
2618 2620 2778 2680 discit
2798 2624 2909 2696 jam
2931 2643 3037 2685 non
3063 2644 3282 2702 surgere
3310 2635 3400 2705 qui
3425 2633 3623 2694 frustra
3649 2616 3834 2698 surre-
3933 2672 3942 2677 ε

2251 2709 2348 2764 xit.

2321 2804 2375 2859 5.
2407 2803 2519 2860 Hoc
2546 2815 2727 2864 autem
2760 2809 2902 2881 dico,
2935 2811 3254 2884 charissimi,
3281 2833 3349 2874 ne
3377 2818 3514 2876 forte
3541 2823 3668 2893 quia
3698 2823 3834 2882 dixi-

2250 2910 2390 2964 mus,
2419 2897 2583 2954 Carne
2607 2912 2775 2957 autem
2803 2903 2901 2976 legi
2930 2909 3138 2978 peccati,
3169 2913 3364 2980 putetis
3391 2917 3838 2976 consentiendum

2251 3003 2371 3044 esse
2414 2989 2693 3048 desideriis
2742 2997 2932 3052 vestris
2969 3000 3294 3058 carnalibus.
3333 3004 3448 3059 Etsi
3474 3021 3581 3062 non
3613 3020 3842 3080 possunt

2250 3081 2411 3136 modo
2437 3083 2539 3138 nisi
2563 3099 2681 3142 esse
2723 3088 2989 3146 desideria
3029 3095 3281 3165 carnalia,
3316 3113 3423 3155 non
3453 3109 3538 3157 est
3567 3103 3678 3159 illis
3706 3120 3838 3162 con-

2250 3175 2608 3233 sentiendum.
2640 3179 2930 3250 Propterea
2960 3200 3067 3241 non
3111 3186 3244 3244 dixit
3272 3190 3582 3261 Apostolus.
3613 3194 3734 3252 Non
3773 3199 3842 3255 sit

2251 3275 2528 3335 peccatum
2555 3270 2608 3324 in
2635 3280 2813 3327 vestro
2834 3277 3044 3331 mortali
3073 3293 3334 3351 corpore;
3364 3285 3515 3340 novit
3543 3287 3691 3342 enim
3719 3289 3840 3360 quia

2251 3359 2504 3449 quamdiu
2529 3364 2757 3420 mortale
2779 3375 2881 3434 est,
2907 3377 2988 3423 est
3015 3369 3086 3426 ibi
3107 3381 3385 3441 peccatum
3412 3395 3425 3430 :
3453 3377 3549 3432 sed
3575 3379 3707 3449 quid
3734 3382 3840 3437 ait?

2256 3447 2379 3503 Non
2406 3467 2528 3523 ergo
2561 3464 2730 3526 regnet
2773 3467 3032 3526 peccatum
3073 3461 3127 3515 in
3171 3474 3334 3520 vestro
3363 3469 3568 3523 mortali
3593 3447 3836 3543 corpore.

2253 3539 2390 3608 Quid
2418 3551 2531 3613 est,
2563 3561 2666 3601 non
2685 3550 2900 3620 regnet?
2928 3550 3046 3622 Ipse
3065 3556 3310 3624 exposuit
3335 3574 3351 3611 :
3379 3559 3458 3612 Ad
3479 3539 3835 3632 obediendum,

2252 3634 2444 3705 inquit,
2473 3636 2737 3696 desideriis
2761 3643 2871 3713 ejus
2893 3642 3067 3714 (Rom.
3101 3661 3178 3716 vr,
3228 3648 3344 3721 I2).
3384 3650 3524 3708 Sunt
3547 3653 3836 3724 desideria,

2250 3728 2520 3796 existunt;
2570 3730 2834 3789 desideria
2863 3750 2973 3792 non
3018 3746 3075 3793 tu
3120 3740 3343 3799 obaudis
3369 3742 3652 3802 desideriis
3699 3750 3835 3815 tuis,

2251 3836 2356 3876 non
2386 3825 2629 3894 sequeris
2658 3826 2772 3896 ipsa
2816 3828 3100 3900 desideria,
3127 3848 3231 3889 non
3258 3835 3364 3892 illis
3405 3841 3684 3896 censentis
3716 3859 3731 3895 :
3760 3850 3839 3898 est

2253 3913 2345 3968 tibi
2374 3927 2670 3987 peccatum,
2693 3919 2789 3975 sed
2807 3921 2986 3978 amisit
3006 3939 3245 3996 regnum,
3274 3930 3484 4000 quando
3533 3933 3645 4002 jam
3695 3937 3748 3991 in
3789 3945 3838 3994 to

2251 4021 2358 4061 non
2396 4018 2583 4080 regnat
2613 4022 2907 4082 peccatum;
2946 4027 3130 4086 postea
3168 4020 3379 4077 inimica
3427 4027 3721 4083 novissima
3741 4029 3835 4085 de-

2249 4106 2486 4156 struetur
2505 4116 2654 4158 mors
2683 4102 2726 4175 (ἰ
2746 4103 2864 4160 Cor.
2885 4122 2979 4176 xv,
3011 4108 3122 4182 26).
3153 4110 3287 4179 Quid
3331 4114 3473 4170 enim
3520 4117 3674 4173 nobis
3716 4135 3836 4190 pro-

2251 4192 2496 4262 mittitur,
2528 4196 2779 4266 quoniam
2808 4199 3008 4256 dictum
3037 4213 3120 4259 est
3147 4222 3160 4258 :
3184 4205 3359 4262 Mente
3374 4209 3552 4265 servio
3581 4211 3687 4282 legi
3711 4213 3831 4278 Dei;

2251 4297 2414 4341 carne
2449 4294 2626 4342 autem
2661 4288 2760 4360 legi
2802 4294 3003 4359 peccati
3041 4293 3218 4364 (Rom.
3248 4314 3340 4365 vn,
3367 4299 3485 4370 25)?
3529 4303 3670 4358 Audi
3718 4320 3834 4375 pro-

2252 4377 2560 4435 missionem
2590 4398 2604 4434 :
2637 4383 2758 4452 quia
2796 4400 2901 4440 non
2941 4402 3152 4459 semper
3177 4400 3335 4447 erunt
3359 4394 3409 4447 in
3444 4407 3605 4449 carne
3626 4395 3833 4454 deside-

2251 4471 2331 4528 ria
2354 4471 2550 4529 illicita.
2570 4474 2780 4532 Etenim
2801 4491 3062 4552 resurget,
3087 4491 3141 4538 et
3158 4485 3475 4553 mutabitur;
3505 4496 3705 4543 etcum
3729 4504 3832 4545 mu-

2252 4570 2362 4618 tata
2387 4562 2548 4621 fuerit
2569 4581 2696 4623 caro
2718 4568 2814 4625 ista
2845 4573 3086 4629 mortalis
3110 4575 3162 4628 in
3197 4576 3469 4647 spirituale
3492 4594 3711 4650 corpus,
3728 4581 3832 4652 jam

2253 4654 2417 4712 nullis
2440 4659 2882 4729 concupiscentiis
2920 4666 3280 4734 saecularibus,
3308 4669 3418 4740 jam
3455 4671 3623 4728 nullis
3668 4685 3834 4730 terre-

2253 4747 2338 4802 nis
2379 4746 2824 4808 delectationibus
2871 4754 3104 4812 titillabit
3137 4759 3390 4826 animam,
3421 4777 3523 4818 nec
3562 4773 3770 4821 avertet
3802 4780 3836 4822 ι

2253 4842 2704 4913 contemplatione
2735 4845 2847 4901 Dei.
2877 4846 2962 4903 Fit
3001 4863 3127 4920 ergo
3161 4852 3213 4907 in
3247 4867 3310 4908 ea
3342 4854 3485 4925 quod
3520 4855 3654 4912 dicit
3699 4860 3840 4929 Apo-

2254 4935 2443 5004 stolus,
2475 4954 2494 4989 t
2524 4936 2733 5010 Corpus
2758 4939 2972 5010 quidem
2994 4952 3262 5000 mortuum
3285 4955 3369 5002 est
3395 4957 3617 5019 propter
3655 4964 3844 5022 pecca-

2254 5035 2367 5084 tum
2389 5046 2402 5097 ;
2426 5029 2644 5101 Spiritus
2663 5040 2841 5088 autem
2862 5033 2970 5089 vita
2998 5043 3077 5090 est
3109 5044 3325 5106 propter
3339 5037 3623 5108 justitiam.
3657 5040 3714 5097 Si
3741 5056 3837 5096 au-

2254 5128 2362 5177 tem
2391 5123 2478 5193 qui
2499 5123 2773 5179 suscitavit
2796 5122 2977 5180 Iesum
3014 5139 3044 5180 a
3083 5127 3305 5183 mortuis
3331 5128 3541 5186 habitat
3571 5132 3627 5187 in
3656 5133 3843 5198 vobis;

2254 5216 2344 5287 qui
2369 5215 2643 5271 suscitavit
2659 5215 2844 5272 Jesum
2877 5216 3146 5274 Christum
3170 5235 3202 5275 a
3227 5222 3452 5278 mortuis
3476 5223 3765 5280 viviﬁcabit
3785 5234 3852 5282 es

2256 5309 2500 5365 mortalia
2537 5324 2762 5379 corpora
2797 5319 2996 5377 vestra,
3018 5294 3243 5383 propter
3264 5314 3518 5385 Spiritum
3557 5333 3716 5374 suum
3751 5319 3852 5388 qui

2256 5403 2459 5459 habitat
2505 5403 2561 5460 in
2587 5404 2739 5461 vobis
2771 5423 2790 5458 ι
2837 5403 2951 5477 (Id.
2979 5421 3093 5472 vrn,
3128 5407 3215 5474 I0,
3239 5408 3354 5478 Il).
3387 5409 3683 5466 Vivilicatis
3715 5427 3856 5481 ergo

2257 5496 2572 5568 corporibus
2599 5496 2818 5561 nostris,
2857 5497 2960 5553 erit
2996 5512 3098 5567 pax
3125 5513 3247 5554 vera
3270 5500 3357 5555 ubi
3393 5501 3543 5557 locus
3579 5511 3664 5557 est
3709 5503 3803 5556 Dei
3834 5521 3852 5560 :

2257 5589 2352 5647 sed
2369 5589 2634 5650 ortecedat
2646 5589 2930 5646 confessio.
2952 5590 3120 5647 Notus
3135 5593 3186 5647 in
3197 5592 3384 5648 Judtea
3400 5591 3539 5650 Deus
3556 5611 3575 5650 :
3588 5595 3861 5652 conﬁtere

2259 5696 2387 5752 ergo
2414 5682 2576 5753 prius.
2594 5680 2662 5736 In
2677 5681 2845 5737 Israel
2866 5700 3105 5756 magnum
3129 5701 3307 5742 nomen
3330 5689 3442 5758 ejus
3467 5702 3488 5742 :
3506 5688 3740 5743 nondum
3766 5687 3863 5743 vi-

2260 5775 2356 5832 des
2382 5775 2432 5830 in
2453 5777 2630 5846 specle
2652 5790 2667 5840 ;
2686 5775 2806 5832 vide
2832 5791 2898 5832 ex
2923 5777 3048 5847 ﬁde,
3075 5786 3130 5836 et
3154 5779 3246 5837 ﬁet
3271 5780 3325 5837 in
3347 5789 3400 5837 te
3427 5782 3571 5854 quod
3607 5780 3869 5852 sequitur

2325 5889 2343 5920 ί
2369 5886 2557 5951 Aliquot
2575 5893 2704 5951 llas,
2724 5884 2802 5952 ﬁt.
