4076 6460
239 398 337 456 961

234 511 299 565 Et
352 513 517 581 factus
564 516 638 565 est
680 508 736 565 in
778 523 903 583 pace
941 509 1082 567 locus
1107 510 1239 583 ejus,
1282 520 1333 566 et
1366 513 1605 568 habitatio
1633 529 1743 584 ejus
1766 512 1823 565 in

233 602 384 657 Sion.
425 602 552 659 Sion
612 602 991 673 interpretatur
1060 601 1467 676 Contemplatio.
1521 605 1658 675 Quid
1740 613 1824 662 est

232 692 616 764 contemplatio
645 694 704 749 εἳ
742 693 1233 765 Contemplabimur
1291 697 1433 753 enim
1476 696 1641 752 Deum
1684 695 1819 753 facie

230 786 300 842 ad
330 786 523 843 faciem
554 786 596 857 (Ι
622 786 741 843 Cor.
771 803 886 854 xm,
918 788 1029 861 l2).
1056 788 1154 845 llic
1182 790 1337 847 nobis
1384 790 1726 861 promittitur,
1759 790 1815 846 in

230 893 391 948 quem
422 878 584 933 modo
612 893 720 935 non
756 878 1001 936 videntes
1034 881 1322 936 credimus.
1371 880 1651 948 Quomodo
1690 895 1819 953 gau-

230 970 481 1026 debimus
508 987 632 1026 cum
661 970 949 1029 viderimus
971 975 1132 1029 eum?
1160 974 1397 1042 Fratres,
1428 975 1475 1030 si
1510 974 1668 1030 modo
1696 983 1814 1029 tan-

232 1073 344 1117 tum
371 1063 623 1134 gaudium
654 1066 709 1120 in
743 1066 898 1122 nobis
933 1065 1058 1122 facit
1097 1068 1401 1139 promissio,
1450 1077 1705 1139 quantum
1734 1075 1818 1124 est

230 1152 435 1208 factura
462 1154 726 1210 redditio?
753 1156 1025 1213 Reddetur
1066 1159 1208 1214 enim
1232 1159 1387 1214 nobis
1428 1159 1569 1230 quod
1619 1159 1818 1230 promi-

230 1245 321 1300 sit.
353 1245 417 1301 Ει
448 1247 575 1317 quid
602 1247 876 1317 promisit?
907 1247 1173 1320 Seipsum,
1215 1250 1349 1305 utin
1377 1250 1511 1306 facie
1552 1249 1736 1321 ipsius,
1762 1258 1817 1305 et

230 1338 377 1394 illius
436 1340 885 1410 contemplatione
949 1342 1308 1412 gaudeamus;
1362 1352 1417 1398 et
1464 1356 1571 1398 non
1620 1340 1817 1413 aliquid

229 1430 375 1485 aliud
402 1429 689 1487 delectabit
718 1447 836 1499 nos,
865 1432 985 1503 quia
1022 1433 1158 1489 nihil
1182 1444 1264 1489 est
1292 1434 1482 1489 melius
1511 1434 1602 1489 illo
1622 1433 1713 1504 qui
1739 1433 1816 1489 fe-

230 1523 303 1577 cit
330 1523 507 1577 omnia
535 1538 652 1593 quae
680 1522 965 1579 delectant.
990 1523 1182 1579 Factus
1208 1536 1279 1581 est
1301 1525 1355 1579 in
1376 1542 1498 1595 pace
1520 1525 1657 1579 locus
1682 1526 1813 1593 ejus,

229 1622 275 1666 et
320 1612 563 1668 habitatio
604 1615 712 1684 ejus
752 1616 807 1668 in
833 1614 962 1671 Sion
988 1632 1007 1671 :
1032 1615 1083 1671 id
1123 1625 1222 1683 est,
1273 1618 1326 1672 in
1372 1617 1818 1687 contemplatione

229 1703 461 1772 quadam
501 1713 554 1761 et
594 1705 960 1775 speculatione
1008 1707 1141 1763 facta
1178 1716 1259 1765 est
1298 1706 1550 1764 habitatio
1611 1708 1726 1778 ejus
1762 1709 1816 1762 in

230 1794 381 1851 Sion.

301 1890 355 1944 6.
400 1888 566 1963 [vers.
618 1886 699 1963 4.]
738 1889 820 1945 Ibi
869 1892 1111 1963 confregit
1151 1892 1464 1962 fortitudines
1512 1911 1719 1950 arcuum
1770 1905 1817 1950 et

227 1992 447 2048 scutum,
489 1990 535 2035 et
559 1982 816 2053 gladium,
853 1993 898 2037 et
927 1980 1127 2039 bellum.
1159 1984 1256 2041 Ubi
1299 1986 1592 2057 confregit?
1626 1988 1681 2042 ln
1726 1987 1814 2044 illa

228 2088 362 2142 pace
401 2083 617 2141 aeterna,
659 2074 712 2128 in
736 2074 823 2128 illa
853 2090 981 2145 pace
1016 2076 1269 2147 perfecta.
1312 2077 1378 2133 Et
1407 2078 1586 2144 modo,
1626 2079 1816 2136 fratres

227 2165 359 2228 mei,
386 2165 477 2233 qui
523 2164 657 2220 bene
700 2166 1073 2236 crediderunt,
1120 2169 1300 2225 vident
1329 2171 1451 2240 quia
1492 2186 1599 2225 non
1644 2171 1709 2226 de
1754 2187 1813 2227 se

228 2254 429 2311 debent
463 2272 820 2326 praesumere;
862 2267 914 2313 et
959 2273 1169 2314 omnem
1213 2262 1504 2329 potentiam
1551 2261 1814 2317 minarum

227 2360 467 2411 suarum,
489 2356 543 2402 et
566 2348 819 2419 quidquid
840 2349 889 2403 in
917 2351 995 2405 eis
1018 2361 1229 2406 acutum
1255 2354 1274 2383 ²
1296 2360 1377 2407 est
1402 2352 1466 2407 ad
1490 2353 1810 2422 nocendum,

227 2439 572 2509 confringunt
591 2440 716 2495 illud
742 2459 755 2495 :
780 2450 831 2496 et
851 2442 1101 2513 quidquid
1123 2446 1271 2513 quasi
1293 2460 1389 2515 pro
1407 2462 1598 2517 magno
1618 2446 1816 2503 habent

224 2528 373 2584 unde
410 2544 469 2585 se
512 2526 848 2601 protegerent
875 2532 896 2563 ⁸
928 2534 1305 2603 temporaliter,
1340 2545 1394 2590 et
1436 2536 1632 2592 bellum
1672 2537 1814 2608 quod

225 2619 484 2676 adversus
530 2622 694 2677 Deum
737 2623 1067 2680 defendendo
1116 2637 1329 2695 peccata
1374 2642 1468 2683 sua
1517 2629 1810 2701 gerebant,

223 2713 408 2768 omnia
436 2712 549 2770 haec
576 2713 646 2769 ibi
675 2714 953 2786 confregit.

300 2805 354 2859 7.
396 2803 557 2877 [vers.
586 2804 681 2878 5.]
721 2805 1027 2863 Illuminans
1049 2817 1103 2862 tu
1122 2809 1483 2867 admirabiliter
1507 2829 1540 2867 a
1564 2815 1812 2870 montibus

218 2895 449 2949 «uternis.
495 2897 595 2964 Qui
644 2906 766 2952 sunt
810 2907 1020 2955 montes
1065 2902 1281 2957 aeterni?
1333 2902 1477 2971 Quos
1524 2906 1639 2975 ipse
1688 2906 1815 2962 fecit

218 2999 489 3056 aeternos;
520 2991 608 3061 qui
637 3002 762 3047 sunt
788 3002 996 3050 montes
1022 2997 1232 3066 magni,
1265 2998 1639 3067 praedicatores
1668 2999 1811 3055 veri-

217 3081 369 3135 tatis.
420 3080 499 3136 Tu
527 3081 829 3151 illuminas;
861 3086 958 3142 sed
982 3103 1012 3141 a
1042 3089 1310 3146 montibus
1345 3092 1558 3149 aeternis
1591 3110 1603 3146 :
1655 3092 1809 3163 primi

214 3174 404 3244 magni
437 3184 644 3231 montes
690 3177 960 3248 excipiunt
1004 3180 1171 3236 lucem
1202 3193 1367 3251 tuam,
1419 3193 1473 3239 et
1514 3200 1543 3238 a
1572 3185 1690 3241 luce
1722 3196 1810 3241 tua

212 3282 382 3336 quam
427 3269 723 3339 suscipiunt
758 3280 988 3340 montes,
1034 3275 1255 3331 vestitur
1292 3286 1346 3332 et
1391 3286 1551 3332 terra.
1584 3278 1690 3334 Sed
1733 3278 1809 3334 illi

212 3358 400 3428 magni
428 3369 633 3416 montes
659 3374 982 3433 exceperunt
1005 3367 1279 3435 Apostoli;
1314 3378 1560 3440 tanquam
1587 3370 1810 3430 orienti

212 3447 439 3504 luminis
457 3451 742 3520 primordia
762 3467 1082 3525 exceperunt
1102 3460 1357 3527 Apostoli.
1382 3460 1643 3531 Numquid
1665 3464 1806 3534 quod

211 3550 581 3611 exceperunt,
611 3544 747 3613 apud
775 3560 835 3601 se
862 3547 1231 3603 retinuerunt?
1256 3549 1403 3616 Non;
1434 3568 1501 3607 ne
1539 3553 1807 3611 diceretur

210 3629 319 3684 illis
351 3647 365 3684 :
399 3630 555 3687 Serve
592 3649 805 3701 nequam
853 3645 900 3689 ct
942 3636 1103 3706 piger,
1146 3638 1291 3693 dares
1338 3642 1603 3710 pecuniam
1642 3660 1804 3699 meam

211 3720 574 3775 uummulariis
618 3721 847 3792 (Matth.
881 3741 1031 3791 xxv,
1075 3727 1164 3793 26,
1193 3729 1260 3783 27
1287 3728 1327 3799 ).
1381 3730 1434 3785 Si
1482 3746 1610 3803 ergo
1661 3735 1803 3804 quod

208 3822 569 3884 susceperunt
592 3830 695 3870 non
724 3818 862 3887 apud
892 3834 949 3875 se
980 3821 1343 3891 retinuerunt,
1376 3825 1469 3879 sed
1497 3828 1641 3882 omni
1685 3828 1803 3885 orbi

210 3914 479 3962 terrarum
510 3908 947 3979 prirdicaverunt,
978 3912 1284 3970 Illuminans
1314 3927 1366 3970 tu
1392 3919 1752 3975 admirabiliter
1770 3938 1803 3975 a

205 4001 468 4052 montibus
491 4002 707 4055 wlernis.
730 4001 874 4068 Quos
900 4012 1127 4061 aeternos
1154 4007 1344 4075 fecisti,
1375 4025 1468 4079 per
1494 4010 1616 4066 illos
1638 4011 1801 4069 vitam

202 4101 469 4146 aeternam
499 4101 551 4147 et
579 4095 786 4150 caneris
816 4099 1098 4166 promisisti
1124 4118 1136 4154 :
1170 4099 1477 4157 Illuminans
1502 4113 1554 4156 tu
1574 4104 1800 4158 admira—

201 4182 376 4238 biliter
425 4201 458 4237 a
507 4170 755 4243 montibus
796 4192 1011 4243 wlernis.
1066 4191 1338 4262 Magnifice
1392 4210 1511 4249 cum
1563 4197 1798 4265 pondere

200 4274 410 4330 dictum
451 4286 569 4346 est,
605 4276 679 4331 Tu
701 4295 720 4343 ;
748 4294 815 4335 ne
844 4289 991 4351 putet
1018 4282 1209 4353 aliquis
1252 4285 1390 4354 quod
1430 4302 1552 4343 eum
1588 4299 1797 4344 montes

199 4365 531 4421 illuminent.
565 4367 711 4423 Multi
741 4370 881 4426 enim
911 4382 1157 4441 putantes
1183 4376 1325 4444 quod
1353 4377 1421 4433 ah
1448 4379 1575 4448 ipsis
1601 4382 1798 4436 monti-

199 4456 303 4511 bus
334 4457 774 4527 illuminarentur,
805 4462 1043 4519 fecerunt
1072 4465 1171 4520 sibi
1201 4475 1375 4535 partes
1403 4468 1469 4523 de
1498 4471 1794 4540 montibus;

196 4557 254 4601 et
288 4549 440 4617 ipsos
471 4563 680 4608 montes
706 4552 1049 4609 conciderunt
1074 4554 1130 4622 ",
1161 4565 1216 4611 et
1240 4556 1338 4626 ipsi
1367 4559 1621 4616 confracti
1648 4572 1792 4619 sunt.

195 4637 401 4695 Nescio
438 4642 526 4711 qui
554 4642 651 4698 sibi
682 4645 921 4701 fecerunt
948 4647 1205 4702 Donatum
1225 4690 1238 4714 ,
1268 4651 1446 4705 nescio
1471 4654 1557 4722 qui
1586 4654 1680 4709 sibi
1713 4656 1793 4711 fe-

194 4740 397 4786 cerunt
416 4732 784 4792 Maximianum
804 4781 819 4803 ,
847 4740 1027 4795 nescio
1056 4741 1143 4810 qui
1176 4742 1274 4797 sibi
1306 4745 1541 4801 fecerunt
1571 4748 1712 4803 illum
1738 4759 1794 4806 et

196 4821 379 4875 illum.
413 4823 585 4889 Quare
613 4837 920 4897 computant
959 4830 1182 4886 Salutem
1219 4848 1365 4888 suam
1398 4836 1449 4891 in
1490 4837 1790 4897 hominibus

192 4927 326 4967 esse
348 4954 362 4978 ,
392 4929 496 4969 non
527 4916 577 4970 in
608 4917 753 4973 Deo?
776 4917 820 4975 Ο
846 4920 1003 4976 homo
1022 4964 1038 4991 ,
1066 4924 1209 4978 venit
1232 4925 1295 4978 ad
1320 4935 1369 4982 te
1399 4928 1485 4982 lux
1520 4946 1611 4999 per
1635 4948 1787 4986 mon-

194 5010 322 5069 tes;
355 5004 449 5060 sed
478 5005 617 5062 Deus
656 5018 706 5065 te
749 5010 1027 5079 illuminat,
1070 5029 1175 5069 non
1204 5026 1430 5071 montes.
1478 5017 1790 5079 Illuminans

192 5102 251 5147 tu
276 5135 294 5161 ,
330 5094 497 5165 inquit
521 5115 533 5151 :
561 5108 615 5152 tu
635 5141 648 5164 ,
682 5117 784 5155 non
812 5113 1038 5160 montes.
1066 5105 1145 5160 Tu
1171 5108 1465 5165 illuminans
1490 5127 1509 5165 :
1541 5129 1573 5165 a
1600 5116 1787 5170 monti-

193 5182 292 5238 bus
335 5185 547 5254 quidem
593 5191 826 5258 aeternis;
854 5194 977 5263 sed,
1008 5205 1063 5251 tu
1100 5198 1414 5256 illuminans.
1454 5201 1606 5261 Unde
1632 5215 1685 5261 et
1731 5208 1786 5264 in

264 5319 737 5401 radiatus.
757 5340 771 5399 ς
788 5328 927 5401 ὀιιᾷά
963 5330 1378 5401 sit_contemplatio
1405 5350 1561 5401 :unae
1583 5343 1733 5393 verba
1753 5356 1786 5395 e

189 5381 708 5466 ggfsggglqensisse
725 5381 985 5466 videntur._
1001 5381 1089 5466 Nisi
1116 5381 1253 5466 niis
1264 5381 1786 5466 ἰξέὲιὶάᾶὧὶέιῖιῖῖίιῖ

344 5443 538 5517 ιιι-τηεξιιἶ
552 5441 616 5498 ἐι
650 5456 883 5522 Geminei.
912 5441 1278 5517 habe—turpium—
1289 5441 1527 5511 milii-722?
1536 5441 1641 5517 die,

189 5506 677 5583 musietiaudtertmt
700 5514 1109 5583 quidamﬂ'atres,
1145 5532 1263 5581 quos
1296 5528 1341 5571 et
1363 5522 1505 5576 hodie
1526 5536 1787 5583 preserves

189 5524 329 5573 ηεαδ,
353 5524 399 5553 ει
420 5524 677 5580 auaierant
700 5524 898 5575 quidam
918 5524 1109 5578 fratres,
1145 5532 1263 5581 quos
1296 5528 1341 5571 et
1363 5524 1505 5576 hodie
1526 5540 1587 5590 pr

188 5566 438 5639 sedemus,
454 5571 577 5639 guid
600 5579 661 5622 sit
685 5575 1029 5639 contemplatio.

186 5629 286 5740 mi
314 5628 386 5679 sic
408 5628 522 5681 Edd.
545 5641 600 5683 Αι
633 5640 741 5685 Mss.
763 5628 1016 5702 plerique,
1055 5648 1214 5693 actum
1245 5650 1333 5695 est.
1370 5648 1593 5715 Quidam,
1616 5660 1783 5717 aptum

315 5756 613 5843 [1122:2017
627 5766 887 5826 protegant.
902 5772 999 5815 Am.
1014 5773 1067 5817 et
1084 5766 1307 5833 plerique
1321 5776 1447 5834 Mss,
1463 5780 1779 5843 protegenti.

188 5810 327 5882 Alii,
350 5810 611 5882 proteng

258 5872 287 5907 δ
312 5872 419 5929 llas.
442 5872 619 5945 magno
636 5895 898 5950 consensu,
919 5892 965 5939 et
985 5888 1079 5955 ipsi
1098 5898 1275 5946 metues
1289 5894 1623 5951 conciderwtt.

1326 396 1723 456 ENARRATIO
1751 393 1818 454 ΙΝ
1859 393 2185 459 PSALMUM
2222 405 2431 465 LXXV.

3411 444 3515 500 962

1931 514 2036 570 alio
2059 517 2178 574 loco
2202 522 2327 592 quid
2350 524 2425 581 ait
2442 528 2718 598 psalmus?
2745 535 2927 596 Levavi
2950 544 3123 604 oculos
3141 566 3275 608 meos
3295 554 3346 610 in
3372 574 3515 614 mon-

1930 613 2032 675 tes,
2063 611 2197 665 unde
2220 616 2378 670 veniet
2401 620 2649 677 auxilium
2668 627 2809 684 mihi.
2835 631 2968 701 Quid
2994 653 3142 710 ergo,
3168 641 3221 698 in
3243 611 3511 707 montibus

1930 707 2015 799 est
2040 714 2165 771 spes
2193 712 2282 799 tua
2300 748 2315 772 ,
2344 717 2400 764 et
2422 710 2544 769 inde
2570 716 2661 772 tibi
2688 722 2864 778 veniet
2888 707 3136 787 auxilium
3160 734 3184 788 ?
3209 742 3544 799 remansisti‘

1930 790 1985 847 in
2032 798 2342 856 montibus?
2395 803 2525 862 Vide
2579 810 2705 880 quid
2760 828 2904 886 agas.
2958 819 3053 876 Est
3103 790 3515 904 aliquidvstipe‘r

1929 897 2180 988 montes:
2224 908 2385 965 super
2422 914 2631 960 montes
2677 917 2759 963 est
2800 926 2957 981 quem
3006 897 3235 979 tremunt
3280 897 3511 988 montes.

1928 977 2130 1049 Levavi,
2154 983 2341 1057 inquit,
2365 993 2537 1049 oculos
2552 1012 2685 1053 meos
2712 1000 2766 1055 in
2795 1015 3005 1073 montes,
3025 1013 3158 1065 unde
3183 1017 3342 1073 veniet
3359 1023 3512 1077 auxi-

1932 1071 2058 1187 liu'm
2081 1078 2224 1183 mihi.
2375 1087 2500 1156 quid
2527 1094 2801 1163 sequitur?
2825 1071 3084 1159 Auxilium
3108 1124 3292 1181 meum,

2000 1540 2051 1653 εξ.
2096 1542 2237 1616 Ergo
2255 1548 2482 1653 ,fratres
2507 1596 2521 1621 ,
2550 1558 2615 1612 ad
2647 1560 2749 1619 hoc
2769 1564 2966 1624 dictum
2993 1580 3103 1639 est,
3138 1590 3204 1632 ne
3230 1580 3509 1653 quisquam

1926 1642 2159 1733 vestrum
2189 1639 2315 1733 velit
2343 1657 2491 1713 spem
2521 1664 2670 1707 suam
2698 1670 2897 1725 ponere
2934 1661 2986 1717 in
3016 1639 3264 1726 homine:
3286 1639 3509 1733 Tamdiu

1926 1732 2009 1830 est
2035 1725 2228 1830 aliquid
2256 1731 2715 1830 homo,gquamdiu
2746 1747 2819 1803 illi
2853 1750 3019 1810 lueret
3046 1772 3075 1811 a
3103 1725 3510 1830 quofactu—sves—t

1926 1811 2107 1919 homo.
2131 1818 2265 1876 Nam
2294 1827 2547 1886 recedens
2571 1833 2639 1889 ab
2668 1836 2758 1893 illo
2781 1880 2796 1906 ,
2825 1842 2955 1899 nihil
2985 1858 3066 1902 est
3093 1811 3272 1919 liomo,
3307 1866 3503 1916 etcum

1926 1906 2091 2023 haeret
2119 1913 2223 1970 illis
2253 1917 2292 1971 ³.
2327 1919 2405 1975 Tu
2431 1923 2508 1978 sic
2531 1928 2711 1999 accipe
2751 1934 3027 1994 consilium
3073 1958 3167 2012 per
3205 1948 3504 2023 hominem,

1924 2011 1982 2055 ut
2010 2003 2155 2059 illum
2184 2010 2492 2070 consideres
2528 2020 2617 2088 qui
2658 2021 2916 2082 illuminat
2958 2003 3249 2092 hominem.
3296 2003 3505 2102 aliis:

1924 2101 1979 2196 et
2004 2104 2066 2196 tu.
2096 2106 2246 2166 potes
2283 2105 2537 2163 accedere
2566 2110 2631 2165 ad
2659 2113 2805 2173 illum
2845 2120 2934 2189 qui
2978 2122 3069 2179 tibi
3104 2141 3200 2196 per
3237 2101 3505 2193 hominem

1925 2184 2191 2256 loquitur;
2225 2208 2329 2247 non
2360 2198 2500 2252 enim
2528 2199 2653 2257 fecit
2691 2205 2837 2263 illum
2862 2184 3121 2272 accedere
3147 2220 3213 2275 ad
3243 2238 3301 2278 se
3324 2265 3339 2291 ,
3370 2235 3425 2282 et
3454 2237 3506 2285 te

1924 2280 2365 2380 repellit..thui
2410 2304 2532 2345 vere
2561 2295 2638 2349 sic
2664 2302 2889 2357 accessit
2924 2305 2991 2360 ad
3022 2307 3186 2366 Deum
3209 2355 3223 2380 ,
3252 2280 3393 2375 utin
3410 2280 3506 2376 illo

1925 2365 2127 2426 habitet
2149 2373 2308 2444 Deus,
2340 2378 2620 2450 displicent
2644 2387 2721 2443 illi
2752 2406 2939 2452 omnes
2962 2400 3052 2467 qui
3079 2365 3184 2459 non
3210 2365 3387 2466 inwillo

1924 2471 2057 2516 nunt
2102 2478 2249 2569 spem
2302 2484 2475 2527 suam.
2538 2476 2818 2549 Propterea
2870 2486 3050 2546 datum
3102 2504 3185 2551 est
3240 2471 3505 2569 quoddam

1922 2556 2258 2660 exemplum,
2281 2575 2399 2616 cum
2423 2564 2564 2634 ipsos
2592 2570 2878 2641 Apostolos
2902 2580 3001 2636 sibi
3024 2556 3316 2647 diviserunt
3334 2635 3348 2660 ,
3378 2556 3504 2652 etin

1920 2642 2203 2757 s‘cliis'mata
2243 2650 2418 2757 ierunt
2453 2657 2543 2726 qui
2581 2659 2863 2722 dicebant:
2906 2669 3021 2742 Ego
3055 2642 3175 2731 sum
3198 2642 3503 2757 In};

1920 2734 2254 2844 :Apollo,_ego
2282 2742 2466 2844 (iephq:
2487 2790 2500 2813 ,
2531 2750 2583 2805 id
2607 2763 2689 2808 est
2713 2755 2881 2813 Petri.
2909 2734 3016 2819 Hos
3041 2766 3239 2840 plangit

1919 2827 2021 2895 lus,
2052 2840 2105 2886 et
2124 2833 2251 2890 dicit
2274 2837 2353 2892 eis
2371 2856 2383 2890 :
2412 2837 2616 2899 Divisus
2637 2856 2710 2901 est
2727 2847 2954 2908 Christus
2972 2857 2999 2910 7
3016 2827 3068 2912 et
3086 2873 3145 2915 se
3167 2827 3500 2937 elegit'quein

1919 2926 2057 2996 apud
2085 2927 2229 2998 ipsos
2265 2943 2665 2995 contemneret:
2710 2942 2977 3016 Numquid
3004 2950 3201 3010 Paulus
3245 2926 3336 3028 pro
3359 2926 3501 3021 bobis

1917 3021 2191 3090 cruciﬁxus
2239 3027 2357 3080 est?
2402 3038 2488 3083 aut
2532 3032 2582 3085 in
2636 3036 2837 3091 nomine
2882 3037 3038 3097 Pauli
3089 3021 3329 3119 baptisati
3383 3055 3500 3111 estis

1918 3109 1964 3211 (l
1990 3110 2107 3211 Cor.
2140 3130 2197 3183 ι,
2231 3117 2328 3184 η,
2360 3120 2489 3190 l3)?
2520 3122 2648 3179 Vide
2672 3127 2867 3185 bonum
2894 3144 3127 3192 montem
3153 3109 3496 3211 quaerentem

1915 3202 2135 3273 gloriam
2157 3248 2172 3275 ,
2216 3224 2320 3265 non
2350 3212 2450 3267 sibi
2475 3253 2488 3278 ,
2521 3216 2613 3271 sed
2645 3232 2673 3271 a
2712 3235 2819 3290 quo
2848 3235 3057 3283 montes
3096 3202 3493 3294 illuminantur:

1916 3295 2132 3352 nolebat
2167 3298 2234 3355 de
2263 3316 2322 3357 se
2358 3308 2628 3376 prtesumi,
2673 3311 2765 3366 sed
2791 3314 2859 3369 de
2901 3317 2992 3373 illo
3030 3319 3098 3376 de
3143 3339 3247 3393 quo
3288 3329 3499 3399 etipse

1915 3403 2343 3461 praesumpserat.
2374 3396 2624 3468 Quisquis
2650 3416 2777 3473 ergo
2804 3405 2874 3461 ita
2904 3423 2965 3463 se
2994 3417 3367 3473 commendare
3392 3396 3493 3487 vo—

1914 3481 2074 3539 luerit
2094 3486 2323 3555 populis,
2347 3491 2467 3544 utsi
2491 3490 2626 3549 forte
2643 3497 2921 3567 contigerit
2942 3502 2990 3556 ei
3012 3505 3200 3575 aliquis
3216 3484 3490 3582 tumultus,

1912 3571 2117 3645 frangat
2142 3586 2261 3646 post
2284 3594 2342 3634 se
2371 3583 2612 3650 populos,
2644 3594 2699 3641 et
2724 3587 2920 3645 dividat
2946 3571 3235 3653 Ecclesiam
3266 3571 3490 3659 ca’thuli-Z

1912 3680 2028 3721 cam
2057 3679 2274 3739 propter
2288 3686 2363 3736 se,
2384 3688 2489 3729 non
2520 3677 2685 3733 estde
2713 3679 2818 3735 illis
2847 3664 3113 3744 montibus
3132 3706 3267 3761 quos
3292 3692 3494 3752 illumi-

1912 3768 2003 3815 nat
2027 3761 2347 3820 Altissimus.
2367 3764 2469 3821 Sed
2497 3770 2615 3839 quis
2632 3783 2713 3827 est
2743 3773 2879 3830 iste?
2902 3775 3322 3843 Contenebratus
3350 3803 3380 3842 a
3410 3804 3489 3857 se,

1909 3866 2015 3906 non
2039 3853 2361 3912 illuminatus
2386 3873 2417 3913 a
2444 3860 2687 3917 Domino.
2716 3863 2866 3923 Unde
2890 3879 3064 3927 autem
3092 3876 3385 3945 probantur
3404 3853 3492 3940 isti

1909 3944 2155 4001 montes?
2179 3946 2233 4001 Si
2264 3948 2400 4004 forte
2427 3953 2708 4024 contigerit
2734 3956 2922 4029 aliquis
2950 3944 3205 4023 tumultus
3233 3968 3489 4029 adversus

1907 4045 2114 4091 montes
2170 4038 2223 4091 in
2271 4039 2547 4109 Ecclesia;
2606 4056 2696 4102 aut
2737 4065 2833 4118 per
2876 4057 3157 4124 populares
3204 4062 3491 4122 seditiones

1906 4128 2215 4195 carnalium,
2254 4140 2344 4185 aut
2384 4148 2479 4201 per
2519 4136 2719 4206 aliquas
2760 4141 2921 4197 falsus
2956 4149 3284 4218 suspiciones
3318 4155 3492 4212 homi-

1904 4230 2073 4282 num;
2125 4217 2295 4275 bonus
2339 4237 2491 4277 mons
2539 4227 2748 4295 repellit
2798 4247 2828 4285 a
2883 4246 2943 4288 se
2988 4217 3175 4295 omnes
3220 4244 3310 4312 qui
3364 4261 3487 4316 pro-

1904 4316 2022 4376 pter
2050 4308 2219 4377 ipsum
2247 4312 2431 4367 volunt
2456 4315 2525 4370 ab
2553 4318 2752 4375 unitate
2777 4323 3047 4383 recedere.
3085 4330 3173 4385 Sic
3201 4308 3342 4390 enim
3364 4308 3488 4403 ipse

1903 4400 2139 4456 manebit
2164 4400 2214 4455 in
2246 4403 2464 4472 unitate,
2493 4407 2535 4460 si
2565 4418 2780 4479 propter
2805 4413 2975 4483 ipsum
3004 4433 3110 4475 non
3139 4422 3306 4480 divisa
3327 4400 3489 4486 fuerit

1904 4490 2016 4560 ipsa
2044 4493 2231 4549 unitas.
2275 4494 2356 4551 Illi
2381 4509 2555 4554 autem
2587 4501 2742 4559 divisi
2770 4518 2892 4563 sunt
2917 4512 2976 4564 ’τ
3020 4516 3229 4584 quando
3266 4526 3487 4581 recessit

1901 4587 2124 4656 populus
2147 4590 2215 4644 ab
2243 4590 2372 4646 orbe
2397 4601 2676 4661 terrarum,
2710 4608 2762 4655 et
2785 4614 2996 4660 secutus
3020 4618 3102 4663 est
3126 4625 3318 4669 nomen
3340 4616 3483 4688 ipso-

1899 4692 2052 4745 rum,
2078 4681 2248 4749 gavisi
2286 4692 2436 4751 sunt;
2467 4686 2589 4742 elati
2617 4699 2758 4757 sunt,
2794 4702 2847 4749 et
2888 4694 3079 4766 deiecti
3108 4712 3250 4759 sunt.
3294 4681 3479 4765 Humi-
3522 4768 3527 4773 ,

1899 4768 2181 4838 liarentur,
2212 4783 2267 4829 et
2302 4776 2697 4847 exaltarentur,
2744 4788 3010 4855 quomodo
3053 4790 3358 4853 humiliatus
3402 4811 3485 4859 est

1896 4862 2217 4934 Apostolus,
2248 4867 2466 4946 dicens;
2509 4872 2774 4945 Numquid
2800 4877 2998 4938 Paulus
3035 4902 3128 4955 pro
3153 4891 3289 4946 vobis
3315 4896 3484 4950 cruci-

1896 4957 2172 5058 ﬁxus-est?
2213 4970 2266 5016 et
2304 4964 2408 5019 alio
2436 4965 2588 5022 loco:
2639 4968 2748 5040 Ego
2776 4972 3020 5043 plantavi,
3049 4980 3234 5052 Apollo
3261 4963 3516 5058 νίραυεεςί

1895 5049 1985 5102 sed
2027 5048 2164 5106 Deus
2208 5052 2559 5111 incrementum
2606 5060 2761 5115 dedit.
2815 5064 2954 5138 Ergo
2998 5048 3157 5143 nequc
3195 5077 3282 5147 qui
3307 5048 3479 5149 ⁷ριιιηξ

1895 5148 1967 5193 tat
2002 5151 2075 5195 est
2121 5144 2312 5237 aliquid
2333 5189 2349 5213 ,
2386 5165 2541 5219 neque
2582 5154 2669 5223 qui
2713 5156 2885 5228 rigat;
2930 5164 3021 5216 sed
3067 5167 3156 5237 qui
3199 5144 3481 5229 incremeno

1894 5240 1997 5285 tum
2041 5234 2129 5288 dat
2160 5234 2298 5291 Deus
2326 5238 2507 5311 (lbid.,
2540 5257 2629 5310 nt,
2661 5245 2695 5299 6
2723 5257 2768 5301 et
2798 5250 2875 5323 7).
2908 5252 3064 5312 Tales
3078 5234 3298 5317 montes
3339 5263 3391 5318 in
3419 5280 3481 5323 se

1894 5323 2119 5382 humiles
2163 5339 2305 5395 sunt,
2358 5331 2409 5385 in
2458 5333 2568 5389 Deo
2609 5340 2803 5396 excelsi
2849 5355 3009 5411 sunt;
3064 5350 3153 5419 qui
3194 5362 3373 5412 autem
3422 5360 3477 5417 in

1890 5527 1949 5603 se
1970 5514 2175 5581 exultat,
2210 5515 2592 5585 humiliabilur;
2619 5532 2668 5577 et
2692 5528 2778 5595 qui
2800 5544 2853 5582 se
2881 5528 3141 5603 humiliat,
3171 5514 3477 5601 exaltabiiur

1895 5601 2044 5672 (Luc.
2070 5621 2191 5671 xiv,
2225 5606 2337 5681 Η).
2369 5608 2494 5667 Ideo
2538 5614 2671 5671 tales
2699 5588 2787 5687 qui
2828 5622 3102 5691 superbias

1888 5782 2132 5895 Μέιεᾱὰ..
2157 5792 2336 5838 etcum
2359 5787 2510 5843 haeret
2540 5790 2631 5843 illi.
2672 5800 2727 5846 At
2747 5801 2879 5860 Mss,
2900 5797 2999 5855 illis
3019 5815 3040 5857 :
3061 5806 3286 5877 subaud.,
3310 5817 3478 5873 morul-

1954 5908 1974 5939 ³
1997 5917 2205 5969 Quatuor
2226 5917 2354 5979 Mss,
2374 5913 2620 5969 illiaulent
2639 5918 2793 5983 gavisi
2807 5932 2935 5976 sunt.
3351 5974 3379 5984 ..
3416 5960 3424 5969 -
3479 5927 3491 5957 ‘

1955 6084 2086 6109 κεῖν’
