4076 6456
543 365 649 426 θω

548 483 742 540 lemnia
768 480 1080 538 celebrant?
1105 479 1497 536 Meminerimus
1526 493 1673 550 ergo,
1689 479 1888 554 fratres
1917 479 2118 535 charis-

549 577 706 641 simi;
733 589 980 645 rogamus
1008 588 1104 629 vos
1133 591 1146 630 :
1172 572 1411 643 quisquis
1437 571 1686 627 liberatus
1711 581 1794 626 est
1813 586 1842 624 a
1869 581 2117 642 peccato,

549 666 852 722 meminerit
880 666 1004 737 quid
1034 666 1164 732 fuit;
1195 667 1300 721 sint
1325 666 1376 720 in
1413 665 1504 720 illo
1533 663 1758 735 reliquit:
1783 665 2118 736 cogitationis.

547 759 698 816 Tunc
721 760 862 815 enim
905 768 1082 830 portat
1107 759 1267 815 alium
1296 758 1590 814 sanandum
1617 800 1632 826 ,
1663 757 1710 814 si
1739 774 1796 814 se
1822 759 2124 815 meminerit

547 868 668 910 esse
693 862 954 909 sanatum.
984 853 1124 924 Ergo
1143 853 1504 924 unusquisque
1523 853 1834 909 recordetur
1853 853 1981 925 quid
2005 852 2119 921 fuit,

551 955 606 1003 et
633 954 810 1002 utrum
838 947 946 1016 iam
977 963 1081 1003 non
1107 948 1206 1013 sit;
1233 956 1286 1002 et
1312 956 1436 1003 tunc
1459 947 1736 1003 subveniet
1759 947 1808 1003 ei
1837 948 1925 1019 qui
1949 947 2124 1003 adhuc

544 1048 630 1094 est
655 1037 797 1109 quod
823 1037 910 1095 ille
930 1039 1038 1109 iam
1068 1055 1174 1094 non
1195 1048 1294 1096 est.
1322 1039 1379 1095 Si
1404 1047 1581 1096 autem
1604 1039 1770 1111 iactat
1799 1056 1856 1096 se
1881 1041 2030 1112 quasi
2057 1040 2123 1096 de

550 1130 757 1186 meritis
781 1130 910 1198 suis,
939 1138 993 1186 et
1017 1131 1225 1201 repellit
1250 1141 1498 1202 tanquam
1526 1131 1768 1202 indignos
1794 1141 2119 1201 peccatores,

548 1232 602 1278 et
631 1223 748 1279 sine
788 1224 1148 1280 misericordia
1178 1226 1364 1291 smvit;
1404 1241 1596 1296 equum
1641 1225 1918 1296 ascendit,
1949 1226 2124 1282 videat

549 1334 618 1376 ne
638 1321 864 1377 dormiat
886 1340 900 1376 :
923 1323 1314 1378 dormitaverunt
1335 1325 1474 1380 enim
1497 1326 1585 1398 qui
1604 1326 1932 1381 ascenderunt
1951 1339 2120 1395 equos.

551 1410 664 1466 Jam
699 1422 819 1468 tunc
849 1413 1048 1475 dimisit
1075 1430 1267 1485 equum
1293 1433 1307 1481 ;
1340 1415 1637 1472 bumiliavit
1661 1433 1720 1473 se
1751 1435 1765 1472 :
1799 1432 1904 1472 non
1933 1417 2123 1474 iterum

551 1504 802 1560 ascendat
841 1522 1033 1577 equum
1059 1549 1072 1574 ,
1107 1508 1158 1562 id
1187 1517 1269 1564 est
1291 1551 1306 1576 ,
1336 1525 1440 1566 non
1468 1525 1527 1566 se
1551 1526 1738 1567 rursus
1761 1511 1928 1582 erigat
1956 1511 2010 1565 in
2037 1525 2127 1566 su-

547 1598 805 1667 perbiam.
833 1598 986 1655 Unde
1015 1600 1088 1654 illi
1119 1600 1220 1657 hoc
1248 1602 1344 1658 lit?
1371 1602 1426 1659 Si
1450 1604 1672 1675 reliquid:
1698 1603 2014 1676 cogitationis
2036 1617 2124 1658 so-

549 1689 744 1745 lemnia
769 1691 1038 1747 celebrent
1068 1693 1196 1748 Deo.

624 1781 708 1836 l6.
742 1781 892 1855 [item
916 1782 1028 1856 12.)
1066 1782 1264 1853 Vovete,
1284 1795 1328 1840 et
1351 1786 1543 1844 reddite
1563 1787 1786 1844 Domino
1805 1787 1915 1843 Deo
1932 1797 2124 1844 nostra.

551 1873 788 1947 Quisque
823 1876 965 1946 quod
998 1887 1174 1948 potest
1197 1888 1407 1945 voveat,
1448 1891 1502 1936 et
1529 1882 1737 1937 reddat.
1767 1881 1844 1937 Ne
1863 1882 2121 1950 voveatis,

549 1975 606 2021 et
638 1983 742 2022 non
783 1968 1046 2034 reddatis;
1096 1971 1188 2027 sed
1209 1973 1432 2043 quisque
1460 1974 1600 2044 quod
1628 1985 1803 2046 potest
1825 1987 2044 2045 voveat,
2072 1987 2127 2033 et

548 2057 756 2113 reddat.
786 2058 900 2115 Non
923 2061 1038 2115 sitis
1064 2061 1196 2133 pigri
1221 2063 1288 2118 ad
1317 2065 1650 2133 vovendum;
1691 2085 1796 2124 non
1825 2070 1967 2125 enim
1991 2070 2124 2126 viri-

548 2150 650 2206 bus
679 2153 870 2208 vestris
894 2153 1203 2225 implebitis.
1245 2156 1513 2214 Deﬁcietis
1535 2202 1550 2228 ,
1584 2161 1627 2216 si
1660 2161 1727 2216 de
1754 2162 1904 2218 vobis
1924 2178 2126 2233 praesu-

552 2244 730 2310 mitis;
781 2245 828 2300 si
867 2256 1044 2302 autem
1069 2247 1137 2302 de
1179 2247 1270 2303 illo
1309 2251 1392 2305 cui
1421 2252 1642 2319 vovetis,
1685 2263 1912 2320 vovete,
1950 2255 2125 2310 securi

552 2333 804 2390 rcddetis.
841 2333 1038 2403 Voaete,
1057 2348 1104 2392 et
1123 2339 1316 2394 reddite
1334 2339 1554 2396 Domino
1573 2341 1682 2397 Deo
1708 2355 1900 2399 nostra.
1923 2343 2122 2402 Omnes

550 2428 906 2483 communiter
935 2429 1062 2500 quid
1083 2430 1339 2487 debemus
1364 2435 1590 2490 vovere?
1617 2435 1847 2492 Credere
1868 2437 1922 2492 in
1952 2438 2122 2508 illum,

553 2531 771 2588 sperare
792 2519 860 2575 ab
886 2520 976 2575 illo
995 2522 1155 2576 vitam
1179 2532 1452 2593 :eternam,
1475 2527 1610 2582 bene
1628 2528 1807 2584 vivere
1835 2530 2125 2586 secundum

551 2627 890 2668 communem
920 2613 1156 2670 modum.
1210 2616 1306 2672 Est
1329 2618 1472 2673 enim
1511 2618 1725 2690 quidam
1756 2622 1944 2679 modus
1973 2638 2125 2678 com-

552 2703 729 2760 munis
755 2705 1021 2762 omnibus.
1052 2707 1273 2764 Furtum
1293 2725 1396 2766 non
1425 2709 1622 2780 facere,
1640 2728 1746 2769 non
1772 2716 2124 2772 castimoniali

551 2798 872 2870 prmcipitur,
900 2808 955 2857 et
978 2811 1157 2872 nuptae
1181 2818 1286 2859 non
1313 2805 1615 2875 praecipitur
1642 2824 1656 2861 :
1684 2807 2000 2865 adulterium
2018 2826 2124 2866 non

548 2887 749 2958 facere,
780 2895 1026 2950 omnibus
1052 2897 1355 2968 praacipitur
1387 2916 1401 2953 :
1426 2913 1530 2954 non
1555 2915 1736 2956 amare
1758 2902 2122 2970 vinolentiam,

552 2997 654 3052 qua
687 2983 1036 3055 ingurgitatur
1057 2985 1264 3054 anima,
1292 2996 1344 3043 et
1372 2990 1666 3061 corrumpit
1691 2991 1745 3046 in
1781 3006 1840 3048 se
1871 2995 2125 3064 templum

552 3072 680 3137 Dei,
726 3075 971 3131 omnibus
997 3077 1275 3147 aequaliter
1308 3080 1612 3150 praecipitur
1644 3099 1658 3136 :
1692 3097 1799 3138 non
1827 3085 2122 3155 superbire,

550 3163 796 3219 omnibus
835 3165 1112 3235 :equaliter
1158 3169 1462 3238 prmcipitur
1490 3188 1504 3225 :
1537 3186 1642 3226 non
1682 3171 1951 3230 hominem
1979 3176 2124 3232 occi-

549 3254 697 3321 dere,
731 3271 833 3312 non
873 3256 1050 3313 odisse
1081 3258 1294 3314 fratrem
1315 3301 1331 3327 ,
1373 3275 1478 3318 non
1515 3261 1766 3320 adversus
1790 3264 2019 3336 aliquem
2048 3275 2127 3323 te-

548 3363 677 3405 nere
725 3349 1011 3419 perniciem
1037 3392 1050 3417 ,
1098 3352 1349 3410 omnibus
1385 3353 1439 3409 in
1476 3370 1759 3413 commune
1799 3360 2124 3430 praccipitur.

549 3433 661 3492 [loc
685 3446 852 3494 totum
894 3456 1082 3497 omnes
1107 3457 1302 3499 vovere
1327 3443 1601 3501 debemus.
1651 3447 1788 3504 Sunt
1813 3451 1974 3506 etiam
2001 3461 2124 3508 vota

549 3530 758 3599 propria
785 3531 1112 3602 singulorum
1144 3549 1158 3587 :
1188 3533 1324 3589 alius
1351 3545 1504 3592 vovet
1542 3537 1651 3593 Deo
1674 3540 1968 3597 castitatem
1992 3559 2124 3598 cou-

546 3618 778 3690 jugalem
799 3663 814 3686 ,
837 3631 896 3677 ut
925 3635 1119 3694 prieter
1143 3641 1369 3682 uxorem
1395 3641 1545 3684 suam
1571 3645 1679 3686 non
1700 3633 1906 3689 noverit
1926 3634 2081 3689 aliam
2105 3651 2122 3702 ;

548 3711 625 3765 sic
671 3720 725 3767 et
772 3713 1002 3781 femina,
1047 3726 1107 3771 ut
1151 3727 1342 3788 prater
1383 3720 1554 3776 virum
1602 3739 1755 3778 suum
1784 3740 1888 3781 non
1918 3727 2126 3782 noverit

547 3801 728 3856 alium.
751 3803 852 3858 Alii
879 3805 1036 3860 etiam
1059 3818 1286 3876 vovent,
1313 3812 1410 3867 etsi
1432 3814 1638 3884 experti
1664 3815 1771 3871 tale
1795 3817 2120 3890 coniugium,

548 3892 682 3945 ultra
711 3893 840 3947 nihil
867 3895 972 3950 tale
1003 3897 1147 3966 pati,
1191 3899 1321 3954 nihil
1347 3902 1451 3958 tale
1478 3905 1860 3974 concupiscere
1884 3920 1974 3961 aut
1997 3925 2122 3965 sus-

550 3981 720 4037 tinere
749 4000 763 4037 :
801 3992 856 4039 et
885 3985 984 4056 ipsi
1031 4001 1288 4045 voverunt
1313 3993 1512 4063 aliquid
1532 3997 1702 4066 majus
1723 3999 1991 4067 quamilli.
2017 4002 2122 4056 Alii

546 4072 897 4142 virginitatem
929 4078 1096 4147 ipsam
1125 4082 1193 4136 ab
1217 4083 1434 4140 ineunte
1452 4095 1614 4144 aetate
1650 4099 1868 4158 vovent,
1904 4102 1961 4148 ut
1988 4093 2118 4150 nihil

547 4163 654 4218 tale
680 4164 762 4220 vel
782 4168 1126 4238 experiantur
1149 4213 1165 4239 ,
1212 4175 1368 4243 quale
1393 4175 1466 4232 illi
1497 4181 1698 4249 experti
1750 4183 2117 4254 reliquerunt:

542 4264 597 4310 et
627 4256 712 4311 isti
735 4269 992 4316 voverunt
1023 4263 1328 4334 plurimum.
1374 4267 1478 4323 Alii
1507 4280 1702 4327 vovent
1729 4273 1946 4331 domum
1969 4293 2120 4334 suam

544 4361 663 4403 esse
731 4347 1048 4420 hospitalem
1113 4356 1363 4412 omnibus
1413 4362 1610 4417 sanctis
1660 4363 2115 4426 advenientibus:

545 4455 792 4510 magnum
823 4452 1000 4511 votum
1018 4456 1232 4503 vovent.
1263 4449 1412 4504 Alius
1437 4462 1593 4508 vovet
1612 4455 1914 4528 relinquere
1939 4461 2118 4517 omnia

541 4545 633 4584 Sua
656 4533 1016 4591 distribuenda
1046 4537 1385 4608 pauperibus,
1407 4549 1463 4596 et
1486 4542 1562 4599 ire
1591 4544 1643 4600 in
1669 4561 2005 4607 communem
2036 4552 2117 4606 vi-

541 4629 668 4688 tam,
692 4623 741 4676 in
769 4626 1075 4682 societatem
1097 4639 1400 4686 sanctorum
1433 4651 1445 4688 :
1469 4651 1716 4706 maguum
1733 4650 1913 4696 votum
1939 4654 2116 4702 vovet.

550 4709 731 4770 l’ovete
750 4757 764 4782 ,
793 4727 840 4771 et
867 4720 1059 4776 reddite
1086 4721 1308 4778 Domino
1338 4724 1449 4782 Deo
1479 4740 1670 4786 nostro.
1717 4733 1953 4806 Quisque
1976 4741 2116 4810 quod

539 4817 734 4858 vovere
762 4807 990 4864 voluerit
1027 4823 1218 4867 voveat
1247 4831 1260 4867 :
1291 4814 1418 4870 illud
1449 4820 1723 4887 attendat,
1772 4833 1830 4879 ut
1853 4807 2118 4896 quod—vo—

539 4894 674 4948 verit
713 4895 920 4952 reddat.
949 4899 1325 4976 Unusquisque
1357 4907 1468 4963 Deo
1490 4911 1633 4980 quod
1658 4924 1836 4983 vovet,
1871 4894 1915 4972 si
1949 4922 2118 4991 respi-

537 4983 609 5038 cit
650 4995 943 5043 retrorsum
965 5032 980 5057 ,
1013 4993 1207 5049 malum
1239 5005 1342 5051 est.
1390 4998 1580 5056 Nescio
1600 5018 1716 5073 qua:
1736 5006 2114 5068 castimonialis

535 5077 740 5134 nubere
769 5080 930 5136 voluit
955 5100 970 5137 :
1002 5085 1128 5152 quid
1162 5089 1369 5145 voluit?
1403 5091 1556 5161 Quod
1581 5105 1635 5152 et
1663 5098 1814 5170 virgo
1837 5104 2110 5173 quaelibet.

539 5169 675 5262 Quid
703 5172 907 5228 voluit?
951 5175 1102 5243 Quod
1132 5188 1187 5233 et
1211 5191 1380 5239 mater
1406 5185 1590 5256 ipsius.
1622 5169 1836 5262 Aliquid
1853 5169 1989 5252 1mm
2020 5213 2114 5255 vo-

535 5260 666 5350 iuit?
697 5263 815 5318 Mali
849 5267 1023 5336 plane.
1073 5270 1290 5337 Quare?
1332 5275 1462 5343 Quia
1503 5279 1612 5350 iam
1641 5260 1858 5342 voverat
1887 5289 2111 5348 Domino

533 5349 644 5407 Deo
668 5369 785 5410 suo.
837 5357 976 5425 Quid
1003 5362 1145 5415 enim
1172 5362 1307 5418 dixit
1332 5366 1399 5422 de
1427 5349 1618 5428 talibus
1661 5379 1934 5446 apostolus
1975 5383 2111 5438 Pau-

531 5441 659 5498 lus?
688 5447 817 5502 Cum
837 5448 981 5506 dicat
999 5453 1186 5509 viduas
1209 5454 1635 5520 adulescentulas
1656 5441 1856 5526 nubere
1875 5473 1919 5528 si
1946 5475 2110 5532 velint

530 5533 574 5604 (l
605 5533 733 5591 Tim.
764 5553 831 5605 ν,
867 5536 992 5612 14),
1029 5545 1125 5600 sed
1147 5554 1324 5603 tamen
1356 5550 1430 5604 ait
1456 5554 1684 5622 quodam
1710 5559 1829 5617 loco
1861 5581 1875 5618 :
1903 5563 2108 5623 Beatior

529 5634 697 5680 autem
725 5629 845 5694 erit,
883 5632 929 5685 si
964 5633 1037 5687 sic
1077 5639 1407 5704 permanserit
1435 5647 1707 5705 secundum
1740 5669 1904 5709 meum
1935 5661 2107 5715 consi-

529 5713 656 5771 lium
685 5717 874 5822 (l-Cor.
901 5738 974 5778 vn
996 5766 1012 5792 ,
1039 5726 1153 5797 40).
1183 5729 1426 5789 Ostendit
1456 5735 1776 5812 beatiorem,
1809 5747 1852 5802 si
1877 5748 1954 5805 sic
1980 5713 2103 5822 per-

529 5811 820 5882 manserit;
880 5832 985 5874 non
1029 5828 1205 5882 tamen
1229 5824 1581 5889 damnandam
1605 5875 1620 5904 ,
1652 5836 1698 5893 si
1726 5811 1926 5902 nubere
1945 5811 2097 5904 volu-

1605 6009 1632 6034 τ

1783 364 1844 423 8.
1882 360 2250 422 AUGUSTINI
2287 363 2588 425 EPISCOPI

2233 481 2353 536 erit.
2383 483 2519 551 Quid
2557 494 2733 542 autem
2761 488 2837 545 ait
2857 488 2925 546 de
2945 490 3261 561 quibusdam
3290 511 3408 568 quae
3443 514 3728 575 voverunt,
3756 519 3813 566 et

2231 588 2337 628 non
2375 575 2757 634 reddiderunt?
2820 581 3103 652 Habentes,
3153 586 3360 659 inquit,
3406 591 3808 669 damnationem,

2231 666 2349 734 quia
2375 667 2588 737 primam
2608 671 2760 741 ﬁdem
2780 674 2975 729 irritam
2998 679 3220 749 fecerunt
3241 680 3283 754 (l
3306 681 3438 738 Tim.
3459 701 3512 753 v,
3543 687 3655 760 12).
3673 666 3809 759 Quid

2233 766 2334 825 est,
2366 761 2579 829 primam
2605 764 2757 834 ﬁdem
2776 767 2971 822 irritam
2994 769 3256 840 fecerunt?
3299 775 3591 845 Voverunt,
3621 791 3676 837 et
3706 800 3813 840 non

2234 850 2594 910 reddiderunt.
2639 856 2812 915 Nemo
2835 875 2962 932 ergo
2989 863 3193 933 positus
3216 865 3268 922 in
3298 874 3624 928 monasterio
3649 874 3815 933 frater

2231 943 2372 1002 dicat
2405 966 2418 1002 :
2449 949 2659 1006 Recedo
2692 951 2762 1009 de
2789 957 3114 1012 monasterio
3136 999 3153 1026 ,
3197 975 3369 1031 neque
3411 965 3554 1020 enim
3594 967 3697 1022 soli
3724 987 3814 1041 qn.

2233 1046 2356 1093 sunt
2380 1039 2431 1094 in
2458 1045 2784 1101 monasterio
2808 1049 3116 1117 perventuri
3143 1061 3268 1106 sunt
3293 1053 3360 1108 ad
3393 1071 3618 1124 regnum
3647 1039 3815 1117 ccio-

2232 1145 2372 1197 rum,
2403 1140 2456 1188 et
2482 1132 2558 1188 illi
2583 1135 2673 1205 qui
2702 1135 2774 1191 ibi
2807 1153 2913 1194 non
2941 1149 3065 1195 sunt
3084 1141 3150 1196 ad
3183 1143 3347 1199 Deum
3379 1163 3485 1203 non
3520 1151 3812 1220 pertinent.

2232 1220 2609 1295 ReSpondetur
2635 1227 2685 1282 ei
2715 1245 2729 1284 :
2760 1229 2868 1287 Sed
2893 1230 2967 1286 illi
3005 1247 3111 1288 non
3150 1247 3449 1307 voverunt;
3501 1249 3555 1296 tu
3594 1247 3812 1313 vovisti,

2232 1322 2288 1369 tu
2325 1315 2471 1372 retr'o
2509 1319 2810 1390 respexisti.
2857 1322 2931 1378 De
2951 1323 3038 1380 die
3063 1325 3250 1395 iudicii
3277 1344 3398 1385 cum
3429 1332 3690 1392 Dominus
3716 1343 3814 1395 mi-

2234 1418 2452 1465 naretur
2473 1453 2487 1477 ,
2519 1411 2645 1482 quid
2673 1415 2781 1468 ait?
2825 1415 3128 1474 Mementote
3150 1423 3325 1477 uxoris
3357 1424 3456 1480 Lot
3489 1428 3645 1500 (Luc.
3681 1450 3807 1500 xvn,

2232 1499 2348 1574 32).
2377 1502 2634 1560 Omnibus
2658 1506 2809 1562 dixit.
2840 1508 2976 1577 Quid
3002 1515 3143 1568 enim
3166 1512 3292 1571 fecit
3320 1533 3453 1573 uxor
3476 1499 3579 1576 Lot
3604 1523 3630 1576 ?
3655 1499 3812 1583 Lihes

2231 1603 2343 1648 rata
2373 1605 2457 1652 est
2482 1611 2510 1650 a
2539 1596 2788 1657 Sodomis
2811 1643 2826 1669 ,
2878 1613 2932 1658 et
2962 1603 3015 1660 in
3044 1605 3130 1661 via
3173 1609 3342 1678 posita
3385 1621 3682 1670 retrorsum
3729 1636 3808 1674 re-

2232 1687 2445 1756 spexit:
2474 1689 2564 1744 ubi
2593 1693 2856 1762 respexit,
2883 1694 2954 1750 ibi
2985 1699 3263 1754 remansit.
3316 1701 3479 1758 Facta
3513 1715 3600 1761 est
3639 1719 3810 1769 autem

2232 1787 2404 1836 statua
2435 1782 2560 1838 salis
2585 1783 2738 1853 (Gen.
2770 1802 2862 1842 ιιι
2888 1829 2902 1854 ,
2933 1788 3026 1862 26)
3049 1831 3064 1857 ,
3104 1800 3162 1846 ιιι
3189 1793 3328 1849 illius
3356 1801 3811 1870 contemplatione

2231 1873 2546 1930 condiantur
2569 1875 2840 1946 homines;
2870 1894 2963 1935 cor
2992 1881 3242 1953 habeant,
3270 1902 3375 1942 non
3395 1890 3502 1945 sint
3528 1891 3679 1959 fatui,
3709 1913 3813 1952 non

2232 1973 2379 2021 retro
2409 1967 2732 2036 respiciant,
2778 1985 2845 2025 ne
2889 1973 3085 2028 malum
3110 1978 3413 2048 exemplum
3442 1980 3634 2040 dantes
3656 2027 3671 2050 ,
3714 1988 3816 2057 ipsi

2231 2068 2544 2114 remaneant
2563 2069 2662 2124 ,-et
2699 2060 2831 2117 alios
2865 2064 3136 2120 condiant.
3165 2066 3297 2123 Nam
3323 2080 3376 2126 et
3402 2074 3559 2130 modo
3587 2076 3817 2134 dicimus

2232 2147 2359 2203 illud
2385 2150 2700 2220 quibusdam
2733 2153 2985 2211 fratribus
3015 2160 3244 2224 nostris,
3278 2179 3411 2233 quos
3445 2166 3582 2223 forte
3609 2171 3814 2226 videri-

2232 2254 2355 2295 mus
2388 2241 2533 2296 velut
2563 2243 2818 2300 infirmari
2864 2246 2915 2301 in
2963 2251 3237 2320 proposito
3282 2254 3416 2310 bono
3447 2275 3464 2312 :
3495 2259 3557 2313 Et
3583 2263 3706 2316 talis
3733 2263 3818 2318 vis

2232 2348 2386 2398 esse,
2430 2337 2604 2405 qualis
2626 2338 2756 2394 ille?
2799 2341 3091 2411 Objicimus
3125 2346 3230 2402 illis
3264 2350 3508 2418 quosdam
3545 2354 3635 2424 qui
3658 2365 3810 2410 retro

2233 2437 2606 2495 respexerunt.
2634 2428 2711 2484 llli
2737 2429 2866 2488 fatui
2895 2444 3023 2492 sunt
3050 2437 3100 2491 in
3131 2453 3222 2504 se,
3254 2440 3344 2495 sed
3367 2442 3498 2498 alios
3524 2446 3810 2513 condiunt,

2231 2516 2444 2585 quando
2488 2534 3010 2594 commemorantur,
3053 2537 3111 2583 ut
3158 2529 3365 2586 illorum
3411 2535 3716 2605 exemplum
3745 2538 3815 2592 ti-

2232 2620 2439 2668 mentes
2467 2614 2554 2670 isti
2588 2625 2734 2672 retro
2771 2636 2877 2674 non
2918 2624 3224 2693 respiciant.
3281 2624 3491 2695 Vovete,
3533 2639 3580 2683 et
3622 2631 3819 2686 reddite

2232 2701 2454 2760 Domino
2483 2705 2594 2763 Deo
2615 2720 2805 2776 nostro,
2834 2713 2956 2783 quia
2985 2715 3070 2769 illa
3103 2733 3238 2774 uxor
3267 2719 3366 2774 Lot
3390 2720 3456 2776 ad
3484 2738 3672 2779 omnes
3698 2741 3819 2795 per.

2232 2800 2384 2855 tinet.
2437 2800 2677 2860 Maritata
2723 2808 2917 2864 mulier
2944 2811 3115 2867 volu‘it
3145 2813 3319 2872 facere
3348 2816 3708 2887 adulterium;
3749 2821 3815 2878 de

2231 2888 2349 2947 loco
2385 2909 2483 2949 suo
2507 2910 2614 2966 quo
2639 2910 2958 2966 pervenerat
3001 2912 3145 2960 retro
3181 2909 3438 2977 respexit.
3482 2909 3657 2967 Vidua
3696 2928 3816 2984 qua:

2226 2982 2338 3053 iam
2364 2985 2439 3041 sic
2468 3003 2787 3057 permanere
2812 3004 3027 3050 voverat
3055 3037 3071 3063 ,
3113 2998 3282 3053 voluit
3312 3001 3546 3070 nubere,
3589 3003 3695 3060 hoc
3724 3022 3817 3060 vo-

2230 3077 2331 3132 luit
2375 3080 2516 3150 quod
2545 3081 2766 3140 licuitei
2812 3101 2931 3157 qua:
2969 3091 3189 3159 nupsit;
3240 3094 3332 3148 sed
3368 3095 3444 3150 illi
3491 3113 3599 3152 non
3643 3100 3813 3167 licuit,

2230 3169 2351 3238 quia
2377 3169 2444 3226 de
2487 3171 2604 3227 loco
2630 3188 2728 3230 suo
2775 3186 2921 3233 retro
2952 3183 3210 3251 respexit.
3269 3184 3428 3256 Virgo
3453 3198 3540 3243 est
3564 3192 3817 3246 castimo-

2231 3259 2408 3329 nialis,
2429 3262 2539 3332 iam
2563 3264 2740 3322 dicata
2764 3268 2908 3337 Deo;
2949 3270 3181 3329 habebat
3204 3284 3258 3332 et
3276 3287 3468 3334 caetera
3493 3320 3508 3344 ,
3537 3297 3661 3351 qua:
3689 3299 3816 3340 vere

2231 3361 2425 3410 ornant
2451 3354 2620 3424 ipsam
2650 3358 3008 3432 virginitatem
3033 3407 3046 3430 ,
3081 3375 3133 3421 et
3164 3369 3278 3423 sine
3313 3371 3504 3441 quibus
3538 3373 3626 3429 illa
3658 3377 3818 3447 virgi-

2229 3443 2368 3500 nitas
2395 3447 2565 3517 turpis
2593 3459 2695 3507 est.
2739 3452 2875 3518 Quid
2901 3455 2946 3510 si
2977 3456 3118 3512 enim
3140 3459 3210 3514 sit
3237 3475 3461 3532 corpore
3491 3464 3697 3536 integra
3721 3443 3818 3531 ,vet

2230 3545 2411 3592 mente
2431 3542 2726 3612 corrupta?
2769 3545 2906 3610 Quid
2931 3556 3013 3602 est
3043 3551 3180 3618 quod
3213 3551 3357 3607 divi?
3400 3556 3538 3622 Quid
3562 3558 3609 3612 si
3639 3559 3816 3614 nullus

2233 3625 2466 3697 tetigerit
2485 3645 2700 3701 corpus,
2747 3635 2841 3690 sed
2869 3637 2914 3691 si
2948 3637 3084 3695 forte
3112 3641 3324 3698 ebriosa
3351 3646 3439 3711 sit,
3466 3651 3700 3719 superba
3726 3651 3812 3717 sit,

2231 3716 2461 3789 litigiosa
2487 3723 2593 3793 sit,
2636 3724 2874 3796 linguosa
2901 3731 3003 3784 sit?
3044 3731 3168 3789 Haec
3195 3737 3372 3790 omnia
3403 3716 3624 3795 damnat
3653 3716 3811 3798 Deus.

2231 3808 2288 3864 Si
2316 3820 2600 3882 antequam
2643 3817 2875 3874 vovisset
2918 3823 3222 3893 nupsisset,
3272 3844 3376 3883 non
3417 3828 3806 3890 damnaretur:

2229 3901 2389 3973 elegit
2411 3905 2609 3976 aliquid
2649 3909 2876 3978 melius,
2912 3917 3184 3984 superavit
3209 3919 3349 3988 quod
3375 3921 3422 3975 ei
3459 3921 3693 3988 licebat;
3725 3940 3812 3980 su-

2231 3995 2425 4064 perbit,
2464 4008 2519 4053 et
2546 3999 2729 4056 illicita
2758 4012 2904 4058 tanta
2929 4008 3239 4064 committit.
3261 4010 3372 4066 Hoc
3401 4012 3525 4068 dico
3555 4031 3570 4066 :
3601 4014 3812 4072 Nubere

2229 4085 2356 4142 licet
2379 4097 2659 4160 antequam
2692 4104 2914 4161 voveat;
2947 4099 3224 4166 superbire
3260 4117 3538 4173 nunquam
3575 4106 3720 4162 licet.
3769 4107 3812 4162 Ο

2232 4187 2287 4232 ιιι
2316 4179 2468 4251 virgo
2490 4182 2602 4248 Dei,
2633 4185 2835 4242 nubere
2866 4189 3102 4253 noluisti,
3131 4193 3272 4263 quod
3302 4194 3464 4261 licet;
3499 4199 3712 4254 extollis
3739 4210 3806 4266 te,

2226 4275 2370 4344 quod
2402 4293 2506 4331 non
2536 4279 2679 4334 licet.
2715 4280 2904 4338 Melior
2924 4283 3072 4356 virgo
3100 4285 3345 4357 humilis,
3376 4306 3538 4362 quam
3563 4296 3805 4350 maritata

2227 4365 2472 4436 humilis;
2524 4371 2620 4427 sed
2658 4373 2849 4429 melior
2887 4377 3129 4433 maritata
3173 4380 3414 4450 humilis,
3457 4401 3622 4454 quam
3662 4387 3806 4457 virgo

2225 4462 2479 4530 superba.
2523 4462 2654 4530 Qua:
2699 4475 2877 4520 autem
2909 4471 3146 4539 respexit
3169 4472 3235 4526 ad
3272 4475 3517 4544 nuptias,
3550 4495 3658 4533 non
3689 4480 3806 4550 quia

2223 4551 2391 4607 voluit
2414 4553 2615 4611 nubere
2638 4555 2948 4626 damnatur;
2973 4561 3065 4616 sed
3094 4563 3214 4632 quia
3242 4565 3352 4635 iam
3374 4580 3740 4626 antecesserat
3766 4574 3803 4640 ⁸,

2223 4652 2279 4700 et
2305 4645 2362 4698 fit
2388 4661 2522 4702 uxor
2541 4646 2642 4703 Lot
2666 4650 3002 4720 respiciendo
3027 4664 3341 4711 retrorsum.
3393 4658 3510 4714 Non
3536 4662 3658 4717 sitis
3679 4664 3804 4733 pigri

2223 4737 2313 4807 qui
2343 4739 2564 4808 potestis
2588 4782 2603 4806 ,
2637 4742 2830 4812 quibus
2858 4746 3058 4814 aspirat
3089 4745 3228 4804 Deus
3247 4751 3660 4821 apprehendere
3685 4771 3803 4827 gra-

2222 4827 2322 4883 dus
2350 4831 2633 4900 meliores,
2683 4835 2807 4905 quia
2839 4852 2945 4892 non
2975 4838 3072 4892 ista
3099 4839 3218 4895 ideo
3260 4840 3531 4913 loquimur
3554 4887 3572 4912 ,
3617 4856 3676 4902 ut
3704 4863 3802 4903 non

2220 4921 2456 4977 voVeatis
2480 4962 2495 4987 ,
2542 4924 2639 4979 sed
2679 4935 2738 4980 ut
2773 4929 3010 4984 voveatis
3035 4971 3049 4996 ,
3094 4938 3150 4986 et
3194 4932 3478 4990 reddatis:
3521 4935 3738 5004 Vooete,
3762 4947 3803 4992 et

2218 5011 2413 5068 reddite
2437 5013 2659 5072 Domino
2681 5017 2790 5073 Deo
2815 5031 3005 5076 nostro.
3034 5021 3150 5078 Jam
3177 5025 3299 5095 quia
3321 5026 3421 5082 ista
3440 5031 3798 5097 tractavimus,

2219 5100 2359 5159 forte
2386 5106 2602 5162 volebas
2628 5123 2825 5166 vovere
2846 5153 2860 5176 ,
2905 5124 2962 5167 et
2997 5115 3157 5169 modo
3187 5132 3293 5172 non
3324 5118 3404 5173 vis
3428 5135 3651 5178 vovere.
3703 5123 3797 5178 Sed

2219 5195 2344 5264 quid
2372 5197 2468 5252 tibi
2487 5197 2681 5254 dixerit
2705 5201 2949 5259 Psalmus
2972 5246 2988 5271 ,
3015 5208 3257 5264 attende.
3297 5209 3414 5266 Non
3445 5213 3598 5279 dixit,
3633 5213 3791 5270 Nolitt

2219 5298 2448 5354 vovere;
2487 5289 2602 5356 sed,
2638 5290 2836 5360 Vooete,
2864 5304 2910 5350 et
2939 5297 3148 5353 reddite.
3181 5300 3312 5368 Quia
3341 5303 3559 5374 audisti,
3589 5307 3788 5372 reddite,

2216 5391 2323 5431 non
2359 5379 2440 5434 vis
2484 5382 2722 5437 vovere?
2766 5383 2907 5457 Ergo
2947 5403 3142 5446 vovere
3168 5392 3417 5462 volebas,
3462 5407 3653 5453 etnon
3680 5398 3793 5454 rcd-

2215 5469 2382 5526 dere?
2428 5472 2540 5530 lmo
2576 5484 2862 5549 utrumque
2900 5482 3003 5539 fac.
3061 5484 3233 5541 Unum
3269 5489 3339 5544 sit
3365 5505 3432 5546 ex
3470 5494 3796 5564 professione

2215 5572 2334 5631 tua;
2387 5567 2531 5622 aliud
2563 5583 2637 5624 ex
2666 5571 2931 5641 adiutorio
2956 5574 3050 5631 Dei
3091 5579 3417 5647 perficietur.
3457 5585 3655 5657 Aspice
3674 5605 3790 5644 eum

2213 5657 2303 5727 qui
2335 5665 2385 5714 te
2413 5657 2557 5714 ducit
2583 5702 2597 5728 ,
2641 5672 2698 5717 et
2725 5680 2830 5719 non
2862 5667 3117 5736 respicies
3141 5681 3320 5741 retro,
3349 5675 3492 5732 unde
3517 5688 3567 5732 te
3592 5679 3790 5734 educit.

2211 5746 2313 5815 Qui
2340 5758 2390 5805 te
2424 5749 2609 5818 ducit,
2638 5763 2764 5810 ante
2790 5763 2842 5810 te
2875 5758 3140 5829 ambulat;
3189 5764 3332 5825 unde
3371 5775 3424 5825 te
3445 5767 3793 5845 educit,post

2233 5915 2238 5921 ,
2280 5863 2296 5893 ¹
2321 5866 2393 5914 Sic
2414 5869 2519 5916 Mss.
2541 5873 2596 5919 Αι
2628 5866 2764 5933 Edd.,
2784 5876 2895 5924 ante
2917 5881 3201 5929 recesserat.
