4076 6460
285 353 387 444 θίξο

284 483 331 527 ιε
365 480 466 526 est.
520 471 652 526 Ama
694 469 970 527 ducentem
994 512 1009 539 ,
1058 481 1110 528 et
1137 448 1241 528 non
1273 481 1325 529 te
1355 474 1571 532 damnat
1602 485 1744 534 retro
1771 492 1855 534 re-

281 564 612 635 spicientem.
653 562 850 630 Vovete,
894 573 940 618 et
965 566 1158 620 reddite
1178 564 1396 621 Domino
1421 566 1528 622 Deo
1557 579 1750 624 nostro.

349 657 436 711 17.
468 655 652 711 Omnes
669 657 754 728 qui
774 657 825 710 in
849 657 1059 710 circuitu
1087 658 1196 728 ejus
1217 644 1365 726 sunt,
1389 658 1599 727 offerent
1625 679 1854 718 munera.

276 748 373 818 Qui
401 759 525 804 sunt
555 749 606 803 in
630 749 852 806 circuitu
876 750 1030 819 ejus?
1059 750 1160 808 Ubi
1187 752 1328 808 enim
1345 763 1428 810 est
1447 755 1565 821 iste,
1591 757 1856 828 utdicat‘,

277 841 462 896 Omnes
478 843 568 914 qui
588 844 641 897 in
661 845 872 899 circuitu
893 845 1004 914 ejus
1024 848 1184 901 sunt?
1211 846 1266 902 Si
1289 847 1456 903 Deum
1477 849 1689 907 Patrem
1717 853 1854 924 cogi-

275 948 381 1005 tes,
423 939 513 996 ubi
539 954 644 995 non
671 949 754 996 est
783 942 872 1012 qui
913 942 1110 1014 ubique
1138 959 1374 1014 praesens
1403 947 1528 1002 est?
1576 948 1631 1005 Si
1659 948 1852 1003 Filium

270 1032 472 1101 cogites
518 1032 812 1088 secundum
859 1033 1082 1114 formam
1129 1035 1460 1105 divinitatis,
1509 1047 1564 1096 et
1589 1040 1702 1111 ipse
1727 1054 1847 1094 cum

271 1127 425 1182 Patre
455 1127 650 1198 ubique
677 1137 796 1194 est;
825 1129 944 1199 quia
974 1117 1086 1199 ipse
1112 1139 1195 1185 est
1215 1131 1486 1203 Sapientia
1518 1134 1633 1202 Dei,
1656 1133 1724 1190 de
1745 1149 1847 1205 qua

265 1219 465 1275 dictum
490 1231 570 1275 est
601 1238 615 1275 :
648 1221 858 1294 Attingit
877 1231 1044 1277 autent
1071 1225 1252 1294 ubique
1277 1235 1482 1297 propter
1512 1243 1659 1281 suam
1697 1243 1848 1281 mun-

265 1311 446 1366 ditiam
483 1312 639 1384 (Sap.
666 1329 755 1378 vn,
785 1313 903 1385 24).
952 1314 1009 1371 Si
1038 1324 1214 1372 autem
1247 1317 1438 1374 Filium
1460 1320 1537 1375 sic
1560 1320 1846 1390 intelligas,

262 1404 552 1459 secundum
581 1406 722 1476 quod
748 1409 1039 1477 assumpsit
1065 1425 1281 1464 carnem
1309 1451 1324 1478 ,
1352 1421 1402 1466 et
1429 1414 1574 1467 visus
1598 1422 1681 1467 est
1709 1413 1848 1469 inter

262 1495 529 1564 homines,
552 1505 606 1552 et
623 1498 910 1554 crucifixus
927 1507 1028 1565 est,
1051 1509 1105 1555 et
1126 1503 1439 1566 resurrexit,
1463 1499 1707 1558 novimus
1723 1504 1846 1574 quia

259 1589 504 1644 ascendit
529 1590 580 1644 in
606 1592 822 1647 coelum.
853 1592 953 1661 Qui
976 1602 1101 1648 sunt
1128 1595 1179 1649 in
1208 1597 1428 1651 circuitu
1455 1597 1612 1668 ejus?
1635 1599 1844 1668 Angeli.

261 1681 403 1752 Ergo
430 1697 528 1737 nos
554 1699 660 1738 non
704 1683 978 1740 oli'erimus
1007 1701 1223 1741 munera
1249 1729 1265 1756 ,
1313 1689 1432 1759 quia
1481 1689 1665 1743 Omnes
1684 1691 1770 1762 qui
1793 1691 1846 1744 in

256 1774 472 1827 circuitu
507 1777 617 1844 ejus
653 1785 809 1842 sunt,
841 1775 994 1842 dixit,
1018 1776 1227 1845 offerent
1253 1796 1482 1834 munera.
1524 1779 1580 1836 Si
1606 1783 1844 1852 sepultus

259 1865 518 1921 Dominus
544 1875 726 1922 noster
751 1867 838 1923 hic
863 1878 1008 1924 esset
1032 1869 1084 1924 in
1114 1881 1286 1937 terra,
1326 1882 1380 1926 et
1420 1872 1621 1941 jaceret
1649 1889 1843 1944 corpus

255 1955 446 2028 ipsius,
469 1958 739 2028 quomodo
768 1959 992 2030 alicujus
1020 1961 1269 2033 martyris
1296 1962 1377 2016 vel
1408 1965 1650 2033 apostoli,
1681 1974 1844 2020 atten-

251 2048 506 2105 deremus
534 2065 628 2105 eos
654 2051 743 2122 qui
769 2050 820 2105 iu
848 2053 1072 2107 circuitu
1104 2052 1220 2123 ejus
1249 2063 1450 2120 essent,
1478 2070 1836 2127 quzecumque

253 2141 338 2197 vel
381 2153 568 2213 gentes
614 2155 795 2199 essent
841 2145 980 2200 circa
1030 2146 1202 2216 ipsum
1233 2147 1405 2203 locum
1434 2149 1705 2220 undique,
1755 2151 1836 2206 vel

250 2234 634 2289 convenientes
663 2233 728 2289 ad
771 2234 912 2290 illam
959 2237 1285 2306 sepulturam
1333 2254 1454 2294 cum
1486 2241 1834 2296 muneribus:

251 2340 396 2379 nunc
440 2335 618 2380 autem
668 2325 949 2390 ascendit;
1006 2343 1216 2382 sursum
1266 2338 1369 2384 est.
1427 2329 1564 2398 Quid
1603 2331 1834 2399 esthoc,

252 2415 442 2470 Omnes
468 2417 553 2486 qui
579 2417 630 2471 in
661 2417 872 2471 circuitu
893 2419 1003 2488 ejus
1032 2429 1164 2483 sunt,
1201 2419 1414 2486 o/ferent
1441 2423 1693 2476 munera?
1726 2423 1837 2479 Hoc

247 2511 463 2565 interim
493 2510 632 2581 quod
662 2510 801 2566 Deus
826 2510 1078 2566 admonet
1099 2512 1272 2568 dicam
1297 2513 1467 2580 vobis,
1499 2514 1626 2585 quid
1654 2530 1719 2570 ex
1751 2515 1835 2572 his

246 2603 428 2658 verbis
477 2603 606 2658 mihi
648 2604 762 2675 ipse
810 2604 1074 2675 inspirare
1125 2605 1371 2676 dignatus
1400 2608 1514 2661 sit:
1557 2607 1600 2662 si
1643 2609 1833 2664 melius

245 2696 450 2768 aliquid
476 2705 658 2767 postea
689 2699 856 2753 visum
887 2697 1044 2753 fuerit
1068 2741 1082 2766 ,
1117 2710 1170 2754 et
1205 2698 1306 2754 hoc
1335 2709 1570 2755 vestrum
1597 2709 1680 2756 est
1709 2702 1832 2772 quia

243 2790 549 2844 communis
591 2798 673 2845 est
720 2790 970 2846 omnibus
1015 2792 1234 2846 veritas.
1286 2791 1400 2847 Non
1438 2800 1520 2848 est
1562 2808 1660 2848 nec
1690 2809 1829 2858 mea,

245 2895 352 2936 nec.
379 2890 498 2945 tua;
541 2895 645 2936 non
672 2889 756 2937 est
786 2881 944 2947 illius,
976 2892 1067 2937 aut
1097 2883 1238 2938 illius
1270 2901 1284 2937 :
1315 2884 1562 2938 omnibus
1590 2900 1831 2941 commu-

240 2973 328 3028 nis
359 2982 460 3028 est.
489 2973 553 3028 Et
578 2972 802 3030 fortasse
835 2974 954 3029 ideo
972 2975 1144 3031 media
1170 2983 1270 3039 est,
1303 2985 1359 3030 ut
1387 2976 1438 3030 in
1464 2976 1684 3031 circuitu
1715 2976 1829 3046 ejus

237 3066 351 3121 sint
392 3079 580 3121 omnes
617 3067 706 3138 qui
758 3067 984 3135 diligunt
1027 3069 1326 3122 veritatem.
1373 3067 1636 3139 Quidquid
1683 3068 1828 3124 enim

235 3155 494 3210 omnibus
521 3171 803 3212 commune
831 3165 932 3221 est,
966 3159 1017 3212 in
1043 3157 1219 3214 medio
1245 3167 1346 3214 est.
1375 3159 1552 3227 Quare
1573 3160 1626 3215 in
1649 3159 1830 3218 medio

234 3247 472 3304 dicitur?
501 3248 566 3305 Ut
596 3257 799 3305 tantum
828 3249 990 3305 distet
1017 3251 1084 3306 ab
1107 3251 1375 3318 omnibus,
1397 3261 1451 3308 ct
1481 3261 1686 3311 tantum
1713 3270 1830 3327 pro-

234 3341 466 3413 pinquet
489 3342 756 3397 omnibus.
783 3342 934 3409 Quod
965 3358 1070 3398 non
1099 3353 1182 3398 est
1217 3344 1266 3398 in
1297 3344 1500 3411 medio,
1534 3348 1685 3416 quasi
1714 3348 1826 3419 pri-

231 3441 422 3487 vatum
453 3433 527 3488 lit.
579 3433 730 3501 Quod
763 3434 1030 3503 publicum
1062 3443 1146 3490 est
1166 3476 1180 3500 ,
1213 3436 1263 3488 in
1295 3433 1471 3491 medio
1496 3438 1734 3506 ponitur,
1768 3446 1826 3494 ut

230 3540 428 3580 omnes
457 3526 545 3595 qui
575 3526 826 3594 veniunt,
874 3527 1201 3596 percipiant,
1234 3526 1619 3584 illuminentur.
1655 3529 1826 3588 Nemo

229 3619 380 3674 dicat
405 3661 419 3683 ,
465 3618 641 3673 Meum
673 3628 793 3683 est;
846 3633 912 3674 ne
941 3619 992 3672 in
1021 3627 1169 3689 parte
1192 3633 1287 3674 sua
1317 3621 1445 3676 velit
1477 3620 1653 3678 facere
1680 3624 1824 3694 quod

229 3710 278 3764 iu
309 3709 496 3766 medio
534 3720 615 3764 est
654 3710 922 3765 onmibus.
966 3710 1101 3778 Quid
1131 3699 1403 3784 estergo,
1449 3713 1634 3770 Omnes
1660 3716 1745 3786 qui
1771 3717 1823 3771 in

226 3803 448 3856 circuitu
472 3801 581 3871 ejus
601 3811 733 3864 sunt,
762 3800 974 3869 offerent
1012 3805 1260 3859 munera?
1288 3804 1485 3861 Omnes
1507 3807 1596 3878 qui
1624 3807 1822 3864 intelli-

226 3904 361 3967 gunt
389 3909 724 3950 communem
747 3909 865 3950 esse
887 3895 1135 3951 omnibus
1158 3899 1453 3965 veritatem,
1475 3909 1530 3956 et
1550 3916 1654 3955 non
1675 3901 1820 3959 illam

227 3986 436 4043 faciunt
459 3986 612 4057 quasi
638 4002 787 4042 suam
819 3987 1174 4055 superbiendo
1200 3989 1266 4045 de
1307 3990 1428 4058 illa,
1463 3991 1564 4062 ipsi
1593 3992 1822 4050 offerent

226 4095 492 4146 munera;
534 4080 656 4150 quia
690 4080 1040 4136 humilitatem
1073 4082 1310 4139 habent:
1340 4085 1430 4155 qui
1460 4094 1634 4142 autem
1663 4087 1818 4158 quasi

225 4187 386 4227 suum
432 4169 630 4226 faciunt
655 4171 796 4242 quod
823 4172 1070 4228 omnibus
1100 4188 1387 4229 commune
1409 4187 1521 4244 est,
1566 4185 1817 4249 tanquam

226 4264 277 4318 in
309 4262 494 4317 medio
520 4263 773 4332 positum,
797 4262 862 4318 ad
893 4271 1094 4334 partem
1123 4263 1381 4319 seducere
1410 4275 1689 4332 conantur,
1708 4283 1815 4324 non

223 4355 461 4410 olTercnt
500 4354 554 4408 hi
592 4371 848 4422 munera;
893 4355 1013 4425 quia
1049 4353 1235 4410 Omnes
1261 4357 1346 4427 qui
1387 4359 1438 4411 in
1466 4359 1676 4414 circuitu
1707 4364 1817 4432 ejus

222 4457 369 4514 sunt,
401 4445 611 4514 o/I'ercnt
643 4465 848 4502 munera
876 4447 1104 4502 terribili.
1128 4446 1429 4503 Oliercntur
1457 4465 1678 4505 munera
1713 4459 1817 4508 ter-

222 4541 373 4596 ribili
411 4560 422 4594 :
457 4542 679 4596 timeant
704 4556 833 4613 ergo
861 4555 1049 4596 omnes
1074 4542 1161 4610 qui
1197 4541 1247 4595 in
1275 4541 1497 4596 circuitu
1524 4542 1641 4613 ejus
1666 4553 1813 4602 sunt.

223 4633 357 4689 ideo
386 4633 527 4688 enim
557 4633 838 4698 timebunt,
871 4641 926 4686 et
951 4647 1071 4688 cum
1105 4641 1334 4688 tremore
1353 4633 1664 4703 laudabunt,
1691 4635 1815 4706 quia

223 4725 354 4780 ideo
383 4725 437 4779 in
455 4723 677 4780 circuitu
691 4723 958 4792 ejussunt,
987 4732 1042 4778 ut
1061 4738 1249 4778 omnes
1274 4733 1627 4793 assequamur
1655 4741 1800 4796 eum,

222 4827 280 4873 ct
331 4817 540 4888 publice
568 4816 817 4872 omnibus
845 4817 1116 4884 conﬂuat,
1170 4826 1224 4872 et
1267 4817 1477 4886 publice
1507 4817 1811 4876 illuminet:

219 4909 334 4966 hoc
363 4919 464 4973 est,
494 4909 929 4966 contremiscerc.
954 4909 1032 4964 Tu
1059 4924 1176 4964 cum
1202 4907 1391 4964 feceris
1414 4909 1507 4966 tibi
1527 4926 1647 4966 eum
1661 4913 1814 4983 quasi

221 5000 507 5073 proprium
526 5043 542 5069 ,
586 5009 642 5058 et
664 5002 773 5072 jam
803 5017 907 5056 non
931 5016 1268 5056 communem
1292 5044 1308 5068 ,
1345 5001 1621 5058 extolleris
1642 5004 1696 5058 in
1721 5018 1813 5060 su-

216 5093 502 5165 perbiam;
546 5107 668 5148 cum
712 5095 966 5163 scriptum
1012 5093 1122 5148 sit:
1163 5092 1356 5148 Servite
1397 5091 1618 5148 Domino
1662 5094 1715 5149 in
1749 5095 1815 5149 ti-

218 5201 368 5240 more
390 5226 406 5250 ,
439 5194 485 5239 et
513 5185 758 5240 exsultate
782 5186 827 5239 ei
855 5202 967 5240 cum
992 5195 1204 5240 tremore
1229 5183 1404 5254 (Psal.
1435 5200 1502 5252 ll,
1528 5185 1636 5256 ii).
1672 5185 1812 5258 Ergo

215 5277 454 5333 oﬂ'erent
483 5292 703 5333 munera
724 5278 813 5348 qui
846 5278 898 5332 iu
927 5278 1147 5332 circuitu
1177 5276 1295 5347 ejus
1333 5285 1456 5331 sunt
1489 5295 1502 5330 :
1538 5277 1637 5349 ipsi
1666 5279 1808 5334 enim

216 5367 458 5423 lnuniles
487 5378 651 5434 sunt,
704 5369 792 5440 qui
824 5383 1162 5423 communem
1195 5377 1390 5422 norunt
1418 5382 1538 5424 esse
1564 5369 1810 5425 omnibus

213 5459 551 5514 veritatem.

294 5550 384 5607 18.
414 5550 566 5624 [uers.
591 5550 827 5625 15.],Cui
854 5551 1076 5607 offerent
1112 5552 1366 5608 munera?
1399 5551 1650 5622 Terribili,
1690 5565 1738 5611 et
1763 5557 1810 5612 ei

212 5641 312 5712 qui
353 5646 518 5715 aufert
559 5646 792 5711 spiritum
819 5645 838 5675 ³
870 5643 1174 5714 principum.
1223 5630 1450 5713 Spiritus
1478 5646 1620 5701 enim
1666 5648 1806 5718 prin-

286 5757 308 5789 ι
334 5755 468 5815 sdd.,
487 5761 540 5807 ut
562 5755 724 5808 ducat.
750 5754 916 5805 Melius
937 5760 1067 5814 uss,
1090 5759 1142 5804 ut
1164 5753 1312 5806 dicat.

283 5817 524 5887 #Aliquot
555 5824 664 5870 κει.
705 5819 796 5868 hoc
827 5825 1013 5868 tantum
1042 5817 1164 5879 loco,
1202 5815 1399 5883 spiritus
1439 5829 1458 5871 :
1492 5826 1546 5871 et
1579 5821 1650 5872 sic
1680 5821 1806 5887 apud

210 5886 356 5945 ω’
500 5969 728 6039 Ssncr.
774 5971 1054 6039 Aususr.
1100 5965 1207 6035 IV.

1327 356 1724 417 ENARRATIO
1761 358 1828 418 IN
1855 356 2177 420 PS‘ALMUM
2219 363 2450 424 LXXVI.

3448 394 3555 450 970

1975 479 2176 551 clpam,
2208 486 2420 554 superbi
2447 495 2566 542 sunt
2595 491 2827 560 spiritus.
2880 495 2955 554 Illi
2984 514 3110 571 ergo
3140 517 3244 559 non
3280 519 3402 562 sunt
3432 514 3546 578 sgi-

1971 573 2105 628 ritus
2131 575 2282 646 ejus;
2315 579 2434 648 quia
2459 589 2510 635 et
2538 583 2582 636 si
2609 583 2808 656 aliquid
2840 605 3131 662 noverunt,
3167 613 3320 653 suum
3355 603 3538 660 volunt

1965 682 2104 737 esse,
2151 687 2253 727 non
2280 674 2550 744 publicum
2581 695 2596 733 :
2626 679 2720 735 sed
2746 680 2832 736 ille
2861 685 2947 754 qui
2971 692 3309 748 commendat
3338 709 3396 750 se
3421 705 3538 752 tau-

1964 775 2121 833 quam
2146 767 2404 838 :equalem
2444 771 2692 828 omnibus
2712 815 2726 840 ,
2770 776 2859 846 qui
2903 791 2962 834 se
2993 780 3044 834 in
3075 784 3250 839 medio
3276 789 3448 858 ponit,
3483 801 3541 844 ut

1963 868 2148 947 omnes
2174 859 2386 928 capiant
2421 871 2678 932 quantum
2709 877 2964 936 possunt,
2992 871 3244 944 quidquid
3279 889 3536 947 possunt;

1961 959 2068 1000 non
2093 946 2161 1002 de
2188 950 2499 1021 cujusquam
2547 955 2780 1012 hominis
2803 1001 2819 1026 ,
2869 959 2962 1016 sed
2987 962 3055 1018 de
3082 964 3177 1022 Dei
3201 1007 3216 1032 ,
3245 946 3298 1022 et
3328 970 3445 1026 ideo
3472 946 3540 1029 de

1960 1049 2076 1103 Suo,
2107 1040 2230 1109 quia
2260 1043 2358 1113 ipsi
2385 1043 2506 1100 facti
2529 1058 2653 1103 sunt
2683 1049 2818 1118 ejus.
2867 1051 3010 1123 Ergo
3039 1054 3113 1109 illi
3142 1070 3329 1115 omnes
3354 1061 3535 1118 humi.

1958 1127 2038 1185 les
2081 1131 2187 1187 sint
2236 1150 2455 1193 necesse
2503 1148 2632 1195 est:
2673 1143 3022 1211 perdiderunt
3065 1148 3308 1216 spiritum
3357 1127 3562 1222 suout,‘

1957 1231 2013 1278 et
2041 1223 2294 1294 Spiritum
2323 1230 2419 1286 Dei
2450 1231 2667 1288 habent.
2701 1237 2740 1288 A
2783 1251 2889 1306 quo
2915 1239 3258 1308 perdiderunt
3288 1245 3534 1316 spiritum

1956 1317 2151 1371 suum?
2171 1318 2252 1373 Ab
2281 1321 2373 1376 illo
2398 1325 2485 1393 qui
2508 1325 2673 1395 aufert
2699 1328 2928 1397 spiritum
2957 1332 3274 1404 principum;
3299 1340 3542 1408 quando-

1954 1406 2166 1475 quidem
2197 1409 2392 1466 dicitur
2420 1414 2467 1468 ei
2506 1415 2560 1470 in
2590 1417 2692 1472 alio
2728 1419 2844 1474 loco
2877 1439 2890 1476 :
2935 1423 3146 1495 Auferes
3186 1406 3419 1486 soiritum
3448 1449 3539 1488 eo-

1953 1515 2067 1552 rum
2090 1542 2105 1566 ,
2135 1513 2181 1555 et
2211 1504 2462 1574 deﬁcient,
2509 1518 2558 1562 et
2602 1511 2654 1563 in
2692 1513 2944 1583 pulverem
2985 1533 3130 1572 suum
3170 1533 3535 1583 convertentur.

1953 1587 2164 1646 Emittes
2191 1593 2440 1665 Spiritum
2470 1609 2643 1667 tuum,
2673 1613 2718 1656 et
2744 1605 3044 1662 creabantur
3063 1650 3076 1674 ,
3105 1621 3149 1665 et
3176 1613 3434 1674 innovabis
3454 1620 3538 1691 fa-

1949 1681 2074 1736 ciem
2098 1693 2243 1739 terra,
2270 1686 2442 1753 (I’sal.
2474 1706 2585 1759 cm,
2619 1693 2709 1759 29,
2740 1695 2855 1766 50).
2904 1696 3095 1754 Nescio
3122 1704 3241 1772 quis
3271 1681 3535 1766 intellexit

1949 1773 2144 1843 aliquid
2172 1793 2188 1841 ;
2235 1794 2389 1834 suum
2419 1783 2530 1837 vult
2561 1798 2684 1840 esse
2707 1825 2720 1851 ,
2769 1785 2945 1842 adhuc
2981 1790 3223 1860 spiritum
3254 1810 3408 1853 suum
3438 1799 3537 1856 ba-

1948 1865 2076 1922 bet:
2106 1869 2300 1925 bonum
2327 1882 2410 1928 est
2440 1874 2512 1928 illi
2543 1885 2600 1930 ut
2632 1877 2818 1946 perdat
2845 1881 3091 1950 spiritum
3118 1899 3274 1941 suum
3301 1931 3316 1957 ,
3345 1899 3400 1946 et
3427 1891 3531 1947 ba-

1948 1956 2069 2013 beat
2109 1960 2363 2030 Spiritum
2399 1966 2488 2021 Dei
2523 1985 2536 2021 :
2569 1967 2743 2025 adhuc
2792 1971 2929 2027 inter
2960 1974 3226 2047 principes
3251 1984 3532 2055 superbit;

1948 2049 2140 2106 bonum
2172 2063 2252 2108 est
2279 2065 2334 2110 ut
2362 2056 2621 2113 redeatad
2641 2063 2909 2130 pulverem
2942 2078 3116 2134 suum,
3143 2077 3198 2124 et
3220 2049 3381 2141 dicat,
3412 2049 3532 2131 Me:-

1947 2155 2141 2209 mcnto,
2189 2145 2445 2216 Domine,
2489 2153 2608 2219 quia
2646 2153 2809 2223 pulvis
2849 2174 3021 2211 sumus
3052 2158 3224 2229 (Psal.
3255 2181 3324 2220 cn
3348 2208 3364 2234 ,
3415 2168 3528 2243 14).

1944 2232 1998 2289 Si
2035 2238 2175 2291 enim
2206 2247 2255 2293 te
2279 2240 2556 2296 confessus
2583 2243 2746 2299 fueris
2768 2249 3036 2316 pulverem
3059 2295 3074 2320 ,
3108 2254 3250 2311 Deus
3273 2259 3290 2289 ¹
3318 2232 3387 2316 de
3413 2232 3531 2331 pul-

1943 2339 2070 2380 vere
2101 2327 2221 2382 facit
2239 2327 2531 2387 hominem.
2574 2335 2772 2392 Omnes
2801 2342 2888 2410 qui
2918 2343 2968 2397 in
2995 2347 3217 2403 circuitu
3243 2350 3361 2420 ejus
3379 2327 3527 2423 sunt,

1942 2415 2172 2472 oll‘erunt
2214 2435 2434 2477 munera
2471 2442 2483 2477 :
2517 2442 2703 2483 omnes
2743 2429 2971 2490 humiles
3009 2415 3329 2497 confitentur
3355 2445 3441 2510 ei,
3473 2415 3532 2503 et

1940 2507 2164 2565 adorant
2191 2526 2332 2566 eum.
2387 2514 2617 2571 Terribili
2644 2521 2871 2579 offerunt
2897 2543 3138 2586 munera.
3182 2533 3335 2592 Unde
3371 2507 3528 2595 terri-

1939 2597 2068 2703 bili?
2113 2599 2379 2660 Exsultate
2402 2623 2515 2661 cum
2559 2619 2773 2668 tremore
2800 2615 2971 2686 (Psal.
3021 2638 3079 2690 tt,
3115 2623 3204 2697 Η)
3229 2666 3245 2693 ,
3277 2638 3326 2683 et
3355 2631 3404 2685 ei
3438 2633 3528 2703 qui

1937 2692 2101 2760 aufert
2153 2695 2385 2763 spiritum
2436 2700 2721 2773 principum
2752 2707 2848 2762 :id
2894 2718 3012 2779 est,
3065 2692 3200 2771 tollit
3229 2692 3524 2780 audaciam

1937 2782 2314 2850 superborum.
2376 2787 2605 2847 Terribili
2645 2797 2788 2865 apud
2829 2816 2970 2872 reges
3019 2812 3180 2862 terrae.
3235 2808 3525 2872 Terribiles

1936 2885 2060 2931 sunt
2101 2895 2254 2950 reges
2297 2891 2490 2950 teme;
2545 2887 2637 2942 sed
2670 2889 2758 2946 ille
2788 2907 2948 2963 super
2981 2911 3168 2955 omnes
3192 2942 3207 2966 ,
3236 2905 3325 2973 qui
3355 2915 3523 2963 terret

1935 2982 2088 3038 reges
2111 2979 2286 3027 terrm.
2307 2974 2430 3029 Esto
2451 2992 2543 3032 rex
2568 2988 2742 3048 terrae,
2766 2991 2821 3038 et
2837 2986 2941 3040 erit
2969 2988 3059 3043 tibi
3085 2994 3340 3051 terribilis
3357 2997 3520 3056 Deus.

1934 3058 2212 3128 Quomodo
2235 3104 2250 3129 ,
2280 3065 2483 3136 inquies
2508 3109 2524 3134 ,
2562 3085 2655 3126 ero
2679 3087 2774 3128 rex
2804 3080 3000 3134 teme?
3047 3081 3194 3154 Rege
3219 3094 3434 3155 terram,
3466 3100 3526 3148 et

1933 3151 2040 3206 eris
2066 3168 2160 3208 rex
2201 3164 2376 3210 terrae.
2429 3158 2546 3214 Noli
2570 3176 2697 3233 ergo
2727 3164 2979 3226 aviditate
2999 3151 3295 3244 imperandi
3318 3151 3523 3249 pou-ero

2053 3255 2176 3307 ante
2203 3248 2388 3305 oculos
2426 3253 2726 3322 provincias
2750 3258 3040 3320 latissimas
3061 3243 3089 3334 ,ί
3104 3284 3208 3338 qua
3240 3243 3334 3327 tua
3355 3290 3523 3347 regna

1931 3335 2237 3434 dillundas;
2280 3349 2477 3398 terram
2507 3361 2666 3416 quam
2697 3359 2879 3417 portas
2914 3369 3059 3425 rege.
3115 3335 3253 3415 Audi
3285 3335 3520 3434 Aposto-

1931 3425 2039 3480 lum
2061 3439 2332 3500 regentem
2365 3441 2561 3490 terram
2597 3455 2610 3493 :
2644 3437 2767 3494 Non
2792 3442 2868 3496 sic
2887 3447 3111 3516 pugillor
3132 3490 3145 3514 ,
3173 3455 3320 3520 quasi
3334 3425 3516 3514 ἀει-ειη

1929 3518 2226 3586 verberans;
2267 3523 2357 3577 sed
2389 3528 2579 3598 castigo
2619 3546 2802 3601 corpus
2830 3550 2995 3590 meum
3015 3580 3028 3603 ,
3067 3549 3113 3594 et
3149 3518 3203 3596 in
3227 3547 3518 3605 seruitutem

1927 3609 2102 3711 redigo
2123 3653 2136 3677 ,
2176 3629 2238 3667 ne
2260 3618 2389 3686 forte
2415 3618 2531 3672 aliis
2573 3622 2854 3689 praedicans
2873 3667 2886 3691 ,
2929 3627 3038 3697 ipse
3074 3634 3312 3703 reprobus
3332 3640 3521 3711 afficior

1928 3701 1974 3771 (Ι
1995 3698 2113 3757 Cor.
2137 3719 2212 3769 ix,
2244 3704 2344 3772 26,
2375 3707 2492 3779 27).
2539 3711 2679 3782 Ergo
2699 3754 2713 3780 ,
2754 3714 2944 3773 fratres
2969 3721 3070 3776 mei
3092 3763 3107 3788 ,
3127 3698 3308 3783 estote
3414 3732 3520 3787 cir-

1926 3794 2070 3849 cuitu
2096 3795 2232 3866 ejus,
2257 3807 2314 3852 ut
2333 3813 2427 3870 per
2447 3817 2836 3876 quemcumque
2861 3810 3012 3866 vobis
3040 3814 3233 3870 veritas
3254 3822 3514 3890 senuerit,

1927 3901 2034 3942 non
2075 3888 2220 3944 illam
2249 3891 2520 3962 imputetis
2550 3896 2624 3950 illi
2655 3912 2750 3967 per
2777 3915 2934 3969 quem
2961 3917 3152 3972 sonat;
3187 3909 3280 3965 sed
3309 3910 3376 3967 de
3405 3888 3518 3970 nte;

1925 3978 2016 4036 dio
2055 3981 2125 4037 sit
2169 3985 2417 4040 omnibus
2441 4027 2458 4056 ,
2506 3989 2626 4058 quia
2652 3991 2929 4061 aequaliter
2951 3994 3104 4052 adest
3129 4001 3396 4057 omnibus.
3448 4004 3520 4061 Et

1923 4081 2097 4128 estote
2127 4072 2377 4142 humiles,
2404 4092 2474 4131 ne
2501 4078 2654 4132 vobis
2678 4090 2734 4135 et
2761 4098 2854 4138 vos
2879 4084 2978 4153 ipsi
3005 4090 3293 4158 usurpatis,
3323 4092 3366 4146 si
3384 4094 3514 4163 quid

1923 4161 2062 4218 forte
2087 4164 2210 4220 boui
2239 4167 2380 4221 illius
2410 4168 2784 4226 intellexeritis
2814 4190 2827 4225 :
2859 4175 2982 4244 quia
3009 4186 3064 4231 et
3099 4194 3198 4233 nos
3223 4182 3364 4251 quod
3399 4161 3516 4241 me-

1924 4252 2026 4308 lius
2058 4253 2478 4312 intellexerimus
2501 4299 2516 4324 ,
2545 4268 2780 4316 vestrum
2808 4272 2920 4329 est,
2951 4268 3170 4337 etquod
3197 4285 3292 4326 vos
3318 4273 3514 4330 melius

1923 4343 2320 4416 intellexeritis,
2353 4357 2598 4405 nostrum
2628 4360 2729 4419 est,
2761 4362 2818 4408 ut
2849 4354 2899 4409 in
2928 4356 3153 4414 circuitu
3179 4360 3296 4431 ejus
3318 4363 3508 4436 simus,

1922 4447 1976 4493 et
2015 4437 2242 4496 humiles
2284 4441 2472 4497 simus.
2525 4445 2700 4515 Atque
2727 4446 2798 4501 ita
2829 4449 3112 4517 perdentes
3136 4453 3386 4522 spiritum
3409 4473 3511 4511 no-

1921 4537 2113 4598 strum,
2138 4529 2424 4588 oil'eremus
2446 4550 2664 4591 munera
2695 4538 2923 4594 terribili
2948 4556 3109 4613 super
3138 4559 3328 4602 omnes
3351 4563 3510 4621 reges

1921 4629 2080 4677 terrae
2103 4662 2121 4690 ,
2155 4622 2210 4679 id
2249 4633 2332 4680 est
2374 4642 2536 4695 super
2576 4642 2765 4685 omnes
2804 4642 3053 4703 regentes
3079 4649 3298 4693 carnem
3327 4653 3505 4711 suam,

1920 4715 2015 4771 sed
2039 4714 2308 4787 subjectos
2336 4717 2575 4775 Creatori
2605 4735 2726 4777 suo.

1925 4849 3491 4880 ————-———-————_—_.______

2322 4929 2405 4992 ΙΝ
2448 4930 2706 4993 PSALM
2715 4931 2827 4994 UM
2867 4932 3133 4998 LXXVI

2493 5052 2914 5140 ENARRATIO.

2445 5181 2616 5224 SERIO
2640 5183 2709 5222 AD
2737 5183 2964 5226 ΡιεΒΕιι.

1989 5278 2042 5336 1.
2074 5277 2226 5352 lum.
2254 5276 2332 5350 1.]
2373 5277 2569 5334 Psalmi
2623 5278 2781 5350 hujus
2821 5281 2982 5339 limen
3024 5283 3095 5338 ita
3137 5284 3488 5349 inscribitur:

1914 5372 1983 5429 In
2009 5374 2161 5444 liuent
2180 5415 2194 5440 ,
2233 5391 2325 5444 pro
2351 5371 2594 5440 ldithun,
2621 5374 2862 5433 Psalmus
2895 5380 2992 5451 ipsi
3022 5380 3211 5452 Asaplt.
3247 5381 3311 5438 In
3340 5386 3493 5455 ﬁnem

1913 5469 2039 5540 quid
2063 5469 2151 5534 sit,
2175 5468 2374 5524 nostis:
2405 5465 2554 5524 Finis
2579 5470 2713 5525 enim
2732 5470 2883 5543 Legis
2908 5471 3137 5528 Christus
3159 5478 3229 5530 at!
3236 5478 3498 5551 justitiam

1915 5561 2052 5617 omni
2071 5562 2289 5615 credenti
2315 5558 2491 5634 (Rom.
2513 5577 2568 5628 x,
2587 5561 2669 5636 4).
2694 5564 2906 5619 ldithun
2924 5563 3299 5636 interpretatur
3324 5572 3498 5629 Tran-

1914 5653 2097 5710 siliens
2124 5667 2250 5720 eos;
2281 5654 2459 5726 Asapb
2495 5655 2874 5728 interpretatur
2902 5657 3275 5733 Congregatio.
3300 5663 3496 5738 Loqui-

1911 5756 1999 5810 υ
2017 5747 2108 5804 hic
2130 5762 2261 5819 ergo
2287 5750 2626 5820 congregatio
2654 5750 2990 5822 transiliens,
3021 5762 3079 5808 ut
3115 5758 3390 5825 perveniat
3424 5761 3494 5819 ad

1971 5887 1996 5922 ι
2025 5889 2150 5936 'n'es
2171 5889 2296 5952 Μωη
2325 5891 2454 5937 Deus
2473 5889 2519 5937 te
2549 5883 2610 5936 de
2634 5884 2843 5950 pulvere,
2874 5894 2969 5939 etc.

2696 5969 3176 6065 {Troum-unc.)
