4076 6498
497 380 592 439 97!

499 499 657 549 linem
682 489 769 562 qui
799 494 878 545 est
902 482 1145 543 Christus
1165 480 1340 536 Iesus.
1372 477 1500 548 Quae
1534 476 1641 534 sint
1672 476 1845 547 itaque
1880 474 2075 529 transi-

502 586 695 649 lienda,
726 593 780 636 ut
800 581 863 636 ad
898 581 1041 634 illiilli
1074 578 1232 632 linem
1253 574 1530 647 pervenire
1556 570 1835 643 possimus,
1861 568 1945 622 ubi
1971 568 2076 635 jam

500 677 635 750 quod
687 673 1043 730 trausiliamus
1096 685 1198 749 non
1252 665 1559 721 habebimus
1587 664 1628 725 ί,
1671 659 1864 715 Psalmi
1907 668 2092 722 textus

508 772 620 841 ipse
653 767 1003 822 demonstrat.
1039 761 1245 835 Etenim
1287 756 1482 811 tamdiu
1521 751 1783 827 transilire
1826 750 2092 819 debemus

510 857 759 933 quidquid
784 872 879 911 nos
903 853 1139 924 impedit,
1168 847 1418 931 quidquid
1448 845 1639 919 irretit,
1663 841 1915 937 quitiquid
1941 841 2084 915 yism

509 951 736 1022 quodam
770 944 931 1033 illigat
953 989 965 1009 ,
996 953 1048 999 et
1071 958 1233 1031 onere
1259 946 1506 1019 aggravat
1538 937 1767 1009 volatum
1810 942 2081 1033 nostrum,

509 1020 677 1098 donec
717 1020 1086 1112 perveniamus
1129 1024 1290 1087 atl'id
1335 1028 1474 1099 quod
1511 1026 1739 1109 sufficit,
1772 1025 1906 1093 ultra
1948 1020 2085 1099 quod

502 1126 641 1188 nihil
664 1141 763 1197 est,
790 1116 931 1203 infra
963 1125 1100 1196 quod
1136 1131 1260 1179 sunt
1288 1121 1486 1203 omnia,
1519 1130 1570 1173 et
1598 1133 1665 1173 ex
1690 1131 1794 1195 quo
1824 1114 1946 1193 sunt
1970 1128 2087 1167 0m-

508 1228 615 1284 ttia.
641 1196 848 1281 Patrem
882 1222 1073 1293 quippe
1115 1219 1284 1286 ipsum
1316 1196 1527 1268 volebat
1559 1211 1828 1282 Philippus
1866 1207 2087 1271 intueri,

476 1362 486 1371 .
509 1328 564 1373 et
583 1304 789 1372 dicebat
804 1300 1037 1367 'Domino
1056 1308 1179 1363 Jesn
1199 1304 1409 1362 Christo
1425 1345 1439 1369 ,
1463 1302 1682 1358 Ostende
1701 1299 1840 1355 nobis
1861 1296 2086 1361 Patrem,

459 1394 556 1481 et
599 1402 778 1481 sil/ficit
809 1380 989 1466 nobis;
1037 1412 1283 1469 lanquam
1330 1395 1526 1450 tamdiu
1574 1393 1646 1447 illi
1694 1388 2090 1467 transiliendum

460 1473 475 1499 ³
509 1473 685 1554 eSsetv‘
710 1492 965 1567 quidquid
1017 1482 1161 1546 aliud
1212 1497 1388 1555 esset,
1448 1487 1617 1542 donec
1674 1485 1977 1555 perveniret
2025 1481 2091 1535 ad

509 1570 719 1647 Patrem
743 1630 756 1655 ,
786 1576 870 1641 ubi
901 1585 1009 1657 jam
1034 1568 1261 1636 securus
1292 1579 1565 1633 assisteret
1594 1617 1607 1643 ,
1641 1587 1694 1629 et
1721 1574 1845 1645 quid
1873 1574 1919 1628 ei
1954 1573 2093 1626 ultra

508 1668 882 1753 ieiiuirettdum
903 1683 1044 1731 esset
1070 1688 1175 1727 non
1191 1672 1401 1726 haberet
1426 1672 1558 1723 :hoc
1583 1675 1664 1722 est
1681 1668 1844 1737 enim,
1877 1664 2094 1736 Suﬂicit.

512 1752 711 1827 Verum
730 1769 820 1824 ille
849 1768 938 1839 qui
966 1752 1240 1822 verissime
1268 1755 1494 1824 diserat,
1531 1756 1642 1841 Ego
1672 1768 1718 1812 et
1751 1755 1907 1841 Pater
1945 1770 2099 1809 unum

514 1860 687 1917 sumus
707 1858 879 1931 (Joan.
910 1874 961 1920 x,
992 1855 1103 1924 50).
1146 1848 1421 1906 admonuit
1460 1846 1788 1917 Philippum,
1815 1845 2100 1913 docuitque

516 1934 731 2009 omnem
765 1944 1150 2015 hominemqui
1183 1943 1451 2000 Christum
1484 1939 1825 2010 intelligeret,
1856 1936 2014 1991 etiam
2048 1936 2098 1989 in

512 2031 791 2123 eo‘habere
817 2030 995 2106 linem,
1015 2040 1133 2111 quia
1161 2039 1343 2117 ipse/et
1368 2035 1524 2089 Pater
1544 2048 1707 2087 unum
1734 2038 1858 2085 sunt
1879 2047 1891 2083 :
1916 2027 2098 2095 Tanto,

513 2120 705 2210 inquit,
737 2134 954 2207 tempore
982 2131 1233 2187 vobiscum
1259 2145 1390 2191 sum,
1417 2136 1459 2179 et
1490 2142 1590 2178 non
1614 2123 1808 2177 vidistis
1828 2122 1951 2176 me?
1978 2120 2103 2173 Plii-

515 2234 670 2304 lippo,
715 2210 798 2299 qui
847 2245 924 2282 me
965 2226 1119 2286 videt,
1166 2222 1296 2275 videt
1334 2231 1377 2274 et
1421 2218 1629 2273 Patrem
1660 2215 1771 2289 (Id.
1801 2231 1909 2280 xw,
1944 2215 1993 2277 8,
2021 2213 2100 2281 9).

514 2322 767 2397 Quisquis
794 2336 922 2391 ergo
948 2318 1136 2397 psalmi
1167 2314 1321 2388 hujus
1343 2313 1576 2367 animum
1595 2313 1614 2342 ²
1638 2310 1856 2374 sentire,
1889 2307 2099 2377 imitari,

520 2394 705 2469 tenere
754 2409 861 2466 vult
894 2394 919 2478 ,’
967 2394 1145 2461 eninia
1198 2404 1462 2458 desideria
1512 2401 1742 2457 carnalia
1800 2398 2100 2464 transiliat,

519 2486 806 2571 liieculique
833 2499 989 2569 hujus
1019 2512 1263 2567 pompam
1290 2506 1343 2549 et
1370 2490 1675 2569 illecebram
1697 2491 1863 2545 calcet
1891 2532 1905 2557 ,
1934 2488 2098 2542 nihil-

516 2584 619 2667 que
648 2578 745 2665 sibi
771 2572 910 2646 alidd
938 2597 1200 2660 proponat
1225 2586 1311 2641 ubi
1334 2576 1606 2648 censistat,
1635 2583 1733 2637 nisi
1762 2598 1824 2637 ex
1848 2594 1953 2652 quo
1981 2589 2106 2635 sunt

517 2661 693 2741 domiti
725 2698 738 2737 :
769 2683 821 2737 in
850 2681 1042 2752 quibus
1070 2678 1317 2753 omnibus
1354 2676 1515 2753 etiam
1545 2674 1658 2745 ipse
1701 2672 1902 2755 laborat
1936 2671 2106 2729 donec

517 2774 583 2829 ad
609 2760 1081 2847 finem'perve'uiat.
1113 2766 1250 2853 Quid
1275 2765 1432 2853 nobis
1457 2779 1583 2836 ergo
1614 2761 1809 2853 indicat
1830 2760 1931 2816 iste
1955 2771 2104 2814 trano

521 2856 797 2937 siliens‘?"
870 2874 877 2879 '
1020 2862 1025 2871 ’
1148 2846 1207 2857 λ’
1320 2846 1363 2861 ”

587 2951 651 3012 2'.
676 2944 826 3035 fuere.
846 2952 959 3099 ii
992 2950 1125 3006 Voce
1161 2965 1299 3015 mea,
1327 2947 1523 3021 inquit,
1565 2945 1632 2998 ad
1656 2943 1929 2998 Dominum
1953 2942 1975 2976 ³
1999 2942 2109 2999 cla-

587 3040 805 3099 riii.‘Sed
830 3036 936 3099 mu]
967 3036 1237 3099 ielamant
1266 3041 1330 3096 ad
1364 3039 1649 3095 Dominum
1676 3054 1774 3099 pro
1800 3036 1999 3092 divitiis
2028 3049 2109 3091 ac-

522 3040 805 3106 nta'vi.‘Sed
830 3036 980 3117 mulli
1002 3036 1237 3099 clamant
1266 3041 1330 3096 ad
1364 3039 1649 3095 Dominum
1676 3054 1774 3109 pro
1800 3036 1999 3117 divitiis
2028 3049 2110 3091 ac-

519 3130 791 3215 quirend‘is
813 3108 1125 3207 damnisque
1164 3118 1463 3189 devitandis
1488 3172 1500 3194 ,
1530 3130 1626 3199 pro
1653 3118 1869 3183 suorum
1899 3128 2105 3215 salute,

522 3228 619 3305 pro
647 3214 1320 3307 stabilitate'domus‘suas,
1367 3238 1461 3296 pro
1500 3221 1748 3297 felicitate
1784 3220 2107 3307 temporali,

522 3304 619 3394 pro
646 3314 901 3393 dignitate
942 3304 1217 3379 saeculari;
1250 3324 1523 3393 postremo
1549 3327 1646 3382 pro
1680 3310 1791 3403 ipsa
1820 3310 1979 3401 etiam
2017 3304 2108 3397 sa.

521 3404 632 3471 nm“:
657 3401 922 3482 corporis,
956 3424 1075 3480 quze
1099 3406 1472 3477 patrimonium
1495 3398 1577 3459 est
1607 3398 2004 3479 pauperis.Pro
2028 3402 2112 3486 his

524 3506 682 3578 atque
710 3492 1011 3575 linjusmodi
1048 3484 1381 3581 rebus'multi
1412 3497 1644 3552 clamant
1675 3496 1739 3550 ad
1778 3484 2059 3581 Dominum
2091 3512 2108 3563 ;

524 3598 612 3653 vix
640 3583 918 3669 quisquam
948 3601 1164 3663 propter
1186 3586 1356 3660 ipsum
1384 3588 1684 3673 ilominum.
1710 3580 1888 3669 Facile
1915 3586 2110 3673 quippe

527 3664 728 3745 homini
756 3664 1135 3756 etst‘quodlibet
1166 3664 1474 3735 desiderare
1504 3694 1534 3733 a
1564 3677 1820 3742 Domino,
1847 3664 1906 3733 et
1937 3664 2106 3756 ipsum

525 3781 808 3838 Dominum
852 3792 957 3831 non
995 3758 1341 3851 desiderare;
1381 3766 1532 3841 quasi
1568 3785 1697 3824 vero
1743 3758 1957 3851 suavius
1990 3754 2110 3851 esse

530 3872 693 3944 possit
733 3866 1020 3940 quod’dat,
1054 3848 1225 3934 quam
1267 3865 1382 3933 ipse
1426 3860 1515 3933 qni
1550 3862 1660 3947 dat.
1691 3846 1941 3949 Quisquis
1985 3846 2111 3949 erg-’0‘

535 3942 629 4032 pro
661 3960 760 4014 alia
785 3973 847 4013 re
866 3956 1107 4041 qualibet
1128 3955 1322 4041 clamat
1347 3954 1412 4007 ad
1442 3942 1744 4039 Dominum,
1762 3942 2002 4041 'nonilnm
2030 3942 2113 4041 esi

534 4052 850 4109 transiliens.
885 4028 979 4104 llic
1005 4030 1465 4127 vero'transiliens
1648 4028 1819 4102 dicit?
1846 4024 2115 4137 Yoeé'ni‘eii

535 4124 602 4198 (id
631 4126 919 4197 Donilnnnz'
945 4124 1177 4195 clamavi.
1208 4122 1381 4194 Et'ne
1424 4116 1696 4193 arbitreris
1725 4116 1925 4194 vocem,

530 4251 631 4307 qua
674 4222 921 4290 clamavit
962 4216 1027 4286 ad
1075 4216 1376 4311 hominum,
1414 4241 1629 4301 propter
1674 4226 1817 4313 aliud
1860 4216 2111 4313 emissam

531 4316 686 4397 quam
714 4320 934 4398 propter
963 4314 1135 4393 ipsum
1166 4321 1448 4401 Dominum
1468 4364 1481 4386 ,
1526 4330 1739 4374 secutus
1764 4312 1872 4401 aité
1907 4318 1974 4399 Et
2015 4312 2114 4401 vos:

538 4396 651 4474 mea
676 4396 746 4471 ait
765 4404 951 4471 Deum.
986 4396 1428 4469 Eniitititurlzenim
1466 4427 1565 4467 vox
1592 4412 1702 4483 qua
1732 4396 2021 4491 elantemus
2046 4396 2112 4487 ad

539 4502 735 4577 Deum,
765 4500 817 4564 et
860 4509 974 4580 ipsa
1003 4522 1110 4562 vox.
1147 4504 1213 4561 ad
1252 4500 1407 4561 aliud
1427 4516 1527 4570 cst,
1567 4492 1673 4559 non
1718 4502 1782 4559 ad
1821 4502 2007 4579 Deum.
2034 4503 2114 4562 Ad

538 4590 807 4659 hoc'ia‘nim'
833 4610 915 4657 est
945 4588 1066 4666 vox,
1104 4609 1321 4675 propter
1344 4596 1483 4669 quod
1511 4596 1684 4675 editur
1704 4614 1825 4653 vox.
1860 4592 1963 4673 iste
1988 4613 2116 4655 vero

543 4690 632 4766 qui
664 4680 828 4748 Deum
856 4682 1035 4763 gratis
1056 4674 1286 4757 amabat,
1329 4678 1415 4759 qui
1451 4674 1750 4744 voluntarie
1780 4680 1891 4769 Deo
1917 4690 2118 4765 sacrifi-

536 4786 692 4840 cabat
734 4783 902 4853 (Psal.
932 4798 1042 4850 ιλιι,
1071 4782 1147 4855 8),
1196 4782 1285 4852 qui
1336 4774 1657 4835 transilier‘at
1696 4780 1950 4851 quidquid
1982 4782 2116 4837 infra

536 4885 639 4939 est,
673 4874 912 4945 nihilque
945 4874 1085 4928 aliud
1131 4878 1287 4942 supra
1335 4876 1407 4926 se
1433 4868 1649 4924 viderat
1679 4886 1783 4940 quo
1826 4868 2119 4928 effunderet

535 4968 768 5022 animam
804 4979 952 5018 suam
974 4956 1135 5025 {nisi
1165 4958 1229 5017 ex
1258 4962 1363 5032 quo
1384 5004 1398 5028 ,
1429 4970 1485 5016 et
1509 4974 1608 5032 per
1635 4950 1792 5033 quem
1813 5006 1825 5026 ,
1854 4972 1908 5019 et
1937 4964 1987 5017 in
2014 4979 2119 5033 quo

535 5069 745 5116 creatus
776 5066 911 5122 erat,
936 5056 1002 5111 ad
1030 5071 1187 5126 quem
1215 5057 1538 5121 clamaverat
1566 5072 1703 5111 voce
1732 5072 1848 5120 sua,
1877 5056 1941 5111 ad
1970 5057 2117 5111 illum

535 5165 655 5207 esse
688 5148 1073 5218 feceratipsam
1097 5162 1280 5223 vocent
1313 5163 1461 5225 suam
1491 5166 1502 5201 :
1547 5145 1661 5215 Vox
1687 5164 1816 5211 mea,
1842 5149 2027 5218 inquit,
2052 5147 2120 5201 ad

537 5242 724 5298 Deum.
755 5242 824 5297 Et
870 5218 1275 5310 numquidxsinc~
1300 5218 1499 5293 causa?
1529 5236 1658 5293 Vide
1688 5240 1809 5317 quid
1839 5241 2115 5319 sequitur:

539 5332 605 5388 Et
626 5329 847 5387 "atiendit
874 5320 1182 5386 mihifVére
1214 5328 1338 5385 tun'c
1372 5322 1463 5385 tibi
1503 5318 1760 5409 alteudit,
1803 5331 2012 5399 quando
2038 5330 2121 5409 ip-

535 5440 654 5482 sum
701 5425 930 5496 quieris,
979 5437 1082 5477 non
1126 5416 1337 5499 quando
1380 5426 1478 5487 per
1520 5414 1692 5494 ipsum
1721 5412 1862 5475 a'lit'ld
1898 5410 2117 5491 dureris.

538 5520 745 5575 metum
772 5526 852 5572 est
879 5517 946 5572 de
966 5500 1281 5585 quibusdam
1311 5532 1325 5568 :
1354 5506 1744 5591 Clanariberiint,’
1784 5510 1872 5570 nec
1899 5527 2008 5570 erat
2036 5516 2122 5589 qui

603 5713 621 5746 ί
647 5713 723 5760 sic
749 5717 845 5759 Am.
873 5716 926 5761 et
946 5717 1054 5761 Mss.
1078 5717 1131 5761 Al.
1145 5716 1221 5759 Er.
1255 5716 1306 5760 et
1321 5716 1450 5771 ωιτη
1477 5708 1716 5762 habemus.

599 5778 1027 5831 'Mss..aitmn.
1118 5794 1189 5819 -t'
1256 5791 1297 5817 ’θ

602 5837 624 5869 ³
643 5836 832 5900 Aliquot
853 5843 981 5897 Mss,
1006 5843 1176 5886 Deum.

1730 360 1793 421 S.
1832 350 2195 418 AUGUSTINI
2236 351 2540 417 EPISCOPI

3656 354 3765 418 972

2189 475 2355 529 salvos
2380 478 2604 545 faceret,
2638 471 2707 528 ad
2729 454 3033 537 Dominum,
3066 488 3155 528 nec
3183 472 3439 530 emudioit
3466 491 3553 531 eos
3587 475 3767 548 (Paul.

2194 585 2315 632 xvu,
2342 570 2456 637 42).
2484 568 2703 633 Quare?
2730 566 2863 633 Quia
2894 581 2991 621 vox
3021 583 3208 622 eor-itm
3235 583 3339 623 non
3363 570 3428 623 ad
3458 570 3768 624 Dominum.

2193 661 2453 729 Exlirimit
2476 660 2580 715 hoc
2604 660 2710 715 alio
2735 651 2852 714 luco
2870 660 3158 729 Scriptura,
3189 661 3275 715 tibi
3296 659 3427 716 dicit
3446 661 3514 716 de
3543 658 3768 717 talibus:

2195 750 2465 813 Dominum
2518 767 2620 806 non
2667 752 3035 805 invocaverunt.
3067 751 3144 805 Ad
3190 751 3337 805 illum
3382 753 3634 821 clamare,
3664 768 3774 810 non

2195 852 2578 909 cessaverunt;
2627 852 2678 897 et
2731 852 2904 901 tamen
2951 841 3224 897 Dominum
3260 860 3363 896 non
3401 844 3775 902 invocaverunt.

2193 934 2330 1007 Quid
2359 945 2461 1002 est,
2493 934 2767 991 Dominum
2791 950 2892 989 non
2922 935 3309 1009 invocaverunt?
3336 935 3615 991 Dominum
3646 938 3697 991 in
3722 953 3781 994 se

2196 1042 2300 1082 non
2330 1034 2691 1096 vocaverunt:
2723 1025 2787 1081 ad
2819 1040 2914 1081 eor
2937 1041 3088 1080 suum
3126 1026 3411 1082 Dominum
3446 1043 3555 1082 non
3587 1028 3777 1082 invita-

2196 1126 2422 1181 verunt;
2446 1132 2477 1170 a
2502 1116 2725 1183 Domino
2750 1131 2808 1170 se
2835 1107 3058 1185 habitari
3086 1116 3388 1175 noluerunt.
3410 1117 3478 1173 Et
3502 1117 3627 1173 ideo
3653 1119 3776 1189 quid

2198 1227 2276 1266 eis
2300 1211 2515 1281 contigit
2539 1211 2562 1264 ?
2591 1209 2618 1263 1
2627 1210 2673 1264 bi
2712 1210 3087 1280 trepidauerunt
3114 1211 3314 1277 timore,
3345 1211 3428 1267 ubi
3452 1228 3556 1266 non
3585 1224 3695 1266 erat
3719 1214 3783 1265 li-

2205 1321 2314 1357 mor
2342 1304 2516 1374 (Psal.
2552 1319 2664 1367 xui,
2697 1303 2774 1372 ὅ).
2804 1302 2926 1358 Ideo
2956 1303 3022 1357 de
3045 1318 3221 1357 rerum
3252 1305 3595 1373 praesentium
3623 1306 3785 1359 amis-

2200 1397 2348 1469 sione
2375 1403 2724 1458 tremuernnt,
2752 1394 2998 1464 quoniam
3023 1410 3130 1461 non
3150 1402 3300 1449 erant
3331 1395 3474 1464 pleni
3512 1396 3606 1457 illo
3630 1412 3788 1466 quem

2204 1502 2307 1540 non
2358 1486 2756 1555 invocaverunt.
2784 1484 2899 1541 Non
2928 1486 3094 1554 gratis
3119 1496 3452 1550 amaverunt,
3490 1496 3549 1545 ut
3577 1486 3790 1541 amissis

2205 1577 2582 1649 temporalibus
2647 1576 2808 1632 rebus
2852 1585 3073 1650 possent
3124 1576 3344 1650 dicere:
3378 1576 3528 1637 Sicut
3568 1576 3791 1631 Domino

2206 1646 2425 1741 placuit,
2462 1669 2534 1720 ita
2560 1672 2753 1737 factum
2778 1646 2892 1743 esti;
2918 1669 2982 1724 sit
3009 1646 3190 1722 nomen
3234 1667 3442 1729 Domini
3475 1669 3794 1724 benedictum

2209 1759 2329 1831 (Job
2376 1776 2413 1826 ι,
2460 1760 2576 1830 21).
2616 1760 2757 1829 Ergo
2787 1758 2908 1823 iste,
2968 1758 3079 1829 Vox
3106 1776 3238 1827 mea,
3276 1761 3470 1830 inquit,
3518 1762 3588 1815 ad
3617 1760 3796 1816 Domi-

2208 1868 2350 1914 num,
2378 1860 2424 1903 et
2445 1850 2662 1904 attendit
2678 1849 2822 1903 milii.
2862 1850 3059 1907 Doceat
3091 1866 3188 1906 nos
3213 1851 3485 1921 quomodo
3510 1852 3561 1906 id
3591 1852 3704 1906 ﬁat.

2280 1941 2331 1998 5.
2359 1940 2507 2016 [vers.
2527 1939 2603 2014 3.]
2638 1938 2704 1994 In
2741 1940 2821 1996 die
2838 1942 3180 1995 tribulationis
3201 1959 3323 1996 mea:
3344 1942 3505 1997 Deum
3531 1942 3791 2014 exquisivi.

2210 2032 2338 2107 Quis
2366 2047 2447 2095 es,
2481 2033 2569 2102 qui
2600 2032 2703 2087 hoc
2731 2030 2905 2087 facis?
2938 2033 2993 2086 In
3017 2033 3104 2086 die
3135 2033 3492 2088 tribulationis
3520 2042 3647 2101 tum,
3676 2033 3796 2088 vide

2210 2116 2335 2196 quid
2366 2126 2635 2196 exquiras.
2683 2124 2740 2180 Si
2789 2139 2973 2180 carcer
3013 2124 3139 2179 facit
3193 2125 3605 2193 tribulationem,
3650 2126 3797 2181 exire

2210 2220 2276 2277 tle
2318 2235 2535 2276 carcere
2567 2220 2803 2294 exquiris
2834 2238 2849 2274 :
2877 2220 2922 2274 si
2965 2219 3129 2275 febris
3183 2219 3308 2276 facit
3354 2222 3748 2276 tribulationem
3777 2262 3794 2287 ,

2212 2312 2497 2366 sanitatem
2529 2313 2770 2384 exquiris
2800 2329 2813 2364 :
2843 2312 2888 2365 si
2914 2311 3080 2366 fames
3109 2311 3233 2366 facit
3260 2312 3677 2379 tribulationem,
3703 2328 3797 2369 sa-

2215 2403 2484 2459 turitatem
2517 2403 2755 2472 exquiris
2786 2420 2801 2456 :
2833 2403 2877 2458 si
2905 2402 3098 2458 damna
3127 2404 3734 2460 faciunttribulationem
3770 2447 3787 2471 ,

2214 2494 2421 2549 lucrum
2444 2495 2681 2565 exquiris
2715 2513 2727 2547 :
2757 2496 2802 2549 si
2840 2497 3203 2567 peregrinatio
3234 2496 3355 2552 facit
3377 2498 3796 2563 tribulationem,

2214 2585 2487 2639 civitatem
2537 2594 2636 2639 tua:
2663 2587 2840 2640 carnis
2868 2589 3125 2657 exquiris.
3158 2588 3227 2644 Et
3255 2590 3379 2659 quid
3429 2601 3621 2646 cuncta
3650 2607 3801 2646 eom-

2216 2691 2507 2765 inemorem
2533 2718 2549 2745 ,
2582 2686 2673 2731 aut
2714 2678 2927 2748 quando
2982 2690 3170 2751 cuncta
3203 2668 3685 2765 commemorem?
3710 2682 3801 2739 Vis

2212 2783 2332 2824 esse
2382 2768 2727 2825 transiliens?
2756 2769 2823 2843 lnv
2865 2771 2952 2825 die
2983 2772 3332 2827 tribulationis
3375 2782 3476 2835 tua:
3509 2775 3676 2829 Deum
3704 2790 3799 2830 ex-

2212 2862 2409 2936 ‘quire:
2450 2878 2557 2919 non
2603 2879 2697 2939 per
2741 2864 2907 2921 Deum
2956 2866 3097 2920 aliud
3130 2905 3146 2930 ,
3201 2866 3298 2921 sed
3342 2882 3405 2921 ex
3460 2868 3802 2925 tribulatione

2214 2956 2418 3037 beum;
2448 2965 2506 3012 ut
2532 2956 2595 3011 ad
2643 2957 2745 3013 hoc
2776 2956 2914 3035 Deus
2954 2968 3224 3012 removeat
3256 2957 3657 3025 tribulationem
3688 3002 3704 3025 ,
3747 2971 3805 3019 ut

2213 3062 2435 3103 securus
2461 3046 2723 3103 inlitereas
2766 3048 2893 3103 Deo.
2918 3046 2984 3102 In
3013 3048 3095 3102 die
3131 3048 3465 3105 tribulationis
3483 3066 3612 3104 mea:
3644 3049 3805 3104 Deum

2213 3122 2457 3217 (inquisita
2477 3157 2496 3194 .'
2521 3155 2626 3195 non
2677 3139 2817 3193 aliud
2845 3139 3042 3209 aliquid
3065 3180 3080 3207 ,
3112 3142 3206 3194 sed
3237 3138 3403 3193 Deum
3431 3142 3703 3208 exquisivi.
3740 3141 3806 3197 Et

2214 3214 2482 3307 quomodo
2522 3230 2795 3301 quuisisti
2821 3230 2844 3284 ?
2875 3229 3111 3285 Manibus
3154 3232 3276 3284 meis
3325 3242 3471 3285 nocte
3520 3247 3700 3285 coram
3725 3247 3803 3285 eo.

2220 3324 2309 3398 llic
2337 3323 2663 3397 hoc'rursus
2696 3340 2708 3375 :
2744 3324 3035 3391 rideamus,
3084 3324 3474 3394 intelligamus.
3502 3326 3803 3392 imitemur,

2216 3402 2587 3496 sipossumus.
2616 3417 2669 3472 In
2704 3416 2790 3472 die
2821 3416 3175 3473 tribulationis
3205 3427 3308 3473 tua:
3336 3418 3463 3491 quid
3481 3420 3805 3489 exquisisti?

2223 3494 2403 3591 Deam.
2437 3500 2715 3589 Quomodo
2752 3511 3068 3582 exquisisti?
3095 3511 3333 3567 Manibus
3378 3514 3523 3569 nuis.
3578 3513 3808 3582 Quando

2216 3605 2524 3685 exquisisti;
2555 3602 2738 3657 Nocte.
2774 3601 2873 3675 Ubi
2914 3604 3232 3673 exquisisti?
3280 3603 3463 3659 Coram
3490 3622 3570 3660 eo.
3607 3608 3675 3661 Et
3700 3621 3807 3678 quo

2218 3697 2389 3779 fi'uetu
2437 3694 2762 3777 exquisisti?
2806 3693 2875 3763 Et
2936 3712 3037 3750 non
3102 3712 3215 3749 sum
3277 3695 3533 3766 deceptus.
3612 3700 3806 3754 Omnia

2216 3802 2342 3865 ergo
2369 3786 2641 3841 videamus
2663 3827 2678 3852 ,
2709 3784 2922 3852 fratres,
2952 3787 3128 3841 omnia
3168 3787 3591 3867 consideremus,
3624 3790 3804 3842 omnia

2220 3880 2643 3963 interrogemus;
2694 3887 2751 3943 et
2810 3877 2937 3950 quid
2964 3879 3033 3934 sit
3080 3878 3347 3934 tribulatio
3375 3920 3392 3944 ,
3444 3878 3498 3933 in
3553 3894 3659 3949 qua
3707 3881 3805 3934 iste

2221 3973 2384 4051 neum
2444 3972 2763 4045 exquisivit,
2816 3981 2869 4027 et
2938 3970 3065 4043 quid
3111 3972 3181 4027 sit
3236 3972 3478 4028 manibus
3535 3972 3806 4043 inquirere

2222 4066 2406 4143 Qeum,
2434 4073 2490 4123 et
2525 4064 2650 4137 quid
2698 4065 2768 4141 sit
2805 4074 2982 4133 nocte,
3012 4073 3066 4119 et
3114 4064 3240 4135 quid
3272 4065 3341 4120 sit
3368 4080 3550 4120 coram
3583 4067 3679 4122 illo
3708 4085 3723 4122 :
3750 4075 3806 4124 et

2218 4156 2476 4237 sequitur,
2524 4156 2664 4239 quod
2713 4172 2899 4212 omnes
2926 4156 3249 4226 intelligunt,
3280 4154 3470 4211 Etnou
3509 4174 3625 4212 sum
3655 4159 3805 4213 dece-

2221 4260 2352 4327 plus.
2408 4248 2544 4327 Quid
2585 4259 2667 4304 est
2715 4248 2882 4318 enim,
2926 4248 2995 4303 Et
3037 4265 3136 4304 non
3166 4266 3280 4302 sum
3326 4249 3608 4321 deceptus?
3649 4251 3803 4306 lure-

2220 4342 2271 4395 ni
2304 4324 2444 4410 quod
2462 4324 2797 4410 quaerebam.

2291 4434 2345 4489 4'.
2374 4433 2415 4495 Τ
2422 4433 2672 4489 ribulatio
2699 4448 2806 4488 non
2849 4432 2934 4488 illa
2976 4432 3061 4488 vel
3087 4433 3177 4489 illa
3226 4433 3506 4504 cogitanda
3556 4444 3662 4503 est.
3715 4434 3801 4492 Et-

2229 4528 2371 4607 enim
2394 4526 2758 4603 unusquisqne
2778 4527 3014 4581 nondum
3048 4525 3369 4592 transiliens,
3389 4526 3628 4582 nondum
3663 4536 3802 4598 putat

2222 4635 2343 4695 esse
2366 4619 2787 4695 tribulationem,
2829 4620 2930 4674 nisi
2959 4635 3078 4689 qua:
3125 4619 3379 4675 acciderit
3409 4622 3533 4676 huic
3560 4624 3686 4678 vitae
3733 4641 3799 4679 ex

2222 4694 2400 4791 aliquo
2428 4712 2563 4766 tristi
2593 4720 2835 4780 tempore
2869 4720 2961 4765 :at
2992 4725 3119 4766 vero
3146 4710 3236 4766 ille
3265 4713 3595 4773 transiliens.
3629 4724 3801 4768 totam

2223 4805 2383 4883 vitam
2432 4805 2586 4877 istam
2644 4804 3034 4860 tribulationem
3068 4819 3218 4858 suam
3273 4816 3501 4875 reputat.
3550 4807 3642 4863 Sic
3667 4810 3803 4863 enim

2223 4906 2365 4977 amat
2392 4897 2613 4969 patriam
2642 4912 2948 4968 supernam,
2985 4906 3041 4951 ut
3065 4905 3276 4953 terrena
3304 4901 3666 4969 peregrinatio
3699 4904 3803 4970 ipsa

2226 4993 2297 5063 sit
2324 4993 2552 5048 maxima
2581 4991 2869 5046 tribulatio.
2900 4990 3179 5059 Quomodo
3208 4993 3353 5047 enim
3379 5008 3483 5048 non
3512 4996 3583 5049 sit
3630 4997 3795 5050 tribu-

2225 5083 2350 5139 latio
2378 5085 2479 5138 vita
2511 5086 2631 5146 ista,
2657 5097 2787 5153 rogo
2811 5083 2938 5136 vos?
2965 5083 3232 5152 quomodo
3259 5099 3363 5139 non
3394 5085 3466 5139 sit
3494 5086 3768 5145 tribulatio
3789 5124 3805 5149 ,

2226 5194 2344 5246 ane
2367 5177 2507 5232 dicta
2540 5187 2623 5231 est
2655 5186 2760 5229 tota
2806 5176 3065 5230 tentatio?
3105 5175 3280 5235 llabes
3309 5188 3566 5248 scnptnm
3590 5181 3645 5234 in
3672 5181 3808 5234 libro

2225 5268 2359 5325 Job:
2390 5267 2656 5338 Numquid
2700 5284 2801 5320 non
2827 5267 3035 5321 tentatio
3066 5278 3142 5323 est
3162 5268 3264 5322 vita
3288 5271 3512 5325 humana
3536 5289 3694 5341 super
3713 5282 3805 5326 ter-

2233 5381 2341 5417 ram
2362 5361 2474 5435 (Id.
2493 5379 2541 5416 vi
2569 5405 2584 5427 ,
2607 5365 2630 5417 l
2653 5362 2676 5415 ?
2697 5362 2959 5433 Numquid
2987 5362 3153 5421 dixit:
3178 5365 3431 5422 Tentatur
3456 5369 3562 5422 rita
3580 5369 3804 5425 luunana

2228 5470 2385 5524 super
2412 5454 2649 5508 terram?
2681 5453 2796 5522 Ipsa
2827 5456 2928 5508 vita
2950 5458 3157 5509 tentatio
3186 5468 3257 5511 est
3283 5474 3300 5511 :
3326 5460 3369 5511 si
3398 5474 3526 5529 ergo
3558 5464 3797 5525 tentatio,

2230 5549 2410 5617 utique
2458 5547 2752 5602 tribulatio.
2785 5545 2841 5601 lu
2873 5545 2974 5602 bac
3023 5548 3181 5617 igitur
3212 5550 3570 5613 tribulatione,
3606 5555 3704 5607 hoc
3728 5562 3803 5607 est

2228 5640 2281 5694 in
2315 5639 2410 5693 hac
2436 5639 2564 5721 vita,
2593 5639 2756 5695 Deum
2779 5640 3064 5709 exquisivit
3092 5640 3192 5696 iste
3225 5643 3549 5698 transiliens.
3579 5646 3803 5713 Qucum.

2229 5732 2335 5787 do?
2365 5731 2601 5788 Manibus
2625 5775 2642 5801 ,
2697 5732 2887 5805 inquit,
2920 5735 3062 5788 meis.
3091 5734 3226 5805 Quid
3256 5748 3357 5802 est,
3392 5739 3625 5794 manibus
3647 5737 3802 5794 meis!

2232 5827 2495 5899 Operibus
2523 5830 2676 5885 meis.
2714 5828 2829 5883 Non
2856 5829 3003 5884 enim
3038 5829 3234 5898 aliquid
3258 5828 3575 5901 corporeum
3606 5848 3789 5917 quare
