4076 6450
264 361 364 424 973

268 461 369 547 bat,
395 485 452 534 ut
487 473 866 534 contrectando
891 471 1152 529 inveniret
1190 468 1329 541 quod
1379 467 1721 538 perdiderat;
1773 468 1830 514 ut

266 572 501 628 manibus
526 577 790 638 qua-reret
814 580 1086 621 nummum
1113 605 1126 628 ,
1159 577 1366 625 aurum,
1399 570 1704 630 argentum,
1734 571 1826 658 ve-

263 675 408 727 stem,
430 656 697 730 quidquid
725 659 826 713 tale
853 666 935 712 est
971 655 1111 726 quod
1160 654 1402 709 manibus
1428 653 1616 752 teneri“
1627 653 1824 752 possit.

263 756 562 824 Quanquam
614 759 675 805 et.
720 750 832 819 ipse
862 748 1117 803 Dominus
1167 755 1346 802 noster
1375 744 1530 799 Iesus
1579 741 1826 808 Christus

265 841 416 899 voluit
439 859 496 896 se
519 841 760 895 manibus
784 839 995 909 inquiri,
1027 837 1238 908 quando
1278 834 1540 898 dubitanti
1569 830 1829 902 discipulo

257 935 532 996 cicatrices
555 931 805 986 ostendit.
831 929 934 988 Sed
966 927 1218 998 numquid
1269 942 1389 982 cum
1417 925 1505 996 ilic
1537 923 1829 978 exclamas-

264 1037 338 1082 set
365 1037 582 1095 tangens
622 1024 897 1079 cicatrices
930 1022 1206 1075 vulnerum
1251 1019 1388 1088 ejtts,
1420 1016 1663 1070 Dominus
1690 1030 1826 1072 nmis

263 1132 304 1173 et
338 1117 470 1173 Deus
491 1116 663 1170 meus!
683 1130 857 1170 nonne
894 1113 1124 1170 audivit:
1154 1111 1287 1178 Quia
1328 1109 1513 1172 vidisti,
1539 1105 1826 1178 credidisti;

264 1212 382 1266 ἔνθαιὶ
403 1210 486 1277 qui
511 1225 611 1262 non
632 1208 861 1262 viderunt
883 1214 926 1263 et
946 1205 1265 1262 crediderunt
1287 1201 1466 1272 (Joan.
1494 1216 1582 1268 xx,
1604 1198 1669 1258 9.7
1679 1197 1825 1272 429)?

262 1306 311 1358 Si
339 1302 460 1371 ergo
491 1302 580 1355 ille
609 1301 854 1355 manibus
902 1311 1147 1368 (intercus
1173 1296 1440 1360 Christum
1465 1335 1479 1358 ,
1510 1291 1611 1346 hoc
1639 1290 1825 1394 audire

263 1398 464 1457 meruit,
487 1404 541 1449 ut
569 1394 913 1465 opprobrium
935 1393 980 1448 ei
1012 1390 1169 1452 fuerit
1195 1390 1264 1444 ita
1302 1389 1585 1458 qutesisse;
1617 1401 1711 1440 nos
1737 1389 1825 1456 qui

261 1488 391 1542 beati
419 1487 545 1541 dicti
577 1500 760 1540 sumus
799 1484 888 1554 qui
917 1499 1018 1538 non
1045 1483 1269 1546 vidimus
1294 1491 1348 1540 et
1373 1479 1656 1549 credimus,
1701 1475 1826 1546 quid

257 1594 395 1648 ergo.
415 1578 482 1631 ad
512 1592 608 1631 nos
633 1591 737 1630 non
759 1576 992 1644 pertinet
1008 1572 1248 1628 manibus
1263 1571 1538 1641 quaerere?
1571 1569 1824 1644 Pertinet,

256 1671 386 1722 sicut
414 1667 547 1729 dixi,
579 1666 829 1736 operibus
871 1679 1132 1734 quaerere.
1189 1662 1412 1729 Quando
1460 1660 1604 1728 hoc?
1636 1657 1820 1712 Nocte.

257 1759 385 1827 Quid
413 1767 516 1822 est,
544 1757 733 1813 nocte?
762 1756 818 1814 lu
859 1755 961 1812 hoc
1009 1754 1223 1820 saeculo.
1251 1753 1364 1816 Nox
1395 1752 1535 1824 enim
1561 1757 1648 1851 est
1672 1758 1823 1851 ante:

255 1865 402 1920 quam
433 1847 688 1917 eﬂulgcat
729 1847 844 1902 dies
893 1847 945 1902 in
997 1845 1225 1900 adventu
1276 1843 1562 1904 ciariiicato
1615 1843 1824 1914 Domini

255 1940 413 1995 nostri
439 1939 566 1999 Jesu
593 1938 809 1998 Christi.
851 1937 980 2006 Nam
1023 1936 1182 2006 vultis
1219 1934 1398 1990 videre
1427 1934 1546 2004 quia
1575 1948 1679 1987 nox
1701 1931 1824 1985 est?

252 2032 356 2090 Nisi
384 2031 660 2087 lucernam
707 2028 794 2084 hic
842 2027 1178 2101 haberemus,
1218 2024 1270 2078 in
1325 2024 1557 2102 tenebris
1609 2039 1822 2094 perma-

252 2138 517 2178 neremtts.
551 2122 737 2180 Petrus
783 2119 923 2184 enim
954 2117 1113 2190 dicit:
1140 2116 1206 2189 Et
1241 2132 1331 2169 nos
1361 2117 1598 2192 habemus
1636 2114 1821 2168 certio-

249 2231 349 2270 rem
373 2193 726 2285 prapltetirum
753 2225 1064 2282 sermonem,
1093 2208 1176 2262 cui
1215 2208 1333 2284 bene
1357 2207 1527 2278 facitis
1552 2205 1818 2290 intenden-

249 2287 343 2368 tes,
375 2305 513 2366 velut
545 2302 760 2364 lucerna
785 2302 968 2374 lucenti
1012 2301 1061 2370 in
1104 2299 1314 2372 obscuro
1349 2297 1456 2377 loco
1476 2337 1491 2363 ,
1539 2297 1695 2382 donec
1717 2295 1821 2377 dies

246 2395 488 2460 lucescat,
523 2379 776 2464 etiucifer
809 2393 1006 2452 oriatur
1030 2391 1080 2468 in
1108 2390 1342 2462 cordibus
1370 2379 1637 2462 vestrisi(l‘l
1667 2386 1816 2440 Petr.

242 2487 410 2556 1,19).
445 2485 720 2562 Yenturus
769 2492 849 2542 est
896 2498 1021 2556 ergo
1073 2482 1184 2536 dies
1232 2490 1350 2550 post
1380 2482 1534 2534 istam
1570 2488 1816 2564 poctcm;

241 2579 442 2633 interim
487 2577 539 2632 in
571 2576 668 2631 hac
699 2588 852 2654 nocte
897 2575 1110 2654 lucerna
1162 2587 1265 2642 non
1296 2572 1451 2648 desit.
1487 2571 1550 2644 Et
1601 2571 1700 2638 hoc
1741 2578 1821 2656 est

238 2672 454 2723 fortasse
489 2667 628 2738 quod
655 2641 794 2720 nunc
819 2647 1038 2738 facimus
1065 2682 1077 2718 :
1107 2653 1201 2742 has
1229 2663 1452 2742 Litteras
1483 2662 1814 2746 esponendo,

237 2761 514 2816 lucernam
549 2757 827 2812 inferimus
857 2796 872 2822 ,
923 2765 977 2838 ut
1019 2756 1071 2815 in
1132 2754 1227 2809 hac
1270 2761 1424 2808 nocte
1473 2752 1814 2838 gaudeamus.

240 2853 362 2918 Qua:
391 2851 611 2922 quidem
640 2849 797 2920 debet
824 2863 1043 2904 accensa
1072 2863 1191 2902 esse
1237 2861 1449 2930 semper
1494 2846 1543 2928 in
1574 2843 1818 2899 domibus

241 2943 448 2998 vestris.
481 2942 698 3012 Talibus
727 2941 867 3014 enim
897 2941 1086 3018 dicitur
1113 2957 1124 2992 :
1159 2937 1407 3016 Spiritum
1453 2935 1606 2990 nolite
1629 2937 1820 2990 exstin-

241 3035 448 3104 guere(l
473 3033 652 3088 Thess.
687 3049 736 3098 v,
764 3032 870 3101 19).
905 3033 971 3086 Ει
999 3042 1242 3108 tanquam
1285 3046 1553 3113 exponens
1581 3027 1703 3099 quid
1735 3029 1816 3118 di-

242 3137 403 3192 ceret,
439 3137 654 3181 secutus
673 3127 769 3194 ait,
795 3125 1123 3199 Preti/retium
1148 3125 1299 3178 nolite
1320 3141 1550 3194 spernere
1581 3139 1598 3177 :
1627 3123 1675 3178 id
1711 3133 1812 3209 est,

240 3218 453 3274 lucerna
481 3221 534 3274 in
563 3219 711 3272 vobis
739 3232 949 3288 semper
971 3217 1159 3284 luceat.
1193 3216 1257 3270 Et
1289 3216 1400 3274 inec
1443 3215 1653 3286 quidem
1683 3215 1769 3269 lux
1799 3215 1817 3248 ί

239 3308 286 3360 in
311 3287 713 3379 comparatione
736 3287 1009 3376 ettjiisdam
1039 3305 1318 3387 iueﬂ'abilis
1343 3304 1443 3359 diei
1470 3321 1574 3358 nox
1600 3305 1815 3392 dicitur.

235 3399 362 3452 Nam
377 3399 494 3473 ipsa
520 3399 628 3452 vita
655 3397 886 3472 fidelium
905 3398 956 3450 in
983 3397 1372 3478 comparatione
1393 3397 1512 3450 vitae
1531 3396 1814 3488 inﬁdelium

238 3489 348 3543 dies
369 3500 473 3544 est.
493 3490 767 3556 Quomodo
783 3499 956 3544 autem
971 3489 1036 3573 sit
1053 3489 1296 3555 nox,jam
1319 3488 1566 3554 diximus,
1582 3500 1630 3543 et
1648 3499 1818 3544 osten-

236 3578 409 3630 dimus
435 3578 579 3632 Petri
611 3577 835 3648 apostoli
859 3578 1161 3650 testimonio
1184 3596 1196 3629 :
1218 3579 1304 3647 qui
1335 3577 1546 3648 quidem
1579 3579 1734 3633 etiam
1765 3577 1818 3635 et

234 3668 507 3723 lucernam
528 3651 831 3732 notuinavit,
851 3667 987 3721 etde
1012 3669 1118 3744 ipSa
1135 3668 1344 3721 lucerna
1364 3684 1459 3721 nos
1471 3669 1740 3724 admonuit
1763 3683 1816 3726 ttt

233 3763 578 3818 intendamus
608 3749 680 3825 ei,
702 3760 753 3813 id
782 3770 861 3813 cst
889 3758 1197 3838 prophetico
1225 3760 1487 3825 sermoni,
1523 3761 1679 3815 donec
1709 3759 1816 3840 dies

235 3832 474 3918 lucescat,
501 3862 548 3903 et
573 3851 747 3921 lucifer
769 3832 960 3904 oriatur
985 3854 1035 3904 in
1056 3851 1289 3904 cordibus
1310 3853 1507 3906 nostris.
1539 3851 1816 3929 Quomodo

231 3957 405 3998 autem
429 3944 544 4018 jam
570 3941 672 3994 vita
706 3941 934 4012 lidelinm
961 3939 1071 4006 dies
1102 3943 1170 3994 sit
1195 3943 1245 4013 in
1275 3944 1671 4014 comparatione
1697 3941 1816 4000 vita:

230 4019 545 4107 impiorum,
576 4021 766 4087 Paulus
801 4026 1028 4087 ostendit
1061 4051 1073 4085 :
1107 4021 1432 4120 Abjiciarnus,
1476 4036 1665 4106 inquit,
1699 4037 1818 4108 ope-

227 4142 283 4179 ra
333 4125 659 4179 tenebrarum
690 4163 704 4188 ,
746 4133 791 4176 et
845 4117 1287 4196 induantur'arma
1309 4117 1437 4179 lucis
1461 4143 1478 4189 ;
1504 4127 1631 4180 sicut
1658 4129 1707 4180 in
1736 4129 1817 4182 die

227 4217 436 4271 honeste
460 4215 773 4268 ambulemus
803 4216 979 4284 (Rom.
1006 4197 1122 4279 litui,
1178 4215 1286 4288 12).
1321 4215 1460 4293 Ergo
1490 4218 1708 4270 honeste
1737 4217 1814 4315 vi-

222 4297 434 4374 ventes,
463 4313 518 4364 in
545 4310 936 4378 comparatione
955 4310 1073 4361 vitae
1101 4309 1404 4377 impiorum,
1429 4309 1577 4363 indie
1605 4297 1808 4364 sumtis.

226 4389 329 4455 Sed
362 4405 466 4456 iste
492 4395 757 4454 dies'vita‘
781 4398 1012 4452 ﬁdelium
1056 4414 1160 4452 non
1192 4393 1385 4453 sufﬁcit
1408 4399 1529 4453 huic
1561 4399 1802 4468 ldit'hun;

222 4469 497 4544 iransilire
522 4477 712 4543 vult'et
757 4481 910 4542 istum
943 4487 1106 4554 diem,
1139 4485 1310 4543 donec
1351 4490 1528 4543 veniat
1565 4490 1810 4546 ad’iilum

217 4586 359 4637 diem
384 4626 398 4643 .
447 4583 539 4637 ubi
571 4581 740 4635 noctis
767 4581 1109 4635 tentationetn
1139 4582 1333 4636 nullam
1354 4569 1357 4573 1
1380 4583 1595 4637 omnino
1625 4576 1809 4662 formi-

215 4675 324 4728 det.
359 4675 459 4729 Hic
484 4672 627 4727 enim
653 4663 893 4746 quamvis
914 4669 1027 4726 dies
1063 4662 1137 4724 sit
1175 4665 1562 4754 vita'lidelinin,
1600 4671 1806 4730 tentatio

214 4770 282 4811 cst
333 4761 441 4811 vita
483 4760 705 4810 humana
736 4773 886 4826 super
922 4766 1102 4809 terram
1151 4753 1464 4826 (Job'v'n,'1
1575 4760 1722 4826 Nox,
1754 4770 1807 4816 ct

215 4849 328 4902 dies
356 4869 368 4902 :
395 4839 526 4901 dies.
575 4833 625 4899 in
652 4831 1043 4916 comparatione
1071 4846 1360 4901 inﬁdelium
1389 4867 1402 4914 ;
1439 4847 1539 4904 nox
1573 4853 1621 4905 in
1647 4851 1808 4908 com-

212 4943 499 5008 paratione
524 4931 866 5007 Aiigelorum.
896 4937 1255 5020 llabcutenim
1283 4941 1420 4995 diem
1439 4935 1622 5011 Angeli
1647 4962 1802 5014 quem

211 5049 306 5084 nos
340 5032 590 5085 nondum
621 5029 880 5083 habemus
907 5047 920 5083 :
946 5031 1052 5098 jam
1101 5029 1482 5086 ttos'ltabcmns
1513 5049 1668 5104 quem
1697 5051 1800 5090 non

210 5123 413 5177 habent
464 5111 746 5183 inﬁdeles;
781 5112 872 5173 Sed
905 5121 1134 5174 nondum
1185 5117 1383 5176 habent
1413 5123 1590 5178 fideles
1645 5143 1801 5195 quem

213 5204 406 5283 singuli
468 5211 711 5264 habent:
745 5219 868 5264 tunc
912 5221 1087 5266 autem
1138 5199 1441 5280 habebunt,
1496 5229 1616 5270 cum
1649 5227 1804 5272 erunt

205 5287 445 5374 aequales
471 5291 705 5373 'Angelis
738 5299 832 5358 Dei
855 5320 869 5368 ;
901 5299 1165 5374 quodillis
1185 5301 1243 5361 in
1269 5311 1658 5366 resurrectione
1681 5328 1774 5382 pro
1791 5343 1804 5356 -

204 5397 434 5450 missum
468 5404 560 5450 est
580 5395 788 5472 (Matth.
826 5413 952 5463 χχιι,
977 5399 1086 5466 50).
1115 5395 1166 5451 In
1194 5399 1289 5453 hac
1314 5401 1565 5472 ergojam
1599 5403 1684 5461 die
1707 5447 1723 5471 .
1748 5417 1802 5464 et

201 5490 379 5543 adhuc
414 5467 624 5552 nocte;
645 5499 799 5543 nocte
829 5489 880 5542 iu
910 5493 1303 5558 comparatione
1330 5491 1487 5548 futuri
1512 5493 1617 5550 diei
1641 5513 1796 5567 quem

193 5573 619 5644 desideramus,
661 5571 770 5633 die~
797 5581 848 5633 in
880 5579 1274 5649 comparatione
1300 5588 1582 5652 praeterita:
1630 5577 1799 5661 noctis

199 5673 284 5726 cui
318 5670 755 5726 renuntiavimus
778 5689 791 5724 :
817 5671 870 5725 in
895 5672 990 5727 hac
1005 5688 1159 5744 ergo,
1191 5675 1425 5743 inquam,
1450 5685 1601 5736 no'cte
1633 5682 1797 5738 Deum

262 5808 280 5842 ¹
303 5807 482 5860 Probae
506 5794 639 5856 nota:
655 5813 781 5869 Mss,
805 5819 919 5858 nam.
951 5787 954 5790 Δ

259 5880 400 5912 ῖείη.
439 5899 449 5910 ι
541 5887 546 5891 ¹
835 5895 856 5900 ’-

1361 339 1756 407 ENARRA'IIO
1791 336 1860 397 IN
1895 337 2209 400 PSALMUM
2236 341 2466 400 LXXVI.

1939 460 2272 530 requiramus
2318 462 2561 515 manibus
2610 464 2818 519 nostris.
2871 465 2986 521 Non
3043 456 3254 524 cessent
3310 487 3506 541 opera;

1937 567 2232 622 qtimranms
2261 553 2439 616 Deum,
2478 571 2578 607 non
2607 555 2672 606 sit
2703 556 2853 611 inane
2881 558 3221 615 desiderium.
3253 561 3310 617 Si
3342 563 3395 618 iu
3424 566 3508 619 via

1935 625 2117 698 sumus
2137 685 2150 707 ,
2199 655 2438 716 sumptus
2468 662 2766 716 erogemus,
2801 658 2857 701 ut
2897 653 3168 730 pervenire
3195 655 3459 730 possinms
3491 673 3504 710 :

1935 734 2178 804 manibus
2201 752 2497 816 quaeramus
2525 730 2704 816 Deum;
2732 739 2837 814 Etsi
2864 752 3016 796 nocte
3042 725 3323 832 qttzcrimus
3349 763 3508 818 quem

1935 826 2176 897 manibus
2223 830 2543 898 (puerilitas,
2619 847 2720 883 non
2771 826 3219 904 decipiantr'quia
3273 857 3289 888 ι
3324 854 3504 894 coram

1936 914 2051 990 ipso
2075 934 2092 967 ›
2112 911 2577 992 (ιιιςιινξιυιιεζρυῑιι
2601 911 2679 975 est
2706 941 2723 972 ι
2750 911 2925 976 coram
2960 903 3109 994 ipso?
3135 926 3307 998 Nulite
3335 930 3507 987 facere

1933 997 2185 1076 justitiam
2234 999 2456 1063 vestram
2499 1027 2674 1065 coram
2727 1013 3057 1093 ln‘nninilnts,
3112 1001 3506 1104 tttwvideamini

1901 1093 2001 1176 'ab
2063 1091 2182 1168 eis;
2242 1103 2433 1173 alioqui
2494 1091 2595 1158 non
2662 1091 2920 1163 habebitis
2986 1109 3286 1194 mercedem
3359 1095 3505 1189 apud

1934 1189 2142 1252 Patrem
2198 1205 2448 1268 vestrmn.
2494 1195 2626 1251 Cum
2671 1216 2796 1271 ergo
2840 1200 2968 1257 facis
3017 1189 3408 1277 elcemosvnam
3435 1251 3447 1275 ,
3483 1231 3500 1262 ι

1933 1265 2025 1349 ait,
2076 1300 2262 1338 manus
2311 1287 2409 1359 illa;
2435 1300 2558 1370 sunt
2608 1303 2906 1368 qurrenlcs
2938 1295 3123 1363 Deum,
3159 1317 3177 1349 ‹
3207 1299 3314 1353 noli
3369 1303 3509 1354 tubi-

1933 1367 2110 1430 ciuare
2150 1363 2272 1432 ante
2311 1373 2408 1456 te,
2441 1363 2600 1434 'sieut
2655 1363 2937 1456 hypmrita:
2996 1387 3229 1452 iaciunt;
3289 1393 3380 1446 sed
3438 1395 3509 1447 sit

1932 1466 2269 1546 eleemosyna
2313 1449 2397 1536 tua
2443 1473 2490 1525 in
2522 1475 2747 1541 occulto,
2780 1487 2831 1530 et
2861 1478 3017 1534 Pater
3064 1479 3180 1537 titus
3230 1486 3316 1555 qui
3367 1488 3510 1542 videt

1931 1553 1983 1610 in
2015 1559 2254 1627 occulto,
2287 1561 2470 1615 reddet
2520 1563 2610 1618 tibi
2709 1565 2916 1640 (Matth.
2970 1587 3040 1637 γι,
3070 1573 3119 1638 1,
3152 1572 3206 1638 2,
3345 1577 3503 1646 Ergo,

1931 1639 2206 1726 'iManibns
2232 1652 2359 1706 meis
2381 1663 2531 1707 micte
2558 1645 2735 1709 coram
2760 1673 2821 1712 eo
2844 1667 2895 1712 et
2923 1677 3024 1715 non
3054 1679 3168 1718 sum
3192 1665 3500 1736 deceptus.»

1941 1721 1948 1726 -
2001 1729 2053 1796 δ’.
2094 1742 2296 1808 Quanta
2354 1754 2524 1800 tamen
2583 1749 2679 1802 iste
2737 1750 2941 1807 ldithnn
2993 1735 3267 1825 pertulerit
3314 1762 3362 1815 in
3407 1762 3507 1818 Iiac

1931 1839 2068 1910 terra
2091 1874 2103 1898 ,
2137 1843 2186 1886 et
2212 1833 2260 1886 in
2296 1835 2389 1890 hac
2417 1847 2590 1905 nocte,
2615 1851 2665 1894 et
2692 1847 2955 1912 quomodo
2983 1846 3226 1904 habuerit
3254 1855 3506 1923 quodam-

1929 1907 2086 1975 modo
2116 1926 2438 1980 transiliendi
2468 1931 2868 1997 necessitatem,
2899 1931 3305 2008 impingcntibus
3348 1955 3506 2018 atque

1928 2016 2277 2085 pungentibus
2301 2009 2545 2076 deorsum
2566 2023 3006 2107 tribulationibus,
3026 2041 3077 2086 ut
3104 2050 3319 2090 necesse
3351 2038 3507 2094 fuerit

1927 2093 2225 2184 tranSilire,
2273 2111 2624 2170 intentissime
2663 2121 2958 2177 audiamus.
2996 2124 3209 2197 Negavit
3235 2133 3506 2187 vconsolari

1926 2200 2094 2254 anima
2119 2219 2227 2255 mea
2255 2203 2292 2255 ί.
2319 2203 2544 2266 Tantum
2579 2203 2786 2264 liud-ium
2833 2215 2914 2267 hic
2944 2233 3030 2269 me
3079 2207 3358 2288 occupavit
3387 2265 3401 2288 ,
3451 2234 3507 2282 ut

1928 2301 2110 2346 contra
2139 2309 2351 2348 omnem
2373 2295 2788 2356 consolatiOncm
2807 2305 3074 2363 clauderet
3089 2327 3146 2364 se
3167 2314 3338 2366 anima
3364 2333 3502 2371 mea.

1928 2379 2060 2435 Huic
2091 2379 2187 2436 tali
2217 2385 2353 2440 unde
2390 2388 2602 2442 ttcdium
2627 2392 2648 2443 ?
2672 2387 2916 2448 Fortasse
2943 2399 3062 2473 quia
3091 2402 3240 2456 vinea
3288 2408 3505 2473 grandi-

1927 2481 2044 2526 nata
2076 2485 2152 2528 est
2175 2516 2190 2540 ,
2215 2487 2303 2530 aut
2333 2479 2452 2548 quia
2481 2480 2594 2535 olea
2625 2499 2726 2537 non
2758 2490 3028 2557 provenit,
3057 2489 3288 2564 ant'quia
3319 2497 3506 2554 vinde-

1928 2565 2031 2616 mia
2058 2579 2086 2616 a
2116 2566 2287 2648 pluvia
2319 2567 2604 2640 intercepta
2638 2563 2734 2628 est.
2766 2569 2913 2642 Unde
2941 2563 3340 2648 ιιιιῖρὶίυάίὶιιιιιῖ
3373 2592 3506 2646 Audi

1926 2653 2027 2722 hoc
2052 2643 2124 2709 ex‘
2143 2656 2246 2709 alio
2273 2659 2494 2728 psalmo.
2527 2662 2694 2734 ipsius
2738 2667 2876 2721 enim
2907 2678 2957 2723 et
2998 2667 3073 2738 ibi
3108 2691 3204 2728 vox
3242 2688 3321 2730 est
3352 2697 3363 2731 :
3391 2677 3506 2735 Ta:-

1924 2743 2060 2824 dium
2107 2747 2317 2802 detinuit
2346 2767 2454 2816 me,
2488 2769 2519 2804 a
2569 2743 2908 2836 peccatoribus
2933 2763 3317 2835 relinquentilms
3346 2770 3504 2842 legem

1925 2829 2062 2888 tuam
2110 2835 2128 2908 (
2152 2829 2295 2892 Psal.
2325 2829 2506 2928 curnt,
2538 2844 2606 2899 55
2689 2831 2860 2926 Tanto
2885 2847 3016 2922 ergo
3042 2829 3196 2910 taedio
3221 2859 3285 2912 de
3314 2829 3502 2931 huius-

1923 2927 2063 2998 modi
2091 2931 2228 2998 malo
2248 2931 2490 3016 atiectum
2520 2950 2578 2990 se
2608 2937 2706 2991 iste
2732 2936 2876 3018 dicit,
2911 2951 2967 2996 ut
2993 2959 3205 3022 negaret
3235 2954 3500 3010 Consolari

1923 3017 2095 3072 anima
2126 3021 2304 3091 ipsius.
2336 3017 2506 3096 Prope
2535 3028 2877 3085 absorbuerat
2902 3025 3019 3088 eum
3051 3017 3261 3098 taedium
3286 3084 3299 3107 ,
3335 3041 3501 3100 tristi-

1925 3112 2097 3194 tiaque
2123 3129 2243 3168 eum
2275 3120 2489 3196 omnino
2517 3120 2928 3196 irreparabiliter
2954 3143 3235 3201 merserat;
3259 3147 3412 3208 negat
3441 3154 3500 3196 se

1923 3208 2205 3262 consolari.
2239 3210 2373 3276 Quid
2398 3211 2554 3282 igitur
2584 3217 2851 3272 restabat?

1995 3294 2045 3348 6.
2091 3295 2259 3376 [ρετ-δ.
2291 3303 2343 3362 4.
2373 3301 2394 3376 ]
2435 3305 2611 3388 i’riitio
2655 3308 2770 3363 vide
2797 3300 3283 3384 unde'consoletur.
3312 3321 3498 3382 Nonne

1922 3387 2243 3458 sustinuerat
2285 3393 2371 3462 qui
2411 3387 2564 3450 simul
2596 3402 3016 3478 contristarctur,
3047 3417 3101 3462 et
3144 3427 3246 3465 non
3279 3413 3495 3474 iuvenc-

1922 3485 2003 3548 rat
2026 3476 2044 3547 (
2071 3471 2215 3533 Psat.
2246 3498 2426 3548 vam,
2457 3486 2516 3539 21
2548 3487 2605 3558 )?
2629 3471 2744 3559 Quo
2763 3493 2902 3546 enim
2931 3510 2989 3549 se
3026 3509 3249 3557 verteret
3283 3505 3346 3558 ad
3369 3522 3497 3563 con-

1920 3568 2230 3625 solutionem
2256 3616 2268 3638 ,
2295 3591 2450 3645 quem
2480 3569 2827 3662 occupaverat
2859 3586 3065 3642 taedium
3097 3591 3164 3647 de
3203 3571 3497 3664 peccatori-

1920 3661 2019 3714 bus
2058 3665 2474 3744 relinquentibns
2505 3672 2672 3742 legem
2704 3676 2828 3742 Dei?
2872 3677 2986 3748 Quo
3028 3697 3086 3738 se
3119 3661 3386 3743 verteret?
3414 3694 3496 3748 Ad

1922 3746 2186 3826 hominem
2235 3761 2325 3816 Dei
2367 3766 2685 3844 quemlibet?
2733 3770 2786 3823 lu
2838 3746 3014 3830 multis
3058 3776 3167 3846 jam
3220 3781 3353 3839 forte
3397 3746 3498 3841 iste

1920 3860 2169 3924 expertas
2211 3863 2324 3932 erat
2363 3841 2603 3928 magnam
2639 3859 3024 3939 tribulatioiiem
3050 3841 3076 3934 ξ
3097 3885 3201 3939 quo
3239 3874 3405 3944 magis
3431 3875 3498 3932 de

1921 3935 2127 4021 illorum
2165 3942 2334 4026 aliqua
2371 3937 2717 4018 delectatiune
2743 3935 3148 4026 prmsumpserat
3179 3962 3218 4014 ³.
3246 3935 3499 4022 Videntur

1919 4017 2059 4112 enim
2090 4017 2370 4103 aliquando
2393 4038 2521 4108 justi
2553 4041 2814 4113 homines,
2842 4060 2891 4101 et
2916 4051 3173 4118 gaudetur
3199 4054 3263 4108 ad
3293 4074 3412 4124 eos;
3444 4070 3498 4114 et

1920 4109 2137 4177 necesse
2164 4138 2241 4179 est
2265 4137 2320 4181 ut
2346 4132 2656 4204 gaudeatnr,
2688 4139 2935 4206 quoniam
2962 4143 3190 4198 charitas
3220 4149 3335 4203 sine
3360 4168 3460 4220 gan
3479 4184 3495 4194 -

1918 4210 2006 4263 dio
2039 4213 2157 4267 talis
2181 4230 2298 4271 esse
2327 4234 2430 4272 non
2461 4231 2630 4290 potest
2656 4243 2667 4277 :
2696 4227 2746 4279 in
2790 4228 2868 4281 his
2898 4240 3072 4285 autem
3103 4234 3152 4286 iu
3182 4210 3493 4310 qttibusvga-

1916 4302 2059 4358 visus
2086 4315 2167 4384 est
2192 4307 2348 4364 homo
2375 4353 2390 4378 ,
2421 4313 2464 4366 si
2517 4314 2650 4372 forte
2692 4319 2885 4390 aliquid
2930 4339 3145 4392 pravum
3180 4333 3489 4403 contigerit,

1915 4399 2181 4468 quomodo
2211 4417 2351 4472 saepe
2373 4409 2647 4478 contingit,
2677 4423 2868 4482 quanta
2899 4416 3075 4473 laetitia
3104 4421 3172 4476 ibi
3217 4399 3347 4492 erat,
3380 4399 3493 4484 tan;

1917 4494 1999 4541 tus
2044 4506 2242 4546 mmror
2279 4496 2512 4564 accedit;
2546 4499 2614 4553 ita
2661 4512 2714 4556 ut
2762 4517 2942 4575 postea
2984 4511 3091 4578 jam
3124 4515 3301 4570 timeat
3332 4519 3492 4576 homo

1916 4580 2090 4637 laxare
2120 4585 2351 4643 habenas
2377 4591 2708 4662 gaudiorum,
2743 4597 2922 4654 timeat
2943 4616 3000 4656 se
3029 4604 3220 4672 iiL‘lilitll
3242 4615 3487 4666 commit-

1914 4683 2043 4760 tere,
2075 4692 2143 4732 ne
2165 4689 2360 4748 quanto
2388 4686 2553 4754 magis
2585 4686 2785 4743 tutatus
2807 4689 2995 4756 fuerat,
3029 4681 3170 4766 tanto
3197 4703 3424 4771 amplius
3445 4707 3490 4761 si

1910 4766 2105 4836 aliquid
2134 4767 2448 4842 contigerit,
2479 4777 2833 4834 contabescat.
2866 4781 3148 4841 Percussus
3179 4806 3305 4862 ergo
3337 4810 3492 4850 srana

1912 4857 2044 4912 dalis
2069 4861 2457 4920 abundantibus
2480 4908 2495 4934 ,
2528 4870 2672 4937 quasi
2703 4871 2878 4926 multis
2906 4877 3208 4933 vulneribus
3239 4857 3265 4948 ξ
3301 4886 3490 4941 clausit

1907 4966 1967 5028 se
1997 4963 2179 5010 contra
2210 4954 2492 5013 humanam
2519 4963 2954 5032 Consolationem,
2987 4977 3039 5021 et
3067 4959 3273 5044 negavit
3298 4991 3492 5029 conso-

1909 5044 2004 5122 lari
2046 5049 2218 5102 anima
2265 5050 2446 5122 ipsius.
2481 5052 2548 5106 Et
2601 5054 2738 5108 unde
2787 5057 2938 5113 vita?
2985 5063 3123 5117 unde
3172 5068 3488 5136 respiratio?

1912 5136 2107 5192 Mentor
2132 5143 2209 5212 fui
2239 5142 2330 5196 Dei
2357 5187 2369 5208 ,
2397 5155 2441 5196 et
2471 5145 2744 5202 delectatus
2773 5167 2902 5204 smn.
2938 5151 3047 5206 Non
3080 5154 3268 5225 frustra
3299 5176 3486 5218 manus

1909 5238 2140 5298 Operatze
2171 5229 2404 5300 fuerant;
2433 5235 2741 5293 invenerant
2781 5258 3024 5317 magnum
3072 5237 3481 5307 consolatorem.

1907 5317 2020 5398 Non
2072 5322 2391 5393 quiescendo
2443 5343 2632 5381 memor
2680 5332 2756 5402 fui
2808 5331 2938 5399 Dei,
2967 5345 3014 5387 et
3041 5337 3310 5398 delectatus
3349 5361 3481 5400 sum.

1908 5411 2279 5494 Prmdicandus
2307 5416 2463 5496 igitur
2489 5427 2568 5474 est
2599 5411 2758 5490 Deus,
2789 5423 2937 5494 cujus
2956 5426 3054 5480 iste
3094 5444 3297 5485 memor
3318 5434 3485 5491 factus

1969 5633 1988 5664 ι
2013 5633 2085 5682 Sic
2107 5630 2320 5684 melioris
2345 5644 2470 5686 notae
2504 5644 2610 5688 Mss.
2654 5646 2708 5688 At
2739 5638 2870 5698 ιω(ξά
2912 5641 3088 5707 Negavi
3109 5645 3344 5699 consolari
3375 5651 3484 5704 ani-

2195 5710 2225 5742 ι.
3303 5722 3310 5732 .

1904 5709 2382 5873 Wi"i‘a'é'fiiiie3iss.,
2421 5760 2706 5824 quiamagis
2739 5763 2798 5823 de
2821 5761 3015 5818 illorum
3041 5767 3207 5840 aliqua
3229 5772 3484 5834 dilectione

1904 5833 2238 5873 υληῑεδηιιϋσοϊι
2277 5857 2290 5873 ο

1897 5833 2290 5886 prore:untpsct'tu.
2770 5879 2776 5884 _
3123 5833 3131 5882 ἶ
