4076 6480
543 469 649 533 975

544 589 840 647 delectatus
867 594 978 655 est,
1011 593 1066 642 et
1091 585 1396 642 consolatus
1437 583 1490 640 iu
1520 582 1748 656 quadam
1777 582 1985 639 tristitia
2009 624 2024 647 ,
2075 591 2135 638 et

544 679 941 754 quodammodo
969 679 1141 737 salute
1169 678 1449 751 desperata
1493 687 1761 734 recreatus
1793 695 1806 732 :
1839 677 2134 748 praedican-

543 775 643 830 dus
671 783 752 830 est
782 774 941 830 Deus.
969 771 1208 844 Denique
1235 813 1250 837 ,
1277 769 1419 843 quod
1443 770 1746 826 consolatus
1768 779 1849 825 est
1879 770 1978 826 iste
2001 812 2016 838 ,
2042 784 2132 826 se-

545 873 698 920 cutus
753 864 866 933 ait,
900 863 1119 920 Garrivi.
1165 863 1222 919 In
1254 864 1366 934 ipsa
1396 861 1760 918 consolatione
1803 877 2010 916 memor
2050 859 2132 914 fa-

543 964 662 1013 ctus
688 956 802 1022 Dei,
827 955 1122 1013 delectatus
1149 955 1360 1028 garrivi.
1390 955 1526 1024 Quid
1557 963 1660 1020 est,
1692 954 1882 1027 garrivi
1901 955 1928 1008 ?
1953 953 2131 1009 Lmta-

547 1058 634 1105 tus
663 1065 779 1106 sum
804 1090 819 1116 ,
869 1049 1125 1105 exsultavi
1157 1048 1440 1120 loquendo.
1492 1047 1702 1104 Garruli
1745 1047 1887 1104 enim
1917 1047 2134 1118 proprie

510 1205 515 1212 ,
547 1141 798 1196 dicuntur
821 1183 835 1207 ,
865 1142 952 1211 qui
980 1157 1009 1195 a
1039 1142 1197 1211 vulgo
1226 1141 1434 1196 verbosi
1461 1140 1814 1211 appellantur,
1845 1140 2133 1196 accedente

547 1232 726 1288 lmtitia
758 1251 855 1312 nec
900 1235 1136 1290 valentes
1166 1250 1264 1291 uec
1302 1235 1542 1291 volentes
1587 1246 1783 1291 tacere.
1830 1235 2024 1291 Factus
2051 1242 2134 1290 est

546 1326 644 1380 iste
671 1325 807 1381 talis.
843 1327 906 1382 Et
934 1343 1114 1381 rursus
1142 1325 1266 1397 quid
1287 1327 1398 1381 ait?
1425 1326 1490 1380 Et
1516 1326 1698 1400 defecit
1736 1327 1944 1398 spiritus
1968 1344 2128 1382 meas.

616 1417 668 1472 7.
719 1415 738 1490 [
765 1433 893 1472 vers.
921 1415 1014 1490 5.]
1044 1417 1225 1472 Tzrdio
1248 1417 1627 1484 contabuerat,
1660 1416 1941 1472 recolendo
1966 1417 2131 1471 Deum

545 1509 836 1564 delectatus
886 1510 1096 1575 fuerat,
1123 1523 1309 1564 rursus
1353 1507 1635 1576 garriendo
1662 1507 1932 1564 defecerat
1959 1526 1973 1573 ;
2005 1505 2132 1578 quid

545 1601 827 1669 sequitur?
872 1601 1283 1671 Anticipaverunt
1329 1600 1525 1678 vigilias
1568 1616 1738 1654 omnes
1773 1599 1966 1653 inimici
2011 1599 2128 1655 mei.

545 1688 908 1763 Vigilaverunt
937 1705 1098 1762 super
1139 1707 1222 1746 me
1255 1706 1442 1747 omnes
1486 1691 1684 1746 inimici
1716 1691 1819 1746 mei
1858 1709 1870 1746 :
1900 1691 2018 1760 plus
2045 1704 2132 1746 me

545 1784 894 1856 vigilaverunt
920 1802 933 1849 ;
959 1784 1221 1854 vigilando
1246 1792 1750 1862 praeoccupaverunt
1771 1799 1873 1839 me.
1898 1783 1996 1839 Ubi
2024 1799 2130 1838 non

542 1877 865 1946 muscipulas
899 1877 1138 1946 ponunt?
1186 1875 1373 1932 Nonne
1403 1877 1606 1947 vigilias
1656 1889 1842 1930 omnes
1869 1875 2129 1945 anticipa-

543 1977 737 2023 verunt
765 1969 780 2000 ¹
811 1967 1006 2022 inimici
1035 1967 1174 2022 mei?
1195 1967 1294 2034 Qui
1327 1976 1449 2021 sunt
1478 1966 1618 2022 enim
1650 1965 1734 2020 isti
1765 1965 1999 2031 inimici,
2029 1965 2129 2019 nisi

541 2062 619 2117 illi
649 2061 714 2117 de
741 2062 932 2131 quibus
957 2059 1087 2114 dicit
1117 2059 1402 2130 Apostolus
1433 2077 1444 2112 :
1479 2057 1599 2112 Non
1629 2067 1698 2114 est
1722 2059 1856 2112 vobis
1883 2057 2129 2111 collucta-

541 2154 610 2206 tio
635 2153 874 2208 adversus
894 2168 1094 2206 carnem
1122 2161 1167 2205 et
1187 2152 1484 2221 sanguinem
1504 2166 1524 2214 ;
1553 2150 1640 2203 sed
1675 2149 1917 2204 adversus
1941 2148 2132 2216 princi-

541 2253 688 2313 patus
707 2285 721 2308 ,
752 2253 798 2296 et
832 2251 1096 2312 potestates
1117 2284 1130 2307 ,
1159 2250 1208 2294 et
1247 2251 1462 2295 rectores
1493 2241 1668 2294 mundi
1695 2241 2009 2294 tenebrarum
2037 2239 2131 2292 Ita-

541 2353 672 2399 rum,
705 2336 942 2390 adversus
970 2333 1259 2403 spiritualia
1275 2333 1509 2402 nequitia:
1530 2335 1583 2386 in
1610 2332 1888 2386 celestibus
1912 2332 2126 2404 (Ep/tes.

539 2443 626 2493 vr,
656 2426 803 2496 12)?
850 2426 992 2493 Ergo
1040 2424 1296 2484 adversus
1342 2423 1608 2478 diabolum
1657 2432 1711 2478 ct
1755 2423 1970 2493 angelos
2014 2423 2130 2493 ejus

537 2518 845 2574 inimicitias
869 2531 1202 2572 exercemus.
1228 2515 1484 2570 Rectores
1501 2530 1594 2569 eos
1620 2513 1801 2568 mundi
1824 2514 1976 2578 dixit,
2003 2514 2126 2584 quia

538 2611 640 2681 ipsi
673 2619 860 2680 regunt
885 2607 1173 2664 dilectores
1201 2606 1383 2662 mundi
1415 2625 1428 2660 :
1459 2621 1564 2662 non
1591 2606 1730 2661 euim
1753 2614 1944 2676 regunt
1970 2621 2127 2660 mun-

537 2702 662 2756 dum
692 2743 706 2765 ,
739 2700 886 2770 quasi
919 2707 1156 2754 rectores
1174 2697 1281 2752 sint
1308 2697 1430 2754 εωιί
1453 2705 1507 2752 et
1537 2707 1724 2763 terrae;
1752 2696 1845 2753 sed
1873 2695 2126 2751 mundum

537 2800 843 2864 peceatores
873 2790 1022 2845 dicit.
1047 2788 1118 2843 Et
1141 2789 1358 2844 mundus
1386 2806 1499 2844 eum
1528 2805 1629 2843 non
1659 2789 1890 2858 cognovit
1921 2791 1939 2857 (
1963 2786 2124 2842 Joan.

533 2881 775 2954 1,10):
821 2883 978 2936 talem
1026 2879 1282 2936 mundum
1333 2880 1407 2935 illi
1452 2887 1680 2950 regunt,
1741 2879 1830 2949 qui
1883 2895 1989 2933 non
2031 2894 2126 2933 co-

533 2975 784 3043 gnoscit’
810 2970 1100 3027 Christum.
1131 2971 1328 3027 Contra
1379 2970 1475 3025 hos
1520 2969 1778 3025 habemus
1825 2969 2125 3024 inimicitias

533 3075 838 3136 perpetuas.
869 3063 1108 3132 Denique
1151 3061 1411 3132 quaslibet
1459 3060 1656 3116 habeas
1685 3058 1987 3114 inimicitias
2031 3057 2126 3114 ad-

536 3151 724 3211 versus
750 3154 1043 3220 hominem,
1067 3153 1268 3224 cogitas
1289 3152 1472 3216 ﬁnire;
1504 3151 1616 3204 sive
1645 3149 1786 3204 illius
1804 3151 2123 3206 satisfactio-

535 3263 635 3315 ne,
662 3247 704 3303 si
733 3248 845 3317 ipse
873 3254 924 3301 te
953 3245 1122 3310 lzcsit;
1155 3245 1266 3299 sive
1295 3253 1402 3307 tua,
1434 3243 1480 3298 si
1505 3251 1557 3296 tu
1585 3241 1798 3309 laesisti;
1829 3243 1940 3298 sive
1959 3243 2123 3298 alter-

534 3341 704 3395 utrius
728 3381 742 3405 ,
794 3340 836 3393 si
878 3353 971 3393 vos
1009 3337 1236 3392 invicem
1282 3333 1524 3400 ltesistis;
1571 3333 1781 3389 laboras
1819 3335 2124 3390 satisfacere

531 3440 586 3487 et
622 3430 964 3488 concordare
994 3447 1006 3483 :
1035 3443 1157 3484 cum
1202 3427 1414 3482 diabolo
1460 3433 1637 3480 autem
1686 3435 1740 3481 et
1776 3425 1978 3496 angelis
2006 3427 2122 3495 ejus

533 3526 676 3581 nulla
703 3523 986 3581 concordia
1015 3531 1112 3579 est.
1151 3521 1254 3592 Ipsi
1280 3520 1431 3575 nobis
1453 3519 1688 3575 invident
1715 3535 1933 3589 regnum
1955 3519 2122 3574 caelo-

529 3634 670 3674 rum.
704 3617 980 3672 Mitescere
1009 3614 1228 3670 omnino
1256 3627 1379 3683 erga
1431 3627 1527 3667 uos
1555 3626 1662 3666 non
1706 3619 1948 3681 possunt,
1995 3610 2116 3680 quia

529 3713 927 3784 anticipaverunt
950 3710 1146 3782 vigilias
1169 3723 1340 3762 omnes
1360 3707 1550 3760 inimici
1575 3705 1689 3759 mei.
1722 3704 1846 3758 Plus
1877 3703 1952 3758 illi
1982 3703 2117 3774 vigi-

530 3805 776 3858 laverunt
806 3803 871 3857 ad
895 3799 1290 3870 decipiendum,
1319 3813 1476 3868 quam
1498 3812 1595 3864 ego
1616 3795 1680 3849 ad
1709 3793 2115 3848 custodiendum

531 3912 617 3950 me
649 3913 662 3948 :
697 3895 1107 3964 Anticipaveruut
1146 3892 1345 3961 vigilias
1387 3906 1559 3942 omnes
1606 3887 1796 3940 inimici
1822 3887 1934 3940 mei.
1967 3887 2115 3954 Quo-

530 3986 690 4042 modo
719 3987 862 4040 enim
909 4001 1013 4038 non
1059 3983 1480 4052 anticipaverunt
1521 3979 1753 4049 vigilias,
1781 3979 1868 4048 qui
1918 3979 2114 4048 ubique

530 4076 820 4140 scandala,
878 4075 1073 4146 ubique
1124 4071 1446 4142 museipulas
1500 4070 1832 4140 posuerunt?
1871 4069 2112 4124 deium

527 4169 665 4222 inest
706 4167 851 4222 cordi
882 4184 896 4231 ;
939 4165 1282 4221 metuendum
1314 4173 1394 4218 est
1436 4179 1502 4216 ue
1541 4161 1824 4217 absorbent
1854 4162 2064 4217 tristitia
2093 4180 2108 4218 :

527 4260 580 4314 in
603 4259 783 4313 hutitia
815 4257 1155 4313 metuendum
1185 4265 1268 4312 est
1295 4270 1361 4310 ne
1401 4253 1682 4324 garriendo
1706 4253 1918 4310 deficiat
1950 4255 2108 4324 spiri-

523 4362 609 4406 tus
635 4361 754 4406 tuus
788 4369 802 4406 :
842 4350 1253 4420 Anticipaverunt
1299 4347 1496 4418 vigilias
1547 4362 1718 4400 omnes
1767 4347 1959 4400 inimici
1989 4347 2106 4401 uici.

526 4446 762 4515 Denique
785 4444 837 4498 in
867 4445 977 4513 ipsa
1004 4443 1336 4514 garrulitate,
1366 4441 1489 4495 dum
1518 4441 1751 4511 loqueris
1772 4483 1786 4508 ,
1812 4451 1866 4496 et
1889 4455 2106 4498 securus

525 4537 753 4606 loqueris
781 4578 795 4600 ,
842 4543 1037 4606 quanta
1088 4535 1398 4604 plerumque
1428 4533 1767 4587 inveniuntur
1791 4549 1909 4603 qua:
1944 4533 2108 4588 velint

524 4639 706 4684 tenere
732 4629 927 4683 inimici
955 4637 1009 4683 et
1031 4625 1442 4698 reprehendere,
1472 4625 1610 4681 unde
1633 4626 1792 4681 velint
1809 4627 1968 4681 etiam
1994 4626 2106 4682 cri~

520 4724 708 4777 minari
757 4733 810 4778 et
853 4721 1164 4778 calumniari
1207 4720 1363 4776 :lloc
1405 4718 1573 4785 dixit,
1609 4717 1734 4773 illud
1763 4719 1966 4786 sensit,
2001 4719 2103 4776 hoc

517 4814 726 4869 locutus
754 4814 872 4869 est?
915 4813 1047 4882 Quid
1099 4811 1257 4868 faciat
1284 4811 1443 4866 homo
1463 4852 1476 4875 ,
1509 4811 1605 4864 uisi
1636 4810 1774 4880 quod
1820 4813 2101 4882 sequitur?

516 4905 850 4961 Conturbatus
903 4921 1049 4971 sum,
1080 4913 1127 4958 et
1175 4919 1276 4956 non
1315 4918 1426 4956 sum
1476 4901 1688 4954 locutus.
1739 4901 2100 4958 Couturbatus

511 5012 670 5068 ergo,
702 5011 770 5052 ne
815 4995 866 5050 in
897 4995 1011 5064 ejus
1046 4993 1356 5064 garrulitate
1388 4991 1583 5046 iuituici
1629 4992 1976 5061 anticipantes
2020 4995 2100 5050 vi-

508 5089 683 5160 gilias,
717 5087 1004 5143 salumuias
1028 5094 1328 5156 quaererent
1355 5094 1409 5139 et
1436 5083 1755 5150 invenirent,
1779 5101 1883 5142 non
1911 5097 1994 5142 est
2017 5087 2098 5144 lo-

509 5193 681 5236 cutus.
706 5181 982 5252 Nunquam
1003 5189 1176 5234 tamen
1205 5179 1304 5234 iste
1335 5179 1637 5234 transiliens
1658 5189 1892 5234 cessaret
1920 5180 1970 5235 in
1998 5197 2091 5236 se:

507 5287 560 5332 et
586 5277 631 5331 si
661 5277 794 5331 forte
833 5291 863 5330 a
901 5275 1209 5347 garrulitate
1246 5274 1503 5339 cessavit,
1543 5289 1646 5344 qua
1676 5273 2015 5344 subrepserat
2042 5275 2090 5330 ei

506 5367 572 5423 de
599 5367 710 5438 ipsa
739 5367 1003 5422 locutione
1029 5367 1237 5436 placere
1265 5365 1603 5430 hominibus;
1633 5380 1735 5420 non
1775 5373 1950 5421 tamen
1996 5365 2092 5422 de-

503 5451 676 5526 stitit,
705 5473 808 5512 non
847 5457 1080 5513 cessavit
1118 5466 1177 5513 ut
1205 5468 1485 5514 conaretur
1513 5468 1567 5513 et
1596 5456 1697 5514 hoc
1726 5457 1898 5529 ipsum
1946 5469 2090 5516 tran-

502 5550 778 5607 scendere.
808 5550 874 5605 Et
901 5550 1028 5621 quid
1057 5550 1231 5606 dicit?

571 5643 623 5698 8.
665 5641 686 5716 [
716 5658 844 5696 vers.
874 5641 928 5696 6.
953 5639 977 5715 ]
1007 5641 1230 5713 Cogitavi
1255 5641 1360 5694 dies
1384 5639 1630 5711 antiquos.
1673 5639 1789 5696 Jam
1818 5641 1916 5697 iste
1944 5643 2088 5698 velut

570 5781 586 5812 ⁸
613 5780 686 5830 sic
709 5793 758 5828 tn
782 5785 886 5828 Mss.
923 5786 977 5829 Αι
1001 5781 1048 5830 in
1069 5778 1203 5838 Μὰ,
1237 5778 1616 5845 anticipaverunt
1638 5792 1801 5832 omnes
1834 5792 1852 5831 :
1885 5788 1937 5845 et
1958 5781 2086 5845 apud

496 5847 632 5912 ex}.
653 5850 748 5912 est,
774 5847 958 5904 pontes,
982 5855 1172 5904 genere
1191 5850 1242 5892 et
1264 5841 1693 5892 casu'coneordans
1706 5857 1834 5905 cum,
1849 5841 2080 5906 echtlzroi,

495 5913 736 6028 ""."""r.aij.,
755 5971 1054 6033 cognoscunt.
1080 5965 1262 6031 Aliquot
1282 5979 1401 6016 vero
1415 5973 1542 6028 Mss,
1567 5967 1816 6033 cognouit.

1780 466 1839 526 S.
1881 464 2249 526 AUGUSTlNl
2287 466 2586 526 EPlSCOPl

3721 476 3808 535 976

2241 584 2331 654 qui
2357 585 2699 655 vapulaverat
2728 582 2878 651 foris,
2906 581 3023 639 tulit
3047 597 3106 640 se
3134 583 3294 654 intro,
3323 583 3374 640 in
3399 587 3691 644 secretario
3717 605 3809 646 sua:

2239 677 2433 732 mentis
2461 677 2588 748 agit.
2617 676 2686 732 Et
2722 675 2850 748 quid
2879 676 2953 733 ibi
3001 685 3124 750 agat
3155 676 3298 734 dicat
3343 679 3500 736 nobis
3532 698 3546 733 :
3599 680 3809 754 Cogitavi

2238 768 2344 822 dies
2371 771 2619 839 antiquos.
2649 770 2791 826 Bene
2819 779 2904 826 est
2945 770 3040 826 illi.
3068 769 3257 827 Videte
3298 788 3418 843 quae
3440 775 3641 845 cogitat
3658 815 3674 840 ,
3697 791 3810 848 rogo

2240 874 2358 915 vos.
2389 859 2534 917 Intus
2575 870 2690 925 est.
2722 861 2862 932 apud
2895 875 2956 918 se
2995 864 3194 933 cogitat
3218 863 3335 920 dies
3360 866 3629 936 antiquos.
3659 866 3811 925 Nemo

2238 953 2312 1010 illi
2334 956 2479 1022 dicit,
2505 955 2640 1011 Male
2661 957 2874 1023 dixisti;
2905 971 3064 1013 nemo
3088 956 3166 1012 illi
3191 957 3338 1023 dicit,
3364 958 3587 1014 Multum
3618 960 3812 1026 locutus

2238 1061 2329 1112 es;
2357 1062 2514 1103 nemo
2558 1048 2633 1102 illi
2665 1047 2829 1114 dicit,
2860 1048 3116 1104 Perverse
3143 1049 3377 1104 sensisti.
3411 1050 3485 1105 Ita
3513 1051 3587 1106 sit
3609 1052 3660 1107 ei
3691 1052 3812 1110 bene

2237 1153 2441 1208 secum,
2463 1140 2682 1211 adjuvet
2705 1141 2844 1196 Deus
2877 1159 2890 1195 :
2915 1141 3109 1212 cogitet
3134 1141 3253 1198 dies
3294 1143 3542 1213 antiquos
3560 1185 3576 1211 ,
3606 1153 3664 1199 et
3689 1145 3811 1201 dicat

2239 1231 2392 1286 nobis
2422 1232 2474 1286 in
2519 1232 2634 1303 ipso
2661 1233 2912 1288 interiore
2936 1233 3182 1289 cubiculo
3207 1249 3306 1289 suo
3337 1233 3465 1304 quid
3491 1237 3697 1306 egerit,
3722 1252 3812 1307 quo

2239 1325 2574 1394 pervenerit,
2606 1325 2731 1396 quid
2769 1312 3079 1382 transilierit
3101 1366 3116 1392 ,
3146 1326 3238 1382 ubi
3264 1328 3522 1383 manserit
3556 1346 3571 1383 :
3600 1327 3814 1400 Cogitavi

2237 1415 2343 1470 dies
2359 1417 2610 1485 antiquos,
2633 1426 2678 1472 et
2691 1435 2938 1472 annorum
2957 1429 3256 1473 retentorum
3274 1436 3461 1473 memor
3477 1420 3570 1492 fui.
3592 1420 3694 1489 Qui
3707 1432 3816 1477 sunt

2243 1508 2369 1563 anni
2387 1509 2570 1564 teterni
2590 1509 2810 1581 iMagua
2836 1511 3086 1581 cogitatio
3109 1513 3123 1565 Σ
3145 1511 3332 1567 Videte
3355 1511 3401 1566 si
3419 1512 3530 1566 vult
3558 1513 3658 1566 ista
3679 1513 3814 1584 cogi~

2238 1598 2408 1665 talio,
2458 1599 2558 1653 nisi
2608 1615 2856 1671 magnum
2907 1601 3200 1657 silentium.
3231 1601 3313 1657 Ab
3345 1602 3490 1657 omni
3532 1603 3816 1660 forinsecus

2236 1691 2459 1761 strepitu
2481 1732 2494 1755 ,
2525 1691 2592 1747 ab
2620 1691 2766 1747 omni
2804 1708 2985 1749 rerum
3033 1693 3384 1749 humanarum
3429 1694 3662 1750 tumultu
3691 1697 3816 1754 intus

2237 1783 2574 1852 requiescat,
2605 1784 2694 1855 qui
2741 1786 2976 1855 cogitare
3021 1785 3135 1840 vult
3181 1800 3352 1842 annos
3390 1787 3522 1842 istos
3575 1797 3813 1846 aeternos.

2235 1875 2499 1947 Numquid
2539 1878 2662 1932 anni
2709 1878 2761 1933 in
2792 1878 2984 1948 quibus
3010 1893 3194 1935 sumus
3222 1879 3411 1935 aeterni
3440 1888 3569 1936 sunt
3594 1922 3610 1948 ,
3648 1892 3739 1938 aut
3769 1883 3814 1938 iu

2235 1969 2428 2038 quibus
2457 1968 2673 2026 fuerunt
2714 1970 2946 2041 majores
2989 1972 3192 2039 nostri,
3237 1982 3328 2028 aut
3365 1973 3419 2028 in
3446 1975 3643 2045 quibus
3670 1975 3817 2032 futuri

2235 2071 2357 2115 sunt
2389 2062 2589 2131 posteri
2632 2063 2850 2118 nostri?
2897 2064 3050 2120 Absit
3097 2074 3155 2119 ut
3195 2065 3384 2121 aetemi
3432 2067 3815 2125 existimentur.

2235 2152 2371 2222 Quid
2397 2154 2540 2209 enim
2569 2154 2637 2210 de
2688 2155 2770 2210 his
2799 2156 2956 2210 annis
2989 2157 3205 2212 manet?
3233 2156 3375 2213 Ecce
3403 2157 3673 2229 loquendo
3697 2160 3816 2216 dici-

2235 2263 2353 2302 mus
2372 2290 2388 2315 ,
2422 2248 2533 2303 Hoc
2567 2265 2738 2313 anno;
2762 2258 2816 2306 et
2835 2250 2961 2320 quid
2990 2261 3236 2308 tenemus
3260 2253 3330 2309 de
3361 2253 3462 2310 hoc
3485 2270 3660 2322 anno,
3688 2273 3817 2328 prte-

2237 2348 2317 2394 ter
2341 2355 2505 2394 unum
2550 2341 2690 2397 diem
2738 2342 2791 2397 in
2818 2359 2924 2414 quo
2961 2359 3145 2401 sumus
3166 2345 3191 2397 ?
3218 2344 3350 2400 Nam
3379 2346 3677 2416 superiores
3703 2349 3816 2404 dies

2234 2433 2356 2486 anni
2377 2431 2536 2502 hujus
2549 2433 2658 2504 jam
2683 2435 3029 2502 transierunt,
3052 2451 3152 2492 nec
3167 2444 3432 2502 tenentur;
3451 2437 3610 2492 futuri
3631 2447 3814 2495 autem

2236 2523 2470 2578 nondum
2521 2534 2800 2580 venerunt.
2851 2525 2906 2581 In
2945 2543 3051 2582 uno
3076 2527 3164 2583 die
3207 2542 3422 2596 sumus,
3457 2538 3512 2587 et
3547 2528 3776 2586 dicimus
3799 2571 3817 2598 ,

2235 2613 2348 2669 Hoc
2391 2629 2534 2670 anno
2564 2633 2578 2670 :
2613 2616 2720 2672 imo
2749 2617 2866 2684 die,
2897 2617 3065 2674 llodie
3089 2660 3105 2686 ,
3151 2618 3196 2674 si
3233 2619 3432 2690 aliquid
3477 2620 3558 2675 vis
3584 2636 3817 2690 praesens

2233 2707 2434 2763 dicere.
2465 2707 2598 2763 Nam
2627 2709 2694 2764 de
2728 2718 2838 2765 toto
2858 2725 3000 2764 anno
3025 2710 3150 2781 quid
3177 2726 3415 2781 praesens
3444 2721 3595 2768 tenes
3616 2713 3641 2766 ἓ
3659 2713 3818 2782 Quid-

2233 2799 2357 2868 quid
2387 2799 2454 2856 de
2497 2800 2586 2855 illo
2625 2803 2953 2872 praeteritum
2985 2810 3092 2866 est,
3117 2801 3227 2872 jam
3279 2819 3386 2858 non
3415 2814 3533 2870 est;
3565 2803 3817 2875 quidquid

2231 2890 2298 2946 de
2325 2891 2416 2946 illo
2446 2891 2681 2948 futurum
2731 2902 2849 2958 est,
2895 2893 3132 2948 nondum
3180 2903 3263 2950 est
3303 2895 3661 2965 :quomodo,
3711 2895 3818 2953 Hoc

2231 2985 2417 3040 anno?
2438 2983 2660 3057 Corrige
2686 2986 3009 3042 locutionem
3045 2986 3270 3053 :llodie,
3297 2986 3403 3042 die.
3435 2987 3634 3043 Verum
3664 2988 3814 3055 dicis,

2230 3075 2420 3142 Hodie,
2449 3078 2559 3147 jam
2585 3078 2779 3133 dicam.
2802 3078 3008 3134 Rursus
3037 3077 3212 3134 ethoc
3231 3078 3468 3146 attende,
3493 3081 3634 3151 quod
3664 3081 3818 3137 hodie

2231 3167 2377 3232 horae
2403 3170 2674 3225 matutinae
2690 3171 2800 3241 jam
2823 3171 3166 3237 transierunt,
3191 3172 3338 3228 horae
3365 3173 3555 3227 futurae
3579 3173 3817 3228 nondum

2229 3268 2506 3315 venerunt.
2540 3261 2605 3316 Et
2635 3261 2737 3317 hoc
2761 3276 2890 3332 ergo
2913 3263 3121 3334 corrige
3147 3280 3167 3329 ;
3195 3263 3304 3319 Hac
3330 3265 3457 3319 hora
3483 3305 3501 3331 ,
3526 3263 3634 3320 dic.
3668 3263 3817 3320 Etde

2228 3353 2327 3407 ista
2376 3351 2506 3408 hora
2553 3353 2678 3424 quid
2729 3353 2923 3410 tenes?
2965 3353 3228 3410 Momenta
3268 3347 3385 3426 ejus
3425 3356 3670 3427 quzedam
3705 3357 3817 3428 jam

2227 3445 2581 3511 transierunt;
2609 3461 2727 3517 qua:
2757 3445 2934 3502 futura
2959 3456 3084 3503 sunt
3121 3448 3356 3504 nondum
3387 3461 3666 3506 venerunt.
3706 3451 3817 3508 Hoc

2226 3547 2516 3604 momento,
2549 3538 2653 3594 dic.
2683 3539 2801 3606 Quo
2831 3541 3146 3596 momento?
3172 3541 3305 3598 Dum
3329 3543 3559 3614 syllabas
3600 3545 3813 3616 loquor,

2225 3630 2269 3683 si
2294 3629 2427 3684 duas
2454 3631 2686 3701 syllabas
2709 3631 2902 3700 dicam,
2926 3634 3091 3689 altera
3117 3650 3220 3690 nou
3243 3643 3418 3703 sonat,
3447 3637 3548 3691 nisi
3575 3652 3701 3692 cum
3727 3639 3814 3695 illa

2225 3722 2496 3777 transierit
2526 3741 2538 3776 :
2571 3723 2680 3792 ipsa
2710 3723 2941 3796 denique
2969 3741 3071 3781 una
3100 3727 3299 3798 syllaba
3327 3769 3343 3795 ,
3367 3727 3411 3783 si
3441 3727 3573 3784 duas
3605 3730 3816 3788 litteras

2225 3814 2438 3884 habeat,
2469 3832 2573 3871 non
2601 3827 2755 3872 sonat
2780 3819 3045 3888 posterior
3075 3819 3250 3876 littera
3283 3821 3384 3876 nisi
3421 3823 3566 3892 prior
3595 3823 3814 3880 abierit.

2221 3908 2357 3977 Quid
2388 3925 2514 3979 ergo
2547 3920 2788 3965 tenemus
2818 3911 2884 3966 de
2906 3911 2988 3966 his
3012 3913 3167 3967 anuis
3193 3915 3205 3967 ε
3238 3913 3375 3968 Anni
3409 3914 3492 3968 isti
3519 3915 3814 3971 mutabiles

2221 4011 2346 4055 sunt
2373 4019 2387 4054 :
2420 4002 2545 4056 anni
2577 4003 2762 4057 atterui
2791 4003 3057 4074 cogitandi
3081 4011 3206 4058 sunt
3225 4045 3240 4071 ,
3267 4005 3390 4059 auni
3412 4006 3503 4076 qui
3526 4015 3695 4071 stant,
3719 4007 3814 4077 qui

2219 4109 2326 4148 non
2374 4095 2708 4151 venientibus
2751 4105 2806 4151 et
2830 4095 3145 4151 abuentibus
3192 4096 3382 4153 diebus
3426 4108 3808 4169 peraguntur;

2216 4186 2341 4240 anni
2393 4186 2462 4242 de
2501 4185 2692 4256 quibus
2734 4186 2842 4241 alio
2887 4187 3004 4242 loco
3043 4187 3313 4257 Scriptura
3362 4188 3492 4243 dicit
3538 4190 3695 4245 Deo:
3732 4189 3814 4246 Tu

2217 4288 2382 4332 autem
2423 4279 2558 4332 idem
2583 4279 2691 4347 ipse
2717 4295 2787 4343 es,
2821 4288 2867 4332 et
2909 4279 3032 4333 armi
3079 4279 3152 4333 tui
3192 4297 3291 4334 non
3319 4281 3552 4350 deﬁcient
3599 4283 3620 4350 (
3650 4281 3808 4338 Psai.

2214 4385 2264 4424 Cl
2285 4411 2298 4434 ,
2330 4370 2399 4424 98
2424 4368 2465 4441 ).
2509 4369 2617 4424 Hos
2643 4385 2814 4426 annos
2842 4371 2941 4426 iste
2970 4371 3308 4436 transiliens,
3341 4389 3444 4428 non
3473 4375 3525 4428 in
3573 4375 3812 4445 garruli-

2216 4470 2324 4516 tate
2354 4461 2671 4530 forinsecus,
2700 4461 2792 4517 sed
2817 4462 2868 4518 in
2898 4463 3108 4519 silentio
3137 4465 3390 4536 cogitavit
3417 4484 3430 4520 :
3455 4465 3524 4520 Et
3547 4484 3812 4522 annorum

2210 4567 2512 4609 wteruorttm
2537 4572 2728 4610 memor
2753 4556 2847 4627 fui.

2280 4647 2332 4702 9.
2364 4645 2515 4719 [vers.
2541 4645 2620 4720 7.]
2653 4645 2717 4700 Et
2741 4648 3006 4702 meditatus
3035 4665 3147 4702 sum
3176 4658 3319 4703 nocte
3344 4667 3455 4704 cum
3484 4652 3637 4706 corde
3667 4669 3806 4708 meo.

2207 4737 2374 4793 Nemo
2402 4739 2476 4794 illi
2504 4739 2864 4795 calumniosus
2887 4740 3180 4795 tendiculas
3203 4743 3486 4797 verborum
3515 4745 3807 4814 requirit‘,

2208 4829 2259 4885 in
2287 4830 2448 4886 corde
2477 4847 2575 4886 suo
2604 4831 2890 4887 meditatus
2918 4840 3018 4888 est.
3047 4831 3363 4887 Garricbam.
3387 4833 3529 4888 Ecce
3560 4843 3644 4888 est
3673 4833 3810 4890 illud

2204 4924 2426 4993 garrire.
2473 4924 2706 4978 Observa
2755 4924 2970 4988 iterum,
3019 4939 3088 4980 ne
3129 4924 3340 4980 deficiat
3381 4925 3606 4995 spiritus
3651 4935 3808 4980 tuus.

2202 5017 2339 5084 Non,
2370 5017 2540 5087 inquit
2562 5036 2574 5070 :
2601 5031 2705 5072 non
2727 5017 2804 5073 sic
2823 5017 3119 5087 garrieham
3141 5018 3292 5088 quasi
3312 5017 3475 5086 foris;
3504 5019 3614 5074 alio
3635 5019 3811 5075 modo

2202 5125 2361 5166 nunc.
2394 5110 2672 5179 Quomodo
2699 5112 2878 5166 nunc?
2907 5109 3230 5177 Garricbam,
3260 5121 3307 5166 et
3337 5112 3604 5167 scrutabar
3635 5113 3808 5182 spiri-

2201 5212 2307 5257 tum
2351 5219 2534 5257 meum.
2562 5201 2618 5258 Si
2649 5211 2972 5258 scrutaretur
2997 5204 3097 5258 iste
3123 5213 3316 5259 terram
3342 5244 3358 5271 ,
3389 5213 3446 5258 ut
3471 5220 3635 5260 venas
3676 5203 3806 5260 auri

2199 5296 2486 5360 inveniret,
2531 5309 2690 5351 nemo
2718 5310 2838 5350 eum
2869 5294 3116 5366 desipere
3155 5296 3391 5362 diceret;
3425 5296 3536 5351 imo
3579 5296 3807 5366 sapien-

2199 5396 2303 5444 tem
2348 5386 2498 5442 multi
2536 5387 2776 5442 dicerent
2796 5429 2811 5453 ,
2840 5387 2930 5458 qui
2959 5388 3115 5443 vellet
3141 5387 3207 5443 ad
3246 5402 3432 5441 aurum
3465 5387 3752 5457 pervenire
3781 5403 3802 5442 :

2195 5489 2391 5550 quanta
2425 5479 2587 5534 homo
2616 5479 2776 5535 habet
2804 5479 2980 5546 intus,
3021 5489 3077 5535 et
3113 5494 3216 5534 non
3244 5478 3414 5534 fodit?
3439 5479 3808 5535 Scrutabatur

2194 5579 2294 5634 iste
2321 5579 2561 5648 Spiritum
2592 5593 2763 5642 suum,
2797 5587 2850 5633 et
2877 5591 2997 5632 cum
3027 5576 3143 5646 ipso
3180 5575 3367 5646 spiritu
3395 5589 3495 5630 suo
3524 5574 3804 5644 loqueba-

2193 5658 2300 5739 tur,
2329 5679 2383 5726 et
2412 5671 2462 5724 in
2496 5670 2607 5740 ipsa
2639 5670 2906 5724 locutione
2933 5669 3218 5738 garriebat.
3261 5667 3506 5738 Seipsum
3551 5668 3806 5722 interro-

2191 5765 2365 5837 gabat,
2399 5764 2631 5834 scipsum
2663 5762 3031 5830 examinabat,
3074 5762 3124 5816 iu
3155 5777 3212 5817 se
3236 5761 3400 5833 judex
3429 5772 3568 5817 erat.
3600 5761 3670 5816 Et
3697 5775 3807 5817 se-

2255 5903 2282 5966 !
2300 5902 2474 5966 Regius
2508 5904 2609 5966 his;
2639 5907 2706 5966 Ne
2724 5897 2851 5948 enint
2885 5895 2968 5947 ille
2988 5895 3303 5966 calianuiosas
3343 5897 3492 5963 (forte
3514 5893 3775 5952 cath

2192 5965 2294 6031 sus)
2325 5959 2592 6016 tendiculas
2610 5961 2859 6013 verborum
2885 5959 3166 6028 requireret.
