  <div class='ocr_page' id='page_1' title='image "/cluster/home/n/w/nwhite01/storage/ocr_20150623/36/hvd.32044015471469/494.png"; bbox 0 0 4076 6460; ppageno 0'>
   <div class='ocr_carea' id='block_1_1' title="bbox 287 365 2445 433">
    <p class='ocr_par' dir='ltr' id='par_1_1' title="bbox 287 365 2445 433">
     <span class='ocr_line' id='line_1_1' title="bbox 287 365 2445 433; baseline -0.005 0"><span class='ocrx_word' id='word_1_1' title='bbox 287 376 349 433; x_wconf 77' lang='lat'><strong>77</strong></span> <span class='ocrx_word' id='word_1_2' title='bbox 1309 367 1708 428; x_wconf 75' lang='lat' dir='ltr'><strong>ENARRATIO</strong></span> <span class='ocrx_word' id='word_1_3' title='bbox 1746 365 1812 426; x_wconf 86' lang='lat' dir='ltr'><strong>IN</strong></span> <span class='ocrx_word' id='word_1_4' title='bbox 1851 365 2172 425; x_wconf 77' lang='lat' dir='ltr'><strong>PSALMUM</strong></span> <span class='ocrx_word' id='word_1_5' title='bbox 2213 365 2445 424; x_wconf 80' lang='lat' dir='ltr'><strong>LXXVI.</strong></span> 
     </span>
    </p>
   </div>
   <div class='ocr_carea' id='block_1_2' title="bbox 255 486 1831 566">
    <p class='ocr_par' dir='ltr' id='par_1_2' title="bbox 255 486 1831 566">
     <span class='ocr_line' id='line_1_2' title="bbox 255 486 1831 566; baseline -0.003 -18"><span class='ocrx_word' id='word_1_6' title='bbox 255 492 428 566; x_wconf 94' lang='lat' dir='ltr'><strong>quitur</strong></span> <span class='ocrx_word' id='word_1_7' title='bbox 466 506 482 547; x_wconf 92' lang='lat'><strong>:</strong></span> <span class='ocrx_word' id='word_1_8' title='bbox 514 486 792 545; x_wconf 88' lang='lat' dir='ltr'><strong>Scrutabar</strong></span> <span class='ocrx_word' id='word_1_9' title='bbox 826 487 1061 559; x_wconf 88' lang='lat' dir='ltr'><strong>spiritum</strong></span> <span class='ocrx_word' id='word_1_10' title='bbox 1103 504 1289 544; x_wconf 87' lang='lat' dir='ltr'><strong>meum.</strong></span> <span class='ocrx_word' id='word_1_11' title='bbox 1321 488 1637 545; x_wconf 84' lang='lat' dir='ltr'><strong>Timendum</strong></span> <span class='ocrx_word' id='word_1_12' title='bbox 1682 503 1749 544; x_wconf 89' lang='lat' dir='ltr'><strong>ne</strong></span> <span class='ocrx_word' id='word_1_13' title='bbox 1779 488 1831 543; x_wconf 93' lang='lat' dir='ltr'><strong>in</strong></span> 
     </span>
    </p>
   </div>
   <div class='ocr_carea' id='block_1_3' title="bbox 257 579 1838 658">
    <p class='ocr_par' dir='ltr' id='par_1_3' title="bbox 257 579 1838 658">
     <span class='ocr_line' id='line_1_3' title="bbox 257 579 1838 658; baseline -0.004 -16"><span class='ocrx_word' id='word_1_14' title='bbox 257 587 370 658; x_wconf 93' lang='lat' dir='ltr'><strong>ipso</strong></span> <span class='ocrx_word' id='word_1_15' title='bbox 416 581 608 654; x_wconf 89' lang='lat' dir='ltr'><strong>spiritu</strong></span> <span class='ocrx_word' id='word_1_16' title='bbox 651 597 747 636; x_wconf 85' lang='lat' dir='ltr'><strong>suo</strong></span> <span class='ocrx_word' id='word_1_17' title='bbox 789 590 1064 636; x_wconf 73' lang='lat' dir='ltr'><strong>remaneat</strong></span> <span class='ocrx_word' id='word_1_18' title='bbox 1095 599 1108 637; x_wconf 91' lang='lat'><strong>:</strong></span> <span class='ocrx_word' id='word_1_19' title='bbox 1139 579 1358 652; x_wconf 87' lang='lat' dir='ltr'><strong>garrivit</strong></span> <span class='ocrx_word' id='word_1_20' title='bbox 1397 581 1538 637; x_wconf 89' lang='lat' dir='ltr'><strong>enim</strong></span> <span class='ocrx_word' id='word_1_21' title='bbox 1577 580 1737 647; x_wconf 90' lang='lat' dir='ltr'><strong>foris;</strong></span> <span class='ocrx_word' id='word_1_22' title='bbox 1781 589 1838 636; x_wconf 87' lang='lat' dir='ltr'><strong>et</strong></span> 
     </span>
    </p>
   </div>
   <div class='ocr_carea' id='block_1_4' title="bbox 257 673 1835 750">
    <p class='ocr_par' dir='ltr' id='par_1_4' title="bbox 257 673 1835 750">
     <span class='ocr_line' id='line_1_4' title="bbox 257 673 1835 750; baseline -0.003 -18"><span class='ocrx_word' id='word_1_23' title='bbox 257 677 375 750; x_wconf 86' lang='lat' dir='ltr'><strong>quia</strong></span> <span class='ocrx_word' id='word_1_24' title='bbox 401 675 827 744; x_wconf 88' lang='lat' dir='ltr'><strong>anticipavcrunt</strong></span> <span class='ocrx_word' id='word_1_25' title='bbox 852 673 1056 744; x_wconf 79' lang='lat' dir='ltr'><strong>vigilias</strong></span> <span class='ocrx_word' id='word_1_26' title='bbox 1077 689 1264 730; x_wconf 91' lang='lat' dir='ltr'><strong>omnes</strong></span> <span class='ocrx_word' id='word_1_27' title='bbox 1290 674 1489 729; x_wconf 87' lang='lat' dir='ltr'><strong>inimici</strong></span> <span class='ocrx_word' id='word_1_28' title='bbox 1517 673 1652 744; x_wconf 86' lang='lat' dir='ltr'><strong>ejus,</strong></span> <span class='ocrx_word' id='word_1_29' title='bbox 1687 673 1835 728; x_wconf 81' lang='lat' dir='ltr'><strong>inve-</strong></span> 
     </span>
    </p>
   </div>
   <div class='ocr_carea' id='block_1_5' title="bbox 261 767 1836 839">
    <p class='ocr_par' dir='ltr' id='par_1_5' title="bbox 261 767 1836 839">
     <span class='ocr_line' id='line_1_5' title="bbox 261 767 1836 839; baseline -0.002 -12"><span class='ocrx_word' id='word_1_30' title='bbox 261 773 335 827; x_wconf 91' lang='lat' dir='ltr'><strong>nit</strong></span> <span class='ocrx_word' id='word_1_31' title='bbox 359 770 428 825; x_wconf 90' lang='lat' dir='ltr'><strong>ibi</strong></span> <span class='ocrx_word' id='word_1_32' title='bbox 455 768 724 824; x_wconf 71' lang='lat' dir='ltr'><strong>tristitiam</strong></span> <span class='ocrx_word' id='word_1_33' title='bbox 746 809 761 834; x_wconf 96' lang='lat'><strong>,</strong></span> <span class='ocrx_word' id='word_1_34' title='bbox 790 777 845 822; x_wconf 90' lang='lat' dir='ltr'><strong>et</strong></span> <span class='ocrx_word' id='word_1_35' title='bbox 874 767 1066 822; x_wconf 93' lang='lat' dir='ltr'><strong>defecit</strong></span> <span class='ocrx_word' id='word_1_36' title='bbox 1093 767 1312 838; x_wconf 81' lang='lat' dir='ltr'><strong>spiritus</strong></span> <span class='ocrx_word' id='word_1_37' title='bbox 1341 768 1483 838; x_wconf 84' lang='lat' dir='ltr'><strong>ejus.</strong></span> <span class='ocrx_word' id='word_1_38' title='bbox 1504 768 1604 834; x_wconf 87' lang='lat' dir='ltr'><strong>Qui</strong></span> <span class='ocrx_word' id='word_1_39' title='bbox 1630 767 1836 839; x_wconf 84' lang='lat' dir='ltr'><strong>garrie-</strong></span> 
     </span>
    </p>
   </div>
   <div class='ocr_carea' id='block_1_6' title="bbox 259 861 1838 933">
    <p class='ocr_par' dir='ltr' id='par_1_6' title="bbox 259 861 1838 933">
     <span class='ocr_line' id='line_1_6' title="bbox 259 861 1838 933; baseline -0.004 -11"><span class='ocrx_word' id='word_1_40' title='bbox 259 865 348 922; x_wconf 86' lang='lat' dir='ltr'><strong>bat</strong></span> <span class='ocrx_word' id='word_1_41' title='bbox 374 863 502 919; x_wconf 87' lang='lat' dir='ltr'><strong>foris</strong></span> <span class='ocrx_word' id='word_1_42' title='bbox 522 905 537 929; x_wconf 92' lang='lat'><strong>,</strong></span> <span class='ocrx_word' id='word_1_43' title='bbox 566 877 692 918; x_wconf 88' lang='lat' dir='ltr'><strong>ecce</strong></span> <span class='ocrx_word' id='word_1_44' title='bbox 716 863 876 933; x_wconf 79' lang='lat' dir='ltr'><strong>coepit</strong></span> <span class='ocrx_word' id='word_1_45' title='bbox 903 862 1042 918; x_wconf 90' lang='lat' dir='ltr'><strong>intus</strong></span> <span class='ocrx_word' id='word_1_46' title='bbox 1065 864 1266 932; x_wconf 80' lang='lat' dir='ltr'><strong>garrire</strong></span> <span class='ocrx_word' id='word_1_47' title='bbox 1297 877 1517 918; x_wconf 89' lang='lat' dir='ltr'><strong>securus</strong></span> <span class='ocrx_word' id='word_1_48' title='bbox 1535 905 1551 930; x_wconf 94' lang='lat'><strong>,</strong></span> <span class='ocrx_word' id='word_1_49' title='bbox 1578 861 1666 918; x_wconf 90' lang='lat' dir='ltr'><strong>ubi</strong></span> <span class='ocrx_word' id='word_1_50' title='bbox 1693 863 1838 918; x_wconf 87' lang='lat' dir='ltr'><strong>solus</strong></span> 
     </span>
    </p>
   </div>
   <div class='ocr_carea' id='block_1_7' title="bbox 263 953 1834 1026">
    <p class='ocr_par' dir='ltr' id='par_1_7' title="bbox 263 953 1834 1026">
     <span class='ocr_line' id='line_1_7' title="bbox 263 953 1834 1026; baseline -0.003 -13"><span class='ocrx_word' id='word_1_51' title='bbox 263 958 312 1013; x_wconf 90' lang='lat' dir='ltr'><strong>in</strong></span> <span class='ocrx_word' id='word_1_52' title='bbox 351 955 560 1012; x_wconf 91' lang='lat' dir='ltr'><strong>silentio</strong></span> <span class='ocrx_word' id='word_1_53' title='bbox 599 956 794 1025; x_wconf 77' lang='lat' dir='ltr'><strong>cogitat</strong></span> <span class='ocrx_word' id='word_1_54' title='bbox 835 969 1004 1009; x_wconf 88' lang='lat' dir='ltr'><strong>annos</strong></span> <span class='ocrx_word' id='word_1_55' title='bbox 1046 965 1278 1010; x_wconf 70' lang='lat' dir='ltr'><strong>mternos</strong></span> <span class='ocrx_word' id='word_1_56' title='bbox 1306 972 1320 1008; x_wconf 91' lang='lat'><strong>:</strong></span> <span class='ocrx_word' id='word_1_57' title='bbox 1348 953 1415 1009; x_wconf 87' lang='lat' dir='ltr'><strong>Et</strong></span> <span class='ocrx_word' id='word_1_58' title='bbox 1452 955 1834 1026; x_wconf 74' lang='lat' dir='ltr'><strong>perscrutabor,</strong></span> 
     </span>
    </p>
   </div>
   <div class='ocr_carea' id='block_1_8' title="bbox 259 1047 1837 1120">
    <p class='ocr_par' dir='ltr' id='par_1_8' title="bbox 259 1047 1837 1120">
     <span class='ocr_line' id='line_1_8' title="bbox 259 1047 1837 1120; baseline -0.003 -15"><span class='ocrx_word' id='word_1_59' title='bbox 259 1050 446 1120; x_wconf 83' lang='lat' dir='ltr'><strong>inquit,</strong></span> <span class='ocrx_word' id='word_1_60' title='bbox 477 1048 710 1118; x_wconf 74' lang='lat' dir='ltr'><strong>spiritum</strong></span> <span class='ocrx_word' id='word_1_61' title='bbox 736 1063 920 1101; x_wconf 89' lang='lat' dir='ltr'><strong>meum.</strong></span> <span class='ocrx_word' id='word_1_62' title='bbox 944 1047 1010 1102; x_wconf 85' lang='lat' dir='ltr'><strong>Et</strong></span> <span class='ocrx_word' id='word_1_63' title='bbox 1029 1047 1115 1102; x_wconf 86' lang='lat' dir='ltr'><strong>hic</strong></span> <span class='ocrx_word' id='word_1_64' title='bbox 1136 1047 1425 1103; x_wconf 89' lang='lat' dir='ltr'><strong>timendum</strong></span> <span class='ocrx_word' id='word_1_65' title='bbox 1460 1063 1527 1102; x_wconf 90' lang='lat' dir='ltr'><strong>ne</strong></span> <span class='ocrx_word' id='word_1_66' title='bbox 1561 1047 1614 1102; x_wconf 91' lang='lat' dir='ltr'><strong>in</strong></span> <span class='ocrx_word' id='word_1_67' title='bbox 1649 1048 1837 1118; x_wconf 82' lang='lat' dir='ltr'><strong>spiritu</strong></span> 
     </span>
    </p>
   </div>
   <div class='ocr_carea' id='block_1_9' title="bbox 257 1137 1838 1203">
    <p class='ocr_par' dir='ltr' id='par_1_9' title="bbox 257 1137 1838 1203">
     <span class='ocr_line' id='line_1_9' title="bbox 257 1137 1838 1203; baseline -0.003 -7"><span class='ocrx_word' id='word_1_68' title='bbox 257 1157 354 1197; x_wconf 71' lang='lat' dir='ltr'><strong>sua</strong></span> <span class='ocrx_word' id='word_1_69' title='bbox 376 1148 664 1203; x_wconf 83' lang='lat' dir='ltr'><strong>remaneat,</strong></span> <span class='ocrx_word' id='word_1_70' title='bbox 698 1148 752 1194; x_wconf 92' lang='lat' dir='ltr'><strong>et</strong></span> <span class='ocrx_word' id='word_1_71' title='bbox 794 1153 898 1194; x_wconf 91' lang='lat' dir='ltr'><strong>non</strong></span> <span class='ocrx_word' id='word_1_72' title='bbox 927 1139 996 1193; x_wconf 88' lang='lat' dir='ltr'><strong>sit</strong></span> <span class='ocrx_word' id='word_1_73' title='bbox 1025 1139 1345 1194; x_wconf 89' lang='lat' dir='ltr'><strong>transiliens.</strong></span> <span class='ocrx_word' id='word_1_74' title='bbox 1371 1137 1488 1194; x_wconf 70' lang='lat' dir='ltr'><strong>1am</strong></span> <span class='ocrx_word' id='word_1_75' title='bbox 1520 1147 1697 1193; x_wconf 89' lang='lat' dir='ltr'><strong>tamen</strong></span> <span class='ocrx_word' id='word_1_76' title='bbox 1726 1152 1838 1192; x_wconf 88' lang='lat' dir='ltr'><strong>me-</strong></span> 
     </span>
    </p>
   </div>
   <div class='ocr_carea' id='block_1_10' title="bbox 259 1229 1840 1303">
    <p class='ocr_par' dir='ltr' id='par_1_10' title="bbox 259 1229 1840 1303">
     <span class='ocr_line' id='line_1_10' title="bbox 259 1229 1840 1303; baseline -0.003 -15"><span class='ocrx_word' id='word_1_77' title='bbox 259 1234 354 1290; x_wconf 87' lang='lat' dir='ltr'><strong>lius</strong></span> <span class='ocrx_word' id='word_1_78' title='bbox 381 1233 488 1303; x_wconf 88' lang='lat' dir='ltr'><strong>agit</strong></span> <span class='ocrx_word' id='word_1_79' title='bbox 522 1247 679 1303; x_wconf 91' lang='lat' dir='ltr'><strong>quam</strong></span> <span class='ocrx_word' id='word_1_80' title='bbox 728 1231 858 1286; x_wconf 91' lang='lat' dir='ltr'><strong>foris</strong></span> <span class='ocrx_word' id='word_1_81' title='bbox 901 1231 1109 1301; x_wconf 83' lang='lat' dir='ltr'><strong>agebat.</strong></span> <span class='ocrx_word' id='word_1_82' title='bbox 1141 1231 1492 1286; x_wconf 85' lang='lat' dir='ltr'><strong>Transcendit</strong></span> <span class='ocrx_word' id='word_1_83' title='bbox 1515 1229 1712 1300; x_wconf 88' lang='lat' dir='ltr'><strong>aliquid</strong></span> <span class='ocrx_word' id='word_1_84' title='bbox 1741 1246 1754 1281; x_wconf 90' lang='lat'><strong>:</strong></span> <span class='ocrx_word' id='word_1_85' title='bbox 1783 1237 1840 1284; x_wconf 87' lang='lat' dir='ltr'><strong>et</strong></span> 
     </span>
    </p>
   </div>
   <div class='ocr_carea' id='block_1_11' title="bbox 258 1321 1834 1394">
    <p class='ocr_par' dir='ltr' id='par_1_11' title="bbox 258 1321 1834 1394">
     <span class='ocr_line' id='line_1_11' title="bbox 258 1321 1834 1394; baseline -0.001 -14"><span class='ocrx_word' id='word_1_86' title='bbox 258 1325 378 1380; x_wconf 90' lang='lat' dir='ltr'><strong>hinc</strong></span> <span class='ocrx_word' id='word_1_87' title='bbox 404 1325 677 1379; x_wconf 77' lang='lat' dir='ltr'><strong>videmnus</strong></span> <span class='ocrx_word' id='word_1_88' title='bbox 704 1340 827 1394; x_wconf 92' lang='lat' dir='ltr'><strong>quo.</strong></span> <span class='ocrx_word' id='word_1_89' title='bbox 853 1323 970 1378; x_wconf 82' lang='lat' dir='ltr'><strong>Non</strong></span> <span class='ocrx_word' id='word_1_90' title='bbox 999 1323 1140 1380; x_wconf 91' lang='lat' dir='ltr'><strong>enim</strong></span> <span class='ocrx_word' id='word_1_91' title='bbox 1171 1332 1344 1378; x_wconf 82' lang='lat' dir='ltr'><strong>cessat</strong></span> <span class='ocrx_word' id='word_1_92' title='bbox 1370 1324 1468 1378; x_wconf 90' lang='lat' dir='ltr'><strong>istc</strong></span> <span class='ocrx_word' id='word_1_93' title='bbox 1499 1321 1834 1387; x_wconf 87' lang='lat' dir='ltr'><strong>transiliens,</strong></span> 
     </span>
    </p>
   </div>
   <div class='ocr_carea' id='block_1_12' title="bbox 254 1414 1835 1486">
    <p class='ocr_par' dir='ltr' id='par_1_12' title="bbox 254 1414 1835 1486">
     <span class='ocr_line' id='line_1_12' title="bbox 254 1414 1835 1486; baseline -0.001 -16"><span class='ocrx_word' id='word_1_94' title='bbox 254 1417 423 1472; x_wconf 87' lang='lat' dir='ltr'><strong>donec</strong></span> <span class='ocrx_word' id='word_1_95' title='bbox 454 1417 631 1471; x_wconf 86' lang='lat' dir='ltr'><strong>veniat</strong></span> <span class='ocrx_word' id='word_1_96' title='bbox 657 1417 709 1470; x_wconf 88' lang='lat' dir='ltr'><strong>in</strong></span> <span class='ocrx_word' id='word_1_97' title='bbox 741 1417 922 1486; x_wconf 81' lang='lat' dir='ltr'><strong>ﬁnem.</strong></span> <span class='ocrx_word' id='word_1_98' title='bbox 952 1415 1092 1470; x_wconf 90' lang='lat' dir='ltr'><strong>unde</strong></span> <span class='ocrx_word' id='word_1_99' title='bbox 1120 1415 1277 1470; x_wconf 83' lang='lat' dir='ltr'><strong>habet</strong></span> <span class='ocrx_word' id='word_1_100' title='bbox 1309 1415 1514 1470; x_wconf 88' lang='lat' dir='ltr'><strong>titulum</strong></span> <span class='ocrx_word' id='word_1_101' title='bbox 1551 1414 1792 1470; x_wconf 83' lang='lat' dir='ltr'><strong>Psalmus</strong></span> <span class='ocrx_word' id='word_1_102' title='bbox 1821 1432 1835 1469; x_wconf 91' lang='lat'><strong>:</strong></span> 
     </span>
    </p>
   </div>
   <div class='ocr_carea' id='block_1_13' title="bbox 252 1507 1625 1579">
    <p class='ocr_par' dir='ltr' id='par_1_13' title="bbox 252 1507 1625 1579">
     <span class='ocr_line' id='line_1_13' title="bbox 252 1507 1625 1579; baseline -0.003 -15"><span class='ocrx_word' id='word_1_103' title='bbox 252 1509 565 1574; x_wconf 75' lang='lat' dir='ltr'><strong>Garriebam,</strong></span> <span class='ocrx_word' id='word_1_104' title='bbox 601 1510 790 1579; x_wconf 85' lang='lat' dir='ltr'><strong>inquit,</strong></span> <span class='ocrx_word' id='word_1_105' title='bbox 823 1519 868 1562; x_wconf 89' lang='lat' dir='ltr'><strong>et</strong></span> <span class='ocrx_word' id='word_1_106' title='bbox 893 1508 1155 1562; x_wconf 79' lang='lat' dir='ltr'><strong>scrutabor</strong></span> <span class='ocrx_word' id='word_1_107' title='bbox 1182 1507 1414 1576; x_wconf 74' lang='lat' dir='ltr'><strong>spiritum</strong></span> <span class='ocrx_word' id='word_1_108' title='bbox 1441 1523 1625 1561; x_wconf 89' lang='lat' dir='ltr'><strong>meum.</strong></span> 
     </span>
    </p>
   </div>
   <div class='ocr_carea' id='block_1_14' title="bbox 325 1598 1840 1674">
    <p class='ocr_par' dir='ltr' id='par_1_14' title="bbox 325 1598 1840 1674">
     <span class='ocr_line' id='line_1_14' title="bbox 325 1598 1840 1674; baseline -0.004 -16"><span class='ocrx_word' id='word_1_109' title='bbox 325 1603 411 1658; x_wconf 89' lang='grc'><strong>10,</strong></span> <span class='ocrx_word' id='word_1_110' title='bbox 444 1600 594 1674; x_wconf 69' lang='lat' dir='ltr'><strong>[vers</strong></span> <span class='ocrx_word' id='word_1_111' title='bbox 631 1601 713 1674; x_wconf 89' lang='lat'><strong>8.]</strong></span> <span class='ocrx_word' id='word_1_112' title='bbox 745 1602 813 1656; x_wconf 91' lang='lat' dir='ltr'><strong>Et</strong></span> <span class='ocrx_word' id='word_1_113' title='bbox 849 1601 974 1672; x_wconf 90' lang='lat' dir='ltr'><strong>quid</strong></span> <span class='ocrx_word' id='word_1_114' title='bbox 1020 1599 1302 1656; x_wconf 76' lang='lat' dir='ltr'><strong>invenisti?</strong></span> <span class='ocrx_word' id='word_1_115' title='bbox 1342 1598 1463 1653; x_wconf 85' lang='lat' dir='ltr'><strong>Non</strong></span> <span class='ocrx_word' id='word_1_116' title='bbox 1504 1601 1557 1653; x_wconf 89' lang='lat' dir='ltr'><strong>in</strong></span> <span class='ocrx_word' id='word_1_117' title='bbox 1597 1607 1840 1654; x_wconf 63' lang='lat' dir='ltr'><strong>aeternum</strong></span> 
     </span>
    </p>
   </div>
   <div class='ocr_carea' id='block_1_15' title="bbox 250 1694 1836 1769">
    <p class='ocr_par' dir='ltr' id='par_1_15' title="bbox 250 1694 1836 1769">
     <span class='ocr_line' id='line_1_15' title="bbox 250 1694 1836 1769; baseline -0.004 -17"><span class='ocrx_word' id='word_1_118' title='bbox 250 1697 456 1769; x_wconf 81' lang='lat' dir='ltr'><strong>repellet</strong></span> <span class='ocrx_word' id='word_1_119' title='bbox 480 1696 637 1750; x_wconf 88' lang='lat' dir='ltr'><strong>Deus.</strong></span> <span class='ocrx_word' id='word_1_120' title='bbox 662 1696 898 1750; x_wconf 60' lang='lat' dir='ltr'><strong>Taedium</strong></span> <span class='ocrx_word' id='word_1_121' title='bbox 924 1696 1202 1751; x_wconf 84' lang='lat' dir='ltr'><strong>invenerat</strong></span> <span class='ocrx_word' id='word_1_122' title='bbox 1226 1694 1276 1748; x_wconf 92' lang='lat' dir='ltr'><strong>in</strong></span> <span class='ocrx_word' id='word_1_123' title='bbox 1301 1696 1398 1748; x_wconf 92' lang='lat' dir='ltr'><strong>hac</strong></span> <span class='ocrx_word' id='word_1_124' title='bbox 1416 1694 1552 1760; x_wconf 71' lang='lat' dir='ltr'><strong>vita;</strong></span> <span class='ocrx_word' id='word_1_125' title='bbox 1577 1706 1836 1763; x_wconf 87' lang='lat' dir='ltr'><strong>nusquam</strong></span> 
     </span>
    </p>
   </div>
   <div class='ocr_carea' id='block_1_16' title="bbox 249 1784 1839 1858">
    <p class='ocr_par' dir='ltr' id='par_1_16' title="bbox 249 1784 1839 1858">
     <span class='ocr_line' id='line_1_16' title="bbox 249 1784 1839 1858; baseline -0.005 -13"><span class='ocrx_word' id='word_1_126' title='bbox 249 1790 407 1845; x_wconf 89' lang='lat' dir='ltr'><strong>fidam</strong></span> <span class='ocrx_word' id='word_1_127' title='bbox 434 1831 450 1857; x_wconf 95' lang='lat'><strong>,</strong></span> <span class='ocrx_word' id='word_1_128' title='bbox 501 1803 760 1858; x_wconf 90' lang='lat' dir='ltr'><strong>nusquam</strong></span> <span class='ocrx_word' id='word_1_129' title='bbox 801 1802 1042 1844; x_wconf 89' lang='lat' dir='ltr'><strong>securam</strong></span> <span class='ocrx_word' id='word_1_130' title='bbox 1082 1785 1522 1842; x_wconf 87' lang='lat' dir='ltr'><strong>consolationem.</strong></span> <span class='ocrx_word' id='word_1_131' title='bbox 1570 1784 1649 1838; x_wconf 82' lang='lat' dir='ltr'><strong>Ad</strong></span> <span class='ocrx_word' id='word_1_132' title='bbox 1681 1797 1839 1853; x_wconf 87' lang='lat' dir='ltr'><strong>quos-</strong></span> 
     </span>
    </p>
   </div>
   <div class='ocr_carea' id='block_1_17' title="bbox 248 1875 1837 1953">
    <p class='ocr_par' dir='ltr' id='par_1_17' title="bbox 248 1875 1837 1953">
     <span class='ocr_line' id='line_1_17' title="bbox 248 1875 1837 1953; baseline -0.006 -16"><span class='ocrx_word' id='word_1_133' title='bbox 248 1897 481 1953; x_wconf 91' lang='lat' dir='ltr'><strong>cumque</strong></span> <span class='ocrx_word' id='word_1_134' title='bbox 525 1881 770 1934; x_wconf 84' lang='lat' dir='ltr'><strong>homines</strong></span> <span class='ocrx_word' id='word_1_135' title='bbox 817 1879 1160 1944; x_wconf 86' lang='lat' dir='ltr'><strong>intendebat,</strong></span> <span class='ocrx_word' id='word_1_136' title='bbox 1206 1877 1512 1933; x_wconf 86' lang='lat' dir='ltr'><strong>scandalum</strong></span> <span class='ocrx_word' id='word_1_137' title='bbox 1551 1876 1605 1930; x_wconf 94' lang='lat' dir='ltr'><strong>in</strong></span> <span class='ocrx_word' id='word_1_138' title='bbox 1643 1876 1721 1930; x_wconf 89' lang='lat' dir='ltr'><strong>eis</strong></span> <span class='ocrx_word' id='word_1_139' title='bbox 1755 1875 1837 1929; x_wconf 88' lang='lat' dir='ltr'><strong>in-</strong></span> 
     </span>
    </p>
   </div>
   <div class='ocr_carea' id='block_1_18' title="bbox 246 1967 1838 2042">
    <p class='ocr_par' dir='ltr' id='par_1_18' title="bbox 246 1967 1838 2042">
     <span class='ocr_line' id='line_1_18' title="bbox 246 1967 1838 2042; baseline -0.003 -16"><span class='ocrx_word' id='word_1_140' title='bbox 246 1974 518 2039; x_wconf 83' lang='lat' dir='ltr'><strong>veniebat,</strong></span> <span class='ocrx_word' id='word_1_141' title='bbox 547 1979 638 2026; x_wconf 89' lang='lat' dir='ltr'><strong>aut</strong></span> <span class='ocrx_word' id='word_1_142' title='bbox 666 1971 904 2027; x_wconf 85' lang='lat' dir='ltr'><strong>timebat.</strong></span> <span class='ocrx_word' id='word_1_143' title='bbox 931 1971 1198 2042; x_wconf 84' lang='lat' dir='ltr'><strong>Nusquam</strong></span> <span class='ocrx_word' id='word_1_144' title='bbox 1227 1985 1356 2041; x_wconf 86' lang='lat' dir='ltr'><strong>ergo</strong></span> <span class='ocrx_word' id='word_1_145' title='bbox 1376 1982 1616 2025; x_wconf 88' lang='lat' dir='ltr'><strong>securus.</strong></span> <span class='ocrx_word' id='word_1_146' title='bbox 1637 1967 1838 2022; x_wconf 89' lang='lat' dir='ltr'><strong>Tacere</strong></span> 
     </span>
    </p>
   </div>
   <div class='ocr_carea' id='block_1_19' title="bbox 245 2060 1839 2132">
    <p class='ocr_par' dir='ltr' id='par_1_19' title="bbox 245 2060 1839 2132">
     <span class='ocr_line' id='line_1_19' title="bbox 245 2060 1839 2132; baseline -0.005 -10"><span class='ocrx_word' id='word_1_147' title='bbox 245 2067 317 2122; x_wconf 93' lang='lat' dir='ltr'><strong>illi</strong></span> <span class='ocrx_word' id='word_1_148' title='bbox 364 2067 569 2121; x_wconf 88' lang='lat' dir='ltr'><strong>malum</strong></span> <span class='ocrx_word' id='word_1_149' title='bbox 613 2073 757 2131; x_wconf 88' lang='lat' dir='ltr'><strong>erat,</strong></span> <span class='ocrx_word' id='word_1_150' title='bbox 803 2079 870 2120; x_wconf 88' lang='lat' dir='ltr'><strong>ne</strong></span> <span class='ocrx_word' id='word_1_151' title='bbox 912 2065 1094 2120; x_wconf 90' lang='lat' dir='ltr'><strong>sileret</strong></span> <span class='ocrx_word' id='word_1_152' title='bbox 1135 2079 1164 2118; x_wconf 92' lang='lat' dir='ltr'><strong>a</strong></span> <span class='ocrx_word' id='word_1_153' title='bbox 1205 2063 1396 2120; x_wconf 91' lang='lat' dir='ltr'><strong>bonis:</strong></span> <span class='ocrx_word' id='word_1_154' title='bbox 1424 2063 1565 2132; x_wconf 90' lang='lat' dir='ltr'><strong>loqui</strong></span> <span class='ocrx_word' id='word_1_155' title='bbox 1613 2071 1668 2116; x_wconf 90' lang='lat' dir='ltr'><strong>et</strong></span> <span class='ocrx_word' id='word_1_156' title='bbox 1710 2060 1839 2116; x_wconf 88' lang='lat' dir='ltr'><strong>foris</strong></span> 
     </span>
    </p>
   </div>
   <div class='ocr_carea' id='block_1_20' title="bbox 242 2155 1837 2229">
    <p class='ocr_par' dir='ltr' id='par_1_20' title="bbox 242 2155 1837 2229">
     <span class='ocr_line' id='line_1_20' title="bbox 242 2155 1837 2229; baseline -0.001 -20"><span class='ocrx_word' id='word_1_157' title='bbox 242 2159 446 2229; x_wconf 82' lang='lat' dir='ltr'><strong>garrire</strong></span> <span class='ocrx_word' id='word_1_158' title='bbox 479 2158 760 2213; x_wconf 86' lang='lat' dir='ltr'><strong>molestum</strong></span> <span class='ocrx_word' id='word_1_159' title='bbox 784 2165 923 2224; x_wconf 88' lang='lat' dir='ltr'><strong>erat,</strong></span> <span class='ocrx_word' id='word_1_160' title='bbox 953 2172 1019 2212; x_wconf 90' lang='lat' dir='ltr'><strong>nc</strong></span> <span class='ocrx_word' id='word_1_161' title='bbox 1047 2156 1397 2227; x_wconf 85' lang='lat' dir='ltr'><strong>anticipantes</strong></span> <span class='ocrx_word' id='word_1_162' title='bbox 1423 2155 1630 2225; x_wconf 78' lang='lat' dir='ltr'><strong>vigilias</strong></span> <span class='ocrx_word' id='word_1_163' title='bbox 1651 2168 1837 2210; x_wconf 90' lang='lat' dir='ltr'><strong>omnes</strong></span> 
     </span>
    </p>
   </div>
   <div class='ocr_carea' id='block_1_21' title="bbox 245 2246 1834 2318">
    <p class='ocr_par' dir='ltr' id='par_1_21' title="bbox 245 2246 1834 2318">
     <span class='ocr_line' id='line_1_21' title="bbox 245 2246 1834 2318; baseline -0.004 -14"><span class='ocrx_word' id='word_1_164' title='bbox 245 2250 442 2304; x_wconf 86' lang='lat' dir='ltr'><strong>inimici</strong></span> <span class='ocrx_word' id='word_1_165' title='bbox 477 2249 628 2318; x_wconf 89' lang='lat' dir='ltr'><strong>ejus,</strong></span> <span class='ocrx_word' id='word_1_166' title='bbox 671 2249 966 2304; x_wconf 88' lang='lat' dir='ltr'><strong>calumnias</strong></span> <span class='ocrx_word' id='word_1_167' title='bbox 1009 2248 1339 2318; x_wconf 91' lang='lat' dir='ltr'><strong>inquirerent</strong></span> <span class='ocrx_word' id='word_1_168' title='bbox 1386 2249 1438 2301; x_wconf 92' lang='lat' dir='ltr'><strong>in</strong></span> <span class='ocrx_word' id='word_1_169' title='bbox 1482 2246 1657 2301; x_wconf 82' lang='lat' dir='ltr'><strong>verbis</strong></span> <span class='ocrx_word' id='word_1_170' title='bbox 1698 2247 1834 2316; x_wconf 86' lang='lat' dir='ltr'><strong>ejus.</strong></span> 
     </span>
    </p>
   </div>
   <div class='ocr_carea' id='block_1_22' title="bbox 243 2337 1838 2413">
    <p class='ocr_par' dir='ltr' id='par_1_22' title="bbox 243 2337 1838 2413">
     <span class='ocr_line' id='line_1_22' title="bbox 243 2337 1838 2413; baseline -0.003 -16"><span class='ocrx_word' id='word_1_171' title='bbox 243 2344 578 2413; x_wconf 82' lang='lat' dir='ltr'><strong>Angustatus</strong></span> <span class='ocrx_word' id='word_1_172' title='bbox 606 2342 658 2397; x_wconf 92' lang='lat' dir='ltr'><strong>in</strong></span> <span class='ocrx_word' id='word_1_173' title='bbox 688 2341 786 2397; x_wconf 91' lang='lat' dir='ltr'><strong>hac</strong></span> <span class='ocrx_word' id='word_1_174' title='bbox 815 2342 918 2396; x_wconf 88' lang='lat' dir='ltr'><strong>vita</strong></span> <span class='ocrx_word' id='word_1_175' title='bbox 948 2341 1320 2407; x_wconf 84' lang='lat' dir='ltr'><strong>vehementer,</strong></span> <span class='ocrx_word' id='word_1_176' title='bbox 1359 2339 1584 2394; x_wconf 89' lang='lat' dir='ltr'><strong>multum</strong></span> <span class='ocrx_word' id='word_1_177' title='bbox 1625 2337 1692 2393; x_wconf 92' lang='lat' dir='ltr'><strong>dc</strong></span> <span class='ocrx_word' id='word_1_178' title='bbox 1731 2338 1838 2392; x_wconf 91' lang='lat' dir='ltr'><strong>vita</strong></span> 
     </span>
    </p>
   </div>
   <div class='ocr_carea' id='block_1_23' title="bbox 241 2427 1840 2505">
    <p class='ocr_par' dir='ltr' id='par_1_23' title="bbox 241 2427 1840 2505">
     <span class='ocr_line' id='line_1_23' title="bbox 241 2427 1840 2505; baseline -0.004 -17"><span class='ocrx_word' id='word_1_179' title='bbox 241 2435 340 2490; x_wconf 84' lang='lat' dir='ltr'><strong>alia</strong></span> <span class='ocrx_word' id='word_1_180' title='bbox 376 2435 656 2505; x_wconf 73' lang='lat' dir='ltr'><strong>COgitavit,</strong></span> <span class='ocrx_word' id='word_1_181' title='bbox 691 2435 778 2488; x_wconf 88' lang='lat' dir='ltr'><strong>ubi</strong></span> <span class='ocrx_word' id='word_1_182' title='bbox 821 2433 923 2488; x_wconf 90' lang='lat' dir='ltr'><strong>ista</strong></span> <span class='ocrx_word' id='word_1_183' title='bbox 973 2448 1078 2488; x_wconf 91' lang='lat' dir='ltr'><strong>non</strong></span> <span class='ocrx_word' id='word_1_184' title='bbox 1120 2433 1191 2487; x_wconf 89' lang='lat' dir='ltr'><strong>sit</strong></span> <span class='ocrx_word' id='word_1_185' title='bbox 1235 2431 1474 2486; x_wconf 88' lang='lat' dir='ltr'><strong>tentatio.</strong></span> <span class='ocrx_word' id='word_1_186' title='bbox 1516 2431 1583 2485; x_wconf 82' lang='lat' dir='ltr'><strong>Et</strong></span> <span class='ocrx_word' id='word_1_187' title='bbox 1626 2427 1840 2500; x_wconf 88' lang='lat' dir='ltr'><strong>quando</strong></span> 
     </span>
    </p>
   </div>
   <div class='ocr_carea' id='block_1_24' title="bbox 241 2519 1836 2596">
    <p class='ocr_par' dir='ltr' id='par_1_24' title="bbox 241 2519 1836 2596">
     <span class='ocr_line' id='line_1_24' title="bbox 241 2519 1836 2596; baseline -0.006 -13"><span class='ocrx_word' id='word_1_188' title='bbox 241 2527 363 2583; x_wconf 90' lang='lat' dir='ltr'><strong>illuc</strong></span> <span class='ocrx_word' id='word_1_189' title='bbox 394 2526 748 2596; x_wconf 83' lang='lat' dir='ltr'><strong>pervenitur?</strong></span> <span class='ocrx_word' id='word_1_190' title='bbox 772 2525 888 2580; x_wconf 87' lang='lat' dir='ltr'><strong>Non</strong></span> <span class='ocrx_word' id='word_1_191' title='bbox 917 2526 1058 2580; x_wconf 89' lang='lat' dir='ltr'><strong>enim</strong></span> <span class='ocrx_word' id='word_1_192' title='bbox 1105 2539 1211 2578; x_wconf 93' lang='lat' dir='ltr'><strong>non</strong></span> <span class='ocrx_word' id='word_1_193' title='bbox 1245 2531 1489 2588; x_wconf 91' lang='lat' dir='ltr'><strong>constat,</strong></span> <span class='ocrx_word' id='word_1_194' title='bbox 1537 2522 1660 2592; x_wconf 92' lang='lat' dir='ltr'><strong>quia</strong></span> <span class='ocrx_word' id='word_1_195' title='bbox 1695 2519 1836 2590; x_wconf 90' lang='lat' dir='ltr'><strong>quod</strong></span> 
     </span>
    </p>
   </div>
   <div class='ocr_carea' id='block_1_25' title="bbox 240 2608 1839 2690">
    <p class='ocr_par' dir='ltr' id='par_1_25' title="bbox 240 2608 1839 2690">
     <span class='ocr_line' id='line_1_25' title="bbox 240 2608 1839 2690; baseline -0.007 -17"><span class='ocrx_word' id='word_1_196' title='bbox 240 2618 322 2673; x_wconf 86' lang='lat' dir='ltr'><strong>hic</strong></span> <span class='ocrx_word' id='word_1_197' title='bbox 351 2619 614 2690; x_wconf 84' lang='lat' dir='ltr'><strong>patimur,</strong></span> <span class='ocrx_word' id='word_1_198' title='bbox 646 2618 720 2672; x_wconf 88' lang='lat' dir='ltr'><strong>ira</strong></span> <span class='ocrx_word' id='word_1_199' title='bbox 749 2617 840 2672; x_wconf 88' lang='lat' dir='ltr'><strong>Dei</strong></span> <span class='ocrx_word' id='word_1_200' title='bbox 868 2626 969 2672; x_wconf 90' lang='lat' dir='ltr'><strong>est.</strong></span> <span class='ocrx_word' id='word_1_201' title='bbox 995 2615 1196 2670; x_wconf 87' lang='lat' dir='ltr'><strong>Dicitur</strong></span> <span class='ocrx_word' id='word_1_202' title='bbox 1224 2613 1327 2668; x_wconf 91' lang='lat' dir='ltr'><strong>hoc</strong></span> <span class='ocrx_word' id='word_1_203' title='bbox 1356 2613 1408 2667; x_wconf 91' lang='lat' dir='ltr'><strong>in</strong></span> <span class='ocrx_word' id='word_1_204' title='bbox 1442 2611 1573 2666; x_wconf 90' lang='lat' dir='ltr'><strong>Isaia</strong></span> <span class='ocrx_word' id='word_1_205' title='bbox 1598 2629 1612 2665; x_wconf 93' lang='lat'><strong>:</strong></span> <span class='ocrx_word' id='word_1_206' title='bbox 1636 2608 1760 2664; x_wconf 87' lang='lat' dir='ltr'><strong>Non</strong></span> <span class='ocrx_word' id='word_1_207' title='bbox 1786 2610 1839 2663; x_wconf 88' lang='lat' dir='ltr'><strong>in</strong></span> 
     </span>
    </p>
   </div>
   <div class='ocr_carea' id='block_1_26' title="bbox 239 2709 1840 2776">
    <p class='ocr_par' dir='ltr' id='par_1_26' title="bbox 239 2709 1840 2776">
     <span class='ocr_line' id='line_1_26' title="bbox 239 2709 1840 2776; baseline -0.007 -11"><span class='ocrx_word' id='word_1_208' title='bbox 239 2721 494 2765; x_wconf 75' lang='lat' dir='ltr'><strong>teternum</strong></span> <span class='ocrx_word' id='word_1_209' title='bbox 521 2710 703 2764; x_wconf 69' lang='lat' dir='ltr'><strong>vindex</strong></span> <span class='ocrx_word' id='word_1_210' title='bbox 742 2709 797 2763; x_wconf 89' lang='lat' dir='ltr'><strong>in</strong></span> <span class='ocrx_word' id='word_1_211' title='bbox 825 2709 960 2763; x_wconf 78' lang='lat' dir='ltr'><strong>vobis</strong></span> <span class='ocrx_word' id='word_1_212' title='bbox 986 2723 1071 2760; x_wconf 86' lang='lat' dir='ltr'><strong>ero</strong></span> <span class='ocrx_word' id='word_1_213' title='bbox 1095 2747 1108 2771; x_wconf 95' lang='lat'><strong>,</strong></span> <span class='ocrx_word' id='word_1_214' title='bbox 1157 2722 1314 2776; x_wconf 87' lang='lat' dir='ltr'><strong>neque</strong></span> <span class='ocrx_word' id='word_1_215' title='bbox 1341 2722 1430 2774; x_wconf 90' lang='lat' dir='ltr'><strong>per</strong></span> <span class='ocrx_word' id='word_1_216' title='bbox 1468 2719 1614 2758; x_wconf 90' lang='lat' dir='ltr'><strong>omne</strong></span> <span class='ocrx_word' id='word_1_217' title='bbox 1646 2713 1840 2772; x_wconf 84' lang='lat' dir='ltr'><strong>tempus</strong></span> 
     </span>
    </p>
   </div>
   <div class='ocr_carea' id='block_1_27' title="bbox 239 2797 1842 2871">
    <p class='ocr_par' dir='ltr' id='par_1_27' title="bbox 239 2797 1842 2871">
     <span class='ocr_line' id='line_1_27' title="bbox 239 2797 1842 2871; baseline -0.006 -13"><span class='ocrx_word' id='word_1_218' title='bbox 239 2805 432 2858; x_wconf 87' lang='lat' dir='ltr'><strong>irascar</strong></span> <span class='ocrx_word' id='word_1_219' title='bbox 473 2803 627 2858; x_wconf 80' lang='lat' dir='ltr'><strong>vobis.</strong></span> <span class='ocrx_word' id='word_1_220' title='bbox 659 2802 724 2857; x_wconf 82' lang='lat' dir='ltr'><strong>Et</strong></span> <span class='ocrx_word' id='word_1_221' title='bbox 749 2801 878 2856; x_wconf 91' lang='lat' dir='ltr'><strong>dicit</strong></span> <span class='ocrx_word' id='word_1_222' title='bbox 920 2814 1119 2871; x_wconf 90' lang='lat' dir='ltr'><strong>quare:</strong></span> <span class='ocrx_word' id='word_1_223' title='bbox 1143 2798 1368 2868; x_wconf 73' lang='lat' dir='ltr'><strong>Spiritus</strong></span> <span class='ocrx_word' id='word_1_224' title='bbox 1398 2797 1530 2851; x_wconf 88' lang='lat' dir='ltr'><strong>enim</strong></span> <span class='ocrx_word' id='word_1_225' title='bbox 1558 2811 1590 2850; x_wconf 90' lang='lat' dir='ltr'><strong>a</strong></span> <span class='ocrx_word' id='word_1_226' title='bbox 1615 2811 1694 2849; x_wconf 89' lang='lat' dir='ltr'><strong>me</strong></span> <span class='ocrx_word' id='word_1_227' title='bbox 1723 2811 1842 2865; x_wconf 88' lang='lat' dir='ltr'><strong>pro-</strong></span> 
     </span>
    </p>
   </div>
   <div class='ocr_carea' id='block_1_28' title="bbox 241 2888 1841 2964">
    <p class='ocr_par' dir='ltr' id='par_1_28' title="bbox 241 2888 1841 2964">
     <span class='ocr_line' id='line_1_28' title="bbox 241 2888 1841 2964; baseline -0.005 -16"><span class='ocrx_word' id='word_1_228' title='bbox 241 2895 399 2960; x_wconf 83' lang='lat' dir='ltr'><strong>cedet,</strong></span> <span class='ocrx_word' id='word_1_229' title='bbox 457 2905 509 2949; x_wconf 79' lang='lat' dir='ltr'><strong>et</strong></span> <span class='ocrx_word' id='word_1_230' title='bbox 555 2911 752 2950; x_wconf 84' lang='lat' dir='ltr'><strong>onmem</strong></span> <span class='ocrx_word' id='word_1_231' title='bbox 793 2895 972 2964; x_wconf 79' lang='lat' dir='ltr'><strong>ﬂatum</strong></span> <span class='ocrx_word' id='word_1_232' title='bbox 1013 2908 1104 2963; x_wconf 87' lang='lat' dir='ltr'><strong>ego</strong></span> <span class='ocrx_word' id='word_1_233' title='bbox 1145 2891 1259 2961; x_wconf 77' lang='lat' dir='ltr'><strong>feci.</strong></span> <span class='ocrx_word' id='word_1_234' title='bbox 1315 2888 1535 2959; x_wconf 85' lang='lat' dir='ltr'><strong>Propter</strong></span> <span class='ocrx_word' id='word_1_235' title='bbox 1582 2897 1841 2958; x_wconf 89' lang='lat' dir='ltr'><strong>peccatum</strong></span> 
     </span>
    </p>
   </div>
   <div class='ocr_carea' id='block_1_29' title="bbox 240 2982 1838 3059">
    <p class='ocr_par' dir='ltr' id='par_1_29' title="bbox 240 2982 1838 3059">
     <span class='ocr_line' id='line_1_29' title="bbox 240 2982 1838 3059; baseline -0.004 -19"><span class='ocrx_word' id='word_1_236' title='bbox 240 2989 518 3059; x_wconf 83' lang='lat' dir='ltr'><strong>paululum</strong></span> <span class='ocrx_word' id='word_1_237' title='bbox 557 2988 677 3059; x_wconf 84' lang='lat' dir='ltr'><strong>quid</strong></span> <span class='ocrx_word' id='word_1_238' title='bbox 723 2986 1007 3040; x_wconf 72' lang='lat' dir='ltr'><strong>contristari</strong></span> <span class='ocrx_word' id='word_1_239' title='bbox 1055 3002 1188 3051; x_wconf 88' lang='lat' dir='ltr'><strong>eum,</strong></span> <span class='ocrx_word' id='word_1_240' title='bbox 1239 2993 1286 3038; x_wconf 86' lang='lat' dir='ltr'><strong>et</strong></span> <span class='ocrx_word' id='word_1_241' title='bbox 1337 2982 1561 3054; x_wconf 83' lang='lat' dir='ltr'><strong>percussi</strong></span> <span class='ocrx_word' id='word_1_242' title='bbox 1603 2998 1738 3046; x_wconf 87' lang='lat' dir='ltr'><strong>eum,</strong></span> <span class='ocrx_word' id='word_1_243' title='bbox 1791 2991 1838 3036; x_wconf 85' lang='lat' dir='ltr'><strong>et</strong></span> 
     </span>
    </p>
   </div>
   <div class='ocr_carea' id='block_1_30' title="bbox 242 3074 1841 3151">
    <p class='ocr_par' dir='ltr' id='par_1_30' title="bbox 242 3074 1841 3151">
     <span class='ocr_line' id='line_1_30' title="bbox 242 3074 1841 3151; baseline -0.004 -18"><span class='ocrx_word' id='word_1_244' title='bbox 242 3083 393 3135; x_wconf 72' lang='lat' dir='ltr'><strong>auerti</strong></span> <span class='ocrx_word' id='word_1_245' title='bbox 422 3082 613 3151; x_wconf 82' lang='lat' dir='ltr'><strong>faciem</strong></span> <span class='ocrx_word' id='word_1_246' title='bbox 639 3097 801 3135; x_wconf 88' lang='lat' dir='ltr'><strong>nteant</strong></span> <span class='ocrx_word' id='word_1_247' title='bbox 828 3080 891 3132; x_wconf 83' lang='lat' dir='ltr'><strong>ab</strong></span> <span class='ocrx_word' id='word_1_248' title='bbox 918 3080 1006 3133; x_wconf 91' lang='lat' dir='ltr'><strong>illo</strong></span> <span class='ocrx_word' id='word_1_249' title='bbox 1019 3096 1039 3144; x_wconf 88' lang='lat'><strong>;</strong></span> <span class='ocrx_word' id='word_1_250' title='bbox 1068 3088 1114 3132; x_wconf 87' lang='lat' dir='ltr'><strong>et</strong></span> <span class='ocrx_word' id='word_1_251' title='bbox 1141 3077 1263 3131; x_wconf 89' lang='lat' dir='ltr'><strong>abiit</strong></span> <span class='ocrx_word' id='word_1_252' title='bbox 1290 3077 1466 3140; x_wconf 83' lang='lat' dir='ltr'><strong>tristis,</strong></span> <span class='ocrx_word' id='word_1_253' title='bbox 1497 3085 1544 3130; x_wconf 88' lang='lat' dir='ltr'><strong>et</strong></span> <span class='ocrx_word' id='word_1_254' title='bbox 1567 3074 1841 3128; x_wconf 75' lang='lat' dir='ltr'><strong>ambulauit</strong></span> 
     </span>
    </p>
   </div>
   <div class='ocr_carea' id='block_1_31' title="bbox 239 3164 1839 3242">
    <p class='ocr_par' dir='ltr' id='par_1_31' title="bbox 239 3164 1839 3242">
     <span class='ocr_line' id='line_1_31' title="bbox 239 3164 1839 3242; baseline -0.004 -16"><span class='ocrx_word' id='word_1_255' title='bbox 239 3173 345 3226; x_wconf 64' lang='lat' dir='ltr'><strong>t&#39;ias</strong></span> <span class='ocrx_word' id='word_1_256' title='bbox 384 3190 535 3226; x_wconf 85' lang='lat' dir='ltr'><strong>suas.</strong></span> <span class='ocrx_word' id='word_1_257' title='bbox 563 3171 700 3240; x_wconf 85' lang='lat' dir='ltr'><strong>Quid</strong></span> <span class='ocrx_word' id='word_1_258' title='bbox 729 3186 887 3242; x_wconf 85' lang='lat' dir='ltr'><strong>ergo,</strong></span> <span class='ocrx_word' id='word_1_259' title='bbox 927 3170 1042 3225; x_wconf 73' lang='lat' dir='ltr'><strong>hmo</strong></span> <span class='ocrx_word' id='word_1_260' title='bbox 1067 3171 1143 3224; x_wconf 90' lang='lat' dir='ltr'><strong>ira</strong></span> <span class='ocrx_word' id='word_1_261' title='bbox 1178 3167 1272 3224; x_wconf 87' lang='lat' dir='ltr'><strong>Dei</strong></span> <span class='ocrx_word' id='word_1_262' title='bbox 1312 3182 1529 3238; x_wconf 81' lang='lat' dir='ltr'><strong>semper</strong></span> <span class='ocrx_word' id='word_1_263' title='bbox 1555 3166 1695 3221; x_wconf 85' lang='lat' dir='ltr'><strong>erit?</strong></span> <span class='ocrx_word' id='word_1_264' title='bbox 1724 3164 1839 3220; x_wconf 88' lang='lat' dir='ltr'><strong>Non</strong></span> 
     </span>
    </p>
   </div>
   <div class='ocr_carea' id='block_1_32' title="bbox 243 3255 1841 3330">
    <p class='ocr_par' dir='ltr' id='par_1_32' title="bbox 243 3255 1841 3330">
     <span class='ocr_line' id='line_1_32' title="bbox 243 3255 1841 3330; baseline -0.006 -11"><span class='ocrx_word' id='word_1_265' title='bbox 243 3264 344 3320; x_wconf 92' lang='lat' dir='ltr'><strong>hoc</strong></span> <span class='ocrx_word' id='word_1_266' title='bbox 383 3266 594 3320; x_wconf 86' lang='lat' dir='ltr'><strong>invenit</strong></span> <span class='ocrx_word' id='word_1_267' title='bbox 639 3263 741 3319; x_wconf 91' lang='lat' dir='ltr'><strong>iste</strong></span> <span class='ocrx_word' id='word_1_268' title='bbox 783 3265 833 3318; x_wconf 91' lang='lat' dir='ltr'><strong>in</strong></span> <span class='ocrx_word' id='word_1_269' title='bbox 875 3261 1108 3317; x_wconf 89' lang='lat' dir='ltr'><strong>silentio.</strong></span> <span class='ocrx_word' id='word_1_270' title='bbox 1144 3260 1280 3330; x_wconf 84' lang='lat' dir='ltr'><strong>Quid</strong></span> <span class='ocrx_word' id='word_1_271' title='bbox 1322 3259 1464 3316; x_wconf 91' lang='lat' dir='ltr'><strong>enim</strong></span> <span class='ocrx_word' id='word_1_272' title='bbox 1513 3257 1677 3313; x_wconf 90' lang='lat' dir='ltr'><strong>dicit?</strong></span> <span class='ocrx_word' id='word_1_273' title='bbox 1720 3255 1841 3311; x_wconf 85' lang='lat' dir='ltr'><strong>Non</strong></span> 
     </span>
    </p>
   </div>
   <div class='ocr_carea' id='block_1_33' title="bbox 238 3351 1841 3430">
    <p class='ocr_par' dir='ltr' id='par_1_33' title="bbox 238 3351 1841 3430">
     <span class='ocr_line' id='line_1_33' title="bbox 238 3351 1841 3430; baseline -0.006 -14"><span class='ocrx_word' id='word_1_274' title='bbox 238 3361 292 3416; x_wconf 90' lang='lat' dir='ltr'><strong>in</strong></span> <span class='ocrx_word' id='word_1_275' title='bbox 321 3371 576 3416; x_wconf 67' lang='lat' dir='ltr'><strong>cateruam</strong></span> <span class='ocrx_word' id='word_1_276' title='bbox 601 3358 806 3430; x_wconf 79' lang='lat' dir='ltr'><strong>repellet</strong></span> <span class='ocrx_word' id='word_1_277' title='bbox 841 3357 1009 3422; x_wconf 82' lang='lat' dir='ltr'><strong>Deus;</strong></span> <span class='ocrx_word' id='word_1_278' title='bbox 1049 3367 1094 3410; x_wconf 86' lang='lat' dir='ltr'><strong>et</strong></span> <span class='ocrx_word' id='word_1_279' title='bbox 1131 3372 1229 3410; x_wconf 91' lang='lat' dir='ltr'><strong>non</strong></span> <span class='ocrx_word' id='word_1_280' title='bbox 1271 3363 1489 3426; x_wconf 87' lang='lat' dir='ltr'><strong>apponet</strong></span> <span class='ocrx_word' id='word_1_281' title='bbox 1517 3353 1652 3407; x_wconf 84' lang='lat' dir='ltr'><strong>ultra</strong></span> <span class='ocrx_word' id='word_1_282' title='bbox 1675 3362 1728 3406; x_wconf 92' lang='lat' dir='ltr'><strong>ut</strong></span> <span class='ocrx_word' id='word_1_283' title='bbox 1751 3351 1841 3406; x_wconf 82' lang='lat' dir='ltr'><strong>be-</strong></span> 
     </span>
    </p>
   </div>
   <div class='ocr_carea' id='block_1_34' title="bbox 241 3443 1842 3524">
    <p class='ocr_par' dir='ltr' id='par_1_34' title="bbox 241 3443 1842 3524">
     <span class='ocr_line' id='line_1_34' title="bbox 241 3443 1842 3524; baseline -0.006 -17"><span class='ocrx_word' id='word_1_284' title='bbox 241 3456 516 3524; x_wconf 86' lang='lat' dir='ltr'><strong>neplaceat</strong></span> <span class='ocrx_word' id='word_1_285' title='bbox 555 3454 601 3507; x_wconf 84' lang='lat' dir='ltr'><strong>ei</strong></span> <span class='ocrx_word' id='word_1_286' title='bbox 638 3451 804 3505; x_wconf 81' lang='lat' dir='ltr'><strong>adhuc</strong></span> <span class='ocrx_word' id='word_1_287' title='bbox 827 3451 917 3504; x_wconf 88' lang='lat' dir='ltr'><strong>:id</strong></span> <span class='ocrx_word' id='word_1_288' title='bbox 963 3458 1074 3516; x_wconf 86' lang='lat' dir='ltr'><strong>est,</strong></span> <span class='ocrx_word' id='word_1_289' title='bbox 1108 3459 1164 3502; x_wconf 93' lang='lat' dir='ltr'><strong>ut</strong></span> <span class='ocrx_word' id='word_1_290' title='bbox 1202 3446 1543 3516; x_wconf 88' lang='lat' dir='ltr'><strong>beneplaceat</strong></span> <span class='ocrx_word' id='word_1_291' title='bbox 1575 3445 1626 3500; x_wconf 90' lang='lat' dir='ltr'><strong>ei</strong></span> <span class='ocrx_word' id='word_1_292' title='bbox 1669 3443 1842 3498; x_wconf 87' lang='lat' dir='ltr'><strong>adhuc</strong></span> 
     </span>
    </p>
   </div>
   <div class='ocr_carea' id='block_1_35' title="bbox 238 3539 1837 3616">
    <p class='ocr_par' dir='ltr' id='par_1_35' title="bbox 238 3539 1837 3616">
     <span class='ocr_line' id='line_1_35' title="bbox 238 3539 1837 3616; baseline -0.008 -13"><span class='ocrx_word' id='word_1_293' title='bbox 238 3547 551 3616; x_wconf 86' lang='lat' dir='ltr'><strong>repellere,</strong></span> <span class='ocrx_word' id='word_1_294' title='bbox 600 3553 652 3600; x_wconf 89' lang='lat' dir='ltr'><strong>et</strong></span> <span class='ocrx_word' id='word_1_295' title='bbox 702 3545 754 3598; x_wconf 89' lang='lat' dir='ltr'><strong>in</strong></span> <span class='ocrx_word' id='word_1_296' title='bbox 812 3551 1068 3596; x_wconf 66' lang='lat' dir='ltr'><strong>aeternum</strong></span> <span class='ocrx_word' id='word_1_297' title='bbox 1120 3539 1382 3610; x_wconf 88' lang='lat' dir='ltr'><strong>repellere</strong></span> <span class='ocrx_word' id='word_1_298' title='bbox 1430 3552 1535 3592; x_wconf 91' lang='lat' dir='ltr'><strong>non</strong></span> <span class='ocrx_word' id='word_1_299' title='bbox 1585 3545 1837 3607; x_wconf 88' lang='lat' dir='ltr'><strong>apponet.</strong></span> 
     </span>
    </p>
   </div>
   <div class='ocr_carea' id='block_1_36' title="bbox 241 3631 1842 3696">
    <p class='ocr_par' dir='ltr' id='par_1_36' title="bbox 241 3631 1842 3696">
     <span class='ocr_line' id='line_1_36' title="bbox 241 3631 1842 3696; baseline -0.009 0"><span class='ocrx_word' id='word_1_300' title='bbox 241 3639 490 3696; x_wconf 81' lang='lat' dir='ltr'><strong>Necesse</strong></span> <span class='ocrx_word' id='word_1_301' title='bbox 516 3647 598 3693; x_wconf 89' lang='lat' dir='ltr'><strong>est</strong></span> <span class='ocrx_word' id='word_1_302' title='bbox 629 3645 681 3690; x_wconf 92' lang='lat' dir='ltr'><strong>ut</strong></span> <span class='ocrx_word' id='word_1_303' title='bbox 709 3643 921 3690; x_wconf 89' lang='lat' dir='ltr'><strong>revocet</strong></span> <span class='ocrx_word' id='word_1_304' title='bbox 944 3631 1012 3686; x_wconf 90' lang='lat' dir='ltr'><strong>ad</strong></span> <span class='ocrx_word' id='word_1_305' title='bbox 1038 3647 1096 3687; x_wconf 88' lang='lat' dir='ltr'><strong>se</strong></span> <span class='ocrx_word' id='word_1_306' title='bbox 1128 3645 1313 3686; x_wconf 89' lang='lat' dir='ltr'><strong>servos</strong></span> <span class='ocrx_word' id='word_1_307' title='bbox 1339 3643 1484 3692; x_wconf 87' lang='lat' dir='ltr'><strong>suos,</strong></span> <span class='ocrx_word' id='word_1_308' title='bbox 1517 3642 1737 3684; x_wconf 89' lang='lat' dir='ltr'><strong>necesse</strong></span> <span class='ocrx_word' id='word_1_309' title='bbox 1759 3637 1842 3683; x_wconf 88' lang='lat' dir='ltr'><strong>est</strong></span> 
     </span>
    </p>
   </div>
   <div class='ocr_carea' id='block_1_37' title="bbox 238 3723 1840 3801">
    <p class='ocr_par' dir='ltr' id='par_1_37' title="bbox 238 3723 1840 3801">
     <span class='ocr_line' id='line_1_37' title="bbox 238 3723 1840 3801; baseline -0.009 -11"><span class='ocrx_word' id='word_1_310' title='bbox 238 3745 294 3790; x_wconf 88' lang='lat' dir='ltr'><strong>ttt</strong></span> <span class='ocrx_word' id='word_1_311' title='bbox 323 3732 564 3801; x_wconf 88' lang='lat' dir='ltr'><strong>recipiat</strong></span> <span class='ocrx_word' id='word_1_312' title='bbox 595 3729 842 3798; x_wconf 79' lang='lat' dir='ltr'><strong>fugitivos</strong></span> <span class='ocrx_word' id='word_1_313' title='bbox 871 3726 1157 3782; x_wconf 89' lang='lat' dir='ltr'><strong>redeuntes</strong></span> <span class='ocrx_word' id='word_1_314' title='bbox 1185 3723 1251 3778; x_wconf 90' lang='lat' dir='ltr'><strong>ad</strong></span> <span class='ocrx_word' id='word_1_315' title='bbox 1283 3723 1583 3787; x_wconf 90' lang='lat' dir='ltr'><strong>Dominum,</strong></span> <span class='ocrx_word' id='word_1_316' title='bbox 1617 3734 1840 3775; x_wconf 83' lang='lat' dir='ltr'><strong>necesse</strong></span> 
     </span>
    </p>
   </div>
   <div class='ocr_carea' id='block_1_38' title="bbox 239 3813 1841 3887">
    <p class='ocr_par' dir='ltr' id='par_1_38' title="bbox 239 3813 1841 3887">
     <span class='ocr_line' id='line_1_38' title="bbox 239 3813 1841 3887; baseline -0.009 -8"><span class='ocrx_word' id='word_1_317' title='bbox 239 3835 317 3880; x_wconf 91' lang='lat' dir='ltr'><strong>est</strong></span> <span class='ocrx_word' id='word_1_318' title='bbox 347 3834 408 3879; x_wconf 91' lang='lat' dir='ltr'><strong>ut</strong></span> <span class='ocrx_word' id='word_1_319' title='bbox 436 3820 698 3878; x_wconf 77' lang='lat' dir='ltr'><strong>exaudiat</strong></span> <span class='ocrx_word' id='word_1_320' title='bbox 737 3833 923 3874; x_wconf 90' lang='lat' dir='ltr'><strong>vocem</strong></span> <span class='ocrx_word' id='word_1_321' title='bbox 955 3816 1382 3887; x_wconf 89' lang='lat' dir='ltr'><strong>compeditorum</strong></span> <span class='ocrx_word' id='word_1_322' title='bbox 1412 3831 1425 3868; x_wconf 91' lang='lat'><strong>:</strong></span> <span class='ocrx_word' id='word_1_323' title='bbox 1459 3813 1577 3867; x_wconf 87' lang='lat' dir='ltr'><strong>Non</strong></span> <span class='ocrx_word' id='word_1_324' title='bbox 1613 3813 1668 3866; x_wconf 93' lang='lat' dir='ltr'><strong>in</strong></span> <span class='ocrx_word' id='word_1_325' title='bbox 1695 3822 1841 3867; x_wconf 77' lang='lat' dir='ltr'><strong>teter-</strong></span> 
     </span>
    </p>
   </div>
   <div class='ocr_carea' id='block_1_39' title="bbox 237 3905 1842 3986">
    <p class='ocr_par' dir='ltr' id='par_1_39' title="bbox 237 3905 1842 3986">
     <span class='ocr_line' id='line_1_39' title="bbox 237 3905 1842 3986; baseline -0.009 -15"><span class='ocrx_word' id='word_1_326' title='bbox 237 3933 360 3971; x_wconf 89' lang='lat' dir='ltr'><strong>num</strong></span> <span class='ocrx_word' id='word_1_327' title='bbox 390 3914 610 3986; x_wconf 79' lang='lat' dir='ltr'><strong>repellet</strong></span> <span class='ocrx_word' id='word_1_328' title='bbox 633 3911 804 3978; x_wconf 80' lang='lat' dir='ltr'><strong>Deus;</strong></span> <span class='ocrx_word' id='word_1_329' title='bbox 830 3920 877 3966; x_wconf 86' lang='lat' dir='ltr'><strong>et</strong></span> <span class='ocrx_word' id='word_1_330' title='bbox 901 3926 1000 3966; x_wconf 89' lang='lat' dir='ltr'><strong>non</strong></span> <span class='ocrx_word' id='word_1_331' title='bbox 1027 3917 1247 3980; x_wconf 86' lang='lat' dir='ltr'><strong>apponet</strong></span> <span class='ocrx_word' id='word_1_332' title='bbox 1287 3907 1420 3961; x_wconf 87' lang='lat' dir='ltr'><strong>ultra</strong></span> <span class='ocrx_word' id='word_1_333' title='bbox 1448 3914 1500 3959; x_wconf 90' lang='lat' dir='ltr'><strong>ut</strong></span> <span class='ocrx_word' id='word_1_334' title='bbox 1525 3905 1842 3976; x_wconf 79' lang='lat' dir='ltr'><strong>beneplaceat</strong></span> 
     </span>
    </p>
   </div>
   <div class='ocr_carea' id='block_1_40' title="bbox 237 4011 508 4065">
    <p class='ocr_par' dir='ltr' id='par_1_40' title="bbox 237 4011 508 4065">
     <span class='ocr_line' id='line_1_40' title="bbox 237 4011 508 4065; baseline -0.018 0"><span class='ocrx_word' id='word_1_335' title='bbox 237 4012 282 4065; x_wconf 83' lang='lat' dir='ltr'><strong>ei</strong></span> <span class='ocrx_word' id='word_1_336' title='bbox 301 4011 508 4064; x_wconf 78' lang='lat' dir='ltr'><strong>adhuc.</strong></span> 
     </span>
    </p>
   </div>
   <div class='ocr_carea' id='block_1_41' title="bbox 309 4087 1844 4173">
    <p class='ocr_par' dir='ltr' id='par_1_41' title="bbox 309 4087 1844 4173">
     <span class='ocr_line' id='line_1_41' title="bbox 309 4087 1844 4173; baseline -0.011 -15"><span class='ocrx_word' id='word_1_337' title='bbox 309 4106 334 4158; x_wconf 99' lang='grc'><strong>1</strong></span> <span class='ocrx_word' id='word_1_338' title='bbox 355 4103 370 4155; x_wconf 87' lang='grc' dir='ltr'><strong>Ι</strong></span> <span class='ocrx_word' id='word_1_339' title='bbox 389 4139 403 4154; x_wconf 92' lang='grc'><strong>.</strong></span> <span class='ocrx_word' id='word_1_340' title='bbox 432 4099 590 4173; x_wconf 76' lang='grc' dir='ltr'><strong>[υεη.</strong></span> <span class='ocrx_word' id='word_1_341' title='bbox 626 4097 680 4164; x_wconf 88' lang='grc'><strong>9,</strong></span> <span class='ocrx_word' id='word_1_342' title='bbox 711 4095 824 4171; x_wconf 88' lang='grc'><strong>10.]</strong></span> <span class='ocrx_word' id='word_1_343' title='bbox 846 4096 943 4150; x_wconf 81' lang='lat' dir='ltr'><strong>Aut</strong></span> <span class='ocrx_word' id='word_1_344' title='bbox 968 4097 1021 4150; x_wconf 90' lang='lat' dir='ltr'><strong>in</strong></span> <span class='ocrx_word' id='word_1_345' title='bbox 1047 4095 1198 4164; x_wconf 74' lang='lat' dir='ltr'><strong>linem</strong></span> <span class='ocrx_word' id='word_1_346' title='bbox 1222 4090 1616 4148; x_wconf 80' lang='lat' dir='ltr'><strong>misericordiam</strong></span> <span class='ocrx_word' id='word_1_347' title='bbox 1637 4090 1654 4122; x_wconf 86' lang='grc'>¹</span> <span class='ocrx_word' id='word_1_348' title='bbox 1682 4087 1844 4142; x_wconf 83' lang='lat' dir='ltr'><strong>absci-</strong></span> 
     </span>
    </p>
   </div>
   <div class='ocr_carea' id='block_1_42' title="bbox 238 4181 1844 4265">
    <p class='ocr_par' dir='ltr' id='par_1_42' title="bbox 238 4181 1844 4265">
     <span class='ocr_line' id='line_1_42' title="bbox 238 4181 1844 4265; baseline -0.012 -14"><span class='ocrx_word' id='word_1_349' title='bbox 238 4199 323 4251; x_wconf 81' lang='lat' dir='ltr'><strong>det</strong></span> <span class='ocrx_word' id='word_1_350' title='bbox 375 4213 408 4249; x_wconf 87' lang='lat' dir='ltr'><strong>a</strong></span> <span class='ocrx_word' id='word_1_351' title='bbox 460 4192 784 4265; x_wconf 87' lang='lat' dir='ltr'><strong>generatione</strong></span> <span class='ocrx_word' id='word_1_352' title='bbox 831 4191 884 4243; x_wconf 91' lang='lat' dir='ltr'><strong>in</strong></span> <span class='ocrx_word' id='word_1_353' title='bbox 937 4186 1346 4260; x_wconf 79' lang='lat' dir='ltr'><strong>generationem?</strong></span> <span class='ocrx_word' id='word_1_354' title='bbox 1392 4192 1480 4237; x_wconf 90' lang='lat' dir='ltr'><strong>aut</strong></span> <span class='ocrx_word' id='word_1_355' title='bbox 1530 4181 1844 4236; x_wconf 77' lang='lat' dir='ltr'><strong>obliviscetur</strong></span> 
     </span>
    </p>
   </div>
   <div class='ocr_carea' id='block_1_43' title="bbox 239 4272 1843 4347">
    <p class='ocr_par' dir='ltr' id='par_1_43' title="bbox 239 4272 1843 4347">
     <span class='ocr_line' id='line_1_43' title="bbox 239 4272 1843 4347; baseline -0.012 -2"><span class='ocrx_word' id='word_1_356' title='bbox 239 4289 477 4345; x_wconf 86' lang='lat' dir='ltr'><strong>misereri</strong></span> <span class='ocrx_word' id='word_1_357' title='bbox 501 4285 682 4340; x_wconf 85' lang='lat' dir='ltr'><strong>Deus?</strong></span> <span class='ocrx_word' id='word_1_358' title='bbox 698 4283 751 4338; x_wconf 90' lang='lat' dir='ltr'><strong>In</strong></span> <span class='ocrx_word' id='word_1_359' title='bbox 782 4292 854 4346; x_wconf 89' lang='lat' dir='ltr'><strong>te,</strong></span> <span class='ocrx_word' id='word_1_360' title='bbox 882 4296 912 4336; x_wconf 89' lang='lat' dir='ltr'><strong>a</strong></span> <span class='ocrx_word' id='word_1_361' title='bbox 939 4290 1009 4347; x_wconf 90' lang='lat' dir='ltr'><strong>te,</strong></span> <span class='ocrx_word' id='word_1_362' title='bbox 1037 4282 1089 4334; x_wconf 92' lang='lat' dir='ltr'><strong>in</strong></span> <span class='ocrx_word' id='word_1_363' title='bbox 1116 4279 1338 4332; x_wconf 89' lang='lat' dir='ltr'><strong>alterum</strong></span> <span class='ocrx_word' id='word_1_364' title='bbox 1367 4275 1510 4330; x_wconf 92' lang='lat' dir='ltr'><strong>nulla</strong></span> <span class='ocrx_word' id='word_1_365' title='bbox 1533 4282 1611 4328; x_wconf 90' lang='lat' dir='ltr'><strong>est</strong></span> <span class='ocrx_word' id='word_1_366' title='bbox 1636 4272 1843 4326; x_wconf 88' lang='lat' dir='ltr'><strong>miscri-</strong></span> 
     </span>
    </p>
   </div>
   <div class='ocr_carea' id='block_1_44' title="bbox 237 4363 1845 4447">
    <p class='ocr_par' dir='ltr' id='par_1_44' title="bbox 237 4363 1845 4447">
     <span class='ocr_line' id='line_1_44' title="bbox 237 4363 1845 4447; baseline -0.014 -8"><span class='ocrx_word' id='word_1_367' title='bbox 237 4383 429 4438; x_wconf 87' lang='lat' dir='ltr'><strong>cordia</strong></span> <span class='ocrx_word' id='word_1_368' title='bbox 451 4421 469 4447; x_wconf 93' lang='lat'><strong>,</strong></span> <span class='ocrx_word' id='word_1_369' title='bbox 518 4379 618 4434; x_wconf 90' lang='lat' dir='ltr'><strong>nisi</strong></span> <span class='ocrx_word' id='word_1_370' title='bbox 649 4392 768 4433; x_wconf 90' lang='lat' dir='ltr'><strong>eam</strong></span> <span class='ocrx_word' id='word_1_371' title='bbox 797 4375 890 4430; x_wconf 89' lang='lat' dir='ltr'><strong>tibi</strong></span> <span class='ocrx_word' id='word_1_372' title='bbox 921 4375 1058 4428; x_wconf 88' lang='lat' dir='ltr'><strong>Deus</strong></span> <span class='ocrx_word' id='word_1_373' title='bbox 1082 4371 1242 4426; x_wconf 89' lang='lat' dir='ltr'><strong>donet</strong></span> <span class='ocrx_word' id='word_1_374' title='bbox 1268 4387 1281 4424; x_wconf 97' lang='lat'><strong>:</strong></span> <span class='ocrx_word' id='word_1_375' title='bbox 1307 4377 1361 4423; x_wconf 91' lang='lat' dir='ltr'><strong>et</strong></span> <span class='ocrx_word' id='word_1_376' title='bbox 1403 4365 1685 4436; x_wconf 88' lang='lat' dir='ltr'><strong>ipse-Deus</strong></span> <span class='ocrx_word' id='word_1_377' title='bbox 1711 4363 1845 4419; x_wconf 85' lang='lat' dir='ltr'><strong>obli-</strong></span> 
     </span>
    </p>
   </div>
   <div class='ocr_carea' id='block_1_45' title="bbox 237 4458 1843 4532">
    <p class='ocr_par' dir='ltr' id='par_1_45' title="bbox 237 4458 1843 4532">
     <span class='ocr_line' id='line_1_45' title="bbox 237 4458 1843 4532; baseline -0.012 -1"><span class='ocrx_word' id='word_1_378' title='bbox 237 4477 489 4532; x_wconf 68' lang='lat' dir='ltr'><strong>viscetur</strong></span> <span class='ocrx_word' id='word_1_379' title='bbox 519 4469 981 4527; x_wconf 85' lang='lat' dir='ltr'><strong>misericordiam?</strong></span> <span class='ocrx_word' id='word_1_380' title='bbox 1010 4468 1172 4522; x_wconf 65' lang='lat' dir='ltr'><strong>llivus</strong></span> <span class='ocrx_word' id='word_1_381' title='bbox 1201 4463 1366 4519; x_wconf 90' lang='lat' dir='ltr'><strong>currit</strong></span> <span class='ocrx_word' id='word_1_382' title='bbox 1391 4479 1404 4514; x_wconf 92' lang='lat'><strong>:</strong></span> <span class='ocrx_word' id='word_1_383' title='bbox 1430 4460 1546 4515; x_wconf 90' lang='lat' dir='ltr'><strong>fons</strong></span> <span class='ocrx_word' id='word_1_384' title='bbox 1581 4461 1693 4530; x_wconf 87' lang='lat' dir='ltr'><strong>ipse</strong></span> <span class='ocrx_word' id='word_1_385' title='bbox 1735 4458 1843 4512; x_wconf 87' lang='lat' dir='ltr'><strong>sic-</strong></span> 
     </span>
    </p>
   </div>
   <div class='ocr_carea' id='block_1_46' title="bbox 235 4552 1843 4626">
    <p class='ocr_par' dir='ltr' id='par_1_46' title="bbox 235 4552 1843 4626">
     <span class='ocr_line' id='line_1_46' title="bbox 235 4552 1843 4626; baseline -0.012 -2"><span class='ocrx_word' id='word_1_386' title='bbox 235 4566 504 4626; x_wconf 74' lang='lat' dir='ltr'><strong>(rabitur?</strong></span> <span class='ocrx_word' id='word_1_387' title='bbox 532 4565 633 4618; x_wconf 79' lang='lat' dir='ltr'><strong>Aut</strong></span> <span class='ocrx_word' id='word_1_388' title='bbox 664 4564 977 4617; x_wconf 82' lang='lat' dir='ltr'><strong>obliviscetur</strong></span> <span class='ocrx_word' id='word_1_389' title='bbox 1009 4557 1232 4613; x_wconf 86' lang='lat' dir='ltr'><strong>misereri</strong></span> <span class='ocrx_word' id='word_1_390' title='bbox 1266 4554 1437 4609; x_wconf 86' lang='lat' dir='ltr'><strong>Deus?</strong></span> <span class='ocrx_word' id='word_1_391' title='bbox 1465 4563 1550 4606; x_wconf 87' lang='lat' dir='ltr'><strong>aut</strong></span> <span class='ocrx_word' id='word_1_392' title='bbox 1579 4552 1843 4605; x_wconf 87' lang='lat' dir='ltr'><strong>continebit</strong></span> 
     </span>
    </p>
   </div>
   <div class='ocr_carea' id='block_1_47' title="bbox 235 4645 1840 4715">
    <p class='ocr_par' dir='ltr' id='par_1_47' title="bbox 235 4645 1840 4715">
     <span class='ocr_line' id='line_1_47' title="bbox 235 4645 1840 4715; baseline -0.012 0"><span class='ocrx_word' id='word_1_393' title='bbox 235 4661 290 4715; x_wconf 85' lang='lat' dir='ltr'><strong>in</strong></span> <span class='ocrx_word' id='word_1_394' title='bbox 320 4661 408 4714; x_wconf 89' lang='lat' dir='ltr'><strong>ira</strong></span> <span class='ocrx_word' id='word_1_395' title='bbox 437 4655 790 4711; x_wconf 85' lang='lat' dir='ltr'><strong>miserationes</strong></span> <span class='ocrx_word' id='word_1_396' title='bbox 819 4651 976 4706; x_wconf 85' lang='lat' dir='ltr'><strong>suas?</strong></span> <span class='ocrx_word' id='word_1_397' title='bbox 1007 4650 1056 4703; x_wconf 90' lang='lat' dir='ltr'><strong>id</strong></span> <span class='ocrx_word' id='word_1_398' title='bbox 1089 4658 1190 4712; x_wconf 82' lang='lat' dir='ltr'><strong>est,</strong></span> <span class='ocrx_word' id='word_1_399' title='bbox 1231 4646 1310 4700; x_wconf 90' lang='lat' dir='ltr'><strong>sic</strong></span> <span class='ocrx_word' id='word_1_400' title='bbox 1345 4645 1620 4707; x_wconf 86' lang='lat' dir='ltr'><strong>irascetur,</strong></span> <span class='ocrx_word' id='word_1_401' title='bbox 1649 4650 1708 4696; x_wconf 93' lang='lat' dir='ltr'><strong>ut</strong></span> <span class='ocrx_word' id='word_1_402' title='bbox 1734 4657 1840 4696; x_wconf 92' lang='lat' dir='ltr'><strong>non</strong></span> 
     </span>
    </p>
   </div>
   <div class='ocr_carea' id='block_1_48' title="bbox 235 4733 1832 4809">
    <p class='ocr_par' dir='ltr' id='par_1_48' title="bbox 235 4733 1832 4809">
     <span class='ocr_line' id='line_1_48' title="bbox 235 4733 1832 4809; baseline -0.013 -1"><span class='ocrx_word' id='word_1_403' title='bbox 235 4749 611 4808; x_wconf 76' lang='lat' dir='ltr'><strong>misereatur?</strong></span> <span class='ocrx_word' id='word_1_404' title='bbox 655 4747 882 4803; x_wconf 85' lang='lat' dir='ltr'><strong>Facilius</strong></span> <span class='ocrx_word' id='word_1_405' title='bbox 920 4743 1009 4798; x_wconf 88' lang='lat' dir='ltr'><strong>ille</strong></span> <span class='ocrx_word' id='word_1_406' title='bbox 1048 4742 1179 4796; x_wconf 91' lang='lat' dir='ltr'><strong>iram</strong></span> <span class='ocrx_word' id='word_1_407' title='bbox 1219 4752 1376 4809; x_wconf 88' lang='lat' dir='ltr'><strong>quam</strong></span> <span class='ocrx_word' id='word_1_408' title='bbox 1412 4733 1832 4790; x_wconf 88' lang='lat' dir='ltr'><strong>misericordiam</strong></span> 
     </span>
    </p>
   </div>
   <div class='ocr_carea' id='block_1_49' title="bbox 232 4827 1842 4907">
    <p class='ocr_par' dir='ltr' id='par_1_49' title="bbox 232 4827 1842 4907">
     <span class='ocr_line' id='line_1_49' title="bbox 232 4827 1842 4907; baseline -0.012 -7"><span class='ocrx_word' id='word_1_409' title='bbox 232 4842 569 4900; x_wconf 85' lang='lat' dir='ltr'><strong>continebit.</strong></span> <span class='ocrx_word' id='word_1_410' title='bbox 601 4839 714 4894; x_wconf 87' lang='lat' dir='ltr'><strong>lloc</strong></span> <span class='ocrx_word' id='word_1_411' title='bbox 750 4847 804 4892; x_wconf 92' lang='lat' dir='ltr'><strong>et</strong></span> <span class='ocrx_word' id='word_1_412' title='bbox 842 4851 937 4907; x_wconf 81' lang='lat' dir='ltr'><strong>per</strong></span> <span class='ocrx_word' id='word_1_413' title='bbox 982 4834 1166 4888; x_wconf 86' lang='lat' dir='ltr'><strong>Isaiam</strong></span> <span class='ocrx_word' id='word_1_414' title='bbox 1203 4831 1445 4886; x_wconf 80' lang='lat' dir='ltr'><strong>dixerat:</strong></span> <span class='ocrx_word' id='word_1_415' title='bbox 1473 4827 1594 4882; x_wconf 85' lang='lat' dir='ltr'><strong>Non</strong></span> <span class='ocrx_word' id='word_1_416' title='bbox 1617 4828 1669 4880; x_wconf 89' lang='lat' dir='ltr'><strong>in</strong></span> <span class='ocrx_word' id='word_1_417' title='bbox 1699 4835 1842 4881; x_wconf 65' lang='lat' dir='ltr'><strong>aeter-</strong></span> 
     </span>
    </p>
   </div>
   <div class='ocr_carea' id='block_1_50' title="bbox 231 4919 1842 4996">
    <p class='ocr_par' dir='ltr' id='par_1_50' title="bbox 231 4919 1842 4996">
     <span class='ocr_line' id='line_1_50' title="bbox 231 4919 1842 4996; baseline -0.012 -7"><span class='ocrx_word' id='word_1_418' title='bbox 231 4955 362 4990; x_wconf 85' lang='lat' dir='ltr'><strong>num</strong></span> <span class='ocrx_word' id='word_1_419' title='bbox 392 4933 587 4988; x_wconf 72' lang='lat' dir='ltr'><strong>uindex</strong></span> <span class='ocrx_word' id='word_1_420' title='bbox 605 4933 659 4986; x_wconf 92' lang='lat' dir='ltr'><strong>in</strong></span> <span class='ocrx_word' id='word_1_421' title='bbox 683 4930 817 4984; x_wconf 77' lang='lat' dir='ltr'><strong>vobis</strong></span> <span class='ocrx_word' id='word_1_422' title='bbox 841 4943 946 4995; x_wconf 87' lang='lat' dir='ltr'><strong>cro,</strong></span> <span class='ocrx_word' id='word_1_423' title='bbox 973 4940 1132 4996; x_wconf 83' lang='lat' dir='ltr'><strong>neque</strong></span> <span class='ocrx_word' id='word_1_424' title='bbox 1158 4939 1246 4994; x_wconf 87' lang='lat' dir='ltr'><strong>per</strong></span> <span class='ocrx_word' id='word_1_425' title='bbox 1269 4937 1415 4975; x_wconf 87' lang='lat' dir='ltr'><strong>omne</strong></span> <span class='ocrx_word' id='word_1_426' title='bbox 1436 4928 1630 4990; x_wconf 87' lang='lat' dir='ltr'><strong>tempus</strong></span> <span class='ocrx_word' id='word_1_427' title='bbox 1651 4919 1842 4971; x_wconf 87' lang='lat' dir='ltr'><strong>irascar</strong></span> 
     </span>
    </p>
   </div>
   <div class='ocr_carea' id='block_1_51' title="bbox 231 5011 1837 5095">
    <p class='ocr_par' dir='ltr' id='par_1_51' title="bbox 231 5011 1837 5095">
     <span class='ocr_line' id='line_1_51' title="bbox 231 5011 1837 5095; baseline -0.012 -13"><span class='ocrx_word' id='word_1_428' title='bbox 231 5032 404 5085; x_wconf 80' lang='lat' dir='ltr'><strong>rubis.</strong></span> <span class='ocrx_word' id='word_1_429' title='bbox 441 5028 557 5084; x_wconf 86' lang='lat' dir='ltr'><strong>Hoc</strong></span> <span class='ocrx_word' id='word_1_430' title='bbox 581 5034 636 5081; x_wconf 91' lang='lat' dir='ltr'><strong>et</strong></span> <span class='ocrx_word' id='word_1_431' title='bbox 663 5031 1007 5095; x_wconf 86' lang='lat' dir='ltr'><strong>posteaquam</strong></span> <span class='ocrx_word' id='word_1_432' title='bbox 1033 5018 1184 5084; x_wconf 77' lang='lat' dir='ltr'><strong>dixit,</strong></span> <span class='ocrx_word' id='word_1_433' title='bbox 1218 5015 1352 5070; x_wconf 83' lang='lat' dir='ltr'><strong>Abiit</strong></span> <span class='ocrx_word' id='word_1_434' title='bbox 1373 5013 1549 5078; x_wconf 88' lang='lat' dir='ltr'><strong>tristis,</strong></span> <span class='ocrx_word' id='word_1_435' title='bbox 1581 5022 1626 5064; x_wconf 91' lang='lat' dir='ltr'><strong>et</strong></span> <span class='ocrx_word' id='word_1_436' title='bbox 1657 5011 1837 5064; x_wconf 86' lang='lat' dir='ltr'><strong>ambu-</strong></span> 
     </span>
    </p>
   </div>
   <div class='ocr_carea' id='block_1_52' title="bbox 229 5104 1839 5183">
    <p class='ocr_par' dir='ltr' id='par_1_52' title="bbox 229 5104 1839 5183">
     <span class='ocr_line' id='line_1_52' title="bbox 229 5104 1839 5183; baseline -0.012 -5"><span class='ocrx_word' id='word_1_437' title='bbox 229 5125 361 5178; x_wconf 77' lang='lat' dir='ltr'><strong>lavit</strong></span> <span class='ocrx_word' id='word_1_438' title='bbox 405 5121 520 5176; x_wconf 76' lang='lat' dir='ltr'><strong>uias</strong></span> <span class='ocrx_word' id='word_1_439' title='bbox 561 5134 702 5173; x_wconf 90' lang='lat' dir='ltr'><strong>suas.</strong></span> <span class='ocrx_word' id='word_1_440' title='bbox 753 5115 903 5180; x_wconf 83' lang='lat' dir='ltr'><strong>Vias,</strong></span> <span class='ocrx_word' id='word_1_441' title='bbox 940 5112 1127 5183; x_wconf 89' lang='lat' dir='ltr'><strong>inquit,</strong></span> <span class='ocrx_word' id='word_1_442' title='bbox 1157 5110 1266 5180; x_wconf 80' lang='lat' dir='ltr'><strong>ejus</strong></span> <span class='ocrx_word' id='word_1_443' title='bbox 1289 5107 1410 5171; x_wconf 81' lang='lat' dir='ltr'><strong>vidi,</strong></span> <span class='ocrx_word' id='word_1_444' title='bbox 1451 5115 1498 5160; x_wconf 90' lang='lat' dir='ltr'><strong>et</strong></span> <span class='ocrx_word' id='word_1_445' title='bbox 1523 5104 1697 5159; x_wconf 83' lang='lat' dir='ltr'><strong>sanari</strong></span> <span class='ocrx_word' id='word_1_446' title='bbox 1723 5120 1839 5158; x_wconf 87' lang='lat' dir='ltr'><strong>eum</strong></span> 
     </span>
    </p>
   </div>
   <div class='ocr_carea' id='block_1_53' title="bbox 233 5197 1840 5290">
    <p class='ocr_par' dir='ltr' id='par_1_53' title="bbox 233 5197 1840 5290">
     <span class='ocr_line' id='line_1_53' title="bbox 233 5197 1840 5290; baseline -0.011 -20"><span class='ocrx_word' id='word_1_447' title='bbox 233 5215 404 5290; x_wconf 86' lang='lat' dir='ltr'><strong>(lsai.</strong></span> <span class='ocrx_word' id='word_1_448' title='bbox 441 5227 570 5279; x_wconf 79' lang='lat' dir='ltr'><strong>Lvu,</strong></span> <span class='ocrx_word' id='word_1_449' title='bbox 602 5210 810 5281; x_wconf 87' lang='grc'><strong>16-18).</strong></span> <span class='ocrx_word' id='word_1_450' title='bbox 836 5207 949 5264; x_wconf 83' lang='lat' dir='ltr'><strong>Hoc</strong></span> <span class='ocrx_word' id='word_1_451' title='bbox 973 5206 1058 5261; x_wconf 92' lang='lat' dir='ltr'><strong>ubi</strong></span> <span class='ocrx_word' id='word_1_452' title='bbox 1080 5203 1326 5275; x_wconf 87' lang='lat' dir='ltr'><strong>cognovit</strong></span> <span class='ocrx_word' id='word_1_453' title='bbox 1351 5202 1471 5265; x_wconf 89' lang='lat' dir='ltr'><strong>iste,</strong></span> <span class='ocrx_word' id='word_1_454' title='bbox 1517 5197 1840 5253; x_wconf 88' lang='lat' dir='ltr'><strong>transcendit</strong></span> 
     </span>
    </p>
   </div>
   <div class='ocr_carea' id='block_1_54' title="bbox 229 5293 1836 5366">
    <p class='ocr_par' dir='ltr' id='par_1_54' title="bbox 229 5293 1836 5366">
     <span class='ocr_line' id='line_1_54' title="bbox 229 5293 1836 5366; baseline -0.014 -1"><span class='ocrx_word' id='word_1_455' title='bbox 229 5319 289 5365; x_wconf 89' lang='lat' dir='ltr'><strong>et</strong></span> <span class='ocrx_word' id='word_1_456' title='bbox 320 5325 388 5365; x_wconf 88' lang='lat' dir='ltr'><strong>se</strong></span> <span class='ocrx_word' id='word_1_457' title='bbox 440 5305 743 5361; x_wconf 90' lang='lat' dir='ltr'><strong>delectatus</strong></span> <span class='ocrx_word' id='word_1_458' title='bbox 768 5303 820 5357; x_wconf 90' lang='lat' dir='ltr'><strong>in</strong></span> <span class='ocrx_word' id='word_1_459' title='bbox 850 5301 980 5366; x_wconf 89' lang='lat' dir='ltr'><strong>Deo,</strong></span> <span class='ocrx_word' id='word_1_460' title='bbox 1011 5299 1177 5353; x_wconf 89' lang='lat' dir='ltr'><strong>utubi</strong></span> <span class='ocrx_word' id='word_1_461' title='bbox 1206 5305 1372 5362; x_wconf 88' lang='lat' dir='ltr'><strong>esset,</strong></span> <span class='ocrx_word' id='word_1_462' title='bbox 1405 5305 1458 5350; x_wconf 90' lang='lat' dir='ltr'><strong>et</strong></span> <span class='ocrx_word' id='word_1_463' title='bbox 1486 5294 1537 5348; x_wconf 90' lang='lat' dir='ltr'><strong>in</strong></span> <span class='ocrx_word' id='word_1_464' title='bbox 1564 5293 1680 5362; x_wconf 87' lang='lat' dir='ltr'><strong>ejus</strong></span> <span class='ocrx_word' id='word_1_465' title='bbox 1705 5305 1836 5360; x_wconf 80' lang='lat' dir='ltr'><strong>ope-</strong></span> 
     </span>
    </p>
   </div>
   <div class='ocr_carea' id='block_1_55' title="bbox 230 5384 1840 5469">
    <p class='ocr_par' dir='ltr' id='par_1_55' title="bbox 230 5384 1840 5469">
     <span class='ocr_line' id='line_1_55' title="bbox 230 5384 1840 5469; baseline -0.011 -11"><span class='ocrx_word' id='word_1_466' title='bbox 230 5403 394 5458; x_wconf 82' lang='lat' dir='ltr'><strong>ribus</strong></span> <span class='ocrx_word' id='word_1_467' title='bbox 443 5397 617 5469; x_wconf 85' lang='lat' dir='ltr'><strong>magis</strong></span> <span class='ocrx_word' id='word_1_468' title='bbox 653 5394 914 5466; x_wconf 83' lang='lat' dir='ltr'><strong>garriret;</strong></span> <span class='ocrx_word' id='word_1_469' title='bbox 956 5405 1059 5445; x_wconf 91' lang='lat' dir='ltr'><strong>non</strong></span> <span class='ocrx_word' id='word_1_470' title='bbox 1091 5391 1141 5443; x_wconf 93' lang='lat' dir='ltr'><strong>in</strong></span> <span class='ocrx_word' id='word_1_471' title='bbox 1173 5389 1359 5458; x_wconf 85' lang='lat' dir='ltr'><strong>spiritu</strong></span> <span class='ocrx_word' id='word_1_472' title='bbox 1401 5403 1521 5452; x_wconf 90' lang='lat' dir='ltr'><strong>suo,</strong></span> <span class='ocrx_word' id='word_1_473' title='bbox 1548 5401 1654 5441; x_wconf 89' lang='lat' dir='ltr'><strong>non</strong></span> <span class='ocrx_word' id='word_1_474' title='bbox 1695 5384 1746 5439; x_wconf 92' lang='lat' dir='ltr'><strong>in</strong></span> <span class='ocrx_word' id='word_1_475' title='bbox 1773 5398 1840 5440; x_wconf 90' lang='lat' dir='ltr'><strong>eo</strong></span> 
     </span>
    </p>
   </div>
   <div class='ocr_carea' id='block_1_56' title="bbox 230 5478 1838 5570">
    <p class='ocr_par' dir='ltr' id='par_1_56' title="bbox 230 5478 1838 5570">
     <span class='ocr_line' id='line_1_56' title="bbox 230 5478 1838 5570; baseline -0.014 -16"><span class='ocrx_word' id='word_1_476' title='bbox 230 5497 385 5570; x_wconf 82' lang='lat' dir='ltr'><strong>quod</strong></span> <span class='ocrx_word' id='word_1_477' title='bbox 425 5501 566 5559; x_wconf 90' lang='lat' dir='ltr'><strong>erat,</strong></span> <span class='ocrx_word' id='word_1_478' title='bbox 601 5489 693 5546; x_wconf 90' lang='lat' dir='ltr'><strong>sed</strong></span> <span class='ocrx_word' id='word_1_479' title='bbox 722 5489 773 5543; x_wconf 91' lang='lat' dir='ltr'><strong>in</strong></span> <span class='ocrx_word' id='word_1_480' title='bbox 802 5501 866 5542; x_wconf 91' lang='lat' dir='ltr'><strong>eo</strong></span> <span class='ocrx_word' id='word_1_481' title='bbox 891 5501 918 5539; x_wconf 87' lang='lat' dir='ltr'><strong>a</strong></span> <span class='ocrx_word' id='word_1_482' title='bbox 944 5499 1051 5555; x_wconf 90' lang='lat' dir='ltr'><strong>quo</strong></span> <span class='ocrx_word' id='word_1_483' title='bbox 1085 5481 1256 5536; x_wconf 91' lang='lat' dir='ltr'><strong>factus</strong></span> <span class='ocrx_word' id='word_1_484' title='bbox 1293 5490 1425 5534; x_wconf 87' lang='lat' dir='ltr'><strong>erat.</strong></span> <span class='ocrx_word' id='word_1_485' title='bbox 1458 5479 1524 5533; x_wconf 82' lang='lat' dir='ltr'><strong>Et</strong></span> <span class='ocrx_word' id='word_1_486' title='bbox 1559 5478 1679 5534; x_wconf 89' lang='lat' dir='ltr'><strong>hinc</strong></span> <span class='ocrx_word' id='word_1_487' title='bbox 1711 5491 1838 5546; x_wconf 86' lang='lat' dir='ltr'><strong>ergo</strong></span> 
     </span>
    </p>
   </div>
   <div class='ocr_carea' id='block_1_57' title="bbox 234 5569 1837 5641">
    <p class='ocr_par' dir='ltr' id='par_1_57' title="bbox 234 5569 1837 5641">
     <span class='ocr_line' id='line_1_57' title="bbox 234 5569 1837 5641; baseline -0.009 -1"><span class='ocrx_word' id='word_1_488' title='bbox 234 5584 564 5641; x_wconf 86' lang='lat' dir='ltr'><strong>transiliens</strong></span> <span class='ocrx_word' id='word_1_489' title='bbox 590 5578 936 5640; x_wconf 88' lang='lat' dir='ltr'><strong>transcendit.</strong></span> <span class='ocrx_word' id='word_1_490' title='bbox 966 5575 1154 5631; x_wconf 77' lang='lat' dir='ltr'><strong>Videte</strong></span> <span class='ocrx_word' id='word_1_491' title='bbox 1197 5572 1576 5628; x_wconf 88' lang='lat' dir='ltr'><strong>transilientem</strong></span> <span class='ocrx_word' id='word_1_492' title='bbox 1602 5611 1616 5637; x_wconf 95' lang='lat'><strong>,</strong></span> <span class='ocrx_word' id='word_1_493' title='bbox 1661 5569 1837 5625; x_wconf 84' lang='lat' dir='ltr'><strong>videte</strong></span> 
     </span>
    </p>
   </div>
   <div class='ocr_carea' id='block_1_58' title="bbox 301 5753 1836 5824">
    <p class='ocr_par' dir='ltr' id='par_1_58' title="bbox 301 5753 1836 5824">
     <span class='ocr_line' id='line_1_58' title="bbox 301 5753 1836 5824; baseline -0.013 -6"><span class='ocrx_word' id='word_1_494' title='bbox 301 5771 316 5803; x_wconf 88' lang='grc'>¹</span> <span class='ocrx_word' id='word_1_495' title='bbox 348 5765 500 5824; x_wconf 77' lang='lat' dir='ltr'><strong>Edd.,</strong></span> <span class='ocrx_word' id='word_1_496' title='bbox 524 5761 904 5817; x_wconf 81' lang='lat' dir='ltr'><strong>misericordiam</strong></span> <span class='ocrx_word' id='word_1_497' title='bbox 927 5771 1064 5811; x_wconf 77' lang='lat' dir='ltr'><strong>suam</strong></span> <span class='ocrx_word' id='word_1_498' title='bbox 1085 5771 1104 5808; x_wconf 91' lang='lat'><strong>:</strong></span> <span class='ocrx_word' id='word_1_499' title='bbox 1129 5765 1180 5808; x_wconf 86' lang='lat' dir='ltr'><strong>et</strong></span> <span class='ocrx_word' id='word_1_500' title='bbox 1202 5758 1252 5808; x_wconf 77' lang='lat' dir='ltr'><strong>in</strong></span> <span class='ocrx_word' id='word_1_501' title='bbox 1275 5754 1594 5818; x_wconf 86' lang='lat' dir='ltr'><strong>subsequenti</strong></span> <span class='ocrx_word' id='word_1_502' title='bbox 1621 5753 1836 5824; x_wconf 75' lang='lat' dir='ltr'><strong>versicu-</strong></span> 
     </span>
    </p>
   </div>
   <div class='ocr_carea' id='block_1_59' title="bbox 235 5815 1836 5893">
    <p class='ocr_par' dir='ltr' id='par_1_59' title="bbox 235 5815 1836 5893">
     <span class='ocr_line' id='line_1_59' title="bbox 235 5815 1836 5893; baseline -0.012 -10"><span class='ocrx_word' id='word_1_503' title='bbox 235 5829 306 5893; x_wconf 83' lang='grc' dir='ltr'><strong>ιυ,</strong></span> <span class='ocrx_word' id='word_1_504' title='bbox 348 5815 408 5882; x_wconf 76' lang='lat' dir='ltr'><strong>in</strong></span> <span class='ocrx_word' id='word_1_505' title='bbox 447 5815 531 5878; x_wconf 8' lang='lat' dir='ltr'><strong>ira?</strong></span> <span class='ocrx_word' id='word_1_506' title='bbox 556 5815 662 5878; x_wconf 81' lang='lat' dir='ltr'><strong>sua.</strong></span> <span class='ocrx_word' id='word_1_507' title='bbox 688 5835 743 5878; x_wconf 80' lang='lat' dir='ltr'><strong>At</strong></span> <span class='ocrx_word' id='word_1_508' title='bbox 782 5823 1012 5876; x_wconf 83' lang='lat' dir='ltr'><strong>meliores</strong></span> <span class='ocrx_word' id='word_1_509' title='bbox 1053 5829 1159 5872; x_wconf 78' lang='lat' dir='ltr'><strong>Mss.</strong></span> <span class='ocrx_word' id='word_1_510' title='bbox 1194 5825 1334 5885; x_wconf 81' lang='lat' dir='ltr'><strong>juxta</strong></span> <span class='ocrx_word' id='word_1_511' title='bbox 1369 5815 1479 5868; x_wconf 75' lang='lat' dir='ltr'><strong>LXX</strong></span> <span class='ocrx_word' id='word_1_512' title='bbox 1509 5829 1603 5867; x_wconf 90' lang='lat' dir='ltr'><strong>non</strong></span> <span class='ocrx_word' id='word_1_513' title='bbox 1637 5815 1836 5874; x_wconf 86' lang='lat' dir='ltr'><strong>addunt,</strong></span> 
     </span>
    </p>
   </div>
   <div class='ocr_carea' id='block_1_60' title="bbox 235 5903 673 5954">
    <p class='ocr_par' dir='ltr' id='par_1_60' title="bbox 235 5903 673 5954">
     <span class='ocr_line' id='line_1_60' title="bbox 235 5903 673 5954; baseline 0 -14"><span class='ocrx_word' id='word_1_514' title='bbox 235 5907 405 5954; x_wconf 78' lang='lat' dir='ltr'><strong>mam,</strong></span> <span class='ocrx_word' id='word_1_515' title='bbox 434 5905 548 5952; x_wconf 79' lang='lat' dir='ltr'><strong>nec,</strong></span> <span class='ocrx_word' id='word_1_516' title='bbox 571 5903 673 5942; x_wconf 84' lang='lat' dir='ltr'><strong>sua.</strong></span> 
     </span>
    </p>
   </div>
   <div class='ocr_carea' id='block_1_61' title="bbox 3421 367 3527 433">
    <p class='ocr_par' dir='ltr' id='par_1_61' title="bbox 3421 367 3527 433">
     <span class='ocr_line' id='line_1_61' title="bbox 3421 367 3527 433; baseline 0.009 -1"><span class='ocrx_word' id='word_1_517' title='bbox 3421 367 3527 433; x_wconf 75' lang='lat'><strong>978</strong></span> 
     </span>
    </p>
   </div>
   <div class='ocr_carea' id='block_1_62' title="bbox 1943 486 3418 560">
    <p class='ocr_par' dir='ltr' id='par_1_62' title="bbox 1943 486 3418 560">
     <span class='ocr_line' id='line_1_62' title="bbox 1943 486 3418 560; baseline 0.003 -18"><span class='ocrx_word' id='word_1_518' title='bbox 1943 486 1990 542; x_wconf 88' lang='lat' dir='ltr'><strong>si</strong></span> <span class='ocrx_word' id='word_1_519' title='bbox 2017 496 2290 542; x_wconf 89' lang='lat' dir='ltr'><strong>remaneat</strong></span> <span class='ocrx_word' id='word_1_520' title='bbox 2315 486 2509 542; x_wconf 91' lang='lat' dir='ltr'><strong>alicubi</strong></span> <span class='ocrx_word' id='word_1_521' title='bbox 2535 502 2808 558; x_wconf 88' lang='lat' dir='ltr'><strong>quousque</strong></span> <span class='ocrx_word' id='word_1_522' title='bbox 2830 487 3102 560; x_wconf 88' lang='lat' dir='ltr'><strong>perveniat</strong></span> <span class='ocrx_word' id='word_1_523' title='bbox 3128 488 3196 546; x_wconf 90' lang='lat' dir='ltr'><strong>ad</strong></span> <span class='ocrx_word' id='word_1_524' title='bbox 3226 489 3418 547; x_wconf 84' lang='lat' dir='ltr'><strong>Deum.</strong></span> 
     </span>
    </p>
   </div>
   <div class='ocr_carea' id='block_1_63' title="bbox 2018 578 3526 656">
    <p class='ocr_par' dir='ltr' id='par_1_63' title="bbox 2018 578 3526 656">
     <span class='ocr_line' id='line_1_63' title="bbox 2018 578 3526 656; baseline 0.004 -20"><span class='ocrx_word' id='word_1_525' title='bbox 2018 580 2102 636; x_wconf 72' lang='grc'><strong>12.</strong></span> <span class='ocrx_word' id='word_1_526' title='bbox 2133 579 2281 654; x_wconf 80' lang='lat' dir='ltr'><strong>[uers.</strong></span> <span class='ocrx_word' id='word_1_527' title='bbox 2316 579 2428 654; x_wconf 93' lang='grc'><strong>11.]</strong></span> <span class='ocrx_word' id='word_1_528' title='bbox 2478 578 2546 634; x_wconf 80' lang='lat' dir='ltr'><strong>Et</strong></span> <span class='ocrx_word' id='word_1_529' title='bbox 2591 581 2718 636; x_wconf 72' lang='lat' dir='ltr'><strong>dixi.</strong></span> <span class='ocrx_word' id='word_1_530' title='bbox 2761 580 2878 637; x_wconf 80' lang='lat' dir='ltr'><strong>Jam</strong></span> <span class='ocrx_word' id='word_1_531' title='bbox 2919 583 3152 654; x_wconf 88' lang='lat' dir='ltr'><strong>seipsum</strong></span> <span class='ocrx_word' id='word_1_532' title='bbox 3197 585 3526 656; x_wconf 88' lang='lat' dir='ltr'><strong>transiliens,</strong></span> 
     </span>
    </p>
   </div>
   <div class='ocr_carea' id='block_1_64' title="bbox 1942 673 3528 746">
    <p class='ocr_par' dir='ltr' id='par_1_64' title="bbox 1942 673 3528 746">
     <span class='ocr_line' id='line_1_64' title="bbox 1942 673 3528 746; baseline 0.005 -18"><span class='ocrx_word' id='word_1_533' title='bbox 1942 674 2069 744; x_wconf 89' lang='lat' dir='ltr'><strong>quid</strong></span> <span class='ocrx_word' id='word_1_534' title='bbox 2097 675 2271 729; x_wconf 80' lang='lat' dir='ltr'><strong>dixit?</strong></span> <span class='ocrx_word' id='word_1_535' title='bbox 2299 673 2453 730; x_wconf 84' lang='lat' dir='ltr'><strong>Nunc</strong></span> <span class='ocrx_word' id='word_1_536' title='bbox 2471 691 2596 746; x_wconf 66' lang='lat' dir='ltr'><strong>capt</strong></span> <span class='ocrx_word' id='word_1_537' title='bbox 2615 689 2769 730; x_wconf 89' lang='lat' dir='ltr'><strong>:cum</strong></span> <span class='ocrx_word' id='word_1_538' title='bbox 2795 679 3141 734; x_wconf 81' lang='lat' dir='ltr'><strong>excessissent</strong></span> <span class='ocrx_word' id='word_1_539' title='bbox 3167 689 3220 734; x_wconf 91' lang='lat' dir='ltr'><strong>et</strong></span> <span class='ocrx_word' id='word_1_540' title='bbox 3243 695 3347 734; x_wconf 90' lang='lat' dir='ltr'><strong>me.</strong></span> <span class='ocrx_word' id='word_1_541' title='bbox 3374 679 3528 736; x_wconf 79' lang='lat' dir='ltr'><strong>Nunc</strong></span> 
     </span>
    </p>
   </div>
   <div class='ocr_carea' id='block_1_65' title="bbox 1943 766 3529 839">
    <p class='ocr_par' dir='ltr' id='par_1_65' title="bbox 1943 766 3529 839">
     <span class='ocr_line' id='line_1_65' title="bbox 1943 766 3529 839; baseline 0.008 -21"><span class='ocrx_word' id='word_1_542' title='bbox 1943 766 2091 835; x_wconf 64' lang='lat' dir='ltr'><strong>coepi.</strong></span> <span class='ocrx_word' id='word_1_543' title='bbox 2153 767 2248 822; x_wconf 89' lang='lat' dir='ltr'><strong>Hic</strong></span> <span class='ocrx_word' id='word_1_544' title='bbox 2290 768 2400 838; x_wconf 88' lang='lat' dir='ltr'><strong>jam</strong></span> <span class='ocrx_word' id='word_1_545' title='bbox 2451 768 2656 823; x_wconf 88' lang='lat' dir='ltr'><strong>nullum</strong></span> <span class='ocrx_word' id='word_1_546' title='bbox 2698 769 2992 839; x_wconf 86' lang='lat' dir='ltr'><strong>periculum</strong></span> <span class='ocrx_word' id='word_1_547' title='bbox 3042 781 3124 828; x_wconf 88' lang='lat' dir='ltr'><strong>est</strong></span> <span class='ocrx_word' id='word_1_548' title='bbox 3159 791 3172 827; x_wconf 92' lang='lat'><strong>:</strong></span> <span class='ocrx_word' id='word_1_549' title='bbox 3203 788 3325 827; x_wconf 90' lang='lat' dir='ltr'><strong>nam</strong></span> <span class='ocrx_word' id='word_1_550' title='bbox 3371 784 3426 830; x_wconf 91' lang='lat' dir='ltr'><strong>et</strong></span> <span class='ocrx_word' id='word_1_551' title='bbox 3473 775 3529 830; x_wconf 74' lang='lat' dir='ltr'><strong>in</strong></span> 
     </span>
    </p>
   </div>
   <div class='ocr_carea' id='block_1_66' title="bbox 1943 862 3530 934">
    <p class='ocr_par' dir='ltr' id='par_1_66' title="bbox 1943 862 3530 934">
     <span class='ocr_line' id='line_1_66' title="bbox 1943 862 3530 934; baseline 0.003 -18"><span class='ocrx_word' id='word_1_552' title='bbox 1943 862 2149 931; x_wconf 88' lang='lat' dir='ltr'><strong>meipso</strong></span> <span class='ocrx_word' id='word_1_553' title='bbox 2201 875 2520 928; x_wconf 87' lang='lat' dir='ltr'><strong>remanere,</strong></span> <span class='ocrx_word' id='word_1_554' title='bbox 2576 862 2868 934; x_wconf 90' lang='lat' dir='ltr'><strong>periculum</strong></span> <span class='ocrx_word' id='word_1_555' title='bbox 2916 863 3033 919; x_wconf 88' lang='lat' dir='ltr'><strong>fuit.</strong></span> <span class='ocrx_word' id='word_1_556' title='bbox 3082 862 3148 918; x_wconf 84' lang='lat' dir='ltr'><strong>Et</strong></span> <span class='ocrx_word' id='word_1_557' title='bbox 3191 866 3299 920; x_wconf 76' lang='lat' dir='ltr'><strong>dixi</strong></span> <span class='ocrx_word' id='word_1_558' title='bbox 3325 883 3343 920; x_wconf 93' lang='lat'><strong>:</strong></span> <span class='ocrx_word' id='word_1_559' title='bbox 3375 865 3530 922; x_wconf 87' lang='lat' dir='ltr'><strong>Nune</strong></span> 
     </span>
    </p>
   </div>
   <div class='ocr_carea' id='block_1_67' title="bbox 1943 946 3531 1024">
    <p class='ocr_par' dir='ltr' id='par_1_67' title="bbox 1943 946 3531 1024">
     <span class='ocr_line' id='line_1_67' title="bbox 1943 946 3531 1024; baseline 0.006 -17"><span class='ocrx_word' id='word_1_560' title='bbox 1943 954 2102 1024; x_wconf 64' lang='lat' dir='ltr'><strong>coepi;</strong></span> <span class='ocrx_word' id='word_1_561' title='bbox 2140 954 2248 1008; x_wconf 68' lang='lat' dir='ltr'><strong>hac</strong></span> <span class='ocrx_word' id='word_1_562' title='bbox 2289 964 2359 1010; x_wconf 88' lang='lat' dir='ltr'><strong>est</strong></span> <span class='ocrx_word' id='word_1_563' title='bbox 2397 955 2677 1010; x_wconf 89' lang='lat' dir='ltr'><strong>immutatio</strong></span> <span class='ocrx_word' id='word_1_564' title='bbox 2721 956 2940 1010; x_wconf 59' lang='lat' dir='ltr'><strong>dextere</strong></span> <span class='ocrx_word' id='word_1_565' title='bbox 2983 946 3201 1011; x_wconf 71' lang='lat' dir='ltr'><strong>Excelsi.</strong></span> <span class='ocrx_word' id='word_1_566' title='bbox 3246 959 3400 1014; x_wconf 82' lang='lat' dir='ltr'><strong>Modo</strong></span> <span class='ocrx_word' id='word_1_567' title='bbox 3444 976 3531 1016; x_wconf 86' lang='lat' dir='ltr'><strong>me</strong></span> 
     </span>
    </p>
   </div>
   <div class='ocr_carea' id='block_1_68' title="bbox 1943 1048 3529 1123">
    <p class='ocr_par' dir='ltr' id='par_1_68' title="bbox 1943 1048 3529 1123">
     <span class='ocr_line' id='line_1_68' title="bbox 1943 1048 3529 1123; baseline 0.006 -23"><span class='ocrx_word' id='word_1_568' title='bbox 1943 1048 2107 1118; x_wconf 75' lang='lat' dir='ltr'><strong>cmpit</strong></span> <span class='ocrx_word' id='word_1_569' title='bbox 2142 1058 2348 1103; x_wconf 87' lang='lat' dir='ltr'><strong>mutare</strong></span> <span class='ocrx_word' id='word_1_570' title='bbox 2383 1049 2666 1114; x_wconf 86' lang='lat' dir='ltr'><strong>Excelsus;</strong></span> <span class='ocrx_word' id='word_1_571' title='bbox 2700 1050 2862 1105; x_wconf 90' lang='lat' dir='ltr'><strong>modo</strong></span> <span class='ocrx_word' id='word_1_572' title='bbox 2892 1051 3029 1122; x_wconf 75' lang='grc' dir='ltr'><strong>ρωρὶ</strong></span> <span class='ocrx_word' id='word_1_573' title='bbox 3060 1051 3289 1123; x_wconf 89' lang='lat' dir='ltr'><strong>aliquid,</strong></span> <span class='ocrx_word' id='word_1_574' title='bbox 3328 1055 3414 1108; x_wconf 91' lang='lat' dir='ltr'><strong>ubi</strong></span> <span class='ocrx_word' id='word_1_575' title='bbox 3448 1070 3529 1110; x_wconf 82' lang='lat' dir='ltr'><strong>se-</strong></span> 
     </span>
    </p>
   </div>
   <div class='ocr_carea' id='block_1_69' title="bbox 1941 1139 3504 1214">
    <p class='ocr_par' dir='ltr' id='par_1_69' title="bbox 1941 1139 3504 1214">
     <span class='ocr_line' id='line_1_69' title="bbox 1941 1139 3504 1214; baseline 0.003 -20"><span class='ocrx_word' id='word_1_576' title='bbox 1941 1153 2106 1194; x_wconf 90' lang='lat' dir='ltr'><strong>curus</strong></span> <span class='ocrx_word' id='word_1_577' title='bbox 2135 1141 2256 1208; x_wconf 90' lang='lat' dir='ltr'><strong>sim,</strong></span> <span class='ocrx_word' id='word_1_578' title='bbox 2289 1139 2447 1196; x_wconf 91' lang='lat' dir='ltr'><strong>modo</strong></span> <span class='ocrx_word' id='word_1_579' title='bbox 2475 1141 2671 1196; x_wconf 90' lang='lat' dir='ltr'><strong>intravi</strong></span> <span class='ocrx_word' id='word_1_580' title='bbox 2697 1141 2926 1214; x_wconf 87' lang='lat' dir='ltr'><strong>aliquam</strong></span> <span class='ocrx_word' id='word_1_581' title='bbox 2958 1145 3132 1198; x_wconf 83' lang='lat' dir='ltr'><strong>aulain</strong></span> <span class='ocrx_word' id='word_1_582' title='bbox 3158 1145 3171 1174; x_wconf 83' lang='grc'>¹</span> <span class='ocrx_word' id='word_1_583' title='bbox 3195 1144 3504 1214; x_wconf 83' lang='lat' dir='ltr'><strong>gaudiorum</strong></span> 
     </span>
    </p>
   </div>
   <div class='ocr_carea' id='block_1_70' title="bbox 1942 1231 3505 1309">
    <p class='ocr_par' dir='ltr' id='par_1_70' title="bbox 1942 1231 3505 1309">
     <span class='ocr_line' id='line_1_70' title="bbox 1942 1231 3505 1309; baseline 0.003 -22"><span class='ocrx_word' id='word_1_584' title='bbox 1942 1231 2031 1287; x_wconf 91' lang='lat' dir='ltr'><strong>ubi</strong></span> <span class='ocrx_word' id='word_1_585' title='bbox 2061 1233 2237 1287; x_wconf 89' lang='lat' dir='ltr'><strong>nullus</strong></span> <span class='ocrx_word' id='word_1_586' title='bbox 2263 1234 2512 1289; x_wconf 88' lang='lat' dir='ltr'><strong>timeatur</strong></span> <span class='ocrx_word' id='word_1_587' title='bbox 2544 1233 2792 1290; x_wconf 90' lang='lat' dir='ltr'><strong>inimicus</strong></span> <span class='ocrx_word' id='word_1_588' title='bbox 2813 1277 2826 1299; x_wconf 96' lang='lat'><strong>,</strong></span> <span class='ocrx_word' id='word_1_589' title='bbox 2861 1237 3022 1291; x_wconf 91' lang='lat' dir='ltr'><strong>modo</strong></span> <span class='ocrx_word' id='word_1_590' title='bbox 3051 1239 3186 1309; x_wconf 65' lang='lat' dir='ltr'><strong>coepi</strong></span> <span class='ocrx_word' id='word_1_591' title='bbox 3227 1253 3346 1292; x_wconf 91' lang='lat' dir='ltr'><strong>esse</strong></span> <span class='ocrx_word' id='word_1_592' title='bbox 3390 1238 3442 1292; x_wconf 91' lang='lat' dir='ltr'><strong>in</strong></span> <span class='ocrx_word' id='word_1_593' title='bbox 3469 1254 3505 1292; x_wconf 79' lang='lat' dir='ltr'><strong>er</strong></span> 
     </span>
    </p>
   </div>
   <div class='ocr_carea' id='block_1_71' title="bbox 1945 1325 3530 1398">
    <p class='ocr_par' dir='ltr' id='par_1_71' title="bbox 1945 1325 3530 1398">
     <span class='ocr_line' id='line_1_71' title="bbox 1945 1325 3530 1398; baseline 0.004 -19"><span class='ocrx_word' id='word_1_594' title='bbox 1945 1325 2184 1395; x_wconf 87' lang='lat' dir='ltr'><strong>regione,</strong></span> <span class='ocrx_word' id='word_1_595' title='bbox 2231 1325 2318 1380; x_wconf 92' lang='lat' dir='ltr'><strong>ubi</strong></span> <span class='ocrx_word' id='word_1_596' title='bbox 2360 1342 2466 1381; x_wconf 93' lang='lat' dir='ltr'><strong>non</strong></span> <span class='ocrx_word' id='word_1_597' title='bbox 2509 1328 2804 1398; x_wconf 90' lang='lat' dir='ltr'><strong>anticipent</strong></span> <span class='ocrx_word' id='word_1_598' title='bbox 2848 1329 3052 1398; x_wconf 85' lang='lat' dir='ltr'><strong>vigilias</strong></span> <span class='ocrx_word' id='word_1_599' title='bbox 3094 1345 3280 1382; x_wconf 89' lang='lat' dir='ltr'><strong>omnes</strong></span> <span class='ocrx_word' id='word_1_600' title='bbox 3330 1328 3530 1385; x_wconf 87' lang='lat' dir='ltr'><strong>inimici</strong></span> 
     </span>
    </p>
   </div>
   <div class='ocr_carea' id='block_1_72' title="bbox 1941 1419 3531 1489">
    <p class='ocr_par' dir='ltr' id='par_1_72' title="bbox 1941 1419 3531 1489">
     <span class='ocr_line' id='line_1_72' title="bbox 1941 1419 3531 1489; baseline 0.001 -15"><span class='ocrx_word' id='word_1_601' title='bbox 1941 1420 2047 1475; x_wconf 87' lang='lat' dir='ltr'><strong>mei</strong></span> <span class='ocrx_word' id='word_1_602' title='bbox 2073 1438 2086 1474; x_wconf 90' lang='lat'><strong>:</strong></span> <span class='ocrx_word' id='word_1_603' title='bbox 2114 1419 2266 1474; x_wconf 85' lang='lat' dir='ltr'><strong>Nunc</strong></span> <span class='ocrx_word' id='word_1_604' title='bbox 2295 1421 2455 1489; x_wconf 69' lang='lat' dir='ltr'><strong>carpi;</strong></span> <span class='ocrx_word' id='word_1_605' title='bbox 2485 1420 2592 1475; x_wconf 71' lang='lat' dir='ltr'><strong>hac</strong></span> <span class='ocrx_word' id='word_1_606' title='bbox 2625 1431 2698 1476; x_wconf 87' lang='lat' dir='ltr'><strong>est</strong></span> <span class='ocrx_word' id='word_1_607' title='bbox 2733 1421 3016 1476; x_wconf 88' lang='lat' dir='ltr'><strong>immutatio</strong></span> <span class='ocrx_word' id='word_1_608' title='bbox 3057 1423 3275 1477; x_wconf 65' lang='lat' dir='ltr'><strong>dextera</strong></span> <span class='ocrx_word' id='word_1_609' title='bbox 3302 1420 3531 1476; x_wconf 77' lang='lat' dir='ltr'><strong>Excelsi.</strong></span> 
     </span>
    </p>
   </div>
   <div class='ocr_carea' id='block_1_73' title="bbox 2015 1510 3530 1586">
    <p class='ocr_par' dir='ltr' id='par_1_73' title="bbox 2015 1510 3530 1586">
     <span class='ocr_line' id='line_1_73' title="bbox 2015 1510 3530 1586; baseline 0.001 -19"><span class='ocrx_word' id='word_1_610' title='bbox 2015 1512 2102 1567; x_wconf 79' lang='grc'><strong>15.</strong></span> <span class='ocrx_word' id='word_1_611' title='bbox 2150 1511 2298 1584; x_wconf 84' lang='lat' dir='ltr'><strong>[vers.</strong></span> <span class='ocrx_word' id='word_1_612' title='bbox 2353 1510 2466 1586; x_wconf 74' lang='lat'><strong>12.]</strong></span> <span class='ocrx_word' id='word_1_613' title='bbox 2515 1512 2714 1568; x_wconf 77' lang='lat' dir='ltr'><strong>Memor</strong></span> <span class='ocrx_word' id='word_1_614' title='bbox 2764 1515 2841 1586; x_wconf 81' lang='lat' dir='ltr'><strong>fui</strong></span> <span class='ocrx_word' id='word_1_615' title='bbox 2885 1531 3095 1582; x_wconf 87' lang='lat' dir='ltr'><strong>operum</strong></span> <span class='ocrx_word' id='word_1_616' title='bbox 3143 1514 3367 1568; x_wconf 85' lang='lat' dir='ltr'><strong>Domini.</strong></span> <span class='ocrx_word' id='word_1_617' title='bbox 3413 1514 3530 1570; x_wconf 85' lang='lat' dir='ltr'><strong>Jam</strong></span> 
     </span>
    </p>
   </div>
   <div class='ocr_carea' id='block_1_74' title="bbox 1942 1601 3533 1674">
    <p class='ocr_par' dir='ltr' id='par_1_74' title="bbox 1942 1601 3533 1674">
     <span class='ocr_line' id='line_1_74' title="bbox 1942 1601 3533 1674; baseline 0.005 -18"><span class='ocrx_word' id='word_1_618' title='bbox 1942 1601 2118 1657; x_wconf 87' lang='lat' dir='ltr'><strong>videte</strong></span> <span class='ocrx_word' id='word_1_619' title='bbox 2161 1602 2306 1657; x_wconf 91' lang='lat' dir='ltr'><strong>illum</strong></span> <span class='ocrx_word' id='word_1_620' title='bbox 2353 1604 2570 1673; x_wconf 87' lang='lat' dir='ltr'><strong>spatiari</strong></span> <span class='ocrx_word' id='word_1_621' title='bbox 2612 1603 2663 1658; x_wconf 93' lang='lat' dir='ltr'><strong>in</strong></span> <span class='ocrx_word' id='word_1_622' title='bbox 2703 1605 2954 1674; x_wconf 88' lang='lat' dir='ltr'><strong>operibus</strong></span> <span class='ocrx_word' id='word_1_623' title='bbox 2997 1605 3225 1659; x_wconf 87' lang='lat' dir='ltr'><strong>Domini.</strong></span> <span class='ocrx_word' id='word_1_624' title='bbox 3251 1605 3533 1664; x_wconf 70' lang='lat' dir='ltr'><strong>Garriebat</strong></span> 
     </span>
    </p>
   </div>
   <div class='ocr_carea' id='block_1_75' title="bbox 1942 1693 3530 1768">
    <p class='ocr_par' dir='ltr' id='par_1_75' title="bbox 1942 1693 3530 1768">
     <span class='ocr_line' id='line_1_75' title="bbox 1942 1693 3530 1768; baseline 0.001 -16"><span class='ocrx_word' id='word_1_625' title='bbox 1942 1695 2084 1752; x_wconf 89' lang='lat' dir='ltr'><strong>enim</strong></span> <span class='ocrx_word' id='word_1_626' title='bbox 2113 1693 2262 1757; x_wconf 91' lang='lat' dir='ltr'><strong>foris,</strong></span> <span class='ocrx_word' id='word_1_627' title='bbox 2284 1705 2339 1750; x_wconf 93' lang='lat' dir='ltr'><strong>et</strong></span> <span class='ocrx_word' id='word_1_628' title='bbox 2363 1696 2738 1750; x_wconf 75' lang='lat' dir='ltr'><strong>constrisratus</strong></span> <span class='ocrx_word' id='word_1_629' title='bbox 2765 1696 2889 1751; x_wconf 90' lang='lat' dir='ltr'><strong>inde</strong></span> <span class='ocrx_word' id='word_1_630' title='bbox 2915 1696 3112 1752; x_wconf 85' lang='lat' dir='ltr'><strong>defecit</strong></span> <span class='ocrx_word' id='word_1_631' title='bbox 3137 1698 3352 1767; x_wconf 81' lang='lat' dir='ltr'><strong>spiritus</strong></span> <span class='ocrx_word' id='word_1_632' title='bbox 3379 1698 3530 1768; x_wconf 87' lang='lat' dir='ltr'><strong>ejus:</strong></span> 
     </span>
    </p>
   </div>
   <div class='ocr_carea' id='block_1_76' title="bbox 1943 1786 3534 1860">
    <p class='ocr_par' dir='ltr' id='par_1_76' title="bbox 1943 1786 3534 1860">
     <span class='ocr_line' id='line_1_76' title="bbox 1943 1786 3534 1860; baseline 0.004 -20"><span class='ocrx_word' id='word_1_633' title='bbox 1943 1786 2164 1860; x_wconf 91' lang='lat' dir='ltr'><strong>garrivit</strong></span> <span class='ocrx_word' id='word_1_634' title='bbox 2189 1787 2329 1843; x_wconf 89' lang='lat' dir='ltr'><strong>intus</strong></span> <span class='ocrx_word' id='word_1_635' title='bbox 2354 1802 2474 1843; x_wconf 91' lang='lat' dir='ltr'><strong>cum</strong></span> <span class='ocrx_word' id='word_1_636' title='bbox 2503 1789 2665 1843; x_wconf 91' lang='lat' dir='ltr'><strong>corde</strong></span> <span class='ocrx_word' id='word_1_637' title='bbox 2706 1805 2803 1844; x_wconf 90' lang='lat' dir='ltr'><strong>suo</strong></span> <span class='ocrx_word' id='word_1_638' title='bbox 2824 1830 2838 1854; x_wconf 97' lang='lat'><strong>,</strong></span> <span class='ocrx_word' id='word_1_639' title='bbox 2881 1799 2936 1844; x_wconf 88' lang='lat' dir='ltr'><strong>et</strong></span> <span class='ocrx_word' id='word_1_640' title='bbox 2963 1804 3083 1844; x_wconf 91' lang='lat' dir='ltr'><strong>cum</strong></span> <span class='ocrx_word' id='word_1_641' title='bbox 3116 1790 3304 1860; x_wconf 88' lang='lat' dir='ltr'><strong>spiritu</strong></span> <span class='ocrx_word' id='word_1_642' title='bbox 3333 1806 3451 1856; x_wconf 91' lang='lat' dir='ltr'><strong>suo,</strong></span> <span class='ocrx_word' id='word_1_643' title='bbox 3477 1798 3534 1846; x_wconf 86' lang='lat' dir='ltr'><strong>et</strong></span> 
     </span>
    </p>
   </div>
   <div class='ocr_carea' id='block_1_77' title="bbox 1944 1880 3536 1951">
    <p class='ocr_par' dir='ltr' id='par_1_77' title="bbox 1944 1880 3536 1951">
     <span class='ocr_line' id='line_1_77' title="bbox 1944 1880 3536 1951; baseline 0 -15"><span class='ocrx_word' id='word_1_644' title='bbox 1944 1889 2305 1950; x_wconf 84' lang='lat' dir='ltr'><strong>perscrutatus</strong></span> <span class='ocrx_word' id='word_1_645' title='bbox 2353 1880 2597 1935; x_wconf 88' lang='lat' dir='ltr'><strong>eumdem</strong></span> <span class='ocrx_word' id='word_1_646' title='bbox 2647 1881 2891 1951; x_wconf 83' lang='lat' dir='ltr'><strong>spiritum</strong></span> <span class='ocrx_word' id='word_1_647' title='bbox 2940 1896 3134 1946; x_wconf 85' lang='lat' dir='ltr'><strong>suum,</strong></span> <span class='ocrx_word' id='word_1_648' title='bbox 3184 1897 3390 1936; x_wconf 88' lang='lat' dir='ltr'><strong>memor</strong></span> <span class='ocrx_word' id='word_1_649' title='bbox 3437 1881 3536 1936; x_wconf 85' lang='lat' dir='ltr'><strong>fuit</strong></span> 
     </span>
    </p>
   </div>
   <div class='ocr_carea' id='block_1_78' title="bbox 1942 1972 3532 2040">
    <p class='ocr_par' dir='ltr' id='par_1_78' title="bbox 1942 1972 3532 2040">
     <span class='ocr_line' id='line_1_78' title="bbox 1942 1972 3532 2040; baseline 0.001 -12"><span class='ocrx_word' id='word_1_650' title='bbox 1942 1989 2202 2028; x_wconf 88' lang='lat' dir='ltr'><strong>annorum</strong></span> <span class='ocrx_word' id='word_1_651' title='bbox 2246 1983 2566 2029; x_wconf 72' lang='lat' dir='ltr'><strong>mternorum</strong></span> <span class='ocrx_word' id='word_1_652' title='bbox 2591 2015 2606 2040; x_wconf 94' lang='lat'><strong>,</strong></span> <span class='ocrx_word' id='word_1_653' title='bbox 2657 1988 2864 2029; x_wconf 89' lang='lat' dir='ltr'><strong>memor</strong></span> <span class='ocrx_word' id='word_1_654' title='bbox 2891 1972 2991 2028; x_wconf 87' lang='lat' dir='ltr'><strong>fuit</strong></span> <span class='ocrx_word' id='word_1_655' title='bbox 3023 1973 3402 2028; x_wconf 77' lang='lat' dir='ltr'><strong>misericordia:</strong></span> <span class='ocrx_word' id='word_1_656' title='bbox 3431 1973 3532 2030; x_wconf 80' lang='lat' dir='ltr'><strong>Do-</strong></span> 
     </span>
    </p>
   </div>
   <div class='ocr_carea' id='block_1_79' title="bbox 1943 2064 3533 2136">
    <p class='ocr_par' dir='ltr' id='par_1_79' title="bbox 1943 2064 3533 2136">
     <span class='ocr_line' id='line_1_79' title="bbox 1943 2064 3533 2136; baseline 0 -16"><span class='ocrx_word' id='word_1_657' title='bbox 1943 2067 2106 2132; x_wconf 89' lang='lat' dir='ltr'><strong>mini,</strong></span> <span class='ocrx_word' id='word_1_658' title='bbox 2154 2067 2276 2136; x_wconf 90' lang='lat' dir='ltr'><strong>quia</strong></span> <span class='ocrx_word' id='word_1_659' title='bbox 2319 2081 2425 2120; x_wconf 91' lang='lat' dir='ltr'><strong>non</strong></span> <span class='ocrx_word' id='word_1_660' title='bbox 2476 2065 2701 2135; x_wconf 83' lang='lat' dir='ltr'><strong>repellet</strong></span> <span class='ocrx_word' id='word_1_661' title='bbox 2746 2064 3000 2118; x_wconf 87' lang='lat' dir='ltr'><strong>Dominus</strong></span> <span class='ocrx_word' id='word_1_662' title='bbox 3046 2065 3096 2118; x_wconf 94' lang='lat' dir='ltr'><strong>in</strong></span> <span class='ocrx_word' id='word_1_663' title='bbox 3140 2073 3434 2130; x_wconf 75' lang='lat' dir='ltr'><strong>a&#39;tet‘num;</strong></span> <span class='ocrx_word' id='word_1_664' title='bbox 3481 2071 3533 2120; x_wconf 87' lang='lat' dir='ltr'><strong>et</strong></span> 
     </span>
    </p>
   </div>
   <div class='ocr_carea' id='block_1_80' title="bbox 1942 2156 3534 2229">
    <p class='ocr_par' dir='ltr' id='par_1_80' title="bbox 1942 2156 3534 2229">
     <span class='ocr_line' id='line_1_80' title="bbox 1942 2156 3534 2229; baseline -0.003 -15"><span class='ocrx_word' id='word_1_665' title='bbox 1942 2159 2106 2228; x_wconf 63' lang='lat' dir='ltr'><strong>coepit</strong></span> <span class='ocrx_word' id='word_1_666' title='bbox 2124 2160 2232 2228; x_wconf 87' lang='lat' dir='ltr'><strong>jam</strong></span> <span class='ocrx_word' id='word_1_667' title='bbox 2266 2158 2316 2213; x_wconf 92' lang='lat' dir='ltr'><strong>in</strong></span> <span class='ocrx_word' id='word_1_668' title='bbox 2349 2159 2464 2227; x_wconf 91' lang='lat' dir='ltr'><strong>ejus</strong></span> <span class='ocrx_word' id='word_1_669' title='bbox 2493 2158 2745 2229; x_wconf 87' lang='lat' dir='ltr'><strong>operibus</strong></span> <span class='ocrx_word' id='word_1_670' title='bbox 2775 2172 2995 2212; x_wconf 90' lang='lat' dir='ltr'><strong>securus</strong></span> <span class='ocrx_word' id='word_1_671' title='bbox 3025 2156 3277 2228; x_wconf 88' lang='lat' dir='ltr'><strong>gaudere,</strong></span> <span class='ocrx_word' id='word_1_672' title='bbox 3310 2170 3534 2212; x_wconf 77' lang='lat' dir='ltr'><strong>securus</strong></span> 
     </span>
    </p>
   </div>
   <div class='ocr_carea' id='block_1_81' title="bbox 1944 2250 3534 2322">
    <p class='ocr_par' dir='ltr' id='par_1_81' title="bbox 1944 2250 3534 2322">
     <span class='ocr_line' id='line_1_81' title="bbox 1944 2250 3534 2322; baseline -0.003 -13"><span class='ocrx_word' id='word_1_673' title='bbox 1944 2255 2234 2309; x_wconf 80' lang='lat' dir='ltr'><strong>exsultare.</strong></span> <span class='ocrx_word' id='word_1_674' title='bbox 2277 2253 2568 2307; x_wconf 79' lang='lat' dir='ltr'><strong>Audiamus</strong></span> <span class='ocrx_word' id='word_1_675' title='bbox 2591 2252 2702 2322; x_wconf 89' lang='lat' dir='ltr'><strong>jam</strong></span> <span class='ocrx_word' id='word_1_676' title='bbox 2731 2266 2892 2322; x_wconf 87' lang='lat' dir='ltr'><strong>opera</strong></span> <span class='ocrx_word' id='word_1_677' title='bbox 2937 2251 3070 2321; x_wconf 79' lang='lat' dir='ltr'><strong>ipsa,</strong></span> <span class='ocrx_word' id='word_1_678' title='bbox 3115 2260 3167 2305; x_wconf 91' lang='lat' dir='ltr'><strong>et</strong></span> <span class='ocrx_word' id='word_1_679' title='bbox 3207 2250 3534 2305; x_wconf 71' lang='lat' dir='ltr'><strong>exsultesnus</strong></span> 
     </span>
    </p>
   </div>
   <div class='ocr_carea' id='block_1_82' title="bbox 1945 2341 3534 2406">
    <p class='ocr_par' dir='ltr' id='par_1_82' title="bbox 1945 2341 3534 2406">
     <span class='ocr_line' id='line_1_82' title="bbox 1945 2341 3534 2406; baseline -0.003 -5"><span class='ocrx_word' id='word_1_680' title='bbox 1945 2356 1999 2401; x_wconf 87' lang='lat' dir='ltr'><strong>et</strong></span> <span class='ocrx_word' id='word_1_681' title='bbox 2026 2361 2124 2400; x_wconf 94' lang='lat' dir='ltr'><strong>nos</strong></span> <span class='ocrx_word' id='word_1_682' title='bbox 2149 2363 2163 2400; x_wconf 93' lang='lat'><strong>:</strong></span> <span class='ocrx_word' id='word_1_683' title='bbox 2186 2345 2281 2399; x_wconf 91' lang='lat' dir='ltr'><strong>scd</strong></span> <span class='ocrx_word' id='word_1_684' title='bbox 2309 2344 2584 2399; x_wconf 87' lang='lat' dir='ltr'><strong>affectibus</strong></span> <span class='ocrx_word' id='word_1_685' title='bbox 2611 2345 2770 2398; x_wconf 90' lang='lat' dir='ltr'><strong>etiam</strong></span> <span class='ocrx_word' id='word_1_686' title='bbox 2802 2359 2899 2397; x_wconf 93' lang='lat' dir='ltr'><strong>nos</strong></span> <span class='ocrx_word' id='word_1_687' title='bbox 2929 2342 3309 2406; x_wconf 86' lang='lat' dir='ltr'><strong>transiliamus,</strong></span> <span class='ocrx_word' id='word_1_688' title='bbox 3340 2355 3438 2396; x_wconf 91' lang='lat' dir='ltr'><strong>nec</strong></span> <span class='ocrx_word' id='word_1_689' title='bbox 3467 2341 3534 2396; x_wconf 90' lang='lat' dir='ltr'><strong>ad</strong></span> 
     </span>
    </p>
   </div>
   <div class='ocr_carea' id='block_1_83' title="bbox 1947 2432 3537 2510">
    <p class='ocr_par' dir='ltr' id='par_1_83' title="bbox 1947 2432 3537 2510">
     <span class='ocr_line' id='line_1_83' title="bbox 1947 2432 3537 2510; baseline -0.004 -16"><span class='ocrx_word' id='word_1_690' title='bbox 1947 2439 2258 2510; x_wconf 86' lang='lat' dir='ltr'><strong>temporalia</strong></span> <span class='ocrx_word' id='word_1_691' title='bbox 2295 2437 2642 2509; x_wconf 88' lang='lat' dir='ltr'><strong>gaudeamus.</strong></span> <span class='ocrx_word' id='word_1_692' title='bbox 2679 2435 2948 2491; x_wconf 74' lang='lat' dir='ltr'><strong>Habemus</strong></span> <span class='ocrx_word' id='word_1_693' title='bbox 2977 2434 3119 2489; x_wconf 89' lang='lat' dir='ltr'><strong>enim</strong></span> <span class='ocrx_word' id='word_1_694' title='bbox 3150 2444 3204 2488; x_wconf 90' lang='lat' dir='ltr'><strong>et</strong></span> <span class='ocrx_word' id='word_1_695' title='bbox 3231 2447 3328 2488; x_wconf 92' lang='lat' dir='ltr'><strong>nos</strong></span> <span class='ocrx_word' id='word_1_696' title='bbox 3362 2432 3537 2488; x_wconf 88' lang='lat' dir='ltr'><strong>cubile</strong></span> 
     </span>
    </p>
   </div>
   <div class='ocr_carea' id='block_1_84' title="bbox 1945 2524 3536 2598">
    <p class='ocr_par' dir='ltr' id='par_1_84' title="bbox 1945 2524 3536 2598">
     <span class='ocr_line' id='line_1_84' title="bbox 1945 2524 3536 2598; baseline -0.005 -12"><span class='ocrx_word' id='word_1_697' title='bbox 1945 2541 2211 2586; x_wconf 86' lang='lat' dir='ltr'><strong>nostrum.</strong></span> <span class='ocrx_word' id='word_1_698' title='bbox 2259 2532 2435 2598; x_wconf 92' lang='lat' dir='ltr'><strong>Quare</strong></span> <span class='ocrx_word' id='word_1_699' title='bbox 2477 2544 2582 2583; x_wconf 91' lang='lat' dir='ltr'><strong>non</strong></span> <span class='ocrx_word' id='word_1_700' title='bbox 2630 2528 2759 2582; x_wconf 91' lang='lat' dir='ltr'><strong>illuc</strong></span> <span class='ocrx_word' id='word_1_701' title='bbox 2800 2526 3099 2581; x_wconf 86' lang='lat' dir='ltr'><strong>intramus?</strong></span> <span class='ocrx_word' id='word_1_702' title='bbox 3143 2540 3308 2594; x_wconf 90' lang='lat' dir='ltr'><strong>quare</strong></span> <span class='ocrx_word' id='word_1_703' title='bbox 3344 2540 3449 2580; x_wconf 91' lang='lat' dir='ltr'><strong>non</strong></span> <span class='ocrx_word' id='word_1_704' title='bbox 3485 2524 3536 2578; x_wconf 92' lang='lat' dir='ltr'><strong>in</strong></span> 
     </span>
    </p>
   </div>
   <div class='ocr_carea' id='block_1_85' title="bbox 1944 2619 3538 2693">
    <p class='ocr_par' dir='ltr' id='par_1_85' title="bbox 1944 2619 3538 2693">
     <span class='ocr_line' id='line_1_85' title="bbox 1944 2619 3538 2693; baseline -0.006 -14"><span class='ocrx_word' id='word_1_705' title='bbox 1944 2625 2158 2680; x_wconf 90' lang='lat' dir='ltr'><strong>silentio</strong></span> <span class='ocrx_word' id='word_1_706' title='bbox 2178 2623 2418 2693; x_wconf 86' lang='lat' dir='ltr'><strong>agimus?</strong></span> <span class='ocrx_word' id='word_1_707' title='bbox 2443 2636 2608 2692; x_wconf 91' lang='lat' dir='ltr'><strong>quare</strong></span> <span class='ocrx_word' id='word_1_708' title='bbox 2632 2636 2734 2675; x_wconf 92' lang='lat' dir='ltr'><strong>non</strong></span> <span class='ocrx_word' id='word_1_709' title='bbox 2759 2619 3002 2690; x_wconf 81' lang='lat' dir='ltr'><strong>Spiritum</strong></span> <span class='ocrx_word' id='word_1_710' title='bbox 3030 2629 3267 2673; x_wconf 91' lang='lat' dir='ltr'><strong>nostrum</strong></span> <span class='ocrx_word' id='word_1_711' title='bbox 3292 2633 3538 2687; x_wconf 78' lang='lat' dir='ltr'><strong>perscru-</strong></span> 
     </span>
    </p>
   </div>
   <div class='ocr_carea' id='block_1_86' title="bbox 1946 2711 3536 2786">
    <p class='ocr_par' dir='ltr' id='par_1_86' title="bbox 1946 2711 3536 2786">
     <span class='ocr_line' id='line_1_86' title="bbox 1946 2711 3536 2786; baseline -0.003 -16"><span class='ocrx_word' id='word_1_712' title='bbox 1946 2715 2159 2772; x_wconf 91' lang='lat' dir='ltr'><strong>tamur?</strong></span> <span class='ocrx_word' id='word_1_713' title='bbox 2188 2729 2354 2786; x_wconf 89' lang='lat' dir='ltr'><strong>quare</strong></span> <span class='ocrx_word' id='word_1_714' title='bbox 2395 2729 2563 2768; x_wconf 88' lang='lat' dir='ltr'><strong>annos</strong></span> <span class='ocrx_word' id='word_1_715' title='bbox 2591 2721 2821 2766; x_wconf 68' lang='lat' dir='ltr'><strong>aeternos</strong></span> <span class='ocrx_word' id='word_1_716' title='bbox 2860 2727 2964 2766; x_wconf 91' lang='lat' dir='ltr'><strong>non</strong></span> <span class='ocrx_word' id='word_1_717' title='bbox 3006 2711 3343 2780; x_wconf 87' lang='lat' dir='ltr'><strong>cogitamus?</strong></span> <span class='ocrx_word' id='word_1_718' title='bbox 3371 2725 3536 2781; x_wconf 86' lang='lat' dir='ltr'><strong>quare</strong></span> 
     </span>
    </p>
   </div>
   <div class='ocr_carea' id='block_1_87' title="bbox 1946 2801 3534 2878">
    <p class='ocr_par' dir='ltr' id='par_1_87' title="bbox 1946 2801 3534 2878">
     <span class='ocr_line' id='line_1_87' title="bbox 1946 2801 3534 2878; baseline -0.004 -15"><span class='ocrx_word' id='word_1_719' title='bbox 1946 2809 1999 2864; x_wconf 93' lang='lat' dir='ltr'><strong>in</strong></span> <span class='ocrx_word' id='word_1_720' title='bbox 2028 2807 2280 2878; x_wconf 89' lang='lat' dir='ltr'><strong>operibus</strong></span> <span class='ocrx_word' id='word_1_721' title='bbox 2306 2806 2399 2860; x_wconf 89' lang='lat' dir='ltr'><strong>Dei</strong></span> <span class='ocrx_word' id='word_1_722' title='bbox 2429 2821 2534 2859; x_wconf 90' lang='lat' dir='ltr'><strong>non</strong></span> <span class='ocrx_word' id='word_1_723' title='bbox 2563 2803 2844 2859; x_wconf 69' lang='lat' dir='ltr'><strong>lmtamur?</strong></span> <span class='ocrx_word' id='word_1_724' title='bbox 2869 2802 2958 2859; x_wconf 90' lang='lat' dir='ltr'><strong>Sic</strong></span> <span class='ocrx_word' id='word_1_725' title='bbox 2987 2817 3126 2856; x_wconf 92' lang='lat' dir='ltr'><strong>nunc</strong></span> <span class='ocrx_word' id='word_1_726' title='bbox 3154 2801 3452 2867; x_wconf 89' lang='lat' dir='ltr'><strong>audiamus,</strong></span> <span class='ocrx_word' id='word_1_727' title='bbox 3483 2809 3534 2856; x_wconf 90' lang='lat' dir='ltr'><strong>et</strong></span> 
     </span>
    </p>
   </div>
   <div class='ocr_carea' id='block_1_88' title="bbox 1945 2893 3532 2971">
    <p class='ocr_par' dir='ltr' id='par_1_88' title="bbox 1945 2893 3532 2971">
     <span class='ocr_line' id='line_1_88' title="bbox 1945 2893 3532 2971; baseline -0.005 -16"><span class='ocrx_word' id='word_1_728' title='bbox 1945 2901 2062 2971; x_wconf 92' lang='lat' dir='ltr'><strong>ipso</strong></span> <span class='ocrx_word' id='word_1_729' title='bbox 2079 2900 2287 2956; x_wconf 89' lang='lat' dir='ltr'><strong>dicente</strong></span> <span class='ocrx_word' id='word_1_730' title='bbox 2307 2897 2656 2964; x_wconf 88' lang='lat' dir='ltr'><strong>delectemur,</strong></span> <span class='ocrx_word' id='word_1_731' title='bbox 2678 2896 2913 2950; x_wconf 92' lang='lat' dir='ltr'><strong>utetiam</strong></span> <span class='ocrx_word' id='word_1_732' title='bbox 2936 2909 3053 2950; x_wconf 86' lang='lat' dir='ltr'><strong>cuni</strong></span> <span class='ocrx_word' id='word_1_733' title='bbox 3079 2893 3202 2948; x_wconf 90' lang='lat' dir='ltr'><strong>hinc</strong></span> <span class='ocrx_word' id='word_1_734' title='bbox 3223 2893 3532 2960; x_wconf 72' lang='lat' dir='ltr'><strong>abies-imus,</strong></span> 
     </span>
    </p>
   </div>
   <div class='ocr_carea' id='block_1_89' title="bbox 1944 2971 3533 3061">
    <p class='ocr_par' dir='ltr' id='par_1_89' title="bbox 1944 2971 3533 3061">
     <span class='ocr_line' id='line_1_89' title="bbox 1944 2971 3533 3061; baseline -0.004 -15"><span class='ocrx_word' id='word_1_735' title='bbox 1944 2971 2204 3046; x_wconf 79' lang='lat' dir='ltr'><strong>faciamus</strong></span> <span class='ocrx_word' id='word_1_736' title='bbox 2227 2990 2368 3061; x_wconf 90' lang='lat' dir='ltr'><strong>quod</strong></span> <span class='ocrx_word' id='word_1_737' title='bbox 2414 2989 2530 3060; x_wconf 91' lang='lat' dir='ltr'><strong>ipso</strong></span> <span class='ocrx_word' id='word_1_738' title='bbox 2569 2988 2820 3058; x_wconf 85' lang='lat' dir='ltr'><strong>loquente</strong></span> <span class='ocrx_word' id='word_1_739' title='bbox 2864 2985 3214 3050; x_wconf 89' lang='lat' dir='ltr'><strong>faciebamus;</strong></span> <span class='ocrx_word' id='word_1_740' title='bbox 3265 2985 3308 3039; x_wconf 90' lang='lat' dir='ltr'><strong>si</strong></span> <span class='ocrx_word' id='word_1_741' title='bbox 3357 2993 3533 3039; x_wconf 90' lang='lat' dir='ltr'><strong>tamen</strong></span> 
     </span>
    </p>
   </div>
   <div class='ocr_carea' id='block_1_90' title="bbox 1946 3077 3535 3154">
    <p class='ocr_par' dir='ltr' id='par_1_90' title="bbox 1946 3077 3535 3154">
     <span class='ocr_line' id='line_1_90' title="bbox 1946 3077 3535 3154; baseline -0.005 -14"><span class='ocrx_word' id='word_1_742' title='bbox 1946 3085 2167 3140; x_wconf 88' lang='lat' dir='ltr'><strong>facimus</strong></span> <span class='ocrx_word' id='word_1_743' title='bbox 2195 3093 2427 3154; x_wconf 67' lang='lat' dir='ltr'><strong>coeptum</strong></span> <span class='ocrx_word' id='word_1_744' title='bbox 2471 3082 2636 3153; x_wconf 92' lang='lat' dir='ltr'><strong>ipsius</strong></span> <span class='ocrx_word' id='word_1_745' title='bbox 2665 3079 2805 3151; x_wconf 90' lang='lat' dir='ltr'><strong>quod</strong></span> <span class='ocrx_word' id='word_1_746' title='bbox 2837 3079 3005 3134; x_wconf 82' lang='lat' dir='ltr'><strong>dixit:</strong></span> <span class='ocrx_word' id='word_1_747' title='bbox 3033 3077 3184 3132; x_wconf 87' lang='lat' dir='ltr'><strong>Nunc</strong></span> <span class='ocrx_word' id='word_1_748' title='bbox 3213 3078 3359 3148; x_wconf 74' lang='lat' dir='ltr'><strong>ccepi.</strong></span> <span class='ocrx_word' id='word_1_749' title='bbox 3387 3077 3535 3132; x_wconf 82' lang='lat' dir='ltr'><strong>Gau-</strong></span> 
     </span>
    </p>
   </div>
   <div class='ocr_carea' id='block_1_91' title="bbox 1945 3167 3536 3246">
    <p class='ocr_par' dir='ltr' id='par_1_91' title="bbox 1945 3167 3536 3246">
     <span class='ocr_line' id='line_1_91' title="bbox 1945 3167 3536 3246; baseline -0.004 -15"><span class='ocrx_word' id='word_1_750' title='bbox 1945 3176 2074 3232; x_wconf 89' lang='lat' dir='ltr'><strong>dere</strong></span> <span class='ocrx_word' id='word_1_751' title='bbox 2103 3177 2156 3230; x_wconf 91' lang='lat' dir='ltr'><strong>in</strong></span> <span class='ocrx_word' id='word_1_752' title='bbox 2187 3175 2438 3246; x_wconf 89' lang='lat' dir='ltr'><strong>operibus</strong></span> <span class='ocrx_word' id='word_1_753' title='bbox 2467 3173 2583 3240; x_wconf 91' lang='lat' dir='ltr'><strong>Dei,</strong></span> <span class='ocrx_word' id='word_1_754' title='bbox 2629 3181 2709 3228; x_wconf 90' lang='lat' dir='ltr'><strong>est</strong></span> <span class='ocrx_word' id='word_1_755' title='bbox 2738 3171 2975 3226; x_wconf 88' lang='lat' dir='ltr'><strong>oblivisci</strong></span> <span class='ocrx_word' id='word_1_756' title='bbox 3005 3178 3058 3224; x_wconf 92' lang='lat' dir='ltr'><strong>et</strong></span> <span class='ocrx_word' id='word_1_757' title='bbox 3084 3178 3153 3234; x_wconf 91' lang='lat' dir='ltr'><strong>te,</strong></span> <span class='ocrx_word' id='word_1_758' title='bbox 3188 3169 3230 3223; x_wconf 92' lang='lat' dir='ltr'><strong>si</strong></span> <span class='ocrx_word' id='word_1_759' title='bbox 3263 3179 3416 3239; x_wconf 88' lang='lat' dir='ltr'><strong>potes</strong></span> <span class='ocrx_word' id='word_1_760' title='bbox 3445 3167 3536 3224; x_wconf 87' lang='lat' dir='ltr'><strong>illo</strong></span> 
     </span>
    </p>
   </div>
   <div class='ocr_carea' id='block_1_92' title="bbox 1945 3261 3537 3334">
    <p class='ocr_par' dir='ltr' id='par_1_92' title="bbox 1945 3261 3537 3334">
     <span class='ocr_line' id='line_1_92' title="bbox 1945 3261 3537 3334; baseline -0.004 -10"><span class='ocrx_word' id='word_1_761' title='bbox 1945 3269 2062 3324; x_wconf 89' lang='lat' dir='ltr'><strong>solo</strong></span> <span class='ocrx_word' id='word_1_762' title='bbox 2086 3267 2361 3324; x_wconf 83' lang='lat' dir='ltr'><strong>delectari.</strong></span> <span class='ocrx_word' id='word_1_763' title='bbox 2387 3265 2523 3334; x_wconf 87' lang='lat' dir='ltr'><strong>Quid</strong></span> <span class='ocrx_word' id='word_1_764' title='bbox 2545 3266 2685 3321; x_wconf 89' lang='lat' dir='ltr'><strong>enim</strong></span> <span class='ocrx_word' id='word_1_765' title='bbox 2710 3265 2898 3320; x_wconf 92' lang='lat' dir='ltr'><strong>melius</strong></span> <span class='ocrx_word' id='word_1_766' title='bbox 2925 3262 3054 3318; x_wconf 86' lang='lat' dir='ltr'><strong>illo?</strong></span> <span class='ocrx_word' id='word_1_767' title='bbox 3079 3263 3192 3317; x_wconf 86' lang='lat' dir='ltr'><strong>Non</strong></span> <span class='ocrx_word' id='word_1_768' title='bbox 3219 3262 3384 3326; x_wconf 90' lang='lat' dir='ltr'><strong>vides,</strong></span> <span class='ocrx_word' id='word_1_769' title='bbox 3413 3261 3537 3332; x_wconf 86' lang='lat' dir='ltr'><strong>quia</strong></span> 
     </span>
    </p>
   </div>
   <div class='ocr_carea' id='block_1_93' title="bbox 1944 3351 3537 3424">
    <p class='ocr_par' dir='ltr' id='par_1_93' title="bbox 1944 3351 3537 3424">
     <span class='ocr_line' id='line_1_93' title="bbox 1944 3351 3537 3424; baseline -0.006 -6"><span class='ocrx_word' id='word_1_770' title='bbox 1944 3377 2066 3418; x_wconf 90' lang='lat' dir='ltr'><strong>cum</strong></span> <span class='ocrx_word' id='word_1_771' title='bbox 2096 3359 2161 3414; x_wconf 88' lang='lat' dir='ltr'><strong>ad</strong></span> <span class='ocrx_word' id='word_1_772' title='bbox 2210 3369 2260 3414; x_wconf 94' lang='lat' dir='ltr'><strong>te</strong></span> <span class='ocrx_word' id='word_1_773' title='bbox 2305 3359 2485 3424; x_wconf 87' lang='lat' dir='ltr'><strong>redis,</strong></span> <span class='ocrx_word' id='word_1_774' title='bbox 2534 3359 2585 3412; x_wconf 90' lang='lat' dir='ltr'><strong>in</strong></span> <span class='ocrx_word' id='word_1_775' title='bbox 2628 3356 2956 3412; x_wconf 89' lang='lat' dir='ltr'><strong>deteriorem</strong></span> <span class='ocrx_word' id='word_1_776' title='bbox 3003 3353 3186 3410; x_wconf 88' lang='lat' dir='ltr'><strong>redis?</strong></span> <span class='ocrx_word' id='word_1_777' title='bbox 3234 3354 3432 3408; x_wconf 80' lang='lat' dir='ltr'><strong>Memor</strong></span> <span class='ocrx_word' id='word_1_778' title='bbox 3459 3351 3537 3423; x_wconf 79' lang='lat' dir='ltr'><strong>[ui</strong></span> 
     </span>
    </p>
   </div>
   <div class='ocr_carea' id='block_1_94' title="bbox 1945 3446 3534 3526">
    <p class='ocr_par' dir='ltr' id='par_1_94' title="bbox 1945 3446 3534 3526">
     <span class='ocr_line' id='line_1_94' title="bbox 1945 3446 3534 3526; baseline -0.006 -16"><span class='ocrx_word' id='word_1_779' title='bbox 1945 3471 2152 3526; x_wconf 87' lang='lat' dir='ltr'><strong>operum</strong></span> <span class='ocrx_word' id='word_1_780' title='bbox 2177 3453 2554 3526; x_wconf 87' lang='lat' dir='ltr'><strong>Dontini:quia</strong></span> <span class='ocrx_word' id='word_1_781' title='bbox 2590 3468 2779 3506; x_wconf 88' lang='lat' dir='ltr'><strong>memor</strong></span> <span class='ocrx_word' id='word_1_782' title='bbox 2817 3467 2902 3506; x_wconf 87' lang='lat' dir='ltr'><strong>ero</strong></span> <span class='ocrx_word' id='word_1_783' title='bbox 2946 3450 3009 3504; x_wconf 90' lang='lat' dir='ltr'><strong>ab</strong></span> <span class='ocrx_word' id='word_1_784' title='bbox 3042 3449 3186 3504; x_wconf 90' lang='lat' dir='ltr'><strong>initio</strong></span> <span class='ocrx_word' id='word_1_785' title='bbox 3225 3446 3534 3502; x_wconf 80' lang='lat' dir='ltr'><strong>mirabitium</strong></span> 
     </span>
    </p>
   </div>
   <div class='ocr_carea' id='block_1_95' title="bbox 1947 3557 2167 3602">
    <p class='ocr_par' dir='ltr' id='par_1_95' title="bbox 1947 3557 2167 3602">
     <span class='ocr_line' id='line_1_95' title="bbox 1947 3557 2167 3602; baseline -0.005 0"><span class='ocrx_word' id='word_1_786' title='bbox 1947 3557 2167 3602; x_wconf 88' lang='lat' dir='ltr'><strong>tuorum.</strong></span> 
     </span>
    </p>
   </div>
   <div class='ocr_carea' id='block_1_96' title="bbox 2017 3634 3535 3714">
    <p class='ocr_par' dir='ltr' id='par_1_96' title="bbox 2017 3634 3535 3714">
     <span class='ocr_line' id='line_1_96' title="bbox 2017 3634 3535 3714; baseline -0.003 -18"><span class='ocrx_word' id='word_1_787' title='bbox 2017 3642 2104 3696; x_wconf 77' lang='grc'><strong>14.</strong></span> <span class='ocrx_word' id='word_1_788' title='bbox 2151 3639 2303 3714; x_wconf 88' lang='lat' dir='ltr'><strong>[vers.</strong></span> <span class='ocrx_word' id='word_1_789' title='bbox 2343 3637 2456 3711; x_wconf 65' lang='lat'><strong>43.]</strong></span> <span class='ocrx_word' id='word_1_790' title='bbox 2506 3637 2568 3692; x_wconf 86' lang='lat' dir='ltr'><strong>Et</strong></span> <span class='ocrx_word' id='word_1_791' title='bbox 2611 3636 2889 3692; x_wconf 81' lang='lat' dir='ltr'><strong>meditabor</strong></span> <span class='ocrx_word' id='word_1_792' title='bbox 2927 3637 2980 3690; x_wconf 91' lang='lat' dir='ltr'><strong>in</strong></span> <span class='ocrx_word' id='word_1_793' title='bbox 3029 3636 3256 3690; x_wconf 85' lang='lat' dir='ltr'><strong>omnibus</strong></span> <span class='ocrx_word' id='word_1_794' title='bbox 3304 3634 3535 3706; x_wconf 82' lang='lat' dir='ltr'><strong>operibus</strong></span> 
     </span>
    </p>
   </div>
   <div class='ocr_carea' id='block_1_97' title="bbox 1947 3726 3535 3800">
    <p class='ocr_par' dir='ltr' id='par_1_97' title="bbox 1947 3726 3535 3800">
     <span class='ocr_line' id='line_1_97' title="bbox 1947 3726 3535 3800; baseline -0.006 -11"><span class='ocrx_word' id='word_1_795' title='bbox 1947 3736 2082 3800; x_wconf 89' lang='lat' dir='ltr'><strong>tuis,</strong></span> <span class='ocrx_word' id='word_1_796' title='bbox 2135 3743 2181 3788; x_wconf 86' lang='lat' dir='ltr'><strong>et</strong></span> <span class='ocrx_word' id='word_1_797' title='bbox 2225 3734 2278 3787; x_wconf 91' lang='lat' dir='ltr'><strong>in</strong></span> <span class='ocrx_word' id='word_1_798' title='bbox 2322 3729 2669 3800; x_wconf 73' lang='lat' dir='ltr'><strong>a/fectionibus</strong></span> <span class='ocrx_word' id='word_1_799' title='bbox 2713 3729 2813 3783; x_wconf 87' lang='lat' dir='ltr'><strong>tuis</strong></span> <span class='ocrx_word' id='word_1_800' title='bbox 2852 3729 3093 3799; x_wconf 86' lang='lat' dir='ltr'><strong>garriam.</strong></span> <span class='ocrx_word' id='word_1_801' title='bbox 3143 3727 3278 3782; x_wconf 87' lang='lat' dir='ltr'><strong>Ecce</strong></span> <span class='ocrx_word' id='word_1_802' title='bbox 3319 3726 3535 3781; x_wconf 86' lang='lat' dir='ltr'><strong>tertium</strong></span> 
     </span>
    </p>
   </div>
   <div class='ocr_carea' id='block_1_98' title="bbox 1945 3817 3534 3897">
    <p class='ocr_par' dir='ltr' id='par_1_98' title="bbox 1945 3817 3534 3897">
     <span class='ocr_line' id='line_1_98' title="bbox 1945 3817 3534 3897; baseline -0.004 -19"><span class='ocrx_word' id='word_1_803' title='bbox 1945 3825 2169 3897; x_wconf 88' lang='lat' dir='ltr'><strong>garrire.</strong></span> <span class='ocrx_word' id='word_1_804' title='bbox 2213 3823 2446 3880; x_wconf 87' lang='lat' dir='ltr'><strong>Garrivit</strong></span> <span class='ocrx_word' id='word_1_805' title='bbox 2487 3821 2644 3887; x_wconf 89' lang='lat' dir='ltr'><strong>foris,</strong></span> <span class='ocrx_word' id='word_1_806' title='bbox 2684 3819 2898 3892; x_wconf 90' lang='lat' dir='ltr'><strong>quando</strong></span> <span class='ocrx_word' id='word_1_807' title='bbox 2945 3817 3174 3884; x_wconf 92' lang='lat' dir='ltr'><strong>defecit;</strong></span> <span class='ocrx_word' id='word_1_808' title='bbox 3222 3817 3441 3888; x_wconf 90' lang='lat' dir='ltr'><strong>garrivit</strong></span> <span class='ocrx_word' id='word_1_809' title='bbox 3479 3817 3534 3871; x_wconf 91' lang='lat' dir='ltr'><strong>in</strong></span> 
     </span>
    </p>
   </div>
   <div class='ocr_carea' id='block_1_99' title="bbox 1945 3910 3535 3989">
    <p class='ocr_par' dir='ltr' id='par_1_99' title="bbox 1945 3910 3535 3989">
     <span class='ocr_line' id='line_1_99' title="bbox 1945 3910 3535 3989; baseline -0.006 -16"><span class='ocrx_word' id='word_1_810' title='bbox 1945 3918 2136 3989; x_wconf 76' lang='lat' dir='ltr'><strong>Spiritu</strong></span> <span class='ocrx_word' id='word_1_811' title='bbox 2165 3931 2261 3971; x_wconf 93' lang='lat' dir='ltr'><strong>suo</strong></span> <span class='ocrx_word' id='word_1_812' title='bbox 2293 3916 2456 3979; x_wconf 91' lang='lat' dir='ltr'><strong>intus,</strong></span> <span class='ocrx_word' id='word_1_813' title='bbox 2488 3914 2700 3986; x_wconf 91' lang='lat' dir='ltr'><strong>quando</strong></span> <span class='ocrx_word' id='word_1_814' title='bbox 2731 3912 2989 3984; x_wconf 90' lang='lat' dir='ltr'><strong>profecit;</strong></span> <span class='ocrx_word' id='word_1_815' title='bbox 3021 3911 3241 3983; x_wconf 89' lang='lat' dir='ltr'><strong>garrivit</strong></span> <span class='ocrx_word' id='word_1_816' title='bbox 3273 3912 3324 3964; x_wconf 93' lang='lat' dir='ltr'><strong>in</strong></span> <span class='ocrx_word' id='word_1_817' title='bbox 3355 3910 3535 3981; x_wconf 84' lang='lat' dir='ltr'><strong>operi-</strong></span> 
     </span>
    </p>
   </div>
   <div class='ocr_carea' id='block_1_100' title="bbox 1945 4002 3537 4081">
    <p class='ocr_par' dir='ltr' id='par_1_100' title="bbox 1945 4002 3537 4081">
     <span class='ocr_line' id='line_1_100' title="bbox 1945 4002 3537 4081; baseline -0.006 -14"><span class='ocrx_word' id='word_1_818' title='bbox 1945 4011 2045 4067; x_wconf 89' lang='lat' dir='ltr'><strong>bus</strong></span> <span class='ocrx_word' id='word_1_819' title='bbox 2072 4011 2186 4078; x_wconf 90' lang='lat' dir='ltr'><strong>Dei,</strong></span> <span class='ocrx_word' id='word_1_820' title='bbox 2219 4010 2431 4081; x_wconf 89' lang='lat' dir='ltr'><strong>quando</strong></span> <span class='ocrx_word' id='word_1_821' title='bbox 2463 4008 2702 4078; x_wconf 87' lang='lat' dir='ltr'><strong>pervenit</strong></span> <span class='ocrx_word' id='word_1_822' title='bbox 2727 4023 2833 4077; x_wconf 90' lang='lat' dir='ltr'><strong>quo</strong></span> <span class='ocrx_word' id='word_1_823' title='bbox 2865 4005 3103 4075; x_wconf 86' lang='lat' dir='ltr'><strong>profecit.</strong></span> <span class='ocrx_word' id='word_1_824' title='bbox 3137 4003 3204 4058; x_wconf 85' lang='lat' dir='ltr'><strong>Et</strong></span> <span class='ocrx_word' id='word_1_825' title='bbox 3228 4005 3280 4057; x_wconf 93' lang='lat' dir='ltr'><strong>in</strong></span> <span class='ocrx_word' id='word_1_826' title='bbox 3309 4002 3537 4071; x_wconf 74' lang='lat' dir='ltr'><strong>affectio-</strong></span> 
     </span>
    </p>
   </div>
   <div class='ocr_carea' id='block_1_101' title="bbox 1949 4095 3535 4172">
    <p class='ocr_par' dir='ltr' id='par_1_101' title="bbox 1949 4095 3535 4172">
     <span class='ocr_line' id='line_1_101' title="bbox 1949 4095 3535 4172; baseline -0.006 -15"><span class='ocrx_word' id='word_1_827' title='bbox 1949 4104 2096 4157; x_wconf 78' lang='lat' dir='ltr'><strong>nibus</strong></span> <span class='ocrx_word' id='word_1_828' title='bbox 2135 4103 2234 4155; x_wconf 90' lang='lat' dir='ltr'><strong>tuis</strong></span> <span class='ocrx_word' id='word_1_829' title='bbox 2276 4103 2500 4172; x_wconf 86' lang='lat' dir='ltr'><strong>garriam</strong></span> <span class='ocrx_word' id='word_1_830' title='bbox 2535 4115 2553 4152; x_wconf 89' lang='lat'><strong>:</strong></span> <span class='ocrx_word' id='word_1_831' title='bbox 2583 4115 2686 4152; x_wconf 90' lang='lat' dir='ltr'><strong>non</strong></span> <span class='ocrx_word' id='word_1_832' title='bbox 2731 4099 2782 4150; x_wconf 93' lang='lat' dir='ltr'><strong>in</strong></span> <span class='ocrx_word' id='word_1_833' title='bbox 2825 4097 3193 4150; x_wconf 72' lang='lat' dir='ltr'><strong>affectionibus</strong></span> <span class='ocrx_word' id='word_1_834' title='bbox 3223 4095 3374 4148; x_wconf 79' lang='lat' dir='ltr'><strong>meis.</strong></span> <span class='ocrx_word' id='word_1_835' title='bbox 3406 4095 3535 4161; x_wconf 87' lang='lat' dir='ltr'><strong>Quis</strong></span> 
     </span>
    </p>
   </div>
   <div class='ocr_carea' id='block_1_102' title="bbox 1949 4185 3532 4256">
    <p class='ocr_par' dir='ltr' id='par_1_102' title="bbox 1949 4185 3532 4256">
     <span class='ocr_line' id='line_1_102' title="bbox 1949 4185 3532 4256; baseline -0.004 -10"><span class='ocrx_word' id='word_1_836' title='bbox 1949 4194 2078 4247; x_wconf 86' lang='lat' dir='ltr'><strong>vivit</strong></span> <span class='ocrx_word' id='word_1_837' title='bbox 2103 4192 2222 4245; x_wconf 91' lang='lat' dir='ltr'><strong>sine</strong></span> <span class='ocrx_word' id='word_1_838' title='bbox 2248 4189 2658 4244; x_wconf 83' lang='lat' dir='ltr'><strong>affectionibus?</strong></span> <span class='ocrx_word' id='word_1_839' title='bbox 2689 4189 2752 4242; x_wconf 81' lang='lat' dir='ltr'><strong>Et</strong></span> <span class='ocrx_word' id='word_1_840' title='bbox 2784 4188 2999 4256; x_wconf 89' lang='lat' dir='ltr'><strong>putatis,</strong></span> <span class='ocrx_word' id='word_1_841' title='bbox 3047 4185 3262 4250; x_wconf 87' lang='lat' dir='ltr'><strong>fratres,</strong></span> <span class='ocrx_word' id='word_1_842' title='bbox 3295 4186 3416 4253; x_wconf 91' lang='lat' dir='ltr'><strong>quia</strong></span> <span class='ocrx_word' id='word_1_843' title='bbox 3443 4185 3532 4254; x_wconf 92' lang='lat' dir='ltr'><strong>qui</strong></span> 
     </span>
    </p>
   </div>
   <div class='ocr_carea' id='block_1_103' title="bbox 1948 4276 3534 4346">
    <p class='ocr_par' dir='ltr' id='par_1_103' title="bbox 1948 4276 3534 4346">
     <span class='ocr_line' id='line_1_103' title="bbox 1948 4276 3534 4346; baseline -0.005 -8"><span class='ocrx_word' id='word_1_844' title='bbox 1948 4284 2116 4338; x_wconf 91' lang='lat' dir='ltr'><strong>Deum</strong></span> <span class='ocrx_word' id='word_1_845' title='bbox 2151 4283 2374 4345; x_wconf 91' lang='lat' dir='ltr'><strong>timent,</strong></span> <span class='ocrx_word' id='word_1_846' title='bbox 2420 4281 2586 4336; x_wconf 89' lang='lat' dir='ltr'><strong>Deum</strong></span> <span class='ocrx_word' id='word_1_847' title='bbox 2625 4279 2842 4343; x_wconf 90' lang='lat' dir='ltr'><strong>colunt,</strong></span> <span class='ocrx_word' id='word_1_848' title='bbox 2892 4278 3057 4332; x_wconf 85' lang='lat' dir='ltr'><strong>Deum</strong></span> <span class='ocrx_word' id='word_1_849' title='bbox 3088 4277 3326 4346; x_wconf 86' lang='lat' dir='ltr'><strong>diligunt,</strong></span> <span class='ocrx_word' id='word_1_850' title='bbox 3360 4276 3534 4330; x_wconf 87' lang='lat' dir='ltr'><strong>nullas</strong></span> 
     </span>
    </p>
   </div>
   <div class='ocr_carea' id='block_1_104' title="bbox 1947 4367 3534 4439">
    <p class='ocr_par' dir='ltr' id='par_1_104' title="bbox 1947 4367 3534 4439">
     <span class='ocr_line' id='line_1_104' title="bbox 1947 4367 3534 4439; baseline -0.004 -10"><span class='ocrx_word' id='word_1_851' title='bbox 1947 4375 2144 4430; x_wconf 89' lang='lat' dir='ltr'><strong>habent</strong></span> <span class='ocrx_word' id='word_1_852' title='bbox 2169 4371 2517 4428; x_wconf 82' lang='lat' dir='ltr'><strong>affectiones?</strong></span> <span class='ocrx_word' id='word_1_853' title='bbox 2546 4371 2703 4438; x_wconf 81' lang='lat' dir='ltr'><strong>Vere,</strong></span> <span class='ocrx_word' id='word_1_854' title='bbox 2737 4369 2838 4424; x_wconf 88' lang='lat' dir='ltr'><strong>hoc</strong></span> <span class='ocrx_word' id='word_1_855' title='bbox 2864 4367 3073 4439; x_wconf 89' lang='lat' dir='ltr'><strong>putabis</strong></span> <span class='ocrx_word' id='word_1_856' title='bbox 3092 4409 3106 4433; x_wconf 91' lang='lat'><strong>,</strong></span> <span class='ocrx_word' id='word_1_857' title='bbox 3139 4375 3193 4423; x_wconf 84' lang='lat' dir='ltr'><strong>et</strong></span> <span class='ocrx_word' id='word_1_858' title='bbox 3220 4376 3408 4436; x_wconf 89' lang='lat' dir='ltr'><strong>putare</strong></span> <span class='ocrx_word' id='word_1_859' title='bbox 3433 4382 3534 4427; x_wconf 77' lang='lat' dir='ltr'><strong>au-</strong></span> 
     </span>
    </p>
   </div>
   <div class='ocr_carea' id='block_1_105' title="bbox 1948 4459 3528 4536">
    <p class='ocr_par' dir='ltr' id='par_1_105' title="bbox 1948 4459 3528 4536">
     <span class='ocr_line' id='line_1_105' title="bbox 1948 4459 3528 4536; baseline -0.004 -14"><span class='ocrx_word' id='word_1_860' title='bbox 1948 4466 2117 4533; x_wconf 87' lang='lat' dir='ltr'><strong>debis,</strong></span> <span class='ocrx_word' id='word_1_861' title='bbox 2147 4465 2287 4536; x_wconf 88' lang='lat' dir='ltr'><strong>quod</strong></span> <span class='ocrx_word' id='word_1_862' title='bbox 2312 4463 2620 4519; x_wconf 83' lang='lat' dir='ltr'><strong>affectiones</strong></span> <span class='ocrx_word' id='word_1_863' title='bbox 2647 4463 2836 4517; x_wconf 86' lang='lat' dir='ltr'><strong>habeat</strong></span> <span class='ocrx_word' id='word_1_864' title='bbox 2879 4460 3075 4523; x_wconf 88' lang='lat' dir='ltr'><strong>tabula,</strong></span> <span class='ocrx_word' id='word_1_865' title='bbox 3119 4459 3405 4525; x_wconf 91' lang='lat' dir='ltr'><strong>theatrum,</strong></span> <span class='ocrx_word' id='word_1_866' title='bbox 3432 4476 3528 4516; x_wconf 83' lang='lat' dir='ltr'><strong>ve-</strong></span> 
     </span>
    </p>
   </div>
   <div class='ocr_carea' id='block_1_106' title="bbox 1947 4550 3528 4627">
    <p class='ocr_par' dir='ltr' id='par_1_106' title="bbox 1947 4550 3528 4627">
     <span class='ocr_line' id='line_1_106' title="bbox 1947 4550 3528 4627; baseline -0.003 -15"><span class='ocrx_word' id='word_1_867' title='bbox 1947 4560 2109 4623; x_wconf 90' lang='lat' dir='ltr'><strong>natio,</strong></span> <span class='ocrx_word' id='word_1_868' title='bbox 2139 4557 2438 4626; x_wconf 89' lang='lat' dir='ltr'><strong>aucupium,</strong></span> <span class='ocrx_word' id='word_1_869' title='bbox 2468 4556 2721 4627; x_wconf 83' lang='lat' dir='ltr'><strong>piscatus,</strong></span> <span class='ocrx_word' id='word_1_870' title='bbox 2750 4562 2803 4606; x_wconf 78' lang='lat' dir='ltr'><strong>ct</strong></span> <span class='ocrx_word' id='word_1_871' title='bbox 2830 4568 2932 4606; x_wconf 93' lang='lat' dir='ltr'><strong>non</strong></span> <span class='ocrx_word' id='word_1_872' title='bbox 2960 4550 3188 4607; x_wconf 87' lang='lat' dir='ltr'><strong>habeant</strong></span> <span class='ocrx_word' id='word_1_873' title='bbox 3212 4566 3371 4618; x_wconf 87' lang='lat' dir='ltr'><strong>opera</strong></span> <span class='ocrx_word' id='word_1_874' title='bbox 3398 4552 3528 4607; x_wconf 76' lang='lat' dir='ltr'><strong>Dei?</strong></span> 
     </span>
    </p>
   </div>
   <div class='ocr_carea' id='block_1_107' title="bbox 1945 4639 3527 4706">
    <p class='ocr_par' dir='ltr' id='par_1_107' title="bbox 1945 4639 3527 4706">
     <span class='ocr_line' id='line_1_107' title="bbox 1945 4639 3527 4706; baseline -0.005 -1"><span class='ocrx_word' id='word_1_875' title='bbox 1945 4660 1998 4706; x_wconf 89' lang='lat' dir='ltr'><strong>et</strong></span> <span class='ocrx_word' id='word_1_876' title='bbox 2039 4665 2143 4704; x_wconf 89' lang='lat' dir='ltr'><strong>non</strong></span> <span class='ocrx_word' id='word_1_877' title='bbox 2191 4647 2381 4702; x_wconf 88' lang='lat' dir='ltr'><strong>habeat</strong></span> <span class='ocrx_word' id='word_1_878' title='bbox 2425 4645 2695 4700; x_wconf 85' lang='lat' dir='ltr'><strong>meditatio</strong></span> <span class='ocrx_word' id='word_1_879' title='bbox 2749 4644 2840 4697; x_wconf 86' lang='lat' dir='ltr'><strong>Dei</strong></span> <span class='ocrx_word' id='word_1_880' title='bbox 2890 4642 3169 4696; x_wconf 89' lang='lat' dir='ltr'><strong>interiores</strong></span> <span class='ocrx_word' id='word_1_881' title='bbox 3215 4639 3527 4697; x_wconf 82' lang='lat' dir='ltr'><strong>affectiones</strong></span> 
     </span>
    </p>
   </div>
   <div class='ocr_carea' id='block_1_108' title="bbox 1946 4733 3532 4814">
    <p class='ocr_par' dir='ltr' id='par_1_108' title="bbox 1946 4733 3532 4814">
     <span class='ocr_line' id='line_1_108' title="bbox 1946 4733 3532 4814; baseline -0.005 -18"><span class='ocrx_word' id='word_1_882' title='bbox 1946 4741 2200 4814; x_wconf 88' lang='lat' dir='ltr'><strong>quasdam</strong></span> <span class='ocrx_word' id='word_1_883' title='bbox 2241 4754 2382 4804; x_wconf 90' lang='lat' dir='ltr'><strong>suas,</strong></span> <span class='ocrx_word' id='word_1_884' title='bbox 2431 4753 2547 4792; x_wconf 90' lang='lat' dir='ltr'><strong>cum</strong></span> <span class='ocrx_word' id='word_1_885' title='bbox 2598 4735 2873 4804; x_wconf 81' lang='lat' dir='ltr'><strong>inspicitur</strong></span> <span class='ocrx_word' id='word_1_886' title='bbox 2911 4733 3173 4796; x_wconf 92' lang='lat' dir='ltr'><strong>mundus,</strong></span> <span class='ocrx_word' id='word_1_887' title='bbox 3221 4743 3273 4787; x_wconf 92' lang='lat' dir='ltr'><strong>et</strong></span> <span class='ocrx_word' id='word_1_888' title='bbox 3313 4735 3532 4804; x_wconf 90' lang='lat' dir='ltr'><strong>ponitur</strong></span> 
     </span>
    </p>
   </div>
   <div class='ocr_carea' id='block_1_109' title="bbox 1946 4823 3532 4898">
    <p class='ocr_par' dir='ltr' id='par_1_109' title="bbox 1946 4823 3532 4898">
     <span class='ocr_line' id='line_1_109' title="bbox 1946 4823 3532 4898; baseline -0.005 -12"><span class='ocrx_word' id='word_1_889' title='bbox 1946 4841 2068 4886; x_wconf 90' lang='lat' dir='ltr'><strong>ante</strong></span> <span class='ocrx_word' id='word_1_890' title='bbox 2099 4831 2282 4885; x_wconf 87' lang='lat' dir='ltr'><strong>oculos</strong></span> <span class='ocrx_word' id='word_1_891' title='bbox 2329 4828 2690 4898; x_wconf 90' lang='lat' dir='ltr'><strong>spectaculum</strong></span> <span class='ocrx_word' id='word_1_892' title='bbox 2739 4834 2938 4878; x_wconf 77' lang='lat' dir='ltr'><strong>natura:</strong></span> <span class='ocrx_word' id='word_1_893' title='bbox 2988 4838 3205 4890; x_wconf 92' lang='lat' dir='ltr'><strong>rerum,</strong></span> <span class='ocrx_word' id='word_1_894' title='bbox 3254 4830 3308 4878; x_wconf 92' lang='lat' dir='ltr'><strong>et</strong></span> <span class='ocrx_word' id='word_1_895' title='bbox 3350 4823 3401 4878; x_wconf 92' lang='lat' dir='ltr'><strong>in</strong></span> <span class='ocrx_word' id='word_1_896' title='bbox 3451 4825 3532 4879; x_wconf 91' lang='lat' dir='ltr'><strong>his</strong></span> 
     </span>
    </p>
   </div>
   <div class='ocr_carea' id='block_1_110' title="bbox 1945 4914 3530 4995">
    <p class='ocr_par' dir='ltr' id='par_1_110' title="bbox 1945 4914 3530 4995">
     <span class='ocr_line' id='line_1_110' title="bbox 1945 4914 3530 4995; baseline -0.004 -17"><span class='ocrx_word' id='word_1_897' title='bbox 1945 4923 2200 4995; x_wconf 61' lang='lat' dir='ltr'><strong>quaeritur</strong></span> <span class='ocrx_word' id='word_1_898' title='bbox 2242 4919 2469 4988; x_wconf 82' lang='lat' dir='ltr'><strong>artifex,</strong></span> <span class='ocrx_word' id='word_1_899' title='bbox 2513 4927 2566 4974; x_wconf 91' lang='lat' dir='ltr'><strong>et</strong></span> <span class='ocrx_word' id='word_1_900' title='bbox 2613 4918 2878 4972; x_wconf 89' lang='lat' dir='ltr'><strong>invenitur</strong></span> <span class='ocrx_word' id='word_1_901' title='bbox 2906 4929 3166 4987; x_wconf 89' lang='lat' dir='ltr'><strong>nusquam</strong></span> <span class='ocrx_word' id='word_1_902' title='bbox 3203 4914 3491 4988; x_wconf 90' lang='lat' dir='ltr'><strong>displicens</strong></span> <span class='ocrx_word' id='word_1_903' title='bbox 3514 4960 3530 4984; x_wconf 92' lang='lat'><strong>,</strong></span> 
     </span>
    </p>
   </div>
   <div class='ocr_carea' id='block_1_111' title="bbox 1945 5011 2676 5085">
    <p class='ocr_par' dir='ltr' id='par_1_111' title="bbox 1945 5011 2676 5085">
     <span class='ocr_line' id='line_1_111' title="bbox 1945 5011 2676 5085; baseline -0.011 -13"><span class='ocrx_word' id='word_1_904' title='bbox 1945 5025 1998 5072; x_wconf 91' lang='lat' dir='ltr'><strong>et</strong></span> <span class='ocrx_word' id='word_1_905' title='bbox 2031 5030 2193 5085; x_wconf 90' lang='lat' dir='ltr'><strong>super</strong></span> <span class='ocrx_word' id='word_1_906' title='bbox 2216 5013 2393 5067; x_wconf 91' lang='lat' dir='ltr'><strong>omnia</strong></span> <span class='ocrx_word' id='word_1_907' title='bbox 2420 5011 2676 5082; x_wconf 89' lang='lat' dir='ltr'><strong>placens?</strong></span> 
     </span>
    </p>
   </div>
   <div class='ocr_carea' id='block_1_112' title="bbox 2015 5099 3529 5180">
    <p class='ocr_par' dir='ltr' id='par_1_112' title="bbox 2015 5099 3529 5180">
     <span class='ocr_line' id='line_1_112' title="bbox 2015 5099 3529 5180; baseline -0.006 -17"><span class='ocrx_word' id='word_1_908' title='bbox 2015 5110 2104 5163; x_wconf 82' lang='grc'><strong>15.</strong></span> <span class='ocrx_word' id='word_1_909' title='bbox 2143 5107 2293 5180; x_wconf 85' lang='lat' dir='ltr'><strong>[vers.</strong></span> <span class='ocrx_word' id='word_1_910' title='bbox 2326 5103 2438 5177; x_wconf 75' lang='grc'><strong>14.]</strong></span> <span class='ocrx_word' id='word_1_911' title='bbox 2483 5103 2654 5167; x_wconf 84' lang='lat' dir='ltr'><strong>Deus,</strong></span> <span class='ocrx_word' id='word_1_912' title='bbox 2697 5103 2749 5154; x_wconf 89' lang='lat' dir='ltr'><strong>in</strong></span> <span class='ocrx_word' id='word_1_913' title='bbox 2791 5100 2984 5156; x_wconf 87' lang='lat' dir='ltr'><strong>Sancto</strong></span> <span class='ocrx_word' id='word_1_914' title='bbox 3024 5102 3105 5156; x_wconf 78' lang='lat' dir='ltr'><strong>uia</strong></span> <span class='ocrx_word' id='word_1_915' title='bbox 3149 5106 3278 5155; x_wconf 63' lang='lat' dir='ltr'><strong>tua.”</strong></span> <span class='ocrx_word' id='word_1_916' title='bbox 3313 5099 3529 5169; x_wconf 81' lang='lat' dir='ltr'><strong>Inspicit</strong></span> 
     </span>
    </p>
   </div>
   <div class='ocr_carea' id='block_1_113' title="bbox 1937 5191 3524 5272">
    <p class='ocr_par' dir='ltr' id='par_1_113' title="bbox 1937 5191 3524 5272">
     <span class='ocr_line' id='line_1_113' title="bbox 1937 5191 3524 5272; baseline -0.006 -16"><span class='ocrx_word' id='word_1_917' title='bbox 1937 5200 2048 5272; x_wconf 83' lang='lat' dir='ltr'><strong>jam</strong></span> <span class='ocrx_word' id='word_1_918' title='bbox 2079 5213 2241 5271; x_wconf 92' lang='lat' dir='ltr'><strong>opera</strong></span> <span class='ocrx_word' id='word_1_919' title='bbox 2267 5194 2645 5252; x_wconf 76' lang='lat' dir='ltr'><strong>misericordia:</strong></span> <span class='ocrx_word' id='word_1_920' title='bbox 2675 5193 2764 5248; x_wconf 91' lang='lat' dir='ltr'><strong>Dei</strong></span> <span class='ocrx_word' id='word_1_921' title='bbox 2802 5193 2942 5248; x_wconf 90' lang='lat' dir='ltr'><strong>circa</strong></span> <span class='ocrx_word' id='word_1_922' title='bbox 2985 5207 3102 5259; x_wconf 92' lang='lat' dir='ltr'><strong>nos,</strong></span> <span class='ocrx_word' id='word_1_923' title='bbox 3132 5206 3197 5248; x_wconf 83' lang='lat' dir='ltr'><strong>ex</strong></span> <span class='ocrx_word' id='word_1_924' title='bbox 3223 5191 3307 5246; x_wconf 90' lang='lat' dir='ltr'><strong>his</strong></span> <span class='ocrx_word' id='word_1_925' title='bbox 3330 5191 3524 5261; x_wconf 90' lang='lat' dir='ltr'><strong>garrit,</strong></span> 
     </span>
    </p>
   </div>
   <div class='ocr_carea' id='block_1_114' title="bbox 1943 5285 3517 5354">
    <p class='ocr_par' dir='ltr' id='par_1_114' title="bbox 1943 5285 3517 5354">
     <span class='ocr_line' id='line_1_114' title="bbox 1943 5285 3517 5354; baseline -0.008 -4"><span class='ocrx_word' id='word_1_926' title='bbox 1943 5304 1998 5350; x_wconf 92' lang='lat' dir='ltr'><strong>et</strong></span> <span class='ocrx_word' id='word_1_927' title='bbox 2043 5294 2094 5349; x_wconf 93' lang='lat' dir='ltr'><strong>in</strong></span> <span class='ocrx_word' id='word_1_928' title='bbox 2135 5292 2218 5348; x_wconf 90' lang='lat' dir='ltr'><strong>his</strong></span> <span class='ocrx_word' id='word_1_929' title='bbox 2247 5288 2613 5346; x_wconf 84' lang='lat' dir='ltr'><strong>affectionibus</strong></span> <span class='ocrx_word' id='word_1_930' title='bbox 2651 5287 2901 5342; x_wconf 80' lang='lat' dir='ltr'><strong>exsultat.</strong></span> <span class='ocrx_word' id='word_1_931' title='bbox 2951 5286 3130 5341; x_wconf 88' lang='lat' dir='ltr'><strong>Primo</strong></span> <span class='ocrx_word' id='word_1_932' title='bbox 3177 5285 3300 5340; x_wconf 91' lang='lat' dir='ltr'><strong>inde</strong></span> <span class='ocrx_word' id='word_1_933' title='bbox 3332 5285 3517 5354; x_wconf 74' lang='lat' dir='ltr'><strong>cmpit,</strong></span> 
     </span>
    </p>
   </div>
   <div class='ocr_carea' id='block_1_115' title="bbox 1944 5376 3524 5449">
    <p class='ocr_par' dir='ltr' id='par_1_115' title="bbox 1944 5376 3524 5449">
     <span class='ocr_line' id='line_1_115' title="bbox 1944 5376 3524 5449; baseline -0.008 -7"><span class='ocrx_word' id='word_1_934' title='bbox 1944 5387 2009 5442; x_wconf 81' lang='lat' dir='ltr'><strong>In</strong></span> <span class='ocrx_word' id='word_1_935' title='bbox 2041 5386 2231 5442; x_wconf 89' lang='lat' dir='ltr'><strong>Sancto</strong></span> <span class='ocrx_word' id='word_1_936' title='bbox 2269 5383 2349 5436; x_wconf 84' lang='lat' dir='ltr'><strong>via</strong></span> <span class='ocrx_word' id='word_1_937' title='bbox 2374 5390 2478 5434; x_wconf 88' lang='lat' dir='ltr'><strong>tua.</strong></span> <span class='ocrx_word' id='word_1_938' title='bbox 2509 5380 2638 5449; x_wconf 74' lang='lat' dir='ltr'><strong>Qua:</strong></span> <span class='ocrx_word' id='word_1_939' title='bbox 2671 5381 2752 5435; x_wconf 90' lang='lat' dir='ltr'><strong>via</strong></span> <span class='ocrx_word' id='word_1_940' title='bbox 2792 5390 2876 5435; x_wconf 91' lang='lat' dir='ltr'><strong>tua</strong></span> <span class='ocrx_word' id='word_1_941' title='bbox 2905 5379 2956 5432; x_wconf 93' lang='lat' dir='ltr'><strong>in</strong></span> <span class='ocrx_word' id='word_1_942' title='bbox 2990 5376 3224 5434; x_wconf 85' lang='lat' dir='ltr'><strong>Sancto?</strong></span> <span class='ocrx_word' id='word_1_943' title='bbox 3251 5376 3361 5448; x_wconf 86' lang='lat' dir='ltr'><strong>Ego</strong></span> <span class='ocrx_word' id='word_1_944' title='bbox 3387 5393 3524 5444; x_wconf 87' lang='lat' dir='ltr'><strong>sum,</strong></span> 
     </span>
    </p>
   </div>
   <div class='ocr_carea' id='block_1_116' title="bbox 1944 5469 3530 5552">
    <p class='ocr_par' dir='ltr' id='par_1_116' title="bbox 1944 5469 3530 5552">
     <span class='ocr_line' id='line_1_116' title="bbox 1944 5469 3530 5552; baseline -0.009 -15"><span class='ocrx_word' id='word_1_945' title='bbox 1944 5482 2133 5552; x_wconf 85' lang='lat' dir='ltr'><strong>inquit,</strong></span> <span class='ocrx_word' id='word_1_946' title='bbox 2163 5481 2262 5544; x_wconf 81' lang='lat' dir='ltr'><strong>via,</strong></span> <span class='ocrx_word' id='word_1_947' title='bbox 2291 5476 2489 5542; x_wconf 83' lang='lat' dir='ltr'><strong>ueritas,</strong></span> <span class='ocrx_word' id='word_1_948' title='bbox 2514 5483 2559 5530; x_wconf 89' lang='lat' dir='ltr'><strong>et</strong></span> <span class='ocrx_word' id='word_1_949' title='bbox 2585 5475 2686 5529; x_wconf 86' lang='lat' dir='ltr'><strong>vita</strong></span> <span class='ocrx_word' id='word_1_950' title='bbox 2713 5473 2888 5543; x_wconf 85' lang='lat' dir='ltr'><strong>(Joan.</strong></span> <span class='ocrx_word' id='word_1_951' title='bbox 2917 5487 3023 5537; x_wconf 79' lang='lat' dir='ltr'><strong>xw,</strong></span> <span class='ocrx_word' id='word_1_952' title='bbox 3056 5470 3132 5542; x_wconf 90' lang='lat'><strong>6).</strong></span> <span class='ocrx_word' id='word_1_953' title='bbox 3159 5469 3348 5526; x_wconf 83' lang='lat' dir='ltr'><strong>Redite</strong></span> <span class='ocrx_word' id='word_1_954' title='bbox 3374 5483 3530 5538; x_wconf 81' lang='lat' dir='ltr'><strong>ergo,</strong></span> 
     </span>
    </p>
   </div>
   <div class='ocr_carea' id='block_1_117' title="bbox 1946 5560 3537 5638">
    <p class='ocr_par' dir='ltr' id='par_1_117' title="bbox 1946 5560 3537 5638">
     <span class='ocr_line' id='line_1_117' title="bbox 1946 5560 3537 5638; baseline -0.011 -9"><span class='ocrx_word' id='word_1_955' title='bbox 1946 5574 2212 5638; x_wconf 90' lang='lat' dir='ltr'><strong>homines,</strong></span> <span class='ocrx_word' id='word_1_956' title='bbox 2242 5569 2309 5625; x_wconf 85' lang='lat' dir='ltr'><strong>ab</strong></span> <span class='ocrx_word' id='word_1_957' title='bbox 2338 5567 2705 5624; x_wconf 88' lang='lat' dir='ltr'><strong>affectionibus</strong></span> <span class='ocrx_word' id='word_1_958' title='bbox 2740 5564 2944 5618; x_wconf 86' lang='lat' dir='ltr'><strong>vestris.</strong></span> <span class='ocrx_word' id='word_1_959' title='bbox 2976 5563 3092 5629; x_wconf 88' lang='lat' dir='ltr'><strong>Quo</strong></span> <span class='ocrx_word' id='word_1_960' title='bbox 3123 5560 3252 5616; x_wconf 88' lang='lat' dir='ltr'><strong>itis?</strong></span> <span class='ocrx_word' id='word_1_961' title='bbox 3277 5575 3383 5630; x_wconf 90' lang='lat' dir='ltr'><strong>quo</strong></span> <span class='ocrx_word' id='word_1_962' title='bbox 3403 5575 3537 5636; x_wconf 4' lang='lat' dir='ltr'><strong>cur-g</strong></span> 
     </span>
    </p>
   </div>
   <div class='ocr_carea' id='block_1_118' title="bbox 1944 5649 3524 5736">
    <p class='ocr_par' dir='ltr' id='par_1_118' title="bbox 1944 5649 3524 5736">
     <span class='ocr_line' id='line_1_118' title="bbox 1944 5649 3524 5736; baseline -0.012 -15"><span class='ocrx_word' id='word_1_963' title='bbox 1944 5667 2099 5722; x_wconf 91' lang='lat' dir='ltr'><strong>ritis?</strong></span> <span class='ocrx_word' id='word_1_964' title='bbox 2120 5678 2224 5736; x_wconf 92' lang='lat' dir='ltr'><strong>quo</strong></span> <span class='ocrx_word' id='word_1_965' title='bbox 2251 5677 2356 5717; x_wconf 90' lang='lat' dir='ltr'><strong>non</strong></span> <span class='ocrx_word' id='word_1_966' title='bbox 2383 5661 2552 5715; x_wconf 88' lang='lat' dir='ltr'><strong>solum</strong></span> <span class='ocrx_word' id='word_1_967' title='bbox 2575 5676 2604 5712; x_wconf 93' lang='lat' dir='ltr'><strong>a</strong></span> <span class='ocrx_word' id='word_1_968' title='bbox 2627 5659 2754 5724; x_wconf 89' lang='lat' dir='ltr'><strong>Deo,</strong></span> <span class='ocrx_word' id='word_1_969' title='bbox 2779 5656 2872 5710; x_wconf 87' lang='lat' dir='ltr'><strong>sed</strong></span> <span class='ocrx_word' id='word_1_970' title='bbox 2894 5656 3052 5710; x_wconf 90' lang='lat' dir='ltr'><strong>etiam</strong></span> <span class='ocrx_word' id='word_1_971' title='bbox 3079 5669 3109 5709; x_wconf 92' lang='lat' dir='ltr'><strong>a</strong></span> <span class='ocrx_word' id='word_1_972' title='bbox 3134 5653 3284 5708; x_wconf 89' lang='lat' dir='ltr'><strong>vobis</strong></span> <span class='ocrx_word' id='word_1_973' title='bbox 3297 5649 3524 5736; x_wconf 48' lang='lat' dir='ltr'><strong>uigilis?</strong></span> 
     </span>
    </p>
   </div>
   <div class='ocr_carea' id='block_1_119' title="bbox 1947 5744 3526 5826">
    <p class='ocr_par' dir='ltr' id='par_1_119' title="bbox 1947 5744 3526 5826">
     <span class='ocr_line' id='line_1_119' title="bbox 1947 5744 3526 5826; baseline -0.011 -12"><span class='ocrx_word' id='word_1_974' title='bbox 1947 5757 2154 5822; x_wconf 82' lang='lat' dir='ltr'><strong>Redite,</strong></span> <span class='ocrx_word' id='word_1_975' title='bbox 2190 5752 2643 5826; x_wconf 62' lang='lat' dir='ltr'><strong>pratvaricatorcs,</strong></span> <span class='ocrx_word' id='word_1_976' title='bbox 2675 5747 2740 5803; x_wconf 92' lang='lat' dir='ltr'><strong>ad</strong></span> <span class='ocrx_word' id='word_1_977' title='bbox 2773 5762 2866 5803; x_wconf 88' lang='lat' dir='ltr'><strong>cor</strong></span> <span class='ocrx_word' id='word_1_978' title='bbox 2891 5745 3043 5820; x_wconf 85' lang='lat' dir='ltr'><strong>(lsai.</strong></span> <span class='ocrx_word' id='word_1_979' title='bbox 3075 5761 3219 5815; x_wconf 70' lang='lat' dir='ltr'><strong>XLVI,</strong></span> <span class='ocrx_word' id='word_1_980' title='bbox 3267 5744 3348 5815; x_wconf 70' lang='lat'><strong>8),</strong></span> <span class='ocrx_word' id='word_1_981' title='bbox 3375 5757 3526 5798; x_wconf 83' lang='lat' dir='ltr'><strong>scru-</strong></span> 
     </span>
    </p>
   </div>
   <div class='ocr_carea' id='block_1_120' title="bbox 2008 5870 2718 5928">
    <p class='ocr_par' dir='ltr' id='par_1_120' title="bbox 2008 5870 2718 5928">
     <span class='ocr_line' id='line_1_120' title="bbox 2008 5870 2718 5928; baseline -0.027 0"><span class='ocrx_word' id='word_1_982' title='bbox 2008 5873 2025 5906; x_wconf 82' lang='grc'>¹</span> <span class='ocrx_word' id='word_1_983' title='bbox 2051 5870 2214 5926; x_wconf 76' lang='lat' dir='ltr'><strong>Proba:</strong></span> <span class='ocrx_word' id='word_1_984' title='bbox 2236 5874 2363 5919; x_wconf 73' lang='lat' dir='ltr'><strong>nota:</strong></span> <span class='ocrx_word' id='word_1_985' title='bbox 2378 5872 2512 5928; x_wconf 71' lang='lat' dir='ltr'><strong>Mss,</strong></span> <span class='ocrx_word' id='word_1_986' title='bbox 2533 5873 2718 5913; x_wconf 89' lang='lat' dir='ltr'><strong>auram.</strong></span> 
     </span>
    </p>
   </div>
  </div>
