4076 6512
477 480 601 567 9η-
652 552 657 565 ⁸

480 595 666 651 taurini
706 592 946 663 spiritum
996 596 1265 653 vestrum,
1319 587 1534 647 recolitc
1578 599 1745 643 annos
1791 590 2053 657 teternos,

478 686 714 758 invenite
737 681 1157 745 misericordiam
1185 682 1273 736 Dei
1302 680 1443 735 circa
1476 692 1587 741 vos,
1617 674 1872 739 attendite
1902 689 2060 743 opera

477 777 860 849 misericordiae
885 777 1003 846 ejus
1028 793 1040 828 :
1066 773 1132 828 In
1153 783 1326 828 sancto
1355 774 1434 827 via
1458 771 1592 840 ejus.
1617 769 1735 827 Filii
1766 767 2059 841 hominum,

480 888 758 942 usquequo
777 885 965 941 graves
992 868 1191 925 corde?
1215 866 1339 938 quid
1358 865 1599 936 quzeritis
1624 864 1674 919 in
1695 862 2063 920 aﬂ'ectionibus

372 1014 381 1025 κ
482 963 722 1031 vestris?
746 960 933 1032 utquid
963 960 1179 1030 diligitis
1207 958 1516 1021 vanitatem.
1561 964 1613 1011 ct
1650 953 1885 1025 quaeritis
1915 968 2065 1029 meu-

478 1054 731 1119 dacium?
773 1053 841 1108 Et
877 1054 1066 1117 scitote
1107 1051 1357 1122 quoniam
1408 1047 1763 1119 magniﬁcam
1810 1046 2064 1109 Dominus

479 1147 733 1207 Sanctum
759 1163 910 1203 suum
941 1145 1109 1217 (Psal.
1146 1162 1216 1208 tv,
1240 1145 1295 1211 5,
1318 1144 1375 1212 4)
1403 1162 1413 1197 :
1444 1142 1508 1199 In
1531 1142 1719 1201 Sancto
1740 1141 1819 1201 via
1847 1150 1951 1197 tua.
1984 1138 2062 1194 Ad

481 1242 654 1310 ipsum
702 1238 1238 1309 ergo..attendamus,
1282 1234 1550 1291 Christum
1583 1231 1946 1297 attendamus;
1994 1231 2064 1287 ibi

483 1335 566 1389 via
597 1332 711 1403 ejus
735 1333 751 1364 ¹
777 1350 789 1385 :
814 1331 970 1395 Deus,
1001 1332 1053 1386 in
1086 1331 1272 1386 Sancto
1298 1330 1376 1383 via
1403 1339 1507 1382 tua.
1535 1327 1661 1395 Quis
1681 1326 1814 1380 Deus
1832 1342 2062 1397 magnus,

482 1430 611 1484 sicut
650 1426 787 1481 Deus
814 1427 1032 1493 noster?
1081 1424 1292 1481 Habent
1333 1431 1521 1494 gentes
1570 1420 1881 1477 allectiones
1925 1420 2065 1477 circa

484 1519 612 1591 deos
638 1533 784 1582 suos,
812 1517 950 1573 idola
979 1516 1231 1581 adorant;
1276 1516 1460 1571 oculos
1504 1513 1734 1578 habent,
1774 1520 1829 1568 et
1855 1526 1958 1566 non
1991 1510 2064 1565 ri-

484 1610 642 1677 dent;
675 1626 830 1666 aures
856 1610 1087 1673 habent,
1118 1618 1170 1664 et
1199 1624 1304 1663 non
1340 1592 1595 1671 audiunt;
1641 1604 1806 1676 pedes
1833 1603 2063 1670 habent,

488 1712 543 1763 et
568 1718 673 1758 non
712 1703 987 1758 ambulant
1006 1699 1193 1772 _(Psal.
1221 1716 1367 1765 cxnt,
1395 1700 1538 1768 5-7).
1566 1697 1700 1765 Quid
1733 1696 1973 1751 ambulas
1999 1693 2065 1753 ad

490 1794 645 1851 deum
667 1795 752 1865 qui
781 1809 885 1849 non
912 1792 1182 1849 ambulat?
1207 1791 1345 1855 Non,
1378 1790 1569 1859 inquit,
1594 1804 1654 1843 ea
1685 1788 1823 1843 colo.
1850 1787 1912 1845 Et
1940 1784 2066 1854 quid

491 1886 660 1949 colis?
687 1884 889 1957 Numen
913 1884 1054 1955 quod
1078 1884 1146 1939 ibi
1169 1883 1284 1939 est?
1311 1882 1469 1937 Certe
1494 1881 1595 1936 hoc
1622 1880 1754 1934 colis
1776 1877 1915 1947 quod
1943 1878 2065 1931 alibi

492 1975 684 2043 dictum
711 1986 825 2032 est:
850 1976 1099 2042 Quoniam
1120 1976 1189 2027 dii
1210 1975 1431 2046 gentium
1469 1971 1716 2029 daemonia
1742 1968 1911 2040 (Psal.
1944 1983 2064 2031 xcv,

492 2067 567 2140 Β).
596 2069 700 2122 Aut
727 2067 862 2122 idola
892 2068 1044 2133 colis,
1076 2075 1167 2120 aut
1196 2065 1475 2120 datmonia.
1505 2062 1616 2118 Nec
1645 2062 1803 2124 idola,
1836 2076 1934 2115 nec
1960 2059 2069 2114 ὡυ-

487 2161 686 2229 monia,
721 2158 908 2229 inquit.
941 2159 1008 2213 Et
1033 2157 1156 2229 quid
1198 2157 1363 2212 colis?
1408 2155 1620 2221 Stellas,
1649 2154 1837 2218 solem,
1866 2152 2067 2218 lunam,

488 2251 589 2308 ista
613 2251 873 2321 cotlestia.
903 2250 1111 2317 Quanto
1143 2249 1331 2302 melius
1357 2246 1446 2318 qui
1491 2246 1632 2311 fecit,
1661 2254 1713 2300 et
1743 2254 1951 2300 terrena
1970 2284 1987 2311 ,
2017 2250 2073 2299 et

487 2342 759 2398 cmlestia!
797 2341 923 2408 Quis
947 2340 1081 2394 Deus
1112 2356 1322 2409 magnus
1349 2339 1477 2395 sicut
1507 2336 1645 2391 Deus
1674 2335 1881 2391 noster?

538 2433 648 2505 H16.
684 2408 833 2503 [cei-3.
865 2429 976 2501 15.]
1012 2429 1084 2483 Tn
1124 2446 1175 2483 es
1198 2408 1339 2482 Deus
1366 2428 1450 2499 qui
1477 2428 1604 2499 facis
1630 2426 1882 2481 mirabilia
1909 2427 2067 2481 solus.

486 2523 568 2598 Tu
598 2539 721 2578 vere
751 2537 971 2593 magnus
1013 2522 1179 2587 Deus,
1227 2520 1422 2574 faciens
1453 2518 1712 2577 mirabilia
1742 2518 1792 2573 in
1822 2533 2070 2589 corpore,

392 2626 401 2631 ‘
488 2614 543 2668 in
571 2613 787 2677 anima,
835 2613 980 2666 solus
1023 2611 1240 2666 faciens.
1273 2609 1564 2677 Audierunt
1608 2604 1799 2685 surdi,
1826 2608 2074 2683 viderunt

488 2705 658 2769 ca-ci,
707 2704 1099 2758 convaluerunt
1148 2701 1417 2775 languidi,
1463 2711 1812 2773 surrexerunt
1856 2703 2071 2771 mortui,

487 2796 767 2869 constricti
805 2806 931 2851 sunt
955 2795 1254 2868 paralytici.
1303 2792 1409 2869 sed
1451 2793 1703 2853 miracula
1745 2793 1843 2847 ista
1871 2802 1993 2846 llIIIC
2021 2792 2073 2848 in

488 2866 802 2961 corporibus
844 2905 857 2942 :
897 2866 1174 2942 videamus
1221 2886 1273 2941 in
1318 2866 1515 2959 anima.
1548 2884 1886 2947 Sobriisnnt,
1915 2885 2075 2956 paulo

487 2962 613 3055 ante
639 2982 834 3037 ebriosi
860 2998 875 3048 ;
915 2980 1097 3035 ﬁdeles
1134 2989 1291 3047 sunt,
1327 2979 1487 3051 paulo
1515 2988 1638 3034 ante
1670 2978 1978 3049 adoratores
2004 2978 2076 3033 si-

488 3050 880 3151 mulacrorum;
913 3085 998 3127 res
1016 3087 1148 3147 suas
1169 3071 1371 3143 donant
1396 3068 1735 3144 pauperibus,
1761 3069 1849 3141 qui
1873 3068 2075 3125 alienas

488 3175 615 3239 ante
641 3164 920 3234 rapiebant
945 3182 957 3217 :
987 3163 1110 3229 Quis
1142 3162 1275 3217 Deus
1304 3178 1535 3235 magnus,
1567 3161 1694 3214 sicut
1709 3159 1844 3214 Deus
1870 3160 2078 3216 noster?

487 3253 569 3335 Tu
598 3272 649 3310 es
677 3255 815 3327 Deus
836 3255 921 3329 qui
948 3254 1075 3325 facis
1112 3252 1366 3325 mirabilia
1388 3257 1544 3307 solus.
1578 3252 1726 3307 Fecit
1754 3260 1807 3306 et
1831 3251 2039 3324 Moyses
2058 3292 2073 3321 ,

488 3347 586 3427 sed
616 3363 722 3421 non
750 3348 898 3423 solus
927 3345 1089 3405 :fecit
1116 3356 1168 3401 et
1202 3346 1374 3411 Elias,
1421 3344 1544 3419 fecit
1574 3354 1625 3401 et
1656 3344 1902 3410 Elisrens,
1934 3342 2075 3400 fece-

486 3416 617 3521 runt
641 3416 693 3493 et
718 3418 958 3515 Apostoli
982 3454 994 3503 ;
1023 3437 1116 3495 sed
1146 3437 1319 3492 nullus
1346 3416 1530 3491 eorum
1555 3435 1722 3493 solus.
1751 3435 1829 3513 Illi
1854 3442 1911 3513 nt
1931 3433 2076 3509 face-

488 3542 631 3600 rent,
664 3541 719 3588 tu
743 3548 864 3588 cum
890 3533 1005 3597 eis;
1050 3541 1105 3586 tu
1138 3530 1351 3603 quando
1380 3530 1551 3586 fecisti
1577 3572 1591 3595 ,
1623 3529 1697 3583 illi
1728 3544 1833 3584 non
1858 3538 2073 3607 ‘teeun‘t3

488 3623 607 3711 Non
636 3624 779 3709 enim
800 3632 990 3705 (tecum,
1013 3625 1228 3706 fuerunt
1251 3638 1370 3678 cum
1396 3620 1590 3689 fecisti,
1617 3620 1830 3701 quando
1856 3629 1909 3701 et
1934 3620 2078 3701 ipsos

490 3727 561 3801 tu
575 3717 769 3773 fecisti.
787 3717 863 3772 Tu
882 3735 933 3773 es
951 3716 1089 3773 Deus
1104 3717 1191 3791 qui
1212 3716 1337 3788 facis
1357 3713 1606 3795 mirabilia
1629 3714 1781 3793 solus.
1801 3713 2078 3791 Quomodo

491 3810 676 3891 polus?
703 3810 972 3880 Numquid
1002 3810 1137 3864 forte
1165 3806 1353 3893 Pater,
1387 3816 1442 3863 et
1480 3821 1586 3862 non
1629 3805 1791 3859 Filius
1814 3805 1838 3859 ’ἶ
1860 3805 2080 3883 autFi-

494 3904 619 3971 Iiu‘s,
651 3912 706 3958 et
735 3919 840 3977 non
878 3903 1066 3979 Pater?
1096 3901 1207 3957 lmo
1236 3902 1429 3965 Pater,
1463 3909 1516 3957 et
1541 3899 1728 3964 Filius,
1771 3908 1829 3955 et.
1851 3898 2078 3973 Spiritus

491 4005 730 4063 sanctus.
752 3994 834 4049 Tu
853 4012 904 4073 es
926 3994 1066 4048 Deus
1086 3995 1174 4065 qui
1194 3993 1320 4064 facis
1343 3988 1595 4049 mirabilia
1614 3994 1770 4065 solus.
1796 3992 1912 4048 Non
1934 3994 2076 4048 enim

488 4098 603 4144 tres
628 4082 737 4155 dii,
783 4086 879 4145 sed
924 4101 1060 4142 unus
1104 4087 1246 4142 Deus
1277 4086 1402 4142 facit
1428 4084 1691 4141 mirabilia
1730 4085 1909 4155 solus,
1941 4093 1996 4140 et
2023 4086 2075 4141 io

490 4180 611 4252 ipso
637 4181 989 4255 transiliente.
1020 4179 1151 4234 Nam
1185 4189 1241 4234 ut
1267 4179 1426 4255 etiam
1458 4177 1776 4245 transiliret,
1807 4186 1867 4251 et.
1886 4176 1951 4231 ad
1978 4178 2077 4247 ista

490 4274 817 4349 perveniret,
842 4273 1159 4329 miraculum
1184 4272 1276 4327 Dei
1304 4270 1439 4326 fuit:
1464 4270 1677 4342 quando
1699 4271 1841 4325 intus
1859 4270 2079 4342 garrivit

489 4385 613 4437 cum
664 4370 855 4447 spiritu
884 4383 1037 4435 ,suo,
1085 4377 1146 4422 ut
1180 4352 1473 4423 transiliret
1515 4374 1571 4419 et
1618 4365 1790 4435 ipsum
1835 4364 2078 4432 spiritum

491 4475 678 4526 suum,
705 4468 761 4516 et
800 4460 854 4515 in
888 4458 980 4525 Dei
1007 4459 1259 4530 operibus
1288 4456 1684 4522 delectaretur,
1718 4456 1831 4525 ipse
1855 4454 1924 4510 ibi
1956 4454 2079 4510 fecit

489 4551 782 4606 mirabilia.
814 4549 920 4606 Sed
954 4549 1081 4620 quid
1117 4548 1245 4603 fecit
1284 4547 1464 4603 Deus?
1495 4545 1687 4601 Notam
1714 4545 1876 4618 iecisti
1900 4545 1952 4599 in
1983 4562 2076 4615 po-

491 4643 630 4715 pulis
673 4642 906 4696 virtutem
946 4649 1105 4694 tuam.
1158 4638 1283 4694 lude
1325 4637 1669 4710 congregatio
1714 4636 1848 4705 ista,
1898 4635 2077 4709 Asapb

489 4732 837 4799 transiliens,
886 4731 1008 4802 quia
1054 4739 1231 4785 notam
1288 4731 1411 4786 fecit
1463 4731 1514 4784 in
1564 4729 1773 4799 populis
1824 4729 2074 4785 virtutem

489 4837 665 4893 suam.
694 4820 863 4891 Quam
890 4822 1140 4891 virtutem
1169 4837 1319 4877 suam
1364 4829 1555 4887 notam,
1588 4820 1712 4876 fecit
1743 4820 1796 4876 in
1825 4818 2074 4891 populis?

488 4913 603 4971 Nos
647 4924 818 4987 autem
857 4916 1189 4987 prmdicamus
1227 4913 1484 4969 Christum
1521 4913 1817 4980 cruciﬁxum
1842 4910 2076 4966 :Iudteis

488 5007 689 5078 quidem
728 4981 1059 5072 scandalum,
1108 5005 1350 5061 Gentibus
1394 5015 1564 5071 autem
1606 5004 1909 5071 stultitiam;
1952 5004 2077 5073 ipsis

489 5108 651 5153 autem
676 5098 865 5171 vocatis
885 5095 1116 5158 Iudteis,
1162 5105 1210 5150 et
1251 5095 1461 5160 Graecis,
1495 5094 1751 5151 Christum
1780 5093 1872 5148 Dei
1909 5092 2077 5167 Virtu-

488 5202 611 5267 tem,
632 5202 681 5265 et
713 5189 809 5257 Dei
836 5188 1148 5260 Sapientiam
1181 5186 1222 5260 (I
1247 5187 1366 5242 Cor.
1392 5203 1430 5254 ι,
1456 5187 1545 5253 25,
1569 5186 1681 5256 24).
1714 5184 1770 5241 Si
1799 5200 1927 5261 ergo
1953 5183 2076 5239 Vir-

483 5290 575 5341 tus
605 5266 696 5347 Dei
736 5280 1015 5357 Christus,
1050 5289 1234 5355 notum
1275 5278 1399 5337 fecit
1439 5279 1707 5335 Christum
1750 5278 1802 5332 in
1844 5277 2071 5353 populis.

484 5375 569 5431 An
594 5382 650 5431 et
672 5374 774 5429 hoc
798 5372 1036 5449 nondum
1063 5371 1446 5449 agnoscimus?
1489 5380 1542 5426 et
1567 5372 1637 5426 ita
1663 5369 1978 5439 desipimus,
2004 5368 2074 5424 ita

486 5470 625 5535 infra
648 5470 920 5541 jacemus,
951 5469 1022 5524 ita
1050 5466 1185 5523 nihil
1215 5452 1574 5532 transilimus,
1614 5472 1674 5519 ut
1710 5462 1812 5518 hoc
1855 5477 1959 5517 non
1997 5460 2073 5517 vi-

482 5560 747 5623 deamus?
769 5558 961 5633 Notam
987 5560 1148 5633 fecisti
1174 5558 1229 5613 in
1258 5556 1460 5630 populis
1476 5556 1706 5611 uirtutem
1731 5564 1888 5609 tuam.

564 5655 645 5712 I7.
663 5652 813 5728 [verm
834 5650 946 5725 16.]
964 5650 1240 5706 Redemisti
1255 5653 1308 5706 in
1329 5649 1533 5704 brachio
1552 5658 1637 5703 tuo
1651 5648 1892 5720 populant
1908 5656 2070 5704 tuum.

485 5720 819 5802 Brachicﬂuo
841 5759 860 5798 :
880 5720 983 5798 hoc
1008 5750 1092 5798 est
1112 5743 1305 5797 virtute
1328 5750 1435 5796 tua.
1457 5739 1526 5795 Et
1554 5739 1826 5795 brachium
1861 5738 2071 5794 Domini

550 5859 569 5890 ³
593 5858 665 5906 sic
689 5855 912 5926 plerique
937 5863 1040 5905 Mss.
1067 5854 1170 5926 alii
1189 5853 1417 5926 quidam:
1439 5854 1518 5925 _.td
1548 5852 1706 5917 ipsum
1748 5866 1863 5926 ergo
1899 5850 2071 5926 redea-

481 5928 618 5981 mus,
645 5914 1032 5981 christuinLete.
1070 5924 1125 5981 at
1143 5914 1290 5981 βάξις
1323 5914 1395 5981 At!
1431 5914 1589 5981 ipsum
1623 5926 1738 5979 ergo
1769 5914 2071 5967 aitendamus

480 5977 746 6043 Christian,
771 5978 1068 6033 attendamus
1088 5976 1156 6032 ibi
1175 5976 1303 6033 viam
1320 5978 1444 6042 ejus.

1683 468 1742 524 S.
1785 463 2147 524 AUGUS'I‘INI
2190 466 2490 520 lil’isCUrl

3645 470 3754 529 980

2172 582 2257 636 cui
2278 584 2563 638 revelatum
2587 593 2669 639 est
2682 588 2699 657 l
2712 582 2817 639 Isai
2856 600 2964 650 LIII,
2985 587 3006 640 1
3025 586 3066 655 )?
3084 584 3357 642 dedemisti
3371 588 3422 641 in
3436 574 3646 641 brachio
3666 598 3754 642 tuo

2170 678 2412 746 populum
2440 688 2602 743 tuum,
2624 680 2755 746 ﬁlios
2784 678 2962 741 Israel,
2992 690 3037 733 rt
3055 680 3266 749 Ioseph.
3291 680 3570 746 Quomodo
3597 678 3747 751 quasi

2166 767 2301 825 duos
2338 771 2580 841 populos,
2605 773 2738 841 ﬁlios
2776 771 2959 833 Israel.
2994 782 3040 826 et
3063 771 3292 841 Ioseph?
3316 766 3503 829 Nonne
3533 766 3627 828 lilii
3655 774 3750 829 .lo-

2166 863 2296 933 seph
2326 864 2376 918 iu
2403 863 2524 919 ﬁliis
2566 866 2762 921 Israel?
2788 863 2856 919 lta
2885 866 3058 936 plane.
3094 866 3204 921 Iloc
3234 867 3452 931 scimus,
3486 867 3589 922 hec
3622 868 3752 936 legi-

2169 970 2324 1022 mus,
2372 957 2473 1013 boc
2522 958 2791 1029 Scriptura
2841 960 3065 1017 clamat.
3109 960 3209 1014 hoc
3261 965 3456 1016 veritas
3512 950 3748 1029 indicat,

2166 1049 2416 1118 quoniam
2446 1048 2626 1115 Israel,
2661 1050 2800 1106 idem
2831 1053 2916 1122 qui
2943 1049 3126 1116 Iacob,
3168 1051 3353 1106 habuit
3377 1042 3516 1107 Illios
3543 1053 3741 1108 duode-

2167 1140 2294 1205 cim,
2324 1141 2463 1197 inter
2499 1157 2632 1213 quos
2674 1157 2812 1199 unus
2856 1150 2971 1198 erat
3007 1143 3233 1213 Ioseph;
3265 1153 3321 1200 et
3357 1161 3423 1201 ex
3467 1145 3749 1203 duodecim

2169 1231 2294 1287 ﬁliis
2338 1232 2497 1289 Israel
2543 1244 2802 1307 quotquot
2848 1234 2954 1290 nati
2998 1245 3146 1301 sunt,
3180 1237 3245 1290 ad
3294 1238 3545 1308 populum
3593 1239 3749 1295 Israel

2167 1326 2456 1394 pertinent.
2494 1327 2772 1395 Quomodo
2799 1322 2927 1400 ergo
2949 1331 3022 1384 ait
3053 1350 3066 1386 :
3094 1324 3253 1385 Filios
3272 1329 3442 1385 Israel
3462 1331 3754 1401 etIoseph.’

2167 1414 2360 1473 Nescio
2384 1418 2509 1488 quid
2538 1418 2623 1474 hic
2652 1419 3082 1491 distinguendum
3113 1421 3407 1475 admonuit.
3441 1421 3753 1478 Persei-ute-

2169 1522 2291 1563 mur
2313 1510 2558 1579 spiritum
2602 1522 2839 1567 nostrum
2875 1529 2887 1565 :
2919 1511 3160 1567 fortassis
3185 1513 3253 1569 ibi
3298 1514 3533 1585 aliquid‘
3582 1506 3758 1587 posuit

2170 1598 2345 1668 Deus,
2389 1617 2548 1672 quem
2605 1602 2861 1659 debemus
2908 1612 2966 1661 et
3005 1600 3168 1661 nocte
3203 1598 3444 1677 qumrere
3507 1600 3759 1663 manibus

2169 1692 2390 1758 nostris,
2423 1703 2482 1748 ut
2507 1710 2611 1750 nou
2641 1695 3002 1767 decipiamur;
3032 1696 3169 1752 forte
3204 1696 3542 1755 inveniemus
3583 1704 3639 1755 et
3662 1717 3759 1757 nos

2172 1785 2226 1841 in
2255 1787 2354 1843 hac
2380 1787 2720 1845 distinctione
2741 1791 2874 1860 ﬁlios
2898 1788 3084 1857 Israel,
3109 1801 3155 1845 et
3181 1790 3395 1861 Ioseph.
3420 1793 3525 1847 Per
3560 1790 3758 1865 Ioseph

2171 1878 2333 1934 alium
2383 1881 2643 1951 populum
2688 1882 2909 1954 intelligi
2949 1883 3145 1948 voluit;
3203 1883 3453 1939 Gentium
3501 1887 3755 1956 populum

2173 1971 2394 2042 intelligi
2422 1973 2607 2028 voluit.
2637 1973 2813 2041 Quare
2840 1975 3078 2044 gentium
3112 1974 3364 2044 populum
3398 1988 3497 2047 per
3524 1976 3760 2046 Ioseph?

2173 2060 2306 2130 Quia
2355 2062 2555 2134 Ioseph
2593 2063 2839 2119 venditus
2880 2072 2965 2120 est
3008 2065 3060 2119 in
3107 2064 3397 2135 Egyptum
3429 2082 3458 2120 a
3505 2066 3760 2124 fratribus

2173 2155 2287 2210 suis
2315 2152 2468 2228 (Gen.
2491 2171 2694 2222 xxxvu,
2721 2154 2833 2227 28).
2858 2155 2952 2212 Ille
2977 2155 3175 2226 Ioseph
3201 2157 3286 2211 cui
3324 2157 3516 2213 fratres
3550 2159 3761 2214 invide-

2175 2253 2322 2310 runt,
2354 2253 2409 2299 et
2452 2261 2575 2300 eum
2604 2246 2657 2299 in
2686 2246 2976 2318 Egyptum
3023 2246 3395 2311 vendiderunt,
3424 2248 3674 2303 venditus
3707 2249 3758 2305 in

2175 2335 2485 2407 Egyptum,
2520 2338 2799 2404 laboravit,
2833 2338 3143 2394 humiliatus
3188 2350 3307 2404 est;
3330 2340 3554 2410 agnitus,
3600 2341 3758 2398 exal-

2179 2438 2338 2495 tatus,
2373 2429 2569 2495 lloruit,
2595 2430 2895 2500 imperavit.
2929 2432 2994 2486 Et
3016 2429 3099 2485 bis
3124 2430 3372 2486 omnibus
3396 2430 3517 2501 quid
3544 2426 3756 2501 signiﬁ—

2177 2523 2359 2578 cavit?
2404 2523 2561 2592 Quid,
2616 2524 2717 2577 nisi
2759 2524 3032 2579 Christum
3071 2539 3101 2577 a
3148 2523 3399 2578 fratribus
3445 2523 3758 2592 venditum,

2177 2611 2411 2683 ejectum
2450 2612 2520 2668 de
2566 2623 2704 2667 terra
2752 2629 2868 2678 sua,
2916 2621 3164 2683 tauquam
3193 2615 3246 2669 in
3277 2613 3565 2686 Egyptum
3614 2613 3763 2671 Gen-

2180 2704 2346 2759 tium?
2379 2704 2451 2760 Ibi
2499 2706 2671 2775 primo
2717 2706 3071 2770 bumiliatum,
3103 2705 3317 2776 quando
3360 2706 3765 2778 persecutiones

2180 2806 2443 2869 martyres
2488 2796 2820 2866 patiebantur
2847 2802 2863 2852 ἑ
2892 2812 3033 2852 nunc
3080 2798 3401 2865 exaltatum,
3428 2797 3568 2853 sicut
3610 2797 3765 2853 vide‘

2180 2906 2335 2958 mus;
2361 2893 2612 2962 quoniam
2655 2891 2926 2963 iinpletum
2972 2899 3057 2948 est
3094 2892 3148 2947 in
3189 2902 3277 2960 eo,
3313 2890 3615 2946 Adorabunt
3650 2908 3763 2946 eum

2181 2999 2351 3040 omnes
2400 3000 2540 3055 reges
2580 2993 2763 3049 terrae;
2801 3000 2973 3039 omnes
3014 2994 3183 3056 gentes
3225 2982 3439 3038 servient
3473 2981 3554 3038 illi
3590 2982 3764 3053 (Psal.

2181 3090 2331 3140 Lm,
2364 3076 2478 3145 it).
2512 3076 2652 3147 Ergo
2683 3075 2879 3146 Ioseph
2907 3075 3136 3146 populus
3173 3090 3241 3132 ex
3265 3074 3562 3141 Gentibus;
3602 3074 3766 3131 Israel

2180 3181 2309 3223 vero
2347 3166 2572 3237 populus
2615 3184 2684 3224 ex
2723 3178 2881 3239 gente
2918 3167 3284 3224 Hebraeorum.
3323 3167 3573 3224 Redemit
3599 3182 3768 3240 popu-

2181 3262 2293 3318 lum
2315 3277 2468 3316 suum
2495 3261 2655 3327 Deus,
2680 3261 2815 3331 filios
2840 3258 3007 3321 Israel
3031 3270 3079 3317 et
3104 3258 3322 3332 Ioseph.
3350 3260 3454 3317 Per
3478 3261 3606 3332 quid
3625 3262 3649 3313 ?
3667 3261 3769 3317 Per

2183 3353 2411 3426 lapidem
2459 3356 2805 3426 angularem,
2852 3356 2905 3410 in
2946 3368 3056 3427 quo
3100 3354 3210 3411 duo
3256 3355 3488 3427 parietes
3531 3356 3768 3427 copulati

2180 3452 2323 3504 sunt.
2340 3447 2554 3518 (Ephes.
2572 3464 2633 3514 ιι,
2665 3448 2778 3518 Ib).

2192 3588 2197 3593 .
2253 3540 2343 3596 I8.
2367 3539 2519 3613 [νινε.
2563 3539 2678 3614 I7.]
2704 3540 2773 3595 Et
2814 3539 3126 3611 exsequitur
3168 3540 3486 3612 quomodo:
3521 3539 3771 3596 Viderunt

2183 3640 2230 3688 te
2254 3648 2423 3703 aqua,
2464 3631 2622 3687 Deus.
2659 3631 2797 3701 Quid
2835 3640 2962 3687 sunt
3000 3632 3185 3704 me?
3206 3632 3416 3703 Populi.
3465 3632 3600 3702 Qua:
3645 3630 3771 3689 soni

2182 3725 2298 3780 istae
2339 3739 2515 3795 aqua;
2540 3722 2739 3779 dictum
2762 3723 2916 3779 estin
2938 3724 3293 3797 Apocalypsi;
3314 3726 3638 3795 responsum
3663 3730 3767 3793 cst,

2182 3817 2373 3888 Populi
2407 3835 2421 3870 :
2459 3816 2531 3871 ibi
2582 3816 2881 3872 invenimus
2921 3816 3261 3888 apertissime
3297 3818 3464 3887 aquas
3515 3816 3570 3871 in
3602 3818 3770 3888 figura

2184 3912 2385 3981 positas
2419 3909 2733 3979 populorum
2761 3907 2948 3980 (Apoc.
2971 3923 3108 3976 ms,
3137 3909 3251 3979 15).
3280 3908 3452 3979 Supra
3476 3912 3659 3964 autem
3683 3908 3771 3963 dia

2182 4010 2334 4057 xerat
2365 4018 2379 4055 :
2414 4000 2605 4054 Notam
2626 4001 2788 4069 fecisti
2815 4001 2869 4054 in
2897 4000 3101 4073 populis
3124 4001 3356 4055 uirtutem
3391 4009 3551 4054 tuam.
3582 3999 3773 4055 Ilerito

2181 4106 2330 4163 ergo,
2369 4089 2616 4147 Viderunt
2659 4100 2707 4145 te
2748 4078 2918 4163 aqua,
2958 4089 3131 4155 Dens;
3172 4089 3402 4145 uidertmt
3443 4100 3496 4145 te
3529 4105 3699 4161 aqua,
3725 4099 3773 4144 et

2182 4184 2473 4237 timuerunt.
2506 4181 2632 4240 Ideo
2674 4191 2891 4238 mutatae
2931 4191 3075 4249 sunt,
3108 4182 3231 4253 quia
3257 4182 3575 4238 timuerunt.
3617 4182 3773 4237 Vide-

2181 4285 2298 4331 runt
2336 4286 2384 4331 te
2422 4290 2588 4347 caute,
2611 4274 2767 4343 Deus,
2805 4284 2856 4330 et
2889 4276 3184 4340 timuerunt,
3230 4283 3277 4330 et
3305 4275 3621 4331 conturbata
3654 4285 3774 4330 sunt

2181 4369 2369 4440 abyssi.
2392 4368 2523 4436 Quae
2566 4377 2693 4424 sunt
2733 4367 2938 4439 abyssi!
2966 4366 3287 4422 Altitudiues
3325 4381 3612 4437 aquarum.
3639 4366 3774 4433 Quis

2184 4478 2291 4516 non
2325 4462 2567 4517 turbatur
2609 4463 2662 4516 in
2708 4460 2939 4531 populis,
2968 4474 3088 4515 cum
3132 4459 3458 4515 conscientia
3490 4459 3773 4530 pulsatur?

2181 4553 2386 4621 Quaeris
2425 4552 2760 4607 altitudinem
2804 4550 2989 4617 maris,
3017 4550 3145 4622 quid
3190 4549 3510 4621 profundius
3537 4549 3775 4607 humana

2181 4644 2544 4700 conscientia?
2570 4643 2673 4699 Ista
2716 4641 3050 4714 profunditas
3094 4642 3303 4700 turbata
3343 4652 3450 4710 est,
3470 4643 3695 4713 quando
3720 4642 3777 4699 in

2182 4736 2403 4793 brachio
2430 4752 2528 4815 suo
2558 4735 2793 4792 redemit
2818 4736 3071 4807 populum
3103 4750 3257 4791 suum
3288 4734 3452 4790 Deus.
3487 4734 3777 4803 Quomodo

2182 4831 2406 4886 turbatae
2433 4834 2558 4884 sunt
2578 4828 2760 4902 abyssi
2780 4829 2803 4883 ?
2824 4829 3048 4898 Quando
3060 4844 3249 4885 omnes
3266 4829 3631 4884 conscientias
3648 4844 3776 4885 suas

2181 4921 2484 4978 conﬁtendo
2510 4920 2760 4977 fuderunt
2790 4940 2805 4976 :
2838 4921 2904 4976 Et
2928 4920 3139 4977 turbata:
3158 4929 3274 4975 sunt
3298 4921 3513 4993 eligat,

2251 5014 2340 5071 I9.
2368 5012 2518 5088 [να-ε.
2547 5012 2660 5087 18.]
2683 5012 2959 5079 Multitudo
2984 5021 3181 5071 sonitus
3204 5029 3474 5085 manus.
3502 5013 3560 5069 In
3605 5014 3775 5070 laudi-

2180 5104 2280 5160 bus
2303 5106 2419 5173 Dei,
2450 5107 2503 5161 in
2529 5104 2957 5162 confessionibus
2996 5113 3355 5176 peccatorum,
3388 5106 3444 5161 in
3474 5106 3695 5179 hymnis
3720 5115 3773 5161 et

2179 5199 2420 5267 canticis,
2467 5198 2523 5254 in
2565 5198 2915 5267 orationibus,
2957 5199 3226 5255 multitudo
3268 5199 3463 5255 sonitus
3497 5217 3768 5268 manui.

2190 5287 2375 5345 Vocem
2423 5288 2666 5345 dederunt
2707 5289 2885 5345 nubes.
2918 5274 3045 5347 lude
3087 5290 3190 5347 iste
3230 5291 3437 5346 sonitus
3484 5306 3769 5362 aquarum,

2178 5374 2303 5431 inde
2352 5373 2666 5446 abyssorum
2717 5374 3085 5443 perturbatio,
3113 5375 3239 5447 quia
3306 5390 3476 5435 vocem
3522 5377 3771 5444 dederunt

2176 5468 2349 5529 nubes.
2399 5467 2531 5535 Quae
2583 5467 2795 5525 nubes?
2848 5467 3238 5526 Praedicatores
3294 5469 3445 5535 verbi
3505 5472 3769 5537 veritatis.

2176 5558 2306 5628 Quae
2332 5557 2537 5613 nubes?
2568 5556 2643 5614 De
2671 5558 2864 5629 quibus
2904 5558 3136 5620 minatur
3161 5560 3372 5619 cuidam
3400 5562 3571 5617 vineae
3600 5562 3765 5627 Deus,

2176 5667 2296 5723 quae
2324 5666 2421 5722 pro
2458 5666 2559 5706 uva
2588 5649 2713 5706 fecit
2738 5651 2939 5721 spinas,
2965 5661 3020 5708 et
3052 5651 3181 5708 dicit
3204 5669 3220 5707 :
3243 5651 3503 5707 laudabo
3551 5654 3766 5708 nubibus

2175 5743 2298 5798 meis
2322 5759 2383 5797 ne
2407 5742 2584 5815 pluunt
2607 5759 2759 5813 super
2782 5738 2894 5798 eam
2930 5744 3139 5799 imbrem
3164 5742 3314 5816 (Isai.
3340 5759 3395 5813 ν,
3414 5744 3491 5811 6).
3524 5745 3762 5813 Denique

2176 5834 2415 5907 Apostoli
2456 5834 3065 5905 relinquentesludwos,
3112 5836 3288 5894 ierunt
3322 5838 3388 5893 ad
3435 5835 3678 5894 Gentes:
3712 5837 3765 5895 iu

2243 5974 2261 6007 ι
2287 5974 2360 6026 sic
2382 5981 2486 6026 uss.
2511 5979 2568 6026 At
2586 5970 2720 6037 Md,
2741 5968 2967 6037 aliquem.
