4076 6480
565 409 674 472 985

562 547 681 605 quae
721 525 970 584 videntur
1011 519 1256 578 auditore
1278 531 1438 590 quam
1463 512 1767 586 expositore
1799 509 2143 605 potiusindi-

559 604 706 696 gere,
737 619 974 691 Aperiam
995 659 1012 684 ,
1048 614 1236 685 inqttit,
1264 613 1316 665 in
1345 609 1598 681 parabolis
1622 623 1678 662 os
1712 621 1911 672 nteant,
1940 604 2146 696 eloquar

559 695 924 789 preposition“
952 709 1013 764 ab
1042 707 1203 762 initio.
1237 704 1366 773 Quis
1392 718 1496 757 non
1526 701 1612 755 hic
1639 699 1704 754 de
1731 713 1919 754 somno
1945 695 2142 752 excite-

558 807 679 863 tur?
704 805 832 873 Quis
856 802 1048 858 audeat
1070 799 1215 854 velut
1243 795 1549 852 manifestas
1575 791 1801 864 legendo
1827 802 2144 861 percurrere

558 895 840 969 parabolas
866 903 920 948 et
945 889 1354 963 propositiones,
1386 901 1504 957 qua:
1532 883 1834 938 nominibus
1872 881 1982 936 suis
2008 879 2143 934 indi-

554 1000 681 1046 cant
705 989 861 1044 altius
896 1001 953 1040 se
984 986 1307 1054 perscrutari
1342 977 1634 1050 oportere?
1662 975 1918 1031 Parabola
1946 974 2142 1044 quippe

555 1080 780 1149 alicujus
810 1079 887 1133 rei
915 1074 1314 1132 similitudinem
1349 1085 1455 1140 pra:
1484 1084 1542 1123 sc
1567 1067 1734 1138 gerit;
1767 1066 1908 1138 quod
1933 1066 2054 1120 licet
2073 1064 2143 1119 sit

551 1170 869 1227 Vocabulum
896 1182 1149 1239 grmeutn,
1176 1164 1285 1234 jam
1317 1172 1492 1217 tamen
1523 1175 1618 1230 pro
1644 1159 1807 1213 latino
1835 1166 2137 1228 usurpatur.

556 1266 628 1321 Et
655 1273 836 1320 notum
866 1270 947 1316 est
974 1258 1116 1329 quod
1149 1259 1200 1311 in
1229 1254 1512 1325 parabolis,
1541 1269 1657 1323 quze
1685 1251 1930 1306 dicuntur
1960 1265 2138 1305 rerum

552 1355 926 1415 similitudines
965 1353 1126 1408 rebus
1176 1349 1243 1404 de
1290 1347 1479 1418 quibus
1527 1345 1697 1415 agitur
1742 1351 2134 1412 comparantur.

553 1447 952 1519 Propositiones
983 1451 1158 1498 autem
1197 1455 1315 1510 qua:
1344 1451 1517 1509 gratce
1563 1434 1898 1505 appellamur
1929 1441 2137 1503 πρσϐλή-

549 1565 707 1612 ματα,
740 1537 1063 1610 quaestiones
1091 1543 1235 1599 sunt,
1262 1532 1515 1585 habentes
1544 1526 1739 1598 aliquid
1780 1525 1922 1596 quod
1958 1525 2138 1596 diSpu-

547 1637 749 1691 talione
771 1630 1079 1688 solvendum
1099 1626 1186 1682 sit.
1216 1625 1344 1693 Quis
1373 1639 1498 1693 ergo
1520 1620 1797 1692 parabolas
1819 1627 1871 1674 et
1892 1619 2133 1690 proposi-

547 1730 770 1785 sitiones
798 1723 1098 1780 trausitoric
1120 1719 1294 1790 legat?
1319 1717 1439 1789 quis
1463 1731 1566 1771 non
1589 1715 1670 1770 his
1693 1713 1884 1768 auditis
1909 1713 2132 1783 vigilan-

547 1822 620 1876 tia
653 1818 851 1876 meutis
883 1813 1142 1880 intendat,
1165 1818 1224 1866 ut
1242 1809 1308 1865 ad
1332 1823 1512 1864 earum
1536 1807 1760 1862 fructum
1792 1802 2133 1875 intelligendo

545 1913 820 1987 perveniat
837 1912 862 1966 ?

613 2008 669 2062 2.
720 2005 1008 2068 Attendite,
1055 1999 1250 2072 inquit,
1294 1997 1511 2069 populus
1538 2012 1696 2063 meus,
1742 1996 1899 2067 legem
1945 2009 2128 2050 meum.

543 2100 713 2169 Quem
743 2098 828 2153 hic
854 2095 1137 2152 credamus
1177 2090 1318 2162 loqui
1347 2089 1446 2143 nisi
1479 2089 1688 2143 Deum?
1727 2087 1845 2157 Ipse
1874 2085 2014 2141 enim
2056 2085 2132 2140 le‘

541 2208 663 2265 gem
693 2191 838 2247 dedit
880 2187 1076 2260 populo
1115 2201 1245 2248 suo,
1275 2197 1433 2254 quem
1471 2181 1755 2236 liberatum
1801 2195 1869 2234 ex
1899 2178 2130 2251 Egypto

541 2285 901 2358 congregavit,
924 2297 1042 2353 qua:
1067 2277 1407 2349 congregatio
1447 2275 1660 2344 proprie
1685 2273 1962 2343 Synagoga
1993 2288 2128 2326 nun-

539 2386 785 2447 cupatur,
814 2373 955 2445 quod
1001 2373 1378 2440 interpretatur
1422 2366 1620 2434 Asaph.
1671 2364 1856 2419 Utrum
1888 2379 2015 2434 ergo
2053 2365 2124 2418 ita

539 2469 737 2524 dictum
765 2474 867 2532 est,
899 2463 1190 2518 Intellectus
1219 2459 1412 2529 Asaph,
1445 2456 1584 2528 quod
1616 2457 1728 2526 ipse
1759 2455 1936 2526 Asaph
1965 2456 2126 2510 intel-

535 2561 758 2625 lexerit;
790 2573 856 2611 an
879 2557 1099 2626 ﬁgurate
1127 2550 1548 2621 intelligendtnn,
1573 2548 1711 2618 quod
1743 2547 1928 2603 eadem
1953 2547 2165 2618 Syna-,

533 2669 688 2726 goga,
720 2653 819 2705 hoc
848 2658 929 2706 est
948 2691 962 2714 ,
1005 2647 1143 2702 idem
1173 2645 1396 2716 populus
1424 2642 1765 2708 intellexerit,
1793 2643 1875 2695 cui
1907 2640 2121 2706 dicitur,

531 2744 806 2809 Attendite,
852 2740 1070 2812 populus
1099 2755 1256 2802 meus,
1299 2739 1456 2808 legem
1481 2735 1686 2789 meant?
1723 2735 1859 2802 Quid
1889 2745 1967 2790 est
1995 2750 2123 2805 ergo

530 2841 673 2914 quod
709 2825 953 2894 eumdem
993 2834 1244 2906 populum
1278 2847 1370 2901 per
1400 2829 1710 2900 prephetam
1753 2831 2009 2898 increpat,
2037 2830 2121 2884 di-

529 2951 660 2991 cetis
690 2950 704 2987 :
747 2932 911 2988 Israel
943 2940 1110 2986 autem
1143 2945 1222 2983 me
1254 2945 1356 2982 non
1388 2926 1612 2998 agnovit,
1652 2933 1699 2980 et
1725 2926 1943 2996 populus
1982 2941 2121 2980 meus

529 3043 632 3082 non
655 3025 899 3080 intellexit
920 3023 1071 3093 (Isai.
1093 3038 1131 3088 t,
1163 3021 1257 3091 5)?
1292 3017 1397 3075 Sed
1420 3016 1660 3089 proiecto
1688 3025 1842 3071 erant
1876 3017 2033 3071 etiam
2067 3017 2118 3072 in

528 3121 623 3176 illo
653 3119 848 3190 popqu
876 3119 967 3188 qui
987 3114 1362 3184 intelligerent,
1382 3111 1641 3165 habentes
1660 3108 1814 3164 ﬁdem
1833 3125 1949 3177 qua:
1975 3118 2119 3178 post-

527 3227 592 3268 ea
616 3211 848 3266 revelata
877 3216 959 3263 est
998 3221 1104 3261 non
1149 3205 1215 3259 ad
1238 3203 1394 3273 Legis
1415 3203 1665 3263 litteram,
1689 3200 1782 3255 sed
1803 3200 1868 3254 ad
1895 3201 2116 3268 gratiam

527 3304 761 3375 Spiritus
792 3298 1200 3374 pertinentem‘.
1233 3295 1347 3352 Non
1387 3294 1530 3349 enim
1557 3293 1671 3347 sine
1699 3293 1811 3362 ipsa
1855 3291 1957 3347 ﬁde
1996 3291 2116 3349 fue-

525 3406 672 3462 runt,
699 3394 924 3468 qui,ejus
950 3394 1003 3448 in
1023 3391 1238 3448 Christo
1260 3390 1488 3444 futuram
1517 3387 1895 3442 revelationem
1921 3387 2116 3456 praevi-

524 3491 656 3547 dere
679 3498 734 3545 et
762 3485 1118 3559 prmnuntiare
1142 3490 1455 3553 potuerunt;
1483 3495 1603 3535 cum
1630 3489 1682 3534 et
1710 3478 1796 3533 illa
1825 3487 2006 3534 vetera
2031 3492 2119 3533 sa-

525 3591 833 3647 cramenta,
879 3577 1230 3650 signiﬁcantia
1273 3573 1468 3630 fuerint
1512 3572 1826 3628 futurorum.
1883 3573 1962 3626 An
2017 3571 2115 3626 soli

521 3675 806 3746 Propheta:
835 3672 1104 3727 habebant
1125 3668 1261 3723 hanc
1283 3667 1463 3731 ﬁdem,
1491 3679 1596 3720 non
1627 3673 1680 3718 et
1709 3661 1975 3733 populus?
2003 3661 2113 3717 lmo

524 3782 658 3823 vero
682 3767 840 3822 etiam
879 3762 968 3834 qui
998 3760 1292 3831 Prophetas
1333 3757 1561 3813 ﬁdeliter
1584 3754 1899 3814 audiebant.
1926 3754 2112 3809 eadem

524 3856 912 3926 adjuvabantur
938 3854 1108 3923 gratia
1130 3892 1145 3918 ,
1169 3860 1229 3905 ut
1256 3850 1609 3918 intelligerent
1633 3845 1773 3917 quod
1805 3846 2109 3900 audiebant.

521 3947 629 4005 Sed
661 3947 840 4013 utique
867 3950 1257 3998 sacramentum
1285 3940 1431 4009 regni
1476 3939 1732 3993 caelorum
1759 3937 2032 3990 velabatur
2059 3939 2110 3992 in

519 4036 708 4095 Veteri
734 4035 1097 4099 Testamento,
1123 4031 1262 4104 quod
1290 4029 1620 4102 plenitudine
1645 4029 1898 4098 temporis
1919 4029 2113 4084 revela-

521 4137 670 4186 retur
691 4129 742 4183 iu
764 4127 932 4190 Novo.
967 4144 985 4177 ι
1009 4124 1142 4181 Nolo
1157 4125 1299 4180 enim
1325 4137 1419 4176 vos
1445 4142 1464 4174 ι
1494 4121 1890 4193 aitApostolus,
1917 4141 1934 4169 ι
1965 4121 2112 4192 igno—

462 4223 464 4225 ’
521 4235 664 4286 rare,
697 4219 907 4284 fratres,
942 4217 1062 4288 quia
1094 4225 1270 4286 patres
1298 4215 1463 4270 nostri
1489 4227 1674 4269 omnes
1702 4212 1802 4268 sub
1832 4213 1971 4269 nube
1997 4211 2112 4268 fue-

520 4322 679 4380 runt,
721 4321 776 4367 et
803 4325 990 4365 omnes
1029 4303 1128 4380 per
1157 4322 1302 4362 mare
1333 4305 1675 4372 transierunt,
1707 4315 1762 4360 et
1789 4319 1977 4360 omnes
2011 4321 2108 4376 per

518 4405 735 4478 Moysen
763 4401 1012 4471 baptizati
1042 4408 1167 4455 sunt
1208 4398 1260 4453 in
1301 4398 1442 4453 nube
1467 4405 1521 4452 et
1562 4397 1615 4451 in
1646 4396 1812 4460 mari,
1841 4405 1896 4451 et
1921 4411 2108 4452 omnes

519 4497 768 4556 eumdem
789 4495 964 4551 cibum
986 4491 1314 4564 Spiritualem
1338 4489 1815 4552 manducaverunt,
1843 4496 1898 4543 et
1919 4502 2106 4544 omnes

519 4590 764 4647 eumdem
788 4598 968 4659 potum
999 4585 1329 4656 spiritualem
1353 4583 1600 4640 biberunt
1630 4599 1645 4637 :
1677 4582 1932 4638 bibebant
1957 4583 2100 4638 enim

517 4681 587 4738 de
612 4681 868 4752 Spirituali
897 4686 1260 4749 consequente
1287 4691 1380 4732 eos
1409 4685 1584 4746 petra;
1614 4686 1764 4746 petra
1789 4685 1964 4731 autem
1990 4685 2107 4732 erat

519 4774 781 4830 Christus.
819 4793 838 4825 ι
883 4772 1026 4828 Idem
1071 4771 1250 4841 itaque
1281 4769 1332 4824 in
1379 4769 1632 4840 mysterio
1668 4768 1819 4824 cibus
1857 4777 1913 4824 et
1950 4777 2104 4838 potus

517 4867 733 4924 illorum
757 4867 846 4937 qui
875 4875 1089 4931 noster;
1118 4863 1213 4919 sed
1238 4862 1626 4934 signiﬁcatione
1659 4862 1823 4929 idem,
1852 4877 1958 4918 non
1982 4877 2104 4933 spe-

514 4963 598 5017 cie
623 4979 637 5024 ;
683 4959 805 5030 quia
832 4959 972 5014 idem
1005 4960 1118 5028 ipse
1145 4957 1390 5013 Christus
1417 4955 1522 5011 illis
1548 4956 1599 5010 in
1628 4963 1778 5026 petra
1809 4955 2063 5026 ﬁguratus
2082 5000 2098 5025 ,

522 5045 678 5108 nobis
717 5051 769 5106 in
805 5065 967 5106 carne
1001 5049 1386 5104 manifestatus.
1437 5067 1454 5100 ι
1496 5047 1602 5103 Sed
1643 5061 1784 5111 non,
1832 5066 1850 5099 ι
1898 5047 2099 5118 inquit,

522 5164 542 5198 ι
567 5145 619 5199 in
643 5143 892 5200 omnibus
911 5142 1014 5197 illis
1030 5141 1417 5209 beneplacitum
1435 5148 1517 5196 est
1541 5140 1648 5194 Deo
1675 5137 1716 5208 (1
1742 5137 1860 5193 Cor.
1890 5155 1944 5205 χ,
1969 5139 2097 5211 1-5).

515 5236 716 5291 Omnes
750 5255 769 5288 ι
794 5233 1008 5306 quidem
1044 5252 1062 5284 ‹
1085 5232 1331 5287 eumdem
1361 5231 1536 5286 cibum
1567 5230 1900 5300 spiritualem
1941 5246 2097 5286 man-

513 5329 864 5394 ducaverunt,
887 5335 940 5382 et
955 5323 1200 5382 eumdem
1220 5306 1400 5392 potum
1419 5321 1748 5391 spiritualem
1779 5321 2046 5387 biberunt,
2073 5342 2092 5376 ι

512 5421 568 5476 ι(1
594 5429 696 5487 cst,
729 5419 1005 5491 spirituale
1040 5414 1241 5486 aliquid
1276 5413 1694 5484 signiﬁcantem;
1732 5431 1752 5465 ι
1788 5414 1880 5469 sed
1905 5429 2012 5469 non
2043 5414 2096 5470 in

513 5513 762 5569 omnibus
812 5511 915 5567 illis
959 5508 1353 5580 beneplacitum
1406 5516 1488 5561 est
1527 5507 1657 5562 Deo.
1693 5525 1712 5560 ι
1763 5505 1896 5562 Cum
1934 5506 2093 5576 dicit,

517 5623 539 5658 ι
567 5603 681 5660 Neu
711 5604 763 5658 in
795 5603 1076 5668 omnibus,
1113 5619 1132 5654 ι
1164 5608 1320 5657 erant
1347 5613 1475 5669 ergo
1505 5597 1576 5653 ibi
1615 5599 1775 5670 aliqui
1818 5599 1872 5654 in
1902 5598 2096 5669 quibus
2127 5620 2130 5624 ·

511 5694 904 5764 beneplacitum
930 5705 1012 5749 est
1037 5694 1146 5748 Deo
1171 5709 1186 5759 ;
1214 5701 1269 5748 et
1295 5706 1414 5746 cum
1444 5698 1625 5745 essent
1651 5692 1827 5746 omnia
1855 5707 2096 5746 commu-

511 5789 600 5841 nia
627 5794 983 5852 sacramenta,
1012 5801 1118 5840 non
1143 5783 1444 5840 communis
1471 5791 1586 5838 erat
1615 5783 1863 5837 omnibus
1882 5785 2050 5853 gratia
2075 5825 2092 5853 ,

578 5901 596 5932 ί
625 5906 742 5963 Reg.
766 5905 869 5958 Ms,
893 5896 1196 5962 pertimutes.

1803 390 1861 447 S.
1892 386 2263 448 AUGUSTINI
2301 388 2605 452 EPISCOPI

3733 409 3838 467 981

2252 527 2371 584 qua:
2396 523 2848 570 sacramentorum
2876 515 3043 572 virtus
3065 525 3166 572 est.
3195 515 3346 575 Sicut
3368 529 3423 577 et
3451 537 3591 580 nunc
3611 523 3725 596 jam
3751 543 3839 583 re-

2253 607 2425 664 velata
2454 609 2560 666 ﬁde
2583 625 2704 682 quae
2734 621 2860 666 tunc
2902 611 3174 668 velabatur
3195 655 3211 681 ,
3241 615 3488 672 omnibus
3519 619 3572 673 in
3619 623 3838 680 nomine

2247 697 2422 754 Patris
2441 743 2456 767 ,
2484 711 2539 756 et
2572 701 2721 769 Filii,
2751 711 2806 758 et
2844 702 3072 773 Spiritus
3098 705 3266 783 sancti
3306 706 3584 778 baptizatis
3605 710 3834 783 (Matth.

2247 805 2441 857 xxvnt,
2476 793 2566 865 19)
2590 836 2604 857 ,
2640 809 2927 851 commune
2953 806 3036 852 est
3072 778 3340 853 lavaci'um
3371 778 3834 872 regenerationis;

2246 883 2339 937 sed
2366 884 2474 954 ipsa
2503 887 2666 955 gratia
2689 887 2840 956 cujus
2866 888 2977 958 ipsa
2998 896 3124 943 sunt
3141 889 3506 960 Sacramenta,
3533 911 3637 965 qua
3666 913 3835 952 mem-

2247 971 2341 1028 bra
2371 977 2611 1046 corporis
2641 976 2834 1033 Christi
2865 994 2984 1033 cum
3005 994 3104 1034 suo
3132 981 3306 1050 capite
3327 995 3640 1054 regenerata
3670 998 3826 1055 sunt,

2247 1080 2353 1121 non
2383 1068 2681 1124 communis
2706 1077 2788 1125 est
2815 1070 3082 1126 omnibus.
3121 1071 3252 1126 Nam
3284 1082 3338 1128 et
3366 1072 3602 1131 haeretici
3639 1077 3836 1134 habent

2243 1162 2489 1217 eumdem
2519 1164 2842 1234 Baptismum
2863 1208 2878 1232 ,
2909 1176 2962 1221 et
2989 1165 3107 1220 falsi
3145 1165 3336 1222 fratres
3373 1168 3423 1222 in
3448 1174 3832 1229 communione

2243 1254 2486 1310 catholici
2518 1256 2767 1310 nominis.
2802 1256 2944 1328 Ergo
2969 1267 3021 1312 ct
3046 1257 3132 1312 hic
3160 1267 3304 1314 recte
3326 1258 3524 1316 dicitur
3549 1276 3564 1315 :
3596 1261 3707 1317 Sed
3728 1281 3828 1319 non

2241 1347 2294 1401 in
2315 1348 2544 1401 omnibus
2558 1348 2661 1402 illis
2680 1348 3042 1419 beneplacitnm
3067 1357 3137 1404 est
3166 1348 3293 1405 Deo.

2311 1439 2364 1494 5.
2412 1439 2594 1510 Neque
2633 1448 2758 1494 tunc
2787 1449 2992 1507 tamen,
3023 1456 3195 1512 neque
3217 1442 3723 1508 nunc‘infructuosa
3750 1458 3833 1503 est

2239 1546 2341 1586 vox
2369 1531 2594 1588 dicentis
2626 1551 2640 1587 :
2673 1533 2950 1600 Attendite,
2980 1538 3198 1606 papulas
3239 1553 3378 1590 meus
3397 1579 3410 1602 ,
3443 1536 3604 1610 legem
3644 1557 3828 1596 meant.

2239 1623 2368 1692 Qum
2406 1626 2603 1681 locutio
2649 1635 2772 1680 nota
2815 1635 2898 1681 est
2927 1626 2979 1681 iu
3011 1628 3257 1682 omnibus
3288 1629 3512 1692 litteris,
3546 1631 3690 1701 quod
3723 1636 3840 1688 non‘

2237 1718 2330 1782 ait,
2360 1717 2617 1783 Attende;
2645 1717 2762 1783 sed,
2789 1717 3060 1773 Attendite.
3101 1718 3178 1774 Ex
3209 1719 3389 1775 multis
3415 1721 3559 1775 enim
3599 1724 3826 1793 papulas

2238 1819 2445 1864 Constat
2464 1810 2705 1882 ;.quibus
2741 1811 2922 1865 multis
2944 1809 3086 1881 quod
3122 1813 3362 1882 sequitur
3386 1813 3667 1883 pluraliter
3697 1816 3828 1872 diei—

2237 1910 2358 1956 tur:
2389 1899 2643 1955 lnclinate
2688 1918 2858 1957 aurem
2889 1911 3101 1957 vestram
3142 1903 3195 1956 in
3220 1902 3366 1957 verba
3396 1905 3498 1959 oris
3524 1907 3642 1960 mei.
3675 1907 3826 1974 Quod

2235 2004 2338 2061 est,
2378 1994 2666 2059 Attendite;
2693 1994 2795 2050 hoc
2818 2003 2920 2063 est,
2963 1993 3216 2050 lnclinate
3255 2012 3432 2051 aurem
3484 2009 3702 2054 vestram
3730 2017 3750 2055 :
3775 2010 3829 2056 et

2234 2086 2374 2156 quod
2403 2086 2507 2141 illic
2528 2087 2622 2153 ait,
2657 2087 2813 2158 legem
2835 2104 2996 2142 meam
3017 2105 3034 2152 ;
3056 2088 3158 2143 hoc
3184 2089 3258 2143 ait
3283 2087 3389 2154 hic,
3412 2089 3560 2144 verba
3579 2093 3684 2145 oris
3707 2095 3824 2147 mei.

2235 2179 2328 2234 llle
2357 2195 2584 2250 namque
2612 2180 2695 2248 pie
2715 2179 2942 2235 attendit
2963 2174 3132 2250 legem
3156 2180 3246 2236 Dei
3273 2190 3328 2236 et
3357 2182 3515 2237 verba
3546 2185 3658 2239 oris
3683 2187 3820 2254 ejus,

2233 2272 2384 2342 Cujus
2412 2288 2595 2328 aurem
2628 2273 2846 2327 inclinat
2872 2273 3171 2339 humilitas;
3201 2289 3308 2329 non
3339 2275 3488 2346 cujus
3512 2277 3665 2348 erigit
3697 2293 3823 2334 cer-

2233 2367 2400 2422 vicem
2431 2366 2699 2436 superbia.
2729 2365 2881 2433 Quod
2922 2367 3062 2422 enim
3104 2365 3416 2432 infunditur,
3441 2383 3675 2424 concavo
3716 2370 3822 2424 hu-

2213 2459 2469 2514 militatis
2496 2459 2778 2530 excipitur,
2809 2459 3096 2515 eminentia
3126 2459 3348 2516 tumoris
3369 2462 3666 2532 expellitur.
3695 2463 3816 2519 Un-

2230 2548 2297 2604 de
2329 2550 2436 2605 alio
2477 2550 2595 2605 loco
2623 2567 2635 2602 :
2667 2548 2888 2617 Inclina,
2929 2551 3116 2622 inquit,
3144 2567 3319 2615 aurem
3363 2561 3498 2606 tuan:
3519 2594 3532 2616 ,
3569 2562 3615 2606 et
3645 2555 3826 2624 excipe

2229 2648 2377 2701 verba
2403 2644 2688 2700 intellectus
2714 2644 2895 2717 (Prov.
2939 2660 3076 2712 nit,
3105 2644 3216 2718 17).
3247 2645 3388 2702 Salis
3428 2648 3604 2717 itaque
3633 2647 3823 2704 admo-

2229 2739 2324 2794 niti
2371 2752 2554 2793 sumus
2599 2737 2759 2792 etiam
2807 2738 2965 2792 istum
2997 2737 3258 2808 psalmum
3305 2737 3464 2808 hujus
3507 2739 3818 2795 intellectus

2228 2830 2404 2902 Asaph
2437 2830 2578 2901 (quia
2603 2829 2834 2901 genitivo
2862 2844 2987 2885 casu
3021 2829 3074 2884 in
3127 2828 3280 2884 titulo
3313 2831 3547 2900 positum
3575 2839 3682 2898 est,
3716 2831 3818 2885 hu-

2222 2924 2310 2995 jus
2358 2923 2696 2988 intellectus;
2745 2936 2885 2987 non,
2931 2922 3015 2977 hic
3042 2919 3364 2992 intellectus)
3406 2923 3655 2978 inclinata
3692 2939 3820 2979 aure

2225 3018 2516 3087 suscipere,
2551 3015 2601 3070 id
2628 3025 2709 3070 est
2731 3014 2917 3069 humili
2939 3015 3155 3085 pietate.
3183 3013 3314 3078 Nec,
3342 3017 3508 3087 ipsius
3530 3016 3714 3087 Asaph
3741 3017 3818 3072 di-

2223 3120 2366 3165 ctum
2393 3120 2505 3174 est;
2554 3107 2668 3173 sed,
2703 3109 2802 3178 ipsi
2840 3107 3018 3178 Asaph
3049 3125 3064 3163 :
3097 3107 3238 3179 quod
3264 3123 3442 3179 graeco
3465 3110 3696 3165 articulo
3723 3127 3815 3181 ap-

2224 3212 2395 3274 paret,
2437 3210 2492 3257 et
2535 3201 2590 3256 in
2621 3201 2935 3272 quibusdam
2985 3202 3165 3257 latinis
3203 3201 3476 3258 codicibus
3521 3203 3814 3261 invenitur.

2223 3295 2398 3352 Verba
2421 3295 2579 3367 igitur
2607 3295 2704 3350 ista
2731 3294 3033 3351 intellectus
3059 3305 3202 3362 sunt,
3231 3296 3283 3351 id
3310 3307 3413 3361 est,
3444 3297 3814 3371 intelligentia:

2222 3398 2345 3443 sunt
2371 3403 2489 3457 qute
2513 3387 2636 3441 data
2663 3399 2741 3443 est
2775 3387 2872 3458 ipsi
2910 3387 3124 3459 Asaph;
3153 3389 3294 3460 quod
3325 3406 3431 3446 non
3457 3393 3552 3447 uni
3585 3393 3812 3462 homini,

2222 3480 2315 3536 sed
2342 3479 2530 3535 melius
2555 3481 2845 3550 accipimus
2871 3480 3270 3552 congregationi
3310 3485 3490 3554 populi
3523 3485 3641 3551 Dei,
3675 3487 3816 3543 unde

2222 3589 2555 3646 nequaquam
2581 3588 2677 3628 nos
2696 3573 2930 3629 alienare
2949 3575 3226 3630 debemus.
3249 3577 3500 3646 Quamvis
3521 3581 3668 3634 enim
3694 3596 3815 3650 pro-

2221 3667 2334 3737 prie
2381 3667 2608 3730 dicatur,
2655 3665 2932 3739 Synagoga
2985 3667 3328 3735 Judzeortun,
3389 3670 3630 3726 Ecclesia
3685 3689 3813 3729 vero

2217 3758 2678 3824 Christianorum;
2733 3759 2852 3829 quia
2903 3762 3245 3831 congregatio
3290 3763 3459 3835 magis
3515 3779 3809 3835 pecorum,

2219 3850 2530 3905 convocatio
2550 3864 2678 3905 vero
2698 3851 2867 3921 magis
2887 3851 3161 3908 hominum
3185 3854 3401 3925 intelligi
3422 3856 3562 3912 solet
3589 3875 3603 3910 :
3633 3867 3808 3914 tamen

2218 3949 2271 3995 et
2296 3941 2438 3995 illam
2462 3940 2656 3996 dictam
2679 3941 2976 3997 invenimus
2998 3942 3315 4011 Eeclesiam,
3338 3955 3391 4000 et
3411 3946 3568 4002 nobis
3586 3949 3811 4006 fortasse

2216 4031 2392 4102 potius
2415 4032 2664 4087 convenit
2685 4031 2884 4097 dicere,
2907 4032 3068 4088 Salva
3087 4051 3196 4097 nos.
3219 4033 3434 4090 Domine
3453 4035 3597 4097 Deus
3619 4049 3806 4104 noster,

2216 4133 2263 4177 et
2296 4139 2545 4194 congrege
2593 4140 2684 4178 nos
2711 4124 2772 4178 de
2811 4124 3130 4193 nationibus,
3170 4136 3228 4179 ut
3255 4127 3594 4196 conﬁteantur
3621 4132 3810 4185 nomini

2214 4224 2386 4270 sancto
2404 4224 2488 4270 tuo
2511 4213 2680 4286 (Psal.
2704 4231 2790 4280 cv,
2810 4215 2923 4286 47).
2947 4214 3130 4287 Neque
3152 4216 3426 4287 dedignari
3446 4234 3548 4273 nos
3568 4231 3802 4292 oportet,

2215 4308 2323 4364 imo
2367 4309 2564 4380 gratias
2603 4307 2896 4365 ineffabiles
2934 4324 3092 4380 agere
3111 4352 3128 4379 ,
3156 4310 3298 4381 quod
3324 4327 3511 4367 sumus
3535 4329 3671 4371 oves
3697 4331 3808 4370 ma-

2214 4418 2377 4458 nuum
2399 4403 2535 4472 ejus,
2563 4417 2697 4474 quas
2723 4403 3048 4473 prmvidebat
3068 4419 3188 4460 cum
3213 4404 3434 4475 diceret,
3465 4407 3654 4465 Habeo
3674 4411 3802 4465 alias

2213 4508 2341 4549 oves
2369 4509 2488 4564 qua:
2513 4508 2617 4549 non
2657 4504 2782 4549 sunt
2811 4494 2878 4550 de
2905 4494 3007 4550 hoc
3032 4497 3192 4562 ovili;
3225 4508 3435 4567 oportet
3461 4515 3549 4555 me
3579 4512 3635 4556 et
3667 4502 3805 4573 ipSas

2213 4585 2508 4650 adducere,
2539 4595 2594 4640 ut
2634 4586 2704 4641 sit
2734 4601 2873 4641 unus
2907 4601 3039 4656 grex
3065 4596 3118 4642 et
3145 4602 3282 4642 unus
3313 4599 3494 4659 pastor
3521 4589 3708 4662 (Joan.
3750 4609 3802 4658 x,

2212 4678 2302 4747 16)
2331 4695 2344 4731 :
2371 4678 2642 4749 jungendo
2668 4678 2871 4734 scilicet
2900 4678 3108 4733 ﬁdelem
3141 4681 3394 4750 populum
3418 4679 3715 4738 Gentilium
3740 4686 3803 4737 ﬁ-

2210 4769 2316 4825 deli
2362 4771 2555 4840 popnlo
2598 4770 2987 4836 lsraelitarum,
3034 4769 3100 4824 de
3143 4770 3334 4841 quibus
3377 4775 3529 4843 prius
3558 4773 3800 4839 dixerat,

2213 4861 2334 4916 Non
2381 4879 2491 4916 sum
2537 4862 2721 4939 missus
2771 4862 2869 4916 nisi
2892 4862 2961 4915 ad
3004 4877 3117 4916 oves
3165 4879 3279 4934 qua:
3321 4864 3578 4934 perierunt
3622 4868 3801 4920 domus

2209 4953 2374 5008 Israel
2402 4952 2628 5024 (Matth.
2659 4969 2746 5020 xv,
2776 4952 2906 5020 24).
2934 4952 3066 5008 Nam
3095 4963 3148 5006 ct
3178 4955 3651 5026 congregabuntur
3677 4967 3801 5013 ante

2208 5064 2328 5103 eum
2377 5063 2566 5104 omnes
2617 5057 2831 5117 gentes,
2866 5056 2920 5103 et
2963 5050 3227 5119 separabit
3275 5064 3369 5104 eos
3423 5051 3565 5105 sicut
3617 5059 3800 5122 pastor

2207 5156 2336 5196 oves
2381 5126 2450 5194 ab
2506 5139 2672 5194 Inedis
2715 5139 2849 5214 (ltl.
2881 5157 3023 5205 xxv,
3073 5141 3143 5196 59.
3173 5144 3210 5210 ).
3257 5140 3344 5196 Sic
3398 5141 3565 5212 igitur
3609 5143 3800 5197 audia-

2207 5247 2326 5288 mus
2353 5231 2493 5304 quod
2524 5231 2723 5286 dictum
2755 5241 2855 5295 est,
2885 5231 3170 5297 Attendite,
3198 5233 3415 5304 populus
3441 5249 3605 5299 meus,
3641 5233 3800 5305 legent

2207 5342 2406 5390 meam,
2460 5323 2696 5377 inclinate
2741 5341 2915 5378 aurem
2957 5336 3171 5379 vestram
3213 5325 3266 5379 in
3317 5326 3466 5379 verba
3506 5327 3610 5380 oris
3661 5327 3759 5379 mei
3780 5367 3794 5386 ,

2205 5432 2313 5471 non
2360 5425 2607 5486 tanquam
2648 5413 2867 5482 Judaeis,
2895 5417 2986 5471 sed
3018 5417 3193 5488 potius
3224 5426 3473 5486 tanquam
3504 5417 3682 5481 nobis,
3713 5417 3794 5472 vel

2204 5520 2349 5566 certe
2377 5519 2482 5564 tam
2512 5509 2672 5564 etiam
2703 5509 2857 5564 nobis
2885 5509 2981 5564 ista
3004 5509 3266 5564 dicantur.
3294 5509 3426 5564 Cum
3457 5510 3600 5564 enim
3633 5511 3796 5564 dixis-

2203 5609 2288 5658 set
2320 5600 2626 5671 Apostolus,
2654 5598 2760 5654 Sed
2787 5618 2887 5654 non
2914 5601 2967 5653 in
3003 5600 3232 5654 omnibus
3280 5600 3383 5654 illis
3426 5598 3794 5670 beneplucitum

2203 5704 2276 5749 est
2303 5693 2431 5760 Deo,
2455 5693 2525 5748 ita
2550 5693 2839 5748 ostendens
2863 5693 3024 5747 fuisse
3053 5692 3122 5746 ibi
3155 5692 3313 5747 etiam
3355 5693 3476 5746 illos
3517 5692 3568 5746 in
3601 5692 3796 5763 quibus

2203 5787 2590 5858 beneplacitum
2632 5797 2714 5842 est
2739 5786 2882 5849 Deo;
2913 5786 3167 5840 continuo
3207 5784 3452 5855 subjecit,
3484 5805 3501 5835 ι
3533 5785 3793 5840 Pt'uslt‘ali

2203 5884 2343 5940 enim
2387 5892 2510 5938 sunt
2550 5884 2600 5937 in
2641 5881 2853 5938 deserto
2883 5899 2896 5935 :
2934 5899 2953 5937 ν
2987 5879 3178 5935 deinde
3209 5879 3468 5950 adiunxit,
3498 5897 3517 5930 ι
3552 5879 3674 5935 llaec
3701 5895 3790 5934 au-
