4076 6464
264 438 421 498 98ὓ⁹

264 567 364 614 ιειιι
395 550 569 621 ﬁgurae
596 548 793 598 nostra:
822 534 972 590 facta:
1000 536 1144 595 sunt,
1168 532 1227 580 ut
1248 536 1356 579 non
1386 519 1553 574 simus
1580 511 1830 621 concupi-

265 604 469 707 scentes
495 636 655 702 mala,
678 632 814 687 sicut
841 636 896 683 et
922 624 996 680 illi
1027 618 1410 690 concupierunt
1436 630 1449 666 :
1478 622 1650 679 neque
1679 604 1833 660 idolis

267 704 570 799 servientes,
602 727 738 782 sicut
766 718 979 800 quidam
1012 728 1232 777 eorum;
1261 710 1397 764 sicut
1437 704 1690 773 scriptum
1730 706 1830 760 est,

267 796 409 891 Dedit
452 821 676 897 populus
725 796 1044 871 manducare
1084 815 1138 862 et
1176 804 1377 865 bibere,
1410 807 1464 853 et
1490 796 1837 852 surrexerunt

265 881 468 983 ludere:
486 915 665 985 Neque
693 908 1035 968 lorniccmur,
1061 902 1200 954 sicut
1225 893 1437 965 quidam
1465 902 1649 945 eorum
1673 881 1837 939 forni-

264 974 532 1078 enisum,
561 974 614 1063 et
638 1001 944 1060 ceciderunt
975 1009 1076 1049 una
1102 990 1188 1045 dic
1216 984 1401 1057 viginti
1431 990 1484 1037 ct
1514 980 1611 1035 tria
1649 974 1833 1031 millia.

265 1113 440 1181 Neque
467 1111 729 1160 tentemus
749 1093 1043 1155 Christum,
1072 1087 1207 1141 sicut
1226 1080 1437 1152 quidam
1462 1089 1645 1131 eorum
1667 1077 1839 1125 tenta-

214 1198 223 1203 ’
265 1173 470 1266 verunt,
504 1205 559 1253 ct
587 1210 616 1250 a
644 1187 979 1262 serpentibus
1011 1180 1300 1253 perierunt.
1323 1173 1506 1243 Neque
1536 1178 1837 1223 murmura-

266 1296 469 1360 veritis,
499 1291 636 1345 sicut
662 1283 872 1356 quidam
900 1291 1084 1333 eorum
1124 1270 1607 1326 murmuravcrunt,
1636 1268 1691 1314 et
1718 1272 1841 1328 pcr—

266 1392 437 1447 ierunt
457 1350 536 1437 'ab
561 1350 997 1436 exterminatore.
1022 1365 1208 1422 Omnia
1238 1368 1412 1415 autem
1444 1357 1555 1409 haec
1598 1353 1649 1406 in
1678 1350 1841 1420 ﬁgura

264 1475 641 1548 contingebant
671 1454 777 1525 ﬁlis
804 1486 817 1522 :
847 1466 1044 1533 scripta
1075 1466 1248 1514 autem
1288 1462 1411 1508 sunt
1445 1447 1509 1504 ad
1545 1443 1842 1514 correptio-

265 1592 382 1633 nent
406 1579 664 1630 nostram,
687 1566 738 1620 in
760 1575 893 1632 quos
917 1558 1034 1612 linis
1055 1553 1368 1609 saeculorum
1391 1542 1605 1599 obvenit
1624 1560 1642 1593 ι
1665 1538 1703 1612 (l
1721 1536 1840 1592 Cor.

262 1628 520 1734 ἣδε-Η).
547 1628 714 1716 Nobis
756 1628 883 1726 ergo
924 1650 1099 1722 potius
1144 1647 1241 1701 ista
1284 1647 1491 1696 cantata
1523 1643 1664 1690 sunt.
1693 1628 1845 1687 Unde

264 1765 314 1820 in
346 1762 445 1816 hoc
476 1730 681 1828 psalmo
720 1752 857 1806 inter
884 1756 1076 1803 c:ctera
1102 1741 1300 1795 dictum
1328 1743 1408 1791 cst
1434 1749 1447 1785 τ
1481 1730 1547 1786 Ut
1577 1731 1845 1799 cognoscat

263 1852 511 1929 generatio
533 1849 713 1913 altera,
730 1844 822 1907 ﬁlii
845 1840 929 1912 qui
956 1845 1222 1892 nascentur
1246 1841 1289 1885 et
1312 1834 1595 1897 exsurgent.
1614 1822 1779 1876 Porro
1800 1818 1845 1872 si

1240 1923 1251 1929 -
1516 1916 1528 1928 .
1606 1922 1618 1929 ,
1678 1927 1707 1929 η
1759 1908 1839 1929 ,ηᾷ

263 1908 349 2004 ille
387 1943 633 2000 interitus
662 1954 691 1992 a
718 1931 1073 2005 serpentibus,
1115 1935 1168 1982 et
1206 1923 1273 1978 ab
1309 1916 1718 1976 exterminatore
1759 1908 1846 1964 illa

263 2040 510 2115 perditio,
537 2043 591 2091 et
611 2031 768 2106 gladii
792 2002 1091 2087 trucidatio,
1117 2020 1296 2089 ﬁguras
1318 2014 1551 2077 luerunt,
1578 2009 1713 2063 sicut
1734 2002 1847 2060 evi-

260 2099 448 2190 denter
468 2099 928 2193 dicitllpostolus,
956 2129 1076 2169 cum
1107 2110 1193 2164 illa
1221 2105 1397 2161 omnia
1426 2099 1711 2170 contigisse
1737 2110 1847 2150 ma-

260 2227 508 2282 nilestum
540 2219 643 2283 sit;
674 2230 780 2270 non
809 2211 950 2266 enim
980 2207 1072 2271 ait,
1096 2202 1151 2258 In
1185 2201 1353 2269 ﬁgura
1385 2193 1715 2253 dicebantur,
1741 2186 1845 2253 vel,

262 2320 316 2375 ln
349 2318 515 2387 ﬁgura
551 2280 745 2380 scripta
776 2311 940 2366 sunt;
972 2298 1086 2363 sed,
1118 2295 1183 2348 In
1214 2294 1401 2363 ﬁgura,
1433 2286 1621 2355 inquit,
1650 2280 1844 2334 contin-

261 2370 441 2485 gebaiit
468 2408 573 2463 illis
592 2423 609 2458 :
628 2370 824 2473 quanto
851 2395 1051 2463 majore
1073 2385 1341 2485 diligentia
1368 2377 1575 2485 pietatis
1594 2370 1851 2485 cavenda:

259 2463 585 2571 :unvtpoena:
610 2463 832 2565 quarum
861 2487 1038 2558 ﬁgurae
1070 2482 1171 2536 illae
1200 2472 1448 2532 fuerunt!
1478 2466 1667 2525 Procul
1689 2463 1851 2566 dubio

260 2555 478 2667 quippe,
504 2555 642 2645 sicui
671 2587 724 2639 in
757 2555 917 2637 bonis
947 2576 1105 2632 rebus
1144 2569 1311 2626 multo
1340 2562 1565 2633 amplius
1602 2555 1728 2662 boni
1769 2561 1852 2667 εἰει

436 2646 583 2756 quod
612 2694 707 2752 per
735 2676 955 2745 ﬁguram
995 2663 1343 2737 signiﬁcatur,
1371 2670 1527 2727 quam
1568 2652 1621 2705 in
1651 2650 1762 2719 ipsa
1795 2646 1853 2699 ﬁ-

257 2798 386 2855 gura
413 2796 429 2845 ;
455 2748 541 2832 ita
590 2748 641 2828 ενι
687 2771 739 2825 in
788 2765 943 2822 malis
986 2761 1140 2829 longe
1173 2754 1354 2823 utique
1385 2748 1853 2848 pejorasuntqum

262 2831 640 2944 :igniﬁcantur
668 2859 871 2931 ﬁguris,
896 2870 1015 2912 cum
1043 2860 1185 2906 tanta
1216 2845 1348 2901 mala
1376 2842 1483 2896 sint
1508 2838 1667 2893 etiam
1693 2831 1856 2903 signi-

260 2928 488 3023 ﬁcantes
532 2959 736 3027 ﬁgurae.
764 2951 897 3008 Nam
946 2947 1083 3003 sicut
1131 2954 1270 2996 terra
1317 2928 1705 3006 promissionis,
1750 2937 1855 2994 quo

261 3058 352 3114 ille
371 3053 602 3126 populus
615 3046 930 3108 ducebatur,
946 3041 997 3095 in
1015 3032 1410 3106 comparatione
1428 3023 1577 3096 regni
1595 3020 1852 3077 caelorum

260 3115 395 3207 nihil
427 3115 536 3209 est,
560 3156 665 3214 quo
692 3135 1011 3193 christianos
1039 3127 1264 3200 populus
1292 3119 1503 3176 ducitur
1529 3132 1541 3169 :
1568 3115 1639 3169 ita
1668 3119 1721 3166 et
1744 3124 1856 3214 poe—

262 3262 345 3301 na:
374 3242 485 3297 illa:
512 3202 632 3309 quae
663 3235 844 3304 ﬁgura:
874 3226 1107 3286 fuerunt,
1136 3234 1256 3275 cum
1287 3227 1391 3269 tam
1418 3212 1526 3267 sint
1550 3217 1781 3272 atroces,
1804 3202 1857 3257 in

260 3301 671 3406 comparatione
702 3301 977 3397 pinnarum
1019 3330 1152 3389 quas
1197 3308 1495 3381 signiﬁcant
1536 3301 1668 3358 nihil
1710 3304 1854 3354 sunt.

262 3391 409 3501 Duas
460 3434 641 3479 autem
693 3391 888 3488 ﬁguras
932 3410 1065 3467 dixit
1106 3401 1413 3476 Apostolus,
1454 3410 1546 3452 eas
1588 3393 1715 3448 dicit
1759 3391 1859 3443 istc

268 3485 538 3594 psalmus,
567 3485 821 3585 quantum
852 3502 1157 3561 existimare
1180 3504 1481 3566 possumus,
1507 3485 1789 3557 parabolas
1808 3490 1861 3535 et

262 3574 670 3688 propositiones
694 3622 707 3658 :
731 3616 836 3656 non
867 3600 921 3653 in
947 3612 1011 3651 eo
1039 3591 1295 3645 habentes
1326 3585 1507 3647 ﬁnem,
1528 3577 1666 3649 quod
1693 3574 1864 3631 conti-

259 3673 468 3782 gerunt
494 3720 509 3769 ;
538 3700 633 3756 sed
666 3698 719 3751 in
749 3694 829 3749 eis
857 3690 1019 3746 rebus
1048 3684 1113 3739 ad
1143 3696 1275 3753 quas
1302 3673 1603 3733 rationabili
1620 3684 1861 3782 rampa-

260 3761 486 3859 :atione
516 3790 842 3851 referuntur.
866 3781 1216 3837 Attendamus
1253 3785 1380 3841 ergo
1419 3768 1588 3837 legem
1620 3761 1733 3826 Dei,
1766 3774 1863 3829 po-

262 3897 430 3969 pulus
477 3889 616 3960 ejus,
647 3892 704 3940 et
748 3879 1063 3938 inclinemus
1106 3882 1289 3927 aurem
1335 3870 1571 3920 nostram
1611 3858 1665 3913 in
1701 3852 1864 3910 verba

261 3990 378 4046 oris
406 3985 555 4055 ejus.

341 4082 403 4137 .1.
434 4050 593 4150 iners.
614 4070 697 4145 2.]
725 4068 979 4139 Aperiam,
1008 4059 1198 4131 inquit,
1223 4057 1276 4110 in
1301 4050 1552 4125 parabolis
1568 4063 1636 4150 ‘os
1664 4057 1867 4144 meum;

261 4131 491 4245 eloqutir
518 4131 883 4239 prapoiitiones
908 4155 970 4209 ab
993 4152 1156 4207 initio.
1181 4149 1221 4201 A
1245 4160 1351 4216 quo
1377 4141 1527 4196 initio
1551 4138 1712 4245 dicat,
1740 4131 1869 4187 satis

263 4227 1104 4340 apparet'inconsequentibus.
1128 4240 1245 4297 Non
1273 4237 1414 4292 enim
1444 4248 1509 4286 ex
1539 4242 1643 4330 quo
1673 4227 1867 4326 factum

266 4314 373 4418 es:
386 4353 593 4412 caelum
623 4355 678 4404 et
708 4353 870 4406 terra,
900 4338 982 4392 vel
1014 4351 1077 4391 ex
1108 4346 1211 4403 quo
1240 4334 1477 4384 creatum
1506 4328 1588 4376 est
1616 4319 1667 4372 in
1698 4314 1870 4387 primo

272 4449 513 4507 homine
542 4452 711 4513 genus
736 4435 1025 4489 humanum
1051 4444 1065 4492 ;
1098 4423 1191 4479 sed
1218 4436 1280 4475 ex
1312 4432 1415 4488 quo
1442 4410 1621 4485 populi
1650 4420 1873 4477 congre-

266 4502 423 4616 gat—io
447 4502 572 4609 qua:
592 4530 817 4586 adducta
839 4534 921 4580 est
940 4537 1004 4576 ex
1028 4518 1269 4616 ngyptg
1284 4530 1297 4565 :
1323 4519 1380 4564 ut
1402 4519 1593 4616 sensus
1611 4502 1875 4616 {inertiae-at

268 4590 597 4697 :duAsjaph,
639 4618 779 4693 quod
828 4617 1206 4682 interpretatur
1231 4596 1604 4671 Congregatio.
1630 4591 1737 4648 Sed
1771 4590 1875 4696 pti-

271 4739 405 4782 nam
456 4683 548 4788 qui
585 4683 744 4776 diuit,
781 4706 1016 4779 Aperiam
1054 4702 1106 4755 in
1148 4692 1398 4768 parabolis
1427 4706 1482 4744 os
1509 4703 1693 4748 meum,
1716 4683 1875 4739 etiam

272 4775 623 4874 intellectum
656 4775 896 4860 nostrum
926 4799 978 4851 in
1010 4810 1100 4850 eas
1124 4788 1331 4861 aperire
1355 4780 1631 4854 dignetur!
1654 4778 1710 4833 Si
1735 4775 1877 4831 enim

273 4868 428 4964 sicut
460 4918 525 4957 os
551 4912 705 4954 suum
734 4891 943 4965 aperuit
966 4888 1017 4943 in
1045 4879 1333 4957 parabolis,
1358 4878 1428 4932 ita
1457 4873 1690 4944 aperiret
1718 4868 1878 4923 etiam

275 5004 433 5073 ipsas
462 4959 784 5070 parabolas;
808 4994 864 5042 et
905 4983 1041 5038 sicut
1076 4974 1338 5046 eloquitur
1366 4965 1777 5041 propositiones,
1810 4959 1881 5013 ita

275 5059 641 5164 eloqueretur
669 5093 724 5139 et
746 5094 929 5137 earum
960 5070 1354 5144 expositiones;
1383 5077 1489 5117 non
1522 5059 1606 5112 hic
1632 5065 1885 5111 :estuare-

278 5148 414 5246 nius
443 5204 458 5239 :
491 5194 635 5238 nunc
656 5190 785 5233 vero
815 5176 885 5229 ita
915 5171 1124 5226 obtecta
1151 5173 1205 5220 et
1232 5161 1413 5216 clausa
1451 5162 1576 5210 sunt
1602 5148 1801 5212 omnia,
1829 5154 1887 5201 ut.

278 5240 515 5341 etiamsi
563 5273 631 5330 ad
683 5266 879 5340 aliquid
923 5265 1040 5335 ipso
1086 5258 1389 5329 adjuvante,
1425 5247 1566 5304 unde
1604 5240 1889 5341 salubriter

282 5384 590 5450 pascamur
611 5362 892 5438 pervenire
914 5355 1199 5427 possimus,
1223 5350 1275 5404 in
1299 5344 1494 5401 sudore
1514 5350 1689 5395 tamen
1713 5334 1890 5389 vultus

1246 5442 1323 5450 η,
1425 5446 1435 5450 Δ
1706 5428 1856 5450 LL:

285 5428 475 5528 hostri
497 5428 721 5517 edamus
748 5467 936 5527 pauent
960 5447 1108 5523 (Gen.
1134 5460 1210 5510 ιιι,
1240 5442 1361 5510 19);
1389 5446 1444 5493 ει
1470 5448 1678 5528 pinnam
1700 5428 1889 5528 deﬁni-

286 5561 468 5621 tionis
514 5520 765 5623 antiqutc,
811 5561 917 5602 non
966 5520 1205 5610 corporis
1253 5542 1482 5597 tantum,
1515 5526 1609 5583 sed
1638 5533 1689 5580 et
1717 5520 1894 5579 cordis

290 5615 494 5715 labore
520 5615 833 5721 pendamus.
860 5639 1010 5695 Dicat
1046 5647 1194 5704 ergo.
1226 5636 1281 5684 et
1309 5624 1586 5680 audiamus
1615 5615 1895 5690 parabolas

289 5760 348 5806 et
383 5740 804 5816 propositiones.

371 5804 434 5894 ἐ.
466 5804 616 5908 iners.
647 5809 956 5900 5.].Quanta
1006 5817 1285 5872 audivimus
1309 5853 1323 5877 ,
1354 5819 1399 5864 et
1441 5804 1761 5877 cognovimus
1802 5814 1894 5866 ea,

290 5944 345 5991 et
380 5893 560 6004 palm
607 5893 1119 5982 nost-rirnorravcrunt
1167 5905 1325 5962 nobis.
1370 5899 1621 5957 Dominus
1655 5893 1898 5967 superius

1309 397 1702 460 ENARRATIO
1739 395 1804 451 IN
1841 390 2162 449 PSALMUM
2203 391 2458 450 LXXVII.

1941 509 2273 581 loquebatur.
2301 509 2432 565 Nam
2457 508 2608 579 cujus
2648 507 2868 564 alterius
2889 507 3051 563 verba
3076 504 3341 563 credenda
3364 515 3515 571 sunt,

1938 603 2188 658 Attendite
2206 645 2219 669 ,
2245 604 2462 675 populus
2487 617 2625 656 meus
2650 643 2665 668 ,
2693 601 2849 669 legem
2890 600 3099 655 meam?
3126 600 3261 669 Quid
3282 608 3365 655 εει
3386 614 3521 669 ergo

1940 699 2080 769 quod
2114 714 2252 753 nunc
2280 706 2499 768 repente
2527 697 2683 750 homo
2709 695 2961 765 loquitur?
2986 694 3101 750 Jam
3125 695 3265 748 enim
3294 693 3525 748 hominis

1940 794 2103 847 verba
2146 801 2300 856 sunt,
2349 791 2551 859 Quanta
2579 788 2859 843 midivimns
2878 829 2892 851 ,
2933 797 2979 841 et
3006 787 3322 859 cognovimus
3360 803 3417 840 ea
3436 826 3451 851 ,
3482 793 3528 839 et

1943 893 2109 955 patres
2130 883 2286 937 nostri
2318 891 2643 936 narraverunt
2670 881 2829 934 nobis.
2860 879 3112 934 Nimirum
3139 878 3246 947 jam
3272 880 3411 932 Deus
3457 893 3521 931 ex

1944 974 2174 1029 hominis
2205 972 2497 1028 ministerio
2524 973 2814 1035 locuturus,
2843 972 2980 1025 sicut
3004 968 3078 1025 ait
3102 969 3383 1039 Apostolus
3408 1011 3422 1034 ,
3447 969 3525 1021 An

1944 1066 2095 1121 vultis
2144 1064 2535 1135 experimentum
2587 1065 2811 1135 accipere
2851 1063 2961 1129 ejus
2996 1061 3080 1130 qui
3124 1061 3175 1114 in
3214 1077 3291 1114 me
3312 1060 3520 1130 loquitur

1946 1158 2171 1215 Christus
2189 1158 2254 1227 (ll
2271 1158 2385 1211 Cor.
2409 1157 2616 1227 xm,3)?
2641 1173 2707 1212 ex
2734 1170 2959 1226 persona
2985 1169 3079 1209 sua
3113 1152 3338 1222 primum
3363 1152 3522 1207 verba

1947 1249 2062 1304 ﬁeri
2082 1248 2281 1313 voluit,
2312 1263 2378 1303 ne
2407 1248 2565 1304 verba
2602 1247 2716 1317 ejus
2742 1247 2964 1317 loquens
2992 1246 3184 1310 homo,
3215 1253 3535 1299 contemne-'

1947 1353 2096 1399 retur
2116 1352 2172 1397 ut
2220 1342 2398 1397 homo.
2445 1341 2519 1395 Ita
2549 1341 2692 1397 enim
2719 1356 2777 1397 se
2822 1341 3020 1396 habent
3058 1340 3354 1394 locutiones
3398 1339 3532 1400 Dei,

1948 1452 2065 1509 qua:
2108 1436 2260 1491 nobis
2306 1435 2639 1489 insinuantur
2683 1450 2779 1505 per
2804 1448 3018 1489 sensum
3062 1431 3302 1502 corporis
3343 1429 3530 1485 nostri.

1948 1527 2255 1584 Creaturam
2286 1527 2548 1582 subditam
2577 1541 2738 1597 opere
2767 1524 3015 1581 invisibili
3042 1524 3267 1579 Creator
3314 1530 3491 1577 movet
3515 1537 3529 1585 ;

1949 1636 2054 1676 non
2085 1620 2199 1689 ejus
2224 1620 2514 1676 substantia
2554 1620 2608 1673 in
2641 1618 2835 1689 aliquid
2864 1617 3140 1688 corporale
3166 1626 3218 1671 et
3244 1615 3534 1685 temporale

1949 1713 2275 1769 convertitur
2295 1754 2308 1775 .
2341 1721 2400 1767 ut
2434 1710 2801 1781 corporalibus
2828 1720 2882 1765 et
2921 1708 3301 1779 temporalibus
3331 1708 3495 1777 signis
3516 1747 3531 1773 ,

1951 1806 2062 1862 sive
2090 1806 2154 1860 ad
2187 1805 2369 1859 oculos
2410 1804 2521 1860 sive
2546 1804 2612 1857 ad
2639 1818 2797 1858 aures
2838 1800 3250 1872 pertinentibus,
3276 1808 3528 1870 quantum

1952 1914 2144 1970 capere
2171 1898 2414 1952 homines
2442 1904 2696 1967 possunt,
2728 1910 2877 1950 suam
2904 1893 3060 1949 faciat
3092 1894 3423 1948 innotescere
3442 1906 3535 1944 vo-

1952 1992 2229 2048 luntatem.
2258 1989 2315 2046 Si
2362 1989 2503 2045 enim
2531 1988 2748 2059 angelus
2785 1988 2859 2042 uti
2910 1995 3081 2058 potest
3116 1984 3348 2049 aethere,
3380 1996 3534 2046 aere,

1952 2086 2093 2142 nube
2116 2128 2131 2153 ,
2162 2085 2301 2155 igne,
2332 2092 2387 2138 et
2412 2083 2516 2137 alia
2558 2081 2794 2153 qualibet
2814 2089 2999 2134 natura
3028 2078 3111 2133 vel
3147 2076 3325 2147 specie
3349 2089 3538 2144 corpo-

1953 2182 2048 2237 rali
2074 2198 2089 2245 ;
2117 2190 2170 2235 et
2200 2180 2359 2235 homo
2380 2174 2528 2232 vultu
2550 2219 2565 2242 ,
2596 2176 2772 2247 lingua
2797 2217 2810 2239 ,
2844 2189 3026 2239 manu,
3058 2172 3283 2237 calamo,
3315 2168 3535 2234 litteris,

1953 2274 2137 2329 aliisve
2161 2270 2581 2344 signiﬁcantibus
2608 2268 2769 2323 rebus
2788 2264 2854 2321 ad
2884 2281 2994 2321 sua:
3037 2264 3229 2319 mentis
3260 2259 3540 2317 indicanda

1954 2376 2199 2432 secreta;
2246 2374 2518 2436 postremo
2541 2378 2661 2417 cum
2711 2360 2872 2415 homo
2898 2359 2968 2413 sit
2990 2398 3005 2421 ,
3037 2357 3252 2412 nuntios
3296 2353 3544 2408 homines

1955 2460 2154 2527 mittit,
2178 2468 2232 2514 et
2256 2458 2383 2514 dicit
2415 2457 2538 2523 alii,
2568 2454 2713 2509 Vade
2732 2493 2746 2518 ,
2774 2462 2829 2508 et
2851 2451 3020 2515 vadit;
3053 2458 3107 2504 et
3137 2448 3225 2502 alii
3251 2488 3265 2511 ,
3300 2445 3463 2509 Veni,
3491 2451 3546 2499 et

1954 2552 2137 2615 venit;
2166 2560 2220 2605 et
2265 2563 2422 2605 servo
2450 2562 2581 2614 suo,
2614 2547 2721 2601 Fac
2749 2544 2885 2610 hoc,
2914 2553 2969 2598 et
2997 2542 3121 2596 facit
3148 2539 3296 2612 (Luc.
3325 2554 3419 2602 vn,
3448 2538 3541 2606 8):

1954 2652 2153 2714 quanto
2181 2643 2385 2711 majore
2413 2650 2467 2695 et
2492 2638 2791 2694 efﬁcaciore
2841 2644 3100 2706 potestate
3130 2634 3269 2688 Deus
3287 2673 3304 2699 ,
3332 2631 3417 2686 cui
3450 2630 3545 2685 Do-

1940 2739 2102 2794 mino
2128 2737 2372 2792 universa
2398 2733 2638 2804 subjecta
2687 2738 2843 2795 sunt,
2870 2737 2924 2785 ct
2962 2728 3079 2797 ipso
3126 2724 3314 2795 angelo
3340 2732 3395 2778 et
3440 2721 3540 2777 ho-

1958 2832 2103 2887 mine
2155 2830 2351 2896 utitur,
2381 2836 2440 2883 ut
2462 2825 2605 2897 quod
2635 2825 2686 2881 ei
2733 2823 2908 2893 placet
2951 2818 3262 2874 annuntiet!
3292 2814 3546 2883 Quamvis

1958 2926 2135 2995 itaque
2148 2923 2260 2994 jam
2284 2922 2444 2976 homo
2472 2919 2644 2983 dicat,
2672 2918 2873 2983 Quanta
2912 2913 3223 2977 audivimus,
3245 2919 3292 2965 et
3313 2909 3548 2980 cognovi-

1959 3032 2071 3070 mus
2090 3031 2169 3081 ea,
2198 3022 2245 3067 et
2272 3021 2437 3083 patres
2461 3010 2617 3065 nostri
2648 3015 2977 3062 narraverunt
3015 3002 3194 3067 nobis;
3220 3010 3394 3056 tamen
3428 3008 3545 3054 tan-

1959 3120 2118 3176 quam
2150 3104 2243 3159 Dei
2273 3103 2432 3158 verba
2457 3143 2472 3167 ,
2504 3114 2611 3155 non
2643 3109 2890 3169 tanquam
2937 3094 3197 3149 humanas
3228 3090 3429 3146 fabulas
3454 3104 3549 3143 au-

1961 3198 2187 3253 diamus.
2219 3196 2440 3265 Propter
2469 3193 2570 3247 hoc
2611 3190 2753 3246 enim
2783 3188 3115 3258 praemissum
3152 3191 3235 3238 est
3257 3224 3271 3247 ,
3297 3181 3550 3235 Attendite

1954 3274 2180 3363 populus
2203 3280 2362 3352 meus,
2386 3288 2544 3356 legem
2572 3299 2766 3345 meam,
2798 3280 3038 3335 inclinate
3063 3292 3237 3330 aurem
3260 3283 3473 3328 vestram
3496 3273 3547 3327 in

1962 3383 2109 3439 verba
2128 3382 2230 3435 oris
2258 3380 2373 3433 mei.
2405 3376 2644 3448 Aper-iam
2680 3375 2732 3428 in
2773 3370 3025 3443 parabolis
3050 3385 3105 3423 os
3130 3383 3313 3429 meum,
3343 3364 3550 3435 eloquar

1964 3474 2331 3549 propositiones
2357 3470 2418 3525 ab
2447 3469 2612 3522 initio.
2646 3467 2847 3534 Quanta
2867 3477 2995 3534 ergo
3018 3459 3320 3523 audivimus,
3345 3456 3547 3525 inquit,

1965 3548 2010 3624 et
2048 3566 2364 3638 cognovimus
2401 3579 2459 3617 ea
2482 3602 2497 3628 ,
2524 3570 2572 3616 et
2611 3569 2777 3630 patres
2820 3554 2977 3609 nostri
3016 3556 3345 3605 narraverunt
3386 3548 3548 3622 nobis.

1967 3660 2054 3717 Sic
2080 3667 2182 3722 est,
2212 3657 2519 3721 audivimus,
2539 3662 2584 3707 et
2611 3648 2931 3721 cognovimus
2951 3662 2969 3709 ,°
2986 3641 3272 3715 quomodo,
3297 3639 3449 3704 Audi,
3484 3639 3551 3707 ﬁ-

1968 3754 2059 3820 lia,
2087 3761 2133 3807 et
2152 3749 2264 3803 vide
2294 3746 2463 3819 (Psal.
2497 3759 2654 3809 κων,
2681 3740 2791 3811 il).
2823 3737 3014 3794 Audita
3053 3733 3197 3791 enim
3228 3732 3422 3788 suntin
3453 3729 3556 3786 Ve-

1969 3845 2070 3901 teri
2094 3844 2436 3899 Testamento
2484 3852 2602 3909 quae
2630 3842 3024 3905 cognoscuntur
3070 3829 3122 3884 in
3148 3827 3331 3892 Novo;
3376 3824 3553 3880 audita

1968 3954 2090 3995 cum
2118 3936 2597 4008 prophetarcntur,
2643 3927 2852 3998 cognita
2892 3939 3012 3979 cum
3060 3921 3427 3991 implerentur.
3455 3916 3556 3974 Ubi

1970 4028 2255 4102 promissio
2306 4024 2567 4086 redditur,
2614 4035 2719 4073 non
2766 4015 3039 4071 ﬁ-audatur
3088 4011 3307 4067 auditio.
3356 4008 3424 4063 Et
3466 4026 3560 4078 pa-

1972 4101 2071 4175 tres
2091 4118 2270 4180 nostri,
2308 4115 2517 4184 Moyses
2546 4119 2600 4164 et
2626 4107 2907 4176 Propheta:
2928 4146 2942 4169 ,
2972 4113 3297 4158 narraverunt
3323 4101 3485 4155 nobis.

2043 4211 2096 4265 6.
2128 4208 2276 4280 [vers.
2307 4204 2388 4276 4.]
2432 4202 2551 4256 Non
2589 4209 2706 4255 sunt
2732 4196 3024 4251 abscondita
3061 4211 3092 4246 a
3116 4195 3236 4263 ﬁliis
3272 4207 3477 4257 eorum,
3504 4191 3559 4246 in

1973 4301 2291 4376 generatione
2318 4297 2497 4351 altera.
2546 4293 2670 4347 llaec
2697 4299 2780 4346 est
2817 4298 2999 4344 nostra
3036 4285 3307 4356 generatio
3328 4324 3345 4351 ,
3377 4285 3431 4339 in
3456 4300 3560 4354 qua

1976 4373 2129 4449 nobis
2166 4390 2357 4446 donata
2382 4394 2465 4442 est
2492 4381 2844 4455 regeneratio.
2877 4378 3241 4433 Annuntiantes
3260 4375 3436 4431 laudes
3461 4373 3564 4431 Do-

1976 4488 2132 4551 mini,
2175 4493 2222 4538 et
2263 4480 2505 4555 potentias
2552 4478 2693 4548 ejus,
2730 4484 2776 4529 et
2818 4472 3068 4528 mirabilia
3115 4471 3223 4541 ejus
3266 4485 3381 4541 qua:
3422 4470 3559 4540 fecit.

1976 4578 2121 4636 Ordo
2146 4576 2427 4632 verborum
2450 4581 2566 4638 est,
2602 4569 2669 4623 Et
2716 4578 2882 4639 patres
2911 4565 3069 4619 nostri
3106 4572 3434 4617 narraverunt
3472 4579 3566 4617 no-

1979 4674 2076 4740 bis,
2127 4670 2479 4726 annuntiantes
2512 4664 2688 4720 laudes
2730 4660 2953 4716 Domini.
2986 4657 3253 4713 Laudatur
3309 4657 3565 4712 Dominus

1980 4775 2040 4821 ut
2067 4774 2273 4820 ametur
2302 4779 2315 4817 :
2346 4760 2472 4831 quid
2501 4758 2641 4813 enim
2670 4753 2934 4809 salubrius
2960 4747 3210 4804 amatur?
3308 4809 3312 4812 ,

2053 4861 2105 4914 7.
2137 4857 2287 4932 [vers.
2310 4852 2456 4925 5-8.]
2492 4849 2562 4905 Et
2591 4846 2847 4903 suscitavit
2889 4842 3246 4897 Testimonium
3274 4842 3328 4896 in
3370 4840 3530 4896 Jacob
3553 4883 3567 4907 ,

1983 4962 2032 5008 et
2052 4952 2234 5023 Legem
2265 4948 2429 5019 posuit
2457 4946 2508 4999 in
2535 4941 2716 4996 Israel.
2749 4939 2860 4993 Hoc
2901 4945 2984 4991 εει
3012 4936 3217 4990 initium
3244 4935 3310 4990 de
3347 4951 3453 5005 quo
3479 4950 3567 4988 su-

1985 5061 2081 5119 pra
2122 5044 2320 5099 dictum
2350 5048 2431 5094 est
2453 5079 2469 5104 ,
2498 5034 2722 5103 Eloquar
2771 5028 3133 5101 prepositiones
3170 5028 3231 5082 ab
3268 5028 3431 5081 initio.
3462 5026 3563 5080 lni.

1990 5118 2121 5194 tium
2141 5146 2224 5192 est
2269 5149 2396 5204 ergo
2425 5130 2589 5184 Vetus
2624 5127 3052 5190 Testamentum,
3084 5121 3204 5175 ﬁnis
3228 5120 3454 5175 Novum.
3484 5118 3573 5173 Ti-

1991 5246 2110 5286 mor
2150 5228 2291 5285 enim
2342 5221 2597 5296 praevalet
2641 5220 2692 5274 in
2731 5218 2873 5287 Lege
2911 5233 2925 5272 :
2970 5225 3025 5270 et
3069 5212 3267 5266 initium
3312 5211 3575 5280 sapientia

1993 5326 2140 5379 timor
2176 5317 2377 5375 Dontini
2410 5313 2580 5384 (Psal.
2606 5327 2673 5368 cx
2692 5351 2708 5375 ,
2740 5308 2849 5382 10).
2882 5306 3029 5362 Finis
3054 5312 3229 5359 autem
3251 5300 3399 5373 Legis
3429 5300 3575 5356 Chri-

1995 5429 2100 5473 stus
2128 5424 2241 5477 est,
2264 5412 2331 5465 ad
2346 5409 2601 5481 justitiam
2642 5404 2779 5459 omni
2808 5398 3027 5456 credenti
3053 5394 3230 5468 (Rom.
3254 5410 3313 5461 ι,
3344 5395 3398 5461 4)
3429 5413 3442 5449 :
3468 5410 3576 5464 quo

1996 5510 2227 5565 donante
2265 5501 2568 5570 diffunditur
2611 5496 2833 5551 charitas
2880 5492 2931 5545 in
2967 5487 3201 5543 cordibus
3245 5485 3464 5551 nostris,
3488 5500 3576 5556 per

2000 5601 2250 5672 Spiritum
2273 5602 2499 5652 sanctum
2516 5590 2601 5663 qui
2626 5589 2774 5644 datus
2798 5594 2868 5640 est
2894 5582 3033 5637 nobis
3056 5580 3107 5653 (1
3114 5579 3167 5634 d.
3190 5593 3248 5645 ν,
3270 5579 3348 5647 5);
3379 5586 3433 5631 ει
3456 5593 3574 5630 con-

2000 5668 2250 5753 summata
2269 5687 2486 5744 charitas
2512 5688 2649 5757 [oras
2676 5679 2821 5735 mittit
2858 5677 3084 5730 timorem
3111 5670 3322 5743 (lJoan.
3346 5685 3414 5733 tv,
3444 5668 3532 5737 i8}
3556 5710 3571 5735 ,

2004 5790 2252 5863 quoniam
2280 5799 2413 5838 nunc
2432 5781 2540 5835 sine
2558 5778 2690 5848 Lege
2709 5772 2907 5845 justitia
2926 5769 3013 5825 Dei
3031 5768 3345 5839 manifestata
3361 5775 3450 5820 est.
3472 5761 3580 5819 Sed

2008 5860 2256 5962 quoniam
2287 5876 2623 5937 testimonium
2649 5870 2792 5925 habet
2820 5884 2850 5921 α
2874 5865 3007 5938 lege
3038 5874 3083 5919 et
3118 5861 3385 5934 Prophetis
3404 5860 3590 5933 (Rom.
