4076 6456
518 404 619 468 991

517 520 748 581 lectione
771 512 1008 587 justitire.
1037 508 1170 567 Nam
1198 513 1453 580 quantum
1489 502 1682 558 attinet
1722 500 1789 557 ad
1818 499 1954 556 facta
1979 514 2099 570 qute

517 614 817 672 forinsecus
860 612 1131 676 aguntur:
1161 609 1215 656 et
1263 599 1353 670 qui
1403 597 1592 652 timent
1640 608 1874 665 poenam,
1920 601 1976 648 et
2011 590 2103 662 qui

414 712 433 720 ’
518 712 703 761 amant
733 699 993 772 justitiam
1041 710 1148 750 non
1193 691 1468 755 furantur;
1521 698 1577 744 et
1620 686 1739 743 ideo
1788 700 1945 757 pares
1982 691 2106 739 sunt

517 811 701 855 manu.
740 792 983 864 dispares
1012 786 1210 849 corde;
1253 797 1408 854 pares
1434 795 1616 851 opere,
1647 779 1889 851 dispares
1911 777 2103 833 volun-

519 896 652 943 tate.
684 883 810 939 Ideo
837 881 907 934 illi
940 879 1017 933 sic
1057 875 1220 932 notati
1262 881 1422 927 sunt:
1454 868 1744 935 Geueratio,
1776 867 1965 938 inquit,
1993 881 2108 938 qua:

517 997 604 1034 cor
642 993 745 1032 non
785 972 970 1029 direxit
1012 984 1177 1025 suum.
1227 964 1344 1021 Non
1373 964 1572 1019 dictum
1607 970 1706 1027 est,
1755 975 1916 1031 opera
1943 975 1957 1019 :
1989 957 2103 1026 sed,

517 1087 621 1125 cor.
656 1069 865 1123 Directo
909 1050 1050 1118 enim
1080 1056 1262 1123 corde,
1297 1065 1442 1112 recta
1474 1062 1599 1110 sunt
1623 1067 1787 1124 opera
1814 1069 1827 1107 :
1856 1066 1976 1107 cum
2007 1065 2106 1105 au-

518 1169 626 1215 tem
671 1174 766 1215 cor
806 1157 1063 1211 directum
1118 1165 1225 1205 non
1261 1157 1364 1215 est,
1410 1160 1574 1216 opera
1619 1152 1763 1199 recta
1812 1157 1917 1198 non
1959 1148 2105 1208 sunt,

517 1252 730 1309 etiamsi
757 1259 896 1307 recta
918 1246 1217 1303 videantur.
1246 1242 1310 1297 Et
1333 1238 1472 1295 unde
1493 1253 1587 1294 eor
1610 1250 1715 1293 non
1732 1235 1924 1291 direxit
1947 1248 2107 1306 prava

519 1344 811 1418 generatio,
844 1340 972 1395 satis
997 1337 1224 1411 aperuit,
1259 1348 1383 1390 cum
1409 1331 1523 1387 ait:
1551 1329 1620 1385 Et
1659 1345 1759 1384 non
1792 1337 1866 1382 est
1890 1326 2108 1382 creditus

521 1414 636 1494 cum
656 1436 763 1491 Deo
789 1433 998 1505 spiritus
1020 1431 1150 1502 ejus.
1181 1428 1379 1483 Rectus
1404 1434 1486 1481 est
1519 1422 1661 1479 enim
1701 1414 1843 1477 Deus
1870 1438 1884 1474 :
1910 1428 1965 1475 et
1988 1419 2109 1475 ideo

519 1540 668 1588 recto
697 1528 998 1592 adhaerens,
1032 1533 1281 1593 tanquam
1310 1514 1731 1574 incommutabili
1758 1512 1973 1584 regulae,
1997 1525 2098 1581 po-

523 1632 625 1679 test
655 1622 765 1676 lieri
794 1627 994 1675 rectum
1034 1614 1177 1686 quod
1205 1614 1257 1668 in
1282 1627 1341 1667 se
1366 1610 1463 1665 fuit
1488 1621 1707 1679 pravum
1736 1619 1830 1661 cor
1856 1603 2105 1659 hominis.

522 1715 592 1774 Ut
616 1727 791 1771 autem
814 1728 907 1769 cor
933 1684 1168 1769 cum—illo
1188 1708 1276 1772 sit,
1299 1713 1354 1762 et
1376 1719 1469 1776 per
1492 1702 1596 1758 hoc
1620 1708 1824 1757 rectum
1836 1684 1966 1754 esse
1984 1710 2109 1768 pos-

525 1810 615 1875 sit,
638 1805 909 1862 acceditur
933 1802 997 1859 ad
1024 1816 1169 1868 eum,
1213 1813 1317 1854 non
1356 1795 1513 1867 pede,
1542 1793 1635 1849 sed
1666 1791 1787 1848 ilde.
1824 1790 1947 1846 ldeo
1973 1789 2110 1845 dici-

529 1909 618 1956 tur
663 1900 822 1955 etiam
854 1899 905 1953 in
937 1892 1173 1967 Epistola
1216 1890 1282 1946 ad
1313 1888 1567 1945 Hebraeos
1591 1886 1657 1941 de
1684 1884 1771 1940 illa
1804 1882 1917 1953 ipsa
1945 1896 2111 1953 gene-

525 1995 730 2049 ratione
783 2006 941 2063 prava
997 1996 1053 2044 et.
1101 1986 1423 2042 amaricante
1469 1999 1484 2037 :
1522 1978 1645 2034 Non
1710 1977 1902 2050 profuit
1949 1988 2112 2029 sermo

524 2087 725 2140 auditus
745 2085 848 2140 illis
870 2099 970 2138 non
995 2078 1379 2149 contemperatis
1394 2076 1410 2107 ¹
1440 2074 1559 2145 ﬁdei
1578 2088 1751 2127 eorum
1772 2071 1855 2141 qui
1875 2068 2114 2124 obaudie—

524 2186 641 2231 runt
685 2175 873 2248 (Hebr.
905 2190 978 2239 tv,
1008 2172 1090 2243 2).
1120 2169 1378 2225 Voluntas
1420 2166 1576 2236 igitur
1602 2178 1721 2235 qua:
1763 2170 1847 2218 est
1871 2161 1925 2216 in
1953 2159 2114 2215 corde

525 2276 694 2330 recto,
728 2274 942 2335 paratqr
968 2280 998 2319 a
1035 2261 1280 2325 Domino,
1315 2256 1421 2313 ﬁde
1446 2253 1802 2327 praecedente,
1829 2267 1931 2324 qua
1962 2266 2116 2307 acce-

526 2359 667 2414 ditur
691 2358 757 2413 ad
789 2358 953 2413 Deum
982 2363 1208 2419 rectum,
1238 2360 1296 2406 ut
1315 2364 1410 2404 cor
1438 2346 1529 2402 ﬁat
1553 2356 1782 2401 rectum.
1810 2342 1940 2411 Qua:
1960 2341 2112 2411 fides,

526 2452 885 2526 praeveniente
931 2456 985 2505 et
1012 2453 1239 2503 vocante
1279 2439 1647 2498 misericordia
1685 2437 1804 2502 Dei,
1849 2451 1943 2507 per
1982 2434 2115 2490 obe-

528 2544 780 2600 dieutiam
834 2540 1156 2603 suscitatur;
1209 2544 1263 2591 et
1305 2533 1575 2604 applicare
1622 2528 1807 2601 incipit
1840 2527 1907 2582 ad
1948 2526 2116 2581 Deum

528 2651 636 2700 cor,
671 2644 727 2689 ut
751 2633 1041 2703 dirigatur;
1064 2637 1119 2685 et
1141 2636 1341 2700 quanto
1366 2623 1537 2694 magis
1558 2622 1831 2694 magisque
1851 2619 2114 2690 dirigitur,

529 2738 674 2783 tanto
722 2726 891 2797 magis
921 2724 1067 2779 videt
1094 2720 1234 2793 quod
1271 2734 1376 2775 non
1426 2714 1658 2779 videbat,
1705 2723 1760 2770 et
1786 2711 1927 2767 valet
1974 2709 2118 2782 quod

530 2837 633 2875 non
664 2819 890 2874 valebat.
924 2815 1038 2872 Hoc
1066 2829 1170 2870 non
1201 2811 1401 2867 fecerat
1426 2807 1635 2875 Simon,
1663 2804 1747 2861 cui
1776 2803 1964 2859 Petrus
1990 2816 2120 2872 apo-

529 2917 696 2971 stolus
723 2911 857 2968 dixit
884 2929 897 2966 :
923 2907 1045 2963 Non
1087 2914 1158 2961 est
1187 2903 1275 2958 tibi
1305 2918 1424 2973 pars
1448 2915 1605 2972 neque
1635 2913 1745 2953 sors
1772 2897 1827 2951 in
1852 2895 1948 2949 hac
1982 2895 2118 2964 fide;

530 3026 618 3064 cor
641 3007 773 3062 enim
797 3014 941 3059 tuum
968 3018 1069 3056 non
1095 3008 1169 3054 est
1188 3006 1379 3052 rectum
1403 3010 1519 3048 cum
1550 2991 1658 3046 Deo
1680 2989 1818 3061 (Act.
1849 3004 1963 3056 vm,
1994 2985 2115 3062 21).

534 3101 610 3156 ibi
639 3098 781 3155 enim
811 3093 1046 3151 ostendit
1070 3091 1194 3162 quia
1240 3103 1350 3144 non
1391 3092 1568 3158 poteSt
1593 3096 1715 3139 esse
1758 3088 1963 3137 rectum
2004 3081 2120 3137 sine

532 3191 665 3257 Dec,
699 3197 758 3244 ut
789 3185 1045 3255 incipiant
1083 3182 1351 3244 homines,
1383 3191 1489 3233 non
1539 3184 1789 3245 tanquam
1835 3172 1977 3228 servi
2019 3173 2120 3229 sub

536 3281 652 3352 lege
689 3277 963 3334 ambulare
1002 3280 1323 3336 metuentes,
1375 3266 1467 3323 sed
1508 3266 1560 3321 in
1586 3266 1703 3336 lege
1738 3271 1989 3334 tanquam
2024 3263 2122 3320 lilii

534 3375 793 3437 volentes,
826 3371 878 3426 in
906 3384 1011 3440 qua
1040 3367 1119 3422 illi
1163 3363 1440 3421 ambulare
1466 3360 1773 3437 noluerunt,
1808 3366 1863 3415 et
1905 3357 2005 3414 sub
2030 3357 2119 3413 illa

536 3467 615 3523 rei
645 3470 1035 3520 remanserunt.
1068 3458 1219 3514 Hanc
1255 3455 1400 3513 enim
1423 3453 1756 3509 voluntatem
1800 3465 1906 3506 non
1937 3450 2119 3518 timor,

537 3555 631 3612 sed
663 3553 895 3609 charitas
939 3552 1120 3614 habet,
1158 3562 1277 3618 quae
1308 3536 1621 3601 dill‘unditur
1650 3543 1701 3598 in
1727 3540 1978 3597 cordibus
2004 3555 2123 3596 cre-

538 3645 775 3701 dentium
802 3657 899 3714 per
938 3639 1197 3712 Spiritum
1242 3642 1486 3693 sanetum
1516 3632 1694 3700 (Rom.
1721 3649 1774 3700 v,
1803 3632 1883 3703 5).
1911 3629 2120 3700 Quibus

538 3739 772 3815 dicitur:
810 3735 1033 3793 «Gratia
1078 3732 1211 3789 salvi
1251 3730 1373 3785 facti
1403 3727 1533 3784 estis
1557 3741 1654 3797 per
1697 3723 1881 3792 tidem,
1923 3733 1977 3781 et
2021 3722 2125 3779 hoc

539 3849 645 3889 non
671 3848 734 3887 ex
763 3829 936 3897 vobis,
962 3827 1058 3884 sed
1087 3824 1180 3881 Dei
1209 3824 1408 3879 donum
1449 3829 1567 3886 est;
1598 3835 1704 3874 non
1751 3833 1818 3872 ex
1847 3815 2121 3887 operibus,

540 3941 609 3982 ne
637 3925 774 3979 forte
798 3936 918 3992 quis
940 3918 1248 3975 extollatur.
1298 3914 1466 3984 ipsius
1510 3911 1652 3967 enim
1683 3923 1867 3965 smnus
1902 3907 2126 3977 ﬁgmen—

542 4029 673 4082 tntn,
714 4014 880 4071 creati
924 4011 978 4067 in
1017 4008 1231 4067 Christo
1257 4006 1385 4064 Jesu
1423 4005 1477 4060 in
1514 4002 1763 4074 operibus
1800 4001 1972 4067 bonis,
2007 4015 2125 4070 qua:

541 4107 860 4183 prteparavit
904 4105 1048 4161 Deus
1082 4111 1139 4158 ut
1168 4102 1220 4157 ia
1251 4098 1358 4155 illis
1399 4097 1733 4153 ambulemus
1757 4114 1777 4148 ι
1820 4092 2034 4167 (Epites.
2064 4110 2121 4163 tt,

538 4202 720 4272 8-10).
747 4201 862 4258 Non
891 4195 1163 4270 quomodo
1208 4194 1315 4261 isti,
1362 4191 1451 4264 qui
1492 4192 1544 4246 in
1585 4190 1694 4262 lege
1720 4190 1828 4259 ejus
1855 4187 2125 4242 uoluerunt

538 4294 817 4358 ambulare,
861 4306 971 4347 non
1008 4286 1276 4346 credendo
1320 4285 1373 4341 in
1409 4299 1555 4350 eum,
1600 4295 1772 4353 neque
1802 4279 1939 4334 viam
1970 4293 2122 4334 suam

538 4385 827 4446 revelando
859 4384 929 4442 ad
968 4400 1092 4441 eum
1136 4390 1191 4440 et
1235 4377 1501 4452 sperando
1536 4377 1590 4433 in
1618 4390 1764 4441 eum,
1803 4382 1862 4429 ut
1896 4372 2011 4445 ipse
2049 4372 2127 4428 fa-

538 4489 703 4539 ceret.

613 4575 701 4629 ll.
743 4570 892 4646 [νινε.
925 4571 1013 4636 ll,
1047 4564 1160 4641 ιι]
1199 4564 1266 4620 Et
1292 4563 1432 4620 obliti
1458 4569 1575 4646 sunt
1604 4558 1960 4629 beneﬁciorum
1995 4558 2121 4630 ejus,

541 4677 589 4722 et
620 4643 928 4720 mirabilium
950 4663 1059 4734 ejus
1079 4676 1195 4732 qua:
1214 4657 1428 4714 ostendit
1462 4643 1556 4722 eis,
1587 4671 1757 4710 coram
1782 4652 2010 4724 patribus
2033 4668 2125 4707 eo-

541 4775 654 4813 runt
679 4759 824 4828 (μηδ’
846 4755 960 4827 fecit
999 4751 1270 4806 mirabilia.
1302 4747 1438 4817 Quid
1478 4746 1548 4801 sit
1576 4744 1698 4812 hoc,
1741 4758 1846 4799 non
1876 4750 1957 4798 est
1978 4758 2125 4813 quin.

543 4852 649 4906 stio
676 4846 1009 4919 negligenda.
1043 4845 1117 4899 De
1156 4844 1283 4913 ipsis
1309 4838 1548 4912 patribus
1577 4838 1735 4908 paulo
1768 4844 1890 4891 ante
1918 4834 2129 4891 dicebat

543 4942 684 5013 quod
714 4941 899 4998 fuisset
928 4937 1201 5010 generatio
1229 4949 1390 5007 prava
1427 4941 1484 4989 et
1511 4930 1827 4986 amaricans.
1863 4925 1944 4984 Ne
1977 4929 2123 4998 ﬁant,

548 5035 733 5106 inquit,
781 5032 912 5089 sicut
939 5039 1103 5102 patres
1144 5044 1338 5093 eorum,
1369 5024 1626 5100 generatio
1655 5037 1812 5095 prava
1850 5032 1897 5077 et
1938 5020 2129 5076 amari-

548 5143 706 5193 cnns;
757 5122 1012 5197 generatio
1039 5136 1155 5192 qua:
1190 5137 1293 5175 non
1327 5118 1512 5174 direxit
1544 5132 1631 5171 cor
1653 5131 1823 5183 suum,
1850 5126 1904 5170 et
1931 5122 2127 5170 czetera

547 5237 666 5292 quae
692 5218 868 5274 adhuc
902 5216 970 5272 de
999 5216 1113 5287 ipsa
1144 5212 1487 5285 generatione
1513 5209 1782 5275 dicuntur,
1814 5208 1968 5278 cujus
2005 5206 2128 5262 imi-

547 5313 797 5368 tationem
838 5324 905 5364 eo
934 5306 1092 5363 modo
1121 5304 1408 5360 cavendam
1439 5302 1680 5374 prmcipit
1715 5299 1870 5355 alteri
1898 5313 2127 5369 genera-

544 5403 696 5469 iinni,
723 5412 776 5456 ut
799 5408 987 5470 ponant
1011 5399 1063 5453 in
1092 5396 1198 5453 Deo
1222 5412 1363 5464 spem
1385 5411 1550 5461 suam,
1581 5402 1626 5449 et
1651 5408 1749 5447 non
1775 5389 2129 5445 obliviscantur

541 5508 754 5573 opstant
775 5468 891 5559 Dei,
919 5500 966 5546 et
994 5490 1232 5547 mandata
1253 5487 1364 5560 ejus
1386 5486 1647 5558 exquirant
1672 5500 1691 5539 :
1715 5483 1782 5540 de
1806 5482 1998 5556 quibus
2014 5468 2127 5552 jam

608 5684 622 5712 ε
652 5676 786 5733 ΕΜ..
818 5667 1015 5725 auditus
1032 5666 1135 5733 illis
1157 5680 1250 5733 non
1287 5669 1646 5733 contemperans
1677 5658 1795 5733 ﬁdei
1815 5671 1998 5733 eorum,
2027 5666 2125 5733 etc.

544 5741 632 5791 Sed
656 5725 869 5790 ilia
897 5749 1007 5799 quae
1031 5730 1112 5784 hic
1133 5730 1406 5799 restituitur
1431 5725 1594 5784 lectio,
1621 5725 1914 5773 inermum
1937 5727 2127 5772 textum

545 5802 770 5866 Αιλοδωὶι
785 5813 877 5866 non
901 5792 1059 5848 minus
1080 5792 1300 5866 quadrat.

608 5848 912 5923 finitum,
955 5848 1273 5922 qna',’deest
1298 5855 1348 5904 in
1371 5848 1544 5913 editis;
1571 5848 1660 5903 sed
1683 5854 1845 5901 exstat
1866 5848 1915 5901 io
1943 5852 2051 5902 Uss.
2077 5852 2128 5899 et

550 5925 678 5992 apud
708 5929 834 5976 tatx.

1692 394 1753 445 δ.
1778 381 2149 444 Αυουετιιηι
2187 380 2495 445 EPISCOPI

3699 386 3813 446 992

2217 500 2347 556 satis
2366 500 2509 573 quod
2523 501 2696 557 visum
2721 511 2807 559 est
2823 501 3190 559 disseruimus.
3219 501 3354 571 Quid
3379 502 3480 559 sibi
3509 518 3637 576 ergo
3662 505 3771 560 vult
3788 545 3811 575 ,

2214 608 2337 649 cum
2385 594 2454 650 de
2493 594 2609 666 ipsa
2642 596 2987 667 generatione
3031 611 3190 667 prava
3231 596 3477 667 loquatur
3531 596 3810 668 quomodo

2216 687 2358 741 obliti
2372 697 2488 743 sunt
2504 688 2859 759 beneficiorum
2872 687 2988 757 Dei,
3003 698 3048 742 et
3060 689 3362 743 mirabilium
3380 691 3489 760 ejus
3501 706 3616 757 qua:
3630 701 3809 746 osten-

2218 776 2292 833 dit
2330 780 2419 845 eis,
2450 779 2591 851 quod
2627 780 2831 836 addidit
2871 790 2925 836 et
2950 781 3082 836 dicit
3114 798 3126 835 :
3157 778 3341 836 Coram
3369 783 3601 853 patribus
3629 800 3811 839 eorum

2194 864 2331 946 lqute
2365 875 2486 947 fecit
2526 876 2798 930 mirabilia.
2840 875 3046 944 Quibus
3095 877 3352 947 patribus,
3392 892 3513 931 cum
3566 877 3655 932 isti
3702 878 3811 950 ipsi

2219 970 2325 1024 sint
2352 980 2553 1039 patres,
2598 985 2823 1041 quorum
2853 986 2960 1025 non
2988 969 3101 1025 vult
3135 985 3256 1025 esse
3282 982 3528 1042 posteros
3563 969 3812 1025 similes?

2204 1060 2273 1139 _Si
2304 1061 2426 1117 illos
2459 1062 2822 1133 acceperimus
2858 1078 2924 1119 ex
2968 1060 3164 1134 quibus
3193 1062 3277 1117 isti
3316 1063 3425 1118 nati
3453 1072 3629 1129 erant,
3656 1064 3811 1118 velut

2219 1153 2511 1220 Abraham,
2559 1152 2707 1210 Isaac
2751 1162 2807 1211 et
2854 1154 3049 1220 Jacob;
3105 1154 3217 1224 jam
3277 1154 3402 1209 olim
3448 1154 3807 1221 dormierant,

2220 1247 2434 1318 quando
2459 1248 2725 1304 mirabilia
2761 1249 2898 1305 Deus
2919 1248 3156 1303 ostendit
3182 1249 3233 1301 in
3264 1245 3518 1320 Egypto.
3546 1247 3811 1317 Sequitur

2220 1340 2386 1408 enim,
2418 1338 2485 1395 In
2522 1350 2657 1396 terra
2685 1340 2925 1414 Egypti,
2967 1342 3020 1395 in
3047 1355 3223 1412 campo
3252 1337 3295 1393 Τ
3296 1339 3483 1393 Itaneos
3509 1355 3527 1392 :
3557 1338 3647 1392 ubi
3677 1339 3811 1393 dicit

2220 1432 2519 1490 ostendisse
2547 1433 2713 1490 Deum
2744 1434 2860 1489 istis
2904 1432 3165 1489 mirabilia
3199 1446 3380 1488 coram
3425 1430 3665 1501 patribus
3710 1446 3810 1484 co-

2221 1541 2362 1583 rum.
2401 1529 2482 1582 An
2509 1525 2651 1583 forte
2692 1528 2879 1597 spiritu
2910 1535 3206 1598 praesentes
3229 1533 3403 1587 erant,
3429 1525 3551 1594 quia
3581 1522 3648 1579 de
3678 1523 3811 1594 ipsis

2225 1618 2479 1675 Dominus
2529 1620 2581 1674 in
2630 1619 2918 1690 Evangelio
2965 1619 3078 1673 ait:
3112 1615 3299 1672 Omnes
3341 1617 3471 1670 enim
3511 1615 3589 1669 illi
3640 1615 3811 1668 vivunt

2223 1709 2372 1782 (Luc.
2404 1728 2496 1778 xx,
2528 1712 2661 1783 '58)?
2687 1712 2768 1766 An
2799 1709 3254 1766 accommodatius
3286 1708 3579 1779 accipimus
3606 1717 3809 1779 patres,

2222 1801 2462 1876 Moysen,
2478 1811 2533 1858 et
2549 1804 2749 1870 Aaron,
2767 1801 3006 1870 aliosque
3017 1801 3259 1856 seniores
3269 1798 3361 1871 qui
3374 1812 3811 1855 commemoran-

2223 1903 2311 1951 tur
2330 1896 2383 1950 in
2405 1894 2590 1951 eadem
2609 1894 2882 1966 Scriptura
2906 1893 3065 1948 etiam
3087 1892 3332 1964 Spiritum
3349 1891 3649 1960 accepisse,
3668 1889 3813 1945 unde

2222 1994 2502 2057 acceperat
2527 1994 2581 2041 et
2608 1984 2838 2057 Moyses,
2877 1994 2934 2039 ut
2963 1999 3085 2041 enm
3124 1982 3437 2053 adjuvarent
3464 1983 3529 2036 ad
3561 1981 3811 2037 eumdem

2224 2079 2478 2152 populum
2494 2078 2781 2151 regendum
2794 2093 2856 2133 ac
2871 2076 3144 2133 ferendum
3160 2075 3349 2145 (Nunt.
3365 2091 3415 2130 χι
3426 2118 3438 2139 ,
3460 2076 3545 2135 16.
3565 2072 3654 2146 17)
3666 2074 3690 2128 ?
3704 2074 3815 2130 Cur

2224 2176 2369 2232 enim
2411 2188 2516 2230 non
2546 2173 2941 2245 appellarentur
2969 2171 3185 2242 patres?
3212 2169 3328 2224 Non
3371 2169 3510 2224 sicut
3542 2167 3681 2222 Deus
3711 2166 3815 2220 Pa-

2226 2274 2313 2324 ter
2342 2282 2479 2353 unus
2507 2276 2592 2323 est
2628 2267 2719 2337 qui
2752 2274 3031 2336 regenerat
3056 2262 3258 2334 Spiritu
3300 2276 3398 2316 suo
3423 2276 3553 2332 quos
3582 2260 3712 2317 facit
3742 2258 3813 2313 li-

2226 2361 2330 2418 lios
2369 2360 2435 2416 ad
2484 2370 2738 2417 aeternam
2783 2359 3182 2424 luereditatem;
3221 2356 3319 2412 sed
3359 2355 3569 2410 honoris
3608 2353 3808 2426 gratia,

2226 2463 2447 2526 propter
2472 2460 2685 2509 aetatem
2724 2466 3015 2523 curamque
3045 2448 3258 2521 pietatis
3284 2466 3296 2502 :
3321 2447 3455 2503 sicut
3480 2445 3673 2502 Paulus
3713 2460 3811 2500 se-

2227 2547 2349 2605 nior
2376 2547 2523 2614 dicit,
2556 2544 2679 2603 Non
2717 2555 2772 2601 ut
2798 2544 3111 2616 confundam
3147 2558 3254 2608 vos,
3285 2542 3392 2596 lucc
3411 2539 3611 2605 scribo;
3642 2539 3731 2594 sed
3760 2547 3817 2593 ut

2212 2644 2363 2714 ﬁlios
2388 2658 2525 2697 meos
2566 2640 2890 2696 cltarissimos
2938 2654 3154 2705 moneo;
3202 2651 3324 2693 cum
3358 2635 3520 2691 sciret
3562 2635 3748 2705 utique
3781 2648 3813 2687 a

2229 2735 2459 2792 Domino
2505 2735 2727 2799 dictum,
2771 2730 2856 2787 Ne
2890 2731 3028 2787 vobis
3071 2729 3253 2784 dicatis
3299 2736 3493 2799 patrem
3539 2727 3595 2780 in
3640 2736 3816 2789 terra;

2228 2845 2359 2885 unus
2378 2838 2449 2883 est
2474 2828 2609 2883 enim
2634 2826 2791 2882 Pater
2808 2834 2967 2881 vester
2983 2822 3124 2879 Deus
3144 2820 3356 2897 (Matth.
3378 2835 3529 2885 χχιιι,
3558 2818 3640 2890 9).
3662 2818 3816 2890 Quod

2227 2938 2335 2980 non
2367 2922 2489 2980 ideo
2524 2920 2725 2977 dictum
2755 2928 2858 2987 est,
2906 2925 2967 2973 ut
2991 2917 3095 2972 hoc
3117 2914 3436 2971 vocabulum
3468 2912 3689 2969 honoris
3718 2912 3819 2968 hu-

2229 3018 2375 3076 mani
2415 3017 2485 3073 de
2525 3014 2777 3087 loquendi
2826 3008 3212 3069 consuetudine
3258 3007 3567 3073 tolleretur;
3609 3007 3707 3062 sed
3748 3021 3817 3063 ne

2228 3112 2400 3186 gratia
2427 3110 2519 3166 Dei
2545 3124 2647 3181 qua
2676 3107 2729 3163 in
2755 3116 3011 3163 aeternam
3040 3103 3203 3158 vitam
3225 3114 3632 3173 regeneramur,
3665 3110 3820 3156 natu-

2228 3221 2326 3271 rae.
2354 3204 2437 3262 vel
2470 3202 2742 3274 potestati,
2773 3199 2856 3255 vel
2883 3199 3044 3256 etiam
3075 3195 3340 3253 sanctitati
3367 3195 3682 3265 cujusquam
3715 3193 3817 3250 ho-

2229 3298 2392 3357 minis
2417 3297 2761 3354 tribueretur.
2792 3292 2919 3348 ldeo
2944 3305 3066 3347 cum
3106 3289 3334 3355 diceret,
3370 3284 3481 3359 Ego
3507 3302 3595 3341 vos
3621 3285 3774 3357 genui
3797 3300 3819 3339 :

2220 3390 2498 3465 praedixit,
2527 3387 2594 3443 In
2613 3385 2833 3451 Christo,
2857 3391 2914 3439 et
2937 3399 3028 3454 per
3046 3379 3379 3465 anttgelium
3405 3377 3450 3453 (Ι
3477 3376 3598 3434 Cor.
3627 3393 3701 3443 tv,
3728 3377 3815 3447 14,

2231 3464 2356 3558 l5);
2384 3498 2450 3539 ne
2480 3480 2648 3552 ipsius
2675 3485 2951 3550 putaretur
2976 3464 3263 3545 essequod
3290 3471 3385 3528 Dei
3410 3480 3512 3527 est.

2307 3576 2394 3633 i2.
2435 3575 2575 3645 Ergo
2617 3572 2702 3627 illa
2744 3568 3000 3643 generatio
3044 3581 3199 3637 prava
3236 3574 3285 3621 et
3326 3563 3644 3628 amaricans.
3677 3560 3822 3617 obliti

2229 3677 2346 3727 sunt
2384 3665 2733 3735 beneﬁciorum
2759 3659 2875 3728 Dei,
2907 3667 2955 3715 et
2980 3654 3287 3713 mirabilium
3313 3655 3422 3726 ejus
3454 3669 3569 3727 quis
3602 3654 3822 3709 ostendit

2232 3761 2322 3824 eis,
2353 3772 2522 3813 coram
2553 3751 2776 3826 patribus
2813 3766 2985 3805 eorum
3023 3763 3137 3821 qua:
3168 3747 3286 3819 fecit
3323 3745 3577 3800 mirabilia
3604 3746 3657 3799 in
3685 3753 3821 3799 terra

2232 3847 2473 3923 Aigypti,
2500 3846 2553 3902 in
2574 3860 2752 3915 campo
2774 3841 3024 3897 Thaueos.
3047 3838 3117 3895 Et
3136 3837 3319 3909 incipit
3341 3837 3532 3892 eadem
3554 3835 3819 3891 mirabilia

2231 3940 2702 4003 commemorando
2747 3945 3011 3994 retexere.
3045 3933 3175 4001 Quae
3216 3931 3262 3987 si
3306 3928 3575 4001 parabole:
3612 3938 3741 3984 sunt
3766 3937 3819 3984 et

2233 4036 2641 4110 propositiones,
2673 4028 2913 4102 profecto
2948 4025 3016 4082 ad
3052 4023 3250 4096 aliquid
3277 4019 3639 4091 comparando
3678 4019 3818 4076 refe-

2232 4129 2416 4189 rendae
2444 4135 2584 4183 sunt.
2616 4124 2725 4181 Nec
2748 4122 2961 4179 oculum
2990 4116 3302 4176 intentionis
3328 4113 3588 4172 debemus
3611 4114 3821 4170 auferre

2233 4222 2303 4280 ab
2344 4236 2410 4279 eo
2441 4218 2584 4291 quod
2630 4200 2867 4288 psalmus
2911 4213 3025 4285 ipse
3070 4207 3298 4267 intendit
3340 4205 3649 4275 ostendere,
3679 4204 3821 4262 hunc

2233 4330 2353 4373 esse
2381 4313 2608 4369 fructum
2638 4308 2875 4364 omnium
2903 4320 3024 4377 qua:
3048 4303 3314 4368 dicuntur,
3342 4309 3397 4355 et
3427 4314 3597 4370 quare
3632 4298 3822 4354 admo-

2233 4407 2330 4464 niti
2358 4420 2542 4462 sumus
2569 4402 2685 4458 haec
2709 4397 3064 4455 intentissima
3089 4392 3294 4457 audire,
3324 4390 3436 4446 Deo
3461 4390 3701 4456 dicente,
3729 4393 3817 4445 At-

2232 4499 2438 4565 tendite,
2479 4494 2695 4568 populus
2738 4506 2900 4558 meus,
2950 4487 3108 4560 legem
3150 4500 3349 4550 meum;
3375 4483 3620 4538 inclinate
3648 4497 3825 4537 aurem

2232 4602 2448 4649 uestram
2489 4589 2543 4644 in
2586 4584 2734 4641 verba
2768 4584 2872 4638 oris
2915 4581 3045 4648 mei;
3071 4588 3129 4636 ut
3155 4590 3415 4650 ponamus
3452 4576 3505 4631 in
3531 4575 3647 4630 Deo
3673 4590 3824 4647 spem

2233 4693 2471 4742 nostram
2490 4721 2507 4748 ,
2536 4688 2592 4734 et
2620 4691 2725 4733 non
2765 4673 3143 4730 obliviscamur
3167 4683 3389 4741 operum
3416 4666 3541 4732 Dei,
3582 4676 3640 4722 et
3669 4681 3826 4721 man-

2232 4778 2357 4835 data
2398 4774 2516 4845 ejus
2556 4770 2932 4843 exquiramus;
2968 4780 3038 4820 ne
3078 4765 3288 4829 ﬁamus,
3317 4762 3457 4818 sicut
3500 4759 3576 4815 illi
3621 4768 3821 4829 patres,

2233 4867 2506 4943 generatio
2535 4878 2691 4937 prava
2718 4870 2773 4918 et
2796 4860 3128 4922 amaricaus;
3158 4855 3432 4927 generatio
3451 4868 3571 4924 qua:
3591 4868 3691 4909 cor
3716 4868 3822 4908 non

2232 4964 2429 5022 direxit
2469 4975 2646 5026 suum,
2685 4965 2741 5014 et
2782 4971 2888 5012 non
2932 4960 3016 5010 est
3056 4948 3292 5007 creditus
3316 4947 3573 5004 cumDeo
3602 4947 3827 5018 spiritus

2232 5055 2371 5128 ejus.
2396 5052 2480 5109 Ad
2505 5052 2606 5107 hoc
2630 5063 2759 5121 ergo
2783 5044 2962 5103 omnia
2986 5040 3265 5099 referenda
3302 5047 3445 5106 sunt,
3482 5053 3546 5093 ac
3587 5054 3686 5109 per
3721 5036 3827 5094 hoc

2232 5147 2487 5225 quidquid
2511 5146 2730 5218 figurata
2757 5141 2966 5197 actione
2993 5137 3092 5192 ista
3106 5134 3438 5206 significant,
3462 5133 3535 5188 ita
3562 5131 3680 5188 fieri
3702 5145 3829 5203 pos-

2232 5254 2358 5303 sunt
2385 5238 2732 5315 spiritualiter
2760 5236 2813 5290 in
2844 5232 3100 5299 homine;
3131 5228 3217 5285 vel
3244 5228 3410 5303 gratia
3442 5226 3536 5282 Dei
3556 5267 3572 5291 ,
3605 5225 3654 5281 si
3683 5225 3823 5282 bona

2233 5347 2392 5403 sunt;
2423 5333 2506 5390 vel
2535 5328 2737 5403 judicio
2773 5326 2904 5393 Dei,
2934 5326 2979 5380 si
3016 5322 3155 5381 mala
3198 5328 3324 5376 sunt
3350 5337 3364 5372 :
3396 5319 3534 5372 sicut
3562 5317 3653 5373 illa
3685 5317 3822 5371 bona

2232 5432 2370 5490 facta
2413 5436 2538 5485 sunt
2582 5425 2635 5480 in
2678 5420 2967 5483 lsraelitas,
2999 5416 3085 5473 vel
3127 5413 3288 5479 mala,
3316 5420 3372 5468 et
3400 5411 3451 5466 in
3483 5409 3651 5481 ipsos,
3686 5418 3742 5485 et
3769 5408 3824 5464 in

2231 5537 2418 5582 eorum
2444 5517 2709 5576 inimicos.
2727 5514 2860 5584 Quae
2884 5511 2929 5567 si
2955 5524 3061 5565 non
3086 5505 3482 5569 obliviscamur,
3503 5500 3602 5557 sed
3627 5501 3682 5555 in
3708 5499 3824 5556 Deo

2232 5630 2383 5687 spem
2413 5620 2646 5669 nostram
2674 5617 2954 5679 ponamus,
2984 5615 3084 5657 nec
3111 5598 3281 5669 ipsius
3316 5593 3498 5668 gratia:
3525 5594 3697 5648 simus
3736 5591 3822 5645 in—

2231 5683 2403 5782 grati;
2433 5716 2660 5774 eumque
2702 5700 3003 5759 timeamus,
3049 5706 3158 5748 non
3210 5690 3402 5745 timore
3454 5683 3671 5747 servili,
3717 5695 3823 5750 quo

2234 5775 2346 5858 sola
2391 5796 2528 5854 mala
2571 5789 2864 5863 cdrporalia
2911 5782 3285 5848 formidautur,
3317 5777 3411 5835 sed
3448 5775 3644 5831 timore
3670 5781 3822 5828 casm

2234 5899 2581 5971 perinanente
2621 5887 2675 5947 iu
2713 5882 2970 5947 saeculum
3010 5875 3215 5965 saeculi,
3250 5871 3357 5959 qui
3381 5872 3543 5930 timor
3567 5877 3823 5944 magnust
