  <div class='ocr_page' id='page_1' title='image "/cluster/home/n/w/nwhite01/storage/ocr_20150623/36/hvd.32044015471469/502.png"; bbox 0 0 4076 6476; ppageno 0'>
   <div class='ocr_carea' id='block_1_1' title="bbox 213 426 323 490">
    <p class='ocr_par' dir='ltr' id='par_1_1' title="bbox 213 426 323 490">
     <span class='ocr_line' id='line_1_1' title="bbox 213 426 323 490; baseline -0.018 0"><span class='ocrx_word' id='word_1_1' title='bbox 213 426 323 490; x_wconf 79' lang='lat'><strong>993</strong></span> 
     </span>
    </p>
   </div>
   <div class='ocr_carea' id='block_1_2' title="bbox 217 533 1804 615">
    <p class='ocr_par' dir='ltr' id='par_1_2' title="bbox 217 533 1804 615">
     <span class='ocr_line' id='line_1_2' title="bbox 217 533 1804 615; baseline -0.009 -13"><span class='ocrx_word' id='word_1_2' title='bbox 217 561 338 602; x_wconf 76' lang='lat' dir='ltr'><strong>esse</strong></span> <span class='ocrx_word' id='word_1_3' title='bbox 359 544 559 615; x_wconf 98' lang='lat' dir='ltr'><strong>iudicat</strong></span> <span class='ocrx_word' id='word_1_4' title='bbox 581 557 789 614; x_wconf 85' lang='lat' dir='ltr'><strong>poenam</strong></span> <span class='ocrx_word' id='word_1_5' title='bbox 817 541 1010 611; x_wconf 89' lang='lat' dir='ltr'><strong>privari</strong></span> <span class='ocrx_word' id='word_1_6' title='bbox 1040 537 1161 596; x_wconf 92' lang='lat' dir='ltr'><strong>luce</strong></span> <span class='ocrx_word' id='word_1_7' title='bbox 1189 539 1443 609; x_wconf 76' lang='lat' dir='ltr'><strong>iustitite;</strong></span> <span class='ocrx_word' id='word_1_8' title='bbox 1471 551 1576 592; x_wconf 89' lang='lat' dir='ltr'><strong>non</strong></span> <span class='ocrx_word' id='word_1_9' title='bbox 1603 533 1804 590; x_wconf 88' lang='lat' dir='ltr'><strong>elﬁcie-</strong></span> 
     </span>
    </p>
   </div>
   <div class='ocr_carea' id='block_1_3' title="bbox 219 624 1807 707">
    <p class='ocr_par' dir='ltr' id='par_1_3' title="bbox 219 624 1807 707">
     <span class='ocr_line' id='line_1_3' title="bbox 219 624 1807 707; baseline -0.008 -15"><span class='ocrx_word' id='word_1_10' title='bbox 219 653 360 702; x_wconf 89' lang='lat' dir='ltr'><strong>mnr,</strong></span> <span class='ocrx_word' id='word_1_11' title='bbox 390 647 635 707; x_wconf 87' lang='lat' dir='ltr'><strong>tanquam</strong></span> <span class='ocrx_word' id='word_1_12' title='bbox 667 644 843 706; x_wconf 88' lang='lat' dir='ltr'><strong>patres</strong></span> <span class='ocrx_word' id='word_1_13' title='bbox 872 633 968 700; x_wconf 85' lang='lat' dir='ltr'><strong>illi,</strong></span> <span class='ocrx_word' id='word_1_14' title='bbox 992 633 1267 704; x_wconf 88' lang='lat' dir='ltr'><strong>generatio</strong></span> <span class='ocrx_word' id='word_1_15' title='bbox 1313 645 1476 703; x_wconf 88' lang='lat' dir='ltr'><strong>prava</strong></span> <span class='ocrx_word' id='word_1_16' title='bbox 1511 639 1566 685; x_wconf 89' lang='lat' dir='ltr'><strong>et</strong></span> <span class='ocrx_word' id='word_1_17' title='bbox 1611 624 1807 682; x_wconf 87' lang='lat' dir='ltr'><strong>amari-</strong></span> 
     </span>
    </p>
   </div>
   <div class='ocr_carea' id='block_1_4' title="bbox 221 719 1810 798">
    <p class='ocr_par' dir='ltr' id='par_1_4' title="bbox 221 719 1810 798">
     <span class='ocr_line' id='line_1_4' title="bbox 221 719 1810 798; baseline -0.008 -13"><span class='ocrx_word' id='word_1_18' title='bbox 221 743 370 786; x_wconf 89' lang='lat' dir='ltr'><strong>cans.</strong></span> <span class='ocrx_word' id='word_1_19' title='bbox 395 727 558 784; x_wconf 83' lang='lat' dir='ltr'><strong>Terra</strong></span> <span class='ocrx_word' id='word_1_20' title='bbox 589 729 764 798; x_wconf 90' lang='lat' dir='ltr'><strong>itaque</strong></span> <span class='ocrx_word' id='word_1_21' title='bbox 788 725 1005 798; x_wconf 63' lang='lat' dir='ltr'><strong>Egypti</strong></span> <span class='ocrx_word' id='word_1_22' title='bbox 1048 725 1100 780; x_wconf 93' lang='lat' dir='ltr'><strong>in</strong></span> <span class='ocrx_word' id='word_1_23' title='bbox 1144 726 1304 795; x_wconf 92' lang='lat' dir='ltr'><strong>ﬁgura</strong></span> <span class='ocrx_word' id='word_1_24' title='bbox 1350 719 1688 792; x_wconf 88' lang='lat' dir='ltr'><strong>intelligenda</strong></span> <span class='ocrx_word' id='word_1_25' title='bbox 1727 726 1810 773; x_wconf 85' lang='lat' dir='ltr'><strong>est</strong></span> 
     </span>
    </p>
   </div>
   <div class='ocr_carea' id='block_1_5' title="bbox 223 809 1810 892">
    <p class='ocr_par' dir='ltr' id='par_1_5' title="bbox 223 809 1810 892">
     <span class='ocr_line' id='line_1_5' title="bbox 223 809 1810 892; baseline -0.008 -16"><span class='ocrx_word' id='word_1_26' title='bbox 223 821 383 892; x_wconf 82' lang='lat' dir='ltr'><strong>hujus</strong></span> <span class='ocrx_word' id='word_1_27' title='bbox 411 820 611 876; x_wconf 67' lang='lat' dir='ltr'><strong>sceculi.</strong></span> <span class='ocrx_word' id='word_1_28' title='bbox 641 819 868 890; x_wconf 77' lang='lat' dir='ltr'><strong>Campus</strong></span> <span class='ocrx_word' id='word_1_29' title='bbox 893 817 1138 872; x_wconf 88' lang='lat' dir='ltr'><strong>Thaneos</strong></span> <span class='ocrx_word' id='word_1_30' title='bbox 1174 816 1418 885; x_wconf 78' lang='lat' dir='ltr'><strong>planities</strong></span> <span class='ocrx_word' id='word_1_31' title='bbox 1459 823 1540 869; x_wconf 87' lang='lat' dir='ltr'><strong>est</strong></span> <span class='ocrx_word' id='word_1_32' title='bbox 1577 809 1810 867; x_wconf 88' lang='lat' dir='ltr'><strong>mandati</strong></span> 
     </span>
    </p>
   </div>
   <div class='ocr_carea' id='block_1_6' title="bbox 226 902 1808 976">
    <p class='ocr_par' dir='ltr' id='par_1_6' title="bbox 226 902 1808 976">
     <span class='ocr_line' id='line_1_6' title="bbox 226 902 1808 976; baseline -0.009 -7"><span class='ocrx_word' id='word_1_33' title='bbox 226 913 465 969; x_wconf 85' lang='lat' dir='ltr'><strong>humilis.</strong></span> <span class='ocrx_word' id='word_1_34' title='bbox 491 911 620 966; x_wconf 85' lang='lat' dir='ltr'><strong>Nam</strong></span> <span class='ocrx_word' id='word_1_35' title='bbox 644 910 950 965; x_wconf 85' lang='lat' dir='ltr'><strong>Mandatum</strong></span> <span class='ocrx_word' id='word_1_36' title='bbox 975 907 1172 964; x_wconf 84' lang='lat' dir='ltr'><strong>humile</strong></span> <span class='ocrx_word' id='word_1_37' title='bbox 1196 908 1572 976; x_wconf 83' lang='lat' dir='ltr'><strong>interpretatur</strong></span> <span class='ocrx_word' id='word_1_38' title='bbox 1590 902 1808 959; x_wconf 88' lang='lat' dir='ltr'><strong>Thanis.</strong></span> 
     </span>
    </p>
   </div>
   <div class='ocr_carea' id='block_1_7' title="bbox 227 994 1814 1073">
    <p class='ocr_par' dir='ltr' id='par_1_7' title="bbox 227 994 1814 1073">
     <span class='ocr_line' id='line_1_7' title="bbox 227 994 1814 1073; baseline -0.008 -14"><span class='ocrx_word' id='word_1_39' title='bbox 227 1004 284 1060; x_wconf 86' lang='lat' dir='ltr'><strong>In</strong></span> <span class='ocrx_word' id='word_1_40' title='bbox 328 1005 427 1058; x_wconf 85' lang='lat' dir='ltr'><strong>hoc</strong></span> <span class='ocrx_word' id='word_1_41' title='bbox 455 1019 582 1073; x_wconf 90' lang='lat' dir='ltr'><strong>ergo</strong></span> <span class='ocrx_word' id='word_1_42' title='bbox 624 1003 820 1057; x_wconf 68' lang='lat' dir='ltr'><strong>sreculo</strong></span> <span class='ocrx_word' id='word_1_43' title='bbox 850 999 1165 1055; x_wconf 86' lang='lat' dir='ltr'><strong>humilitatis</strong></span> <span class='ocrx_word' id='word_1_44' title='bbox 1205 997 1509 1053; x_wconf 82' lang='lat' dir='ltr'><strong>mandatum</strong></span> <span class='ocrx_word' id='word_1_45' title='bbox 1553 994 1814 1064; x_wconf 83' lang='lat' dir='ltr'><strong>suscipia-</strong></span> 
     </span>
    </p>
   </div>
   <div class='ocr_carea' id='block_1_8' title="bbox 228 1086 1816 1162">
    <p class='ocr_par' dir='ltr' id='par_1_8' title="bbox 228 1086 1816 1162">
     <span class='ocr_line' id='line_1_8' title="bbox 228 1086 1816 1162; baseline -0.008 -10"><span class='ocrx_word' id='word_1_46' title='bbox 228 1112 369 1162; x_wconf 86' lang='lat' dir='ltr'><strong>mus,</strong></span> <span class='ocrx_word' id='word_1_47' title='bbox 395 1104 450 1150; x_wconf 89' lang='lat' dir='ltr'><strong>ttt</strong></span> <span class='ocrx_word' id='word_1_48' title='bbox 482 1095 666 1149; x_wconf 64' lang='lat' dir='ltr'><strong>in&#39;alio</strong></span> <span class='ocrx_word' id='word_1_49' title='bbox 707 1093 902 1149; x_wconf 64' lang='lat' dir='ltr'><strong>saeculo</strong></span> <span class='ocrx_word' id='word_1_50' title='bbox 940 1092 1338 1156; x_wconf 84' lang='lat' dir='ltr'><strong>exaltationem,</strong></span> <span class='ocrx_word' id='word_1_51' title='bbox 1377 1105 1532 1160; x_wconf 91' lang='lat' dir='ltr'><strong>quam</strong></span> <span class='ocrx_word' id='word_1_52' title='bbox 1574 1086 1816 1158; x_wconf 85' lang='lat' dir='ltr'><strong>promisit</strong></span> 
     </span>
    </p>
   </div>
   <div class='ocr_carea' id='block_1_9' title="bbox 227 1181 1814 1258">
    <p class='ocr_par' dir='ltr' id='par_1_9' title="bbox 227 1181 1814 1258">
     <span class='ocr_line' id='line_1_9' title="bbox 227 1181 1814 1258; baseline -0.004 -17"><span class='ocrx_word' id='word_1_53' title='bbox 227 1187 318 1258; x_wconf 88' lang='lat' dir='ltr'><strong>qui</strong></span> <span class='ocrx_word' id='word_1_54' title='bbox 348 1195 564 1257; x_wconf 86' lang='lat' dir='ltr'><strong>propter</strong></span> <span class='ocrx_word' id='word_1_55' title='bbox 594 1201 690 1242; x_wconf 92' lang='lat' dir='ltr'><strong>nos</strong></span> <span class='ocrx_word' id='word_1_56' title='bbox 723 1187 805 1240; x_wconf 84' lang='lat' dir='ltr'><strong>hic</strong></span> <span class='ocrx_word' id='word_1_57' title='bbox 837 1184 1006 1240; x_wconf 87' lang='lat' dir='ltr'><strong>factus</strong></span> <span class='ocrx_word' id='word_1_58' title='bbox 1035 1194 1117 1240; x_wconf 89' lang='lat' dir='ltr'><strong>est</strong></span> <span class='ocrx_word' id='word_1_59' title='bbox 1160 1183 1395 1250; x_wconf 80' lang='lat' dir='ltr'><strong>humilis,</strong></span> <span class='ocrx_word' id='word_1_60' title='bbox 1427 1181 1670 1252; x_wconf 90' lang='lat' dir='ltr'><strong>accipere</strong></span> <span class='ocrx_word' id='word_1_61' title='bbox 1700 1193 1814 1234; x_wconf 84' lang='lat' dir='ltr'><strong>me-</strong></span> 
     </span>
    </p>
   </div>
   <div class='ocr_carea' id='block_1_10' title="bbox 227 1293 463 1334">
    <p class='ocr_par' dir='ltr' id='par_1_10' title="bbox 227 1293 463 1334">
     <span class='ocr_line' id='line_1_10' title="bbox 227 1293 463 1334; baseline -0.008 0"><span class='ocrx_word' id='word_1_62' title='bbox 227 1293 374 1334; x_wconf 84' lang='lat' dir='ltr'><strong>rcam</strong></span> <span class='ocrx_word' id='word_1_63' title='bbox 382 1295 463 1334; x_wconf 90' lang='lat' dir='ltr'><strong>ur.</strong></span> 
     </span>
    </p>
   </div>
   <div class='ocr_carea' id='block_1_11' title="bbox 306 1361 1820 1442">
    <p class='ocr_par' dir='ltr' id='par_1_11' title="bbox 306 1361 1820 1442">
     <span class='ocr_line' id='line_1_11' title="bbox 306 1361 1820 1442; baseline -0.006 -18"><span class='ocrx_word' id='word_1_64' title='bbox 306 1370 392 1425; x_wconf 82' lang='grc'><strong>15.</strong></span> <span class='ocrx_word' id='word_1_65' title='bbox 425 1367 574 1442; x_wconf 89' lang='lat' dir='ltr'><strong>[vers.</strong></span> <span class='ocrx_word' id='word_1_66' title='bbox 608 1366 812 1441; x_wconf 58' lang='lat'><strong>1546.]</strong></span> <span class='ocrx_word' id='word_1_67' title='bbox 844 1367 974 1422; x_wconf 85' lang='lat' dir='ltr'><strong>Nam</strong></span> <span class='ocrx_word' id='word_1_68' title='bbox 1003 1366 1090 1438; x_wconf 87' lang='lat' dir='ltr'><strong>qui</strong></span> <span class='ocrx_word' id='word_1_69' title='bbox 1120 1367 1339 1438; x_wconf 88' lang='lat' dir='ltr'><strong>disrupit</strong></span> <span class='ocrx_word' id='word_1_70' title='bbox 1367 1380 1525 1432; x_wconf 87' lang='lat' dir='ltr'><strong>mare,</strong></span> <span class='ocrx_word' id='word_1_71' title='bbox 1549 1371 1595 1418; x_wconf 91' lang='lat' dir='ltr'><strong>et</strong></span> <span class='ocrx_word' id='word_1_72' title='bbox 1624 1361 1820 1433; x_wconf 76' lang='lat' dir='ltr'><strong>trajecit</strong></span> 
     </span>
    </p>
   </div>
   <div class='ocr_carea' id='block_1_12' title="bbox 233 1453 1820 1534">
    <p class='ocr_par' dir='ltr' id='par_1_12' title="bbox 233 1453 1820 1534">
     <span class='ocr_line' id='line_1_12' title="bbox 233 1453 1820 1534; baseline -0.006 -16"><span class='ocrx_word' id='word_1_73' title='bbox 233 1479 337 1529; x_wconf 91' lang='lat' dir='ltr'><strong>eos,</strong></span> <span class='ocrx_word' id='word_1_74' title='bbox 365 1463 536 1518; x_wconf 89' lang='lat' dir='ltr'><strong>statuit</strong></span> <span class='ocrx_word' id='word_1_75' title='bbox 580 1479 737 1534; x_wconf 87' lang='lat' dir='ltr'><strong>aquas</strong></span> <span class='ocrx_word' id='word_1_76' title='bbox 783 1463 926 1534; x_wconf 84' lang='lat' dir='ltr'><strong>quasi</strong></span> <span class='ocrx_word' id='word_1_77' title='bbox 963 1462 1016 1516; x_wconf 90' lang='lat' dir='ltr'><strong>in</strong></span> <span class='ocrx_word' id='word_1_78' title='bbox 1054 1470 1208 1526; x_wconf 87' lang='lat' dir='ltr'><strong>utres,</strong></span> <span class='ocrx_word' id='word_1_79' title='bbox 1253 1469 1311 1515; x_wconf 92' lang='lat' dir='ltr'><strong>ut</strong></span> <span class='ocrx_word' id='word_1_80' title='bbox 1353 1459 1432 1516; x_wconf 89' lang='lat' dir='ltr'><strong>sic</strong></span> <span class='ocrx_word' id='word_1_81' title='bbox 1475 1467 1638 1512; x_wconf 85' lang='lat' dir='ltr'><strong>staret</strong></span> <span class='ocrx_word' id='word_1_82' title='bbox 1681 1453 1820 1509; x_wconf 89' lang='lat' dir='ltr'><strong>unda</strong></span> 
     </span>
    </p>
   </div>
   <div class='ocr_carea' id='block_1_13' title="bbox 235 1548 1823 1625">
    <p class='ocr_par' dir='ltr' id='par_1_13' title="bbox 235 1548 1823 1625">
     <span class='ocr_line' id='line_1_13' title="bbox 235 1548 1823 1625; baseline -0.006 -16"><span class='ocrx_word' id='word_1_83' title='bbox 235 1564 485 1625; x_wconf 89' lang='lat' dir='ltr'><strong>tanquam</strong></span> <span class='ocrx_word' id='word_1_84' title='bbox 517 1554 703 1609; x_wconf 84' lang='lat' dir='ltr'><strong>fuisset</strong></span> <span class='ocrx_word' id='word_1_85' title='bbox 730 1554 952 1620; x_wconf 74' lang='lat' dir='ltr'><strong>inclusa,</strong></span> <span class='ocrx_word' id='word_1_86' title='bbox 983 1561 1158 1624; x_wconf 88' lang='lat' dir='ltr'><strong>potest</strong></span> <span class='ocrx_word' id='word_1_87' title='bbox 1186 1569 1280 1622; x_wconf 90' lang='lat' dir='ltr'><strong>per</strong></span> <span class='ocrx_word' id='word_1_88' title='bbox 1305 1566 1454 1607; x_wconf 92' lang='lat' dir='ltr'><strong>suam</strong></span> <span class='ocrx_word' id='word_1_89' title='bbox 1480 1548 1702 1620; x_wconf 80' lang='lat' dir='ltr'><strong>gratiam</strong></span> <span class='ocrx_word' id='word_1_90' title='bbox 1732 1561 1823 1601; x_wconf 84' lang='lat' dir='ltr'><strong>co-</strong></span> 
     </span>
    </p>
   </div>
   <div class='ocr_carea' id='block_1_14' title="bbox 236 1645 1826 1716">
    <p class='ocr_par' dir='ltr' id='par_1_14' title="bbox 236 1645 1826 1716">
     <span class='ocr_line' id='line_1_14' title="bbox 236 1645 1826 1716; baseline -0.006 -12"><span class='ocrx_word' id='word_1_91' title='bbox 236 1648 422 1704; x_wconf 88' lang='lat' dir='ltr'><strong>bibere</strong></span> <span class='ocrx_word' id='word_1_92' title='bbox 465 1648 624 1703; x_wconf 89' lang='lat' dir='ltr'><strong>ﬁuida</strong></span> <span class='ocrx_word' id='word_1_93' title='bbox 671 1657 724 1702; x_wconf 92' lang='lat' dir='ltr'><strong>et</strong></span> <span class='ocrx_word' id='word_1_94' title='bbox 773 1647 1001 1703; x_wconf 84' lang='lat' dir='ltr'><strong>labentia</strong></span> <span class='ocrx_word' id='word_1_95' title='bbox 1045 1645 1593 1716; x_wconf 87' lang='lat' dir='ltr'><strong>concupiscentiarum</strong></span> <span class='ocrx_word' id='word_1_96' title='bbox 1637 1655 1826 1696; x_wconf 88' lang='lat' dir='ltr'><strong>carna-</strong></span> 
     </span>
    </p>
   </div>
   <div class='ocr_carea' id='block_1_15' title="bbox 237 1741 1823 1809">
    <p class='ocr_par' dir='ltr' id='par_1_15' title="bbox 237 1741 1823 1809">
     <span class='ocr_line' id='line_1_15' title="bbox 237 1741 1823 1809; baseline -0.006 -11"><span class='ocrx_word' id='word_1_97' title='bbox 237 1742 400 1809; x_wconf 88' lang='lat' dir='ltr'><strong>lium,</strong></span> <span class='ocrx_word' id='word_1_98' title='bbox 451 1757 570 1797; x_wconf 89' lang='lat' dir='ltr'><strong>cutn</strong></span> <span class='ocrx_word' id='word_1_99' title='bbox 623 1742 745 1796; x_wconf 88' lang='lat' dir='ltr'><strong>huic</strong></span> <span class='ocrx_word' id='word_1_100' title='bbox 793 1741 988 1797; x_wconf 60' lang='lat' dir='ltr'><strong>saculo</strong></span> <span class='ocrx_word' id='word_1_101' title='bbox 1036 1741 1404 1804; x_wconf 86' lang='lat' dir='ltr'><strong>renuntiatur,</strong></span> <span class='ocrx_word' id='word_1_102' title='bbox 1438 1745 1527 1804; x_wconf 90' lang='lat' dir='ltr'><strong>ut,</strong></span> <span class='ocrx_word' id='word_1_103' title='bbox 1574 1745 1823 1804; x_wconf 89' lang='lat' dir='ltr'><strong>tanquam</strong></span> 
     </span>
    </p>
   </div>
   <div class='ocr_carea' id='block_1_16' title="bbox 239 1821 1826 1904">
    <p class='ocr_par' dir='ltr' id='par_1_16' title="bbox 239 1821 1826 1904">
     <span class='ocr_line' id='line_1_16' title="bbox 239 1821 1826 1904; baseline -0.007 -14"><span class='ocrx_word' id='word_1_104' title='bbox 239 1835 484 1902; x_wconf 86' lang='lat' dir='ltr'><strong>inimicis,</strong></span> <span class='ocrx_word' id='word_1_105' title='bbox 517 1834 747 1904; x_wconf 81' lang='lat' dir='ltr'><strong>peccatis</strong></span> <span class='ocrx_word' id='word_1_106' title='bbox 773 1834 1019 1888; x_wconf 86' lang='lat' dir='ltr'><strong>omnibus</strong></span> <span class='ocrx_word' id='word_1_107' title='bbox 1050 1831 1354 1902; x_wconf 88' lang='lat' dir='ltr'><strong>perdeletis,</strong></span> <span class='ocrx_word' id='word_1_108' title='bbox 1384 1821 1636 1884; x_wconf 85' lang='lat' dir='ltr'><strong>fidelium</strong></span> <span class='ocrx_word' id='word_1_109' title='bbox 1655 1841 1826 1897; x_wconf 85' lang='lat' dir='ltr'><strong>popu-</strong></span> 
     </span>
    </p>
   </div>
   <div class='ocr_carea' id='block_1_17' title="bbox 238 1919 1825 1999">
    <p class='ocr_par' dir='ltr' id='par_1_17' title="bbox 238 1919 1825 1999">
     <span class='ocr_line' id='line_1_17' title="bbox 238 1919 1825 1999; baseline -0.008 -15"><span class='ocrx_word' id='word_1_110' title='bbox 238 1929 320 1985; x_wconf 88' lang='lat' dir='ltr'><strong>lus</strong></span> <span class='ocrx_word' id='word_1_111' title='bbox 354 1946 446 1999; x_wconf 83' lang='lat' dir='ltr'><strong>per</strong></span> <span class='ocrx_word' id='word_1_112' title='bbox 482 1938 870 1984; x_wconf 86' lang='lat' dir='ltr'><strong>sacramentum</strong></span> <span class='ocrx_word' id='word_1_113' title='bbox 902 1926 1240 1996; x_wconf 88' lang='lat' dir='ltr'><strong>Baptismatis</strong></span> <span class='ocrx_word' id='word_1_114' title='bbox 1268 1923 1579 1994; x_wconf 88' lang='lat' dir='ltr'><strong>traiiciatur.</strong></span> <span class='ocrx_word' id='word_1_115' title='bbox 1607 1921 1704 1989; x_wconf 92' lang='lat' dir='ltr'><strong>Qui</strong></span> <span class='ocrx_word' id='word_1_116' title='bbox 1736 1919 1825 1973; x_wconf 87' lang='lat' dir='ltr'><strong>de-</strong></span> 
     </span>
    </p>
   </div>
   <div class='ocr_carea' id='block_1_18' title="bbox 241 2012 1831 2082">
    <p class='ocr_par' dir='ltr' id='par_1_18' title="bbox 241 2012 1831 2082">
     <span class='ocr_line' id='line_1_18' title="bbox 241 2012 1831 2082; baseline -0.006 -8"><span class='ocrx_word' id='word_1_117' title='bbox 241 2022 384 2074; x_wconf 69' lang='lat' dir='ltr'><strong>duxit</strong></span> <span class='ocrx_word' id='word_1_118' title='bbox 427 2039 510 2076; x_wconf 90' lang='lat' dir='ltr'><strong>eos</strong></span> <span class='ocrx_word' id='word_1_119' title='bbox 553 2022 605 2074; x_wconf 91' lang='lat' dir='ltr'><strong>in</strong></span> <span class='ocrx_word' id='word_1_120' title='bbox 630 2021 757 2073; x_wconf 86' lang='lat' dir='ltr'><strong>nube</strong></span> <span class='ocrx_word' id='word_1_121' title='bbox 800 2019 920 2082; x_wconf 84' lang='lat' dir='ltr'><strong>diei,</strong></span> <span class='ocrx_word' id='word_1_122' title='bbox 963 2028 1012 2073; x_wconf 92' lang='lat' dir='ltr'><strong>et</strong></span> <span class='ocrx_word' id='word_1_123' title='bbox 1061 2027 1163 2071; x_wconf 91' lang='lat' dir='ltr'><strong>tota</strong></span> <span class='ocrx_word' id='word_1_124' title='bbox 1203 2029 1345 2071; x_wconf 90' lang='lat' dir='ltr'><strong>nocte</strong></span> <span class='ocrx_word' id='word_1_125' title='bbox 1380 2017 1432 2070; x_wconf 89' lang='lat' dir='ltr'><strong>in</strong></span> <span class='ocrx_word' id='word_1_126' title='bbox 1462 2012 1831 2069; x_wconf 87' lang='lat' dir='ltr'><strong>illuminatione</strong></span> 
     </span>
    </p>
   </div>
   <div class='ocr_carea' id='block_1_19' title="bbox 242 2101 1829 2184">
    <p class='ocr_par' dir='ltr' id='par_1_19' title="bbox 242 2101 1829 2184">
     <span class='ocr_line' id='line_1_19' title="bbox 242 2101 1829 2184; baseline -0.006 -18"><span class='ocrx_word' id='word_1_127' title='bbox 242 2113 394 2184; x_wconf 81' lang='lat' dir='ltr'><strong>ignis,</strong></span> <span class='ocrx_word' id='word_1_128' title='bbox 435 2120 606 2182; x_wconf 80' lang='lat' dir='ltr'><strong>potest</strong></span> <span class='ocrx_word' id='word_1_129' title='bbox 635 2113 792 2166; x_wconf 88' lang='lat' dir='ltr'><strong>etiam</strong></span> <span class='ocrx_word' id='word_1_130' title='bbox 823 2110 1166 2180; x_wconf 81' lang='lat' dir='ltr'><strong>Spiritualiter</strong></span> <span class='ocrx_word' id='word_1_131' title='bbox 1191 2109 1422 2179; x_wconf 89' lang='lat' dir='ltr'><strong>dirigere</strong></span> <span class='ocrx_word' id='word_1_132' title='bbox 1451 2107 1661 2172; x_wconf 88' lang='lat' dir='ltr'><strong>itinera,</strong></span> <span class='ocrx_word' id='word_1_133' title='bbox 1689 2104 1732 2159; x_wconf 90' lang='lat' dir='ltr'><strong>si</strong></span> <span class='ocrx_word' id='word_1_134' title='bbox 1763 2101 1829 2157; x_wconf 88' lang='lat' dir='ltr'><strong>ad</strong></span> 
     </span>
    </p>
   </div>
   <div class='ocr_carea' id='block_1_20' title="bbox 241 2194 1834 2270">
    <p class='ocr_par' dir='ltr' id='par_1_20' title="bbox 241 2194 1834 2270">
     <span class='ocr_line' id='line_1_20' title="bbox 241 2194 1834 2270; baseline -0.006 -12"><span class='ocrx_word' id='word_1_135' title='bbox 241 2219 363 2258; x_wconf 85' lang='lat' dir='ltr'><strong>eunt</strong></span> <span class='ocrx_word' id='word_1_136' title='bbox 386 2202 580 2257; x_wconf 85' lang='lat' dir='ltr'><strong>clamet</strong></span> <span class='ocrx_word' id='word_1_137' title='bbox 602 2202 766 2259; x_wconf 81' lang='lat' dir='ltr'><strong>ﬁdes:</strong></span> <span class='ocrx_word' id='word_1_138' title='bbox 791 2201 985 2256; x_wconf 82' lang='lat' dir='ltr'><strong>Itinera</strong></span> <span class='ocrx_word' id='word_1_139' title='bbox 1011 2219 1120 2256; x_wconf 88' lang='lat' dir='ltr'><strong>mea</strong></span> <span class='ocrx_word' id='word_1_140' title='bbox 1141 2201 1302 2270; x_wconf 83' lang='lat' dir='ltr'><strong>dirige</strong></span> <span class='ocrx_word' id='word_1_141' title='bbox 1327 2199 1605 2254; x_wconf 77' lang='lat' dir='ltr'><strong>secundant</strong></span> <span class='ocrx_word' id='word_1_142' title='bbox 1631 2194 1834 2251; x_wconf 84' lang='lat' dir='ltr'><strong>verbum</strong></span> 
     </span>
    </p>
   </div>
   <div class='ocr_carea' id='block_1_21' title="bbox 243 2284 1837 2366">
    <p class='ocr_par' dir='ltr' id='par_1_21' title="bbox 243 2284 1837 2366">
     <span class='ocr_line' id='line_1_21' title="bbox 243 2284 1837 2366; baseline -0.005 -18"><span class='ocrx_word' id='word_1_143' title='bbox 243 2305 384 2348; x_wconf 89' lang='lat' dir='ltr'><strong>tuum</strong></span> <span class='ocrx_word' id='word_1_144' title='bbox 419 2293 437 2366; x_wconf 99' lang='lat'><strong>(</strong></span> <span class='ocrx_word' id='word_1_145' title='bbox 468 2292 612 2348; x_wconf 88' lang='lat' dir='ltr'><strong>Psal.</strong></span> <span class='ocrx_word' id='word_1_146' title='bbox 638 2309 820 2358; x_wconf 74' lang='lat' dir='ltr'><strong>cxvut,</strong></span> <span class='ocrx_word' id='word_1_147' title='bbox 852 2293 952 2348; x_wconf 76' lang='lat'><strong>135</strong></span> <span class='ocrx_word' id='word_1_148' title='bbox 982 2293 1020 2362; x_wconf 95' lang='lat'><strong>).</strong></span> <span class='ocrx_word' id='word_1_149' title='bbox 1053 2291 1127 2347; x_wconf 91' lang='lat' dir='ltr'><strong>De</strong></span> <span class='ocrx_word' id='word_1_150' title='bbox 1153 2306 1258 2362; x_wconf 91' lang='lat' dir='ltr'><strong>quo</strong></span> <span class='ocrx_word' id='word_1_151' title='bbox 1295 2290 1419 2345; x_wconf 91' lang='lat' dir='ltr'><strong>alibi</strong></span> <span class='ocrx_word' id='word_1_152' title='bbox 1459 2289 1673 2352; x_wconf 89' lang='lat' dir='ltr'><strong>dicitur,</strong></span> <span class='ocrx_word' id='word_1_153' title='bbox 1715 2284 1837 2358; x_wconf 82' lang='lat' dir='ltr'><strong>Ipse</strong></span> 
     </span>
    </p>
   </div>
   <div class='ocr_carea' id='block_1_22' title="bbox 244 2381 1838 2460">
    <p class='ocr_par' dir='ltr' id='par_1_22' title="bbox 244 2381 1838 2460">
     <span class='ocr_line' id='line_1_22' title="bbox 244 2381 1838 2460; baseline -0.006 -18"><span class='ocrx_word' id='word_1_154' title='bbox 244 2387 376 2442; x_wconf 87' lang='lat' dir='ltr'><strong>enim</strong></span> <span class='ocrx_word' id='word_1_155' title='bbox 422 2397 582 2442; x_wconf 82' lang='lat' dir='ltr'><strong>rectos</strong></span> <span class='ocrx_word' id='word_1_156' title='bbox 625 2388 777 2460; x_wconf 81' lang='lat' dir='ltr'><strong>faciet</strong></span> <span class='ocrx_word' id='word_1_157' title='bbox 825 2403 1001 2441; x_wconf 85' lang='lat' dir='ltr'><strong>cursus</strong></span> <span class='ocrx_word' id='word_1_158' title='bbox 1049 2395 1182 2452; x_wconf 88' lang='lat' dir='ltr'><strong>tuos,</strong></span> <span class='ocrx_word' id='word_1_159' title='bbox 1210 2395 1257 2438; x_wconf 89' lang='lat' dir='ltr'><strong>et</strong></span> <span class='ocrx_word' id='word_1_160' title='bbox 1297 2384 1478 2437; x_wconf 82' lang='lat' dir='ltr'><strong>itinera</strong></span> <span class='ocrx_word' id='word_1_161' title='bbox 1518 2392 1606 2436; x_wconf 92' lang='lat' dir='ltr'><strong>tua</strong></span> <span class='ocrx_word' id='word_1_162' title='bbox 1633 2381 1687 2435; x_wconf 91' lang='lat' dir='ltr'><strong>in</strong></span> <span class='ocrx_word' id='word_1_163' title='bbox 1715 2395 1838 2452; x_wconf 85' lang='lat' dir='ltr'><strong>pace</strong></span> 
     </span>
    </p>
   </div>
   <div class='ocr_carea' id='block_1_23' title="bbox 250 2472 1843 2552">
    <p class='ocr_par' dir='ltr' id='par_1_23' title="bbox 250 2472 1843 2552">
     <span class='ocr_line' id='line_1_23' title="bbox 250 2472 1843 2552; baseline -0.004 -18"><span class='ocrx_word' id='word_1_164' title='bbox 250 2480 493 2551; x_wconf 81' lang='lat' dir='ltr'><strong>producet</strong></span> <span class='ocrx_word' id='word_1_165' title='bbox 523 2481 537 2512; x_wconf 85' lang='grc'>¹</span> <span class='ocrx_word' id='word_1_166' title='bbox 565 2479 745 2552; x_wconf 78' lang='lat' dir='ltr'><strong>(I’rov.</strong></span> <span class='ocrx_word' id='word_1_167' title='bbox 773 2496 845 2547; x_wconf 88' lang='lat' dir='ltr'><strong>tv,</strong></span> <span class='ocrx_word' id='word_1_168' title='bbox 873 2478 967 2551; x_wconf 70' lang='lat'><strong>27)</strong></span> <span class='ocrx_word' id='word_1_169' title='bbox 995 2497 1008 2532; x_wconf 88' lang='lat'><strong>:</strong></span> <span class='ocrx_word' id='word_1_170' title='bbox 1039 2494 1132 2548; x_wconf 89' lang='lat' dir='ltr'><strong>per</strong></span> <span class='ocrx_word' id='word_1_171' title='bbox 1160 2477 1342 2533; x_wconf 79' lang='lat' dir='ltr'><strong>Jesum</strong></span> <span class='ocrx_word' id='word_1_172' title='bbox 1365 2475 1634 2531; x_wconf 83' lang='lat' dir='ltr'><strong>Christum</strong></span> <span class='ocrx_word' id='word_1_173' title='bbox 1660 2472 1843 2528; x_wconf 87' lang='lat' dir='ltr'><strong>Domi-</strong></span> 
     </span>
    </p>
   </div>
   <div class='ocr_carea' id='block_1_24' title="bbox 251 2566 1836 2644">
    <p class='ocr_par' dir='ltr' id='par_1_24' title="bbox 251 2566 1836 2644">
     <span class='ocr_line' id='line_1_24' title="bbox 251 2566 1836 2644; baseline -0.005 -14"><span class='ocrx_word' id='word_1_174' title='bbox 251 2591 380 2630; x_wconf 85' lang='lat' dir='ltr'><strong>num</strong></span> <span class='ocrx_word' id='word_1_175' title='bbox 411 2583 669 2640; x_wconf 89' lang='lat' dir='ltr'><strong>nostrum,</strong></span> <span class='ocrx_word' id='word_1_176' title='bbox 701 2573 851 2644; x_wconf 90' lang='lat' dir='ltr'><strong>cujus</strong></span> <span class='ocrx_word' id='word_1_177' title='bbox 887 2573 940 2628; x_wconf 92' lang='lat' dir='ltr'><strong>in</strong></span> <span class='ocrx_word' id='word_1_178' title='bbox 969 2571 1072 2628; x_wconf 89' lang='lat' dir='ltr'><strong>hoc</strong></span> <span class='ocrx_word' id='word_1_179' title='bbox 1097 2571 1314 2637; x_wconf 67' lang='lat' dir='ltr'><strong>sarculo,</strong></span> <span class='ocrx_word' id='word_1_180' title='bbox 1348 2579 1595 2640; x_wconf 85' lang='lat' dir='ltr'><strong>tanquam</strong></span> <span class='ocrx_word' id='word_1_181' title='bbox 1636 2567 1688 2621; x_wconf 89' lang='lat' dir='ltr'><strong>in</strong></span> <span class='ocrx_word' id='word_1_182' title='bbox 1725 2566 1836 2635; x_wconf 87' lang='lat' dir='ltr'><strong>die,</strong></span> 
     </span>
    </p>
   </div>
   <div class='ocr_carea' id='block_1_25' title="bbox 251 2659 1840 2729">
    <p class='ocr_par' dir='ltr' id='par_1_25' title="bbox 251 2659 1840 2729">
     <span class='ocr_line' id='line_1_25' title="bbox 251 2659 1840 2729; baseline -0.007 -5"><span class='ocrx_word' id='word_1_183' title='bbox 251 2676 643 2724; x_wconf 81' lang='lat' dir='ltr'><strong>sacramentum</strong></span> <span class='ocrx_word' id='word_1_184' title='bbox 695 2667 1088 2722; x_wconf 81' lang='lat' dir='ltr'><strong>manifestatum</strong></span> <span class='ocrx_word' id='word_1_185' title='bbox 1141 2674 1224 2721; x_wconf 91' lang='lat' dir='ltr'><strong>est</strong></span> <span class='ocrx_word' id='word_1_186' title='bbox 1274 2664 1324 2719; x_wconf 94' lang='lat' dir='ltr'><strong>in</strong></span> <span class='ocrx_word' id='word_1_187' title='bbox 1373 2678 1566 2729; x_wconf 86' lang='lat' dir='ltr'><strong>carne,</strong></span> <span class='ocrx_word' id='word_1_188' title='bbox 1597 2660 1743 2716; x_wconf 90' lang='lat' dir='ltr'><strong>velut</strong></span> <span class='ocrx_word' id='word_1_189' title='bbox 1787 2659 1840 2714; x_wconf 90' lang='lat' dir='ltr'><strong>in</strong></span> 
     </span>
    </p>
   </div>
   <div class='ocr_carea' id='block_1_26' title="bbox 252 2757 1840 2829">
    <p class='ocr_par' dir='ltr' id='par_1_26' title="bbox 252 2757 1840 2829">
     <span class='ocr_line' id='line_1_26' title="bbox 252 2757 1840 2829; baseline -0.005 -15"><span class='ocrx_word' id='word_1_190' title='bbox 252 2759 427 2825; x_wconf 89' lang='lat' dir='ltr'><strong>nube;</strong></span> <span class='ocrx_word' id='word_1_191' title='bbox 457 2760 507 2813; x_wconf 93' lang='lat' dir='ltr'><strong>in</strong></span> <span class='ocrx_word' id='word_1_192' title='bbox 533 2759 736 2829; x_wconf 90' lang='lat' dir='ltr'><strong>iudicio</strong></span> <span class='ocrx_word' id='word_1_193' title='bbox 761 2774 910 2826; x_wconf 85' lang='lat' dir='ltr'><strong>vero,</strong></span> <span class='ocrx_word' id='word_1_194' title='bbox 946 2769 1193 2828; x_wconf 87' lang='lat' dir='ltr'><strong>tanquam</strong></span> <span class='ocrx_word' id='word_1_195' title='bbox 1232 2757 1283 2810; x_wconf 88' lang='lat' dir='ltr'><strong>in</strong></span> <span class='ocrx_word' id='word_1_196' title='bbox 1315 2764 1520 2810; x_wconf 91' lang='lat' dir='ltr'><strong>terrore</strong></span> <span class='ocrx_word' id='word_1_197' title='bbox 1558 2762 1840 2818; x_wconf 86' lang='lat' dir='ltr'><strong>nocturno,</strong></span> 
     </span>
    </p>
   </div>
   <div class='ocr_carea' id='block_1_27' title="bbox 253 2846 1842 2922">
    <p class='ocr_par' dir='ltr' id='par_1_27' title="bbox 253 2846 1842 2922">
     <span class='ocr_line' id='line_1_27' title="bbox 253 2846 1842 2922; baseline -0.004 -16"><span class='ocrx_word' id='word_1_198' title='bbox 253 2852 376 2922; x_wconf 89' lang='lat' dir='ltr'><strong>quia</strong></span> <span class='ocrx_word' id='word_1_199' title='bbox 407 2861 530 2907; x_wconf 92' lang='lat' dir='ltr'><strong>tunc</strong></span> <span class='ocrx_word' id='word_1_200' title='bbox 553 2851 654 2906; x_wconf 89' lang='lat' dir='ltr'><strong>erit</strong></span> <span class='ocrx_word' id='word_1_201' title='bbox 683 2867 870 2922; x_wconf 89' lang='lat' dir='ltr'><strong>magna</strong></span> <span class='ocrx_word' id='word_1_202' title='bbox 901 2851 1170 2906; x_wconf 87' lang='lat' dir='ltr'><strong>tribulatio</strong></span> <span class='ocrx_word' id='word_1_203' title='bbox 1199 2850 1377 2908; x_wconf 69' lang='lat' dir='ltr'><strong>smculi</strong></span> <span class='ocrx_word' id='word_1_204' title='bbox 1407 2858 1656 2919; x_wconf 91' lang='lat' dir='ltr'><strong>tanquam</strong></span> <span class='ocrx_word' id='word_1_205' title='bbox 1685 2846 1842 2918; x_wconf 85' lang='lat' dir='ltr'><strong>ignis,</strong></span> 
     </span>
    </p>
   </div>
   <div class='ocr_carea' id='block_1_28' title="bbox 255 2937 1847 3012">
    <p class='ocr_par' dir='ltr' id='par_1_28' title="bbox 255 2937 1847 3012">
     <span class='ocr_line' id='line_1_28' title="bbox 255 2937 1847 3012; baseline -0.004 -14"><span class='ocrx_word' id='word_1_206' title='bbox 255 2952 308 2998; x_wconf 90' lang='lat' dir='ltr'><strong>et</strong></span> <span class='ocrx_word' id='word_1_207' title='bbox 349 2942 547 2998; x_wconf 88' lang='lat' dir='ltr'><strong>lucebit</strong></span> <span class='ocrx_word' id='word_1_208' title='bbox 587 2943 778 3012; x_wconf 88' lang='lat' dir='ltr'><strong>justis,</strong></span> <span class='ocrx_word' id='word_1_209' title='bbox 810 2952 864 2998; x_wconf 92' lang='lat' dir='ltr'><strong>et</strong></span> <span class='ocrx_word' id='word_1_210' title='bbox 893 2942 1099 2996; x_wconf 86' lang='lat' dir='ltr'><strong>ardebit</strong></span> <span class='ocrx_word' id='word_1_211' title='bbox 1139 2941 1368 3011; x_wconf 89' lang='lat' dir='ltr'><strong>iniustis.</strong></span> <span class='ocrx_word' id='word_1_212' title='bbox 1400 2939 1498 3008; x_wconf 87' lang='lat' dir='ltr'><strong>Qui</strong></span> <span class='ocrx_word' id='word_1_213' title='bbox 1537 2938 1755 3010; x_wconf 87' lang='lat' dir='ltr'><strong>disrupit</strong></span> <span class='ocrx_word' id='word_1_214' title='bbox 1792 2937 1847 2992; x_wconf 86' lang='lat' dir='ltr'><strong>in</strong></span> 
     </span>
    </p>
   </div>
   <div class='ocr_carea' id='block_1_29' title="bbox 256 3032 1848 3107">
    <p class='ocr_par' dir='ltr' id='par_1_29' title="bbox 256 3032 1848 3107">
     <span class='ocr_line' id='line_1_29' title="bbox 256 3032 1848 3107; baseline -0.003 -17"><span class='ocrx_word' id='word_1_215' title='bbox 256 3035 448 3090; x_wconf 87' lang='lat' dir='ltr'><strong>deserto</strong></span> <span class='ocrx_word' id='word_1_216' title='bbox 479 3045 693 3107; x_wconf 83' lang='lat' dir='ltr'><strong>petram,</strong></span> <span class='ocrx_word' id='word_1_217' title='bbox 721 3047 767 3090; x_wconf 92' lang='lat' dir='ltr'><strong>et</strong></span> <span class='ocrx_word' id='word_1_218' title='bbox 794 3035 1065 3106; x_wconf 88' lang='lat' dir='ltr'><strong>adaquavit</strong></span> <span class='ocrx_word' id='word_1_219' title='bbox 1096 3051 1178 3089; x_wconf 88' lang='lat' dir='ltr'><strong>eos</strong></span> <span class='ocrx_word' id='word_1_220' title='bbox 1204 3035 1330 3089; x_wconf 88' lang='lat' dir='ltr'><strong>sicut</strong></span> <span class='ocrx_word' id='word_1_221' title='bbox 1360 3035 1412 3087; x_wconf 90' lang='lat' dir='ltr'><strong>in</strong></span> <span class='ocrx_word' id='word_1_222' title='bbox 1440 3032 1621 3104; x_wconf 85' lang='lat' dir='ltr'><strong>abysso</strong></span> <span class='ocrx_word' id='word_1_223' title='bbox 1648 3032 1848 3096; x_wconf 86' lang='lat' dir='ltr'><strong>multa;</strong></span> 
     </span>
    </p>
   </div>
   <div class='ocr_carea' id='block_1_30' title="bbox 258 3123 1852 3198">
    <p class='ocr_par' dir='ltr' id='par_1_30' title="bbox 258 3123 1852 3198">
     <span class='ocr_line' id='line_1_30' title="bbox 258 3123 1852 3198; baseline -0.004 -16"><span class='ocrx_word' id='word_1_224' title='bbox 258 3137 304 3182; x_wconf 91' lang='lat' dir='ltr'><strong>et</strong></span> <span class='ocrx_word' id='word_1_225' title='bbox 333 3128 504 3182; x_wconf 70' lang='lat' dir='ltr'><strong>eduxit</strong></span> <span class='ocrx_word' id='word_1_226' title='bbox 544 3145 727 3196; x_wconf 88' lang='lat' dir='ltr'><strong>aquam</strong></span> <span class='ocrx_word' id='word_1_227' title='bbox 755 3127 818 3181; x_wconf 91' lang='lat' dir='ltr'><strong>de</strong></span> <span class='ocrx_word' id='word_1_228' title='bbox 846 3136 1008 3198; x_wconf 83' lang='lat' dir='ltr'><strong>petra,</strong></span> <span class='ocrx_word' id='word_1_229' title='bbox 1046 3135 1093 3181; x_wconf 91' lang='lat' dir='ltr'><strong>et</strong></span> <span class='ocrx_word' id='word_1_230' title='bbox 1135 3125 1344 3180; x_wconf 75' lang='lat' dir='ltr'><strong>deduxit</strong></span> <span class='ocrx_word' id='word_1_231' title='bbox 1371 3135 1608 3196; x_wconf 86' lang='lat' dir='ltr'><strong>tanquam</strong></span> <span class='ocrx_word' id='word_1_232' title='bbox 1638 3123 1852 3194; x_wconf 73' lang='lat' dir='ltr'><strong>[Iuntina</strong></span> 
     </span>
    </p>
   </div>
   <div class='ocr_carea' id='block_1_31' title="bbox 259 3216 1854 3292">
    <p class='ocr_par' dir='ltr' id='par_1_31' title="bbox 259 3216 1854 3292">
     <span class='ocr_line' id='line_1_31' title="bbox 259 3216 1854 3292; baseline -0.001 -20"><span class='ocrx_word' id='word_1_233' title='bbox 259 3235 435 3290; x_wconf 89' lang='lat' dir='ltr'><strong>aquas,</strong></span> <span class='ocrx_word' id='word_1_234' title='bbox 464 3228 638 3290; x_wconf 86' lang='lat' dir='ltr'><strong>potest</strong></span> <span class='ocrx_word' id='word_1_235' title='bbox 666 3220 849 3292; x_wconf 85' lang='lat' dir='ltr'><strong>utique</strong></span> <span class='ocrx_word' id='word_1_236' title='bbox 879 3218 1077 3274; x_wconf 87' lang='lat' dir='ltr'><strong>sitienti</strong></span> <span class='ocrx_word' id='word_1_237' title='bbox 1108 3217 1228 3273; x_wconf 85' lang='lat' dir='ltr'><strong>ﬁdei</strong></span> <span class='ocrx_word' id='word_1_238' title='bbox 1257 3218 1455 3273; x_wconf 89' lang='lat' dir='ltr'><strong>donum</strong></span> <span class='ocrx_word' id='word_1_239' title='bbox 1473 3216 1706 3288; x_wconf 89' lang='lat' dir='ltr'><strong>Spiritus</strong></span> <span class='ocrx_word' id='word_1_240' title='bbox 1729 3231 1854 3271; x_wconf 86' lang='lat' dir='ltr'><strong>san-</strong></span> 
     </span>
    </p>
   </div>
   <div class='ocr_carea' id='block_1_32' title="bbox 262 3308 1854 3383">
    <p class='ocr_par' dir='ltr' id='par_1_32' title="bbox 262 3308 1854 3383">
     <span class='ocr_line' id='line_1_32' title="bbox 262 3308 1854 3383; baseline -0.001 -17"><span class='ocrx_word' id='word_1_241' title='bbox 262 3312 355 3374; x_wconf 86' lang='lat' dir='ltr'><strong>cti,</strong></span> <span class='ocrx_word' id='word_1_242' title='bbox 387 3311 529 3383; x_wconf 89' lang='lat' dir='ltr'><strong>quod</strong></span> <span class='ocrx_word' id='word_1_243' title='bbox 577 3311 664 3366; x_wconf 88' lang='lat' dir='ltr'><strong>illa</strong></span> <span class='ocrx_word' id='word_1_244' title='bbox 707 3326 794 3367; x_wconf 87' lang='lat' dir='ltr'><strong>res</strong></span> <span class='ocrx_word' id='word_1_245' title='bbox 823 3320 971 3382; x_wconf 84' lang='lat' dir='ltr'><strong>gesta</strong></span> <span class='ocrx_word' id='word_1_246' title='bbox 1012 3310 1358 3382; x_wconf 91' lang='lat' dir='ltr'><strong>spiritualiter</strong></span> <span class='ocrx_word' id='word_1_247' title='bbox 1395 3308 1744 3381; x_wconf 88' lang='lat' dir='ltr'><strong>signiﬁcabat,</strong></span> <span class='ocrx_word' id='word_1_248' title='bbox 1772 3308 1854 3364; x_wconf 84' lang='lat' dir='ltr'><strong>in-</strong></span> 
     </span>
    </p>
   </div>
   <div class='ocr_carea' id='block_1_33' title="bbox 264 3399 1855 3475">
    <p class='ocr_par' dir='ltr' id='par_1_33' title="bbox 264 3399 1855 3475">
     <span class='ocr_line' id='line_1_33' title="bbox 264 3399 1855 3475; baseline -0.002 -17"><span class='ocrx_word' id='word_1_249' title='bbox 264 3402 485 3459; x_wconf 78' lang='lat' dir='ltr'><strong>fundere</strong></span> <span class='ocrx_word' id='word_1_250' title='bbox 514 3403 581 3460; x_wconf 93' lang='lat' dir='ltr'><strong>de</strong></span> <span class='ocrx_word' id='word_1_251' title='bbox 612 3403 872 3475; x_wconf 89' lang='lat' dir='ltr'><strong>spirituali</strong></span> <span class='ocrx_word' id='word_1_252' title='bbox 917 3412 1173 3474; x_wconf 90' lang='lat' dir='ltr'><strong>sequente</strong></span> <span class='ocrx_word' id='word_1_253' title='bbox 1199 3410 1372 3474; x_wconf 88' lang='lat' dir='ltr'><strong>petra,</strong></span> <span class='ocrx_word' id='word_1_254' title='bbox 1401 3400 1542 3471; x_wconf 89' lang='lat' dir='ltr'><strong>quod</strong></span> <span class='ocrx_word' id='word_1_255' title='bbox 1582 3411 1665 3456; x_wconf 88' lang='lat' dir='ltr'><strong>est</strong></span> <span class='ocrx_word' id='word_1_256' title='bbox 1698 3399 1855 3455; x_wconf 82' lang='lat' dir='ltr'><strong>Chri-</strong></span> 
     </span>
    </p>
   </div>
   <div class='ocr_carea' id='block_1_34' title="bbox 264 3492 1855 3568">
    <p class='ocr_par' dir='ltr' id='par_1_34' title="bbox 264 3492 1855 3568">
     <span class='ocr_line' id='line_1_34' title="bbox 264 3492 1855 3568; baseline -0.004 -14"><span class='ocrx_word' id='word_1_257' title='bbox 264 3507 380 3554; x_wconf 88' lang='lat' dir='ltr'><strong>stus</strong></span> <span class='ocrx_word' id='word_1_258' title='bbox 409 3498 426 3568; x_wconf 97' lang='lat'><strong>(</strong></span> <span class='ocrx_word' id='word_1_259' title='bbox 458 3496 474 3550; x_wconf 94' lang='lat' dir='ltr'><strong>I</strong></span> <span class='ocrx_word' id='word_1_260' title='bbox 503 3497 618 3552; x_wconf 86' lang='lat' dir='ltr'><strong>Cor.</strong></span> <span class='ocrx_word' id='word_1_261' title='bbox 644 3513 696 3562; x_wconf 84' lang='lat' dir='ltr'><strong>x,</strong></span> <span class='ocrx_word' id='word_1_262' title='bbox 725 3495 802 3568; x_wconf 69' lang='grc'><strong>4)</strong></span> <span class='ocrx_word' id='word_1_263' title='bbox 830 3513 844 3550; x_wconf 94' lang='lat'><strong>:</strong></span> <span class='ocrx_word' id='word_1_264' title='bbox 877 3496 968 3567; x_wconf 92' lang='lat' dir='ltr'><strong>qui</strong></span> <span class='ocrx_word' id='word_1_265' title='bbox 1013 3495 1186 3550; x_wconf 89' lang='lat' dir='ltr'><strong>stabat</strong></span> <span class='ocrx_word' id='word_1_266' title='bbox 1231 3504 1286 3551; x_wconf 90' lang='lat' dir='ltr'><strong>et</strong></span> <span class='ocrx_word' id='word_1_267' title='bbox 1329 3494 1612 3560; x_wconf 87' lang='lat' dir='ltr'><strong>clamabat,</strong></span> <span class='ocrx_word' id='word_1_268' title='bbox 1645 3492 1707 3547; x_wconf 88' lang='lat' dir='ltr'><strong>Si</strong></span> <span class='ocrx_word' id='word_1_269' title='bbox 1745 3493 1855 3563; x_wconf 87' lang='lat' dir='ltr'><strong>quis</strong></span> 
     </span>
    </p>
   </div>
   <div class='ocr_carea' id='block_1_35' title="bbox 265 3588 1857 3661">
    <p class='ocr_par' dir='ltr' id='par_1_35' title="bbox 265 3588 1857 3661">
     <span class='ocr_line' id='line_1_35' title="bbox 265 3588 1857 3661; baseline -0.006 -13"><span class='ocrx_word' id='word_1_270' title='bbox 265 3595 390 3661; x_wconf 91' lang='lat' dir='ltr'><strong>sitit,</strong></span> <span class='ocrx_word' id='word_1_271' title='bbox 421 3594 582 3648; x_wconf 83' lang='lat' dir='ltr'><strong>veniat</strong></span> <span class='ocrx_word' id='word_1_272' title='bbox 621 3591 688 3646; x_wconf 87' lang='lat' dir='ltr'><strong>ad</strong></span> <span class='ocrx_word' id='word_1_273' title='bbox 730 3608 846 3657; x_wconf 84' lang='lat' dir='ltr'><strong>nte;</strong></span> <span class='ocrx_word' id='word_1_274' title='bbox 874 3601 946 3652; x_wconf 93' lang='lat' dir='ltr'><strong>ct,</strong></span> <span class='ocrx_word' id='word_1_275' title='bbox 981 3590 1081 3658; x_wconf 84' lang='lat' dir='ltr'><strong>Qui</strong></span> <span class='ocrx_word' id='word_1_276' title='bbox 1123 3588 1296 3644; x_wconf 88' lang='lat' dir='ltr'><strong>biberit</strong></span> <span class='ocrx_word' id='word_1_277' title='bbox 1339 3589 1400 3642; x_wconf 86' lang='lat' dir='ltr'><strong>de</strong></span> <span class='ocrx_word' id='word_1_278' title='bbox 1429 3605 1560 3658; x_wconf 88' lang='lat' dir='ltr'><strong>aqua</strong></span> <span class='ocrx_word' id='word_1_279' title='bbox 1588 3603 1739 3657; x_wconf 84' lang='lat' dir='ltr'><strong>quam</strong></span> <span class='ocrx_word' id='word_1_280' title='bbox 1767 3601 1857 3657; x_wconf 85' lang='lat' dir='ltr'><strong>ego</strong></span> 
     </span>
    </p>
   </div>
   <div class='ocr_carea' id='block_1_36' title="bbox 268 3677 1859 3757">
    <p class='ocr_par' dir='ltr' id='par_1_36' title="bbox 268 3677 1859 3757">
     <span class='ocr_line' id='line_1_36' title="bbox 268 3677 1859 3757; baseline -0.005 -17"><span class='ocrx_word' id='word_1_281' title='bbox 268 3686 432 3752; x_wconf 88' lang='lat' dir='ltr'><strong>dabo,</strong></span> <span class='ocrx_word' id='word_1_282' title='bbox 471 3685 685 3757; x_wconf 82' lang='lat' dir='ltr'><strong>[lumina</strong></span> <span class='ocrx_word' id='word_1_283' title='bbox 727 3700 873 3755; x_wconf 72' lang='lat' dir='ltr'><strong>aqua:</strong></span> <span class='ocrx_word' id='word_1_284' title='bbox 916 3684 1035 3737; x_wconf 75' lang='lat' dir='ltr'><strong>vivo:</strong></span> <span class='ocrx_word' id='word_1_285' title='bbox 1071 3683 1226 3752; x_wconf 74' lang='lat' dir='ltr'><strong>[luent</strong></span> <span class='ocrx_word' id='word_1_286' title='bbox 1267 3681 1330 3734; x_wconf 88' lang='lat' dir='ltr'><strong>de</strong></span> <span class='ocrx_word' id='word_1_287' title='bbox 1371 3690 1539 3735; x_wconf 87' lang='lat' dir='ltr'><strong>ventre</strong></span> <span class='ocrx_word' id='word_1_288' title='bbox 1575 3681 1704 3750; x_wconf 86' lang='lat' dir='ltr'><strong>ejus.</strong></span> <span class='ocrx_word' id='word_1_289' title='bbox 1745 3677 1859 3732; x_wconf 90' lang='lat' dir='ltr'><strong>IIoc</strong></span> 
     </span>
    </p>
   </div>
   <div class='ocr_carea' id='block_1_37' title="bbox 269 3770 1862 3844">
    <p class='ocr_par' dir='ltr' id='par_1_37' title="bbox 269 3770 1862 3844">
     <span class='ocr_line' id='line_1_37' title="bbox 269 3770 1862 3844; baseline -0.007 -10"><span class='ocrx_word' id='word_1_290' title='bbox 269 3778 402 3834; x_wconf 82' lang='lat' dir='ltr'><strong>enim</strong></span> <span class='ocrx_word' id='word_1_291' title='bbox 450 3775 678 3840; x_wconf 88' lang='lat' dir='ltr'><strong>dicebat,</strong></span> <span class='ocrx_word' id='word_1_292' title='bbox 718 3776 856 3830; x_wconf 89' lang='lat' dir='ltr'><strong>sicut</strong></span> <span class='ocrx_word' id='word_1_293' title='bbox 902 3775 954 3829; x_wconf 91' lang='lat' dir='ltr'><strong>in</strong></span> <span class='ocrx_word' id='word_1_294' title='bbox 992 3772 1278 3844; x_wconf 88' lang='lat' dir='ltr'><strong>Evangelio</strong></span> <span class='ocrx_word' id='word_1_295' title='bbox 1322 3771 1534 3841; x_wconf 83' lang='lat' dir='ltr'><strong>legitur,</strong></span> <span class='ocrx_word' id='word_1_296' title='bbox 1572 3771 1633 3824; x_wconf 86' lang='lat' dir='ltr'><strong>de</strong></span> <span class='ocrx_word' id='word_1_297' title='bbox 1663 3770 1862 3840; x_wconf 84' lang='lat' dir='ltr'><strong>Spiritu</strong></span> 
     </span>
    </p>
   </div>
   <div class='ocr_carea' id='block_1_38' title="bbox 270 3864 1861 3941">
    <p class='ocr_par' dir='ltr' id='par_1_38' title="bbox 270 3864 1861 3941">
     <span class='ocr_line' id='line_1_38' title="bbox 270 3864 1861 3941; baseline -0.003 -17"><span class='ocrx_word' id='word_1_298' title='bbox 270 3886 418 3941; x_wconf 85' lang='lat' dir='ltr'><strong>quem</strong></span> <span class='ocrx_word' id='word_1_299' title='bbox 453 3869 706 3940; x_wconf 79' lang='lat' dir='ltr'><strong>accepturi</strong></span> <span class='ocrx_word' id='word_1_300' title='bbox 735 3877 877 3923; x_wconf 85' lang='lat' dir='ltr'><strong>erant</strong></span> <span class='ocrx_word' id='word_1_301' title='bbox 906 3867 1160 3923; x_wconf 86' lang='lat' dir='ltr'><strong>credentes</strong></span> <span class='ocrx_word' id='word_1_302' title='bbox 1195 3867 1249 3920; x_wconf 89' lang='lat' dir='ltr'><strong>in</strong></span> <span class='ocrx_word' id='word_1_303' title='bbox 1283 3883 1396 3920; x_wconf 88' lang='lat' dir='ltr'><strong>eum</strong></span> <span class='ocrx_word' id='word_1_304' title='bbox 1421 3866 1440 3936; x_wconf 97' lang='lat'><strong>(</strong></span> <span class='ocrx_word' id='word_1_305' title='bbox 1463 3864 1618 3919; x_wconf 83' lang='lat' dir='ltr'><strong>Joan.</strong></span> <span class='ocrx_word' id='word_1_306' title='bbox 1643 3880 1735 3929; x_wconf 82' lang='lat' dir='ltr'><strong>vit,</strong></span> <span class='ocrx_word' id='word_1_307' title='bbox 1763 3865 1861 3920; x_wconf 80' lang='lat'><strong>57-</strong></span> 
     </span>
    </p>
   </div>
   <div class='ocr_carea' id='block_1_39' title="bbox 273 3958 1861 4033">
    <p class='ocr_par' dir='ltr' id='par_1_39' title="bbox 273 3958 1861 4033">
     <span class='ocr_line' id='line_1_39' title="bbox 273 3958 1861 4033; baseline -0.004 -14"><span class='ocrx_word' id='word_1_308' title='bbox 273 3963 344 4019; x_wconf 77' lang='lat'><strong>59</strong></span> <span class='ocrx_word' id='word_1_309' title='bbox 368 3963 407 4033; x_wconf 88' lang='lat'><strong>).</strong></span> <span class='ocrx_word' id='word_1_310' title='bbox 436 3961 516 4017; x_wconf 84' lang='lat' dir='ltr'><strong>Ad</strong></span> <span class='ocrx_word' id='word_1_311' title='bbox 546 3977 702 4032; x_wconf 91' lang='lat' dir='ltr'><strong>quem</strong></span> <span class='ocrx_word' id='word_1_312' title='bbox 732 3961 872 4033; x_wconf 81' lang='lat' dir='ltr'><strong>velut</strong></span> <span class='ocrx_word' id='word_1_313' title='bbox 901 3961 1045 4032; x_wconf 85' lang='lat' dir='ltr'><strong>virga</strong></span> <span class='ocrx_word' id='word_1_314' title='bbox 1086 3960 1286 4031; x_wconf 88' lang='lat' dir='ltr'><strong>lignum</strong></span> <span class='ocrx_word' id='word_1_315' title='bbox 1327 3959 1587 4030; x_wconf 87' lang='lat' dir='ltr'><strong>passionis</strong></span> <span class='ocrx_word' id='word_1_316' title='bbox 1614 3958 1861 4027; x_wconf 88' lang='lat' dir='ltr'><strong>accessit,</strong></span> 
     </span>
    </p>
   </div>
   <div class='ocr_carea' id='block_1_40' title="bbox 275 4051 1224 4123">
    <p class='ocr_par' dir='ltr' id='par_1_40' title="bbox 275 4051 1224 4123">
     <span class='ocr_line' id='line_1_40' title="bbox 275 4051 1224 4123; baseline -0.005 -12"><span class='ocrx_word' id='word_1_317' title='bbox 275 4065 335 4111; x_wconf 90' lang='lat' dir='ltr'><strong>ut</strong></span> <span class='ocrx_word' id='word_1_318' title='bbox 364 4062 638 4110; x_wconf 89' lang='lat' dir='ltr'><strong>emanaret</strong></span> <span class='ocrx_word' id='word_1_319' title='bbox 665 4053 1008 4109; x_wconf 87' lang='lat' dir='ltr'><strong>credentibus</strong></span> <span class='ocrx_word' id='word_1_320' title='bbox 1038 4051 1224 4123; x_wconf 85' lang='lat' dir='ltr'><strong>gratia.</strong></span> 
     </span>
    </p>
   </div>
   <div class='ocr_carea' id='block_1_41' title="bbox 351 4142 1866 4218">
    <p class='ocr_par' dir='ltr' id='par_1_41' title="bbox 351 4142 1866 4218">
     <span class='ocr_line' id='line_1_41' title="bbox 351 4142 1866 4218; baseline -0.005 -16"><span class='ocrx_word' id='word_1_321' title='bbox 351 4146 436 4202; x_wconf 75' lang='lat' dir='ltr'><strong>M.</strong></span> <span class='ocrx_word' id='word_1_322' title='bbox 459 4143 608 4218; x_wconf 87' lang='lat' dir='ltr'><strong>[vers.</strong></span> <span class='ocrx_word' id='word_1_323' title='bbox 635 4143 746 4217; x_wconf 84' lang='lat' dir='ltr'><strong>l7.]</strong></span> <span class='ocrx_word' id='word_1_324' title='bbox 770 4146 834 4199; x_wconf 73' lang='lat' dir='ltr'><strong>Et</strong></span> <span class='ocrx_word' id='word_1_325' title='bbox 857 4154 1031 4199; x_wconf 87' lang='lat' dir='ltr'><strong>tamen</strong></span> <span class='ocrx_word' id='word_1_326' title='bbox 1058 4143 1134 4198; x_wconf 93' lang='lat' dir='ltr'><strong>illi</strong></span> <span class='ocrx_word' id='word_1_327' title='bbox 1161 4153 1408 4214; x_wconf 87' lang='lat' dir='ltr'><strong>tanquam</strong></span> <span class='ocrx_word' id='word_1_328' title='bbox 1431 4142 1686 4212; x_wconf 88' lang='lat' dir='ltr'><strong>generatio</strong></span> <span class='ocrx_word' id='word_1_329' title='bbox 1709 4157 1866 4210; x_wconf 82' lang='lat' dir='ltr'><strong>prava</strong></span> 
     </span>
    </p>
   </div>
   <div class='ocr_carea' id='block_1_42' title="bbox 280 4234 1864 4308">
    <p class='ocr_par' dir='ltr' id='par_1_42' title="bbox 280 4234 1864 4308">
     <span class='ocr_line' id='line_1_42' title="bbox 280 4234 1864 4308; baseline -0.004 -13"><span class='ocrx_word' id='word_1_330' title='bbox 280 4252 329 4297; x_wconf 90' lang='lat' dir='ltr'><strong>et</strong></span> <span class='ocrx_word' id='word_1_331' title='bbox 373 4240 676 4302; x_wconf 79' lang='lat' dir='ltr'><strong>atnaricans,</strong></span> <span class='ocrx_word' id='word_1_332' title='bbox 717 4246 1058 4308; x_wconf 81' lang='lat' dir='ltr'><strong>opposuerunt</strong></span> <span class='ocrx_word' id='word_1_333' title='bbox 1102 4236 1266 4289; x_wconf 79' lang='lat' dir='ltr'><strong>adhuc</strong></span> <span class='ocrx_word' id='word_1_334' title='bbox 1311 4251 1518 4304; x_wconf 84' lang='lat' dir='ltr'><strong>peccare</strong></span> <span class='ocrx_word' id='word_1_335' title='bbox 1543 4235 1592 4288; x_wconf 89' lang='lat' dir='ltr'><strong>ei</strong></span> <span class='ocrx_word' id='word_1_336' title='bbox 1623 4251 1640 4289; x_wconf 91' lang='lat'><strong>:</strong></span> <span class='ocrx_word' id='word_1_337' title='bbox 1672 4234 1722 4288; x_wconf 89' lang='lat' dir='ltr'><strong>id</strong></span> <span class='ocrx_word' id='word_1_338' title='bbox 1762 4242 1864 4299; x_wconf 89' lang='lat' dir='ltr'><strong>est,</strong></span> 
     </span>
    </p>
   </div>
   <div class='ocr_carea' id='block_1_43' title="bbox 279 4324 1869 4396">
    <p class='ocr_par' dir='ltr' id='par_1_43' title="bbox 279 4324 1869 4396">
     <span class='ocr_line' id='line_1_43' title="bbox 279 4324 1869 4396; baseline -0.007 -6"><span class='ocrx_word' id='word_1_339' title='bbox 279 4349 390 4390; x_wconf 87' lang='lat' dir='ltr'><strong>non</strong></span> <span class='ocrx_word' id='word_1_340' title='bbox 435 4330 673 4387; x_wconf 90' lang='lat' dir='ltr'><strong>credere.</strong></span> <span class='ocrx_word' id='word_1_341' title='bbox 707 4328 838 4384; x_wconf 87' lang='lat' dir='ltr'><strong>Nam</strong></span> <span class='ocrx_word' id='word_1_342' title='bbox 885 4329 986 4383; x_wconf 92' lang='lat' dir='ltr'><strong>hoc</strong></span> <span class='ocrx_word' id='word_1_343' title='bbox 1032 4334 1116 4382; x_wconf 88' lang='lat' dir='ltr'><strong>est</strong></span> <span class='ocrx_word' id='word_1_344' title='bbox 1163 4336 1434 4396; x_wconf 89' lang='lat' dir='ltr'><strong>peccatum</strong></span> <span class='ocrx_word' id='word_1_345' title='bbox 1470 4325 1539 4381; x_wconf 87' lang='lat' dir='ltr'><strong>de</strong></span> <span class='ocrx_word' id='word_1_346' title='bbox 1565 4341 1670 4395; x_wconf 90' lang='lat' dir='ltr'><strong>quo</strong></span> <span class='ocrx_word' id='word_1_347' title='bbox 1698 4324 1869 4394; x_wconf 86' lang='lat' dir='ltr'><strong>arguit</strong></span> 
     </span>
    </p>
   </div>
   <div class='ocr_carea' id='block_1_44' title="bbox 280 4417 1870 4496">
    <p class='ocr_par' dir='ltr' id='par_1_44' title="bbox 280 4417 1870 4496">
     <span class='ocr_line' id='line_1_44' title="bbox 280 4417 1870 4496; baseline -0.005 -15"><span class='ocrx_word' id='word_1_348' title='bbox 280 4425 515 4496; x_wconf 80' lang='lat' dir='ltr'><strong>Spiritus</strong></span> <span class='ocrx_word' id='word_1_349' title='bbox 555 4423 844 4487; x_wconf 88' lang='lat' dir='ltr'><strong>mundum,</strong></span> <span class='ocrx_word' id='word_1_350' title='bbox 884 4422 1021 4476; x_wconf 85' lang='lat' dir='ltr'><strong>sicut</strong></span> <span class='ocrx_word' id='word_1_351' title='bbox 1062 4420 1316 4474; x_wconf 83' lang='lat' dir='ltr'><strong>Dominus</strong></span> <span class='ocrx_word' id='word_1_352' title='bbox 1353 4419 1524 4474; x_wconf 89' lang='lat' dir='ltr'><strong>dicit:</strong></span> <span class='ocrx_word' id='word_1_353' title='bbox 1561 4417 1632 4472; x_wconf 90' lang='lat' dir='ltr'><strong>De</strong></span> <span class='ocrx_word' id='word_1_354' title='bbox 1672 4429 1870 4489; x_wconf 88' lang='lat' dir='ltr'><strong>peccato</strong></span> 
     </span>
    </p>
   </div>
   <div class='ocr_carea' id='block_1_45' title="bbox 283 4509 1872 4591">
    <p class='ocr_par' dir='ltr' id='par_1_45' title="bbox 283 4509 1872 4591">
     <span class='ocr_line' id='line_1_45' title="bbox 283 4509 1872 4591; baseline -0.004 -19"><span class='ocrx_word' id='word_1_355' title='bbox 283 4517 507 4591; x_wconf 81' lang='lat' dir='ltr'><strong>quidem,</strong></span> <span class='ocrx_word' id='word_1_356' title='bbox 548 4517 669 4587; x_wconf 85' lang='lat' dir='ltr'><strong>quia</strong></span> <span class='ocrx_word' id='word_1_357' title='bbox 715 4532 815 4570; x_wconf 90' lang='lat' dir='ltr'><strong>non</strong></span> <span class='ocrx_word' id='word_1_358' title='bbox 853 4512 1166 4568; x_wconf 89' lang='lat' dir='ltr'><strong>crediderunt</strong></span> <span class='ocrx_word' id='word_1_359' title='bbox 1209 4512 1262 4566; x_wconf 91' lang='lat' dir='ltr'><strong>in</strong></span> <span class='ocrx_word' id='word_1_360' title='bbox 1307 4527 1384 4565; x_wconf 87' lang='lat' dir='ltr'><strong>me</strong></span> <span class='ocrx_word' id='word_1_361' title='bbox 1423 4509 1534 4583; x_wconf 89' lang='lat' dir='ltr'><strong>(Id.</strong></span> <span class='ocrx_word' id='word_1_362' title='bbox 1557 4527 1667 4578; x_wconf 78' lang='lat' dir='ltr'><strong>xvr,</strong></span> <span class='ocrx_word' id='word_1_363' title='bbox 1696 4509 1774 4582; x_wconf 91' lang='lat'><strong>9).</strong></span> <span class='ocrx_word' id='word_1_364' title='bbox 1804 4510 1872 4565; x_wconf 80' lang='lat' dir='ltr'><strong>Et</strong></span> 
     </span>
    </p>
   </div>
   <div class='ocr_carea' id='block_1_46' title="bbox 284 4602 1870 4674">
    <p class='ocr_par' dir='ltr' id='par_1_46' title="bbox 284 4602 1870 4674">
     <span class='ocr_line' id='line_1_46' title="bbox 284 4602 1870 4674; baseline -0.005 -9"><span class='ocrx_word' id='word_1_365' title='bbox 284 4611 706 4666; x_wconf 68' lang='lat' dir='ltr'><strong>exacerbaverunt</strong></span> <span class='ocrx_word' id='word_1_366' title='bbox 733 4607 1047 4662; x_wconf 79' lang='lat' dir='ltr'><strong>Altissintunt</strong></span> <span class='ocrx_word' id='word_1_367' title='bbox 1072 4605 1126 4658; x_wconf 92' lang='lat' dir='ltr'><strong>in</strong></span> <span class='ocrx_word' id='word_1_368' title='bbox 1153 4604 1415 4658; x_wconf 89' lang='lat' dir='ltr'><strong>siccitate:</strong></span> <span class='ocrx_word' id='word_1_369' title='bbox 1437 4603 1579 4674; x_wconf 86' lang='lat' dir='ltr'><strong>quod</strong></span> <span class='ocrx_word' id='word_1_370' title='bbox 1606 4603 1692 4656; x_wconf 88' lang='lat' dir='ltr'><strong>alii</strong></span> <span class='ocrx_word' id='word_1_371' title='bbox 1721 4602 1870 4657; x_wconf 87' lang='lat' dir='ltr'><strong>codi-</strong></span> 
     </span>
    </p>
   </div>
   <div class='ocr_carea' id='block_1_47' title="bbox 285 4697 1872 4772">
    <p class='ocr_par' dir='ltr' id='par_1_47' title="bbox 285 4697 1872 4772">
     <span class='ocr_line' id='line_1_47' title="bbox 285 4697 1872 4772; baseline -0.006 -10"><span class='ocrx_word' id='word_1_372' title='bbox 285 4721 382 4762; x_wconf 86' lang='lat' dir='ltr'><strong>ces</strong></span> <span class='ocrx_word' id='word_1_373' title='bbox 426 4703 650 4769; x_wconf 86' lang='lat' dir='ltr'><strong>habent,</strong></span> <span class='ocrx_word' id='word_1_374' title='bbox 682 4703 733 4756; x_wconf 91' lang='lat' dir='ltr'><strong>in</strong></span> <span class='ocrx_word' id='word_1_375' title='bbox 775 4702 1036 4772; x_wconf 85' lang='lat' dir='ltr'><strong>iuaquoso,</strong></span> <span class='ocrx_word' id='word_1_376' title='bbox 1073 4698 1210 4769; x_wconf 91' lang='lat' dir='ltr'><strong>quod</strong></span> <span class='ocrx_word' id='word_1_377' title='bbox 1248 4697 1315 4753; x_wconf 91' lang='lat' dir='ltr'><strong>de</strong></span> <span class='ocrx_word' id='word_1_378' title='bbox 1342 4712 1516 4768; x_wconf 71' lang='lat' dir='ltr'><strong>grmco</strong></span> <span class='ocrx_word' id='word_1_379' title='bbox 1543 4705 1627 4752; x_wconf 90' lang='lat' dir='ltr'><strong>est</strong></span> <span class='ocrx_word' id='word_1_380' title='bbox 1651 4711 1872 4768; x_wconf 76' lang='lat' dir='ltr'><strong>expres-</strong></span> 
     </span>
    </p>
   </div>
   <div class='ocr_carea' id='block_1_48' title="bbox 286 4778 1872 4863">
    <p class='ocr_par' dir='ltr' id='par_1_48' title="bbox 286 4778 1872 4863">
     <span class='ocr_line' id='line_1_48' title="bbox 286 4778 1872 4863; baseline -0.006 -11"><span class='ocrx_word' id='word_1_381' title='bbox 286 4796 422 4857; x_wconf 86' lang='lat' dir='ltr'><strong>sius,</strong></span> <span class='ocrx_word' id='word_1_382' title='bbox 449 4810 549 4849; x_wconf 88' lang='lat' dir='ltr'><strong>nec</strong></span> <span class='ocrx_word' id='word_1_383' title='bbox 587 4794 727 4848; x_wconf 91' lang='lat' dir='ltr'><strong>aliud</strong></span> <span class='ocrx_word' id='word_1_384' title='bbox 770 4808 927 4863; x_wconf 87' lang='lat' dir='ltr'><strong>quam</strong></span> <span class='ocrx_word' id='word_1_385' title='bbox 968 4778 1260 4845; x_wconf 81' lang='lat' dir='ltr'><strong>siccitatem</strong></span> <span class='ocrx_word' id='word_1_386' title='bbox 1305 4786 1790 4858; x_wconf 84' lang='lat' dir='ltr'><strong>signiﬁcat.Utrum</strong></span> <span class='ocrx_word' id='word_1_387' title='bbox 1822 4789 1872 4842; x_wconf 93' lang='lat' dir='ltr'><strong>in</strong></span> 
     </span>
    </p>
   </div>
   <div class='ocr_carea' id='block_1_49' title="bbox 288 4879 1872 4952">
    <p class='ocr_par' dir='ltr' id='par_1_49' title="bbox 288 4879 1872 4952">
     <span class='ocr_line' id='line_1_49' title="bbox 288 4879 1872 4952; baseline -0.006 -9"><span class='ocrx_word' id='word_1_388' title='bbox 288 4888 386 4943; x_wconf 90' lang='lat' dir='ltr'><strong>illa</strong></span> <span class='ocrx_word' id='word_1_389' title='bbox 433 4886 596 4942; x_wconf 89' lang='lat' dir='ltr'><strong>eremi</strong></span> <span class='ocrx_word' id='word_1_390' title='bbox 643 4884 904 4949; x_wconf 88' lang='lat' dir='ltr'><strong>siccitate,</strong></span> <span class='ocrx_word' id='word_1_391' title='bbox 933 4899 998 4936; x_wconf 89' lang='lat' dir='ltr'><strong>an</strong></span> <span class='ocrx_word' id='word_1_392' title='bbox 1031 4883 1204 4952; x_wconf 90' lang='lat' dir='ltr'><strong>potius</strong></span> <span class='ocrx_word' id='word_1_393' title='bbox 1233 4881 1283 4935; x_wconf 90' lang='lat' dir='ltr'><strong>in</strong></span> <span class='ocrx_word' id='word_1_394' title='bbox 1312 4880 1441 4934; x_wconf 82' lang='lat' dir='ltr'><strong>sua?</strong></span> <span class='ocrx_word' id='word_1_395' title='bbox 1464 4880 1595 4946; x_wconf 84' lang='lat' dir='ltr'><strong>Quia</strong></span> <span class='ocrx_word' id='word_1_396' title='bbox 1637 4879 1759 4934; x_wconf 91' lang='lat' dir='ltr'><strong>licet</strong></span> <span class='ocrx_word' id='word_1_397' title='bbox 1791 4879 1872 4934; x_wconf 88' lang='lat' dir='ltr'><strong>bi-</strong></span> 
     </span>
    </p>
   </div>
   <div class='ocr_carea' id='block_1_50' title="bbox 281 4969 1876 5046">
    <p class='ocr_par' dir='ltr' id='par_1_50' title="bbox 281 4969 1876 5046">
     <span class='ocr_line' id='line_1_50' title="bbox 281 4969 1876 5046; baseline -0.008 -12"><span class='ocrx_word' id='word_1_398' title='bbox 281 4978 497 5035; x_wconf 67' lang='lat' dir='ltr'><strong>bissent</strong></span> <span class='ocrx_word' id='word_1_399' title='bbox 524 4977 590 5031; x_wconf 90' lang='lat' dir='ltr'><strong>de</strong></span> <span class='ocrx_word' id='word_1_400' title='bbox 620 4984 792 5046; x_wconf 86' lang='lat' dir='ltr'><strong>petra,</strong></span> <span class='ocrx_word' id='word_1_401' title='bbox 821 4991 924 5029; x_wconf 92' lang='lat' dir='ltr'><strong>non</strong></span> <span class='ocrx_word' id='word_1_402' title='bbox 953 4981 1188 5038; x_wconf 88' lang='lat' dir='ltr'><strong>ventres,</strong></span> <span class='ocrx_word' id='word_1_403' title='bbox 1215 4971 1307 5026; x_wconf 89' lang='lat' dir='ltr'><strong>sed</strong></span> <span class='ocrx_word' id='word_1_404' title='bbox 1341 4980 1544 5024; x_wconf 84' lang='lat' dir='ltr'><strong>tuentes</strong></span> <span class='ocrx_word' id='word_1_405' title='bbox 1573 4969 1749 5024; x_wconf 88' lang='lat' dir='ltr'><strong>aridas</strong></span> <span class='ocrx_word' id='word_1_406' title='bbox 1779 4969 1876 5022; x_wconf 86' lang='lat' dir='ltr'><strong>ha-</strong></span> 
     </span>
    </p>
   </div>
   <div class='ocr_carea' id='block_1_51' title="bbox 294 5062 1876 5136">
    <p class='ocr_par' dir='ltr' id='par_1_51' title="bbox 294 5062 1876 5136">
     <span class='ocr_line' id='line_1_51' title="bbox 294 5062 1876 5136; baseline -0.006 -9"><span class='ocrx_word' id='word_1_407' title='bbox 294 5071 533 5136; x_wconf 88' lang='lat' dir='ltr'><strong>bebant,</strong></span> <span class='ocrx_word' id='word_1_408' title='bbox 583 5069 727 5124; x_wconf 84' lang='lat' dir='ltr'><strong>nulla</strong></span> <span class='ocrx_word' id='word_1_409' title='bbox 777 5069 1008 5124; x_wconf 78' lang='lat' dir='ltr'><strong>virentes</strong></span> <span class='ocrx_word' id='word_1_410' title='bbox 1057 5065 1377 5120; x_wconf 74' lang='lat' dir='ltr'><strong>fecunditate</strong></span> <span class='ocrx_word' id='word_1_411' title='bbox 1419 5063 1658 5133; x_wconf 70' lang='lat' dir='ltr'><strong>iustititc.</strong></span> <span class='ocrx_word' id='word_1_412' title='bbox 1689 5062 1745 5116; x_wconf 93' lang='lat' dir='ltr'><strong>In</strong></span> <span class='ocrx_word' id='word_1_413' title='bbox 1775 5077 1876 5132; x_wconf 88' lang='lat' dir='ltr'><strong>qua</strong></span> 
     </span>
    </p>
   </div>
   <div class='ocr_carea' id='block_1_52' title="bbox 294 5154 1875 5233">
    <p class='ocr_par' dir='ltr' id='par_1_52' title="bbox 294 5154 1875 5233">
     <span class='ocr_line' id='line_1_52' title="bbox 294 5154 1875 5233; baseline -0.008 -13"><span class='ocrx_word' id='word_1_414' title='bbox 294 5165 537 5221; x_wconf 86' lang='lat' dir='ltr'><strong>siccitate</strong></span> <span class='ocrx_word' id='word_1_415' title='bbox 561 5162 730 5233; x_wconf 88' lang='lat' dir='ltr'><strong>magis</strong></span> <span class='ocrx_word' id='word_1_416' title='bbox 757 5161 981 5215; x_wconf 85' lang='lat' dir='ltr'><strong>ﬁdeliter</strong></span> <span class='ocrx_word' id='word_1_417' title='bbox 1004 5159 1112 5213; x_wconf 89' lang='lat' dir='ltr'><strong>Deo</strong></span> <span class='ocrx_word' id='word_1_418' title='bbox 1133 5158 1397 5229; x_wconf 86' lang='lat' dir='ltr'><strong>supplices</strong></span> <span class='ocrx_word' id='word_1_419' title='bbox 1420 5171 1538 5211; x_wconf 90' lang='lat' dir='ltr'><strong>esse</strong></span> <span class='ocrx_word' id='word_1_420' title='bbox 1562 5154 1875 5223; x_wconf 89' lang='lat' dir='ltr'><strong>debuerant,</strong></span> 
     </span>
    </p>
   </div>
   <div class='ocr_carea' id='block_1_53' title="bbox 294 5245 1877 5329">
    <p class='ocr_par' dir='ltr' id='par_1_53' title="bbox 294 5245 1877 5329">
     <span class='ocr_line' id='line_1_53' title="bbox 294 5245 1877 5329; baseline -0.009 -15"><span class='ocrx_word' id='word_1_421' title='bbox 294 5269 355 5314; x_wconf 91' lang='lat' dir='ltr'><strong>ut</strong></span> <span class='ocrx_word' id='word_1_422' title='bbox 382 5258 472 5329; x_wconf 86' lang='lat' dir='ltr'><strong>qui</strong></span> <span class='ocrx_word' id='word_1_423' title='bbox 509 5257 803 5312; x_wconf 88' lang='lat' dir='ltr'><strong>satietatem</strong></span> <span class='ocrx_word' id='word_1_424' title='bbox 833 5253 1124 5309; x_wconf 87' lang='lat' dir='ltr'><strong>donaverat</strong></span> <span class='ocrx_word' id='word_1_425' title='bbox 1170 5250 1422 5316; x_wconf 88' lang='lat' dir='ltr'><strong>faucibus,</strong></span> <span class='ocrx_word' id='word_1_426' title='bbox 1450 5248 1749 5318; x_wconf 57' lang='lat' dir='ltr'><strong>aequitatem</strong></span> <span class='ocrx_word' id='word_1_427' title='bbox 1779 5245 1877 5301; x_wconf 88' lang='lat' dir='ltr'><strong>do-</strong></span> 
     </span>
    </p>
   </div>
   <div class='ocr_carea' id='block_1_54' title="bbox 297 5341 1878 5416">
    <p class='ocr_par' dir='ltr' id='par_1_54' title="bbox 297 5341 1878 5416">
     <span class='ocr_line' id='line_1_54' title="bbox 297 5341 1878 5416; baseline -0.009 -7"><span class='ocrx_word' id='word_1_428' title='bbox 297 5360 453 5409; x_wconf 89' lang='lat' dir='ltr'><strong>naret</strong></span> <span class='ocrx_word' id='word_1_429' title='bbox 471 5361 526 5406; x_wconf 90' lang='lat' dir='ltr'><strong>et</strong></span> <span class='ocrx_word' id='word_1_430' title='bbox 545 5350 800 5405; x_wconf 90' lang='lat' dir='ltr'><strong>moribus.</strong></span> <span class='ocrx_word' id='word_1_431' title='bbox 825 5346 905 5402; x_wconf 86' lang='lat' dir='ltr'><strong>Ad</strong></span> <span class='ocrx_word' id='word_1_432' title='bbox 925 5361 1046 5402; x_wconf 90' lang='lat' dir='ltr'><strong>eum</strong></span> <span class='ocrx_word' id='word_1_433' title='bbox 1066 5344 1261 5416; x_wconf 89' lang='lat' dir='ltr'><strong>quippe</strong></span> <span class='ocrx_word' id='word_1_434' title='bbox 1285 5343 1453 5398; x_wconf 89' lang='lat' dir='ltr'><strong>ﬁdelis</strong></span> <span class='ocrx_word' id='word_1_435' title='bbox 1471 5341 1645 5397; x_wconf 86' lang='lat' dir='ltr'><strong>anima</strong></span> <span class='ocrx_word' id='word_1_436' title='bbox 1665 5341 1878 5408; x_wconf 86' lang='lat' dir='ltr'><strong>clamat,</strong></span> 
     </span>
    </p>
   </div>
   <div class='ocr_carea' id='block_1_55' title="bbox 301 5435 1562 5512">
    <p class='ocr_par' dir='ltr' id='par_1_55' title="bbox 301 5435 1562 5512">
     <span class='ocr_line' id='line_1_55' title="bbox 301 5435 1562 5512; baseline -0.009 -9"><span class='ocrx_word' id='word_1_437' title='bbox 301 5445 454 5503; x_wconf 87' lang='lat' dir='ltr'><strong>Oculi</strong></span> <span class='ocrx_word' id='word_1_438' title='bbox 483 5445 582 5500; x_wconf 86' lang='lat' dir='ltr'><strong>ntei</strong></span> <span class='ocrx_word' id='word_1_439' title='bbox 610 5444 807 5498; x_wconf 81' lang='lat' dir='ltr'><strong>videant</strong></span> <span class='ocrx_word' id='word_1_440' title='bbox 836 5441 1119 5512; x_wconf 74' lang='lat' dir='ltr'><strong>a&#39;quitatem</strong></span> <span class='ocrx_word' id='word_1_441' title='bbox 1149 5437 1319 5510; x_wconf 88' lang='lat' dir='ltr'><strong>(Psal.</strong></span> <span class='ocrx_word' id='word_1_442' title='bbox 1347 5453 1455 5504; x_wconf 80' lang='lat' dir='ltr'><strong>xvt,</strong></span> <span class='ocrx_word' id='word_1_443' title='bbox 1482 5435 1562 5508; x_wconf 73' lang='grc'><strong>2).</strong></span> 
     </span>
    </p>
   </div>
   <div class='ocr_carea' id='block_1_56' title="bbox 374 5527 1882 5610">
    <p class='ocr_par' dir='ltr' id='par_1_56' title="bbox 374 5527 1882 5610">
     <span class='ocr_line' id='line_1_56' title="bbox 374 5527 1882 5610; baseline -0.008 -16"><span class='ocrx_word' id='word_1_444' title='bbox 374 5539 461 5594; x_wconf 84' lang='grc'><strong>15.</strong></span> <span class='ocrx_word' id='word_1_445' title='bbox 503 5535 652 5610; x_wconf 88' lang='lat' dir='ltr'><strong>[vers.</strong></span> <span class='ocrx_word' id='word_1_446' title='bbox 684 5532 896 5606; x_wconf 72' lang='lat'><strong>18—20.]</strong></span> <span class='ocrx_word' id='word_1_447' title='bbox 928 5532 993 5586; x_wconf 85' lang='lat' dir='ltr'><strong>Et</strong></span> <span class='ocrx_word' id='word_1_448' title='bbox 1024 5539 1329 5585; x_wconf 89' lang='lat' dir='ltr'><strong>tentaverunt</strong></span> <span class='ocrx_word' id='word_1_449' title='bbox 1357 5529 1519 5584; x_wconf 84' lang='lat' dir='ltr'><strong>Deum</strong></span> <span class='ocrx_word' id='word_1_450' title='bbox 1561 5528 1614 5582; x_wconf 89' lang='lat' dir='ltr'><strong>in</strong></span> <span class='ocrx_word' id='word_1_451' title='bbox 1652 5527 1882 5582; x_wconf 86' lang='lat' dir='ltr'><strong>cordibus</strong></span> 
     </span>
    </p>
   </div>
   <div class='ocr_carea' id='block_1_57' title="bbox 301 5619 1883 5697">
    <p class='ocr_par' dir='ltr' id='par_1_57' title="bbox 301 5619 1883 5697">
     <span class='ocr_line' id='line_1_57' title="bbox 301 5619 1883 5697; baseline -0.006 -13"><span class='ocrx_word' id='word_1_452' title='bbox 301 5630 426 5694; x_wconf 88' lang='lat' dir='ltr'><strong>suis,</strong></span> <span class='ocrx_word' id='word_1_453' title='bbox 459 5637 514 5681; x_wconf 89' lang='lat' dir='ltr'><strong>ut</strong></span> <span class='ocrx_word' id='word_1_454' title='bbox 542 5636 759 5697; x_wconf 86' lang='lat' dir='ltr'><strong>peterent</strong></span> <span class='ocrx_word' id='word_1_455' title='bbox 798 5641 937 5680; x_wconf 83' lang='lat' dir='ltr'><strong>escas</strong></span> <span class='ocrx_word' id='word_1_456' title='bbox 972 5623 1233 5677; x_wconf 87' lang='lat' dir='ltr'><strong>animabus</strong></span> <span class='ocrx_word' id='word_1_457' title='bbox 1262 5622 1385 5675; x_wconf 89' lang='lat' dir='ltr'><strong>suis.</strong></span> <span class='ocrx_word' id='word_1_458' title='bbox 1410 5619 1564 5675; x_wconf 80' lang='lat' dir='ltr'><strong>Aliud</strong></span> <span class='ocrx_word' id='word_1_459' title='bbox 1594 5630 1670 5674; x_wconf 88' lang='lat' dir='ltr'><strong>est</strong></span> <span class='ocrx_word' id='word_1_460' title='bbox 1703 5629 1883 5689; x_wconf 87' lang='lat' dir='ltr'><strong>petere</strong></span> 
     </span>
    </p>
   </div>
   <div class='ocr_carea' id='block_1_58' title="bbox 301 5709 1885 5784">
    <p class='ocr_par' dir='ltr' id='par_1_58' title="bbox 301 5709 1885 5784">
     <span class='ocr_line' id='line_1_58' title="bbox 301 5709 1885 5784; baseline -0.009 -6"><span class='ocrx_word' id='word_1_461' title='bbox 301 5719 605 5784; x_wconf 88' lang='lat' dir='ltr'><strong>credendo,</strong></span> <span class='ocrx_word' id='word_1_462' title='bbox 657 5718 799 5773; x_wconf 86' lang='lat' dir='ltr'><strong>aliud</strong></span> <span class='ocrx_word' id='word_1_463' title='bbox 854 5715 1125 5770; x_wconf 80' lang='lat' dir='ltr'><strong>tentando.</strong></span> <span class='ocrx_word' id='word_1_464' title='bbox 1174 5713 1411 5782; x_wconf 90' lang='lat' dir='ltr'><strong>Denique</strong></span> <span class='ocrx_word' id='word_1_465' title='bbox 1458 5711 1729 5781; x_wconf 86' lang='lat' dir='ltr'><strong>sequitur:</strong></span> <span class='ocrx_word' id='word_1_466' title='bbox 1763 5729 1782 5761; x_wconf 72' lang='grc' dir='ltr'><strong><em>ι</em></strong></span> <span class='ocrx_word' id='word_1_467' title='bbox 1820 5709 1885 5764; x_wconf 84' lang='lat' dir='ltr'><strong>Et</strong></span> 
     </span>
    </p>
   </div>
   <div class='ocr_carea' id='block_1_59' title="bbox 303 5801 1884 5876">
    <p class='ocr_par' dir='ltr' id='par_1_59' title="bbox 303 5801 1884 5876">
     <span class='ocr_line' id='line_1_59' title="bbox 303 5801 1884 5876; baseline -0.013 -2"><span class='ocrx_word' id='word_1_468' title='bbox 303 5817 652 5876; x_wconf 82' lang='lat' dir='ltr'><strong>detraxerunt</strong></span> <span class='ocrx_word' id='word_1_469' title='bbox 692 5811 760 5867; x_wconf 89' lang='lat' dir='ltr'><strong>de</strong></span> <span class='ocrx_word' id='word_1_470' title='bbox 801 5811 926 5873; x_wconf 85' lang='lat' dir='ltr'><strong>Deo,</strong></span> <span class='ocrx_word' id='word_1_471' title='bbox 972 5817 1026 5863; x_wconf 90' lang='lat' dir='ltr'><strong>et</strong></span> <span class='ocrx_word' id='word_1_472' title='bbox 1071 5806 1315 5862; x_wconf 88' lang='lat' dir='ltr'><strong>dixerunt</strong></span> <span class='ocrx_word' id='word_1_473' title='bbox 1345 5822 1359 5860; x_wconf 92' lang='lat'><strong>:</strong></span> <span class='ocrx_word' id='word_1_474' title='bbox 1388 5802 1648 5872; x_wconf 80' lang='lat' dir='ltr'><strong>Numquid</strong></span> <span class='ocrx_word' id='word_1_475' title='bbox 1692 5801 1884 5872; x_wconf 89' lang='lat' dir='ltr'><strong>poterit</strong></span> 
     </span>
    </p>
   </div>
   <div class='ocr_carea' id='block_1_60' title="bbox 379 5917 1124 5990">
    <p class='ocr_par' dir='ltr' id='par_1_60' title="bbox 379 5917 1124 5990">
     <span class='ocr_line' id='line_1_60' title="bbox 379 5917 1124 5990; baseline -0.017 -6"><span class='ocrx_word' id='word_1_476' title='bbox 379 5933 398 5968; x_wconf 79' lang='grc'>⁸</span> <span class='ocrx_word' id='word_1_477' title='bbox 414 5931 489 5985; x_wconf 66' lang='lat' dir='ltr'><strong>sic</strong></span> <span class='ocrx_word' id='word_1_478' title='bbox 508 5935 614 5981; x_wconf 79' lang='lat' dir='ltr'><strong>Mss.</strong></span> <span class='ocrx_word' id='word_1_479' title='bbox 643 5935 698 5977; x_wconf 66' lang='grc' dir='ltr'><strong>Α.</strong></span> <span class='ocrx_word' id='word_1_480' title='bbox 721 5923 856 5990; x_wconf 51' lang='lat' dir='ltr'><strong>add,</strong></span> <span class='ocrx_word' id='word_1_481' title='bbox 878 5917 1124 5989; x_wconf 80' lang='lat' dir='ltr'><strong>perducet.</strong></span> 
     </span>
    </p>
   </div>
   <div class='ocr_carea' id='block_1_61' title="bbox 1220 409 2386 478">
    <p class='ocr_par' dir='ltr' id='par_1_61' title="bbox 1220 409 2386 478">
     <span class='ocr_line' id='line_1_61' title="bbox 1220 409 2386 478; baseline -0.011 1"><span class='ocrx_word' id='word_1_482' title='bbox 1220 414 1618 478; x_wconf 73' lang='lat' dir='ltr'><strong>ENARRATIO</strong></span> <span class='ocrx_word' id='word_1_483' title='bbox 1656 411 1723 472; x_wconf 83' lang='lat' dir='ltr'><strong>IN</strong></span> <span class='ocrx_word' id='word_1_484' title='bbox 1761 409 2086 471; x_wconf 74' lang='lat' dir='ltr'><strong>PSALMUM</strong></span> <span class='ocrx_word' id='word_1_485' title='bbox 2124 409 2386 469; x_wconf 77' lang='lat' dir='ltr'><strong>LXXVII.</strong></span> 
     </span>
    </p>
   </div>
   <div class='ocr_carea' id='block_1_62' title="bbox 3393 413 3498 474">
    <p class='ocr_par' dir='ltr' id='par_1_62' title="bbox 3393 413 3498 474">
     <span class='ocr_line' id='line_1_62' title="bbox 3393 413 3498 474; baseline 0.019 -3"><span class='ocrx_word' id='word_1_486' title='bbox 3393 413 3498 474; x_wconf 68' lang='lat' dir='ltr'><strong>99l-</strong></span> 
     </span>
    </p>
   </div>
   <div class='ocr_carea' id='block_1_63' title="bbox 1921 530 3500 606">
    <p class='ocr_par' dir='ltr' id='par_1_63' title="bbox 1921 530 3500 606">
     <span class='ocr_line' id='line_1_63' title="bbox 1921 530 3500 606; baseline 0.004 -21"><span class='ocrx_word' id='word_1_487' title='bbox 1921 531 2058 587; x_wconf 90' lang='lat' dir='ltr'><strong>Dens</strong></span> <span class='ocrx_word' id='word_1_488' title='bbox 2098 548 2288 604; x_wconf 90' lang='lat' dir='ltr'><strong>parare</strong></span> <span class='ocrx_word' id='word_1_489' title='bbox 2325 545 2562 588; x_wconf 90' lang='lat' dir='ltr'><strong>mensam</strong></span> <span class='ocrx_word' id='word_1_490' title='bbox 2597 530 2646 588; x_wconf 91' lang='lat' dir='ltr'><strong>in</strong></span> <span class='ocrx_word' id='word_1_491' title='bbox 2677 533 2928 590; x_wconf 80' lang='lat' dir='ltr'><strong>deserto?</strong></span> <span class='ocrx_word' id='word_1_492' title='bbox 2953 533 3212 605; x_wconf 77' lang='lat' dir='ltr'><strong>Quoniam</strong></span> <span class='ocrx_word' id='word_1_493' title='bbox 3243 537 3500 606; x_wconf 83' lang='lat' dir='ltr'><strong>percussit</strong></span> 
     </span>
    </p>
   </div>
   <div class='ocr_carea' id='block_1_64' title="bbox 1914 615 3501 698">
    <p class='ocr_par' dir='ltr' id='par_1_64' title="bbox 1914 615 3501 698">
     <span class='ocr_line' id='line_1_64' title="bbox 1914 615 3501 698; baseline 0.003 -18"><span class='ocrx_word' id='word_1_494' title='bbox 1914 633 2141 698; x_wconf 87' lang='lat' dir='ltr'><strong>petram,</strong></span> <span class='ocrx_word' id='word_1_495' title='bbox 2165 635 2218 681; x_wconf 88' lang='lat' dir='ltr'><strong>et</strong></span> <span class='ocrx_word' id='word_1_496' title='bbox 2239 624 2504 682; x_wconf 87' lang='lat' dir='ltr'><strong>ﬂuxerunt</strong></span> <span class='ocrx_word' id='word_1_497' title='bbox 2529 642 2700 697; x_wconf 61' lang='lat' dir='ltr'><strong>aquae,</strong></span> <span class='ocrx_word' id='word_1_498' title='bbox 2725 637 2776 681; x_wconf 91' lang='lat' dir='ltr'><strong>et</strong></span> <span class='ocrx_word' id='word_1_499' title='bbox 2801 638 3062 683; x_wconf 87' lang='lat' dir='ltr'><strong>torrentes</strong></span> <span class='ocrx_word' id='word_1_500' title='bbox 3094 615 3501 695; x_wconf 85' lang='lat' dir='ltr'><strong>inundaverunt,</strong></span> 
     </span>
    </p>
   </div>
   <div class='ocr_carea' id='block_1_65' title="bbox 1917 721 3501 793">
    <p class='ocr_par' dir='ltr' id='par_1_65' title="bbox 1917 721 3501 793">
     <span class='ocr_line' id='line_1_65' title="bbox 1917 721 3501 793; baseline 0.002 -19"><span class='ocrx_word' id='word_1_501' title='bbox 1917 721 2171 792; x_wconf 90' lang='lat' dir='ltr'><strong>numquid</strong></span> <span class='ocrx_word' id='word_1_502' title='bbox 2202 732 2256 776; x_wconf 91' lang='lat' dir='ltr'><strong>et</strong></span> <span class='ocrx_word' id='word_1_503' title='bbox 2285 737 2474 792; x_wconf 91' lang='lat' dir='ltr'><strong>panem</strong></span> <span class='ocrx_word' id='word_1_504' title='bbox 2507 722 2701 792; x_wconf 90' lang='lat' dir='ltr'><strong>poterit</strong></span> <span class='ocrx_word' id='word_1_505' title='bbox 2729 721 2878 788; x_wconf 90' lang='lat' dir='ltr'><strong>dare,</strong></span> <span class='ocrx_word' id='word_1_506' title='bbox 2905 732 2997 778; x_wconf 91' lang='lat' dir='ltr'><strong>aut</strong></span> <span class='ocrx_word' id='word_1_507' title='bbox 3034 739 3222 793; x_wconf 89' lang='lat' dir='ltr'><strong>parare</strong></span> <span class='ocrx_word' id='word_1_508' title='bbox 3263 738 3501 779; x_wconf 87' lang='lat' dir='ltr'><strong>mensam</strong></span> 
     </span>
    </p>
   </div>
   <div class='ocr_carea' id='block_1_66' title="bbox 1917 813 3504 886">
    <p class='ocr_par' dir='ltr' id='par_1_66' title="bbox 1917 813 3504 886">
     <span class='ocr_line' id='line_1_66' title="bbox 1917 813 3504 886; baseline 0.004 -21"><span class='ocrx_word' id='word_1_509' title='bbox 1917 813 2114 883; x_wconf 88' lang='lat' dir='ltr'><strong>populo</strong></span> <span class='ocrx_word' id='word_1_510' title='bbox 2157 814 2291 869; x_wconf 86' lang='lat' dir='ltr'><strong>suo?</strong></span> <span class='ocrx_word' id='word_1_511' title='bbox 2330 833 2350 868; x_wconf 72' lang='grc' dir='ltr'><strong><em>ι</em></strong></span> <span class='ocrx_word' id='word_1_512' title='bbox 2382 813 2498 868; x_wconf 84' lang='grc' dir='ltr'><strong>Νοη</strong></span> <span class='ocrx_word' id='word_1_513' title='bbox 2544 814 2824 871; x_wconf 89' lang='lat' dir='ltr'><strong>credentes</strong></span> <span class='ocrx_word' id='word_1_514' title='bbox 2871 830 3000 886; x_wconf 87' lang='lat' dir='ltr'><strong>ergo</strong></span> <span class='ocrx_word' id='word_1_515' title='bbox 3043 817 3308 885; x_wconf 89' lang='lat' dir='ltr'><strong>petierunt</strong></span> <span class='ocrx_word' id='word_1_516' title='bbox 3354 830 3504 886; x_wconf 85' lang='lat' dir='ltr'><strong>escas</strong></span> 
     </span>
    </p>
   </div>
   <div class='ocr_carea' id='block_1_67' title="bbox 1919 904 3506 977">
    <p class='ocr_par' dir='ltr' id='par_1_67' title="bbox 1919 904 3506 977">
     <span class='ocr_line' id='line_1_67' title="bbox 1919 904 3506 977; baseline 0.003 -20"><span class='ocrx_word' id='word_1_517' title='bbox 1919 904 2196 958; x_wconf 89' lang='lat' dir='ltr'><strong>animabus</strong></span> <span class='ocrx_word' id='word_1_518' title='bbox 2220 906 2350 960; x_wconf 89' lang='lat' dir='ltr'><strong>suis.</strong></span> <span class='ocrx_word' id='word_1_519' title='bbox 2376 905 2490 960; x_wconf 88' lang='lat' dir='ltr'><strong>Non</strong></span> <span class='ocrx_word' id='word_1_520' title='bbox 2513 905 2590 961; x_wconf 90' lang='lat' dir='ltr'><strong>sic</strong></span> <span class='ocrx_word' id='word_1_521' title='bbox 2611 907 2883 977; x_wconf 90' lang='lat' dir='ltr'><strong>apostolus</strong></span> <span class='ocrx_word' id='word_1_522' title='bbox 2903 906 3131 962; x_wconf 85' lang='lat' dir='ltr'><strong>Jacobus</strong></span> <span class='ocrx_word' id='word_1_523' title='bbox 3160 922 3336 962; x_wconf 86' lang='lat' dir='ltr'><strong>escam</strong></span> <span class='ocrx_word' id='word_1_524' title='bbox 3358 924 3506 963; x_wconf 88' lang='lat' dir='ltr'><strong>men-</strong></span> 
     </span>
    </p>
   </div>
   <div class='ocr_carea' id='block_1_68' title="bbox 1923 997 3505 1070">
    <p class='ocr_par' dir='ltr' id='par_1_68' title="bbox 1923 997 3505 1070">
     <span class='ocr_line' id='line_1_68' title="bbox 1923 997 3505 1070; baseline 0.003 -20"><span class='ocrx_word' id='word_1_525' title='bbox 1923 997 1990 1051; x_wconf 86' lang='lat' dir='ltr'><strong>tis</strong></span> <span class='ocrx_word' id='word_1_526' title='bbox 2034 997 2270 1068; x_wconf 68' lang='lat' dir='ltr'><strong>prmeipit</strong></span> <span class='ocrx_word' id='word_1_527' title='bbox 2318 999 2618 1069; x_wconf 88' lang='lat' dir='ltr'><strong>postulari;</strong></span> <span class='ocrx_word' id='word_1_528' title='bbox 2665 999 2759 1056; x_wconf 90' lang='lat' dir='ltr'><strong>sed</strong></span> <span class='ocrx_word' id='word_1_529' title='bbox 2802 1016 2832 1054; x_wconf 90' lang='lat' dir='ltr'><strong>a</strong></span> <span class='ocrx_word' id='word_1_530' title='bbox 2877 999 3217 1055; x_wconf 88' lang='lat' dir='ltr'><strong>credentibus</strong></span> <span class='ocrx_word' id='word_1_531' title='bbox 3255 1016 3369 1054; x_wconf 84' lang='lat' dir='ltr'><strong>eam</strong></span> <span class='ocrx_word' id='word_1_532' title='bbox 3401 1001 3505 1070; x_wconf 86' lang='lat' dir='ltr'><strong>peti</strong></span> 
     </span>
    </p>
   </div>
   <div class='ocr_carea' id='block_1_69' title="bbox 1921 1089 3505 1162">
    <p class='ocr_par' dir='ltr' id='par_1_69' title="bbox 1921 1089 3505 1162">
     <span class='ocr_line' id='line_1_69' title="bbox 1921 1089 3505 1162; baseline 0.001 -18"><span class='ocrx_word' id='word_1_533' title='bbox 1921 1089 2196 1158; x_wconf 89' lang='lat' dir='ltr'><strong>admonet,</strong></span> <span class='ocrx_word' id='word_1_534' title='bbox 2226 1106 2328 1145; x_wconf 88' lang='lat' dir='ltr'><strong>non</strong></span> <span class='ocrx_word' id='word_1_535' title='bbox 2355 1106 2385 1146; x_wconf 90' lang='lat' dir='ltr'><strong>a</strong></span> <span class='ocrx_word' id='word_1_536' title='bbox 2414 1093 2735 1147; x_wconf 89' lang='lat' dir='ltr'><strong>tentantibus</strong></span> <span class='ocrx_word' id='word_1_537' title='bbox 2758 1101 2916 1162; x_wconf 89' lang='lat' dir='ltr'><strong>atque</strong></span> <span class='ocrx_word' id='word_1_538' title='bbox 2940 1091 3340 1148; x_wconf 89' lang='lat' dir='ltr'><strong>detrahentibus</strong></span> <span class='ocrx_word' id='word_1_539' title='bbox 3366 1093 3505 1148; x_wconf 89' lang='lat' dir='ltr'><strong>Deo:</strong></span> 
     </span>
    </p>
   </div>
   <div class='ocr_carea' id='block_1_70' title="bbox 1925 1181 3512 1256">
    <p class='ocr_par' dir='ltr' id='par_1_70' title="bbox 1925 1181 3512 1256">
     <span class='ocr_line' id='line_1_70' title="bbox 1925 1181 3512 1256; baseline 0.001 -19"><span class='ocrx_word' id='word_1_540' title='bbox 1925 1181 1986 1237; x_wconf 89' lang='lat' dir='ltr'><strong>Si</strong></span> <span class='ocrx_word' id='word_1_541' title='bbox 2011 1183 2119 1250; x_wconf 88' lang='lat' dir='ltr'><strong>quis</strong></span> <span class='ocrx_word' id='word_1_542' title='bbox 2149 1194 2317 1236; x_wconf 88' lang='lat' dir='ltr'><strong>autem</strong></span> <span class='ocrx_word' id='word_1_543' title='bbox 2341 1194 2580 1249; x_wconf 88' lang='lat' dir='ltr'><strong>vestrum,</strong></span> <span class='ocrx_word' id='word_1_544' title='bbox 2608 1185 2797 1255; x_wconf 90' lang='lat' dir='ltr'><strong>inquit,</strong></span> <span class='ocrx_word' id='word_1_545' title='bbox 2821 1186 3009 1256; x_wconf 87' lang='lat' dir='ltr'><strong>indiget</strong></span> <span class='ocrx_word' id='word_1_546' title='bbox 3037 1185 3306 1254; x_wconf 86' lang='lat' dir='ltr'><strong>sapientia,</strong></span> <span class='ocrx_word' id='word_1_547' title='bbox 3341 1195 3512 1253; x_wconf 76' lang='lat' dir='ltr'><strong>postu-</strong></span> 
     </span>
    </p>
   </div>
   <div class='ocr_carea' id='block_1_71' title="bbox 1925 1275 3502 1350">
    <p class='ocr_par' dir='ltr' id='par_1_71' title="bbox 1925 1275 3502 1350">
     <span class='ocr_line' id='line_1_71' title="bbox 1925 1275 3502 1350; baseline 0.001 -20"><span class='ocrx_word' id='word_1_548' title='bbox 1925 1275 2044 1330; x_wconf 87' lang='lat' dir='ltr'><strong>leta</strong></span> <span class='ocrx_word' id='word_1_549' title='bbox 2073 1275 2201 1342; x_wconf 87' lang='lat' dir='ltr'><strong>Deo,</strong></span> <span class='ocrx_word' id='word_1_550' title='bbox 2233 1277 2319 1347; x_wconf 85' lang='lat' dir='ltr'><strong>qui</strong></span> <span class='ocrx_word' id='word_1_551' title='bbox 2345 1278 2431 1331; x_wconf 91' lang='lat' dir='ltr'><strong>dat</strong></span> <span class='ocrx_word' id='word_1_552' title='bbox 2460 1278 2690 1333; x_wconf 89' lang='lat' dir='ltr'><strong>omnibus</strong></span> <span class='ocrx_word' id='word_1_553' title='bbox 2717 1280 2992 1350; x_wconf 72' lang='lat' dir='ltr'><strong>aﬂluenter,</strong></span> <span class='ocrx_word' id='word_1_554' title='bbox 3029 1289 3073 1334; x_wconf 90' lang='lat' dir='ltr'><strong>et</strong></span> <span class='ocrx_word' id='word_1_555' title='bbox 3113 1296 3213 1333; x_wconf 87' lang='lat' dir='ltr'><strong>non</strong></span> <span class='ocrx_word' id='word_1_556' title='bbox 3255 1281 3502 1348; x_wconf 81' lang='lat' dir='ltr'><strong>imprope-</strong></span> 
     </span>
    </p>
   </div>
   <div class='ocr_carea' id='block_1_72' title="bbox 1924 1367 3516 1440">
    <p class='ocr_par' dir='ltr' id='par_1_72' title="bbox 1924 1367 3516 1440">
     <span class='ocr_line' id='line_1_72' title="bbox 1924 1367 3516 1440; baseline 0.003 -19"><span class='ocrx_word' id='word_1_557' title='bbox 1924 1377 2004 1421; x_wconf 87' lang='lat' dir='ltr'><strong>rat</strong></span> <span class='ocrx_word' id='word_1_558' title='bbox 2027 1383 2045 1432; x_wconf 88' lang='lat'><em>;</em></span> <span class='ocrx_word' id='word_1_559' title='bbox 2071 1378 2117 1422; x_wconf 90' lang='lat' dir='ltr'><strong>et</strong></span> <span class='ocrx_word' id='word_1_560' title='bbox 2143 1367 2346 1422; x_wconf 85' lang='lat' dir='ltr'><strong>dabitur</strong></span> <span class='ocrx_word' id='word_1_561' title='bbox 2371 1370 2416 1424; x_wconf 90' lang='lat' dir='ltr'><strong>ei</strong></span> <span class='ocrx_word' id='word_1_562' title='bbox 2437 1387 2455 1424; x_wconf 91' lang='lat'><strong>:</strong></span> <span class='ocrx_word' id='word_1_563' title='bbox 2479 1372 2693 1440; x_wconf 83' lang='lat' dir='ltr'><strong>postulet</strong></span> <span class='ocrx_word' id='word_1_564' title='bbox 2718 1382 2883 1427; x_wconf 88' lang='lat' dir='ltr'><strong>autem</strong></span> <span class='ocrx_word' id='word_1_565' title='bbox 2912 1373 2963 1426; x_wconf 91' lang='lat' dir='ltr'><strong>in</strong></span> <span class='ocrx_word' id='word_1_566' title='bbox 2994 1373 3096 1440; x_wconf 85' lang='lat' dir='ltr'><strong>[ide</strong></span> <span class='ocrx_word' id='word_1_567' title='bbox 3121 1373 3249 1426; x_wconf 82' lang='lat' dir='ltr'><strong>nihil</strong></span> <span class='ocrx_word' id='word_1_568' title='bbox 3277 1373 3516 1426; x_wconf 76' lang='lat' dir='ltr'><strong>luesitans</strong></span> 
     </span>
    </p>
   </div>
   <div class='ocr_carea' id='block_1_73' title="bbox 1931 1459 3515 1536">
    <p class='ocr_par' dir='ltr' id='par_1_73' title="bbox 1931 1459 3515 1536">
     <span class='ocr_line' id='line_1_73' title="bbox 1931 1459 3515 1536; baseline 0.006 -24"><span class='ocrx_word' id='word_1_569' title='bbox 1931 1459 2152 1531; x_wconf 81' lang='lat' dir='ltr'><strong>(Jacobi</strong></span> <span class='ocrx_word' id='word_1_570' title='bbox 2182 1478 2218 1525; x_wconf 90' lang='lat' dir='ltr'><strong>t,</strong></span> <span class='ocrx_word' id='word_1_571' title='bbox 2242 1463 2293 1526; x_wconf 82' lang='lat'><strong>5,</strong></span> <span class='ocrx_word' id='word_1_572' title='bbox 2329 1462 2361 1517; x_wconf 81' lang='grc' dir='ltr'><strong>ϐ</strong></span> <span class='ocrx_word' id='word_1_573' title='bbox 2382 1463 2424 1535; x_wconf 91' lang='grc'><strong>).</strong></span> <span class='ocrx_word' id='word_1_574' title='bbox 2457 1463 2603 1520; x_wconf 86' lang='lat' dir='ltr'><strong>Hane</strong></span> <span class='ocrx_word' id='word_1_575' title='bbox 2631 1464 2788 1520; x_wconf 86' lang='lat' dir='ltr'><strong>ﬁdem</strong></span> <span class='ocrx_word' id='word_1_576' title='bbox 2830 1482 2933 1520; x_wconf 89' lang='lat' dir='ltr'><strong>non</strong></span> <span class='ocrx_word' id='word_1_577' title='bbox 2966 1465 3190 1521; x_wconf 88' lang='lat' dir='ltr'><strong>habebat</strong></span> <span class='ocrx_word' id='word_1_578' title='bbox 3222 1465 3515 1536; x_wconf 81' lang='lat' dir='ltr'><strong>generatio,</strong></span> 
     </span>
    </p>
   </div>
   <div class='ocr_carea' id='block_1_74' title="bbox 1927 1557 3521 1626">
    <p class='ocr_par' dir='ltr' id='par_1_74' title="bbox 1927 1557 3521 1626">
     <span class='ocr_line' id='line_1_74' title="bbox 1927 1557 3521 1626; baseline 0.005 -18"><span class='ocrx_word' id='word_1_579' title='bbox 1927 1569 2046 1625; x_wconf 72' lang='lat' dir='ltr'><strong>qua:</strong></span> <span class='ocrx_word' id='word_1_580' title='bbox 2090 1571 2184 1610; x_wconf 91' lang='lat' dir='ltr'><strong>cor</strong></span> <span class='ocrx_word' id='word_1_581' title='bbox 2232 1573 2336 1611; x_wconf 92' lang='lat' dir='ltr'><strong>non</strong></span> <span class='ocrx_word' id='word_1_582' title='bbox 2386 1557 2653 1614; x_wconf 85' lang='lat' dir='ltr'><strong>direxerat</strong></span> <span class='ocrx_word' id='word_1_583' title='bbox 2694 1576 2871 1626; x_wconf 90' lang='lat' dir='ltr'><strong>suum,</strong></span> <span class='ocrx_word' id='word_1_584' title='bbox 2901 1570 2956 1616; x_wconf 88' lang='lat' dir='ltr'><strong>et</strong></span> <span class='ocrx_word' id='word_1_585' title='bbox 2991 1576 3096 1616; x_wconf 92' lang='lat' dir='ltr'><strong>non</strong></span> <span class='ocrx_word' id='word_1_586' title='bbox 3131 1572 3244 1616; x_wconf 87' lang='lat' dir='ltr'><strong>erat</strong></span> <span class='ocrx_word' id='word_1_587' title='bbox 3286 1561 3521 1617; x_wconf 87' lang='lat' dir='ltr'><strong>creditus</strong></span> 
     </span>
    </p>
   </div>
   <div class='ocr_carea' id='block_1_75' title="bbox 1928 1645 2603 1720">
    <p class='ocr_par' dir='ltr' id='par_1_75' title="bbox 1928 1645 2603 1720">
     <span class='ocr_line' id='line_1_75' title="bbox 1928 1645 2603 1720; baseline 0.004 -19"><span class='ocrx_word' id='word_1_588' title='bbox 1928 1659 2048 1701; x_wconf 87' lang='lat' dir='ltr'><strong>cum</strong></span> <span class='ocrx_word' id='word_1_589' title='bbox 2083 1645 2194 1702; x_wconf 88' lang='lat' dir='ltr'><strong>Deo</strong></span> <span class='ocrx_word' id='word_1_590' title='bbox 2223 1647 2440 1718; x_wconf 86' lang='lat' dir='ltr'><strong>spiritus</strong></span> <span class='ocrx_word' id='word_1_591' title='bbox 2466 1649 2603 1720; x_wconf 89' lang='lat' dir='ltr'><strong>eius.</strong></span> 
     </span>
    </p>
   </div>
   <div class='ocr_carea' id='block_1_76' title="bbox 2003 1737 3522 1814">
    <p class='ocr_par' dir='ltr' id='par_1_76' title="bbox 2003 1737 3522 1814">
     <span class='ocr_line' id='line_1_76' title="bbox 2003 1737 3522 1814; baseline 0.005 -21"><span class='ocrx_word' id='word_1_592' title='bbox 2003 1739 2089 1794; x_wconf 88' lang='grc'><strong>16.</strong></span> <span class='ocrx_word' id='word_1_593' title='bbox 2121 1737 2270 1812; x_wconf 87' lang='lat' dir='ltr'><strong>[vers.</strong></span> <span class='ocrx_word' id='word_1_594' title='bbox 2300 1738 2419 1814; x_wconf 71' lang='lat'><strong>21.]</strong></span> <span class='ocrx_word' id='word_1_595' title='bbox 2452 1739 2669 1813; x_wconf 85' lang='lat' dir='ltr'><strong>Propter</strong></span> <span class='ocrx_word' id='word_1_596' title='bbox 2698 1744 2792 1797; x_wconf 81' lang='lat' dir='ltr'><strong>hoc</strong></span> <span class='ocrx_word' id='word_1_597' title='bbox 2820 1744 3008 1798; x_wconf 87' lang='lat' dir='ltr'><strong>audivit</strong></span> <span class='ocrx_word' id='word_1_598' title='bbox 3035 1743 3306 1810; x_wconf 87' lang='lat' dir='ltr'><strong>Dominus,</strong></span> <span class='ocrx_word' id='word_1_599' title='bbox 3338 1755 3384 1800; x_wconf 89' lang='lat' dir='ltr'><strong>et</strong></span> <span class='ocrx_word' id='word_1_600' title='bbox 3413 1746 3522 1801; x_wconf 88' lang='lat' dir='ltr'><strong>dis-</strong></span> 
     </span>
    </p>
   </div>
   <div class='ocr_carea' id='block_1_77' title="bbox 1933 1831 3526 1904">
    <p class='ocr_par' dir='ltr' id='par_1_77' title="bbox 1933 1831 3526 1904">
     <span class='ocr_line' id='line_1_77' title="bbox 1933 1831 3526 1904; baseline 0.008 -20"><span class='ocrx_word' id='word_1_601' title='bbox 1933 1831 2068 1898; x_wconf 90' lang='lat' dir='ltr'><strong>tulit,</strong></span> <span class='ocrx_word' id='word_1_602' title='bbox 2105 1841 2153 1886; x_wconf 84' lang='lat' dir='ltr'><strong>et</strong></span> <span class='ocrx_word' id='word_1_603' title='bbox 2192 1832 2324 1904; x_wconf 89' lang='lat' dir='ltr'><strong>ignis</strong></span> <span class='ocrx_word' id='word_1_604' title='bbox 2362 1851 2601 1890; x_wconf 88' lang='lat' dir='ltr'><strong>accensus</strong></span> <span class='ocrx_word' id='word_1_605' title='bbox 2629 1838 2780 1890; x_wconf 88' lang='lat' dir='ltr'><strong>estin</strong></span> <span class='ocrx_word' id='word_1_606' title='bbox 2816 1837 2999 1904; x_wconf 85' lang='lat' dir='ltr'><strong>Jacob,</strong></span> <span class='ocrx_word' id='word_1_607' title='bbox 3027 1847 3076 1892; x_wconf 88' lang='lat' dir='ltr'><strong>et</strong></span> <span class='ocrx_word' id='word_1_608' title='bbox 3115 1839 3194 1892; x_wconf 87' lang='lat' dir='ltr'><strong>ira</strong></span> <span class='ocrx_word' id='word_1_609' title='bbox 3220 1838 3443 1894; x_wconf 82' lang='lat' dir='ltr'><strong>ascendit</strong></span> <span class='ocrx_word' id='word_1_610' title='bbox 3472 1839 3526 1896; x_wconf 77' lang='lat' dir='ltr'><strong>in</strong></span> 
     </span>
    </p>
   </div>
   <div class='ocr_carea' id='block_1_78' title="bbox 1936 1923 3531 2002">
    <p class='ocr_par' dir='ltr' id='par_1_78' title="bbox 1936 1923 3531 2002">
     <span class='ocr_line' id='line_1_78' title="bbox 1936 1923 3531 2002; baseline 0.003 -23"><span class='ocrx_word' id='word_1_611' title='bbox 1936 1923 2121 1980; x_wconf 88' lang='lat' dir='ltr'><strong>Israel.</strong></span> <span class='ocrx_word' id='word_1_612' title='bbox 2153 1925 2415 1998; x_wconf 82' lang='lat' dir='ltr'><strong>Exposuit</strong></span> <span class='ocrx_word' id='word_1_613' title='bbox 2442 1928 2565 2000; x_wconf 88' lang='lat' dir='ltr'><strong>quid</strong></span> <span class='ocrx_word' id='word_1_614' title='bbox 2598 1930 2773 2000; x_wconf 87' lang='lat' dir='ltr'><strong>ignem</strong></span> <span class='ocrx_word' id='word_1_615' title='bbox 2801 1930 3015 1986; x_wconf 80' lang='lat' dir='ltr'><strong>dixerit.</strong></span> <span class='ocrx_word' id='word_1_616' title='bbox 3045 1931 3181 1987; x_wconf 91' lang='lat' dir='ltr'><strong>Iram</strong></span> <span class='ocrx_word' id='word_1_617' title='bbox 3213 1931 3407 2002; x_wconf 90' lang='lat' dir='ltr'><strong>quippe</strong></span> <span class='ocrx_word' id='word_1_618' title='bbox 3433 1948 3531 2000; x_wconf 80' lang='lat' dir='ltr'><strong>ap-</strong></span> 
     </span>
    </p>
   </div>
   <div class='ocr_carea' id='block_1_79' title="bbox 1936 2017 3530 2092">
    <p class='ocr_par' dir='ltr' id='par_1_79' title="bbox 1936 2017 3530 2092">
     <span class='ocr_line' id='line_1_79' title="bbox 1936 2017 3530 2092; baseline 0.004 -21"><span class='ocrx_word' id='word_1_619' title='bbox 1936 2017 2153 2087; x_wconf 89' lang='lat' dir='ltr'><strong>pellavit</strong></span> <span class='ocrx_word' id='word_1_620' title='bbox 2183 2018 2355 2089; x_wconf 90' lang='lat' dir='ltr'><strong>ignem</strong></span> <span class='ocrx_word' id='word_1_621' title='bbox 2382 2037 2396 2074; x_wconf 90' lang='lat'><strong>:</strong></span> <span class='ocrx_word' id='word_1_622' title='bbox 2419 2035 2719 2090; x_wconf 81' lang='lat' dir='ltr'><strong>quanquam</strong></span> <span class='ocrx_word' id='word_1_623' title='bbox 2742 2021 2937 2076; x_wconf 89' lang='lat' dir='ltr'><strong>multos</strong></span> <span class='ocrx_word' id='word_1_624' title='bbox 2967 2023 3178 2092; x_wconf 89' lang='lat' dir='ltr'><strong>proprie</strong></span> <span class='ocrx_word' id='word_1_625' title='bbox 3207 2023 3366 2078; x_wconf 89' lang='lat' dir='ltr'><strong>etiam</strong></span> <span class='ocrx_word' id='word_1_626' title='bbox 3396 2023 3530 2092; x_wconf 86' lang='lat' dir='ltr'><strong>ignis</strong></span> 
     </span>
    </p>
   </div>
   <div class='ocr_carea' id='block_1_80' title="bbox 1937 2110 3529 2183">
    <p class='ocr_par' dir='ltr' id='par_1_80' title="bbox 1937 2110 3529 2183">
     <span class='ocr_line' id='line_1_80' title="bbox 1937 2110 3529 2183; baseline 0.002 -20"><span class='ocrx_word' id='word_1_627' title='bbox 1937 2110 2261 2166; x_wconf 83' lang='lat' dir='ltr'><strong>accenderit.</strong></span> <span class='ocrx_word' id='word_1_628' title='bbox 2289 2110 2425 2178; x_wconf 87' lang='lat' dir='ltr'><strong>Quid</strong></span> <span class='ocrx_word' id='word_1_629' title='bbox 2457 2127 2584 2182; x_wconf 87' lang='lat' dir='ltr'><strong>ergo</strong></span> <span class='ocrx_word' id='word_1_630' title='bbox 2622 2123 2703 2168; x_wconf 90' lang='lat' dir='ltr'><strong>est</strong></span> <span class='ocrx_word' id='word_1_631' title='bbox 2730 2113 2873 2183; x_wconf 91' lang='lat' dir='ltr'><strong>quod</strong></span> <span class='ocrx_word' id='word_1_632' title='bbox 2902 2113 2996 2180; x_wconf 88' lang='lat' dir='ltr'><strong>ait,</strong></span> <span class='ocrx_word' id='word_1_633' title='bbox 3023 2113 3229 2168; x_wconf 81' lang='lat' dir='ltr'><strong>Audivit</strong></span> <span class='ocrx_word' id='word_1_634' title='bbox 3261 2112 3529 2181; x_wconf 88' lang='lat' dir='ltr'><strong>Dominus,</strong></span> 
     </span>
    </p>
   </div>
   <div class='ocr_carea' id='block_1_81' title="bbox 1941 2201 3535 2275">
    <p class='ocr_par' dir='ltr' id='par_1_81' title="bbox 1941 2201 3535 2275">
     <span class='ocr_line' id='line_1_81' title="bbox 1941 2201 3535 2275; baseline 0.001 -19"><span class='ocrx_word' id='word_1_635' title='bbox 1941 2211 1990 2256; x_wconf 88' lang='lat' dir='ltr'><strong>et</strong></span> <span class='ocrx_word' id='word_1_636' title='bbox 2015 2201 2249 2256; x_wconf 83' lang='lat' dir='ltr'><strong>distulit?</strong></span> <span class='ocrx_word' id='word_1_637' title='bbox 2274 2203 2354 2257; x_wconf 84' lang='lat' dir='ltr'><strong>An</strong></span> <span class='ocrx_word' id='word_1_638' title='bbox 2385 2203 2588 2258; x_wconf 90' lang='lat' dir='ltr'><strong>distulit</strong></span> <span class='ocrx_word' id='word_1_639' title='bbox 2613 2219 2706 2258; x_wconf 87' lang='lat' dir='ltr'><strong>eos</strong></span> <span class='ocrx_word' id='word_1_640' title='bbox 2736 2205 3076 2261; x_wconf 86' lang='lat' dir='ltr'><strong>introducere</strong></span> <span class='ocrx_word' id='word_1_641' title='bbox 3105 2206 3156 2260; x_wconf 93' lang='lat' dir='ltr'><strong>in</strong></span> <span class='ocrx_word' id='word_1_642' title='bbox 3190 2215 3384 2260; x_wconf 89' lang='lat' dir='ltr'><strong>terram</strong></span> <span class='ocrx_word' id='word_1_643' title='bbox 3411 2219 3535 2275; x_wconf 90' lang='lat' dir='ltr'><strong>pro-</strong></span> 
     </span>
    </p>
   </div>
   <div class='ocr_carea' id='block_1_82' title="bbox 1941 2294 3536 2369">
    <p class='ocr_par' dir='ltr' id='par_1_82' title="bbox 1941 2294 3536 2369">
     <span class='ocr_line' id='line_1_82' title="bbox 1941 2294 3536 2369; baseline 0.004 -21"><span class='ocrx_word' id='word_1_644' title='bbox 1941 2294 2238 2362; x_wconf 90' lang='lat' dir='ltr'><strong>missionis,</strong></span> <span class='ocrx_word' id='word_1_645' title='bbox 2284 2312 2391 2367; x_wconf 90' lang='lat' dir='ltr'><strong>quo</strong></span> <span class='ocrx_word' id='word_1_646' title='bbox 2439 2297 2807 2364; x_wconf 87' lang='lat' dir='ltr'><strong>ducebantur;</strong></span> <span class='ocrx_word' id='word_1_647' title='bbox 2838 2299 2979 2368; x_wconf 90' lang='lat' dir='ltr'><strong>quod</strong></span> <span class='ocrx_word' id='word_1_648' title='bbox 3029 2299 3164 2353; x_wconf 88' lang='lat' dir='ltr'><strong>intra</strong></span> <span class='ocrx_word' id='word_1_649' title='bbox 3196 2314 3393 2369; x_wconf 87' lang='lat' dir='ltr'><strong>paucos</strong></span> <span class='ocrx_word' id='word_1_650' title='bbox 3419 2299 3536 2354; x_wconf 88' lang='lat' dir='ltr'><strong>dies</strong></span> 
     </span>
    </p>
   </div>
   <div class='ocr_carea' id='block_1_83' title="bbox 1945 2385 3540 2461">
    <p class='ocr_par' dir='ltr' id='par_1_83' title="bbox 1945 2385 3540 2461">
     <span class='ocr_line' id='line_1_83' title="bbox 1945 2385 3540 2461; baseline 0.004 -21"><span class='ocrx_word' id='word_1_651' title='bbox 1945 2385 2060 2442; x_wconf 89' lang='lat' dir='ltr'><strong>ﬁeri</strong></span> <span class='ocrx_word' id='word_1_652' title='bbox 2091 2395 2320 2456; x_wconf 90' lang='lat' dir='ltr'><strong>poterat,</strong></span> <span class='ocrx_word' id='word_1_653' title='bbox 2359 2387 2451 2442; x_wconf 85' lang='lat' dir='ltr'><strong>sed</strong></span> <span class='ocrx_word' id='word_1_654' title='bbox 2493 2398 2710 2457; x_wconf 84' lang='lat' dir='ltr'><strong>preptcr</strong></span> <span class='ocrx_word' id='word_1_655' title='bbox 2751 2402 2968 2461; x_wconf 89' lang='lat' dir='ltr'><strong>peccata</strong></span> <span class='ocrx_word' id='word_1_656' title='bbox 3012 2390 3064 2444; x_wconf 92' lang='lat' dir='ltr'><strong>in</strong></span> <span class='ocrx_word' id='word_1_657' title='bbox 3105 2405 3286 2446; x_wconf 90' lang='lat' dir='ltr'><strong>eremo</strong></span> <span class='ocrx_word' id='word_1_658' title='bbox 3330 2389 3540 2446; x_wconf 89' lang='lat' dir='ltr'><strong>fuerant</strong></span> 
     </span>
    </p>
   </div>
   <div class='ocr_carea' id='block_1_84' title="bbox 1944 2479 3539 2554">
    <p class='ocr_par' dir='ltr' id='par_1_84' title="bbox 1944 2479 3539 2554">
     <span class='ocr_line' id='line_1_84' title="bbox 1944 2479 3539 2554; baseline 0.001 -18"><span class='ocrx_word' id='word_1_659' title='bbox 1944 2479 2277 2542; x_wconf 88' lang='lat' dir='ltr'><strong>conterendi,</strong></span> <span class='ocrx_word' id='word_1_660' title='bbox 2300 2480 2385 2535; x_wconf 92' lang='lat' dir='ltr'><strong>ubi</strong></span> <span class='ocrx_word' id='word_1_661' title='bbox 2408 2490 2461 2535; x_wconf 92' lang='lat' dir='ltr'><strong>et</strong></span> <span class='ocrx_word' id='word_1_662' title='bbox 2477 2482 2689 2536; x_wconf 81' lang='lat' dir='ltr'><strong>contriti</strong></span> <span class='ocrx_word' id='word_1_663' title='bbox 2709 2492 2834 2537; x_wconf 91' lang='lat' dir='ltr'><strong>sunt</strong></span> <span class='ocrx_word' id='word_1_664' title='bbox 2853 2498 2946 2552; x_wconf 90' lang='lat' dir='ltr'><strong>per</strong></span> <span class='ocrx_word' id='word_1_665' title='bbox 2965 2483 3311 2554; x_wconf 84' lang='lat' dir='ltr'><strong>quadraginta</strong></span> <span class='ocrx_word' id='word_1_666' title='bbox 3336 2483 3539 2539; x_wconf 79' lang='lat' dir='ltr'><strong>annos?</strong></span> 
     </span>
    </p>
   </div>
   <div class='ocr_carea' id='block_1_85' title="bbox 1945 2571 3541 2643">
    <p class='ocr_par' dir='ltr' id='par_1_85' title="bbox 1945 2571 3541 2643">
     <span class='ocr_line' id='line_1_85' title="bbox 1945 2571 3541 2643; baseline 0.001 -17"><span class='ocrx_word' id='word_1_667' title='bbox 1945 2571 2098 2639; x_wconf 86' lang='lat' dir='ltr'><strong>Quod</strong></span> <span class='ocrx_word' id='word_1_668' title='bbox 2129 2571 2172 2625; x_wconf 91' lang='lat' dir='ltr'><strong>si</strong></span> <span class='ocrx_word' id='word_1_669' title='bbox 2201 2572 2270 2625; x_wconf 91' lang='lat' dir='ltr'><strong>ita</strong></span> <span class='ocrx_word' id='word_1_670' title='bbox 2294 2580 2396 2636; x_wconf 91' lang='lat' dir='ltr'><strong>est,</strong></span> <span class='ocrx_word' id='word_1_671' title='bbox 2421 2572 2627 2626; x_wconf 91' lang='lat' dir='ltr'><strong>distulit</strong></span> <span class='ocrx_word' id='word_1_672' title='bbox 2654 2589 2782 2643; x_wconf 88' lang='lat' dir='ltr'><strong>ergo</strong></span> <span class='ocrx_word' id='word_1_673' title='bbox 2807 2574 3082 2643; x_wconf 84' lang='lat' dir='ltr'><strong>pepulum,</strong></span> <span class='ocrx_word' id='word_1_674' title='bbox 3106 2589 3212 2628; x_wconf 88' lang='lat' dir='ltr'><strong>non</strong></span> <span class='ocrx_word' id='word_1_675' title='bbox 3240 2575 3370 2629; x_wconf 89' lang='lat' dir='ltr'><strong>istos</strong></span> <span class='ocrx_word' id='word_1_676' title='bbox 3395 2573 3541 2643; x_wconf 78' lang='lat' dir='ltr'><strong>ipsos</strong></span> 
     </span>
    </p>
   </div>
   <div class='ocr_carea' id='block_1_86' title="bbox 1948 2660 3538 2730">
    <p class='ocr_par' dir='ltr' id='par_1_86' title="bbox 1948 2660 3538 2730">
     <span class='ocr_line' id='line_1_86' title="bbox 1948 2660 3538 2730; baseline 0.003 -16"><span class='ocrx_word' id='word_1_677' title='bbox 1948 2660 2037 2730; x_wconf 88' lang='lat' dir='ltr'><strong>qui</strong></span> <span class='ocrx_word' id='word_1_678' title='bbox 2086 2670 2352 2718; x_wconf 87' lang='lat' dir='ltr'><strong>tentantes</strong></span> <span class='ocrx_word' id='word_1_679' title='bbox 2398 2661 2749 2717; x_wconf 78' lang='lat' dir='ltr'><strong>detrahebant</strong></span> <span class='ocrx_word' id='word_1_680' title='bbox 2799 2666 2866 2718; x_wconf 92' lang='lat' dir='ltr'><strong>de</strong></span> <span class='ocrx_word' id='word_1_681' title='bbox 2904 2663 3049 2728; x_wconf 89' lang='lat' dir='ltr'><strong>Deo;</strong></span> <span class='ocrx_word' id='word_1_682' title='bbox 3093 2680 3215 2718; x_wconf 90' lang='lat' dir='ltr'><strong>nam</strong></span> <span class='ocrx_word' id='word_1_683' title='bbox 3259 2679 3448 2720; x_wconf 90' lang='lat' dir='ltr'><strong>omnes</strong></span> <span class='ocrx_word' id='word_1_684' title='bbox 3487 2664 3538 2718; x_wconf 90' lang='lat' dir='ltr'><strong>in</strong></span> 
     </span>
    </p>
   </div>
   <div class='ocr_carea' id='block_1_87' title="bbox 1949 2755 3541 2827">
    <p class='ocr_par' dir='ltr' id='par_1_87' title="bbox 1949 2755 3541 2827">
     <span class='ocr_line' id='line_1_87' title="bbox 1949 2755 3541 2827; baseline 0.001 -17"><span class='ocrx_word' id='word_1_685' title='bbox 1949 2770 2133 2810; x_wconf 91' lang='lat' dir='ltr'><strong>eremo</strong></span> <span class='ocrx_word' id='word_1_686' title='bbox 2154 2755 2447 2827; x_wconf 91' lang='lat' dir='ltr'><strong>perierunt,</strong></span> <span class='ocrx_word' id='word_1_687' title='bbox 2471 2765 2524 2810; x_wconf 90' lang='lat' dir='ltr'><strong>et</strong></span> <span class='ocrx_word' id='word_1_688' title='bbox 2545 2756 2635 2812; x_wconf 90' lang='lat' dir='ltr'><strong>lilii</strong></span> <span class='ocrx_word' id='word_1_689' title='bbox 2657 2771 2844 2812; x_wconf 90' lang='lat' dir='ltr'><strong>eorum</strong></span> <span class='ocrx_word' id='word_1_690' title='bbox 2873 2757 2924 2810; x_wconf 90' lang='lat' dir='ltr'><strong>in</strong></span> <span class='ocrx_word' id='word_1_691' title='bbox 2956 2766 3151 2811; x_wconf 90' lang='lat' dir='ltr'><strong>terram</strong></span> <span class='ocrx_word' id='word_1_692' title='bbox 3173 2755 3541 2827; x_wconf 85' lang='lat' dir='ltr'><strong>promissionis</strong></span> 
     </span>
    </p>
   </div>
   <div class='ocr_carea' id='block_1_88' title="bbox 1952 2849 3543 2922">
    <p class='ocr_par' dir='ltr' id='par_1_88' title="bbox 1952 2849 3543 2922">
     <span class='ocr_line' id='line_1_88' title="bbox 1952 2849 3543 2922; baseline -0.002 -16"><span class='ocrx_word' id='word_1_693' title='bbox 1952 2850 2178 2922; x_wconf 89' lang='lat' dir='ltr'><strong>ingressi</strong></span> <span class='ocrx_word' id='word_1_694' title='bbox 2223 2860 2364 2906; x_wconf 91' lang='lat' dir='ltr'><strong>sunt.</strong></span> <span class='ocrx_word' id='word_1_695' title='bbox 2406 2853 2492 2906; x_wconf 83' lang='lat' dir='ltr'><strong>An</strong></span> <span class='ocrx_word' id='word_1_696' title='bbox 2535 2851 2737 2907; x_wconf 89' lang='lat' dir='ltr'><strong>distulit</strong></span> <span class='ocrx_word' id='word_1_697' title='bbox 2783 2866 3016 2921; x_wconf 75' lang='lat' dir='ltr'><strong>poenam,</strong></span> <span class='ocrx_word' id='word_1_698' title='bbox 3055 2860 3112 2906; x_wconf 93' lang='lat' dir='ltr'><strong>ut</strong></span> <span class='ocrx_word' id='word_1_699' title='bbox 3151 2851 3298 2921; x_wconf 91' lang='lat' dir='ltr'><strong>prius</strong></span> <span class='ocrx_word' id='word_1_700' title='bbox 3325 2849 3543 2905; x_wconf 79' lang='lat' dir='ltr'><strong>satiaret</strong></span> 
     </span>
    </p>
   </div>
   <div class='ocr_carea' id='block_1_89' title="bbox 1953 2944 3542 3014">
    <p class='ocr_par' dir='ltr' id='par_1_89' title="bbox 1953 2944 3542 3014">
     <span class='ocr_line' id='line_1_89' title="bbox 1953 2944 3542 3014; baseline -0.003 -14"><span class='ocrx_word' id='word_1_701' title='bbox 1953 2945 2112 3000; x_wconf 87' lang='lat' dir='ltr'><strong>etiam</strong></span> <span class='ocrx_word' id='word_1_702' title='bbox 2142 2944 2410 3000; x_wconf 89' lang='lat' dir='ltr'><strong>inﬁdelem</strong></span> <span class='ocrx_word' id='word_1_703' title='bbox 2441 2945 2948 3013; x_wconf 86' lang='lat' dir='ltr'><strong>concupiscentiam,</strong></span> <span class='ocrx_word' id='word_1_704' title='bbox 2973 2959 3040 2999; x_wconf 90' lang='lat' dir='ltr'><strong>ne</strong></span> <span class='ocrx_word' id='word_1_705' title='bbox 3070 2953 3349 3014; x_wconf 81' lang='lat' dir='ltr'><strong>propterea</strong></span> <span class='ocrx_word' id='word_1_706' title='bbox 3387 2951 3542 3013; x_wconf 90' lang='lat' dir='ltr'><strong>puta-</strong></span> 
     </span>
    </p>
   </div>
   <div class='ocr_carea' id='block_1_90' title="bbox 1953 3033 3544 3107">
    <p class='ocr_par' dir='ltr' id='par_1_90' title="bbox 1953 3033 3544 3107">
     <span class='ocr_line' id='line_1_90' title="bbox 1953 3033 3544 3107; baseline -0.003 -15"><span class='ocrx_word' id='word_1_707' title='bbox 1953 3045 2104 3092; x_wconf 89' lang='lat' dir='ltr'><strong>retur</strong></span> <span class='ocrx_word' id='word_1_708' title='bbox 2129 3040 2293 3092; x_wconf 84' lang='lat' dir='ltr'><strong>iratus</strong></span> <span class='ocrx_word' id='word_1_709' title='bbox 2319 3038 2438 3107; x_wconf 90' lang='lat' dir='ltr'><strong>quia</strong></span> <span class='ocrx_word' id='word_1_710' title='bbox 2469 3037 2571 3092; x_wconf 87' lang='lat' dir='ltr'><strong>hoc</strong></span> <span class='ocrx_word' id='word_1_711' title='bbox 2601 3038 2668 3093; x_wconf 89' lang='lat' dir='ltr'><strong>ab</strong></span> <span class='ocrx_word' id='word_1_712' title='bbox 2696 3037 2809 3104; x_wconf 86' lang='lat' dir='ltr'><strong>illo,</strong></span> <span class='ocrx_word' id='word_1_713' title='bbox 2838 3037 2959 3092; x_wconf 93' lang='lat' dir='ltr'><strong>licet</strong></span> <span class='ocrx_word' id='word_1_714' title='bbox 2992 3043 3260 3092; x_wconf 88' lang='lat' dir='ltr'><strong>tentantes</strong></span> <span class='ocrx_word' id='word_1_715' title='bbox 3287 3042 3342 3091; x_wconf 91' lang='lat' dir='ltr'><strong>et</strong></span> <span class='ocrx_word' id='word_1_716' title='bbox 3364 3033 3544 3090; x_wconf 87' lang='lat' dir='ltr'><strong>detra-</strong></span> 
     </span>
    </p>
   </div>
   <div class='ocr_carea' id='block_1_91' title="bbox 1956 3126 3548 3200">
    <p class='ocr_par' dir='ltr' id='par_1_91' title="bbox 1956 3126 3548 3200">
     <span class='ocr_line' id='line_1_91' title="bbox 1956 3126 3548 3200; baseline -0.001 -16"><span class='ocrx_word' id='word_1_717' title='bbox 1956 3128 2165 3189; x_wconf 88' lang='lat' dir='ltr'><strong>hentes.</strong></span> <span class='ocrx_word' id='word_1_718' title='bbox 2193 3129 2442 3199; x_wconf 86' lang='lat' dir='ltr'><strong>petebant</strong></span> <span class='ocrx_word' id='word_1_719' title='bbox 2466 3129 2606 3200; x_wconf 88' lang='lat' dir='ltr'><strong>qttod</strong></span> <span class='ocrx_word' id='word_1_720' title='bbox 2632 3130 2804 3184; x_wconf 89' lang='lat' dir='ltr'><strong>facere</strong></span> <span class='ocrx_word' id='word_1_721' title='bbox 2827 3143 2934 3183; x_wconf 86' lang='lat' dir='ltr'><strong>non</strong></span> <span class='ocrx_word' id='word_1_722' title='bbox 2956 3127 3175 3198; x_wconf 78' lang='lat' dir='ltr'><strong>posset?</strong></span> <span class='ocrx_word' id='word_1_723' title='bbox 3197 3126 3400 3182; x_wconf 75' lang='lat' dir='ltr'><strong>Audiuit</strong></span> <span class='ocrx_word' id='word_1_724' title='bbox 3419 3141 3548 3197; x_wconf 82' lang='lat' dir='ltr'><strong>ergo</strong></span> 
     </span>
    </p>
   </div>
   <div class='ocr_carea' id='block_1_92' title="bbox 1957 3219 3547 3294">
    <p class='ocr_par' dir='ltr' id='par_1_92' title="bbox 1957 3219 3547 3294">
     <span class='ocr_line' id='line_1_92' title="bbox 1957 3219 3547 3294; baseline -0.003 -16"><span class='ocrx_word' id='word_1_725' title='bbox 1957 3232 2003 3278; x_wconf 88' lang='lat' dir='ltr'><strong>et</strong></span> <span class='ocrx_word' id='word_1_726' title='bbox 2027 3223 2221 3278; x_wconf 88' lang='lat' dir='ltr'><strong>distulit</strong></span> <span class='ocrx_word' id='word_1_727' title='bbox 2251 3223 2559 3289; x_wconf 87' lang='lat' dir='ltr'><strong>vindicare;</strong></span> <span class='ocrx_word' id='word_1_728' title='bbox 2592 3232 2645 3278; x_wconf 92' lang='lat' dir='ltr'><strong>ct</strong></span> <span class='ocrx_word' id='word_1_729' title='bbox 2669 3233 3016 3294; x_wconf 88' lang='lat' dir='ltr'><strong>posteaquam</strong></span> <span class='ocrx_word' id='word_1_730' title='bbox 3065 3220 3191 3277; x_wconf 85' lang='lat' dir='ltr'><strong>fecit</strong></span> <span class='ocrx_word' id='word_1_731' title='bbox 3235 3219 3375 3291; x_wconf 88' lang='lat' dir='ltr'><strong>quod</strong></span> <span class='ocrx_word' id='word_1_732' title='bbox 3422 3234 3547 3276; x_wconf 82' lang='lat' dir='ltr'><strong>eum</strong></span> 
     </span>
    </p>
   </div>
   <div class='ocr_carea' id='block_1_93' title="bbox 1959 3313 3550 3388">
    <p class='ocr_par' dir='ltr' id='par_1_93' title="bbox 1959 3313 3550 3388">
     <span class='ocr_line' id='line_1_93' title="bbox 1959 3313 3550 3388; baseline -0.002 -16"><span class='ocrx_word' id='word_1_733' title='bbox 1959 3318 2034 3372; x_wconf 93' lang='lat' dir='ltr'><strong>illi</strong></span> <span class='ocrx_word' id='word_1_734' title='bbox 2074 3318 2247 3373; x_wconf 89' lang='lat' dir='ltr'><strong>facere</strong></span> <span class='ocrx_word' id='word_1_735' title='bbox 2278 3334 2382 3372; x_wconf 92' lang='lat' dir='ltr'><strong>non</strong></span> <span class='ocrx_word' id='word_1_736' title='bbox 2415 3332 2571 3388; x_wconf 91' lang='lat' dir='ltr'><strong>posse</strong></span> <span class='ocrx_word' id='word_1_737' title='bbox 2597 3323 2936 3388; x_wconf 85' lang='lat' dir='ltr'><strong>putaverunt,</strong></span> <span class='ocrx_word' id='word_1_738' title='bbox 2972 3324 3098 3371; x_wconf 90' lang='lat' dir='ltr'><strong>tunc</strong></span> <span class='ocrx_word' id='word_1_739' title='bbox 3136 3314 3214 3368; x_wconf 92' lang='lat' dir='ltr'><strong>ira</strong></span> <span class='ocrx_word' id='word_1_740' title='bbox 3245 3313 3471 3370; x_wconf 86' lang='lat' dir='ltr'><strong>ascendit</strong></span> <span class='ocrx_word' id='word_1_741' title='bbox 3495 3314 3550 3369; x_wconf 73' lang='lat' dir='ltr'><strong>in</strong></span> 
     </span>
    </p>
   </div>
   <div class='ocr_carea' id='block_1_94' title="bbox 1959 3409 2147 3465">
    <p class='ocr_par' dir='ltr' id='par_1_94' title="bbox 1959 3409 2147 3465">
     <span class='ocr_line' id='line_1_94' title="bbox 1959 3409 2147 3465; baseline 0.005 -1"><span class='ocrx_word' id='word_1_742' title='bbox 1959 3409 2147 3465; x_wconf 90' lang='lat' dir='ltr'><strong>Israel.</strong></span> 
     </span>
    </p>
   </div>
   <div class='ocr_carea' id='block_1_95' title="bbox 2034 3499 3549 3578">
    <p class='ocr_par' dir='ltr' id='par_1_95' title="bbox 2034 3499 3549 3578">
     <span class='ocr_line' id='line_1_95' title="bbox 2034 3499 3549 3578; baseline -0.003 -18"><span class='ocrx_word' id='word_1_743' title='bbox 2034 3505 2123 3560; x_wconf 84' lang='grc'><strong>17.</strong></span> <span class='ocrx_word' id='word_1_744' title='bbox 2157 3503 2305 3578; x_wconf 89' lang='lat' dir='ltr'><strong>[vers.</strong></span> <span class='ocrx_word' id='word_1_745' title='bbox 2332 3503 2551 3577; x_wconf 72' lang='lat'><strong>22-51.]</strong></span> <span class='ocrx_word' id='word_1_746' title='bbox 2577 3503 2814 3574; x_wconf 89' lang='lat' dir='ltr'><strong>Denique</strong></span> <span class='ocrx_word' id='word_1_747' title='bbox 2843 3511 3068 3572; x_wconf 88' lang='lat' dir='ltr'><strong>utroque</strong></span> <span class='ocrx_word' id='word_1_748' title='bbox 3094 3500 3329 3557; x_wconf 87' lang='lat' dir='ltr'><strong>breviter</strong></span> <span class='ocrx_word' id='word_1_749' title='bbox 3352 3499 3549 3572; x_wconf 83' lang='lat' dir='ltr'><strong>posito,</strong></span> 
     </span>
    </p>
   </div>
   <div class='ocr_carea' id='block_1_96' title="bbox 1962 3593 3553 3668">
    <p class='ocr_par' dir='ltr' id='par_1_96' title="bbox 1962 3593 3553 3668">
     <span class='ocr_line' id='line_1_96' title="bbox 1962 3593 3553 3668; baseline -0.004 -15"><span class='ocrx_word' id='word_1_750' title='bbox 1962 3597 2216 3668; x_wconf 87' lang='lat' dir='ltr'><strong>deinceps</strong></span> <span class='ocrx_word' id='word_1_751' title='bbox 2239 3607 2423 3667; x_wconf 88' lang='lat' dir='ltr'><strong>aperte</strong></span> <span class='ocrx_word' id='word_1_752' title='bbox 2451 3597 2694 3652; x_wconf 90' lang='lat' dir='ltr'><strong>ordinem</strong></span> <span class='ocrx_word' id='word_1_753' title='bbox 2727 3595 3048 3650; x_wconf 88' lang='lat' dir='ltr'><strong>narrationis</strong></span> <span class='ocrx_word' id='word_1_754' title='bbox 3071 3595 3396 3665; x_wconf 78' lang='lat' dir='ltr'><strong>exsequitur.</strong></span> <span class='ocrx_word' id='word_1_755' title='bbox 3419 3593 3553 3660; x_wconf 82' lang='lat' dir='ltr'><strong>Quia</strong></span> 
     </span>
    </p>
   </div>
   <div class='ocr_carea' id='block_1_97' title="bbox 1963 3687 3552 3758">
    <p class='ocr_par' dir='ltr' id='par_1_97' title="bbox 1963 3687 3552 3758">
     <span class='ocr_line' id='line_1_97' title="bbox 1963 3687 3552 3758; baseline -0.005 -12"><span class='ocrx_word' id='word_1_756' title='bbox 1963 3708 2066 3746; x_wconf 86' lang='lat' dir='ltr'><strong>non</strong></span> <span class='ocrx_word' id='word_1_757' title='bbox 2089 3689 2406 3744; x_wconf 88' lang='lat' dir='ltr'><strong>crediderunt</strong></span> <span class='ocrx_word' id='word_1_758' title='bbox 2430 3690 2482 3744; x_wconf 87' lang='lat' dir='ltr'><strong>in</strong></span> <span class='ocrx_word' id='word_1_759' title='bbox 2499 3689 2629 3755; x_wconf 89' lang='lat' dir='ltr'><strong>Deo,</strong></span> <span class='ocrx_word' id='word_1_760' title='bbox 2653 3706 2742 3744; x_wconf 88' lang='lat' dir='ltr'><strong>nec</strong></span> <span class='ocrx_word' id='word_1_761' title='bbox 2761 3697 3084 3758; x_wconf 77' lang='lat' dir='ltr'><strong>speraverant</strong></span> <span class='ocrx_word' id='word_1_762' title='bbox 3110 3688 3162 3742; x_wconf 86' lang='lat' dir='ltr'><strong>in</strong></span> <span class='ocrx_word' id='word_1_763' title='bbox 3179 3687 3403 3741; x_wconf 86' lang='lat' dir='ltr'><strong>salutare</strong></span> <span class='ocrx_word' id='word_1_764' title='bbox 3421 3687 3552 3756; x_wconf 85' lang='lat' dir='ltr'><strong>ejus.</strong></span> 
     </span>
    </p>
   </div>
   <div class='ocr_carea' id='block_1_98' title="bbox 1966 3776 3555 3853">
    <p class='ocr_par' dir='ltr' id='par_1_98' title="bbox 1966 3776 3555 3853">
     <span class='ocr_line' id='line_1_98' title="bbox 1966 3776 3555 3853; baseline -0.004 -16"><span class='ocrx_word' id='word_1_765' title='bbox 1966 3781 2208 3853; x_wconf 86' lang='lat' dir='ltr'><strong>Namque</strong></span> <span class='ocrx_word' id='word_1_766' title='bbox 2233 3797 2354 3838; x_wconf 91' lang='lat' dir='ltr'><strong>cum</strong></span> <span class='ocrx_word' id='word_1_767' title='bbox 2385 3781 2606 3836; x_wconf 81' lang='lat' dir='ltr'><strong>dixisset</strong></span> <span class='ocrx_word' id='word_1_768' title='bbox 2635 3795 2802 3852; x_wconf 87' lang='lat' dir='ltr'><strong>quare</strong></span> <span class='ocrx_word' id='word_1_769' title='bbox 2829 3780 2964 3852; x_wconf 91' lang='lat' dir='ltr'><strong>ignis</strong></span> <span class='ocrx_word' id='word_1_770' title='bbox 2992 3793 3250 3836; x_wconf 87' lang='lat' dir='ltr'><strong>accensus</strong></span> <span class='ocrx_word' id='word_1_771' title='bbox 3276 3787 3358 3834; x_wconf 88' lang='lat' dir='ltr'><strong>est</strong></span> <span class='ocrx_word' id='word_1_772' title='bbox 3383 3778 3436 3832; x_wconf 89' lang='lat' dir='ltr'><strong>iu</strong></span> <span class='ocrx_word' id='word_1_773' title='bbox 3461 3776 3555 3833; x_wconf 82' lang='lat' dir='ltr'><strong>Ja-</strong></span> 
     </span>
    </p>
   </div>
   <div class='ocr_carea' id='block_1_99' title="bbox 1967 3869 3556 3943">
    <p class='ocr_par' dir='ltr' id='par_1_99' title="bbox 1967 3869 3556 3943">
     <span class='ocr_line' id='line_1_99' title="bbox 1967 3869 3556 3943; baseline -0.006 -10"><span class='ocrx_word' id='word_1_774' title='bbox 1967 3877 2088 3943; x_wconf 89' lang='lat' dir='ltr'><strong>cob,</strong></span> <span class='ocrx_word' id='word_1_775' title='bbox 2117 3885 2170 3932; x_wconf 88' lang='lat' dir='ltr'><strong>et</strong></span> <span class='ocrx_word' id='word_1_776' title='bbox 2197 3875 2276 3930; x_wconf 86' lang='lat' dir='ltr'><strong>ira</strong></span> <span class='ocrx_word' id='word_1_777' title='bbox 2306 3875 2548 3931; x_wconf 88' lang='lat' dir='ltr'><strong>ascendit</strong></span> <span class='ocrx_word' id='word_1_778' title='bbox 2577 3875 2630 3929; x_wconf 87' lang='lat' dir='ltr'><strong>in</strong></span> <span class='ocrx_word' id='word_1_779' title='bbox 2664 3873 2860 3938; x_wconf 88' lang='lat' dir='ltr'><strong>Israel,</strong></span> <span class='ocrx_word' id='word_1_780' title='bbox 2898 3872 2947 3928; x_wconf 90' lang='lat' dir='ltr'><strong>id</strong></span> <span class='ocrx_word' id='word_1_781' title='bbox 2978 3880 3082 3938; x_wconf 85' lang='lat' dir='ltr'><strong>est,</strong></span> <span class='ocrx_word' id='word_1_782' title='bbox 3107 3873 3228 3942; x_wconf 88' lang='lat' dir='ltr'><strong>quia</strong></span> <span class='ocrx_word' id='word_1_783' title='bbox 3265 3887 3365 3926; x_wconf 87' lang='lat' dir='ltr'><strong>non</strong></span> <span class='ocrx_word' id='word_1_784' title='bbox 3390 3869 3556 3924; x_wconf 86' lang='lat' dir='ltr'><strong>credi-</strong></span> 
     </span>
    </p>
   </div>
   <div class='ocr_carea' id='block_1_100' title="bbox 1970 3962 3559 4039">
    <p class='ocr_par' dir='ltr' id='par_1_100' title="bbox 1970 3962 3559 4039">
     <span class='ocr_line' id='line_1_100' title="bbox 1970 3962 3559 4039; baseline -0.004 -16"><span class='ocrx_word' id='word_1_785' title='bbox 1970 3969 2150 4024; x_wconf 89' lang='lat' dir='ltr'><strong>derunt</strong></span> <span class='ocrx_word' id='word_1_786' title='bbox 2179 3970 2234 4023; x_wconf 90' lang='lat' dir='ltr'><strong>in</strong></span> <span class='ocrx_word' id='word_1_787' title='bbox 2261 3967 2393 4033; x_wconf 91' lang='lat' dir='ltr'><strong>Deo,</strong></span> <span class='ocrx_word' id='word_1_788' title='bbox 2423 3983 2511 4023; x_wconf 90' lang='lat' dir='ltr'><strong>nec</strong></span> <span class='ocrx_word' id='word_1_789' title='bbox 2537 3975 2861 4039; x_wconf 82' lang='lat' dir='ltr'><strong>speraverant</strong></span> <span class='ocrx_word' id='word_1_790' title='bbox 2887 3966 2940 4020; x_wconf 91' lang='lat' dir='ltr'><strong>in</strong></span> <span class='ocrx_word' id='word_1_791' title='bbox 2967 3966 3189 4020; x_wconf 89' lang='lat' dir='ltr'><strong>salutare</strong></span> <span class='ocrx_word' id='word_1_792' title='bbox 3215 3965 3322 4036; x_wconf 88' lang='lat' dir='ltr'><strong>ejus</strong></span> <span class='ocrx_word' id='word_1_793' title='bbox 3341 4003 3357 4030; x_wconf 91' lang='lat'><strong>,</strong></span> <span class='ocrx_word' id='word_1_794' title='bbox 3383 3962 3559 4018; x_wconf 89' lang='lat' dir='ltr'><strong>conti-</strong></span> 
     </span>
    </p>
   </div>
   <div class='ocr_carea' id='block_1_101' title="bbox 1971 4052 3560 4128">
    <p class='ocr_par' dir='ltr' id='par_1_101' title="bbox 1971 4052 3560 4128">
     <span class='ocr_line' id='line_1_101' title="bbox 1971 4052 3560 4128; baseline -0.006 -11"><span class='ocrx_word' id='word_1_795' title='bbox 1971 4075 2079 4117; x_wconf 90' lang='lat' dir='ltr'><strong>nuo</strong></span> <span class='ocrx_word' id='word_1_796' title='bbox 2125 4059 2416 4128; x_wconf 90' lang='lat' dir='ltr'><strong>subiiciens</strong></span> <span class='ocrx_word' id='word_1_797' title='bbox 2463 4073 2620 4128; x_wconf 88' lang='lat' dir='ltr'><strong>quam</strong></span> <span class='ocrx_word' id='word_1_798' title='bbox 2670 4057 3007 4113; x_wconf 82' lang='lat' dir='ltr'><strong>evidentibus</strong></span> <span class='ocrx_word' id='word_1_799' title='bbox 3050 4053 3324 4110; x_wconf 88' lang='lat' dir='ltr'><strong>beneﬁciis</strong></span> <span class='ocrx_word' id='word_1_800' title='bbox 3369 4052 3560 4122; x_wconf 87' lang='lat' dir='ltr'><strong>ingrati</strong></span> 
     </span>
    </p>
   </div>
   <div class='ocr_carea' id='block_1_102' title="bbox 1970 4142 3558 4216">
    <p class='ocr_par' dir='ltr' id='par_1_102' title="bbox 1970 4142 3558 4216">
     <span class='ocr_line' id='line_1_102' title="bbox 1970 4142 3558 4216; baseline -0.006 -10"><span class='ocrx_word' id='word_1_801' title='bbox 1970 4151 2207 4216; x_wconf 80' lang='lat' dir='ltr'><strong>fuerunt,</strong></span> <span class='ocrx_word' id='word_1_802' title='bbox 2243 4167 2261 4201; x_wconf 75' lang='grc' dir='ltr'>ι</span> <span class='ocrx_word' id='word_1_803' title='bbox 2297 4149 2364 4202; x_wconf 86' lang='grc' dir='ltr'><strong>Ει</strong></span> <span class='ocrx_word' id='word_1_804' title='bbox 2392 4147 2681 4212; x_wconf 83' lang='lat' dir='ltr'><strong>mandavit,</strong></span> <span class='ocrx_word' id='word_1_805' title='bbox 2723 4166 2742 4198; x_wconf 74' lang='lat' dir='ltr'><strong>s</strong></span> <span class='ocrx_word' id='word_1_806' title='bbox 2779 4147 2967 4216; x_wconf 85' lang='lat' dir='ltr'><strong>inquit,</strong></span> <span class='ocrx_word' id='word_1_807' title='bbox 3001 4164 3018 4195; x_wconf 84' lang='grc'><em>‹</em></span> <span class='ocrx_word' id='word_1_808' title='bbox 3054 4145 3280 4199; x_wconf 85' lang='lat' dir='ltr'><strong>nubibus</strong></span> <span class='ocrx_word' id='word_1_809' title='bbox 3308 4142 3558 4213; x_wconf 85' lang='lat' dir='ltr'><strong>desuper,</strong></span> 
     </span>
    </p>
   </div>
   <div class='ocr_carea' id='block_1_103' title="bbox 1973 4235 3563 4311">
    <p class='ocr_par' dir='ltr' id='par_1_103' title="bbox 1973 4235 3563 4311">
     <span class='ocr_line' id='line_1_103' title="bbox 1973 4235 3563 4311; baseline -0.005 -15"><span class='ocrx_word' id='word_1_810' title='bbox 1973 4250 2028 4296; x_wconf 92' lang='lat' dir='ltr'><strong>et</strong></span> <span class='ocrx_word' id='word_1_811' title='bbox 2059 4240 2254 4311; x_wconf 88' lang='lat' dir='ltr'><strong>ianuas</strong></span> <span class='ocrx_word' id='word_1_812' title='bbox 2291 4238 2415 4295; x_wconf 77' lang='lat' dir='ltr'><strong>cteli</strong></span> <span class='ocrx_word' id='word_1_813' title='bbox 2452 4238 2680 4310; x_wconf 90' lang='lat' dir='ltr'><strong>aperuit.</strong></span> <span class='ocrx_word' id='word_1_814' title='bbox 2709 4237 2774 4292; x_wconf 88' lang='lat' dir='ltr'><strong>Et</strong></span> <span class='ocrx_word' id='word_1_815' title='bbox 2805 4236 2937 4307; x_wconf 91' lang='lat' dir='ltr'><strong>pluit</strong></span> <span class='ocrx_word' id='word_1_816' title='bbox 2967 4236 3070 4291; x_wconf 90' lang='lat' dir='ltr'><strong>illis</strong></span> <span class='ocrx_word' id='word_1_817' title='bbox 3099 4251 3290 4290; x_wconf 87' lang='lat' dir='ltr'><strong>manna</strong></span> <span class='ocrx_word' id='word_1_818' title='bbox 3319 4235 3385 4290; x_wconf 88' lang='lat' dir='ltr'><strong>ad</strong></span> <span class='ocrx_word' id='word_1_819' title='bbox 3413 4251 3563 4288; x_wconf 89' lang='lat' dir='ltr'><strong>man-</strong></span> 
     </span>
    </p>
   </div>
   <div class='ocr_carea' id='block_1_104' title="bbox 1973 4327 3562 4402">
    <p class='ocr_par' dir='ltr' id='par_1_104' title="bbox 1973 4327 3562 4402">
     <span class='ocr_line' id='line_1_104' title="bbox 1973 4327 3562 4402; baseline -0.004 -14"><span class='ocrx_word' id='word_1_820' title='bbox 1973 4331 2274 4388; x_wconf 92' lang='lat' dir='ltr'><strong>ducandum</strong></span> <span class='ocrx_word' id='word_1_821' title='bbox 2297 4373 2312 4400; x_wconf 93' lang='lat'><strong>,</strong></span> <span class='ocrx_word' id='word_1_822' title='bbox 2352 4340 2408 4387; x_wconf 92' lang='lat' dir='ltr'><strong>et</strong></span> <span class='ocrx_word' id='word_1_823' title='bbox 2446 4347 2635 4402; x_wconf 89' lang='lat' dir='ltr'><strong>panem</strong></span> <span class='ocrx_word' id='word_1_824' title='bbox 2661 4330 2782 4386; x_wconf 75' lang='lat' dir='ltr'><strong>eteli</strong></span> <span class='ocrx_word' id='word_1_825' title='bbox 2811 4328 2960 4385; x_wconf 88' lang='lat' dir='ltr'><strong>dedit</strong></span> <span class='ocrx_word' id='word_1_826' title='bbox 2985 4329 3082 4384; x_wconf 87' lang='lat' dir='ltr'><strong>eis.</strong></span> <span class='ocrx_word' id='word_1_827' title='bbox 3108 4327 3304 4382; x_wconf 87' lang='lat' dir='ltr'><strong>Panem</strong></span> <span class='ocrx_word' id='word_1_828' title='bbox 3327 4327 3562 4397; x_wconf 79' lang='lat' dir='ltr'><strong>Angelo-</strong></span> 
     </span>
    </p>
   </div>
   <div class='ocr_carea' id='block_1_105' title="bbox 1976 4419 3565 4495">
    <p class='ocr_par' dir='ltr' id='par_1_105' title="bbox 1976 4419 3565 4495">
     <span class='ocr_line' id='line_1_105' title="bbox 1976 4419 3565 4495; baseline -0.006 -13"><span class='ocrx_word' id='word_1_829' title='bbox 1976 4442 2095 4482; x_wconf 90' lang='lat' dir='ltr'><strong>rum</strong></span> <span class='ocrx_word' id='word_1_830' title='bbox 2131 4425 2470 4482; x_wconf 86' lang='lat' dir='ltr'><strong>manducavit</strong></span> <span class='ocrx_word' id='word_1_831' title='bbox 2493 4424 2655 4480; x_wconf 86' lang='lat' dir='ltr'><strong>homo</strong></span> <span class='ocrx_word' id='word_1_832' title='bbox 2681 4423 2759 4495; x_wconf 95' lang='lat' dir='ltr'><strong>(a)</strong></span> <span class='ocrx_word' id='word_1_833' title='bbox 2783 4440 2797 4478; x_wconf 89' lang='lat'><strong>:</strong></span> <span class='ocrx_word' id='word_1_834' title='bbox 2823 4421 3018 4478; x_wconf 87' lang='lat' dir='ltr'><strong>cibaria</strong></span> <span class='ocrx_word' id='word_1_835' title='bbox 3046 4421 3190 4475; x_wconf 92' lang='lat' dir='ltr'><strong>misit</strong></span> <span class='ocrx_word' id='word_1_836' title='bbox 3213 4421 3294 4476; x_wconf 83' lang='lat' dir='ltr'><strong>eis</strong></span> <span class='ocrx_word' id='word_1_837' title='bbox 3321 4419 3371 4474; x_wconf 94' lang='lat' dir='ltr'><strong>in</strong></span> <span class='ocrx_word' id='word_1_838' title='bbox 3395 4419 3565 4474; x_wconf 87' lang='lat' dir='ltr'><strong>abun-</strong></span> 
     </span>
    </p>
   </div>
   <div class='ocr_carea' id='block_1_106' title="bbox 1976 4510 3564 4580">
    <p class='ocr_par' dir='ltr' id='par_1_106' title="bbox 1976 4510 3564 4580">
     <span class='ocr_line' id='line_1_106' title="bbox 1976 4510 3564 4580; baseline -0.003 -7"><span class='ocrx_word' id='word_1_839' title='bbox 1976 4518 2176 4573; x_wconf 91' lang='lat' dir='ltr'><strong>dantia.</strong></span> <span class='ocrx_word' id='word_1_840' title='bbox 2218 4517 2511 4572; x_wconf 82' lang='lat' dir='ltr'><strong>Transtulit</strong></span> <span class='ocrx_word' id='word_1_841' title='bbox 2554 4517 2804 4571; x_wconf 84' lang='lat' dir='ltr'><strong>Austrum</strong></span> <span class='ocrx_word' id='word_1_842' title='bbox 2846 4513 2914 4569; x_wconf 90' lang='lat' dir='ltr'><strong>de</strong></span> <span class='ocrx_word' id='word_1_843' title='bbox 2961 4511 3120 4580; x_wconf 62' lang='lat' dir='ltr'><strong>caelo,</strong></span> <span class='ocrx_word' id='word_1_844' title='bbox 3161 4520 3217 4568; x_wconf 91' lang='lat' dir='ltr'><strong>et</strong></span> <span class='ocrx_word' id='word_1_845' title='bbox 3258 4510 3464 4566; x_wconf 78' lang='lat' dir='ltr'><strong>induxit</strong></span> <span class='ocrx_word' id='word_1_846' title='bbox 3510 4511 3564 4568; x_wconf 89' lang='lat' dir='ltr'><strong>in</strong></span> 
     </span>
    </p>
   </div>
   <div class='ocr_carea' id='block_1_107' title="bbox 1979 4603 3567 4678">
    <p class='ocr_par' dir='ltr' id='par_1_107' title="bbox 1979 4603 3567 4678">
     <span class='ocr_line' id='line_1_107' title="bbox 1979 4603 3567 4678; baseline -0.003 -14"><span class='ocrx_word' id='word_1_847' title='bbox 1979 4613 2171 4666; x_wconf 89' lang='lat' dir='ltr'><strong>virtute</strong></span> <span class='ocrx_word' id='word_1_848' title='bbox 2199 4625 2293 4665; x_wconf 91' lang='lat' dir='ltr'><strong>sua</strong></span> <span class='ocrx_word' id='word_1_849' title='bbox 2325 4609 2584 4666; x_wconf 81' lang='lat' dir='ltr'><strong>Africum.</strong></span> <span class='ocrx_word' id='word_1_850' title='bbox 2622 4608 2689 4663; x_wconf 89' lang='lat' dir='ltr'><strong>Et</strong></span> <span class='ocrx_word' id='word_1_851' title='bbox 2725 4607 2859 4678; x_wconf 91' lang='lat' dir='ltr'><strong>pluit</strong></span> <span class='ocrx_word' id='word_1_852' title='bbox 2901 4621 3062 4676; x_wconf 87' lang='lat' dir='ltr'><strong>super</strong></span> <span class='ocrx_word' id='word_1_853' title='bbox 3086 4619 3181 4660; x_wconf 90' lang='lat' dir='ltr'><strong>eos</strong></span> <span class='ocrx_word' id='word_1_854' title='bbox 3221 4604 3358 4659; x_wconf 88' lang='lat' dir='ltr'><strong>sicut</strong></span> <span class='ocrx_word' id='word_1_855' title='bbox 3385 4603 3567 4675; x_wconf 82' lang='lat' dir='ltr'><strong>pulve-</strong></span> 
     </span>
    </p>
   </div>
   <div class='ocr_carea' id='block_1_108' title="bbox 1979 4695 3565 4770">
    <p class='ocr_par' dir='ltr' id='par_1_108' title="bbox 1979 4695 3565 4770">
     <span class='ocr_line' id='line_1_108' title="bbox 1979 4695 3565 4770; baseline -0.008 -10"><span class='ocrx_word' id='word_1_856' title='bbox 1979 4721 2092 4760; x_wconf 88' lang='lat' dir='ltr'><strong>rem</strong></span> <span class='ocrx_word' id='word_1_857' title='bbox 2123 4719 2334 4770; x_wconf 84' lang='lat' dir='ltr'><strong>carnes,</strong></span> <span class='ocrx_word' id='word_1_858' title='bbox 2361 4712 2416 4758; x_wconf 92' lang='lat' dir='ltr'><strong>et</strong></span> <span class='ocrx_word' id='word_1_859' title='bbox 2443 4702 2582 4757; x_wconf 91' lang='lat' dir='ltr'><strong>sicut</strong></span> <span class='ocrx_word' id='word_1_860' title='bbox 2617 4715 2834 4756; x_wconf 88' lang='lat' dir='ltr'><strong>arenam</strong></span> <span class='ocrx_word' id='word_1_861' title='bbox 2865 4697 3028 4752; x_wconf 88' lang='lat' dir='ltr'><strong>maris</strong></span> <span class='ocrx_word' id='word_1_862' title='bbox 3057 4695 3288 4752; x_wconf 84' lang='lat' dir='ltr'><strong>volatilia</strong></span> <span class='ocrx_word' id='word_1_863' title='bbox 3317 4705 3565 4766; x_wconf 88' lang='lat' dir='ltr'><strong>pennata.</strong></span> 
     </span>
    </p>
   </div>
   <div class='ocr_carea' id='block_1_109' title="bbox 1982 4788 3570 4855">
    <p class='ocr_par' dir='ltr' id='par_1_109' title="bbox 1982 4788 3570 4855">
     <span class='ocr_line' id='line_1_109' title="bbox 1982 4788 3570 4855; baseline -0.008 -2"><span class='ocrx_word' id='word_1_864' title='bbox 1982 4799 2048 4853; x_wconf 88' lang='lat' dir='ltr'><strong>Et</strong></span> <span class='ocrx_word' id='word_1_865' title='bbox 2091 4797 2399 4853; x_wconf 84' lang='lat' dir='ltr'><strong>ceciderunt</strong></span> <span class='ocrx_word' id='word_1_866' title='bbox 2445 4796 2497 4849; x_wconf 93' lang='lat' dir='ltr'><strong>in</strong></span> <span class='ocrx_word' id='word_1_867' title='bbox 2542 4792 2719 4849; x_wconf 87' lang='lat' dir='ltr'><strong>medio</strong></span> <span class='ocrx_word' id='word_1_868' title='bbox 2759 4799 3056 4847; x_wconf 87' lang='lat' dir='ltr'><strong>castrorum</strong></span> <span class='ocrx_word' id='word_1_869' title='bbox 3087 4804 3292 4855; x_wconf 88' lang='lat' dir='ltr'><strong>eorum,</strong></span> <span class='ocrx_word' id='word_1_870' title='bbox 3322 4788 3464 4843; x_wconf 83' lang='lat' dir='ltr'><strong>circa</strong></span> <span class='ocrx_word' id='word_1_871' title='bbox 3493 4795 3570 4841; x_wconf 88' lang='lat' dir='ltr'><strong>ta-</strong></span> 
     </span>
    </p>
   </div>
   <div class='ocr_carea' id='block_1_110' title="bbox 1981 4881 3572 4949">
    <p class='ocr_par' dir='ltr' id='par_1_110' title="bbox 1981 4881 3572 4949">
     <span class='ocr_line' id='line_1_110' title="bbox 1981 4881 3572 4949; baseline -0.009 -2"><span class='ocrx_word' id='word_1_872' title='bbox 1981 4891 2270 4948; x_wconf 86' lang='lat' dir='ltr'><strong>bernacula</strong></span> <span class='ocrx_word' id='word_1_873' title='bbox 2299 4905 2504 4946; x_wconf 86' lang='lat' dir='ltr'><strong>eorum.</strong></span> <span class='ocrx_word' id='word_1_874' title='bbox 2527 4887 2595 4943; x_wconf 88' lang='lat' dir='ltr'><strong>Et</strong></span> <span class='ocrx_word' id='word_1_875' title='bbox 2623 4885 3103 4949; x_wconf 90' lang='lat' dir='ltr'><strong>manducaverunt,</strong></span> <span class='ocrx_word' id='word_1_876' title='bbox 3127 4890 3183 4938; x_wconf 91' lang='lat' dir='ltr'><strong>et</strong></span> <span class='ocrx_word' id='word_1_877' title='bbox 3205 4881 3426 4939; x_wconf 88' lang='lat' dir='ltr'><strong>saturati</strong></span> <span class='ocrx_word' id='word_1_878' title='bbox 3448 4889 3572 4935; x_wconf 91' lang='lat' dir='ltr'><strong>sunt</strong></span> 
     </span>
    </p>
   </div>
   <div class='ocr_carea' id='block_1_111' title="bbox 1983 4973 3572 5053">
    <p class='ocr_par' dir='ltr' id='par_1_111' title="bbox 1983 4973 3572 5053">
     <span class='ocr_line' id='line_1_111' title="bbox 1983 4973 3572 5053; baseline -0.01 -13"><span class='ocrx_word' id='word_1_879' title='bbox 1983 4986 2185 5053; x_wconf 89' lang='lat' dir='ltr'><strong>nimis;</strong></span> <span class='ocrx_word' id='word_1_880' title='bbox 2232 4992 2288 5040; x_wconf 91' lang='lat' dir='ltr'><strong>et</strong></span> <span class='ocrx_word' id='word_1_881' title='bbox 2329 4979 2652 5038; x_wconf 90' lang='lat' dir='ltr'><strong>desiderium</strong></span> <span class='ocrx_word' id='word_1_882' title='bbox 2701 4991 2886 5033; x_wconf 90' lang='lat' dir='ltr'><strong>eorum</strong></span> <span class='ocrx_word' id='word_1_883' title='bbox 2931 4975 3109 5030; x_wconf 90' lang='lat' dir='ltr'><strong>attulit</strong></span> <span class='ocrx_word' id='word_1_884' title='bbox 3149 4973 3270 5029; x_wconf 87' lang='lat' dir='ltr'><strong>eis:</strong></span> <span class='ocrx_word' id='word_1_885' title='bbox 3299 4987 3405 5028; x_wconf 89' lang='lat' dir='ltr'><strong>non</strong></span> <span class='ocrx_word' id='word_1_886' title='bbox 3448 4981 3572 5025; x_wconf 90' lang='lat' dir='ltr'><strong>sunt</strong></span> 
     </span>
    </p>
   </div>
   <div class='ocr_carea' id='block_1_112' title="bbox 1983 5063 3573 5152">
    <p class='ocr_par' dir='ltr' id='par_1_112' title="bbox 1983 5063 3573 5152">
     <span class='ocr_line' id='line_1_112' title="bbox 1983 5063 3573 5152; baseline -0.01 -18"><span class='ocrx_word' id='word_1_887' title='bbox 1983 5079 2174 5152; x_wconf 90' lang='lat' dir='ltr'><strong>privati</strong></span> <span class='ocrx_word' id='word_1_888' title='bbox 2203 5093 2234 5132; x_wconf 89' lang='lat' dir='ltr'><strong>a</strong></span> <span class='ocrx_word' id='word_1_889' title='bbox 2261 5074 2528 5133; x_wconf 90' lang='lat' dir='ltr'><strong>desiderio</strong></span> <span class='ocrx_word' id='word_1_890' title='bbox 2552 5087 2670 5129; x_wconf 87' lang='lat' dir='ltr'><strong>suo.</strong></span> <span class='ocrx_word' id='word_1_891' title='bbox 2702 5091 2720 5124; x_wconf 77' lang='grc'><strong>»</strong></span> <span class='ocrx_word' id='word_1_892' title='bbox 2752 5071 2891 5126; x_wconf 86' lang='lat' dir='ltr'><strong>Ecce</strong></span> <span class='ocrx_word' id='word_1_893' title='bbox 2919 5083 3085 5140; x_wconf 89' lang='lat' dir='ltr'><strong>quare</strong></span> <span class='ocrx_word' id='word_1_894' title='bbox 3113 5065 3410 5122; x_wconf 88' lang='lat' dir='ltr'><strong>distulerat.</strong></span> <span class='ocrx_word' id='word_1_895' title='bbox 3434 5063 3573 5131; x_wconf 80' lang='lat' dir='ltr'><strong>Quid</strong></span> 
     </span>
    </p>
   </div>
   <div class='ocr_carea' id='block_1_113' title="bbox 1983 5157 3574 5233">
    <p class='ocr_par' dir='ltr' id='par_1_113' title="bbox 1983 5157 3574 5233">
     <span class='ocr_line' id='line_1_113' title="bbox 1983 5157 3574 5233; baseline -0.013 -5"><span class='ocrx_word' id='word_1_896' title='bbox 1983 5179 2163 5228; x_wconf 72' lang='lat' dir='ltr'><strong>autem</strong></span> <span class='ocrx_word' id='word_1_897' title='bbox 2193 5169 2499 5233; x_wconf 87' lang='lat' dir='ltr'><strong>distulerat,</strong></span> <span class='ocrx_word' id='word_1_898' title='bbox 2532 5161 3050 5222; x_wconf 67' lang='lat' dir='ltr'><strong>audiamusuldliuc</strong></span> <span class='ocrx_word' id='word_1_899' title='bbox 3092 5175 3205 5215; x_wconf 82' lang='lat' dir='ltr'><strong>esca</strong></span> <span class='ocrx_word' id='word_1_900' title='bbox 3244 5166 3352 5212; x_wconf 86' lang='lat' dir='ltr'><strong>erat</strong></span> <span class='ocrx_word' id='word_1_901' title='bbox 3391 5157 3444 5209; x_wconf 89' lang='lat' dir='ltr'><strong>in</strong></span> <span class='ocrx_word' id='word_1_902' title='bbox 3489 5171 3574 5208; x_wconf 86' lang='lat' dir='ltr'><strong>ore</strong></span> 
     </span>
    </p>
   </div>
   <div class='ocr_carea' id='block_1_114' title="bbox 1984 5245 3572 5337">
    <p class='ocr_par' dir='ltr' id='par_1_114' title="bbox 1984 5245 3572 5337">
     <span class='ocr_line' id='line_1_114' title="bbox 1984 5245 3572 5337; baseline -0.013 -18"><span class='ocrx_word' id='word_1_903' title='bbox 1984 5268 2232 5337; x_wconf 85' lang='lat' dir='ltr'><strong>ipsorum,</strong></span> <span class='ocrx_word' id='word_1_904' title='bbox 2262 5271 2310 5317; x_wconf 90' lang='lat' dir='ltr'><strong>et</strong></span> <span class='ocrx_word' id='word_1_905' title='bbox 2337 5261 2416 5315; x_wconf 89' lang='lat' dir='ltr'><strong>ira</strong></span> <span class='ocrx_word' id='word_1_906' title='bbox 2439 5258 2537 5315; x_wconf 89' lang='lat' dir='ltr'><strong>Dei</strong></span> <span class='ocrx_word' id='word_1_907' title='bbox 2574 5256 2800 5313; x_wconf 87' lang='lat' dir='ltr'><strong>ascendit</strong></span> <span class='ocrx_word' id='word_1_908' title='bbox 2825 5272 2978 5326; x_wconf 85' lang='lat' dir='ltr'><strong>super</strong></span> <span class='ocrx_word' id='word_1_909' title='bbox 3007 5270 3108 5308; x_wconf 87' lang='lat' dir='ltr'><strong>eos.</strong></span> <span class='ocrx_word' id='word_1_910' title='bbox 3137 5253 3277 5307; x_wconf 86' lang='lat' dir='ltr'><strong>Ecce</strong></span> <span class='ocrx_word' id='word_1_911' title='bbox 3300 5247 3441 5320; x_wconf 89' lang='lat' dir='ltr'><strong>quod</strong></span> <span class='ocrx_word' id='word_1_912' title='bbox 3459 5245 3572 5301; x_wconf 84' lang='lat' dir='ltr'><strong>dis-</strong></span> 
     </span>
    </p>
   </div>
   <div class='ocr_carea' id='block_1_115' title="bbox 1988 5342 3574 5418">
    <p class='ocr_par' dir='ltr' id='par_1_115' title="bbox 1988 5342 3574 5418">
     <span class='ocr_line' id='line_1_115' title="bbox 1988 5342 3574 5418; baseline -0.012 -6"><span class='ocrx_word' id='word_1_913' title='bbox 1988 5358 2200 5412; x_wconf 88' lang='lat' dir='ltr'><strong>tulerat.</strong></span> <span class='ocrx_word' id='word_1_914' title='bbox 2227 5354 2377 5408; x_wconf 84' lang='lat' dir='ltr'><strong>Prius</strong></span> <span class='ocrx_word' id='word_1_915' title='bbox 2402 5352 2566 5418; x_wconf 92' lang='lat' dir='ltr'><strong>enim,</strong></span> <span class='ocrx_word' id='word_1_916' title='bbox 2588 5348 2817 5413; x_wconf 84' lang='lat' dir='ltr'><strong>distulit;</strong></span> <span class='ocrx_word' id='word_1_917' title='bbox 2841 5357 2896 5403; x_wconf 90' lang='lat' dir='ltr'><strong>et</strong></span> <span class='ocrx_word' id='word_1_918' title='bbox 2923 5354 3124 5417; x_wconf 86' lang='lat' dir='ltr'><strong>postea,</strong></span> <span class='ocrx_word' id='word_1_919' title='bbox 3167 5342 3299 5414; x_wconf 90' lang='lat' dir='ltr'><strong>ignis</strong></span> <span class='ocrx_word' id='word_1_920' title='bbox 3331 5355 3574 5394; x_wconf 86' lang='lat' dir='ltr'><strong>accensus</strong></span> 
     </span>
    </p>
   </div>
   <div class='ocr_carea' id='block_1_116' title="bbox 1987 5433 3574 5512">
    <p class='ocr_par' dir='ltr' id='par_1_116' title="bbox 1987 5433 3574 5512">
     <span class='ocr_line' id='line_1_116' title="bbox 1987 5433 3574 5512; baseline -0.01 -10"><span class='ocrx_word' id='word_1_921' title='bbox 1987 5457 2063 5503; x_wconf 87' lang='lat' dir='ltr'><strong>est</strong></span> <span class='ocrx_word' id='word_1_922' title='bbox 2086 5449 2140 5501; x_wconf 92' lang='lat' dir='ltr'><strong>in</strong></span> <span class='ocrx_word' id='word_1_923' title='bbox 2163 5444 2345 5512; x_wconf 79' lang='lat' dir='ltr'><strong>Iacob,</strong></span> <span class='ocrx_word' id='word_1_924' title='bbox 2377 5452 2422 5498; x_wconf 90' lang='lat' dir='ltr'><strong>et</strong></span> <span class='ocrx_word' id='word_1_925' title='bbox 2450 5443 2530 5497; x_wconf 89' lang='lat' dir='ltr'><strong>ira</strong></span> <span class='ocrx_word' id='word_1_926' title='bbox 2567 5440 2789 5497; x_wconf 84' lang='lat' dir='ltr'><strong>ascendit</strong></span> <span class='ocrx_word' id='word_1_927' title='bbox 2817 5440 2871 5494; x_wconf 92' lang='lat' dir='ltr'><strong>in</strong></span> <span class='ocrx_word' id='word_1_928' title='bbox 2895 5436 3082 5493; x_wconf 85' lang='lat' dir='ltr'><strong>Israel.</strong></span> <span class='ocrx_word' id='word_1_929' title='bbox 3111 5433 3397 5490; x_wconf 86' lang='lat' dir='ltr'><strong>Distulerat</strong></span> <span class='ocrx_word' id='word_1_930' title='bbox 3423 5447 3574 5502; x_wconf 84' lang='lat' dir='ltr'><strong>ergo,</strong></span> 
     </span>
    </p>
   </div>
   <div class='ocr_carea' id='block_1_117' title="bbox 1989 5523 3577 5609">
    <p class='ocr_par' dir='ltr' id='par_1_117' title="bbox 1989 5523 3577 5609">
     <span class='ocr_line' id='line_1_117' title="bbox 1989 5523 3577 5609; baseline -0.011 -14"><span class='ocrx_word' id='word_1_931' title='bbox 1989 5547 2048 5596; x_wconf 92' lang='lat' dir='ltr'><strong>ut</strong></span> <span class='ocrx_word' id='word_1_932' title='bbox 2077 5539 2222 5609; x_wconf 90' lang='lat' dir='ltr'><strong>prius</strong></span> <span class='ocrx_word' id='word_1_933' title='bbox 2247 5538 2446 5593; x_wconf 87' lang='lat' dir='ltr'><strong>faceret</strong></span> <span class='ocrx_word' id='word_1_934' title='bbox 2469 5535 2610 5607; x_wconf 90' lang='lat' dir='ltr'><strong>quod</strong></span> <span class='ocrx_word' id='word_1_935' title='bbox 2637 5549 2758 5589; x_wconf 90' lang='lat' dir='ltr'><strong>eum</strong></span> <span class='ocrx_word' id='word_1_936' title='bbox 2797 5532 2971 5586; x_wconf 89' lang='lat' dir='ltr'><strong>facere</strong></span> <span class='ocrx_word' id='word_1_937' title='bbox 3006 5543 3111 5583; x_wconf 91' lang='lat' dir='ltr'><strong>non</strong></span> <span class='ocrx_word' id='word_1_938' title='bbox 3143 5541 3298 5598; x_wconf 87' lang='lat' dir='ltr'><strong>posse</strong></span> <span class='ocrx_word' id='word_1_939' title='bbox 3331 5523 3577 5580; x_wconf 88' lang='lat' dir='ltr'><strong>credide-</strong></span> 
     </span>
    </p>
   </div>
   <div class='ocr_carea' id='block_1_118' title="bbox 1990 5615 3576 5697">
    <p class='ocr_par' dir='ltr' id='par_1_118' title="bbox 1990 5615 3576 5697">
     <span class='ocr_line' id='line_1_118' title="bbox 1990 5615 3576 5697; baseline -0.012 -9"><span class='ocrx_word' id='word_1_940' title='bbox 1990 5641 2130 5697; x_wconf 89' lang='lat' dir='ltr'><strong>rant,</strong></span> <span class='ocrx_word' id='word_1_941' title='bbox 2155 5629 2347 5686; x_wconf 89' lang='lat' dir='ltr'><strong>deinde</strong></span> <span class='ocrx_word' id='word_1_942' title='bbox 2379 5627 2602 5684; x_wconf 87' lang='lat' dir='ltr'><strong>inferret</strong></span> <span class='ocrx_word' id='word_1_943' title='bbox 2625 5624 2764 5697; x_wconf 89' lang='lat' dir='ltr'><strong>quod</strong></span> <span class='ocrx_word' id='word_1_944' title='bbox 2792 5638 2885 5678; x_wconf 89' lang='lat' dir='ltr'><strong>eos</strong></span> <span class='ocrx_word' id='word_1_945' title='bbox 2912 5621 3018 5692; x_wconf 89' lang='lat' dir='ltr'><strong>pati</strong></span> <span class='ocrx_word' id='word_1_946' title='bbox 3046 5618 3343 5690; x_wconf 83' lang='lat' dir='ltr'><strong>Oportebat.</strong></span> <span class='ocrx_word' id='word_1_947' title='bbox 3365 5616 3498 5672; x_wconf 83' lang='lat' dir='ltr'><strong>Nam</strong></span> <span class='ocrx_word' id='word_1_948' title='bbox 3528 5615 3576 5669; x_wconf 92' lang='lat' dir='ltr'><strong>si</strong></span> 
     </span>
    </p>
   </div>
   <div class='ocr_carea' id='block_1_119' title="bbox 1993 5706 3578 5798">
    <p class='ocr_par' dir='ltr' id='par_1_119' title="bbox 1993 5706 3578 5798">
     <span class='ocr_line' id='line_1_119' title="bbox 1993 5706 3578 5798; baseline -0.013 -17"><span class='ocrx_word' id='word_1_949' title='bbox 1993 5732 2256 5798; x_wconf 90' lang='lat' dir='ltr'><strong>ponerent</strong></span> <span class='ocrx_word' id='word_1_950' title='bbox 2295 5721 2346 5777; x_wconf 93' lang='lat' dir='ltr'><strong>in</strong></span> <span class='ocrx_word' id='word_1_951' title='bbox 2386 5723 2495 5777; x_wconf 88' lang='lat' dir='ltr'><strong>Deo</strong></span> <span class='ocrx_word' id='word_1_952' title='bbox 2521 5736 2668 5790; x_wconf 85' lang='lat' dir='ltr'><strong>spem</strong></span> <span class='ocrx_word' id='word_1_953' title='bbox 2689 5732 2861 5782; x_wconf 87' lang='lat' dir='ltr'><strong>suam,</strong></span> <span class='ocrx_word' id='word_1_954' title='bbox 2891 5731 2995 5770; x_wconf 86' lang='lat' dir='ltr'><strong>nun</strong></span> <span class='ocrx_word' id='word_1_955' title='bbox 3024 5713 3195 5767; x_wconf 89' lang='lat' dir='ltr'><strong>solum</strong></span> <span class='ocrx_word' id='word_1_956' title='bbox 3216 5711 3296 5766; x_wconf 91' lang='lat' dir='ltr'><strong>eis</strong></span> <span class='ocrx_word' id='word_1_957' title='bbox 3323 5709 3413 5766; x_wconf 85' lang='lat' dir='ltr'><strong>illa</strong></span> <span class='ocrx_word' id='word_1_958' title='bbox 3437 5706 3578 5763; x_wconf 88' lang='lat' dir='ltr'><strong>desi-</strong></span> 
     </span>
    </p>
   </div>
   <div class='ocr_carea' id='block_1_120' title="bbox 2056 5823 3579 5959">
    <p class='ocr_par' dir='ltr' id='par_1_120' title="bbox 2056 5823 3579 5959">
     <span class='ocr_line' id='line_1_120' title="bbox 2056 5823 3579 5959; baseline -0.009 -66"><span class='ocrx_word' id='word_1_959' title='bbox 2056 5842 2130 5959; x_wconf 64' lang='grc' dir='ltr'><strong>(ἕ)</strong></span> <span class='ocrx_word' id='word_1_960' title='bbox 2159 5841 2290 5892; x_wconf 88' lang='lat' dir='ltr'><strong>Idem</strong></span> <span class='ocrx_word' id='word_1_961' title='bbox 2307 5840 2360 5904; x_wconf 67' lang='lat'><strong>7.</strong></span> <span class='ocrx_word' id='word_1_962' title='bbox 2379 5837 2442 5889; x_wconf 69' lang='lat'><strong>25</strong></span> <span class='ocrx_word' id='word_1_963' title='bbox 2463 5835 2728 5901; x_wconf 81' lang='lat' dir='ltr'><strong>explicatur</strong></span> <span class='ocrx_word' id='word_1_964' title='bbox 2753 5843 2898 5896; x_wconf 81' lang='lat' dir='ltr'><strong>supra</strong></span> <span class='ocrx_word' id='word_1_965' title='bbox 2925 5831 2970 5881; x_wconf 92' lang='lat' dir='ltr'><strong>in</strong></span> <span class='ocrx_word' id='word_1_966' title='bbox 2997 5826 3113 5879; x_wconf 86' lang='lat' dir='ltr'><strong>Psal.</strong></span> <span class='ocrx_word' id='word_1_967' title='bbox 3144 5840 3314 5892; x_wconf 62' lang='grc' dir='ltr'><strong>χχχιιι,</strong></span> <span class='ocrx_word' id='word_1_968' title='bbox 3337 5836 3488 5878; x_wconf 75' lang='lat' dir='ltr'><strong>serta.</strong></span> <span class='ocrx_word' id='word_1_969' title='bbox 3527 5823 3579 5895; x_wconf 72' lang='grc'><strong>1,</strong></span> 
     </span>
    </p>
   </div>
   <div class='ocr_carea' id='block_1_121' title="bbox 1996 5923 2121 5961">
    <p class='ocr_par' dir='ltr' id='par_1_121' title="bbox 1996 5923 2121 5961">
     <span class='ocr_line' id='line_1_121' title="bbox 1996 5923 2121 5961; baseline -0.016 0"><span class='ocrx_word' id='word_1_970' title='bbox 1996 5923 2046 5961; x_wconf 85' lang='lat' dir='ltr'><strong>tt.</strong></span> <span class='ocrx_word' id='word_1_971' title='bbox 2072 5923 2121 5959; x_wconf 83' lang='grc' dir='ltr'><strong>ο.</strong></span> 
     </span>
    </p>
   </div>
  </div>
