4076 6460
265 362 362 434 997

265 498 371 548 est,
403 496 503 536 non
531 484 613 535 est
638 476 691 533 in
722 474 901 532 munis
928 474 1164 531 vocatis:
1189 472 1341 529 Multi
1358 475 1491 529 enim
1514 482 1631 527 sunt
1653 470 1835 538 vocati,

266 576 405 647 pauci
427 584 589 627 autem
615 571 755 626 electi
781 568 990 640 (Matth.
1016 583 1112 632 xx,
1148 567 1258 638 l6).
1287 567 1430 622 Talis
1456 581 1583 636 ergo
1606 573 1721 619 erat
1744 578 1838 635 ge-

268 666 461 722 neratio
483 678 642 735 prava
664 671 715 717 et
736 661 1033 717 amaricans
1053 701 1066 725 ,
1088 663 1247 715 etiam
1269 674 1388 714 cum
1414 658 1579 712 Deum
1600 668 1841 727 quaerere

264 757 560 820 videretur;
604 753 825 825 diligens
862 753 914 807 in
956 767 1050 808 ore
1087 760 1142 807 et
1170 751 1220 805 in
1252 752 1425 821 lingua
1454 744 1753 812 mentiens;
1784 749 1839 803 in

262 842 417 905 corde
460 858 636 902 autem
677 832 782 900 non
811 842 954 899 recta
980 856 1100 898 cum
1132 834 1241 897 Deo
1261 882 1277 908 ,
1309 841 1399 895 ubi
1423 855 1485 897 ea
1512 841 1686 911 potius
1715 838 1839 893 dilié

261 941 411 1011 gebat
436 946 651 1008 propter
675 937 793 1007 qua:
819 923 911 991 Dei
931 934 1248 1005 adjutorlum
1264 928 1589 1003 requirebat.
1670 929 1683 935 ’

268 1043 281 1049 ·
328 1012 417 1085 Ξέ.
442 1027 617 1103 ’[υενε.
644 1028 742 1096 58,
770 1026 884 1101 39.]
915 1046 936 1081 ι
968 1026 1085 1097 Ipse
1110 1035 1284 1082 autem
1307 1033 1391 1081 est
1418 1025 1719 1080 misericors
1741 1066 1755 1090 ,
1788 1030 1844 1080 et

263 1118 515 1193 propitius
555 1121 646 1177 ﬁet
681 1120 914 1191 peccatis
953 1132 1173 1181 eorum,
1217 1126 1269 1172 et
1298 1130 1402 1171 non
1433 1114 1703 1186 disperdet
1725 1128 1839 1170 eos.

261 1214 325 1269 Et
354 1198 637 1268 abundabit
665 1219 720 1265 ut
746 1218 948 1266 avertat
974 1209 1105 1263 iram
1135 1222 1283 1264 suam
1301 1250 1317 1276 ,
1345 1218 1524 1262 etnon
1546 1207 1840 1262 accendet‘

260 1306 468 1358 omnem
500 1304 635 1366 iram
662 1317 834 1357 suam.
867 1300 931 1356 Et
956 1292 1264 1355 recordatus
1284 1308 1367 1354 est
1389 1298 1509 1369 quia
1536 1313 1661 1353 caro
1682 1307 1838 1364 sunt;

258 1380 470 1466 Spiritus
497 1393 714 1457 vadens,
745 1400 925 1447 etnon
950 1400 1241 1446 revertens.
1268 1409 1286 1442 ι
1314 1390 1369 1444 1η
1394 1388 1478 1446 his
1495 1389 1672 1444 verbis
1692 1388 1841 1444 multi

258 1487 354 1542 sibi
397 1484 688 1554 iniquitatis
732 1482 1098 1553 impunitatem
1141 1481 1210 1537 de
1256 1480 1432 1537 divina
1480 1479 1842 1537 misericordia

260 1579 572 1650 pollicentur
592 1616 608 1642 ,
640 1575 846 1630 etiamsi
876 1575 1006 1630 tales
1029 1588 1149 1630 esse
1172 1573 1502 1644 perstiterint
1523 1616 1539 1641 ,
1567 1574 1741 1644 qualis
1758 1589 1845 1645 ge-

257 1670 443 1724 neratio
473 1669 570 1723 ista
597 1666 915 1722 describitur
936 1683 1093 1738 prava
1118 1676 1166 1722 et
1186 1668 1471 1721 amaricans
1497 1683 1612 1736 quae
1633 1683 1720 1721 cor
1741 1683 1843 1722 non

256 1762 434 1816 direxit
461 1776 611 1815 suum
630 1800 644 1824 ,
666 1767 713 1813 et
740 1775 840 1813 non
865 1768 943 1813 est
962 1758 1180 1814 creditus
1203 1774 1315 1814 cum
1334 1756 1446 1815 Deo
1464 1761 1671 1830 spiritus
1690 1761 1842 1830 ejus:

254 1855 443 1925 quibus
469 1853 772 1908 consentire
792 1867 896 1907 uon
919 1852 1156 1923 expedit.
1179 1852 1235 1910 Si
1258 1853 1399 1909 enim
1425 1895 1439 1921 ,
1469 1863 1527 1907 ut
1552 1853 1840 1910 secundum

256 1947 395 2016 ipsos
435 1946 658 2014 loquar,
704 1945 845 2000 Deus
886 1944 1112 2001 fortasse
1150 1959 1256 2001 non
1299 1945 1485 2016 perdet
1510 1960 1609 2002 uec
1636 1947 1842 2013 malos,

252 2037 365 2091 sine
405 2028 573 2089 dubio
598 2050 701 2090 non
731 2028 923 2106 perdet
951 2035 1138 2091 bonos.
1170 2036 1277 2092 Cur
1301 2032 1428 2107 ergo
1454 2052 1558 2091 non
1586 2038 1763 2109 potius
1789 2038 1843 2095 id

252 2128 495 2198 eligimus
518 2167 536 2195 ,
578 2125 667 2181 ubi
705 2126 963 2181 dubitatio
988 2127 1126 2181 utilia
1156 2129 1281 2183 est?
1305 2129 1435 2183 Nam
1466 2130 1556 2199 qui
1585 2130 1637 2184 ln
1667 2128 1843 2202 lingua

250 2236 341 2277 sita
389 2223 718 2275 mentiuntur
758 2219 830 2274 illi
861 2260 875 2283 ,
915 2216 1037 2275 cum
1074 2212 1219 2276 aliud
1262 2220 1454 2276 habeat
1490 2234 1584 2276 eor
1619 2238 1841 2290 eorum,

252 2322 437 2383 putant
467 2313 651 2383 utique
679 2320 732 2368 et
751 2311 936 2367 volunt
956 2354 970 2377 ,
990 2304 1211 2382 quando
1238 2327 1448 2382 poenam
1472 2322 1726 2370 attentam
1760 2325 1842 2370 ηιξ

247 2407 385 2462 libus
424 2405 811 2473 comminatur,
842 2394 1000 2460 etiam
1034 2392 1197 2459 Deum
1227 2394 1346 2460 esse
1372 2398 1702 2461 mendacem.
1736 2404 1844 2463 Sed

248 2484 367 2555 cum
412 2500 512 2571 ipsi
554 2515 673 2554 eum
722 2498 1029 2554 mentiendo
1052 2512 1157 2553 non
1184 2497 1366 2553 fallant
1390 2538 1405 2564 ,
1438 2498 1529 2554 ille
1553 2512 1736 2553 verum
1763 2499 1846 2553 di.

245 2594 416 2648 crudo
434 2588 722 2646 non'lallit.
743 2591 867 2646 llaec
894 2592 1070 2661 itaque
1095 2589 1255 2645 verba
1274 2588 1572 2644 divinorum
1597 2590 1840 2660 eloquio-

246 2686 359 2739 rtun
387 2728 403 2753 ,
436 2685 505 2739 de
560 2680 749 2755 quibus
777 2682 876 2739 sibi
907 2674 1180 2753 generatio
1207 2696 1367 2753 prava
1394 2681 1700 2747 blanditur,
1733 2696 1841 2738 non

242 2792 303 2831 ea
344 2777 635 2846 depravet,
683 2775 820 2830 sicut
856 2788 951 2830 cor
986 2768 1138 2829 suum
1160 2788 1176 2841 ;
1202 2774 1324 2845 quia
1350 2782 1405 2829 et
1433 2773 1526 2829 illo
1554 2770 1844 2844 depravato

243 2868 338 2922 ista
371 2879 516 2924 recta
553 2864 859 2939 persistunt.
892 2867 1072 2923 Primo
1097 2866 1292 2936 quippe
1315 2864 1609 2921 secundum
1636 2865 1739 2921 hoc
1764 2866 1845 2920 in-

244 2960 407 3030 telligi
455 2966 679 3028 possunt
720 2958 859 3029 quod
888 2957 939 3012 in
974 2950 1257 3027 Evangelio
1286 2957 1540 3028 scriptum
1567 2967 1688 3013 est:
1723 2974 1742 3009 ι
1772 2956 1845 3017 Ut

239 3052 355 3107 sitis
380 3053 527 3108 sicut
554 3053 710 3108 Pater
731 3056 907 3108 tester
930 3039 1020 3122 qui
1048 3042 1098 3105 in
1122 3049 1272 3106 caelis
1298 3059 1417 3117 est;
1448 3050 1540 3120 qui
1566 3050 1691 3107 facit
1715 3051 1843 3107 oriri

238 3147 408 3203 solem
449 3161 607 3201 suum
637 3136 799 3217 super
823 3144 991 3199 bonos
1017 3153 1070 3199 et
1096 3143 1265 3199 malos
1287 3184 1303 3210 ,
1334 3153 1388 3198 et
1419 3143 1549 3214 pluit
1574 3158 1736 3214 super
1757 3145 1844 3215 ju-

239 3249 352 3295 Slus
383 3250 439 3297 et
468 3239 696 3307 injustas
732 3257 750 3291 ι
785 3237 892 3308 (Id.
922 3253 971 3304 v,
998 3226 1112 3305 45).
1138 3235 1270 3304 Quis
1307 3235 1448 3290 enim
1501 3249 1608 3290 non
1660 3235 1842 3292 videat

236 3343 438 3401 quanta
491 3328 869 3385 misericordia:
897 3328 1146 3398 patientia
1172 3327 1328 3383 malis
1352 3328 1567 3398 parcat!
1599 3326 1693 3383 sed
1719 3336 1843 3385 ante

234 3420 521 3495 judicium.
552 3420 642 3477 Sic
665 3436 790 3490 ergo
818 3412 1053 3490 pepercit
1083 3414 1160 3475 illi
1185 3419 1366 3491 genti,
1397 3428 1457 3474 ut
1485 3419 1627 3475 non'
1652 3434 1843 3476 accen-

234 3513 387 3569 deret
422 3527 641 3567 omnem
670 3512 802 3565 iram
822 3523 976 3564 suam
999 3508 1064 3564 ad
1088 3524 1208 3565 eam
1232 3510 1442 3579 penitus
1466 3509 1839 3579 eradicandam

233 3615 397 3676 atque
429 3604 753 3669 liuicndam;
784 3601 925 3673 quod
955 3602 1005 3656 in
1030 3602 1209 3658 verbis
1234 3602 1349 3672 ejus
1377 3610 1432 3658 et
1457 3603 1841 3662 intercessione

234 3711 331 3768 pro
379 3696 619 3768 peccatis
649 3704 833 3749 eorum
865 3686 1031 3766 Moysi
1062 3695 1200 3749 servi
1229 3694 1348 3764 ejus
1372 3695 1650 3751 evidenter
1671 3712 1838 3768 appa-

232 3796 311 3845 ret
336 3830 351 3855 ,
401 3787 495 3841 ubi
541 3786 680 3841 Deus
703 3785 868 3851 dicit,
898 3784 1109 3841 Deleam
1134 3801 1218 3841 eos
1236 3826 1253 3854 ,
1279 3796 1325 3843 et
1353 3787 1540 3858 faciam
1565 3799 1612 3844 te
1632 3789 1686 3844 in
1713 3805 1836 3861 gen.

231 3884 611 3949 lem'maguam
636 3874 831 3948 (Exod.
860 3892 1034 3944 χχχιι,
1068 3876 1158 3951 l0)
1191 3893 1207 3933 :
1232 3878 1322 3934 ille
1350 3879 1662 3947 intercedit,
1685 3896 1841 3954 para-

231 3963 335 4025 iior
376 3968 554 4024 deleri
590 3972 687 4037 pro
714 3967 843 4037 ipsis
865 3966 1029 4039 quam
1055 3969 1237 4039 ipsos;
1264 3970 1441 4028 sciens
1465 3973 1604 4041 apud
1632 3974 1841 4030 miseri.

228 4061 457 4115 cordem
489 4072 549 4113 se
574 4058 624 4112 id
652 4073 811 4128 agere
833 4099 849 4125 ,
881 4060 971 4128 qui
996 4060 1247 4128 quoniam
1277 4060 1424 4116 nullo
1450 4062 1611 4118 modo
1633 4063 1840 4120 deleret

227 4151 410 4221 ipsum
439 4190 455 4216 ,
506 4148 663 4202 etiam
705 4148 807 4202 illis
844 4149 974 4217 ipsis
1012 4158 1253 4218 parceret
1281 4159 1499 4221 propter
1522 4153 1717 4220 ipsum.
1750 4154 1838 4210 Vi.

226 4245 467 4301 deamus
510 4241 650 4296 enim
690 4249 942 4310 quantum
991 4243 1323 4310 pepercerit,
1356 4251 1412 4297 et
1435 4243 1611 4300 adhuc
1636 4255 1836 4314 parcat.

225 4335 364 4391 Nam
396 4331 698 4389 introduxit
718 4334 815 4386 eos
841 4331 894 4386 in
923 4338 1116 4386 terram
1147 4332 1514 4402 promissionis
1537 4375 1553 4402 ,
1580 4344 1836 4391 et‘serva-

226 4427 306 4482 vit
334 4440 466 4481 eam
494 4430 704 4493 gentem
734 4436 1007 4492 quousque
1030 4436 1089 4478 se
1107 4464 1122 4488 ,
1143 4421 1410 4479 Christum
1434 4423 1801 4485 interﬁciendo
1817 4469 1834 4497 ,

225 4517 432 4583 sceleri
482 4513 720 4568 omnium
753 4514 995 4573 ‘maximo
1026 4514 1336 4584 colligerent
1363 4533 1378 4569 :
1408 4524 1463 4571 et
1485 4515 1628 4587 quod
1652 4532 1746 4574 eos
1770 4533 1836 4576 ex

226 4612 320 4666 illo
349 4622 531 4679 regno
551 4604 846 4661 cradicatos
868 4621 961 4676 per
978 4613 1167 4660 cuncta
1187 4607 1423 4676 gentium
1445 4622 1605 4679 regna
1627 4608 1648 4642 ³
1667 4610 1838 4667 disse;

224 4702 470 4759 minnvit
493 4739 509 4766 ,
542 4704 647 4753 non
672 4698 853 4769 utique
875 4698 1071 4755 delevit
1092 4715 1109 4764 ;
1131 4699 1227 4755 sed
1247 4708 1427 4758 manet
1448 4699 1591 4759 idem
1614 4704 1839 4774 populus

226 4796 401 4866 prolis
430 4791 777 4848 successione
800 4799 1042 4847 servatus
1063 4833 1081 4860 ,
1106 4792 1246 4847 velut
1266 4792 1397 4849 Cain
1425 4794 1581 4865 signo
1596 4806 1835 4866 accepto,

225 4890 294 4942 ne
326 4886 461 4957 quis
487 4898 610 4939 cum
637 4881 878 4946 occidat,
907 4882 959 4941 id
980 4893 1063 4940 est
1086 4923 1100 4949 ,
1130 4887 1338 4954 penitus
1359 4886 1546 4955 perdat
1571 4886 1723 4962 (Gen.
1747 4906 1798 4945 tv
1818 4931 1836 4959 ,

227 4980 345 5052 l5).
382 4980 536 5035 Ecce
561 4975 1011 5047 quemadmodum
1039 4976 1286 5047 impletur
1312 4979 1451 5047 quod
1482 4978 1680 5036 dictum
1707 4992 1789 5038 est
1820 5002 1836 5041 ε

228 5093 248 5127 t
285 5077 413 5148 Ipse
437 5079 621 5128 autem
647 5078 732 5125 est
760 5070 1081 5136 misericors,
1111 5079 1167 5126 ct
1195 5070 1451 5141 prepitius
1479 5075 1580 5129 erit
1608 5077 1840 5144 peccatis

226 5180 429 5220 eurum
459 5203 477 5225 .
510 5169 564 5215 et
591 5174 701 5215 non
732 5159 922 5230 perdet
962 5175 1092 5225 eos;
1127 5169 1183 5216 et
1218 5161 1507 5223 abundabit
1542 5172 1598 5225 ut
1633 5176 1842 5229 avertat

225 5258 368 5314 iram
387 5268 575 5318 suam,
598 5261 652 5308 et
672 5250 1059 5309 non'acceudet
1080 5243 1293 5309 omnem
1311 5254 1443 5311 iram
1466 5269 1636 5311 suam.
1659 5274 1679 5310 ι
1703 5257 1837 5326 Quia

222 5351 273 5407 si
301 5348 499 5405 omnis
526 5345 603 5401 ira
627 5345 739 5417 eius
765 5386 780 5411 ,
809 5345 862 5402 id
887 5356 1001 5414 est,
1027 5356 1280 5421 quantum
1307 5348 1453 5420 digni
1476 5358 1631 5416 sunt,
1660 5352 1714 5409 iu
1743 5366 1839 5409 eos

292 5503 422 5559 istc
463 5499 701 5563 meliores
874 5500 1013 5563 juxta
1035 5507 1162 5549 LXX.
1191 5508 1246 5563 At
1269 5503 1471 5563 Edd.,et
1510 5504 1839 5559 abundantia

225 5565 491 5633 divertere:
525 5560 652 5633 iram
672 5572 841 5633 suam,
862 5560 908 5612 ἐι
929 5560 1262 5633 anuper:de
1283 5575 1302 5613 :
1319 5560 1467 5633 male,
1499 5566 1837 5633 quandoqn.

222 5636 332 5697 turn
378 5622 623 5697 8W
652 5621 797 5674 verba
827 5621 978 5686 esse,
1011 5624 1127 5677 dicit
1162 5621 1462 5690 angustus
1494 5621 1650 5694 iulia,

222 5696 401 5743 Enarr.
440 5684 503 5735 n5
540 5684 618 5743 23.
964 5684 969 5686 ⁷

224 5751 333 5784 "1'
357 5750 540 5807 Abest,
562 5752 674 5808 non,
697 5758 727 5797 a
748 5746 997 5810 plerisque
1016 5753 1124 5799 Mss.

292 5814 319 5847 ³
344 5821 481 5873 vox,
497 5822 664 5873 regna,
682 5810 825 5861 abest
844 5816 997 5860 antas.

1282 346 1676 418 ENARRATIO
1710 354 1778 415 IN
1813 338 2137 417 rsmuut
2171 354 2430 418 Lxxvu.

1850 5930 1917 5957 ὀρ

3424 353 3533 423 998

1947 470 2334 528 accenderetur
2354 514 2369 539 ,
2409 485 2542 543 gens
2576 469 2663 526 illa
2690 472 2830 528 nulla
2858 472 3264 545 relinqueretur.
3292 474 3365 532 Ita
3394 479 3533 533 Deus

1943 562 2026 617 cui
2052 573 2294 617 cantatur
2319 563 2681 618 misericordia
2707 575 2759 618 ct
2779 565 3031 633 judiciqu
3059 566 3229 639 (Psal.
3258 584 3288 623 c
3309 609 3324 634 ,
3355 571 3411 637 1)
3437 610 3451 630 .
3475 579 3533 626 et

1943 652 1996 708 in
2023 654 2125 710 isto
2144 655 2339 709 smcttlo
2361 670 2453 725 per
2473 656 2886 725 miscricordiam
2915 658 3034 726 facit
3063 660 3186 714 oriri
3204 661 3358 716 solem
3383 677 3530 716 suum

1943 760 2095 813 super
2116 744 2270 799 bonos
2298 755 2342 800 et
2371 747 2530 801 malos
2550 786 2566 812 ,
2593 747 2718 802 etin
2745 748 2848 807 line
2870 749 3049 821 saeculi
3075 766 3169 819 per
3183 751 3438 819 judicium
3462 751 3530 806 ab

1943 841 2141 888 aeterna
2188 834 2306 890 luce
2347 850 2442 891 sua
2481 845 2753 909 separatos
2776 878 2791 903 ,
2837 838 3052 894 aeternis
3099 840 3333 898 tenebris
3380 843 3532 912 punit

1945 922 2133 978 malos.

1956 1030 1963 1039 '
2014 1013 2104 1071 25.
2139 1016 2336 1073 Deinde
2366 1034 2432 1073 ne
2460 1019 2564 1074 vim
2588 1020 2781 1077 divinis
2802 1021 2978 1078 verbis
3008 1021 3205 1078 inferre
3228 1022 3532 1091 videamur,

1945 1114 1999 1162 et
2023 1106 2111 1163 ubi
2138 1107 2337 1165 dictum
2359 1119 2475 1175 est,
2507 1109 2627 1167 Non
2654 1113 2824 1181 perdet
2853 1130 2970 1187 eos,
3002 1128 3099 1169 nos
3118 1113 3357 1175 dicamus
3378 1157 3394 1182 ,
3424 1117 3528 1172 Sed

1945 1208 2127 1266 postea
2168 1200 2351 1267 perdet
2376 1215 2472 1256 eos
2500 1219 2513 1255 :
2544 1202 2609 1258 de
2640 1203 2739 1265 boc
2770 1204 2884 1274 ipso
2911 1206 3157 1275 praesenti
3186 1206 3390 1277 psalmo
3421 1209 3530 1262 usi-

1946 1290 2258 1345 tatissimam
2297 1290 2589 1362 Scriptura:
2630 1294 2948 1357 locutionem
2990 1297 3326 1365 advertamus
3349 1340 3363 1365 ,
3394 1301 3531 1355 unde

1945 1381 2047 1436 ista
2099 1383 2322 1451 quaestio
2380 1385 2547 1441 multo
2601 1385 2905 1457 diligentius
2947 1389 3229 1461 veriusque
3272 1390 3528 1446 solvatur.

1946 1471 2103 1531 Certe
2125 1474 2193 1531 de
2218 1475 2298 1532 bis
2320 1477 2449 1547 ipsis
2469 1479 2692 1549 loquens
2713 1480 2868 1550 paulo
2888 1490 3009 1551 post
3024 1521 3040 1549 ,
3064 1497 3187 1537 cum
3207 1497 3507 1539 commemo

1946 1576 2118 1622 rasset
2161 1582 2280 1638 quas
2329 1578 2551 1640 preptcr‘
2587 1587 2681 1629 eos
2719 1572 2956 1645 Egyptii
3000 1576 3236 1645 perpessi
3278 1575 3483 1643 fuerant
3512 1617 3528 1645 ,

1946 1672 2370 1717 commemorans
2391 1663 2626 1719 ultimam
2656 1666 2860 1734 plagam
2884 1707 2900 1732 ,
2929 1685 2947 1718 t
2977 1667 3042 1724 Et
3069 1669 3364 1737 percussit,
3396 1688 3415 1722 ι
3450 1670 3531 1724 in-

1946 1750 2080 1820 quit,
2107 1768 2126 1803 ι
2153 1766 2314 1810 omne
2340 1755 2658 1826 primitivum
2683 1757 2734 1811 iu
2757 1766 2897 1815 terra
2916 1756 3152 1829 Egypti,
3179 1760 3436 1830 primitias
3457 1761 3534 1815 la-

1946 1840 2093 1898 boris
2130 1859 2314 1900 eorum
2356 1846 2408 1901 in
2449 1846 2801 1905 tabernaculis
2834 1846 3023 1905 Cbam.
3059 1849 3125 1906 Et
3153 1851 3368 1906 abstulit
3396 1852 3535 1909 sicut

1946 1948 2073 1990 oves
2101 1937 2349 2007 pepulqu
2373 1954 2524 1995 suum
2549 1979 2565 2002 .
2589 1948 2644 1995 et
2666 1940 2912 2010 perduxit
2934 1955 3028 1997 eos
3048 1950 3296 2012 tauquam
3314 1958 3534 2015 gregem

1947 2026 2000 2083 in
2025 2027 2259 2087 deserto.
2289 2030 2357 2087 Et
2383 2030 2603 2091 deduxit
2628 2047 2722 2087 eos
2752 2033 2803 2097 in
2828 2047 2923 2105 spe
2942 2076 2958 2102 ,
2985 2044 3039 2097 et
3069 2050 3173 2091 non
3202 2036 3489 2091 timuerunt
3515 2054 3530 2091 :

1946 2127 2004 2175 et
2037 2120 2280 2177 inimicos
2321 2138 2505 2181 eorum
2546 2126 2756 2194 operuit
2791 2142 2960 2182 mare.
3001 2128 3069 2187 Et
3106 2128 3311 2189 induxit
3350 2143 3444 2185 eos
3482 2129 3535 2185 in

1947 2224 2183 2270 montem
2222 2217 2654 2287 sanctiﬁcationis
2679 2230 2827 2285 sum;
2861 2230 3093 2279 montem
3121 2237 3279 2292 quem
3304 2223 3534 2292 acquisi-

1948 2304 2023 2359 vit
2063 2304 2281 2362 dextera
2323 2308 2463 2377 ejus.
2496 2309 2563 2367 Et
2597 2310 2759 2378 ejecit
2797 2325 2826 2369 ο
2864 2311 2998 2371 facie
3025 2328 3209 2367 eorum
3238 2322 3419 2383 gentes
3443 2351 3457 2377 ε
3485 2321 3540 2369 et

1947 2407 2093 2453 sorte
2128 2397 2399 2457 distribuit
2421 2399 2499 2456 eis
2530 2408 2725 2457 terram
2747 2402 2798 2459 in
2828 2402 3065 2460 funiculo
3086 2404 3492 2461 distributionis.
3513 2423 3535 2459 ι

1946 2488 2002 2543 Si
2039 2490 2159 2558 quis
2200 2490 2268 2549 ad
2298 2490 2414 2548 lucc
2443 2492 2604 2549 verba
2634 2495 2788 2550 uobis
2818 2495 3056 2553 inferens
3079 2499 3429 2568 quaestionem
3455 2500 3540 2555 di-

1945 2589 2033 2639 cat
2059 2592 2074 2634 :
2103 2580 2381 2655 Quomodo
2405 2584 2484 2639 eis
2511 2583 2628 2657 haec
2656 2587 2831 2642 omnia
2857 2587 3052 2664 collata
3074 2604 3195 2645 esse
3216 2604 3540 2647 commento.

1944 2678 2067 2738 rat,
2106 2687 2229 2727 cum
2261 2673 2360 2742 ipsi
2388 2690 2490 2730 non
2518 2674 2714 2733 fuerint
2739 2679 2976 2749 perducti
3006 2680 3057 2736 in
3085 2689 3280 2755 terram
3310 2684 3538 2752 promis-

1946 2762 2152 2831 siOnis,
2201 2766 2290 2836 qui
2328 2766 2399 2822 ab
2439 2767 2674 2840 Egypto
2711 2771 2921 2828 liberati
2959 2783 3123 2843 sunt,
3166 2776 3417 2846 quoniam
3462 2779 3537 2834 illi

1947 2856 2143 2912 mortui
2183 2858 2346 2914 sunt?
2370 2859 2498 2930 quid
2523 2863 2965 2932 respondebimus
2987 2907 3003 2931 ,
3032 2865 3134 2922 nisi
3164 2882 3257 2923 eos
3281 2867 3455 2942 dictos
3478 2872 3494 2903 ί
3519 2908 3535 2939 ,

1946 2947 2068 3017 quia
2089 2948 2231 3005 idetn
2252 2951 2366 3021 ipse
2386 2954 2615 3022 pepulus
2636 2954 2731 3012 fuit
2746 2961 2847 3027 per
2862 2960 3253 3017 successionem
3278 2963 3539 3022 ﬁliorum!

1945 3037 2033 3095 Sic
2058 3055 2214 3112 ergo,
2247 3056 2367 3098 eum
2392 3042 2638 3101 audimus
2655 3088 2671 3114 ,
2699 3048 2931 3107 maxime
2953 3049 3075 3122 quia
3102 3050 3260 3109 futuri
3286 3057 3538 3127 temporis

1946 3130 2107 3187 verba
2126 3143 2249 3189 sunt
2268 3174 2286 3199 ,
2317 3152 2338 3187 ι
2368 3134 2438 3193 Et
2462 3136 2721 3207 propitius
2747 3138 2838 3196 [iet
2857 3141 3087 3210 peccatis
3107 3158 3291 3200 eorum
3312 3187 3328 3213 ,
3352 3156 3405 3201 et
3429 3163 3536 3205 nou

1947 3224 2260 3295 perdeteos;
2279 3237 2331 3284 et
2349 3229 2640 3299 abundabit
2660 3242 2715 3288 ut
2734 3241 2941 3297 avertat
2969 3236 3101 3291 iram
3137 3251 3309 3302 suam,
3340 3248 3395 3295 et
3431 3252 3535 3296 non

1945 3318 2202 3374 accendet
2219 3333 2434 3376 omnem
2456 3322 2588 3378 iram
2610 3339 2782 3389 suam,
2809 3344 2830 3378 ι
2864 3325 3220 3398 intelligamus
3244 3330 3295 3384 in
3324 3330 3406 3387 bis
3433 3332 3536 3386 im-

1946 3409 2143 3479 pletum
2170 3411 2240 3471 de
2259 3412 2453 3483 quibus
2477 3414 2606 3470 dicit
2628 3418 2914 3487 Apostolus
2940 3437 2954 3475 :
2982 3438 3001 3471 α
3032 3421 3121 3477 Sic
3141 3438 3268 3495 ergo
3287 3433 3341 3479 et
3360 3425 3410 3480 iu
3434 3425 3537 3483 hoc

1945 3508 2188 3572 tempore
2225 3503 2467 3577 reliquiae
2503 3522 2600 3575 per
2632 3507 2945 3565 electionem
2981 3513 3166 3581 gratia:
3198 3515 3361 3571 salvae
3387 3517 3537 3573 iactae

1944 3600 2089 3657 sunt.
2122 3611 2143 3647 ι
2189 3593 2343 3652 Unde
2379 3597 2538 3653 etiam
2587 3598 2716 3657 dicit
2759 3618 2774 3655 :
2825 3619 2844 3653 α
2878 3601 3142 3674 Numquid
3173 3608 3369 3675 repulit
3398 3609 3536 3666 Deus

1944 3683 2154 3754 plebem
2182 3700 2332 3743 suam
2354 3689 2378 3744 l
2398 3689 2569 3745 Absit.
2590 3689 2723 3747 Nam
2746 3702 2801 3749 et
2818 3708 2918 3764 ego
2942 3694 3187 3752 Israelita
3208 3714 3325 3754 sum
3348 3716 3414 3754 ex
3438 3716 3535 3772 ge-

1944 3779 2273 3849 nerelsrael,
2299 3782 2368 3839 de
2388 3784 2529 3840 tribu
2553 3785 2848 3857 Benjamin,
2876 3787 3134 3846 Hebraeus
3155 3808 3220 3846 ex
3247 3792 3487 3849 Hebrzeis
3511 3815 3531 3849 ι

1945 3869 2121 3943 (Rom.
2172 3889 2258 3941 χι,
2300 3875 2368 3941 5,
2411 3877 2434 3930 l
2461 3918 2477 3944 ,
2506 3886 2553 3931 et
2580 3876 2810 3951 Philipp.
2841 3896 2895 3936 tu
2918 3923 2932 3947 ,
2960 3880 3040 3955 5).
3068 3882 3178 3940 llos
3208 3885 3366 3956 igitur
3388 3885 3536 3943 ScriL

1944 3974 2097 4038 ptura
2125 3969 2369 4039 prmvidit
2393 3971 2481 4040 qui
2511 3971 2564 4026 in
2591 3971 2862 4029 Christum
2888 3974 3099 4033 fuerant
3125 3992 3190 4033 ex
3216 3978 3318 4034 isto
3341 3982 3538 4051 populo

1944 4060 2218 4126 credituri,
2241 4070 2296 4117 et
2313 4065 2582 4132 accepturi
2602 4077 2939 4135 peccatorum
2964 4071 3352 4138 remissionem,
3369 4089 3537 4145 usque

1944 4162 2011 4203 au
2034 4149 2163 4203 illud
2182 4151 2470 4206 maximum
2483 4154 2931 4223 quoinsattieutes
2948 4158 3120 4228 ipsum
3139 4161 3400 4217 medicum
3416 4178 3539 4232 pero

1943 4247 2209 4295 emerunt.
2260 4240 2392 4297 llinc
2417 4244 2634 4299 omnino
2656 4245 2889 4313 dictum,
2926 4266 2946 4300 ι
2978 4247 3096 4319 Ipse
3118 4263 3295 4307 autem
3321 4256 3528 4310 est‘mi-

1942 4331 2175 4386 sericors
2192 4370 2212 4399 ,
2240 4343 2295 4387 et
2320 4336 2578 4404 propitius
2601 4337 2700 4411 erit
2722 4339 2957 4409 peccatis
2975 4354 3184 4411 eorum,
3206 4352 3385 4399 etnon
3412 4361 3535 4416 per-

1942 4419 2036 4477 det
2070 4436 2202 4488 eos;
2242 4432 2296 4479 et
2329 4423 2620 4482 abundabit
2659 4438 2717 4483 ut
2745 4439 2953 4485 avertat
2974 4430 3106 4487 iram
3133 4446 3323 4501 suam;
3360 4455 3381 4489 ι
3410 4438 3534 4507 quia

1943 4512 2103 4569 etiam
2134 4512 2261 4569 illud
2286 4516 2489 4571 remisit
2514 4559 2529 4583 ,
2557 4518 2699 4587 quod
2718 4519 2787 4575 ab
2807 4519 2883 4575 eis
2906 4521 3094 4577 unicus
3118 4522 3281 4580 Filius
3307 4527 3423 4596 ejus
3440 4545 3540 4584 oc-

1943 4605 2086 4660 cisus
2108 4613 2193 4660 est
2218 4622 2232 4660 :
2260 4615 2304 4660 et
2333 4623 2432 4661 non
2461 4609 2699 4664 accendet
2726 4626 2924 4667 omnem
2946 4612 3076 4668 iram
3102 4631 3288 4684 suam;
3311 4620 3432 4691 quia
3457 4637 3538 4678 re—

1943 4696 2117 4769 liquie!
2137 4696 2291 4755 saltue
2312 4703 2461 4771 facit:
2477 4712 2611 4771 sunt.
2954 4714 2957 4717 ‘

2014 4790 2104 4847 24.
2144 4789 2212 4845 Ει
2236 4792 2527 4849 recordatus
2552 4797 2764 4868 estquia
2783 4814 2901 4852 caro
2929 4809 3045 4855 sunt
3063 4818 3083 4867 ;
3100 4802 3307 4874 spiritus
3326 4807 3532 4875 vadens,

1945 4893 2111 4939 etnon
2133 4895 2398 4941 revertens.
2430 4885 2552 4943 Ideo
2597 4904 2690 4944 eos
2728 4890 2966 4947 vocando
2992 4902 3048 4949 et
3098 4896 3399 4953 miserando
3443 4916 3537 4971 per

1920 4990 2095 5031 suam
2121 4978 2343 5047 gratiam
2376 4979 2490 5048 ipse
2530 4982 2823 5046 revocavit,
2861 4984 2979 5053 quia
3007 5000 3103 5055 per
3127 4989 3331 5059 seipsos
3359 4993 3535 5048 redire

1945 5080 2051 5127 non
2083 5076 2318 5136 possent.
2349 5067 2626 5135 Quomodo
2654 5071 2796 5127 enim
2830 5073 2966 5129 redit
2991 5091 3138 5144 caro,
3170 5079 3388 5147 spiritus
3413 5097 3531 5135 am-

1946 5157 2135 5227 bulaus
2159 5167 2213 5214 et
2237 5174 2339 5215 non
2371 5170 2667 5228 revertens,
2695 5174 2917 5237 urgente
2944 5182 3003 5223 se
3030 5170 3080 5223 in
3110 5170 3211 5223 ima
3236 5180 3393 5241 atque
3420 5173 3533 5228 ion-

1943 5250 2138 5320 ginqua
2166 5250 2424 5307 malorum
2453 5253 2684 5322 pondere
2713 5258 3173 5329 tneritorum,uisi
3203 5278 3296 5332 per
3314 5264 3534 5320 electio-

1943 5356 2068 5399 nem
2094 5343 2321 5414 gratia}?
2358 5345 2488 5412 Quae
2523 5361 2626 5402 non
2657 5350 2862 5406 meritis
2890 5360 3133 5421 tanquam
3160 5370 3367 5412 merces
3410 5359 3535 5414 red-

1943 5435 2120 5501 ditur;
2150 5437 2243 5491 sed
2271 5445 2519 5508 tanquam
2545 5439 2741 5497 donum
2768 5444 2930 5513 gratis
2952 5444 3122 5511 datur,
3150 5457 3205 5502 ut
3219 5449 3537 5518 jusuucetdr

1942 5525 2156 5607 impius,
2186 5536 2239 5583 et
2263 5528 2447 5593 redeat
2487 5530 2601 5586 ovis
2641 5533 2879 5605 perdita;
2909 5549 3012 5589 non
3039 5543 3213 5593 tamen
3257 5545 3308 5595 In
3336 5544 3537 5609 viribus

1943 5617 2075 5681 suis.
2103 5617 2199 5679 sed
2228 5620 2281 5675 in
2316 5620 2554 5699 humeris
2581 5633 2849 5693 reportata
2884 5628 3110 5695 pastoris
3136 5628 3285 5702 (Luc.
3330 5648 3424 5701 xv,
3455 5635 3535 5708 ὅ),

1943 5726 2061 5793 ςμερ
2082 5726 2138 5789 re
2164 5713 2387 5797 perdere
2407 5718 2576 5803 ρρμιίε
2599 5716 2724 5799 Si!!!"
2749 5728 2935 5799 sponte
2956 5732 3252 5795 γθεετοωτ,
3276 5739 3335 5805 se
3357 5735 3537 5797 autem

2011 5822 2032 5857 ι
2056 5822 2132 5875 sic
2152 5814 2225 5873 si.
2253 5831 2306 5876 et
2328 5830 2437 5877 uss.
2465 5833 2518 5877 At
2540 5833 2673 5882 ιον..
2698 5831 2883 5880 dum.
3238 5832 3246 5837 '
