4076 6498
533 342 639 405 ιιθθ

533 459 770 516 invenire
815 475 921 515 non
972 456 1161 530 potuit,
1212 469 1310 514 nec
1351 457 1566 514 omnino
1619 456 1964 526 inveniretur,
2019 461 2120 517 nisi

534 555 760 625 pastoris
802 553 1164 609 misericordia
1208 562 1552 624 quaereretur.
1599 551 1715 608 Non
1765 553 1907 609 enim
1933 562 1990 610 et
2030 554 2124 610 ille

530 647 666 703 ﬁlius
694 648 758 702 ad
789 647 926 702 hanc
967 663 1119 703 ovem
1152 663 1255 704 non
1287 648 1535 718 pertinet,
1563 647 1653 719 qui
1677 662 1922 705 reversus
1947 647 2001 704 in
2029 663 2120 704 se-

527 739 810 810 metipsum
867 739 1044 795 dixit:
1075 739 1316 812 Surgam,
1359 748 1407 794 et
1450 738 1531 794 ibo
1585 739 1654 794 ad
1701 750 1892 811 patrem
1931 755 2115 794 meum.

527 832 745 888 Occulta
788 833 964 904 itaque
1015 833 1290 888 vocatione
1337 840 1393 902 et
1419 831 1763 902 inspiratione
1800 832 1962 888 etiam
2005 833 2118 901 ipse

528 928 779 994 qttmsitns
800 930 959 981 estet
987 927 1352 990 resuscitatus,
1382 924 1590 980 nonnisi
1619 924 1686 978 ab
1713 923 1803 978 illo
1823 923 1912 994 qui
1943 921 2118 978 viviﬁ-‘

524 1027 609 1074 cat
637 1019 848 1083 omnia;
873 1027 926 1074 et
947 1019 1210 1083 inventus,
1242 1032 1272 1071 a
1295 1032 1421 1087 quo,
1445 1016 1546 1072 nisi
1569 1017 1638 1071 ab
1662 1016 1754 1071 illo
1771 1016 1859 1087 qui
1883 1015 2116 1086 perrexit

528 1111 735 1165 salvare
789 1121 844 1166 ct
895 1125 1133 1181 qtttererc
1178 1107 1318 1180 quod
1370 1109 1600 1179 perierat
1633 1107 1760 1180 (Luc
1803 1107 2114 1178 xxtx,10)?

530 1206 763 1258 Mortuus
791 1204 922 1258 enim
964 1213 1088 1266 erat,
1121 1211 1172 1256 et
1214 1202 1429 1266 revixit;
1456 1203 1688 1272 perierat,
1712 1207 1757 1255 et
1791 1200 2016 1254 inventus
2041 1206 2115 1254 est

523 1294 631 1366 (Id.
675 1311 765 1364 xv,
818 1295 903 1359 18,
949 1294 1064 1365 24).
1114 1295 1245 1349 Nam
1273 1301 1328 1348 et
1359 1290 1445 1350 illa
1475 1307 1582 1346 non
1610 1291 1742 1347 levis
1768 1291 1846 1346 sic
1890 1290 2114 1346 solvitur

524 1389 766 1458 qttaestio,
791 1386 930 1456 quod
954 1387 1004 1440 in
1037 1385 1338 1440 Proverbiis
1361 1386 1614 1454 scriptum
1654 1390 1757 1449 est,
1783 1397 1904 1438 cum
1932 1381 1998 1438 de
2026 1381 2110 1437 via

529 1479 817 1550 iniquitatis
838 1478 1112 1547 Scriptura
1134 1479 1442 1547 loqueretur
1472 1493 1485 1529 :
1522 1475 1706 1529 Omnes
1731 1474 1817 1544 qui
1850 1473 2111 1528 ambulant

519 1573 568 1625 in
599 1583 682 1637 ea;
709 1588 810 1626 non
838 1579 1144 1625 revertentur
1178 1568 1360 1640 (Prov.
1383 1585 1438 1633 tt,
1472 1567 1582 1639 l9).
1614 1567 1705 1623 Sic
1743 1567 1883 1622 enim
1909 1567 2108 1622 dictum

517 1672 617 1726 cst,
646 1663 795 1732 quasi
825 1662 891 1716 de
921 1662 1112 1733 iniquis
1140 1662 1386 1715 omnibus
1410 1659 1798 1729 desperandum
1828 1659 1897 1713 sit
1923 1677 1937 1712 :
1965 1658 2108 1713 Scri-

518 1766 672 1826 ptura
715 1772 843 1811 vero
869 1757 1089 1827 gratiam
1131 1753 1556 1818 commendavit;
1588 1752 1708 1822 quia
1739 1766 1836 1822 per
1871 1750 2103 1821 seipsum

517 1849 678 1903 homo
707 1859 880 1919 potest
925 1848 976 1902 in
1009 1849 1096 1902 illa
1133 1847 1424 1913 ambulare,
1470 1860 1576 1900 non
1608 1853 1783 1916 potest
1803 1853 1977 1900 autem
2011 1858 2106 1914 per

515 1941 745 2012 seipsum
769 1942 964 2009 redire,
997 1942 1098 1997 nisi
1123 1942 1290 2013 gratia
1319 1950 1618 1997 revocatus.

587 2033 678 2090 25.
721 2033 868 2107 [νει-ε.
899 2033 1116 2106 40-51.]
1158 2034 1220 2088 Hi
1258 2049 1387 2105 ergo
1438 2031 1585 2103 pravi
1629 2039 1685 2088 et
1730 2031 2102 2099 amaricantes,

518 2126 721 2191 Quoties
751 2127 1167 2181 exacerbauerunt
1191 2141 1304 2180 eum
1324 2125 1376 2179 in
1397 2125 1614 2193 deserto,
1645 2133 1693 2178 et
1720 2125 1771 2178 in
1791 2125 1920 2178 iram
1944 2123 2106 2178 conci-

515 2229 739 2274 taverunt
767 2235 878 2273 eum
904 2219 957 2272 in
981 2217 1265 2289 inaquoso!
1293 2215 1362 2271 Et
1388 2217 1609 2271 conuersi
1632 2225 1770 2284 sunt,
1801 2225 1847 2271 et
1879 2225 2104 2271 tentare-

514 2321 631 2365 runt
651 2309 834 2378 Deum,
862 2320 906 2364 et
927 2320 1154 2365 sanctum
1176 2309 1341 2364 Israel
1368 2307 1805 2364 exacerbaverant.
1845 2307 2102 2362 Eamdem

514 2401 724 2455 illorum
756 2400 1116 2455 inﬁdelitatem
1145 2399 1338 2470 repetit
1360 2415 1518 2470 quam
1549 2400 1794 2470 superius
1815 2399 1926 2469 jam
1955 2413 2104 2454 com-

513 2501 934 2558 ntemoraverat;
964 2492 1054 2548 sed
1081 2490 1355 2562 repetendi
1381 2505 1538 2547 causa
1562 2499 1662 2555 est,
1697 2499 1754 2546 ιιι
1777 2504 2104 2547 commemo-

513 2593 694 2640 rentur
727 2598 781 2641 et
811 2586 975 2656 plagm
996 2599 1127 2656 quas
1160 2584 1350 2640 inﬁixit
1389 2584 1654 2657 Egyptiis
1696 2593 1914 2656 propter
1935 2584 2053 2640 illos
2084 2602 2099 2640 :

515 2693 634 2750 qua:
654 2679 831 2733 omnia
859 2680 1040 2748 utique
1069 2676 1336 2733 recordari
1365 2677 1677 2743 debuerant,
1708 2691 1881 2748 neque
1903 2676 2101 2732 existe-

513 2786 573 2826 re
599 2770 808 2842 ingrati.
841 2769 1075 2840 Deuique
1101 2769 1224 2839 quid
1253 2769 1534 2840 sequitur?
1561 2766 1683 2823 Non
1712 2778 1828 2823 sunt
1852 2767 2102 2822 recordati

514 2880 694 2918 manus
719 2864 847 2934 ejus,
872 2861 953 2916 die
976 2878 1075 2931 qua
1099 2861 1305 2916 redemit
1331 2877 1414 2915 eos
1434 2861 1496 2914 de
1524 2858 1676 2914 manu
1701 2859 2004 2914 tribulantis.
2037 2859 2102 2913 Et

511 2953 698 3025 incipit
721 2953 899 3010 dicere
935 2970 1052 3024 qua:
1092 2953 1214 3008 fecit
1240 2951 1504 3024 zEgyptiis
1535 2967 1550 3003 :
1579 2949 1760 3004 Posuit
1793 2951 1845 3003 in
1871 2947 2101 3020 Egypto

512 3064 656 3119 signa
674 3063 789 3113 sua,
835 3056 881 3102 et
908 3047 1142 3118 prodigia
1178 3061 1272 3100 sua
1298 3045 1350 3098 in
1380 3060 1560 3116 campo
1584 3043 1835 3098 Thaneos.
1887 3042 1954 3096 Et
1983 3058 2101 3095 ron-

510 3121 654 3194 trertit
678 3156 730 3193 ιη
758 3139 1052 3209 sanguinem
1080 3138 1294 3209 [lumina
1323 3153 1517 3202 eorum,
1545 3145 1589 3190 et
1622 3136 1801 3190 imbres
1823 3150 1998 3190 eorum
2039 3149 2102 3189 ne

513 3230 769 3296 biberent;
794 3231 877 3285 vel
903 3229 1095 3300 potius,
1141 3229 1451 3283 manationes
1479 3243 1744 3297 aquarum,
1786 3226 1924 3282 sicut
1963 3242 2099 3280 non-

513 3321 639 3376 nulli
669 3321 858 3377 melius
885 3320 1184 3392 intelligunt
1211 3319 1352 3388 quod
1381 3335 1554 3390 graece
1594 3319 1848 3387 scriptum
1894 3326 2004 3384 est,
2038 3325 2101 3373 rat

510 3421 826 3488 ὀμϐρήματα,
859 3430 989 3485 quas
1018 3414 1178 3469 latine
1206 3412 1552 3484 scaturigines
1593 3411 1818 3466 dicimus
1837 3453 1853 3477 ,
1883 3411 1950 3465 ab
1993 3410 2100 3466 imo

509 3521 672 3576 aquas
697 3506 1028 3562 ebullientes.
1059 3505 1327 3560 Foderunt
1350 3506 1491 3560 enim
1519 3503 1776 3575 1Egyptii,
1807 3511 1862 3558 et
1883 3502 2098 3573 sangui-

511 3614 634 3654 nem
657 3615 753 3668 pro
790 3598 942 3670 aquis
965 3602 1299 3654 invenerunt.
1334 3615 1353 3649 ι
1383 3597 1528 3653 Misit
1547 3597 1597 3650 in
1619 3611 1714 3652 eos
1738 3595 2094 3668 cynomyiam,

507 3698 563 3743 et
585 3689 815 3745 comedit
841 3705 933 3744 eos
958 3706 972 3754 ;
1003 3698 1058 3744 et
1080 3704 1284 3756 ranam,
1315 3697 1371 3744 et
1393 3687 1838 3758 tlisperdiditeos.
1866 3687 1936 3742 Et
1952 3687 2099 3743 dedit

508 3779 778 3849 rubigini1
806 3779 1034 3834 fructum
1065 3796 1271 3847 eorum,
1303 3789 1356 3835 et
1373 3779 1584 3834 labores
1627 3794 1809 3835 eorum
1854 3779 2092 3834 locustae.

507 3868 577 3922 Et
593 3869 782 3923 occidit
805 3871 856 3924 in
877 3870 1130 3940 grandine
1146 3871 1326 3924 vineas
1347 3885 1548 3934 eorum,
1574 3877 1628 3924 et
1645 3883 1823 3924 moros
1837 3886 2018 3925 eorum
2042 3870 2096 3925 in

509 3959 714 4029 pruina.
744 3959 807 4014 Et
855 3959 1067 4014 tradidit
1099 3961 1338 4030 grandini
1379 3963 1610 4030 iumenta
1638 3976 1846 4028 eorum,
1891 3971 1944 4018 et
1969 3978 2096 4032 pos-

505 4053 800 4110 sessionem
827 4069 1008 4109 eorum
1033 4054 1156 4124 igni.
1190 4053 1328 4109 Misit
1355 4053 1408 4109 in
1436 4068 1530 4110 eos
1550 4055 1682 4110 iram
1722 4053 2097 4125 indignationis

503 4161 649 4211 sum;
682 4145 1113 4217 indignationem,
1157 4155 1209 4202 et
1246 4147 1399 4215 iram,
1427 4155 1482 4202 et
1523 4146 1936 4211 tribulationem,
1992 4148 2094 4202 im-

503 4239 813 4295 missionem
844 4255 939 4310 per
963 4240 1180 4310 angelos
1212 4239 1402 4296 malos.
1443 4239 1593 4294 Viam
1623 4239 1748 4294 fecit
1771 4241 1973 4295 semita:
2002 4241 2094 4295 ira:

504 4347 635 4395 suae.
665 4341 720 4388 et
763 4347 864 4388 non
915 4333 1150 4403 pepercit
1191 4347 1220 4386 a
1264 4340 1436 4387 morte
1463 4333 1759 4387 animarum
1785 4347 1990 4399 eorum,
2041 4341 2096 4388 et

499 4423 736 4495 jumenta
756 4439 942 4479 eorum
972 4425 1033 4478 in
1057 4435 1228 4479 morte
1256 4424 1530 4479 conclusit.
1559 4424 1624 4478 Et
1650 4425 1910 4494 percussit
1934 4439 2094 4481 omne

505 4516 827 4584 primitivum
855 4516 906 4570 in
935 4524 1070 4571 terra
1098 4513 1335 4586 ngypti,
1358 4516 1618 4588 primitias
1642 4515 1878 4572 laborum
1905 4531 2092 4571 eorum

502 4607 556 4661 in
588 4609 937 4664 tabernaculis
956 4608 1176 4664 Cltama

573 4699 664 4755 26.
707 4701 799 4755 Ila:
829 4716 1014 4757 omnes
1041 4700 1409 4773 Egyptiorum
1437 4716 1608 4772 poenae
1627 4702 1905 4773 allegorica
1929 4703 2093 4758 inter-

507 4792 800 4862 pretatione
825 4793 1017 4864 exponi
1048 4803 1290 4863 possunt,
1321 4801 1479 4864 prout
1497 4809 1559 4848 ea
1579 4796 1804 4865 quisque
1830 4795 2092 4865 intellige-

501 4902 580 4951 re,
609 4894 666 4941 et
689 4885 847 4941 rebus
885 4887 951 4942 ad
977 4903 1108 4958 quas
1135 4886 1429 4944 referenda:
1469 4896 1612 4955 sunt,
1653 4903 1964 4960 comparare
1993 4905 2090 4945 vo-

502 4977 680 5033 luerit.
733 4977 885 5045 Quod
932 4993 1030 5034 nos
1069 4995 1280 5050 quoque
1327 4979 1498 5036 facere
1537 4980 1888 5042 tentabimus:
1943 4990 2090 5037 tanto

503 5069 678 5138 aptius
705 5069 914 5137 facturi,
940 5082 1136 5140 quanto
1163 5071 1329 5143 magis
1350 5071 1602 5127 divinitus
1622 5071 1874 5128 fuerimus
1901 5073 2086 5144 adjuti.

502 5161 584 5214 Att
625 5160 729 5217 hoc
773 5161 914 5216 enim
959 5161 1146 5231 psalmi
1171 5161 1328 5233 hujus
1355 5163 1445 5221 illa
1493 5157 1653 5220 verba
1699 5167 2085 5236 constringunt,

501 5253 588 5307 ubi
613 5253 811 5309 dictant
837 5260 940 5320 est,
970 5254 1207 5323 Aperiam
1229 5257 1280 5308 in
1297 5256 1551 5326 parabolis
1581 5273 1636 5311 os
1658 5273 1822 5311 meum
1843 5273 1864 5322 ;
1883 5258 2090 5328 eloquar

500 5345 864 5414 propositiones
883 5344 945 5400 ab
968 5345 1129 5400 initio.
1149 5344 1371 5416 Pmpter
1391 5346 1490 5402 hoc
1512 5347 1708 5419 quippe
1734 5347 1891 5402 etiam
1912 5348 2088 5419 aliqua

497 5435 586 5491 hic
612 5436 753 5494 dicta
777 5449 920 5506 sunt,
942 5454 1062 5510 qua:
1083 5439 1301 5494 omnino
1320 5439 1576 5496 accidisse
1593 5440 1854 5514 Muniis
1871 5457 1978 5496 non
2005 5441 2086 5498 le-

497 5531 692 5601 gimus,
720 5547 841 5588 cum
868 5547 1056 5590 omnes
1075 5549 1259 5590 eorum
1286 5534 1453 5605 plaga:
1479 5535 1534 5590 in
1576 5536 1762 5591 Exodo
1787 5535 2086 5608 diligentis-

497 5625 636 5682 sime
663 5639 730 5682 cx
761 5625 949 5682 ordine
977 5636 1364 5695 contexaotur;
1397 5636 1456 5684 ut
1483 5631 1729 5700 quoniam
1759 5629 1810 5684 id
1840 5631 1981 5700 quod
2012 5630 2086 5686 ibi

560 5740 739 5811 f_Edd.,
763 5741 1068 5811 wruginisttt
1088 5744 1303 5806 potiores
1335 5750 1465 5807 lss.,
1507 5742 1718 5811 rubigini
1745 5759 1761 5795 :
1795 5757 1938 5811 quam
1961 5757 2084 5811 non-

498 5803 957 5873 pultosaarugin'em
999 5803 1344 5873 interpretatos
1376 5803 1490 5860 eteae
1515 5803 1649 5859 notat
1671 5803 1981 5873 augustinus,
2012 5810 2087 5858 in-

499 5862 588 5932 ira,
609 5865 748 5932 hujus
764 5862 924 5917 Enarr.
949 5881 1000 5918 ιι.
1024 5867 1104 5920 27.

1775 345 1834 403 S.
1871 345 2234 406 AUGUSTINI
2268 349 2572 409 EPISCOPI

3671 359 3816 417 1000

2232 480 2334 518 non
2362 465 2559 520 dictttnt
2613 475 2713 530 est,
2763 480 2866 521 non
2899 467 3090 522 frustra
3122 465 3172 521 in
3202 465 3412 522 Psalmo
3460 467 3659 524 dictum
3691 484 3812 524 esse

2228 557 2356 612 certi
2382 572 2583 623 sumus,
2609 573 2780 628 neque
2803 558 2853 612 id
2885 559 3218 628 interpretari
3245 559 3346 614 nisi
3375 562 3458 630 tigt
3482 569 3592 615 rate
3624 577 3804 630 possu-

2224 661 2364 714 mus,
2391 647 2546 703 simul
2577 649 2930 721 intelligamus
2953 649 3114 707 etiam
3143 661 3333 706 uetera
3360 667 3477 720 qua:
3519 653 3654 707 facta
3689 668 3810 709 csse

2223 749 2451 807 constat,
2491 740 2560 797 ob
2601 742 2828 812 aliquam
2869 743 3146 814 liguratam
3168 742 3612 814 signiﬁcationem
3671 745 3809 800 facta

2221 825 2305 886 vel
2356 833 2673 903 conscripta.
2728 833 2882 888 Facit
2904 834 3045 890 enim
3097 833 3200 890 hoc
3240 833 3516 905 Scriptura
3543 835 3596 890 in
3626 836 3812 891 multis

2221 923 2353 979 Iocis
2372 924 2806 995 Propheticorum
2831 926 3179 997 eloquiorum.
3204 925 3341 982 Dicit
3364 927 3559 998 aliquid
3584 929 3727 998 quod
3756 929 3809 984 in

2220 1013 2309 1069 illa
2341 1031 2400 1075 re
2421 1025 2592 1086 gesta,
2623 1033 2782 1087 quam
2808 1019 3016 1073 videtur
3035 1013 3474 1084 commemorare,
3519 1035 3626 1074 non
3659 1021 3809 1082 inve-

2219 1109 2382 1175 nitur,
2415 1111 2521 1164 itno
2540 1119 2594 1165 et
2611 1111 2765 1166 aliter
2787 1125 2907 1168 esse
2925 1111 3224 1177 invenitur;
3253 1120 3313 1166 ut
3339 1110 3462 1166 hinc
3483 1112 3809 1183 intelligatur

2218 1215 2324 1255 non
2357 1202 2455 1256 hoc
2497 1201 2677 1257 dicere
2715 1203 2856 1273 quod
2901 1195 3074 1272 potest
3120 1203 3312 1273 putari,
3343 1203 3437 1258 sed
3473 1204 3598 1258 illud
3633 1206 3802 1274 potius

2217 1291 2355 1363 quod
2384 1292 2551 1363 magis
2577 1292 2735 1348 debet
2767 1292 2973 1349 adverti
3006 1312 3020 1348 :
3048 1293 3187 1348 sicut
3212 1302 3294 1348 est
3317 1292 3466 1361 illud,
3496 1291 3806 1349 Dominabi-

2217 1391 2300 1437 tur
2316 1400 2348 1436 a
2369 1384 2498 1436 mari
2517 1399 2672 1452 usque
2687 1383 2756 1437 ad
2781 1401 2938 1447 mare,
2961 1394 3006 1439 et
3025 1401 3057 1437 a
3075 1385 3283 1454 flumine
3309 1400 3462 1454 usque
3479 1385 3548 1437 ad
3568 1387 3807 1441 terminos

2214 1475 2346 1531 orbis
2374 1486 2521 1531 terra:
2550 1474 2718 1546 (Psol.
2745 1493 2887 1543 t.xxt,
2919 1479 2997 1547 8).
3039 1475 3192 1544 Quod
3233 1478 3286 1532 in
3317 1478 3458 1532 illius
3501 1479 3806 1534 Salomonis

2212 1584 2378 1639 regno
2423 1578 2631 1626 constat
2675 1584 2778 1625 non
2807 1584 2928 1626 esse
2972 1571 3314 1640 completum,
3362 1571 3430 1626 de
3480 1587 3587 1642 quo
3633 1574 3804 1643 putari

2211 1670 2390 1730 posset
2443 1662 2541 1716 iste
2578 1661 2817 1732 psalmus
2869 1661 3034 1732 loqui,
3075 1677 3197 1718 cum
3225 1661 3292 1718 de
3333 1661 3547 1717 Christo
3580 1663 3804 1718 Domino

2211 1750 2539 1822 loqueretur.
2563 1753 2620 1808 ln
2653 1753 2818 1824 plagis
2847 1767 2976 1823 ergo
2997 1752 3394 1824 Egyptiorum,
3441 1769 3560 1823 qua:
3588 1764 3716 1808 sunt
3752 1755 3802 1810 in

2211 1842 2352 1898 libro
2392 1844 2483 1914 qui
2533 1843 2749 1900 Exodus
2798 1845 3121 1912 nominatur,
3162 1843 3247 1899 ubi
3275 1844 3504 1899 maxime
3532 1845 3804 1915 Scriptura

2208 1937 2413 1992 curavit
2436 1945 2574 1992 utea
2593 1937 2785 2008 quibus
2811 1937 2993 1993 amicti
3015 1947 3140 1994 sunt
3163 1938 3340 1993 omnia
3361 1954 3427 1993 ex
3445 1938 3634 1995 ordine
3662 1941 3804 1995 dice-

2206 2037 2412 2092 rentur,
2443 2045 2549 2084 non
2579 2029 2848 2085 invenitur
2897 2029 3037 2101 quod
3083 2030 3242 2086 habet
3290 2030 3391 2086 iste
3433 2031 3684 2100 psalmus,
3736 2032 3804 2087 Et

2207 2118 2344 2173 dedit
2369 2119 2586 2192 rnbigini
2606 2124 2799 2191 fructus
2819 2137 3008 2175 eorum.
3039 2120 3172 2176 Illud
3199 2123 3358 2176 etiam
3380 2121 3543 2192 quod,
3575 2138 3694 2177 cum
3722 2123 3802 2178 di-

2207 2211 2396 2278 xisset,
2425 2211 2494 2266 Et
2518 2212 2728 2267 tradidit
2756 2213 2995 2284 grandini
3010 2215 3246 2282 jumenta
3272 2230 3465 2278 eorum,
3495 2215 3714 2276 addidit,
3737 2215 3801 2269 Et

2209 2303 2568 2373 possessionem
2588 2319 2758 2358 eorum
2788 2303 2935 2373 igni:
2955 2303 3022 2358 de
3044 2303 3302 2373 jumentis
3327 2303 3578 2372 grandine
3604 2305 3801 2360 occisis

2208 2394 2402 2466 legitur
2431 2395 2484 2450 in
2526 2395 2712 2450 Exodo
2746 2395 2940 2467 (Exod.
2969 2411 3047 2461 tx,
3079 2395 3211 2466 25);
3263 2395 3404 2466 quod
3428 2411 3549 2452 vero
3580 2411 3799 2466 posscs-

2206 2490 2287 2544 sio
2333 2505 2517 2544 eorum
2564 2490 2684 2561 igne
2737 2498 2970 2546 cremata
3018 2491 3104 2555 sit,
3155 2490 3375 2560 omnino
3427 2505 3527 2544 non
3579 2490 3791 2560 legitur.

2205 2577 2459 2648 Quamvis
2487 2596 2644 2638 voces
2686 2589 2740 2636 et
2765 2581 2914 2652 ignes
2954 2597 3074 2636 cum
3110 2580 3368 2653 grandine
3413 2581 3620 2646 ﬁerent,
3660 2581 3800 2637 sicut

2207 2676 2435 2731 tonitrua
2464 2691 2583 2730 cum
2611 2675 2908 2746 fulgoribus
2932 2675 3139 2741 solent;
3184 2689 3291 2729 non
3324 2683 3500 2730 tamen
3539 2674 3798 2746 scriptum

2205 2775 2287 2821 est
2314 2765 2511 2838 aliquid
2535 2766 2782 2822 traditum
2814 2767 2919 2837 igni
2961 2775 3018 2821 ut
3051 2765 3290 2823 arderet.
3337 2767 3576 2836 Denique
3619 2767 3800 2821 mollia

2204 2873 2324 2929 qua:
2371 2857 2564 2914 lmdcre
2605 2858 2810 2930 grando
2839 2874 2943 2914 non
2990 2867 3218 2928 poterat,
3248 2859 3501 2914 dicuntur
3539 2874 3646 2914 non
3679 2875 3800 2916 esse

2205 2965 2475 3022 percussa,
2501 2952 2552 3006 id
2580 2962 2680 3017 est,
2713 2951 2859 3008 duris
2881 2952 3073 3008 ictibus
3101 2953 3260 3020 lassa;
3290 2968 3411 3024 quae
3441 2964 3624 3025 postea
3651 2969 3800 3010 com-

2204 3043 2314 3098 edit
2364 3045 2565 3099 locusta
2615 3043 2724 3116 (Id.
2783 3061 2836 3111 χ,
2885 3043 3058 3116 1-15).
3098 3042 3226 3100 Item
3271 3045 3412 3116 quod
3453 3045 3539 3100 hic
3581 3045 3798 3113 dicitur,

2205 3138 2272 3192 Et
2292 3155 2460 3192 moros
2488 3154 2657 3192 eorum
2676 3139 2729 3191 in
2762 3138 2966 3208 pruina,
2998 3153 3103 3192 non
3126 3146 3211 3194 est
3236 3139 3286 3192 in
3316 3137 3504 3194 Exodo
3531 3157 3544 3192 :
3573 3138 3799 3195 multum

2203 3231 2344 3286 enim
2374 3230 2559 3299 pruina
2589 3228 2746 3284 distat
2772 3245 2801 3282 a
2833 3228 3121 3299 grandine;
3155 3245 3277 3284 nam
3321 3230 3528 3286 serenis
3553 3229 3799 3286 hiemali-

2203 3322 2302 3377 bus
2327 3321 2570 3376 noctibus
2600 3319 2791 3391 pruina
2812 3329 2951 3376 terra
2977 3320 3230 3376 canescit.
3469 3370 3475 3379 ,

2273 3413 2363 3468 27.
2417 3411 2554 3478 Quid
2605 3427 2732 3482 ergo
2761 3412 2861 3466 ista
2903 3410 3224 3482 signiﬁcent,
3269 3411 3412 3467 dicat
3459 3421 3715 3468 tractator
3742 3423 3797 3470 ut

2202 3519 2404 3582 potest;
2428 3508 2630 3580 judicet
2654 3508 2821 3564 lector
2846 3517 2900 3564 et
2940 3507 3151 3563 auditor
3196 3517 3253 3562 ut
3269 3507 3472 3578 justum
3501 3516 3602 3563 cst.
3638 3511 3796 3579 Aqua

2203 3603 2258 3657 in
2281 3602 2592 3671 sanguinem
2619 3615 2898 3666 conversa,
2921 3599 3050 3654 mihi
3071 3597 3286 3654 videtur
3309 3597 3613 3667 signiﬁcare
3638 3597 3705 3653 de
3723 3613 3799 3653 re-

2201 3711 2318 3750 rum
2341 3695 2516 3750 causis
2544 3693 2747 3749 sentire
2767 3691 3078 3747 carnaliter.
3121 3689 3436 3763 Cynomyia,
3454 3691 3648 3746 "canini
3679 3707 3796 3744 mo-

2200 3801 2288 3842 res
2310 3795 2457 3852 sunt,
2489 3786 2578 3856 qui
2607 3800 2706 3840 nec
2736 3791 2981 3855 parentes
3003 3782 3217 3854 quando
3247 3792 3559 3848 nascuntur,
3589 3782 3788 3837 vident.

2201 3879 2370 3945 Rana,
2404 3888 2486 3934 est
2512 3879 2884 3949 quuacissima
2905 3878 3127 3933 vanitas.
3150 3877 3354 3950 Rubigo
3373 3879 3580 3932 occulte
3600 3887 3790 3945 nocet;

2197 3987 2356 4042 quam
2378 3973 2536 4026 etiam
2563 3972 2851 4041 aeruginem
2875 3971 3115 4025 nonnulli
3145 3971 3480 4040 interpretati
3519 3982 3662 4040 sunt,
3702 3971 3789 4028 alii

2197 4064 2494 4122 caniculam
2525 4066 2540 4096 ¹
2578 4063 2760 4134 :quod
2787 4063 2986 4117 malum
3024 4064 3110 4118 cui
3135 4063 3381 4118 vitiorum
3419 4065 3600 4133 aptius
3640 4080 3793 4120 com-

2198 4163 2434 4227 paratur,
2454 4155 2706 4226 nisiqnod
2722 4155 3029 4211 difﬁcillime
3045 4165 3282 4227 apparet,
3301 4155 3455 4211 sicuti
3469 4167 3549 4212 est
3569 4159 3791 4212 multum

2199 4250 2267 4304 de
2297 4265 2354 4304 se
2382 4249 2586 4305 ﬁdere?
2617 4251 2758 4304 Aura
2786 4258 2868 4305 est
2892 4250 3032 4304 enim
3057 4249 3232 4314 noxia,
3260 4265 3380 4319 qua:
3404 4251 3504 4305 hoc
3525 4251 3578 4304 in
3602 4250 3788 4306 fructi-

2198 4340 2299 4396 bus
2327 4342 2554 4396 latenter
2595 4352 2876 4412 operatur;
2909 4341 3048 4396 sicut
3095 4342 3147 4395 in
3189 4343 3427 4398 moribus
3446 4344 3657 4398 occulta
3703 4360 3792 4398 su-

2198 4434 2399 4505 perbia,
2432 4431 2644 4504 quando
2673 4449 2730 4489 se
2765 4434 3044 4505 quisquam
3077 4442 3224 4505 putat
3252 4434 3453 4504 aliquid
3480 4451 3624 4500 esse,
3667 4452 3786 4490 cum

2197 4527 2326 4582 nihil
2355 4528 2422 4580 sit
2447 4525 2586 4597 (Gal.
2615 4538 2688 4591 Vt,
2716 4527 2793 4597 5).
2819 4525 3043 4581 Locusta
3069 4535 3154 4582 est
3182 4527 3382 4581 malitia
3423 4541 3520 4582 ore
3567 4526 3787 4595 ltedens,

2197 4617 2394 4673 inﬁdeli
2448 4619 2651 4673 scilicet
2699 4617 3026 4672 testimonio.
3059 4616 3273 4673 Grando
3302 4626 3385 4672 est
3425 4617 3680 4687 iniquitas
3704 4632 3786 4674 res

2196 4712 2398 4766 alienas
2425 4712 2672 4767 auferens
2692 4727 2706 4775 ;
2725 4711 2866 4765 unde
2893 4709 3049 4775 furta,
3079 4711 3302 4781 rapinae,
3326 4711 3786 4782 praedationesquo

2197 4815 2486 4861 nascuntur
2511 4823 2524 4859 :
2559 4804 2676 4875 plus
2717 4815 2893 4860 autem
2932 4804 3060 4859 vitio
3085 4819 3182 4859 suo
3211 4813 3446 4859 vastatur
3467 4805 3584 4875 ipse
3609 4815 3786 4860 vasta-

2197 4907 2302 4954 tor.
2330 4898 2524 4952 Pruina
2568 4895 2833 4967 signiﬁcat
2874 4896 3082 4962 vitium,
3131 4911 3237 4967 quo
3275 4896 3508 4952 charitas
3559 4897 3785 4967 proximi

2195 4989 2431 5045 stultitia:
2461 4987 2696 5046 tenebris
2743 4989 2890 5043 velut
2923 4997 3186 5044 nocturno
3213 4987 3410 5060 frigore
3440 4990 3780 5061 congelascit.

2193 5081 2334 5154 Ignis
2353 5097 2500 5149 vero,
2529 5081 2572 5136 si
2596 5097 2702 5136 non
2732 5081 2819 5136 ille
2857 5080 2946 5136 hic
2973 5092 3422 5136 commemoratur
3441 5081 3534 5150 qui
3586 5089 3703 5136 erat
3731 5082 3786 5136 in

2191 5177 2451 5249 grandine
2476 5192 2541 5232 ex
2566 5174 2953 5246 iulgurantibus
2981 5174 3232 5243 nubibus,
3251 5175 3500 5245 quoniam
3523 5175 3612 5230 hic
3627 5175 3783 5243 dixit,

2196 5268 2429 5324 Tradidit
2459 5267 2822 5339 possessionem
2865 5282 3042 5321 eorum
3067 5266 3212 5337 igni;
3247 5264 3337 5320 ubi
3363 5280 3483 5321 eam
3516 5265 3780 5337 signiﬁcat

2191 5362 2375 5432 utique
2404 5361 2698 5426 incensam,
2743 5358 2885 5430 quod
2949 5359 3086 5430 ignis
3139 5357 3226 5414 ille
3271 5357 3460 5414 fecisse
3500 5372 3607 5412 non
3657 5358 3784 5428 legi-

2193 5463 2277 5510 tur
2305 5470 2318 5507 :
2343 5453 2727 5509 immanitatem
2757 5467 2884 5523 ergo
2915 5451 3202 5507 iracundia:
3232 5450 3360 5506 mihi
3387 5451 3598 5506 videtur
3617 5451 3783 5520 signi-

2193 5547 2389 5613 ﬁcare,
2435 5562 2538 5618 qua
2596 5554 2652 5602 et
2714 5545 3054 5600 homicidium
3100 5543 3304 5600 admitti
3359 5553 3554 5613 potest.
3608 5543 3782 5600 Morte

2192 5653 2445 5712 pecorum
2488 5637 2766 5708 ﬁguratum
2812 5646 2915 5703 est,
2947 5645 3202 5706 quantum
3242 5634 3494 5700 arbitror,
3523 5635 3781 5692 damnum

2191 5733 2482 5805 pudicitim.
2513 5730 3008 5801 Concupiscentiam
3036 5730 3251 5800 quippe,
3279 5743 3380 5800 qua
3424 5727 3567 5784 fetus
3598 5729 3781 5785 exori-

2258 5873 2275 5906 ι
2303 5869 2491 5920 Aliouot
2514 5875 2644 5931 Mss,
2669 5864 2959 5919 cuniculum.
