4076 6486
330 447 466 511 1001

331 576 443 635 tur,
463 576 804 621 communem
824 573 945 617 cum
968 558 1251 630 pecoribus
1270 555 1547 612 habemus.
1572 554 1720 610 lianc
1736 553 1916 624 itaque

333 658 621 715 edomitam
652 655 849 711 habere
875 660 929 709 et
965 650 1285 715 ordinatam,
1316 647 1584 719 pudicitia:
1612 647 1780 702 virtus
1811 653 1914 701 est.

332 751 475 808 Mors
513 748 899 822 primitivorum
946 755 1028 802 est
1057 744 1275 800 amissio
1320 743 1484 812 ipsius
1518 740 1768 810 justitize,
1813 752 1918 808 qua

334 844 558 914 quisque
588 842 824 897 humano
851 839 1034 909 generi
1063 836 1277 893 socialis
1306 843 1409 890 est.
1443 832 1551 889 Sed
1579 833 1693 889 sive
1738 831 1810 886 ita
1858 844 1919 885 se

333 934 565 989 habeam
604 934 792 988 harum
826 946 1005 987 rerum
1052 930 1288 1000 ﬁguratae
1316 925 1755 999 signiﬁcationes,
1802 922 1919 979 sive

332 1026 488 1081 aliter
515 1025 707 1080 melius
732 1023 1122 1094 intelligantur;
1172 1035 1330 1090 quem
1375 1036 1482 1075 non
1524 1025 1735 1074 moveat
1774 1014 1917 1087 quod

333 1117 519 1173 decem
550 1117 715 1187 plagis
751 1116 1122 1185 percutiuntur
1162 1110 1420 1183 Egyptii,
1462 1119 1515 1165 et
1550 1109 1737 1165 decem
1782 1122 1917 1177 prae-
1951 1139 1956 1144 -

334 1209 503 1278 ceptis
527 1207 829 1263 scribuntur
860 1206 1070 1271 tabulae,
1095 1204 1285 1274 quibus
1304 1210 1519 1273 regatur
1534 1200 1758 1272 populus
1787 1197 1918 1253 Dei?

336 1300 414 1356 De
442 1300 631 1370 quibus
672 1314 704 1355 e
741 1298 1009 1355 contrario
1044 1298 1180 1353 inter
1206 1310 1264 1351 se
1307 1291 1698 1365 comparandis,
1744 1290 1799 1346 id
1836 1297 1921 1345 est

335 1392 506 1463 plagis
534 1401 587 1446 et
611 1391 910 1461 prmceptis,
942 1391 1191 1461 quoniam
1220 1387 1349 1443 alibi
1372 1387 1605 1443 diximus
1630 1384 1727 1457 (a),
1755 1397 1921 1454 expo-

336 1484 586 1540 sitionem
631 1484 820 1554 psalmi
845 1482 1005 1553 hujus
1033 1484 1085 1537 in
1127 1483 1211 1537 his
1239 1495 1467 1538 onerare
1505 1494 1613 1534 non
1636 1493 1770 1549 opus
1796 1484 1916 1534 est:

335 1584 540 1632 tantum
568 1574 916 1630 admonemus
935 1574 1057 1646 quia
1087 1582 1141 1628 et
1169 1572 1273 1639 hic,
1304 1572 1405 1628 etsi
1432 1585 1539 1627 non
1555 1568 1748 1627 eodem
1776 1567 1922 1624 ordi-

334 1684 424 1735 ne,
456 1668 645 1725 decem
670 1677 850 1724 tamen
896 1666 1266 1739 Egyptiorum
1298 1664 1467 1736 plaga:
1492 1675 1919 1720 commemoran-

337 1769 459 1828 tur;
482 1761 609 1816 dum
640 1775 736 1830 pro
764 1760 932 1815 tribus
959 1776 1078 1830 quae
1104 1767 1231 1815 sunt
1258 1758 1310 1812 in
1337 1755 1526 1812 Exodo
1564 1753 1761 1826 (Exod.
1804 1767 1919 1819 Vill,

336 1852 435 1919 17,
473 1868 548 1919 tx,
576 1850 663 1916 10,
709 1860 755 1904 et
779 1866 831 1915 x,
874 1849 993 1922 22),
1021 1857 1076 1905 et
1122 1849 1210 1903 hic
1236 1862 1343 1902 non
1365 1856 1509 1913 sunt,
1536 1845 1713 1909 idest,
1754 1842 1920 1899 scini-

336 1943 489 2013 phes,
509 1942 708 2008 ulcera,
733 1941 987 2006 tenehrze,
1012 1940 1130 1995 alia:
1160 1949 1269 1994 tres
1291 1944 1778 1994 commemorantur
1804 1949 1923 2006 quae

337 2034 410 2090 ibi
436 2048 540 2089 non
569 2043 713 2100 sunt,
744 2032 796 2087 id
828 2040 930 2100 est,
960 2032 1168 2101 rubigo,
1200 2030 1388 2101 pruina
1414 2038 1469 2085 et
1498 2027 1657 2100 ignis,
1686 2041 1793 2082 non
1819 2026 1922 2081 ful-

336 2139 548 2195 gurum,
597 2123 691 2179 sed
736 2123 821 2179 cui
865 2122 1005 2177 dicta
1056 2130 1138 2177 cst
1180 2120 1371 2176 tradita
1418 2115 1688 2190 possessio
1713 2130 1921 2182 eorum,

336 2216 479 2286 quod
501 2216 572 2270 ibi
595 2230 699 2270 non
725 2214 934 2285 legitur.
1614 2268 1624 2275 _

408 2309 498 2366 28.
541 2308 683 2365 Satis
700 2317 876 2363 autem
899 2307 986 2362 hic
1006 2319 1320 2376 expressum
1342 2312 1445 2371 est,
1468 2300 1670 2373 judicio
1691 2298 1789 2356 Dei
1809 2298 1926 2354 ﬁeri

340 2401 453 2457 haec
475 2401 528 2455 in
554 2401 656 2455 illis
682 2416 774 2470 per
792 2400 1010 2470 angelos
1031 2398 1221 2465 malos,
1244 2397 1296 2451 in
1320 2397 1424 2451 hoc
1445 2393 1645 2450 saeculo
1669 2392 1925 2462 maligno,

340 2500 589 2562 tanquam
615 2490 669 2545 in
695 2489 927 2562 Egypto
952 2500 1006 2545 et
1032 2488 1087 2543 in
1112 2502 1302 2558 campo
1329 2486 1601 2552 Thaueos,
1632 2483 1723 2540 ubi
1749 2481 1931 2538 humi-

339 2585 419 2640 les
449 2598 571 2640 esse
598 2582 873 2647 debemus,
907 2582 1079 2636 donec
1103 2579 1283 2635 veniat
1307 2576 1563 2634 stimulum
1591 2575 1682 2630 ubi
1704 2572 1930 2629 exaltari

340 2691 404 2732 ex
435 2676 534 2730 ista
562 2674 861 2730 humilitate
886 2687 1208 2730 mereamur.
1230 2670 1365 2727 Nam
1387 2677 1442 2727 et
1468 2668 1727 2740 [Egyptus
1754 2666 1810 2722 in
1834 2664 1931 2721 he-

341 2767 485 2823 brzea
513 2767 691 2838 lingua
716 2766 990 2822 Tenebras
1017 2763 1106 2820 vel
1134 2761 1530 2819 Tribulationes
1555 2757 1843 2830 signiﬁcat,
1876 2756 1932 2812 in

342 2873 446 2930 qua
468 2859 643 2930 lingua
666 2858 887 2925 Thanis,
916 2857 1054 2913 sicut
1078 2852 1517 2919 commemoravi,
1544 2849 1745 2906 humile
1768 2847 1930 2904 intel-

344 2949 527 3020 ligitur
554 2964 675 3005 esse
698 2948 1024 3003 Mandatum.
1067 2946 1145 3002 De
1171 2943 1374 3016 angelis
1408 2957 1537 3014 ergo
1563 2940 1717 2996 malis
1750 2939 1803 2993 in
1828 2938 1933 2994 isto

344 3041 570 3111 psalmo,
598 3055 721 3095 cum
749 3038 816 3094 de
844 3038 974 3109 ipsis
997 3036 1162 3108 plagis
1191 3037 1520 3106 loqueretur,
1547 3032 1626 3088 sic
1652 3029 1935 3101 interposi-

348 3139 463 3185 tum
498 3139 618 3195 est,
662 3129 803 3201 quod
846 3144 953 3184 non
999 3126 1302 3183 transitoria
1346 3122 1772 3196 praetereundum
1803 3128 1931 3176 est:

349 3218 493 3274 Misit
520 3221 573 3273 in
602 3235 685 3274 eos
704 3259 718 3286 ,
751 3219 955 3290 inquit,
995 3219 1127 3272 iram
1151 3215 1515 3288 indignationis
1535 3229 1676 3278 sum;
1700 3211 1938 3283 indigna-

350 3311 533 3367 tionem
557 3320 604 3366 et
631 3312 784 3376 iram,
814 3320 859 3365 et
886 3309 1296 3376 tribulationem,
1324 3305 1702 3373 immissionem,
1731 3319 1820 3375 per
1840 3318 1936 3358 an-

349 3405 487 3475 gelos
511 3403 692 3460 malos.
720 3405 853 3461 Esse
875 3411 1055 3461 autem
1079 3402 1348 3459 diabolum
1370 3408 1423 3456 et
1441 3399 1658 3470 angelos
1682 3396 1799 3467 ejus
1827 3406 1935 3452 tam

350 3496 520 3552 malos
548 3495 752 3568 utique,
782 3506 840 3551 ut
862 3496 941 3551 eis
966 3495 1103 3566 ignis
1131 3500 1459 3565 praeparetur
1480 3498 1732 3555 teter-nus,
1758 3486 1937 3542 nullus

351 3586 522 3642 ﬁdelis
548 3588 753 3659 ignorat
783 3603 798 3642 :
826 3585 919 3642 sed
947 3585 1159 3640 immitti
1189 3599 1285 3655 per
1312 3596 1408 3639 eos
1433 3579 1817 3635 immissionem
1842 3593 1935 3633 su-

350 3692 448 3747 per
470 3677 734 3748 quoslibet
759 3694 787 3732 a
821 3677 1046 3732 Domino
1077 3677 1224 3744 Deo,
1263 3688 1399 3745 quos
1427 3671 1528 3728 hac
1555 3686 1708 3742 pinna
1733 3670 1937 3742 judicat

348 3766 537 3838 dignos
557 3808 573 3835 ,
607 3766 799 3821 durum
825 3766 1040 3822 videtur
1062 3768 1142 3823 eis
1168 3766 1258 3838 qui
1283 3766 1460 3821 minus
1486 3764 1661 3820 idonei
1690 3772 1813 3819 sunt
1839 3779 1934 3820 co-

355 3851 525 3922 gitare
552 3854 999 3923 quemadmodum
1028 3867 1237 3909 summa
1264 3851 1357 3909 Dei
1381 3849 1584 3921 iustitia
1610 3850 1748 3908 bene
1767 3858 1945 3906 utatur

354 3949 411 3997 et
434 3924 607 3995 malis.
655 3942 799 4010 Quos
824 3942 1039 4014 quidem
1060 3985 1078 4011 ,
1110 3951 1367 4014 quantum
1410 3942 1639 4012 pertinet
1664 3941 1729 3997 ad
1758 3955 1944 3998 eorum

354 4033 731 4104 substantiam,
775 4036 892 4107 quis
927 4036 1065 4092 alius
1093 4052 1251 4107 quam
1293 4036 1408 4107 ipse
1447 4035 1610 4092 fecit?
1646 4033 1751 4091 Sed
1776 4034 1945 4091 malos

355 4127 470 4197 ipse
497 4140 605 4180 non
631 4125 757 4182 fecit
788 4144 800 4180 :
831 4128 994 4182 utitur
1023 4140 1200 4183 tamen
1231 4128 1331 4195 eis,
1358 4127 1611 4197 quoniam
1640 4126 1812 4181 bonus
1838 4133 1942 4192 est,

355 4215 515 4284 bene,
540 4215 593 4270 id
618 4226 698 4271 est
726 4218 1105 4272 convenienter
1131 4227 1185 4271 et
1202 4217 1381 4286 juste;
1413 4216 1550 4271 sicut
1582 4230 1612 4270 e
1637 4222 1819 4269 contra
1845 4213 1946 4267 ini-

354 4308 447 4379 qui
474 4308 731 4364 creaturis
773 4308 888 4377 ejus
926 4305 1083 4362 bonis
1127 4314 1347 4362 utuntur
1391 4305 1549 4360 male.
1596 4303 1774 4361 Utitur
1815 4318 1945 4374 ergo

355 4398 497 4453 Deus
524 4397 729 4468 angelis
767 4398 921 4453 malis
940 4438 954 4463 ,
988 4413 1093 4452 non
1122 4397 1293 4452 solum
1323 4395 1391 4451 ad
1420 4394 1713 4466 puniendos
1742 4395 1943 4461 malos,

356 4489 510 4545 sicuti
528 4489 579 4543 in
597 4491 713 4545 istis
732 4489 979 4545 omnibus
999 4489 1065 4545 de
1086 4488 1277 4561 quibus
1304 4489 1538 4560 loquitur
1554 4488 1817 4556 Psalmus,
1841 4489 1945 4546 sic-

357 4588 417 4636 ut
440 4580 494 4635 in
528 4595 652 4651 rege
684 4580 889 4649 Achab,
918 4596 1075 4652 quem
1117 4580 1335 4636 fallaciae
1363 4580 1580 4651 spiritus
1604 4596 1667 4636 ex
1705 4580 1799 4636 Dei
1848 4595 1941 4635 vo-

356 4670 558 4725 luntate
589 4670 800 4726 seduxit
825 4679 885 4726 ut
902 4670 1116 4726 caderet
1145 4670 1197 4725 in
1227 4670 1371 4727 bello
1398 4669 1487 4741 (Ill
1515 4668 1646 4741 Reg.
1669 4686 1798 4735 xxu,
1826 4669 1942 4741 22);

357 4778 543 4819 verum
571 4763 733 4819 etiam
762 4763 829 4818 ad
858 4762 1163 4835 probandos
1201 4770 1256 4818 et
1295 4760 1712 4817 manifestandos
1734 4761 1904 4818 bonos
1927 4801 1943 4828 ,

356 4856 515 4912 sicuti
540 4856 664 4912 fecit
691 4856 743 4912 in
771 4855 892 4911 Job.
920 4854 1072 4923 Quod
1100 4865 1276 4910 autem
1304 4855 1534 4926 pertinet
1557 4854 1623 4910 ad
1649 4855 1805 4910 istam
1833 4869 1948 4910 ma-

357 4948 546 5003 teriam
568 4947 898 5019 corporalem
920 4946 1207 5003 visibilium
1226 4945 1638 5014 elementorum,
1660 4955 1788 5016 puto
1808 4945 1950 5016 quod

359 5054 420 5095 ea
438 5047 662 5109 possunt
687 5040 763 5096 uti
792 5040 978 5111 Angeli
997 5047 1051 5095 et
1078 5038 1204 5094 boni
1224 5045 1279 5095 et
1303 5038 1452 5105 mali,
1477 5045 1729 5109 quantum
1757 5037 1951 5108 cuique

355 5143 597 5204 potestas
617 5144 733 5201 est;
757 5133 1206 5205 quemadmodum
1227 5142 1282 5190 et
1303 5132 1546 5189 homines
1570 5132 1695 5188 boni
1719 5132 1950 5203 malique

360 5234 581 5281 utuntur
610 5224 805 5280 talibus
824 5265 839 5289 ,
880 5237 1136 5297 quantum
1167 5237 1391 5297 possunt
1430 5240 1527 5296 pro
1552 5224 1769 5281 modulo
1796 5225 1948 5281 inﬁr-

357 5317 557 5373 mitatis
575 5317 841 5372 humanae.
863 5317 997 5373 Nam
1015 5328 1071 5374 et
1086 5328 1225 5377 terra
1244 5320 1462 5387 utimur,
1481 5327 1535 5375 et
1552 5333 1709 5390 aqua,
1730 5328 1785 5374 et
1802 5333 1948 5389 aere,

360 5420 415 5466 et
442 5411 583 5482 igne,
613 5424 722 5466 non
746 5410 919 5467 solum
945 5410 997 5464 in
1020 5411 1338 5467 necessariis
1364 5411 1528 5467 rebus
1544 5409 1951 5468 sustentationis

361 5510 581 5570 nostrae,
612 5518 798 5559 verum
825 5502 1069 5559 etiamin
1096 5502 1277 5561 multis
1305 5502 1587 5574 superﬁuis
1610 5511 1666 5561 et
1689 5504 1909 5561 ludicris
1931 5544 1950 5574 ,

361 5603 417 5650 ct
446 5594 763 5650 mirabiliter
791 5594 1095 5651 artificiosis
1122 5595 1395 5666 operibus.
1426 5596 1558 5651 Nam
1587 5596 1950 5653 innumerabi-

360 5684 433 5740 lia
469 5699 591 5756 quae
626 5686 960 5755 appellantur
987 5698 1350 5757 μηχανήματα,
1392 5685 1478 5741 his
1514 5686 1795 5743 elementis
1835 5696 1953 5743 arte

359 5777 604 5831 tractatis
630 5776 1020 5833 modiﬁcantur.
1044 5777 1150 5835 Sed
1181 5778 1236 5833 in
1261 5777 1379 5835 haec
1402 5777 1620 5851 Angelis
1643 5778 1803 5851 longe
1828 5793 1950 5836 am-

426 5934 505 5999 (a)
526 5942 677 5984 Serm.
698 5934 765 5986 de
796 5934 972 5987 decem
991 5933 1151 6000 Plagis
1170 5942 1222 5987 et
1238 5936 1514 6000 Praeceptis.

519 6018 741 6088 Sutor.
789 6024 1071 6087 Aususr.
1112 6021 1216 6088 IV.

1356 426 1748 497 ENARRATIO
1786 434 1853 492 lii
1890 430 2216 493 PSALMUM
2252 428 2509 492 LXXVII.

3470 439 3609 501 1001

2024 551 2166 622 plior
2187 562 2269 607 est
2293 561 2550 622 potestas,
2582 560 2636 608 et
2662 549 2837 622 bonis,
2866 558 2923 610 et
2946 553 3122 621 malis,
3154 556 3396 627 quamvis
3425 558 3610 628 utique

2023 644 2195 712 major
2220 644 2411 711 bonis;
2441 644 2534 700 sed
2565 652 2819 715 quantum
2849 644 2945 701 Dei
2971 656 3101 703 nutu
3128 658 3287 719 atque
3310 650 3498 706 ordine
3520 650 3611 721 juo

2022 735 2180 791 betur
2213 746 2305 791 aut
2332 737 2544 805 sinitur,
2590 737 2727 793 sicut
2750 746 2806 794 et
2847 738 3023 794 nobis.
3050 740 3232 812 Neque
3258 742 3399 797 enim
3440 743 3492 797 in
3525 742 3610 800 his

2024 829 2202 885 omnia
2227 845 2344 899 quae
2369 830 2613 885 volumus
2639 844 2939 900 possumus.
2969 831 3025 886 ln
3052 832 3189 888 libro
3209 842 3384 888 autem
3407 834 3603 890 ﬁdelis-

2025 922 2163 977 simo
2186 923 2409 993 legimus
2437 923 2706 979 diabolum
2730 924 2969 994 potuisse
2993 925 3152 980 etiam
3175 924 3240 979 de
3263 927 3402 983 caelo
3430 927 3608 998 ignem

2025 1015 2344 1084 immittere,
2375 1017 2441 1072 ad
2483 1018 2650 1073 sancti
2679 1018 2778 1073 viri
2810 1027 3015 1073 tantum
3046 1033 3298 1089 pecorum
3330 1034 3608 1076 numerum

2025 1107 2253 1164 mirabili
2298 1119 2352 1163 et
2400 1109 2667 1164 horrendo
2716 1109 2915 1179 impetu
2964 1110 3421 1175 consumendum;
3471 1110 3611 1180 quod

2025 1199 2238 1255 diabolo
2267 1200 2501 1256 tribuere
2527 1216 2684 1256 nemo
2710 1201 2940 1256 ﬁdelium
2973 1199 3217 1257 fortassis
3243 1201 3481 1265 auderet,
3509 1202 3613 1254 nisi

2025 1301 2221 1346 sanctae
2251 1290 2539 1362 Scripturas
2582 1293 2896 1357 auctoritate
2938 1293 3222 1364 legeretur.
3263 1292 3364 1350 Sed
3396 1293 3482 1347 ille
3511 1292 3612 1360 vir,

2025 1381 2120 1437 Dei
2149 1382 2293 1439 dono
2317 1384 2490 1453 justus
2510 1424 2525 1450 ,
2568 1392 2623 1439 et
2663 1382 2816 1439 fortis
2839 1425 2855 1451 ,
2896 1393 2951 1440 et
2983 1384 3071 1456 pie
3097 1386 3335 1454 peritus,
3368 1399 3472 1439 non
3503 1384 3610 1447 ait,

2026 1474 2281 1531 Dominus
2306 1475 2471 1543 dedit,
2499 1476 2741 1532 diabolus
2768 1477 3019 1542 abstulit;
3045 1476 3158 1540 sed,
3185 1475 3429 1531 Dominus
3452 1476 3612 1543 dedit,

2028 1565 2275 1623 Dominus
2318 1569 2522 1623 abstulit
2550 1568 2678 1642 (Job
2704 1585 2743 1635 ι,
2776 1570 2865 1636 16,
2887 1568 2950 1624 2i
2977 1567 3035 1642 );
3066 1569 3267 1640 Optime
3291 1570 3467 1625 sciens
3494 1570 3615 1624 dia-

2027 1656 2210 1714 bolum
2240 1659 2399 1715 etiam
2438 1659 2581 1732 quod
2620 1660 2797 1717 facere
2819 1660 2887 1716 de
2916 1661 3032 1717 istis
3065 1660 3344 1717 elementis
3374 1668 3612 1729 poterat,

2028 1766 2133 1806 non
2156 1760 2333 1808 tamen
2353 1767 2509 1808 servo
2532 1752 2649 1820 Dei,
2672 1753 2774 1808 nisi
2800 1752 2916 1824 ejus
2935 1753 3162 1809 Domino
3180 1754 3393 1809 volente
3412 1768 3474 1809 ac
3495 1767 3619 1824 per-

2029 1843 2273 1899 mittente
2298 1843 2463 1900 fuisse
2490 1843 2789 1911 facturum;
2818 1844 3072 1899 malitiam
3100 1844 3297 1900 diaboli
3324 1844 3617 1901 confunde-

2028 1934 2426 2006 bat‘,quoniam
2443 1936 2562 2006 quis
2578 1936 2667 1991 illa
2681 1936 2731 1990 in
2745 1950 2805 1991 se
2822 1935 3097 2007 probando
3113 1945 3370 2004 uteretur,
3392 1936 3613 1993 sciebat.

2028 2026 2086 2083 In
2105 2027 2226 2081 ﬁliis
2242 2042 2369 2083 vero
2388 2026 2698 2084 difﬁdentiae
2720 2036 2967 2098 tanquam
2986 2028 3037 2082 in
3058 2029 3168 2084 suis
3188 2029 3464 2099 mancipiis
3483 2043 3619 2100 ope-

2029 2128 2177 2174 ratur
2197 2116 2409 2193 (Ephes.
2435 2136 2492 2187 tt,
2517 2120 2596 2189 2),
2628 2119 3073 2190 quemadmodum
3106 2120 3349 2175 homines
3376 2120 3427 2175 in
3462 2136 3620 2191 pecco

2028 2211 2181 2267 ribus
2216 2214 2360 2278 suis;
2408 2221 2464 2269 et
2491 2212 2599 2268 illic
2626 2221 2803 2269 tamen
2842 2221 3096 2284 quantum
3126 2213 3221 2267 Dei
3246 2214 3391 2284 justo
3415 2213 3621 2284 judicio

2031 2306 2242 2361 sinitur.
2272 2306 2379 2362 Sed
2413 2307 2557 2362 aliud
2596 2316 2680 2363 est
2714 2307 2927 2378 quando
2956 2316 3192 2377 potestas
3235 2307 3352 2377 ejus
3387 2307 3547 2364 etiam
3586 2321 3623 2362 a

2032 2397 2164 2466 suis,
2186 2397 2324 2452 sicut
2343 2398 2393 2453 ei
2413 2398 2608 2468 placet,
2645 2399 2934 2455 tractandis
2966 2399 3169 2470 majore
3202 2408 3468 2470 potestate
3489 2412 3623 2468 pro-

2034 2489 2277 2557 hibetur;
2307 2490 2448 2547 aliud
2472 2491 2686 2562 quando
2711 2491 2759 2548 ei
2788 2501 3024 2560 potestas
3048 2493 3209 2548 etiam
3236 2493 3289 2549 in
3317 2506 3411 2549 eos
3435 2491 3526 2563 qui
3554 2491 3623 2549 ab

2034 2582 2127 2638 illo
2155 2583 2314 2638 alieni
2352 2592 2475 2637 sunt
2508 2583 2685 2639 datur.
2710 2584 2857 2639 Sicut
2884 2584 3045 2639 homo
3066 2585 3134 2641 de
3156 2600 3348 2655 pecore
3377 2601 3498 2652 suo,
3525 2601 3624 2657 pro

2036 2673 2270 2730 humano
2292 2685 2471 2745 captu,
2494 2674 2622 2733 facit
2643 2675 2786 2746 quod
2810 2676 2956 2743 vult;
2982 2692 3082 2733 nec
3104 2692 3233 2733 sane
3262 2677 3407 2742 facit,
3433 2679 3475 2733 si
3499 2693 3627 2748 pro-

2036 2765 2283 2823 hibeatur
2310 2784 2339 2821 a
2364 2776 2627 2839 potestate
2651 2768 2854 2840 majore
2884 2786 2898 2823 :
2925 2768 2993 2825 de
3017 2768 3194 2827 alieno
3222 2778 3398 2826 autem
3430 2787 3626 2841 pecore

2036 2868 2097 2915 ut
2121 2860 2309 2927 faciat,
2340 2870 2614 2931 exspectat
2639 2861 2740 2916 sibi
2768 2870 3089 2931 potestatem
3118 2862 3234 2917 dari
3261 2863 3328 2918 ab
3355 2863 3445 2917 illo
3471 2862 3626 2931 cujus

2038 2960 2140 3007 est.
2168 2952 2242 3007 lbi
2271 2966 2399 3023 ergo
2426 2961 2661 3023 potestas
2684 2969 2804 3023 quae
2831 2953 3023 3021 fuerat,
3050 2953 3396 3025 prohibetur;
3426 2954 3510 3010 ltic
3530 2969 3628 3011 au-

2040 3051 2148 3099 tem
2176 3059 2297 3114 qua:
2323 3059 2429 3099 non
2456 3045 2649 3113 fuerat,
2680 3046 2946 3102 tribuitur.

2110 3135 2202 3192 29.
2242 3135 2371 3206 Quae
2398 3153 2517 3193 cum
2549 3138 2617 3192 ita
2645 3138 2786 3207 sint,
2816 3140 2861 3195 si
2906 3153 3002 3210 per
3023 3138 3242 3211 angelos
3271 3139 3442 3195 malos
3484 3140 3627 3198 Deus

2040 3229 2161 3287 illas
2186 3242 2368 3304 ptagas
2393 3232 2587 3290 inﬂixit
2613 3231 2899 3307 Δωριῆς,
2926 3234 3181 3308 numquid
3212 3234 3524 3293 audebimus
3542 3235 3628 3294 di-

2037 3336 2186 3392 cere,
2233 3334 2289 3382 et
2335 3340 2523 3399 aquam
2568 3329 2622 3383 in
2667 3328 2980 3399 sanguinem
3012 3344 3105 3397 per
3146 3328 3364 3383 eosdem
3409 3329 3625 3400 angelos

2040 3430 2249 3472 versam
2274 3457 2291 3485 ,
2317 3428 2373 3474 et
2395 3434 2553 3475 ranas
2581 3435 2676 3490 per
2699 3419 2914 3475 eosdem
2942 3419 3161 3490 angelos
3184 3420 3370 3487 factas,
3398 3434 3625 3489 quorum

2041 3505 2235 3561 similia
2276 3507 2435 3562 etiam
2479 3510 2618 3580 magi
2662 3510 2958 3565 Pharaonis
3004 3509 3277 3566 veneﬁciis
3305 3511 3419 3567 suis
3448 3510 3627 3567 facere

2041 3608 2363 3667 potuerunt;
2392 3611 2452 3657 ut
2475 3601 2647 3673 angeli
2684 3603 2810 3659 mali
2835 3618 2904 3659 ex
2934 3611 3158 3675 utraque
3194 3609 3343 3669 parte
3369 3598 3615 3655 consiste

2041 3698 2181 3757 rent,
2224 3689 2349 3746 hinc
2377 3691 2497 3749 illos
2516 3691 2833 3764 alﬁigentes,
2871 3693 2998 3752 inde
3036 3688 3299 3757 fallenteS,
3341 3690 3634 3747 secundum

2043 3777 2303 3852 judicium
2327 3788 2382 3838 et
2402 3780 2853 3851 dispensationem
2878 3783 2896 3809 ²
2918 3780 3195 3847 justissimi
3220 3790 3274 3836 et
3297 3781 3636 3852 omnipOten-

2050 3869 2241 3926 tissimi
2268 3872 2396 3939 Dei,
2422 3872 2566 3942 juste
2613 3872 2810 3927 utentis
2852 3871 3010 3926 etiam
3051 3872 3353 3942 iniquorum
3394 3873 3636 3929 malitia?

2048 3961 2167 4020 Non
2194 3963 2364 4019 audeo
2392 3964 2590 4021 dicere.
2632 3964 2784 4020 Unde
2809 3965 2951 4020 enim
2979 3964 3248 4036 sciniphes
3281 3966 3454 4021 facere
3495 3966 3637 4039 magi

2050 4053 2343 4110 Pharaonis
2372 4057 2593 4111 minime
2624 4065 2909 4126 potuerunt
2944 4055 2965 4128 (
2982 4055 3149 4111 Exod.
3181 4073 3255 4112 vn
3278 4098 3292 4122 ,
3320 4057 3393 4113 20
3412 4098 3427 4122 ,
3453 4057 3556 4121 22,
3585 4066 3638 4113 et

2051 4164 2173 4214 vnt,
2202 4148 2255 4213 6,
2287 4149 2335 4213 7,
2369 4150 2457 4212 17,
2488 4147 2633 4220 18)ἳ
2670 4166 2736 4204 an
2766 4154 2887 4219 quia
2914 4148 3016 4204 hoc
3042 4150 3290 4219 permissi
3321 4150 3419 4219 ipsi
3460 4150 3635 4219 angeli

2049 4237 2175 4292 mali
2208 4253 2313 4293 non
2337 4247 2463 4320 sunt
2487 4239 2507 4270 ³
2527 4239 2553 4292 i
2579 4240 2683 4307 An,
2711 4240 2852 4310 quod
2883 4240 3060 4294 verius
3085 4239 3368 4294 dicendum
3394 4248 3478 4295 est
3496 4282 3510 4308 ,
3543 4254 3638 4295 oo-

2050 4333 2190 4387 culta
2217 4348 2375 4389 causa
2402 4343 2505 4401 est,
2530 4344 2586 4390 et
2610 4334 2754 4390 vires
2779 4344 2977 4399 nostra:
3006 4335 3363 4404 inquisitionis
3389 4336 3638 4391 excedit?

2049 4423 2182 4480 Nam
2210 4426 2254 4481 si
2282 4435 2560 4497 propterea
2591 4441 2688 4499 per
2710 4426 2879 4483 malos
2899 4427 3118 4505 angelos
3142 4427 3231 4483 illa
3256 4427 3420 4484 Deum
3450 4428 3640 4486 fecisse

2052 4518 2436 4590 putaverimus,
2470 4520 2590 4591 quia
2622 4534 2795 4590 paena:
2822 4517 3219 4590 inﬁigebantur,
3246 4534 3355 4575 non
3379 4518 3642 4575 beneﬁcia

2052 4613 2463 4684 prazstabantur,
2496 4622 2747 4682 tanquam
2778 4611 2978 4668 nemini
3022 4612 3164 4666 Deus
3208 4626 3395 4682 poenas
3439 4612 3642 4684 irroget

2051 4719 2150 4777 per
2176 4705 2409 4776 Angelos
2438 4704 2608 4760 bonos
2626 4744 2643 4771 ,
2683 4703 2776 4758 sed
2803 4719 2899 4774 per
2924 4703 3042 4758 illos
3067 4703 3215 4759 velut
3243 4703 3447 4759 militiae
3478 4704 3643 4762 cale—

2053 4798 2149 4852 stis
2171 4794 2484 4861 carniﬁces;
2514 4809 2846 4865 consequens
2871 4794 2973 4850 erit
2992 4804 3050 4849 ut
3063 4794 3224 4850 etiam
3238 4793 3526 4851 Sodomam
3545 4810 3641 4866 per

2051 4888 2225 4944 malos
2246 4888 2463 4959 angelos
2495 4901 2739 4944 eversam
2778 4900 2897 4941 esse
2932 4884 3231 4954 credamus,
3263 4896 3319 4942 et
3343 4888 3515 4943 malos
3540 4902 3638 4943 an-

2051 4982 2202 5054 gelos
2229 4980 2498 5037 Abraham
2526 4990 2581 5035 et
2611 4980 2713 5036 Lot
2736 4979 2966 5050 hospitio
2989 4980 3290 5051 suscepisse
3313 4980 3593 5036 videantur
3621 4999 3638 5037 :

2054 5074 2195 5148 quod
2225 5074 2363 5130 absit
2403 5083 2461 5129 ut
2497 5080 2683 5128 contra
2714 5072 3014 5142 Scripturas
3048 5072 3409 5142 apertissimas
3445 5073 3617 5150 sentia

2055 5184 2175 5224 mus
2201 5166 2365 5241 (Gen.
2397 5180 2529 5220 xvnt
2569 5172 2615 5219 et
2643 5163 2783 5233 xix).
2826 5161 3005 5219 Claret
3027 5163 3186 5234 igitur
3211 5162 3311 5216 ista
3340 5162 3645 5221 hominibus

2056 5258 2169 5316 ﬁeri
2201 5274 2294 5331 per
2330 5258 2501 5314 honos
2544 5266 2599 5311 et
2639 5255 2810 5311 malos
2856 5253 3077 5326 angelos
3121 5267 3277 5323 posse
3323 5269 3338 5307 :
3385 5253 3510 5324 quid
3553 5264 3647 5311 aut

2057 5352 2269 5427 quando
2298 5352 2414 5408 ﬁeri
2441 5358 2708 5422 oporteat,
2737 5364 2824 5404 me
2850 5348 3016 5414 latet;
3048 5345 3195 5401 illum
3220 5359 3351 5402 vero
3373 5345 3466 5417 qui
3496 5346 3644 5417 iacit,

2058 5463 2165 5504 non
2184 5447 2333 5511 latet,
2358 5453 2414 5501 et
2430 5442 2516 5501 cui
2540 5441 2770 5498 voluerit
2791 5440 3051 5496 revelare.
3079 5435 3458 5493 Verumtamen
3476 5452 3647 5508 quan-

2061 5549 2171 5596 tum
2214 5547 2412 5595 nostrae
2456 5533 2741 5592 intentioni
2783 5530 3054 5600 Scriptura
3096 5527 3275 5584 divina
3314 5528 3645 5594 moderatur,

2125 5678 2144 5711 ι
2169 5676 2243 5726 sic
2263 5673 2447 5736 aliquos
2464 5676 2573 5736 uss.
2611 5667 2719 5729 Alii,
2736 5664 2975 5736 νηαιίιίφη
2996 5660 3527 5736 mmmamst
3543 5673 3574 5736 ,-:
3592 5668 3647 5736 ες

2090 5722 2614 5799 υίάᾶἰίιῗῶηβάεημξν
2652 5722 3012 5799 εοὲξιεξηιῖξευαιμ
3034 5734 3097 5799 ﬁt.
3127 5723 3242 5799 ΨΜ·
3287 5722 3646 5779 iam“:

2090 5756 2279 5799 uiuam,
2320 5756 2609 5797 wupuenwr
2652 5756 2990 5781 wrucuuwvuo.
3034 5756 3089 5776 ηι
3127 5756 3177 5774 ιλ

2057 5756 2213 5870 adsue
2230 5800 2409 5870 facturn
2887 5785 3177 5852 conﬁdebat.

2121 5869 2144 5900 ³
2168 5856 2338 5913 Plures
2356 5866 2485 5919 uss,
2509 5856 2883 5920 dispositionem.

2124 5930 2148 5963 s
2168 5924 2358 5991 Aliquot
2561 5918 2690 5995 nota
2708 5922 2837 5977 Iss.,
2862 5918 3076 5980 possunt.

2725 5998 3255 6089 (Tranio-deum.)
