4076 6464
305 415 442 484 quos

303 541 420 594 [rius
443 541 764 610 exprimens,
801 540 862 596 Et
888 543 941 596 in
957 541 1266 615 sculptilibus
1283 551 1405 615 suis,
1436 551 1623 621 inquit,
1644 554 1710 606 ad
1729 567 1874 607 temu-

302 635 540 688 lntionem
566 647 679 687 eum
704 651 1107 705 prouocauerunt.

369 727 454 782 5'3.
487 725 651 798 [vers
683 729 770 792 59,
795 729 879 784 60.
907 731 926 804 ]
954 734 1156 787 Audiuit
1185 734 1342 803 Deus,
1366 743 1411 791 et
1445 743 1628 808 Sprevit
1659 757 1676 794 .·
1700 741 1872 810 idest,

296 819 545 883 advertit,
572 828 623 876 et
660 821 964 876 vindicavit.
1007 823 1074 877 Et
1125 827 1194 878 ad
1235 825 1450 880 nihilum
1489 831 1679 901 redegit
1728 834 1880 889 nimis

295 911 484 966 Israel.
533 913 638 968 Deo
673 909 866 985 quippe
895 929 1180 987 spernente
1212 919 1338 990 quid
1366 935 1754 993 remanserunt,
1785 928 1876 998 qui

293 1001 402 1058 Deo
433 1005 714 1074 adjuvantc
731 1005 942 1062 luerunt
993 1010 1131 1078 quod
1182 1012 1439 1070 fixerant?
1473 1013 1732 1073 Nimirum
1779 1035 1873 1073 au-

292 1105 396 1150 tem
430 1112 540 1151 rem
593 1099 732 1154 illam
782 1110 988 1171 gestam
1028 1115 1432 1172 commemorat,
1471 1109 1689 1179 quando
1745 1112 1875 1167 victi

287 1198 412 1243 sunt
439 1193 504 1245 ab
549 1189 847 1264 Allophylis
893 1204 1129 1266 tempore
1159 1197 1275 1254 Heli
1306 1203 1611 1270 sacerdotis,
1638 1214 1692 1260 et
1739 1207 1871 1261 Area

289 1279 498 1334 Domini
521 1292 672 1352 capta
705 1292 804 1352 est,
835 1293 889 1342 et
907 1301 1092 1358 magna
1117 1295 1293 1362 strage
1313 1295 1500 1349 vastati
1524 1301 1647 1352 sunt
1677 1297 1718 1370 (l
1741 1293 1867 1371 Reg.

285 1381 362 1436 ιν,
394 1373 477 1439 10,
509 1367 617 1447 il).
650 1375 761 1432 lloc
783 1383 866 1433 es‘t
909 1381 1048 1450 quod
1079 1379 1226 1450 dicit,
1254 1381 1319 1437 Et
1362 1387 1544 1457 repulit
1573 1367 1869 1444 tabernacu-

285 1469 392 1521 lum
425 1467 617 1535 Selont,
658 1473 1034 1528 tabernaculum
1077 1491 1222 1531 suum
1252 1479 1337 1533 ubi
1362 1481 1597 1536 habitavit
1623 1486 1674 1537 in
1705 1484 1868 1539 homi-

282 1561 447 1614 nibus.
474 1562 760 1633 Eleganter
789 1569 1034 1637 exposuit
1071 1581 1232 1639 quare
1274 1575 1531 1643 repulerlt
1559 1577 1870 1634 tabernacu-

281 1649 396 1703 lu’m‘
416 1665 590 1720 suum,
617 1665 736 1709 cum'
779 1658 870 1722 ait,
904 1658 986 1712 ubi
1034 1662 1274 1715 habitavit
1301 1664 1353 1718 in
1384 1666 1682 1723 hominibus.
1735 1670 1866 1726 Cum

279 1743 406 1810 ergo
434 1741 582 1812 digni
628 1755 731 1800 non
767 1757 946 1802 essent
986 1751 1036 1804 in
1082 1752 1272 1821 quibus
1300 1755 1578 1824 habitaret,
1629 1771 1723 1814 cur
1761 1775 1870 1817 n'on'

280 1833 565 1902 repelleret
598 1836 1017 1908 tabernaculum,
1051 1843 1191 1912 quod
1222 1845 1398 1915 utique
1422 1863 1525 1903 non
1559 1859 1773 1920 propter
1803 1867 1861 1908 se

279 1923 600 1991 instituerat,
636 1928 727 1981 sed
762 1939 977 2000 propter
1003 1932 1164 2001 ipsos,
1196 1947 1328 2005 quos
1345 1937 1452 2007 jam
1491 1939 1764 2009 judicabat
1783 1944 1864 1997 in-

276 2013 462 2085 dignos
490 2017 752 2088 inquibus
777 2021 1078 2078 habitaret?

346 2107 432 2164 56.
466 2110 484 2181 [
513 2127 640 2166 vers.
670 2113 756 2167 61.
783 2113 800 2185 i
827 2113 894 2169 Et
939 2118 1152 2172 tradidit
1184 2121 1237 2174 in
1265 2123 1602 2190 captivitatem
1633 2127 1864 2182 virtutem

273 2201 471 2263 eorum,
523 2206 568 2250 et
621 2199 1046 2268 pulchritudinem
1091 2216 1263 2258 eorum
1316 2207 1368 2260 in
1423 2223 1600 2263 manus
1649 2212 1855 2267 inimici.

272 2287 442 2358 ipsam
472 2293 660 2345 Arcam
694 2293 831 2348 unde
884 2296 982 2349 sibi
1025 2297 1346 2353 videbantur
1395 2300 1592 2369 invicti,
1625 2313 1678 2358 et
1721 2306 1862 2362 unde

271 2380 371 2434 sibi
398 2383 717 2450 plaudebant
744 2387 781 2451 ί,
812 2386 1059 2442 virtutem
1102 2397 1156 2444 et
1183 2391 1858 2460 pulclirltudineln‘eorum

270 2469 417 2525 dicit.
462 2474 694 2544 Denique
723 2487 775 2531 et
807 2487 985 2546 postea
1034 2482 1172 2536 male
1205 2484 1462 2546 virentes,
1497 2487 1637 2539 etde
1665 2491 1859 2557 templo

272 2561 483 2617 Domini
523 2566 828 2635 gloriantes,
874 2579 1036 2625 terret
1080 2587 1174 2641 per
1225 2571 1558 2644 prophetam,
1613 2577 1842 2634 dicens:

283 2653 450 2709 Videte
473 2658 594 2726 quid
623 2661 714 2728 feci
739 2660 932 2728 Selo’m,
974 2663 1059 2716 ubi
1104 2675 1209 2718 erat
1259 2666 1635 2722 tabernaculum
1689 2685 1853 2725 meum

269 2746 288 2816 (
320 2746 506 2802 Jerem'.
533 2761 623 2817 vn,
659 2747 724 2804 i9
755 2754 792 2821 ).

338 2841 426 2892 57.
451 2841 469 2913 [
501 2853 626 2897 vers.
657 2845 747 2909 62,
778 2845 865 2901 65.
895 2845 915 2919 ]
947 2848 1008 2901 Et
1038 2851 1279 2905 conclusit
1310 2853 1360 2905 in
1407 2855 1576 2923 gladio
1613 2858 1856 2926 populant

265 2947 431 2999 suum,
453 2945 504 2989 et
518 2938 856 2993 hteretlitatem
877 2957 1018 2995 suam
1046 2945 1247 3013 sprevit.
1268 2945 1487 3002 Jurencs
1516 2965 1686 3002 eorum
1711 2965 1852 3005 com-

263 3021 366 3080 edit
391 3029 562 3098 ignis:
593 3031 648 3085 id
671 3041 770 3096 est,
806 3033 900 3087 ira.
934 3034 1000 3087 Et
1042 3037 1256 3105 virgines
1297 3054 1465 3091 eorum
1489 3057 1588 3094 non
1627 3052 1742 3096 sunt
1772 3044 1851 3097 la-

261 3125 497 3175 menteris
529 3140 545 3176 :
577 3125 693 3193 quia
720 3139 889 3195 neque
910 3127 1008 3181 hoc
1042 3130 1264 3183 vacabat
1286 3131 1334 3183 iu
1370 3132 1722 3190 hostilimct‘u.

333 3213 420 3267 58.
448 3213 465 3284 [
497 3230 622 3268 vers.
653 3217 738 3272 64.
763 3217 782 3290 ]
813 3219 1113 3275 Sacerdotes
1164 3229 1333 3276 earum
1376 3225 1427 3278 in
1473 3227 1642 3296 gladio
1662 3230 1852 3285 cecide-

224 3346 226 3348 τ
260 3309 396 3368 i‘u‘nt,
428 3310 652 3364 etvidute
675 3321 845 3365 eorum
874 3327 971 3367 non
991 3315 1340 3384 plorabantur.
1370 3318 1688 3376 Ceciderunt
1706 3324 1849 3378 enim

258 3398 312 3452 in
341 3400 513 3469 gladio
562 3401 661 3456 ﬁlii
691 3403 826 3470 Heli,
862 3419 1087 3474 quorum
1139 3407 1292 3461 unius
1342 3417 1480 3464 uxor
1517 3411 1748 3480 viduata,
1797 3423 1850 3470 et

256 3491 379 3544 mox
412 3491 461 3544 in
492 3503 642 3561 partu
681 3505 908 3562 mortua,
933 3505 1154 3566 propter
1195 3498 1436 3554 eamdem
1493 3504 1846 3570 perturbatio-

254 3587 377 3636 nem
427 3584 599 3655 plangi
647 3597 751 3640 non
808 3587 976 3657 potuit
1015 3588 1220 3646 honore
1279 3591 1562 3665 luncris(l
1591 3595 1717 3668 Reg.
1764 3615 1841 3668 ιν,

253 3670 506 3745 19,20).

325 3764 412 3820 59.
445 3764 614 3836 [vers
651 3766 739 3823 65'.
770 3767 788 3841 ]
817 3768 882 3822 Et
932 3773 1177 3827 excitatus
1219 3785 1290 3829 eat
1320 3785 1559 3848 tanquam
1590 3780 1841 3838 demicus

249 3854 521 3912 Damiuus.
580 3857 798 3916 Videtur
847 3863 988 3918 enim
1028 3864 1280 3929 dormire,
1326 3871 1536 3939 quando
1583 3874 1839 3945 populum

248 3959 405 4007 suum
443 3947 614 4007 datin
637 3955 825 4011 manus
855 3969 1036 4012 eorum
1056 3961 1337 4029 quos‘od‘i‘t,
1371 3965 1458 4018 ubi
1489 3966 1566 4021 eis
1590 3967 1794 4024 dicatur
1822 3988 1835 4024 :

261 4041 360 4096 Ubi
399 4054 468 4096 est
517 4043 653 4099 Deus
707 4058 820 4102 tuus
869 4050 1055 4121 (Psal.
1084 4068 1191 4120 xu,
1221 4055 1280 4109 11
1319 4055 1376 4127 )?
1403 4055 1668 4114 Excitatus
1712 4064 1838 4132 ergo

247 4139 583 4203 ecflanquam
633 4137 905 4205 dormiens,
959 4150 1197 4211 tanquam
1249 4155 1422 4213 potens
1477 4153 1766 4219 crapulatus
1804 4173 1836 4208 a

243 4227 382 4281 vino.
415 4224 598 4282 Nullus
624 4228 724 4284 hoc
749 4230 814 4284 de
849 4232 957 4286 Deo
984 4233 1162 4290 dicere
1209 4238 1441 4303 auderet,
1473 4242 1573 4296 nisi
1608 4243 1834 4313 Spiritus

244 4316 380 4386 ejus.
409 4316 547 4372 Dixit
578 4319 897 4385 enim,sicut
941 4321 1151 4378 videtur
1208 4325 1382 4396 impiis
1431 4330 1827 4404 insultantibus,

242 4407 386 4477 quod
416 4408 557 4462 velut
580 4409 873 4465 ebrius'diu
931 4413 1177 4482 dormiat,
1210 4418 1420 4486 quando
1448 4436 1554 4476 non
1599 4431 1703 4479 tam
1726 4426 1830 4482 cito

239 4511 402 4568 quam
431 4507 618 4567 putant
639 4504 658 4532 '
689 4500 951 4568 homines,
984 4503 1247 4561 subvenit.

317 4593 409 4647 40.
441 4591 461 4665 [
489 4607 614 4648 vers.
640 4595 727 4651 66.
759 4595 779 4669 ]
803 4595 872 4650 Et
904 4600 1144 4668 percussit
1190 4601 1415 4657 inimicos
1439 4621 1556 4661 suos
1586 4609 1638 4662 in
1663 4621 1827 4680 poste-

238 4684 426 4738 riora:
457 4686 573 4741 illos
619 4689 799 4758 utique
828 4691 914 4758 qui
961 4692 1262 4760 gaudebant
1291 4696 1430 4764 quod
1479 4699 1670 4756 Arcam
1709 4703 1824 4774 ejus

237 4777 506 4846 captivare
561 4789 881 4850 potuerunt;
935 4784 1170 4850 percussi
1204 4786 1344 4840 enim
1375 4799 1496 4843 sunt
1526 4791 1576 4844 in
1608 4794 1822 4854 sedibus

235 4867 354 4921 suis
381 4868 398 4937 (
422 4867 442 4921 1
468 4869 594 4940 Reg‘.
625 4883 681 4936 v,'
709 4870 744 4924 6
769 4871 807 4939 ).
833 4871 982 4938 Quod
1014 4877 1130 4942 ejus
1165 4887 1333 4945 pinna:
1359 4880 1564 4949 signum
1586 4885 1713 4940 mihi
1741 4888 1820 4942 vi-

231 4959 412 5028 detur,
444 4973 545 5031 qua
575 4966 798 5035 quisque
835 4967 1175 5035 crucia'bit'ur,
1208 4972 1251 5025 si
1302 4973 1352 5026 in
1399 4978 1688 5043 posteriora
1729 4996 1818 5037 re-

230 5053 501 5120 spexerit;
533 5067 671 5122 quzc,
718 5057 854 5112 sicut
899 5060 1202 5128 Apostolus,
1264 5065 1530 5122 aestimare
1581 5069 1736 5126 debet
1762 5083 1818 5128 ut

228 5144 504 5212 stercora(
527 5143 757 5215 Philipp.
784 5163 858 5213 in,
887 5150 976 5220 8).
1007 5151 1105 5219 Qui
1134 5153 1272 5208 enim
1313 5156 1388 5210 sic
1418 5159 1711 5229 suscipiunt
1733 5171 1814 5220 te-

227 5237 552 5290 stamentum
581 5235 694 5301 Dei,
727 5246 783 5292 ut
804 5246 982 5296 vetere
1010 5246 1244 5301 vanitate
1273 5261 1377 5303 non
1409 5263 1465 5304 se
1495 5261 1710 5320 exuant,
1737 5256 1811 5310 si-

227 5327 392 5382 miles
417 5335 542 5382 sunt
564 5328 843 5385 hostilibus
877 5334 1086 5401 populis
1131 5339 1224 5406 qui
1268 5339 1460 5395 Arcam
1511 5348 1809 5402 testamenti

223 5418 542 5485 captivatam
566 5419 716 5489 juxta
748 5433 841 5475 sua
871 5420 1012 5476 idola
1055 5435 1361 5494 posuerunt.
1393 5433 1458 5486 Et
1492 5434 1574 5488 illa
1598 5437 1806 5506 quidem

222 5519 405 5564 vetera
423 5511 581 5567 etiam
603 5513 707 5567 illis
743 5514 1046 5571 nolentibus
1078 5519 1290 5589 cadunt,
1341 5527 1460 5593 quia
1504 5531 1664 5584 omnis
1692 5549 1807 5588 caro

221 5600 418 5669 fenum,
444 5612 491 5656 ct
515 5605 716 5658 claritas
742 5606 960 5661 hominis
999 5618 1054 5662 ut
1095 5611 1192 5679 ﬂos
1217 5615 1338 5681 feni.
1369 5614 1563 5672 Fen’um
1587 5625 1735 5688 aruit,
1761 5635 1807 5679 et

223 5693 323 5764 ﬂos
373 5693 557 5750 decidit
605 5712 621 5750 :
662 5700 797 5752 Area
831 5708 997 5755 autem
1035 5700 1248 5758 Domini
1295 5715 1460 5762 manet
1479 5711 1531 5764 in
1565 5722 1803 5771 wteruum

288 5849 304 5918 ξ
332 5849 708 5915 Ριετὶψιθωεεη
726 5837 992 5918 placebant.

285 5913 305 5943 '
329 5918 430 5963 Duo
452 5913 581 5977 Mss,
601 5913 778 5979 petunt.

1340 435 1734 493 emmwno
1775 439 1838 494 IN
1878 437 2203 500 psse-uua
2245 413 2498 504 Lxxt'u.

3431 467 3456 523 1
3467 469 3569 527 ὒθϐ

1993 557 2164 628 (Isai.
2190 571 2276 627 XL,
2304 563 2357 631 6,
2389 564 2466 637 7)
2502 582 2515 631 ;
2557 575 2821 625 secretum
2870 571 3071 630 scilicet
3121 584 3424 636 testamenti
3481 601 3571 639 re-

1982 660 2143 721 gnum
2168 657 2446 722 ctelorum,
2479 659 2564 715 ubi
2614 670 2696 717 est
2743 673 2998 723 aeternum
3055 670 3270 728 Verbum
3302 676 3415 731 Dei.
3455 678 3563 734 Sed

1983 744 2062 800 illi
2121 749 2210 816 qui
2258 753 2550 820 posteriora
2607 755 2924 825 dilexerunt,
2967 779 3030 818 ex
3087 765 3215 835 ipsis
3260 769 3556 838 justissima

1981 839 2393 897 eruciabuntur:
2441 843 2781 916 Opprobrium
2824 853 2964 907 enim
3017 859 3372 928 sempiternum
3419 862 3558 919 dedit

1977 931 2099 986 illis.

2051 1026 2137 1079 41.
2172 1026 2337 1099 [vera
2357 1030 2445 1099 67,
2477 1033 2564 1088 68.
2589 1035 2606 1106 ]
2637 1034 2701 1089 Et
2722 1041 2926 1109 repulit,
2957 1041 3145 1112 inquit,
3180 1047 3574 1106 tabernaeultnl"

1977 1117 2189 1188 Joseph,
2231 1132 2278 1176 et
2307 1125 2488 1180 tribum
2525 1121 2768 1197 Eph'ftt’m
2795 1145 2894 1188 non
2922 1137 3085 1206 elegit.
3113 1136 3184 1192 Et
3212 1141 3356 1211 elegit
3381 1146 3582 1200 tribum

1977 1209 2266 1267 Juda.Non
2317 1216 2466 1282 dixit,
2521 1220 2732 1291 Repulit
2783 1226 3178 1284 tabernaculum
3223 1209 3430 1300 Ruben,
3474 1239 3582 1308 qui

1978 1301 2074 1357 luit
2117 1305 2497 1377 primogenitus
2538 1312 2736 1380 Ja‘cob;
2765 1331 2865 1372 nec
2889 1331 2982 1374 eos
3025 1323 3115 1391 qui
3165 1301 3570 1395 semidam-{et

1976 1393 2164 1450 Iudam
2195 1402 2461 1456 nascendo
2507 1406 2835 1476 praecedunt,
2866 1420 2925 1465 ut
2972 1412 3075 1468 illis
3119 1393 3347 1486 repulsis
3377 1393 3568 1476 et

1976 1489 2177 1559 electis,
2210 1494 2380 1549 tribus
2405 1497 2538 1553 Juda
2568 1501 2870 1571 eligeretur.
2906 1505 3120 1562 Poterat
3139 1511 3280 1566 enim
3310 1511 3415 1569 di'ci
3442 1530 3560 1570 me-

1974 1584 2076 1638 rito
2101 1586 2218 1640 ilics
2248 1592 2510 1658 repulsos,
2546 1596 2668 1664 quia
2685 1605 2737 1651 et
2768 1598 2817 1651 in
2841 1599 3212 1659 benediaione
3229 1604 3418 1675 Ja‘cob;
3451 1617 3553 1679 qua

1974 1682 2099 1732 sues
2124 1677 2261 1735 ﬁlios
2309 1682 2596 1753 benedixit,
2644 1695 2859 1758 p‘eeeata
2898 1706 3083 1750 eorum
3137 1677 3556 1760 commemorata

1972 1772 2201 1840 graviter
2252 1776 2545 1833 detestatur
2571 1781 2588 1850 (
2614 1780 2743 1836 Gen.
2817 1801 2963 1854 nix,
2997 1789 3089 1842 L7
3117 1788 3136 1860 )
3167 1807 3181 1856 ;
3213 1795 3468 1862 quamvis
3502 1796 3563 1853 in

1973 1862 2051 1917 eis
2083 1865 2247 1921 tribus
2265 1868 2399 1950 Levi
2423 1872 2766 1930 sacerdotalis
2794 1878 2959 1933 tribus
2997 1885 3118 1936 esse
3149 1887 3423 1955 meruerit,
3457 1901 3558 1944 una

1971 1953 2036 2009 de
2057 1957 2215 2011 etiam
2243 1947 2452 2031 Moyses
2482 1961 2615 2033 fuit(
2651 1963 2816 2020 Exod.
2849 1984 2904 2033 ιι,
2935 1972 3019 2041 1).
3063 1972 3172 2029 Nec
3197 1973 3353 2043 dixit,-
3381 1947 3558 2049 [tepu-

1969 2043 2030 2099 lit
2077 2048 2478 2106 tabernaculum
2530 2055 2968 2128 Benja'min;v‘cl,
3018 2063 3233 2122 Trib'um
3278 2043 3562 2142 Beniamin

1969 2151 2074 2190 non
2098 2139 2276 2210 elegit,
2308 2155 2371 2197 ex
2402 2153 2504 2213 qua
2556 2159 2650 2201 rex
2679 2155 2798 2205 esse
2824 2152 2932 2220 jam
2973 2157 3208 2225 cteperat
3239 2176 3252 2223 ;
3285 2139 3410 2215 na'rtt
3435 2162 3560 2218 inde

1970 2225 2139 2284 fuerat
2166 2233 2366 2289 electus
2386 2236 2514 2291 Sani
2542 2239 2558 2308 (
2592 2231 2769 2312 Υπὲρ.
2831 2259 2904 2310 ix,
2933 2246 2985 2312 1,
3015 2245 3098 2318 ἵ)
3125 2267 3137 2302 :
3171 2251 3309 2305 unde
3353 2265 3425 2309 ex
3444 2254 3558 2324 ipsa

1968 2323 2233 2379 vicinitate
2279 2332 2553 2398 temporis,
2589 2333 2802 2402 quando
2847 2337 2937 2392 ille
2979 2343 3222 2409 repulsus
3268 2355 3351 2401 est
3397 2357 3556 2419 atque

1967 2417 2301 2485 reprobatus‘,
2329 2429 2380 2473 et
2410 2419 2572 2476 David
2602 2424 2803 2481 electus
2832 2421 3006 2496 (lbill:
3031 2447 3145 2500 XVI,
3182 2436 3234 2500 1,
3267 2438 3398 2508 15),
3429 2417 3556 2495 cun"

1964 2509 2237 2563 venienter
2259 2524 2439 2578 posset
2462 2514 2560 2568 h’oe
2590 2516 2694 2571 dici
2720 2534 2733 2581 ;
2767 2531 2865 2575 nec
2891 2529 3064 2577 tamen
3093 2525 3292 2581 dictum
3310 2539 3428 2584 est:
3459 2532 3552 2587 sed

1967 2607 2058 2653 eos
2087 2601 2417 2670 potissimum
2468 2607 2794 2676 nominavit,
2849 2615 2936 2682 qui
2989 2615 3300 2674 clarioribus
3350 2624 3553 2680 meritis

1963 2690 2281 2748 videbantur
2332 2697 2615 2753 excellere.
2664 2701 2804 2755 Nam”
2839 2703 3036 2775 Jbseph
3070 2711 3212 2777 pavit
3239 2712 3290 2765 in
3318 2712 3552 2786 ῶςγβιο

1961 2789 2164 2852 patrem
2184 2795 2236 2840 et
2269 2786 2460 2843 fratres
2489 2806 2635 2857 suos,
2661 2802 2714 2847 et
2735 2793 2897 2866 impie
2931 2799 3198 2867 venditus,
3223 2805 3414 2861 merito
3437 2821 3550 2879 pte-

1959 2877 2103 2942 tatis,
2136 2878 2411 2945 castitatis,
2433 2883 2726 2951 sapientim,
2770 2886 3071 2956 justissime
3115 2877 3452 2952 sublimatus:
3466 2912 3547 2955 est

1959 2970 1978 3039 (
2009 2970 2133 3024 Gen.
2160 2981 2266 3037 xm,
2292 2973 2436 3043 40);
2465 2986 2517 3030 et
2547 2974 2796 3048 Epiri-tem
2819 2983 3008 3052 majori
3052 2983 3208 3041 fratri
3227 2990 3309 3043 avi
3355 2992 3547 3048 suile-

1957 3064 2063 3116 cob‘
2088 3063 2458 3122 benedictione
2483 3070 2728 3136 praelatus
2769 3080 2850 3126 est
2880 3073 2988 3142 (1d.
3024 3092 3203 3144 mut,
3236 3079 3364 3151 19):
3393 3093 3546 3138 etta-

1956 3163 2078 3209 m'en
2134 3157 2272 3212 Deus
2327 3160 2511 3230 repulit
2567 3163 2946 3220 tabernaculum
2985 3167 3178 3241 Ioseph
3203 3213 3218 3240 ,
3269 3182 3316 3228 et
3336 3207 3338 3210 ν
3361 3176 3544 3232 tribum

1956 3243 2201 3315 Epiri-tvm
2227 3265 2332 3303 non
2355 3251 2522 3322 elegit.
2554 3252 2656 3308 Ubi
2681 3270 2780 3324 per
2797 3257 2909 3312 huic
2951 3262 3189 3330 praeclari
3237 3267 3418 3322 mCritii
3441 3277 3541 3324 mt—

1954 3341 2114 3405 mina,
2146 3341 2272 3410 quid
2302 3343 2442 3399 aliud
2464 3359 2620 3415 quam
2652 3350 3233 3425 universum-populum
3266 3359 3539 3420 illum-Vo-

1951 3436 2090 3484 tttsta
2117 3431 2403 3501 cupiditate
2429 3449 2457 3486 a
2490 3436 2713 3493 Domino
2767 3450 2975 3497 terrena
3021 3448 3236 3513 praemia
3262 3452 3540 3521 requiren-

1950 3530 2079 3587 tem,
2132 3527 2404 3594 repulsum
2443 3538 2496 3583 et
2541 3531 2883 3602 reprobatum
2915 3535 3537 3611 intelligimusmlectam

1948 3623 2127 3670 autem
2173 3619 2363 3673 tribum
2418 3620 2571 3688 Juda,
2625 3639 2732 3678 non
2762 3640 2859 3695 pro
2899 3630 3105 3685 meritis
3152 3634 3322 3702 ipsius
3341 3634 3538 3693 Judaei

1947 3707 2130 3779 Longe
2157 3711 2352 3782 quippe
2381 3714 2582 3783 majora
2632 3725 2758 3772 sunt
2799 3720 2987 3775 merita
3038 3722 3239 3795 Joseph
3264 3742 3280 3792 ;
3311 3728 3405 3783 sed
3435 3743 3534 3800 per

1946 3802 2317 3870 tribum'luda,‘
2370 3806 2626 3876 quoniam
2659 3809 2782 3865 inde
2819 3813 3021 3868 exstitit
3062 3813 3308 3881 Christus
3338 3831 3531 3877 secuti-

1944 3893 2072 3948 dum
2101 3909 2336 3964 carnem,
2383 3911 2576 3952 novum
2603 3901 2857 3971 populum
2885 3902 3083 3960 Christi
3109 3908 3184 3962 illi
3209 3913 3531 3980 populo‘ve-

1943 3988 2043 4043 teri
2086 3990 2360 4059 praelatum
2407 3991 2675 4063 Scriptura
2717 4004 2959 4065 testatur,
2989 4002 3264 4070 aperiente
3307 4006 3531 4065 Domino

1941 4079 1996 4134 in
2027 4081 2298 4147 parabolis
2318 4097 2377 4136 os
2405 4097 2578 4137 suum.
2609 4084 2724 4139 Jam
2754 4086 2876 4168 inde
2913 4091 3078 4145 etiam
3098 4094 3237 4162 quod
3265 4098 3524 4168 sequitur,

1942 4168 2168 4222 Montem
2193 4171 2321 4225 Sion
2351 4189 2493 4242 quem
2523 4173 2718 4244 dilexit,
2749 4157 3048 4236 Ecclesium!
3095 4157 3293 4240 dhristi
3336 4157 3527 4246 melius

1940 4264 2304 4334 intelligimus,
2338 4281 2442 4321 non
2500 4277 2718 4339 propter
2767 4274 3044 4340 praesentis
3076 4279 3330 4348 temporis
3356 4280 3522 4338 bene--

1936 4354 2050 4409 ﬁcia
2082 4357 2308 4410 carnalia
2363 4359 2525 4412 Deum
2556 4361 2839 4431 colentem,
2884 4365 2977 4420 sed
3021 4355 3196 4425 futura
3241 4380 3297 4426 et
3321 4381 3521 4435 {eterna

1933 4449 2149 4518 prtemia
2179 4449 2344 4505 oeulis
2377 4450 2496 4506 ﬁdei
2537 4453 2694 4524 longe
2717 4456 3078 4526 speculantem
3111 4477 3124 4514 :
3152 4476 3274 4516 nam
3310 4473 3364 4520 et
3389 4465 3516 4522 Sion

1931 4539 2234 4611 Speculatio
2250 4543 2646 4614 interpretatur.

2001 4633 2090 4688 42.
2123 4632 2282 4706 [vers
2319 4635 2406 4691 69.
2433 4635 2452 4708 ]
2482 4638 2714 4709 Denique
2740 4642 2996 4711 sequitur,
3029 4643 3100 4699 Et
3121 4646 3392 4716 edi/ienuit
3407 4651 3510 4706 sic;

1928 4734 1982 4780 ut
2028 4728 2422 4782 unicomuorum
2485 4731 2931 4800 sanctiﬁcationem
2977 4749 3124 4790 suam
3149 4753 3167 4790 :
3216 4739 3320 4807 vel,
3371 4743 3511 4799 sicut

1927 4820 2140 4891 quidam
2169 4822 2483 4891 interpretes
2514 4824 2732 4880 verbum
2768 4835 2966 4882 novum
2995 4828 3253 4900 fecerunt,
3278 4837 3507 4906 sanctiﬁ-

1926 4914 2067 4966 cium’
2101 4930 2266 4968 suum.
2323 4913 2610 4970 Unicorn'u'i
2651 4925 2795 4972 recte
2841 4918 3227 4991 intelliguntur,
3280 4939 3504 4996 quorum

1923 5005 2074 5061 ﬁrma
2105 5022 2226 5076 spes
2258 5009 2310 5061 in
2339 5023 2500 5062 unum
2550 5008 2680 5064 illud
2709 5010 2947 5081 erigitur,
2987 5012 3056 5069 de
3082 5029 3190 5085 quo
3217 5016 3351 5071 alius
3378 5018 3505 5074 dicit

1922 5098 2157 5167 psalmus
2189 5140 2202 5165 ,
2256 5098 2422 5153 Unam
2479 5101 2628 5170 petivi
2678 5117 2712 5154 a
2757 5100 3022 5171 Domino;
3070 5107 3202 5162 hanc
3248 5111 3500 5179 requiram

1922 5187 1941 5260 (
1967 5187 2110 5242 Psat.
2135 5203 2281 5256 xxvr,
2305 5191 2339 5244 4
2355 5188 2396 5262 ).
2431 5191 2791 5248 Sanctiﬁclum
2811 5210 2941 5252 vero
2967 5197 3061 5253 Dei
3081 5207 3182 5264 est,
3202 5201 3498 5260 secundum

1919 5280 2214 5350 apostolum
2245 5281 2479 5351 Petrum,
2529 5285 2794 5341 intellecta
2846 5287 2986 5357 plebs
3018 5299 3212 5359 sancta,
3258 5301 3304 5346 et
3332 5295 3502 5364 repnte

1917 5373 2250 5428 sacerdotium
2281 5374 2350 5445 (Ι
2396 5375 2536 5432 Petr.
2581 5391 2641 5445 ιι,
2703 5377 2806 5450 9).
2853 5379 3005 5449 Quod
3059 5395 3188 5438 vero
3231 5386 3493 5455 sequitur,

1916 5463 1985 5518 In
2007 5473 2137 5518 terra
2158 5479 2308 5535 quam
2332 5467 2562 5536 fundavit
2583 5469 2635 5523 in
2663 5479 2906 5525 internum
2934 5487 2954 5526 :
2979 5472 3120 5543 quod
3142 5472 3336 5532 habent
3355 5493 3497 5549 gras-

1913 5556 1964 5610 Ci'
1988 5556 2219 5624 codices,
2247 5567 2312 5621 εἷς
2340 5568 2417 5614 τὸν
2441 5560 2608 5628 «inim,
2629 5572 2804 5617 utrum
2833 5562 2886 5616 in
2914 5570 3175 5633 aterrmm,
3219 5581 3292 5622 an'
3312 5569 3365 5622 in
3394 5584 3492 5624 ιω-

1912 5649 2087 5703 culum
2106 5650 2316 5706 dicatur
2345 5667 2372 5706 a
2405 5655 2576 5721 nobis,
2625 5656 2684 5711 in'
2707 5656 2988 5712 latinorum
3018 5659 3367 5732 interpretum
3398 5675 3496 5734 po-

1913 5748 2104 5796 testate
2125 5749 2225 5809 est,
2248 5746 2495 5813 quoniam
2520 5751 2805 5816 utrumque
2831 5747 3135 5820 signiﬁcat;
3172 5760 3225 5808 et
3250 5752 3370 5810 ideo
3389 5753 3492 5810 hoc

1909 5833 1964 5888 in
1988 5834 2166 5890 latinis
2193 5836 2500 5903 codicibus,
2531 5839 2658 5893 illud
2705 5839 2768 5894 in‘
2791 5841 2906 5897 aliis
2947 5843 3231 5900 invenitur.
3279 5845 3491 5904 Habent

1911 5927 2072 5998 aliqui
2103 5929 2578 6002 etiam'pluraliter,
2633 5933 2686 5988 id
2737 5944 2838 6005 est,
2893 5937 2946 5990 in
2990 5940 3204 6007 alecula,-
3253 5942 3486 6013 quodin
