4076 6540
523 451 548 509 1
561 449 664 509 007

529 568 720 639 graccis
757 580 890 637 quos
935 565 1238 631 habuimus,
1289 577 1394 619 non
1439 562 1761 626 invenimus,
1809 560 1942 628 Quis
1978 576 2106 617 vero

525 661 759 718 lidelium
789 659 986 714 dubitet
1009 657 1324 720 Ecclesium,
1371 656 1578 711 etiamsi
1620 656 1740 711 aliis
1765 655 2103 723 abeuntibus,

523 754 645 809 aliis
668 752 1021 818 venientibus,
1048 767 1115 806 ex
1158 750 1258 804 hac
1298 751 1404 804 vita
1449 748 1748 804 mortaliter
1783 748 1992 812 transit,
2024 757 2106 802 ta-

523 859 649 900 men
674 846 726 899 in
757 853 1013 899 :eteruum
1037 858 1157 898 esse
1177 841 1446 896 fundatam
1474 840 1498 894 ?

594 939 683 994 45.
713 935 734 1010 [
759 953 887 992 vers.
921 936 1009 1002 70,
1037 936 1126 991 7i.
1155 933 1175 1007 ]
1200 934 1262 988 Et
1307 934 1456 1006 elegit
1496 932 1666 987 David
1707 950 1904 988 servum
1937 949 2104 988 suum.

520 1030 743 1086 Tribum
789 1046 917 1101 ergo
970 1029 1102 1085 Juda
1172 1037 1391 1098 pr0pter
1449 1027 1656 1093 David;
1717 1027 1886 1082 David
1928 1036 2105 1082 autem

519 1131 742 1194 propter
767 1121 1034 1177 Christum
1061 1139 1074 1174 :
1106 1120 1302 1176 tribum
1331 1121 1488 1191 igitur
1527 1119 1660 1174 Juda
1707 1128 1923 1190 propter
1948 1117 2106 1174 Chri-

520 1227 688 1283 stum,
714 1231 819 1285 quo
841 1223 1149 1269 transeunte
1174 1214 1536 1267 clamaverunt
1560 1212 1710 1278 caeci,
1767 1210 2006 1265 Miserere
2018 1227 2111 1264 no-

527 1311 625 1376 bis,
649 1310 726 1380 [ili
758 1308 924 1362 David
945 1326 963 1374 ;
988 1317 1042 1362 et
1070 1307 1325 1362 continuo
1349 1303 1713 1360 misericordia
1764 1302 1880 1373 ejus
1931 1303 2106 1357 lumen

521 1399 882 1472 receperuut(
921 1399 1105 1453 Matth.
1155 1415 1251 1466 xx,
1293 1398 1383 1464 '50,
1429 1397 1499 1452 54
1521 1395 1563 1468 ),
1585 1394 1710 1466 quia
1758 1409 1942 1450 verum
1996 1402 2108 1449 erat

521 1493 663 1565 quod
686 1493 1072 1547 clamaverunt.
1098 1490 1208 1544 Hoc
1262 1489 1382 1544 ideo
1431 1504 1539 1543 non
1586 1495 1919 1543 transeunter
1958 1485 2107 1550 dicit,

520 1587 616 1641 sed
646 1594 846 1640 attente
885 1583 1224 1639 commendat
1283 1581 1591 1650 Apostolus,
1650 1579 1889 1634 scribens
1923 1577 1990 1634 ad
2019 1577 2109 1633 Ti-

519 1679 794 1733 motheum
829 1695 841 1730 :
886 1675 1082 1731 Memor
1127 1685 1229 1729 esto
1260 1674 1516 1728 Christum
1569 1671 1745 1726 Jesum
1773 1671 2104 1726 resurrexisse

517 1786 552 1822 a
605 1769 815 1823 mortuis
851 1784 913 1821 ex
958 1767 1144 1821 semine
1187 1765 1357 1819 David
1385 1807 1399 1827 ,
1449 1763 1724 1819 secundum
1777 1762 2110 1834 Evangeliunt

518 1872 709 1921 meum,
742 1856 794 1908 in
822 1872 919 1920 quo
941 1855 1114 1908 laboro
1135 1869 1290 1923 usque
1308 1852 1376 1906 ad
1414 1851 1634 1915 vincula;
1677 1860 1917 1919 tanquam
1947 1849 2108 1904 male-

521 1947 750 2018 faciens;
779 1946 866 2000 sed
892 1961 1054 1999 sermo
1072 1944 1168 1998 Dei
1210 1961 1310 1997 non
1340 1952 1411 1998 est
1435 1941 1674 2013 alligatus
1692 1941 1710 2011 (
1729 1941 1772 1995 ll
1802 1939 1937 1994 Tim.
1964 1956 2020 2008 ιι,
2051 1940 2106 2007 8,

521 2040 555 2096 9
581 2041 624 2112 ).
656 2039 774 2109 lpse
820 2040 998 2109 itaque
1046 2037 1289 2093 Salvator
1342 2034 1634 2092 secundum
1679 2049 1895 2091 carnem
1940 2033 2110 2090 factus

521 2148 588 2190 ex
613 2132 814 2188 semine
842 2131 1026 2198 David,
1058 2129 1316 2200 ﬁguratur
1334 2129 1386 2182 iu
1412 2128 1513 2182 hoc
1537 2127 1656 2182 loco
1677 2127 1892 2181 nomine
1918 2126 2105 2194 David,

521 2224 795 2296 aperiente
813 2223 1037 2278 Domino
1061 2222 1113 2276 in
1150 2221 1418 2291 parabolis
1440 2232 1512 2276 ‘os
1549 2235 1725 2276 suum.
1757 2219 1868 2275 Nec
1897 2227 2111 2276 moveat

520 2315 665 2386 quod
692 2331 811 2369 cum
843 2315 1082 2381 dixisset,
1112 2312 1178 2367 Et
1191 2313 1340 2384 elegit
1363 2310 1552 2377 David,
1576 2326 1684 2382 quo
1715 2311 1930 2366 nomine
1955 2311 2109 2366 Chri-

521 2414 663 2460 stum
691 2404 1024 2474 signiﬁcavit,
1054 2401 1278 2468 addidit,
1328 2417 1524 2455 servum
1549 2418 1696 2456 suum
1720 2419 1742 2468 ;
1786 2417 1913 2469 non,
1940 2401 2108 2456 [ilium

521 2510 677 2552 suum
712 2512 725 2547 :
759 2496 866 2549 imo
902 2509 1027 2549 vero
1066 2493 1190 2548 hinc
1242 2506 1592 2563 agnoscamus
1615 2533 1630 2558 ,
1673 2507 1781 2546 non
1829 2492 1972 2546 Patri
2017 2507 2110 2547 co-

523 2595 778 2641 mternam
820 2583 1089 2654 Unigeniti
1129 2584 1511 2650 substantiam,
1555 2583 1650 2639 sed
1694 2582 1920 2638 formam
1968 2583 2110 2640 servi

520 2685 820 2747 susceptam
855 2691 918 2731 ex
941 2676 1142 2731 semine
1173 2673 1358 2730 David.

590 2790 682 2846 44.
703 2789 772 2843 Et
811 2789 1013 2844 sustulit
1041 2805 1155 2844 eum
1174 2788 1237 2842 de
1255 2788 1488 2859 gregibus
1538 2788 1750 2853 ovium;
1794 2788 1857 2843 de
1902 2797 2015 2860 post
2035 2790 2086 2858 fe

523 2889 686 2937 tantes
706 2881 900 2952 accepit
925 2897 1058 2949 eum,
1092 2897 1296 2951 pascere
1336 2880 1500 2934 Jacob
1538 2868 1735 2935 servum
1762 2897 1928 2948 suum,
1952 2891 2001 2935 et
2019 2881 2109 2937 ls-

517 2977 628 3031 rael
651 2976 996 3030 hereditatem
1022 2991 1186 3029 suam.
1217 2971 1311 3028 llle
1340 2973 1552 3044 quidem
1605 2973 1795 3041 David,
1846 2989 1913 3029 ex
1955 2973 2110 3044 cujus

518 3069 724 3125 semine
751 3083 880 3123 caro
904 3067 1100 3123 Christi
1129 3078 1231 3130 est,
1262 3066 1330 3120 ab
1358 3065 1537 3121 ofﬁcio
1560 3065 1816 3136 pastorali
1857 3080 2105 3136 pecorum

519 3161 587 3215 ad
616 3159 894 3216 hominum
936 3175 1158 3230 regnum
1205 3160 1491 3214 translatus
1543 3168 1666 3215 est:
1701 3169 1882 3215 noster
1929 3169 2106 3216 autem

518 3253 707 3319 David,
738 3253 853 3324 ipse
879 3252 1054 3319 Jesus,
1075 3252 1141 3306 ab
1158 3250 1462 3307 hominibus
1473 3251 1539 3305 ad
1564 3251 1828 3318 homines,
1858 3267 1890 3306 a
1909 3251 2107 3308 Iudaeis

517 3346 587 3402 ad
615 3346 814 3404 Gentes
845 3363 859 3413 ;
908 3355 1086 3401 tamen
1123 3343 1414 3400 secundum
1469 3344 1780 3414 parabolam
1823 3345 1890 3399 ab
1917 3344 2106 3400 ovibus

517 3439 587 3495 ad
611 3455 739 3496 oves
766 3439 973 3495 ablatus
999 3447 1158 3509 atque
1186 3438 1473 3492 translatus
1495 3447 1596 3494 est.
1638 3437 1754 3492 Non
1803 3449 1924 3493 sunt
1961 3439 2105 3495 enim

517 3532 681 3588 modo
707 3533 764 3587 in
791 3543 929 3588 terra
965 3531 1054 3588 illa
1086 3531 1338 3587 Ecclesiae
1377 3530 1576 3587 Iudaeae
1615 3532 1668 3586 in
1707 3532 1939 3599 Christo,
1986 3549 2107 3604 quae
2141 3603 2144 3606 g

518 3622 735 3680 fuerunt
763 3623 1201 3680 circumcisorum
1244 3622 1444 3678 recenti
1487 3623 1733 3691 passione
1782 3631 1838 3677 et
1863 3638 2142 3702 resurre-V,

517 3717 695 3772 ctione
743 3717 952 3771 Domini
1006 3716 1172 3772 nostri
1203 3733 1218 3782 ;
1251 3715 1318 3770 de
1364 3715 1558 3786 quibus
1592 3715 1721 3771 dicit
1765 3715 2098 3787 Apostolus:

517 3807 677 3861 Eram
714 3818 881 3862 autem
915 3808 1116 3879 ignotus
1142 3807 1271 3876 fwie
1319 3805 1560 3862 Ecclesiis
1587 3805 1785 3862 Judwte
1835 3824 1947 3878 qua:
1987 3815 2105 3862 sunt

514 3899 569 3953 in
600 3897 798 3953 Christo
821 3915 840 3951 :
861 3907 1054 3950 tantunt
1077 3907 1243 3951 autem
1261 3897 1530 3950 audiebant
1553 3897 1672 3966 quia
1692 3897 1736 3951 is
1755 3898 1839 3966 qui
1863 3899 2102 3966 aliquan-

516 3988 582 4042 do
633 4003 723 4041 nos
773 3987 1158 4057 persequebatur
1180 4028 1194 4050 ,
1237 4003 1372 4040 nunc
1401 3987 1707 4057 euangelizat
1751 3988 1903 4056 ﬁdem
1954 4005 2104 4058 quant

511 4078 786 4149 aliquando
799 4078 1020 4132 vastabat
1048 4096 1067 4143 ;
1095 4086 1140 4132 et
1167 4077 1221 4132 in
1263 4093 1342 4131 me
1391 4079 1777 4148 magniﬁcabant
1827 4079 2104 4136 Dominum

514 4169 535 4240 (
565 4167 681 4223 Gal.
716 4184 753 4235 ι,
784 4167 949 4222 22-24
971 4167 1010 4238 ).
1033 4166 1149 4223 Jam
1179 4155 1302 4223 hinc
1339 4168 1442 4223 illae
1470 4168 1722 4224 Ecclesize
1780 4174 2103 4228 transierunt

513 4261 829 4332 p0pulorum
853 4261 1287 4315 circumcisorum
1316 4278 1330 4327 ;
1363 4276 1425 4315 ac
1449 4276 1542 4331 per
1571 4261 1670 4317 hoc
1699 4263 1751 4317 in
1775 4263 1954 4319 Judaea
1979 4282 2099 4337 qua:

510 4353 673 4407 modo
698 4353 909 4408 interra
935 4360 1037 4419 est,
1080 4369 1187 4408 non
1226 4362 1310 4409 est
1341 4353 1502 4409 modo
1559 4354 1799 4412 Christus
1831 4375 1843 4410 :
1889 4359 2097 4416 ablatus

512 4454 596 4500 est
621 4445 778 4511 inde;
822 4461 963 4501 nunc
991 4445 1236 4501 Gentium
1266 4462 1454 4517 greges
1484 4449 1673 4518 pascit.
1715 4449 1857 4506 Sane
1883 4453 1946 4506 de
1984 4463 2097 4523 post

510 4537 722 4606 fetantes
753 4537 876 4592 inde
900 4546 1146 4608 acceptus
1171 4549 1271 4594 est.
1321 4539 1430 4594 Illa:
1447 4542 1638 4610 quippe
1661 4545 1862 4611 priores
1884 4545 2096 4603 luerunt

509 4627 666 4692 tales,
691 4627 759 4683 de
783 4629 1024 4698 qualibus
1071 4629 1263 4684 dicitur
1304 4629 1355 4683 in
1381 4630 1600 4687 Cantico
1645 4635 1966 4691 canticorum
2005 4639 2094 4694 uni

507 4719 763 4776 Ecclesia:
793 4737 911 4793 qtae
936 4732 1143 4778 constat
1175 4740 1241 4779 ex
1285 4725 1483 4794 multis,
1518 4727 1569 4781 id
1599 4737 1681 4783 est
1710 4735 1798 4785 uni
1823 4735 1968 4804 gregi
1997 4749 2092 4790 cu-

503 4810 594 4880 jus
609 4813 845 4866 membra
872 4822 995 4869 sunt
1019 4815 1172 4869 multi
1201 4830 1388 4886 greges
1413 4834 1428 4882 ;
1454 4816 1522 4873 de
1568 4819 1760 4877 talibus
1801 4839 1929 4895 ergo
1956 4826 2091 4882 dici-

508 4910 638 4957 tur:
687 4901 873 4958 Dentes
903 4907 996 4973 tui,
1021 4906 1071 4960 id
1099 4916 1198 4972 est,
1254 4923 1349 4977 per
1392 4925 1526 4979 quos
1583 4911 1836 4983 loqueris,
1887 4919 1971 4973 vel
1999 4936 2094 4988 per

508 5008 642 5065 quos
697 5010 750 5050 In
778 5011 972 5064 corpus
1025 5007 1193 5066 tuum,
1246 5000 1390 5055 velut
1436 5002 1826 5075 manducando,
1867 5018 2090 5069 cmteros

504 5088 705 5158 trajicis
729 5105 743 5153 ;
774 5088 874 5142 hoc
895 5088 1068 5159 itaque
1095 5092 1449 5162 signiﬁcantes
1478 5097 1646 5152 dentes
1673 5101 1766 5164 tui,
1813 5102 1943 5156 sicut
1968 5123 2091 5176 grex

502 5178 826 5233 detonsarum
852 5180 1123 5236 ascendens
1165 5183 1226 5237 de
1267 5185 1487 5254 lavacro,
1533 5206 1647 5259 quae
1674 5209 1843 5247 omnes
1867 5197 2089 5266 geminos

471 5281 693 5337 -creant,
721 5280 765 5325 et
812 5273 996 5327 sterilis
1035 5289 1136 5326 non
1187 5285 1258 5328 est
1281 5279 1336 5331 in
1367 5281 1480 5351 eis(
1509 5279 1657 5336 Cant.
1691 5301 1766 5350 Iv,
1793 5288 1827 5341 2
1847 5287 1886 5360 ).
1919 5290 2090 5362 Depo-

501 5371 724 5417 suerunt
751 5365 894 5418 enim
914 5372 1039 5420 tunc
1059 5365 1204 5420 velut
1245 5369 1438 5425 vellera
1470 5388 1632 5429 onera
1687 5381 1886 5448 saeculi,
1920 5399 2087 5452 quan-
2121 5433 2123 5436 ι

497 5453 570 5508 do
599 5463 723 5508 ante
754 5455 915 5524 pedes
958 5457 1334 5527 Apostolorum
1367 5464 1696 5522 venditarum
1742 5487 1917 5527 rerum
1956 5490 2085 5531 sua-

493 5561 612 5599 rum
642 5547 810 5614 pretia
837 5558 1128 5616 posuerunt
1153 5552 1172 5621 (
1205 5551 1316 5606 Act.
1338 5569 1394 5620 ιι,
1427 5556 1515 5623 45,
1538 5568 1582 5612 et
1623 5576 1692 5627 Iv,
1723 5563 1792 5619 54
1817 5564 1862 5635 ),
1893 5582 2082 5625 ascen-

493 5636 682 5692 dentes
717 5636 786 5692 de
816 5638 1026 5696 lavacro
1049 5641 1160 5707 illo,
1187 5643 1256 5699 de
1277 5659 1384 5714 quo
1421 5661 1514 5703 eos
1537 5651 1788 5710 admonet
1812 5661 2083 5727 apostolus

490 5723 705 5795 Petrus,
737 5728 993 5786 sollicitos
1031 5731 1173 5804 quod
1220 5734 1415 5791 Christi
1457 5743 1770 5811 sanguinem
1823 5723 2078 5824 fuderint,

489 5825 546 5872 et
571 5817 701 5873 dicit
733 5837 751 5873 .·
781 5820 926 5892 Agite
949 5825 1310 5897 peenitantiam,
1353 5838 1401 5885 et
1443 5830 1722 5902 ιονιξ-ἑλέων
1745 5817 2081 5914 unusquisque

489 5922 707 5970 nstrum
733 5931 786 5971 tn
811 5916 1012 5973 nomine
1029 5920 1239 5977 Domini
1262 5923 1388 5980 Jesu
1424 5924 1629 5998 Christi,
1672 5939 1719 5984 et
1767 5933 2079 5994 dimitteutur
2175 5954 2195 6018 ι

1756 449 1814 504 S.
1855 441 2220 503 AUGUSTINI
2257 441 2559 502 EPISCOPI

3653 459 3799 523 i008

2215 559 2354 614 vobis
2367 570 2570 630 peccata
2594 571 2760 617 vestra
2780 562 2917 637 (Act.
2945 580 3003 633 ιι,
3026 567 3096 624 58
3119 568 3160 640 ).
3187 568 3440 630 Geminos
3458 588 3636 634 autem
3654 595 3803 639 crea-

2211 661 2421 716 verunt,
2455 667 2617 722 opera
2642 653 2849 711 scilicet
2888 656 3114 714 duorum
3155 672 3542 733 praeceptorum
3570 672 3802 739 geminae

2211 743 2510 810 charitatis,
2543 745 2841 804 dilectionis
2892 749 3010 820 Dei,
3064 762 3118 808 et
3167 753 3467 814 dilectionis
3523 764 3798 831 proximi:

2130 887 2134 892 .
2211 834 2352 890 unde
2385 837 2585 892 sterilis
2614 854 2719 894 non
2757 849 2874 895 erat
2917 841 2969 896 in
2997 844 3097 898 eis.
3157 845 3234 902 De
3260 859 3381 918 post
3424 850 3518 908 has
3563 869 3692 912 oves
3717 856 3801 914 le-

2210 933 2386 982 tantes
2416 927 2580 984 David
2611 939 2794 988 noster
2815 943 3087 1003 acceptus,
3131 952 3270 993 nunc
3296 939 3430 996 alios
3472 958 3662 1016 greges
3700 963 3800 1018 pa-

2210 1016 2312 1071 scit
2337 1016 2393 1072 in
2420 1017 2697 1089 Gentibus,
2746 1031 2802 1078 et
2837 1023 2982 1093 ipsos
3008 1024 3173 1083 Jacob
3199 1038 3254 1084 et
3275 1028 3436 1087 Israel
3469 1050 3484 1087 :
3535 1036 3616 1092 sic
3655 1016 3799 1095 enim

2211 1109 2412 1166 dictum
2441 1122 2545 1181 est,
2568 1113 2788 1170 Pascere
2808 1115 2972 1172 Iacob
2991 1135 3190 1176 servum
3209 1139 3378 1191 suum,
3406 1137 3454 1181 et
3494 1127 3665 1186 Israel
3690 1133 3799 1188 ha:-

2210 1203 2471 1257 reditatem
2525 1221 2690 1259 suam.
2732 1206 2848 1262 Non
2889 1210 3053 1277 enim,
3097 1213 3220 1283 quia
3267 1231 3335 1271 ex
3377 1216 3636 1278 Gentibus
3676 1235 3802 1281 sunt

2211 1294 2327 1350 ista:
2355 1309 2502 1362 oves,
2536 1296 2659 1352 ideo
2696 1298 2766 1353 ab
2789 1299 2881 1355 illo
2931 1303 3137 1360 semine
3200 1306 3444 1364 alienatae
3482 1320 3628 1380 sunt,
3657 1316 3801 1384 quod

2210 1397 2294 1443 est
2311 1388 2475 1444 Jacob
2493 1399 2550 1444 et
2573 1390 2755 1446 Israel.
2787 1392 2979 1449 Semen
3001 1406 3083 1451 est
3132 1397 3275 1454 enim
3324 1401 3575 1471 Abraha,
3614 1420 3800 1462 semen

2214 1484 2605 1552 promissionis,
2633 1484 2700 1540 de
2721 1502 2825 1557 quo
2851 1488 2903 1543 ei
2931 1489 3190 1547 Dominus
3238 1493 3370 1548 dixit
3400 1512 3414 1549 :
3445 1495 3512 1550 In
3538 1495 3691 1554 Isaac
3713 1515 3804 1573 vo-

2211 1574 2404 1628 cabitur
2436 1576 2523 1630 tibi
2572 1593 2740 1632 semen
2769 1580 2788 1650 (
2817 1578 2946 1635 Gen.
2987 1597 3100 1648 xxi,
3137 1583 3273 1656 12).
3324 1585 3477 1654 Quod
3527 1603 3802 1661 exponens

2211 1667 2541 1738 Apostolus:
2586 1669 2728 1739 Non,
2758 1672 2926 1743 inquit
2979 1675 3076 1744 ﬁlii
3100 1677 3287 1744 carnis,
3331 1678 3421 1732 sed
3463 1680 3560 1750 lilii
3586 1685 3802 1752 promis-

2211 1766 2366 1820 sionis
2389 1766 2694 1837 deputantur
2713 1767 2767 1822 in
2784 1771 2970 1824 semine
2997 1771 3016 1840 (
3045 1770 3196 1825 Rom.
3225 1789 3301 1839 ιι,
3332 1774 3366 1828 8
3391 1773 3526 1844 ).Ex
3555 1778 3803 1848 gentibus

2211 1856 2353 1911 enim
2383 1866 2540 1912 erant
2568 1857 2750 1915 fideles
2779 1861 2970 1930 quibus
2989 1861 3220 1928 dicebat,
3253 1863 3317 1919 Si
3340 1875 3507 1920 autem
3532 1884 3618 1924 vos
3648 1864 3811 1926 ωιήέ

2211 1950 2296 2018 sti,
2327 1967 2446 2022 ergo
2465 1950 2682 2006 Abralue
2700 1969 2869 2007 semen
2898 1954 3037 2022 estis,
3064 1956 3338 2012 secundum
3363 1961 3800 2029 repromissionem

2211 2041 2473 2113 Ιιωνεάει(
2508 2041 2626 2099 Gal.
2657 2060 2734 2113 ιιι,
2763 2045 2834 2100 29
2862 2046 2880 2116 )
2907 2046 3104 2116 ?Quod
3123 2064 3252 2105 vero
3271 2051 3364 2120 ait,
3399 2051 3561 2108 Iacob
3604 2071 3802 2110 servum

2211 2151 2379 2204 suum,
2403 2147 2450 2192 et
2475 2134 2643 2192 Israel
2671 2139 3016 2194 hereditatem
3036 2158 3202 2208 suam,
3228 2157 3379 2199 more
3401 2159 3500 2201 suo
3527 2145 3798 2218 Scriptura

2211 2227 2458 2297 repetivit
2499 2229 2743 2285 eamdem
2799 2233 3138 2289 sententiam.
3184 2233 3297 2291 Nisi
3344 2234 3484 2292 forte
3532 2239 3800 2309 quispiam

2209 2317 2288 2372 sic
2313 2317 2638 2388 distinguere
2668 2320 2814 2388 velit,
2856 2331 2918 2378 ut
2959 2323 3061 2379 hoc
3082 2334 3319 2396 tempore
3344 2327 3509 2384 Jacob
3549 2331 3752 2387 serviat
3782 2348 3799 2399 ;

2212 2421 2339 2465 tunc
2365 2420 2544 2465 autem
2563 2413 2851 2468 sitteterna
2898 2414 3182 2472 haereditas
3223 2418 3320 2474 Dei
3358 2421 3566 2491 quando
3589 2423 3800 2480 videbit

2211 2501 2377 2557 Deum
2430 2502 2564 2559 facie
2601 2505 2669 2561 ad
2715 2506 2926 2576 faciem,
2961 2510 3102 2567 unde
3145 2510 3308 2569 Israel
3351 2529 3538 2571 nomen
3585 2519 3802 2590 accepit

2211 2595 2230 2666 (
2263 2593 2390 2650 Gen.
2415 2612 2585 2662 xxxu,
2612 2596 2685 2654 28
2703 2597 2745 2671 ).
3679 2620 3687 2628 '

2184 2717 2188 2754 λ
2279 2688 2370 2743 45.
2403 2687 2551 2762 [vers.
2581 2689 2695 2763 72.]
2743 2688 2814 2746 Et
2859 2696 2998 2764 parit
3021 2712 3106 2752 eos
3128 2739 3142 2765 ,
3174 2697 3377 2770 inquit,
3421 2702 3472 2756 in
3509 2703 3799 2760 innocentia

2211 2779 2381 2833 cordis
2408 2781 2506 2834 sui.
2529 2781 2664 2848 Quid
2693 2783 2782 2838 illo
2807 2784 3162 2855 innocentius,
3185 2790 3276 2860 qui
3301 2791 3468 2848 ullum
3498 2804 3798 2868 peccatum,

2191 2877 2316 2924 'non
2335 2870 2507 2925 solum
2535 2887 2567 2926 a
2588 2889 2692 2943 quo
2714 2875 3044 2946 vinceretur,
3072 2879 3166 2936 sed
3197 2881 3357 2936 etiam
3388 2884 3530 2953 quod
3560 2886 3800 2945 vinceret

2167 2965 2173 2970 “
2208 2976 2315 3017 non
2343 2961 2612 3020 habebat?
2636 2963 2706 3020 Et
2729 2967 2784 3021 in
2809 2968 3068 3024 intellectu
3093 2989 3335 3028 manuum
3355 2992 3564 3032 suarum
3591 2979 3800 3035 deduait

2213 3068 2300 3108 :os
2325 3071 2344 3108 :
2370 3055 2485 3121 vel,
2518 3056 2655 3112 sicut
2680 3059 2845 3130 aliqui
2870 3061 3086 3119 codices
3109 3064 3342 3136 habent,
3370 3070 3426 3123 in
3468 3071 3800 3130 intellectibtts

2215 3160 2452 3199 manuum
2473 3163 2706 3202 suarum.
2752 3151 2903 3208 Alius
2930 3163 3142 3224 putaret
3165 3157 3237 3212 ita
3283 3163 3660 3232 congruentius
3701 3179 3800 3235 po-

2207 3237 2377 3293 tuisse
2405 3238 2508 3294 dici
2529 3282 2544 3308 ,
2576 3240 2633 3295 ln
2662 3242 2962 3301 innocentia
2991 3263 3246 3305 manuum
3297 3261 3352 3307 et
3375 3253 3649 3311 intellectu
3670 3271 3796 3322 epr-

2214 3330 2322 3385 Jis:
2355 3331 2440 3387 hic
2467 3343 2647 3390 autem
2672 3337 2765 3407 qui
2811 3339 2979 3410 magis
3007 3357 3165 3412 quam
3195 3343 3285 3398 alii
3309 3345 3433 3414 quid
3486 3347 3796 3419 loqueretur

2208 3421 2444 3490 sciebat,
2477 3425 2626 3481 cordi
2649 3428 2835 3484 maluit
2853 3431 3147 3503 adjungere
3167 3437 3525 3492 innocentiam
3547 3479 3563 3504 ,
3596 3449 3654 3495 et
3681 3457 3796 3502 ma-

2207 3513 2360 3569 nibus
2384 3513 2805 3587 intelligentiam.
2839 3520 2972 3578 Illud
3011 3535 3328 3595 propterea,
3372 3539 3625 3600 quantum
3673 3535 3796 3589 exi-

2205 3605 2386 3672 stimo,
2425 3608 2547 3677 quia
2576 3610 2726 3665 multi
2761 3613 2860 3667 sibi
2904 3614 3151 3672 videntur
3189 3620 3527 3690 innocentes,
3570 3625 3660 3694 qui
3686 3640 3796 3683 non

2205 3694 2404 3752 faciunt
2449 3700 2586 3754 mala
2608 3743 2622 3768 ,
2663 3716 2785 3757 cum
2821 3704 3009 3760 timent
3052 3723 3118 3762 ne
3151 3711 3417 3778 patiantur
3446 3713 3491 3768 si
3522 3714 3793 3783 fecerint;

2203 3786 2403 3842 vellent
2427 3798 2606 3844 autem
2633 3791 2842 3858 facere,
2871 3794 2916 3848 si
2945 3794 3161 3865 impune
3175 3801 3492 3868 potuissent.
3519 3803 3680 3862 Tales
3708 3807 3794 3863 vi-

2203 3877 2317 3933 deri
2340 3891 2564 3946 possunt
2609 3881 2809 3940 habere
2849 3886 3209 3944 innocentiam
3262 3907 3515 3950 manuum
3535 3939 3552 3962 ,
3578 3912 3685 3952 non
3714 3907 3798 3954 ta-

2202 3985 2328 4025 men
2357 3973 2554 4027 cordis.
2598 3975 2668 4029 Et
2692 3993 2810 4046 quae
2830 3978 3043 4036 tandem
3071 3992 3163 4037 aut
3186 3984 3357 4054 qualis
3377 3995 3463 4043 est
3487 3988 3587 4044 ista
3630 3991 3793 4048 inno~

2203 4063 2411 4130 centia,
2443 4064 2488 4118 si
2518 4068 2696 4122 cordis
2737 4085 2844 4124 non
2873 4079 2984 4138 est,
3034 4074 3123 4130 ubi
3169 4076 3330 4132 homo
3385 4079 3558 4136 factus
3591 4091 3676 4137 est
3722 4083 3794 4139 ad

2202 4151 2487 4223 imaginem
2519 4156 2654 4212 Dei?
2680 4157 2831 4226 Quod
2861 4176 2990 4218 vero
3016 4163 3120 4230 ait,
3151 4165 3221 4220 In
3269 4167 3555 4240 intellectu,
3595 4172 3679 4228 vel
3705 4173 3792 4228 in-

2202 4246 2477 4317 telligentia
2501 4265 2745 4305 manuum
2770 4269 2978 4308 suarum
3017 4255 3224 4312 deduxit
3251 4277 3335 4314 eos
3355 4303 3370 4328 ,
3419 4263 3631 4320 videtur
3657 4265 3793 4322 mihi

2199 4353 2318 4392 eam
2339 4338 2538 4397 dixisse
2567 4343 2966 4416 intelligentiam
2988 4365 3146 4418 quam
3175 4351 3289 4422 ipse
3316 4354 3444 4411 facit
3480 4357 3534 4412 in
3555 4359 3790 4415 creden-

2200 4430 2367 4499 tibus;
2397 4433 2516 4489 ideo
2545 4452 2787 4492 manuum
2807 4457 3014 4496 suarum
3035 4459 3056 4497 :
3081 4444 3257 4501 facere
3281 4449 3477 4520 quippe
3503 4451 3572 4505 ad
3598 4468 3791 4510 manus

2199 4523 2473 4592 pertinet:
2505 4528 2599 4582 sed
2639 4530 2818 4585 sicut‘
2862 4542 3088 4602 possunt
3133 4537 3351 4610 intelligi
3399 4555 3592 4598 manus
3654 4545 3786 4614 Dei,

2197 4615 2317 4684 quia
2343 4624 2397 4672 et
2422 4617 2668 4676 Christus
2691 4622 2768 4678 sic
2798 4623 2957 4681 homo
2978 4668 2994 4694 ,
3019 4635 3078 4682 ut
3102 4629 3262 4684 etiam
3291 4631 3449 4687 Deus.
3481 4633 3599 4689 Hoc
3643 4645 3790 4694 certe

2194 4707 2286 4763 ille
2315 4709 2477 4765 David
2497 4754 2513 4779 ,
2534 4712 2602 4768 de
2621 4715 2772 4784 cujus
2790 4726 2873 4773 est
2893 4719 2994 4775 iste
3019 4722 3225 4778 semine
3245 4765 3260 4789 ,
3291 4723 3468 4782 facere
3503 4742 3611 4784 non
3638 4740 3790 4801 pote-

2193 4809 2278 4856 rat
2303 4802 2355 4856 in
2387 4805 2582 4875 populo
2609 4808 2693 4862 cui
2722 4810 2859 4865 sicut
2901 4811 3061 4869 homo
3084 4817 3375 4887 regnabat;
3431 4819 3528 4876 scd
3554 4821 3649 4877 ille
3687 4823 3791 4880 hoc

2197 4889 2346 4961 facit,
2378 4896 2463 4950 cui
2509 4905 2655 4954 recte
2696 4901 2874 4956 anima
2904 4902 3074 4961 ﬁdelis
3098 4906 3280 4964 dicere
3321 4918 3534 4979 potest:
3583 4911 3785 4968 Intelli-

2191 5001 2308 5054 gere
2323 5003 2401 5040 me
2422 4989 2598 5059 facito,
2621 5000 2673 5045 et
2693 4995 3041 5063 perscrutabor
3067 4999 3227 5071 legem
3246 5009 3381 5055 tuam
3398 5001 3570 5073 (Psal.
3596 5021 3782 5076 cxvut,

2194 5077 2306 5150 54).
2353 5081 2583 5139 Proinde
2603 5125 2620 5150 ,
2648 5101 2716 5140 ne
2744 5087 2813 5142 ab
2851 5087 2941 5143 illo
2980 5105 3224 5148 erremus
3242 5135 3258 5160 ,
3286 5094 3413 5150 dum
3437 5096 3507 5152 de
3550 5109 3735 5155 nostra
3763 5141 3780 5168 ,

2192 5169 2336 5225 velut
2357 5187 2425 5226 ex
2450 5175 2602 5230 nobis
2630 5177 2728 5242 sit,
2761 5178 3103 5251 intelligentia
3131 5183 3347 5242 ﬁdimus
3369 5229 3386 5254 ,
3443 5188 3562 5259 ejus
3611 5194 3782 5246 mani-

2189 5261 2289 5318 bus
2318 5279 2417 5318 nos
2440 5266 2708 5322 credendo
2722 5270 3032 5329 subdamus.
3057 5274 3175 5346 lpse
3197 5277 3252 5333 in
3277 5277 3433 5335 nobis
3454 5295 3576 5336 eam
3597 5281 3773 5348 faciat,

2192 5361 2248 5407 ut
2267 5354 2322 5408 in
2351 5354 2697 5426 intelligentia
2725 5376 2980 5419 manuum
3007 5379 3226 5424 suarum
3265 5385 3365 5426 nos
3390 5370 3625 5428 deducat
3651 5390 3776 5430 eru-

2190 5454 2272 5500 tos
2303 5447 2371 5500 ab
2398 5461 2614 5517 errore,
2645 5467 2816 5524 eoque
2837 5456 3090 5525 perducat
3109 5460 3198 5516 ubi
3220 5460 3331 5531 jam
3373 5478 3483 5518 non
3509 5466 3776 5534 possimus

2186 5552 2387 5593 errare.
2419 5539 2514 5596 llic
2536 5551 2619 5599 est
2644 5543 2844 5602 fructus
2873 5551 3049 5619 populi
3076 5553 3202 5620 Dei,
3239 5555 3568 5612 attendentis
3598 5559 3770 5630 legem

2186 5627 2280 5683 Dei
2309 5669 2323 5693 ,
2357 5642 2410 5687 et
2432 5631 2735 5693 inclinantis
2781 5654 2965 5696 aurem
2994 5657 3144 5700 suam
3174 5645 3226 5700 in
3264 5647 3426 5704 verba
3470 5647 3585 5704 oris
3608 5649 3725 5718 ejus
3750 5687 3769 5717 ,

2185 5727 2244 5774 ut
2271 5720 2463 5794 dirigat
2488 5725 2538 5779 in
2567 5741 2634 5781 co
2658 5743 2753 5784 cor
2776 5744 2930 5786 suum
2954 5733 3011 5801 ',
3043 5743 3095 5791 et
3119 5735 3189 5791 sit
3229 5751 3347 5794 cum
3400 5737 3493 5795 illo
3532 5739 3768 5797 creditus

2247 5832 2266 5907 ξ
2292 5839 2356 5907 ua
2375 5840 2486 5907 uss.
2505 5843 2560 5886 At
2581 5837 2713 5900 Edd.,
2730 5839 2818 5891 sed
2839 5840 2978 5907 siste
2991 5852 3205 5907 possunt.

2457 5895 2769 5978 qorosursu'nt.
2793 5895 2964 5978 Melius
2983 5895 3216 5971 ﬁssa,
3236 5924 3378 5964 suum
3400 5925 3420 5965 :
3438 5912 3572 5978 quod
3589 5925 3655 5965 ex
3677 5911 3768 5965 hl-

2199 5967 2258 6006 us
2275 5956 2445 6011 Psalmi
2465 5960 2516 6022 ᾗ.
2537 5959 2570 6010 8
2591 5972 2845 6029 acceptum
2866 5956 2962 6020 est;
