4076 6464
479 462 616 522 Nil

477 591 650 637 tretur
681 593 800 635 esse
825 575 1131 636 damnatum
1148 615 1162 641 ,
1188 572 1443 628 continuo
1465 566 1726 639 subjecit:
1763 563 1887 618 Dico
1910 579 2026 634 ergo
2047 603 2062 628 ,

481 641 754 750 ly‘uiitquid
782 669 968 745 repulit
1021 667 1154 730 Deus
1197 664 1390 738 plebem
1431 659 1614 719 suam?
1637 659 1797 713 Absit.
1849 655 1989 710 Nam
2018 662 2066 709 et

478 787 574 847 ego
605 767 846 844 Israelita
870 781 984 820 sum
1003 781 1066 840 ea:
1081 779 1262 850 genere
1291 757 1454 836 Israel
1476 800 1488 823 ,
1520 756 1581 812 de
1607 755 1737 810 tribu
1775 751 2062 850 Benjamia.

477 837 580 938 ille
621 837 854 938 ostendit
908 837 1326 934 quam'plebcm
1377 851 1604 916 dixerit,
1656 848 1833 918 utique
1885 844 2067 916 populi

941 953 988 1009 Si
1034 959 1194 1026 totam
1226 950 1366 1012 Deus
1389 945 1727 1019 rcprobasset
1765 950 1925 1012 atque
1971 939 2066 994 da-

483 1035 760 1129 nytasset,
787 1063 895 1125 non
946 1046 1130 1124 utique
1171 1045 1284 1132 ipse
1335 1040 1528 1112 Christi
1574 1047 1716 1094 esset
1753 1035 2026 1132 apostolus
2049 1075 2066 1104 ,

483 1128 725 1220 Israelita
774 1156 840 1210 es
893 1140 1095 1214 semine
1145 1128 1448 1214 Abraham,
1479 1135 1546 1190 de
1606 1135 1741 1188 tribu
1770 1128 2067 1220 Beniamin.

480 1231 722 1310 Adhibe;
761 1239 944 1308 autem
975 1229 1129 1303 valde
1157 1227 1518 1304 necessarium
1547 1223 1908 1281 testimonium
1929 1263 1942 1286 ,
1992 1219 2071 1274 di-

480 1339 656 1396 cens:
693 1343 714 1379 t
747 1324 828 1397 Αῃ
881 1322 1099 1400 nescitis
1147 1322 1200 1396 in
1250 1320 1363 1376 Elia
1414 1318 1540 1400 quid
1581 1316 1708 1372 dicit
1755 1313 2068 1392 Scriptura,

497 1416 932 1494 quemadmodum
989 1413 1291 1488 interpellat
1343 1413 1510 1473 Deum
1564 1409 1817 1480 adversus
1862 1401 2072 1494 Israel?

495 1504 718 1588 Romule
744 1550 760 1576 ,
794 1493 1089 1584 Prdpltelas
1119 1514 1237 1576 tuos
1261 1503 1603 1580 occiderunt,
1637 1499 1824 1554 altaria
1852 1507 1937 1557 tua
1962 1493 2074 1552 sui-

496 1598 783 1676 foderunt,
813 1607 868 1654 et
893 1613 991 1676 ego
1013 1596 1304 1670 derelictus
1330 1609 1446 1649 sum
1502 1592 1646 1646 solus
1669 1633 1686 1658 ,
1733 1597 1787 1645 et
1828 1594 2074 1659 qumrunt

488 1693 944 1770 auirnat'nnleam.
989 1689 1094 1760 Sed
1135 1688 1264 1766 quid
1290 1688 1418 1744 dicit
1468 1686 1540 1741 illi
1565 1699 1884 1763 responsum
1932 1681 2073 1736 divi-

486 1783 656 1860 nam}?
703 1782 910 1858 Reliqui
938 1781 1073 1858 mihi
1122 1789 1326 1854 septem
1374 1778 1534 1852 millia
1567 1779 1798 1852 virorum
1825 1775 1914 1864 qui
1965 1789 2074 1828 non

487 1885 840 1952 curvaverant
862 1887 1038 1957 genua
1059 1880 1183 1932 ante
1210 1871 1358 1926 Baal.
1382 1871 1470 1926 Sic
1496 1885 1624 1940 ergo
1651 1876 1705 1924 et
1729 1869 1781 1923 in
1815 1868 1916 1923 hoc
1940 1874 2076 1922 tem-

486 1981 622 2042 pore
673 1966 911 2040 reliquias
955 1981 1054 2040 per
1108 1964 1426 2023 electionem
1469 1963 1654 2036 gratiae
1710 1961 1869 2024 salvae
1923 1960 2074 2018 factm

487 2068 633 2138 sunt,
662 2078 686 2132 ρ
721 2057 841 2132 Istae
887 2041 1128 2150 reliquias
1167 2065 1292 2116 sunt
1331 2072 1395 2112 ex
1439 2055 1528 2114 illa
1557 2063 1717 2132 gente
1748 2053 2074 2126 Itazrcditatis

487 2150 582 2225 Dei
602 2167 616 2218 ;
639 2165 745 2228 non
776 2150 850 2204 illi
873 2150 938 2206 de
961 2145 1152 2220 quibus
1168 2149 1326 2220 paulo
1347 2158 1466 2228 post
1491 2148 1650 2203 dicit:
1681 2166 1698 2200 ι
1729 2145 2074 2215 C:cteri-vcro

493 2225 748 2320 escaecati
775 2252 918 2317 sunt.
977 2261 996 2295 ›
1051 2242 1138 2316 Sic
1162 2242 1303 2296 enim
1331 2225 1405 2294 ait
1438 2259 1451 2293 :
1490 2259 1509 2291 ‹
1561 2239 1695 2308 Quid
1723 2239 1894 2312 ergo?
1922 2236 2076 2318 Quod

492 2334 763 2406 quaerebat
783 2334 946 2396 Israel
971 2377 985 2402 ,
1012 2333 1113 2393 hoc
1138 2349 1242 2388 non
1272 2342 1352 2388 est
1382 2342 1732 2397 consecutus:
1764 2332 1954 2387 electio
1976 2347 2074 2402 auo

489 2411 598 2501 tem
615 2436 900 2504 consecuta
929 2435 1037 2494 est;
1069 2426 1248 2499 creteri
1269 2440 1395 2480 vero
1417 2425 1663 2482 exemcati
1681 2433 1804 2501 sunt
1833 2441 1854 2478 ›
1895 2423 2070 2497 (Rom.

491 2533 552 2594 ξι
566 2559 588 2608 ρ
621 2517 763 2598 1ο7).
794 2519 896 2591 Ista
918 2519 1082 2594 igitur
1101 2519 1290 2590 electio
1315 2560 1330 2588 ,
1359 2517 1472 2590 ista:
1495 2517 1737 2593 reliquiae
1761 2561 1776 2584 ,
1796 2517 1894 2572 ista
1923 2515 2076 2588 plebs

489 2609 587 2688 Dei
607 2625 775 2694 quam
801 2625 906 2665 non
937 2610 1129 2686 repulit
1157 2610 1333 2694 Deus,
1365 2609 1648 2684 ltrerediltas
1693 2609 1816 2679 ejus
1858 2608 2072 2686 dicitur,

487 2685 547 2778 in
578 2685 670 2779 illo
694 2713 872 2778 autem
894 2690 1058 2778 lsrael
1103 2685 1192 2778 qui
1238 2685 1338 2757 hoc
1381 2717 1485 2764 non
1513 2711 1594 2776 est
1635 2709 1988 2773 consecutus,
2022 2701 2075 2755 in

487 2794 597 2875 illis
626 2795 836 2874 expleris
863 2795 1173 2872 excaecatis,
1223 2810 1328 2849 non
1369 2802 1483 2853 erat
1529 2792 1638 2863 jam
1667 2792 1950 2848 btcrcditas
1978 2792 2075 2848 Dei

489 2887 557 2968 de
577 2904 684 2980 qua
712 2888 816 2963 dici
843 2898 1065 2960 posset,
1093 2887 1432 2964 post-Christi
1465 2889 1519 2962 in
1549 2887 1702 2964 cmlis
1727 2886 2075 2969 glorilicatio-

488 2979 612 3058 nem
637 3022 653 3048 ,
687 2990 924 3056 tempore
951 2981 1056 3036 Titi
1082 2982 1438 3058 imperatoris,
1467 2979 1607 3034 Deus
1621 3023 1638 3057 Ι,
1667 2990 1902 3035 verterunt
1936 2979 2072 3036 Gen-

491 3081 562 3150 tes
583 3073 643 3152 in
669 3061 1010 3146 [nereditatem
1035 3084 1174 3132 tuam
1193 3116 1207 3142 ,
1237 3083 1291 3130 et
1317 3083 1510 3148 cretera
1537 3091 1654 3150 quin
1681 3073 1748 3130 de
1793 3075 1934 3130 illius
1975 3089 2074 3162 p0-

489 3165 598 3238 puli
631 3174 685 3220 et
722 3167 904 3237 templi
948 3176 1002 3222 et
1025 3167 1252 3240 civitatis
1277 3167 1570 3242 vastatione
1597 3167 1843 3244 videntur
1872 3168 1926 3242 in
1971 3167 2074 3224 hoc

488 3257 700 3334 psalmo
723 3271 843 3332 esse
863 3258 1138 3350 praedicta.

560 3348 612 3426 ᾗ.
658 3347 886 3421 Proinde
920 3358 1010 3404 aut
1055 3365 1117 3405 ea
1157 3349 1410 3424 debemus
1451 3351 1746 3425 intelligere
1775 3368 1893 3429 quae
1934 3354 2070 3410 facta

489 3447 614 3520 sunt
646 3439 714 3495 ab
750 3439 868 3497 aliis
895 3439 1155 3519 hostibus,
1183 3450 1464 3517 antequam
1493 3443 1734 3500 Christus
1763 3446 1994 3502 venisset
2020 3449 2074 3502 in

485 3544 650 3606 carne
685 3531 840 3608 (non
881 3532 1023 3591 enim
1065 3533 1308 3608 crotalia
1340 3532 1463 3588 tunc
1505 3533 1787 3590 haereditas
1817 3537 1943 3607 Dei,
1985 3539 2075 3598 ubi

487 3599 542 3676 et
569 3599 852 3708 Prophetas
881 3624 1048 3678 sancti
1079 3601 1252 3698 erant,
1281 3623 1492 3698 quando
1528 3625 1661 3680 facta
1701 3635 1784 3700 est
1822 3631 2076 3687 transmi-

485 3697 742 3794 gratio'in
787 3715 1154 3794 Babyloniam,
1190 3719 1528 3794 graviterque
1572 3735 1701 3792 gens
1747 3697 1835 3774 illa
1869 3731 2076 3778 vastata

487 3807 695 3884 cst[lV
725 3808 852 3882 Reg.
894 3827 1041 3886 sxw,
1075 3796 1198 3883 14]}
1243 3819 1298 3886 ct
1337 3812 1434 3884 sub
1463 3812 1725 3868 Antiocho
1763 3813 1921 3868 etiam
1963 3814 2067 3870 Ma-

489 3899 692 3980 cbabmi
721 3885 984 3976 horrenda
1007 3885 1268 3980 perpessi,
1282 3885 1670 3974 gloriosissime
1692 3907 1932 3979 coronati
1953 3916 2077 3963 sunt

489 3977 567 4065 [ll
599 3992 836 4071 Mue/tab.
865 3994 988 4070 vn].
1019 3995 1095 4072 Ea
1116 3977 1309 4068 quippe
1329 3994 1465 4068 dicta
1497 4003 1621 4049 sunt
1642 3996 1692 4051 in
1721 3997 1823 4054 hoc
1840 3977 2072 4070 psalmo,

488 4100 609 4162 qua:
635 4084 809 4162 solent
865 4084 976 4158 ﬁeri
1018 4086 1176 4142 etiam
1224 4093 1400 4158 strage
1448 4086 1889 4160 bellorum);aut
1931 4101 2076 4149 certe

488 4177 534 4232 si
557 4186 688 4256 post
730 4179 1178 4256 resurrectionem
1207 4188 1262 4234 ct
1289 4180 1654 4240 ascensionem
1685 4182 1893 4237 Domini
1932 4185 2073 4238 acci-

487 4251 679 4348 pienda
698 4251 880 4348 estvllic
896 4251 1307 4346 commemorata
1328 4270 1610 4347 Increditas
1629 4272 1752 4336 Dei;
1777 4289 1837 4330 ea
1856 4283 1978 4341 sunt
1996 4275 2075 4330 in-

487 4361 770 4450 telligenda
785 4377 900 4442 qum
917 4377 948 4417 a
959 4363 1249 4440 cultoribus
1260 4362 1522 4440 idolorum
1537 4371 1591 4419 et
1606 4364 1832 4420 inimicis
1845 4367 2074 4436 npntinis

485 4445 706 4536 Christi,
725 4456 965 4531 Ecclesia
994 4455 1110 4535 ejus
1130 4457 1183 4510 in
1202 4463 1350 4531 tanta
1377 4465 1668 4532 martyrum
1697 4461 2074 4526 numerositate

484 4560 740 4628 perpessa
767 4557 869 4626 est.
897 4547 1204 4638 Quanquam
1231 4547 1372 4624 eitim
1402 4547 1582 4618 Asaph
1607 4547 1879 4632 Synagoga
1912 4551 2074 4606 inter-

483 4646 748 4718 pretetur,
773 4655 891 4732 qua:
915 4649 996 4712 est
1013 4641 1374 4728 cop‘grqgatio,
1412 4641 1570 4728 idque
1597 4657 1788 4715 nomen
1825 4645 2073 4714 psitalius

486 4729 913 4814 insederit‘genti
941 4729 1284 4813 lpdz'porum;
1320 4743 1495 4789 tamen
1511 4741 1570 4810 et
1603 4734 1888 4801 Ecclesium
1915 4736 2068 4790 istam

485 4804 788 4893 po's's'e‘dici
799 4804 1284 4898 congregationem,
1311 4826 1364 4874 et
1388 4818 1534 4898 illum
1557 4805 1796 4894 'vctclrem
1811 4821 2068 4906 populum

485 4909 688 4990 dictum
709 4923 829 4988 esse
854 4893 1292 4998 Ecclesiam‘,‘jam
1320 4911 1374 4966 in
1402 4893 1507 4966 alio
1531 4911 1738 5001 psalmo
1766 4893 1892 4966 satis
1919 4927 2072 4994 aper-

485 5012 648 5097 teque
695 5003 1106 5082 monstravimus
1129 4989 1227 5080 (ᾇ).
1275 5004 1401 5060 lItcc
1446 4989 1604 5084 igilur
1645 5005 1904 5074 Ecclesia,
1950 4989 2071 5062 haec

483 5094 771 5174 hereditas
797 5095 984 5168 Deiex
1012 5095 1413 5170 circumcisione
1445 5106 1499 5153 et
1543 5098 1799 5170 praeputio
1844 5114 2070 5173 congre-

485 5198 608 5270 gata
627 5199 734 5270 est,
759 5191 812 5268 id
838 5199 922 5248 est
947 5205 1013 5248 ex
1035 5192 1233 5280 populo
1275 5191 1438 5248 Israel
1463 5201 1519 5248 et
1543 5208 1607 5247 ex
1643 5194 1849 5248 caeteris
1879 5195 2071 5251 .Genti-

485 5283 607 5378 buls',
639 5299 746 5378 per
773 5283 993 5366 lapidem
1018 5270 1173 5374 .quem
1227 5286 1616 5363 reprobauerunt
1658 5288 1984 5359 aediﬁcantes,
2017 5299 2070 5344 et

489 5357 660 5458 [αξῖαξ
689 5357 762 5432 est
889 5357 1042 5454 caput
1077 5357 1261 5456 anguli
1283 5357 1468 5454 '(P'sal.
1513 5396 1676 5449 cxvn,
1709 5357 1834 5453 22);
1881 5383 1933 5436 in
1965 5398 2070 5457 quo

487 5467 682 5540 angqu
726 5478 971 5542 tanquam
1015 5471 1123 5546 duo
1167 5473 1396 5563 parietes
1439 5473 1507 5548 de
1535 5473 1746 5529 diverso
1794 5475 2068 5532 venientes

488 5560 879 5647 co‘pularentur.
907 5563 1030 5641 Ipse
1056 5574 1129 5644 est
1169 5560 1302 5642 enim
1321 5582 1428 5647 (pax
1456 5575 1647 5638 nostra,
1678 5568 1764 5640 qui
1786 5568 1903 5641 fecit
1930 5579 2065 5624 utra-

485 5646 584 5721 que
612 5669 788 5722 unum,
824 5665 875 5710 ut
902 5656 1028 5712 duos
1058 5659 1290 5736 conderet
1320 5646 1381 5714 in
1409 5677 1463 5716 se
1489 5661 1542 5714 in
1570 5671 1727 5726 unum
1766 5679 1946 5718 novum
1971 5663 2066 5718 lto.

487 5761 695 5813 mmem,
729 5747 916 5817 faciem
945 5757 1135 5826 pacem,
1174 5759 1220 5804 et
1246 5751 1582 5809 coaduttaret1
1629 5762 1861 5824 utrosque
1887 5755 1936 5808 in
1967 5772 2066 5810 uno

547 5891 568 5932 ³
595 5896 726 5948 ωδε..
747 5897 1070 5943 contmularet.

553 5949 628 6015 (τι)
648 5957 814 6014 Supra,
839 5953 887 6004 in
909 5960 1066 6005 Enarr.
1095 5956 1212 6006 Psal.
1236 5971 1412 6019 LXXVII,
1441 5972 1488 6006 n.
1516 5959 1562 6008 5.

1780 445 1839 504 S.
1882 444 2245 504 Αυϐυδτιλι
2287 443 2586 502 EPISCOPI

3624 457 3771 514 £012

2177 576 2388 632 corpore
2424 561 2530 616 Deo
2573 557 2785 636 (Ep/tes.
2824 579 2880 630 II,
2909 563 3134 638 H-IG);
3168 565 3220 622 in
3251 582 3357 639 quo
3403 583 3629 642 corpore
3671 589 3769 647 suo

2173 667 2292 708 mus
2323 653 2415 708 ﬁlii
2449 654 2563 723 Dei,
2609 656 2920 722 clamantes,
2952 658 3110 738 Abba,
3138 658 3297 716 Pater
3328 661 3502 734 (Rom.
3525 681 3640 733 vni,
3676 669 3768 737 15,

2174 755 2219 800 et
2242 745 2358 801 Gal.
2391 765 2465 814 tv,
2495 748 2555 820 6)
2586 769 2598 804 :
2641 751 2779 816 Abba
2817 760 3035 836 propter
3073 753 3284 809 illorum
3323 756 3577 842 linguam,
3617 759 3775 817 Pater

2175 850 2392 919 propter
2437 854 2706 914 nostram;
2755 846 2854 902 hoc
2899 856 2980 902 cst
3020 847 3161 924 enim
3199 849 3360 917 Abba,
3390 851 3529 924 quod
3585 853 3766 909 Pater.

2176 933 2329 990 Unde
2358 936 2610 990 Dominus
2637 939 2725 1008 qui
2751 938 2906 1006 dixit,
2955 939 3078 994 Non
3104 958 3215 995 sum
3239 944 3421 998 missus
3442 946 3540 1000 nisi
3558 948 3628 1000 ad
3656 965 3773 1004 ores

2175 1041 2289 1094 qua:
2314 1027 2568 1098 perierunt
2592 1028 2770 1084 domus
2800 1027 2964 1085 Israel
2991 1029 3206 1102 (Matth.
3233 1050 3322 1101 xv,
3341 1033 3453 1106 24),
3478 1039 3771 1096 ostendens

2177 1116 2254 1173 illi
2283 1120 2424 1188 genti
2465 1120 2723 1176 redditam
2770 1123 3072 1200 praesentiae
3115 1123 3282 1194 ipsius
3324 1128 3772 1200 promissionem;

2177 1211 2253 1265 ait
2284 1220 2459 1266 tamen
2490 1214 2594 1267 alio
2621 1198 2985 1280 loco,'.llabeo
3017 1200 3147 1270 alias
3176 1233 3290 1272 oues
3307 1234 3418 1288 qua
3441 1237 3543 1274 non
3565 1232 3686 1277 sunt
3711 1198 3774 1278 de

2180 1303 2274 1358 hoc
2314 1305 2464 1369 ovili;
2504 1315 2700 1375 oportet
2742 1323 2823 1374 me
2861 1315 2906 1372 et
2947 1308 3084 1386 ipsa:
3122 1309 3390 1378 adducere,
3433 1320 3488 1366 ut
3531 1313 3596 1366 sit
3639 1331 3773 1370 unus
3840 1381 3850 1386 _

2179 1415 2303 1470 grex
2327 1408 2373 1452 et
2403 1415 2536 1452 unus
2566 1408 2738 1468 pastor
2763 1399 2943 1470 (Joan.
2969 1417 3023 1468 ι,
3048 1400 3136 1472 16)
3163 1419 3175 1454 :
3209 1401 3407 1458 Gentes
3438 1405 3771 1476 signiﬁcans.

2180 1507 2312 1562 quas
2337 1500 2452 1547 erat
2479 1491 2824 1560 adducturus,
2849 1507 2956 1547 non
2980 1493 3196 1565 quidem
3235 1511 3330 1565 per
3347 1511 3504 1552 suam
3531 1512 3771 1568 praesen-

2180 1583 2307 1639 tiam
2353 1585 2740 1654 corporalem‘,
2783 1594 2841 1641 ut
2873 1585 3003 1641 illud
3047 1603 3232 1643 verum
3279 1589 3369 1656 sit,
3419 1608 3440 1642 ‹
3485 1590 3605 1646 Non
3647 1606 3772 1648 sum

2179 1674 2374 1728 missus
2412 1675 2510 1728 nisi
2550 1673 2616 1728 ad
2655 1689 2781 1730 oves
2820 1691 2938 1744 quae
2977 1675 3250 1746 perierunt
3287 1677 3478 1733 domm
3515 1677 3708 1746 Israel;
3741 1695 3767 1732 ι

2179 1764 2274 1821 sed
2319 1773 2494 1820 tamen
2540 1780 2634 1836 per
2667 1765 3008 1837 Evangelium
3051 1782 3229 1835 suum,
3249 1769 3391 1838 quod
3416 1778 3571 1826 erant
3593 1770 3771 1828 disse-

2181 1857 2427 1912 minaturi
2457 1876 2476 1909 ε
2514 1858 2741 1927 speciosi
2775 1857 2935 1927 pedes
2975 1859 3398 1917 annuntiantium
3437 1877 3641 1932 pacem,
3667 1879 3771 1921 an-

2181 1951 2535 2005 nuntiantium
2558 1952 2693 2006 bona
2714 1969 2733 2002 »
2767 1949 2941 2024 (Rom.
2971 1969 3021 2019 ι,
3054 1953 3141 2024 15)
3169 1973 3182 2009 :
3217 1973 3237 2007 ε
3259 1954 3316 2010 In
3337 1970 3551 2014 onmem
3579 1977 3600 2012 ι
3624 1960 3771 2018 enim

2188 2063 2206 2094 ι
2238 2051 2436 2098 terram
2476 2044 2605 2098 exiit
2631 2059 2796 2098 sonus
2821 2058 3028 2111 eorum,
3071 2054 3125 2100 et
3171 2047 3223 2100 in
3255 2047 3384 2102 lines
3424 2048 3571 2106 orbis
3611 2059 3770 2108 terra:

2181 2137 2341 2193 verba
2379 2151 2562 2192 eorum
2599 2157 2616 2188 ι
2660 2135 2832 2207 (Psal.
2884 2153 3035 2201 xvut,
3081 2137 3159 2208 5).
3199 2138 3342 2194 «Ilinc
3384 2149 3438 2196 ct
3479 2141 3770 2213 Apostolus

2181 2228 2274 2294 ait,
2307 2247 2324 2280 ε
2361 2228 2500 2284 Dico
2549 2243 2677 2300 ergo
2717 2226 2987 2284 Christum
3036 2229 3216 2284 Iesum
3262 2217 3561 2288 ministium
3605 2234 3772 2292 fuisse

2182 2320 2605 2375 circumcisionis
2635 2328 2850 2390 prepter
2880 2321 3153 2376 veritatem
3183 2321 3310 2386 Dei,
3339 2323 3406 2376 ad
3442 2325 3770 2382 continuan-

2181 2411 2276 2468 das
2315 2412 2695 2482 promissiones
2738 2412 2996 2467 Patrum:
3035 2431 3056 2464 ι
3098 2426 3223 2467 ecce
3268 2412 3409 2482 quod
3445 2423 3545 2480 est,
3583 2435 3604 2468 ‹
3659 2433 3770 2475 non

2180 2520 2299 2561 sum
2321 2504 2514 2560 missus
2535 2505 2636 2559 nisi
2657 2503 2723 2559 ad
2750 2519 2877 2560 oves
2892 2520 3011 2576 quae
3037 2505 3308 2576 perierunt
3326 2506 3516 2564 domus
3535 2508 3717 2566 Israel.
3743 2532 3763 2566 ι

2183 2597 2386 2654 Deinde
2427 2599 2698 2669 subjungit
2741 2599 3046 2669 Apostolus,
3080 2617 3102 2650 ι
3147 2599 3345 2656 Gentes
3387 2611 3563 2658 autem
3605 2619 3770 2676 super

2183 2693 2546 2748 misericordia
2599 2693 2896 2765 glorificare
2929 2695 3109 2750 «Deum
3158 2713 3172 2750 :
3224 2713 3245 2748 ι
3293 2712 3420 2754 ecce
3462 2698 3606 2768 quod
3652 2709 3766 2770 est,

2189 2803 2208 2837 ι
2231 2785 2424 2841 Habeo
2449 2787 2579 2842 alias
2596 2803 2722 2843 oves
2737 2804 2856 2858 quae
2882 2804 2985 2844 non
3005 2798 3131 2844 sunt
3150 2790 3217 2846 de
3241 2789 3344 2846 hoc
3363 2792 3491 2848 ovili
3512 2810 3527 2859 ;
3557 2804 3768 2864 oportet

2181 2893 2270 2933 me
2298 2887 2352 2935 et
2383 2879 2524 2950 ipsas
2570 2879 2854 2948 adducere,
2883 2889 2941 2935 ut
2969 2881 3037 2936 sit
3077 2898 3210 2938 unus
3251 2898 3383 2953 grex
3424 2894 3475 2940 et
3505 2902 3641 2941 unus
3671 2903 3768 2958 pa-

2183 2978 2313 3025 stor.
2342 2990 2359 3023 ι
2383 2970 2533 3040 Quod
2561 2980 2842 3042 utrumque
2869 2973 3104 3028 breviter
3129 2973 3324 3030 dictum
3351 2984 3434 3032 est
3461 2977 3512 3032 in
3535 2994 3600 3033 eo
3623 2980 3767 3050 quod

2183 3063 2251 3120 de
2273 3065 2527 3136 propheta
2558 3067 2697 3122 idem
2734 3067 3006 3138 apostolus
3024 3080 3442 3127 commemorat:
3475 3072 3764 3142 Ltrtamim',

2185 3157 2386 3225 Gentes,
2427 3175 2541 3212 cum
2585 3159 2724 3230 plebe
2767 3161 2878 3232 ejus
2921 3160 3098 3231 (Rom.
3139 3178 3226 3227 xv,
3271 3162 3452 3232 8-10).
3497 3165 3601 3221 Iste
3637 3149 3766 3238 ergo

2183 3264 2322 3304 unus
2349 3265 2482 3320 grex
2513 3249 2613 3305 sub
2656 3245 2868 3320 pastore
2909 3267 3034 3319 uno,
3067 3251 3346 3309 licereditas
3393 3255 3488 3311 Dei
3531 3265 3634 3324 est,
3659 3274 3764 3312 non

2187 3343 2357 3397 solum
2397 3343 2588 3410 Patris,
2618 3345 2710 3399 sed
2736 3345 2893 3400 etiam
2920 3343 3060 3399 Filii.
3089 3345 3218 3401 Nam
3246 3345 3362 3402 Filii
3389 3364 3494 3402 vox
3526 3358 3626 3419 est,
3650 3348 3766 3407 Fu-

2185 3452 2272 3490 nes
2302 3436 2583 3490 ceciderunt
2606 3438 2728 3490 mihi
2757 3439 2808 3490 in
2841 3437 3117 3506 prwclaris,
3153 3438 3334 3493 etenim
3367 3439 3632 3494 licereditas
3656 3458 3768 3497 mea

2189 3529 2435 3598 prreclara
2469 3538 2542 3583 est
2581 3529 2704 3582 mihi
2733 3528 2903 3600 (Psal.
2934 3545 3058 3596 cxv,
3099 3529 3154 3601 6)
3183 3548 3195 3584 :
3229 3539 3284 3584 et
3327 3531 3491 3602 ipsius
3534 3532 3768 3590 haeredi-

2186 3621 2308 3675 tatis
2338 3635 2438 3675 vox
2469 3628 2554 3675 est
2581 3619 2720 3690 apud
2762 3620 3104 3692 prophetam,
3137 3621 3354 3676 Domine
3401 3621 3536 3678 Deus
3574 3634 3766 3694 noster,

2187 3712 2386 3782 posside
2411 3729 2502 3766 nos
2533 3711 2684 3783 (Isai.
2711 3703 2974 3777 xxvtri'é,
3005 3729 3104 3766 sec.
3127 3711 3324 3784 LXX).
3354 3713 3501 3770 Hanc
3543 3715 3771 3772 haeredi-

2184 3812 2346 3878 tatem
2370 3819 2474 3858 non
2497 3805 2730 3860 moriens
2747 3803 3051 3860 Pater‘FIIio
3071 3806 3314 3875 reliquit;
3345 3806 3439 3862 sed
3464 3808 3576 3880 ipse
3599 3808 3769 3866 Filius

2186 3909 2302 3949 eam
2335 3910 2429 3949 sua
2475 3904 2646 3948 morte
2671 3895 2985 3950 mirabiliter
3023 3897 3317 3967 acquisivit,
3346 3912 3504 3968 quam
3531 3915 3770 3957 resurre-

2186 3987 2361 4042 ctione
2391 3987 2644 4056 possedit.

2255 4080 2308 4135 4.
2350 4079 2404 4134 Si
2429 4095 2556 4151 ergo
2577 4081 2643 4135 de
2674 4082 2773 4136 hac
2801 4080 3204 4154 intelligendum
3229 4091 3312 4138 est
3332 4083 3546 4154 quodin
3575 4085 3766 4155 psalmi

2184 4172 2340 4242 hujus
2361 4173 2636 4242 prophetia
2667 4173 2890 4242 canitur,
2925 4173 3084 4239 Deus,
3113 4183 3354 4229 venerunt
3383 4173 3564 4231 Gentes
3583 4177 3635 4230 in
3657 4178 3767 4232 Ita:-

2181 4256 2626 4328 reditatem'tuam,
2658 4273 2712 4318 ut
2745 4266 2951 4320 venisse
2987 4264 3184 4321 Gentes
3227 4267 3548 4336 accipiamus
3576 4269 3632 4323 in
3660 4269 3765 4324 Ec-

2181 4357 2418 4422 clesiam,
2451 4372 2555 4411 non
2581 4356 2870 4422 credendo,
2903 4357 2994 4412 sed
3022 4357 3407 4432 persequendo,
3433 4358 3486 4414 id
3516 4370 3620 4422 est,
3647 4375 3766 4415 eam

2180 4449 2440 4504 invasisse
2479 4449 2748 4504 voluntate
2783 4448 2994 4504 delendi
3020 4437 3198 4520 'atquc‘
3230 4451 3446 4506 omnino
3485 4451 3764 4520 perdendi,

2178 4542 2314 4596 sicut
2344 4548 2423 4596 tot
2446 4541 2872 4610 persecutionum
2899 4542 3140 4612 exempla
3169 4551 3568 4607 monstrarunt;
3605 4557 3764 4612 opor-

2179 4640 2254 4688 tet
2296 4640 2355 4686 ut
2400 4630 2541 4702 quod
2592 4632 2850 4701 sequitur,
2900 4628 3201 4685 Potluerunt
3248 4631 3488 4702 templum
3534 4643 3768 4688 sanetum

2179 4734 2338 4791 tuum,
2369 4739 2473 4777 non
2519 4723 2572 4778 in
2605 4723 2762 4794 lignis
2791 4733 2844 4778 et
2880 4721 3162 4792 lapidibus,
3191 4723 3285 4778 sed
3314 4724 3362 4776 in
3408 4723 3536 4793 ipsis
3563 4724 3764 4798 intelli-

2175 4825 2330 4886 gatur
2362 4813 2766 4878 hominibus,dc
2793 4813 3006 4884 quibus,
3039 4820 3288 4883 tanquam
3319 4803 3581 4884 lapidibus
3609 4815 3762 4880 vivis,

2177 4905 2413 4961 construi
2458 4906 2582 4960 dicit
2610 4905 2884 4975 apostolus
2922 4905 3112 4960 Petrus
3141 4905 3357 4960 domum
3401 4906 3495 4962 Dei
3523 4906 3574 4979 (I
3619 4905 3763 4961 Pctr.

2175 5015 2234 5064 ιι,
2271 4998 2346 5070 5).
2381 4997 2530 5052 Unde
2573 5007 2626 5052 et
2673 4997 2947 5067 apostolus
2993 4996 3188 5052 Paulus
3235 4997 3572 5068 apertissime
3616 4997 3763 5066 dicit,

2175 5074 2442 5160 Templum
2485 5088 2580 5142 Dei
2608 5099 2836 5162 sanctum
2867 5097 2956 5154 est,
2998 5089 3135 5160 quod
3173 5090 3288 5144 estis
3328 5105 3413 5145 vos
3441 5087 3492 5163 (I
3525 5089 3644 5144 Cor.
3687 5107 3763 5154 III,

2175 5183 2286 5260 17).
2322 5185 2431 5239 I-Ioc
2459 5185 2637 5259 itaque
2669 5185 2921 5254 templum
2952 5195 3318 5254 persecutores
3360 5186 3414 5239 in
3459 5185 3545 5240 his
3583 5185 3766 5256 utique

2176 5278 2496 5348 polluerunt,
2531 5293 2664 5350 quos
2720 5277 2786 5332 ad
2824 5277 3123 5350 negandum
3172 5277 3464 5342 Christum,
3513 5279 3767 5334 terrendo

2174 5373 2255 5444 vel
2282 5372 2572 5428 cruciando
2595 5381 2902 5442 coegerunt,
2937 5380 3094 5444 atque
3119 5379 3178 5446 μι
3198 5371 3354 5428 idolis
3382 5372 3761 5445 supplicarent,

2173 5463 2520 5519 vehementer
2558 5462 2805 5522 instando
2844 5463 3084 5525 fecerunt
3111 5480 3124 5516 :
3156 5479 3380 5539 quorum
3425 5465 3621 5522 multos
3647 5481 3768 5535 poe-

2172 5559 2393 5614 nitentia
2430 5557 2712 5630 reparavit,
2741 5565 2898 5628 atque
2923 5556 2990 5614 ab
3025 5557 3114 5621 illa
3143 5542 3508 5630 inquinatione
3535 5557 3767 5614 munda-

2171 5656 2266 5710 vit.
2313 5653 2625 5708 Poenitentis
2671 5650 2814 5706 enim
2863 5664 2962 5706 vox
3006 5660 3124 5707 est:
3155 5669 3174 5702 ι
3222 5651 3290 5706 Ει
3326 5667 3356 5705 a
3399 5651 3594 5708 delicto
3642 5668 3767 5708 meo

2171 5747 2371 5805 munda
2403 5761 2517 5812 me;
2556 5764 2574 5798 ›
2606 5753 2682 5810 et,
2718 5759 2737 5796 ‹
2770 5742 2878 5799 Cor
2915 5741 3173 5816 mundum
3204 5757 3325 5799 crea
3367 5744 3418 5799 in
3457 5760 3564 5814 me,
3595 5745 3764 5813 Deus,

2174 5851 2228 5898 et
2249 5840 2493 5916 spiritum
2523 5846 2726 5893 rectum
2757 5835 2948 5891 innova
2976 5833 3031 5889 in
3056 5835 3350 5892 visceribus
3373 5837 3507 5894 meis
3539 5855 3560 5890 ι
3588 5838 3762 5910 (Psal.

2243 5959 2260 5988 ³
2286 5952 2474 6016 Aliquot
2489 5958 2618 6014 Mss,
2643 5961 2731 6016 per
2752 5961 2804 6002 se
2827 5945 3087 6013 praesentia
3108 5947 3365 6012 corporali.
