4076 6468
504 475 645 537 1015

505 605 659 668 pater
683 592 800 664 eju's
825 588 1010 666 (Hebr.
1041 601 1137 654 xu,
1165 583 1222 651 6,
1243 579 1344 654 7)?

579 689 636 745 9.
665 685 816 760 [vers.
834 663 915 756 Β.)
938 678 1091 751 Quod
1116 690 1244 733 vero
1268 671 1530 744 adjungit,
1557 665 1779 734 Eﬂ‘unde
1799 663 1931 719 iram
1956 671 2097 760 tuam

507 785 562 839 in
583 756 752 854 gen—tes
778 791 893 849 qua:
917 784 964 830 te
990 789 1094 828 non
1120 774 1386 834 noverunt,
1408 772 1457 820 et
1484 764 1536 817 in
1564 777 1720 834 regna
1742 775 1855 832 qua:
1883 773 1986 854 non
2009 756 2097 811 in-

509 849 811 931 vocaverunt
850 882 1034 924 nomen
1063 873 1238 930 tuum,
1268 859 1430 917 etiam
1461 856 1564 912 ista
1601 849 1941 924 prophetatio
1978 855 2095 916 est,

511 981 622 1025 non
667 964 894 1037 optatio.
934 959 1051 1016 Non
1094 950 1483 1012 malevolentiae
1520 955 1646 1005 voto
1684 946 1787 1002 ista
1828 944 2097 1010 dicuntur,

511 1059 610 1116 sed
651 1034 844 1128 spiritu
883 1049 1109 1124 praevisa
1136 1045 1534 1118 praedicuntur;
1566 1039 1704 1094 sicut
1742 1037 1812 1093 de
1832 1034 1968 1092 Juda
1993 1041 2102 1088 tra-

511 1155 712 1217 ditore,
744 1164 863 1222 quae
893 1144 1031 1203 mala
1059 1142 1136 1198 illi
1163 1140 1374 1195 fuerant
1399 1150 1500 1208 pro
1518 1133 1632 1191 suis
1654 1129 1860 1186 meritis
1882 1134 2104 1184 eventu-

513 1263 596 1315 ra,
615 1246 688 1300 ita
712 1219 1024 1315 prophetata
1053 1242 1194 1302 sunt,
1221 1231 1373 1304 quasi
1392 1235 1570 1300 optata
1599 1225 1724 1281 sint.
1747 1219 2104 1315 Quemadmo-

513 1311 642 1393 dum
672 1311 826 1391 enim
847 1329 1114 1400 Propheta
1165 1338 1273 1380 non
1320 1323 1549 1392 imperat
1573 1315 1788 1372 Christo
1810 1357 1826 1382 ,
1857 1311 2104 1384 quamvis

513 1429 677 1486 modo
724 1423 1041 1496 imperativo
1085 1413 1395 1491 pronuntiet
1436 1410 1580 1483 quod
1620 1407 1784 1472 dicit,
1836 1403 2107 1474 Accingere

516 1522 742 1596 gladium
767 1528 910 1572 tuum
941 1515 1079 1570 circa
1105 1515 1291 1583 femur,
1317 1502 1698 1578 potentissime;
1727 1498 1893 1567 specie
1919 1505 2025 1596 tua,
2057 1501 2106 1596 et

517 1585 896 1685 pulchritudine
937 1614 1023 1660 tua
1043 1646 1060 1670 ,
1105 1609 1155 1656 et
1192 1598 1416 1662 intende,
1452 1602 1499 1648 et
1521 1605 1758 1662 prospere
1785 1585 2029 1685 procede,
2057 1592 2108 1685 et

515 1677 673 1778 regna
696 1699 866 1777 (Psal.
891 1713 1037 1762 xuv,
1061 1696 1094 1749 4
1109 1702 1158 1750 et
1173 1692 1232 1762 5)
1252 1709 1266 1750 :
1291 1690 1364 1744 ita
1387 1702 1495 1743 non
1515 1692 1681 1755 optat,
1707 1681 1800 1737 sed
1827 1677 2109 1751 prophetat

517 1798 608 1868 qui
625 1795 778 1860 dicit,
800 1789 1020 1858 Eﬂ'unde
1047 1787 1179 1840 iram
1204 1794 1343 1837 tuam
1360 1781 1414 1835 in
1434 1785 1600 1850 gentes
1627 1790 1738 1847 qua:
1757 1783 1804 1827 te
1827 1789 1930 1826 non
1954 1785 2107 1825 nove-

517 1867 657 1944 runt.
681 1885 832 1956 Quod
865 1897 1013 1938 more
1039 1895 1137 1934 suo
1162 1877 1375 1948 repetit,
1403 1873 1610 1938 dicens,
1638 1867 1705 1923 Et
1733 1868 1787 1921 in
1813 1881 1971 1938 regna
1994 1879 2110 1935 qua:

517 1999 619 2036 non
649 1981 1004 2034 invocaverunt
1029 1987 1210 2027 nomen
1249 1978 1392 2023 tuum
1421 1981 1440 2020 :
1465 1978 1592 2020 nam
1619 1969 1805 2033 gentes
1826 1973 1922 2029 per
1944 1971 2108 2029 regna

519 2141 807 2237 repetitum
836 2170 952 2227 est,
994 2157 1135 2230 quod
1179 2170 1284 2210 non
1333 2153 1718 2207 invocaverunt
1742 2158 1940 2200 nomen
1970 2141 2106 2211 ejus.

525 2257 805 2330 Quomodo
834 2268 962 2325 ergo
991 2247 1394 2320 intelligendum
1435 2251 1519 2299 est
1558 2240 1700 2313 quod
1741 2239 1816 2294 ait
1853 2237 2111 2330 Dominus

522 2327 577 2407 iu
608 2349 924 2418 Evangelia,
955 2345 1143 2400 Servus
1168 2340 1254 2411 qui
1279 2338 1434 2393 nescit
1463 2336 1770 2389 voluntatem
1798 2328 1991 2383 domini
2009 2327 2108 2391 sui,

523 2453 571 2496 et
597 2443 718 2512 facit
747 2417 902 2509 digna
923 2435 1107 2507 plagis,
1131 2427 1390 2500 vapulabit
1415 2425 1623 2497 paucis;
1649 2437 1819 2477 seruus
1837 2428 2005 2512 autem
2027 2417 2113 2488 qui

523 2511 620 2588 scit
648 2532 954 2586 voluntatem
986 2523 1178 2579 domini
1201 2521 1300 2585 sui,
1328 2527 1376 2574 et
1401 2517 1526 2591 facit
1549 2515 1705 2586 digna
1735 2511 1921 2584 plagis,
1948 2525 2113 2580 vapu-

527 2623 650 2678 labit
678 2621 848 2676 multis
873 2617 1025 2692 (Luc.
1055 2629 1166 2679 xu,
1197 2611 1288 2675 48,
1316 2607 1431 2681 47),
1457 2608 1503 2664 si
1533 2605 1706 2676 major
1730 2604 1811 2658 ira
1838 2603 1932 2658 Dei
1956 2609 2040 2657 est
2057 2600 2113 2656 in

524 2726 712 2790 gentes
733 2729 852 2784 quae
875 2709 1156 2765 Dominum
1179 2718 1285 2761 non
1313 2698 1715 2774 cognoverunt?
1744 2695 1802 2790 In
1831 2710 1896 2790 eo
1918 2695 2116 2790 quippe

526 2785 670 2881 quod
693 2807 786 2871 ait,
816 2802 1039 2870 E/fande
1057 2799 1189 2853 iram
1211 2806 1374 2861 tuam,
1401 2793 1532 2848 satis
1558 2790 1660 2845 hoc
1677 2789 1844 2843 verbo
1865 2785 2119 2841 indicavit

527 2877 690 2973 quam
717 2883 936 2953 multam
959 2895 1092 2948 iram
1119 2887 1349 2945 voluerit
1373 2883 1596 2954 intelligi
1629 2900 1643 2938 :
1666 2880 1811 2936 unde
1830 2886 2016 2973 postea
2036 2877 2119 2973 di.

528 2971 623 3060 cit,
654 2990 831 3047 Redde
855 2987 1030 3042 vicinis
1061 2983 1244 3038 nostris
1266 2980 1450 3050 septies
1477 2985 1692 3031 tantum.
1717 2976 1798 3029 An
1825 2972 1948 3044 quia
1974 2971 2116 3027 mul-

528 3096 644 3142 tum
675 3085 903 3139 interest
927 3079 1065 3134 inter
1088 3087 1289 3139 servos,
1322 3071 1413 3143 qui
1444 3070 1572 3125 licet
1603 3067 1846 3123 nesciant
1871 3063 2120 3119 volunta-

529 3189 642 3237 tem
682 3174 892 3231 Domini
942 3171 1058 3235 sui,
1107 3177 1289 3222 tamen
1331 3165 1581 3219 invocant
1624 3173 1820 3214 nomen
1868 3155 2023 3225 ejus,
2065 3160 2122 3209 et

532 3274 738 3328 alienos
768 3283 799 3323 a
825 3265 1026 3322 familia
1049 3262 1180 3318 tanti
1207 3254 1627 3330 patrisfamilias,
1650 3252 1740 3322 qui
1765 3250 1846 3305 sic
1871 3248 2122 3320 ignorant

533 3369 701 3425 Deum
727 3405 741 3429 ,
773 3371 832 3416 ut
857 3375 956 3415 nec
981 3358 1231 3413 invocent
1255 3349 1462 3406 Deum?
1483 3345 1738 3402 Invocant
1763 3342 1904 3398 enim
1934 3354 2032 3410 pro
2053 3351 2121 3392 eo

533 3461 622 3516 vel
652 3455 933 3513 simulacra
954 3492 971 3517 ,
997 3448 1082 3504 vel
1120 3443 1382 3501 daemonia
1404 3481 1419 3506 ,
1461 3438 1547 3493 vel
1586 3434 1880 3508 quamlibet
1905 3438 2120 3487 creatu-

531 3564 684 3615 ram;
717 3561 826 3602 nou
854 3543 1196 3604 Creatorem,
1222 3535 1312 3606 qui
1349 3539 1434 3588 est
1459 3527 1772 3585 benedictus
1812 3525 1867 3578 in
1899 3520 2118 3578 szecula.

532 3643 718 3713 Neque
742 3637 886 3694 enim
918 3635 1070 3696 istos,
1099 3631 1168 3684 de
1191 3625 1382 3698 quibus
1412 3623 1513 3678 hoc
1546 3617 1869 3691 prOphetat,
1911 3614 1986 3669 ita
2028 3626 2124 3681 ne-

536 3735 771 3791 scientes
801 3727 1068 3799 signiﬁcat
1095 3717 1311 3777 Domini
1341 3716 1421 3772 sui
1451 3713 1784 3768 voluntatem
1811 3717 1918 3799 ,iut
1943 3715 2121 3760 tamen

533 3827 711 3898 ipsum
751 3797 1035 3877 Dominum
1067 3814 1321 3875 timeant;
1367 3805 1462 3861 sed
1505 3805 1579 3858 ita
1623 3803 1808 3898 ipsum.
1839 3797 2125 3898 Dominum

538 3886 863 3974 nescientes,
896 3918 953 3962 ut
982 3920 1081 3961 nec
1108 3903 1365 3957 invocent
1391 3911 1511 3950 eum
1534 3934 1551 3960 ,
1580 3901 1635 3947 et
1661 3889 1864 3944 inimici
1893 3886 2124 3942 nominis

539 4007 658 4080 ejus
685 4003 937 4059 existant.
962 3995 1186 4052 Multum
1217 4003 1345 4059 ergo
1373 3987 1534 4041 distat
1557 3984 1697 4038 inter
1721 3978 2125 4080 servos-volun-

537 4069 706 4158 tatem
738 4092 941 4151 domini
965 4089 1046 4145 sui
1077 4085 1398 4148 nescientes,
1425 4088 1479 4134 et
1504 4086 1684 4133 tamen
1715 4075 1770 4130 in
1792 4071 1990 4128 familia
2009 4069 2128 4139 ejus

538 4201 702 4263 atque
723 4189 776 4244 in
800 4186 962 4241 domo
983 4180 1242 4242 viventes,
1268 4181 1325 4230 et
1352 4171 1599 4227 inimicos
1621 4181 1726 4222 non
1751 4164 1926 4221 solum
1951 4162 2126 4263 ipsum

538 4255 815 4341 dominum
844 4276 984 4332 scire
1003 4271 1264 4333 nolentes,
1291 4263 1386 4320 sed
1410 4271 1466 4319 et
1485 4277 1593 4318 non
1612 4260 1734 4329 ejus
1755 4271 1949 4312 nomen
1980 4255 2129 4309 invo-

539 4384 746 4438 cantes,
773 4380 932 4440 atque
960 4368 1012 4421 in
1043 4361 1216 4418 servis
1235 4361 1254 4392 ¹
1283 4358 1502 4424 insuper
1526 4357 1912 4423 oppugnantes.

619 4467 707 4523 l0.
736 4437 902 4538 [vers
936 4455 1024 4530 7.]
1057 4453 1292 4522 Denique
1333 4446 1614 4538 sequitur;
1650 4441 1784 4538 Quia
1811 4437 2129 4538 comederunt

540 4560 704 4619 Jacob
727 4532 760 4624 ,κ
772 4565 821 4611 et
850 4555 1016 4608 locum
1041 4550 1150 4620 ejus
1175 4543 1540 4599 desolaverunt.
1571 4535 1736 4592 Jacob
1767 4532 1963 4604 quippe
1994 4532 2129 4600 ﬁgu-

540 4667 658 4712 ram
685 4646 914 4721 gestavit
940 4639 1217 4703 Ecclesiae,
1239 4637 1377 4690 sicut
1396 4631 1540 4688 Esau
1568 4627 1767 4683 veteris
1793 4625 2126 4721 Sy‘nagogm;

542 4717 916 4806 unde'dictum
943 4743 1029 4793 est
1056 4752 1071 4790 :
1102 4731 1170 4787 Et
1191 4729 1358 4799 major
1385 4725 1560 4781 serviet
1599 4721 1780 4776 minori
1811 4717 1966 4790 (Gen.
1997 4731 2126 4780 xxv,

541 4839 660 4910 25).
686 4837 869 4893 Potest
895 4831 947 4886 in
975 4828 1079 4884 hoc
1103 4822 1320 4880 nomine
1350 4816 1659 4910 intelligi
1676 4855 1692 4879 ,
1719 4811 1787 4910 de
1812 4823 1912 4910 qua
1940 4809 2130 4883 loque-

545 4902 756 4994 bainur,
796 4921 1084 4981 haereditas
1127 4915 1257 4979 Dei,
1303 4913 1358 4967 in
1401 4923 1559 4980 quam
1588 4902 1944 4961 invadendam
1972 4913 2134 4974 atque

543 5020 857 5081 vastandam
881 5021 1006 5087 post
1039 5004 1483 5065 resurrectionem
1520 5007 1576 5054 et
1612 4995 1984 5052 ascensionem
2022 4995 2134 5050 Do-

545 5117 679 5176 mini
699 5113 898 5171 Gentes
919 5099 1289 5178 persequendo
1308 5099 1591 5151 venerunt.
1614 5087 1747 5158 Sed,
1763 5091 1929 5146 locum
1946 5087 2130 5155 Iacob,

545 5205 817 5283 quomodo
859 5203 1162 5258 intueamur
1209 5183 1614 5283 intelligendum
1657 5193 1760 5283 est.
1799 5182 1964 5255 Magis
1987 5180 2133 5237 enim

545 5276 694 5361 locus
718 5295 886 5354 Iacob
907 5291 997 5348 illa
1020 5288 1209 5344 civitas
1233 5281 1412 5354 putari
1452 5287 1656 5352 potest,
1698 5276 1753 5331 in
1791 5289 1894 5344 qua
1933 5281 2053 5329 erat
2079 5280 2136 5327 et

546 5391 804 5462 templum
832 5399 938 5456 quo
964 5381 1268 5437 universam
1295 5375 1442 5431 illam
1462 5381 1696 5445 gentem,
1725 5364 2060 5423 sacriﬁcandi
2079 5372 2136 5421 et

544 5459 806 5544 adorandi
833 5491 994 5533 causa
1015 5481 1071 5528 et
1101 5467 1307 5527 Pascha
1345 5463 1680 5529 celebrandi,
1719 5459 1975 5516 Dominus
1998 5471 2136 5528 prte-

546 5585 765 5649 ceperat
802 5567 1113 5630 convenire.
1141 5564 1272 5622 Nam
1311 5562 1358 5617 si
1385 5557 1814 5616 Christianorum
1836 5559 2135 5649 conventus

546 5642 844 5728 inhibitos’|
875 5670 1036 5732 atque
1065 5667 1406 5728 compressos
1448 5665 1481 5705 a
1525 5644 1962 5718 persecutoribus
2003 5642 2137 5698 Pro-

550 5763 715 5836 pheta
757 5756 921 5813 vellet
954 5751 1212 5822 intelligi,
1241 5748 1358 5802 loca
1383 5741 1623 5799 desolata
1655 5737 1928 5794 videretur
1951 5734 2135 5790 dicere

616 5899 631 5927 ι
657 5897 728 5943 sic
746 5899 856 5944 uss.
879 5887 1088 5952 stud»
1113 5892 1255 5950 atque
1527 5938 1540 5952 .
1881 5931 2044 5952 μ-..

614 5932 1740 6007 1I‘Iziv'::Ninhalntatos'.“ltjt'ii‘r;etiamnnlnlvitos'
1608 5938 1622 5950 '
1741 5932 2113 5999 ,veLsnhabuos'
2033 5932 2044 5943 '
2117 5966 2130 5982 .

1709 460 1766 516 S.
1799 451 2166 514 AUGUSTINI
2202 453 2509 512 EPISCOPI

3639 455 3786 512 1016

2199 568 2472 636 debuisse,
2496 583 2604 624 non
2628 568 2826 625 locum.
2853 567 2961 624 Sed
2988 580 3273 638 possumus
3291 567 3535 638 accipere
3558 582 3660 640 pro
3684 585 3787 625 nu-

2201 677 2353 718 mero
2393 662 2584 734 plurali
2628 676 2908 717 numerum
2949 660 3270 732 singularem
3317 661 3548 732 positum
3574 705 3587 726 ,
3642 664 3784 720 sicut

2202 763 2406 812 vestem
2434 769 2531 826 pro
2548 755 2806 820 vestibus,
2830 753 3053 810 militem
3079 767 3177 824 pro
3198 753 3476 822 militibus,
3494 769 3659 826 pecus
3683 771 3786 828 pro

2204 846 2488 920 pecoribus
2519 866 2532 903 :
2562 848 2729 903 multa
2756 846 2899 903 enim
2925 845 3229 918 huiusmodi
3249 847 3415 902 moris
3431 857 3516 904 est
3535 847 3663 915 dici,
3685 864 3816 906 nec-

2206 940 2379 998 solum
2406 939 2569 1011 vulgo
2592 938 2954 1010 loquentium,
2983 951 3169 992 verum
3199 937 3360 994 etiam
3399 938 3789 996 disertissimo-

2207 1047 2326 1088 rum
2363 1040 2641 1087 auctorum
2668 1029 3006 1102 eloquentiae.
3035 1027 3146 1084 Nec
3187 1028 3255 1084 ab
3294 1028 3408 1099 ipsa
3435 1029 3615 1085 divina
3639 1031 3790 1086 Scri-

2208 1132 2364 1198 ptura
2392 1125 2493 1180 hoc
2520 1139 2689 1196 genus
2711 1123 2996 1180 locutionis
3020 1123 3254 1180 alienum
3279 1131 3398 1180 est:
3430 1124 3611 1194 posuit
3645 1125 3792 1179 enim

2208 1227 2265 1274 et
2289 1218 2403 1288 ipsa
2433 1232 2618 1274 ranam
2646 1231 2748 1288 pro
2771 1216 2936 1283 ranis,
2964 1215 3225 1271 locustam
3250 1230 3350 1286 pro
3375 1214 3598 1271 locustis
3617 1215 3794 1286 (Psal.

2208 1323 2414 1376 Lxxvu,
2441 1307 2558 1378 45),
2586 1315 2642 1362 et
2665 1306 3068 1362 innumerabilia
3091 1306 3237 1362 talia.
3258 1305 3412 1376 Quod
3432 1321 3563 1362 vero
3589 1306 3794 1362 dictum

2208 1409 2326 1468 est,
2369 1398 2703 1455 Comederunt
2743 1398 2934 1462 Iacob,
2965 1397 3068 1454 hoc
3105 1398 3244 1454 bene
3278 1397 3618 1469 intelligitur,
3650 1397 3798 1470 quod

2210 1491 2410 1548 multos
2448 1492 2500 1546 in
2541 1505 2698 1548 suum
2741 1490 3034 1560 malignum
3059 1504 3290 1560 corpus,
3319 1488 3422 1545 hoc
3445 1498 3528 1546 est
3557 1488 3615 1544 in
3642 1503 3799 1545 suam

2210 1582 2542 1648 societatem,
2572 1581 2821 1638 terrendo
2847 1581 3075 1636 transire
3099 1588 3408 1652 coegerunt.

2283 1676 2374 1731 11.
2404 1675 2554 1750 [ocrs.
2576 1675 2657 1749 8.]
2687 1675 2926 1731 Meminit
2950 1690 3081 1730 sane
3099 1716 3115 1742 ,
3145 1675 3386 1745 quamvis
3414 1673 3521 1729 illis
3557 1688 3656 1745 pro
3680 1688 3800 1730 me-

2211 1767 2318 1822 rito
2346 1767 2596 1838 pessimae
2633 1767 2922 1834 voluntatis
2961 1782 3028 1822 ex
3068 1767 3146 1822 ira
3191 1766 3283 1821 Dei
3329 1765 3488 1836 digna
3525 1765 3802 1823 reddenda

2213 1859 2354 1926 sint,
2399 1875 2507 1915 non
2556 1868 2734 1916 tamen
2781 1874 2876 1915 eos
2913 1859 3113 1930 aliquid
3140 1859 3403 1915 adversus
3432 1859 3802 1918 hereditatem

2213 1953 2331 2024 ejus
2359 1953 2540 2009 valere
2565 1954 2822 2024 potuisse,
2854 1953 2957 2008 nisi
2983 1968 3100 2008 eam
3126 1953 3386 2008 voluisset
3412 1954 3527 2023 ipse
3554 1967 3651 2023 pro
3677 1968 3805 2023 pec-

2214 2044 2348 2100 catis
2369 2042 2486 2114 ejus
2515 2043 2834 2115 ﬁagellando
2863 2041 3173 2099 emendare.
3206 2041 3359 2098 Unde
3385 2042 3657 2113 subiungit
3679 2061 3695 2098 :
3721 2042 3812 2098 Ne

2214 2135 2498 2191 memineris
2526 2136 2851 2205 iniquitatum
2875 2144 3165 2189 nostrarum
3201 2135 3539 2203 antiquarum.
3567 2133 3688 2189 Non
3731 2135 3806 2190 ait

2215 2230 2610 2301 prteteritarum
2629 2270 2645 2295 ,
2674 2243 2792 2299 qua:
2821 2237 3041 2298 possent
3084 2240 3205 2283 esse
3241 2227 3400 2282 etiam
3444 2227 3804 2292 recentiores;

2217 2323 2312 2378 sed
2354 2321 2711 2392 antiquarum,
2761 2320 2863 2377 hoc
2888 2327 2973 2376 est
3013 2333 3044 2374 a
3094 2319 3406 2390 parentibus
3430 2318 3760 2374 venientium
3789 2335 3808 2373 :

2221 2413 2420 2470 talibus
2447 2413 2644 2484 quippe
2689 2411 3055 2484 iniquitatibus
3081 2411 3378 2477 damnatio,
3406 2424 3510 2465 non
3537 2411 3809 2480 correptio

2218 2503 2463 2561 debetur.
2494 2502 2606 2560 Cito
2641 2504 2914 2574 anticipent
2940 2518 3034 2557 nos
3057 2500 3422 2557 misericordia
3453 2509 3572 2554 ltus.
3599 2500 3809 2557 Διιιίσὶ-

2219 2606 2348 2669 pent
2371 2597 2554 2668 utique
2573 2595 2640 2652 ad
2660 2595 2916 2667 judicium
2943 2604 3090 2648 tuum
3115 2610 3130 2647 :
3157 2593 3519 2664 Superecoltat
3542 2592 3686 2648 enim
3707 2592 3810 2646 mi-

2221 2690 2497 2747 sericordia
2537 2691 2591 2743 in
2615 2689 2814 2760 judicio
2838 2689 2852 2719 ²
2876 2704 2890 2751 ;
2910 2686 3166 2757 judicium
3188 2694 3366 2740 autem
3396 2685 3504 2739 sine
3522 2685 3810 2739 misericor-

2222 2784 2331 2852 dia,
2360 2783 2454 2840 sed
2483 2783 2530 2837 ci
2555 2783 2643 2852 qui
2667 2799 2769 2837 non
2794 2781 2911 2853 fecit
2938 2779 3336 2834 misericordiam
3366 2777 3573 2848 (Jacobi
3598 2793 3657 2841 ιι,
3688 2777 3802 2845 15).

2223 2877 2376 2946 Quod
2393 2885 2570 2931 autem
2588 2874 2843 2945 adjungit,
2865 2872 3001 2940 Quia
3019 2887 3264 2944 pauperes
3289 2870 3411 2942 [acti
3434 2886 3606 2925 sumus
3633 2871 3809 2938 nimis,

2225 2970 2294 3026 ad
2325 2971 2427 3024 hoc
2456 2969 2567 3024 vult
2593 2968 2814 3039 intelligi
2835 2966 3129 3037 anticipare
3153 2979 3253 3021 nos
3273 2964 3670 3020 misericordias
3687 2965 3808 3032 Dei,

2223 3069 2286 3116 ut
2311 3071 2494 3116 nostra
2526 3067 2842 3129 paupertas,
2877 3057 3042 3120 idest
3067 3055 3383 3124 inﬁrmitas,
3417 3069 3486 3111 eo
3519 3056 3811 3111 miserante

2225 3150 2508 3222 adjuvetur
2533 3151 2602 3206 ad
2626 3151 2744 3221 ejus
2771 3159 3035 3221 praecepta
3060 3147 3304 3204 facienda
3324 3189 3340 3218 ,
3368 3163 3440 3204 ne
3463 3147 3532 3204 ad
3551 3147 3812 3218 judicium

2225 3242 2340 3312 ejus
2364 3241 2651 3297 damnandi
2676 3241 2972 3297 veniamus.

2298 3333 2386 3388 12.
2415 3332 2566 3407 [νοτε.
2590 3332 2673 3406 9.]
2703 3333 2828 3389 Ideo
2852 3332 3092 3403 sequitur
3115 3349 3129 3386 :
3153 3331 3356 3404 Adjuva
3378 3347 3492 3398 nos,
3516 3331 3654 3386 Deus
3669 3333 3814 3386 salu-

2228 3426 2351 3480 taris
2378 3435 2566 3481 noster.
2594 3425 2705 3480 Hoc
2732 3424 2895 3479 verbo
2915 3423 3057 3494 quod
3071 3423 3166 3490 ait,
3189 3423 3448 3480 Salutaris
3473 3433 3658 3488 noster,
3681 3423 3815 3479 satis

2227 3517 2452 3586 exponit
2493 3530 2652 3587 quam
2695 3514 2925 3570 voluerit
2969 3521 3338 3584 paupertatem
3389 3513 3608 3583 intelligi
3648 3514 3704 3568 in
3747 3528 3816 3570 eo

2227 3608 2370 3679 quod
2407 3608 2648 3674 dixerat,
2693 3606 2944 3675 Quonim
2985 3622 3228 3678 pauperes
3257 3606 3383 3678 facti
3413 3622 3586 3661 smnus
3621 3607 3773 3660 nimis
3793 3623 3816 3662 :

2230 3699 2344 3771 ipsa
2373 3709 2457 3755 est
2482 3698 2680 3770 quippe
2703 3697 2987 3753 inﬁrmitas
3009 3739 3026 3764 ,
3055 3698 3144 3754 cui
3173 3696 3430 3754 Salutaris
3453 3705 3539 3753 est
3564 3711 3818 3753 necessa-

2228 3791 2362 3847 rius.
2397 3790 2531 3847 Cum
2561 3804 2691 3845 vero
2732 3789 2972 3860 adjuvari
3017 3803 3117 3844 nos
3155 3789 3306 3854 vult,
3337 3803 3437 3845 nec
3465 3789 3704 3860 ingratus
3733 3797 3818 3843 est

2231 3884 2438 3956 gratiae,
2469 3896 2568 3937 nec
2596 3881 2733 3936 tollit
2761 3880 2990 3936 liberum
3017 3880 3298 3935 arbitrium
3328 3898 3342 3934 :
3371 3881 3461 3950 qui
3487 3880 3628 3934 enim
3658 3879 3816 3949 adju-

2231 3983 2409 4040 vatur,
2439 3973 2600 4028 etiam
2632 3987 2729 4042 per
2755 3970 2992 4042 seipsum
3017 3969 3216 4040 aliquid
3235 3970 3364 4040 agit.
3386 3969 3607 4024 Addidit
3628 3969 3812 4034 etiam,

2233 4062 2456 4135 Propter
2472 4062 2685 4134 gloriam
2711 4062 2929 4118 nominis
2952 4062 3044 4126 tui,
3073 4060 3310 4125 nomine,
3333 4060 3489 4118 libera
3515 4077 3628 4132 nos,
3642 4070 3702 4119 ut
3728 4065 3818 4135 qui

2232 4155 2513 4226 gloriatur,
2561 4168 2668 4210 non
2713 4155 2768 4210 in
2810 4156 3010 4226 seipso,
3050 4153 3148 4212 sed
3191 4153 3248 4214 in
3293 4159 3516 4213 Domino
3562 4159 3821 4229 glorietur

2234 4245 2282 4317 (ι
2303 4245 2423 4302 Cor.
2445 4261 2484 4313 ι,
2513 4245 2626 4317 51).
2652 4243 2720 4299 Et
2744 4245 2994 4316 propitius
3017 4253 3141 4314 esto,
3174 4249 3365 4318 inquit,
3393 4249 3611 4319 peccatis
3634 4250 3820 4303 nostris

2236 4347 2441 4407 propter
2459 4353 2640 4391 nomen
2661 4345 2806 4394 tuum
2827 4357 2846 4395 :
2867 4355 2972 4394 non
3000 4349 3214 4409 propter
3235 4354 3362 4406 nos;
3391 4353 3512 4394 nam
3527 4339 3653 4409 quid
3675 4339 3822 4395 aliud

2236 4439 2512 4500 merentur
2540 4442 2760 4500 peccata
2791 4442 2972 4489 nostra
2991 4473 3006 4497 ,
3033 4449 3194 4504 quam
3218 4431 3395 4488 debita
3423 4439 3479 4487 et
3503 4431 3662 4503 digna
3691 4447 3823 4502 sup-

2236 4523 2432 4596 plicia?
2452 4523 2546 4584 sed
2567 4526 2817 4597 propitius
2839 4535 2944 4580 esto
2971 4526 3186 4595 peccatis
3211 4525 3396 4580 nostris
3414 4533 3621 4596 propter
3641 4541 3825 4581 nomen

2237 4625 2402 4672 tuum.
2431 4617 2521 4673 Sic
2549 4631 2678 4687 ergo
2699 4631 2797 4671 nos
2826 4616 3042 4682 liberas,
3067 4615 3120 4671 id
3147 4625 3253 4684 est,
3280 4615 3427 4671 eruis
3443 4629 3476 4669 a
3498 4615 3679 4683 malis,
3702 4632 3823 4672 cum

2237 4716 2294 4766 et
2320 4708 2540 4778 adiuvas
2567 4722 2666 4762 nos
2691 4706 2760 4762 ad
2779 4705 3074 4762 faciendam
3098 4705 3378 4776 justitiam,
3403 4713 3459 4761 et
3478 4706 3744 4775 propitius
3765 4721 3826 4764 es

2239 4799 2473 4872 peccatis
2498 4797 2716 4864 nostris,
2744 4798 2864 4853 sine
2887 4797 3082 4868 quibus
3105 4797 3159 4852 in
3196 4797 3295 4852 hac
3320 4797 3427 4852 vita
3453 4811 3560 4852 non
3589 4811 3780 4854 sumus
3809 4815 3826 4854 :

2241 4889 2497 4957 Quoniam
2521 4906 2624 4945 non
2639 4887 3003 4962 justiﬁcabitur
3028 4887 3083 4941 in
3113 4895 3381 4956 conspectu
3419 4895 3508 4941 tuo
3547 4889 3718 4942 omnis
3748 4889 3831 4942 ci-

2236 4998 2356 5038 oens
2381 4981 2404 5054 (
2423 4980 2568 5037 Psal.
2597 4995 2772 5049 sxw,
2813 4975 2911 5051 2).
2939 4975 3214 5032 Peccatum
3261 4985 3438 5034 autem
3479 4978 3723 5049 iniquitas
3757 4989 3832 5035 est

2239 5075 2284 5147 (l
2307 5075 2464 5132 loan.
2492 5090 2569 5142 ut,
2593 5074 2654 5145 4)
2673 5090 2688 5140 ;
2710 5081 2767 5130 et
2789 5071 2834 5128 si
3165 5071 3517 5138 observaveris,
3542 5073 3657 5141 quis
3676 5074 3834 5127 susti-

2237 5167 2371 5224 nebit
2396 5166 2571 5239 (Psal.
2596 5179 2789 5231 cxxtx,
2821 5162 2920 5233 5)?

2309 5261 2400 5317 15.
2427 5257 2577 5334 [υεη.
2600 5254 2715 5330 10.]
2739 5254 2894 5325 Quod
2920 5263 3102 5311 autem
3136 5253 3396 5327 adjungit,
3427 5252 3722 5326 Nequando
3743 5256 3830 5309 di-

2237 5361 2356 5407 cant
2378 5351 2432 5404 in
2451 5347 2711 5412 Gentibus,
2741 5345 2841 5402 Ubi
2867 5356 2941 5400 est
2964 5345 3105 5400 Deus
3129 5361 3302 5400 eorum
3318 5345 3344 5399 7
3365 5345 3536 5416 magis
3559 5360 3660 5416 pro
3695 5345 3834 5416 ipsis

2238 5442 2498 5502 Gentibus
2523 5449 2608 5497 est
2629 5438 3021 5510 accipiendum.
3047 5437 3186 5494 Male
3208 5437 3352 5494 enim
3380 5446 3610 5508 pereunt
3640 5439 3732 5510 qui
3759 5439 3836 5494 de

2237 5537 2352 5592 Deo
2374 5548 2505 5589 vero
2529 5532 2932 5603 desperaverim
2953 5573 2970 5599 ,
2999 5539 3245 5602 putantes
3269 5545 3393 5586 eum
3419 5531 3507 5587 vel
3533 5547 3643 5586 non
3672 5547 3797 5589 esse
3813 5574 3834 5600 ,

2236 5627 2324 5684 vel
2367 5642 2493 5683 suos
2528 5640 2632 5681 non
2659 5624 2942 5694 adjuvare,
2971 5638 3073 5678 nec
3099 5622 3180 5678 eis
3207 5636 3328 5678 esse
3362 5621 3670 5693 propitium.
3693 5623 3836 5680 Illud

2236 5734 2366 5777 vero
2393 5717 2538 5790 quod
2566 5717 2824 5788 sequitur,
2854 5715 2918 5770 Et
2942 5716 3218 5769 innotescat
3253 5715 3306 5767 in
3344 5713 3628 5769 nationibus
3653 5730 3838 5769 coram

2237 5814 2398 5870 oculis
2437 5811 2621 5867 nostris
2662 5810 2883 5864 vindicta
2926 5807 3188 5880 sanguinis
3224 5823 3483 5863 servorum
3507 5817 3714 5864 tuorum
3737 5810 3837 5886 qui

2304 5930 2323 5963 ι
2355 5927 2522 5980 Plures
2542 5933 2668 5989 Mss,
3547 5919 3620 5991 in.
