4076 6472
290 456 423 517 1017

288 570 473 640 επαεω
499 577 591 635 est,
623 566 709 625 vel
737 567 815 624 sic
839 564 1172 639 intelligitur,
1198 578 1322 621 cum
1347 563 1571 619 credunt
1596 561 1648 616 in
1680 572 1864 616 verum

287 664 472 728 Deum,
503 662 595 733 qui
617 660 1074 732 persequebantur
1097 659 1212 730 ejus
1242 658 1638 722 hmreditatem;
1668 657 1787 727 quia
1809 663 1864 711 et

286 758 398 827 Ipsa
441 756 669 811 vindicta
712 763 795 811 est
818 795 833 820 ,
863 770 964 826 qua
996 755 1277 827 perimitur
1305 769 1443 810 saeva
1477 754 1724 825 iniquitas
1764 767 1859 809 eo-

286 865 402 907 rum
428 848 602 919 gladio
627 849 774 904 verbi
801 849 916 916 Dei,
944 849 1012 905 de
1040 864 1146 920 quo
1174 849 1375 904 dictum
1424 858 1542 915 est,
1588 848 1861 920 Accingere

286 941 509 1011 gladium
538 949 679 994 tuum
702 938 874 1008 (Psal.
898 956 1039 1005 xuv,
1069 941 1163 1012 4);
1196 941 1281 996 vel
1308 956 1427 995 cum
1460 950 1861 1010 perseverantes

288 1030 487 1087 inimici
521 1032 570 1085 in
603 1030 707 1087 fine
737 1032 1049 1102 puniuntur.
1073 1031 1205 1087 Nam
1250 1032 1387 1086 mala
1417 1032 1710 1102 corporalia
1740 1048 1861 1103 qua:

285 1123 335 1175 in
370 1122 471 1177 hoc
498 1122 695 1177 saecqu
740 1124 1033 1193 patiuntur,
1058 1125 1361 1179 communia
1407 1133 1628 1194 possunt
1666 1124 1861 1181 habere

282 1227 403 1268 cum
436 1213 607 1267 bonis.
632 1213 730 1268 Est
751 1222 805 1269 et
829 1214 975 1270 aliud
995 1214 1242 1271 vindictae
1265 1231 1452 1295 genus,
1477 1232 1583 1286 quo
1606 1216 1857 1272 Ecclesia“:

282 1302 645 1364 dilatationth
668 1314 721 1359 et
746 1306 1121 1362 fecunditatem
1142 1307 1196 1361 in
1228 1307 1329 1362 hoc
1351 1308 1569 1375 saeculo,
1598 1318 1719 1378 post
1741 1321 1859 1364 tan-

279 1401 361 1447 tas
384 1396 779 1463 persecutiones
801 1396 989 1466 quibus
1013 1412 1129 1453 eam
1152 1398 1371 1454 omnino
1396 1400 1682 1469 perituram
1707 1409 1860 1471 puta-

278 1485 426 1554 bant,
458 1497 724 1557 peecator,
742 1497 797 1545 et
821 1490 1147 1557 incredulus,
1168 1501 1223 1547 et
1250 1492 1493 1549 inimicus
1509 1492 1651 1549 videt
1674 1502 1728 1549 et
1755 1494 1858 1549 ira-

277 1580 464 1646 scitur,
483 1581 728 1637 dentibus
748 1584 860 1639 suis
876 1584 1083 1640 frendet
1103 1592 1157 1641 et
1180 1587 1416 1642 tabescet
1435 1587 1721 1657 (Psal.cxt,
1741 1590 1856 1661 l0):

276 1673 398 1743 quis
439 1675 580 1729 enim
628 1692 824 1747 negare
867 1679 1061 1734 audeat
1104 1679 1241 1735 hanc
1272 1680 1432 1735 etiam
1461 1696 1580 1737 esse
1607 1683 1858 1754 gravissi-

278 1780 418 1820 mam
444 1768 699 1836 poenam?
728 1768 833 1824 Sed
861 1771 1043 1826 nescio
1066 1782 1243 1828 utrum
1273 1774 1402 1828 satis
1426 1774 1696 1845 eleganter
1714 1777 1856 1833 acci-

275 1859 451 1929 piatur
466 1861 607 1930 quod
630 1862 724 1929 ait,
747 1872 865 1917 ante
884 1865 1055 1919 oculos
1070 1875 1286 1933 nostros,
1309 1867 1353 1922 si
1375 1867 1477 1923 hoc
1499 1884 1669 1938 pinnae
1688 1885 1859 1941 genus

274 1951 634 2021 intelligamus
660 1954 801 2024 quod
827 1954 880 2009 in
910 1956 1112 2011 intimis
1135 1958 1312 2013 cordis
1337 1959 1534 2029 agitur,
1561 1969 1615 2015 et
1644 1968 1857 2033 torquet

274 2044 435 2098 etiam
464 2043 583 2099 illos
606 2046 695 2115 qui
721 2046 878 2102 nobis
902 2048 1182 2104 adulanter
1203 2050 1482 2118 arrident,
1515 2066 1616 2107 nec
1642 2067 1670 2105 a
1702 2052 1856 2109 nobis

273 2134 441 2190 videri
468 2144 644 2205 potest
662 2137 787 2206 quid
813 2138 863 2192 in
890 2138 1109 2194 homine
1134 2140 1385 2196 interiore
1410 2142 1699 2212 patiantur.
1723 2143 1855 2200 Illud

272 2235 451 2282 autem
479 2228 619 2298 quod
645 2229 758 2284 sire
787 2231 865 2285 eis
890 2231 1235 2288 credentibus
1260 2234 1511 2305 iniquitas
1539 2251 1725 2292 eorum
1766 2238 1853 2293 in-

272 2321 565 2388 terimitur,
597 2324 709 2379 sive
731 2324 783 2378 in
812 2325 1140 2397 malignitate
1168 2330 1630 2397 perseverantibus
1655 2333 1856 2403 suppli-

269 2412 413 2468 cium
440 2414 791 2470 novissimum
822 2416 1085 2483 redditur,
1108 2419 1227 2475 sine
1251 2422 1504 2493 scrupulo
1538 2424 1853 2493 quaestionis

269 2502 585 2575 intelligitur
612 2505 833 2573 dictum,
866 2507 1158 2564 lnnotescat
1176 2520 1296 2565 ante
1323 2513 1499 2567 oculos
1522 2524 1720 2568 nostros
1744 2516 1855 2569 vin-

268 2595 411 2649 dicta
434 2596 487 2649 in
512 2596 814 2651 nationibus.

341 2689 429 2743 M.
471 2688 538 2743 Et
564 2688 678 2743 lucc
704 2689 941 2759 quidem,
984 2699 1042 2746 ut
1086 2690 1338 2759 diximus,
1382 2694 1720 2765 prophetatio
1744 2704 1850 2765 est,

266 2794 373 2835 non
420 2780 621 2851 optatio
654 2798 667 2834 :
697 2782 791 2836 sed
815 2791 1035 2854 propter
1072 2784 1199 2839 illud
1235 2785 1378 2855 quod
1404 2787 1664 2857 scriptum
1692 2796 1775 2843 est
1798 2789 1854 2845 in

266 2873 610 2943 Apocalypsi,
644 2874 743 2929 sub
770 2890 859 2929 ara
890 2875 985 2931 Dei
1011 2885 1277 2950 martyres
1315 2878 1382 2933 ad
1422 2879 1588 2935 Deum
1618 2880 1853 2944 clamare

265 2973 320 3018 et
346 2964 546 3029 dicere,
574 2966 858 3039 Quousque,
884 2968 1122 3036 Domine,
1150 2988 1253 3026 non
1272 2973 1289 3005 ¹
1310 2973 1533 3029 vindicas
1555 2977 1854 3047 sanguinem

265 3064 497 3111 nostrum
524 3055 722 3131 (Apoc.
769 3076 824 3116 vr
845 3103 857 3126 ,
890 3061 958 3127 9,
991 3064 1060 3120 10
1080 3064 1138 3135 )?
1163 3080 1269 3121 non
1310 3074 1394 3122 est
1422 3069 1850 3137 praetereundum

264 3148 715 3219 quemadmodum
764 3153 931 3224 accipi
966 3164 1247 3226 oporteat;
1282 3175 1350 3214 ne
1387 3169 1607 3230 propter
1633 3170 1850 3216 exsatu-

264 3242 492 3298 randum
513 3243 693 3299 odium
718 3246 1007 3302 credantur
1024 3250 1196 3304 sancti
1225 3249 1848 3319 desiderareviudictam,

264 3335 410 3406 quod
461 3336 530 3392 ab
565 3352 751 3393 eorum
797 3340 1123 3409 perfectione
1168 3343 1326 3415 longe
1369 3345 1543 3400 abest.
1576 3347 1644 3401 Et
1671 3356 1847 3403 tamen

262 3428 522 3497 scriptum
552 3437 652 3496 est,
687 3448 706 3482 ι
732 3426 1024 3489 Laetabitur
1058 3434 1256 3503 justus,
1287 3450 1411 3491 cum
1436 3436 1630 3492 viderit
1674 3438 1848 3493 vindi-

262 3528 407 3576 ctam
434 3519 751 3591 impiorum;
783 3539 973 3580 manus
998 3540 1122 3583 suas
1141 3527 1338 3583 Iavabit
1362 3529 1415 3584 in
1445 3531 1703 3600 sanguine
1717 3546 1848 3603 pec-

261 3614 465 3668 catoris
498 3632 516 3666 ι
550 3613 736 3685 (Psal.
770 3633 894 3685 ινιι,
925 3620 983 3674 ll
1014 3619 1033 3683 )
1083 3638 1095 3673 :
1144 3630 1197 3676 et
1225 3623 1515 3691 Apostolus
1552 3624 1643 3690 ait,
1679 3643 1697 3676 ι
1731 3625 1849 3681 Non

262 3718 362 3760 vos
383 3705 526 3770 ipsos
554 3706 901 3773 vindicantes,
925 3710 1243 3778 charissimi,
1270 3713 1366 3769 sed
1388 3714 1511 3770 date
1531 3716 1704 3770 locum
1734 3718 1846 3783 iraa;

262 3796 524 3867 scriptum
546 3808 627 3853 est
647 3800 812 3867 enim,
846 3801 969 3856 Mihi
999 3802 1311 3868 vindictam,
1332 3814 1386 3860 et
1411 3821 1510 3877 rgo
1534 3808 1846 3876 retribuam,

262 3887 396 3944 dicit
426 3888 681 3945 Dominus
719 3911 738 3944 ι
775 3892 950 3963 (Rom.
978 3910 1076 3962 xu,
1101 3893 1212 3967 l9).
1240 3896 1349 3952 Nec
1377 3899 1491 3969 ipse
1521 3899 1696 3969 itaque
1722 3915 1851 3970 prmo

262 3980 397 4053 cipit
422 3990 479 4036 ut
507 3984 675 4039 nolint
694 3984 969 4051 vindicari,
1001 3986 1096 4041 sed
1122 3997 1177 4042 ut
1204 4003 1308 4043 non
1353 4004 1412 4044 se
1440 3988 1538 4060 ipsi
1572 3990 1849 4046 vindican-

262 4081 346 4129 tes
377 4073 507 4129 dent
531 4075 699 4128 locum
725 4077 816 4131 ine
857 4077 951 4133 Dei
994 4079 1083 4148 qui
1128 4078 1286 4147 dixit,
1332 4079 1464 4135 Mihi
1488 4082 1781 4148 vindictam,
1804 4092 1851 4137 et

262 4179 357 4235 ego
385 4165 679 4237 retribuam.
710 4166 777 4219 Et
806 4168 1069 4222 Dominus
1098 4170 1150 4222 in
1175 4169 1464 4240 Evangelia
1491 4171 1700 4226 viduam
1729 4187 1852 4241 pro-

264 4256 422 4326 ponit
442 4256 493 4310 in
520 4256 942 4325 similitudinem,
966 4274 1085 4328 qua:
1114 4260 1369 4315 vindicari
1399 4262 1734 4327 desiderans,
1760 4265 1849 4333 ju-

261 4351 439 4408 dicem
484 4350 855 4421 interpellabat
901 4351 1155 4421 injustam
1178 4392 1192 4417 ,
1219 4353 1309 4424 qui
1356 4366 1472 4409 eam
1510 4356 1722 4409 tandem
1748 4356 1850 4410 ali-

262 4442 482 4513 quando
522 4457 626 4497 non
668 4442 873 4514 justitia
903 4444 1116 4511 ductus,
1148 4445 1241 4501 sed
1272 4446 1427 4501 taedio
1455 4448 1628 4503 victus
1653 4448 1854 4505 audivit

263 4534 283 4605 (
316 4533 444 4587 Luc.
467 4548 618 4597 xvut,
648 4533 742 4590 3-5
767 4531 789 4607 )
822 4552 836 4589 :
866 4534 969 4591 hoc
993 4544 1172 4592 autem
1202 4538 1453 4593 Dominus
1477 4541 1772 4609 proposuit,
1795 4550 1854 4597 ut

262 4624 579 4681 ostenderet
609 4627 777 4682 multo
800 4627 966 4697 magis
1012 4626 1177 4682 Deum
1216 4628 1416 4697 juStum
1457 4631 1565 4685 cito
1590 4630 1849 4686 facturum

260 4718 523 4791 judicium
564 4719 853 4775 electorum
881 4735 1120 4786 suorum,
1142 4722 1232 4792 qui
1260 4722 1328 4777 ad
1363 4738 1485 4779 eum
1510 4724 1741 4779 clamant
1766 4725 1853 4780 die

262 4823 330 4865 ac
357 4818 534 4864 nocte.
560 4810 689 4865 Inde
708 4818 789 4865 est
831 4820 887 4866 et
928 4811 1015 4866 ille
1040 4812 1141 4866 sub
1176 4827 1266 4867 ara
1289 4813 1381 4868 Dei
1420 4821 1711 4885 martyrum
1739 4816 1853 4871 cla-

264 4916 410 4967 mor,
434 4911 492 4955 ut
520 4902 615 4957 Dei
652 4902 857 4973 judicio
879 4902 1231 4959 vindicentur.
1281 4902 1383 4960 Ubi
1424 4914 1507 4961 est
1544 4922 1672 4977 ergo
1699 4908 1850 4975 illud,

269 5010 290 5045 ε
334 4992 544 5062 Diligite
594 4992 838 5047 inimicos
884 5001 1113 5061 vestros,
1162 4995 1457 5051 benefacite
1508 4997 1586 5051 eis
1630 4999 1719 5068 qui
1758 5014 1854 5054 vos

261 5084 516 5149 oderunt,
534 5091 589 5139 et
603 5094 751 5139 orate
766 5098 864 5155 pro
877 5086 957 5140 eis
971 5086 1058 5157 qui
1075 5101 1170 5142 vos
1184 5098 1571 5157 persequuntur
1597 5108 1617 5141 ι
1640 5090 1853 5161 (Matth.

264 5191 325 5244 ν,
346 5173 482 5247 44)⁴ῐ
512 5173 598 5227 ubi
638 5184 721 5229 est
748 5185 804 5230 et
837 5177 990 5243 illud,
1021 5197 1041 5231 ι
1076 5178 1192 5234 Non
1224 5180 1515 5237 reddentes
1534 5183 1730 5237 malum
1759 5199 1855 5254 pro

263 5267 433 5333 malo,
464 5280 563 5321 nec
590 5265 929 5322 maledictum
977 5284 1073 5338 pro
1120 5270 1405 5327 maledicto
1443 5291 1461 5325 ι
1495 5272 1515 5345 (
1543 5273 1563 5327 1
1596 5272 1739 5329 Petr.
1771 5291 1852 5343 Ill,

211 5377 215 5381 δ
264 5359 299 5414 9
330 5358 349 5429 )
379 5374 394 5423 ;
432 5366 505 5423 et,
543 5374 563 5408 ι
597 5356 740 5412 Nulli
765 5359 962 5412 malum
992 5374 1091 5428 pro
1111 5363 1250 5418 malo
1278 5364 1563 5420 reddentes
1597 5384 1617 5417 ι
1649 5364 1670 5439 (
1699 5365 1851 5421 Rom.

263 5464 365 5513 xu,
400 5447 533 5518 l7)?
557 5445 612 5500 Si
639 5448 780 5502 enim
807 5448 1006 5502 malum
1037 5465 1135 5520 pro
1167 5453 1307 5507 malo
1353 5470 1458 5509 non
1503 5464 1586 5511 est
1607 5456 1856 5527 cuiquam

261 5540 631 5606 reddendum;
686 5555 793 5596 non
844 5541 1016 5595 solum
1069 5541 1265 5598 factum
1319 5546 1517 5603 malum
1574 5564 1671 5619 pro
1719 5532 1891 5606 facto!

263 5634 412 5692 malo
432 5675 448 5700 ,
496 5633 589 5689 sed
618 5649 717 5690 nec
743 5643 926 5688 votum
958 5634 1157 5691 malum
1182 5636 1511 5693 reddendum
1544 5649 1626 5695 est
1651 5656 1748 5712 pro
1777 5641 1855 5697 fa-

265 5734 358 5783 cto
383 5725 467 5783 vel
492 5734 617 5782 voto
642 5726 803 5781 malo.
840 5726 1035 5782 Reddit
1076 5737 1254 5783 autem
1298 5738 1481 5786 votum
1514 5733 1737 5801 malum,
1765 5735 1853 5804 qui

333 5923 355 5957 ⁸
390 5922 578 5987 Aliquot
592 5929 718 5985 Mss,
742 5923 1106 5987 nonjudwaset

1346 447 1741 507 ENARRATIO
1780 444 1845 501 IN
1883 444 2203 504 PSALMUM
2238 448 2519 508 LXXVIII.

3415 462 3555 521 1018

1971 560 2180 616 etiamsi
2210 578 2315 618 non
2347 565 2461 634 ipse
2498 564 2769 635 vindicat,
2806 576 2984 627 tamen
3030 579 3091 627 ut
3131 570 3247 644 ejus
3276 573 3553 632 inimicum

1968 654 2108 711 Deus
2131 657 2333 726 puniat,
2378 666 2651 729 exspectat
2675 669 2835 732 atque
2874 672 3041 733 optat.
3063 664 3399 737 Quapropter
3422 682 3549 723 cum

1970 754 2025 803 et
2052 748 2210 802 homo
2224 749 2399 820 justus
2419 759 2474 805 et
2499 752 2658 807 homo
2685 753 2855 809 malus
2883 753 2951 810 de
2981 755 3209 813 inimicis
3238 759 3349 813 suis
3380 759 3547 816 velint

1968 856 1997 895 a
2026 841 2254 897 Domino
2277 843 2551 911 vindicari,
2581 846 2721 901 unde
2747 846 3117 904 discernentur
3136 892 3151 915 ,
3180 850 3282 906 nisi
3308 850 3429 921 quia
3454 851 3535 921 ju.

1968 943 2081 992 stus
2110 946 2165 993 et
2192 939 2359 1008 magis
2386 939 2531 1009 cupit
2557 940 2828 996 inimicum
2856 955 3009 997 suum
3040 944 3233 1013 corrigi
3261 960 3417 1015 quam
3443 960 3544 1014 ρυ-

1969 1030 2069 1085 niri
2094 1047 2110 1097 ;
2140 1039 2342 1087 etcum
2372 1034 2424 1086 In
2466 1047 2586 1087 eum
2624 1033 2767 1089 videt
2803 1050 2831 1088 a
2873 1035 3100 1090 Domino
3135 1032 3412 1104 vindicari,
3442 1052 3549 1093 non

1966 1122 2084 1193 ejus
2111 1122 2405 1179 delectatur
2424 1138 2604 1195 parua,
2632 1126 2752 1196 quia
2796 1142 2905 1181 non
2946 1143 3069 1182 eum
3095 1127 3227 1193 odit,
3256 1128 3348 1183 sed
3371 1128 3549 1184 divina

1961 1212 2190 1283 justitia,
2217 1214 2339 1284 quia
2381 1214 2547 1271 Deum
2582 1215 2789 1286 diligit?
2814 1216 3053 1288 Denique
3077 1218 3122 1272 si
3150 1218 3203 1272 in
3226 1217 3330 1273 hoc
3354 1219 3551 1276 saecqu

1966 1306 2018 1361 in
2046 1322 2166 1363 eum
2186 1307 2501 1376 vindicatur,
2532 1310 2613 1365 vel
2646 1324 2744 1380 pro
2773 1310 2864 1365 illo
2890 1310 3049 1366 etiam
3076 1311 3287 1367 Iretatur
3308 1353 3324 1379 ,
3354 1313 3397 1367 si
3421 1328 3546 1367 cor-

1965 1399 2186 1471 rigitur;
2217 1400 2299 1455 vel
2347 1410 2493 1457 certe
2517 1417 2615 1472 pro
2643 1402 2792 1467 aliis,
2824 1412 2883 1457 ut
2917 1419 3039 1459 eum
3070 1403 3290 1459 timeant
3330 1404 3546 1459 imitari.

1966 1490 2083 1561 Ipse
2112 1507 2321 1564 quoque
2351 1493 2408 1548 lit
2448 1494 2657 1560 melior,
2690 1509 2795 1549 non
2827 1495 3085 1566 supplicio
3108 1496 3251 1550 illius
3287 1496 3407 1551 odia
3452 1510 3549 1551 sua

1965 1584 2229 1654 pascendo
2249 1626 2263 1650 ,
2292 1584 2387 1640 sed
2412 1594 2587 1640 errata
2612 1585 2964 1642 emendando.
2995 1588 3075 1643 Ac
3091 1602 3189 1659 per
3212 1585 3318 1642 hoc
3341 1586 3408 1642 de
3451 1586 3549 1641 bc-

1963 1677 2284 1743 nevolentia,
2319 1693 2422 1732 non
2459 1678 2525 1733 de
2561 1679 2759 1734 malitia
2801 1688 2883 1734 est
2930 1678 3069 1749 quod
3112 1678 3323 1734 laetatur
3350 1678 3545 1748 justus,

1962 1784 2082 1824 cum
2132 1769 2273 1825 videt
2305 1770 2608 1837 vindictam,
2640 1781 2694 1826 et
2730 1786 2918 1825 manus
2969 1786 3093 1827 suas
3144 1770 3304 1837 lavat,
3350 1770 3404 1825 id
3441 1779 3545 1839 est,

1962 1877 2122 1934 opera
2151 1863 2427 1919 mundiora
2456 1863 2620 1921 efficit
2648 1864 2700 1919 in
2730 1865 2988 1936 sanguine
3007 1906 3022 1930 ,
3064 1863 3166 1920 hoc
3193 1872 3277 1920 cst
3303 1864 3354 1920 in
3382 1863 3547 1920 exitio

1960 1954 2287 2025 peccatoris;
2319 1970 2535 2011 sumens
2586 1955 2710 2012 inde
2756 1971 2860 2011 non
2908 1956 3034 2011 mali
3064 1956 3227 2012 alieni
3269 1954 3544 2027 gaudium,

1962 2048 2056 2104 sed
2084 2049 2276 2103 divina:
2306 2050 2685 2105 admonitionis
2723 2050 3046 2120 exemplum.
3084 2049 3137 2106 Si
3166 2058 3342 2104 autem
3378 2048 3431 2103 in
3462 2047 3544 2103 l'u-

1963 2150 2081 2197 turo
2126 2141 2345 2208 saeculo,
2387 2142 2574 2197 ultimo
2620 2141 2715 2197 Dei
2752 2142 2955 2213 judicio
2981 2142 3299 2208 vindicatur,
3357 2140 3463 2195 hoc
3494 2139 3546 2196 ei

1960 2232 2136 2303 placet
2162 2233 2302 2304 quod
2326 2234 2473 2299 Deo;
2506 2249 2574 2289 ne
2600 2233 2737 2290 bene
2766 2234 2834 2289 sit
2863 2234 3042 2300 malis,
3080 2250 3147 2290 ne
3171 2235 3377 2305 piorum
3403 2248 3544 2305 prae-

1958 2327 2082 2382 miis
2107 2326 2269 2381 etiam
2294 2326 2439 2395 impii
2463 2326 2809 2396 perfruantur
2840 2344 2854 2381 :
2881 2328 3023 2397 quod
3068 2328 3249 2397 utique
3292 2327 3545 2397 injustum

1959 2428 2061 2486 est,
2091 2429 2145 2475 et
2169 2435 2199 2474 a
2220 2421 2399 2490 regula
2424 2420 2679 2483 veritatis,
2704 2434 2863 2490 quam
2885 2420 3060 2490 justus
3076 2420 3262 2490 diligit,
3291 2420 3543 2474 alienum.

1959 2512 2091 2566 Cum
2117 2512 2259 2565 enim
2289 2526 2387 2566 nos
2429 2511 2495 2565 ad
2529 2511 2825 2580 diligendos
2870 2512 3114 2567 inimicos
3140 2511 3398 2565 Dominus
3423 2509 3548 2565 bor-

1958 2611 2182 2671 taretur,
2210 2604 2510 2672 exemplum
2539 2603 2813 2674 proposuit
2840 2602 3011 2657 Patris
3033 2602 3202 2656 nostri
3230 2602 3317 2671 qui
3344 2603 3397 2655 in
3431 2616 3545 2657 ete-

1958 2697 2025 2751 lis
2049 2704 2150 2763 est,
2174 2698 2260 2778 qui
2281 2698 2404 2767 facit
2426 2696 2583 2750 solem
2607 2713 2755 2750 suum
2783 2696 2907 2749 oriri
2931 2713 3082 2765 super
3108 2696 3263 2750 bonos
3292 2707 3338 2750 et
3360 2696 3542 2760 malos,

1957 2798 2004 2842 et
2033 2789 2161 2857 pluit
2188 2804 2339 2857 super
2359 2790 2527 2858 justas
2547 2796 2593 2841 et
2618 2787 2834 2855 injustas
2865 2786 3091 2857 (Matth.
3124 2803 3177 2853 ν,
3207 2788 3276 2842 45
3305 2786 3359 2857 );
3394 2802 3547 2842 num-

1956 2879 2082 2950 quid
2111 2888 2285 2933 tameu
2317 2878 2438 2932 ideo
2465 2877 2549 2932 vel
2577 2875 2959 2948 temporalibus
2987 2876 3411 2946 correptionibus
3438 2890 3541 2930 non

1957 2971 2223 3035 emendat,
2254 2970 2334 3026 vel
2356 2970 2697 3040 pertinaciter
2724 2968 2887 3023 duros
2937 2968 2991 3023 in
3020 2968 3126 3023 line
3152 2983 3258 3023 non
3289 2965 3546 3022 damnat?

1956 3063 2046 3119 Sic
2073 3078 2201 3134 ergo
2241 3063 2487 3118 inimicus
2511 3062 2778 3132 diligatur,
2808 3070 2867 3117 ut
2892 3076 2999 3116 non
3024 3060 3303 3130 displiceat
3332 3060 3543 3116 Domini

1950 3158 2154 3227 justitia
2174 3172 2275 3227 qua
2294 3157 2542 3226 punitur;
2570 3155 2711 3211 etsic
2735 3155 2941 3225 placeat
2958 3154 3161 3223 justitia
3180 3169 3282 3224 qua
3305 3154 3540 3224 punitur,

1955 3261 2013 3306 ut
2028 3266 2131 3305 non
2147 3250 2213 3306 de
2225 3251 2362 3305 malo
2379 3248 2617 3320 ejus,sed
2633 3248 2700 3304 dc
2722 3248 2858 3304 bono
2867 3248 3045 3318 judice
3057 3247 3368 3318 gaudeatur.
3382 3246 3543 3303 Male-

1955 3342 2105 3397 volus
2119 3357 2245 3397 vero
2270 3344 2478 3396 animus
2507 3341 2869 3408 contristatur,
2892 3341 2936 3396 si
2957 3341 3071 3410 ejus
3088 3340 3336 3394 inimicus
3359 3354 3543 3396 corre-

1953 3444 2071 3490 ctus
2083 3433 2309 3489 evaserit
2326 3448 2534 3503 pcenam
2552 3450 2565 3486 :
2579 3441 2633 3487 et
2647 3448 2768 3487 cum
2787 3433 2959 3502 puniri
2972 3448 3093 3487 eum
3110 3432 3271 3494 videt,
3286 3432 3541 3487 vindicari

1953 3539 2014 3581 se
2038 3526 2109 3580 ita
2136 3525 2369 3594 gaudet,
2400 3532 2588 3579 utnon
2626 3524 2831 3593 justitia
2876 3524 2967 3579 Dei
3014 3539 3171 3594 quem
3213 3539 3318 3578 non
3348 3523 3538 3594 diligit,

1953 3617 2048 3673 sed
2070 3617 2212 3673 illius
2238 3632 2395 3688 quem
2423 3616 2569 3682 odit,
2599 3616 2809 3671 miseria
2840 3615 3132 3671 delectetur
3159 3633 3172 3669 :
3202 3624 3397 3670 etcum
3432 3614 3542 3668 Deo

1953 3710 2170 3766 dimittit
2196 3710 2473 3780 judicium,
2502 3718 2559 3765 ut
2584 3710 2701 3778 plus
2730 3716 2920 3763 noceat
2954 3709 3093 3763 Deus
3117 3723 3271 3779 quam
3304 3709 3417 3777 ipse
3442 3721 3542 3761 no-

1954 3817 2080 3859 cere
2108 3811 2289 3873 posset
2311 3812 2528 3873 exoptat
2559 3819 2572 3856 :
2599 3812 2653 3856 et
2688 3817 2808 3856 cum
2836 3800 2928 3857 dat
2954 3801 3131 3856 cibum
3163 3800 3377 3855 inimico
3419 3815 3543 3855 esu-

1953 3896 2134 3963 rienti,
2164 3904 2455 3966 potumque
2480 3895 2697 3962 sitienti,
2724 3895 2987 3950 malitiose
3030 3894 3169 3965 sapit
3221 3892 3359 3963 quod
3404 3891 3541 3948 scri-

1954 3998 2103 4060 ptum
2150 3996 2269 4056 est,
2310 3987 2423 4043 Hoc
2479 3989 2610 4043 enim
2635 3988 2824 4057 faciens
2873 3987 3112 4041 carbones
3148 3986 3278 4057 ignis
3307 4001 3542 4057 congeret

1955 4095 2107 4149 super
2134 4086 2284 4149 caput
2305 4080 2434 4149 ejus.
2461 4079 2585 4147 Agit
2611 4079 2752 4132 enim
2778 4086 2835 4131 ut
2860 4077 3087 4146 amplius
3120 4084 3385 4145 aggravet,
3415 4084 3469 4128 et
3490 4075 3540 4129 ei

1956 4170 2151 4225 excitet
2176 4168 2592 4237 indignationem
2622 4168 2736 4233 Dei,
2768 4182 2924 4237 quam
2950 4166 3269 4221 carbonibus
3296 4164 3432 4236 ignis
3460 4165 3537 4219 si-

1955 4260 2191 4332 gnificari
2217 4268 2400 4330 putat;
2434 4273 2537 4313 nou
2564 4258 2867 4327 intelligens
2897 4258 3044 4313 illum
3072 4257 3247 4328 ignem
3276 4272 3395 4313 esse
3424 4271 3542 4327 pte-

1958 4353 2195 4409 nitentize
2221 4361 2468 4408 urentem
2493 4351 2732 4407 dolorem
2755 4352 2795 4421 ί,
2817 4364 3095 4422 quousque
3121 4358 3279 4420 caput
3303 4358 3543 4405 erectum

1957 4445 2227 4515 superbia,
2259 4444 2532 4500 beneﬁciis
2556 4442 2757 4498 inimici
2785 4442 2851 4496 ad
2875 4441 3225 4497 humilitatem
3274 4440 3543 4495 salubrem

1955 4537 2272 4607 deponitur,
2310 4543 2366 4591 et
2394 4536 2445 4589 in
2490 4533 2630 4590 bono
2680 4532 2818 4589 illius
2862 4532 3018 4602 hujus
3057 4532 3253 4586 malum
3292 4530 3541 4585 vincitur.
3626 4534 3629 4537 '

1956 4627 2110 4683 Unde
2126 4625 2415 4696 Apostolus
2443 4623 2725 4696 vigilanter
2752 4623 3014 4693 adjunxit,
3036 4620 3162 4676 Noli
3182 4621 3310 4675 uinci
3329 4638 3361 4674 a
3385 4622 3538 4688 malo,

1957 4721 2045 4774 sed
2073 4718 2213 4773 vince
2236 4718 2290 4772 in
2315 4718 2444 4771 bona
2463 4716 2657 4770 malum
2685 4714 2861 4780 (Rom.
2888 4730 2985 4781 xu,
3007 4714 3097 4777 20,
3128 4713 3241 4783 2i).
3268 4712 3544 4780 Quomodo

1958 4822 2135 4866 autem
2186 4819 2361 4880 potest
2400 4809 2615 4864 vincere
2658 4810 2712 4862 in
2751 4807 2892 4863 bono
2922 4807 3119 4861 malum
3162 4805 3215 4859 in
3263 4804 3545 4875 superficie

1960 4903 2151 4968 bonus,
2183 4910 2239 4956 et
2261 4902 2316 4957 in
2352 4901 2461 4956 alto
2489 4903 2509 4933 '
2532 4900 2738 4965 malus;
2767 4900 2855 4970 qui
2885 4914 3047 4970 opere
3076 4898 3264 4968 parcit,
3302 4905 3357 4951 et
3386 4895 3546 4951 corde

1960 4996 2145 5061 saevit;
2179 5010 2340 5050 manu
2370 4995 2534 5060 mitis,
2558 4995 2827 5048 voluntate
2855 4992 3119 5047 crudelis?
3148 4990 3237 5046 Sic
3259 5004 3385 5058 ergo
3420 5003 3545 5057 spe-

1960 5090 2041 5145 cie
2066 5088 2334 5158 posceutis
2376 5090 2427 5143 in
2458 5088 2562 5143 hoc
2590 5086 2796 5158 psalmo
2819 5085 2993 5140 futura
3020 5086 3071 5139 in
3098 5085 3287 5153 impios
3316 5082 3546 5137 vindicta

1961 5180 2327 5251 prophetatur,
2383 5189 2441 5236 ut
2489 5179 2845 5249 intelligamus
2895 5186 3106 5233 sanctos
3161 5175 3404 5230 homines
3452 5174 3546 5228 Dei

1961 5287 2089 5328 suos
2140 5272 2387 5330 inimicos
2413 5271 2686 5339 dilexisse,
2731 5286 2831 5327 nec
2873 5273 3117 5341 cuiquam
3163 5269 3396 5323 voluisse
3447 5267 3547 5321 nisi

1962 5366 2183 5433 bonum,
2210 5363 2352 5436 quod
2394 5374 2476 5420 est
2519 5364 2684 5434 pietas
2714 5364 2768 5418 iu
2812 5362 2914 5417 hoc
2950 5361 3169 5428 sacello,
3201 5359 3467 5415 aeternitas
3497 5359 3546 5413 in

1963 5459 2143 5513 futuro
2176 5475 2187 5511 :
2220 5458 2273 5511 in
2302 5457 2476 5527 poenis
2496 5465 2672 5513 autem
2705 5456 2983 5520 malorum,
3017 5468 3122 5507 non
3155 5451 3305 5506 malis
3335 5466 3542 5514 eorum,

1963 5551 2056 5606 sed
2088 5550 2184 5606 Dei
2206 5550 2361 5606 bouis
2384 5550 2595 5621 judiciis
2621 5550 2783 5605 fuisse
2811 5548 3127 5611 delectatos;
3149 5554 3203 5602 et
3231 5544 3548 5614 ubicumque

1964 5645 2016 5700 in
2035 5644 2325 5714 Scripturis
2346 5644 2544 5699 sanctis
2562 5645 2809 5713 leguntur
2833 5642 2886 5697 in
2914 5641 3157 5695 homines
3193 5637 3312 5693 odia
3338 5651 3546 5701 eorum,

1964 5734 2085 5792 odia
2114 5734 2277 5791 fuisse
2305 5735 2573 5801 vitiorum,
2600 5750 2719 5805 quae
2737 5735 2848 5804 ipse
2868 5734 3026 5789 etiam
3058 5730 3416 5803 unusquisque
3445 5728 3544 5782 ho-

2033 5877 2049 5907 ¹
2088 5873 2220 5935 Edd.,
2249 5874 2431 5925 dolore.
2454 5880 2503 5923 Al
2527 5873 2709 5936 aliquot
2728 5880 2865 5935 Mss.,
2892 5871 3121 5924 dolorem.

2032 5938 2053 5969 ³
2083 5939 2158 5987 Sic
2198 5946 2297 5988 Mss.
2321 5944 2376 5989 At
2396 5936 2528 6000 de.,
2554 5935 2734 5988 abdito.
2826 5986 2831 5991 .
