4076 6466
255 470 391 529 reet
460 532 464 534 ,
678 560 687 568 _

637 669 728 731 ἸΝ
767 670 1147 734 PSA'LMUM
1190 674 1465 738 LXXIX

826 793 1239 864 ENARRATIO.

886 921 1055 972 annuo
1086 908 1159 980 (a)
1171 949 1184 964 .
1566 1011 1569 1014 Ι

318 1015 368 1070 1.
387 1012 546 1086 {rem
571 1013 653 1089 1.]
677 1015 795 1072 Non
817 1018 956 1074 adeo
979 1021 1142 1077 multa
1171 1033 1295 1080 sunt
1327 1025 1381 1081 in
1411 1026 1525 1084 hoc
1546 1012 1752 1100 psalmo
1778 1035 1816 1102 ¹,

144 1118 145 1122 ‘
239 1106 299 1160 in
325 1105 1184 1181 quibus_sermo.noster.patiatur
1209 1114 1588 1187 difﬁcultatem,
1621 1124 1706 1180 vel
1733 1126 1818 1181 ina

235 1200 730 1266 sentioanditermn
747 1204 1081 1276 intelligendi
1095 1208 1564 1279 impedimentum.
1589 1216 1820 1277 Proinde

241 1291 520 1360 adjnmte
534 1294 782 1362 Domino,
801 1313 920 1356 cum
931 1299 1129 1354 adectu
1143 1302 1394 1358 audiendi
1413 1312 1466 1359 et
1485 1306 1694 1363 videndi
1707 1311 1814 1379 jam

235 1387 689 1454 quaepruphetata
715 1395 772 1443 et
809 1391 1057 1459 praedicta
1095 1403 1517 1467 sunt,.tanquam
1543 1401 1732 1457 eruditi
1763 1405 1814 1460 in

229 1473 413 1529 schola
435 1477 672 1546 ﬁbristi,
688 1493 902 1535 currere
926 1482 1182 1539 debemus
1199 1501 1330 1555 qua}.
1341 1488 1494 1556 plana
1515 1501 1666 1559 sunt;
1693 1501 1749 1547 ut
1769 1496 1814 1550 si

231 1564 366 1620 forte
403 1567 630 1623 obscura
665 1570 880 1640 exigunt
909 1573 1141 1628 ofﬁcium
1177 1576 1578 1648 interpretandi,
1611 1598 1672 1638 ea
1695 1600 1813 1654 quae

225 1659 382 1726 plana
431 1670 554 1718 sunt
595 1661 1072 1731 legendi-ofﬁcium
1100 1683 1130 1722 a
1159 1683 1246 1724 me
1274 1669 1507 1727 debeant
1545 1674 1807 1745 ﬂagitare.

225 1749 484 1805 Cantatur
519 1751 613 1806 hic
641 1752 708 1808 de
733 1753 964 1809 adventu
995 1756 1205 1812 Domini
1233 1769 1286 1814 et
1313 1760 1605 1820 Salvatoris
1642 1771 1811 1826 nostri

220 1841 347 1896 Jesu
371 1842 590 1910 Christi,
623 1853 678 1900 et
698 1845 767 1901 de
793 1847 943 1903 vinea
973 1850 1108 1917 ejus.
1131 1850 1235 1907 Sed
1262 1863 1436 1909 cantat
1464 1856 1554 1912 ille
1601 1859 1804 1932 Asaph,

219 1943 478 2004 quantum
514 1946 755 2006 apparet,
789 1938 1116 1997 i—llutninatus
1149 1952 1311 2015 atque
1334 1957 1623 2015 correctus,
1657 1954 1806 2022 cujus

219 2027 436 2082 nomine
465 2027 630 2083 nostis
655 2029 942 2100 signiﬁcari
970 2032 1321 2106 Synagogam.
1345 2039 1587 2111 Denique
1623 2044 1804 2102 titulus

217 2117 415 2174 Psalmi
435 2129 536 2186 est,
560 2119 624 2176 In
646 2122 798 2191 ﬁnem
828 2143 918 2195 pro
947 2127 1026 2181 Itis
1052 2130 1140 2197 qui
1164 2131 1557 2188 immittebantur
1586 2139 1804 2209 :utique

214 2211 268 2265 in
284 2212 498 2280 melius,
519 2215 766 2283 quoniam
781 2216 1026 2274 Christus
1039 2219 1159 2275 linis
1181 2220 1336 2292 Legis
1353 2224 1531 2294 (Rom.
1547 2229 1659 2298 x,4)
1674 2231 1802 2286 ideo

214 2306 375 2371 venit,
427 2315 482 2360 ut
523 2307 764 2363 immutet
810 2309 864 2366 in
911 2312 1123 2368 melius.
1157 2314 1224 2368 Et
1262 2314 1428 2383 addit,
1460 2321 1800 2376 testimonium

209 2398 308 2466 ipsi
334 2400 355 2432 ²
384 2399 562 2469 Asaplt
587 2417 604 2454 :
625 2401 825 2457 bonum
857 2406 1216 2462 testimonium
1265 2411 1519 2465 veritatis.
1556 2415 1798 2486 Denique

211 2489 312 2546 hoc
337 2493 702 2548 testimonium
738 2504 793 2549 et
837 2495 1106 2552 Christum
1151 2508 1204 2554 et
1241 2502 1446 2556 vineam
1477 2505 1791 2574 confitetur;

207 2581 308 2638 hcc
347 2591 432 2639 est
457 2596 615 2655 caput
643 2594 700 2640 et
728 2601 939 2656 corpus,
976 2605 1152 2660 regem
1183 2601 1234 2646 et
1263 2593 1491 2661 plebem,
1527 2607 1792 2664 pastorem

205 2683 256 2728 et
282 2690 520 2746 gregem,
545 2684 599 2730 et
621 2685 786 2731 totum
807 2680 1043 2734 omnium
1065 2680 1457 2751 Scripturarum
1482 2691 1791 2756 mysterium

204 2761 550 2821 Clu-istum'et
565 2768 1162 2826 EcetesiannConeludit
1180 2782 1354 2829 autem
1375 2777 1786 2848 titulus-Paulini,

205 2875 295 2926 pro
330 2859 572 2929 Assyriis.
619 2861 823 2931 Assyrii
864 2862 1295 2934 interpretantur,
1328 2867 1642 2938 Dirigentes.
1667 2873 1787 2928 dam

201 2964 328 3019 ergo
370 2965 477 3005 non
512 2951 580 3005 sit
617 2952 890 3022 generatio
936 2970 1057 3024 quae
1104 2971 1197 3010 cor
1243 2973 1346 3012 non
1390 2960 1585 3016 direxit
1633 2979 1787 3020 suum

200 3040 373 3108 (Psat.
422 3059 616 3110 Lxxvu,
665 3045 740 3115 8),
786 3046 880 3102 sed
922 3050 1194 3117 generatio
1224 3050 1333 3120 jam
1361 3052 1614 3124 dirigens.
1646 3057 1786 3129 Ergo

198 3134 479 3190 audiamus
503 3136 625 3205 quid
646 3136 788 3192 dicat
819 3139 870 3192 in
903 3139 1001 3194 hoc
1030 3142 1354 3197 testimomo.

263 3225 321 3281 2.
355 3225 504 3298 [vers
533 3226 614 3299 2.]
647 3227 747 3295 Qui
787 3231 951 3299 pascis
989 3230 1173 3301 Israel,
1223 3235 1439 3291 intende.
1483 3238 1617 3305 Quid
1664 3252 1780 3309 est,

199 3318 299 3384 Qui
353 3321 519 3390 pascis
558 3320 755 3387 Israel,
800 3322 1018 3391 intende,
1053 3326 1138 3393 qui
1167 3325 1371 3382 deducis
1395 3331 1525 3384 velut
1552 3350 1663 3387 oves
1683 3333 1780 3389 Jo-

193 3411 348 3481 seph?
375 3410 654 3465 lnvocatur
678 3420 735 3466 ut
759 3414 957 3481 veniat,
982 3426 1320 3484 exspectatur
1345 3423 1612 3488 utveniat,
1638 3424 1781 3480 desi-

191 3501 412 3558 deratur
436 3511 492 3556 ut
519 3503 712 3556 veniat.
756 3503 900 3574 Ergo
924 3505 1214 3573 dirigentes
1238 3507 1469 3564 inveniat
1503 3529 1515 3564 :
1547 3513 1650 3578 Qui
1688 3515 1777 3570 de-

191 3597 356 3663 ducis,
384 3596 572 3666 inquit,
608 3596 736 3649 velut
778 3613 890 3650 oves
926 3597 1121 3668 Joseplt
1145 3616 1170 3652 e:
1201 3601 1371 3670 ipsum
1411 3603 1610 3676 Joseph
1636 3609 1778 3664 velut

189 3706 338 3747 oves.
361 3691 490 3760 ipse
517 3690 713 3761 Joseph
742 3707 872 3746 oves
895 3701 1035 3758 sunt,
1062 3703 1115 3749 et
1143 3696 1258 3764 ipse
1285 3697 1479 3770 Joseph
1515 3703 1631 3758 ovis
1671 3713 1772 3759 est.

189 3783 386 3838 Audito
414 3782 631 3853 Ioseph,
661 3799 962 3854 quanquam
991 3793 1046 3841 et
1072 3787 1437 3859 interpretatio
1463 3793 1578 3864 ejus
1599 3797 1774 3851 nomi-

187 3877 268 3930 nis
298 3877 524 3930 multum
567 3875 749 3945 juvet;
798 3879 1058 3947 signiﬁcat
1100 3882 1241 3936 enim
1291 3884 1669 3955 Augmcntum,
1719 3898 1775 3945 et

185 3969 306 4023 ideo
334 3969 519 4038 utique
550 3972 692 4024 venit
722 3970 832 4035 ille,
858 3978 915 4026 ut
940 3974 1316 4031 mortiﬁcatum
1340 3993 1563 4047 granum
1588 3983 1770 4038 multi-

185 4062 397 4132 pliciter
439 4072 679 4132 surgeret
723 4063 895 4134 (Joan.
930 4082 1024 4133 xu,
1055 4067 1168 4136 25),
1191 4069 1302 4124 hoc
1341 4081 1458 4139 est,
1488 4086 1770 4144 augeretur

183 4153 412 4226 poliulus
448 4152 538 4206 Dei
567 4170 578 4204 :
613 4161 784 4208 tamen
816 4169 880 4208 ex
907 4171 970 4210 eo
996 4157 1135 4226 quod
1157 4158 1267 4224 jam
1292 4162 1459 4218 nostis
1483 4166 1770 4234 contigisse

180 4231 406 4316 Joseph,
439 4244 615 4298 veniat
641 4245 693 4298 in
723 4254 956 4300 mentem
977 4263 1004 4300 a
1033 4250 1287 4306 fratribus
1305 4254 1767 4319 venditus,veniat

178 4351 206 4389 a
233 4337 348 4390 suis
385 4334 743 4390 exhonoratus
764 4377 776 4400 ,
805 4337 942 4406 apud
971 4339 1297 4411 alienigenas
1321 4347 1583 4402 exaltatus
1613 4348 1762 4421 (Gen.

178 4441 381 4491 xxxvu,
421 4425 512 4492 28,
554 4437 600 4480 et
645 4443 751 4491 xm,
781 4427 893 4498 40),
924 4439 977 4484 et
1011 4429 1318 4503 intelligetis
1348 4437 1580 4507 in.cujus
1605 4453 1764 4511 grege

177 4533 299 4573 esse
328 4517 641 4586 debeamus,
674 4519 831 4574 simul
854 4536 974 4575 cum
1003 4522 1105 4577 illis
1133 4526 1221 4594 qui
1262 4526 1371 4595 jam
1411 4529 1641 4600 dirigunt
1670 4548 1765 4588 eor

176 4622 358 4675 suum,
383 4609 943 4680 utiapisreprobatus
980 4613 1046 4668 ab
1073 4613 1453 4674 :edilicantibus
1481 4621 1571 4676 ﬁat
1589 4622 1646 4676 in
1675 4639 1763 4678 ca-

173 4710 269 4771 put
297 4702 476 4772 anguli
505 4684 712 4773 (Matth.
734 4720 843 4771 xxr,
873 4706 962 4771 ιιι,
987 4714 1032 4759 et
1053 4705 1201 4760 Psal.
1235 4724 1396 4774 cxvu,
1431 4711 1546 4782 ΞΩ),
1574 4721 1760 4771 tenens

175 4793 315 4848 duos
357 4793 588 4862 parietes
632 4793 698 4849 de
733 4795 945 4850 diverso
986 4798 1290 4867 venientes,
1344 4802 1435 4856 sed
1483 4804 1535 4858 in
1565 4810 1758 4876 angulo

172 4883 581 4941 concordantes.
623 4885 727 4951 Qui
764 4888 905 4942 sedes
953 4905 1102 4957 super
1137 4889 1428 4949 (Iliembim.
1468 4895 1755 4956 Cherubim

171 4977 332 5033 sedes
359 4983 442 5032 est
466 4977 649 5047 gloria:
671 4978 783 5042 Dei,
803 4987 863 5033 et
883 4979 1270 5050 interpretatur
1285 4983 1757 5064 Dienitudoscien-

173 5070 278 5126 lite.
313 5071 389 5125 ibi
416 5069 568 5126 sedet
595 5072 734 5125 Deus
753 5073 815 5125 -in
845 5073 1167 5141 plenitudine
1193 5076 1446 5131 scientiae.
1492 5079 1637 5137 Licet
1677 5084 1757 5138 in-

172 5144 473 5232 telligamus
494 5161 779 5215 Cherubim
816 5163 1072 5220 sublimes
1099 5182 1217 5221 esse
1239 5168 1494 5224 oculorum
1525 5182 1756 5240 potesta—

172 5261 249 5313 tes
278 5262 441 5322 atque
479 5250 734 5313 virtutes;
773 5260 946 5307 tamen
989 5255 1033 5308 si
1074 5257 1172 5321 vis,
1210 5259 1318 5313 eris
1349 5259 1652 5317 Cberubim.
1699 5266 1752 5320 Si

167 5345 310 5398 θιιὶιιι
327 5342 632 5398 -ὒιιθωὶιίιιι
657 5341 818 5398 sedes
835 5353 926 5398 est
943 5345 1044 5400 Dei
1065 5387 1078 5411 ,
1103 5349 1232 5402 andi
1275 5350 1398 5419 quid
1427 5352 1580 5408 .dieat
1600 5354 1751 5430 Scri-

162 5446 323 5511 ptura
351 5454 370 5490 ε
619 5437 751 5511 justi
799 5437 940 5506 sedes
983 5447 1058 5512 est
1097 5442 1363 5510 sapientiw
1411 5443 1577 5524 (Scip.
1633 5450 1749 5521 vn).

166 5527 450 5594 Quomodo
468 5567 484 5594 ,
520 5527 706 5597 inquis
725 5568 740 5593 ,
769 5541 876 5583 .ero
904 5528 1174 5598 plenitudo
1207 5532 1476 5598 scientiae?
1495 5538 1621 5606 quis
1647 5539 1752 5598 hoc

168 5619 393 5690 implet?
431 5619 602 5686 Habes
633 5619 772 5690 unde
801 5620 1023 5690 impleas
1056 5638 1069 5676 :
1101 5621 1375 5691 Plenitudo
1401 5624 1550 5698 Legis
1578 5631 1748 5698 chari-

231 5713 258 5784 .1.
275 5710 515 5786 plerique
536 5719 586 5762 et
594 5713 832 5766 meliores
851 5719 959 5769 MSS.
971 5725 1072 5769 non
1084 5713 1211 5769 adeo
1233 5720 1344 5772 sunt
1369 5713 1419 5774 in
1435 5715 1521 5774 hoc
1539 5721 1750 5786 psalmo;

607 5839 778 5901 .-Ist_tplt.
797 5837 962 5888 Melius
984 5845 1110 5898 Mss,
1133 5838 1256 5901 ipsi,
1277 5841 1412 5901 juxta
1437 5848 1561 5898 Lxx.

231 5898 306 5958 (a)
335 5897 397 5969 Ad
422 5897 666 5971 populum
676 5897 868 5951 habitus
889 5897 1293 5963 post’expOSituni
1311 5903 1544 5966 l’sahuttm
1564 5912 1746 5971 LXXIII,

167 5959 232 6009 de
252 5972 352 6024 quo
371 5959 510 6022 infra,
534 5974 582 6012 ιι.
611 5960 681 6012 10.

1314 478 1702 539 ΕΝΑΒΒΑΤΙΟ
1738 484 1805 543 ΙΝ
1841 489 2164 557 PSALMUM
2201 502 2434 564 LXXIX.

3381 531 3511 588 1021

1943 619 2221 700 tas.(R_om_.
2256 642 2366 693 xm,
2402 629 2511 702 10).
2544 631 2663 689 Noli
2689 641 2958 713 permulta
2979 642 3056 700 ire
3072 654 3230 728 atque
3255 648 3509 712 distendi.

1934 710 2122 795 Terret
2169 728 2218 774 te
2270 736 2535 780 ramorum
2584 729 2823 799 ditiusio;
2871 711 3107 812 radicem
3133 710 3304 816 lene,
3336 756 3399 802 .et
3436 749 3503 807 de

1931 809 2288 879 magnitudine
2316 817 2521 885 arboris
2550 823 2654 878 noli
2683 827 2934 902 cogitare.
2959 819 3043 907 ~Sit
3151 809 3206 910 te
3229 839 3460 910 charitas
3485 885 3502 912 ,

1931 907 1984 972 et
2011 916 2227 962 necesse
2257 917 2337 963 est
2364 913 2635 982 plenitudo
2675 919 2908 977 scientiae
2959 907 3331 1002 consequatur.
3371 907 3506 1004 Quid

1928 991 2068 1046 enim
2089 997 2261 1064 nescit
2285 1001 2369 1069 qui
2395 1002 2704 1068 charitatem
2727 1013 2844 1077 scit,
2863 991 3288 1090 quandoquidem.
3307 991 3504 1082 diciuni

1927 1094 2008 1156 est
2041 1101 2054 1139 :
2083 1085 2221 1144 Deus
2241 1093 2460 1156 clam-itas
2489 1108 2558 1152 est
2589 1101 2641 1170 (Ι
2668 1103 2823 1172 Joan.
2851 1122 2922 1178 Iv,
2955 1085 3031 1181 8).
3077 1095 3079 1098 ’

1997 1177 2048 1232 ’5.
2093 1178 2248 1253 [rem
2280 1186 2384 1260 5.]
2427 1188 2532 1262 ,ριιὶ
2560 1194 2700 1249 sedes
2739 1177 3198 1276 superC/ierubiin
3222 1246 3238 1273 ,
3286 1225 3497 1280 appara.

1925 1267 2046 1325 Ideo
2074 1275 2215 1346 enim
2246 1282 2536 1344 erravimus
2564 1326 2580 1353 ,
2617 1289 2752 1361 'quia
2801 1307 2904 1346 non
2954 1297 3264 1372 apparebas.
3312 1281 3500 1358 Coram

1922 1359 2184 1435 Ephrwm,
2215 1379 2259 1424 et
2297 1372 2581 1446 Benjamin,
2610 1359 2655 1432 et
2681 1379 2934 1458 Manasse.
2970 1359 3199 1464 Appare,
3236 1392 3449 1462 inquam
3480 1434 3496 1462 ,

1920 1469 2098 1511 coram
2150 1473 2305 1530 gente
2333 1465 2678 1538 _J_ud;corum,
2723 1488 2899 1530 coram
2948 1480 3144 1549 populo
3182 1482 3342 1538 Israel
3376 1503 3388 1538 :
3423 1486 3495 1553 ibi

1918 1547 2057 1602 enim
2091 1550 2359 1624 Ephracm,
2389 1558 2458 1613 ibi
2490 1552 2777 1641 Manasses,
2830 1567 2900 1638 ibi
2949 1547 3244 1648 Benjamin.
3275 1573 3384 1644 (Sed
3417 1547 3498 1632 in?

1919 1645 2346 1712 terpretationem
2379 1650 2650 1734 videamus
2696 1696 2707 1708 .
2763 1645 3054 1730 Ephrgem,
3093 1657 3494 1736 Fructiiicatioi

1914 1731 2209 1806 Benjamin,
2245 1739 2406 1796 Filius
2435 1731 2693 1812 dexterae;
2727 1749 3012 1820 Manasses,
3040 1731 3492 1829 Oblitus.Appare

1913 1825 2053 1878 enim
2077 1840 2261 1896 coram
2282 1830 2621 1902 IruetiIicato,
2652 1854 2829 1894 coram
2871 1843 2978 1897 ﬁlio
3007 1826 3264 1913 dexterae,
3295 1864 3492 1924 appare

1911 1927 2089 1982 coram
2125 1920 2324 2000 oblito,
2372 1935 2425 1979 ut
2448 1927 2558 1996 jam
2591 1945 2693 1984 non
2723 1934 2792 1985 sit
2820 1933 3040 2002 oblitus,
3076 1937 3167 2002 sed
3205 1920 3385 1997 venias
3417 1942 3490 1996 illi

1910 2006 1962 2060 in
1990 2019 2218 2066 mentem
2233 2017 2329 2085 ,qui
2351 2017 2605 2086 liberasti.
2634 2023 2686 2078 Si
2712 2026 2852 2079 enim
2879 2025 3077 2083 Gentes
3103 2044 3488 2098 commemora-

1908 2097 2124 2168 buntur,
2156 2115 2205 2161 ct
2242 2121 2615 2186 convertentur
2635 2116 2708 2188 ad
2750 2119 3029 2186 Dominum
3062 2125 3322 2181 universa:
3353 2128 3486 2192 ﬁnes

1909 2201 2062 2249 terra:
2092 2195 2259 2268 (Prol.
2290 2218 2396 2269 xxi,
2421 2203 2548 2277 28);
2579 2210 2803 2277 populus
2851 2211 2963 2284 ipse
2997 2214 3064 2269 de
3097 2216 3363 2272 Abraham
3393 2236 3485 2291 .ve-

1905 2284 2077 2352 niens,
2126 2304 2230 2343 non
2270 2291 2456 2362 habuit
2497 2299 2758 2370 parietem
2813 2319 2964 2358 suum
3019 2307 3104 2375 qui
3155 2291 3381 2378 gaudeat
3431 2312 3484 2384 in

1904 2378 2115 2454 angulo,
2149 2395 2268 2434 cum
2302 2385 2554 2454 scriptum
2585 2391 2671 2456 sit,
2703 2391 2948 2462 Reliquia:
2975 2398 3128 2456 salem
3144 2400 3272 2468 ﬁent
3303 2401 3480 2474 (liam.

1903 2482 1977 2533 1x,
2016 2470 2149 2540 27)?
2189 2474 2371 2549 Εαῖεὶια
2394 2484 2675 2554 γοιιηιιὶιιηι
2702 2496 2855 2550 tuam.
2889 2489 3019 2543 Nam
3056 2493 3296 2564 infirmus
3325 2512 3481 2572 eras,

1901 2561 2112 2628 quando
2135 2564 2416 2636 [dicebatur
2450 2589 2461 2623 :
2496 2571 2558 2634 Si
2608 2575 2747 2640 ﬁlius
2799 2577 2897 2632 Dei
2944 2590 3055 2648 est,
3105 2561 3373 2640 descendat
3419 2561 3482 2643 de

1900 2666 2043 2703 cruce
2068 2652 2278 2724 (.leuu/z.
2311 2675 2473 2723 xxvii,
2498 2661 2610 2731 40).
2638 2665 2777 2719 Nihil
2796 2668 2968 2724 valere
2997 2671 3264 2742 videbaris
3295 2695 3308 2730 :
3335 2693 3480 2756 prac-

1899 2743 2063 2796 valuit
2092 2759 2250 2816 super
2273 2758 2329 2818 te
2351 2764 2690 2822 persecutor;
2712 2768 2772 2828 et
2789 2759 3162 2830 demonstrasti
3181 2767 3283 2824 hoc
3302 2743 3476 2836 antea,

1897 2836 2017 2904 quia
2058 2846 2117 2912 lett
2156 2838 2320 2904 Jacob
2347 2843 2460 2912 ipse
2489 2848 2763 2916 praevaluit
2793 2850 2843 2904 in
2875 2851 3034 2921 lucta,
3065 2855 3231 2924 homo
3251 2859 3474 2931 Angelo.

1895 2928 2146 2993 Quando,
2181 2933 2280 2999 nisi
2322 2935 2481 3010 vellet
2519 2939 2792 3010 Angelus?
2818 2953 2870 2997 ct
2897 2947 3174 3020 praevaluit
3205 2928 3397 3017 homo,
3425 2962 3478 3010 et

1893 3019 2063 3082 victus
2086 3031 2165 3076 est
2191 3025 2450 3100 Angelus;
2475 3037 2539 3105 et]
2562 3030 2727 3087 victor
2755 3019 2912 3090 homo
2941 3045 3082 3094 tenet
3106 3041 3364 3112 Angelnm
3385 3087 3398 3112 ,
3423 3039 3481 3102 et

1892 3109 2020 3164 dicit
2067 3129 2079 3164 :
2117 3114 2235 3168 Non
2274 3117 2521 3188 dimittam
2549 3131 2612 3188 te,
2647 3124 2744 3180 nisi
2770 3124 3079 3186 benedixeris
3104 3149 3200 3204 me.
3229 3134 3472 3206 Magnum

1891 3216 2282 3272 sacramentum
2309 3211 2321 3264 !
2348 3211 2413 3272 Et
2436 3222 2545 3276 stat
2569 3216 2756 3288 victus,
2793 3228 2846 3274 et
2881 3220 3144 3290 benedicit
3169 3227 3421 3290 victorem
3453 3248 3472 3290 :

1890 3295 2076 3362 victus,
2109 3301 2228 3376 quia
2263 3303 2455 3370 voluit;
2477 3320 2644 3364 carne
2690 3309 2962 3382 inﬁrmus,
2993 3317 3266 3390 majestate
3296 3321 3466 3377 fortis.

1890 3388 1954 3442 Et
1981 3374 2253 3454 benedixit
2281 3411 2292 3445 :
2322 3392 2606 3462 Vocaberis,
2640 3399 2826 3470 inquit,
2855 3379 3038 3470 Israel.
3069 3374 3262 3482 'i‘eligit
3293 3421 3469 3480 tamen

1886 3489 1941 3534 et
1985 3483 2199 3546 femoris
2244 3486 2595 3558 latitudinem,
2629 3503 2681 3562 et
2710 3497 2866 3560 aruit,
2912 3499 3263 3579 eumdemque
3291 3504 3466 3572 homi-

1885 3588 2007 3642 nem
2051 3592 2216 3644 unum
2266 3578 2390 3634 fecit
2436 3589 2489 3642 et
2531 3583 2864 3654 benedictum
2917 3599 2970 3646 et
3012 3578 3254 3666 claudum
3311 3596 3460 3668 (Gen.

1883 3682 2045 3738 xxx",
2078 3671 2167 3740 28,
2191 3670 2280 3737 28,
2311 3674 2422 3747 25).
2451 3675 2609 3732 Vides
2629 3680 2952 3741 claudicasse
2975 3689 3223 3758 populum
3247 3690 3462 3756 Judaeu-

1882 3778 2044 3826 t‘um:
2078 3766 2197 3832 vide
2249 3769 2317 3826 ibi
2360 3780 2411 3838 et
2460 3772 2792 3842 benedictum
2842 3795 3012 3850 genus
3062 3783 3458 3854 Apostolorum.

1880 3852 2064 3912 Excita
2089 3874 2219 3928 ergo
2258 3865 2533 3932 potentiam
2563 3875 2701 3926 ιιιαιιι
2734 3886 2753 3923 :
2781 3872 3030 3943 quamdiu
3071 3875 3265 3944 videris
3314 3879 3461 3933 inﬁr-

1879 3949 2036 4016 mus?
2084 3947 2378 4036 Crucitixus
2434 3970 2496 4024 es
2547 3957 2870 4036 inﬁrmitate,
2917 3979 3135 4037 resurge
3177 3968 3229 4021 in
3271 3969 3461 4029 virtute

1880 4034 1957 4107 (ll
1994 4037 2110 4093 Cor.
2154 4024 2352 4114 xmfd)
2383 4065 2394 4098 :
2425 4047 2606 4102 Excita
2643 4024 2921 4126 potentiam
2957 4067 3135 4130 βμμρι,
3164 4071 3210 4122 et
3239 4063 3374 4132 veni,
3409 4049 3461 4118 ut

1875 4129 2041 4184 salvos
2065 4133 2228 4199 facias
2257 4152 2368 4190 nos.

1946 4222 1999 4276 4.
2031 4219 2184 4293 [vers
2214 4224 2291 4296 4.]
2321 4225 2481 4296 Deus,
2509 4243 2736 4306 converte
2756 4250 2865 4290 nos.
2887 4238 3076 4300 Aversi
3103 4243 3242 4318 enim
3265 4259 3454 4310 sumus

1874 4325 1904 4376 ιι
1933 4320 2004 4380 te,
2027 4323 2086 4370 ,ct
2116 4317 2216 4390 nisi
2243 4328 2299 4376 tu
2330 4330 2636 4388 convertas,
2670 4339 2774 4386 non
2799 4317 3196 4403 convertentur.
3227 4334 3296 4412 Et
3335 4337 3456 4390 illu-

1874 4403 2010 4472 mina
2041 4407 2221 4476 facient
2246 4417 2407 4475 tuam,
2429 4418 2474 4464 et
2487 4411 2614 4474 salvi
2629 4416 2833 4478 erimus.
2859 4418 3126 4496 Numquid
3152 4403 3241 4500 ille
3265 4427 3457 4497 obseu-

1872 4511 1985 4549 ram
2018 4497 2178 4563 habet
2221 4499 2448 4572 faciem?
2489 4505 2600 4574 Non
2627 4507 2788 4582 habet
2811 4512 3090 4588 obscuram
3117 4497 3330 4591 faciem,
3356 4522 3452 4578 sed

1869 4591 2116 4662 apposuit
2143 4592 2159 4621 ¹
2188 4592 2237 4646 ei
2277 4594 2470 4670 nubem
2501 4600 2692 4672 carnis,
2727 4612 2778 4672 et
2811 4612 3056 4688 tanquam
3095 4610 3268 4676 velum
3298 4613 3450 4668 inﬁr-

1867 4681 2083 4750 mitatis,
2113 4692 2166 4748 et
2195 4700 2299 4740 non
2327 4697 2405 4742 est
2432 4693 2776 4764 putatusipse
2795 4681 2918 4764 cum
2935 4697 3192 4768 penderet
3210 4702 3259 4772 in
3283 4703 3441 4776 ligno,

1866 4774 2234 4847 agnoscendus
2259 4791 2377 4846 cum
2406 4779 2615 4854 sederet
2653 4782 2704 4835 in
2741 4786 2902 4854 legele.
2945 4787 3078 4858 Nam
3131 4791 3203 4845 ita
3251 4774 3445 4849 factum

1865 4874 1966 4922 est.
1998 4867 2319 4932 Praesentem
2345 4872 2401 4934 in
2428 4882 2562 4946 terra
2585 4873 2856 4952 ,Christum
2887 4886 2939 4933 et
2964 4882 3216 4950 miracula
3243 4884 3446 4958 iacien-

1864 4964 1971 5026 tem
1989 4974 2099 5026 .no,n
2129 4963 2342 5032 agnovit
2367 4964 2576 5034 Asaph;
2602 4978 2865 5034 mortuum
2886 4979 3081 5039 tamen,
3098 4985 3442 5048 posteaquam

1861 5051 2156 5116 resurrexit
2180 5061 2234 5108 et
2253 5053 2491 5113 ascendit
2515 5055 2566 5110 in
2588 5058 2802 5128 coelum,
2835 5063 3067 5132 agnovit,
3097 5079 3444 5137 compunctus

1862 5151 1944 5197 est
1977 5161 1991 5198 :
2019 5142 2214 5197 dixerit
2243 5153 2295 5200 et
2338 5146 2403 5200 de
2438 5149 2529 5202 illo
2559 5159 2726 5204 totum
2767 5137 3255 5246 lioc'testimonium
3302 5165 3442 5246 quod

1860 5235 2021 5302 modo
2070 5238 2405 5310 agnoscimus
2457 5241 2512 5302 in
2552 5242 2658 5316 hoc
2702 5247 2928 5316 psalmo,
2969 5235 3442 5325 Illumina'fa'ciem

1862 5337 2028 5394 tuam,
2059 5339 2108 5384 et
2132 5331 2257 5384 salvi
2278 5333 2482 5386 erimus.
2508 5332 2764 5408 Obtexisti
2798 5340 2981 5414 faciem
3007 5352 3171 5412 tuam,
3194 5329 3440 5418 et'zegro-

1859 5418 2088 5472 lavimus
2117 5439 2129 5473 :
2162 5420 2397 5475 illumina
2427 5422 2601 5492 illam,
2636 5435 2691 5500 et
2715 5429 2846 5484 salvi
2873 5432 3092 5489 erimus.

1929 5511 1982 5564 5.
2028 5508 2176 5582 [vers.
2209 5511 2288 5584 5.]
2319 5511 2555 5582 Domine,
2586 5515 2727 5573 Deus
2752 5520 2984 5592 uirtutem:
3009 5567 3022 5590 ,
3056 5542 3308 5599 usquequo
3337 5530 3442 5584 ira-

1858 5593 2009 5657 sceris
2033 5605 2082 5666 in
2111 5605 2389 5659 orationem
2412 5610 2540 5672 servi
2559 5613 2673 5666 tui?
2695 5613 2809 5667 Jam
2837 5619 2962 5670 servi
2990 5621 3084 5674 lui.
3118 5621 3434 5682 lrascebaris

1857 5694 1909 5749 in
1936 5696 2231 5751 orationem
2254 5697 2450 5753 inimici
2481 5703 2576 5769 tui,
2601 5703 2770 5758 adhuc
2794 5708 3034 5765 irasceris
3062 5713 3114 5766 in
3137 5717 3432 5775 orationem

1854 5789 1993 5844 servi
2049 5788 2154 5841 tui‘!
2197 5788 2518 5872 Convertisti
2565 5811 2691 5860 nos,
2747 5802 3054 5868 agnovimus
3091 5848 3102 5870 ,
3150 5817 3203 5861 et
3259 5809 3432 5868 adhuc

1856 5881 2096 5934 irasceris
2138 5882 2188 5934 in
2222 5884 2512 5938 orationem
2546 5889 2687 5942 servi
2720 5891 2824 5945 tui!
2877 5893 2946 5948 lta
2985 5898 3139 5972 plane
3164 5901 3430 5972 irasceris,

1918 5973 1938 6034 ,ι
1971 5973 2043 6022 sic
2075 5981 2176 6024 Mss.
2205 5980 2260 6023 .u
2281 5975 2412 6036 me,
2436 5976 2665 6039 opposuit.
2985 5968 2996 5974 ”’

2781 6099 2858 6135 ηιμ·
2884 6117 2887 6120 -
