4076 6492
594 461 613 517 1
625 457 731 514 095

590 583 648 629 ut
674 581 821 644 pater
847 570 1138 643 corrigens,
1170 584 1278 626 non
1307 578 1366 625 ut
1387 569 1549 641 judex
1587 567 1863 623 damnans.
1898 566 1972 621 Ita
2010 567 2163 636 plane

591 667 862 734 irasceris,
892 665 1014 736 quia
1040 666 1298 736 scriptum
1327 673 1428 728 est,
1461 662 1588 728 Fili,
1609 663 1848 715 accedens
1872 660 1940 714 ad
1963 661 2176 714 servitu-

597 771 694 814 tem
726 758 843 824 Dei,
881 767 959 815 sta
991 759 1044 813 in
1077 758 1281 832 justitia
1304 766 1352 812 et
1382 756 1578 821 timore,
1611 763 1657 807 et
1692 769 1925 824 praepara
1951 753 2175 806 animam

590 865 728 908 tuam
743 855 812 908 ad
838 853 1161 908 tentationem
1183 851 1368 923 (Eccli.
1398 866 1452 914 ιι,
1484 849 1558 919 1).
1586 849 1662 904 Ne
1686 857 1836 918 putes
1858 848 1967 918 jam
1994 855 2172 901 trans-

590 945 694 999 isse
763 945 896 998 iram
953 944 1044 999 Dei
1088 943 1210 1013 quia
1257 955 1545 996 conversus
1583 955 1673 1005 es;
1713 940 1938 1005 transiit,
1981 938 2077 994 sed
2104 953 2174 994 ne

588 1034 805 1088 damnet
851 1033 905 1087 in
953 1040 1230 1088 aeternum.
1276 1030 1532 1100 Flagellat
1580 1038 1779 1096 autem,
1825 1045 1931 1083 non
1982 1031 2167 1099 parcit,

589 1126 709 1196 quia
743 1125 974 1196 ﬂagellat
1001 1139 1212 1179 omnem
1243 1124 1408 1178 ﬁlium
1448 1137 1607 1194 quem
1632 1123 1821 1191 recipit
1860 1120 2043 1190 (Hebr.
2073 1137 2168 1186 xu,

589 1215 668 1286 6).
723 1215 777 1271 Si
819 1215 1066 1285 ﬂagellari
1109 1216 1394 1279 detrectas,
1443 1215 1605 1284 recipi
1649 1228 1811 1284 quare
1857 1213 2171 1268 desideras?

585 1307 843 1377 Flagellat
859 1322 1067 1361 onmem
1094 1305 1258 1360 ﬁlium
1277 1322 1433 1378 quem
1451 1305 1668 1376 recipit:
1685 1306 1914 1376 ﬂagellat
1929 1321 2164 1370 omnem,

584 1399 675 1468 qui
705 1408 758 1453 et
786 1397 954 1454 Unico
977 1414 1080 1454 non
1103 1400 1358 1470 pepercit.
1387 1398 1492 1454 Sed
1522 1405 1700 1454 tamen
1724 1398 1971 1468 quamdiu
1990 1398 2170 1452 irasce-

585 1491 656 1544 ris
683 1490 736 1544 in
770 1491 1044 1545 orationem
1083 1492 1210 1545 servi
1241 1491 1353 1545 tui?
1383 1504 1487 1544 non
1522 1490 1634 1561 jam
1679 1490 1880 1544 inimici
1915 1490 2024 1554 tui;
2069 1489 2165 1544 sed

581 1582 815 1637 irasceris
841 1583 895 1636 in
925 1583 1204 1636 oralionem
1233 1583 1360 1636 servi
1390 1582 1482 1636 tui.
1512 1580 1810 1648 Quamdiu?

653 1673 704 1728 6.
737 1673 886 1746 [vers.
927 1673 1006 1747 6.]
1049 1673 1298 1744 Sequitur
1331 1691 1343 1726 :
1374 1672 1576 1727 Cibabis
1618 1689 1708 1726 nos
1747 1688 1876 1742 pane
1913 1672 2164 1742 lacryma~

578 1783 692 1820 rum
711 1808 726 1833 ,
757 1777 802 1820 et
830 1767 1026 1839 potabis
1050 1784 1142 1822 nos
1161 1768 1214 1821 in
1242 1767 1475 1837 lacrymis
1497 1767 1550 1820 in
1593 1782 1844 1820 mensura.
1867 1764 2003 1833 Quid
2045 1773 2160 1832 est,

577 1859 631 1913 in
659 1860 934 1914 mensura?
971 1860 1282 1930 Apostolqu
1311 1860 1434 1914 audi
1482 1877 1495 1913 :
1529 1857 1722 1912 Fidelis
1763 1857 1900 1912 Deus
1939 1858 2024 1927 qui
2062 1873 2164 1911 non

575 1965 664 2004 vos
708 1950 947 2016 permittit
985 1952 1166 2005 tentari
1203 1967 1360 2021 supra
1385 1967 1536 2020 quam
1572 1950 1776 2020 potestis
1814 1954 1946 2021 ferre
1972 1949 2015 2020 (Ι
2039 1946 2160 2004 Cor.

574 2054 608 2092 ι
629 2081 644 2106 ,
687 2039 800 2110 15).
835 2039 950 2110 lpsa
977 2050 1060 2096 est
1086 2056 1334 2096 mensura
1358 2083 1372 2107 ,
1402 2056 1499 2112 pro
1524 2042 1724 2097 viribus
1770 2041 1872 2096 tuis
1901 2058 1915 2096 :
1944 2041 2057 2112 ipsa
2080 2049 2162 2097 est

573 2147 823 2188 mensura
843 2175 860 2201 ,
891 2142 949 2189 nt
974 2134 1233 2190 erudiaris
1256 2177 1271 2200 ,
1297 2151 1401 2189 non
1423 2144 1476 2190 ut
1510 2134 1846 2205 opprimaris.

645 2227 696 2279 7.
729 2225 878 2298 [vers.
909 2225 988 2299 7.]
1028 2226 1255 2282 Posuisti
1291 2245 1383 2282 nos
1422 2229 1475 2282 in
1515 2229 1960 2283 contradictionem
1983 2227 2161 2283 vicinis

572 2319 776 2372 nostris.
809 2317 973 2372 Plane
1000 2317 1195 2372 factum
1239 2329 1356 2384 est;
1390 2335 1511 2374 nam
1538 2319 1606 2374 de
1636 2319 1815 2388 Asaph
1853 2319 2008 2374 electi
2035 2326 2161 2373 sunt

571 2409 660 2478 qui
685 2410 823 2463 irent
860 2409 924 2464 ad
952 2409 1184 2477 Gentes,
1217 2417 1271 2465 et
1295 2409 1649 2479 praedicarent
1673 2407 1971 2473 Christum,
2003 2417 2057 2464 et
2078 2409 2160 2464 di-

568 2509 780 2555 ceretur
823 2501 899 2556 eis
933 2517 946 2555 :
981 2501 1105 2566 Quis
1133 2511 1208 2555 est
1243 2501 1334 2555 iste
1375 2517 1617 2555 novorum
1654 2501 2019 2555 daemoniorum
2059 2517 2156 2555 an-

568 2591 826 2644 nuntiator
855 2591 988 2662 (Act.
1021 2607 1148 2656 xvn,
1182 2590 1310 2661 i8)?
1342 2589 1569 2646 Posuisti
1592 2608 1684 2646 nos
1712 2592 1767 2645 in
1795 2593 2156 2646 contradictio-

565 2699 681 2738 nem
705 2685 880 2737 vicinis
909 2684 1111 2738 nostris.
1161 2684 1292 2738 Eum
1321 2683 1462 2738 enim
1507 2682 1869 2754 praedicabant
1896 2683 1982 2738 cui
2020 2698 2153 2738 con-

567 2774 942 2830 tradicebatnr.
994 2773 1163 2841 Quem
1224 2774 1620 2844 przedicabant?
1666 2773 1930 2828 Mortuum
1980 2789 2155 2829 resur-

565 2865 765 2920 rexisse
794 2865 1086 2920 Christum.
1113 2865 1242 2934 Quis
1273 2864 1374 2919 hoc
1393 2864 1606 2920 audiat?
1634 2866 1755 2936 quis
1780 2865 1882 2920 hoc
1910 2865 2153 2921 noverit?

564 2956 710 3011 Nova
747 2957 866 3011 res!
904 2955 1000 3011 sed
1040 2958 1189 3027 signa
1227 2956 1720 3027 consequebantur,
1761 2964 1820 3011 et
1856 2956 2153 3012 incredibili

563 3046 640 3102 rei
689 3047 845 3101 ﬁdem
877 3047 1126 3101 miracula
1173 3046 1452 3101 faciebant.
1501 3045 2013 3111 Contradicebatur,
2057 3045 2152 3100 sed

565 3136 927 3200 contradictor
965 3137 1302 3202 vincebatur,
1344 3146 1400 3192 et
1441 3153 1504 3192 ex
1544 3137 1936 3192 contradictore
1979 3136 2151 3192 ﬁdelis

562 3228 912 3284 efﬁciebatur.
945 3229 1018 3283 lbi
1059 3237 1233 3283 tamen
1265 3243 1454 3299 magna
1495 3228 1707 3283 ﬂamma
1744 3247 1758 3283 :
1789 3228 1861 3283 ibi
1891 3237 2152 3299 martyres

561 3321 720 3377 eibati
745 3320 811 3375 de
839 3335 975 3390 pane
1004 3319 1376 3391 lacrymarum,
1403 3327 1458 3374 et
1485 3319 1651 3389 potati
1679 3320 1734 3374 in
1758 3319 2027 3390 lacrymis;
2055 3319 2149 3374 sed

561 3415 614 3468 in
645 3428 915 3480 mensura,
949 3428 1055 3467 non
1084 3413 1312 3483 amplius
1337 3428 1496 3482 quam
1520 3421 1765 3482 poterant
1790 3413 1927 3468 ferre
1953 3420 2014 3466 ut
2031 3421 2151 3481 post

561 3520 866 3560 mensuram
890 3505 1243 3575 lacrymarum
1263 3511 1575 3576 sequeretur
1594 3517 1791 3559 corona
1811 3501 2147 3573 gaudiorum.

559 3593 631 3650 Et
669 3596 858 3650 inimici
881 3596 1038 3650 nostri
1067 3595 1496 3650 subsannaverunt
1527 3611 1639 3650 nos.
1671 3594 1741 3649 Et
1781 3595 1868 3649 ubi
1896 3603 2021 3649 sunt
2051 3592 2145 3663 qui

559 3689 1057 3744 subsannaverunt?
1102 3689 1201 3743 Diu
1232 3689 1434 3744 dictum
1472 3696 1597 3744 est:
1634 3688 1734 3755 Qui
1775 3696 1899 3741 sunt
1929 3687 2015 3742 isti
2056 3700 2148 3741 co-

560 3782 730 3839 lentes
771 3794 1041 3838 mortuum
1067 3824 1083 3851 ,
1111 3783 1396 3837 adorantes
1433 3779 1790 3836 cruciﬁxum?
1817 3779 1909 3834 diu
1945 3779 2147 3834 dictum

561 3886 663 3931 est.
693 3876 794 3932 Ubi
836 3885 918 3930 est
951 3890 1111 3929 nasus
1141 3873 1624 3929 subsannantium?
1661 3871 1850 3926 Nonne
1879 3887 2019 3926 nunc
2055 3872 2145 3942 qui

558 3965 958 4036 reprehendunt
981 4007 995 4032 ,
1019 3966 1073 4020 in
1100 3980 1354 4020 cavernas
1380 3963 1618 4034 fugiunt,
1641 3977 1709 4016 ne
1735 3961 2052 4016 videantur?
2075 3960 2147 4014 Et

559 4058 751 4112 inimici
779 4058 936 4110 nostri
960 4055 1392 4112 subsannaverunt
1415 4071 1525 4108 nos.

629 4154 683 4208 8.
719 4151 867 4225 [oers.
899 4152 953 4220 8,
987 4150 1066 4225 9.]
1097 4151 1203 4207 Sed
1222 4150 1415 4207 videtis
1433 4149 1559 4220 quid
1583 4149 1824 4221 sequitur
1853 4165 1865 4202 :
1891 4147 2142 4216 Domine,

556 4243 696 4300 Deus
720 4246 960 4298 virtutum
983 4286 999 4314 ,
1034 4225 1415 4308 concerte‘nos,
1456 4252 1501 4296 et
1530 4243 1733 4296 ostende
1761 4241 1944 4313 faciem
1970 4249 2141 4307 tuam,

557 4347 603 4394 et
630 4339 757 4393 salvi
784 4339 986 4392 erimus.
1023 4336 1232 4391 Vineam
1266 4353 1328 4391 ea:
1355 4334 1586 4406 ﬁgypto
1605 4336 1936 4398 transtulisti;
1959 4334 2146 4406 ejecisti

559 4429 775 4495 Gentes,
807 4439 852 4484 et
887 4429 1128 4500 plantasti
1157 4445 1288 4483 eam.
1317 4427 1604 4495 Novimus,
1641 4426 1834 4481 factum
1875 4434 1976 4482 est.
2005 4426 2147 4495 Quot

555 4534 742 4594 gentes
787 4524 974 4592 eiectae
1016 4523 1170 4576 sunt!
1211 4521 1510 4577 Amorrhaei
1534 4563 1549 4587 ,
1588 4520 1826 4586 Cethaei,
1871 4520 2100 4577 Jebusaei
2126 4561 2143 4588 ,

558 4614 820 4686 Gergesaei
842 4657 855 4678 ,
884 4625 936 4668 et
961 4614 1105 4669 Evasi
1131 4631 1144 4668 :
1174 4613 1366 4684 quibus
1395 4612 1630 4684 expulsis
1658 4623 1713 4667 et
1751 4613 1902 4668 victis
1923 4653 1938 4676 ,
1973 4613 2142 4667 intro-

559 4711 748 4764 ductus
787 4717 870 4763 est
903 4709 1127 4779 populus
1169 4722 1236 4763 ex
1277 4706 1506 4778 IEgypto
1549 4706 1803 4761 liberatus
1845 4707 1896 4760 in
1947 4714 2144 4760 terram

557 4801 948 4873 promissionis.
979 4800 1126 4857 Unde
1152 4801 1308 4855 vinea
1347 4801 1514 4870 ejecta
1541 4799 1647 4865 sit,
1686 4807 1741 4854 et
1785 4798 1872 4853 ubi
1910 4798 2145 4868 plantata

557 4895 663 4954 sit.
712 4892 1027 4947 audivimus.
1063 4892 1346 4947 Videamus
1382 4890 1508 4961 quid
1548 4889 1739 4944 deinde
1781 4887 1980 4944 factum
2022 4898 2141 4954 est;

562 4987 829 5057 quomodo
855 4986 1174 5052 crediderit,
1205 4992 1462 5056 quantum
1486 4983 1733 5047 creverit,
1758 4982 1884 5053 quid
1914 4997 2146 5053 occupa-

556 5081 709 5134 verit.
749 5078 1035 5132 Vineamea:
1063 5076 1293 5148 zEgypto
1321 5076 1648 5142 transtulisti;
1675 5075 1862 5146 ejecisti
1886 5084 2072 5146 gentes,
2097 5083 2146 5128 et

558 5173 796 5243 plantasti
813 5188 937 5225 eam.

630 5264 682 5318 9.
717 5262 866 5336 [vers.
900 5260 1114 5334 1042.]
1151 5260 1296 5314 Viam
1333 5262 1496 5333 fecisti
1532 5261 1586 5315 in
1632 5268 1898 5331 conspectu
1925 5261 2034 5332 ejus
2055 5301 2070 5326 ,
2096 5271 2146 5316 et

559 5357 799 5428 plantasti
820 5357 1014 5411 radices
1039 5358 1146 5428 ejus
1165 5396 1180 5422 ,
1209 5365 1255 5409 et
1272 5355 1495 5425 implevit
1525 5365 1728 5409 terram.
1750 5355 2015 5426 Numquid
2039 5357 2143 5411 im-

561 5449 730 5521 pleret
753 5457 976 5514 terram,
1010 5448 1110 5502 nisi
1149 5447 1232 5500 via
1265 5447 1415 5501 ﬁeret
1441 5448 1492 5500 in
1521 5455 1809 5518 conspectu
1835 5447 1986 5518 ejus?
2011 5447 2141 5515 Qua:

558 5541 639 5593 via
667 5539 803 5594 facta
830 5547 913 5594 est
936 5541 990 5594 in
1014 5547 1297 5610 conspectu
1321 5538 1468 5608 ejus?
1491 5536 1602 5608 Ego
1627 5555 1766 5606 sum,
1796 5540 1996 5610 inquit,
2027 5542 2106 5594 via
2123 5581 2140 5608 ,

557 5633 739 5686 veritas
766 5640 812 5684 et
837 5632 937 5684 vita
961 5629 1136 5698 (Joan.
1165 5646 1254 5684 xw
1275 5671 1291 5696 ,
1320 5627 1398 5701 6).
1425 5627 1610 5684 Merito
1654 5631 1885 5700 implevit
1917 5638 2138 5688 terram.

559 5727 672 5783 Hoc
701 5725 897 5779 dictum
931 5733 1013 5778 est
1041 5723 1198 5778 modo
1234 5723 1302 5778 de
1331 5725 1484 5776 vinea
1522 5723 1650 5788 ista,
1680 5724 1820 5793 quod
1851 5725 2142 5795 perfectum

559 5829 642 5875 est
666 5833 830 5888 usque
855 5817 910 5871 in
935 5815 1094 5871 linem
1129 5835 1141 5870 :
1171 5824 1535 5871 verumtamen
1565 5816 1690 5884 quid
1717 5817 1902 5886 prius?
1933 5817 2142 5887 Uperuit

560 5922 752 5969 montes
773 5913 952 5966 umbra
986 5911 1123 5979 ejus,
1171 5920 1216 5963 et
1253 5911 1456 5963 arbusta
1481 5910 1588 5980 ejus
1617 5911 1790 5964 cedrus
1810 5909 1922 5964 Dei.
1948 5909 2138 5965 Exten—
2180 5920 2182 5922 '

1806 448 1864 506 S.
1896 448 2260 505 AUGUSTINI
2299 450 2603 508 EPISCOPI

3727 466 3871 526 ιοειι

2281 565 2399 620 disti
2425 567 2654 637 palmites
2689 569 2800 640 ejus
2826 585 2983 640 usque
3004 570 3075 626 ad
3114 587 3281 641 mare,
3320 581 3370 629 et
3393 578 3554 648 usque
3576 577 3648 632 ad
3673 579 3869 650 ﬂumen

2281 658 2580 728 propagines
2617 659 2744 728 ejus.
2775 659 2886 715 Hoc
2927 661 3194 718 desiderat
3229 664 3464 722 ofﬁcium
3504 672 3827 739 expositoris
3848 715 3867 741 ,

2280 761 2386 802 non
2413 749 2606 804 sufﬁcit
2635 751 2849 806 lectoris
2869 761 2924 808 et
2945 753 3233 810 laudatoris
3262 774 3276 810 :
3308 757 3552 827 adjuvate
3582 777 3672 816 me
3694 763 3870 820 inten-

2279 837 2487 905 dendo;
2509 841 2647 896 solet
2669 843 2811 897 enim
2842 843 3012 899 vincte
3037 843 3194 915 hujus
3222 852 3660 907 commemoratio
3688 855 3743 908 in
3765 853 3869 910 hoc

2278 931 2484 1000 psalmo
2504 933 2782 1003 caliginem
2809 933 2989 992 facere
3014 937 3188 994 minus
3227 939 3463 997 intentis.
3491 943 3706 1000 Etenim
3748 961 3866 1002 ma~

2276 1024 2498 1092 gnitudo
2539 1027 2706 1080 vincte
2747 1026 2904 1098 hujus
2943 1029 3053 1098 jam
3082 1045 3113 1085 a
3154 1032 3308 1089 nobis
3347 1035 3610 1106 explicata
3646 1049 3768 1106 est;
3811 1050 3870 1098 et

2276 1114 2415 1171 unde
2444 1115 2579 1171 facta
2604 1125 2685 1173 est
2713 1119 2730 1149 ί
2754 1159 2771 1185 ,
2799 1129 2853 1174 et
2881 1120 3020 1176 unde
3047 1121 3184 1178 facta
3213 1125 3284 1179 sit
3303 1141 3514 1199 magna,
3542 1131 3861 1200 praedictum

2273 1213 2375 1260 est.
2418 1205 2560 1261 Viam
2584 1210 2747 1280 fecisti
2770 1211 2823 1266 in
2849 1222 3116 1284 conspectu
3141 1217 3248 1285 ejus
3270 1256 3289 1284 ,
3321 1227 3370 1272 et
3393 1220 3634 1290 plantasti
3660 1225 3865 1282 radices

2273 1298 2383 1366 eius
2401 1339 2418 1367 ,
2442 1309 2487 1354 et
2514 1301 2740 1371 implevit
2759 1313 2944 1359 terram
2968 1322 2988 1360 :
3008 1306 3113 1362 hoc
3135 1307 3204 1364 de
3226 1309 3553 1381 perfectione
3577 1315 3748 1386 ipsius
3776 1317 3864 1373 di-

2271 1398 2416 1446 ctum
2453 1404 2556 1448 est.
2595 1393 2700 1450 Sed
2741 1405 2913 1454 tamen
2951 1399 3122 1469 prima
3150 1417 3281 1472 gens
3303 1403 3485 1462 Judzea
3513 1407 3614 1463 fuit
3640 1409 3746 1466 ista
3776 1412 3860 1467 vi-

2271 1497 2390 1539 nea.
2421 1485 2563 1541 Gens
2584 1497 2762 1545 autem
2789 1489 2971 1547 Judaea
2999 1508 3170 1564 usque
3192 1493 3260 1550 ad
3285 1510 3460 1564 mare,
3491 1508 3548 1555 et
3585 1515 3757 1572 usque
3792 1504 3861 1560 ad

2269 1573 2468 1632 ﬂumen
2502 1581 2758 1650 regnavit.
2789 1581 2967 1653 Usque
2999 1584 3064 1638 ad
3111 1600 3257 1642 mare
3289 1606 3302 1642 :
3341 1601 3562 1659 apparet
3605 1593 3662 1648 in
3709 1593 3858 1652 Scri-

2268 1673 2422 1736 ptura
2446 1670 2586 1739 quod
2615 1685 2760 1726 mare
2782 1672 2854 1728 ibi
2878 1675 3105 1730 vicinum
3132 1677 3203 1732 sit
3243 1677 3427 1750 (Num.
3448 1696 3650 1752 χχχιιι,
3677 1685 3760 1756 5).
3793 1687 3858 1743 Et

2269 1770 2437 1827 usque
2463 1759 2531 1814 ad
2574 1760 2770 1817 ﬂumen
2814 1761 3122 1819 Iordanem.
3167 1766 3338 1824 Trans
3378 1768 3667 1829 Iordanem
3712 1777 3854 1832 enim

2266 1846 2467 1918 aliquid
2504 1849 2809 1908 Judaeornm
2839 1855 3154 1912 collocatum
3193 1867 3312 1926 est;
3349 1861 3486 1917 intra
3516 1866 3536 1895 ²
3566 1863 3857 1926 Jordanem

2266 1947 2441 1993 autem
2471 1949 2577 1996 tota
2605 1958 2753 2014 gens.
2790 1946 2930 2015 Ergo
2950 1964 3106 2020 usque
3129 1950 3198 2004 ad
3224 1968 3362 2007 mare
3380 1993 3396 2018 ,
3421 1961 3728 2028 etusquead
3754 1962 3858 2030 flu-

2264 2046 2379 2085 men
2406 2048 2627 2104 regnum
2647 2035 2973 2105 Judaeorum,
3008 2055 3227 2111 regnum
3259 2043 3419 2099 Israel
3444 2062 3458 2099 :
3483 2061 3590 2101 non
3614 2059 3794 2105 autem
3823 2070 3856 2106 a

2264 2126 2396 2178 usuri
2423 2143 2578 2196 usque
2602 2128 2670 2180 ad
2694 2147 2852 2196 mare,
2883 2141 2928 2186 et
2953 2149 2986 2185 a
3005 2135 3214 2202 ﬂumine
3239 2152 3394 2207 usque
3424 2139 3493 2192 ad
3511 2142 3750 2197 terminos
3771 2160 3855 2197 or-

2263 2215 2339 2270 bis
2363 2226 2508 2272 terrte
2528 2259 2543 2283 ,
2575 2219 2663 2274 illa
2679 2220 2787 2290 jam
2811 2222 3066 2292 perfectio
3085 2226 3252 2280 vinea:
3274 2237 3358 2283 est
3382 2228 3452 2284 de
3468 2245 3570 2299 qua
3601 2231 3690 2287 hic
3717 2249 3854 2304 prae-

2263 2304 2428 2373 dixit,
2469 2307 2612 2362 Viam
2649 2312 2810 2383 fecisti
2836 2313 2888 2367 in
2917 2325 3184 2386 conspectu
3213 2318 3344 2388 ejus,
3373 2328 3420 2374 et
3446 2321 3690 2391 plantasti
3708 2325 3852 2379 radi-

2261 2411 2342 2450 ces
2365 2399 2474 2470 ejus
2492 2440 2508 2465 ,
2530 2409 2576 2453 et
2605 2401 2826 2471 implevit
2854 2413 3059 2461 terram.
3083 2405 3216 2462 Cum
3245 2408 3341 2466 tibi
3359 2425 3488 2481 ergo
3516 2414 3853 2483 praedixisset

2260 2489 2665 2557 perfectionem,
2695 2493 2851 2549 rediit
2878 2496 2944 2550 ad
2971 2498 3197 2564 initium,
3221 2499 3290 2556 de
3313 2515 3419 2571 quo
3441 2504 3590 2559 initio
3611 2507 3681 2561 sit
3708 2507 3851 2564 facta

2259 2576 2536 2647 perfectio.
2565 2581 2776 2638 Initium
2797 2584 2877 2639 vis
2909 2586 3134 2644 audire?
3165 2587 3335 2660 Usque
3357 2593 3426 2645 ad
3453 2610 3591 2649 mare
3617 2607 3666 2650 et
3693 2614 3853 2668 usque

2257 2671 2327 2723 ad
2371 2673 2578 2742 ﬂumen.
2628 2674 2814 2732 Finem
2860 2677 2942 2734 vis
2981 2679 3206 2737 audire?
3244 2681 3602 2740 Dominabitur
3641 2705 3676 2742 a
3720 2693 3851 2745 mari

2257 2778 2419 2836 usque
2445 2766 2513 2818 ad
2538 2782 2678 2822 mare
2700 2809 2716 2835 ,
2758 2779 2808 2823 et
2834 2786 2868 2824 a
2901 2771 3114 2841 flumine
3149 2789 3308 2845 usque
3338 2777 3407 2830 ad
3431 2780 3669 2834 terminos
3715 2783 3851 2838 orbis

2259 2861 2406 2909 terra:
2428 2854 2600 2930 (Psal.
2631 2870 2750 2926 ut,
2781 2857 2840 2932 8)
2872 2877 2886 2914 :
2915 2860 3018 2916 hoc
3042 2871 3144 2929 est,
3173 2864 3397 2936 implevit
3419 2877 3622 2923 terram.
3651 2870 3850 2928 Videa-

2256 2959 2377 3000 mus
2397 2961 2527 3018 ergo
2547 2949 2914 3006 testimonium
2938 2952 3153 3022 Asaph;
3183 2955 3313 3026 quid
3330 2955 3526 3013 factum
3550 2968 3636 3015 est
3659 2964 3852 3032 prima:

2255 3037 2424 3092 vineae
2447 3077 2462 3103 ,
2491 3039 2616 3108 quid
2643 3049 2728 3097 est
2765 3044 3181 3113 exspectandum
3207 3047 3457 3103 secundae
3484 3049 3654 3105 vinea:
3676 3092 3695 3120 ,
3738 3053 3850 3110 imo

2255 3128 2431 3184 eidem
2474 3131 2686 3186 vineae:
2719 3133 2834 3203 ipsa
2871 3142 2954 3189 est
2993 3135 3167 3202 enim;
3196 3151 3305 3192 non
3343 3140 3486 3194 enim
3530 3141 3700 3197 altera
3741 3153 3848 3200 est.

2253 3220 2382 3277 Inde
2407 3221 2650 3279 Christus
2692 3225 2837 3280 salus
2864 3243 2931 3282 ex
2970 3226 3170 3284 Judazis
3212 3228 3389 3301 (Joan.
3421 3247 3509 3300 IV,
3535 3233 3629 3306 22)
3652 3275 3670 3302 ,
3720 3235 3848 3292 inde

2251 3313 2494 3384 Apostoli
2517 3355 2531 3380 ,
2570 3316 2692 3372 inde
2719 3317 2875 3386 primi
2895 3329 3210 3387 credentes,
3238 3331 3294 3377 et
3316 3323 3486 3392 pretia
3514 3339 3694 3380 rerum
3721 3340 3847 3380 sua-

2251 3418 2372 3460 rum
2401 3413 2526 3461 ante
2550 3406 2710 3476 pedes
2738 3409 3115 3478 Apostolorum
3137 3422 3396 3481 ponentes
3421 3415 3554 3486 (Act.
3582 3431 3619 3471 ιι
3636 3457 3654 3483 ,
3677 3418 3772 3486 45,
3798 3429 3846 3474 et

2252 3516 2339 3569 ιν,
2366 3503 2496 3575 55);
2525 3503 2652 3560 inde
2676 3506 2855 3561 omnia
2880 3505 3017 3562 haec.
3047 3507 3117 3562 Et
3137 3509 3182 3562 si
3204 3507 3367 3579 aliqui
3394 3524 3465 3566 ex
3508 3511 3672 3568 ramis
3691 3516 3846 3585 fracti

2249 3603 2367 3647 sunt
2384 3634 2402 3662 ,
2438 3606 2645 3666 propter
2675 3596 3078 3653 incredulitatem
3100 3600 3252 3670 fracti
3270 3611 3386 3654 sum
3403 3616 3424 3656 :
3447 3611 3502 3656 tu
3517 3614 3715 3670 autem,
3742 3620 3844 3676 po-

2249 3686 2407 3758 pulus
2435 3688 2685 3745 Gentium
2704 3731 2720 3758 ,
2752 3691 2855 3760 fide
2876 3701 2990 3758 sta;
3021 3693 3128 3747 noli
3154 3693 3314 3746 altum
3338 3709 3517 3764 sapere
3537 3734 3553 3760 ,
3591 3696 3683 3750 sed
3700 3697 3841 3755 time.

2251 3777 2392 3832 Nam
2415 3781 2460 3834 si
2481 3779 2623 3836 Deus
2651 3783 2965 3837 naturalibus
2992 3784 3149 3838 ramis
3175 3800 3277 3838 non
3297 3787 3537 3855 pepercit,
3569 3803 3728 3858 neque
3751 3789 3842 3844 tibi

2249 3879 2442 3939 parcet.
2474 3870 2538 3926 Si
2567 3881 2735 3927 autem
2760 3873 2923 3927 altum
2948 3875 3116 3944 sapis,
3161 3891 3263 3930 non
3305 3886 3361 3930 tu
3387 3878 3606 3932 radicem
3631 3890 3838 3951 portas,

2250 3961 2338 4014 sed
2365 3961 2516 4014 radix
2543 3971 2591 4015 te
2619 3962 2792 4032 (Rom.
2825 3979 2878 4018 χι
2898 4003 2914 4028 ,
2943 3963 3153 4036 18-21).
3178 3966 3317 4032 Quid
3343 3981 3471 4037 ergo
3489 4009 3506 4036 ,
3532 3969 3688 4026 vinea
3716 3982 3840 4028 ante

2249 4052 2401 4123 cujus
2427 4063 2775 4122 coriSpectum
2800 4054 2940 4110 facta
2965 4068 3047 4112 est
3079 4058 3164 4111 via
3184 4101 3204 4128 ,
3243 4069 3301 4113 ut
3327 4059 3573 4130 impleret
3602 4073 3800 4118 terram
3819 4105 3839 4132 ,

2248 4146 2422 4215 primo
2444 4146 2533 4201 tibi
2562 4145 2663 4200 fuit
2689 4145 2747 4200 '?
2779 4146 2990 4219 Operuit
3016 4158 3211 4204 montes
3229 4151 3409 4204 umbra
3429 4154 3557 4222 ejus.
3587 4153 3693 4222 Qui
3711 4166 3840 4211 sunt

2250 4239 2494 4293 montes?
2533 4238 2832 4308 Pmplietaa.
2861 4239 3038 4308 Quare
3065 4243 3277 4312 operuit
3311 4243 3435 4300 illos
3459 4247 3649 4302 umbra
3678 4249 3838 4319 ejus?

2248 4330 2384 4396 Quia
2403 4330 2628 4385 obscure
2653 4331 2816 4402 locuti
2840 4341 2966 4386 sunt
2989 4349 3110 4404 qua:
3144 4336 3317 4390 futura
3353 4339 3664 4394 annuntiata
3691 4352 3837 4398 sunt.

2249 4423 2417 4477 Audis
2435 4437 2465 4476 a
2487 4422 2786 4493 Prophetis,
2813 4425 3050 4481 Observa
3076 4426 3368 4497 sabbatum,
3393 4427 3597 4485 Octavo
3622 4431 3712 4487 die
3730 4433 3838 4488 eir-

2248 4517 2489 4573 cumcide
2531 4515 2819 4585 infantem,
2855 4517 2998 4574 Oﬂ‘er
3041 4521 3357 4576 sacriﬁcium
3394 4523 3613 4590 arietis,
3645 4525 3796 4581 vituli
3817 4567 3837 4598 ,

2249 4607 2382 4663 hirci
2415 4607 2566 4662 :noli
2591 4608 2816 4674 moveri;
2837 4610 3022 4664 umbra
3040 4609 3156 4680 ejus
3179 4619 3264 4666 est
3285 4612 3601 4682 cooperiens
3629 4626 3838 4674 montes

2247 4701 2365 4768 Dei,
2388 4701 2568 4755 veniet
2597 4709 2718 4770 post
2743 4701 2986 4755 umbram
3015 4702 3392 4758 manifestatio.
3415 4703 3484 4758 Et
3501 4705 3714 4762 arbusta
3731 4710 3838 4780 ejus

2247 4793 2421 4848 cedros
2448 4792 2546 4847 Dei
2570 4807 2590 4847 .°
2616 4792 2668 4848 id
2692 4801 2809 4860 est,
2835 4793 3112 4863 cooperuit
3134 4794 3323 4850 cedros
3349 4796 3479 4864 Dei,
3507 4797 3799 4856 altissimas
3815 4842 3832 4869 ,

2246 4886 2341 4942 sed
2381 4886 2404 4917 ⁴
2447 4884 2564 4942 Dei.
2613 4885 2749 4942 Sunt
2794 4887 2934 4942 enim
2980 4885 3124 4941 cedri
3168 4886 3530 4958 signiﬁcantes
3576 4893 3836 4961 superbos

2247 4979 2585 5036 evertendos.
2615 4978 2818 5036 Cedros
2837 4977 3057 5045 Libani,
3097 4978 3402 5036 altitudines
3439 4983 3627 5037 mundi
3658 4985 3681 5015 '
3705 4998 3834 5056 ope-

2247 5072 2355 5126 ruit
2376 5070 2668 5128 creseendo
2699 5072 2854 5126 vinea
2881 5069 3000 5136 ista,
3027 5079 3083 5124 et
3107 5079 3318 5127 montes
3343 5071 3462 5141 Dei,
3490 5087 3688 5132 omnes
3714 5091 3836 5133 sano

2246 5170 2361 5220 ctos
2389 5164 2711 5234 Prophetas,
2740 5160 3096 5217 Patriarcbas.
3694 5173 3706 5184 ο

2309 5363 2329 5394 ι
2363 5358 3825 5424 Isthaecverba,ettmdefactaest,abmntanonnullism

2309 5425 2331 5455 ³
2363 5430 2438 5472 Et.
2463 5429 2516 5487 et
2535 5429 2665 5482 Mss.,
2687 5423 2837 5487 inﬂa.
2940 5485 2982 5487 __
3128 5485 3135 5487 _
3165 5485 3171 5487 _

2311 5487 2332 5518 ³
2363 5487 2435 5535 sic
2453 5485 2857 5558 aliquantumut
3215 5499 3332 5558 ergo
3545 5496 3658 5542 oste
3696 5491 3838 5558 cujus

2247 5555 2545 5611 conspectum
2569 5549 2695 5611 facta
2715 5554 2787 5600 est
2806 5549 2884 5600 via
2903 5549 2928 5598 tt
2949 5557 3096 5599 Facta
3117 5555 3190 5601 est
3201 5549 3482 5615 utintpleret
3496 5557 3700 5605 terrain
3727 5549 3838 5608 131i-

2244 5623 2340 5746 mof’
2363 5619 2624 5746 ξιιὲζοιιιιιεε
2645 5686 2794 5746 prope
2816 5680 2924 5746 Mss.
2956 5681 3018 5746 Αιι
3033 5673 3166 5746 add,
3189 5677 3328 5728 sedes
3338 5679 3451 5746 ρει.

2308 5738 2329 5769 ⁸
2363 5743 2414 5786 ιιι
2436 5738 2726 5808 nemigttts.
2749 5738 2991 5808 repetitur
3004 5737 3099 5808 hoc
3117 5741 3241 5808 loco,
3259 5741 3429 5793 cedros
3451 5741 3545 5793 Dei
3561 5755 3581 5794 :
3603 5743 3739 5808 quod
3755 5745 3839 5796 ab-

2248 5808 2326 5869 est
2345 5812 2374 5848 a
2397 5800 2589 5869 caeteris
2609 5799 2762 5869 libris.
2786 5809 2856 5869 an
2876 5801 3003 5869 torte
3013 5803 3303 5869 legendum:
3324 5810 3470 5862 cedri
3482 5799 3650 5863 libuit"
3671 5814 3842 5866 πλείω-

2245 5865 2381 5918 dines
2400 5866 2600 5938 mnndi;
2624 5861 2845 5938 subaudi,
2870 5861 3142 5938 significh
3167 5879 3181 5915 :
3208 5875 3264 5918 ut
3285 5861 3400 5924 inde
3433 5861 3670 5938 sequatur
3695 5861 3840 5929 {ce-

2247 5939 2362 5987 aras
2386 5932 2476 5981 Dei
2495 5932 2679 5994 operuit
2701 5935 2977 5990 crescendo,
2997 5939 3091 5982 etc.
