4076 6480
249 448 387 512 i025

316 570 406 627 10.
429 566 579 642 [κη.
598 561 714 641 15.]
729 563 836 623 Sed
859 574 1136 635 quousque
1155 560 1419 616 extendisti
1440 556 1670 629 palmites
1685 556 1793 625 ejus
1810 553 1835 607 ?

253 662 421 735 Usque
455 660 525 714 ad
560 675 733 724 mare,
773 665 822 712 et
858 671 1016 723 usque
1051 654 1118 707 ad
1153 654 1341 723 ﬂumen
1376 648 1677 722 prapagines
1706 647 1835 717 ejus.

247 752 376 809 Inde
400 751 565 824 quid?
593 749 787 820 thuid
814 746 1113 803 dextruxisti
1142 745 1413 800 maceriam
1439 742 1587 813 ejus?
1619 740 1736 797 Jam
1759 738 1839 795 vi-

252 846 387 901 detis
417 857 656 900 eversam
686 841 829 897 illam
854 848 1066 910 gentem
1109 837 1447 901 Judteorum;
1475 836 1584 904 jam
1626 847 1692 888 ex
1731 830 1838 887 alio

251 938 455 1009 psalmo
505 934 724 990 audistis
747 976 762 1000 ,
812 931 880 985 In
932 929 1140 985 dolabra
1183 939 1229 983 et
1271 927 1512 998 fractorio
1551 925 1838 995 deiecerunt

251 1045 361 1083 eam
390 1025 560 1098 (Psal.
584 1040 771 1093 Lxxm,
801 1022 882 1095 6).
904 1021 1127 1090 Quando
1148 1020 1319 1088 fieret,
1348 1019 1448 1074 nisi
1467 1018 1583 1088 ejus
1608 1017 1837 1072 maceria

250 1118 657 1175 destrueretur?
681 1118 810 1184 Quae
857 1125 941 1171 est
983 1112 1210 1169 maceria
1249 1111 1404 1181 ejus?
1440 1109 1658 1165 Munitio
1697 1108 1833 1177 ejus.

256 1210 471 1265 Exslitit
506 1210 650 1266 enim
692 1208 920 1278 superba
962 1205 1218 1260 adversus
1263 1202 1616 1273 plantatorem
1659 1214 1834 1254 suum.

250 1302 448 1358 Servos
475 1301 541 1356 ad
567 1316 624 1357 se
644 1301 836 1356 missos
857 1307 911 1355 et
936 1305 1178 1369 petentes
1208 1293 1506 1350 mercedem
1538 1292 1715 1348 coloni
1740 1290 1839 1345 lla-

250 1394 614 1465 gellaverunt,
644 1391 987 1454 ceciderunt,
1020 1387 1350 1443 occiderunt.
1378 1384 1534 1440 Venit
1573 1394 1626 1438 et
1652 1384 1839 1438 unicus

249 1482 447 1550 Filius;
474 1482 752 1550 dixerunt,
784 1480 885 1534 Hic
910 1489 982 1535 est
1007 1479 1187 1545 lateres,
1212 1478 1372 1531 venite
1395 1476 1683 1531 occidamus
1700 1490 1836 1541 eum,

247 1583 298 1629 et
343 1582 516 1629 nostra
556 1574 648 1628 erit
677 1572 945 1627 haereditas
985 1588 1005 1626 :
1041 1569 1329 1624 occiderunt
1372 1576 1419 1622 et
1458 1578 1600 1623 extra
1642 1567 1838 1621 vineam

247 1665 570 1737 projecerunt
589 1663 800 1735 (Matth.
824 1678 913 1718 xxx
928 1702 945 1728 ,
967 1660 1179 1731 31-59).
1201 1659 1496 1731 Projectus,
1525 1659 1691 1730 magis
1717 1672 1839 1729 pos-

247 1755 391 1813 sedit
431 1754 573 1811 unde
616 1754 885 1825 projectus
913 1759 1015 1807 est.
1047 1751 1137 1807 Sic
1182 1752 1324 1807 enim
1370 1751 1420 1806 ei
1467 1750 1700 1805 minatur
1744 1763 1839 1819 per

248 1845 437 1902 Isaiam
472 1843 783 1901 :Destruam
810 1844 1078 1897 maceriam
1121 1842 1250 1912 ejus.
1279 1840 1498 1908 Quare?
1537 1839 1840 1910 Exspectavi

246 1940 383 1994 enim
411 1947 463 1991 ut
490 1940 676 2010 faceret
700 1952 885 2001 uvam;
915 1935 1030 2005 fecit
1075 1944 1242 1987 autem
1278 1932 1451 2002 spinas
1482 1947 1503 1986 :
1530 1929 1837 2001 exspectavi

247 2028 375 2084 inde
393 2028 644 2093 fructum,
670 2036 725 2083 et
752 2026 928 2082 inveni
960 2033 1254 2096 peccatum.
1286 2022 1422 2090 Quid
1450 2037 1578 2094 ergo
1601 2023 1795 2093 quaeris
1817 2064 1833 2090 ,

246 2137 282 2177 ο
320 2121 529 2191 Asaph,
566 2118 757 2192 thuid
786 2118 1074 2173 destruxisti
1118 2115 1389 2171 maceriam
1416 2116 1559 2186 ejus?
1590 2114 1670 2170 Tu
1694 2114 1837 2169 cnim

246 2217 426 2273 nescis
461 2216 664 2287 quare?
690 2213 995 2285 Exspectavi
1032 2220 1086 2264 ut
1131 2215 1315 2283 faceret
1333 2208 1619 2279 judicium,
1650 2216 1696 2262 et
1721 2208 1840 2278 fecit

246 2309 562 2381 iniquitatem
587 2307 739 2377 (Isai.
761 2321 815 2372 v,
844 2306 897 2372 5,
921 2305 978 2373 2,
1001 2304 1094 2373 7):
1117 2317 1224 2358 non
1250 2310 1364 2356 erat
1381 2298 1699 2356 destruenda
1725 2313 1839 2354 ma-

245 2404 391 2458 ceria
419 2402 570 2471 ejus?
599 2400 668 2454 Et
694 2407 952 2455 venerunt
978 2397 1178 2452 Gentes
1197 2437 1214 2462 ,
1256 2395 1527 2450 destructa
1564 2392 1795 2447 maceria
1819 2433 1835 2459 ,

245 2495 430 2551 invasa
454 2501 537 2549 est
563 2492 736 2558 vinea,
764 2504 827 2544 ac
852 2489 1084 2544 deletum
1115 2501 1336 2556 regnum
1365 2484 1691 2539 Judteorum.
1721 2483 1835 2538 Hoc

244 2585 421 2656 primo
445 2582 677 2654 plangit,
704 2580 800 2636 sed
823 2594 930 2635 non
964 2579 1079 2633 sine
1109 2592 1223 2646 Spe.
1253 2577 1331 2631 De
1366 2575 1662 2629 directione
1693 2574 1837 2629 enim

244 2673 427 2730 cordis
449 2672 559 2743 jam
587 2670 851 2741 loquitur,
886 2668 942 2723 id
968 2675 1079 2733 est,
1124 2680 1221 2736 pro
1260 2664 1531 2736 Assyriis,
1572 2679 1670 2734 pro
1712 2662 1841 2717 diri-

244 2764 495 2837 gentibus
545 2761 789 2819 Psalmus
835 2766 937 2815 est.
991 2756 1179 2828 thuid
1228 2754 1518 2810 destruxisti
1566 2754 1839 2808 maceriam

245 2856 391 2926 ejus;
414 2862 462 2909 et
484 2851 792 2907 vindemiant
818 2866 931 2904 eam
956 2864 1125 2903 omnes
1157 2856 1472 2901 transeuntes
1493 2845 1626 2899 viam
1642 2845 1668 2899 ἔ)
1700 2844 1838 2913 Quid

246 2955 354 3013 est,
380 2946 513 3000 viam
540 2940 894 2998 transeuntes?
917 2936 1307 3008 Temporaliter
1333 2935 1693 2991 dominantes.

323 3037 413 3093 11.
444 3034 596 3109 [vers.
617 3031 731 3106 14.]
756 3030 1044 3087 Devastavit
1064 3045 1177 3083 eam
1209 3043 1331 3099 aper
1356 3026 1418 3081 de
1449 3026 1592 3081 silva.
1635 3027 1838 3096 Aprum

248 3130 320 3186 de
343 3128 473 3184 silva
494 3124 621 3197 quid
642 3121 1010 3195 intelligimus?
1025 3118 1223 3176 Judaeis
1244 3132 1438 3189 porcus
1453 3116 1710 3173 adversus
1733 3126 1834 3185 est,

247 3230 307 3277 et
331 3221 384 3275 in
411 3233 576 3291 porco
619 3224 821 3288 ponunt
845 3226 1095 3285 tanquam
1136 3209 1527 3267 immunditiam
1565 3209 1837 3266 Gentium.

247 3314 297 3368 Α
337 3309 595 3367 Gentibus
632 3317 809 3364 autem
843 3321 1030 3363 eversa
1067 3310 1151 3360 est
1191 3317 1324 3374 gens
1348 3300 1529 3358 Judaaa
1565 3300 1703 3357 :sed
1744 3315 1841 3358 rex

247 3402 341 3459 ille
378 3402 467 3473 qui
494 3402 716 3467 evertit,
746 3415 850 3455 non
892 3407 1097 3454 tantum
1136 3410 1329 3466 porcus
1364 3394 1703 3462 immundus,
1741 3392 1840 3450 sed

248 3497 414 3553 etiam
441 3509 577 3566 aper
599 3495 713 3548 fuit.
743 3493 879 3561 Quid
901 3492 1042 3548 enim
1076 3504 1207 3560 aper
1225 3529 1241 3555 ,
1268 3488 1368 3545 nisi
1398 3502 1591 3559 porcus
1625 3499 1797 3543 saevus
1818 3527 1835 3555 ,

248 3603 446 3662 porcus
469 3586 764 3659 superbus?
790 3585 925 3653 Aper
949 3584 1012 3639 de
1029 3583 1157 3639 silva
1186 3581 1396 3636 vastavit
1419 3597 1550 3635 eam.
1578 3578 1657 3635 De
1674 3580 1839 3635 silva:

248 3683 319 3740 de
346 3681 624 3739 Gentibus.
662 3679 873 3736 Etenim
911 3677 1001 3733 illa
1040 3676 1195 3731 vinea
1229 3685 1376 3741 erat;
1419 3673 1618 3730 Gentes
1658 3682 1839 3729 autem

250 3775 398 3831 silvae
422 3782 593 3829 erant.
624 3771 729 3827 Sed
753 3768 967 3842 quando
994 3766 1335 3824 crediderunt
1360 3765 1577 3830 Gentes,
1605 3764 1732 3835 quid
1759 3763 1840 3819 di-

250 3868 395 3916 ctum
424 3858 546 3914 est?
577 3875 597 3910 ι
631 3857 783 3912 Tunc
826 3853 1164 3911 exsultabant
1204 3852 1382 3907 omnia
1406 3851 1550 3922 ligna
1587 3851 1836 3906 silvarum

250 3949 425 4023 (Psal.
443 3964 565 4017 xcv,
587 3945 700 4021 12).
737 3945 1042 4003 Devastavit
1060 3959 1181 3999 eam
1213 3957 1343 4013 aper
1375 3942 1444 3998 de
1464 3942 1619 4010 silva,
1639 3950 1695 3996 et
1718 3941 1832 3996 sin-

249 4041 448 4114 gularis
488 4039 634 4095 ferus
658 4039 911 4109 depastus
939 4043 1023 4093 est
1057 4050 1196 4091 eam.
1236 4052 1255 4086 ι
1289 4033 1427 4100 Quid
1454 4042 1556 4100 est,
1596 4051 1615 4085 ι
1652 4032 1838 4103 singu-
1869 4070 1887 4083 .

252 4134 380 4191 laris
402 4131 586 4188 ferus?
619 4148 640 4183 ι
670 4130 789 4199 Ipse
814 4144 945 4198 aper
970 4127 1063 4198 qui
1092 4126 1389 4181 devastavit
1415 4139 1532 4179 eam
1553 4165 1568 4190 ,
1602 4123 1839 4192 singula-

250 4226 330 4281 ris
366 4223 529 4279 l'erus.
554 4218 883 4291 Singularis,
919 4216 1042 4287 quia
1072 4218 1354 4286 superbus.
1385 4214 1499 4269 Hoc
1542 4213 1685 4268 enim
1712 4212 1842 4268 dicit
1886 4257 1891 4262 .

252 4314 429 4371 omnis
454 4312 714 4384 superbus
743 4328 757 4367 :
783 4309 898 4380 Ego
925 4322 1063 4372 sum;
1086 4320 1186 4376 ego
1208 4320 1348 4373 sum,
1379 4312 1434 4361 et
1454 4318 1633 4359 nemo.

326 4407 413 4463 12.
438 4406 588 4480 [vers.
616 4405 705 4472 15,
730 4400 844 4475 16.]
868 4399 975 4458 Sed
997 4414 1104 4470 quo
1123 4397 1299 4453 fructu
1328 4396 1483 4452 haec?
1511 4414 1529 4449 ι
1566 4396 1706 4451 Deus
1728 4396 1840 4451 vir-

255 4512 425 4560 tutum
454 4508 765 4557 eonvertere
794 4510 939 4552 vero.
993 4511 1013 4545 ›
1060 4490 1313 4560 Quamvis
1356 4489 1472 4544 haec
1516 4488 1651 4543 facta
1690 4488 1838 4557 sint,

260 4613 281 4649 ι
314 4599 625 4648 convertere
649 4603 799 4644 vero.
828 4583 1056 4655 Respice
1079 4582 1148 4639 de
1175 4580 1333 4647 caelo,
1356 4587 1411 4635 et
1434 4578 1574 4644 vide,
1601 4586 1655 4634 et
1683 4579 1840 4634 visita

252 4689 465 4743 vineam
488 4685 663 4739 istam.
694 4681 761 4736 Et
787 4678 983 4751 perﬁce
1010 4692 1129 4733 eam
1157 4689 1316 4745 quam
1339 4672 1599 4744 plantavit
1623 4671 1841 4729 dextera

255 4793 367 4837 tua.
398 4797 418 4831 ι
451 4776 566 4833 Νοη
592 4774 750 4829 aliam
793 4771 1047 4836 institue,
1088 4767 1183 4825 sed
1224 4768 1361 4823 hanc
1404 4766 1619 4837 perﬁce.
1662 4765 1841 4837 Ipsum

251 4880 339 4929 est
359 4869 502 4927 enim
522 4880 704 4923 semen
728 4862 1018 4926 Abraham,
1036 4860 1212 4931 ipsum
1232 4868 1314 4915 est
1335 4874 1518 4915 semen
1545 4858 1597 4913 in
1618 4872 1725 4930 quo
1743 4858 1841 4915 be-

255 4962 573 5019 nedicuntur
610 4971 799 5014 omnes
826 4954 1033 5011 Gentes
1073 4950 1226 5023 (Gen.
1271 4965 1416 5019 xxn,
1463 4948 1554 5019 18)
1600 4966 1613 5002 :
1645 4947 1718 5006 ibi
1759 4957 1843 5007 est

255 5056 438 5121 radix,
464 5053 554 5109 ubi
598 5058 839 5123 portatur
876 5047 1109 5103 oleaster
1142 5046 1395 5101 insertus.
1424 5041 1623 5113 Perﬁce
1645 5042 1843 5097 vineam

254 5151 402 5206 istam
429 5162 579 5217 quam
618 5141 864 5215 plantavit
892 5139 1100 5194 dextera
1125 5146 1233 5192 tua.
1260 5134 1367 5192 Sed
1390 5134 1481 5190 ubi
1508 5134 1753 5204 perﬁcit?
1775 5133 1844 5189 Et

256 5258 409 5312 super
437 5239 600 5310 ﬁlium
629 5234 846 5290 hominis
878 5248 1027 5301 quem
1050 5228 1363 5298 conﬁrmasti
1404 5226 1511 5281 tibi.
1554 5225 1690 5294 Quid
1733 5227 1845 5281 evi-

256 5329 506 5389 dentius?
545 5327 671 5399 quid
700 5326 873 5382 adhuc
898 5321 1227 5393 exspectatis
1251 5329 1310 5376 ut
1344 5319 1497 5375 vobis
1524 5317 1842 5388 disputando

258 5435 587 5495 exponamus
605 5461 620 5487 ,
661 5427 716 5475 et
749 5432 859 5472 non
886 5414 1064 5486 potius
1092 5413 1367 5469 vobiscum
1395 5408 1707 5467 admirando
1734 5409 1845 5465 cla-

258 5529 465 5571 mamus
497 5531 511 5567 :
545 5510 745 5581 Perﬁce
770 5509 967 5564 vineam
1005 5506 1153 5561 istam
1180 5519 1332 5575 quam
1368 5502 1613 5574 plantavit
1639 5502 1844 5557 dextera

258 5618 366 5676 tua,
395 5614 442 5662 et
463 5619 616 5674 super
639 5602 807 5673 ﬁliuni
830 5598 1045 5653 hominis
1070 5611 1188 5653 eam
1216 5593 1452 5666 perﬁce?
1474 5593 1646 5662 Quem
1675 5591 1843 5649 ﬁlium

258 5696 526 5756 hominis?
558 5695 719 5763 Quem
748 5692 1057 5762 conﬁrmasti
1103 5690 1209 5744 tibi.
1262 5687 1508 5759 Magnum
1534 5686 1843 5741 firmamen-

257 5792 390 5847 tum!
415 5789 617 5847 :edilica
641 5794 896 5859 quantum
917 5794 1088 5855 potes.
1108 5782 1521 5836 Fundamentum
1544 5778 1675 5832 enim
1699 5776 1845 5831 aliud

260 5900 405 5938 nemo
427 5889 583 5952 potest
608 5894 808 5951 ponere,
826 5886 1008 5948 printer
1026 5891 1177 5944 quam
1197 5874 1333 5943 quod
1355 5873 1571 5946 positum
1592 5876 1686 5940 est,
1708 5869 1846 5939 quod

258 5983 332 6033 at
352 5972 581 6033 Christus
601 5967 756 6029 Iesus
783 5967 827 6044 (1
852 5964 973 6024 Cor.
1001 5982 1058 6025 ut
1080 6007 1098 6037 ,
1126 5965 1241 6037 11).

1298 428 1691 495 ENARRATIO
1727 430 1794 487 ΙΝ
1830 426 2154 491 PSALMUM
2191 433 2426 491 LXXIX.

3388 438 3527 500 1026

2012 578 2100 633 13.
2127 577 2276 650 [vers.
2305 576 2422 651 17.]
2455 577 2711 635 Succensa
2742 580 2851 653 igni
2873 588 2921 635 et
2943 580 3160 653 effossa,
3197 584 3262 640 ab
3294 585 3528 658 increpa-

1944 668 2078 723 tione
2116 670 2280 724 vultus
2318 671 2392 723 tui
2421 670 2671 741 peribunt.
2704 673 2833 740 Quae
2872 683 2995 729 sunt
3036 690 3290 733 succensa
3338 680 3442 749 igni
3472 687 3529 736 et

1945 760 2167 828 effossa,
2212 778 2331 831 quae
2360 763 2609 832 peribunt
2642 763 2710 820 ab
2750 764 3110 836 increpatione
3150 769 3329 826 vultus
3372 772 3529 842 ejus?

1946 852 2232 908 Videamus
2269 864 2324 911 et
2364 854 2722 926 intelligamus
2744 872 2864 927 quae
2898 859 3006 915 sint
3031 861 3136 931 igni
3176 876 3433 926 succensa
3476 874 3530 921 et

1943 945 2157 1001 ell'ossa.
2188 945 2327 1014 Quid
2351 946 2643 1016 increpavit
2663 948 2947 1007 Christus?
2977 951 3200 1009 Peecata
3229 971 3243 1008 :
3269 955 3337 1011 ab
3357 956 3531 1014 incre-

1944 1038 2158 1107 patione
2202 1037 2385 1093 vultus
2427 1038 2545 1108 ejus
2587 1051 2804 1110 peccata
2846 1042 3138 1111 perierunt.
3184 1044 3356 1113 Quare
3402 1062 3532 1119 ergo

1944 1136 2161 1198 peccata
2197 1127 2305 1199 igni
2332 1143 2587 1185 succensa
2616 1138 2671 1186 et
2694 1130 2927 1188 effossa?
2954 1133 3143 1190 Omnia
3171 1145 3386 1206 peccata
3410 1137 3532 1194 dua:

1943 1236 2030 1276 res
2056 1219 2255 1276 faciunt
2282 1222 2337 1276 in
2362 1221 2610 1291 homine;
2639 1225 2901 1295 cupiditas
2920 1268 2935 1293 ,
2963 1236 3018 1283 et
3043 1228 3221 1286 timor.
3253 1232 3531 1303 Cogitate,

1943 1310 2224 1379 discutite,
2273 1312 2596 1385 interrogate
2642 1316 2802 1371 corda
2847 1327 3064 1386 vestra,
3123 1324 3534 1389 perscrutamini

1942 1403 2331 1471 conscientias;
2355 1404 2531 1461 videte
2562 1414 2737 1461 utrum
2766 1408 2976 1478 possint
2998 1424 3119 1466 esse
3145 1422 3359 1481 peccata
3380 1454 3394 1479 ,
3427 1414 3535 1470 nisi

1942 1503 2035 1549 aut
2077 1495 2378 1565 cupiendo,
2434 1504 2526 1552 aut
2576 1498 2830 1554 timendo.
2886 1500 3206 1572 Proponitur
3247 1506 3533 1573 praemium

1945 1594 2003 1641 nt
2044 1601 2269 1658 pecces,
2315 1587 2366 1643 id
2408 1598 2524 1656 est,
2569 1590 2707 1659 quod
2753 1600 2804 1645 te
2832 1591 3092 1659 delectat;
3145 1594 3273 1651 facis
3316 1606 3534 1667 propter

1944 1680 2084 1750 quod
2116 1682 2285 1751 cupis.
2316 1680 2424 1737 Sed
2468 1682 2605 1737 forte
2632 1698 2737 1737 non
2782 1683 3049 1740 induceris
3077 1685 3264 1753 donis,
3313 1689 3536 1747 terreris

1942 1773 2135 1838 minis;
2189 1772 2323 1828 facis
2378 1783 2596 1845 propter
2646 1774 2790 1846 quod
2837 1774 3015 1834 times.
3065 1775 3426 1852 Corrumpere
3481 1790 3536 1841 te

1944 1866 2057 1921 vult
2102 1866 2316 1937 aliquis,
2346 1875 2404 1923 ut
2425 1868 2595 1935 dicas,
2616 1869 2767 1925 verbi
2793 1872 2999 1941 gratia,
3046 1870 3240 1929 falsum
3287 1874 3534 1933 testimo-

1945 1956 2112 2011 nium.
2144 1957 2551 2013 Innumerabilia
2573 1968 2736 2028 sunt,
2767 1961 2861 2017 sed
2883 1962 3118 2031 planiora
3152 1979 3423 2036 propono,
3465 1966 3534 2023 de

1943 2051 2137 2121 quibus
2177 2060 2373 2109 czntera
2423 2053 2736 2124 conjiciatis.
2780 2054 3063 2112 Attendisti
3116 2067 3172 2112 tu
3220 2057 3421 2125 Deum,
3481 2068 3537 2115 et

1945 2142 2123 2198 dixisti
2189 2143 2242 2198 in
2305 2145 2485 2199 animo
2547 2154 2638 2201 tuo
2687 2163 2701 2199 :
2754 2146 2890 2213 Quid
2943 2148 3145 2218 prodest
3205 2149 3431 2217 homini,
3490 2150 3535 2206 si

1945 2243 2106 2290 totum
2134 2236 2379 2290 mundum
2418 2237 2671 2303 lucretur,
2698 2237 2883 2293 anima:
2918 2250 3086 2295 autem
3111 2256 3218 2296 suae
3259 2243 3535 2298 detrimen-

1943 2334 2050 2378 tum
2080 2328 2341 2398 patiatur(
2367 2327 2554 2383 Matth.
2578 2345 2685 2395 xvi,
2715 2330 2860 2401 26)?
2884 2329 3000 2386 Non
3027 2332 3262 2389 adducor
3290 2335 3532 2406 prmmio,

1944 2426 2004 2471 ut
2027 2418 2248 2488 perdam
2268 2418 2501 2473 animam
2532 2435 2707 2475 meam
2753 2436 2853 2491 pro
2900 2421 3049 2478 lucro
3093 2425 3351 2494 pecunias.
3388 2426 3535 2483 Con-

1944 2509 2106 2563 vertit
2147 2510 2237 2563 ille
2280 2525 2340 2565 se
2382 2512 2449 2564 ad
2499 2512 2862 2568 incutiendum
2910 2523 3140 2581 metum;
3183 2517 3272 2587 qui
3314 2518 3536 2588 praemio

1945 2615 2290 2670 corrumpere
2325 2617 2429 2656 non
2461 2603 2661 2668 valuit,
2704 2604 2890 2675 incipit
2920 2606 3110 2662 minari
3140 2607 3418 2678 damnum,
3441 2626 3535 2667 exe

1944 2691 2263 2761 pulsionem,
2294 2693 2467 2748 caedes
2490 2693 2733 2749 fortassis
2753 2703 2808 2750 et
2826 2704 3055 2752 mortem
3082 2714 3097 2752 :
3120 2697 3192 2753 ibi
3217 2699 3348 2769 jam,
3375 2701 3421 2757 si
3440 2714 3536 2758 cu-

1945 2783 2138 2854 piditas
2159 2800 2266 2839 non
2289 2784 2469 2850 valuit,
2495 2785 2633 2842 forte
2658 2787 2817 2843 timor
2833 2786 3029 2843 valebit
3047 2796 3107 2844 ut
3124 2804 3335 2861 pecces.
3365 2790 3534 2850 Porro

1944 2884 2123 2933 autem
2163 2877 2209 2933 si
2254 2878 2324 2935 de
2371 2878 2659 2949 Scripturis
2684 2889 2871 2936 contra
2900 2881 3241 2951 cupiditatem
3268 2884 3412 2940 venit
3437 2885 3534 2942 tibi

1852 2981 1877 3005 ’
1943 2970 2002 3027 in
2026 2980 2280 3035 mentem,
2311 2971 2447 3039 Quid
2472 2973 2674 3043 prodest
2700 2974 2911 3043 homini,
2934 2975 2978 3029 si
3000 2985 3159 3029 totum
3182 2976 3424 3031 mundum
3445 2978 3529 3031 lu-

1944 3072 2133 3130 cretur,
2161 3064 2344 3119 anima:
2366 3072 2533 3118 autem
2555 3080 2663 3120 sua:
2688 3064 3042 3120 detrimentum
3072 3067 3327 3135 patiatur;
3352 3068 3534 3127 veniat

1945 3155 2105 3213 etiam
2133 3166 2319 3212 contra
2359 3158 2605 3213 timorem
2650 3158 2704 3212 in
2747 3167 3005 3224 mentem,
3034 3157 3211 3213 Nolite
3242 3160 3416 3216 timere
3450 3177 3534 3217 eos

1945 3250 2033 3319 qui
2059 3265 2243 3321 corpus
2266 3251 2534 3317 occidunt;
2571 3252 2795 3306 anintam
2829 3261 2994 3308 autem
3023 3268 3126 3307 non
3164 3263 3373 3324 possunt
3396 3256 3535 3311 occi-

1951 3340 2070 3395 dere
2096 3339 2220 3413 (Id.
2249 3358 2302 3407 κ,
2327 3340 2456 3412 28).
2485 3342 2813 3413 Quicumque
2838 3351 2891 3399 te
2917 3343 3028 3398 vult
3060 3343 3337 3413 occidere,
3365 3361 3535 3417 usque

1946 3432 2013 3487 ad
2034 3446 2229 3502 corpus
2254 3433 2304 3488 ei
2330 3433 2483 3501 licet;
2514 3448 2681 3504 usque
2698 3434 2767 3491 ad
2786 3435 3017 3490 animam
3039 3450 3144 3490 non
3167 3437 3309 3493 licet.
3340 3438 3533 3495 Anima

1945 3534 2036 3581 tua
2067 3541 2173 3582 non
2196 3527 2473 3595 morietur,
2504 3528 2603 3582 nisi
2630 3537 2687 3583 tu
2716 3543 2834 3584 eam
2856 3527 3088 3585 volueris
3112 3528 3376 3586 occidere.
3406 3530 3535 3587 Per-

1946 3620 2077 3674 imat
2102 3620 2275 3675 aliena
2300 3620 2548 3691 iniquitas
2571 3635 2787 3677 carnem
2810 3631 2973 3689 tuam,
2996 3621 3122 3677 dum
3141 3632 3319 3679 servet
3336 3624 3534 3681 veritas

1944 3715 2177 3770 animam
2208 3726 2371 3771 tuam.
2404 3717 2459 3773 Si
2487 3726 2665 3773 autem
2691 3733 2723 3774 a
2746 3719 2967 3774 veritate
2990 3720 3264 3789 resilieris,
3290 3721 3416 3792 quid
3439 3721 3536 3778 tibi

1945 3805 2173 3877 amplius
2204 3807 2437 3864 facturus
2462 3817 2544 3864 est
2562 3806 2828 3875 inimicus,
2846 3825 3002 3880 quam
3032 3819 3087 3865 tu
3116 3810 3209 3866 tibi
3231 3811 3344 3881 ipse
3367 3813 3536 3868 facis?

1946 3894 2197 3954 Inimicus
2220 3901 2446 3955 saeviens
2471 3914 2686 3955 carnem
2728 3909 2903 3971 potest
2940 3902 3183 3957 occidere
3213 3921 3226 3957 :
3259 3911 3311 3957 tu
3356 3912 3536 3961 autem

1946 3987 2173 4045 dicendo
2217 3990 2408 4045 falsum
2452 3990 2817 4048 testimonium
2864 3992 3097 4048 animam
3144 3993 3363 4050 occidis.
3394 3994 3535 4051 Audi

1946 4083 2277 4151 Scripturam
2304 4096 2318 4134 :
2346 4079 2417 4134 Os
2441 4082 2576 4151 quod
2616 4082 2888 4149 mentitur,
2920 4082 3101 4137 occidit
3125 4083 3349 4137 animam
3375 4084 3532 4156 (Sap.

1946 4189 1985 4241 ι,
2018 4173 2151 4244 11).
2183 4172 2383 4242 Itaque,
2421 4169 2615 4227 fratres
2653 4172 2792 4238 mei,
2842 4174 2908 4228 ad
2948 4189 3107 4229 omne
3149 4184 3293 4231 recte
3337 4176 3533 4232 factum

1945 4281 2098 4321 amor
2133 4273 2187 4321 et
2230 4264 2388 4319 timor
2412 4262 2559 4319 ducit
2586 4279 2601 4317 :
2632 4262 2697 4318 ad
2724 4278 2884 4319 omne
2911 4274 3183 4335 peccatum
3210 4281 3361 4322 amor
3387 4277 3441 4322 et
3468 4269 3536 4323 ti-

1946 4375 2066 4416 mor
2107 4359 2271 4415 ducit.
2318 4357 2387 4415 Ut
2432 4357 2591 4412 facias
2631 4358 2792 4425 bene,
2841 4373 2989 4412 amas
3030 4359 3231 4425 Deum,
3280 4370 3334 4416 et
3378 4361 3535 4418 times

1948 4456 2115 4511 Deum
2146 4473 2161 4511 τ
2191 4462 2251 4509 ut
2278 4460 2453 4508 autem
2483 4452 2645 4508 facias
2671 4452 2809 4507 male
2829 4494 2843 4518 ,
2880 4467 3027 4507 amas
3063 4453 3318 4508 mundum
3344 4495 3357 4517 ,
3388 4462 3441 4509 et
3470 4456 3536 4510 ti-

1948 4564 2062 4605 mes
2105 4546 2387 4602 mundum.
2440 4544 2567 4600 Haec
2612 4543 2718 4599 duo
2757 4553 3134 4599 convertantur
3177 4544 3242 4599 ad
3288 4546 3485 4613 bonum
3516 4564 3534 4600 :

1946 4640 2164 4696 amabas
2205 4649 2399 4695 terram
2422 4680 2438 4703 ,
2469 4652 2589 4692 ama
2618 4637 2781 4692 vitam
2813 4646 3100 4703 aeternam;
3134 4637 3359 4693 timebas
3388 4654 3537 4695 mor-

1948 4743 2075 4800 tem,
2102 4733 2229 4787 time
2256 4732 2579 4802 gehennam.
2610 4728 2874 4801 Quidquid
2898 4729 2991 4784 tibi
3020 4730 3201 4800 iniquo
3226 4732 3536 4801 promiserit

1947 4825 2214 4893 mundus,
2244 4822 2500 4894 numquid
2539 4830 2716 4893 potest
2751 4821 2878 4877 dare
2921 4830 3179 4891 quantum
3222 4821 3368 4877 dabit
3390 4823 3537 4893 justo

1949 4918 2130 4975 Deus?
2172 4913 2437 4985 Quidquid
2483 4912 2577 4969 tibi
2614 4912 2759 4984 justo
2798 4913 3030 4968 minatus
3068 4913 3229 4968 fuerit
3268 4913 3534 4981 mundus,

1950 5010 2203 5082 numquid
2244 5018 2419 5080 potest
2455 5008 2633 5063 facere
2675 5006 2819 5077 quod
2864 5004 2987 5060 facit
3025 5006 3207 5077 iniquo
3238 5006 3413 5062 Deus?
3441 5006 3536 5062 Vis

1949 5105 2132 5160 videre
2159 5102 2285 5173 quid
2310 5100 2529 5155 daturus
2554 5107 2638 5154 est
2663 5099 2821 5164 Deus,
2846 5098 2891 5153 si
2912 5097 3054 5168 juste
3074 5097 3306 5152 vixeris?
3339 5096 3533 5165 Venite,

1950 5196 2190 5252 benedicti
2215 5193 2385 5247 Patris
2408 5192 2537 5256 mei;
2567 5189 2803 5261 percipite
2828 5206 3036 5259 regnum
3064 5188 3199 5259 quod
3223 5188 3359 5242 vobis
3381 5204 3527 5257 para-

1951 5300 2057 5345 tum
2081 5298 2153 5344 est
2178 5287 2238 5341 ab
2264 5286 2457 5357 origine
2484 5284 2681 5339 mundi.
2712 5283 2807 5338 Vis
2830 5282 3011 5339 videre
3038 5281 3163 5353 quid
3194 5281 3430 5337 facturus
3457 5290 3540 5336 est.
3608 5298 3614 5303 ·

1951 5381 2164 5452 impiis?
2194 5378 2274 5433 Ite
2297 5380 2351 5433 in
2375 5378 2540 5449 ignent
2563 5386 2825 5440 a'ternum,
2856 5374 2943 5446 qui
2986 5382 3193 5444 paratus
3228 5383 3302 5428 est
3336 5373 3542 5427 diabolo

1953 5484 1997 5528 et
2025 5472 2216 5545 angelis
2256 5471 2368 5541 ejus
2397 5466 2620 5541 (Matth.
2666 5483 2792 5532 xxv,
2824 5466 2913 5533 54,
2959 5466 3085 5535 41).
3135 5465 3280 5520 Bene
3323 5463 3539 5534 quidem

1953 5565 2084 5621 nihil
2115 5548 2171 5619 th
2208 5561 2349 5617 aliud
2375 5562 2455 5617 vis
2476 5604 2490 5628 ,
2532 5574 2692 5631 quam
2722 5567 2781 5613 ut
2819 5558 2954 5612 bene
2987 5557 3075 5611 tibi
3107 5558 3193 5611 sit.
3231 5554 3361 5611 Nam
3392 5556 3445 5610 in
3473 5570 3542 5610 eo

1952 5656 2097 5730 quod
2123 5671 2290 5721 amas,
2315 5655 2395 5709 vis
2419 5664 2479 5709 ut
2503 5653 2638 5709 bene
2666 5652 2760 5705 tibi
2792 5650 2888 5714 sit;
2918 5658 2971 5704 et
2999 5650 3051 5703 in
3072 5663 3137 5703 eo
3163 5648 3303 5718 quod
3346 5648 3499 5702 times
3519 5687 3539 5715 ,

1954 5764 2061 5804 non
2084 5747 2165 5804 vis
2191 5754 2248 5802 ut
2271 5746 2413 5801 male
2438 5744 2533 5798 tibi
2554 5745 2625 5797 sit
2645 5759 2658 5797 :
2678 5740 2772 5797 sed
2797 5755 2903 5794 non
2923 5740 2975 5793 in
3000 5754 3062 5795 ea
3084 5739 3299 5809 regione
3320 5739 3538 5808 quaeris,

1955 5844 2009 5899 in
2040 5857 2143 5914 qua
2170 5836 2516 5912 quaerendum
2545 5844 2647 5891 est.
2700 5834 2977 5900 Festinas;
3027 5848 3147 5888 nam
3174 5840 3228 5888 et
3251 5832 3366 5887 sine
3395 5829 3538 5885 indi-

1959 5937 2135 6009 gentia
2164 5936 2244 5989 vis
2286 5946 2427 5989 esse.
2474 5939 2529 5987 et
2568 5929 2684 5985 sine
2724 5926 2962 5984 molestis
2996 5926 3237 5982 :bonum
3271 5933 3354 5982 est
3396 5921 3541 5996 quod

2600 6059 2724 6074 n‘fw.\—’
