3890 6214
1636 283 1720 290 ⁸-
1729 285 2590 295 -ν-Ψσ--ν-ᾐ-ἀ-φ-*ψ
2595 289 3274 300 “------“¹-οο
3282 293 3391 304 .‘n-d

199 289 3415 343 Mm

995 499 1220 584 ΤΟΥ
1257 500 1399 585 EN
1438 497 1798 582 ΛΓΙΟΙΣ
1838 498 2268 584 ΠΑΤΡΟΣ
2307 499 2634 586 ΗΜΩΝ

698 691 1561 806 ΓΡΗΓΟΡΙΟΥ
1643 691 1941 806 ΤΟΥ
2025 686 2865 824 ΘΕΟΛΟΓΟΥ

1119 904 1684 958 ΛΡΧΙΕΠΙΣΚΟΠΟΥ
1716 904 2525 960 ΚΩΝΣΤΑΝΤΙΝΟΥΠΟΛΕΩΣ

1463 1075 2157 1209 ΛΟΓΟΙ.

411 1480 570 1638 S.
680 1491 847 1637 P.
961 1489 1142 1640 N.
1252 1485 2172 1647 GREGORII
2255 1487 3231 1648 THEOLOGI

596 1770 1515 1866 ARCHIEPISCOPI
1595 1774 3039 1870 CONSTANTINOPOLITANI

1360 1990 2296 2121 ORATIONES.

353 2388 520 2463 486
571 2387 990 2452 MONITUM
1014 2389 1116 2453 IN
1145 2392 1536 2469 QUINQUE
1560 2391 2079 2468 SEQUENTES
2111 2388 2703 2452 THEOLOGICAS
2735 2388 3240 2454 ORATIONES.

279 2557 329 2616 1.
367 2555 760 2617 Devenimus
795 2555 1045 2618 tandem
1083 2556 1159 2617 ad
1195 2556 1480 2619 celebres
1515 2556 1657 2619 illas
1711 2556 2001 2634 Gregorii
2039 2580 2068 2614 ‹‹
2111 2557 2203 2617 De
2262 2554 2579 2633 theologia
2621 2578 2651 2612 »
2693 2557 3056 2635 orationes,
3114 2575 3256 2635 quae
3320 2559 3442 2635 ipsi

201 2635 432 2714 merito
464 2634 723 2714 quidem
773 2635 1100 2714 egregium
1137 2656 1166 2691 ‹‹
1203 2637 1511 2712 Theologi
1549 2659 1577 2691 »
1611 2653 1965 2714 cognomen
1999 2639 2472 2714 compararunt.
2506 2635 2576 2693 In
2610 2634 2744 2714 dies
2781 2634 2973 2708 enim,
3012 2642 3078 2696 ut
3105 2634 3230 2712 jam
3281 2634 3445 2699 vidi—

200 2731 372 2793 mus,
407 2713 928 2774 increbrescebat
973 2712 1534 2793 ConstantinOpoli
1567 2712 1928 2792 linguarum
1965 2712 2262 2791 prurigo;
2297 2729 2374 2793 ac
2406 2713 2760 2793 timendum
2797 2721 2970 2785 erat,
3014 2729 3094 2774 ne
3138 2715 3446 2793 effrenata

199 2792 554 2871 impietatis
592 2797 653 2853 et
693 2793 930 2854 erroris
963 2792 1226 2871 audacia
1266 2791 1696 2854 venerandam
1728 2793 1876 2856 fidei
1918 2810 1990 2855 ac
2019 2792 2345 2852 Trinitatis
2395 2791 2750 2871 doctrinam
2786 2793 3042 2870 penitus
3076 2792 3449 2869 exstingue-

201 2870 330 2932 ret.
362 2871 620 2932 Dudum
651 2879 863 2950 autem
906 2870 1394 2950 desiderabatur
1423 2871 1542 2942 vir,
1575 2871 1688 2949 qui
1741 2888 1990 2934 morum
2025 2871 2386 2950 integritate
2411 2913 2426 2940 ,
2468 2870 2716 2946 ingenii
2751 2873 2808 2931 vi
2847 2877 2907 2931 et
2937 2871 3232 2950 acumine
3256 2913 3272 2940 ,
3305 2872 3445 2950 pie-

199 2950 352 3028 tatis
397 2956 456 3010 et
524 2949 831 3012 doctrinm
879 2949 1301 3025 excellentia,
1342 2948 1783 3012 caecutientem
1840 2951 2146 3028 p0pulum
2206 2948 2284 3010 ab
2353 2965 2638 3028 errorum
2689 2950 2970 3011 tenebris
3020 2949 3099 3010 ad
3157 2948 3446 3012 veritatis

199 3027 420 3090 lumen
454 3028 731 3106 benigne
766 3034 1119 3090 revocaret.
1172 3029 1266 3089 Ad
1319 3029 1441 3090 tale
1474 3037 1731 3107 tamque
1783 3027 2054 3092 arduum
2089 3043 2254 3106 Opus
2297 3042 2483 3088 nemo
2515 3027 2825 3107 Gregorio
2864 3029 3098 3105 aptior,
3131 3037 3443 3105 praestan—

202 3107 331 3169 tior
363 3105 887 3186 nemo;’quippe
937 3108 1085 3182 qui,
1144 3109 1210 3168 in
1272 3124 1589 3171 sacrarum
1627 3105 2010 3170 Litterarum
2071 3105 2286 3186 studio
2350 3105 2636 3186 apprime
2690 3113 3014 3178 versatus,
3050 3107 3444 3170 abstrusiora

200 3201 477 3264 quaeque
514 3185 680 3248 circa
741 3203 840 3247 res
898 3187 1148 3248 divinas
1214 3187 1369 3247 mira
1431 3187 1674 3262 ingenii
1708 3187 2015 3248 facilitate
2068 3185 2468 3262 interpretari
2537 3201 2608 3246 ac
2642 3188 2978 3264 enucleare
3030 3195 3273 3262 posset.
3303 3188 3442 3248 Iam

203 3262 421 3334 enim,
458 3280 530 3324 ex
554 3281 695 3344 quo
728 3263 1460 3344 ConstantinOpolitanae
1503 3265 1806 3328 Ecclesiae
1840 3265 2125 3344 regimen
2159 3268 2562 3344 susceperat,
2600 3262 2870 3344 plurima
2903 3279 3055 3324 sane
3089 3264 3442 3340 praebuerat

205 3349 340 3424 tum
368 3341 708 3424 doctrinae,
744 3350 876 3404 tum
919 3341 1177 3424 pietatis
1207 3351 1613 3424 argumenta;
1646 3351 1838 3424 atque
1872 3341 2041 3405 totus
2070 3343 2133 3400 in
2170 3342 2236 3424 id
2272 3357 2472 3424 unum
2509 3341 2918 3424 incubuerat,
2957 3347 3060 3413 ut,
3099 3344 3445 3424 proﬂigata

202 3420 436 3502 haeresi
462 3465 479 3491 ,
510 3420 948 3502 labefactatam
980 3420 1686 3502 Trinitatisdoctrinam
1722 3420 2132 3502 instauraret.
2169 3420 2413 3502 Idcirco
2463 3437 2803 3502 nunquam
2834 3421 2900 3481 in
2939 3421 3240 3502 omnibus
3279 3440 3438 3502 quas

201 3500 764 3579 Constantinopoli
799 3501 1024 3562 habuit
1058 3501 1480 3576 orationibus,
1513 3501 1755 3578 aliquid
1796 3501 1873 3561 de
1915 3499 2220 3579 Trinitate
2269 3499 2557 3579 intexere
2593 3500 2880 3579 destitit,
2917 3515 3031 3579 nec
3062 3517 3095 3559 a
3128 3499 3349 3562 labore
3378 3509 3440 3561 et

203 3579 370 3657 inito
393 3594 538 3639 cum
572 3577 882 3642 haereticis
916 3580 1133 3655 praelio
1165 3580 1562 3656 conquievit.
1599 3577 1675 3640 At
1703 3598 1782 3641 ne
1831 3579 1891 3639 id
1924 3577 2180 3656 quidem
2215 3577 2556 3657 satis.ilpsi
2583 3578 2773 3657 etiam
2810 3578 3100 3657 cominus
3136 3583 3195 3638 et
3228 3586 3439 3657 aperta

201 3655 419 3718 fronte
452 3673 597 3718 cum
654 3657 837 3720 hoste
864 3655 1504 3730 dimicandum’erat;
1539 3664 1601 3722 et
1649 3675 1811 3734 quas
1845 3655 2012 3718 anno
2044 3655 2424 3735 praecedenti
2485 3655 2857 3735 promiserat
2891 3656 2970 3735 (1)
3002 3676 3036 3735 να
3075 3658 3166 3718 De
3198 3655 3448 3720 theolo-

202 3736 308 3815 gia
335 3757 366 3792 In
401 3736 764 3810 orationes,
807 3752 975 3798 nunc
1003 3736 1068 3797 in
1105 3736 1601 3815 lucemprofert.
1630 3739 1830 3798 Tanta
1863 3735 1985 3798 fuit
2016 3735 2265 3795 illarum
2311 3734 2428 3805 vis,
2463 3741 2530 3794 ut
2567 3734 2856 3809 haeresis,
2893 3734 3099 3797 valido
3133 3743 3442 3814 prostrata

201 3813 336 3874 ictu
361 3857 378 3886 ,
411 3830 728 3891 nusquam
761 3815 992 3876 exinde
1024 3823 1209 3892 caput
1239 3813 1481 3892 erigere
1511 3816 1809 3891 potuerit.

285 3893 378 3973 Il.
402 3892 932 3973 liitenhzereticos
954 3891 1360 3973 quibuscum
1382 3903 1699 3955 certamen
1745 3894 1976 3955 inierat
2009 3892 2378 3969 Gregorius,
2411 3891 2884 3973 audacioresse
2917 3893 3278 3973 praebebant
3319 3895 3446 3956 Eu-

201 3971 519 4033 nomiani.
553 3969 645 4030 Eo
672 3971 843 4032 enim
878 3969 1222 4050 impietatis
1261 3988 1332 4033 ac
1358 3973 1644 4050 stultitiae
1676 3980 2137 4050 proruperant,
2176 3978 2242 4032 ut
2274 3991 2303 4027 α
2339 3987 2411 4050 se
2432 3971 2600 4050 iscire
2619 3972 3093 4050 _omnia,'etiam
3131 3972 3445 4048 profunda

205 4051 324 4112 Dei
375 4058 433 4124 ί,
462 4071 493 4107 »
529 4066 732 4124 eaque
763 4048 994 4131 docere
1049 4050 1492 4131 proﬁterentur
1541 4048 1646 4131 (2).
1681 4048 2008 4131 'Prmterea
2031 4091 2065 4131 ,_
2102 4055 2322 4131 ornate
2378 4048 2633 4131 dicendi
2689 4050 3037 4131 cupiditate
3072 4050 3434 4131 ﬂagrantes,

205 4137 345 4191 tum
385 4145 600 4191 rerum
631 4128 1086 4199 novitate,tum
1123 4128 1460 4190 verborum
1497 4128 1842 4202 le’n'ticinio,
1872 4129 1989 4190 sibi
2014 4128 2343 4204 elegantiae
2378 4128 2630 4189 laudem
2667 4128 3005 4190 ambitiose
3038 4129 3441 4192 affectabam.

200 4208 334 4269 Eos
372 4207 648 4287 primum
682 4214 1003 4287 Oppugnat
1033 4207 1417 4284 Gregorius,
1466 4218 1655 4287 atque
1697 4207 1980 4269 hortatur
2011 4206 2128 4285 (3),
2166 4215 2333 4287 ut,_«
2365 4205 2645 4287 frenata,
2680 4205 2735 4266 si
2769 4206 2972 4287 modo
3005 4214 3282 4286 queant,
3317 4208 3438 4287 ali-

201 4284 499 4364 quandiu
529 4284 744 4360 lingua
767 4329 783 4358 ,
825 4307 854 4341 »
887 4286 1007 4346 sibi
1041 4303 1230 4346 aures
1263 4284 1601 4361 praebeant.
1645 4289 1808 4348 Tum
1842 4287 1906 4346 in
1947 4284 2078 4346 tota
2130 4285 2442 4346 orationis
2498 4285 2664 4364 serie
2699 4286 2886 4364 unice
2937 4284 3153 4358 docet,
3186 4285 3441 4363 qualem

203 4361 675 4444 esseioporteat
708 4365 796 4424 rei
832 4364 1208 4444 theologica)
1262 4365 1586 4426 doctorem
1638 4383 1709 4426 ac
1759 4365 2186 4444 magistrumi
2227 4370 2418 4444 atque
2459 4363 2741 4444 assignat
2776 4361 2970 4444 (ἃμα
3033 4361 3324 4444 quando,
3383 4374 3444 4425 et

199 4443 381 4522 apud
429 4440 643 4522 quos,
722 4449 784 4502 et
855 4445 934 4505 de
976 4440 1310 4522 (quibus,
1347 4452 1440 4522 et,
1476 4440 1937 4522 quousquef»
1999 4443 2077 4504 de
2151 4442 2284 4522 Deo
2346 4440 2795 4522 disserendum
2845 4440 2969 4513 sit,
3024 4440 3142 4522 ne,
3203 4443 3443 4504 intem-

201 4519 853 4598 pestive'loquentes,
886 4528 946 4581 et
971 4519 1088 4596 ipsi
1116 4529 1175 4583 et
1209 4520 1396 4582 nobis
1427 4519 1730 4598 iniuriam
1760 4521 2133 4584 inferamus.
2171 4519 2317 4580 Haec
2347 4526 2443 4580 est
2473 4519 2647 4596 prior
2681 4541 2709 4575 α
2745 4521 2835 4582 De
2870 4521 3184 4596 theologia
3232 4544 3260 4577 »
3295 4538 3440 4582 ora-

201 4601 333 4671 tio,
370 4615 554 4678 quae,
584 4599 770 4676 juxta
802 4600 1110 4678 eruditos,
1144 4601 1317 4663 velut
1372 4607 1738 4661 raeterarum
1774 4600 2177 4678 prooemium,
2220 4615 2337 4659 seu
2369 4598 2649 4673 praefatio
2681 4598 2968 4660 habenda
3005 4607 3120 4660 est.
3149 4600 3217 4659 In
3250 4602 3444 4660 altera

200 4694 362 4739 vero
394 4676 511 4757 (5),
540 4677 853 4757 invocata,
879 4677 1189 4740 Trinitate
1212 4723 1226 4749 ,
1261 4678 1338 4738 de
1363 4678 1496 4738 Deo
1521 4679 1661 4756 ipso
1686 4723 1702 4752 ,
1731 4676 1878 4740 licet
1909 4679 2230 4755 trepidans
2254 4719 2270 4749 ,
2305 4692 2664 4757 sermonem
2701 4679 3087 4757 aggreditur.
3124 4677 3445 4757 Deiexsi-

201 4754 508 4817 stentiam
542 4754 965 4834 invictissime
1020 4758 1266 4828 statuit,
1313 4754 1604 4832 quamvis
1635 4757 1842 4834 ipsius
1887 4754 2189 4834 naturam
2247 4754 2441 4834 nullis
2495 4755 2756 4834 quidem
2793 4754 3041 4834 verbis
3089 4755 3388 4833 explicari
3423 4799 3439 4825 ,

200 4835 416 4896 multo
439 4835 656 4913 minus
688 4831 1013 4913 intellectu
1033 4831 1484 4913 comprehendi
1515 4831 1728 4912 posse,
1754 4835 2046 4896 fateatur.
2079 4832 2324 4894 Deinde
2359 4831 2581 4894 tranSit
2602 4835 2679 4896 ad
2700 4832 3069 4896 idololatriae
3097 4831 3440 4910 originem,

199 4929 332 4991 qua
367 4915 516 4974 (ξωοὶ
565 4911 892 4984 homines,
926 4912 1141 4973 Omnia
1171 4911 1246 4973 ad
1279 4911 1889 4976 sensus'referentes
1917 4956 1934 4986 ,
1975 4913 2100 4974 sibi
2132 4917 2504 4991 terrestres,
2539 4913 2824 4974 coelestes
2876 4928 2947 4991 ac
2987 4913 3442 4991 subterraneos

199 4989 365 5053 deos
397 4992 592 5052 stulte
627 5005 699 5048 ac
750 4992 980 5051 stolide
1015 4991 1371 5064 ﬁnxerunt,
1403 5008 1548 5052 cum
1581 4994 1757 5054 Deus
1806 4992 1940 5052 sola
1974 5009 2182 5052 rerum
2219 4989 2603 5051 naturalium
2635 4989 3170 5066 contemplatione
3201 5006 3446 5066 cogno-

200 5070 296 5132 sci
341 5071 570 5148 possit.
611 5067 822 5148 Terlia
859 5067 1240 5146 Tbe010gica
1276 5070 1362 5148 (6)
1399 5093 1426 5126 ‹‹
1462 5071 1546 5131 De
1576 5069 1740 5132 Filio
1782 5092 1811 5127 »
1847 5069 2241 5131 inscribitur.
2275 5067 2690 5148 Quaecunque
2739 5069 2814 5130 ad
2851 5069 3085 5129 Christi
3129 5068 3438 5129 divinita-

201 5145 626 5223 tem—etE37
682 5145 1138 5209 humanitatem
1182 5145 1706 5222 pertinent.fuse
1756 5166 1828 5210 ac
1883 5164 2154 5210 nervose
2219 5145 2601 5208 tractantur;
2645 5148 2819 5208 Idem
2879 5153 3322 5222 argumentum
3378 5148 3442 5205 iu

197 5233 433 5306 quarta
468 5225 548 5302 (7)
615 5225 1025 5302 prosequitur
1083 5227 1464 5303 Gregorius,
1525 5243 1596 5289 ac
1646 5227 1920 5304 plurima
1977 5226 2308 5288 excutiens
2362 5224 2699 5304 Scripturm
2749 5226 3153 5300 testimonia,
3186 5239 3329 5303 quae
3364 5228 3440 5285 ad

273 5329 290 5358 ¹
324 5327 342 5379 I
380 5324 507 5381 Cor.
543 5339 605 5387 II,
636 5321 722 5376 10.

272 5421 355 5488 (1)
393 5417 489 5473 Or.
520 5433 675 5477 XXIII,
707 5431 761 5468 n.

829 5413 879 5488 4.
1955 5414 2028 5488 (53')
2055 5413 2145 5488 O_r.
2180 5432 2365 5472 XXVIII.

269 5484 354 5560 (2)
391 5488 496 5560 Or.
521 5503 694 5560 x-xvu‘,
721 5503 775 5540 n.
805 5484 857 5536 ‘2.

805 5484 857 5536 ‘2.
1953 5485 2027 5560 (εἰ)
2196 5503 2337 5540 xxu'.

270 5554 353 5630 (δ)
387 5559 545 5630 Ιὺῖίὲι,
576 5574 628 5608 ιι.
658 5555 711 5630 ἓ.

1951 5554 2027 5625 (7)
2058 5557 2146 5612 0r.
2181 5572 2303 5610 xxx.

386 5627 539 5690 IIIid.,
572 5641 623 5677 n.
659 5627 711 5679 ’5.

406 5721 677 5784 PnnoL,
722 5718 837 5777 Gn.
885 5717 1184 5778 XXXVI.
3106 5719 3137 5778 1
