3890 6214
459 276 516 330 Η
1652 267 1710 322 S.
1753 265 2078 322 GREGORII
2119 265 2469 323 THEOLOGI
3634 273 3702 326 12

457 385 776 461 Christum
813 381 1197 454 referuntur,
1245 380 1626 461 singulaque
1675 396 2065 441 enumerans
2103 381 2359 461 nomina
2395 398 2537 458 quae
2577 379 2869 461 Christo,
2904 386 3036 461 tum
3079 387 3144 461 ut
3170 381 3383 444 Verbo
3410 426 3426 454 ,
3461 389 3592 444 tum
3627 395 3696 447 ut

456 458 700 525 homini
749 464 1172 530 conveniunt,
1209 477 1280 521 ea
1335 459 1548 538 omnia
1590 475 1943 535 eorumque
1988 475 2212 538 causas
2260 459 2362 535 pie
2393 476 2464 519 ac
2497 458 2745 519 erudite
2778 460 3062 535 exponit.
3104 460 3176 521 In
3237 461 3458 538 quinta
3515 463 3700 524 deni-

457 559 584 622 que
620 540 729 622 (8)ἒ
763 539 960 622 sancti
985 539 1274 622 Spiritus
1307 537 1706 622 divinitatem
1740 537 2318 622 acaprocessionem
2360 544 2574 622 contra
2610 538 2916 622 Arianos,
2946 537 3384 622 Eunomianos
3418 547 3481 601 et
3531 559 3700 622 pree-

457 615 646 697 eipue
676 615 1158 697 Macedonianos
1190 616 1444 697 fortiter
1471 617 1692 697 asserit
1722 635 1737 686 ;
1775 615 1963 697 idque
1994 615 2321 697 sapienter
2352 617 2645 697 observat
2674 659 2692 688 ,
2725 633 2854 697 non
2901 617 3046 678 ideo
3086 617 3355 697 plurima
3379 661 3395 687 ,
3440 615 3692 696 exqui-

457 693 581 761 bus
617 696 817 759 sancti
852 696 1124 774 Spiritus
1169 694 1463 755 divinitas
1494 693 1906 774 apertissime
1935 693 2144 770 colligi
2203 697 2438 770 possit,
2474 694 2816 774 rejieienda
2856 713 2997 757 esse
3025 740 3041 770 ,
3073 693 3245 773 quod
3279 697 3414 773 ipsa
3441 742 3454 766 ,
3492 693 3697 759 certas

458 779 541 840 ob
573 791 818 848 causas,
853 773 980 836 non
1014 773 1095 834 ita
1129 790 1428 850 expresse
1465 789 1781 833 sacrarum
1846 773 2224 832 Litterarum
2277 773 2713 834 monumentis
2746 774 3114 849 consignata
3171 774 3288 843 sit,
3333 792 3451 834 nec
3507 778 3696 838 anxie

459 859 537 918 de
579 855 908 916 nominum
948 868 1108 914 sono
1160 850 1576 928 litigandum,
1637 867 1779 913 cum
1840 866 1938 911 res
1996 850 2166 929 ipsas
2234 850 2570 929 Scripturee
2631 854 3006 914 auctoritate
3057 856 3495 929 comprobatas
3553 872 3696 916 esse

459 940 723 998 constet.

536 1012 646 1074 Ill.
677 1011 1070 1089 Analylieam
1107 1010 1371 1089 istarum
1405 1008 1764 1089 orationum
1802 1008 2128 1089 synopsim
2182 1007 2397 1085 paucis
2429 1007 2686 1089 quidem
2722 1007 3048 1089 attigimus
3078 1023 3209 1089 ,Ane
3264 1007 3494 1089 fusiori
3557 1027 3694 1071 ser-

459 1108 651 1153 mone
685 1087 933 1150 illarum
967 1093 1202 1160 aciem,
1235 1087 1287 1147 si
1327 1089 1408 1147 ita
1454 1087 1624 1161 loqui
1661 1087 1750 1146 l'as
1785 1096 1914 1158 est,
1958 1088 2486 1148 obtunderemus.
2513 1087 2941 1148 Consentiunt
2967 1087 3199 1147 eruditi
3237 1104 3343 1147 eas
3375 1088 3694 1148 Constan-

457 1168 723 1244 tinopoli
761 1169 1003 1228 habitas
1053 1168 1253 1226 fuisse
1289 1182 1454 1225 anno
1485 1167 1621 1226 380.
1649 1166 1997 1241 Gregorius
2048 1167 2184 1242 ipse
2220 1165 2402 1226 nobis
2435 1165 2626 1242 hujus
2655 1166 2740 1244 rei
2774 1175 3146 1244 argumenta
3198 1167 3580 1240 suppeditat.
3615 1167 3687 1226 ln

456 1242 744 1310 oratione
792 1246 962 1307 enim
1003 1246 1481 1321 quadragesima
1516 1245 1790 1304 secunda
1814 1288 1830 1316 ,
1864 1245 2158 1321 sequenti
2190 1259 2358 1304 anno
2419 1242 2826 1320 pronuntiata
2857 1289 2872 1314 ,
2911 1243 3360 1320 deSeripturae
3401 1246 3690 1306 testimo-

456 1327 617 1394 niis,
651 1341 793 1404 quaa
837 1343 881 1404 ea
930 1323 1268 1404 Catholieis
1325 1323 1389 1382 in
1425 1324 1797 1404 haereticos,
1837 1323 1930 1404 vel
1984 1323 2062 1382 ab
2093 1322 2236 1404 istis
2268 1321 2336 1382 in
2370 1323 2776 1404 orthodoxos
2803 1322 3288 1404 torquebantur,
3345 1341 3564 1404 agens,
3599 1325 3692 1385 sic

455 1401 739 1482 loquitur
771 1401 850 1482 (9)
887 1421 902 1460 :

940 1425 967 1457 α
1001 1405 1075 1464 Et
1107 1402 1366 1480 quidem
1416 1401 1752 1480 Scriptura;
1793 1399 2154 1462 testimonia
2181 1446 2197 1473 ,
2223 1417 2365 1477 qum
2397 1400 2884 1480 mentientibus
2923 1399 3300 1480 molestiam
3328 1401 3684 1476 exhibent,

455 1477 598 1544 aliis
632 1477 1096 1558 relinquimus,
1127 1477 1278 1540 cum
1315 1497 1344 1558 a
1374 1479 1594 1540 multis
1624 1479 1754 1558 jam
1789 1497 1987 1556 smpe,
2027 1485 2154 1539 tum
2190 1480 2378 1538 etiam
2412 1497 2442 1538 a
2492 1479 2679 1539 nobis
2715 1477 2880 1538 haud
2917 1479 3347 1558 perfunctorie
3379 1489 3461 1558 et;
3490 1481 3691 1555 negli-

451 1571 674 1640 genter
721 1556 946 1640 litteris
980 1557 1268 1620 mandata
1305 1557 1563 1620 fuerint.
1628 1556 1661 1615 io
1716 1558 1883 1640 Quae
1931 1559 2146 1640 verba,
2204 1558 2383 1631 juxta
2424 1558 2828 1632 interpretes,
2862 1556 2990 1617 non
3028 1557 3255 1640 solum
3295 1556 3688 1640 theologieas

453 1635 770 1700 orationes
805 1639 1180 1714 designant,
1222 1653 1438 1697 verum
1500 1655 1606 1698 eas
1644 1637 1832 1696 etiam
1859 1637 1989 1715 jam
2024 1637 2322 1711 scriptas,
2359 1652 2742 1711 summaque
2776 1652 2919 1695 cum
2947 1653 3105 1715 cura
3139 1635 3494 1715 elaboratas
3528 1637 3691 1696 indi-

452 1725 616 1779 cant.
649 1716 886 1794 Conjici
920 1712 1175 1794 quoque
1219 1721 1459 1792 potest,
1503 1715 1786 1792 singulas
1835 1712 2093 1794 quidem
2134 1716 2344 1794 ipsas,
2384 1715 2595 1794 primo
2636 1729 2745 1794 pro
2779 1714 3090 1794 concione
3141 1712 3415 1794 habitas,
3473 1723 3691 1791 postea

453 1813 603 1858 vero
637 1796 948 1856 maturius
977 1797 1252 1872 digestas
1279 1839 1296 1867 ,
1329 1795 1405 1853 ab

1445 1794 1586 1870 ipso
1617 1791 1927 1869 Gregorio
1957 1793 2159 1853 fuisse
2205 1793 2431 1854 litteris
2489 1792 2918 1866 consignatas.
2974 1791 3136 1853 Hine
3181 1792 3304 1852 illae
3355 1794 3685 1854 orationes

452 1891 581 1936 non
613 1874 933 1934 immerito
977 1869 1126 1934 visre
1168 1869 1742 1951 suntHieronymo
1779 1872 1918 1951 libri
1972 1869 2238 1951 formam
2297 1871 2557 1951 referre.
2600 1871 2830 1930 Scribit
2870 1872 3041 1930 enim
3102 1871 3221 1951 hac
3281 1871 3358 1931 de
3411 1871 3632 1951 r_e_(10)
3667 1890 3685 1928 :

456 1975 486 2008 α
523 1953 848 2014 Adversus
891 1951 1280 2014 Eunomium
1316 1949 1478 2012 liber
1510 1947 1714 2022 unus,
1748 1951 1839 2012 De
1871 1949 2104 2025 Spiritu
2137 1959 2354 2010 saneto
2391 1950 2550 2009 liber
2586 1966 2777 2009 unus.
2817 1972 2846 2005 »
2881 1951 2969 2008 Ex
3004 1948 3243 2026 quibus
3280 1947 3692 2010 manifestum

451 2041 570 2103 est,
621 2037 900 2110 quatuor
954 2031 1176 2092 saltem
1213 2029 1480 2110 priores,
1515 2038 1736 2108 utpote
1787 2045 1928 2107 quas
1959 2043 2178 2110 secum
2208 2028 2578 2110 arctissime
2621 2027 3023 2110 cohaereant,
3059 2028 3243 2088 unica
3275 2034 3523 2110 tantum
3555 2045 3694 2089 ora-

449 2104 661 2183 tione;
691 2127 807 2171 seu
842 2109 1002 2170 libro
1028 2153 1044 2180 ,
1072 2126 1103 2169 a
1141 2104 1356 2169 saneto
1389 2104 1659 2168 Doctore
1700 2104 2180 2180 comprehendi.
2208 2106 2386 2167 Hane
2427 2105 2616 2184 etiam
2650 2104 2730 2164 ob
2769 2122 3060 2184 causam,
3102 2122 3315 2184 neque
3352 2107 3682 2181 vulgatum

449 2205 664 2248 earum
714 2188 1003 2249 ordinem
1056 2196 1341 2260 mutare,
1377 2203 1587 2265 neque
1618 2187 1798 2247 aliam
1829 2185 1905 2244 ab
1930 2184 2069 2265 alia
2103 2201 2395 2263 separare
2431 2183 2777 2256 voluimus,
2815 2185 2958 2246 licet
2995 2183 3132 2244 alia:
3163 2183 3419 2245 interim
3450 2185 3687 2246 oratio-

393 2335 396 2338 .
448 2282 564 2327 nes
595 2267 782 2328 dicta}
805 2274 866 2327 et
896 2266 1241 2344 iuterjeetze
1273 2264 1736 2327 videriimerito
1771 2264 2045 2342 possint.

539 2364 593 2436 8.)
617 2361 711 2436 Qr.
743 2379 894 2418 xui.

541 2431 594 2506 9)
619 2431 712 2489 0r.
751 2449 884 2498 xui,
912 2449 964 2488 n.
997 2434 1084 2490 18.

853 2725 1236 2802 ORATIO
1268 2724 1614 2802 XXVII“.

843 2896 1309 2953 THEOLOGICA
1362 2895 1627 2951 PRIMA.

622 3036 880 3091 Adversus
918 3033 1272 3088 Eunomianos
1301 3035 1492 3102 pra'via
1523 3033 1838 3087 dissertatio.

513 3171 555 3226 1.
596 3170 676 3224 Ad
704 3183 816 3234 eos,
845 3167 935 3236 qui
965 3175 1153 3221 ornate
1185 3165 1396 3220 dicendi
1429 3166 1726 3235 cupiditate
1759 3163 2010 3235 ﬂagrant,

447 3261 580 3316 mihi
628 3273 810 3314 sermo
844 3258 970 3313 erit.
1006 3257 1072 3310 Et
1103 3265 1164 3310 ut
1201 3255 1495 3324 Scriptura:
1526 3255 1703 3310 verbis
1737 3256 2008 3320 exordiar,

446 3354 582 3407 Ecce
622 3368 715 3422 ego
748 3351 1023 3405 adversum
1072 3359 1120 3404 te
1165 3351 1592 3403 contumeliosam
1615 3351 1657 3414 ’,
1693 3361 1800 3402 tam
1834 3350 1886 3402 in
1913 3351 2010 3404 do-

443 3446 634 3511 cendo,
662 3460 823 3514 quam
859 3444 910 3497 in
941 3443 1228 3507 audiendo,
1253 3453 1307 3496 et
1335 3441 1643 3511 cogitando.
1677 3441 1812 3497 Sunt
1838 3443 2006 3508 enim,

443 3545 571 3591 sunt
599 3536 838 3603 quidam,
873 3533 1069 3600 quibus
1091 3547 1194 3585 non
1223 3531 1394 3603 488
1423 3547 1580 3586 aures
1606 3535 1887 3597 duntaxat,
1914 3532 2008 3585 sed

443 3629 605 3681 etiam
647 3627 824 3696 lingua
883 3635 1043 3692 atque
1099 3624 1231 3677 adeo
1279 3637 1468 3676 manus
1516 3637 1732 3691 quoque
1777 3624 1923 3689 ipsae,
1952 3629 2010 3674 ut

442 3718 618 3780 video,
655 3716 720 3770 ad
746 3728 1024 3770 sermones
1057 3727 1272 3768 nosnos
1308 3713 1608 3783 pruriunt,’
1654 3714 1852 3782 quique
1895 3715 2011 3766 ina-

445 3809 604 3864 nibus
673 3807 872 3871 verbis,
924 3815 980 3860 et
1035 3805 1466 3859 contentionibus
1526 3804 1662 3860 falso
1720 3805 2010 3860 nominatae

441 3900 706 3964 scientiae,
761 3912 822 3952 ac
868 3898 1292 3967 disputationum
1335 3896 1530 3967 pugnis
1562 3895 1607 3960 ⁸,
1655 3911 1773 3965 quae
1810 3895 2006 3950 nullam

441 3991 730 4045 utilitatem
773 3987 1029 4051 aﬂ'erunt,
1077 3987 1435 4042 oblectantur.
1495 3985 1585 4040 Sic
1630 3985 1796 4049 enim,
1853 3985 2010 4053 quid-

440 4084 567 4152 quid
605 4083 658 4136 in
709 4080 910 4144 verbis,
953 4079 1036 4134 vel
1075 4092 1556 4147 supervacaneum,
1610 4077 1694 4131 vel
1732 4077 2006 4132 curiosum

441 4177 546 4234 est,
587 4177 746 4224 vocat
797 4168 1031 4232 Paulus,
1074 4167 1162 4222 ille
1214 4167 1442 4220 breviati
1473 4168 1620 4220 verbi
1660 4169 1680 4199 ⁵
1730 4183 1906 4236 prreeo
1953 4176 2007 4224 et

2129 2361 2312 2486 eam?)
2335 2360 2412 2416 De
2441 2362 2622 2431 script.
2644 2361 2794 2429 cccl.,
2819 2375 2934 2430 cap.
2966 2361 3087 2423 H7.
3112 2360 3245 2432 Opp.
3278 2369 3317 2416 t.
3348 2360 3413 2429 ll,
3439 2361 3542 2419 col.
3567 2361 3673 2416 707

2630 2718 2992 2804 ΛΟΓΟΣ
3023 2719 3206 2802 ΚΖ.

2506 2899 2964 2952 ΘΕΟΛΟΓΙΚΟΣ
2993 2899 3298 2952 ΠΡΩΤΟΣ.

2336 3037 2496 3092 Κατὰ
2521 3041 2568 3091 Ε
2576 3039 2910 3109 ὺνομιανῶν
2935 3037 3047 3108 (11)
3072 3037 3398 3107 προδιάλεξ
3403 3058 3476 3104 ις.

2185 3173 2262 3224 Α’.
2292 3173 2434 3242 Πρὸς
2468 3173 2593 3236 τοὺς
2643 3175 2699 3226 ἐν
2731 3174 2874 3244 λόγῳ
2909 3173 3152 3245 κομψοὺς
3183 3176 3211 3227 6
3254 3175 3429 3242 λόγος.
3469 3176 3580 3228 Καὶ
3605 3175 3692 3228 ἵνα

2113 3262 2220 3314 ἀπὸ
2262 3264 2359 3333 τῆς
2409 3264 2630 3335 Γραφῆς
2685 3264 2969 3336 ἄρξωμαι·
3015 3264 3168 3318 Ἰδοὺ
3191 3263 3304 3334 ἐγὼ
3339 3265 3438 3318 ἐπὶ
3477 3265 3551 3318 σὲ
3579 3265 3689 3332 τὴν

2112 3355 2476 3422 ὑϐρίστριαν,
2493 3357 2584 3408 καὶ
2597 3357 2894 3420 παίδευσιν,
2909 3357 3000 3409 καὶ
3012 3356 3196 3426 ἀκοὴν,
3211 3357 3301 3408 καὶ
3311 3356 3690 3426 διὰνοιαν(12).

2112 3444 2230 3496 Εἰσὶ
2263 3444 2403 3515 γὰρ,
2461 3445 2566 3498 εἰσί
2611 3462 2772 3510 τινες,
2807 3447 2856 3497 οἱ
2905 3446 3002 3515 τὴν
3039 3446 3205 3516 ἀκοὴν
3240 3446 3350 3515 (15)
3404 3443 3692 3516 προσκνώ-

2115 3551 2262 3604 μενοι
2314 3535 2406 3588 καὶ
2461 3535 2560 3606 τὴν
2611 3534 2882 3602 γλῶσσαν,
2913 3534 3012 3605 ἤδη
3059 3533 3145 3596 δὲ,
3181 3534 3256 3598 ὼς
3296 3533 3440 3603 ὁρῶ,
3476 3534 3567 3585 καὶ
3591 3532 3692 3603 τὴν

2111 3628 2266 3695 χεῖρα
2297 3626 2342 3691 (1
2356 3626 2405 3694 4)
2441 3628 2550 3688 τοῖς
2579 3625 2866 3696 ἡμετέροις
2891 3624 3089 3692 λόγοις,
3120 3626 3214 3677 καὶ
3251 3626 3530 3698 χαίροντες
3571 3625 3692 3697 (ίὸ)

2110 3718 2229 3777 ταῖς
2265 3715 2504 3786 βεϐήλοις
2537 3718 2908 3785 κενοφωνίαις,
2940 3719 3032 3771 καὶ
3065 3716 3367 3771 ἀντιθέσεσι
3408 3718 3506 3788 τῆς
3530 3717 3692 3786 ψευδ-

2109 3807 2324 3878 ωνύμου
2384 3808 2654 3878 γνώσεως,
2697 3810 2793 3863 καὶ
2832 3814 2951 3875 ταῖς
3003 3811 3082 3874 εἰς
3113 3811 3262 3864 οὐδὲν
3297 3812 3566 3882 χρήσιμον
3596 3829 3695 3880 φε-

2111 3899 2332 3968 ρούσαις
2356 3900 2728 3971 λογομαχίαις.
2758 3900 2914 3954 Οὕτω
2936 3901 3044 3973 γὰρ
3077 3905 3105 3955 6
3139 3901 3347 3964 Παῦλος
3380 3901 3538 3954 καλεῖ
3580 3903 3694 3956 πᾶν

2109 3990 2169 4043 τὺ
2197 3992 2254 4044 ἐν
2285 3991 2428 4062 λόγῳ
2456 3991 2708 4062 περιττὸν
2733 3993 2824 4045 καὶ
2849 3993 3161 4063 περίεργον,
3203 3995 3231 4046 6
3255 3990 3348 4045 τοῦ
3387 4009 3691 4063 συντετμη-

2113 4079 2274 4150 μένου
2303 4080 2414 4150 (16)
2440 4080 2596 4149 λόγου
2632 4081 2807 4151 κῆρυξ
2836 4083 2929 4134 καὶ
2961 4082 3280 4154 βεϐαιωτὴς,
3304 4085 3331 4135 ό
3367 4083 3474 4135 τῶν
3493 4083 3695 4138 ἁλιέων

2113 4170 2356 4241 μαθητὴς
2387 4173 2478 4224 καὶ
2499 4171 2837 4234 διδάσκαλος.
2873 4167 3030 4226 Οὗτοι
3067 4173 3144 4232 δὲ.
3176 4175 3304 4244 περὶ
3335 4168 3409 4228 ὧν
3452 4174 3480 4224 6
3509 4174 3692 4243 λόγος.

440 4267 696 4322 assertor,
727 4257 818 4312 ille
856 4258 1183 4325 piscatorum
1225 4253 1540 4324 discipulus,
1582 4269 1645 4309 ac
1685 4267 2000 4326 praeceptor.

2126 4262 2218 4315 ιῖθε
2246 4265 2366 4333 μὲν,
2399 4263 2591 4336 ὥσπερ
2621 4263 2720 4334 τὴν
2751 4264 3002 4333 γλῶσσαν
3035 4263 3329 4337 εὔστροφον
3361 4267 3563 4336 ἔχουσι,
3593 4269 3694 4320 καὶ

439 4347 506 4404 Hi
556 4363 682 4403 vero
727 4350 793 4403 de
835 4349 1030 4418 quibus
1079 4347 1381 4402 orationem
1438 4349 1716 4411 habemus,
1773 4349 2003 4414 utinam,

441 4439 886 4510 quemadmodum
941 4438 1173 4507 linguam
1223 4436 1510 4491 volubilem
1565 4437 1785 4502 habent,
1845 4449 2007 4508 atque

439 4532 794 4587 nobilioribus
852 4536 905 4586 et
966 4529 1370 4597 probatioribus
1429 4530 1609 4584 verbis
1669 4531 2001 4588 insectandis

2113 4353 2288 4425 δεινὴν
2334 4355 2613 4409 ἐπιθέσθαι
2661 4355 2841 4424 λόγοις
2889 4357 3289 4428 εὐγενεστέροις
3322 4375 3381 4409 τε
3421 4359 3512 4410 καὶ
3545 4358 3696 4410 δοκι-

2117 4447 2400 4519 μωτέροις,
2431 4448 2570 4502 οὕτω
2598 4467 2648 4501 τι
2677 4450 2772 4502 καὶ
2806 4448 2933 4518 περὶ
2961 4450 3058 4512 τὰς
3088 4449 3314 4518 πράξεις
3338 4451 3688 4520 ἠσχολοῦντο.

2115 4537 2323 4609 Μικρὸν
2364 4536 2488 4603 οὖν,
2533 4540 2626 4594 καὶ
2664 4539 2791 4602 ἴσως
2833 4534 2993 4609 ἦττον
3035 4539 3098 4593 ἂν
3141 4536 3279 4612 ἦσαν
3312 4542 3561 4610 σοφισταὶ
3593 4542 3694 4595 καὶ

505 4643 527 4673 ³
557 4641 667 4697 .Ier.
718 4659 770 4706 ι,
816 4641 906 4696 51.
985 4641 1006 4672 ³
1052 4639 1096 4693 ll
1138 4641 1279 4695 Tim.
1323 4655 1394 4704 Iv,
1432 4642 1486 4695 5.
1560 4641 1583 4672 ⁸
1612 4641 1629 4696 l
1659 4642 1798 4698 Tim.
1829 4660 1900 4705 vi,
1940 4649 1995 4701 4.

2126 4651 2268 4706 Rom.
2294 4669 2368 4718 lx,
2392 4655 2479 4709 28.

509 4767 535 4796 ι
571 4753 716 4808 Alias
739 4751 976 4806 XXXIII.
994 4751 1312 4820 quautem
1339 4751 1408 4806 27
1423 4761 1560 4818 erat,
1581 4769 1720 4808 nunc
1733 4754 1820 4808 56.
1847 4757 2035 4813 —Ha-

435 4826 545 4884 bita
573 4839 712 4877 anno
742 4822 864 4876 580.

508 4893 810 4965 (inﬂate
851 4892 1275 4965 E6roprayéy._
1303 4893 1434 4965 Reg.
1464 4908 1516 4960 a,
1548 4893 1697 4950 Colb.
1741 4895 1794 4950 5.
1845 4896 1967 4951 Ruf.
1994 4917 2005 4951 :

435 4963 580 5037 1196;
603 4963 978 5037 Ebvoptqveb;
1004 4963 1362 5037 grpo6ta'tlsgtg,
1389 4963 1490 5018 Stal.
1516 4965 1598 5037 ὄῖι
1625 4965 1683 5018 οὐ
1719 4967 1919 5031 παντὸς
1947 4969 2007 5022 τὸ

437 4979 580 5037 ιιρος
613 4979 978 5085 ιυνοὲιιανους
1004 4979 1362 5033 προοιαλεζις,
1396 4979 1490 5018 και
1516 4979 1598 5018 οτι
1625 4979 1683 5018 oo
1719 4979 1919 5031 παντὸς
1947 4979 2004 5022 τὸ

435 5038 578 5113 crept.
593 5031 727 5086 Θεοῦ
771 5031 1112 5113 ιιαλὲγεσβαι,
1142 5033 1174 5103 ἦ
1205 5034 1451 5113 πάντοτεο
1491 5052 1510 5086 ι
1562 5035 1761 5113 Praevia
1801 5037 1853 5091 in
1892 5039 2004 5092 Eu-

436 5104 719 5159 noinianos
751 5104 1081 5166 dissertatio,
1133 5113 1185 5158 et
1229 5105 1370 5172 quod
1428 5120 1528 5160 nec
1565 5107 1842 5172 continuo,
1901 5124 2001 5164 nec

435 5175 687 5247 ninnilnis
715 5173 888 5226 modis
914 5172 979 5247 de
1010 5174 1118 5247 D_eo
1152 5174 1517 5247 disserendum
1554 5177 1642 5230 sit.
1679 5195 1698 5227 ›
1727 5176 1996 5247 Regbm:

435 5243 578 5332 Πρός
595 5241 1290 5332 βύγομιανούς.θϐοηιξ)θΐ.ε
1322 5245 1481 5332 Κοιτὰ
1509 5241 1875 5332 Εὐνοημιανιῗγ,
1905 5248 2000 5301 καὶ

435 5310 566 5384 περὶ
595 5310 869 5392 θεολογίᾳς
897 5311 1272 5394 προδιάλεξιςς
1317 5333 1334 5364 ‹
1378 5315 1580 5370 Contra
1618 5310 1997 5383 Eunomianos,

436 5394 492 5454 et
512 5385 577 5454 de
601 5384 865 5449 theologia
889 5385 1326 5450 praedlssertatto.
1367 5403 1385 5434 ι
1413 5414 1480 5425 -
1499 5403 1517 5436 ς
1550 5387 1639 5440 Sic
1667 5387 1997 5454 inscribitur,

2215 4764 2324 4834 (12)
2354 4766 2464 4819 Καὶ
2507 4765 2843 4831 παίδευσιν,
2887 4767 2985 4821 καὶ
3031 4767 3245 4836 ἀκοὴν,
3293 4767 3390 4820 καὶ
3418 4766 3693 4824 διάνοιαν

2119 4830 2244 4887 "me
2269 4830 2460 4908 desunt
2496 4837 2560 4908 in_
2583 4830 2853 4905 plerisque
2882 4839 3042 4908 codd.
3072 4830 3180 4891 Nec
3208 4830 3268 4892 ea
3291 4853 3411 4892 esse
3435 4838 3688 4908 Gregorii

2118 4914 2266 4960 Dutat
2293 4904 2502 4960 Billius.
2535 4904 2789 4974 Agnoscit
2819 4917 2992 4959 tamen
3025 4907 3184 4962 Elias.

2185 4973 2296 5047 μᾷ)
2329 4973 2447 5047 Τὴν
2477 4973 2686 5047 ἀκοήν.
2709 4976 2902 5047 Forte,
2936 4977 2998 5045 τῇ
3030 4977 3186 5047 ἀκοῇ.
3220 4977 3380 5034 Enl'r.

2184 5043 2295 5113 (t4)
2334 5045 2441 5098 Καὶ
2479 5044 2594 5112 τὴν
2632 5044 2818 5113 χεῖρα.
2851 5043 3102 5114 Designat
3135 5043 3219 5101 liic
3252 5048 3541 5115 Gregorius
3573 5048 3687 5101 Eu—

2113 5115 2488 5186 nomianorum
2543 5118 2962 5186 improbitatem,
3017 5116 3128 5184 qui,
3166 5120 3567 5186 eumimpares
3595 5134 3688 5170 es-

2108 5193 2228 5257 sent
2260 5183 2538 5257 Gregorio,
2575 5184 2748 5252 ipsum
2799 5195 2974 5239 tamen
3024 5183 3161 5241 male
3210 5183 3498 5243 mulctandi
3527 5189 3689 5257 cupi-

2109 5252 2277 5305 (litate
2305 5255 2586 5307 ardebant.

2179 5321 2289 5392 (15)
2320 5323 2448 5396 Τοῖς
2474 5324 2778 5396 ἡμετέροις
2801 5325 3027 5396 λόγοις,
3061 5325 3159 5379 καὶ
3193 5327 3522 5396 χαίροντες.
3561 5326 3688 5381 Haec

2107 5390 2299 5444 desunt
2322 5395 2372 5444 in
2409 5390 2536 5461 Reg.
2577 5409 2604 5446 a
2638 5390 2690 5446 et
2728 5395 2820 5448 Or.
2852 5390 2906 5447 9'.

436 5453 513 5507 ait
551 5451 1062 5532 Leuv.,.propterea
1107 5455 1246 5532 quod
1291 5454 1340 5507 in
1384 5469 1445 5508 ea
1499 5459 1847 5532 quarumdam
1918 5451 2002 5532 re;

2126 5529 2141 5532 _
2181 5451 2827 5532 (16)Συντέτμημένου.
2859 5465 2955 5519 Hic
2988 5465 3175 5521 alludit
3208 5469 3271 5518 ad
3317 5466 3460 5520 hunc
3505 5463 3682 5518 locum

439 5539 560 5576 rum
585 5523 849 5588 expositio
873 5523 1025 5590 quasi
1055 5524 1428 5588 praeminatur.
1466 5544 1484 5577 ι
1515 5523 1730 5586 Addunt
1772 5528 2000 5581 nonnul-

436 5592 496 5719 Η,
524 5591 722 5716 ξρῤἐθη
751 5593 807 5645 ἐν
845 5593 1438 5664 Κωνσταντινουπόλει,
1486 5614 1506 5646 ε
1547 5593 2005 5668 Constantinopoli

475 5679 521 5718 te
552 5680 599 5717 a.
631 5682 650 5714 ο

2109 5529 2276 5604 Rom.
2306 5533 2496 5604 tx,28,
2536 5529 2590 5586 in
2618 5529 2739 5600 ’quo
2780 5535 2974 5589 Paulus
3023 5536 3370 5604 Evangelium
3411 5536 3678 5604 norninat,

2121 5619 2140 5652 ‹
2174 5601 2763 5676 breviatum_verbum,
2811 5625 2828 5658 ι
2880 5609 3020 5675 quod
3070 5624 3158 5662 res
3179 5601 3458 5662 'maximas
3495 5603 3682 5676 paucis

2113 5671 2292 5727 verbis
2328 5673 2733 5744 complectatur.

3828 3711 3831 3827 Ι

3828 3881 3829 3976 l

3828 4331 3829 4416 ι
