3890 6214
188 229 254 287 Β
1203 232 1468 291 ORATIO
1504 232 1717 290 XXVII.
1759 268 1829 277 -—
1868 235 2304 295 THEOLOGICA
2342 242 2384 295 ῐ.
3362 242 3430 295 14

186 349 440 403 κυδισταὶ
472 349 645 419 λόγων
671 349 784 421 (l7)
817 351 1006 405 ἄτοποι
1046 344 1492 425 καλ,παράδοξοι,
1528 355 1592 407 ἵν’
1629 353 1753 407 εῐπιι

1871 370 2049 411 acrem
2073 368 2128 412 et
2153 360 2545 423 vehementem,
2579 359 2659 415 sic
2687 359 2845 414 etiam
2874 358 2927 412 in
2958 359 3162 427 agendo
3183 360 3428 414 eamdem

183 456 236 493 τι
267 441 363 495 καὶ
392 440 617 509 γελοίως
639 442 765 512 περὶ
792 440 1002 509 γελοίου
1031 442 1371 513 πράγματος,

1867 461 2087 516 operam
2120 449 2482 504 collocarent!
2530 448 2727 505 Parum
2773 449 2957 520 igitur,
3004 458 3059 503 et
3093 450 3271 504 minus
3315 447 3429 502 for-

189 540 331 586 tasse
367 530 710 586 cavillatorcs
750 542 956 595 essent,
1003 535 1047 586 si
1093 533 1143 587 id
1188 533 1453 601 facerent,
1511 550 1611 590 nec
1670 543 1779 590 tam
1820 536 2053 593 absurde
2109 550 2270 610 atque
2331 541 2625 597 insolenter
2663 541 2716 595 in
2765 540 2967 607 verbis,
3007 542 3234 611 perinde
3263 536 3429 608 atque

185 623 239 677 in
286 622 419 676 alere
465 622 611 685 ludo,
658 631 1026 686 versarentur,
1075 635 1131 677 ut
1172 623 1398 678 ridicule
1442 625 1506 679 de
1547 640 1606 679 re
1637 626 1862 681 ridicula
1890 626 2099 698 loquar.

254 711 330 763 B'.
361 711 515 764 Ἐπεὶ
558 711 614 765 δὲ
650 714 830 765 πᾶσαν
873 712 1153 778 εὐσεϐείας
1183 714 1298 767 ὁδὸν
1342 714 1761 781 καταλύσαντες,

183 804 320 875 πρὸς
352 802 411 856 ἓν
448 803 604 856 τοῦτο
639 802 896 874 βλέπουσι
934 804 1130 874 μόνον,
1173 807 1201 859 ὃ
1237 824 1291 859 τι
1323 807 1573 879 δήσουσιν
1617 809 1650 880 ἢ
1680 807 1767 861 λύ-

182 913 334 949 σουσι
359 895 471 968 l8)
500 894 610 948 τῶν
643 896 1101 967 προϐαλλομένων
1134 898 1406 971 (καθάπερ
1432 902 1489 953 ὲν
1507 903 1617 963 τοῖς
1643 900 1767 954 θεά-

180 1005 331 1059 τροις
356 990 404 1042 οί
435 986 505 1041 τὰ
539 987 895 1059 παλαίσματα
923 988 1362 1060 δημοσιεύοντες,
1392 992 1486 1044 καὶ
1526 991 1632 1044 τῶν
1663 1010 1767 1046 πα-

1935 719 1999 774 ll.
2042 721 2308 787 Quoniam
2348 732 2547 788 autem,
2581 725 2727 780 omni
2756 724 2976 795 pietatis
3000 723 3084 778 via
3125 723 3338 779 sublata
3366 732 3426 779 et

1865 807 2072 874 deleta,
2130 811 2228 865 hoc
2279 826 2442 865 unum
2487 813 2590 866 sibi
2641 823 2968 883 proponunt,
2999 820 3057 867 ut
3101 814 3426 883 quaestiones

1868 900 1952 955 vel
2003 901 2294 971 stringant,
2336 903 2418 958 vel
2456 903 2670 959 solvant
2703 904 3193 977 (quemadmodum,
3242 905 3332 973 qui
3370 904 3426 958 in

1866 986 2100 1043 theatris
2128 990 2274 1060 vulgi
2323 991 2491 1046 oculis
2534 995 2827 1048 certamina
2876 1002 3169 1059 ostentant,
3208 995 3425 1062 et,qui-

176 1079 493 1151 Μισμάτων
537 1080 634 1150 οὐχ
672 1080 771 1133 ὅσα
803 1081 939 1152 πρὸς
987 1080 1140 1152 νίκην
1182 1083 1337 1154 φέρει
1379 1083 1518 1136 κατά
1567 1083 1753 1155 νόμους

1863 1080 1983 1134 dem
2016 1081 2280 1151 ejusmodi
2311 1086 2665 1139 certaminum
2700 1100 2916 1157 genera,
2963 1101 3083 1156 quae
3129 1099 3233 1139 non
3269 1083 3423 1153 juxta

176 1169 479 1241 ἀθλήσεως,
505 1170 619 1225 ἀλλ’
654 1171 756 1223 ὅσα
788 1171 885 1241 τὴν
913 1170 1034 1239 ὄψιν
1064 1170 1284 1224 κλέπτει
1310 1171 1417 1225 τῶν
1436 1172 1663 1243 ἀμαθῶν
1694 1174 1760 1226 τὰ

176 1259 423 1323 τοιαῦτα,
463 1260 558 1313 καὶ
588 1259 924 1331 συναρπάζει
943 1260 1034 1314 τὸν
1057 1260 1394 1333 ἐπαινέτην),
1424 1262 1519 1315 καὶ
1550 1263 1633 1315 δεῖ
1656 1265 1762 1317 πᾶ-

178 1370 279 1406 σαν
313 1352 410 1424 μὲν
440 1353 645 1424 ἀγορὰν
674 1352 1127 1424 περιϐομϐεἴσθαι
1166 1356 1280 1416 τοῖς
1309 1354 1512 1411 τούτων
1545 1356 1724 1426 λόγοις
1743 1397 1758 1423 ,

176 1447 288 1498 πᾶν
313 1444 370 1498 δὲ
399 1445 700 1516 συμπόσιον
732 1443 1122 1498 ἀποκναίεσθαι
1156 1444 1395 1518 φλυαρίᾳ
1433 1448 1528 1499 καὶ
1572 1446 1754 1518 ἀηδίᾳ,

174 1536 358 1589 πᾶσαν
378 1535 436 1588 δὲ
460 1534 653 1607 ἑορτὴν
682 1535 777 1589 καὶ
812 1533 1005 1600 πένθος
1034 1535 1200 1600 ἅπαν,
1241 1537 1341 1607 τὴν
1374 1536 1472 1607 μὲν
1500 1538 1754 1605 ἀνέορτον

1862 1172 2124 1242 palaestrze
2176 1173 2321 1245 leges
2376 1176 2654 1230 victoriam
2701 1186 3036 1247 comparant,
3075 1175 3169 1231 sed
3202 1176 3425 1247 imperi-

1862 1275 2039 1320 torum
2078 1269 2342 1321 duntaxat
2383 1267 2569 1323 oculos
2607 1269 2999 1340 perstringunt,
3046 1284 3110 1323 ac
3144 1267 3356 1322 laudem
3391 1284 3423 1324 a

1859 1356 2258 1424 spectatoribus
2299 1365 2580 1428 captant);
2623 1369 2678 1413 et
2708 1373 2794 1414 res
2828 1359 2932 1414 huc
2958 1360 3113 1425 redit,
3146 1365 3206 1416 ut
3229 1361 3420 1416 borum

1858 1446 2341 1517 disputationibus,
2389 1458 2445 1503 et
2492 1447 2667 1503 forum
2699 1463 2858 1505 omne
2888 1450 3319 1523 circumstrepat,
3367 1460 3423 1506 et

1861 1537 2104 1590 convivia
2136 1539 2318 1592 omnia
2364 1538 2670 1606 huiusmodi
2723 1555 2982 1610 nugarum
3036 1542 3192 1597 taedio
3224 1543 3422 1598 obtun-

172 1622 313 1681 εἶναι
356 1627 452 1680 καὶ
505 1626 709 1698 μεστὴν
759 1626 1081 1698 κατηφείας,
1143 1628 1203 1681 τὸ
1231 1627 1289 1681 δὲ
1313 1628 1753 1699 παραμυθεῖσθαι

1860 1625 2079 1695 dantur,
2110 1636 2165 1682 et
2194 1626 2392 1683 festum
2426 1642 2586 1684 omne
2616 1628 2920 1685 infestivum
2960 1631 3031 1685 sit
3062 1647 3125 1686 ac
3152 1633 3423 1689 mmstitia:

173 1719 431 1789 συμφορᾷ
472 1697 677 1789 μείζονι
728 1717 836 1787 (l9)
871 1697 984 1780 τοῖς
1030 1717 1327 1788 ζητήμασι,
1387 1697 1565 1773 πᾶσαν
1600 1719 1657 1773 δὲ
1678 1720 1753 1772 δι-

1860 1718 2098 1787 plenum,
2151 1729 2205 1775 et
2253 1720 2434 1777 luctus
2483 1721 2660 1777 omnis
2716 1723 2906 1793 majori
2952 1724 3276 1793 calamitate,
3318 1726 3420 1781 hoc

170 1808 449 1879 οχλεῖσθαι
496 1810 901 1877 γυναικωνῖτιν,
922 1807 1185 1880 ἁπλότητι
1219 1809 1534 1881 σύντροφον,
1574 1811 1668 1864 καὶ
1695 1811 1755 1864 τὸ

167 1902 272 1972 τῆς
301 1899 486 1964 αἰδοῦς
523 1900 682 1964 ἄνθος
707 1898 1083 1954 ἀποσυλᾶσθαι
1116 1902 1183 1972 τῇ
1220 1901 1348 1971 περί¹
1392 1901 1550 1969 λόγον
1591 1918 1757 1972 ταχυ-

168 1991 322 2062 τῆτι·
357 1990 548 2061 ἐπειδὴ
580 1988 753 2044 ταῦτα
778 1988 945 2056 οὕτω,
982 1989 1077 2042 καὶ¹
1102 1989 1163 2043 τὸ
1196 1990 1366 2044 κακὸν
1392 1991 1618 2061 ἄσχετον
1662 1991 1754 2045 καὶ

166 2082 445 2155 ἀφόρητον
469 2121 484 2147 ,
517 2083 614 2137 καὶ
640 2081 941 2137 κινδυνεύει
991 2082 1307 2155 τεχνύδριον
1359 2084 1471 2156 (20)
1527 2081 1664 2139 εἶναι
1694 2086 1755 2139 τὸ

171 2174 319 2245 μέγα
353 2174 511 2245 ήμῶν
546 2174 864 2246 μυστήριον·
917 2173 1072 2245 φέρε,
1116 2175 1370 2230 τοσοῦτον
1415 2176 1545 2245 γοῦν
1599 2176 1754 2248 ἡμῶν

165 2265 595 2337 ἀνασχέσθωσαν
640 2268 686 2320 οἱ
741 2266 1077 2320 κατάσκοποι
1107 2265 1241 2339 (21),
1292 2267 1617 2338 σπλάγχνοις
1646 2285 1752 2321 πα-

163 2361 380 2429 τρικοῖς
402 2356 755 2429 κινουμένων,
796 2357 924 2423 καὶ,
949 2358 979 2411 ὃ
1018 2376 1183 2430 φησιν
1222 2361 1250 2411 6
1286 2358 1426 2423 θεῖος
1465 2360 1750 2431 Ἱερεμίας,

167 2449 642 2521 σπαρασσομένων
668 2448 735 2502 τὰ
757 2449 1108 2523 αἰσθητήρια,
1138 2451 1262 2505 ὅσον
1283 2451 1355 2521 μὴ
1379 2451 1622 2522 τραχέως
1662 2452 1753 2507 τὸν

163 2543 299 2614 περὶ
318 2542 523 2596 τούτων
549 2540 804 2607 δέξασθαι
829 2542 1006 2612 λόγον,
1026 2543 1136 2597 καὶ
1160 2543 1259 2615 τὴν
1283 2542 1532 2611 γλῶσσαν
1561 2545 1752 2615 μικρὸν

163 2634 517 2706 ἐπισχόντες,
571 2634 637 2688 ἂν
680 2634 788 2705 ἄρα
832 2635 926 2687 καλ¹
971 2634 1081 2706 (22)
1125 2633 1408 2700 δύνωνται,
1445 2635 1545 2706 τὴν
1586 2636 1752 2708 ἀκοὴν

161 2728 300 2797 ἡμῖν
346 2726 717 2780 ὑποθέτωσαν.
765 2725 990 2789 Πάντως
1026 2725 1083 2778 δὲ
1127 2725 1278 2779 οὐδὲν
1317 2723 1747 2798 ξημιωθήσεσθε.

1856 1817 1960 1876 est,
2008 1809 2368 1879 quaestionum
2420 1813 2682 1883 argutiis,
2733 1813 3029 1883 mitigetur,
3081 1831 3143 1871 ac
3191 1817 3419 1887 denique

1862 1912 2113 1970 gynazcea
2153 1901 2372 1971 omnia,
2411 1901 2775 1972 simplicitatis
2825 1904 3062 1972 alumna,
3114 1908 3418 1975 turbentur.

1854 1999 1909 2044 et
1942 1991 2160 2062 pudoris
2201 1990 2299 2047 ﬂos
2338 1993 2594 2063 praecipiti
2627 1993 2729 2049 hac
2770 1996 3132 2053 contendendi
3190 1997 3417 2054 libidine

1853 2081 2212 2152 compiletur;
2255 2084 2529 2153 quoniam,
2572 2085 2812 2154 inquam,
2842 2085 2957 2142 haec
2986 2087 3060 2141 ita
3093 2102 3153 2143 se
3185 2089 3408 2155 habent,

1855 2175 2098 2242 adeoque
2134 2174 2474 2229 intoleranda
2498 2184 2581 2230 est
2607 2176 2688 2230 vis
2715 2175 2875 2244 hujus
2910 2177 3060 2245 mali,
3106 2186 3166 2233 ut
3203 2181 3421 2250 pericu-

1855 2259 1964 2312 lum
2008 2260 2098 2323 sit,
2150 2274 2218 2315 ne
2260 2275 2512 2331 magnum
2556 2262 2676 2316 ﬁdei
2715 2274 2915 2321 nostrae
2955 2268 3272 2337 mysterium
3303 2269 3419 2324 exi-

1854 2365 1955 2420 gua
1984 2357 2227 2420 quaedam
2272 2352 2503 2407 articula
2546 2367 2665 2408 esse
2705 2355 2991 2411 videatur:
3026 2372 3142 2429 age,
3189 2374 3288 2416 nos
3319 2376 3416 2430 pa-

1855 2440 2022 2495 ternis
2070 2441 2371 2496 visceribus
2409 2442 2682 2506 incitatos,
2712 2452 2894 2515 atque,
2925 2457 2983 2501 ut
3008 2446 3256 2504 Jeremiae
3284 2465 3414 2506 vere

1852 2529 1936 2584 bis
1970 2540 2090 2586 utar
2122 2532 2162 2600 ⁸,
2198 2534 2458 2590 sensoriis
2502 2536 2760 2592 distortos
2799 2547 2853 2592 et
2893 2538 3143 2605 laniatos,
3168 2541 3414 2610 explora-

1855 2633 2000 2679 tores
2024 2625 2112 2680 isti
2149 2627 2409 2683 hactenus
2443 2627 2740 2699 perferant,
2769 2639 2851 2684 ιιι.
2882 2646 3002 2701 quae
3029 2633 3095 2687 de
3129 2633 3214 2689 his
3253 2635 3418 2690 rebus

1854 2714 2049 2771 dicturi
2092 2731 2297 2783 sumus,
2339 2733 2493 2788 aquo
2533 2720 2715 2776 animo
2759 2721 3058 2792 exeipiant;
3105 2739 3168 2778 ac
3208 2724 3413 2795 lingua,

1852 2808 1899 2863 si
1930 2808 2088 2863 modo
2136 2819 2356 2879 queant,
2411 2811 2722 2880 aliquandiu
2764 2812 3002 2880 frenata,
3051 2816 3207 2871 nobis
3257 2831 3417 2874 aures

164 2820 240 2873 Ἦ
272 2819 383 2891 γὰρ
416 2821 495 2883 είς
533 2812 648 2872 ὦτα
696 2817 1036 2890 ἐλαλήσαμεν
1098 2817 1434 2883 ἀκουόντων,
1495 2818 1587 2872 καί
1631 2835 1752 2873 τινα

1851 2901 2148 2968 praebeant.
2192 2898 2250 2953 In
2294 2916 2397 2970 qua
2429 2916 2488 2957 re
2518 2902 2654 2956 nihil
2701 2901 2943 2972 profecto
2970 2913 3076 2971 est,
3105 2921 3202 2962 cur
3232 2908 3414 2963 damni

157 2910 382 2982 καρπὸν
422 2909 579 2980 ἔσχεν
609 2910 638 2962 6
670 2908 859 2977 λόγος,
892 2909 991 2981 τὴν
1027 2908 1297 2977 ὠφέλειαν
1338 2908 1436 2979 τὴν
1483 2908 1752 2980 ὑμετέραν

158 2999 381 3071 (ἐπειδὴ
414 2999 630 3070 σπείρει
672 2998 770 3069 μὲν
811 3000 839 3051 6
875 2998 1115 3070 σπείρων
1141 2998 1232 3051 τὸν
1263 2998 1423 3066 λόγον
1448 2998 1541 3051 ἐπὶ
1569 3000 1748 3053 πᾶσαν

1860 2991 2110 3061 quidquid
2155 2994 2430 3047 metuatis.
2466 2992 2571 3047 Aut
2604 2994 2752 3047 enim
2781 3009 2881 3064 ego
2911 2995 2963 3049 in
2991 3010 3151 3052 aures
3188 2999 3414 3054 audien-

151 3089 435 3157 διάνοιαν,
471 3090 813 3159 καρποφορεῖ
848 3087 906 3141 δὲ
948 3090 981 3159 ή
1020 3088 1158 3159 καλή
1195 3104 1255 3141 τε
1288 3087 1382 3141 καὶ
1421 3087 1744 3160 γόνιμος)·ἢ

1860 3082 1983 3136 tium
2021 3085 2039 3115 ⁷
2069 3082 2280 3153 loquar,
2322 3091 2485 3154 atque
2525 3086 2598 3139 ita
2638 3084 2872 3140 fructum
2900 3085 3154 3156 aliquem,
3181 3089 3285 3144 hoc
3306 3099 3412 3156 est,

151 3181 441 3253 ἀπήλθετε
469 3180 564 3234 mi.
599 3179 759 3233 τοῦτο
809 3179 922 3251 (95)
973 3179 1130 3251 ήμῶν
1176 3178 1562 3243 διαπτύσαντες
1585 3219 1600 3243 ,
1653 3179 1748 3232 καὶ

1860 3173 2134 3230 utilitatem
2163 3184 2421 3235 vestram.
2440 3175 2607 3248 489
2637 3178 2821 3232 oratio
2844 3178 3084 3234 allatura
3114 3191 3200 3236 est
3220 3183 3415 3253 (quan-

151 3272 389 3329 πλείονα
437 3271 692 3335 λαϐόντες
738 3269 871 3342 ὓλην
913 3269 1224 3338 ἀντιλογίας
1267 3286 1328 3322 τε
1362 3270 1457 3323 καὶ
1489 3269 1589 3339 τῆς
1623 3268 1746 3323 καθ’

1860 3281 2013 3336 quam
2047 3267 2192 3321 enim
2234 3267 2281 3322 is
2313 3267 2404 3337 qui
2442 3270 2668 3322 verbum
2719 3267 2814 3323 Dei
2852 3268 3086 3324 seminat
3106 3270 3150 3337 ⁸,
3196 3270 3252 3325 in
3290 3272 3414 3326 ani-

149 3364 323 3438 ήμῶν
355 3364 652 3437 λοιδορίας,
690 3362 777 3416 ἵνα
804 3362 901 3416 καὶ
936 3360 1135 3432 μᾶλλον
1170 3362 1312 3433 ὑμᾶς
1340 3361 1537 3424 αὐτοὺς
1563 3359 1745 3414 ἑστιά-

1860 3371 1966 3413 rnos
1998 3371 2187 3412 omnes
2223 3357 2477 3423 seminat,
2530 3366 2707 3412 tamen
2753 3359 2910 3428 probi
2952 3359 3217 3416 duntaxat
3247 3369 3414 3432 atque

148 3473 318 3528 σητε.
356 3455 448 3527 Μὴ
483 3455 802 3527 θαυμάσητε
846 3454 939 3520 δὲ,
970 3455 1021 3507 εί
1058 3453 1360 3526 παράδοξον
1408 3452 1518 3525 ἐρῶ
1556 3453 1744 3522 λόγον,
1850 3452 1955 3539 fect

144 3549 256 3604 καὶ
294 3547 449 3619 παρὰ
485 3547 577 3601 τὸν
604 3547 869 3619 ὑμέτερον
910 3545 1093 3618 νόμον,
1134 3546 1184 3600 οἳ
1222 3546 1398 3600 πάντα
1438 3545 1634 3599 εἰδέναι
1677 3561 1738 3598 τε

1860 3540 1995 3595 hunc
2023 3553 2242 3608 quoque
2267 3552 2572 3594 sermonem
2616 3546 2858 3594 nostrum
2902 3540 3228 3610 explodatis,
3273 3542 3413 3599 ube-

146 3641 254 3695 καὶ
292 3641 567 3696 διδάσκειν
602 3639 946 3712 ὑπισχνεῖσθε
993 3639 1112 3693 λίαν
1158 3638 1419 3702 νεανικῶς
1472 3639 1568 3691 ml.
1618 3653 1740 3707 γεν-

1860 3630 2153 3700 rioremque
2173 3629 2601 3696 contradicendi,
2634 3630 2899 3701 nobisque
2920 3633 3247 3689 convitiandi
3280 3649 3398 3689 ma-

143 3733 349 3800 ναίως,
384 3733 471 3787 ἵνα
503 3731 578 3805 μὴ
604 3731 759 3786 λυπῶ
787 3731 959 3800 λέγων
985 3729 1212 3802 ἀμαθῶς
1242 3731 1337 3783 καὶ
1367 3727 1630 3800 θρασέως.

1860 3723 2037 3778 ιετίιιηι
2088 3722 2503 3787 nanciscamini,
2553 3737 2661 3793 quo
2710 3722 2924 3793 plenius
2975 3723 3141 3780 etiam
3197 3725 3410 3784 animos

142 3838 377 3883 vestros
417 3824 673 3896 pascatis.
704 3823 817 3880 Nec
856 3837 988 3880 vero
1024 3822 1220 3877 mirum
1265 3820 1422 3876 vobis
1452 3819 1720 3884 videatur,
1761 3816 1806 3873 si
1868 3813 1996 3886 quid
2065 3829 2095 3867 a
2163 3821 2347 3867 vestra
2379 3811 2651 3884 Opinione,
2690 3828 2754 3869 ac
2792 3815 2908 3885 lege
2950 3823 3130 3871 vestra
3171 3816 3408 3873 alienum

146 3922 379 3983 dixero,
407 3917 500 3988 qui
532 3919 672 3973 scire
737 3931 835 3972 vos
896 3916 1079 3972 omnia
1124 3923 1179 3969 et
1216 3913 1408 3969 docere
1452 3910 1802 3982 proﬁtemini,
1843 3922 2099 3979 perquam
2153 3904 2370 3962 fortiter
2417 3921 2483 3962 ac
2532 3921 2824 3979 generose;
2878 3924 2986 3965 non
3036 3911 3182 3968 enim
3228 3913 3404 3968 dicam

146 4011 324 4067 stulte
374 4019 431 4064 et
486 4016 723 4071 temere,
792 4021 862 4061 ne
923 4006 1048 4075 quid
1106 4005 1315 4059 animos
1371 4014 1581 4059 vestros
1633 4001 1922 4058 offendam.

224 4102 305 4156 1".
345 4101 421 4154 Οὐ
451 4097 673 4162 παντὸς,
714 4092 758 4152 ὦ
781 4091 947 4160 οὗτοι,
974 4096 1035 4150 τὸ
1071 4095 1199 4166 περὶ⁹
1240 4093 1373 4148 Θεοῦ
1406 4094 1734 4163 φιλοσοφεῖν,

1910 4088 1995 4143 Ill.
2041 4089 2155 4143 Non
2200 4089 2436 4160 cujusvis
2460 4099 2562 4155 est,
2601 4105 2634 4146 ο
2662 4090 2786 4158 viri,
2833 4090 2902 4148 de
2951 4091 3062 4149 Deo
3102 4094 3402 4160 disserere,

147 4194 217 4247 οὐ
244 4190 482 4254 παντός·
510 4190 610 4260 οὐχ
638 4188 778 4242 οὕτω
825 4188 887 4241 τὸ
929 4187 1163 4258 πρᾶγμα
1206 4183 1439 4253 εὕωνον,
1486 4185 1581 4240 καὶ
1625 4185 1734 4239 τῶν

1860 4198 1970 4249 ron,
1999 4181 2241 4251 inquam,
2286 4180 2561 4250 cujusvis;
2609 4197 2712 4238 non
2745 4183 2879 4239 adeo
2908 4183 3033 4239 vilis
3065 4199 3131 4240 ac
3167 4187 3397 4254 protrita

144 4285 334 4357 χαμαὶ⁹
363 4282 692 4353 ἐρχομένων.
735 4279 1036 4351 Προσθήσω
1060 4277 1138 4343 δὲ,
1173 4275 1295 4329 οὐδὲ
1324 4275 1574 4340 πάντοτε,
1613 4276 1733 4328 οὐδὲ

1862 4290 1959 4329 ιεεο
2008 4288 2097 4328 res
2139 4282 2241 4339 est,
2278 4282 2333 4328 et
2366 4288 2577 4339 eorum,
2627 4276 2719 4345 qui
2762 4275 2911 4331 humi
2957 4277 3134 4334 adhuc
3167 4289 3399 4350 reptant.

144 4378 346 4441 πᾶσιν,
377 4374 501 4428 οὐδὲ
531 4374 728 4440 πάντα,
753 4371 866 4426 ἀλλ’
902 4370 1049 4423 ἔστιν
1080 4370 1191 4433 ὅτε,
1227 4368 1322 4422 καὶ
1362 4363 1442 4431 οἷς
1471 4367 1604 4438 (24),
1638 4368 1733 4421 καὶ

1860 4365 2048 4420 lddam
2095 4367 2260 4419 etiam
2309 4380 2418 4420 non
2469 4365 2711 4436 cujusvis
2769 4369 3046 4436 temporis,
3104 4384 3204 4424 nec
3253 4371 3397 4441 apud

142 4470 239 4538 ἐφ’
274 4469 423 4521 ὅσον.
459 4466 534 4520 Οὐ
571 4466 786 4519 πάντων
821 4461 942 4533 μὲν,
976 4461 1059 4514 ὄτι
1084 4459 1192 4514 τῶν
1220 4456 1600 4529 ὲξητασμένων
1644 4461 1737 4513 καὶ

1860 4457 2082 4526 luosvis,
2116 4471 2219 4511 nec
2252 4457 2319 4511 de
2355 4457 2672 4527 quibusvis;
2727 4460 2821 4514 sed
2863 4467 3014 4515 certo
3049 4469 3306 4530 tempore,
3345 4471 3401 4516 et

138 4557 562 4630 διαϐεϐηκότων
602 4558 659 4610 ἐν
698 4554 920 4626 θεωρίᾳ,
963 4552 1061 4607 καὶ
1092 4550 1198 4623 πρὸ
1241 4551 1466 4614 τούτων,
1503 4549 1596 4602 καὶ
1631 4548 1736 4619 ψυ-

1860 4551 1978 4620 ιριιά
2024 4560 2203 4605 certos
2249 4552 2514 4616 homines,
2564 4561 2620 4607 et
2656 4554 3007 4623 aliquousque
3043 4554 3146 4609 hoc
3191 4555 3398 4610 faciem

136 4649 254 4723 χὴν
297 4649 395 4703 καὶ
438 4647 599 4719 σῶμα
639 4644 1099 4717 κεκαθαρμένων,
1137 4641 1171 4712 ἢ
1207 4640 1645 4713 καθαιρομένων,
1678 4639 1738 4693 τὸ

1860 4647 1959 4695 lum
1989 4650 2091 4696 est.
2119 4641 2235 4697 Non
2270 4643 2559 4712 cujuslibet
2583 4643 2824 4713 quidem,
2860 4646 3116 4714 quoniam
3149 4647 3252 4701 hoc
3279 4661 3398 4700 mu-

134 4740 548 4815 μετριῶτατον.
584 4739 670 4811 Μὴ
697 4736 923 4808 καθαρῷ
940 4736 1049 4806 γὰρ
1075 4732 1341 4789 ἅπτεσθαι
1375 4730 1618 4803 καθαροῦ
1645 4748 1736 4784 τυ-

1860 4734 1985 4789 ieris
2011 4734 2097 4789 his
2125 4736 2385 4790 duntaxat
2408 4736 2691 4801 incumbit,
2721 4737 2811 4806 qui
2839 4737 3183 4793 exactissime
3212 4735 3396 4807 explo-

128 4834 243 4907 χόν
289 4831 415 4886 οὐδὲ
460 4830 729 4900 ἀσφαλὲς,
767 4828 957 4899 ῶσπερ
989 4826 1109 4880 οὐδὲ
1145 4824 1266 4895 ὄψει
1297 4822 1471 4894 σαθρᾷ
1504 4820 1736 4894 ἡλιακῆς

1860 4824 1944 4879 -ati
1999 4835 2156 4894 sunt,
2205 4841 2269 4882 ac
2322 4827 2735 4898 contemplando
2783 4828 2939 4899 longe
2989 4835 3390 4900 processerunt,

1850 3447 2066 3504 fecundi
2111 3447 2345 3502 fructum
2393 3448 2634 3518 ferunt);
2681 3457 2776 3503 aut
2818 3449 2895 3505 ita
2931 3450 3315 3516 discesseritis,
3353 3462 3412 3508 ut

222 4969 383 5025 ‘Jer.
420 4982 491 5033 tv,
521 4966 605 5021 l9.
682 4965 702 4997 ⁷
725 4962 891 5019 Eccli.
926 4978 1053 5029 xxv,
1087 4961 1173 5016 12.
1250 4961 1271 4993 ⁸
1308 4960 1498 5015 Matth.
1529 4974 1648 5027 xm,
1679 4960 1733 5014 4.

212 5084 331 5155 (l7)
360 5082 656 5155 Kvo’zorat
680 5081 899 5149 λόγων.
932 5095 952 5129 ι
982 5076 1301 5155 Sermonum
1329 5076 1659 5155 urinatores,
1690 5092 1708 5125 ι

1860 5075 1927 5155 ult
1961 5088 2067 5140 XVI,
2099 5072 2166 5140 2,
2213 5092 2232 5126 ι
2280 5089 2536 5132 onerosos
2580 5075 2944 5132 consolatores
2988 5091 3009 5126 ι
3067 5072 3270 5127 amicos
3297 5088 3392 5142 ap-

119 5156 189 5212 id
222 5144 329 5217 est,
374 5170 396 5203 ι
431 5152 522 5221 qui
557 5164 617 5203 se
646 5152 697 5203 in
704 5144 995 5221 sermones
1010 5144 1658 5221 _pra:ci_pites_devolvunt_.
1692 5161 1712 5195 ι
1824 5146 2005 5221 pellat,

120 5226 238 5281 Sic
294 5213 649 5291 designantur
699 5213 1046 5280 Eunomiani',
1105 5213 1219 5285 qui,
1255 5217 1599 5291 priuatorum
1635 5214 1719 5291 in-
1825 5213 1839 5214 ί
1881 5214 2008 5291 *(20)
2049 5215 2427 5291 Τεχνιξὸριον.
2461 5214 2646 5272 Billius
2680 5215 2733 5270 in
2772 5214 2942 5284 prima
2973 5213 3083 5267 ed.:
3126 5230 3144 5263 ι
3175 5221 3391 5281 arguta-

116 5307 281 5357 star,
327 5284 544 5346 sursum
599 5305 662 5343 ac
704 5296 952 5364 deorsum
1005 5286 1305 5357 argutando
1348 5284 1610 5340 ferantur.
1660 5284 1714 5338 In
1826 5284 2012 5364 tricem
2041 5284 2325 5364 quamdam
2350 5294 2574 5364 artem,»
2754 5354 2766 5364 _
2894 5352 2958 5364 Η
3180 5352 3191 5364 ι

114 5352 440 5426 nonnullis,
469 5358 749 5423 κυϐευταί,
784 5377 803 5408 ι
850 5352 1135 5426 aleatores.
1163 5373 1182 5407 ι
1263 5424 1291 5426 μ
1400 5424 1412 5426 _
1559 5423 1605 5426 Η

1898 5356 2010 5424 (21)
2043 5357 2443 5411 Κατασκοποι.
2501 5354 2580 5409 Eo
2625 5354 2840 5410 nomine
2889 5352 3055 5408 falsos
3111 5352 3387 5423 episcopos

207 5433 330 5504 (18)
361 5423 678 5504 -Δήσυυσιν
697 5429 737 5497 ἢ
763 5428 1049 5482 λύσουσι.
1097 5425 1154 5480 In
1185 5424 1526 5494 quibusdam,
1551 5423 1723 5495 δήσω-

1860 5423 2109 5504 malli“!!-

1896 5496 2009 5562 (2‘2)
2040 5496 2172 5552 Καί.
2208 5495 2368 5549 Deest
2393 5495 2445 5547 in
2476 5494 2638 5565 Regg.
2675 5509 2726 5560 a,
2756 5493 2864 5560 bm,
2889 5503 2944 5547 et
2967 5492 3059 5548 0r.
3086 5492 3138 5546 Ξ.

1899 5566 2008 5635 (25)
2043 5565 2240 5635 Τοῦτοέ
2270 5565 2362 5620 Or.
2389 5564 2675 5635 1.7105103).

1900 5628 2011 5705 (24)
2037 5635 2145 5690 Καὶ
2175 5630 2284 5703 οἷς.
2315 5634 2479 5692 Coisl.
2504 5636 2556 5705 1,
2588 5635 2681 5692 καὶ
2711 5634 2793 5706 ἐφ’
2820 5628 2919 5695 οἷς.

108 5501 230 5561 σιν
249 5501 535 5575 6.1099)“-
642 5568 712 5575 Α-
774 5571 791 5575 ,
1151 5564 1178 5575 -

203 5561 326 5649 (φ)
374 5568 853 5649 ῌαραμυθεξσθαι
898 5564 1200 5649 conspong
1217 5561 1573 5649 μείζοναηίιί
1618 5573 1721 5644 est,

108 5632 497 5707 ϐαἷούνεσθαῐ,
522 5632 799 5710 (gravior,
822 5632 1401 5694 onerosior’elliciatur.
1430 5653 1448 5687 ι
1471 5632 1563 5690 Sic
1577 5635 1722 5689 enim
