3890 6214
211 280 267 339 11
754 332 761 339 .
1222 279 1483 338 omne
1523 279 1740 367 xxvn.
1779 312 1851 322 -
1888 280 2329 340 TllEOLOGlCA
2366 283 2406 338 1.

3376 291 3458 351 ις

204 407 349 467 atque
369 398 545 456 hieme
567 399 925 471 intempestivi
982 407 1109 455 sunt
1146 396 1327 467 ﬂores,
1382 414 1479 455 nec
1517 398 1837 457 mulieribus
1880 401 2068 467 virilis,
2112 417 2214 459 nec
2253 402 2387 458 viris
2432 401 2710 459 muliebris
2752 402 2981 459 ornatus
3037 405 3308 473 convenit,
3350 424 3450 467 nec

204 490 355 544 luctui
420 491 745 560 geometria,
780 504 879 545 nec
916 490 1165 547 convivio
1203 489 1506 562 lacrymaa).
1539 490 1628 546 hic
1666 490 1841 547 solum
1884 490 2083 545 nullam
2125 492 2384 563 temporis
2419 494 2679 549 rationem
2712 493 3052 562 habebimus,
3086 497 3176 552 ubi
3210 499 3449 556 maxima

201 588 308 659 ejus
332 588 470 643 ratio
500 588 743 644 habenda
772 588 900 645 est?

264 680 335 733 E'.
373 680 675 752 Μηδαμῶς,
703 674 749 735 ὦ
774 680 920 749 φίλοι
949 679 1042 735 καὶ
1068 679 1286 749 ἀδελφοί
1310 695 1323 709 ·
1359 678 1620 748 ἀδελφοὺς
1664 677 1772 750 γὰρ

1946 677 2005 734 V.
2021 678 2198 746 Absit,
2215 695 2247 735 ο
2268 680 2428 734 amici
2452 695 2516 736 ac
2532 679 2729 739 fratres
2754 701 2766 736 :
2788 681 2983 739 fratres
3004 684 3148 739 enim
3168 685 3345 741 adhuc
3359 702 3453 744 vos

202 772 333 842 ὑμᾶς
352 771 432 825 ἔτι
467 772 639 834 καλῶ,
675 774 878 844 καίπερ
914 775 1015 826 ούκ
1045 770 1350 841 ἀδελφικῶς
1403 771 1623 843 ἔχοντας
1644 788 1656 800 ·
1696 770 1770 841 μὴ

196 861 330 918 οὕτω
357 862 719 934 διανοώμεθα,
749 864 885 935 μηδὲ
914 862 1166 934 καθάπερ
1186 863 1340 916 ἵπποι
1358 864 1407 916 οί
1435 861 1628 933 θερμοὶ
1657 862 1771 932 (55)

196 957 287 1010 καὶ
309 955 664 1010 δυσκάθεκτοι
699 956 837 1026 (56),
873 955 963 1009 τὸν
1004 955 1270 1026 ἐπιϐάτην
1302 953 1556 1026 λογισμὸν
1598 954 1773 1026 ἀπορ-

202 1046 464 1119 ρίψαντες,
505 1048 600 1102 καὶ
636 1048 737 1119 τὴν
773 1046 955 1114 καλῶς
990 1047 1266 1118 ἄγχουσαν
1309 1045 1595 1100 εὐλάϐειαν
1640 1046 1775 1099 ἀπο-

200 1137 512 1205 πτύσαντες,
555 1139 744 1211 πόρρω
778 1137 879 1208 τῆς
925 1137 1130 1209 νύσσης
1175 1136 1418 1208 θέωμεν·
1471 1135 1586 1191 ἀλλ’
1643 1137 1774 1189 εἵσω

196 1228 298 1283 τῶν
332 1230 622 1302 ἡμετέρων
660 1230 803 1301 ὅρων
838 1216 1244 1300 φιλοσοφῶμεν,
1280 1228 1375 1282 καὶ
1397 1227 1473 1299 μὴ
1495 1230 1576 1291 είς
1611 1227 1775 1295 Αἴγυ-

196 1339 321 1376 πτον
353 1321 464 1392 (57)
511 1320 913 1392 ἐκφερώμεθα,
948 1321 1081 1391 μηδὲ
1122 1322 1203 1384 εἰς
1249 1320 1563 1390 Ἀσσυρίους
1617 1335 1776 1371 κατα-

196 1413 517 1486 συρώμεθα,
564 1413 701 1486 μηδὲ
744 1413 961 1485 ᾄδωμεν
989 1412 1088 1485 τὴν
1132 1413 1276 1484 ᾠδὴν
1315 1412 1521 1484 Κυρίου
1553 1412 1645 1465 ἐπὶ
1673 1412 1775 1480 γῆς

193 1507 473 1579 ἀλλοτρίας
494 1551 510 1573 ,
541 1508 724 1579 πάσης
761 1507 931 1579 ἀκοῆς
966 1505 1131 1571 λέγω,
1172 1506 1330 1577 ξένης
1362 1523 1419 1559 τε
1449 1505 1541 1558 καὶ
1577 1505 1774 1575 ἡμετέ-

193 1612 306 1665 ρας,
342 1595 545 1667 ἐχθρᾶς
590 1598 685 1650 καὶ
726 1596 908 1665 φιλίας
935 1595 1068 1667 (38),
1093 1595 1433 1667 εὐγνώμονος
1464 1596 1557 1649 καὶ
1600 1593 1778 1665 ἀγνώ-

194 1704 345 1757 μονος
376 1689 511 1761 ('59),
538 1689 572 1760 ἥ
605 1689 727 1743 λίαν
761 1688 1040 1763 ἐπιμελῶς
1072 1692 1231 1761 τηρεῖ
1259 1690 1329 1744 τὰ
1370 1690 1636 1761 ἡμέτερα,
1684 1688 1777 1743 καὶ

192 1780 430 1850 βούλοιτο
457 1780 524 1835 ἂν
559 1781 654 1835 τὸν
694 1782 967 1854 σπινθῆρα
1005 1782 1114 1836 τῶν
1147 1784 1206 1835 ἐν
1235 1784 1369 1854 ἡμῖν
1409 1782 1597 1837 κακῶν
1621 1783 1775 1852 γενέ-

192 1872 309 1928 σθαι
339 1872 538 1942 φλόγα,
567 1874 792 1941 ἐξάπτει
823 1893 884 1929 τε
914 1876 1010 1929 καὶ
1039 1875 1415 1946 ἁναῤῥιπίζει,
1458 1876 1553 1931 καὶ
1583 1877 1662 1939 είς
1685 1874 1778 1927 ού-

194 1964 349 2031 ρανὸν
386 1964 532 2034 αἴρει
567 1967 688 2027 ταῖς
722 1967 853 2036 παρ’
887 1965 1087 2035 ἑαυτῆς
1114 1965 1225 2033 (40)
1265 1962 1461 2035 αὔραις
1490 1962 1751 2017 λανθάνου

1873 769 2106 838 appello,
2125 771 2339 825 tametsi
2364 786 2552 842 parum
2573 771 2811 829 fraterno
2830 788 2955 843 erga
2984 789 3082 829 nos
3099 777 3280 831 animo
3299 777 3447 835 sitis:

1873 863 2016 921 absit
2041 872 2095 918 ut
2108 864 2182 917 ita
2197 862 2512 931 sentiamus,
2528 880 2591 921 ac
2606 864 2749 920 velut
2762 867 2883 935 equi
2896 865 3104 922 feroces
3115 877 3168 922 et
3182 853 3448 935 indomiti...

1874 957 2109 1021 ratione,
2134 956 2289 1025 quasi
2307 970 2543 1018 sessore,
2568 972 2821 1024 excussa,
2842 958 3199 1029 religiosaque
3223 962 3452 1031 gravita-

1875 1059 1949 1117 te,
1969 1065 2073 1121 qua
2099 1049 2360 1120 praeclare
2376 1052 2797 1121 compescimur,
2819 1053 3121 1122 repudiata,
3143 1055 3329 1124 procul
3351 1071 3448 1110 ex-

1875 1143 1958 1190 tra
1984 1146 2183 1192 metam
2212 1136 2530 1201 curramus;
2558 1152 2745 1191 verum
2775 1137 2970 1193 tinibus
2991 1139 3194 1194 nostris
3213 1141 3452 1210 disputa-

1878 1230 2054 1286 tiones
2078 1240 2295 1285 nostras
2322 1244 2692 1294 coerceamus,
2711 1245 2811 1285 nec
2833 1229 2885 1284 in
2905 1230 3194 1301 Egyptum
3214 1234 3452 1302 praecipi-

1879 1332 1959 1377 tes
1983 1321 2244 1387 teramur,
2272 1336 2370 1378 nec
2389 1322 2455 1375 ad
2470 1321 2724 1391 Assyrios
2744 1332 2855 1391 pert
2869 1322 3144 1387 rahamur,
3162 1337 3262 1377 nec
3287 1325 3451 1379 canti-

1876 1429 1997 1469 cum
2019 1414 2229 1470 Domini
2251 1413 2306 1468 in
2330 1424 2473 1468 terra
2498 1412 2673 1467 aliena
2693 1422 2972 1469 cantemus
2988 1413 3052 1479 ίθ,
3068 1414 3171 1469 hoc
3188 1422 3291 1482 est,
3310 1416 3450 1486 apud

1877 1508 2099 1577 quosvis
2115 1507 2410 1572 auditores,
2428 1515 2536 1560 tam
2558 1516 2825 1561 nostrates
2841 1521 2999 1575 quam
3020 1519 3323 1572 extraneos,
3341 1519 3448 1563 tam

1878 1600 2060 1655 hostes
2075 1613 2236 1669 quam
2255 1598 2480 1665 amicos,
2500 1609 2610 1652 tam
2636 1598 2897 1668 benignos
2911 1613 3073 1668 quam
3104 1598 3365 1668 malignos
3386 1613 3451 1653 ac

1877 1689 2037 1761 491
2090 1699 2474 1761 ριέοροειετοε,
2512 1691 2603 1760 qui
2648 1706 2863 1746 summo
2911 1692 3090 1745 studio
3122 1707 3206 1746 res
3238 1700 3451 1748 nostras

1879 1782 2202 1850 explorant,
2258 1781 2501 1851 nihilque
2561 1782 2774 1838 avidius
2824 1790 3120 1852 expetunt,
3177 1796 3337 1851 quam
3392 1793 3452 1837 ut

1881 1874 2143 1930 malorum
2188 1884 2500 1930 nostrorum
2542 1874 2774 1929 scintilla
2823 1876 2876 1929 in
2925 1874 3195 1930 ﬂammam
3242 1885 3448 1944 surgat,

1880 1980 2043 2035 quam
2092 1965 2255 2019 etiam
2312 1964 2497 2018 furtim
2539 1964 2900 2032 exsuscitant,
2928 1974 3092 2033 atque
3126 1966 3449 2030 accendunt,

191 2030 277 2120 σα,
305 2056 398 2109 καὶ
441 2030 586 2108 ποιεῖ
611 2057 711 2124 τῆς
743 2030 1091 2119 Βαϐυλωνίας
1120 2030 1316 2124 φλογὸς
1342 2030 1419 2109 ⁷τὰ
1453 2055 1639 2127 κύκλῳ
1672 2073 1773 2110 κα·

1883 2030 2136 2126 auraeque
2166 2074 2277 2112 sua:
2311 2055 2493 2112 aﬂlatu
2528 2058 2580 2111 in
2608 2057 2807 2113 malum
2844 2030 3112 2120 attollunt,
3145 2068 3199 2113 et
3222 2058 3452 2131 Babylo-

187 2147 559 2218 ταφλεγούσης
599 2146 959 2220 ὑψηλοτέραν.
1019 2147 1241 2218 Ἐπειδὴ
1286 2147 1396 2218 γὰρ
1437 2148 1535 2201 οὐκ
1565 2151 1622 2201 ἐν
1662 2151 1777 2212 τοῖς

186 2240 397 2295 ἑαυτῶν
436 2241 705 2311 δόγμασιν
750 2240 933 2312 έχουσι
966 2239 1066 2312 τὴν
1099 2240 1271 2312 ἰσχὺν,
1303 2243 1362 2295 ἐν
1413 2243 1524 2304 τοῖς
1576 2241 1776 2312 ἡμετέ-

190 2348 301 2401 ροις
345 2331 567 2404 σαθροῖς
597 2330 804 2402 ταύτην
844 2330 1170 2402 θηρεύουσι,
1202 2330 1298 2384 καὶ
1339 2329 1427 2384 διὰ
1465 2329 1644 2394 τοῦτο,
1671 2330 1777 2385 ὦσ-

185 2441 291 2495 περ
330 2426 388 2478 αί
433 2427 588 2495 μυῖαι
626 2425 740 2487 τοῖς
776 2423 1107 2494 τραύμασιν,
1153 2422 1297 2475 οὕτω
1330 2425 1442 2486 τοῖς
1489 2423 1777 2493 ἡμετέροις

184 2513 541 2575 ἐπιτίθενται,
564 2513 674 2566 εἴτε
695 2513 1013 2583 ἀτυχήμασι
1039 2513 1146 2584 χρὴ
1166 2511 1371 2580 λέγειν,
1401 2511 1508 2565 εἴτε
1529 2513 1778 2585 ἁμαρτή-

188 2622 375 2675 μασιν.
411 2604 555 2657 Ἀλλ’
591 2606 757 2675 ἡμεῖς
796 2620 860 2672 γε
911 2603 985 2675 μὴ
1028 2604 1121 2656 ἐπὶ
1165 2604 1348 2657 πλεῖον
1396 2604 1542 2676 ἡμᾶς
1580 2604 1777 2668 αὐτοὺς

183 2697 570 2767 ἀγνοήσωμεν,
606 2694 738 2765 μηδὲ
775 2694 837 2746 τὸ
867 2695 997 2765 περὶ
1022 2692 1192 2747 ταῦτα
1225 2694 1450 2764 κόσμιον
1493 2694 1777 2764 ἀτιμάσω-

185 2804 317 2859 μεν·
370 2786 485 2841 ἀλλ’
524 2788 574 2840 εἰ
611 2785 686 2856 μὴ
712 2784 812 2856 τὴν
843 2784 1044 2856 ἔχθραν
1093 2784 1501 2839 καταλύσασθαι
1529 2785 1774 2850 δυνατὸν,

181 2881 365 2936 ἐκεῖνό
395 2878 508 2950 (Η)
540 2896 603 2948 γε
627 2878 924 2951 συμῧῶμεν
952 2878 1224 2949 ἀλλήλοις,
1254 2878 1530 2949 μυστικῶς
1572 2878 1642 2932 τὰ
1674 2897 1776 2950 μυ-

183 2973 347 3027 στικὰ
375 2970 732 3043 φθέγγεσθαι,
760 2972 856 3025 καὶ
878 2970 1050 3039 ἁγίως
1071 2969 1142 3023 τὰ
1167 2970 1323 3038 ἆγια,
1349 2971 1442 3024 καὶ
1468 2971 1543 3043 μὴ
1567 2972 1778 3041 ῥίπτειν

179 3067 261 3125 εἰς
294 3063 562 3136 βεϐήλους
584 3063 756 3125 ἀκοὰς
780 3061 849 3115 τὰ
874 3061 959 3132 ,μὴ
987 3060 1220 3132 ἔκφορα,
1252 3061 1387 3131 μηδὲ
1418 3062 1778 3133 σεμνοτέρους

180 3157 342 3229 ἡμῶν
374 3155 763 3225 ἀποφαίνωμεν
798 3155 926 3217 τοὺς
954 3152 1399 3222 προσκυνοῦντας
1435 3157 1547 3218 τοῖς
1591 3154 1779 3226 δαιμο-

177 3252 338 3313 νίοις,
377 3248 602 3303 καὶτῶν
632 3246 876 3319 αἰσχρῶν
908 3247 1094 3317 μύθων
1123 3248 1217 3300 καὶ
1253 3246 1592 3318 πραγμάτων
1627 3247 1781 3319 θερα-

180 3344 416 3408 πευτὰς,
442 3341 492 3394 οἳ
514 3340 709 3395 θᾶττον
746 3341 814 3395 ἂν
846 3340 942 3398 τοῦ
976 3340 1228 3410 αἵματος,
1261 3341 1294 3412 ἢ
1331 3339 1506 3408 λόγων
1528 3341 1676 3395 ἐστιν
1703 3335 1778 3397 ὧν

181 3421 468 3503 μεταδοῖεν
502 3434 616 3497 τοῖς
644 3432 935 3503 ἀμυήτοιςο
963 3431 1080 3485 ἀλλ’
1101 3430 1353 3501 εἰδῶμεν,
1384 3431 1575 3504 ὥσπερ
1610 3433 1776 3505 ἐσθῆ-

176 3542 293 3589 τος,
325 3525 424 3580 καὶ
444 3524 679 3595 διαίτης,
715 3523 809 3578 καὶ
842 3523 1098 3593 γέλωτος,
1123 3525 1218 3577 καὶ
1246 3523 1576 3595 βαδίσματος
1611 3520 1777 3581 οὖσάν

176 3634 302 3672 τινα
316 3617 656 3689 κοσμιότητα
668 3615 949 3687 (42),οὖτω
962 3617 1056 3670 καὶ
1066 3616 1224 3685 λόγου
1240 3616 1335 3670 καὶ
1347 3619 1669 3688 σιωπῆς,ὃτι
1683 3621 1778 3674 καὶ

177 3710 356 3778 Λόγον
404 3708 781 3781 πρεσϐεύομεν
817 3708 956 3779 μετὰ
974 3708 1082 3762 τῶν
1107 3707 1280 3763 ἄλλων
1310 3706 1404 3762 τοῦ
1434 3709 1570 3763 Θεοῦ
1602 3729 1774 3783 προσ-

176 3802 448 3875 ηγοριῶν,
479 3804 573 3857 καὶ
607 3804 896 3875 δυνάμεων
918 3821 931 3833 ·
964 3802 1106 3855 ἔστω
1131 3801 1310 3856 καὶτὸ
1332 3802 1637 3872 φιλόνεικον
1656 3805 1767 3878 (45)

175 3895 341 3966 ἡμῶν
366 3895 613 3965 ἔννομον.

1878 2151 1998 2205 nica
2030 2148 2244 2204 ﬂamma
2274 2150 2337 2215 ’t',
2381 2151 2434 2205 in
2469 2151 2657 2206 orbem
2695 2153 2878 2207 omnia
2928 2153 3238 2223 populante,
3281 2155 3449 2211 subli-

1879 2242 2103 2295 miorem
2148 2241 2397 2296 reddunt.
2458 2241 2726 2308 Quoniam
2776 2244 2921 2297 enim
2949 2244 3002 2298 in
3035 2245 3151 2299 suis
3184 2245 3450 2315 dogmati-

1879 2332 1979 2385 bus
2002 2330 2139 2387 nihil
2184 2330 2289 2385 sibi
2334 2330 2573 2398 praesidii
2613 2330 2933 2401 roborisque
2979 2333 3335 2387 constitutum
3370 2332 3449 2386 vi-

1878 2422 2027 2489 dent,
2066 2422 2167 2477 hoc
2200 2423 2252 2476 in
2287 2431 2597 2477 nostrarum
2633 2436 2816 2477 rerum
2853 2422 3225 2479 imbecillitate
3255 2438 3453 2479 venan-

1881 2523 1990 2569 tur.
2020 2516 2098 2570 Ac
2132 2515 2378 2584 proinde,
2411 2513 2863 2584 quemadmodum
2899 2529 3096 2570 muscae
3120 2515 3450 2581 vulneribus,

1879 2607 1954 2662 ita
1982 2608 2186 2662 nostris
2208 2604 2633 2671 calamitatibus,
2666 2612 2781 2663 aut.
2806 2604 2852 2658 si
2885 2604 3079 2673 mavis,
3114 2606 3314 2662 erratis
3350 2607 3454 2661 i111-

1880 2699 2110 2754 tuinent.
2175 2702 2247 2753 At
2301 2713 2399 2752 nos
2456 2698 2672 2767 quidem
2732 2700 3094 2769 nosmetipsos
3140 2698 3342 2753 diutius
3386 2713 3453 2753 ne

1881 2792 2217 2862 ignoremus,
2268 2805 2369 2845 11cc
2422 2792 2877 2858 moderationem,
2921 2805 3041 2860 quae
3081 2790 3133 2844 in
3171 2789 3254 2844 his
3295 2789 3453 2844 rebus

1880 2885 2106 2937 tenenda
2138 2890 2243 2949 est,
2275 2896 2654 2950 aspernemur.
2683 2881 2842 2948 Quod
2873 2882 2917 2937 si
2944 2880 3256 2936 inimicitias
3292 2891 3454 2950 atque

1878 2974 2003 3028 odia
2048 2974 2400 3044 exstinguere
2434 2989 2539 3028 non
2575 2988 2886 3043 possumus,
2920 2972 3049 3028 illud
3086 2971 3275 3028 saltem
3314 2971 3454 3026 inter

1877 3079 1981 3120 nos
2012 3066 2326 3131 conveniat,
2359 3074 2418 3118 ut
2442 3064 2668 3137 mystica
2696 3064 2950 3135 mystice,
2976 3073 3031 3119 et
3056 3072 3245 3123 sancta
3267 3074 3454 3118 sancte

1881 3160 2288 3229 proloquamnr,
2324 3170 2425 3212 nec
2454 3157 2507 3211 in
2534 3156 2796 3223 profanas
2827 3170 3006 3222 aures,
3037 3170 3156 3224 qua:
3186 3156 3238 3209 in
3264 3154 3453 3224 vulgus

1880 3249 2060 3306 etlerri
2117 3248 2272 3305 nefas
2319 3259 2422 3317 est,
2464 3250 2836 3320 projiciamns,
2889 3262 2987 3303 nec
3019 3246 3289 3318 patiamur
3333 3249 3456 3302 reli-

1882 3344 2145 3414 giosiores
2182 3356 2344 3411 quam
2387 3357 2485 3396 nos
2515 3341 2688 3396 videri
2731 3355 2860 3405 eos,
2907 3339 2998 3410 qui
3037 3339 3308 3394 daemones
3360 3339 3456 3394 ad-

1886 3445 2069 3501 orant,
2088 3444 2143 3491 et
2173 3435 2407 3504 turpium
2436 3432 2738 3488 fabularum
2757 3447 2820 3487 ac
2850 3447 3029 3488 rerum
3063 3430 3265 3488 cultum
3293 3435 3454 3501 proti-

1882 3538 2101 3595 tentur;
2160 3526 2358 3597 quippe
2399 3528 2492 3595 qui
2536 3527 2625 3591 iis,
2659 3526 2750 3596 qui
2783 3540 2890 3580 non
2929 3525 3116 3581 iisdem
3149 3525 3321 3580 sacris
3352 3523 3456 3578 ini-

1881 3622 1999 3676 tiati
2058 3630 2217 3685 sunt,
2275 3633 2527 3674 cruorem
2577 3620 2757 3690 potius
2806 3634 2965 3674 suum
3021 3618 3451 3689 impertirentur,

1880 3728 2042 3783 quam
2089 3725 2391 3777 sermones,
2451 3711 2651 3780 quibus
2702 3709 2957 3781 mysteria
2992 3723 3088 3764 sua
3119 3709 3452 3777 detegerem.

1882 3807 2280 3876 Aguoscamus,
2326 3813 2385 3857 ut
2431 3803 2485 3856 in
2528 3803 2745 3865 vestitu,
2798 3800 2966 3866 victu,
3012 3801 3146 3864 risu,
3179 3809 3341 3870 atque
3373 3800 3451 3853 in-

1881 3913 2059 3958 cessu,
2102 3898 2181 3952 sic
2209 3898 2262 3949 in
2285 3910 2538 3951 sermone
2571 3909 2637 3948 ac
2671 3894 2890 3949 silentio
2916 3900 3134 3948 modum
3167 3891 3453 3960 quemdam

176 4008 243 4043 ac
290 3992 552 4045 decorum
589 3988 881 4044 tenendum
918 4002 1063 4053 esse,
1109 3989 1408 4058 praesertim
1452 4004 1577 4044 cum
1623 3991 1764 4045 inter
1807 4000 1884 4047 tot
1951 3991 2042 4045 Dei
2068 3989 2318 4043 ‘virtutes
2349 4002 2412 4042 ac
2447 3986 2664 4041 nomina
2697 3986 2869 4054 Λόγον
2902 4000 3139 4057 quoque,
3190 3985 3289 4039 hoc
3335 3993 3452 4049 est,

176 4080 450 4145 Verbum,
487 4081 768 4144 colamus;
817 4091 981 4150 atque
1021 4080 1322 4148 contingat,
1351 4090 1410 4134 ut
1439 4081 1553 4150 ipsa
1590 4083 1754 4136 etiam
1796 4083 2073 4140 contentio
2100 4090 2283 4135 nostra
2313 4079 2552 4147 legitima
2582 4078 2677 4132 sit.

251 4180 348 4245 ς’.
390 4176 457 4230 Τί
484 4178 737 4247 γέννησιν
775 4174 887 4246 (44)
921 4173 1109 4228 ἀκούει
1147 4174 1281 4229 Θεοῦ
1322 4177 1417 4229 καὶ
1445 4176 1646 4239 κτίσιν,
1680 4180 1774 4232 καὶ

172 4268 317 4321 Θεὸν
366 4266 429 4332 ἐξ
456 4268 557 4321 οὐκ
599 4266 790 4329 ὅντων,
832 4265 927 4320 καὶ
979 4264 1172 4336 τομὴν,
1220 4266 1315 4319 καὶ
1352 4265 1638 4337 διαίρεσιν,
1680 4270 1774 4322 κα)⁸

172 4358 470 4421 ἀνάλυσιν,
497 4358 527 4409 ὁ
555 4356 749 4428 πικρὸς
787 4354 897 4408 τῶν
942 4353 1249 4424 λεγομένων
1294 4354 1572 4426 ἀκροατής
1618 4354 1772 4425 (45);

172 4452 246 4506 Τί
272 4450 539 4513 δικαστὰς
565 4450 693 4511 τοὺς
722 4448 1059 4520 κατηγόρους
1092 4446 1420 4517 καθίζομεν;
1451 4447 1516 4500 Τί
1543 4447 1613 4501 τὰ
1644 4448 1770 4520 ξίφη

170 4546 294 4605 τοῖς
340 4544 556 4616 ἐχθροῖς
594 4540 1005 4611 ὲγχειρίζομενς
1046 4538 1190 4603 Πῶς,
1244 4536 1370 4602 οἴει,
1420 4538 1630 4605 δέξεται
1678 4540 1769 4592 τὸν

1950 4177 2037 4232 Vl.
2077 4176 2187 4231 Cur
2223 4175 2318 4231 Dei
2356 4174 2761 4244 generationem
2808 4182 2864 4228 et
2899 4173 3258 4239 creationem,
3294 4181 3457 4241 atque

1876 4268 2044 4324 Deum
2072 4284 2139 4324 ex
2177 4267 2352 4323 nihilo
2384 4276 2590 4333 ortum,
2622 4281 2721 4322 cur
2741 4265 3032 4332 sectiones,
3063 4273 3117 4320 et
3141 4264 3453 4327 divisiones,

1877 4375 1940 4415 ac
1985 4358 2343 4416 resolutiones
2382 4356 2475 4413 ille
2514 4357 2688 4423 audit,
2721 4356 2815 4426 qui
2853 4371 2999 4412 saevo
3049 4364 3213 4424 atque
3244 4355 3456 4411 infenso

1879 4450 2060 4505 animo
2112 4448 2417 4518 huiusmodi
2466 4462 2744 4503 sermones
2775 4447 3072 4518 expendit?
3105 4446 3215 4502 Cur
3235 4462 3456 4503 accusa-

1883 4547 2028 4593 tores
2073 4538 2220 4607 ipsos
2259 4537 2471 4605 iudices
2509 4538 2923 4593 constituimus?
2960 4537 3069 4593 Cur
3114 4538 3359 4593 hostibus
3397 4538 3453 4590 in

172 4637 316 4707 περὶ
342 4636 552 4692 τούτων
584 4635 772 4703 λόγον,
810 4634 844 4705 ἢ
881 4631 1001 4703 μεθ’
1043 4630 1162 4694 oh;
1188 4628 1288 4700 τῆς
1324 4630 1583 4696 διανοίας,
1617 4633 1645 4686 ὁ
1678 4632 1774 4696 τὰς

1883 4631 2172 4702 perniciem
2218 4641 2461 4686 nostram
2487 4631 2694 4701 gladios
2720 4631 3088 4702 porrigiutus?
3115 4631 3233 4699 Quo
3255 4638 3442 4701 pacto,

253 4730 300 4761 “
331 4726 476 4782 Psal.
496 4741 716 4792 cxxxvt,
757 4726 809 4780 4.
889 4724 934 4756 ¹⁶
960 4723 1091 4776 Dan.
1126 4722 1314 4784 111,22.

254 4840 463 4908 (315)01
495 4838 717 4907 θερμοί.
755 4836 912 4893 Deest
938 4837 989 4889 οἱ
1021 4834 1071 4887 in
1096 4833 1263 4905 Begg.
1291 4851 1344 4900 a,
1380 4837 1490 4902 btn,
1527 4835 1688 4892 Coisl.
1710 4837 1767 4899 5,

166 4923 229 4971 ct
264 4911 364 4965 0r.
401 4913 453 4963 1.

253 4981 378 5049 (56)
414 4979 525 5034 Kal
559 4977 1097 5049 6v0xd6.sxto¢._Sic
1133 4979 1264 5047 Reg.
1298 4976 1408 5041 b111,
1439 4976 1605 5033 Coisl.
1646 4977 1701 5043 3,
1722 4987 1779 5031 et

167 5054 280 5109 Or.
327 5047 382 5104 ii.
409 5052 464 5104 I11
493 5050 675 5114 editis,
709 5049 803 5101 καὶ
825 5047 1176 5112 δυσκάθετος.

252 5121 377 5192 (57)
411 5122 517 5187 Εις
544 5113 869 5188 Αιγυπτον.
904 5136 923 5169 ι
959 5119 1016 5172 lu
1038 5118 1349 5190 Egyptnm.
1383 5134 1402 5169 1
1438 5113 1493 5170 Id
1518 5128 1622 5182 est,
1656 5135 1674 5168 ι
1712 5130 1777 5171 ne

170 5193 367 5250 aliena
401 5193 654 5261 dogmata
678 5198 975 5261 sectemur.
1001 5208 1019 5241 1

253 5262 378 5333 (58)
419 5258 652 5333 Φῐλίας.
698 5259 810 5313 Duo
834 5259 1024 5333 Cui_s|.,
1051 5258 1230 5333 φίλης.

250 5326 376 5403 (39)
411 5330 808 5403 Εὐπγώμονος
849 5329 947 5382 καί
990 5326 1354 5403 ᾀγξνῴμοινος.
1404 5326 1548 5381 Elias
1595 5327 1775 5395 vertit,

174 5422 199 5458 ς
265 5399 418 5457 recte
451 5399 884 5460 ratiocinantem,
910 5409 961 5451 et
984 5399 1168 5467 judicii
1195 5410 1493 5468 expertem.
1541 5416 1561 5451 1

284 5473 380 5540 40)
418 5469 688 5539 Ἑαιυτῆς.
729 5468 824 5525 Or.
856 5469 903 5534 Ι,
934 5469 1162 5540 ἑαυτοῖς.

284 5474 380 5540 40)
418 5474 688 5539 Ἑαλυτῆς.
729 5474 824 5525 0r.
856 5474 903 5534 Ι,
934 5474 1162 5532 ἑαυτοῖς.

255 5474 383 5613 (41)
414 5540 670 5595 Ἐκεῖνο.
699 5540 753 5593 In
778 5540 1070 5613 nonnullis,
1096 5538 1307 5613 ἐκείνη».

256 5606 386 5681 (49..)
415 5612 809 5681 Κοσμέότητα.
846 5608 938 5663 Sic
985 5611 1090 5664 duo
1130 5606 1302 5679 Regii.
1356 5606 1460 5661 Alii
1509 5607 1776 5679 κοσμότη-

165 5702 251 5740 τα
289 5678 626 5755 [urendus—tt].
739 5695 758 5709 ο

261 5746 390 5821 (45)
422 5746 790 5807 dludi-sutor.
828 5749 1013 5807 Billius
1044 5748 1109 5806 ad
1156 5748 1454 5819 marginem
1484 5746 1605 5804 Bas.
1642 5749 1776 5805 Scri-

1880 4836 2006 4907 psit,
2040 4835 2107 4907 το
2139 4834 2441 4907 φιλότιμον.
2492 4836 2581 4891 Sic
2607 4836 2769 4889 etiam
2814 4834 2992 4907 legunt
3018 4834 3163 4889 Elias
3188 4842 3242 4907 et
3287 4833 3454 4907 Leuvg

1882 4903 2127 4977 Combef.
2153 4903 2334 4973 vero,
2353 4906 2677 4977 φιλονεικεῖν
2719 4907 2853 4976 ἡμῖν
2869 4903 2897 4936 ὀ
2925 4924 2944 4957 ι
2983 4906 3155 4975 ipsum
3185 4906 3286 4977 b_oc
3313 4903 3456 4975 quod

1883 4976 2277 5041 contendimus,
2309 4978 2377 5032 sit
2404 4978 2555 5031 nobis
2586 4976 2898 5044 legitimum.
2924 4994 2944 5028 1

1954 5046 2066 5116 (44)
2093 5046 2418 5114 Γέννησιν,
2449 5054 2553 5101 etc.
2586 5043 2877 5115 Gregorius
2894 5046 2984 5101 hic
3010 5044 3319 5116 perstringit
3346 5043 3455 5097 Eu-

1883 5114 2170 5170 nomianos
2195 5157 2210 5181 ,
2242 5119 2332 5185 qui
2356 5155 2371 5180 ,
2412 5117 2552 5186 apud
2587 5114 2816 5184 gentiles
2843 5155 2858 5180 ,
2885 5115 3083 5185 quibus
3115 5129 3218 5169 non
3260 5114 3456 5186 licebat

1883 5188 2006 5240 talia
2042 5184 2350 5250 audire,de
2382 5184 2490 5241 Deo
2522 5194 2842 5255 arroganter
2864 5184 2918 5240 et
2944 5200 3065 5239 cum
3092 5184 3458 5240 ostentatione

1881 5257 2251 5318 disserebant,
2284 5271 2407 5311 cum
2452 5257 2553 5325 ipsi
2595 5256 2657 5325 in
2685 5257 2905 5309 deorum
2949 5256 3451 5325 suorunrpatrqci-

1880 5329 2029 5379 nium
2081 5340 2361 5380 sermones
2402 5323 2564 5379 etiam
2598 5324 2855 5394 adhibere
2892 5332 3130 5394 possent.
3180 5323 3314 5379 Nam
3345 5323 3452 5377 Eu-

1879 5396 2115 5451 nomiaui
2149 5403 2387 5450 creatum
2421 5409 2543 5450 esse
2568 5393 2764 5449 Filium
2799 5393 2914 5459 Dei,
2936 5402 3225 5461 ortumque
3268 5394 3335 5449 de
3369 5394 3451 5448 ui—

1878 5467 1989 5519 hilo
2026 5465 2454 5529 contendebant,
2499 5465 2691 5534 sicque
2733 5467 2980 5519 eumdem
3009 5479 3038 5517 a
3084 5463 3246 5520 Patre
3298 5463 3451 5533 quasi

1877 5536 2203 5589 diSst-catum
2236 5536 2578 5602 scparabant.

1946 5603 2419 5674 (ΗῆἉκροατής.
2464 5621 2481 5655 t
2522 5604 2764 5660 Auditor.
2817 5623 2835 5656 1
2885 5602 3104 5674 Coislin.
3163 5604 3213 5666 1,
3267 5602 3451 5668 ἐξετα-

1878 5672 2085 5746 στὴς,’«
2125 5672 2424 5746 indagator.
2466 5685 2487 5726 1'
2529 5674 2619 5731 Sic
2645 5675 2805 5730 etiam
2831 5673 2958 5744 legit
2990 5672 3197 5728 Billius.
