3890 6214
417 353 491 409 es
1610 351 1665 408 s.
1709 350 2038 410 casconn
2080 350 2422 409 THEOLOGI
3573 363 3644 420 ρ,

419 470 493 526 ita
542 468 719 532 litoet,
755 474 932 530 aittor,
981 480 1188 533 rerum,
1228 481 1345 536 qua:
1378 467 1657 521 oculorum
1701 483 1976 539 aspecwtn

2096 471 2106 520 5
2143 484 2248 521 των
2280 470 2534 540 ἀρρήτων
2579 471 2866 541 ἀκροατὴς,
2894 473 2921 525 ὁ
2949 489 3086 542 μετα
3122 473 3305 527 Ἠλίαν
3330 477 3645 548 μετάρσιος,

417 564 694 628 superent,
740 565 1033 625 spectator,
1057 566 1113 611 et
1140 570 1459 611 arcanorum
1494 559 1782 613 verborum
1821 562 1976 614 audi-

419 661 504 704 tor
528 650 594 714 ²³,
630 658 749 719 post
777 649 947 702 Etiam
971 649 1026 703 in
1053 649 1283 704 sublime
1308 659 1493 719 raptus
1516 649 1583 716 ",
1610 659 1730 719 post
1762 648 1978 723 Moysen

420 742 514 797 Dei
541 743 924 811 conspectione
944 742 1172 797 donatus
1206 742 1274 809 ’⁸,
1302 751 1422 812 post
1446 742 1668 797 Paulum
1695 744 1746 798 in
1780 744 1978 798 coelum

418 842 636 890 evectus
659 834 746 888 "z
797 835 923 903 quid
974 834 1185 889 tandem
1241 843 1343 899 est,
1398 836 1538 906 quod
1592 835 1727 893 alios
1766 851 1980 906 quoque

420 925 579 979 unius
624 923 732 979 diei
789 934 1061 979 momento
1102 932 1317 980 sanctos
1362 925 1554 994 ﬁngis,
1605 935 1661 981 et
1700 927 1977 998 theologos

420 1027 595 1078 creas,
620 1013 1081 1084 eruditionemque
1107 1015 1235 1084 ipsis
1267 1015 1411 1070 velut
1445 1017 1694 1082 inspiras,
1725 1026 1777 1071 et
1811 1021 1977 1072 multa

420 1105 668 1176 imperite
694 1106 975 1161 doctorum
1018 1107 1371 1163 conciliabula
1397 1107 1575 1162 facis?
1618 1107 1727 1163 Cur
1756 1125 1979 1164 aranea-

421 1211 540 1251 rum
571 1196 690 1251 telis
720 1197 1039 1252 iuﬁrmiores
1068 1198 1346 1269 illaqueas,
1377 1215 1441 1253 ex
1467 1214 1640 1268 eoque
1670 1201 1762 1255 tibi
1785 1202 1976 1255 scitum

420 1286 623 1355 aliquid
656 1302 718 1341 ac
754 1288 1071 1357 praeclarum
1103 1291 1279 1344 facere
1307 1290 1544 1346 videris?
1572 1291 1682 1346 Cur
1716 1295 1977 1348 adversus

419 1380 580 1434 iidem
608 1381 899 1435 crabrones
926 1381 1172 1436 excitus?
1200 1379 1310 1436 Cur
1350 1381 1755 1438 dialecticorum
1785 1399 1975 1453 agmen

423 1470 579 1525 nobis
622 1485 687 1525 ex
732 1480 970 1538 tempore
1004 1472 1290 1540 producis,
1342 1486 1447 1525 non
1481 1472 1640 1529 aliter
1680 1487 1743 1528 ac
1783 1472 1978 1528 fabula:

421 1563 572 1625 olim,
605 1563 884 1632 gigantes?
931 1563 1041 1617 Cur
1091 1563 1389 1618 levissimos
1434 1579 1677 1633 quosque
1712 1565 1879 1630 viros,
1918 1579 1979 1618 ae

420 1653 659 1708 virorum
686 1654 900 1707 nomine
932 1653 1197 1724 indignos,
1222 1654 1365 1708 velut
1392 1654 1670 1710 colluviem
1692 1657 1977 1725 quamdam

422 1744 475 1798 in
502 1759 662 1798 unam
694 1744 1003 1813 voraginem
1030 1760 1246 1816 cogens,
1280 1760 1343 1801 ac
1381 1747 1665 1801 verborum
1711 1746 1979 1801 illecebris

422 1831 592 1900 magis
616 1848 679 1887 ac
721 1834 890 1902 magis
917 1831 1228 1890 ellemiuans
1249 1875 1262 1900 ,
1297 1849 1487 1888 novam
1528 1849 1590 1890 ex
1624 1836 1754 1904 ipsis
1788 1836 1979 1906 impie-

424 1921 549 1976 tatis
609 1921 876 1977 olﬁcinam
936 1923 1256 1989 condidisti,
1306 1933 1479 1979 astute
1530 1926 1742 1980 interim
1789 1942 1976 1982 eorum

2083 559 2174 612 καὶ
2230 562 2257 613 ὀ
2325 561 2462 630 μετά
2516 561 2754 615 Μωῡσέα
2804 562 3121 632 θεοφανείας
3170 564 3498 636 ἠξιωμένος,
3551 571 3646 625 καὶ

2084 650 2222 720 μετά
2254 650 2464 704 Παῦλον
2507 653 2789 724 οὐράνιος·
2815 653 2867 706 τί
2900 654 2994 706 καὶ
3024 656 3151 718 τοὺς
3179 655 3370 720 ἄλλους
3406 659 3646 731 αὐθημε-

2082 742 2175 812 ρὸν
2200 742 2453 807 πλάττεις
2485 744 2691 812 ἁγίους,
2731 745 2826 798 καὶ
2856 748 3175 824 χειροτονεῖς
3211 747 3511 818 θεολόγους,
3550 752 3645 805 καὶ¹

2080 826 2189 885 οἷον
2218 836 2442 904 ὲμπνεϊς
2479 835 2578 905 τὴν
2621 835 2929 902 παίδευσιν,
2977 837 3071 891 καὶ
3114 836 3420 910 πεποίηκας
3450 840 3645 909 λογίων

2081 923 2305 993 ἀμαθῶν
2339 924 2506 978 πολλὰ
2557 926 2844 997 συνέδρια;
2886 928 2948 979 Τί
2998 931 3109 992 τοῖς
3159 928 3463 1005 ἀραχνείοις
3500 931 3642 1000 ὑφά-

2081 1033 2249 1087 σμασι
2280 1015 2390 1086 (61)
2425 1016 2699 1088 ὲνδεσμεῖς
2728 1018 2853 1082 τοὺς
2898 1017 3350 1090 ἀσθενεστέρους,
3381 1020 3457 1083 ὡς
3497 1019 3560 1091 δή
3589 1038 3644 1074 τι

2084 1108 2241 1177 σοφὸν
2269 1107 2363 1161 καὶ
2395 1109 2567 1178 μέγα;
2602 1108 2667 1161 Τί
2706 1108 2942 1180 σφηκίας
2970 1107 3079 1182 (62)
3103 1109 3337 1180 ὲγείρεις
3375 1108 3514 1163 κατὰ
3540 1108 3646 1178 τῆς

2082 1199 2346 1263 πίστεω;;
2382 1199 2447 1251 Τί
2491 1196 2789 1269 σχεδιάζεις
2823 1201 2952 1270 ἡμῖν
2984 1198 3335 1252 διαλεκτικῶν
3367 1199 3643 1263 ἀνάδοσιν,

2081 1294 2265 1363 ὥσπερ
2312 1294 2361 1344 οἱ
2399 1294 2553 1364 μῦθοι
2593 1295 2757 1348 πάλαι
2806 1296 2932 1358 τοὺς
2978 1295 3267 1363 γίγαντας;
3306 1294 3370 1347 Τί
3395 1293 3504 1346 τῶν
3549 1294 3612 1348 ἀν

2079 1386 2218 1459 δρῶν
2245 1389 2366 1440 ὅσον
2393 1385 2612 1454 κοῦφον,
2647 1387 2740 1459 καὶ
2768 1385 3045 1456 ἄνανδρον,
3076 1384 3262 1456 ὥσπερ
3290 1384 3412 1439 τινά
3443 1403 3645 1457 συρφε-

2078 1456 2196 1539 si»,
2247 1478 2324 1537 el;
2361 1474 2488 1543 μίαν
2534 1456 2811 1544 χαράδραν
2863 1472 3211 1541 συναγαγὼν,
3247 1475 3341 1528 καὶ
3383 1456 3645 1547 κολακείᾳ

2080 1563 2235 1618 πλέον
2262 1565 2513 1635 θηλύνας,
2541 1564 2723 1619 καινὸν
2753 1565 3127 1635 ἐργαστήριον,
3144 1563 3254 1635 (65)
3280 1565 3644 1638 ἐδημιούργη-

2082 1671 2206 1721 σας,
2235 1657 2332 1709 οὑκ
2362 1656 2579 1724 ἀσόφως
2609 1654 2706 1725 τὴν
2735 1654 2921 1708 ἄνοιαν
2958 1654 3134 1707 αὐτῶν
3163 1654 3604 1726 ἐκκαρπούμενος
3624 1698 3645 1723 ,

2093 1746 2412 1815 Ἀντιλέγεις
2465 1747 2558 1800 καὶ
2602 1745 2838 1811 τούτοις;
2881 1746 2974 1798 καὶ
3016 1746 3249 1817 οὐδαμοῦ
3319 1764 3400 1800 σοι
3438 1746 3642 1813 τάλλα;

2082 1839 2176 1891 καὶ
2223 1838 2323 1909 τὴν
2365 1838 2616 1906 γλῶσσαν
2665 1838 2745 1891 δεῖ
2779 1835 3126 1890 δυναστεύειν
3175 1837 3411 1901 πάντως,
3442 1839 3536 1892 καὶ
3580 1838 3647 1892 οὐ

2086 1930 2335 2000 κατέχεις
2375 1930 2475 2003 τὴν
2502 1930 2664 1984 ὠδῖνα
2686 1929 2779 1982 τοῦ
2808 1929 3000 1998 λόγου;
3044 1929 3186 1998 ἔχεις
3221 1929 3330 2000 (64)
3359 1930 3452 1983 καὶ
3479 1930 3649 1991 ἄλλας

423 2010 657 2067 amentia
700 2013 766 2069 ad
796 2013 1077 2070 utilitatem
1128 2026 1270 2070 tuam
1312 2016 1568 2082 abutens,
1611 2026 1771 2088 atque
1808 2034 1873 2073 ex
1917 2033 1981 2072 ea

2096 2021 2362 2085 5ποθέσεις
2396 2022 2593 2086 πολλάς
2663 2039 2724 2075 τε
2769 2024 2867 2076 καὶ
2911 2023 3252 2093 φιλοτίμουςο
3293 2024 3409 2076 ἐκεῖ
3449 2021 3651 2093 τρέψον

425 2116 655 2157 messem
710 2102 957 2159 faciens?
997 2103 1132 2159 Num
1174 2105 1258 2161 his
1307 2105 1635 2177 reiragaris?
1692 2106 1827 2161 Num
1876 2108 1979 2163 alia

2096 2114 2224 2184 μετά
2256 2114 2349 2168 τοῦ
2376 2114 2646 2186 χρησίμου
2674 2114 2770 2186 τὴν
2803 2115 2954 2168 νόσον
2981 2114 3113 2185 (65).

421 2196 739 2269 prol'nibilo
791 2200 1043 2268 reputas?
1085 2197 1221 2254 Num
1269 2199 1506 2271 linguam
1560 2209 1704 2254 tuam
1755 2203 1975 2258 omnino
2010 2205 2276 2263 dominari
2304 2223 2522 2264 necesse
2592 2216 2695 2271 est,
2760 2222 2857 2262 nec
2900 2216 2953 2260 tu
2992 2207 3377 2277 parturientem
3436 2220 3650 2262 sermo-

423 2305 547 2347 nem
599 2291 890 2361 reprimere
920 2291 1103 2361 potes?
1173 2288 1349 2346 Habes
1398 2290 1560 2346 etiam
1607 2292 1710 2345 alia
1745 2292 1909 2348 multa
1957 2305 2009 2351 et
2045 2295 2340 2353 honoriﬁca
2385 2297 2761 2367 disputationis
2830 2306 3163 2367 argumenta.
3209 2296 3449 2351 “orbum
3503 2297 3650 2352 hunc

424 2383 492 2437 ad
517 2381 631 2437 haec
662 2382 863 2439 utiliter
890 2392 1161 2438 converte.

495 2472 561 2527 Χ.
601 2472 914 2544 Pythagora:
942 2474 1244 2541 silentium,
1283 2485 1339 2531 et
1370 2474 1519 2529 fabas
1553 2475 1673 2532 illas
1708 2474 1972 2546 Orphicas

2152 2478 2205 2533 ι’.
2233 2478 2403 2532 Βάλλε
2435 2495 2524 2549 μοι
2548 2477 2862 2547 Πυθαγόρου
2883 2474 2992 2545 (66)
3024 2474 3121 2545 τὴν
3144 2476 3373 2545 σιωπὴν,
3404 2476 3498 2530 καὶ
3521 2477 3654 2545 τοὺς

423 2566 690 2620 insectare
711 2604 725 2629 ,
772 2573 1152 2634 recentemque
1184 2565 1375 2620 horum
1406 2566 1687 2621 verborum
1722 2582 1979 2636 arrogan-

2096 2572 2324 2642 κυάμους
2346 2571 2468 2633 τοὺς
2500 2570 2805 2640 Ὁρφικοὺς,
2826 2568 2919 2621 καὶ
2942 2569 3039 2639 τὴν
3058 2567 3184 2639 περὶ
3205 2567 3284 2629 τὸ,
3308 2568 3497 2632 Αὐτὸς
3509 2568 3651 2636 ἐρα,

426 2658 552 2712 tiam
591 2673 604 2710 :
647 2655 770 2726 Ipse
813 2656 963 2711 dixit.
1003 2656 1240 2712 Platonis
1284 2657 1430 2713 ideas
1477 2660 1714 2726 impete,
1773 2660 1982 2714 animo-

2096 2662 2399 2732 καινοτέραν
2452 2659 2787 2723 ἀλαζονείαν.
2843 2660 3011 2713 Βάλλε
3061 2677 3151 2730 μοι
3208 2659 3492 2723 Πλάτωνος
3548 2658 3654 2722 τὰς

426 2766 652 2822 rumque
707 2759 1013 2827 nostrorum
1079 2752 1132 2807 iu
1207 2751 1311 2806 alia
1371 2760 1536 2819 atque
1587 2752 1693 2806 alia
1754 2766 1982 2821 corpora

2096 2754 2230 2817 ἰδέας
2262 2750 2395 2824 (67),
2427 2751 2521 2805 καὶ
2549 2751 2645 2815 τὰς
2674 2750 3189 2821 μετενσωματώσεις
3208 2791 3221 2811 ,
3253 2751 3347 2805 καὶ
3373 2750 3654 2824 περιόδους

426 2844 775 2914 migrationes
816 2854 870 2898 et
911 2842 1283 2907 circuitiones,
1330 2853 1385 2898 et
1432 2843 1884 2908 reminiscentias,
1919 2859 1984 2900 ac

2096 2844 2196 2899 τῶν
2228 2845 2513 2917 ἡμετέρων
2533 2842 2741 2913 ψυχῶν,
2773 2843 2987 2905 καὶτὰς
3019 2843 3375 2912 ἀναμνήσεις,
3403 2843 3497 2894 καὶ
3521 2840 3653 2902 τοὺς

424 2938 653 3005 denique
682 2950 786 2989 non
832 2935 1084 3003 pulchros
1116 2949 1326 2990 amores
1356 2948 1449 3004 per
1489 2935 1714 3004 pulchra
1756 2951 1984 3005 corpora

2096 2935 2149 2986 οὐ
2191 2934 2380 2996 καλοὺς
2423 2931 2510 2985 διά
2542 2930 2649 2985 τῶν
2684 2931 2860 2985 καλῶν
2894 2932 3157 3000 σωμάτων
3186 2931 3276 2984 ἐπὶ
3303 2929 3479 3001 ψυχὴν
3515 2928 3655 3001 ἔρω-

425 3029 477 3083 in
501 3029 735 3084 animum
761 3028 1068 3085 subeuntes.
1094 3026 1310 3097 Epicuri
1332 3026 1551 3096 impium
1579 3026 1825 3083 Numinis
1856 3044 1984 3084 con-

2096 3043 2207 3089 τας.
2255 3025 2574 3096 Ἐπικούρου
2611 3024 2708 3094 τὴν
2739 3022 2925 3077 ἀθείαν
2966 3020 3095 3093 (68),
3135 3022 3229 3075 καὶ
3261 3022 3362 3085 τὰς
3392 3020 3653 3091 ἀτόμους,

427 3127 709 3189 temptum,
748 3129 804 3175 et
832 3128 1062 3183 atomos,
1095 3127 1258 3188 atque
1284 3119 1515 3174 alienam
1544 3120 1859 3189 philosopho
1888 3136 1984 3175 vo-

2096 3121 2184 3175 καὶ
2219 3120 2316 3191 τὴν
2346 3120 2668 3190 ἀφιλόσοφον
2716 3118 2908 3189 ἡδονήν
2934 3135 2947 3149 ·
2995 3116 3397 3189 Ἀριστοτέλους
3431 3116 3531 3186 τὴν
3561 3132 3656 3185 μι-

425 3209 684 3279 luptatem
710 3209 923 3280 exagita
948 3224 963 3274 ;
989 3208 1294 3264 Aristotelis
1312 3223 1643 3279 pra'parcam
1669 3220 1725 3267 et
1746 3214 1984 3283 angustis

2097 3212 2355 3282 κρολόγον
2402 3212 2664 3282 Πρόνοιαν
2699 3208 2831 3279 (69),
2874 3210 2969 3262 καὶ
3005 3209 3066 3261 τὸ
3094 3208 3357 3278 ἔντεχνον,
3406 3206 3501 3260 καὶ
3523 3206 3654 3268 τοὺς

427 3300 622 3358 ﬁnibus
650 3301 1112 3367 circumscriptam
1136 3298 1301 3372 495
1326 3300 1749 3369 Providentiam,
1777 3312 1833 3357 et
1862 3303 1986 3358 arti-

427 3393 626 3458 ﬁcium,
656 3392 911 3448 mortales
939 3392 1005 3448 de
1026 3393 1204 3446 anima
1228 3405 1528 3460 sermones,
1557 3403 1719 3463 atque
1752 3395 1984 3451 humana

426 3486 675 3551 dogmata
703 3484 963 3549 confuta;
995 3483 1300 3540 Stoicorum
1346 3485 1717 3555 supercilium,
1751 3484 1986 3558 Cynico-

428 3591 545 3629 rum
569 3574 852 3644 iugluviem
878 3585 932 3630 et
953 3574 1439 3631 circumloraneam
1462 3575 1733 3631 levitatem
1753 3577 1982 3633 incesse.

426 3664 667 3723 Vacuum
721 3667 889 3733 item,
925 3676 982 3723 et
1016 3666 1266 3737 plenum,
1303 3682 1368 3721 ac
1403 3681 1739 3737 quacunque
1791 3665 1868 3720 illi
1916 3666 1981 3720 de

2091 3300 2316 3371 θνητοὺς
2348 3302 2474 3371 περὶ
2500 3300 2677 3370 ψυχῆς
2714 3300 2903 3368 λόγους
2921 3340 2935 3363 ,
2962 3299 3055 3353 καὶ
3081 3297 3141 3351 τὸ
3171 3296 3511 3369 ἀνθρωπικὸν
3541 3295 3657 3350 τῶν

2088 3394 2388 3463 δογμάτων·
2413 3394 2508 3463 τῆς
2529 3394 2694 3457 Στοᾶς
2721 3392 2832 3462 (70)
2854 3391 2951 3461 τὴν
2974 3391 3165 3461 ὀφρὺν,
3194 3390 3300 3443 τῶν
3325 3388 3508 3443 Κυνῶν
3535 3388 3654 3458 (7i)

2089 3485 2149 3537 τὸ
2188 3484 2363 3554 λίχνον
2404 3500 2462 3535 τε
2496 3485 2591 3537 καὶ
2638 3484 2909 3553 ἀγοραῖον.
2948 3482 3116 3534 Βάλλε
3163 3497 3253 3550 μοι
3284 3481 3344 3533 τὸ
3376 3480 3548 3542 κενὸν,
3585 3479 3657 3533 τδ

2091 3574 2292 3645 πλῆρες
2308 3577 2413 3628 τῶν
2436 3575 2785 3646 ληρημάτων,
2812 3574 2911 3626 ὅσα
2932 3573 3057 3643 περὶ
3080 3571 3215 3624 θεῶν
3236 3571 3268 3642 ἢ
3293 3571 3491 3624 θυσιῶν
3514 3571 3653 3640 (ἸΞ),

2089 3667 2217 3738 περ).
2245 3666 2497 3731 εἰδώλων,
2528 3667 2653 3737 περὶ
2681 3666 2949 3737 δαιμόνων
2975 3664 3319 3733 ἀγαθοποιῶν
3337 3682 3395 3719 τε
3418 3665 3527 3737 (75)
3553 3666 3653 3719 καὶ

494 3800 542 3833 ⁸³
587 3799 629 3854 ll
685 3800 810 3858 Cor.
872 3817 979 3868 xu,
1023 3802 1077 3856 4.
1152 3801 1199 3834 ⁸⁸
1236 3801 1301 3857 ιν
1337 3801 1466 3872 Reg.
1507 3819 1582 3867 u,
1624 3802 1712 3857 Η.
1789 3803 1835 3834 ’⁸
1871 3801 1984 3857 Ero

2096 3817 2252 3856 mnu
2275 3842 2290 3868 ,
2318 3802 2408 3855 22.
2484 3802 2530 3832 ’⁸
2567 3800 2611 3854 ll
2648 3799 2769 3856 Cor.
2822 3816 2923 3864 xu,
2958 3801 3011 3854 ι.

644 3936 1212 4060 θῖδρίσρασιὲὒεοει
1241 3936 1293 3991 in
1324 3935 1529 3991 duobus
1566 3935 1760 4006 Regg.,
1785 3935 1992 3992 duobus

472 4019 603 4067 ΜΒ..
644 4019 693 4060 et
720 4019 813 4060 UI‘.
847 4019 899 4061 1.

498 4076 611 4146 (62)
652 4077 940 4145 Σφηκίας.
1001 4094 1019 4128 ι
1053 4074 1374 4141 Crabrones,
1422 4092 1444 4126 ι
1499 4074 1553 4129 id
1611 4083 1694 4129 est
1744 4093 1765 4126 ι
1809 4075 1987 4129 ethni-

429 4161 542 4201 eos.
577 4166 595 4198 ι

500 4214 613 4286 (65)
653 4211 1087 4286 Ἐργαστήριον.
1132 4214 1315 4286 (Ξιῂδι.Δ
1353 4213 1403 4277 Ι,
1444 4211 1626 4286 (ξι-ρι’.
1693 4214 1721 4269 1
1762 4213 1982 4281 addunt,

428 4282 718 4348 ἀσεϐείας,
736 4282 763 4336 ί
790 4282 1101 4354 impietatis.
1141 4303 1160 4337 ›
1188 4284 1278 4339 Sic
1303 4282 1427 4353 legit
1452 4283 1657 4338 Billius.

470 4355 614 4438 .(64)
653 4351 882 4438 Ἔχεις,
909 4365 1016 4438 et_c.
1075 4353 1318 4438 ostendit
1361 4351 1656 4423 Gregorius
1689 4351 1990 4438 .Eunomia-

429 4424 534 4489 nis,
553 4425 703 4494 plura
726 4426 831 4479 alia
854 4438 922 4479 ac
953 4424 1245 4479 honoriﬁca
1277 4437 1398 4478 esse
1421 4432 1761 4493 argumenta,
1799 4437 1861 4477 ea
1883 4424 1988 4477 sci-

428 4496 555 4550 licet
601 4509 721 4563 qnm
761 4511 831 4548 ex
871 4494 1145 4561 gentilium
1191 4494 1419 4563 scriptis,
1453 4493 1690 4563 depromi
1739 4503 1985 4561 possunt,

433 4577 543 4618 tum
581 4562 640 4618 ut
675 4565 925 4633 loquendi
965 4564 1223 4633 prurigini
1265 4562 1623 4628 satisfaciant,
1652 4571 1760 4616 tum
1799 4572 1857 4618 ut
1887 4563 1988 4618 sibi

432 4635 688 4701 doctrinm
711 4646 763 4688 et
783 4633 1098 4701 eloquentia:
1121 4648 1313 4688 nomen
1345 4640 1676 4701 comparent.

501 4697 614 4776 (65)
656 4703 774 4772 Τὴν
796 4697 1005 4776 vde—for.
1039 4722 1064 4776 ι
1087 4703 1326 4776 Morbum
1358 4697 1528 4767 hunc;
1558 4720 1578 4754 ι
1606 4701 1853 4771 loquendi
1885 4703 1992 4756 sci-

432 4774 557 4827 licet
583 4774 648 4829 ac
671 4774 1069 4829 contradicendi
1096 4774 1377 4840 prnritum.

504 4843 617 4913 (66)
655 4843 1022 4912 Πυθαγόρου,
1056 4840 1517 4913 etc.;Pythagoras
1545 4840 1840 4913 (discipulis
1879 4840 1990 4913 suis

436 4911 708 4970 silentium
742 4911 839 4980 per
858 4911 1279 4981 quinquennium
1308 4922 1362 4966 et
1389 4927 1418 4964 a
1452 4911 1587 4965 labis
1608 4911 1988 4964 abstinentiam

436 4983 838 5050 prmscribebat.
877 4981 1010 5036 Cum
1038 4991 1216 5035 autem
1261 4982 1721 5050 interrogarentur
1760 4984 1825 5031 de
1854 4995 1990 5048 quo-

435 5048 554 5108 dam
585 5054 754 5123 ipsius
777 5052 1335 5123 doctrinasgdogmate,
1361 5048 1491 5105 nihil
1522 5048 1666 5105 aliud
1698 5050 1987 5119 responde-

435 5126 583 5181 bant.
602 5119 800 5193 r'quam.
830 5141 847 5173 ι
880 5119 1001 5193 ipse
1021 5119 1173 5193 dixit.
1200 5139 1229 5193 _s

505 5186 975 5263 (67)’Πλάτῳνὶ>ς
1030 5190 1134 5256 τὰς
1168 5190 1348 5257 ἰδέας.
1378 5209 1397 5243 ι
1437 5188 1673 5263 Platonis
1714 5188 1878 5263 ideas.
1932 5186 1992 5242 id

433 5259 541 5326 est,
582 5259 608 5313 »⁷
629 5264 805 5332 inquit
826 5261 1032 5325 Btllius,
1059 5279 1077 5311 ι
1102 5276 1277 5332 rerum
1305 5276 1424 5329 quae
1441 5261 1571 5332 ﬁunt
1589 5259 1934 5326 exemplaria,
1954 5277 1986 5332 _»

435 5346 529 5384 seu
583 5348 603 5382 ι
636 5328 970 5400 exemplares
1014 5345 1189 5384 rerum
1229 5328 1447 5386 formas.
1489 5350 1508 5382 ι
1545 5328 1602 5383 In
1647 5332 1757 5400 hoc
1791 5328 1994 5400 erravit

434 5400 609 5464 Plato,
651 5398 972 5468 quod‘ideas
999 5413 1147 5455 estra
1180 5401 1344 5455 Deum
1377 5402 1668 5463 statuebat,
1712 5398 1992 5464 aiebatque

439 5471 626 5535 Deum,
652 5470 704 5523 in
732 5475 858 5540 haec
878 5472 1033 5540 quasi
1058 5471 1299 5538 exempla
1328 5471 1726 5540 respicientem,
1756 5481 1844 5540 res
1856 5482 1991 5540 seu-

435 5540 620 5595 sibiles
653 5537 976 5595 condidisse.
1009 5537 1270 5594 Praeterea
1302 5537 1525 5594 docebat
1569 5539 1707 5593 idem
1757 5537 1992 5606 philoso-

435 5611 571 5685 phus
607 5616 845 5685 nostrum
875 5610 1033 5685 scire,
1084 5609 1217 5662 nihil
1245 5610 1389 5685 aliud
1430 5624 1570 5671 esse,
1615 5605 1774 5685 qualn
1827 5605 1992 5685 remi:

432 5681 592 5744 uisci,
619 5679 771 5749 quasi
801 5680 1012 5733 animus
1037 5690 1218 5733 noster
1245 5680 1479 5733 imbutus
1510 5676 1655 5732 esset
1690 5676 1990 5749 huiusmodi

430 5746 735 5822 cognitione
756 5765 819 5806 ac
839 5750 1086 5816 scientia,
1115 5759 1398 5819 antequam
1425 5749 1475 5803 in
1502 5762 1693 5817 corpus
1717 5746 1993 5817 immigra-

2096 3946 2199 3994 ret.
2235 3934 2483 4005 Vulgavit
2511 3936 2671 3990 etiam
2706 3935 3002 4005 animarum
3036 3935 3090 3989 in
3130 3935 3233 3988 alia
3280 3948 3347 3989 ex
3382 3933 3504 4005 aliis
3530 3947 3653 3987 eor-

2096 4008 2316 4078 poribus
2342 4002 2737 4078 migrationem.
2768 4003 2881 4059 Hoc
2902 4014 3081 4059 autem
3108 4005 3296 4074 dogma
3321 4020 3349 4057 a
3379 4002 3654 4074 Pythago-

2096 4074 2154 4130 i‘a
2185 4074 2465 4140 acceperat
2498 4074 2665 4127 Plato.

2166 4146 2275 4216 (68)
2326 4146 2670 4216 Ἐπικούρου
2724 4142 2863 4216 τὴν*
2879 4143 3106 4216 ἀθείαν.
3147 4158 3173 4216 _t
3215 4141 3425 4212 Epicuri
3456 4141 3659 4216 _athei-

2093 4212 2289 4270 smuui.
2335 4234 2353 4267 ι
2393 4213 2557 4268 Deum
2582 4214 2793 4283 negavit
2826 4214 3109 4281 Epicurus.
3136 4212 3412 4267 Summum
3454 4213 3654 4283 bonum

2093 4287 2146 4339 in
2205 4285 2475 4354 voluptate
2518 4280 2769 4354 ponebat,
2816 4280 2989 4338 idest
3020 4284 3080 4354 in
3116 4280 3655 4354 absentia_omninm

2092 4351 2357 4410 dolorum}
2417 4351 2811 4408 Providentiam
2863 4368 2895 4407 e
2964 4352 3119 4407 rebus
3175 4351 3422 4406 humanis
3467 4359 3653 4405 sustu-

2019 4451 2065 4506 ι)
2092 4424 2173 4506 lit.

2159 4493 2268 4565 (69)
2311 4493 2777 4565 Ἀριστοτέλους
2800 4491 2917 4565 τὴν
2953 4490 3312 4565 μικρολόγων·
3338 4491 3654 4565 Πρ-ὀνοιανς.

2094 4560 2413 4618 Aristoteles
2457 4563 2638 4617 docuit
2679 4562 2916 4615 cmlestia
2960 4561 3074 4614 sola
3122 4576 3151 4613 a
3189 4562 3296 4614 Deo
3346 4560 3655 4629 gubernari,

2089 4649 2194 4687 non
2240 4643 2416 4686 autem
2480 4634 2733 4692 humana,
2798 4639 2980 4697 utpote
3024 4646 3142 4698 quae
3195 4630 3301 4683 sint
3349 4628 3496 4697 parvi
3536 4642 3653 4681 Ino-

2089 4704 2278 4757 meuti.
2331 4701 2572 4757 Tradidit
2605 4700 2769 4756 etiam
2818 4700 3052 4753 animam
3084 4714 3189 4753 non
3222 4713 3342 4754 esse
3379 4699 3659 4751 immorta-

2088 4772 2212 4826 lem.

2162 4841 2274 4909 (70)
2317 4841 2430 4909 Τῆς
2482 4838 2692 4905 Στοᾶς.
2728 4838 2957 4909 Athenis
2982 4847 3115 4909 (erat
3170 4855 3187 4887 ι
3222 4838 3482 4909 porticus,
3521 4855 3541 4887 ι
3575 4835 3655 4909 _i_n

2089 4905 2192 4979 qua
2221 4905 2743 4978 Zeuo'philosOpbus
2769 4908 3059 4979 discipulos
3086 4905 3330 4979 docebat.
3365 4906 3516 4961 Unde
3539 4905 3658 4979 phi-

2090 4974 2299 5050 losophi
2340 4999 2358 5032 ι
2393 4974 2561 5034 Stoici
2599 4974 2941 5050 inuneupati
2969 4987 3120 5050 sunt,
3155 4976 3243 5044 qui
3278 4986 3436 5031 antea
3478 4990 3509 5027 a
3558 4974 3659 5028 Ζο-

2089 5047 2231 5105 none
2257 5051 2513 5115 magistro
2552 5066 2571 5100 ι
2608 5047 2858 5102 Zenonici
2894 5065 2912 5100 ι
2950 5047 3287 5101 dicebantur.

2163 5119 2272 5190 (7i)
2317 5113 2440 5173 Τῶν
2463 5116 3299 5190 ΚυνῶνηΑιιιίξιιιοηοελρῑίιιιυε
3330 5128 3526 5190 novum
3553 5113 3659 5190 hoc

2090 5182 2440 5261 philosophia:
2485 5203 2654 5261 genus
2700 5186 3013 5240 introduxit.
3056 5184 3198 5261 _Dict_i
3238 5195 3365 5239 sunt
3395 5203 3441 5261 Δι
3487 5182 3660 5261 (Synt-

2092 5253 2165 5323 δί,
2205 5279 2224 5311 ι
2252 5253 2365 5312 sive
2416 5273 2445 5310 a
2488 5257 2797 5326 Cynosarge
2827 5255 3127 5325 gymnasio,
3172 5255 3222 5307 iu
3250 5270 3357 5326 quo
3381 5253 3659 5326 Antisthe-

2092 5322 2189 5383 nes
2216 5322 2596 5398 proﬁtebattir,
2624 5322 2797 5398 sivc'a
2824 5322 3016 5398 canina
3047 5325 3417 5398 niordacitate,
3458 5337 3565 5391 qua
3603 5322 3657 5378 in

2093 5394 2371 5452 hominum
2407 5397 2543 5450 vitas
2575 5396 2717 5449 nullo
2750 5395 3061 5449 discrimine
3088 5394 3498 5449 iuveltebautnr.

2094 5537 2122 5591 0
2164 5467 2274 5548 (7g)
2317 5469 2385 5522 Ἦ
2413 5465 2658 5522 θυσιῶν.
2690 5463 2785 5521 0r.
2824 5464 2873 5530 l,
2911 5464 3004 5517 καὶ
3038 5461 3256 5519 θυσιῶν.
3286 5463 3497 5526 Comb.,
3530 5461 3661 5533 περὶ

2128 5556 2312 5591 υσιων.

2128 5556 2312 5591 υσιων.

2164 5609 2274 5678 (75)
2327 5605 2713 5676 Ἀγαθοποιῶν
2752 5622 2835 5659 τε.
2865 5603 3023 5678 _Reg.
3083 5606 3192 5672 bm,
3234 5611 3289 5659 ct
3335 5601 3442 5658 duo
3477 5599 3660 5668 (3011).,

2094 5673 2310 5748 ἀγαθῶν
2331 5673 2410 5744 τε,
2450 5698 2466 5728 ι
2505 5678 2654 5733 bouis
2693 5686 2741 5732 cl
2776 5673 2946 5731 malis.
2981 5673 3009 5725 ί»
