3890 6214
220 330 295 385 25
1260 330 1522 389 ORATIO
1560 332 1801 389 XXVIII.
1841 363 1911 375 —
1949 332 2385 391 THEOLOGICA
2424 335 2485 390 Il.
3400 337 3472 392 ΞΒ

224 445 562 511 κακοποιῶν,
594 445 696 500 ὅσα
729 444 857 515 περὶ
889 443 1165 515 μαντείας,
1195 442 1527 513 θεαγωγίας,
1559 444 1789 516 ψυχαγω

1911 446 2034 511 diis,
2074 446 2141 501 de
2178 444 2479 509 sacrificiis,
2513 444 2578 499 de
2616 436 2959 508 simu-acris,
3011 442 3078 497 de
3116 442 3468 512 daemonibus,

223 538 375 605 γίας,
443 538 658 607 ἄστρων
710 533 1013 605 δυνάμεως,
1070 534 1465 605 τερατεύονται.
1520 536 1585 587 Εί
1626 535 1682 588 δὲ
1735 536 1800 589 σὺ

221 626 400 681 ταῦτα
449 627 546 698 μὲν
583 625 833 693 ἀπαξιοῖς
868 624 1026 693 λόγου
1046 665 1060 690 ,
1094 624 1169 689 ὡς
1204 626 1373 697 μικρά
1400 643 1460 678 τε
1490 627 1583 680 καὶ
1605 627 1801 680 πολλά-

225 733 317 780 κις
348 714 703 787 ἐληλεγμένα,
742 715 872 786 περὶ
914 713 970 766 δὲ
1001 713 1069 767 τὰ
1113 712 1184 767 σὰ
1212 714 1440 786 στρέφῃ,
1486 714 1580 768 καὶ
1618 712 1800 785 ζητεῖς

222 808 287 861 τὸ
312 810 371 861 ὲν
397 806 609 870 τούτοις
639 806 750 879 (74)
779 804 1087 874 φιλότιμον·
1123 805 1235 874 ὲγώ
1262 822 1344 859 σοι
1376 804 1654 860 κάνταῦθα
1686 805 1800 875 (75)

224 899 534 975 παρέξομαι
555 899 815 963 πλατείας
834 899 1005 964 ὁδούς.
1031 899 1310 968 Φιλοσόφει
1335 916 1424 970 μοι
1446 898 1573 970 περὶ
1594 897 1798 969 κόσμου

223 990 260 1062 ἢ
299 989 541 1061 κόσμων,
572 990 700 1061 περ).
739 989 889 1059 ὕλης,
918 989 1045 1058 περ).
1065 988 1263 1059 ψυχῆς,
1294 989 1423 1060 περὶ
1450 988 1680 1057 λογικῶν
1702 987 1801 1058 φύ-

227 1098 368 1136 σεων
401 1082 682 1153 βελτιόνων
724 1099 777 1135 τε
815 1081 910 1134 καὶ
938 1081 1196 1152 χειρόνων
1232 1080 1365 1151 (76),
1395 1079 1525 1149 περὶ
1558 1080 1799 1133 ἀναστά-

228 1189 385 1236 σεως,
415 1172 670 1243 κρίσεως,
704 1170 1138 1233 ἀνταποδόσεως,
1167 1169 1403 1241 Χριστοῦ
1437 1169 1793 1240 παθημάτων.

237 1264 329 1317 Ἐν
352 1264 562 1329 τούτοις
595 1265 706 1334 γὰρ
740 1263 834 1317 καὶ
866 1263 924 1316 τὸ
958 1263 1337 1334 ἐπιτυγχάνειν
1368 1264 1467 1316 οὐκ
1500 1262 1793 1334 ἄχρηστον,

220 1354 322 1406 καὶ
345 1353 408 1407 τὸ
436 1354 824 1425 διαμαρτάνειν
851 1354 960 1426 (77)
990 1354 1288 1409 ἀκίνδυνον.
1318 1353 1441 1424 Θεῷ
1465 1354 1521 1407 δὲ
1550 1354 1796 1419 ἐντευξό-

225 1441 396 1512 μεθα,
439 1442 532 1496 νῦν
581 1444 678 1514 μὲν
710 1442 898 1512 ὀλίγα,
938 1443 1132 1514 μικρὸν
1180 1444 1236 1496 δὲ
1279 1442 1500 1513 ὕστερον
1548 1442 1678 1507 ἴσως
1707 1460 1797 1496 τε-

219 1531 508 1605 λεώτερον,
544 1537 603 1588 ὲν
632 1533 782 1605 αὺτῷ
813 1534 1034 1605 Χριστῷ
1078 1534 1249 1605 Ἰησοῦ
1286 1534 1363 1604 τῷ
1392 1535 1582 1606 Κυρίῳ
1614 1534 1794 1606 ἡμῶν,

219 1619 266 1692 ᾧ
300 1627 335 1697 ἡ
375 1626 502 1694 δόξα
530 1626 612 1689 είς
638 1613 778 1691 τοὺς
795 1626 998 1691 αἰῶνας
1039 1626 1171 1698 (78).
1219 1628 1410 1698 Ἀμήν.

1909 544 2022 590 tum
2070 536 2359 599 beneﬁcis,
2400 545 2510 590 tum
2543 534 2836 599 maleficis,
2879 548 3211 604 quascunque
3241 535 3307 589 de
3338 536 3474 591 divi-

1908 628 2129 683 natione
2152 666 2167 691 ,
2215 628 2280 682 de
2316 629 2536 683 deorum
2575 636 2629 681 et
2668 627 2975 681 animarum
3022 626 3353 690 evocatione,
3405 642 3469 682 ac

1908 728 2182 787 postremo
2215 718 2282 772 de
2312 718 2364 770 vi
2391 725 2446 770 et
2490 714 2744 770 facultate
2778 715 3015 769 siderum
3047 714 3337 769 vanissime
3361 714 3472 769 dis-

1905 817 2117 878 putant.
2170 807 2327 875 Quod
2359 807 2404 862 si
2451 815 2507 860 tu
2541 805 2755 877 quidem
2807 806 2875 861 de
2907 805 2990 861 his
3026 806 3207 867 rebus,
3245 814 3305 858 ut
3346 820 3473 875 par-

1900 904 2002 968 vis,
2051 915 2114 955 ac
2159 915 2300 969 Saepe
2344 896 2656 963 confutatis,
2717 895 3135 965 disputationem
3189 885 3471 951 instituere

1901 1008 2141 1059 recusas,
2176 992 2229 1045 in
2261 991 2366 1045 tuis
2403 1005 2529 1044 vero
2556 989 2760 1043 versari
2788 987 2986 1055 gestis,
3030 987 3206 1055 iisque
3240 985 3467 1055 gloriam

1902 1100 1964 1138 ac
1999 1083 2231 1137 nominis
2258 1082 2623 1137 celebritatem
2682 1078 2908 1135 affectas
2949 1098 2963 1133 :
2998 1078 3088 1133 ltic
3120 1093 3221 1147 ego
3256 1092 3469 1147 quoque

1904 1172 2227 1226 latissimum
2277 1171 2370 1225 tibi
2416 1185 2665 1240 campum
2713 1170 2974 1239 aperiam.
3033 1167 3111 1223 De
3144 1169 3343 1223 mundo
3383 1168 3466 1223 vel

1900 1264 2113 1318 mundis
2158 1262 2563 1332 philosophare,
2610 1263 2676 1316 de
2726 1262 2988 1326 materia,
3044 1261 3112 1316 de
3158 1261 3371 1325 anima,
3401 1260 3468 1315 de

1898 1353 2109 1409 naturis
2140 1354 2347 1408 ratione
2370 1354 2629 1423 praeditis,
2664 1364 2775 1408 tam
2811 1354 2966 1407 bonis
2992 1368 3153 1423 quam
3184 1352 3372 1416 malis,
3402 1352 3468 1406 de

1902 1446 2323 1508 resurrectione,
2382 1446 2449 1500 de
2496 1445 2722 1515 judicio,
2775 1446 2843 1499 de
2888 1444 3124 1514 praemiis
3168 1459 3234 1498 ac
3269 1445 3465 1512 pinnis,

1900 1535 1966 1591 de
1995 1535 2195 1591 Christi
2239 1538 2587 1591 cruciatibus.
2626 1535 2683 1589 In
2728 1536 2810 1591 his
2845 1536 2991 1591 enim
3026 1535 3379 1606 argumentis,
3413 1544 3470 1588 et

1900 1640 2119 1694 scapum
2158 1628 2373 1695 assequi
2401 1626 2532 1680 utile
2560 1636 2664 1690 est,
2693 1634 2745 1679 et
2787 1626 3042 1680 aberrare
3078 1624 3299 1678 minime
3327 1623 3468 1692 peri-

220 1716 491 1770 culosum.
514 1716 587 1769 At
616 1730 745 1769 vero
768 1730 888 1771 eum
924 1717 1052 1781 Deo,
1085 1717 1137 1769 in
1170 1716 1268 1770 hac
1291 1716 1506 1785 quidem
1534 1715 1639 1769 vita
1669 1713 1918 1785 parcius,
1953 1715 2232 1785 aliquanto
2296 1724 2415 1786 post
2457 1725 2637 1770 autem
2711 1714 2946 1769 fortasse
3005 1713 3246 1784 plenius,
3317 1728 3466 1768 com-

221 1809 485 1865 mercium
530 1808 846 1863 habebimus
867 1847 883 1871 ,
915 1810 966 1862 in
997 1809 1115 1878 ipso
1139 1806 1356 1863 Christo
1396 1805 1523 1863 Jesu
1558 1809 1785 1864 Domino
1824 1817 2030 1874 nostro,
2060 1808 2147 1862 cui
2181 1808 2251 1862 sit
2276 1808 2447 1878 gloria
2479 1808 2532 1863 in
2559 1807 2774 1863 saecula.
2814 1806 3006 1860 Amen.

187 1974 196 1982 .
288 1927 403 2001 (74)
456 1931 553 2001 Ἐν
580 1931 843 2001 τούτοις.
862 1927 958 1987 Or.
990 1931 1042 1994 i,
1067 1931 1123 1982 ὲν
1142 1929 1338 2001 λόγοις.

290 1998 407 2067 (75)
446 2000 779 2054 Κάνταῦθα.
816 1999 946 2069 Reg.
979 2003 1087 2067 bm,
1120 2000 1215 2053 καί
1240 1998 1510 2055 ἐντεῦθεν.

289 2068 406 2140 (76)
442 2069 774 2140 Βελζιόνων
805 2086 881 2140 ,τε
906 2068 1025 2123 "xui
1074 2070 1378 2139 χειρόνων.
1406 2071 1551 2126 Elias
1579 2070 1630 2125 id
1667 2089 1688 2124 ι
1722 2070 1795 2126 de

210 2139 379 2209 bonis
401 2150 456 2193 et
482 2139 637 2209 malis
660 2139 864 2209 angelis
899 2158 918 2191 ι
952 2142 1190 2209 exponit.

289 2207 404 2280 (77)
424 2209 516 2280 ΔΤὸ
543 2207 982 2280 διαμαρτάνειν,
1009 2207 1111 2264 etc.
1145 2210 1419 2280 Scholium
1458 2209 1610 2280 Regii
1639 2210 1756 2265 eodi
1774 2240 1790 2254 ρ

215 2277 397 2351 ςίεείε
422 2277 581 2351 habet
603 2293 627 2351 Ξ
644 2277 827 2351 ’Ἄξιον
847 2280 1139 2351 ἀπορῆσαι,
1162 2279 1279 2342 πῶς
1299 2278 1427 2349 περὶ
1442 2277 1788 2351 ῌΧρῖστιανῶν

212 2347 556 2420 ζητημάτων-
576 2343 740 2420 εἶπεν
755 2346 893 2420 εἶναι
920 2343 1196 2420 ἀκίνδυνον
1215 2351 1343 2420 περὶ
1368 2343 1537 2420 ταῦτα
1558 2350 1787 2419 διαμαρ-

214 2416 364 2505 serv:
388 2416 468 2505 ad
488 2416 606 2505 γάρ
630 2419 799 2502 πολλὰ
824 2418 932 2505 τῶν
958 2416 1453 2505 ζητημάτωῇπρὸς
1480 2421 1604 2483 τοὺς
1634 2416 1785 2505 αἱρετ-

212 2488 402 2549 τικοὺς
435 2488 563 2559 περὶ
594 2488 797 2542 τούτων
815 2490 948 2559 ἡμῖν
967 2506 979 2518 ·
1013 2488 1041 2539 ἡ(
1082 2488 1379 2544 Mirandum
1410 2504 1561 2553 sane,
1587 2488 1790 2542 cur’di-

216 2556 361 2636 _x_erit
404 2556 697 2636 Gregorius
746 2561 1254 2636 periculosum__no_n
1284 2571 1428 2636 esse,
1472 2561 1514 2613 si
1549 2560 1690 2627 quis,
1735 2560 1787 2611 in

210 2627 302 2680 his
338 2627 897 2697 quaestionibus,:quae
929 2630 1067 2681 inter
1103 2628 1437 2682 Christianus
1484 2641 1785 2692 versamur,

213 2710 259 2767 ε
274 2710 442 2764 scopo
464 2697 698 2767 aberret.
727 2696 832 2751 Illae
854 2699 994 2751 enim
1020 2700 1397 2752 controversia)
1414 2710 1559 2761 sunt,
1584 2707 1648 2767 ut
1674 2698 1790 2767 plu-

214 2765 438 2832 rimum,
476 2764 620 2821 inter
644 2765 954 2822 Catholicos
992 2777 1047 2822 et
1081 2768 1379 2822 haereticos.
1416 2785 1435 2818 ι
1465 2764 1790 2836 Coujiciinus

1825 1908 1868 1962 Β
1898 1939 2077 1987 tamen
2122 1929 2449 1987 difficultatis
2497 1932 2694 1986 nodum
2741 1930 2874 1987 solvi
2922 1946 3098 1999 posse,
3147 1932 3191 1986 si
3239 1947 3341 1986 vox
3387 1933 3467 1987 διο

1895 2002 2230 2072 αμαρτάνειν
2258 2001 2571 2072 accipiatur,
2601 2016 2704 2054 non
2732 2016 2830 2070 pro
2860 2020 2879 2052 ι
2914 2016 2943 2055 a
2970 2012 3355 2069 scopo,arecta
3379 2006 3465 2059 via

1897 2073 2172 2138 aberrare,
2208 2090 2228 2122 ι
2263 2072 2407 2126 circa
2442 2073 2788 2140 quiestiones,
2819 2086 2937 2139 quae
2962 2072 3014 2125 in
3041 2074 3464 2128 controversiam

1894 2151 2179 2210 vocantur,
2227 2142 2370 2210 quod
2426 2156 2640 2210 semper
2673 2142 3032 2209 periculosum
3080 2150 3195 2210 est;
3236 2144 3328 2196 sed
3368 2157 3465 2209 pro

1898 2227 1919 2261 ι
1953 2223 2047 2278 spe
2074 2209 2344 2273 frustrari,
2377 2229 2396 2262 ι
2430 2209 2577 2264 circa
2612 2225 2705 2265 eos
2728 2210 3045 2279 quibuscum
3075 2209 3464 2278 disputationes

1892 2279 2255 2348 aggredimur,
2283 2280 2374 2348 qui
2407 2279 2462 2334 in
2486 2281 2760 2334 erroribus
2793 2279 3060 2334 obstinate
3096 2292 3461 2347 perseverant.

1892 2347 2017 2402 licet
2063 2359 2172 2401 tum
2208 2347 2391 2413 verbo,
2426 2358 2535 2402 tttm
2565 2349 2780 2415 scriptis
2815 2349 3023 2402 illorum
3061 2364 3215 2403 error
3264 2351 3461 2406 invicte

1889 2420 2209 2488 confutetur.
2229 2418 2319 2473 Sic
2339 2419 2480 2488 enim
2500 2428 2643 2472 recte
2671 2419 2866 2473 dicitur
2899 2438 2916 2469 ι
2955 2419 3171 2474 minime
3193 2419 3458 2488 periculo-

1889 2502 2045 2544 sum-
2068 2505 2087 2539 ι
2122 2486 2511 2541 Leuvcnklaius
2543 2489 2682 2540 hunc
2711 2498 3021 2541 contextum
3061 2489 3138 2540 sic
3170 2486 3396 2544 reddidit
3428 2504 3445 2541 :

1894 2575 1912 2607 ι
1952 2555 2085 2610 Nam
2121 2568 2180 2610 ut
2214 2558 2267 2610 in
2304 2557 2387 2610 his
2420 2564 2502 2610 est
2532 2558 2659 2609 utile
2684 2567 2938 2624 praestare
2969 2557 3108 2627 quod
3137 2558 3343 2627 cupias,
3375 2559 3458 2614 sic

1890 2627 2283 2747 {exspectationi
2311 2636 2542 2695 votoque
2568 2628 2729 2679 animi
2761 2642 2864 2679 non
2894 2625 3225 2692 satisfacere,
3257 2630 3463 2695 pericu-

1912 2712 1944 2747 0
1971 2707 2140 2747 caret.
2174 2715 2193 2747 ι

1912 2712 1944 2748 0
1971 2707 2140 2750 caret.
2174 2715 2193 2747 ι

1963 2764 2072 2835 (78)
2092 2763 2340 2831 Αἱῶνας.
2358 2763 2490 2835 Reg.
2505 2765 2613 2829 bm,
2632 2772 2685 2819 et
2701 2764 2795 2819 0r.
2820 2766 2843 2819 I
2873 2765 3094 2829 addunt,
3108 2764 3213 2818 τῶν
3224 2764 3457 2821 αἰώνων.

253 2936 3458 2987 W

712 3095 1068 3186 ΛΟΓΟΣ
1106 3092 1307 3184 ΚΗ’.

549 3255 1015 3311 ΘΕΟΔΟΓΙΚΟΣ
1043 3258 1436 3312 ΔΕΥΤΕΡΟΣ.

668 3388 809 3458 Περὶ
837 3390 1147 3459 θεολογίας
1182 3390 1316 3463 (79).

281 3524 365 3577 A’.
420 3523 640 3595 Ἐπειδὴ
667 3524 779 3594 (80)
808 3525 1226 3597 ἀνεκαθήραμεν
1271 3526 1350 3599 τῷ
1380 3528 1522 3599 λόγῳ
1551 3528 1642 3581 τὸν
1667 3527 1787 3583 θεο-

212 3614 401 3685 λόγον,
430 3611 543 3669 οἷόν
564 3633 625 3668 τε
658 3613 797 3670 εἷναι
814 3617 922 3688 χρὴ
944 3617 1261 3683 διελθόντες,
1298 3621 1391 3673 καὶ
1417 3620 1611 3673 οἶστισι
1637 3621 1787 3690 φιλοο

214 3702 503 3774 σοφητέον,
534 3705 627 3759 καὶ
661 3706 843 3776 ἡνίκα,
876 3707 970 3759 καὶ
1007 3707 1158 3760 ὅσον·
1185 3709 1266 3761 ὅτι
1287 3708 1363 3771 ὡς
1389 3702 1499 3761 οἷόν
1527 3725 1587 3762 τε
1620 3710 1790 3763 καθα-

214 3793 309 3864 ρὸν
351 3792 487 3861 (81),
529 3793 614 3847 ἵνα
664 3794 805 3863 φωτὶ
844 3795 1326 3868 καταλαμϐάνηται
1370 3798 1514 3867 φῶς·
1550 3799 1644 3852 καὶ
1676 3800 1789 3863 τοῖς

212 3885 678 3957 ὲπιμελεστέροις,
719 3886 809 3940 ἵνα
845 3887 919 3958 μὴ
950 3888 1141 3956 ἄγονος
1264 3890 1344 3952 είς
1372 3882 1566 3958 ἄγονον
1607 3889 1789 3961 χώραν

212 3976 505 4047 ἐμπίπτων
550 3977 579 4030 ό
614 3976 770 4045 λόγος
791 3993 804 4006 ·
842 3979 935 4031 καὶ
972 3978 1097 4031 ὅταν
1133 3979 1374 4051 γαλήνην
1406 3977 1617 4049 ἔχωμεν
1644 3978 1788 4035 ἔνδον

212 4066 323 4120 ἀπὸ
347 4069 448 4139 τῆς
488 4065 594 4131 ἔξω
630 4069 954 4140 περιφορᾶς,
979 4068 1119 4122 ὥστε
1152 4069 1246 4140 μὴ,
1287 4068 1540 4142 καθάπερ
1576 4072 1625 4124 oi
1659 4069 1787 4123 λυτ-

181 4158 413 4226 ’τῶντες
460 4160 593 4231 (82),
640 4159 716 4231 τῷ
758 4158 1028 4229 πνεύματι
1062 4159 1479 4214 διακόπτεσθαιο
1526 4159 1619 4213 καὶ
1662 4159 1788 4213 ὅσον

213 4254 595 4325 ἐχωρήσαμεν,
622 4252 655 4322 ἢ
687 4250 1031 4324 χωρούμεθα.
1066 4251 1284 4323 Ἐπειδὴ
1308 4250 1479 4304 ταῦτα
1499 4251 1661 4318 οὕτω,
1693 4252 1789 4306 καὶ

214 4346 527 4417 ὲνεὼσαμεν
579 4347 791 4408 ἑαυτοῖς
843 4343 963 4398 θεῖα
1022 4343 1275 4414 νεώματα
1329 4344 1459 4415 (85),
1517 4344 1658 4398 ὥστε
1713 4344 1787 4416 μὴ

214 4436 463 4508 σπείρειν
513 4437 600 4489 ἐπ’
640 4436 923 4501 ἀκάνθαις,
981 4437 1076 4489 καὶ
1115 4436 1176 4489 τὸ
1224 4436 1516 4508 πρόσωπον
1552 4439 1651 4507 τῆς
1683 4437 1788 4508 γῆς

212 4529 595 4599 ὡμαλίσαμεν,
628 4529 694 4598 τῇ
727 4527 915 4599 Γραιρῇ
939 4545 1001 4580 τυ
1012 4526 1280 4591 πωθέντες
1303 4545 1364 4581 τε
1387 4529 1481 4581 καὶ
1508 4527 1788 4582 τυπώσαν-

2250 3108 2627 3187 ORATIO
2649 3112 3043 3190 XXVIII“.

2191 3253 2661 3316 ΤΗΕοιοϐιεΑ
2703 3262 3040 3320 SECUNDA
3056 3305 3070 3321 .

2487 3400 2563 3455 De
2596 3400 2876 3474 theologia.

1959 3530 2003 3581 Ι.
2046 3529 2312 3596 Quoniam
2358 3546 2609 3589 sermone
2660 3536 2964 3609 theologum
3013 3545 3454 3613 repurgavimus,

1890 3634 2009 3674 eum
2048 3619 2178 3675 illud
2210 3624 2583 3691 exposuimus,
2608 3635 2664 3681 et
2687 3628 2897 3696 qualem
2925 3644 3046 3685 eum
3070 3647 3211 3699 esse,
3234 3645 3288 3689 et
3317 3638 3456 3705 apud

1891 3725 2047 3778 quos,
2075 3721 2130 3766 et
2153 3714 2393 3781 quando,
2417 3724 2472 3769 et
2499 3727 2761 3786 quatenus
2787 3721 3151 3793 philosophari
3174 3735 3452 3795 oporteat:

1891 3818 2014 3857 nam
2048 3813 2104 3859 et
2131 3820 2253 3859 eum
2283 3822 2442 3876 quam
2477 3812 2710 3865 maxime
2736 3826 2928 3881 purum
2960 3830 3077 3871 esse
3104 3829 3327 3873 necesse
3347 3827 3452 3883 est,

1890 3906 1947 3949 ut
1984 3896 2103 3952 luce
2140 3896 2315 3952 lucem
2344 3901 2622 3969 percipiat,
2659 3914 2715 3957 et
2766 3905 2905 3972 apud
2943 3907 3236 3974 studiosos,
3278 3919 3334 3964 et
3359 3908 3445 3963 di-

1889 3984 2115 4056 ligentes
2144 3989 2417 4044 auditorcs
2443 3992 2743 4048 orationem
2776 3994 2995 4061 habere,
3026 3995 3192 4068 496
3219 4012 3288 4052 ne
3316 3999 3448 4054 alio-

1889 4080 1979 4149 qui
2024 4079 2077 4134 in
2142 4080 2377 4136 sterilem
2440 4092 2637 4137 terram
2695 4099 2872 4139 sermo
2934 4086 3206 4152 incidens,
3256 4088 3455 4144 sterilis

1889 4185 2101 4240 quoque
2132 4171 2247 4239 ipse
2269 4172 2337 4226 sit
2357 4172 2427 4237 ";
2459 4182 2513 4227 et
2539 4181 2650 4226 tum
2677 4174 2890 4228 demum
2908 4215 2922 4239 ,
2956 4190 3077 4231 cum
3104 4176 3173 4231 ab
3199 4186 3451 4233 externa-

1890 4276 2007 4316 rum
2048 4277 2225 4318 rerum
2256 4262 2550 4332 jactatione
2584 4266 2930 4333 tranquillum
2966 4268 3204 4321 animum
3246 4267 3448 4325 habue-

1889 4354 2077 4421 rimus,
2105 4369 2196 4418 ne,
2221 4356 2363 4424 quod
2392 4355 2832 4425 singultientibus
2866 4359 3114 4414 accidere
3144 4359 3298 4422 solet,
3335 4360 3450 4428 spi-

1888 4445 2024 4500 ritus
2070 4444 2225 4500 nobis
2281 4447 2745 4516 interrumpatur;
2801 4463 2864 4503 ac
2918 4451 3146 4519 denique
3191 4451 3454 4506 hactenus
3498 4456 3501 4460 '

1890 4537 2292 4603 disserendum,
2342 4549 2608 4608 quatenus
2655 4541 2737 4594 vel
2781 4541 2879 4609 ipsi
2928 4542 3309 4611 concepimus,
3368 4544 3452 4597 vel

215 4636 337 4683 τες·
396 4620 548 4692 φέρε,
597 4621 712 4684 τοῖς
748 4620 847 4691 τῆς
884 4619 1156 4688 θεολογίας
1189 4621 1289 4691 ἤδη
1330 4620 1657 4691 προσϐὦμεν
1701 4621 1787 4676 λό·

1898 4625 1959 4680 ιιι)
1989 4625 2181 4680 alienis
2210 4599 2561 4697 conci-pimur.
2597 4599 2859 4696 Quoniam
2882 4670 2898 4695 ,
2933 4599 3175 4698 inquam,
3226 4632 3340 4686 haec
3377 4632 3448 4684 ita

212 4727 352 4780 γοις,
386 4710 821 4783 προστησάμενοι
852 4710 947 4764 τοῦ
987 4710 1142 4779 λόγου
1183 4712 1274 4764 τὸν
1306 4711 1542 4782 Πατέρα,
1572 4712 1666 4766 καὶ
1691 4712 1783 4766 τὸν

218 4801 364 4864 Υἱὸν,
395 4801 489 4853 mi.
508 4799 569 4852 τὸ
591 4798 814 4870 Πνεῦμα
838 4800 900 4853 τὸ
929 4799 1099 4868 ἅγιον,
1132 4801 1257 4872 περὶ
1281 4793 1356 4853 ὧν
1378 4803 1406 4854 ὁ
1433 4800 1607 4869 λόγος,
1640 4801 1783 4855 ὥστε

216 4893 304 4946 τὸν
339 4892 439 4962 μὲν
466 4890 726 4956 εὐδοκεῖν,
776 4889 867 4944 τὸν
899 4890 957 4943 δὲ
994 4894 1290 4963 συνεργεῖν,
1322 4891 1384 4945 τὸ
1417 4892 1473 4945 δὲ
1520 4894 1745 4962 ἐμπνεῖν
1768 4910 1779 4922 ·

212 4985 416 5057 μᾶλλον
446 4983 504 5036 δὲ
542 4983 671 5054 μίαν
706 4984 772 5036 ἐκ
798 4983 899 5052 τῆς
942 4984 1073 5054 μιᾶς
1103 4983 1350 5056 θεότητος
1388 4986 1639 5054 γενέσθαι
1686 4987 1783 5058 τὴν

1890 4732 1948 4773 se
1977 4717 2198 4778 habent.
2242 4733 2342 4784 ac,
2377 4734 2444 4772 ne
2491 4734 2652 4787 super
2684 4722 2866 4788 spinas
2908 4735 3155 4776 seramus
3180 4721 3249 4786 “,
3297 4721 3452 4775 nobis

1891 4809 2068 4862 divina
2121 4810 2333 4864 novalia
2379 4813 2693 4866 novavimus
2724 4814 2792 4877 ³ο,
2830 4822 3094 4881 terraeque
3113 4812 3448 4881 superficiem

1890 4897 2433 4967 complanavimus”,
2476 4898 2756 4970 Scriptura
2807 4902 3056 4957 videlicet
3100 4916 3288 4962 sacra,
3336 4911 3448 4956 tum

1888 4987 1990 5055 ipsi
2017 4989 2313 5054 informati,
2353 4999 2462 5044 tum
2487 4992 2620 5046 alios
2654 4993 3011 5048 infortnantes
3038 5010 3051 5046 :
3080 5007 3199 5063 age,
3228 4992 3340 5061 jam
3374 4994 3441 5049 ad

282 5099 329 5131 ’⁷
365 5097 557 5153 Matth.
597 5112 696 5152 xm
719 5136 734 5161 ,
762 5097 796 5152 5
823 5106 878 5153 el
898 5112 1050 5169 seqq.
1123 5100 1171 5132 “
1208 5101 1337 5154 ibid.
1360 5101 1409 5155 7.
1487 5103 1531 5133 ”
1553 5101 1662 5156 Jer.
1685 5116 1757 5166 tv,
1783 5104 1836 5158 5.
1912 5104 1954 5135 ³⁰
1981 5104 2084 5187 Isa.
2109 5122 2296 5170 xxvnt,
2317 5106 2407 5163 25.

283 5188 495 5267 {Alias
519 5186 761 5267 XXEInI‘Y.
792 5186 921 5256 Quae
957 5197 1136 5246 autem
1161 5192 1232 5246 28
1255 5202 1394 5258 erat,
1420 5208 1562 5250 nunc
1589 5194 1677 5249 26.
1703 5225 1774 5236 —-
1880 5206 1935 5250 et
1984 5186 2246 5264 auditori,
2284 5201 2491 5267 puritas
2521 5200 2823 5256 necessaria
2847 5210 2951 5267 est,
2991 5217 3010 5251 ι
3050 5208 3108 5253 ιιι
3142 5199 3233 5263 lux
3262 5200 3379 5256 luce
3420 5217 3440 5251 ι

229 5250 424 5305 Habita
452 5266 599 5307 anno
618 5252 742 5305 580.

281 5328 398 5392 (79)
434 5328 576 5403 Περὶ
600 5330 929 5403 ᾂεολογίας.
956 5327 1047 5384 Sic
1072 5330 1220 5403 editi.
1246 5331 1443 5387 Eadem
1476 5332 1778 5403 inscriptio-

226 5410 320 5468 ne”
350 5395 550 5464 gaudet
605 5397 682 5468 in,
705 5395 973 5468 plerisque
992 5400 1290 5456 codicibus.

440 5466 717 5544 ξρεξειδῄζ
739 5470 831 5544 υς.
853 5466 914 5544 _I',_
942 5468 1135 5544 ἐπειδέ
1148 5469 1214 5541 [Γ.
1244 5486 1344 5544 pro
1369 5471 1490 5525 ἐπεὶ
1521 5471 1623 5544 δέ].

284 5535 396 5614 (8i)
773 5538 938 5592 Coisl.
997 5539 1048 5603 I,
1099 5535 1287 5614 0r._I,
1325 5553 1468 5614 _ete.,
1505 5535 1778 5614 καθαροῖς.

208 5603 904 5676 (Σοιηὺοίὶείιιειιιηιιιιιιιιθ
951 5622 1135 5663 vocem
1181 5603 1338 5665 simul
1396 5603 1777 5667 admittendum

211 5682 386 5749 putat,
415 5689 521 5743 qua
550 5676 1134 5749 admissasic‘redditi;
1175 5698 1192 5731 ι
1225 5690 1283 5734 ut
1309 5696 1473 5749 purus
1501 5683 1647 5749 puris
1678 5700 1775 5736 an-

1882 5268 2228 5343 percipiatur,
2261 5270 2329 5343 ab
2352 5271 2419 5343 iis
2442 5272 2694 5343 scilicet}
2735 5271 2828 5339 qui
2854 5272 3112 5343 majorem
3137 5285 3324 5326 curam
3360 5280 3446 5325 at»

1886 5337 2135 5412 tulerint,
2156 5356 2187 5412 Δι
2214 5341 2325 5412 τοῖς
2347 5337 2804 5412 επιμελεστὲροις.

1957 5405 2068 5475 (82)
2102 5409 2166 5459 Οἱ
2197 5405 2547 5473 λυττῶντες.
2584 5405 2730 5473 Batti,
2764 5411 2813 5463 οἱ
2843 5410 3110 5475 λύζοντες.

1957 5468 2066 5546 (85)
2108 5476 2243 5529 Θεῖα
2269 5468 2553 5547 νεώματα.
2594 5468 2792 5533 Alludit
2833 5468 3084 5548 profecto-
3102 5478 3168 5532 ad
3208 5479 3323 5535 hac
3358 5481 3447 5535 Je-

1883 5561 2015 5599 rcm.
2048 5548 2228 5612 verba,
2255 5563 2328 5611 tv,
2360 5549 2394 5601 ὅ
2426 5568 2437 5602 :
2475 5568 2492 5599 ι
2532 5548 2734 5603 Novate
2770 5552 2921 5603 vobis
2949 5549 3156 5610 novale,
3193 5560 3244 5604 et
3284 5552 3446 5605 nolite

1882 5631 2062 5668 serere
2108 5630 2270 5689 super
2308 5620 2511 5689 spinas.
2554 5639 2573 5671 ι
2608 5619 2806 5672 Alludit
2835 5618 2998 5672 etiam
3036 5619 3105 5689 ad
3147 5618 3259 5673 haec
3294 5618 3448 5673 Isaiae

1884 5700 2070 5747 xxvm,
2106 5684 2219 5738 25.:
2252 5705 2268 5737 ι
2307 5686 2493 5744 Nonne
2521 5704 2641 5746 cum
2677 5689 3035 5757 adquaverit
3082 5688 3274 5744 Γίιοίθιη
3305 5689 3449 5756 eius:

209 5743 366 5798 ribus
386 5758 687 5801 sermonem
730 5746 995 5803 infundat.
1031 5767 1050 5800 ε
1089 5743 1320 5820 Utrique"
1354 5743 1529 5820 enim,
1573 5753 1776 5809 oratori
1880 5743 2107 5821 seret,»
2145 5764 2250 5812 etc.
