3890 6214
420 310 495 367 27
1662 312 1719 367 S.
1760 310 2090 368 GREGORII
2131 311 2477 369 TllEOLOGl
3620 313 3696 372 28

425 421 709 491 theologia:
765 433 1046 477 sermones
1104 420 1468 489 accedamus,
1517 419 1771 489 Patrem,
1817 432 1872 477 et
1917 423 1996 476 Fi-

2112 423 2378 495 ἓλλαμψιν
2422 421 2616 486 ἑνικῶς
2644 421 3026 495 διαιρουμένην
3059 422 3194 496 (84),
3226 424 3321 478 κα)¹
3354 428 3694 500 συναπτομέ.

424 511 578 577 lium,
605 522 661 570 et
703 511 966 584 Spiritum
1003 520 1276 575 sanctum,
1312 513 1378 568 de
1407 512 1605 583 quibus
1631 512 1815 570 dicere
1848 515 1996 570 insti-

2111 533 2208 587 νην
2244 515 2554 589 διαιρετῶς,
2575 514 2604 568 δ
2633 514 2729 568 καὶ
2758 513 3079 586 παράδοξον.

425 602 663 672 inimus,
707 608 942 663 orationi
986 613 1191 661 nostra:
1229 606 1631 676 praeficientes;
1664 616 1722 663 ut
1759 616 1813 663 et
1853 607 2017 663 Pater
2054 623 2323 679 propensa
2372 624 2495 679 erga
2535 623 2634 663 nos
2703 607 2982 663 voluntate
3052 607 3146 675 sit,
3176 616 3231 664 et
3260 607 3428 665 Filius
3459 609 3690 681 adjutrt-

424 711 543 751 cem
573 714 789 753 manum
819 700 1080 769 porrigat,
1111 709 1167 753 et
1219 696 1458 768 Spiritus
1497 698 1609 753 vim
1674 715 1831 755 suam
1901 700 2078 769 amet;
2120 702 2235 767 vel,
2281 710 2341 756 ut
2382 701 2584 756 rectius
2630 700 2844 769 loquar,
2879 715 3016 755 unus
3044 701 3113 754 ab
3140 716 3245 755 una
3286 703 3585 773 eademque
3609 704 3692 759 di-

425 791 652 846 vinitate
672 800 824 847 ortus
849 792 1023 862 fulgor
1045 805 1145 846 nos
1166 790 1418 856 illustret,
1482 793 1813 861 conjunctim
1875 793 2187 858 distinctus,
2255 809 2321 850 ac
2362 792 2660 849 distinctim
2703 791 3055 861 coniunctus,
3087 792 3139 848 id
3191 793 3332 864 quod
3398 795 3554 850 valde
3598 799 3695 850 nf-

427 882 651 936 randum
686 893 787 938 est.
1340 938 1345 941 ν
3219 874 3229 896 ⁸

494 968 558 1024 ll.
599 971 726 1025 Mihi
761 987 923 1040 porro
950 974 1003 1026 in
1037 981 1274 1028 montem
1307 973 1565 1029 alacriter
1588 976 1905 1031 ascendenti
1936 976 1996 1041 ",

2182 975 2259 1031 B'.
2309 973 2537 1027 Ἀνιόντι
2567 971 2625 1025 δέ
2652 988 2742 1043 μοι
2769 969 3064 1042 προθύμως
3085 970 3177 1023 ὲπ).
3204 968 3264 1022 τὸ
3290 968 3434 1040 ὅρος,
3470 969 3502 1041 ἢ
3531 969 3593 1023 τό
3625 986 3692 1039 γε

426 1074 541 1128 aut,
580 1073 638 1118 ut
686 1066 868 1119 verius
901 1065 1074 1119 dicam
1095 1106 1109 1129 ,
1154 1067 1451 1121 ascendere
1483 1069 1807 1137 proponenti
1840 1069 1996 1124 simul

2107 1066 2465 1139 ἀληθέστερον
2496 1066 2690 1130 εἰπεῖν,
2718 1062 3153 1139 προθυμουμένῳ
3184 1078 3245 1115 τε
3280 1061 3394 1133 ἅμα
3418 1062 3512 1115 καὶ
3545 1064 3696 1132 ἀγω-

426 1172 491 1212 ac
520 1156 846 1224 trepidanti,
876 1157 1003 1212 illud
1038 1168 1261 1228 propter
1289 1173 1439 1228 spem
1458 1198 1472 1225 ,
1500 1161 1602 1215 hoc
1636 1169 1858 1231 propter
1880 1156 1996 1215 'im-

2107 1138 2309 1223 νιῶντι,
2351 1158 2413 1211 τδ
2447 1158 2544 1229 μὲν
2581 1156 2671 1210 διὰ
2717 1157 2815 1227 τὴν
2845 1138 3056 1221 ἐλπίδα,
3090 1154 3152 1208 τδ
3179 1153 3237 1208 δὲ
3271 1154 3359 1208 διά
3405 1153 3505 1225 τὴν
3536 1153 3696 1208 ἀσθέ-

424 1249 800 1315 becillitatem,
832 1260 893 1304 ut
920 1250 1115 1305 nubem
1143 1260 1448 1321 penetrem,
1472 1266 1536 1307 ac
1565 1267 1687 1306 cum
1720 1253 1829 1308 Deo
1852 1267 1996 1308 com-

2107 1267 2249 1306 νειαν
2291 1249 2423 1321 (85),
2468 1249 2555 1302 ἵνα
2596 1249 2695 1319 τῆς
2733 1246 2962 1317 νεφέλης
2996 1247 3126 1299 εῐσω
3156 1245 3400 1317 γένωμαι
3427 1244 3562 1318 (86),
3596 1248 3694 1302 καὶ

423 1341 684 1396 mercium
736 1341 962 1395 habeam
1005 1340 1171 1412 (Deus
1210 1343 1356 1396 enim
1404 1342 1475 1398 ita
1523 1342 1741 1414 jubet):
1792 1344 1836 1399 si
1877 1345 1996 1413 quis

2107 1341 2221 1412 Θεῷ
2248 1340 2599 1411 συγγένωμαι
2624 1338 2802 1408 (τοῦτο
2827 1337 2937 1409 γάρ
2970 1336 3179 1391 κελεύει
3202 1337 3379 1408 Θεός)·
3403 1338 3452 1390 εί
3484 1337 3584 1407 μέν
3604 1355 3692 1402 τις

422 1431 603 1486 Aaron
634 1444 747 1499 est,
776 1433 1029 1487 comitem
1058 1448 1116 1487 se
1161 1448 1421 1489 ascensus
1445 1434 1683 1504 praebeat
1703 1474 1719 1500 ,
1760 1444 1922 1505 atque
1944 1435 1998 1488 in

425 1523 729 1594 propinquo
757 1533 885 1591 stet,
915 1523 1079 1579 etiam
1127 1524 1172 1580 si
1214 1533 1372 1578 extra
1413 1524 1611 1580 nubem
1644 1524 1747 1580 sibi
1778 1540 2002 1580 manen-

2082 1433 2347 1507 ,Ἀαρὼν,
2382 1433 2666 1498 συνανίτω,
2708 1433 2803 1485 καὶ
2847 1430 3093 1503 στηκέτω
3144 1430 3392 1499 πλησίον,
3440 1431 3545 1486 κᾶν
3581 1431 3690 1498 ἔξω

2106 1525 2287 1597 μένειν
2322 1524 2423 1595 τῆς
2453 1522 2686 1594 νεφέλης
2720 1522 2834 1597 δέῃ,
2863 1521 3020 1575 τοῦτο
3058 1521 3362 1593 δεχόμενος.
3395 1522 3459 1575 Et
3503 1521 3561 1577 δέ
3602 1540 3690 1586 τις

425 1589 551 1669 dum
584 1589 687 1680 sit,
713 1616 852 1685 aequi
872 1589 1120 1685 bonique
1144 1615 1460 1673 consulens.
1500 1616 1561 1672 Si
1590 1624 1772 1673 autem
1811 1616 1996 1671 Nadab

2107 1589 2310 1682 nassa,
2333 1589 2392 1687 ἢ-
2412 1589 2650 1681 metata,
2688 1616 2721 1686 ἢ
2758 1589 2857 1687 τῆς
2885 1589 3198 1686 γερουσίας,
3216 1613 3381 1667 ἀνίτω
3404 1613 3523 1684 μὲν,
3553 1612 3694 1667 ἀλλά

433 1707 743 1777 quispiam,
797 1717 890 1763 aut
923 1708 1099 1763 Abiud
1126 1751 1142 1776 ,
1191 1717 1287 1764 aut
1329 1724 1397 1765 ex
1442 1709 1720 1764 seniorum
1769 1709 1999 1774 ordine,

422 1798 680 1856 ascendat
717 1799 806 1855 ille
848 1800 1065 1869 quidem
1090 1840 1105 1865 ,
1136 1816 1337 1856 .verum
1367 1801 1556 1871 procul
1603 1801 1851 1867 insistat,
1897 1815 1998 1871 pro

422 1890 763 1961 purgationis
795 1905 908 1946 sua:
950 1892 1140 1946 merito
1171 1907 1235 1946 ac
1262 1892 1541 1963 dignitate.
1574 1891 1631 1948 Si
1661 1907 1793 1948 vero
1842 1894 1992 1963 quis-

424 1981 570 2051 piam
596 1996 628 2036 e
657 1980 835 2051 vulgo,
870 1990 1038 2051 atque
1068 1981 1377 2050 huiusmodi
1408 1982 1742 2038 sublimitate
1780 1997 1843 2037 ac
1870 1998 1992 2053 spe-

423 2071 689 2128 culatione
723 2072 1008 2141 indignus,
1043 2075 1089 2126 si
1119 2072 1336 2142 quidem
1381 2071 1605 2128 omnino
1650 2072 1899 2141 impurus
1937 2086 2002 2126 ac

423 2164 681 2234 profanus
710 2164 818 2231 sit,
856 2164 1000 2219 nullo
1046 2166 1204 2220 modo
1248 2166 1510 2232 accedat,
1541 2178 1717 2234 neque
1758 2165 1900 2220 enim
1930 2179 1996 2219 ea

424 2271 513 2312 res
550 2256 773 2326 periculi
824 2272 1018 2327 expers
1048 2267 1133 2313 est
1168 2275 1183 2312 :
1225 2258 1271 2313 si
1305 2269 1484 2313 autem
1515 2257 1707 2313 saltem
1735 2258 1803 2312 ad
1850 2257 2002 2312 hora:

423 2358 635 2420 tempus
666 2359 944 2421 purgatus,
996 2350 1135 2405 infra
1179 2351 1465 2418 subsistat,
1512 2365 1577 2406 ac
1603 2350 1774 2405 solam
1810 2365 2000 2406 vocem

423 2450 479 2497 et
503 2444 783 2499 buccinam
808 2483 823 2509 ,
864 2445 966 2499 hoc
993 2453 1098 2507 est,
1135 2447 1274 2498 nuda
1327 2443 1546 2512 pietatis
1587 2443 1754 2498 verba
1793 2443 1997 2497 audiat.

422 2535 660 2592 Montem
690 2537 853 2592 etiam
890 2536 1037 2592 fumo
1084 2535 1475 2592 circumfusum
1515 2551 1580 2591 ac
1620 2544 1999 2591 coruscantem

422 2638 634 2693 cernat,
655 2637 861 2684 terrore
889 2629 1050 2684 simul
1075 2643 1168 2684 eos
1189 2637 1245 2683 et
1267 2627 1627 2682 admiratione
1652 2625 1999 2688 allicientem,

421 2719 620 2790 quibus
652 2719 947 2775 ascendere
997 2720 1223 2774 minime
1256 2720 1399 2774 licet.
1428 2718 1582 2786 Quod
1619 2718 1662 2773 si
1696 2718 1817 2787 quis
1857 2717 1999 2770 mala

421 2824 479 2869 et
517 2827 658 2867 saeva
697 2813 868 2867 bestia
905 2820 1018 2878 est,
1060 2826 1161 2866 nec
1209 2810 1595 2877 speculationis
1628 2818 1683 2864 et
1719 2808 1999 2877 theologia:

2106 1709 2356 1781 στηκέτω
2384 1707 2688 1782 πόρρωθεν,
2718 1707 2860 1762 κατά
2891 1705 2989 1778 τὴν
3017 1705 3174 1773 ἀξίαν
3205 1705 3306 1775 τῆς
3342 1704 3688 1777 καθάρσεως.

2102 1800 2166 1853 Εἰ
2191 1799 2248 1852 δέ
2277 1816 2360 1863 τις
2392 1798 2499 1853 τῶν
2524 1796 2735 1851 πολλῶν
2769 1796 2859 1851 καὶ
2882 1795 3113 1859 ἀναξίων
3143 1794 3310 1865 ὕψους
3333 1794 3573 1849 τοιούτου
3594 1796 3691 1849 καὶ

2104 1891 2359 1964 θεωρίας,
2396 1892 2445 1943 εί
2494 1890 2592 1961 μὲν
2632 1888 2863 1958 ἄναγνος
2906 1888 3103 1959 πάντη,
3158 1889 3291 1959 μηδὲ
3322 1888 3583 1959 προσίτω,
3628 1891 3690 1943 οὐ

2101 1982 2212 2054 γὰρ
2248 1983 2360 2052 (87)
2401 1980 2673 2052 ἀσφαλές·
2706 1982 2755 2033 εἰ
2798 1980 2854 2033 δὲ
2892 1980 3200 2055 πρόσκαιρα
3240 1979 3368 2049 γοῦν
3402 1979 3512 2052 (88)
3540 1982 3694 2052 ἡγνι-

2102 2076 2320 2147 σμένος,
2359 2075 2509 2129 κάτω
2539 2074 2769 2145 μενέτω,
2796 2073 2892 2126 καὶ
2921 2073 3092 2144 μόνης
3120 2073 3365 2128 ἀκουέτω
3386 2074 3486 2145 τῆς
3506 2075 3693 2146 φωνῆς

2101 2168 2195 2222 καὶ
2228 2166 2330 2237 τῆς
2361 2166 2683 2234 σάλπιγγος,
2715 2164 2824 2218 τῶν
2852 2164 3024 2233 ψιλῶν
3056 2166 3157 2234 τῆς
3197 2164 3478 2229 εὐσεϐείας
3509 2166 3693 2237 pupa-

2099 2276 2208 2313 των
2227 2274 2239 2287 ·
2276 2256 2671 2328 καπνιζόμενόν
2699 2273 2757 2308 τε
2788 2255 2848 2308 τὸ
2874 2254 2997 2326 ὅρος
3025 2254 3268 2324 βλεπέτω
3301 2255 3413 2327 (89)
3435 2256 3528 2309 καὶ
3559 2274 3693 2309 κατ-

2100 2350 2575 2421 αστραπτόμενον,
2634 2348 2864 2419 ἀπειλήν
2907 2364 2966 2400 τε
3011 2345 3148 2418 ὁμοῦ
3195 2348 3289 2401 καὶ
3346 2346 3531 2419 θαῦμα
3576 2352 3693 2414 τοῖς

2101 2443 2311 2497 ἀνιέναι
2349 2442 2423 2512 μὴ
2451 2440 2790 2511 δυναμένοις.
2827 2441 2889 2493 Εἰ
2925 2438 2981 2492 δέ
3027 2456 3111 2503 τις
3148 2438 3334 2511 θηρίον
3372 2440 3490 2493 ἐστὶ
3523 2458 3693 2510 πονη-

2105 2534 2217 2605 ρὸν,
2250 2534 2345 2588 κα)⁹
2368 2535 2666 2605 ἀνήμερον,
2691 2533 2785 2585 καὶ
2806 2531 3155 2585 ἀνεπίδεκτον
3173 2531 3348 2604 πάντη
3377 2532 3549 2601 λόγων
3575 2532 3692 2604 (90)

2101 2626 2338 2697 Θεωρίας
2379 2626 2475 2679 κα).
2524 2624 2824 2694 θεολογίας,
2862 2624 2937 2695 μὴ
2971 2624 3338 2695 ἑμφωλευέτω
3378 2628 3497 2689 ταῖς
3534 2625 3694 2689 ὕλαις

2100 2718 2428 2788 κακούργως
2452 2718 2546 2771 καὶ
2577 2716 2887 2787 κακοήθως,
2923 2714 3012 2769 ἴνα
3044 2715 3189 2779 τινὸς
3225 2715 3456 2787 λάϐηται
3486 2716 3694 2787 δόγμα-

2099 2811 2243 2883 τοςῆ
2276 2811 2541 2882 ῥήματος.
2573 2808 2788 2878 ἀθρόως
2818 2808 2928 2878 (91)
2970 2808 3383 2880 προσπηδῆσαν,
3420 2810 3513 2862 καὶ
3546 2826 3692 2862 σπα-

420 2901 533 2956 υΙΙο
564 2900 727 2957 modo
772 2916 977 2972 capax,
1014 2917 1116 2968 ne,
1148 2902 1295 2957 velut
1333 2902 1387 2955 in
1440 2901 1626 2965 silvis,
1671 2909 1886 2955 versute
1929 2915 1993 2955 ac

2110 2902 2248 2975 ράξῃ
2290 2903 2418 2965 τοὺς
2459 2900 2799 2969 ὑγιαίνοντας
2832 2899 3020 2969 λόγους
3063 2902 3183 2965 ταῖς
3218 2900 3536 2972 ὲπηρείαις·
3575 2900 3692 2955 ἀλλ’

421 2994 695 3049 malitiose
745 2994 954 3059 latitet,
997 3005 1057 3049 ut
1094 2994 1294 3062 impetu
1331 3002 1550 3063 repente
1585 2993 1729 3048 facto
1767 2993 1992 3046 verbum

2107 2992 2183 3046 ἔτι
2230 2992 2512 3065 πόρρωθεν
2554 2993 2821 3064 στηκέτω,
2862 2992 2955 3046 κα).
2991 2992 3343 3064 ἀποχωρείτω
3368 2992 3461 3046 τοῦ
3492 2992 3691 3066 ὅρους·

422 3083 640 3153 aliquod
662 3123 677 3149 ,
721 3083 804 3138 vel
842 3083 1035 3153 dogma
1076 3082 1286 3152 rapiat,
1318 3095 1482 3152 atque
1507 3083 1996 3137 obtrectationibus

2107 3083 2135 3153 ἢ
2166 3081 2663 3153 λιθοϐοληθήσεται,
2693 3083 2787 3136 καὶ
2820 3082 3257 3155 συντριϐήσεται,
3282 3083 3374 3138 καὶ
3408 3084 3692 3138 ἀπολεῖται.

425 3182 481 3227 et
529 3173 814 3229 calumniis
859 3173 1273 3228 saluberrimam
1324 3173 1630 3228 doctrinam
1682 3173 1995 3240 discerpat,

2107 3173 2295 3236 κακῶς
2323 3174 2518 3238 κακός·
2561 3173 2697 3227 λίθοι
2722 3173 2830 3244 γὰρ
2859 3174 2971 3237 τοῖς
3005 3172 3346 3245 θηριώδεσιν,
3390 3174 3438 3227 ei
3469 3174 3693 3245 ἀληθεῖς

422 3279 605 3319 verum
635 3265 849 3336 longius
872 3265 1050 3320 adhuc
1072 3265 1357 3331 consistat,
1384 3274 1546 3335 atque
1575 3280 1606 3318 a
1635 3272 1818 3319 monte
1845 3279 1996 3317 rece-

2107 3267 2247 3336 λόγοι
2277 3267 2370 3321 καὶ
2396 3267 2632 3338 στερῤοί.
2666 3267 2789 3320 Εἴτε
2821 3267 3081 3338 πάρδαλις
3111 3267 3217 3338 εἴη,
3252 3266 3697 3338 συναποθνησκέ-

423 3360 564 3414 dat:
616 3359 815 3428 alioqui
864 3359 1131 3428 lapidibus
1175 3360 1533 3430 Opprimetur,
1590 3370 1646 3414 et
1690 3359 1994 3423 obleretur,

2107 3374 2179 3409 τω
2210 3359 2322 3419 τοῖς
2355 3355 2705 3426 ποικίλμασιν
2730 3374 2743 3386 ·
2780 3355 2891 3408 εἴτε
2929 3355 3065 3408 λέων
3098 3354 3359 3426 ἁρπάζων
3389 3356 3484 3409 καὶ
3514 3355 3695 3427 ὠρυό-

424 3448 705 3519 nialusque
738 3450 878 3505 male
916 3452 1173 3520 perdetur
1198 3451 1263 3506 ".
1320 3450 1487 3523 497
1537 3451 1808 3521 (Lapides
1855 3451 1996 3506 enim

2107 3464 2287 3519 μενος,
2319 3449 2412 3500 καὶ
2445 3446 2623 3517 ζητῶν
2653 3447 2841 3518 ἥντινα
2867 3446 3068 3517 βρῶσιν
3096 3446 3381 3516 ποιήσεται
3419 3447 3528 3499 τῶν
3553 3449 3693 3516 ἠμε-

424 3549 551 3594 sunt
589 3540 841 3596 belluinis
882 3542 1194 3597 hominibus
1228 3543 1342 3597 veri
1375 3558 1440 3596 ac
1464 3542 1622 3598 solidi
1647 3544 1996 3611 sermones.)

2107 3540 2275 3611 τέρων
2305 3538 2491 3609 ψυχῶν
2518 3538 2551 3609 ἢ
2577 3537 2775 3604 λέξεων
2798 3555 2811 3569 ·
2837 3536 2945 3589 εἴτε
2971 3535 3067 3600 σῦς
3093 3535 3423 3590 καταπατῶν
3448 3538 3572 3600 τοὺς
3594 3554 3697 3590 κα-

426 3631 787 3703 δίνεορονόυε
828 3635 919 3699 sit,
952 3635 1113 3689 simul
1142 3651 1263 3689 cum
1297 3636 1461 3690 variis
1491 3637 1603 3690 suis
1628 3636 1771 3690 notis
1796 3647 1853 3690 et
1881 3652 1996 3689 ma-

2107 3630 2227 3693 λούς
2258 3647 2316 3683 τε
2348 3630 2444 3682 xa‘t
2473 3629 2715 3697 διαυγεῖς
2740 3627 3086 3699 μαργαρίτας
3123 3627 3223 3697 τῆς
3250 3626 3508 3693 ἀληθείας
3529 3644 3541 3655 ·
3575 3628 3692 3679 εἴτε

426 3720 563 3775 culis
599 3723 861 3777 moriatur
886 3724 932 3755 ³³
966 3743 981 3779 ι
1014 3726 1126 3778 sive
1177 3725 1261 3779 leo
1291 3725 1505 3794 rapiens
1547 3734 1602 3780 et
1648 3725 1902 3795 rugiens,
1935 3741 1996 3780 ac

2107 3724 2266 3786 λύκος
2311 3720 2597 3793 Ἀραδικὸς
2632 3720 2745 3791 (92)
2791 3722 2884 3773 κα).
2916 3718 3232 3789 ἀλλόφυλος,
3283 3718 3315 3789 ἢ
3349 3720 3442 3772 καὶ
3482 3718 3694 3772 τούτων

426 3828 678 3882 quaarens
731 3830 1018 3885 quamnam
1072 3817 1374 3871 animarum
1423 3826 1516 3871 aut
1556 3817 1851 3873 dictionum
1903 3834 1996 3871 no-

2107 3813 2357 3883 ὀξύτερος
2394 3814 2506 3876 τοῖς
2544 3812 2901 3881 σοφίσμασιν·
2951 3812 3059 3863 εἴτε
3103 3809 3346 3880 ἀλώπηξ,
3379 3809 3571 3880 δολερὰ
3601 3797 3693 3875 τίς

426 3912 659 3961 strarum
687 3908 908 3964 devoret
933 3910 979 3941 ⁸⁸
1003 3927 1019 3974 ;
1047 3911 1162 3963 sive
1190 3925 1386 3979 porcus
1407 3951 1422 3975 ,
1461 3912 1705 3980 egregias
1735 3921 1791 3967 et
1829 3912 1996 3980 pellu-

2107 3904 2247 3975 ψυχὴ
2287 3904 2381 3957 κα).
2414 3905 2664 3967 ἄπιστος,
2691 3903 2784 3956 καὶ
2817 3903 3003 3956 ἄλλοτε
3034 3901 3165 3973 ἄλλη
3200 3905 3311 3965 τοῖς
3350 3905 3563 3973 καιροῖς
3593 3904 3692 3956 καὶ

426 3998 576 4053 cidas
600 3999 844 4054 veritatis
875 4000 1195 4070 margaritas
1234 4002 1562 4056 conculcans
1584 4002 1664 4066 ³⁸;
1701 4003 1819 4056 sive
1841 4002 1996 4072 lupus

2107 3998 2222 4057 ταῖς
2251 3994 2463 4065 χρείαις
2502 3994 2989 4065 συμμορφουμένη,
3050 3992 3117 4063 ἢν
3162 3991 3332 4064 νεκρά
3374 3993 3563 4061 τρέφει
3592 3994 3694 4047 καὶ

426 4088 697 4143 Arabicns
722 4089 768 4121 ³⁸
794 4098 848 4144 et
873 4090 1209 4158 peregrinus,
1236 4102 1327 4143 aut
1360 4092 1522 4144 etiam
1555 4091 1659 4158 his,
1689 4093 1865 4161 quoad
1895 4108 1987 4146 so-

2107 4084 2335 4139 ὲδωδότα
2371 4084 2617 4153 σώματα,
2650 4085 2682 4155 ἢ
2719 4084 3044 4155 ἀμπελῶνες
3065 4086 3271 4156 μικροὶ,
3304 4083 3411 4136 τῶν
3436 4083 3691 4154 μεγάλων

427 4171 699 4239 phismata
732 4183 788 4228 et
832 4174 1102 4243 captiosas
1150 4176 1562 4246 disputationes,
1608 4180 1853 4241 acutior;
1886 4180 1996 4233 sive

2107 4176 2575 4244 διαπεφευγότων·
2639 4177 2747 4229 εἴτε
2797 4193 2849 4229 τι
2900 4175 3027 4230 ἄλλο
3075 4176 3183 4229 τῶν
3235 4175 3549 4246 ὼμοὸὁρων,
3591 4177 3692 4229 κα)⁵

428 4264 622 4333 vulpes
641 4265 708 4330 ³⁷,
738 4265 839 4320 hoc
868 4276 971 4332 est,
1004 4276 1221 4321 versuta
1253 4268 1496 4335 quaedam
1534 4268 1709 4320 anima
1733 4309 1747 4331 ,
1788 4268 1996 4338 ﬁdeque

2107 4268 2425 4338 ἀποδλήτων
2456 4268 2534 4339 τῷ
2566 4268 2733 4339 νόμῳ,
2764 4269 2858 4322 καὶ
2895 4268 2955 4320 οὐ
2986 4266 3238 4337 καθαρῶν
3275 4267 3356 4329 είς
3393 4265 3592 4337 βρῶσίν
3624 4283 3690 4319 τε

427 4357 654 4425 ancipiti
685 4357 930 4426 praedita,
955 4368 1008 4412 et
1026 4374 1121 4426 pro
1137 4368 1433 4428 temporum
1453 4359 1996 4429 varietatealiaatque

2107 4360 2199 4413 κα).
2226 4359 2548 4412 ἀπόλαυσιν.
2582 4359 2837 4412 Βούλεται
2881 4360 2989 4429 γάρ
3029 4358 3231 4412 τούτων
3264 4359 3631 4428 ἀποχωρήσας
3659 4359 3690 4410 ὁ

425 4443 556 4508 alia,
578 4460 875 4515 novamque
892 4446 1208 4514 subinde,ut
1221 4448 1272 4501 id
1290 4450 1451 4503 rebus
1469 4450 1581 4503 suis
1598 4453 1902 4504 conducere
1915 4467 1996 4506 ar-

2107 4452 2277 4519 λόγος,
2294 4450 2436 4504 οὕτω
2459 4450 2619 4515 πλαξὶ
2647 4452 2898 4522 στερραῖς
2927 4452 3019 4503 καὶ
3038 4449 3267 4513 λιθίναις
3289 4449 3684 4520 ἐγγράφεσθαι,

422 4534 683 4603 bitratur,
716 4536 940 4591 formam
971 4553 1278 4605 assumens,
1306 4554 1466 4608 quam
1502 4553 1714 4595 mortua
1743 4550 1797 4596 et
1831 4543 1991 4595 fetida

2107 4544 2194 4598 καὶ
2226 4543 2449 4607 ταύταις
2478 4543 2884 4614 ἀμφοτέρωθεν,
2918 4542 3006 4596 διά
3041 4560 3101 4595 τε
3136 4544 3198 4596 τὸ
3237 4542 3560 4613 φαινόμενον
3588 4540 3687 4593 τοῦ

420 4641 649 4697 corpora
690 4631 959 4697 nutriunt,
994 4641 1089 4685 aut
1121 4633 1353 4688 humiles
1378 4635 1571 4697 vineae,
1599 4650 1721 4688 cum
1753 4636 1820 4690 ad
1856 4636 1994 4691 altas

2107 4636 2288 4707 νόμου,
2328 4638 2423 4689 κα).
2456 4635 2515 4688 τὸ
2542 4636 2945 4707 κρυπτόμενον·
2975 4636 3036 4688 τὸ
3066 4636 3163 4705 μὲν
3184 4638 3296 4699 τοῖς
3325 4636 3539 4697 πολλοῖς
3571 4632 3687 4705 (95)

419 4720 665 4790 aspirare
718 4733 985 4791 nequeat;
1040 4724 1155 4779 sive
1212 4724 1445 4794 denique
1498 4726 1641 4781 aliud
1708 4729 1979 4797 quoddam
2032 4732 2372 4784 crudivorum
2433 4728 2668 4795 animal,
2732 4728 2971 4797 legisque
3033 4729 3208 4783 edicto
3282 4728 3685 4795 rejectanenmv

490 4856 940 4923 "Exodmxﬂd.
977 4858 1457 4926 “MaIIthIJl.
1495 4861 1899 4930 "Jenxm,%.
1934 4865 1979 4896 3‘

2114 4874 2179 4917 tr.
2204 4862 2331 4928 v,8.
2361 4862 2405 4893 ³⁸
2427 4862 2614 4915 Matth.
2636 4859 2804 4927 vn,6.
2835 4860 3096 4915 “Hahae.
3122 4858 3231 4924 1,8.
3263 4860 3305 4892 ³⁷
3329 4859 3563 4925 Cant.u,
3594 4859 3685 4915 15.

491 4971 607 5051 (84)
658 4972 897 5051 Ἑνικῶις
937 4973 1379 5051 διαιρουμέτςην,
1429 4986 1534 5032 etc.
1581 4997 1599 5030 ι
1652 4979 1993 5051 Conjunctim

419 5042 726 5107 distinctus,
750 5059 815 5099 ac
838 5042 1132 5099 distinctim
1160 5042 1496 5112 coniunctus,
1540 5068 1557 5100 ι
1592 5052 1641 5103 id
1663 5042 1782 5111 est:
1801 5070 1819 5102 ι
1856 5053 1996 5106 sicut

419 5125 886 5190 unusperma‘net,
909 5117 1520 5190 etiamsi‘distingltalur,
1548 5120 1620 5174 ita
1646 5124 1998 5190 quodammo-

421 5186 492 5239 do
527 5184 894 5252 distinguitur,
922 5186 1016 5239 etsi
1052 5184 1339 5240 cohaereat.
1375 5206 1393 5238 ι

491 5253 606 5329 (85)
658 5253 1019 5329 Ἀσθένειᾳν.
1051 5256 1143 5311 Or.
1176 5258 1226 5321 1,
1266 5256 1543 5329 ἀλήθειαν,
1576 5280 1594 5312 ι
1633 5262 1937 5329 veritatem,
1975 5282 1993 5315 ι

420 5331 477 5377 et
502 5325 580 5393 (ad
614 5339 809 5393 marg,
841 5326 1146 5380 ἀσθένειαν.

643 5391 933 5468 [caesae
970 5396 1184 5468 Reg._a,
1213 5397 1542 5468 γενώμενος.

489 5461 602 5601 (87)
640 5461 928 5530 Προοὶτω,
949 5468 1021 5521 οὐ
1190 5461 1284 5525 σι’.
1312 5461 1375 5531 1,
1386 5461 1710 5541 προσιτέτω,
1728 5472 1851 5526 οὐδὲ
1870 5473 1995 5545 γάρ.

514 5532 605 5601 88)
645 5534 988 5601 Πρόσκαιριι
1017 5554 1187 5601 τουν.
1225 5556 1243 5587 t
1289 5538 1489 5592 Saltem
1543 5544 1610 5595 ad
1664 5543 1809 5597 horae
1854 5554 1989 5597 tem-

514 5532 988 5605 88)-ζ1ρόσκαιριι
1017 5532 1187 5605 γοῦν.
1225 5556 1243 5587 t
1289 5532 1489 5592 Saltem
1543 5544 1610 5595 ad
1664 5532 1809 5597 horae
1854 5532 1989 5597 teni-

419 5617 543 5674 pus.
576 5601 595 5654 ι
632 5601 744 5684 Hac
774 5601 1527 5684 voce'sigt'titicarGregorius
1563 5621 1772 5684 tempus
1806 5623 1855 5666 et
1900 5615 1993 5684 ho-

423 5687 561 5742 ram,
592 5674 787 5746 quibus
820 5674 906 5731 lex
944 5674 1174 5735 a'certis
1205 5674 1562 5737 immunditiis
1600 5674 1871 5738 abstinere
1910 5682 1994 5753 ju-

2101 4980 2283 5037 bebal.
2319 4980 2439 5033 Bill.
2485 4999 2499 5033 :
2536 4999 2553 5031 t
2597 4979 2786 5034 leviter
2807 4979 3018 5033 saltem.
3050 4996 3069 5030 ι

2175 5052 2288 5119 (89)
2328 5051 2625 5104 Βλεπέτω.
2666 5050 2719 5102 In
2750 5049 3039 5113 nonnullis,
3068 5047 3300 5119 βλέπων.

2197 5119 2287 5188 90)
2327 5121 2551 5188 Λόγων.
2584 5121 2795 5183 C0mh.,
2823 5119 3001 5187 λόγου.

2193 5188 2283 5257 9|)
2335 5192 2607 5258 Ἀθρόως.
2643 5190 2856 5253 Οοιιιῒ).,
2885 5188 2978 5242 καὶ
3010 5188 3242 5259 ἀθρόως.

2170 5256 2505 5330 (92)Λύκος
2558 5256 3184 5329 Ἀραϐικός.ΑΙΙιιι1ἰίθιΙ
3218 5257 3515 5330 litecverba
3573 5256 3684 5330 [la-

2097 5326 2291 5398 bac'uc’,
2325 5347 2365 5398 ι,
2396 5330 2464 5385 8:
2502 5351 2520 5382 ‹
2562 5326 2871 5384 velociores
2903 5330 3041 5397 lupis
3067 5329 3412 5398 vespertinis.
3443 5346 3460 5378 ι
3491 5327 3545 5380 ln
3575 5326 3676 5382 Se-

2102 5396 2381 5473 ptuaginta
2442 5400 2676 5473 legitur:
2738 5418 2756 5450 ι
2794 5396 3218 5473 1ηρὶεΑιτιῂὶτὲ,
3255 5415 3273 5449 ι
3325 5396 3417 5468 qui
3468 5400 3684 5452 caeteris

2102 5469 2297 5526 robore
2327 5480 2380 5523 et
2415 5469 2741 5537 proceritate
2769 5479 2896 5523 sunt
2935 5469 3287 5523 crudeliores.

2171 5541 2283 5611 (95)
2315 5542 2381 5595 Τὸ
2400 5535 2517 5611 μὲν
2534 5541 2662 5607 τοῖς
2680 5539 2953 5605 πολλοῖς,
2987 5551 3091 5593 etc.
3121 5538 3273 5611 Bill._:
3300 5555 3317 5585 t
3350 5536 3455 5590 illis
3481 5535 3681 5605 pleris-

2102 5607 2225 5681 que,
2266 5607 2339 5666 ἐι
2381 5607 2526 5665 liumi
2576 5611 2937 5678 manentibus,
2983 5611 3083 5665 hoc
3117 5607 3324 5679 paucis,
3354 5619 3681 5675 sursumque

2106 5682 2463 5737 tendentibus.
2505 5699 2525 5733 ι

2106 5686 2463 5739 tendentibus.
2505 5699 2525 5733 ι

2460 5896 2479 5907 σ.
2512 5895 2563 5909 ν’·-
