3890 6214
252 324 329 384 29
1330 325 1590 383 ORATIO
1626 325 1866 385 XXVIII.
1905 357 1977 373 --
2016 326 2456 386 THEOLOGICA
2493 328 2559 386 II.
3454 330 3526 387 50

248 436 350 492 καὶ
368 434 519 490 κάτω
552 429 794 505 μένουσι,
820 431 883 486 τὺ
920 432 979 487 δὲ
1016 435 1131 498 τοῖς
1166 433 1366 504 ὀλίγοις
1406 438 1502 492 κα).
1547 439 1662 494 ἄνω
1708 439 1851 510 φθά-

248 544 457 585 νουσιν.

1960 456 2060 499 nec
2082 457 2298 512 purum,
2335 450 2396 499 ut
2432 443 2498 498 iis
2526 451 2582 498 et
2606 441 2750 499 vesci
2790 449 2847 498 et
2872 440 2975 498 Irui
3006 441 3186 499 liceat.
3220 444 3346 501 Vult
3381 449 3525 503 enim

1957 541 2144 590 nostra
2178 535 2425 591 doctrina
2469 533 2537 590 ab
2562 534 2646 589 his
2687 535 2999 600 abscedere,
3027 544 3188 606 atque
3227 537 3295 592 ita
3342 540 3526 597 solidis

251 628 311 677 et
359 617 584 689 lapideis
630 616 828 672 tabulis
871 617 1120 683 inscribi,
1175 617 1340 690 idque
1381 623 1675 692 utrinque,
1706 624 1850 694 quod
1888 626 2144 683 nimirum
2215 628 2298 683 lex
2365 628 2559 700 partim
2595 629 2876 698 perspicua
2915 629 3008 695 sit,
3036 632 3231 700 partim
3269 635 3444 689 abdita
3473 646 3526 692 et

251 711 551 766 abstrusa:
586 709 717 765 illud
744 709 966 780 quidem
994 708 1267 781 plerisque
1292 711 1360 766 ad
1396 710 1609 768 radices
1646 715 1850 771 montis
1889 718 2339 787 subsistentibus,
2370 720 2472 775 hoc
2510 730 2693 776 autem
2762 722 2950 792 paucis
2985 723 3039 778 in
3073 733 3308 780 montem
3335 740 3526 782 ascen-

251 804 533 860 dentibus.

208 932 214 937 .
327 893 403 946 I".
444 893 509 947 Τί
528 891 689 947 τοῦτο
722 893 942 958 ἔπαθον,
969 888 1015 947 ὧ
1044 894 1211 964 φίλοι,
1233 897 1328 949 καὶ
1366 894 1586 967 μύσται,
1615 898 1709 951 καὶ
1740 897 1833 969 τῆς

2016 898 2101 956 lll.
2142 899 2340 954 Verum
2364 900 2492 970 quid
2530 900 2661 955 mihi
2697 900 2913 966 accidit,
2951 914 2985 955 ο
3020 902 3204 967 amici,
3237 916 3301 957 ac
3331 902 3525 959 iisdem

249 985 514 1058 ἀληθείας
549 986 911 1057 συνερασταί;
953 987 1214 1059 Ἔτρεχον
1265 987 1376 1059 (94)
1414 988 1533 1059 μὲν,
1573 989 1649 1051 ὡς
1709 989 1842 1045 Θεὸν

251 1077 722 1149 καταληψόμενος,
760 1078 855 1132 καὶ
895 1077 1070 1142 οὕτως
1106 1078 1335 1151 ἀνῆλθον
1366 1081 1459 1133 ἐπὶ
1489 1081 1550 1134 τὸ
1572 1081 1717 1151 ὅρος,
1748 1083 1844 1135 καὶ

248 1170 354 1242 τὴν
394 1170 624 1241 νεφέλην
651 1170 884 1241 διέσχον,
932 1169 1064 1223 είσω
1104 1171 1393 1241 γενόμενος
1424 1172 1533 1225 ἀπὸ
1575 1174 1675 1244 τῆς
1708 1172 1842 1245 ὕλης

250 1263 350 1317 καὶ
374 1263 481 1316 τῶν
511 1261 733 1329 ὑλικῶν,
776 1263 872 1316 καὶ
892 1264 971 1326 είς
1003 1262 1258 1334 ἐμαυτὸν,
1282 1261 1357 1327 ὡς
1375 1257 1486 1317 οἶόν
1510 1280 1588 1325 τε,
1619 1280 1844 1332 συστρα-

251 1353 397 1423 φείς.
438 1354 591 1407 Ἐπεὶ
624 1352 683 1422 δὲ
718 1352 1081 1426 προσέϐλεψα,
1118 1353 1270 1425 μόλις
1304 1349 1443 1408 εἶδον
1473 1353 1609 1408 Θεοῦ
1630 1355 1700 1409 τὰ
1721 1354 1841 1409 ὀπί-

252 1444 381 1497 σθια
406 1443 546 1514 (95)⁶
579 1444 675 1498 καὶ
707 1445 884 1509 τοῦτο,
914 1446 980 1516 τῇ
1016 1445 1191 1517 πέτρᾳ
1221 1445 1572 1510 σκεπασθεὶς,
1595 1445 1675 1514 τῷ
1709 1463 1841 1517 σαρ-

250 1536 482 1591 κωθέντι
508 1537 577 1590 δι’
611 1539 760 1609 ἡμᾶς
784 1538 945 1612 Λόγῳ
981 1537 1116 1611 (96).
1161 1539 1273 1593 Καὶ
1318 1539 1515 1612 μικρὸν
1548 1539 1837 1611 διακύψας,

247 1633 315 1686 οὐ
358 1632 458 1704 τὴν
492 1631 719 1705 πρώτην
748 1650 807 1687 τε
837 1634 934 1689 καὶ
967 1636 1242 1707 ἀκήρατον
1283 1633 1465 1703 φύσιν,
1510 1634 1606 1688 καὶ
1647 1636 1837 1706 ἑαυτῇ,

247 1722 396 1793 λέγω
425 1722 489 1795 δὴ
516 1723 580 1794 τῇ
607 1723 817 1795 Τριάδι,
842 1724 1280 1796 γινωσκομένην,
1308 1725 1404 1779 κα)⁸
1436 1725 1535 1796 ὅση
1564 1723 1659 1779 τοῦ
1685 1724 1838 1798 πρώ-

246 1833 348 1870 του
394 1817 890 1888 καταπετάσματος
934 1818 1065 1872 εἵσω
1108 1816 1290 1889 μένει,
1330 1818 1424 1872 καὶ
1464 1817 1570 1870 ὑπὸ
1599 1817 1706 1870 τῶν
1745 1834 1839 1888 χε-

249 1909 454 1982 ρουόὶμ
483 1907 927 1978 συγκαλύπτεται
965 1908 1100 1976 (97),
1136 1908 1251 1962 ἀλλ’
1279 1909 1380 1979 ὅση
1422 1909 1709 1963 τελευταία
1742 1908 1839 1961 καὶ

245 2002 330 2065 εἰς
361 2002 510 2072 ἡμᾶς
538 1999 837 2070 φθάνουσα.
874 1999 942 2054 Ἦ
966 2000 1023 2053 δέ
1055 2002 1223 2068 ἐστιν,
1257 2001 1357 2055 ὅσα
1399 2001 1509 2072 (98)
1551 2000 1653 2071 ἐμὲ
1677 1998 1839 2070 γινώ-

245 2110 424 2160 σκειν,
454 2095 488 2164 ἡ
524 2094 580 2146 ἐν
601 2095 714 2155 τοῖς
743 2092 1026 2163 κτίσμασι,
1053 2093 1148 2146 καὶ
1179 2095 1291 2157 τοῖς
1321 2094 1414 2146 ὑπ’
1438 2092 1604 2147 αὑτοῦ
1636 2092 1837 2164 προϐε-

243 2184 348 2256 ϐλη
358 2185 540 2255 μένοις
557 2186 653 2239 καὶ
670 2184 1061 2255 διοικουμένοις
1085 2184 1460 2256 μεγαλειότης,
1485 2187 1541 2258 ἢ,
1558 2185 1632 2249 ὡς
1648 2188 1675 2239 ὁ
1696 2185 1837 2249 θεῖος

1945 993 2116 1047 sacris
2148 991 2379 1058 initiati,
2416 992 2766 1063 ejusdemque
2802 992 3050 1049 veritatis
3102 994 3360 1049 studiosi?
3389 995 3521 1049 Cur-

1942 1084 2129 1138 rebam
2166 1084 2267 1139 hoc
2300 1084 2502 1149 animo,
2540 1085 2692 1153 quasi
2730 1083 2896 1137 Deum
2928 1095 3311 1154 percepturus,
3339 1086 3526 1157 sicque

1942 1174 1994 1229 in
2023 1182 2260 1229 montem
2295 1175 2537 1241 ascendi,
2572 1190 2635 1230 ac
2673 1177 2867 1229 nubem
2900 1176 3216 1245 penetravi,
3245 1192 3274 1230 a
3300 1179 3524 1234 materia

1943 1264 2218 1333 rebusque
2251 1264 2478 1320 materia
2521 1266 2899 1322 constantibus
2946 1267 3225 1333 reductus,
3259 1276 3423 1338 atque
3469 1268 3522 1322 in

1941 1355 2243 1424 meipsum,
2297 1356 2476 1425 quoad
2525 1355 2643 1425 ejus
2679 1355 2793 1411 lleri
2822 1365 3070 1428 poterat,
3122 1357 3403 1414 collectus.
3454 1356 3525 1415 Ut

1940 1452 2123 1501 autem
2151 1447 2429 1500 oculorum
2489 1446 2660 1501 aciem
2710 1445 2904 1516 adjeci,
2936 1448 3019 1501 vix
3058 1448 3161 1505 hoc
3210 1450 3371 1505 etiam
3403 1464 3524 1506 sum

1941 1546 2267 1593 consecutus
2287 1579 2302 1603 ,
2334 1548 2391 1592 ut
2425 1537 2521 1594 Dei
2574 1539 2880 1608 posteriora
2929 1554 3211 1597 cernerem
3243 1540 3328 1606 ³⁸,
3360 1542 3526 1611 idque

1940 1638 2090 1700 petra
2114 1671 2129 1695 ,
2170 1630 2271 1685 hoc
2297 1641 2417 1695 est,
2454 1630 2636 1686 Verbo
2664 1642 2863 1688 nostra:
2911 1633 3103 1690 salutis
3137 1649 3301 1691 causa
3353 1636 3526 1693 incar-

1939 1732 2089 1784 nato,
2119 1733 2417 1778 contectus.
2460 1725 2634 1794 Atque
2664 1725 2996 1795 aliquantum
3029 1729 3383 1799 prospiciens,
3413 1745 3522 1785 non

1939 1814 2166 1884 primam
2205 1813 2350 1867 illam
2382 1821 2438 1869 et
2468 1815 2810 1883 purissimam
2858 1825 3131 1884 naturam,
3160 1818 3369 1888 sibique
3394 1818 3519 1888 ipsi,

1940 1904 1991 1959 id
2022 1914 2105 1959 est
2143 1903 2418 1971 Trinitati,
2453 1915 2652 1971 notam,
2705 1920 2932 1976 quasque
2964 1907 3140 1976 primo
3168 1908 3285 1963 velo
3309 1907 3522 1964 obtecta

1939 2003 2144 2061 manet,
2168 2004 2221 2050 et
2248 2011 2277 2049 a
2325 1996 2608 2051 cherubim
2641 1998 2946 2067 obtegitur,
2970 1999 3314 2069 conspicatus
3361 2015 3479 2057 sum
3503 2041 3521 2068 ,

1937 2101 2125 2142 verum
2176 2096 2503 2156 postremam
2544 2098 2707 2158 atque
2733 2090 2800 2144 ad
2851 2105 2949 2145 nos
2988 2092 3406 2162 pertingentem.
3444 2092 3520 2147 Ea

1938 2188 2119 2234 autem
2161 2188 2265 2245 est,
2291 2187 2350 2233 ut
2383 2180 2599 2250 quidem
2624 2181 2741 2248 ipse
2765 2183 3073 2249 cognitione
3102 2198 3381 2252 assequor,
3409 2199 3524 2238 ma-

242 2275 411 2329 Δαϐὶδ
438 2273 716 2346 ὀνομάζει,
751 2275 1215 2347 μεγαλοπρέπεια.
1250 2277 1436 2331 Ταῦτα
1461 2277 1569 2349 γὰρ
1600 2275 1734 2330 Θεοῦ
1764 2277 1832 2330 τὰ

1942 2273 2101 2342 icstas
2126 2273 2212 2328 illa
2235 2313 2251 2338 ,
2287 2274 2369 2329 vel
2389 2314 2404 2340 ,
2436 2284 2494 2328 ut
2518 2274 2685 2329 David
2710 2275 2964 2344 appellat,
3003 2277 3403 2348 magnificentia
3436 2277 3483 2310 ”
3504 2317 3521 2344 ,

240 2367 468 2423 ὀπίσθια
504 2367 638 2439 (99),
670 2368 771 2421 ὅσα
812 2369 927 2438 μετ’
956 2369 1163 2421 ἐκεῖνον
1206 2367 1418 2421 ἐκείνου
1452 2369 1831 2439 γνωρίσματα,

239 2458 435 2531 ὥσπερ
476 2461 531 2512 αἱ
576 2458 697 2511 καθ’
724 2459 931 2513 ὑδάτων
971 2458 1126 2530 ἡλίου
1161 2459 1312 2513 σκιαὶ
1344 2459 1441 2513 καὶ
1473 2459 1681 2523 εἰκόνες
1716 2461 1851 2523 ταῖςῖ

241 2551 479 2621 σαθραίς
498 2551 653 2620 ὄψεσι
676 2549 1106 2621 παραδεικνῦσαι
1128 2550 1221 2604 τὸν
1244 2550 1419 2620 ἥλιον,
1440 2550 1562 2602 ἐπεὶ
1588 2549 1661 2620 μὴ
1675 2551 1838 2603 αὐτὸν

239 2644 483 2714 προσϐλέ
490 2661 609 2697 πειν
626 2644 672 2715 (I
682 2646 699 2714 )
711 2638 821 2698 οἷόν
832 2643 1302 2716 τε,τῷξάκραιφνεῖ
1311 2642 1404 2696 τοῦ
1418 2642 1595 2713 φωτὸς
1606 2641 1841 2696 νικῶντα

238 2735 342 2807 τὴν
362 2736 635 2807 αἴσθησιν.
671 2734 859 2799 Οὕτως
875 2731 968 2790 οῦν
1000 2734 1362 2806 θεολογήσεις,
1396 2733 1500 2788 κᾶν
1525 2730 1593 2806 ᾗς
1608 2734 1834 2804 Μωσῆς,

239 2830 337 2883 καὶ
349 2828 549 2900 Φαραῶ
559 2827 832 2892 Θεός,κᾶν
852 2828 1014 2901 μέχρι
1028 2827 1211 2900 τρίτου
1225 2826 1323 2899 (2),
1342 2827 1479 2881 κατὰ
1492 2827 1582 2880 τὸν
1602 2825 1833 2893 Παῦλον,

238 2921 475 2993 οὐρανοῦ
494 2921 707 2994 φθάσῃς
727 2921 823 2976 καὶ
838 2921 1082 2994 ἀκούσῃς
1103 2920 1315 2993 apem
1334 2922 1568 2992 ῥήματα·
1587 2918 1689 2972 κᾶν
1702 2917 1842 2989 ὑπὲρ

239 3015 485 3078 ἐκείνους
499 3014 573 3086 (5)
591 3014 749 3086 γένῃ,
768 3014 1067 3083 ἀγγελικης
1077 3029 1223 3075 τινος
1237 3012 1270 3083 ἢ
1296 3009 1700 3082 ἀρχαγγελικῆς
1716 3011 1843 3064 στά-

240 3106 385 3170 σεώς
416 3123 476 3160 τε
505 3106 601 3159 καὶ
623 3105 831 3170 τάξεως
852 3106 1178 3177 ἠξιωμένος.
1199 3102 1318 3157 Κᾶν
1352 3103 1460 3174 γὰρ
1483 3103 1731 3174 οὐράνιον
1764 3102 1841 3174 (ό)

245 3195 419 3263 ἅπαν,
433 3197 537 3251 κᾶν
555 3197 757 3269 ὑπερου
767 3198 947 3268 ράνιόν
969 3214 1044 3261 τι,
1077 3197 1172 3250 καὶ
1194 3195 1328 3249 πολὺ
1344 3196 1443 3267 τὴν
1461 3193 1840 3265 φύσινλὺψηλό-

241 3306 401 3360 τερον
419 3285 650 3361 ήμῶνῇ,
679 3290 773 3342 καὶ
795 3288 1076 3360 ἐγγυτέρω
1105 3287 1262 3353 Θεοῦ,
1289 3287 1452 3341 πλέον
1476 3287 1668 3357 ἀπέχει
1703 3284 1837 3339 Θεοῦ

240 3380 338 3448 καὶ
348 3380 448 3450 τῆς
459 3380 670 3443 τελείας
689 3379 1112 3451 nemosng
1130 3381 1253 3433 ὅσον
1271 3380 1303 3450 ή
1313 3377 1430 3449 μῶν
1445 3376 1732 3449 ὑπεραίρει
1743 3375 1835 3429 τοῦ

244 3470 533 3537 συνθέτου,
556 3473 650 3525 καὶ
667 3469 949 3537 ταπεινοῦ,
969 3470 1063 3523 κα).
1080 3469 1229 3522 κάτω
1248 3468 1523 3538 βρίθοντος
1535 3469 1834 3540 κράματος.

1939 2383 2059 2438 qua:
2084 2367 2139 2420 in
2176 2366 2337 2421 rebus
2371 2366 2440 2421 ab
2460 2381 2526 2422 eo
2556 2368 2755 2423 creatis
2794 2369 3176 2438 productisque
3224 2378 3280 2425 et
3325 2372 3523 2439 guber-

1940 2459 2086 2514 natis
2110 2458 2309 2514 elucet.
2342 2457 2433 2513 Dei
2460 2458 2659 2529 quippe
2675 2460 2974 2528 posteriora
2994 2470 3196 2516 suntea
3222 2500 3237 2527 ,
3265 2477 3385 2531 quae
3402 2469 3524 2531 post

1947 2565 2071 2604 eum
2113 2549 2457 2616 exstiterunt,
2481 2549 2744 2619 nobisque
2775 2551 2943 2620 ipsius
2978 2566 3174 2606 numen
3206 2553 3523 2619 declarant,

1942 2655 2049 2694 non
2086 2654 2244 2694 secus
2277 2638 2525 2693 videlicet
2568 2653 2632 2693 ac
2659 2639 2789 2694 solis
2832 2640 2885 2693 in
2921 2640 3077 2709 aquis
3107 2640 3312 2696 umbrae
3361 2652 3525 2713 atque

1943 2730 2233 2786 simulacra
2269 2730 2500 2785 inﬁrmis
2514 2730 2687 2785 oculis
2716 2731 2886 2786 solem
2918 2742 3329 2801 repraesentant,
3352 2748 3526 2803 quan-

1944 2819 2229 2889 doquidem
2266 2834 2388 2873 eum
2442 2820 2656 2874 obtueri
2700 2834 2809 2874 non
2858 2836 3165 2891 possumus,
3200 2832 3381 2892 utpote
3429 2825 3523 2894 qui

1942 2912 2083 2966 lucis
2143 2912 2379 2979 puritate
2423 2910 2592 2982 5,98
2644 2927 2863 2966 sensum
2918 2927 3130 2968 omnem
3165 2922 3404 2984 superat.
3439 2915 3523 2970 Ad

1942 3004 2085 3059 hunc
2120 3004 2307 3074 itaque
2334 3007 2553 3059 modum
2588 3005 2823 3074 theologi
2862 3021 3062 3062 munus
3093 3007 3293 3071 obibis,
3333 3024 3526 3079 qnam-

1941 3097 2025 3151 vis
2044 3096 2205 3151 etiam
2259 3094 2472 3167 Moyses
2511 3097 2606 3161 sis,
2636 3096 2887 3167 Densque
2912 3097 3211 3153 Pharaonis
3240 3099 3308 3164 ⁸³,
3339 3115 3526 3168 quam-

1946 3188 2026 3242 vis
2055 3187 2122 3240 ad
2151 3187 2368 3242 tertium
2423 3202 2594 3256 usque
2624 3189 2847 3253 caelum,
2887 3190 3057 3244 instar
3094 3189 3244 3245 Pauli
3266 3192 3335 3259 δι,
3366 3191 3525 3246 abre-

1943 3290 2066 3351 ptus
2097 3280 2287 3345 fueris,
2327 3289 2492 3349 atque
2523 3295 2720 3334 arcana
2752 3281 2915 3334 verba
2952 3282 3255 3347 audiveris;
3283 3281 3527 3350 quamvis

1944 3375 2106 3430 etiam
2133 3388 2294 3443 supra
2325 3373 2447 3428 illos
2482 3384 2722 3439 evectus,
2763 3372 3057 3442 angelicam
3107 3373 3393 3442 quamdam
3433 3382 3527 3427 aut

1943 3464 2377 3534 archangelicam
2427 3465 2609 3519 sedem
2664 3473 2720 3520 et
2769 3466 3013 3521 ordinem
3060 3464 3136 3519 sis
3181 3473 3525 3518 consecutus.

239 3554 496 3617 creatum
532 3562 674 3616 enim
700 3576 894 3627 omne,
930 3563 1044 3616 sive
1110 3560 1333 3616 caeleste
1395 3561 1508 3613 sive
1563 3557 1989 3628 supereteleste,
2054 3556 2182 3611 licet
2246 3555 2548 3609 sublimiori
2589 3571 2749 3625 quam
2798 3571 2895 3609 nos
2952 3561 3143 3607 natura
3196 3554 3522 3622 praeditum,

240 3653 463 3724 Deoque
488 3654 735 3716 vicinius,
765 3653 992 3723 longiori
1049 3661 1229 3707 tamen
1275 3651 1558 3706 intervallo
1597 3667 1627 3705 a
1683 3652 1812 3712 Deo,
1853 3665 1919 3704 ac
1972 3648 2130 3718 plena
2204 3647 2292 3702 illa
2358 3656 2413 3702 et
2465 3648 2709 3703 absoluta
2773 3647 3082 3716 cognitione
3121 3645 3318 3711 distat,
3366 3660 3527 3715 quam

237 3754 350 3809 Quo
373 3744 724 3806 compositam
754 3742 895 3797 hanc
926 3752 1165 3798 nostram
1195 3781 1212 3808 ,
1252 3753 1306 3797 et
1349 3742 1616 3811 abjectam
1663 3751 1825 3813 atque
1864 3740 2010 3795 humi
2049 3749 2363 3809 vergentem
2389 3754 2623 3795 massam
2657 3749 2899 3809 superat.

314 3841 392 3892 A'.
443 3835 698 3909 ’Δρκτέον
750 3831 843 3890 οῦν
880 3836 1023 3890 οὕτω
1079 3836 1270 3890 πάλινο
1314 3836 1446 3889 Θεὸν
1480 3835 1668 3905 νοῆσαι
1702 3836 1822 3906 μὲν,

1999 3836 2086 3889 IV.
2123 3834 2250 3888 Esto
2298 3833 2458 3904 igitur
2507 3835 2606 3888 hoc
2641 3834 2870 3888 alterum
2920 3833 3184 3889 orationis
3218 3836 3523 3894 exordium.

241 3931 513 4005 χαλεπόν·
549 3930 757 4002 φράσαι
787 3928 868 3994 δὲ,
900 3927 1185 3994 ἀδύνατον,
1216 3926 1292 3991 ὥς
1316 3945 1399 3992 τις
1432 3928 1541 3982 τῶν
1583 3928 1656 3998 (5)
1695 3929 1827 3999 παρ’

246 4022 476 4093 Ἕλλησι
526 4021 790 4091 θεολόγων
843 4022 1257 4094 ἐφιλοσόφησεν,
1298 4024 1399 4076 οὐκ
1440 4023 1680 4092 ἀτέχνως
1706 4023 1831 4093 ἐμοὶ

240 4113 412 4176 δοκεῖ,
447 4113 535 4166 ἵνα
567 4115 663 4167 καὶ
695 4116 1083 4186 κατειληφέναι
1122 4116 1248 4187 δόξῃ
1284 4115 1346 4168 τὸ
1374 4113 1608 4184 χαλεπὸν
1631 4115 1829 4179 εἰπεῖν,
1868 4150 1873 4155 -

241 4207 341 4260 καὶ
379 4205 622 4280 διαφύγῃ
666 4206 743 4278 τῷ
786 4207 1148 4279 ἁνεκφράστῳ
1201 4207 1293 4260 τὸν
1351 4206 1592 4278 ἔλεγχον.
1668 4206 1827 4259 Ἀλλὰ

241 4295 453 4365 φράσαι
491 4295 611 4366 μὲν,
660 4295 940 4362 ἀδύνατον,
973 4296 1049 4358 ὡς
1075 4297 1103 4348 ό
1131 4296 1263 4366 ἐμὸς
1290 4294 1472 4364 λόγος’
1520 4294 1712 4366 νοῆσαι
1746 4295 1825 4363 δὲ,

239 4385 668 4459 ἀδυνατώτερον.
724 4386 797 4439 Τὸ
840 4387 937 4458 μὲν
975 4388 1084 4459 γὰρ
1136 4386 1345 4458 νοηθὲν,
1395 4387 1537 4456 τάχα
1569 4385 1633 4438 ἂν
1666 4385 1826 4454 λόγος

238 4479 555 4551 δηλώσειεν,
591 4481 640 4533 εί
675 4481 769 4534 καὶ
804 4480 878 4551 μὴ
912 4479 1167 4552 μετρίως,
1200 4478 1316 4533 ἀλλ’
1341 4478 1599 4550 ἀμυδρῶς
1631 4494 1695 4547 γε
1745 4478 1825 4549 τῷ

243 4572 320 4644 μὴ
356 4573 532 4645 πάντη
561 4572 630 4627 τὰ
664 4566 779 4626 ὧτα
809 4572 1209 4645 διεφθαρμένῳ,
1241 4571 1335 4625 κα)¹
1360 4569 1554 4642 νωθρῷ
1574 4569 1674 4641 τὴν
1707 4570 1826 4625 διά-

1933 3928 2099 3983 Deum
2139 3926 2412 3982 intellectu
2448 3926 2726 3997 percipere
2745 3924 2960 3981 diﬂicile
2983 3936 3099 3981 est:
3123 3926 3299 3996 eloqui
3344 3938 3525 3983 autem

1953 4019 2312 4089 mpossibile,
2356 4029 2411 4074 ut
2469 4017 2817 4076 profanorum
2879 4018 3251 4089 theologorum
3304 4020 3525 4088 quidam

1932 4111 2134 4178 docuit,
2173 4124 2292 4165 meo
2344 4111 2560 4179 quidem
2589 4108 2795 4177 judicio
2820 4149 2834 4171 ,
2865 4124 2970 4165 non
3004 4110 3256 4165 incallide
3283 4150 3298 4176 ,
3331 4126 3524 4180 nempe

1931 4211 1989 4257 ut
2023 4217 2090 4257 ex
2128 4216 2194 4256 eo
2224 4204 2366 4272 quod
2425 4202 2700 4257 intellectu
2732 4199 2999 4257 (lillicilem
3033 4200 3285 4268 alﬁrmat,
3316 4204 3525 4273 opinio-

1931 4308 2051 4347 nem
2094 4293 2405 4349 hominibus
2460 4293 2684 4358 aﬂ‘erat,
2711 4309 2769 4347 se
2822 4309 2943 4347 eum
2982 4295 3288 4363 cognitione
3330 4310 3514 4362 perce-

1931 4387 2105 4455 pisse;
2138 4401 2201 4439 ex
2226 4400 2291 4440 eo
2316 4396 2498 4439 autem
2534 4387 2676 4455 quod
2708 4386 2871 4440 nullis
2902 4387 3085 4442 verbis
3108 4401 3232 4441 eum
3257 4386 3522 4455 explicari

1932 4491 2091 4547 posse
2120 4478 2217 4540 ait,
2262 4477 2364 4532 hoc
2416 4486 2561 4547 agat,
2629 4493 2696 4532 ne
2730 4479 2942 4532 inscitia
2992 4494 3089 4532 sua
3139 4479 3294 4550 prodi
3357 4488 3522 4548 atque

1930 4570 2179 4625 convinci
2204 4581 2388 4639 queat.
2427 4570 2537 4641 Ego
2571 4584 2697 4626 vero
2729 4571 2801 4623 ita
2833 4571 3011 4639 potius
3041 4571 3327 4627 dicendum
3378 4586 3509 4626 cen-

312 4727 358 4759 ³⁸
388 4726 554 4781 Exod.
590 4742 786 4791 uxr",
840 4728 929 4782 25.
1009 4727 1053 4758 ”
1086 4726 1226 4780 Psal.
1263 4741 1378 4790 vm,
1406 4724 1463 4780 ‘2.
1537 4724 1583 4756 ‘°
1613 4723 1785 4781 Exod.
1807 4740 1833 4777 v

1942 4725 1986 4780 l.
2064 4724 2108 4756 “
2139 4723 2178 4777 Il
2205 4726 2330 4781 Cor.
2354 4741 2453 4791 xu,
2476 4726 2533 4780 2.

311 4881 786 4952 (94)Ϋ⁹Ετρεχον.
841 4880 972 4950 Reg.
1004 4890 1264 4952 _a,tres_
1297 4879 1448 4935 Colb.
1509 4888 1563 4934 et
1617 4878 1713 4936 Or.
1765 4881 1820 4944 I,

237 4949 295 5006 εἷ
329 4948 415 5005 ον.
446 4951 539 5006 Sic
566 4948 726 5006 etiam
768 4948 979 5005 videtur
1004 4950 1199 5021 legisse
1245 4948 1434 5016 Leuv.,
1486 4953 1576 5017 qui
1613 4952 1814 5007 vertit:

242 5042 264 5075 ι
295 4972 532 5077 inimus
558 5030 678 5076 erat
713 5020 877 5074 Deum
906 5021 1383 5077 comprehendere.
1424 5039 1443 5071 ι
1478 5030 1585 5074 etc.

354 5036 532 5076 nimus
558 5035 678 5076 erat
715 5035 877 5074 Deum
906 5035 1383 5080 comprehendere,
1424 5039 1443 5071 Ι
1478 5035 1585 5074 εις).

242 5042 264 5075 ι
303 5035 532 5077 Animus
558 5035 678 5076 erat
715 5035 877 5074 ueum
906 5035 1383 5091 comprenenuere,
1424 5039 1443 5071 ι
1478 5035 1585 5074 etc.

266 5164 279 5175 .
313 5092 428 5163 (95)
462 5092 538 5146 Τὰ
556 5092 822 5147 ὀπίσθια.
856 5089 1039 5147 Schol.
1078 5107 1092 5143 :
1134 5090 1478 5162 Οἰκονομίαν·
1513 5109 1532 5142 ι
1568 5091 1821 5146 Incarna-

239 5173 470 5218 tionem.
502 5180 522 5213 ι

314 5232 428 5295 (96)
453 5232 640 5300 Λόγῳ.
669 5230 805 5293 Reg.
839 5245 893 5293 a,
911 5229 1030 5302 Θεῷ
1052 5231 1232 5302 Λόγῳ.

312 5302 426 5372 (97)
478 5300 1138 5371 Συγκαλύπτεταιζηοο
1162 5300 1518 5369 propitiatorii
1553 5300 1819 5372 velamen,

238 5370 441 5440 dequo
469 5370 641 5425 Exod.
673 5388 821 5432 χχιιι,
845 5373 933 5437 51,
970 5371 1237 5440 signiﬁcat
1271 5372 1324 5423 in
1375 5386 1534 5424 sensu
1574 5370 1820 5441 Gregorii

235 5440 661 5513 prohibitionem
682 5442 1157 5513 contemplationis
1181 5456 1405 5496 summa:
1430 5441 1572 5496 illius
1595 5440 1820 5497 naturae.

314 5511 427 5579 (98)
467 5513 646 5566 Ὅσα.
679 5512 809 5580 Reg.
851 5529 902 5575 a,
926 5512 1022 5576 ὡς.

311 5581 428 5654 (99)
475 5583 555 5637 Τὰ
596 5579 862 5654 ὀπίσθια.
893 5581 1353 5654 Quemadmodum
1397 5597 1418 5654 ς
1456 5579 1761 5654 facies‘Dei
1803 5601 1821 5634 ι

238 5651 603 5709 substantiam
627 5662 682 5706 et
713 5653 993 5713 deitatem,
1021 5653 1203 5707 mundi
1252 5651 1526 5722 ct_'eatione
1568 5651 1825 5722 priorem,

240 5723 326 5849 sic
359 5741 378 5772 ι
418 5726 719 5790 posteriora
757 5740 776 5774 ι
828 5723 1156 5779 creationem
1188 5731 1242 5779 et
1288 5719 1688 5797 Providentiam
1738 5722 1821 5777 in-

285 5803 445 5849 Icant.

285 5803 445 5849 tcant.

2107 4882 2542 4956 Hpqo‘é’lérfstr.
2588 4883 2804 4956 Reg._a,
2850 4884 3094 4956 βλέπειν.

2005 4948 2083 5022 (2)
2125 4953 2350 5019 Τρίτου.
2384 4953 2597 5021 Comb.,
2635 4948 2734 5008 τοῦ
2769 4948 2977 5026 τρίτου.

1932 5115 1957 5167 ὲ
2003 5042 2084 5130 (ᾖ)
2125 5044 2447 5111 Ἐκείνους.
2500 5047 2630 5117 Reg.
2683 5048 2797 5114 Iun,
2842 5049 2948 5103 duo
3004 5045 3157 5102 Colb.
3212 5056 3268 5101 et
3320 5045 3414 5103 0r.
3466 5048 3519 5116 I,

1962 5131 2163 5167 κεινον.

1962 5131 2163 5169 κεινον.

1999 5205 2074 5277 (4)
2100 5205 2226 5260 Κᾶν
2246 5207 2370 5278 γὰρ,
2394 5206 2707 5278 οὐράνιον,
2756 5217 2861 5263 etc.
2896 5206 2951 5262 Id
2998 5207 3247 5278 intelligit
3277 5207 3424 5263 Elias
3453 5209 3522 5264 de

1937 5296 1957 5327 ι
1997 5276 2157 5340 caelo,
2202 5295 2221 5327 ι
2256 5288 2310 5331 et
2341 5276 2409 5331 de
2457 5297 2475 5328 ι
2509 5277 2734 5346 angelis,
2775 5297 2793 5329 ι
2855 5278 2948 5347 qui
2980 5292 3144 5346 super
3164 5276 3337 5333 caelos
3366 5289 3516 5333 sunt.

2005 5369 2221 5455 ’Ὧς
2269 5367 2531 5455 (testor,
2558 5379 2677 5455 eis;
2708 5368 2861 5455 Pla‘to
2895 5371 2984 5455 hic
3029 5371 3370 5455 intelligitur,
3424 5372 3519 5439 qui

1933 5440 1988 5513 in
2015 5436 2229 5513 'Timrro
2274 5441 2346 5491 ita
2371 5441 2536 5513 habet
2567 5458 2579 5492 :
2610 5440 2856 5513 ξΓὸνλμεν
2895 5436 2987 5493 οῦν
3023 5436 3254 5513 ποιητὴν
3282 5436 3377 5513 καὶ
3408 5436 3518 5495 ποι-

1929 5510 2065 5592 τέροι
2085 5507 2200 5592 τοῦ.
2221 5509 2428 5592 παντὸς
2475 5508 2659 5592 εῦρεῖν
2700 5507 2769 5592 τό
2805 5507 3395 5592 ἔργρνῂκαὶιῖιεῦρξντα
3437 5514 3519 5592 είς

1932 5579 2140 5641 πάντας
2178 5580 2436 5632 ἀδύνατον
2475 5579 2675 5648 λέγειν.
2704 5579 2855 5646 Quod
2886 5579 3093 5637 Tullius
3120 5582 3212 5637 lib.
3236 5579 3246 5584 ’
3270 5580 3347 5633 De
3388 5582 3515 5633 uni-

1930 5651 2173 5721 versitate
2202 5652 2285 5721 (sic
2307 5650 2519 5721 reddit:
2555 5668 2573 5700 ι
2607 5648 2758 5721 Illum
2795 5651 3011 5721 quidem
3036 5652 3190 5721 quasi
3230 5661 3511 5721 parentem

1931 5720 2089 5788 hujus
2121 5720 2488 5791 universitatis
2514 5720 2760 5775 invenire
2787 5719 3001 5791 dillicile
3030 5717 3134 5790 est,
3153 5717 3373 5791 et,'cnm
3397 5717 3514 5789 jam

1940 5792 2233 5862 inveneris,
2266 5789 2505 5850 indicare
2534 5792 2588 5849 in
2612 5792 2825 5864 vulgus,
2853 5790 3024 5849 nefas.
3057 5811 3079 5846 ›
