3890 6214
388 317 453 372 31
1589 328 1649 376 δ.
1690 322 1960 378 ϐιιιιιςυμ

2070 322 2405 379 l'HEOLOGI
3571 320 3645 379 53

385 450 501 499 seu,
533 433 623 487 Dei
676 441 922 489 naturam
986 434 1147 490 nullis
1198 435 1412 504 quidem
1466 438 1648 493 verbis
1700 438 1959 507 explicari

2070 457 2236 494 νοιαν.
2277 440 2350 492 Τὸ
2378 441 2433 492 δὲ
2465 450 2689 492 τοσουτο
2712 436 2788 509 ('6)
2817 439 3048 510 πρᾶγμα
3073 440 3138 509 τῇ
3172 437 3380 508 διανοίᾳ
3414 436 3643 508 περιλα-

386 541 547 595 posse
580 527 801 593 ;animo
835 537 1018 582 autem
1060 539 1221 597 atque
1250 529 1521 584 intellectu
1571 534 1958 600 comprehendi

388 617 558 671 multo
575 619 949 686 minus‘posse.
980 618 1114 674 Nam
1145 622 1287 689 quod
1313 622 1434 690 quis
1459 623 1641 677 animo
1668 632 1723 677 et
1754 625 1960 681 rati0ne

386 707 698 776 complexus
720 708 899 774 fuerit,
957 710 1010 766 id
1041 726 1254 778 quoque
1288 710 1517 766 fortasse
1563 728 1817 770 sermone
1866 717 1961 770 de-

389 798 597 853 clarare
627 808 809 869 queat,
843 801 887 855 si
920 815 988 855 ne
1024 801 1372 857 mediocriter
1419 803 1656 872 quidem,
1687 816 1742 860 at
1770 805 1958 860 saltem

386 890 640 957 obscure,
679 894 837 947 modo
867 894 1167 948 auditorem
1202 904 1393 948 nactus
1452 898 1527 949 sit
1581 910 1687 950 non
1739 898 1958 952 omnino

390 981 639 1049 surdum,
676 983 925 1052 tardique
951 993 1006 1038 et
1027 985 1223 1054 stupidi
1256 985 1476 1055 ingenii.
1512 987 1580 1039 At
1612 1003 1724 1041 rem
1752 996 1957 1042 tantam

389 1072 573 1126 animo
605 1075 1083 1141 comprehendere,
1116 1078 1338 1129 omnino
1370 1076 1696 1144 impossibile
1723 1086 1824 1143 est,
1856 1092 1962 1132 non

388 1160 551 1216 modo
584 1162 791 1232 ignavis
822 1173 876 1219 et
926 1165 1219 1234 languidis,
1285 1166 1645 1237 deorsumque
1690 1169 1961 1237 vergenti-

388 1253 513 1318 bus,
571 1256 666 1308 sed
717 1257 925 1325 magnis
985 1258 1148 1312 etiam
1202 1269 1254 1314 et
1307 1259 1536 1315 excelsis
1580 1259 1709 1316 viris
1761 1260 1962 1328 Deique

390 1359 576 1401 amore
625 1348 887 1416 praaditis,
947 1364 1011 1403 ac
1057 1350 1378 1405 mortalibus
1410 1366 1656 1420 peraeque
1686 1352 1958 1415 omnibus,

388 1436 583 1504 quibus
609 1440 675 1493 ad
708 1441 818 1495 veri
867 1440 1231 1509 cognitionem
1287 1442 1459 1511 caligo
1506 1442 1621 1495 base
1667 1450 1720 1495 et
1775 1443 1957 1497 carnis

2065 532 2200 598 δεῖν,
2254 532 2469 595 πάντως
2511 530 2768 585 ἀδύνατον
2812 532 2903 584 καὶ
2954 532 3258 601 ἀμήχανον,
3306 528 3381 600 μὴ
3417 529 3500 581 ὅτι
3530 531 3645 592 τοῖς

2066 622 2661 692 καταϐεϐλακευμένοις
2692 621 2767 692 (7)
2791 621 2884 674 καὶ
2913 621 3065 674 κάτω
3094 621 3361 685 νεύουσιν,
3393 619 3529 674 ἀλλὰ
3547 619 3646 675 καὶ

2063 717 2175 777 τοῖς
2206 714 2325 767 λίαν
2360 713 2664 784 ὑψηλοῖς.τε
2695 713 2789 766 καὶ
2819 712 3106 780 φιλοθέοις,
3129 712 3225 765 καὶ
3258 711 3461 782 ὁμοίως
3490 710 3645 783 πάσῃ

2066 808 2294 877 γεννητῇ
2336 806 2411 876 (8)
2434 805 2612 874 φύσει,
2645 806 2738 857 καὶ
2762 802 2843 867 οἷς
2870 806 2898 857 ὁ
2924 804 3084 872 ζόφος
3110 796 3265 866 οὗτος
3297 802 3641 874 ἐπιπροσθεῖ,

2064 896 2159 948 καὶ
2205 895 2266 947 τὸ
2311 896 2455 965 παχὺ
2503 894 2659 949 τοῦτο
2702 895 2947 965 σαρκίον,
2982 893 3118 965 πρὸς
3157 892 3254 964 τὴν
3280 891 3376 945 τοῦ
3408 890 3644 962 ἀληθοῦς

2063 988 2390 1056 κατανόησιν
2411 1003 2425 1016 ·
2447 988 2547 1039 οὐκ
2577 982 2692 1039 οἴδα
2713 986 2769 1039 δὲ
2804 986 2899 1054 (9),
2936 986 2984 1037 εί
3020 986 3093 1055 μὴ
3118 985 3210 1037 καὶ
3241 986 3361 1046 ταῖς
3385 983 3646 1057 ἀνωτέρω

2062 1079 2157 1130 καὶ
2191 1080 2403 1148 νοεραῖς
2429 1078 2681 1147 φύσεσινο
2719 1078 2796 1143 αἳ,
2824 1077 2914 1131 διὰ
2954 1079 3014 1129 τὸ
3044 1076 3270 1146 πλησίον
3305 1071 3445 1128 εἶναι
3479 1074 3641 1138 Θεοῦ,

2060 1171 2158 1224 καὶ
2182 1171 2287 1241 ὅλῳ
2310 1170 2388 1240 τῷ
2422 1171 2561 1238 φωτὶ
2591 1168 3064 1240 καταλάμπεσθαι,
3093 1170 3255 1239 τυχὸν
3282 1168 3348 1222 ἂν
3378 1169 3473 1221 καὶ
3501 1185 3642 1238 τρακ

2060 1263 2253 1324 νοῖντο,
2319 1263 2367 1314 εί
2422 1262 2517 1315 καὶ
2574 1260 2649 1332 μὴ
2711 1261 2909 1331 πάντη,
2955 1260 3069 1314 ἀλλ’
3126 1261 3160 1330 ἡ
3168 1258 3283 1330 μῶν
3329 1275 3393 1328 γε
3438 1257 3642 1312 τελεώ-

2057 1354 2216 1423 τερὸν
2239 1370 2298 1405 τε
2330 1352 2423 1405 καὶ
2448 1354 2843 1423 ὲκτυπώτερον,
2876 1353 2970 1407 καὶ
3002 1352 3175 1405 ἄλλων
3203 1351 3359 1406 ἄλλαι
3390 1351 3572 1405 πλεῖον
3605 1350 3640 1423 ἢ

2061 1441 2298 1507 ἔλαττον,
2330 1444 2469 1497 κατὰ
2491 1442 2587 1513 τὴν
2612 1443 2904 1513 ἀναλογίαν
2939 1444 3039 1514 τῆς
3058 1442 3284 1508 τάξεως.

389 1530 664 1586 crassities
696 1534 946 1589 tenebras
974 1533 1223 1591 oll‘undit.
1280 1536 1457 1605 Atque
1503 1537 1646 1590 haud
1687 1537 1801 1592 scio
1890 1552 1954 1592 an
1995 1537 2095 1592 hoc
2128 1552 2344 1608 quoque
2378 1538 2783 1594 sublimioribus
2842 1538 2946 1594 illis
3004 1549 3059 1594 et
3084 1539 3509 1608 intelligentibus
3539 1552 3638 1592 na-

392 1622 544 1689 turis,
582 1633 828 1694 negatum
889 1640 996 1681 non
1048 1627 1152 1692 sit;
1206 1642 1324 1696 quae
1385 1627 1511 1696 quia
1563 1628 1669 1683 Deo
1709 1628 1926 1698 propius
1981 1628 2183 1698 junctae
2230 1638 2376 1697 sunt,
2440 1645 2504 1685 ac
2535 1639 2646 1685 toto
2695 1630 2786 1686 illo
2833 1630 3115 1700 splendore
3165 1631 3454 1694 collucent,
3516 1645 3643 1685 cer»

390 1726 520 1765 nere
574 1714 762 1782 utique
805 1715 1036 1771 fortasse
1091 1727 1322 1786 queant,
1381 1718 1424 1771 si
1455 1733 1562 1772 non
1596 1733 1820 1787 prorsus
1843 1760 1858 1785 ,
1913 1733 1973 1774 ac
2010 1730 2159 1774 certe
2188 1720 2397 1791 plenius
2431 1736 2592 1791 quam
2624 1736 2722 1776 nos
2778 1730 2828 1776 et
2884 1720 3129 1785 solidius,
3165 1730 3327 1791 atque
3354 1721 3473 1777 alia:
3494 1721 3639 1786 aliis,

388 1817 486 1873 pro
512 1806 774 1877 cujusque
807 1811 1021 1875 ordine,
1052 1811 1134 1865 vel
1163 1811 1406 1877 uberius,
1428 1812 1513 1867 vel
1548 1814 1788 1881 parcius.

461 1898 525 1953 V.
560 1898 663 1953 Sed
694 1901 761 1955 de
785 1901 888 1956 hac
916 1918 972 1957 re
1002 1903 1088 1957 hic
1113 1904 1180 1959 sit
1213 1904 1351 1959 ﬁnis.
1388 1904 1538 1971 Quod
1562 1915 1743 1959 autem
1770 1904 1836 1957 ad
1865 1918 1960 1958 nos

2132 1903 2209 1959 E'.
2240 1901 2411 1956 Τοῦτο
2429 1902 2528 1973 μὲν
2552 1898 2647 1956 οὖν
2671 1902 2907 1957 ἐνταῦθα
2930 1901 3131 1956 κείσθω
3146 1918 3159 1930 ·
3188 1900 3251 1955 τὸ
3267 1900 3324 1955 δὲ
3345 1901 3640 1972 ἡμέτερον,

385 1990 603 2055 attinet,
638 2005 742 2044 non
775 2006 875 2061 pax
908 1997 1278 2051 tantummodo
1311 1997 1403 2051 Dei
1437 2005 1726 2065 exsuperat
1746 2010 1958 2050 omnem

388 2090 623 2135 mentem
652 2090 706 2136 et
738 2083 1097 2152 cognitionem
1120 2086 1186 2152 δ’,
1214 2100 1312 2142 nec
1369 2101 1701 2156 quaecunque
1735 2087 1801 2142 iis
1827 2127 1843 2153 ,
1869 2087 1959 2157 qui

385 2166 646 2236 justitiam
680 2170 967 2236 coluerint,
990 2172 1156 2245 599
1184 2174 1238 2229 in
1259 2176 1453 2229 divinis
1481 2176 1961 2244 pollicitationibus

390 2259 666 2314 recondita
704 2273 850 2329 sunt,
875 2280 994 2333 quae
1034 2282 1132 2320 nec
1158 2268 1329 2322 oculis
1363 2270 1509 2323 cerui
1535 2313 1548 2333 ,
1601 2286 1700 2325 nec
1743 2273 1963 2329 auribus

386 2349 585 2417 excipi,
610 2365 705 2404 nec
731 2353 912 2407 animo
940 2355 1160 2423 cogitari
1191 2372 1254 2411 ac
1280 2359 1509 2428 perspici
1530 2360 1595 2424 ",
1619 2362 1719 2417 nisi
1755 2364 1959 2419 tenuis-

385 2440 549 2504 sime,
577 2450 837 2509 possunt,
887 2459 987 2499 nec
1011 2456 1203 2501 exacta
1230 2458 1286 2503 et
1316 2450 1560 2506 absoluta
1592 2468 1774 2508 rerum
1810 2470 1961 2510 creao

390 2534 564 2582 tarum
606 2532 843 2599 cognitio
888 2534 1045 2604 (nam
1088 2537 1280 2591 barum
1312 2555 1526 2609 quoque
1559 2552 1609 2597 te
1648 2544 1791 2599 solas
1839 2561 1959 2599 um—

384 2622 516 2676 bras
538 2630 721 2680 tenere
752 2626 893 2680 haud
924 2627 1162 2691 dubites,
1195 2644 1315 2683 cum
1358 2631 1691 2700 Scripturam
1728 2635 1794 2688 ad
1820 2635 1963 2690 hunc

384 2714 604 2769 modum
631 2715 934 2787 loquentem
963 2722 1198 2776 audieris
1228 2742 1241 2777 :
1283 2721 1475 2778 Videbo
1498 2724 1672 2792 caelos,
1699 2743 1856 2796 opera
1876 2728 1962 2781 di-

382 2806 609 2875 gitorum
641 2816 872 2875 tuorum,
904 2812 1083 2866 lunam
1135 2823 1185 2867 et
1235 2815 1412 2869 stellas
1440 2816 1505 2880 δι,
1541 2832 1790 2887 eamque,
1844 2835 1963 2887 quae

383 2894 515 2964 ipsis
545 2898 722 2965 inest,
755 2900 966 2956 ﬁrmam
1009 2913 1064 2957 et
1092 2905 1338 2958 stabilem
1390 2908 1649 2962 rationem
1678 2948 1694 2973 ,
1743 2911 1963 2980 perinde

382 2985 595 3042 scilicet
624 2995 785 3056 atque
816 2988 867 3042 in
897 2989 999 3045 hac
1023 2992 1132 3047 vita
1162 3008 1222 3048 ea
1257 2994 1477 3049 minime
1505 2996 1710 3063 videns,
1742 3002 1836 3053 sed
1860 3000 1961 3053 ali—

385 3074 603 3141 quando
659 3081 1081 3151 perspecturus)
1122 3100 1135 3136 ε
1180 3084 1273 3137 sed
1307 3084 1474 3139 multo
1532 3088 1707 3157 magis
1770 3099 1960 3142 natura

386 3162 478 3218 illa
509 3165 593 3220 his
619 3166 901 3222 sublimior
926 3209 942 3234 ,
980 3180 1037 3226 et
1072 3186 1138 3226 ex
1179 3188 1283 3243 qua
1318 3174 1430 3229 haec
1479 3177 1741 3245 originem
1782 3189 1962 3234 traxe-

2062 1996 2162 2065 οὐχ
2217 1996 2251 2065 ἡ
2289 1994 2481 2065 εἰρήνη
2508 1992 2602 2046 τοῦ
2627 1993 2763 2046 Θεοῦ
2816 1991 2975 2063 μόνον
3007 1991 3263 2063 ὑπερέχει
3308 1992 3485 2045 πάντα
3514 1991 3644 2045 νοῦν

2064 2086 2158 2140 καὶ
2191 2084 2513 2155 κατάληψιν,
2547 2085 2669 2139 οὐδὲ
2696 2086 2797 2139 ὅσα
2828 2087 2939 2148 τοῖς
2963 2084 3190 2147 δικαίοις
3214 2084 3360 2137 ἐστὶν
3381 2087 3438 2137 ὲν
3467 2085 3645 2152 ἑπαγ-

2062 2178 2270 2247 γελίαις
2298 2178 2655 2249 ἀποκείμενα,
2686 2177 2757 2230 τὰ
2785 2180 2919 2249 μήτε
2951 2177 3250 2247 ὀφθαλμοῖς
3288 2175 3402 2247 (10)
3436 2177 3640 2247 ὁρατὰ,

2066 2272 2203 2342 μήτε
2232 2270 2366 2323 ὠσὶν
2395 2269 2655 2330 ἀκουστὰ,
2692 2271 2825 2341 μήτε
2844 2270 3052 2340 διανοίᾳ
3080 2267 3351 2341 θεωρητά,
3377 2268 3516 2323 κατά
3553 2286 3645 2339 μι-

2066 2361 2193 2430 κρὸν
2226 2358 2378 2428 γοῦν,
2408 2358 2528 2412 οὐδὲ
2570 2361 2603 2429 ἡ
2637 2360 2735 2428 τῆς
2772 2358 3002 2420 κτίσεως
3045 2359 3279 2430 ἀκριϐὴς
3312 2356 3645 2427 κατανόησις

2064 2449 2183 2518 (καὶ
2218 2448 2327 2520 γὰρ
2375 2448 2469 2501 καὶ
2493 2448 2694 2518 ταύτης
2725 2447 2975 2517 πείσθητι
3015 2447 3116 2510 τὰς
3156 2448 3315 2510 σκιὰς
3354 2446 3499 2517 ἔχειν
3539 2447 3644 2518 μό-

2062 2558 2172 2608 νον,
2199 2542 2327 2595 ὄταν
2365 2540 2626 2612 ἀκούσῃς·
2670 2542 2930 2609 Ὀψομαι
2967 2538 3108 2603 τοὺς
3148 2539 3463 2607 οὐρανοὺς,
3495 2538 3647 2608 ἔργα

2062 2632 2181 2686 τῶν
2226 2632 2540 2687 δακτύλων
2582 2647 2720 2695 σου,
2762 2631 3037 2700 σελήνην
3074 2631 3174 2685 καὶ
3208 2629 3491 2698 ἀστέρας,
3544 2630 3647 2685 καὶ

2062 2723 2152 2777 τὸν
2178 2726 2237 2776 ὲν
2268 2724 2450 2786 αὐτοῖς
2478 2724 2672 2793 πάγιον
2701 2723 2883 2791 λόγον·
2916 2723 2991 2787 ὼς
3023 2722 3143 2792 οὐχὶ
3184 2721 3278 2774 νῦν
3305 2720 3466 2792 ὁρῶν,
3499 2720 3647 2788 ὀψό-

2065 2830 2226 2885 μενος
2251 2814 2308 2866 δὲ
2336 2813 2482 2866 ἐστιν
2511 2813 2643 2881 ὅτε)’
2676 2811 2812 2865 ἀλλὰ
2858 2810 2990 2865 πολὺ
3029 2810 3135 2879 πρὸ
3170 2807 3398 2866 τούτων,
3438 2809 3472 2878 ἡ
3499 2806 3647 2878 ὑπὲρ

2060 2907 2252 2971 ταῦτα,
2282 2907 2375 2960 καὶ
2404 2907 2462 2973 ἐξ
2486 2901 2554 2978 ἦς
2579 2907 2773 2972 ταῦτα,
2806 2905 2966 2975 φύσις
3005 2903 3244 2975 ἄληπτός
3287 2919 3341 2955 τε
3380 2902 3470 2955 καὶ
3501 2902 3643 2954 άπε-

2062 2999 2319 3069 ρίληπτος
2336 3014 2348 3025 ⁸
2377 2997 2520 3065 λέγω
2550 2998 2628 3064 δὲ,
2651 2998 2747 3069 οὐχ
2769 2999 2849 3052 ὅτι
2872 2995 3039 3061 ἐστιν,
3067 2995 3179 3049 ἀλλ’
3208 2995 3345 3065 ἧτίς
3370 2996 3533 3050 ἐστιν.
3563 2996 3644 3047 υύ

2060 3089 2172 3160 γὰρ
2206 3089 2361 3145 κενὸν
2391 3090 2438 3158 (l
2458 3089 2503 3159 Ι)
2529 3091 2590 3143 τὸ
2614 3091 2875 3160 κήρυγμα
2909 3088 3084 3159 ἡμῶν,
3108 3087 3227 3140 οὐδὲ
3251 3087 3454 3157 ματαία
3484 3086 3645 3157 ἡρπίο

2066 3199 2181 3245 στις
2202 3182 2378 3252 ἡμῶν,
2416 3182 2536 3235 οὐδὲ
2565 3182 2722 3235 τοῦτό
2747 3184 2893 3234 ἐστιν
2924 3180 2953 3232 ὃ
2974 3179 3369 3251 δογματίζομεν
3399 3178 3498 3250 (μὴ
3533 3179 3645 3232 πά·-

389 3264 535 3321 runt,
570 3267 787 3327 captum
814 3275 1027 3316 omnem
1065 3271 1120 3318 et
1152 3268 1688 3334 comprehensionem
1722 3282 1958 3341 superat.

2070 3274 2146 3327 λιν
2307 3274 2724 3345 εὐγνωμοσύνην
2752 3273 2908 3344 ἡμῶν
2931 3248 3117 3335 ἀθείας
3144 3271 3317 3344 λάϐῃς
3545 3270 3648 3325 καὶ

387 3345 497 3402 Nec
517 3363 644 3403 vero
674 3352 790 3406 haec
822 3352 982 3407 verba
1025 3354 1099 3409 ita
1135 3357 1306 3425 accipi
1342 3358 1522 3424 velim,
1572 3364 1726 3431 quasi
1765 3364 1965 3433 percipi

2062 3367 2452 3434 συκοφαντίας,
2487 3367 2580 3421 καὶ
2606 3364 2959 3437 κατεπαρθῇς
2992 3364 3068 3428 ὡς
3102 3364 3210 3435 (1‘2)
3236 3363 3649 3434 ὁμολογούντων

389 3454 493 3495 non
523 3454 684 3510 posse
708 3443 907 3512 dicam,
955 3447 1097 3515 quod
1121 3448 1196 3504 sit
1222 3448 1388 3516 Deus,
1425 3452 1518 3504 sed
1544 3454 1694 3522 quid,
1724 3464 1778 3508 et
1809 3454 1960 3524 quale

2070 3454 2164 3526 τὴν
2198 3455 2459 3525 ἄγνοιαν).
2494 3456 2748 3509 Πλεῖστον
2774 3456 2883 3526 γὰρ
2901 3454 3144 3525 διαφέρει
3181 3454 3274 3507 τοῦ
3304 3450 3440 3508 εἷναί
3462 3471 3515 3507 τι
3543 3471 3646 3507 πε-

386 3532 480 3587 sit.
516 3533 699 3603 Neque
731 3535 874 3589 enim
911 3537 1088 3593 inanis
1133 3548 1217 3594 est
1246 3540 1563 3607 praedicatio
1611 3552 1820 3608 nostra,
1868 3559 1960 3603 nec

2070 3545 2311 3613 πεῖσθαι,
2338 3545 2402 3598 τὸ
2424 3545 2477 3597 τί
2512 3544 2642 3597 ποτέ
2664 3546 2780 3598 ἐστι
2813 3542 2971 3597 τοῦτο
2996 3545 3213 3598 εἰδέναι.

388 3639 524 3679 vana
560 3627 691 3682 tides
722 3638 903 3683 nostra
929 3629 1014 3697 ⁸⁸;
1051 3647 1148 3685 nec
1198 3632 1251 3687 id
1305 3641 1426 3698 est,
1458 3634 1603 3703 quod
1666 3646 1957 3692 astrutmus
2015 3638 2132 3709 (ne
2163 3653 2348 3693 rursus
2376 3639 2427 3693 id
2477 3639 2618 3707 quod
2672 3636 2838 3707 probe
2886 3637 3221 3707 candideque
3279 3638 3543 3703 diximus,
3589 3637 3648 3692 in

389 3718 686 3787 impietatis
714 3731 770 3776 et
800 3723 1086 3779 calumnia:
1116 3738 1493 3797 argumentum
1526 3730 1711 3784 trahas
1734 3769 1749 3795 ,
1782 3746 1845 3787 ac
1906 3732 2083 3799 nobis,
2156 3744 2215 3787 ut
2279 3733 2639 3803 ignorantiam
2678 3732 3083 3797 conﬁtentibus,
3131 3742 3452 3802 arroganter
3477 3731 3650 3788 insul-

393 3829 473 3876 tes
498 3813 542 3886 ).
590 3814 884 3870 Plurimum
917 3832 1148 3887 namque
1178 3818 1424 3887 interest,
1484 3832 1637 3878 certo
1696 3824 1791 3880 tibi
1849 3827 2176 3895 persuadeas
2222 3827 2426 3897 aliquid
2471 3840 2616 3892 esse,
2646 3841 2735 3892 an,
2770 3825 2900 3895 quid
2956 3829 3169 3880 tandem
3204 3826 3332 3881 illud
3367 3827 3457 3891 sit,
3493 3842 3646 3882 com-

390 3915 598 3972 pertum
618 3906 839 3961 habeas.

458 4002 544 4058 VI.
575 4004 785 4060 Etenim
817 4005 959 4073 quod
1007 4005 1148 4061 Deus
1200 4005 1293 4070 sit,
1326 4023 1391 4063 ac
1427 4012 1678 4081 princeps
1721 4013 1965 4080 quaedam

388 4111 573 4162 causa,
603 4111 724 4166 quae
753 4110 843 4151 res
882 4111 1072 4152 omnes
1099 4100 1418 4169 procrearit,
1464 4110 1624 4172 atque
1656 4111 1963 4170 conservet,

391 4198 500 4241 tum
530 4187 668 4241 oculi
702 4187 827 4256 ipsi,
861 4196 972 4241 tum
1005 4188 1088 4242 lex
1135 4191 1397 4246 naturalis
1429 4195 1659 4256 docent;
1700 4194 1794 4257 illi,
1839 4196 1962 4250 dum

388 4278 549 4331 rebus
576 4277 629 4330 in
680 4286 956 4344 aspectum
1005 4278 1322 4334 cadentibus
1366 4282 1537 4336 aciem
1585 4282 1960 4353 alIigunt,eas-

387 4384 495 4439 que
530 4377 585 4424 et
613 4368 838 4438 pulchre
892 4370 1026 4424 llan
1063 4379 1118 4425 et
1151 4371 1372 4428 stabiles
1421 4388 1564 4439 esse,
1597 4383 1650 4429 et
1689 4377 1960 4444 progredi,

389 4471 553 4529 atque
578 4460 821 4524 immote,
843 4469 900 4513 ut
927 4460 1001 4516 ita
1024 4461 1222 4527 dicam,
1250 4464 1450 4518 moveri
1484 4466 1731 4535 volvique
1757 4467 1961 4536 perspi-

386 4551 539 4606 ciunt
570 4567 586 4606 ;
616 4552 733 4606 haec
762 4560 939 4605 autem
965 4591 981 4618 ,
1012 4551 1137 4606 dum
1166 4568 1261 4622 per
1309 4568 1394 4609 res
1438 4554 1612 4611 oculis
1645 4557 1915 4626 subjectas
1943 4600 1959 4624 ,

389 4658 453 4696 ac
482 4650 627 4697 recto
653 4643 841 4697 ordine
869 4643 1160 4698 collocatas
1185 4686 1199 4711 ,
1263 4656 1538 4701 auctorem
1592 4663 1780 4702 earum
1812 4660 1959 4706 certo

386 4732 603 4800 quidem
629 4733 1002 4788 ratiocinando
1020 4734 1345 4804 assequitur.
1368 4735 1610 4803 Quonam
1638 4741 1779 4794 enim
1804 4742 1961 4796 modo

387 4821 636 4875 universa
672 4822 790 4877 haec
836 4837 1017 4877 rerum
1061 4824 1232 4879 moles
1273 4826 1359 4880 vel
1406 4828 1667 4895 producta
1719 4846 1956 4900 unquam

390 4912 606 4977 fuisset,
645 4912 730 4967 vel
752 4914 1093 4978 consisteret,
1124 4916 1226 4969 nisi
1281 4917 1417 4972 Deus
1457 4920 1637 4974 omnia
1670 4922 1726 4974 in
1779 4937 1957 4977 rerum

2140 4010 2231 4074 (τ’.
2272 4004 2378 4059 Τοῦ
2440 4005 2539 4076 μὲν
2597 4003 2705 4075 γὰρ
2760 3999 2899 4059 εἶναι
2942 4004 3096 4067 Θεὸν,
3149 4004 3242 4059 καὶ
3285 4004 3383 4076 τὴν
3427 4006 3648 4059 πάντων

2068 4100 2357 4171 ποιητικήν
2403 4115 2460 4150 τε
2499 4098 2593 4152 καὶ
2632 4098 2951 4166 συνεκτικὴν
2980 4097 3177 4164 αἰτίαν,
3212 4098 3305 4150 καὶ
3336 4097 3456 4167 ὄψις
3496 4098 3649 4154 διδά-

2066 4192 2284 4255 σκαλος,
2318 4189 2413 4243 καὶ
2457 4188 2486 4240 ὁ
2521 4188 2749 4257 φυσικὸς
2777 4189 2940 4258 νόμος
2963 4204 2976 4217 ·
3017 4190 3050 4259 ἡ
3086 4188 3184 4259 μὲν
3212 4191 3324 4251 τοῖς
3345 4189 3647 4259 ὁρωμένοις

2067 4282 2512 4356 προσϐάλλουσα,
2561 4281 2657 4334 καὶ
2698 4282 2974 4352 πεπηγόσι
3013 4279 3215 4348 καλῶς,
3253 4280 3347 4333 καὶ
3377 4281 3643 4349 ὁδεύουσι,

2063 4377 2157 4430 καὶ
2184 4374 2475 4445 ἀκινήτως,
2510 4372 2597 4426 ἴνα
2644 4373 2816 4436 οὓτως
2849 4376 3011 4439 εἴπω,
3048 4372 3391 4442 κινουμένοις
3423 4375 3518 4426 καὶ
3549 4393 3647 4444 φε-

2068 4467 2339 4539 ρομένοις-⁸
2375 4469 2403 4519 ὁ
2434 4467 2510 4531 δὲ,
2542 4464 2629 4519 διὰ
2676 4465 2782 4519 τῶν
2817 4465 3108 4536 ὁρωμένων
3150 4464 3245 4519 καὶ
3270 4466 3642 4536 τεταγμένων,

2064 4560 2155 4614 τὸν
2177 4558 2421 4630 ἀρχηγὸν
2449 4557 2652 4611 τούτων
2688 4556 3153 4626 συλλογιζόμενος.
3178 4556 3304 4619 Πῶς
3324 4556 3434 4628 γὰρ
3465 4556 3529 4610 ἂν
3551 4560 3647 4612 καὶ

2066 4650 2274 4721 ὑπέστη
2318 4650 2438 4703 τὸδε
2479 4649 2541 4702 τὸ
2576 4649 2705 4713 πᾶν,
2749 4648 2782 4718 ἦ
2818 4647 3069 4717 συνέστη,
3106 4649 3179 4718 μὴ
3203 4648 3337 4702 Θεοῦ
3366 4648 3435 4702 τὰ
3464 4649 3646 4703 πάντα

2065 4741 2158 4795 καὶ
2188 4739 2550 4801 οὺσιὼσαντος
2592 4738 2684 4791 καλ⁵
2719 4737 3065 4808 συνέχοντος;
3102 4738 3237 4791 Οὐδὲ
3278 4738 3383 4809 γὰρ
3408 4738 3644 4810 κιθάραν

2065 4851 2147 4896 τις
2165 4832 2306 4905 ὁρῶν
2335 4831 2595 4885 κάλλιστα
2621 4830 2960 4901 ἠσκημένην,
2984 4830 3078 4882 καὶ
3110 4832 3209 4902 τὴν
3238 4829 3440 4901 ταύτης
3474 4831 3644 4901 εὐαρ-

2068 4924 2294 4994 μοστίαν
2358 4923 2453 4977 καὶ
2508 4922 2791 4989 εὐταξίαν,
2848 4921 2880 4993 ἢ
2937 4922 3034 4993 τῆς
3088 4922 3418 4995 κιθαρῳδίας
3475 4924 3646 4995 αὐτῆς

457 5026 503 5056 ³⁸
535 5024 729 5093 Philip.
767 5041 841 5091 IV,
888 5026 939 5079 7.
1014 5024 1254 5081 "lCor.
1294 5044 1365 5094 ιι,
1396 5030 1449 5085 9.
1525 5030 1571 5062 “
1602 5030 1692 5086 l’s.
1736 5049 1847 5090 \‘lll.
1902 5034 1955 5087 4.

2070 5037 2073 5062 ⁵
2106 5033 2269 5089 lCor.
2319 5049 2407 5097 xv,
2445 5034 2531 5090 l4.

395 5228 412 5258 ‘
453 5137 873 5261 ffl)p"?:0?017t0.
927 5138 1095 5213 Regg.
1135 5156 1189 5209 a,
1241 5144 1327 5198 bm
1362 5153 1414 5199 et
1466 5143 1558 5201 Or.
1619 5144 1670 5210 l,
1730 5146 1963 5213 τοιοῦτο,

462 5278 539 5351 (7)
572 5279 1254 5351 Καταβεὸλακευμένοις.
1315 5285 1426 5339 Duo
1462 5282 1637 5348 Colb.,
1693 5285 1789 5342 0r.
1836 5291 1856 5341 l
1909 5298 1963 5343 et

392 5346 550 5422 Bird...
580 5346 1123 5422 κατεϐλακευμένὸις.

463 5414 543 5507 Si.)
570 5414 1037 5507 ’ζιζνηξιῖοηξξοις
1070 5414 1190 5503 δέει
1212 5422 1308 5507 .0:-
1338 5424 1390 5507 μη
1419 5424 1620 5507 ervi,

570 5463 1783 5561 plures.
1811 5497 1967 5553 Deest

392 5555 453 5633 δέ
473 5555 536 5633 iu
560 5558 648 5612 ed.
674 5557 884 5614 Nullum
907 5570 1053 5633 certe
1076 5555 1163 5633 est
1187 5563 1426 5633 dubium,
1446 5555 1769 5633 quin—angeli
1802 5567 1966 5622 Deum

399 5628 637 5701 videant,
682 5644 911 5701 cumque
957 5628 1122 5701 visuri
1170 5631 1277 5686 sint
1315 5628 1581 5701 homines,
1633 5628 1759 5692 cum
1811 5648 1965 5694 acter-

399 5711 524 5752 uam
555 5696 937 5754 beatitudinem
968 5699 1349 5769 adipiscentur.

2140 5148 2252 5220 (10)
2292 5148 2369 5203 Τὰ
2379 5148 2531 5218 μήτε
2553 5148 2899 5219 ὀφθαλμοῖς,
2922 5158 3025 5203 etc.
3062 5148 3319 5220 Observat
3341 5148 3486 5205 Elias
3508 5150 3641 5207 Cre-

2018 5234 2026 5241 '
2075 5218 2245 5273 tensis
2286 5221 2399 5292 haec
2423 5220 2663 5292 Apostnli
2713 5218 2876 5292 verba
2908 5229 3146 5292 mutuaza
3189 5218 3353 5292 fuisse
3394 5236 3460 5275 ex
3513 5238 3644 5292 apo-

2073 5292 2279 5359 crypho
2308 5289 2468 5353 libro,
2494 5290 2584 5355 qui
2618 5290 2684 5343 ab
2713 5287 2826 5343 Elia
2864 5288 3121 5356 propheta
3158 5289 3392 5358 scriptus
3423 5287 3637 5346 dicitur.

2069 5358 2264 5425 Quidni
2308 5360 2483 5425 potius
2505 5360 2785 5428 desumpta
2816 5374 2882 5413 ex
2914 5358 3067 5413 Isaia:
3113 5373 3255 5424 thv,
3300 5359 3358 5425 4,
3390 5378 3409 5411 ι
3456 5361 3646 5417 oculus

2072 5445 2176 5483 non
2212 5429 2368 5490 vidit,
2405 5447 2423 5479 ι
2445 5438 2550 5482 ctc.

2142 5499 2253 5567 (ll)
2287 5496 2495 5552 Κενόν.
2525 5497 2670 5559 Pan,
2700 5498 2906 5559 καινόν,
2935 5516 2955 5549 ι
2990 5513 3144 5552 nova.
3194 5516 3214 5549 ι

2147 5568 2258 5636 (l2)
2310 5567 2417 5622 Καὶ
2467 5567 2843 5637 κατεπαρθῇς
2880 5568 2978 5634 ὡς,
3019 5578 3125 5623 ctr.
3169 5570 3222 5623 Id
3260 5578 3363 5633 cst,
3402 5587 3425 5620 Ι
3469 5578 3526 5625 et
3548 5570 3643 5624 ad-

2074 5654 2290 5693 versum
2308 5653 2419 5711 nos
2445 5638 2714 5709 iusurgas,
2746 5640 2898 5711 quasi
2931 5653 3028 5694 nos
3056 5640 3404 5709 prolitcamur
3428 5641 3639 5710 ignora-

2074 5725 2133 5763 re
2170 5724 2236 5763 an
2278 5708 2345 5765 sit
2367 5709 2528 5765 Deus.
2568 5727 2586 5762 ι
