3890 6214
256 243 330 299 33

1257 257 1523 315 ORATIO
1560 259 1802 319 XXVIII.
1845 296 1913 306 —
1952 266 2390 326 THEOLOGICA
2429 270 2494 327 II.
3453 286 3523 344 54

252 356 495 464 ἀκούων,
526 358 656 414 ἄλλο
688 361 800 434 τι
836 363 928 419 τὸν
955 365 1054 436 τῆς
1088 367 1318 439 κιθάρας
1349 371 1700 445 δημιουργὸν,
1749 394 1812 429 κα

1948 391 2196 438 naturam
2260 386 2592 455 protulisset,
2644 395 2806 458 atque
2837 394 3219 450 conservaret?
3255 396 3523 464 Quemad'

251 450 348 503 τὸν
364 449 669 522 κιθαρῳδὸν
697 456 960 526 ὲννοήσει,
984 459 1078 511 καὶ
1101 461 1236 531 πρὸς
1263 463 1426 518 αὐτὸν
1447 466 1835 537 ἁναδραμείται

248 543 320 612 τῇ
348 540 577 616 διανοίᾳ,
625 545 728 599 κᾶν
764 547 975 616 ἀγνοῶν
1001 551 1139 623 τύχῃ
1171 556 1291 617 ταῖς
1315 553 1532 624 ὄψεσιν·
1574 557 1717 611 οὕτω
1744 561 1835 614 καὶ

249 632 387 702 ἡμῖν
416 633 479 686 τὸ
520 639 801 704 ποιητικὸν
831 639 1009 711 δῆλον,
1041 643 1134 696 καὶ
1163 646 1226 698 τὸ
1261 645 1464 711 κινοῦν,
1498 647 1591 701 καὶ
1633 652 1835 722 τηροῦν

247 727 321 781 τὰ
348 733 712 802 πεποιημένα,
743 735 846 789 κᾶν
877 738 951 810 μὴ
970 738 1177 810 διανοίᾳ
1208 741 1708 817 περιλαμϐάνηται·
1742 749 1835 801 καὶ

250 817 371 872 λίαν
401 820 693 893 ἀγνώμων,
724 825 754 875 ὁ
787 826 860 897 μὴ
898 828 1056 900 μέχρι
1082 831 1288 885 τούτων
1314 833 1519 903 προϊὼν
1549 835 1831 905 ἑκουσίως,

248 910 347 962 καὶ
395 912 518 973 ταῖς
544 916 801 981 φυσικαῖς
834 916 1098 987 ἑπόμενος
1142 919 1476 987 ἀποδείξεσιν
1500 939 1514 952 ·
1563 922 1679 977 ἀλλ’
1712 924 1833 977 οὐδὲ

246 999 408 1054 τοῦτο
427 996 565 1055 εἶναι
594 1004 746 1068 Θεὸν,
778 1006 915 1078 ὅπερ
945 1009 1383 1081 ὲφαντάσθημεν,
1409 1013 1443 1083 ἢ
1477 1014 1831 1070 ἀνετυπωσά-

249 1091 416 1162 μεθα,
445 1093 657 1165 ἥλόγος
687 1097 796 1169 (15)
826 1098 1162 1172 ὑπέγραψεν.
1196 1103 1257 1155 Ei
1291 1102 1349 1156 δέ
1382 1122 1464 1170 τις
1491 1106 1550 1159 ἐν
1583 1108 1831 1179 περινοίᾳ

243 1186 441 1241 τούτου
471 1189 605 1242 ποτὲ
643 1189 755 1261 (IL)
792 1192 898 1247 κᾶν
939 1194 1035 1248 ἐπὶ
1064 1196 1228 1251 ποσὸν
1248 1199 1483 1269 ἐγένετο,
1518 1202 1601 1267 τίς
1633 1206 1665 1276 ἡ
1696 1204 1832 1258 ἀπό-

244 1276 446 1346 δειξιςς
477 1280 562 1345 τίς
599 1281 771 1348 οὕτως
823 1285 903 1348 είς
943 1284 1169 1357 ἔσχατον
1216 1290 1408 1359 σοφίας
1441 1293 1701 1362 deiicere;
1745 1295 1829 1359 τίς

242 1369 501 1423 τοσούτου
535 1373 874 1444 χαρίσματος
898 1375 1101 1449 ἠξιώθη
1130 1379 1292 1447 ποτέ;
1324 1381 1408 1445 τίς
1435 1381 1578 1436 οὕτω
1615 1384 1674 1437 τὸ
1708 1385 1831 1438 στό-

245 1476 323 1529 μα
352 1460 455 1532 τῆς
478 1462 715 1529 διανοίας
739 1465 937 1536 ἤνοιξε,
983 1469 1076 1522 καὶ
1104 1470 1323 1526 εἵλκυσε
1362 1474 1606 1545 Πνεῦμα,
1638 1477 1722 1530 ἵνα
1749 1476 1829 1548 τῷ

239 1549 311 1639 τὰ
333 1551 510 1605 πάντα
534 1555 827 1625 ὲρευνῶντι
855 1559 949 1611 καὶ
972 1560 1315 1628 γινώσκοντι,
1347 1565 1442 1619 καὶ
1467 1566 1538 1620 τὰ
1560 1567 1700 1639 βάθη
1728 1568 1822 1623 τοῦ

237 1638 401 1705 Θεοῦ,
452 1644 752 1716 Πνεύματι,
811 1647 944 1701 Θεὸν
992 1653 1295 1727 καταλάϐῃ,
1356 1659 1451 1709 καὶ
1500 1638 1697 1730 μηκέτι
1729 1659 1825 1713 τοῦ

238 1732 433 1803 πρόσω
467 1735 674 1807 δέηται,
708 1739 771 1791 τὸ
800 1738 1028 1811 ἔσχατον
1048 1742 1274 1815 ὀρεκτὸν
1297 1745 1440 1817 ἔχων
1462 1729 1585 1822 ἤδη,
1622 1752 1716 1806 καὶ
1744 1753 1825 1816 είς
1855 1729 1900 1789 Β

236 1823 269 1876 ὃ
318 1826 470 1878 πᾶσα
520 1828 740 1883 σπεύδει
788 1832 881 1884 καὶ
926 1833 1170 1889 πολιτεία
1214 1836 1310 1891 τοῦ
1343 1839 1548 1912 ὑψηλοῦ
1598 1843 1690 1896 καὶ
1718 1841 1827 1896 διά-

236 1930 363 1970 νοια
381 1933 398 1984 ;

1939 474 2155 528 modum
2181 477 2327 530 enim
2354 478 2622 547 quispiam
2675 480 2939 537 citharam
2988 484 3351 554 pulcherrime
3386 505 3518 544 con-

1937 564 2133 621 fectam
2162 576 2212 623 et
2243 568 2579 626 elaboratam
2628 572 3002 644 conspiciens,
3037 577 3261 648 ejusque
3302 582 3519 635 conciu-

1936 658 2162 715 nitatem
2196 671 2251 717 et
2277 664 2748 731 constitutionem,
2778 675 2870 720 aut
2900 669 3064 723 etiam
3103 670 3271 740 ipsius
3294 672 3518 727 cithara:

1935 761 2152 806 cautum
2205 755 2448 820 audiens,
2503 756 2636 811 nihil
2689 757 2833 812 aliud
2873 775 3035 829 quam
3088 763 3263 831 ipsum
3287 763 3515 818 citharae

1934 845 2270 901 conditorem
2307 856 2363 902 et
2385 848 2746 905 citharoedum
2777 862 2958 907 mente
2994 865 3228 924 reputat,
3259 866 3421 926 atque
3449 858 3517 911 ad

1931 948 2054 989 eum
2090 937 2421 1007 cogitatione
2452 939 2643 1005 fertur,
2687 943 2901 998 etiamsi
2943 944 3010 1000 de
3040 944 3178 1001 facie
3223 946 3462 1018 ignotum
3498 966 3511 1002 :

1932 1029 2119 1084 eodem
2173 1045 2388 1101 quoque
2417 1033 2575 1087 modo
2607 1035 2783 1105 nobis,
2813 1036 2881 1101 is,
2913 1037 3001 1106 qui
3038 1052 3126 1093 res
3151 1036 3365 1104 eII‘ecit,
3393 1038 3519 1095 effe-

1932 1128 2159 1191 ctasque
2206 1130 2384 1177 movet
2434 1132 2597 1194 atque
2652 1135 2978 1194 conservat,
3029 1127 3352 1185 manifestus
3402 1140 3508 1193 est,

1931 1209 2145 1264 etiamsi
2200 1221 2381 1266 mente
2420 1212 2643 1267 minime
2697 1217 3205 1284 comprehendatur.
3241 1217 3319 1273 Ac
3353 1219 3515 1275 nimis

1931 1301 2170 1370 profecto
2210 1303 2376 1358 hebes
2420 1312 2476 1359 et
2518 1304 2746 1360 stolidus
2792 1316 2913 1375 est,
2955 1308 3201 1378 quisquis
3239 1324 3348 1364 non
3381 1310 3513 1365 huc-

1931 1409 2101 1463 usque
2130 1405 2320 1465 spente
2373 1410 2469 1451 sua
2513 1398 2893 1467 progreditur,
2946 1401 3383 1472 naturaliumque
3422 1402 3513 1457 de-

1928 1487 2383 1543 monstrationum
2438 1490 2685 1561 vestigiis
2738 1490 2985 1547 insistit:
3021 1501 3183 1564 atque
3237 1496 3371 1550 adeo
3409 1495 3513 1550 hoc

1929 1581 2030 1636 sibi
2063 1582 2393 1651 persuadet,
2427 1597 2496 1637 ne
2522 1583 2573 1638 id
2604 1582 2822 1652 quidem
2848 1581 3016 1639 Deum
3054 1600 3175 1641 esse
3199 1626 3215 1653 ,
3251 1587 3393 1657 quod
3426 1585 3510 1640 vel

1931 1673 2166 1744 imagine
2194 1675 2428 1743 quadam
2459 1675 2623 1731 animi
2653 1676 3034 1746 concepimus,
3070 1676 3156 1733 vel
3190 1676 3508 1732 informavi-

1935 1780 2075 1832 mus,
2110 1766 2194 1819 vel
2223 1764 2488 1822 orationis
2518 1766 2682 1839 500
2717 1767 2969 1837 penicillo
3000 1776 3271 1838 utcunque
3306 1768 3510 1823 deseri-

1928 1857 2160 1927 psimus.
2203 1855 2355 1925 Quod
2406 1857 2450 1912 si
2503 1857 2628 1928 quis
2681 1871 2917 1927 unquam
2971 1857 3299 1928 cogitatione
3338 1856 3508 1913 Deum

1928 1965 2148 2032 quoquo
2178 1951 2335 2005 modo
2359 1949 2791 2021 comprehendit,
2828 1964 3064 2019 quonam
3097 1989 3111 2015 ,
3142 1950 3389 2017 obsecro,
3421 1965 3510 2004 ar-

234 2042 498 2100 gumento
516 2035 569 2090 id
606 2038 894 2107 probabit?
918 2040 1117 2113 Ecquis
1138 2045 1282 2100 enim
1307 2060 1373 2101 eo
1396 2046 1678 2118 sapientiae
1701 2048 1978 2118 pervenit?
2002 2045 2203 2117 Ecquis
2237 2059 2474 2114 unquam
2502 2052 2708 2098 tantam
2739 2043 2969 2113 gratiam
3019 2043 3275 2100 divinitus
3321 2059 3510 2100 conse—

232 2134 399 2180 cutus
424 2128 547 2183 est?
578 2129 777 2203 Ecquis
804 2149 867 2191 os
911 2137 1115 2192 mentis
1164 2139 1235 2193 ita
1277 2142 1523 2211 aperuit,
1591 2158 1655 2200 ac
1707 2143 1970 2214 Spiritum
2038 2141 2263 2197 attraxit
2291 2141 2376 2208 ⁸⁸,
2434 2150 2492 2194 ut
2543 2138 2783 2210 Spiritus
2832 2139 3013 2196 omnia
3073 2140 3507 2210 perscrutantis,

232 2228 403 2289 atque
430 2222 591 2277 etiam
624 2225 719 2281 Dei
780 2230 1044 2298 prolunda
1073 2238 1456 2303 cognoscentis
1479 2237 1523 2269 ⁵⁷
1561 2253 1663 2308 ope
1714 2247 1875 2307 atque
1913 2236 2247 2305 adjumento,
2288 2233 2380 2289 Dei
2409 2244 2659 2289 naturam
2697 2232 3191 2304 comprehenderit,
3239 2248 3351 2291 nec
3389 2232 3505 2307 jaut

231 2311 464 2368 ulterius
491 2321 741 2388 progredi
781 2336 1004 2379 necesse
1038 2324 1272 2394 habeat,
1343 2338 1529 2399 utpote
1575 2331 1665 2401 qui
1704 2343 2010 2386 extremum
2041 2328 2172 2384 illud
2201 2328 2697 2399 appetendumjam
2758 2330 2977 2395 haheat,
3035 2331 3103 2384 ad
3145 2334 3288 2400 quod
3331 2333 3508 2385 omnis

228 2409 543 2467 sublimium
599 2415 839 2472 virorum
886 2430 941 2474 et
984 2423 1096 2477 vita
1126 2434 1183 2477 et
1211 2426 1468 2495 cogitatio
1498 2429 1812 2483 contendit?

301 2504 378 2557 Z'.
418 2504 484 2557 Τί
508 2506 615 2579 γάρ
645 2526 775 2562 ποτε
807 2512 1058 2588 ύπολήψῃ
1082 2515 1142 2568 τὸ
1162 2515 1337 2581 Θείον,
1363 2520 1521 2591 εἴπερ
1541 2520 1689 2584 ὅλαις
1706 2520 1816 2593 (15)

225 2596 350 2685 ταῖς
382 2595 625 2665 λογικαῖς
655 2602 932 2669 πιστεύεις
956 2606 1167 2676 ἐφόδοις
1197 2608 1346 2683 (16);
1385 2613 1418 2683 ἣ
1453 2613 1589 2685 πρὸς
1614 2613 1668 2666 τί
1700 2631 1758 2667 σε
1788 2615 1816 2666 ὁ

226 2684 388 2754 λόγος
414 2688 597 2754 ἀνάξει
624 2691 1045 2768 βασανιζόμενος
1072 2697 1203 2771 (17),
1230 2694 1275 2756 ὦ
1296 2703 1696 2773 φιλοσοφώτατε
1725 2707 1811 2774 σὺ,

225 2779 325 2831 καὶ
359 2780 805 2855 θεολογικώτατε,
841 2788 936 2842 καὶ
977 2792 1297 2864 καυχώμενε
1341 2797 1421 2860 εἰς
1466 2796 1535 2850 τὰ
1564 2797 1809 2870 ἅμετρα;

228 2870 468 2947 Πότερον
500 2876 691 2947 σῶμα;
735 2880 831 2933 καὶ
864 2882 982 2947 πῶς
1023 2884 1084 2937 τὸ
1119 2886 1366 2956 ἄπειρον,
1401 2889 1496 2942 καὶ
1537 2889 1810 2961 ἀόριστον,

224 2964 325 3017 καὶ
357 2966 784 3038 ἀσχημάτιστον,
832 2973 926 3027 καὶ
961 2974 1183 3044 ἀναφὲς,
1217 2978 1311 3030 καὶ
1351 2978 1611 3050 ἀόρατον;
1646 2980 1679 3052 ἢ
1716 2981 1812 3034 κα).

221 3056 400 3111 ταῦτα
454 3059 720 3132 σώματας
762 3065 824 3117 ’Ὠ
855 3066 956 3136 τῆς
992 3066 1275 3132 ὲξουσίαςῐ
1309 3071 1370 3123 ού
1405 3070 1513 3141 γὰρ
1543 3072 1679 3142 αὐτὴ
1712 3073 1811 3141 φύ-

1998 2518 2109 2575 ἫΙ.
2137 2519 2275 2588 Quid
2313 2521 2457 2575 enim
2505 2519 2718 2575 tandem
2770 2518 2936 2574 Deum
2986 2533 3111 2576 esse
3140 2518 3409 2584 censebis,
3460 2518 3505 2572 .«i

1928 2612 2265 2681 argumentis
2294 2628 2323 2666 a
2362 2612 2575 2666 ratione
2606 2612 2788 2682 petitis
2817 2611 2973 2666 ﬁdem
3020 2611 3240 2666 omnino
3287 2611 3451 2665 habes
3482 2611 3505 2663 ?

1921 2708 2033 2762 Aut
2062 2720 2173 2777 quo
2206 2705 2423 2760 tandem
2458 2713 2510 2758 te
2543 2704 2808 2760 subvehet
2832 2705 2947 2759 haec
2976 2702 3269 2772 disputatio
3290 2742 3305 2768 ,
3336 2704 3380 2758 si
3408 2718 3503 2759 ac‘

1920 2800 2166 2854 curatius
2199 2798 2584 2853 examinetur?
2616 2795 2711 2864 Tc,
2741 2797 2980 2867 inquam,
3005 2795 3241 2866 appello,
3266 2796 3357 2866 qui
3383 2796 3504 2866 phi-

1915 2889 2175 2961 losophiae
2229 2905 2294 2944 ac
2349 2889 2631 2958 theologia:
2690 2888 3047 2959 principatum
3098 2887 3194 2942 tibi
3234 2886 3499 2951 vindicas,

1915 2992 2078 3052 atque
2110 2984 2162 3036 in
2202 2980 2524 3036 immensum
2568 2980 2840 3051 gloriaris.
2887 2980 2968 3034 An
3002 2994 3199 3047 corpus
3225 2994 3347 3035 eum
3378 2993 3500 3035 esse

1915 3076 2100 3130 dices?
2126 3073 2372 3143 Quonam
2401 3088 2531 3144 ergo
2556 3073 2716 3127 modo
2744 3074 3063 3139 immensus,
3116 3071 3383 3139 inﬁnitus,
3427 3072 3495 3126 ﬁ-

223 3165 311 3213 σις
339 3153 626 3222 σωμάτων.
660 3155 730 3208 Ἢ
774 3156 933 3229 σῶμα
971 3161 1090 3230 μὲν,
1132 3161 1254 3232 οὐχ),
1291 3162 1462 3215 ταῦτα
1490 3163 1581 3228 δέ;
1612 3165 1675 3216 Ὢ
1706 3163 1808 3232 τῆς

1919 3183 2061 3238 ειη-ω
2095 3181 2295 3237 expers
2322 3176 2424 3232 est,
2459 3180 2524 3220 ac
2555 3164 2790 3234 denique
2812 3163 3099 3233 ejusmodi,
3126 3173 3184 3218 ut
3206 3177 3308 3220 nec
3329 3164 3496 3233 tangi,

220 3242 534 3315 παχύτητος
567 3245 708 3318 (I8)!
744 3248 829 3302 ἵνα
861 3251 1025 3321 μηδὲν
1053 3251 1215 3305 πλέον
1237 3253 1394 3324 ἡμῶν
1416 3254 1513 3327 ἔχῃ
1546 3254 1608 3307 τὸ
1628 3254 1802 3311 Θεῖον.

222 3332 351 3397 Πῶς
375 3335 483 3406 γὰρ
510 3339 704 3393 σεπτὸν
725 3340 856 3412 (I9),
888 3344 937 3395 εξ
967 3346 1371 3416 περιγραπτόν;
1404 3347 1436 3418 ἣ
1469 3348 1582 3412 πῶς
1614 3349 1806 3418 φεύξε-

217 3438 310 3475 ται
357 3424 418 3477 τὸ
456 3426 520 3479 ἐκ
552 3429 829 3500 στοιχείων
866 3436 1205 3503 συγκεῖσθαι,
1238 3437 1332 3490 καὶ
1365 3440 1443 3501 είς
1468 3439 1611 3493 αὐτὰ
1644 3441 1806 3496 πάλιν

216 3514 569 3584 ἀναλύεσθαι,
597 3520 630 3591 ἢ
667 3523 760 3575 καὶ
798 3523 936 3589 ὅλως
958 3525 1215 3595 λύεσθαι;
1248 3528 1503 3592 Σύνθεσις
1535 3531 1673 3604 γὰρ,
1704 3534 1805 3604 ἀρ-

215 3605 289 3677 χὴ
322 3607 503 3679 μάχης
526 3627 539 3640 ’
580 3612 727 3686 μάχη
761 3613 839 3682 δὲ,
868 3616 1201 3684 διαστάσεως
1220 3638 1233 3650 ·
1272 3622 1305 3692 ή
1333 3619 1410 3686 δὲ,
1434 3620 1638 3687 λύσεως
1657 3637 1671 3650 ·
1704 3623 1798 3676 λύ-

215 3712 304 3761 σις
342 3698 400 3751 δὲ
434 3700 712 3775 ἀλλότριον
765 3705 941 3778 πάντη
987 3708 1144 3775 Θεοῦ,
1186 3712 1279 3764 καὶ
1312 3711 1412 3782 τῆς
1441 3710 1664 3783 πρώτης
1695 3713 1798 3781 φύ-

215 3805 377 3854 σεως.
418 3790 626 3847 Οὔκουν
672 3794 974 3862 διάστασις,
1031 3800 1117 3854 ἵνα
1163 3800 1238 3873 μὴ
1262 3802 1443 3866 λύσις·
1479 3803 1597 3857 οὐδὲ
1627 3805 1799 3875 μάχη,

213 3881 303 3934 ἵνα
333 3881 409 3953 μὴ
438 3884 749 3951 διάστασιςο
793 3889 913 3943 οὐδὲ
942 3890 1208 3957 σύνθεσις,
1247 3893 1333 3946 ἵνα
1368 3894 1443 3965 μὴ
1489 3895 1634 3966 μάχη
1661 3911 1672 3923 ·
1711 3896 1798 3949 διὰ

208 3972 372 4027 τοῦτο
424 3975 546 4029 οὐδὲ
599 3979 778 4050 σῶμα,
836 3980 922 4034 ἵνα
973 3983 1046 4055 μὴ
1102 3983 1369 4048 σύνθεσις.
1409 3986 1504 4038 Ἐκ
1555 3986 1662 4039 τῶν
1706 4004 1797 4041 τε-

211 4064 478 4121 λευταίων
509 4068 603 4122 ἐπὶ
630 4069 701 4123 τὰ
736 4071 926 4144 πρῶτα
963 4076 991 4128 ὁ
1023 4074 1179 4144 λόγος
1218 4075 1405 4145 ἀνιὼν,
1438 4076 1610 4143 οὕτως
1647 4078 1797 4134 ἵστα-

208 4173 322 4212 ται.

1914 3274 2014 3314 nee
2042 3259 2215 3314 oculis
2244 3257 2392 3313 cerni
2428 3257 2633 3329 queat?
2662 3256 2741 3310 An
2778 3257 2892 3311 haec
2923 3271 3137 3326 quoque
3181 3255 3236 3309 in
3268 3269 3495 3324 corpora

1913 3351 2153 3406 cadunt?
2175 3348 2219 3406 Ο
2243 3349 2558 3404 licentiam!
2587 3347 2703 3402 Non
2726 3348 2870 3402 enim
2922 3348 3036 3402 haec
3075 3360 3362 3414 corporum
3397 3360 3494 3400 ua-

1915 3449 2032 3495 tura
2067 3447 2173 3494 est.
2191 3440 2283 3493 .An
2315 3454 2513 3508 corpus
2533 3437 2751 3508 quidem
2772 3452 2893 3492 esse
2917 3446 3141 3501 statues,
3166 3436 3491 3491 immensum

1916 3547 2068 3598 vero,
2111 3541 2277 3600 atque
2300 3530 2592 3596 inﬁnitum,
2624 3538 2927 3599 eteteraque
2949 3528 3107 3598 hujus
3131 3529 3345 3598 generis
3369 3542 3493 3583 esse

1912 3624 2178 3695 negabis?
2216 3624 2260 3679 Ο
2284 3623 2586 3678 crassitiem
2611 3622 2632 3676 l-
2654 3631 2712 3676 ut
2740 3621 2885 3676 nulla
2913 3636 2973 3676 re
3002 3623 3141 3678 Deus
3169 3622 3323 3677 nobis
3352 3636 3491 3692 prat-

1907 3725 2034 3771 stet.
2056 3715 2195 3782 Quid
2218 3715 2362 3769 enim
2391 3713 2574 3768 all'erri
2594 3723 2795 3784 potest,
2821 3729 2917 3769 cur
2942 3713 3152 3769 colatur
3173 3723 3335 3784 atque
3361 3714 3491 3768 ado-

1907 3817 2078 3871 retur,
2113 3806 2159 3860 si
2193 3807 2640 3875 circumscriptus
2687 3805 2806 3861 est?
2839 3804 2948 3860 Aut
2994 3805 3123 3875 quid
3156 3821 3331 3861 causa:
3365 3820 3488 3861 esse

1904 3901 2169 3964 dicemus,
2203 3901 2332 3969 quin
2358 3914 2420 3954 ex
2452 3899 2734 3955 elementis
2782 3898 3047 3955 conﬂatus
3080 3898 3170 3966 sit,
3219 3908 3382 3970 atque
3429 3900 3483 3954 in

1901 3993 2090 4048 eadem
2127 3991 2304 4046 denuo
2356 3992 2632 4061 redigatur
2659 4030 2674 4057 ,
2732 3999 2822 4045 aut
2852 3990 3017 4046 etiam
3057 4005 3281 4059 prorsus
3309 3991 3479 4045 inter-

1906 4080 2034 4133 eat?
2071 4077 2407 4147 Compositio
2459 4080 2660 4149 quippe
2693 4093 2884 4150 pugna:
2921 4078 3134 4133 initium
3169 4087 3272 4146 est,
3303 4094 3479 4148 pugna

1898 4181 2076 4224 autem
2110 4170 2339 4234 dissidii,
2370 4170 2654 4224 dissidium
2705 4169 3027 4225 solutionis:
3060 4169 3255 4225 solutio
3312 4184 3475 4239 porro

208 4252 358 4308 nullo
380 4252 540 4309 modo
562 4254 615 4309 in
636 4254 801 4310 Deum
826 4272 890 4312 ac
918 4259 1144 4328 primam
1167 4259 1310 4313 illam
1334 4268 1577 4315 naturam
1608 4262 1770 4316 cadit.
1804 4260 2065 4329 Quocirca
2089 4262 2291 4316 nullum
2321 4262 2602 4317 dissidium
2636 4262 3027 4318 admittendum
3057 4271 3161 4328 est,
3188 4278 3254 4319 ne
3278 4261 3477 4319 solutio

208 4358 577 4418 consequatur
616 4367 630 4403 :
660 4365 759 4406 nec
794 4368 993 4424 pugna,
1022 4369 1092 4409 ne
1117 4355 1396 4411 dissidium
1421 4357 1631 4413 oriatur
1663 4376 1676 4412 :
1716 4373 1817 4415 nec
1864 4359 2207 4427 compositio,
2237 4373 2305 4413 ne
2332 4373 2507 4429 pugna
2533 4358 2778 4415 exsistat.
2811 4363 2890 4413 Ac
2937 4358 3165 4427 proinde
3184 4374 3250 4414 ne
3281 4372 3478 4428 corpus

205 4440 425 4510 quidem
441 4451 545 4509 est,
565 4458 632 4497 ne
652 4444 851 4515 alioqui
870 4448 1224 4516 compositum
1245 4449 1460 4518 quidem
1479 4467 1599 4505 eum
1620 4467 1842 4508 necesse
1866 4455 1954 4508 sit.
1976 4452 2066 4508 Sic.
2084 4458 2148 4508 ab
2167 4453 2427 4509 extremis
2442 4452 2506 4507 ad
2537 4452 2706 4521 prima
2738 4466 3026 4506 recurrens
3050 4451 3226 4507 oratio
3246 4450 3464 4506 insistit.

278 4530 363 4585 Ην.
402 4532 527 4596 Πῶς
560 4532 618 4586 δὲ
640 4534 735 4587 καὶ
767 4535 1070 4608 σωθήσεται
1102 4538 1163 4591 τὸ
1199 4539 1286 4593 διὰ
1314 4540 1532 4595 πάντων
1557 4542 1786 4614 διήκειν,

1964 4545 2098 4601 VIII.
2138 4545 2256 4601 Iam
2289 4561 2419 4601 vero
2472 4546 2738 4613 quomodo
2791 4545 2920 4600 illud
2972 4546 3107 4600 tueri
3151 4544 3471 4615 poterimus,

204 4624 302 4677 καὶ
335 4622 575 4694 πληροῦν
594 4623 666 4678 τὰ
698 4625 877 4680 πάντα
905 4627 1058 4692 Θεὸν,
1090 4630 1230 4682 κατὰ
1255 4631 1337 4695 τὸ,
1371 4632 1517 4700 Οὐχὶ
1545 4633 1651 4686 τὸν
1680 4636 1783 4689 οὺ-

197 4716 392 4784 ρανὸν
410 4716 511 4771 καὶ
528 4716 643 4785 τὴν
662 4716 779 4787 γῆν
799 4717 914 4787 ἐγὼ
945 4719 1154 4788 πληρῶ
1165 4737 1185 4784 ;
1211 4722 1374 4793 ,λέγει
1396 4725 1630 4793 Κύριος’
1665 4726 1781 4789 καὶ,

199 4808 448 4878 Πνεῦμα
477 4811 696 4878 Κυρίου
720 4811 1077 4880 πεπλήρωκε
1106 4813 1222 4883 τὴν
1245 4816 1623 4885 οἰκουμένην,
1648 4819 1697 4869 εί
1724 4817 1785 4870 τὸ

200 4900 304 4972 μὲν
337 4903 667 4974 περιγράφοι
693 4902 829 4975 (20),
863 4903 925 4958 τὸ
970 4905 1027 4959 δὲ
1075 4908 1502 4979 περιγράφοιτο;
1553 4908 1625 4962 Ἢ
1671 4908 1780 4981 γὰρ

196 4990 290 5046 διὰ
318 4992 477 5047 κενοῦ
507 4995 749 5066 χωρήσει
777 4995 870 5049 τοῦ
889 4997 1107 5065 παντὸς,
1136 4999 1232 5053 καὶ
1257 5000 1327 5054 τὰ
1362 5000 1539 5054 πάντα
1562 5001 1781 5073 οἰχήσε-

1890 4642 2032 4709 quod
2066 4639 2143 4692 ait
2193 4638 2469 4709 Scriptura
2494 4677 2509 4701 ,
2552 4639 2716 4693 Deum
2769 4638 2947 4692 omnia
2982 4640 3276 4708 pervadere
3311 4649 3474 4710 atque

1892 4729 2152 4799 implere,
2179 4729 2333 4799 juxta
2377 4729 2545 4783 illud:
2580 4728 2771 4783 Nonne
2800 4729 2985 4784 caelum
3028 4742 3079 4784 et
3129 4738 3324 4784 terram
3374 4747 3473 4801 ego

1891 4819 2121 4887 impleo?
2150 4819 2277 4872 dicit
2331 4817 2588 4872 Dominus
2619 4817 2704 4883 M‘;
2738 4828 2811 4883 et,
2866 4817 3095 4887 Spiritus
3139 4818 3349 4873 Domini
3381 4836 3468 4873 re-

1887 4914 2040 4979 plevit
2078 4912 2255 4966 orbem
2299 4921 2558 4966 terrarum
2587 4911 2667 4976 "9;
2717 4912 2760 4966 si
2805 4913 2943 4967 Deus
2995 4913 3190 4981 partim
3231 4912 3470 4967 circum-

1886 5002 2109 5071 scribat,
2158 5004 2354 5072 partim
2385 4982 2897 5059 circumscribatur?
2921 5003 3028 5058 Aut
3054 5003 3198 5057 enim
3237 5016 3335 5073 per
3369 5017 3467 5058 va-

265 5148 315 5182 “
360 5144 451 5202 Ps.
509 5161 701 5216 cxvut,
744 5150 866 5206 151.
943 5151 989 5184 ⁸⁷
1029 5151 1048 5207 1
1100 5152 1226 5208 Cur.
1274 5152 1457 5219 ",10.
1534 5153 1717 5210 u‘Jer.
1753 5172 1812 5211 xx

1936 5158 2029 5212 24.
2105 5157 2150 5191 ιο
2181 5158 2309 5229 Sap.
2344 5174 2384 5216 ι.
2410 5159 2464 5213 7.

262 5259 380 5332 (IS)
402 5260 738 5344 441-99._I_iic
770 5263 916 5319 Elias
942 5282 962 5316 ι
1002 5264 1290 5332 rationem,
1323 5285 1342 5320 ι
1366 5283 1471 5322 non
1506 5285 1526 5320 ι
1557 5284 1770 5327 sermo-

1919 5273 2038 5344 oislr.
2078 5272 2129 5326 I.
2161 5273 2316 5344 Deest
2338 5272 2383 5327 ὤ
2406 5274 2455 5328 in
2484 5275 2571 5328 ed.

190 5347 377 5416 "659.2
410 5333 685 5416 metuas
733 5402 791 5416 _.
863 5401 901 5416 η
1000 5405 1017 5416 .

1944 5343 2057 5416 (19)
2094 5343 2226 5416 Πῶς
2259 5344 2367 5416 γὰρ
2396 5346 2643 5408 σεπτόν,
2666 5355 2771 5401 etc.
2802 5366 2821 5399 ι
2851 5346 3127 5413 Quomodo
3158 5350 3302 5403 enim
3334 5363 3459 5405 eum

404 5400 829 5485 Πρῖέωεεειοίῃ
857 5401 955 5485 9r.
1132 5474 1146 5485 _
1223 5474 1267 5485 __
1610 5480 1623 5485 _
1875 5400 2140 5485 colamus,
2173 5400 2218 5467 si
2249 5400 2643 5485 circumscribi,
2665 5400 3008 5485 potest?~Aut
3032 5400 3302 5485 quomodo
3327 5400 3459 5475 66.}:

666 5471 891 5561 (luisti?
911 5484 972 5561 et
998 5473 1094 5561 0r.
1123 5474 1202 5561 I,_
1220 5474 1377 5542 ὅλως,
1412 5496 1431 5529 ι
1477 5480 1765 5560 omnium)

1919 5485 2064 5538 edere
2099 5471 2542 5561 dctrectabimtts,
2578 5471 2699 5561 eum
2739 5471 2809 5541 ex?
2840 5471 3455 5561 elementisconﬂatum

411 5539 895 5631 §?§§?€$;Q9isl-
932 5545 1252 5631 1,.6_p&azi,
1577 5539 1745 5560 -τ-ητ-

1919 5567 2012 5618 sse,
2049 5562 2211 5631 atque
2248 5554 2300 5631 in
2341 5539 2541 5615 eadem,
2563 5539 3452 5631 denuo:redigendum,"denique

405 5610 898 5697 ριασᾳνιζᾴμενος.
931 5610 1183 5697 (ξοίεξίῆ³
1209 5610 1543 5686 βιαῖἄιενος.
1622 5692 1632 5697 _
1682 5689 1727 5697 μ

1919 5610 2467 5697 rursusinteriturum
2540 5645 2558 5678 ι

260 5681 376 5750 (18)
405 5682 473 5738 Ὦ
502 5681 614 5750 τῆς
639 5681 924 5752 ἐξουσίας
943 5686 1007 5741 .'..
1039 5685 1084 5739 ὦ
1248 5681 1592 5759 παχυτηέος
1613 5692 1632 5743 .'
1671 5689 1762 5747 Sic

1941 5681 2054 5762 (‘30)
2077 5693 2449 5763 Πεγπῃυάεροι.
2490 5696 2623 5768 Iicg.
2655 5713 2708 5766 ο,
2735 5708 3087 5771 περιγράφει.
