3890 6214
365 234 436 291 55
1577 230 1634 284 S.
1676 229 2008 286 GREGORII
2048 228 2396 286 THEOLOGI
3563 222 3637 279 56

366 366 523 409 cuam
554 349 960 406 universitatem
991 349 1354 420 grassabttur,
1385 356 1437 403 et
1462 363 1551 404 res
1572 364 1761 404 omnes
1785 350 1940 405 nobis

2058 367 2131 403 ται
2160 351 2312 420 ἡμῖν,
2343 348 2412 401 ἵν’
2443 345 2672 418 ὑϐρισθῇ
2704 344 2858 412 Θεὸς,
2887 341 2981 397 καὶ
3014 341 3174 412 σῶμα
3201 338 3509 411 γενόμενος,
3544 341 3638 395 καὶ

364 443 640 515 peribunt,
696 451 757 496 ut
811 441 891 496 sic
946 440 1087 495 Deus
1119 439 1447 495 contumelia
1483 438 1763 506 alliciatur,
1798 440 1958 495 uiati-

365 551 488 590 rum
519 544 574 588 et
607 533 699 603 qui
730 548 929 603 corpus
955 534 1046 597 sit,
1077 532 1217 587 etiis
1265 546 1384 601 quae
1406 533 1713 602 procreavit
1733 543 1955 589 careat:

367 634 462 681 aut
491 641 686 695 corpus
709 626 760 678 in
792 624 1112 693 corporibus
1146 625 1269 689 erit,
1298 625 1348 678 id
1381 626 1524 693 quod
1562 623 1676 677 lieri
1728 640 1831 677 non
1864 639 1960 693 po-

367 724 515 771 test:
543 725 635 770 aut
688 715 1053 785 implicabitur
1077 753 1093 779 ,
1121 723 1176 766 et
1236 721 1557 781 opponctur,
1608 713 1958 779 quemadmo-

367 808 493 862 dum
515 823 600 875 ea,
629 823 749 877 quae
772 807 1078 876 liquiditate
1104 805 1326 874 praadita
1358 811 1520 871 sunt,
1550 802 1705 873 501
1742 804 1880 857 inter
1901 817 1959 857 se

371 898 708 963 miscentur;
751 906 914 964 atque
941 895 1046 948 alia
1076 894 1304 961 secabil,
1341 903 1393 948 et
1415 894 1483 947 ab
1511 893 1634 946 aliis
1663 907 1851 947 rursus
1872 908 1957 946 se-

374 987 609 1051 cabitur,
635 988 778 1056 quod
814 986 945 1056 ipsis
974 986 1138 1039 etiam
1174 983 1392 1053 Epicuri
1427 982 1626 1037 atomis
1674 980 1959 1036 absurdius

368 1086 424 1131 et
458 1077 655 1132 anilius
681 1086 765 1131 est
794 1095 808 1143 ;
847 1077 1033 1145 sicque
1064 1076 1220 1129 nobis
1253 1074 1575 1139 collahetur,
1615 1088 1716 1128 nec
1738 1087 1955 1142 corpus,

366 1182 469 1223 nec
501 1168 656 1223 solidi
704 1168 994 1237 quidquam
1048 1167 1273 1221 habebit
1321 1168 1436 1222 haec
1480 1166 1797 1234 disputatio,
1852 1180 1955 1234 qua

367 1274 567 1329 corpus
654 1260 762 1314 Deo
856 1260 1097 1313 tribuere
1161 1273 1445 1313 conamur.
1508 1258 1663 1324 Quod
1724 1256 1770 1311 si
1831 1271 1955 1310 eum

367 1364 566 1418 corpus
597 1351 836 1404 materia:
868 1365 1063 1419 expers
1121 1363 1244 1403 esse
1289 1347 1690 1412 contenderint,
1739 1346 1784 1401 si
1837 1346 1958 1416 qui-

367 1440 489 1495 dem
528 1441 777 1511 quintum
828 1440 981 1506 illud,
1039 1449 1101 1495 ut
1156 1439 1398 1494 nonnulli
1436 1447 1794 1505 censuerunt,
1823 1439 1955 1492 etin

365 1532 551 1588 orbem
576 1532 809 1587 volubile
851 1551 862 1586 :
889 1533 959 1586 sit
988 1548 1119 1586 sane
1149 1547 1345 1601 corpus
1369 1531 1636 1601 quoddam
1671 1531 1917 1598 quintum
1939 1569 1956 1595 ,

371 1635 427 1678 et
456 1639 485 1677 a
526 1625 753 1678 materia
786 1635 1073 1688 semotum,
1105 1634 1267 1692 atque
1291 1624 1482 1686 etiam,
1511 1623 1556 1676 si
1590 1622 1720 1690 ipsis
1749 1622 1822 1675 ita
1847 1620 1958 1674 col-

2059 440 2159 492 οὐκ
2192 438 2327 510 ἔχων
2365 438 2464 490 ὅσα
2492 438 2819 507 πεποίηκεν
2850 435 2882 506 ἢ
2922 432 3080 504 σῶμα
3119 434 3177 486 ὲν
3212 430 3427 502 σώμασι
3460 430 3639 497 ἔσται,

2058 532 2192 600 ὅπερ
2234 528 2527 582 ἀδύνατον·
2562 527 2595 597 ἢ
2629 527 2966 597 πλακήσεται
3006 524 3101 578 καὶ
3140 522 3640 594 ἀντιπαρατεθήσε-

2057 639 2166 687 ται,
2205 619 2391 691 ὥσπερ
2423 619 2535 689 (21)
2585 620 2686 673 ὅσα
2730 617 2839 671 τῶν
2877 617 3058 688 ὑγρῶν
3109 616 3394 686 μίγνυται·
3438 617 3532 667 καὶ⁴
3574 614 3640 667 τὸ

2062 716 2159 784 μὲν
2189 714 2398 784 τέμνει,
2425 712 2529 766 ὑπὸ
2550 712 2606 764 δὲ
2642 710 2734 764 τοῦ
2768 711 3128 782 τμηθήσεται,
3156 709 3185 762 ὃ
3218 709 3311 763 καὶ
3340 708 3447 762 τῶν
3490 708 3643 760 Ἑπι-

2057 806 2321 878 κουρείων
2371 806 2589 874 ἀτόμων
2645 803 2989 875 ἀτοπώτερόν
3037 819 3097 855 τε
3149 802 3244 854 καὶ
3299 799 3643 871 γραωδέστε-

2059 916 2150 969 ρον
2178 898 2308 969 (22)·
2344 898 2436 950 καὶ
2468 896 2607 951 οὕτω
2638 896 2972 949 διαπεσεῖται
3014 897 3165 966 ἡμῖν,
3200 893 3295 947 καὶ
3340 892 3498 962 σῶμα
3540 892 3642 961 οὐχ

2055 992 2188 1057 ἔξει,
2216 991 2335 1043 οὐδὲ
2358 989 2518 1059 πῆξίν
2552 1007 2672 1042 τινα
2708 991 2736 1042 6
2761 1006 2827 1041 πε
2837 989 2889 1059 ρ).
2920 988 3012 1041 τοῦ
3044 987 3296 1058 σώματος
3318 986 3475 1054 λόγος
3499 983 3635 1057 (25).

2059 1082 2125 1136 Εἰ
2155 1082 2210 1134 δὲ
2237 1081 2397 1134 ἄῦλον
2433 1082 2697 1152 φήσομεν,
2749 1083 2797 1132 εἰ
2835 1081 2932 1150 μὲν
2963 1079 3023 1131 τὸ
3072 1078 3335 1148 πέμπτον,
3380 1076 3456 1140 ὥς
3494 1093 3642 1130 τισιν

2057 1173 2201 1240 ἔδοξε
2234 1173 2367 1243 (24),
2413 1173 2509 1225 καὶ
2553 1172 2651 1241 τὴν
2693 1170 2877 1240 κύκλῳ
2916 1170 3086 1242 φορὰν
3128 1171 3455 1242 φερόμενον·
3498 1168 3644 1221 ἔστω

2062 1267 2158 1336 μὲν
2189 1265 2348 1320 ἄῦλόν
2368 1282 2420 1317 τι
2453 1264 2549 1318 καὶ
2581 1264 2828 1333 πέμπτον
2860 1263 3038 1333 σῶμα,
3067 1265 3116 1316 εί
3145 1262 3423 1333 βούλονται
3444 1261 3521 1327 δὲ,
3547 1261 3644 1314 καὶ

2059 1358 2365 1428 ἀσώματον,
2399 1358 2540 1411 κατά
2573 1357 2670 1428 τὴν
2695 1357 2989 1427 αὐτόνομον
3017 1357 3195 1412 αὐτῶν
3225 1356 3318 1410 τοῦ
3354 1356 3510 1424 λόγου
3543 1372 3644 1424 φο-

2063 1450 2163 1521 ρὰν
2194 1450 2289 1503 καὶ
2311 1450 2613 1503 ἀνάπλασιν
2635 1467 2649 1482 ·
2681 1450 2829 1503 οὐδὲν
2867 1448 2976 1520 γὰρ
3004 1450 3099 1503 νῦν
3133 1450 3261 1521 περὶ
3288 1449 3478 1503 τούτου
3510 1447 3644 1501 διοί-

2062 1558 2225 1611 σομαι
2252 1541 2384 1610 (25).
2409 1540 2567 1593 Κατὰ
2593 1540 2646 1593 τί
2667 1540 2723 1593 δὲ
2746 1541 2855 1594 τῶν
2875 1541 3208 1611 κινουμένων
3234 1539 3384 1593 ἔσται
3423 1539 3518 1592 καὶ
3541 1556 3644 1608 φε-

2064 1633 2327 1705 ρομένων,
2366 1632 2453 1685 ἵνα
2495 1631 2569 1703 μὴ
2619 1631 2765 1700 λέγω
2816 1631 2915 1704 τὴν
2955 1630 3131 1702 ὓϐριν,
3172 1631 3317 1684 είτά
3353 1630 3494 1685 αὐτὰ
3524 1632 3645 1693 τοῖς

367 1715 630 1783 libuerit,
659 1716 1076 1786 incorporeum;
1114 1714 1550 1784 quandoquidem
1603 1715 1676 1767 ita
1710 1728 1956 1769 sermone

2060 1718 2445 1789 πεποιημένοις
2474 1719 2503 1771 6
2532 1715 2847 1786 πεποιηκὼς
2876 1715 3248 1787 κινηθήσεται.
3288 1717 3517 1778 καὶτοῖς
3553 1732 3644 1783 φε-

366 1806 662 1876 comparati
721 1815 891 1872 sunt,
929 1816 987 1860 ut
1012 1821 1107 1876 pro
1137 1805 1363 1860 arbitrio
1395 1805 1447 1858 in
1503 1819 1728 1859 omnem
1752 1814 1957 1873 partem

370 1912 492 1952 sese
545 1907 785 1960 versent,
823 1913 886 1952 ac
919 1897 1133 1967 quidvis
1162 1897 1451 1967 ellingant;
1484 1896 1619 1950 nihil
1654 1896 1797 1951 enim
1855 1896 1959 1951 hac

369 1990 436 2046 de
465 2005 522 2045 re
548 1990 602 2044 in
654 1990 943 2059 prtescntia
983 2003 1104 2043 cum
1170 1989 1274 2043 illis
1323 1988 1649 2043 altercabor.
1689 1988 1956 2043 Casterunt

364 2095 474 2149 quo
511 2081 727 2135 tandem
768 2080 823 2134 in
855 2094 1055 2151 genere
1077 2080 1182 2135 erit
1212 2096 1399 2134 earum
1437 2095 1640 2148 rerum,
1668 2094 1786 2149 quae
1812 2089 1957 2134 motu

363 2173 577 2227 cientur
606 2179 657 2228 et
686 2173 959 2242 agitantur
979 2210 994 2237 ,
1030 2182 1089 2226 ut
1116 2171 1333 2227 interim
1367 2182 1599 2237 taceam,
1631 2187 1794 2242 quam
1824 2186 1956 2243 gra-

364 2262 450 2315 vis
478 2261 548 2316 sit
575 2263 938 2328 contumeliae,
973 2278 1240 2328 asserere,
1265 2262 1578 2317 Creatorem
1604 2263 1815 2327 eodem,
1849 2277 1957 2332 quo

366 2367 455 2406 res
494 2352 562 2408 ab
598 2368 663 2407 eo
689 2364 924 2420 creatas,
966 2364 1113 2409 motu
1150 2354 1390 2419 incitari,
1426 2366 1589 2424 atque
1619 2369 1763 2421 eum,
1801 2355 1957 2423 cujus

310 2480 312 2482 τ
363 2447 416 2500 vi
451 2461 515 2501 ac
558 2447 780 2502 numine
817 2462 905 2502 res
942 2447 1176 2502 conditae
1213 2447 1527 2513 volvuntur,
1559 2446 1604 2501 si
1638 2457 1819 2501 tamen
1856 2449 1959 2503 hoc

365 2539 531 2593 etiam
561 2538 737 2593 daturi
783 2546 931 2604 sunt,
963 2538 1153 2594 eodem
1209 2539 1369 2593 modo
1397 2554 1521 2593 cum
1573 2538 1642 2593 iis
1699 2538 1840 2595 volvi
1893 2554 1959 2596 ac

366 2632 748 2687 circumferri?
773 2632 966 2699 Quaero
994 2634 1160 2687 etiam
1181 2671 1194 2695 ,
1228 2632 1486 2702 quidnam
1534 2632 1605 2687 sit
1650 2632 1791 2701 quod
1837 2632 1959 2685 uui-

2058 1811 2305 1883 ρομένοις
2339 1813 2367 1864 6
2402 1811 2602 1882 φέρων,
2640 1808 2694 1862 εί
2729 1827 2793 1878 γε
2828 1810 2924 1863 καὶ
2966 1809 3122 1863 τοῦτο
3148 1809 3414 1874 δώσουσι;
3456 1809 3522 1862 Τί
3553 1808 3646 1862 δαὶ

2052 1903 2113 1956 τὸ
2147 1902 2256 1971 (26)
2311 1901 2469 1955 τοῦτο
2517 1900 2679 1954 πάλιν
2731 1900 2951 1966 κινοῦν;
3006 1901 3059 1953 τί
3089 1900 3146 1953 δὲ
3182 1899 3241 1953 τὸ
3275 1901 3384 1954 πᾶν
3424 1898 3645 1966 κινοῦν;

2053 1995 2273 2048 κάκεῖνο
2285 1994 2336 2046 τί
2360 2011 2374 2060 ;
2404 1994 2499 2047 καὶ
2522 1994 2574 2047 τί
2602 1992 2763 2047 πάλιν
2775 1994 2951 2046 ὲκείνο
2970 2009 2984 2058 ;
3006 1991 3277 2046 καὶτοῦτο
3292 1994 3371 2055 εἰς
3392 1992 3644 2065 ἄπειρον.

2055 2083 2181 2147 Πῶς
2231 2083 2321 2137 δαὶ
2358 2084 2457 2136 οὐκ
2486 2085 2544 2137 ὲν
2572 2083 2724 2152 τόπῳ
2758 2083 2995 2149 πάντως,
3026 2084 3080 2136 εἴ
3105 2099 3169 2151 γε
3198 2083 3533 2155 φερόμενον;
3576 2082 3648 2134 Εἰ

2053 2175 2110 2229 δὲ
2135 2174 2263 2230 ἄλλο
2292 2193 2344 2228 τι
2373 2176 2523 2246 παρὰ
2549 2176 2613 2228 τὸ
2650 2176 2899 2247 πέμπτον
2927 2176 3211 2247 φήσουσιν,
3250 2178 3297 2230 εἰ
3341 2174 3442 2246 μὲν
3469 2175 3648 2243 ἀγγε-

2058 2267 2227 2321 λικόν·
2259 2266 2420 2321 πόθεν
2448 2268 2528 2321 ὅτι
2554 2267 2773 2337 ἄγγελοι
2801 2268 2914 2339 (27)
2950 2268 3196 2339 σώματα,
3230 2269 3325 2322 καὶ
3350 2268 3473 2322 τίνα
3511 2266 3649 2321 ταῦ-

2058 2375 2157 2424 τα;
2193 2360 2289 2412 καὶ
2319 2359 2484 2432 πόσρν
2516 2359 2628 2433 (28)
2666 2361 2803 2432 ὑπὲρ
2831 2359 3062 2429 ἄγγελον
3109 2360 3195 2432 εἴη
3228 2359 3380 2426 Θεὸς,
3418 2353 3479 2414 οὗ
3531 2359 3649 2412 λει-

2058 2450 2287 2520 τουργὸς
2321 2450 2587 2520 ἄγγελος;
2636 2452 2701 2504 El
2734 2452 2791 2505 δὲ
2830 2452 2967 2524 ὑπὲρ
2998 2450 3191 2518 ταῦτα,
3229 2452 3389 2505 πάλιν
3412 2451 3649 2523 εἰσήχθη

2062 2542 2331 2612 σωμάτων
2362 2545 2529 2615 ἐσμὸς
2562 2544 2865 2614 ἀλόγιστος,
2898 2545 2993 2598 καὶ
3033 2545 3303 2618 φλυαρίας
3334 2544 3515 2617 βυθὸς,
3553 2546 3629 2597 οὺ-

2060 2632 2124 2686 δα
2132 2632 2232 2704 μοῢ
2274 2636 2463 2706 στῆναι
2492 2635 2812 2707 δυνάμενος.

366 2738 580 2778 versum
611 2725 715 2779 hoc
746 2726 997 2779 moveat?
1030 2723 1297 2793 Quidnam
1331 2740 1462 2779 vero
1510 2723 1653 2795 quod
1704 2723 1944 2779 vicissim
1987 2724 2118 2780 illud
2173 2738 2412 2793 moveat,
2483 2745 2547 2783 ac
2585 2745 2798 2785 rursum
2836 2748 2865 2786 a
2892 2747 2998 2802 quo
3034 2731 3165 2785 illud
3200 2730 3515 2786 moveatur?
3548 2729 3638 2784 Eo

363 2816 595 2885 demque
635 2816 796 2870 modo
850 2815 905 2869 in
947 2815 1218 2869 inﬁnitum
1264 2814 1599 2884 progrediar.
1633 2812 1735 2881 Qui
1786 2814 1946 2868 etiam
1988 2815 2103 2870 ﬁeri
2139 2826 2336 2885 potest,
2398 2828 2458 2872 ut
2487 2821 2708 2877 omnino
2771 2837 2875 2877 non
2931 2823 3003 2878 sit
3051 2823 3102 2876 in
3154 2823 3293 2889 loco,
3325 2823 3371 2877 si
3424 2822 3647 2893 quidem

364 2908 558 2970 fertur,
597 2923 661 2962 ac
693 2917 839 2962 motu
887 2907 1185 2963 incitatur?
1220 2906 1337 2963 Jam
1395 2907 1441 2963 si
1494 2907 1642 2963 aliud
1686 2907 1959 2978 quoddam
2000 2922 2215 2977 corpus,
2249 2922 2448 2980 praeter
2486 2912 2733 2981 quintum
2768 2914 2919 2980 illud,
2990 2913 3159 2970 Deum
3210 2929 3332 2969 esse
3382 2921 3649 2969 statuant,

363 3000 408 3055 si
450 3000 666 3069 quidem
705 3000 1005 3071 angelicum
1050 3019 1065 3057 :
1104 3004 1251 3056 unde
1302 3002 1614 3071 probabunt
1646 3002 1869 3072 angelos
1908 3019 2138 3073 corpore
2192 3016 2461 3073 constare,
2533 3018 2589 3064 et
2626 3025 2737 3080 quo
2793 3012 3008 3066 tandem
3059 3011 3329 3081 corpore?
3372 3010 3649 3078 Quantum

363 3100 566 3158 autem,
590 3091 635 3147 si
663 3105 748 3146 res
778 3092 851 3146 ita
875 3106 934 3147 se
962 3093 1181 3160 habeat,
1215 3094 1355 3150 Deus
1424 3094 1697 3164 angelum,
1731 3110 1840 3166 quo
1903 3096 2150 3153 ministro
2182 3100 2372 3164 utitur,
2399 3102 2727 3157 antecellet?
2762 3101 2819 3157 Si
2845 3118 3041 3171 corpus
3067 3104 3339 3173 quoddam
3369 3102 3453 3156 his
3512 3102 3646 3156 sub-

365 3183 547 3240 limius
598 3200 719 3242 esse
759 3186 1021 3255 dixerint,
1058 3203 1249 3244 rursus
1287 3205 1577 3259 corporum
1643 3205 1872 3246 examen
1943 3193 2171 3250 rationis
2235 3209 2431 3264 expers
2484 3197 2789 3264 inducetur,
2838 3214 2904 3254 ac
2956 3214 3218 3269 nugarum
3270 3212 3468 3269 gurges
3508 3198 3648 3252 adeo

366 3277 693 3351 profundus,
717 3290 776 3334 ut
816 3295 1082 3351 nusquam
1120 3296 1217 3352 pes
1256 3282 1348 3352 ﬁgi
1376 3282 1568 3352 possit.

437 3368 529 3424 IX.
562 3370 741 3440 Atque
766 3371 895 3427 hinc
926 3381 1162 3439 constat,
1203 3373 1371 3428 Deum
1405 3389 1604 3445 corpus
1644 3390 1755 3431 non
1806 3389 1950 3431 esse.

2058 3408 2073 3449 ,ι
2127 3374 2205 3429 6'.
2241 3374 2398 3429 Οὕτω
2423 3376 2521 3447 μὲν
2553 3371 2646 3432 οὖν
2688 3376 2799 3448 (29)
2830 3377 2893 3431 οὐ
2923 3377 3080 3450 σῶμα
3104 3380 3237 3451 ἡμῖν
3275 3380 3304 3432 6
3329 3378 3480 3444 Θεός·
3518 3378 3648 3433 οὐδὲ

367 3461 556 3533 Neque
576 3463 720 3518 enim
747 3466 928 3521 adhuc
975 3468 1261 3537 quisquam
1304 3483 1514 3533 eorum,
1568 3468 1659 3538 qui
1696 3469 1953 3525 divinitus

2058 3467 2168 3539 γὰρ
2192 3468 2292 3540 ήδη
2321 3485 2403 3531 τις
2426 3468 2584 3521 τοῦτο
2613 3468 2719 3521 τῶν
2746 3468 3138 3532 θεοπνεύστων,
3167 3471 3200 3540 ἢ
3230 3465 3449 3543 εἷπεν,ἢ
3466 3489 3645 3543 παρε-

366 3550 531 3607 aﬁlati
567 3561 713 3618 sunt,
740 3554 846 3610 hoc
870 3555 958 3610 vel
987 3557 1143 3621 dixit,
1167 3557 1253 3614 vel
1276 3560 1343 3613 ab
1375 3559 1498 3614 aliis
1550 3560 1751 3615 dictum
1799 3575 1950 3615 com-

2058 3559 2266 3623 δέξατο,
2319 3557 2441 3610 οὐδὲ
2505 3558 2604 3630 τῆς
2667 3559 2946 3631 ἡμετέρας
2999 3559 3111 3630 (50)
3161 3561 3329 3632 αὐλῆς
3381 3563 3411 3614 6
3462 3563 3641 3631 λόγος.

368 3643 643 3713 probavit,
673 3661 775 3702 nec
806 3649 979 3703 nostri
1015 3618 1176 3704 ovilis
1203 3659 1288 3704 est
1314 3650 1430 3704 base
1458 3651 1725 3708 doctrina.
1753 3649 1952 3721 Super-

2058 3618 2319 3704 Λείπεται
2343 3649 2408 3722 δὴ
2436 3618 2727 3721 ἀσώματον
2767 3618 3189 3722 ὑπολαμθάνειν.
3231 3618 3371 3704 ’Ᾰλκ
3405 3652 3454 3703 εί
3492 3618 3644 3705 ἀὲτυᾶ-

366 3746 454 3794 est
482 3737 664 3808 igitur,
692 3746 753 3793 ut
802 3741 1179 3810 incorporeum
1207 3756 1328 3797 esse
1361 3742 1528 3798 Deum
1558 3742 1949 3798 existimemus.

2058 3757 2246 3813 ματον,
2278 3741 2431 3795 οὔπω
2482 3742 2578 3813 μὲν
2625 3741 2745 3796 οὐδὲ
2778 3740 2934 3795 τοῦτο
2975 3742 3077 3812 τῆς
3125 3742 3315 3805 οὐσίας
3348 3759 3643 3816 παραστα-

377 3826 599 3895 Verum,
662 3838 939 3901 utcunque
989 3832 1365 3902 incorporeum
1406 3835 1671 3900 dicamus,
1715 3834 1951 3889 nondum

2058 3834 2201 3889 τικόν
2225 3852 2286 3888 τε
2311 3835 2404 3889 καὶ
2432 3834 2779 3907 περιεκτικὸν
2825 3834 2962 3906 (51),
3002 3835 3190 3909 ὥσπερ
3221 3835 3342 3889 οὐδὲ
3375 3836 3436 3889 τὸ
3473 3835 3639 3904 ἀγέν-

368 3931 550 3978 tamen
580 3924 684 3978 hoc
719 3932 967 3979 naturam
1021 3925 1166 3981 illius
1211 3926 1616 3997 essentiamque
1643 3926 1956 3995 complecti;

2058 3944 2232 3996 νητον,
2258 3928 2353 3980 καὶ
2389 3927 2450 3981 τὸ
2500 3928 2759 3999 ἄναρχον,
2796 3927 2891 3980 καὶ
2928 3927 2990 3980 τὸ
3026 3928 3406 3991 ἀναλλοίωτον,
3435 3930 3529 3983 καὶ
3577 3929 3644 3983 τὸ

372 4022 461 4068 tur
489 4026 546 4071 et
574 4015 849 4083 declarat;
888 4019 1342 4088 quemadmodum
1372 4034 1475 4074 nec
1501 4019 1817 4090 ingenitum,
1854 4034 1956 4074 nec

2058 4019 2355 4091 ἄφθαρτον,
2386 4020 2481 4073 κα)¹
2505 4020 2605 4073 ὅσα
2628 4021 2757 4091 περ).
2779 4019 2938 4084 Θεοῦ,
2969 4021 3003 4092 ἢ
3031 4022 3160 4091 περὶ
3187 4021 3318 4074 Θεὸν
3368 4017 3508 4074 εἶναι
3549 4019 3643 4073 λέ-

373 4106 694 4172 anarchum,
717 4107 772 4162 id
803 4115 906 4173 est,
933 4107 1184 4179 principii
1219 4124 1439 4179 expers,
1467 4122 1568 4165 nec
1593 4109 1949 4176 immutabile,

2058 4127 2229 4180 γεται.
2261 4111 2326 4164 Τί
2352 4111 2460 4184 γὰρ
2490 4112 2604 4166 ὄντι
2626 4112 2737 4182 (52)
2764 4112 2913 4184 αὐτῷ
2929 4112 3071 4167 κατὰ
3094 4110 3191 4184 τὴν
3209 4113 3368 4183 φύσιν
3401 4114 3494 4166 καὶ
3536 4111 3638 4185 τὴν

440 4281 553 4361 (21)
581 4281 828 4361 "accep.
854 4283 948 4361 S_ic
976 4288 1080 4361 duo
1117 4284 1312 4356 chg.,
1341 4294 1450 4342 tres
1481 4284 1659 4352 Colb.,
1677 4284 1845 4342 Coisl.
1887 4286 1941 4353 1,
2059 4301 2231 4361 s_ecro.
2250 4291 2518 4358 quodnam
2537 4289 2640 4343 erit
2664 4305 2691 4342 a
2715 4306 2821 4361 quo
2840 4292 3149 4346 universum
3172 4291 3274 4346 hoc
3292 4289 3638 4355 movebitur?

372 4351 560 4430 Crit},
589 4364 693 4430 etc.
724 4351 782 4430 lii
805 4356 933 4430 _ed.,
964 4360 998 4430 ἢ
1032 4351 1259 4430 ὥσπερξ
1298 4351 1321 4430 '_
1604 4425 1617 4430 Α
1644 4351 1650 4352 ⁷
1751 4426 1761 4430 Α
2059 4351 2325 4424 Quidnam
2348 4362 2473 4415 illud
2493 4351 2747 4430 vicissim"
2765 4361 3332 4427 movebit?Quiditem
3364 4361 3528 4415 illud?
3550 4352 3637 4412 ld-F

443 4423 1057 4504 (22)]‘pap6é‘0'tspor.
1100 4423 1265 4481 Coisl.
1301 4427 1327 4480 1
1366 4426 1534 4504 addit,
1587 4425 1664 4504 ὡς
1715 4426 1797 4504 οἱ..
1822 4427 1951 4504 περὶ
2053 4423 2159 4504 gite
2184 4430 2319 4504 adeo
2349 4426 2850 4504 iu__iulinit_um.iSit_:
2872 4423 3634 4504 Graecai'videturﬂlegisse:Ti

370 4495 542 4569 ταῦτα
572 4495 925 4569 ὲσχολακότες
959 4499 1308 4569 ὲλήρησανμ
1345 4498 1549 4569 anilius
1572 4498 1734 4569 etiam
1765 4496 1832 4551 iis
1851 4495 1951 4569 de:

2058 4498 2252 4569 6e77de
2286 4502 2504 4567 κινοῦν;
2554 4501 2606 4554 τί
2656 4501 2712 4553 δὲ
2760 4500 2917 4554 τοῦτο
2970 4501 3132 4555 πάλιν
3167 4495 3399 4568 κινοῦνξ
3424 4502 3518 4555 καὶ
3576 4500 3634 4554 τί

374 4565 699 4643 lirameutns,
732 4581 852 4643 quae
887 4565 1132 4622 homines
1160 4571 1211 4643 in
1267 4568 1400 4643 hac_
1421 4567 1702 4643 disciplina
1749 4567 1953 4643 versati

2058 4568 2442 4643 πάλινὲκεῖνω
2477 4565 2570 4624 καὶ
2590 4571 2749 4643 τοῦτο
2777 4572 2857 4635 εἰς
2892 4571 3135 4643 ἄπειρον.

2125 4639 2237 4712 (27)
2267 4643 2563 4711 Ἄγγελοι.
2606 4641 2823 4712 ιίθεαι,
2854 4643 2903 4695 οἱ
2927 4639 3168 4712 ᾰγῆελοι.

1982 4719 2028 4775 D
2128 4709 2240 4780 (28)
2268 4709 2489 4780 Πόσον.
2520 4712 2633 4765 Duo
2667 4709 2841 4776 Colb.,
2877 4722 2932 4766 et
2965 4709 3058 4768 0r.
3092 4716 3112 4765 1
3151 4710 3372 4780 addunt,
3400 4712 3486 4767 ἄν.

2127 4779 2238 4850 (29)
2273 4779 2416 4837 Οὖν.
2447 4784 2606 4837 Deest
2631 4782 2680 4834 iu
2716 4781 2846 4850 Reg.
2880 4782 2969 4836 bin
3009 4792 3064 4837 et
3097 4780 3191 4836 Or.
3222 4784 3272 4836 1.

2127 4784 2218 4848 (29
2273 4784 2416 4837 Οὗν.
2447 4784 2606 4837 Deest
2631 4784 2680 4834 iu
2716 4784 2846 4850 Reg.
2880 4784 2969 4836 blll
3009 4792 3064 4837 et
3097 4784 3191 4836 Or.
3222 4784 3272 4836 1.

2127 4784 2238 4923 (50)
2271 4853 2424 4906 Οὐδὲ
2452 4851 2564 4921 τῆς
2606 4849 2919 4921 ἡμετέρας,
2949 4863 3054 4907 etc.
3087 4851 3207 4905 Bill.
3244 4874 3255 4908 :
3297 4871 3317 4905 ι
3350 4851 3526 4923 Atque
3559 4853 3627 4908 ab

2059 4919 2364 4986 huiusmodi
2393 4919 2656 4977 sermone
2672 4923 2803 4976 tides
2822 4923 3077 4978 Ecclesia!
3104 4924 3383 4978 abhorret.
3422 4919 3444 4976 ε

2127 4990 2240 5061 (51)
2264 4993 2658 5061 Περιεκτικόν.
2691 4992 2847 5045 Deest
2877 4993 2928 5046 in
2953 4994 3225 5048 nonnullis
3257 4995 3415 5047 codd.

2125 5062 2237 5127 (52)
2275 5065 2336 5117 Τί
2356 5063 2464 5133 γὰρ
2488 5062 2633 5127 ὄντι,
2653 5070 2768 5133 _etc.
2802 5061 2920 5118 Bill.
2951 5076 2969 5117 :
3000 5081 3019 5113 ι
3043 5061 3285 5116 Primum
3313 5064 3479 5129 enim,
3503 5063 3631 5119 huic

2055 5134 2272 5203 quidem
2301 5131 2475 5203 certe,
2505 5134 2594 5201 qui
2648 5131 2740 5203 Dei
2767 5143 2998 5187 mentem
3040 5147 3166 5186 vere
3192 5134 3412 5198 habeat,
3466 5143 3630 5203 atque

2056 5202 2108 5254 in
2138 5200 2590 5272 contemplatione
2619 5200 2913 5272 perfectior
2966 5203 3057 5264 sit,
3088 5200 3554 5258 considerandum
3573 5214 3629 5256 et

2053 5271 2463 5339 expendeudum
2517 5271 2775 5337 occurrit,
2827 5273 2955 5341 quid
3013 5273 3155 5327 Deus
3214 5284 3403 5327 natura
3427 5289 3523 5328 sua
3574 5282 3630 5327 et

2052 5342 2349 5396 substantia
2376 5344 2445 5396 sit
2478 5358 2492 5395 :
2528 5357 2591 5397 ac
2609 5350 2792 5412 postea
2820 5342 2924 5397 hoc
2952 5343 3314 5412 adjiciendum
3348 5353 3619 5410 superest,

2052 5425 2295 5483 eumnec
2316 5413 2526 5466 initium
2543 5414 2763 5476 habere,
2787 5427 2884 5483 uec
2904 5427 2933 5465 a
2958 5427 3017 5467 se
3044 5429 3277 5483 unquam
3300 5415 3623 5473 desciscere;

2050 5492 2151 5552 nec
2180 5480 2284 5535 fine
2340 5482 2445 5537 ullo
2468 5482 2839 5539 circumscribi
2870 5497 2934 5537 ac
2962 5480 3192 5547 deliniri,
3218 5485 3330 5547 sed,
3366 5483 3623 5552 quidquid

2051 5548 2105 5601 in
2137 5564 2313 5604 rerum
2353 5564 2546 5612 natura
2599 5561 2704 5622 est,
2733 5554 2939 5610 ambitu
2969 5568 3066 5610 suo
3119 5548 3403 5624 complecti
3460 5548 3622 5624 atque

2052 5632 2324 5678 coercere.
2368 5640 2389 5675 ι

373 4634 669 4706 ﬁnxerunt.
709 4653 729 4687 ι
754 4634 906 4691 Ηαξο
946 4648 1123 4692 tamen
1161 4637 1355 4692 desunt
1386 4637 1439 4691 in
1471 4634 1740 4706 plerisque
1791 4639 1949 4693 codd.

374 4714 432 4760 et
465 4706 578 4778 φά..
613 4704 754 4778 Elias
775 4714 952 4778 autem
981 4706 1239 4778 agnoscit.

448 4773 564 4846 (25)
620 4775 673 4828 '0
712 4774 845 4848 περὶ
895 4773 1325 4846 τοῖσώματος
1360 4778 1564 4847 λόγος.
1604 4774 1727 4848 Haec
1772 4777 1952 4848 jungit

374 4845 541 4901 Lettv.
579 4860 700 4899 cum
738 4847 821 4899 his
868 4845 1237 4915 superioribus
1290 4845 1492 4908 verbis.
1526 4848 1620 4901 καὶ
1651 4845 1793 4900 οὕτω
1838 4845 1954 4902 δία-

373 4917 644 4970 πεισεῖται
695 4916 848 4986 ἡμῖν,
881 4918 1064 4983 sicque
1122 4918 1335 4971 reddit:
1395 4935 1414 4968 ι
1451 4921 1624 4986 Atque
1657 4920 1757 4973 hoc
1792 4921 1953 4973 modo

376 4988 541 5048 ratio,
602 5001 722 5055 qua:
771 4986 880 5038 Deo
916 5001 1113 5056 corpus
1142 4988 1406 5054 attribuit,
1441 4989 1735 5042 subsistere
1794 4989 1951 5043 nobis

374 5058 592 5178 Reguli};
623 5056 865 5125 adeoque
906 5072 1005 5110 nec
1037 5071 1254 5126 corpus,
1288 5072 1387 5112 nec
1416 5072 1727 5127 compagem
1788 5058 1951 5112 ullam

412 5141 440 5178 a
482 5141 512 5177 e
553 5137 609 5178 it.
644 5142 662 5175 ι

412 5127 609 5179 abebit.
644 5142 662 5175 ι

447 5194 559 5263 (24)
595 5195 702 5260 ’Ὃς
725 5210 886 5248 τισιν
904 5194 1098 5262 ἔδοξε.
1139 5196 1211 5248 Ex
1246 5196 1329 5250 bis
1370 5195 1469 5251 fuit
1494 5196 1831 5267 Aristoteles,
1857 5198 1951 5267 qui

376 5277 574 5335 printer
626 5275 861 5335 quatuor
922 5282 1100 5320 rerum
1156 5267 1440 5335 principia,
1504 5282 1598 5320 seu
1661 5265 1947 5331 elementa,

377 5350 497 5403 qua:
549 5347 674 5388 sunt
730 5353 747 5385 ι
783 5350 941 5403 aqua,
980 5344 1142 5401 terra,
1197 5337 1336 5403 ignis
1366 5349 1419 5390 et
1456 5352 1569 5400 aer,
1601 5355 1620 5387 ι
1650 5339 1947 5405 (quintum,

378 5419 573 5526 ngtnpe
605 5423 638 5529 l;
674 5407 889 5467 uelum,
923 5425 942 5458 ι
985 5421 1016 5460 e
1058 5408 1279 5461 materia
1310 5407 1542 5476 quadam
1586 5404 1946 5474 cllonuatum,

378 5487 410 5526 a
452 5485 602 5529 mute
641 5485 713 5528 at.

378 5485 713 5529 adnuttebat.

453 5543 564 5617 (if-5)
595 5546 915 5617 Amidam.
951 5546 1081 5616 Reg.
1111 5562 1162 5611 a,
1182 5545 1469 5617 διοίσομεν.

455 5613 568 5686 (26)
613 5615 678 5669 Τί
718 5613 814 5670 δαὶ
864 5617 952 5680 τό,
994 5613 1101 5671 eic.
1146 5617 1280 5686 Reg.
1329 5613 1414 5670 bin
1461 5625 1516 5670 et
1564 5616 1657 5671 Or.
1704 5618 1756 5682 1,
1791 5618 1842 5671 τί
1892 5618 1950 5672 δὲ
1994 5672 1999 5678 ,

383 5680 838 5756 τὸ.“’1“όιιιιι]1)υιιο
853 5687 1026 5744 locum
1044 5690 1124 5745 sic
1138 5680 1299 5746 vertit
1330 5686 1634 5745 Leuv.:¢At
1658 5680 1821 5755 enim,
1845 5688 1946 5744 ob-
