3890 6214
183 254 247 309 37
1165 245 1429 306 ORATIO
1468 243 1710 302 xxvut.
1751 278 1819 288 —
1858 245 2299 305 THEOLOGICA
2335 249 2401 305 ιι.
2472 302 2473 305 γ
3371 253 3445 310 εδ

176 368 469 422 ὑπόστασιν
490 362 747 438 ὕπάρχει,
789 366 852 420 τὺ
883 365 958 439 μὴ
991 366 1166 439 ἀρχὴν
1196 366 1367 438 ἔχειν,
1394 367 1529 438 μηδὲ
1560 364 1754 431 ἐξίστα

1871 382 1971 422 nec
2006 369 2432 438 incorruptibile,
2464 376 2770 437 caateraque
2807 367 3007 433 omnia,
3049 367 3207 439 502
3236 385 3355 442 quae
3379 373 3447 427 de

177 458 316 520 σθαι,
348 458 483 528 μηδὲ
516 456 885 530 περατοῦσθαι
911 474 927 522 ;
980 457 1122 510 Ἀλλ’
1151 458 1272 511 ὅλον
1324 457 1385 510 τὸ
1413 454 1552 512 εἶναι
1602 475 1758 528 περι-

174 548 466 619 λαμϐάνειν
510 548 754 601 λείπεται
784 547 1238 619 προσφιλοσοφεῖν
1271 564 1331 600 τε
1386 548 1479 600 καὶ
1522 545 1754 618 προσεξ-

175 640 384 704 ετάζειν
412 639 493 709 τῷ
515 656 581 708 γε
606 640 730 693 νοῦν
755 639 892 693 Θεοῦ
929 638 1041 708 (53)
1082 637 1297 709 ἀληθῶς
1325 638 1520 707 ἔχοντι,
1556 639 1649 692 καὶ
1673 656 1763 691 τε-

174 729 419 802 λεωτέρῳ
446 732 547 801 τὴν
577 730 828 802 θεωρίαν.
878 732 964 794 Ὠς
1000 730 1109 803 γὰρ
1157 731 1258 783 οὐκ
1286 731 1451 802 ἀρκεῖ
1485 730 1548 782 τὺ
1600 730 1762 799 σῶμα

176 824 362 885 εἰπεῖν,
395 823 429 893 ἢ
451 822 513 875 τὸ
539 822 918 892 γεγεννῆσθαι,
957 822 1091 894 πρὸς
1120 821 1181 874 τὸ
1209 822 1402 885 καὶτὸ,
1431 821 1563 891 περὶ
1580 820 1608 873 ὃ
1632 821 1764 875 ταῦ-

175 931 260 979 τα,
288 914 643 984 παραστῆσαί
695 931 757 966 τε
806 914 902 966 κα)⁸
954 913 1217 983 δηλῶσαι,
1274 911 1411 965 ἀλλὰ
1435 911 1515 964 δεῖ
1563 912 1658 964 καὶ
1699 912 1763 963 τὸ

176 1000 534 1070 ὑποκείμενον
552 1000 762 1064 τούτοις
786 1003 986 1066 εἰπεῖν,
1004 1003 1053 1054 εί
1086 1001 1268 1072 μέλλοι
1295 1001 1408 1071 (54)
1432 1000 1652 1065 τελείως
1669 1001 1762 1054 καὶ

176 1094 539 1164 ἀποχρώντως
564 1092 626 1146 τὸ
650 1092 940 1163 νοούμενον
981 1092 1433 1165 παραστήσεσθαι
1455 1091 1509 1162 (ἢ
1535 1091 1644 1163 γὰρ
1666 1092 1761 1145 ἅν-

178 1182 409 1255 θρωπος,
428 1184 462 1254 ἢ
478 1183 663 1255 βοῦς,ἢ
679 1184 845 1247 ἵππος
856 1184 1015 1238 τοῦτο
1034 1184 1095 1237 τὸ
1114 1182 1545 1254 ὲνσώματον,καὶ
1570 1182 1764 1251 γεννώ-

114 1304 115 1307 η
179 1278 451 1348 μενον.καὶ
464 1274 1172 1347 φθειρόμενον)·οῦτωςούδὲ
1185 1276 1303 1327 ἐκεῖ
1329 1275 1581 1345 στήσεται
1603 1274 1764 1345 μέχρι

173 1366 265 1421 τοῦ
293 1369 468 1421 εἰπεῖν
505 1366 542 1421 ἃ
576 1367 652 1438 μὴ
684 1366 853 1432 ἔστιν,
884 1369 914 1421 ὁ
938 1367 1042 1437 τὴν
1065 1365 1160 1418 τοῦ
1190 1364 1345 1428 ὄντος
1370 1364 1764 1436 πολυπραγμο-

176 1461 279 1515 νῶν
311 1460 491 1530 φύσιν·
516 1459 656 1514 ἀλλὰ
682 1459 763 1512 δεῖ
794 1460 933 1530 πρὸς
959 1458 1038 1529 τῷ
1082 1456 1194 1530 (55)
1223 1459 1399 1510 εἰπεῖν
1433 1456 1468 1511 ἃ
1512 1457 1586 1528 μὴ
1621 1456 1758 1522 ἔστι,

175 1553 267 1606 καὶ
294 1552 323 1605 ὅ
351 1554 502 1605 ἐστιν
531 1553 727 1604 εἰπεῖν’
750 1553 859 1621 ὅσῳ
888 1551 984 1604 καὶ
1011 1552 1141 1621 ῥᾷον
1168 1548 1229 1602 ἓν
1276 1566 1329 1603 τι
1362 1548 1696 1621 περιλαϐεῖν,
1723 1549 1756 1619 ἢ

172 1644 244 1699 τὰ
269 1645 446 1698 πάντα
474 1645 598 1698 καθ’
627 1644 856 1697 ἕκαστον
894 1644 1170 1706 ἀπειπεῖν,
1200 1642 1288 1695 ἵνα
1316 1640 1382 1694 ἐκ
1418 1658 1479 1693 τε
1514 1640 1625 1712 (56)
1656 1640 1759 1709 τῆς

1863 458 1993 524 Deo,
2023 459 2104 512 vel
2139 459 2283 514 circa
2319 456 2909 526 Deum,prazdicantur.
2939 458 3078 526 Quid
3102 461 3245 513 enim
3278 461 3445 529 prod-

1862 557 1947 603 est
1994 549 2060 602 ad
2114 549 2456 603 indicandam
2508 549 2679 617 ipsius
2734 560 2983 604 naturam
3036 560 3091 604 et
3143 550 3447 605 subsisten-

1866 640 1991 693 tiam
2018 653 2121 707 qua
2150 639 2383 702 exsistit,
2416 638 2460 692 si
2495 639 2646 694 dicas
2693 655 2816 694 eum
2848 640 3060 695 initium
3082 655 3188 694 non
3221 639 3445 706 habere,

1865 744 1965 784 nec
1994 746 2021 783 a
2040 744 2097 784 se
2121 745 2354 799 unquam
2378 730 2706 796 desciscere,
2730 744 2829 785 nec
2853 731 2974 785 ullis
2998 730 3246 785 terminis
3269 730 3445 785 inclu-

1865 817 1955 871 di?
1995 815 2195 871 Verum
2235 825 2399 872 totam
2447 819 2566 889 ejus
2618 821 2909 875 essentiam
2957 821 3362 876 edisserendam
3390 830 3447 876 et

1864 909 2241 977 inquirendam
2295 909 2423 964 huic
2450 910 2830 980 relinquimus,
2865 911 2956 981 qui
2996 927 3124 966 vere
3161 910 3257 965 Dei
3305 911 3446 967 noti-

1865 1000 1994 1053 tiam
2018 1000 2200 1067 habet,
2242 1009 2405 1070 atque
2453 1001 2507 1055 in
2540 1002 2962 1071 contemplanda
3007 1002 3303 1071 perfectior
3338 1011 3443 1058 est.

1867 1090 2102 1147 Uteuim
2145 1108 2251 1147 non
2283 1093 2416 1147 satis
2446 1101 2531 1147 est
2575 1108 2772 1164 corpus
2814 1095 3015 1159 dicere,
3053 1103 3145 1148 aut
3188 1110 3446 1165 procrea-

1864 1195 1973 1237 tum
2002 1198 2143 1248 esse,
2174 1184 2243 1237 ad
2275 1184 2378 1238 hoc
2408 1184 2492 1238 vel
2527 1186 2678 1250 illud,
2707 1188 2792 1241 cui
2824 1187 2935 1241 haec
2960 1186 3227 1256 adjacent,
3261 1186 3447 1257 expri-

1864 1271 2113 1325 mendum
2157 1282 2210 1327 et
2242 1273 2609 1340 indicandum,
2644 1277 2737 1330 sed
2787 1276 2915 1345 quid
2947 1277 3059 1345 ipsa
3092 1291 3305 1346 quoque
3359 1292 3447 1334 res

1861 1361 2104 1428 subjecta
2129 1362 2218 1428 sit,
2245 1364 2529 1418 dicendum
2556 1373 2658 1430 est,
2678 1365 2721 1418 si
2751 1367 2907 1420 modo
2927 1365 3196 1431 volumus,
3220 1366 3273 1421 in
3303 1367 3445 1436 quod

1862 1453 2184 1522 cogitamus,
2216 1453 2373 1522 plene
2408 1463 2570 1525 atque
2615 1457 2829 1511 abunde
2866 1467 3259 1527 repraesentare
3304 1458 3448 1531 (po-

1863 1552 1968 1599 test
1998 1545 2140 1599 enim
2185 1548 2270 1601 vel
2304 1547 2487 1614 homo,
2541 1548 2621 1602 vel
2660 1549 2776 1615 bos,
2831 1550 2917 1605 vel
2952 1565 3119 1619 equus
3169 1566 3306 1618 esse,
3344 1552 3449 1606 hoc

1861 1636 2002 1705 quod
2028 1651 2346 1706 corporeum
2375 1655 2439 1695 ac
2466 1650 2805 1709 procreatum
2836 1652 2891 1696 et
2929 1632 3280 1711 corruptibile
3325 1656 3447 1698 esse

172 1737 507 1807 ἀναιρέσεως
555 1728 630 1790 ὧν
662 1735 764 1788 οὐκ
809 1734 951 1798 ἔστι,
990 1733 1084 1788 καὶ
1117 1733 1216 1803 τῆς
1244 1724 1307 1786 οὗ
1363 1734 1479 1785 ὲστι
1528 1732 1750 1795 θέσεως,

1861 1728 2270 1799 pronuntiamus
2302 1729 2360 1801 )z
2391 1731 2456 1786 ad
2498 1732 2745 1787 eumdem
2772 1733 2988 1788 modum
3041 1734 3132 1802 qui
3156 1732 3249 1787 Dei
3292 1743 3448 1787 natu-

173 1825 479 1897 περιληφθῇ
521 1825 583 1878 τὸ
608 1824 917 1895 νοούμενον.
953 1823 1012 1877 Ὁ
1041 1822 1121 1888 δὲ,
1171 1822 1207 1876 ὃ.
1242 1823 1341 1894 μὲν
1368 1823 1469 1875 οὐκ
1494 1821 1609 1875 ἔστι
1665 1821 1753 1874 λέ-

171 1932 304 1984 γων,
341 1916 560 1970 σιωπῶν
606 1917 664 1970 δὲ
707 1916 737 1969 ὅ
764 1917 902 1977 ἐστι,
950 1918 1096 1968 ποιεῖ
1137 1915 1541 1987 παραπλήσιον,
1568 1913 1755 1986 ὥσπερ

171 2006 238 2061 ἂν
267 2006 379 2078 (57)
417 2009 466 2060 εί
523 2007 593 2061 τὰ
624 2008 786 2061 πέντε
827 2008 910 2070 δὶς
952 2008 1053 2060 ὅσα
1085 2007 1233 2061 ἐστὶν
1271 2007 1645 2079 ἐρωτώμενος,
1674 2008 1757 2059 ὅτι

175 2096 272 2167 μὲν
292 2096 352 2149 οὑ
388 2095 482 2149 δύο
495 2095 643 2164 λέγοι
679 2095 813 2167 (58),
849 2094 971 2148 οὐδὲ
997 2094 1147 2165 τρία,
1186 2093 1307 2146 οὐδὲ
1340 2093 1601 2164 τέσσαρα,
1634 2091 1757 2145 οὐδὲ

170 2187 354 2250 πέντε,
383 2186 503 2240 οὐδὲ
532 2185 762 2250 εἴκοσιν,
815 2184 937 2238 οὐδὲ
968 2184 1283 2254 τριάκοντα.
1314 2182 1436 2236 οὐδέ
1481 2199 1623 2249 τινα,
1669 2181 1756 2235 ἵνα

172 2279 407 2335 συνελὼν
426 2278 586 2344 εἴπω,
621 2277 731 2333 τῶν
755 2277 906 2341 me;
935 2277 1176 2341 δεκάδος,
1208 2275 1241 2346 ἢ
1280 2273 1581 2328 δεκαδικῶν
1632 2274 1756 2346 ἀρι-

173 2371 343 2443 θμῶν·
374 2371 455 2424 ὅτι
480 2370 537 2423 δὲ
554 2371 640 2442 εἴη
665 2371 800 2425 δέκα
821 2367 896 2440 μὴ
920 2367 1092 2437 λέγοι,
1114 2367 1249 2439 μηδὲ
1279 2366 1475 2437 ἐρείδοι
1508 2365 1599 2418 τὸν
1628 2364 1754 2419 νοῦν

167 2462 261 2517 τοῦ
290 2461 604 2534 ἐρωτῶντος
644 2462 726 2525 είς
774 2459 836 2513 τὸ
881 2458 1233 2531 ζητούμενον.
1278 2455 1466 2528 Πολλῷ
1491 2456 1599 2527 γὰρ
1628 2457 1756 2527 ῥᾷον
1799 2474 1819 2518 ι

166 2553 264 2607 καὶ
293 2550 703 2623 συντομώτερον
730 2553 796 2605 ὲκ
818 2548 913 2603 τοῦ
945 2550 974 2602 ὅ
1003 2550 1152 2602 ἐστιν
1184 2549 1286 2602 ὅσα
1312 2548 1413 2601 οὐκ
1439 2546 1555 2601 ἔστι
1585 2546 1757 2617 δηλῶ-

168 2660 279 2707 σαι,
308 2643 342 2714 ἢ
372 2644 438 2696 ὲκ
468 2641 563 2695 τοῦ
594 2642 805 2697 ἀνελεῖν
846 2641 884 2696 ἃ
923 2642 997 2713 μὴ
1045 2640 1213 2703 ἔστιν,
1265 2640 1294 2692 ὅ
1326 2639 1475 2691 ἐστιν
1516 2636 1755 2703 ἐνδείξα-

168 2734 311 2789 σθαι.
344 2736 417 2788 Ἢ
438 2733 597 2788 τοῦτο
633 2733 732 2806 μὲν
757 2734 921 2787 παντὶ
934 2732 1112 2804 δῆλον.

1857 1834 1972 1873 ram
2000 1820 2266 1875 curiosius
2293 1822 2666 1892 inquirendam
2687 1824 2919 1891 duxerit,
2936 1840 3040 1880 non
3065 1826 3153 1880 hic
3176 1828 3441 1896 conquie-

1861 1919 1998 1977 scet,
2043 1919 2101 1964 ut
2155 1913 2320 1978 dicat,
2353 1914 2481 1984 quid
2511 1929 2615 1969 non
2648 1915 2719 1970 sit
2754 1915 2919 1982 Deus,
2948 1917 3043 1971 sed
3085 1916 3188 1972 hoc
3234 1932 3448 1987 quoque

1858 2000 1962 2070 ipsi
1997 2001 2359 2067 adjiciendum
2392 2003 2515 2070 erit,
2554 2012 2633 2067 ut,
2667 2003 2796 2072 quid
2837 2002 2932 2069 sit,
2980 2011 3252 2069 exponat;
3286 2002 3449 2072 idque

1859 2104 1925 2145 eo
1955 2092 2146 2159 magis,
2195 2092 2337 2160 quod
2369 2091 2549 2146 minus
2597 2090 2811 2147 difﬁcile
2843 2100 2927 2146 est
2958 2107 3121 2146 unum
3172 2090 3447 2162 quidpiam

1863 2182 2044 2237 animo
2077 2182 2386 2251 complecti,
2416 2199 2577 2253 quam
2611 2185 2794 2241 omnia
2832 2184 3107 2254 sigillatim
3152 2185 3449 2242 inliciaudo

1862 2287 2166 2337 removere,
2220 2282 2280 2328 ut
2325 2272 2544 2342 rejectis
2576 2276 2664 2339 iis,
2699 2291 2819 2345 qua:
2857 2291 2963 2329 non
2994 2285 3097 2342 est,
3135 2284 3191 2330 et
3240 2277 3446 2331 consti-

1863 2371 1977 2418 tuto
1998 2377 2083 2423 eo.
2119 2364 2263 2433 quod
2289 2364 2380 2428 sit,
2429 2367 2923 2436 comprehendatur
2952 2367 3005 2421 id
3049 2366 3194 2436 quod
3235 2367 3448 2438 cogita-

1861 2468 2006 2509 mus».
2034 2455 2135 2521 Qui
2163 2470 2293 2509 vero
2320 2456 2417 2521 ita,
2446 2458 2575 2526 quid
2612 2472 2699 2513 res
2726 2457 2903 2526 aliqua
2934 2473 3040 2512 non
3070 2459 3166 2525 sit,
3203 2474 3446 2528 pronun-

1864 2545 1978 2609 tiat,
2010 2555 2067 2598 ut
2098 2545 2335 2613 interim,
2359 2549 2485 2616 quid
2519 2549 2612 2613 sit,
2654 2557 2848 2613 taceat,
2872 2563 2978 2603 non
3009 2548 3273 2605 absimilis
3293 2559 3377 2606 est
3399 2551 3447 2606 ei

1860 2636 1949 2704 qui
1982 2647 2220 2705 rogatus,
2274 2638 2357 2691 bis
2380 2639 2620 2708 quinque
2670 2647 2802 2708 quot
2824 2641 2953 2705 sint,
2978 2641 3302 2710 respondeat
3330 2643 3445 2709 qui-

1860 2725 1980 2780 dem
2008 2742 2073 2781 ea
2114 2743 2213 2782 nec
2245 2727 2352 2782 duo
2392 2744 2533 2796 esse,
2565 2745 2665 2785 nec
2719 2732 2844 2797 tria,
2894 2746 2994 2786 nec
3035 2741 3292 2801 quatuor,
3347 2746 3446 2786 nec

166 2829 422 2898 quinque,
456 2840 557 2882 nec
582 2827 796 2896 viginti,
818 2840 920 2881 nec
944 2825 1184 2896 triginta,
1216 2839 1342 2890 nec,
1373 2833 1433 2878 ut
1456 2820 1605 2878 brevi
1674 2817 2029 2889 complectar,
2097 2821 2263 2876 ullum
2333 2837 2618 2877 numerum
2654 2824 2791 2877 citra
2827 2823 2912 2879 vel
2958 2823 3100 2878 ultra
3129 2819 3444 2879 denarium;

167 2936 423 2981 caeterum
461 2923 607 2994 quod
643 2924 827 2980 decem
856 2923 986 2989 sint,
1022 2937 1131 2978 non
1165 2923 1330 2988 dicat,
1359 2936 1459 2976 nec
1504 2926 1740 2973 mentem
1780 2916 1915 2984 ejus,
1945 2931 1976 2970 a
2038 2933 2145 2988 quo
2204 2918 2591 2988 interrogatur,
2624 2920 2691 2974 ad
2726 2920 2779 2974 id
2815 2921 2959 2990 quod
3010 2920 3293 2990 quaesitum
3341 2927 3446 2975 est.

166 3018 365 3089 alligat.
397 3017 563 3073 Multo
589 3018 734 3073 enim
781 3017 993 3073 facilius
1025 3027 1080 3074 et
1105 3016 1542 3089 compendiosius
1572 3024 1674 3079 est,
1700 3027 1767 3068 ex
1804 3026 1889 3078 eo,
1918 3013 2079 3082 quod,
2113 3015 2240 3083 quid
2261 3016 2350 3080 sit,
2382 3015 2605 3081 dixeris,
2639 3015 2896 3085 quidquid
2916 3031 3020 3071 non
3049 3015 3122 3070 sit
3146 3014 3444 3081 declarare,

166 3118 327 3172 ‘luam
357 3126 423 3167 ex
451 3126 666 3176 eorum,
697 3113 826 3182 quid
879 3127 986 3167 non
1027 3122 1133 3181 est,
1160 3112 1432 3169 ablatione
1481 3120 1643 3180 atque
1669 3106 2022 3174 iuliciatione,
2059 3124 2179 3178 quae
2214 3110 2306 3178 sit,
2339 3112 2748 3177 demonstrare;
2785 3110 3242 3180 quemadmodum
3272 3109 3444 3183 cuivis

165 3204 512 3273 perspicuum
546 3218 668 3259 esse
702 3205 966 3261 arbitror.

238 3296 299 3348 ι’.
327 3294 483 3348 Ἐπεὶ
506 3294 565 3348 δέ
585 3295 734 3347 ἐστιν
760 3294 1051 3366 ἀσώματον
1084 3295 1216 3367 ἡμῖν
1262 3294 1324 3348 τὸ
1353 3294 1528 3361 Θεῖον,
1569 3289 1754 3363 μικρόν

1937 3288 1999 3343 Χ.
2026 3290 2291 3358 Quoniam
2324 3293 2489 3362 igitur
2514 3293 2679 3348 Deum
2705 3307 2934 3364 corpore
2960 3307 3155 3349 vacare
3180 3292 3335 3348 nobis
3361 3279 3444 3347 es'

162 3403 218 3439 τι
244 3385 753 3457 προσεξετάσωμεν.
786 3387 1024 3459 Πότερον
1056 3387 1294 3459 οὐδαμοῦ
1327 3385 1506 3451 τοῦτο,
1536 3384 1572 3456 ἦ
1602 3385 1753 3437 ἐστιν

161 3475 327 3542 amo;
352 3477 419 3530 Ei
463 3477 566 3548 μὲν
591 3479 703 3550 γὰρ
733 3477 992 3548 οὐδαμοῦ,
1021 3477 1255 3551 ζητήσαι
1281 3495 1366 3543 τις
1392 3477 1458 3532 ἂν
1481 3477 1590 3531 τῶν
1620 3476 1759 3546 ἄγαν

160 3564 530 3631 ὲξεταστικῶν
561 3567 698 3637 ('59),
739 3567 858 3632 πῶς
883 3567 952 3623 ἂν
980 3569 1075 3623 καὶ
1109 3567 1219 3640 εἴη.
1253 3569 1317 3622 Εἰ
1344 3568 1454 3639 γὰρ
1472 3566 1534 3620 τὸ
1568 3567 1643 3639 μὴ
1674 3566 1754 3633 ὃν,

161 3657 427 3730 οὐδαμοῦ,
459 3658 521 3712 τὸ
561 3658 838 3731 μηδαμοῦ,
860 3659 1025 3730 τυχὸν
1050 3660 1172 3713 οὐδὲ
1205 3660 1285 3714 δν.
1316 3660 1382 3713 El
1401 3658 1459 3712 δέ
1489 3659 1606 3711 ἐστι
1630 3674 1754 3723 που,

161 3750 387 3815 πάντως
438 3751 675 3825 ἐπείπερ
722 3752 891 3816 ἐστὶν,
935 3752 969 3823 ἢ
1006 3755 1064 3807 ὲν
1099 3751 1179 3824 τῷ
1210 3752 1460 3825 παντὶ,ἢ
1510 3751 1647 3824 ὑπὲρ
1697 3750 1759 3805 τὺ

160 3842 295 3895 πᾶν.
344 3840 485 3895 Ἀλλ’
525 3844 575 3896 εί
607 3842 707 3914 μὲν
738 3844 798 3897 ἐν
823 3843 903 3915 τῷ
931 3845 1115 3912 παντὶ,
1159 3845 1194 3915 ἦ
1223 3861 1351 3911 τινι,
1379 3844 1412 3916 ἢ
1449 3841 1750 3914 πανταχοῦ.

158 3934 274 3988 Καὶ
305 3935 355 3988 εί
388 3934 487 4006 μὲν
514 3933 575 3989 έν
596 3952 726 4000 τινι,
753 3937 847 3990 ὑπ’
871 3936 1154 4001 ἐλάττονος
1174 3935 1750 4010 περιγραφήσεταιτοῦ

157 4040 337 4087 τινος.
372 4024 439 4077 El
468 4023 528 4078 δὲ
571 4025 849 4097 πανταχοῦ
895 4027 1025 4097 (40),
1061 4027 1166 4080 ὑπὸ
1200 4027 1445 4090 πλείονος
1477 4028 1570 4081 καὶ
1596 4026 1754 4082 ἄλλον

157 4112 381 4176 πολλοῦ,
441 4111 586 4181 λέγω
613 4113 692 4177 δὲ,
726 4115 787 4168 τὸ
834 4116 1225 4188 περιεχόμενον
1257 4115 1352 4169 τοῦ
1388 4115 1751 4188 περιέχοντος.

156 4206 302 4259 Είτδ
312 4207 424 4259 πᾶν
440 4206 545 4259 ὑπὸ
563 4204 657 4259 τοῦ
676 4206 875 4272 παντὸς
901 4207 1084 4278 μέλλει
1110 4208 1222 4277 (61)
1243 4207 1751 4279 περισχεθήσεσθαι,

156 4296 255 4348 καὶ
275 4294 480 4365 μηδένα
509 4295 675 4350 τόπον
702 4291 841 4351 εἶναι
863 4297 1214 4368 περιγραφῆς
1241 4296 1547 4369 ἐλεύθερον.
1571 4297 1754 4351 Ταῦτα

159 4384 261 4454 μὲν
276 4383 410 4453 (ιὲ),
431 4384 480 4437 εἰ
495 4384 553 4437 ὲν
568 4384 644 4455 τῷ
661 4386 844 4439 παντί.
860 4386 970 4440 Καὶ
989 4386 1112 4453 ποῦ,
1134 4387 1264 4458 πρὶν
1279 4386 1529 4456 γενέσθαι
1541 4387 1601 4440 τὸ
1614 4390 1719 4442 πᾶν
1734 4405 1749 4454 ;

155 4473 295 4527 Οὐδὲ
326 4475 435 4546 γὰρ
480 4475 639 4530 τοῦτο
667 4477 861 4548 μικρὸν
892 4480 971 4542 εἰς
1019 4479 1276 4551 ἀπορίαν.
1318 4481 1382 4534 Ei
1422 4481 1479 4534 δὲ
1513 4484 1651 4554 ὑπὲρ
1692 4483 1753 4536 τὸ

154 4566 292 4631 πᾶν,
324 4560 413 4636 ἄρ’
447 4565 601 4619 οὐδὲν
628 4561 696 4637 ἦν
723 4567 785 4620 τὸ
805 4567 1050 4639 διορίζον
1092 4569 1224 4623 αὐτὸ
1247 4569 1340 4623 τοῦ
1370 4570 1600 4636 παντός;
1639 4570 1751 4625 Ποῦ

151 4656 213 4710 δὲ
262 4656 328 4709 τὺ
374 4656 514 4726 ὑπὲρ
543 4658 739 4725 τοῦτο;
796 4661 908 4712 Καὶ
944 4660 1062 4719 πῶς
1113 4661 1308 4733 ἐνοήθη
1348 4662 1409 4715 τὸ
1452 4663 1746 4734 ὑπεραῖρον
1774 4644 1826 4706 D

150 4748 254 4801 καὶ
276 4748 730 4821 ὑπεραιρόμενον,
774 4752 875 4804 οὐκ
902 4750 1056 4814 ὄντος
1078 4753 1205 4821 ὅρου
1245 4754 1386 4818 τινὸς
1408 4753 1501 4808 τοῦ
1523 4755 1748 4826 τέμνον-

148 4854 249 4901 τος
271 4837 453 4893 ταῦτα
501 4840 594 4893 καὶ
621 4840 981 4912 διορίζοντος;
1034 4844 1104 4896 Ἢ
1134 4844 1240 4916 χρὴ
1268 4847 1484 4912 πάντως
1503 4842 1642 4901 εἶναι
1687 4848 1748 4903 τὸ

150 4927 352 5000 μέσον,
402 4929 497 4981 καὶ
541 4921 587 4997 ᾧ
632 4928 964 5002 περατοῦται
1008 4932 1071 4986 τὸ
1123 4934 1253 5000 πᾶν,
1286 4935 1380 4989 καὶ
1418 4936 1478 4989 τὸ
1521 4937 1747 5009 ὑπὲρντὺ

249 5132 348 5201 55)
384 5132 554 5187 Θεοῦ.
584 5132 742 5189 Deest
770 5134 822 5189 in
855 5134 949 5191 0r.
974 5136 1024 5190 l.

246 5203 344 5277 ἐξ)
369 5202 616 5277 eam,
647 5205 780 5277 ιιςι.
813 5220 866 5277 ε..
904 5205 1107 5277 μέλλει.

248 5271 346 5339 55)
383 5271 486 5337 Τῷ.
516 5273 680 5329 Coisl.
709 5271 761 5336 1,
791 5275 873 5332 τό.

248 5343 344 5416 ἓξ)
371 5344 484 5416 ξῌκ
508 5360 589 5397 τε.
636 5344 791 5416 Deest
805 5363 864 5399 τε
891 5347 942 5399 in
961 5346 1100 5416 Reg.
1134 5347 1246 5401 bm.

218 5413 342 5483 (37)
369 5413 595 5483 Ὠσπερ
626 5412 723 5467 ἄν.
761 5415 918 5470 Deest
937 5415 1001 5470 ἄν
1041 5412 1090 5470 in
1110 5416 1204 5469 Or.
1244 5416 1300 5470 1.

216 5477 340 5557 (ᾷδ)
411 5484 517 5557 οὐΔ
555 5477 672 5557 δύο
726 5484 911 5557 λέγοι,
964 5497 1070 5557 etc.
1130 5486 1299 5553 Regg.
1343 5502 1395 5552 a,
1463 5487 1576 5557 bm,
1637 5497 1744 5545 tres

131 5550 310 5629 C911).
370 5561 427 5607 et
480 5550 573 5610 Or.
628 5553 678 5621 1,
736 5550 818 5608 οὐ⁷
847 5555 938 5609 δύο
991 5555 1159 5625 λέγει,
1213 5550 1343 5611 ὀὐδὲ
1383 5550 1574 5629 τρεῖς,
1619 5561 1741 5613 οὐδὲ

129 5622 450 5686 τέσσαρας.

216 5675 503 5765 (59)]τῶν
524 5695 677 5767 ἄγαν
698 5695 1119 5762 ἐξπαστικῶν.
1160 5715 1179 5749 ι
1219 5696 1320 5764 Qui
1363 5698 1502 5758 scire
1550 5715 1615 5757 ac
1658 5699 1742 5755 in-

1861 3386 2201 3456 citploratum
2226 3427 2243 3452 ,
2284 3387 2560 3456 aliquanto
2595 3387 2822 3443 ulterius
2853 3388 2907 3442 in
2946 3387 3268 3456 inquirendo
3314 3401 3443 3458 pro-

1860 3480 2189 3549 grediamur.
2216 3478 2564 3549 Nusquamne
2598 3480 2686 3535 ille
2713 3488 2816 3545 est,
2846 3496 2912 3535 an
2951 3479 3186 3535 alicubi?
3215 3478 3271 3535 Si
3295 3481 3440 3535 enim

1859 3584 2146 3639 nusquam,
2181 3578 2387 3639 quaeret
2416 3570 2646 3625 fortasse
2680 3569 2877 3640 aliquis
2899 3585 2967 3624 ex
2998 3570 3067 3626 iis
3112 3570 3206 3639 qui
3256 3569 3440 3640 inqui-

1861 3662 2015 3716 rendi
2044 3677 2108 3717 ac
2158 3663 2469 3732 disputandi
2525 3663 2825 3718 subtilitate
2869 3662 3163 3733 impensius
3187 3663 3439 3732 gaudent,

1858 3753 2128 3820 quomodo
2152 3766 2274 3808 esse
2297 3767 2512 3824 quoque
2535 3755 2726 3824 possit.
2754 3754 2887 3808 Nam
2911 3754 2955 3809 si
2980 3754 3032 3809 id
3050 3756 3190 3825 quod
3209 3769 3316 3810 non
3334 3765 3438 3821 est,

1859 3860 2124 3914 nusquam
2154 3854 2283 3901 est:
2325 3846 2380 3902 id
2439 3861 2655 3916 quoque
2710 3847 2852 3916 quod
2905 3862 3172 3916 nusquam
3223 3856 3326 3912 est,
3369 3860 3441 3902 ne

1857 3937 2071 4006 quidem
2116 3935 2348 3994 fortasse
2375 3947 2477 3994 est.
2512 3937 2663 4005 Quod
2698 3936 2743 3992 si
2796 3936 2990 3991 alicubi
3045 3951 3165 3993 esse
3213 3937 3437 4005 dixeris,

1856 4025 2232 4096 proculdubio,
2263 4027 2703 4097 quandoquidem
2733 4034 2834 4093 est,
2864 4026 2947 4080 vel
2973 4025 3026 4079 in
3053 4025 3308 4081 universo
3329 4036 3436 4093 est,

1856 4115 1937 4170 vel
1967 4132 2129 4187 supra
2160 4117 2488 4173 universum.
2518 4117 2574 4171 Si
2605 4118 2658 4170 in
2699 4117 2984 4183 universo;
3019 4116 3103 4171 vel
3128 4118 3179 4171 in
3202 4117 3437 4186 quadam

1853 4208 1970 4277 ejus
1996 4219 2150 4278 parte
2178 4219 2284 4275 est,
2315 4210 2398 4265 vel
2417 4209 2575 4280 503
2600 4209 2818 4279 ubique.
2847 4207 2902 4262 Si
2927 4207 3157 4276 quadam
3182 4207 3234 4261 in
3259 4217 3433 4277 parte,

1855 4315 1986 4372 ergo
2015 4316 2044 4354 a
2072 4302 2265 4356 minori
2301 4301 2405 4356 hac
2431 4314 2582 4370 parte
2633 4300 3114 4355 circumscribetur
3184 4298 3279 4353 Sin
3311 4298 3433 4354 ubi-

1853 4407 1980 4463 que,
2008 4393 2076 4448 ab
2105 4392 2361 4462 ampliore
2400 4392 2614 4460 alioque
2648 4391 2814 4446 multo
2870 4391 3096 4461 majore,
3150 4390 3203 4445 id
3241 4399 3346 4457 est,
3392 4405 3432 4455 _a

1853 4484 2160 4539 continente
2185 4484 2572 4539 continebitur.
2605 4481 2732 4536 Haec
2754 4482 2797 4536 si
2824 4482 3154 4547 dederimus,
3189 4480 3428 4537 futurum

1851 4585 1955 4643 est,
1996 4584 2054 4631 ut
2080 4576 2389 4631 universum
2419 4575 2653 4630 universi
2702 4573 2986 4644 complexu
3020 4581 3304 4640 teneatur,
3331 4588 3433 4630 nec

1853 4668 1991 4723 ullus
2023 4684 2050 4721 a
2079 4667 2583 4736 circumscriptione
2624 4665 2762 4720 liber
2796 4674 2972 4721 exstet
3024 4665 3193 4721 locus.
3237 4664 3294 4719 lu
3329 4665 3430 4721 has

1852 4757 2475 4813 absurditatesincidant
2497 4770 2721 4811 necesse
2751 4763 2858 4818 est,
2895 4756 2987 4825 qui
3037 4770 3161 4810 eum
3205 4756 3258 4810 in
3309 4755 3431 4810 uni-
3548 4770 3549 4773 ‘

1851 4865 2012 4905 verso
2035 4864 2155 4904 esse
2178 4848 2436 4902 dixerint.
2488 4847 2567 4902 Ac
2597 4856 2880 4917 prmterea,
2914 4846 3131 4903 ubinam
3157 4857 3295 4913 erat,
3330 4861 3428 4900 au-

1853 4950 2067 5012 tequam
2104 4941 2358 4995 universa
2405 4939 2525 4993 haec
2568 4952 2750 4993 rerum
2802 4939 3051 4994 machina
3092 4936 3424 4994 exstitisset?

1855 5141 2122 5209 vestigare
2149 5141 2330 5194 omnia
2362 5149 2603 5206 cupiunt.
2647 5157 2668 5192 ι

1927 5208 2037 5282 (40)
2062 5212 2130 5263 El
2157 5209 2236 5282 δὲ
2263 5209 2593 5282 πανταχοῦ,
2625 5221 2730 5266 etc.
2786 5208 2907 5264 Biil.
2938 5224 2952 5262 :
2986 5227 3006 5261 ‹
3051 5208 3169 5282 δίη,
3198 5209 3418 5279 ubique,

1851 5280 1982 5362 ergo
2008 5280 2073 5335 ab
2121 5280 2226 5334 alio
2256 5280 2423 5362 multo
2460 5281 2663 5347 majore
2692 5281 3057 5362 continebitur
3090 5281 3172 5362 Esi
3203 5283 3418 5350 quidem

1851 5350 2089 5405 futurum
2118 5361 2220 5413 est,
2252 5361 2310 5403 ut
2333 5351 2474 5403 Deus
2507 5360 2649 5404 totus
2672 5351 2905 5403 universi
2932 5350 3210 5417 complexu
3249 5361 3423 5407 tenea-

1851 5430 1958 5480 tur.
1996 5436 2093 5474 nec
2117 5421 2220 5489 ulla
2251 5435 2315 5472 ex
2353 5430 2501 5489 parte
2526 5418 3040 5489 circumscriptionis
3064 5436 3257 5489 expers
3287 5424 3411 5477 sit.)

1921 5491 2033 5561 (41)
2086 5487 2519 5559 Μέλλειζιιρς.
2588 5491 2701 5555 bm,
2758 5499 2866 5544 tres
2909 5487 3062 5545 Colb.
3123 5487 3179 5546 et
3225 5493 3413 5548 Comi).

1851 5561 2280 5704 pé?2§;._Tqﬁta
2304 5627 2454 5704 μέν,
2486 5638 2588 5704 etc.
2623 5628 2805 5704 (“H330
2830 5627 3045 5704 quidem
3078 5643 3412 5703 consequen-

1848 5697 1955 5771 tur,
1991 5697 2036 5758 si
2070 5702 2122 5756 in
2153 5701 2256 5755 hac
2277 5700 2623 5756 universitate
2644 5697 2785 5756 Deus
2803 5697 3179 5757 cunstitualur.
3212 5717 3234 5754 ι
