3890 6214
442 250 515 308 59
1640 244 1700 300 S.
1740 238 2071 298 GREGORII
2115 239 2459 296 THEOLOGI
3610 241 3687 297 ιο

446 370 581 426 Nam
601 367 700 423 hoc
720 379 931 436 quoque
952 378 1057 421 non
1081 364 1249 420 levem
1270 362 1632 419 dillicultatem
1654 362 1829 418 all‘ert.
1854 363 2004 429 Quod

2114 362 2250 425 πᾶν;
2283 362 2393 415 Καὶ
2423 361 2481 414 τί
2526 360 2653 415 ἄλλο
2701 358 2914 429 τοῦτοῆ
2950 356 3113 423 τόπος
3154 358 3321 425 ἐστὶν,
3356 359 3525 432 ὅνπερ
3552 361 3689 428 ἐφύ-

444 464 488 518 si
514 478 635 516 eum
666 475 823 529 supra
859 459 1168 515 universum
1197 472 1318 513 esse
1354 457 1604 521 dixerim,
1640 455 1802 524 quid?
1832 453 2001 507 Nihil-

2114 467 2272 521 γομεν
2297 469 2310 516 ;
2338 451 2448 505 Καὶ
2471 450 2623 505 οὔπω
2647 451 2790 519 λέγω
2819 450 2879 503 τὺ
2904 448 3280 521 περιγραπτὸν
3301 447 3516 512 πάντως
3542 444 3689 502 εἶναι

446 568 513 608 ne
531 561 669 615 erat,
701 552 841 621 quod
872 564 994 603 eum
1034 549 1103 603 ab
1130 549 1378 602 universo
1418 543 1730 601 dirimeret?
1768 542 1997 598 Ubinam

2114 543 2165 595 τὸ
2194 542 2365 607 Θεῖον,
2396 544 2489 596 καὶ
2512 545 2559 595 εί
2579 541 2910 614 (43)διανοίᾳ
2926 538 3291 611 καταληπτόν’
3316 538 3375 592 ἓν
3395 538 3502 610 γάρ
3536 556 3690 611 περι-

444 656 603 710 porro
630 651 764 701 erat,
796 639 936 709 quod
967 653 1126 707 supra
1180 637 1487 691 universum
1532 634 1681 688 erat?
1708 635 1815 688 Aut
1863 648 1997 702 quo-

2114 634 2321 702 γραφῆς
2343 628 2483 696 εἶδος
2512 632 2664 703 καὶὴ
2691 631 3014 701 κατάληψις.

444 735 604 791 modo
630 733 920 790 internosci
949 739 1160 802 poterat
1191 731 1263 794 id,
1296 730 1441 799 quod
1473 729 1756 784 sublimius
1777 738 1912 790 erat,
1945 726 2012 781 ab
2050 739 2136 808 eo,
2169 728 2310 795 quod
2341 726 2585 791 inferius,
2618 741 2740 781 cum
2776 725 2954 780 nullus
3017 723 3173 779 limes
3234 731 3398 787 esset,
3437 722 3527 793 qui
3571 723 3689 777 haec

444 841 754 890 secerneret
784 845 847 885 ac
896 826 1282 898 distingueret?
1306 826 1494 882 Annon
1516 824 1736 879 omnino
1784 836 2006 878 necesse
2043 830 2127 876 est
2158 822 2390 876 medium
2418 821 2685 889 quoddam
2711 834 2853 883 esse,
2880 834 3008 888 quo,
3030 819 3179 874 velut
3241 816 3490 882 termino,
3549 816 3687 872 diri-

443 938 621 980 matur
642 925 943 979 universum
965 923 1033 976 ab
1061 936 1145 985 eo,
1168 920 1310 990 quod
1339 934 1500 987 supra
1537 920 1843 972 universum
1870 917 2000 972 est?
2035 915 2171 984 Quid
2200 925 2391 981 autem
2409 915 2551 970 aliud
2618 915 2721 970 hoc
2783 914 2964 977 fuerit,
2989 927 3149 983 quam
3176 913 3350 978 locus,
3381 924 3542 982 quem
3565 912 3683 983 jam

443 1026 569 1072 ante
597 1013 953 1071 exclusimus?
982 1011 1224 1067 Nondum
1273 1011 1419 1067 enim
1458 1023 1840 1074 commemoro,
1890 1008 2005 1063 fieri
2042 1008 2261 1062 omnino
2294 1021 2397 1061 non
2431 1021 2609 1076 posse,
2676 1006 2807 1075 quin
2868 1007 3312 1076 circumscriptus
3338 1010 3411 1066 sit
3443 1011 3608 1074 Deus,
3634 1010 3683 1064 si

443 1111 625 1166 animo
643 1117 696 1163 et
712 1107 1034 1178 cogitatione
1051 1086 1432 1173 comprehendi
1448 1112 1643 1172 potest.
1666 1087 1841 1159 Unum
1858 1101 2056 1171 quippe
2072 1100 2586 1167 circumscriptionis
2604 1114 2774 1169 genus
2791 1100 3201 1169 comprehensio
3214 1115 3429 1173 quoque
3447 1104 3560 1174 ipsa
3574 1112 3680 1157 est.

516 1198 606 1255 XI.
636 1198 902 1265 Quorsum
933 1205 1111 1249 autem
1167 1198 1282 1249 haec
1327 1192 1580 1257 disserui,
1638 1178 2009 1261 curiosiusque

444 1291 693 1356 fortasse,
730 1303 891 1359 quam
925 1286 1066 1357 vulgi
1103 1301 1262 1340 aures
1295 1285 1492 1350 ferant,
1545 1298 1608 1338 ac
1633 1299 1730 1353 pro
1757 1298 1854 1348 ea,
1888 1298 2008 1351 quae

446 1383 548 1439 hac
588 1389 908 1451 tempestate
940 1381 1102 1449 viget,
1137 1376 1442 1446 disputandi
1466 1377 1672 1431 ratione
1690 1374 1852 1444 (quae,
1878 1375 2009 1428 sim-

442 1475 568 1546 plici
598 1483 760 1543 atque
787 1472 1018 1542 ingenua
1058 1485 1237 1524 rerum
1262 1468 1564 1522 divinarum
1591 1468 2008 1536 pertractatione

440 1573 748 1634 contempta
777 1572 834 1616 et
858 1577 955 1632 pro
986 1559 1153 1614 nihilo
1179 1559 1381 1621 habita,
1422 1558 1702 1614 subdolum
1738 1567 1899 1627 atque
1922 1557 2005 1610 in-

441 1655 678 1712 volutum
712 1654 928 1709 dicendi
958 1667 1126 1720 genus
1167 1650 1400 1715 invexit;
1427 1659 1483 1703 ut
1516 1650 1766 1703 nimirum
1800 1664 1863 1704 ex
1894 1648 2004 1702 lru—
2035 1682 2077 1737 Β

441 1746 616 1802 ctibus
641 1746 803 1801 arbor
828 1745 900 1810 ⁸ο,
937 1745 1039 1799 hoc
1066 1752 1170 1806 est,
1197 1751 1314 1796 ater
1341 1741 1426 1795 ille
1455 1756 1518 1794 ac
1554 1741 1867 1795 tenebrosus
1896 1739 2005 1808 spi-

441 1838 596 1901 ritus,
621 1834 921 1904 hnjnsmodi
953 1833 1260 1902 dogmatum
1294 1829 1520 1896 alllator,
1552 1845 1616 1885 ex
1651 1830 1750 1885 hac
1770 1830 2006 1899 disputa-

443 1926 604 1980 tionis
624 1924 853 1994 caligine
892 1922 1270 1993 agnoscatur)?
1304 1921 1418 1976 Non
1443 1921 1585 1975 enim
1617 1923 1717 1974 hoc
1749 1935 1813 1975 eo
1843 1937 1872 1974 a
1919 1936 2005 1976 me

441 2014 642 2071 factum
688 2025 792 2079 est,
831 2025 888 2069 ut
923 2015 1036 2084 ipse
1084 2028 1296 2082 quoque
1344 2027 1476 2067 nova
1528 2022 1582 2067 et
1620 2015 1687 2068 ab
1730 2015 2002 2067 hominum

441 2104 688 2162 sensibus
716 2105 889 2159 aliena
940 2102 1203 2173 proferre,
1257 2112 1415 2172 atque
1444 2103 1640 2158 eximia
1685 2103 1914 2173 quadam
1950 2112 2006 2158 et

440 2195 719 2251 excellenti
775 2195 1035 2264 sapientia
1075 2203 1297 2248 ornatus
1333 2208 1456 2248 esse
1499 2193 1539 2223 ⁵¹
1591 2193 1794 2260 videar,
1834 2194 2004 2249 nodos

444 2294 686 2349 nectens,
710 2294 873 2354 atque
889 2285 1110 2341 astricta
1131 2283 1465 2351 dissolvens;
1492 2284 1631 2353 quod
1653 2285 1865 2353 quidem
1893 2300 2004 2338 ma-

444 2389 605 2444 gnum
631 2376 866 2430 Danielis
883 2375 1197 2429 miraculum
1228 2374 1359 2442 fuit;
1395 2389 1578 2430 verum
1597 2385 1652 2427 ut
1678 2374 1803 2428 illud
1822 2385 2004 2430 osten-

441 2467 565 2522 dam
591 2505 606 2531 ,
637 2467 778 2535 quod
812 2465 1070 2520 orationis
1101 2466 1364 2536 principio
1405 2467 1583 2522 dicere
1617 2467 1959 2525 instituebat!
1986 2507 2001 2531 ,

441 2557 694 2611 nimirum
725 2556 888 2610 Deum
920 2564 1069 2611 extra
1098 2557 1314 2610 humani
1350 2556 1551 2626 ingenii
1594 2567 1806 2625 captum
1838 2572 1956 2613 esse
1985 2597 2001 2623 ,

441 2663 541 2704 nec
574 2657 762 2714 totum,
795 2656 1031 2716 quantus
1056 2656 1161 2711 est,
1191 2647 1412 2718 cogitari
1438 2656 1598 2717 atque
1628 2649 1807 2703 animo
1834 2648 2003 2701 infor-

439 2739 576 2794 mari
600 2755 786 2811 posse;
809 2739 968 2808 idque
988 2755 1094 2793 non
1112 2740 1181 2794 ob
1199 2739 1454 2794 invidiam
1490 2741 1667 2811 (longe
1689 2742 1830 2795 enim
1851 2743 2005 2795 abest

441 2848 472 2888 a
508 2833 686 2889 divina
712 2840 904 2887 natura
935 2832 1145 2886 invidia:
1166 2831 1323 2898 livor,
1361 2841 1545 2903 utpote
1570 2848 1687 2901 quae
1712 2820 1855 2887 omni
1881 2848 2004 2902 per-

441 2925 745 2981 turbatione
778 2934 953 2990 vacat,
1003 2923 1222 2992 solaque
1254 2925 1393 2979 bona
1439 2934 1493 2978 et
1521 2926 1734 2979 domina
1785 2936 1887 2989 est,
1939 2939 2005 2979 ac

2179 1189 2282 1244 IA'.
2324 1190 2479 1253 Τίνος
2512 1184 2604 1243 οῦν
2638 1189 2821 1242 ἕνεκεν
2851 1187 3022 1243 ταῦτα
3066 1189 3296 1260 διῆλθον,
3338 1191 3434 1245 καὶ
3461 1207 3685 1263 περιερ-

2108 1279 2229 1348 γότε
2239 1296 2326 1351 ρον
2351 1277 2479 1344 ἴσως
2501 1278 2536 1349 ἢ
2559 1278 2699 1332 κατὰ
2719 1278 2818 1340 τάς
2845 1276 2954 1331 τῶν
2973 1276 3177 1331 πολλῶν
3201 1279 3389 1346 ἀκοὰς,
3419 1279 3515 1332 καὶ
3538 1279 3683 1333 κατά

2106 1372 2200 1425 τὸν
2229 1371 2321 1425 νῦν
2345 1370 2457 1438 (44)
2501 1359 2880 1440 κεκρατηκότα
2922 1366 3091 1423 τύπον
3112 1368 3220 1421 τῶν
3266 1368 3438 1437 λόγων
3486 1368 3567 1439 (ὃς
3618 1368 3683 1420 τὸ

2109 1465 2352 1533 γενναῖον
2368 1461 2462 1516 καὶ
2488 1460 2693 1515 ἁπλοῦν
2733 1461 3030 1530 ἀτιμάσας,
3059 1460 3121 1512 τὸ
3167 1460 3380 1515 σκολιὸν
3423 1462 3518 1514 καὶ
3557 1477 3683 1532 γρι-

2110 1555 2318 1625 φοειδὲς
2367 1552 2480 1623 (45)
2520 1552 2903 1625 ἐπεισήγαγεν·
2963 1551 3040 1614 ὼς
3086 1553 3152 1605 ὲκ
3199 1551 3308 1605 τῶν
3344 1552 3573 1623 καρπῶν
3617 1551 3683 1605 τὸ

2107 1646 2319 1716 δένδρον
2344 1643 2728 1714 γινώσκεσθαι,
2747 1644 2889 1711 λέγω
2913 1642 2972 1697 δὲ
3004 1642 3066 1696 τὸ
3098 1643 3351 1714 ἐνεργοῦν
3368 1643 3441 1696 τὰ
3454 1642 3682 1697 τοιαῦτα

2105 1739 2351 1809 δόγματα
2398 1737 2588 1800 σκότος
2620 1738 2683 1790 ὲκ
2713 1735 2808 1788 τοῦ
2834 1735 2999 1804 ξόςρου
3034 1734 3142 1789 τῶν
3178 1735 3543 1806 λεγομένων);
3600 1736 3679 1789 Οὐ

2105 1833 2212 1903 γὰρ
2238 1832 2325 1885 ἴνα
2353 1830 2446 1884 καὶ
2482 1829 2643 1892 αὐτὸς
2676 1827 2953 1899 παράδοξα
2992 1826 3171 1893 λέγειν
3194 1827 3349 1893 δόξω,
3380 1828 3476 1883 καὶ
3497 1845 3682 1900 περιτ-

2103 1924 2194 1988 τὸς
2224 1922 2498 1994 φαίνωμαι
2524 1922 2622 1992 τὴν
2670 1920 2881 1990 σοφίαν,
2918 1920 3131 1975 πλέκων
3185 1919 3510 1991 συνδέσμους
3539 1921 3679 1993 (46),

2105 2018 2198 2071 καὶ
2242 2015 2469 2070 διαλύων
2514 2014 2877 2086 κρατούμενα,
2930 2013 3086 2068 τοῦτο
3110 2014 3173 2086 δὴ
3200 2014 3261 2067 τὸ
3301 2015 3446 2084 μέγα
3493 2014 3682 2087 θαῦμα

2103 2108 2197 2161 τοῦ
2227 2108 2444 2178 Δανιήλο
2470 2106 2586 2161 ἀλλ’
2620 2106 2685 2160 ἶν’
2715 2108 2891 2159 ἐκεῖνο
2917 2104 3241 2177 δηλώσαιμι,
3270 2108 3299 2160 ὃ
3330 2124 3420 2177 μοι
3440 2107 3624 2177 λέγειν
3650 2109 3682 2161 ό

2104 2200 2258 2269 λόγος
2286 2201 2380 2254 ἀπ’
2403 2198 2577 2271 ἀρχῆς
2606 2198 2830 2269 ὥρμησε
2853 2198 2986 2268 (47).
3017 2197 3188 2251 Τοῦτο
3236 2199 3295 2252 δὲ
3332 2199 3385 2252 τί
3423 2193 3491 2269 ἦν
3521 2199 3674 2269 (48);

2104 2291 2177 2343 Τὸ
2207 2290 2280 2362 μὴ
2295 2290 2496 2360 ληπτὸν
2525 2284 2663 2341 εἶναι
2695 2287 3010 2361 ἀνθρωπίνῃ
3033 2288 3239 2359 διανοίᾳ
3283 2288 3345 2341 τὸ
3375 2288 3548 2355 Θεῖον,
3572 2306 3682 2359 μη-

2103 2382 2300 2435 δὲὸλον
2337 2382 2460 2435 ὅσον
2508 2381 2624 2434 ἐστὶ
2669 2379 3055 2450 φαντάζεσθαιο
3090 2380 3374 2434 καὶτοῦτο
3423 2379 3546 2435 οὔτε
3586 2380 3681 2435 διά

2106 2473 2297 2542 φθόνον
2332 2471 2575 2543 (μακρὰν
2616 2472 2726 2542 γὰρ
2750 2471 2852 2538 τῆς
2897 2470 3049 2535 θείας
3082 2471 3295 2541 φύσεως
3323 2471 3534 2541 φθόνος.
3576 2473 3682 2544 τῆς

2104 2582 2167 2633 γε
2201 2564 2463 2631 ἀπαθοῦς,
2492 2564 2587 2618 καὶ
2628 2565 2795 2635 μόνης
2822 2563 3052 2635 ἀγαθῆς,
3077 2565 3171 2618 κοιλ⁵
3193 2566 3407 2635 κυρίας.
3428 2564 3523 2619 καὶ
3566 2564 3681 2635 μά·

2104 2657 2260 2710 λιστα
2274 2656 2382 2709 τῶν
2413 2655 2607 2709 ἑαυτοῦ
2630 2654 2943 2726 κτισμάτων
2960 2658 3089 2727 περὶ
3107 2656 3170 2709 τὺ
3198 2655 3525 2727 τιμιώτατον
3537 2656 3679 2727 (49).

2104 2750 2169 2802 Τί
2214 2749 2324 2820 γὰρ
2371 2748 2530 2818 Λόγῳ
2566 2748 2670 2819 πρὸ
2701 2749 2809 2802 τῶν
2833 2748 3098 2817 λογικῶνο
3152 2749 3273 2801 ἐπεὶ
3327 2748 3422 2803 καὶ
3455 2749 3587 2802 αὐτὸ
3613 2750 3682 2802 τὸ

2103 2841 2401 2911 ὑποστῆναι
2444 2840 2544 2910 τῆς
2586 2840 2761 2912 ἄκρας
2806 2840 3182 2911 ἀγαθότητος).
3226 2839 3352 2895 οὔτε
3382 2842 3463 2905 είς
3508 2841 3682 2914 τιμὴν

2105 2933 2297 2987 ἑαυτοῦ
2343 2934 2438 2986 καὶ
2485 2932 2641 3000 δόξαν
2686 2934 2781 2987 τοῦ
2827 2934 3071 3022 πλήρρυς
3100 2934 3233 3006 (50),
3271 2935 3359 2989 ἵνα
3403 2934 3481 3005 τῷ
3509 2937 3683 3005 ἀνεφ-

440 3018 737 3090 praesertim
755 3032 879 3087 erga
908 3017 983 3083 id,
1022 3017 1163 3085 quod
1192 3030 1254 3070 ex
1281 3015 1530 3071 omnibus
1553 3016 1713 3070 rebus
1731 3029 1761 3069 a
1785 3029 1844 3069 se
1871 3030 2000 3070 con-

2114 3024 2234 3095 ἷκτῳ
2257 3024 2317 3076 τὸ
2341 3024 2520 3094 τίμιον
2543 3024 2641 3097 ἔχῃ
2667 3026 2758 3078 καὶ
2785 3025 2845 3078 τὺ
2874 3015 3190 3096 σεϐἆσμιον.
3212 3025 3381 3079 Τοῦτο
3409 3025 3515 3098 γάρ
3538 3027 3684 3080 πάν-

442 3108 569 3163 ditis
598 3107 830 3162 maximo
862 3107 914 3161 in
939 3107 1111 3176 pretio
1133 3105 1316 3161 habet.
1346 3104 1484 3171 Quid
1519 3104 1662 3160 enim
1704 3105 1842 3174 apud
1874 3104 2004 3158 Ver-

440 3198 566 3255 bum
597 3200 775 3269 priore
801 3198 917 3253 loco
946 3211 1011 3251 ac
1042 3212 1267 3251 numero
1314 3207 1431 3264 est,
1483 3212 1638 3265 quam
1686 3212 1804 3266 qua:
1837 3197 2005 3250 ratio-

442 3306 563 3345 nem
622 3305 687 3345 ac
749 3288 1014 3345 sermonis
1073 3287 1237 3360 505
1287 3289 1598 3344 facultatem
1647 3292 2004 3360 acceperunt?

441 3383 879 3455 Quandoquidem
910 3385 1011 3438 hoc
1047 3397 1262 3453 quoque
1311 3382 1508 3452 ipsum,
1537 3384 1677 3451 quod
1723 3397 2003 3453 procreata

2105 3133 2215 3179 τως
2243 3115 2354 3187 (51)
2386 3118 2698 3185 σοφιστικὸν
2720 3119 2813 3172 καὶ
2836 3118 3135 3190 ἀλλότριον,
3154 3120 3227 3190 μὴ
3254 3119 3507 3185 ὅτιΘεοῦ,
3556 3119 3684 3173 ἀλλ’

2104 3206 2224 3261 οὐδὲ
2278 3205 2564 3278 ἀνθρώπου
2619 3209 2853 3279 μετρίως
2903 3209 3200 3274 ἐπιεικοῦς,
3257 3209 3351 3263 καί
3399 3227 3450 3263 τι
3505 3210 3685 3274 δεξιὸν

2106 3297 2285 3369 ἑαυτῷ
2322 3298 2643 3363 συνειδότος,
2699 3301 2764 3353 ὲκ
2794 3300 2889 3353 τοῦ
2918 3299 3147 3353 κωλύειν
3180 3300 3402 3373 ἐτέρους
3432 3300 3492 3354 τὸ
3527 3318 3688 3373 πρω-

2106 3390 2248 3442 τεῖον
2265 3388 2602 3461 πορίζεσθαι.

439 3484 584 3543 sunt,
608 3491 830 3531 summa:
860 3475 1134 3542 cujusdam
1165 3474 1357 3527 divina:
1400 3473 1655 3528 bonitatis
1707 3485 2080 3543 argumentum
2109 3479 2234 3549 est),
2299 3487 2490 3537 nec,ut
2552 3477 2678 3531 inde
2734 3476 2926 3547 ipsius,
2981 3478 3075 3546 qui
3119 3476 3308 3547 plenus
3346 3486 3450 3542 est,
3482 3477 3683 3533 honori

439 3568 729 3638 gloriaeque
781 3567 1071 3635 quidquam
1124 3566 1425 3631 accederet,
1458 3574 1517 3620 ut
1563 3566 1809 3623 videlicet
1836 3582 1903 3623 ex
1933 3586 1997 3623 eo
2036 3572 2177 3640 quod
2211 3572 2278 3625 ad
2345 3572 2461 3638 ejus
2523 3570 2889 3640 cognitionem
2924 3572 3182 3627 mortales
3240 3573 3522 3642 pervenire
3574 3587 3681 3629 ne-

439 3669 661 3731 queunt,
698 3656 867 3725 major
887 3658 953 3711 ad
988 3657 1159 3726 ipsum
1188 3656 1357 3710 honor
1396 3671 1460 3711 ac
1489 3658 1765 3712 veneratio
1791 3659 1993 3715 redeat.
2038 3660 2401 3731 Sophisticum
2469 3663 2613 3717 enim
2679 3663 2872 3732 plane,
2928 3672 3088 3733 atque
3120 3664 3357 3718 alienum
3398 3676 3518 3733 est,
3566 3682 3683 3721 non

439 3757 614 3812 dicam
644 3770 676 3808 a
705 3755 834 3817 Deo,
869 3753 963 3808 sed
993 3754 1062 3808 ab
1104 3752 1338 3818 homine,
1372 3753 1628 3808 mediocri
1664 3754 1855 3809 saltem
1890 3756 2158 3825 probitate
2178 3760 2520 3830 candoreque
2586 3759 2844 3829 praedito,
2908 3767 3069 3829 atque
3126 3760 3372 3831 ingenuae
3396 3764 3683 3833 cujusdam

442 3848 743 3905 honestatis
771 3844 872 3901 sibi
900 3845 1141 3911 conscio,
1190 3846 1541 3915 prohibendis
1584 3848 1705 3903 aliis
1737 3849 2101 3919 principatum
2129 3853 2232 3907 sibi
2265 3868 2540 3922 arrogare.

510 3942 622 3998 XII.
664 3941 862 3998 Verum
890 3940 1097 3996 aliasne
1123 3941 1286 3995 etiam
1309 3944 1569 4010 quasdam
1599 3943 1668 3998 ob
1688 3958 1903 4011 causas,
1932 3947 2010 4000 νε·

440 4036 618 4094 derint
639 4035 696 4100 ii,
722 4034 814 4105 qui
876 4033 987 4089 Deo
1032 4034 1445 4104 propinquiores
1496 4038 2009 4108 conjunctioresque

440 4141 585 4199 sunt,
615 4140 775 4202 atque
799 4132 1362 4202 impervestigabilium
1399 4132 1568 4202 ipsius
1603 4133 1929 4202 judiciorum
1960 4135 2006 4167 ⁵⁸

443 4222 774 4292 inspectores
802 4232 857 4277 et
888 4222 1358 4290 contemplatores,
1388 4224 1430 4278 si
1459 4223 1547 4290 qui
1577 4231 1755 4277 tamen
1785 4233 1909 4277 sunt
1940 4226 2007 4279 ad

442 4326 561 4367 eam
589 4312 804 4369 virtutis
841 4312 1265 4381 magnitudinem
1293 4314 1488 4378 evecti,
1519 4323 1681 4378 atque
1721 4315 1775 4368 in
1827 4314 2005 4386 abyssi

2176 3950 2277 4002 lB'.
2331 3948 2470 4002 Ἀλλ’
2497 3950 2547 4001 εί
2583 3946 2682 4019 μὲν
2712 3946 2807 3999 καὶ
2846 3945 2912 4000 δι’
2943 3945 3108 4009 ἄλλας
3144 3944 3340 4010 αἰτίας,
3370 3945 3558 3999 εἰδεῖεν
3607 3947 3685 4000 ἂν

2104 4042 2154 4093 οἱ
2186 4040 2464 4111 ἐγγυτέρω
2483 4038 2639 4104 Θεοῦ,
2670 4039 2765 4091 καὶ
2795 4037 2902 4091 τῶν
2918 4036 3335 4106 ἀνεξιχνιάστων
3362 4035 3526 4090 αὑτοῦ
3556 4055 3684 4108 κρι-

2107 4131 2290 4201 μάτων
2318 4130 2550 4183 ἐπόπται
2583 4127 2677 4181 καὶ
2704 4127 2919 4199 θεωροὶ,
2950 4125 3108 4196 εἴπερ
3129 4126 3234 4178 είσί
3266 4142 3408 4187 τινες
3433 4125 3684 4180 τοσοῦτοι

2102 4224 2200 4293 τὴν
2240 4221 2461 4294 ἀρετὴν,
2495 4221 2613 4274 καὶ“
2635 4222 2693 4274 ὲν
2726 4219 2927 4289 ἴχνεσιν
2957 4218 3193 4271 ἀϐύσσου
3226 4217 3679 4289 περιπατοῦντες,

2103 4312 2165 4365 τὸ
2208 4311 2273 4382 δὴ
2322 4311 2628 4381 λεγόμενον·
2687 4310 2810 4363 ὅσον
2852 4309 2896 4363 δ’
2922 4304 3013 4361 οῦν
3062 4310 3219 4379 ἡμεῖς
3247 4308 3680 4378 κατειλήφαμεν,

442 4403 681 4473 vestigiis
713 4404 1117 4459 deambulantes
1152 4403 1223 4466 ⁸³,
1271 4412 1330 4456 ut
1383 4404 1668 4472 proverbio
1713 4405 1816 4459 dici
1847 4406 2003 4460 solet.

2114 4405 2324 4474 μικροῖς
2378 4403 2597 4474 μέτροις
2640 4400 2962 4472 μετροῦντες
3009 4398 3079 4451 τὰ
3127 4397 3494 4469 δυσθεώρητα·
3533 4399 3683 4468 τάχα

444 4493 710 4560 Quantum
737 4504 913 4548 tamen
941 4509 1060 4559 nos,
1092 4495 1182 4563 qui
1206 4494 1415 4564 exiguis
1445 4495 1673 4550 modulis
1708 4510 1769 4550 ea
1801 4512 1919 4564 qua:
1945 4498 2011 4550 ad

444 4581 907 4651 contemplandum
951 4581 1184 4637 diﬂicilia
1207 4593 1354 4646 sunt,
1379 4585 1664 4647 metimur,
1704 4583 2013 4651 conjectura

444 4675 653 4743 assequi
673 4682 1095 4743 possumus,tres
1123 4675 1282 4744 hujus
1302 4674 1373 4728 rei
1390 4689 1563 4729 causa:
1587 4675 1769 4729 all‘erri
1795 4688 2012 4745 queant.

444 4764 624 4820 Prima
655 4764 862 4831 forsan,
886 4781 974 4831 ne,
997 4767 1067 4819 ob
1112 4765 1444 4835 adipiscendi
1471 4765 1809 4829 facilitatem,
1839 4765 2014 4822 facilis

513 4925 561 4958 ⁸⁸
593 4923 781 4979 Matth.
821 4938 918 4992 vn,
947 4922 1036 4978 20.
1113 4925 1157 4956 ⁵¹
1179 4924 1311 4978 Dan.
1336 4939 1392 4989 ν,
1417 4922 1504 4978 11.
1582 4924 1627 4955 θ’
1652 4922 1806 4978 Rom.
1839 4938 1913 4987 x1,
1938 4923 2026 4978 5'5.

543 5034 628 5105 4‘5)
661 5034 768 5089 Καὶ
794 5036 865 5089 εί.
903 5035 1061 5090 Deest
1084 5036 1131 5088 εί
1161 5035 1213 5089 in
1247 5034 1380 5105 ἷξες.
1404 5033 1566 5105 Cypr.

539 5102 630 5167 44)
664 5105 772 5158 Τὸν
801 5105 937 5160 νῦν.
969 5105 1059 5159 Sic
1092 5105 1246 5159 codd.
1268 5102 1465 5167 ln’ed.,
1492 5103 1581 5155 τὸν
1610 5102 1753 5156 νοῦν.

539 5171 630 5243 45)
663 5173 1022 5243 Γριφοειδές.
1049 5173 1136 5243 Sic
1177 5173 1305 5242 llcg.
1340 5175 1427 5227 lim
1454 5183 1507 5243 et
1534 5173 1695 5243 Coisl.
1726 5173 1776 5225 1.
1808 5171 1863 5225 In
1885 5175 2008 5243 qui-

448 5242 696 5315 busdam,
721 5242 1011 5315 γριφῶδες.
1046 5242 1101 5297 In
1131 5245 1240 5306 ed.,
1265 5242 1611 5315 γρυφοειδές.
1636 5243 1841 5315 Sehqh,
1871 5242 2009 5315 αἰνι-

448 5312 801 5384 γματωδέςζι
831 5312 1201 5384 aenigmatice,
1238 5312 1487 5384 obscure.
1521 5332 1539 5384 ι
1571 5312 1734 5384 Notat
1761 5313 1851 5384 hic
1872 5314 2005 5384 Gre:

449 5382 633 5463 gorins
675 5382 1057 5449 Eunomianos,
1090 5398 1152 5437 ac
1197 5383 1463 5453 praecipue
1508 5382 1720 5436 Aetium
1758 5382 2005 5437 Eunomii

450 5461 784 5507 Inanistrum.

524 5468 1067 5591 (84's;r£:z':6éay0vc.
1100 5519 1324 5591 Vulgata
1354 5522 1528 5574 versio
1550 5520 1680 5579 Dan.
1705 5537 1755 5581 v.
1800 5521 1885 5585 19.,
1911 5523 2008 5576 ha-

451 5591 561 5652 bet.
599 5590 623 5642 r
648 5592 873 5644 obscura
898 5590 1273 5658 interpretari,
1296 5600 1351 5645 et
1383 5591 1540 5659 ligata
1567 5590 1881 5647 dissolvere.
1911 5612 1929 5644 ι

516 5660 629 5731 (47)
661 5661 943 5730 ’Ὠρμησε.
979 5662 1033 5716 In
1059 5662 1345 5725 nonnullis,
1379 5659 1619 5730 ὥρμητο.

517 5034 538 5245 Ξ

2113 4496 2231 4566 μὲν,
2265 4495 2352 4548 ἵνα
2386 4496 2459 4565 μὴ
2497 4495 2574 4565 τῷ
2605 4494 2768 4565 ῥᾳδίῳ
2814 4493 2912 4562 τῆς
2955 4492 3224 4561 κτήσεως,
3259 4493 3428 4561 ῥᾴστη
3454 4490 3683 4559 γένηται

2111 4586 2205 4639 καὶ
2241 4587 2274 4655 ἡ
2324 4585 2418 4638 τοῦ
2464 4583 2758 4653 κτηθέντος
2794 4582 3056 4652 ἀποϐολή.
3092 4583 3240 4635 Φιλεῖ
3290 4581 3399 4652 γὰρ
3455 4582 3516 4635 τὸ
3574 4582 3682 4652 μὲν

2111 4675 2259 4745 πόνῳ
2288 4676 2484 4746 κτηθὲν
2519 4674 2717 4746 μᾶλλον
2749 4674 3085 4743 κρατεῖσθαι·
3128 4674 3189 4726 τὸ
3235 4674 3289 4726 δὲ
3326 4672 3523 4745 ῥᾳδίως
3551 4690 3686 4744 κτη-

2113 4765 2226 4829 θὲν,
2251 4767 2342 4819 καὶ
2361 4765 2734 4820 ἀποπτύεσθαι
2763 4766 2874 4837 (5‘2)
2897 4768 3149 4835 τάλιστα,
3184 4766 3258 4829 ὡς
3283 4765 3445 4820 πάλιν
3469 4763 3687 4835 ληφθῆ-

2102 4925 2262 4980 ⁸³101)
2297 4926 2620 4990 xxxvm,16.

2191 5037 2299 5110 (48)
2338 5039 2516 5094 Τοῦτο
2546 5040 2614 5092 δὲ
2638 5040 2695 5094 τί
2718 5034 2814 5110 ἦν.
2846 5039 3003 5092 Deest
3032 5039 3084 5092 τί
3107 5038 3159 5093 in
3189 5040 3282 5094 0r.
3321 5040 3372 5095 1.

2186 5108 2295 5178 (49)
2368 5108 2751 5179 Τιμιώτατον.
2825 5111 3013 5162 (Jomb.
3084 5110 3332 5179 praefert,
3411 5110 3686 5163 οἰκειότα-

2115 5194 2225 5249 τον.
2264 5179 2546 5249 «Μειιίιιιιι
2598 5181 2701 5235 sibi
2745 5179 3136 5236 necessitudine
3181 5179 3541 5249 conjunctum,
3593 5180 3686 5234 fa-

2114 5248 2556 5302 miliarissimum.
2597 5267 2613 5300 ν

2183 5317 2296 5385 (50)
2335 5317 2446 5372 Τοῦ
2468 5318 2759 5385 πλήρους.
2780 5317 2982 5372 Allndit
3010 5317 3075 5371 ad
3106 5318 3220 5373 haec
3258 5319 3409 5373 Isaia:
3443 5318 3603 5373 verba
3638 5335 3686 5385 ι,

2114 5386 2173 5440 11
2208 5402 2221 5436 :
2263 5406 2281 5437 ι
2315 5388 2431 5453 Quo
2466 5389 2591 5441 mihi
2651 5389 3046 5442 mullitudinem
3081 5390 3419 5443 victimarum
3470 5400 3686 5445 vestra-

2114 5458 2265 5511 rum?
2292 5458 2419 5526 dicit
2445 5458 2697 5511 Dominus
2726 5473 2741 5508 :
2770 5459 2958 5526 plenus
2983 5473 3123 5523 sum,
3162 5478 3181 5511 ι
3217 5468 3320 5513 etc.

2183 5526 2294 5598 (5i)
2324 5524 2581 5598 Πάντως.
2613 5524 2825 5589 Camb},
2846 5527 3045 5598 πάντη.

2185 5596 2295 5665 (52)
2337 5597 2791 5653 ’Λποπτύεσθαι.
2831 5598 2923 5652 Or.
2958 5598 2979 5650 1
3012 5596 3394 5650 ἀποπτύεται.
