3890 6214
465 215 542 275 45
1700 218 1758 274 δι
1797 218 2123 276 GBEGORII
2165 219 2509 279 THEGLOGI
3633 219 3705 275 44

463 351 609 405 eam,
637 332 1000 406 quahabitus
1024 342 1132 403 est,
1168 343 1332 406 atque
1356 374 1372 403 ,
1398 335 1483 391 vel
1512 335 1567 391 in
1600 336 1823 403 divinis,
1857 339 1940 394 vel
1978 340 2007 393 ii

2135 341 2227 393 καὶ
2246 338 2343 411 τὴν
2380 340 2479 410 μὲν
2508 339 2604 410 τῆς
2637 338 2870 404 ἀδικίας,
2901 339 2999 408 τὴν
3029 339 3086 392 δὲ
3129 336 3222 391 τοῦ
3257 337 3447 409 μίσους
3472 336 3702 392 ἀντίπα-

462 430 719 487 humanis
768 429 933 485 rebus
998 430 1426 501 contemplandis
1484 430 1793 485 versatur?
1853 429 2026 497 Quam

460 536 624 594 porro
653 521 922 592 justitiam
950 530 1006 577 et
1026 522 1346 578 eharitatem
1370 523 1394 577 ?
1438 522 1629 578 Nonne
1661 521 1948 591 praeclaras
1972 530 2028 577 et

458 627 582 668 cum
634 611 791 667 laude
839 614 1156 685 conjunctas
1200 614 1513 670 affectiones
1563 616 1818 685 (quarum
1852 615 2026 669 altera

451 701 755 773 injustitite,
789 703 957 759 altera
979 704 1103 760 odio
1130 704 1489 775 adversetur),
1524 719 1668 759 nunc
1695 718 1816 759 sese
1842 704 2020 758 inten-

455 798 667 864 dentes,
702 811 846 851 nunc
872 796 1210 852 remittentes
1237 811 1252 862 ;
1302 810 1448 850 nunc
1486 796 1810 850 accedentes
1834 833 1850 859 ,
1881 808 2025 849 nunc

455 887 800 951 decedentes,
828 900 893 941 ac
918 897 1065 940 certa
1087 886 1307 940 omnino
1336 886 1597 954 qualitate
1645 900 1743 938 nos
1774 882 2021 937 allicien-

457 987 539 1033 tes
568 987 622 1033 et
650 976 1019 1042 immutantes,
1044 975 1185 1030 haud
1221 990 1379 1030 secus
1416 989 1480 1030 ac
1507 975 1715 1030 colores
1755 972 2023 1042 corpora?

454 1068 538 1121 An
562 1065 743 1136 potius
778 1065 932 1120 nobis
961 1065 1263 1121 faciendum
1309 1074 1416 1131 est,
1450 1074 1511 1120 ut
1541 1065 1609 1119 ab
1636 1065 1723 1120 his
1762 1063 2022 1118 absceda-

451 1171 600 1223 mus,
634 1170 700 1210 ac
724 1169 919 1209 numen
952 1154 1130 1224 ipsum
1186 1153 1498 1222 sejunctim,
1539 1153 1716 1223 quoad
1753 1152 1871 1221 ejus
1901 1152 2021 1207 fieri

450 1257 653 1318 potest,
687 1247 1110 1317 perspiciamus,
1157 1246 1537 1315 particularem
1569 1246 1858 1315 quamdam
1893 1259 2021 1315 spe-

450 1340 592 1397 ciem
624 1357 690 1395 ex
713 1339 1024 1395 simulacris
1051 1339 1416 1407 colligentes?
1452 1339 1709 1405 Quaenam
1736 1339 1902 1409 igitur
1936 1346 2021 1392 est

448 1430 564 1487 haec
592 1431 822 1498 molitio,
849 1446 968 1500 qua:
989 1439 1043 1486 et
1070 1446 1138 1486 ex
1170 1430 1255 1485 his
1275 1431 1421 1485 velut
1444 1430 1727 1498 conﬂetur,
1759 1439 1814 1485 et
1838 1440 2017 1485 tamen

447 1521 568 1578 haec
605 1538 711 1578 non
743 1524 863 1578 sit?
893 1527 1001 1578 Aut
1045 1526 1314 1594 quomodo
1361 1523 1435 1587 id,
1461 1523 1605 1593 quod
1630 1538 1796 1577 unum
1823 1530 1927 1587 est,
1954 1537 2021 1576 ac

2137 431 2247 496 λον,
2279 430 2686 500 ὲπιτεινομένας
2722 446 2782 482 τε
2805 430 2898 483 καὶ
2918 428 3208 499 ἀνιεμένας
3245 428 3378 500 (6|),
3414 444 3704 498 προσγινο-

2132 523 2301 594 μὲνας
2329 540 2390 575 τε
2417 523 2513 576 καὶ
2539 520 2956 592 ἀπογινομένας,
2987 522 3082 573 καὶ
3101 519 3237 582 ὅλως
3273 517 3531 581 ποιούσας
3553 519 3704 587 ἡμᾶς

2129 614 2222 667 καὶ
2253 613 2590 677 ἀλλοιούσας,
2632 613 2820 685 ὥσπερ
2852 614 2909 665 αἱ
2939 612 3096 683 χρόαι
3128 611 3198 663 τά
3236 609 3494 679 σώματας
3526 609 3595 661 Ἥ
3620 608 3704 661 δεῖ

2126 707 2329 760 τούτων
2351 707 2691 769 ἀποστάντας
2702 710 2734 777 ἡ
2746 708 2873 776 μᾶς,
2886 706 3018 759 αὐτὸ
3045 704 3163 758 καθ’
3181 703 3341 758 ἑαυτὸ
3355 704 3413 756 τὸ
3429 703 3571 756 θεῖον
3586 700 3701 772 (62)

2130 799 2277 863 ίδεῖν,
2312 799 2387 861 ὡς
2413 793 2523 851 οἷόν
2559 815 2643 857 τε,
2671 800 2899 869 μερικήν
2924 813 3048 851 τινα
3074 795 3374 866 φαντασίαν
3406 796 3470 847 ὲκ
3494 794 3601 847 τῶν
3633 796 3707 847 εἰ·

2126 891 2421 963 χασμάτων
2444 890 2897 961 συλ>.εγομένοος;
2930 889 3027 952 Τίς
3052 884 3145 942 οὖν
3169 890 3202 958 ἡ
3233 888 3446 959 μηχανὴ
3487 886 3598 958 (65)
3638 889 3708 940 ὲκ

2124 983 2326 1038 τούτων
2348 1001 2429 1047 τε,
2460 983 2556 1036 καὶ
2587 981 2662 1054 μὴ
2705 980 2911 1047 ταῦτα;
2945 982 3015 1034 Ἢ
3048 981 3167 1044 πῶς
3188 981 3359 1033 ταῦτα
3389 980 3585 1044 πάντα,
3605 980 3706 1033 καὶ

2122 1073 2343 1136 τελείως
2369 1073 2616 1134 ἕκαστον,
2650 1070 2711 1124 τὸ
2743 1070 2800 1123 ἓν
2845 1069 2957 1139 (64)
2987 1072 3053 1140 τῇ
3090 1069 3251 1139 φύσει
3287 1069 3579 1123 ἀσύνθετον
3606 1070 3705 1123 καὶ

2124 1166 2476 1229 άνείκαστον;
2528 1163 2684 1218 Οὕτω
2731 1164 2932 1234 κάμνει
2960 1162 3187 1231 ἐκϐῆναι
3225 1162 3293 1215 τὰ
3323 1162 3611 1232 σωματικά
3669 1165 3700 1216 ὁ

2121 1256 2388 1328 ἡμέτερος
2418 1255 2560 1320 νοῦς,
2592 1254 2687 1308 καὶ
2706 1253 2931 1324 γυμνοῖς
2945 1253 3204 1324 ὁμιλῆσαι
3231 1255 3341 1316 τοῖς
3362 1253 3700 1323 ἀσωμάτοις,

2120 1347 2227 1411 ἓως
2258 1348 2451 1401 σκοπεῖ
2495 1344 2631 1417 μετά
2662 1344 2764 1413 τῆς
2809 1343 2943 1406 ίδίας
2970 1343 3252 1406 ἀσθενείας
3285 1342 3353 1396 τά
3380 1342 3518 1411 ὑπὲρ
3543 1341 3704 1394 δύνα-

2124 1454 2238 1509 μιν.
2274 1437 2426 1490 Ἐπεὶ
2454 1436 2664 1505 ἐφίεται
2698 1436 2795 1506 μὲν
2826 1435 2976 1487 πᾶσα
2996 1433 3187 1503 λογικὴ
3208 1432 3367 1501 φύσις
3388 1431 3546 1494 Θεοῦ,
3601 1432 3702 1485 καὶ

2118 1533 2219 1601 τῆς
2246 1529 2466 1601 πρώτης
2514 1528 2709 1590 αἰτίας·
2745 1524 3069 1580 καταλαϐεῖν
3102 1524 3160 1578 δὲ
3205 1524 3474 1587 ἀδυνατεῖ,
3530 1522 3597 1576 δι’
3630 1522 3700 1586 ἃς

448 1624 640 1684 suapte
668 1624 864 1671 natura
887 1617 1294 1687 compositionis
1314 1630 1531 1684 expers,
1555 1629 1657 1671 nec
1685 1615 1809 1669 ullis
1836 1629 2007 1669 rerum

2122 1618 2273 1676 εἷπον
2306 1621 2506 1683 αἰτίας.
2534 1619 2836 1690 Κάμνουσα
2876 1617 2933 1671 δὲ
2964 1617 3045 1688 τῷ
3082 1617 3253 1687 πόθῳ,
3306 1616 3400 1669 καὶ
3418 1610 3528 1669 οἷον
3562 1633 3705 1684 σφα-

453 1704 761 1761 simulacris
787 1707 1108 1762 adumbrari
1137 1717 1356 1776 potest,
1391 1708 1507 1762 haec
1534 1707 1715 1762 omnia
1744 1715 1796 1761 et
1823 1707 2007 1761 horum

2118 1714 2355 1779 δάζουσα
2382 1712 2515 1784 (65),
2561 1713 2655 1766 καὶ
2684 1711 2783 1781 τὴν
2813 1707 3015 1781 ζημίαν
3066 1710 3128 1762 οὐ
3159 1709 3416 1780 φέρουσα,
3445 1706 3701 1779 δεύτερον

450 1799 875 1870 unumquodque
927 1798 1165 1869 perfecte
1210 1798 1421 1854 fuerit?
1471 1799 1547 1853 Ita
1610 1814 1761 1853 mens
1836 1806 2007 1854 nostra

2120 1804 2354 1856 ποιεῖται
2385 1801 2552 1854 πλοῦν
2586 1798 2774 1870 (66),ἠ
2808 1798 2944 1870 πρὸς
2971 1798 3042 1851 τά
3066 1796 3321 1869 ὁρώμενα
3351 1796 3564 1868 βλέψαι,
3598 1799 3698 1850 καὶ

443 1888 664 1960 languet
690 1906 754 1946 ae
774 1888 1005 1955 fatiscit,
1037 1892 1164 1945 dum
1194 1906 1225 1946 e
1253 1892 1531 1961 corporeis
1556 1902 1609 1946 et
1671 1889 2007 1945 sensibilibus

2115 1893 2318 1947 τούτων
2367 1910 2420 1945 τι
2451 1893 2671 1962 ποιῆσαι
2708 1890 2863 1953 Θεὸν,
2900 1889 3086 1954 κακῶς
3114 1892 3307 1944 εἰδυῖα·
3343 1888 3416 1961 (τί
3449 1890 3557 1960 γὰρ
3582 1889 3698 1943 τῶν

445 1981 610 2038 rebus
634 1982 919 2047 excedere,
955 1981 1119 2053 506
1149 1991 1312 2051 atque
1333 1981 1666 2050 incorporeis
1691 1983 1824 2036 citra
1854 1980 2007 2036 ullius

2115 1979 2325 2050 ὁρατῶν
2342 1978 2435 2031 τοῦ
2473 1979 2725 2050 ὁρῶντος,
2758 1977 2853 2031 καὶ
2902 1978 3067 2030 πόσον
3093 1978 3242 2032 ἐστὶν
3270 1978 3598 2050 ὑψηλότερον
3634 1996 3697 2033 τε

445 2073 527 2130 rei
560 2072 918 2130 interventum
968 2074 1119 2145 jungi
1169 2075 1391 2139 studet,
1436 2074 1672 2143 quandiu
1734 2089 1860 2128 cum
1917 2088 2007 2128 sua

2115 2072 2209 2124 καὶ
2238 2070 2651 2139 θεοειδέστερον,
2713 2070 2779 2123 ἵν’
2908 2070 2971 2123 τὸ
3003 2070 3100 2141 μὲν
3127 2068 3483 2140 προσκυνοῦν,
3521 2068 3584 2122 τὸ
3635 2069 3697 2123 δὲ

446 2166 785 2232 inﬁrmitate,
808 2182 894 2234 ea,
923 2178 1043 2235 quae
1085 2166 1255 2238 ipsius
1289 2168 1434 2222 vires
1458 2164 1736 2237 superant,
1762 2165 2007 2235 specula-

2115 2160 2580 2233 προσκυνούμενον
2605 2162 2644 2227 ;)
2678 2162 2710 2231 ἢ
2746 2160 2836 2214 διὰ
2880 2161 2973 2215 τοῦ
2998 2160 3227 2224 κάλλους
3272 2160 3383 2231 (67)
3422 2160 3529 2215 τῶν
3551 2164 3696 2231 opm-

446 2268 557 2314 tur.
610 2259 825 2315 Etenim
874 2258 1081 2325 Deum,
1113 2274 1180 2314 ac
1213 2259 1513 2328 principem
1555 2258 1701 2312 illam
1754 2271 2007 2324 causam,

2115 2253 2290 2325 μένων
2324 2254 2419 2306 καὶ
2452 2252 2550 2323 τῆς
2582 2253 2858 2318 εὐταξίας,
2890 2253 3024 2306 Θεὸν
3064 2252 3350 2324 γνωρίσαι,
3383 2252 3480 2306 καὶ
3510 2252 3695 2324 ὁδηγῷ

444 2359 639 2407 natura
668 2352 882 2422 quidem
912 2352 1087 2408 omnis
1113 2352 1345 2408 rationis
1376 2350 1645 2421 particeps
1678 2349 1882 2419 appetit
1907 2365 1923 2414 ;
1958 2357 2007 2403 ut

2115 2344 2174 2413 τῇ
2222 2341 2361 2411 ὕψει,
2414 2341 2521 2394 τῶν
2578 2341 2720 2412 ὑπὲρ
2751 2342 2850 2412 τὴν
2888 2342 3009 2404 ὄψιν
3046 2340 3374 2413 χρήσασθαι,
3429 2341 3565 2395 ά).λά
3613 2344 3693 2416 μὴ

445 2452 629 2501 autem
678 2460 799 2501 eam
846 2453 1191 2513 assequatur,
1218 2444 1288 2499 ob
1325 2458 1439 2508 eas,
1476 2457 1610 2512 quas
1632 2442 1769 2506 dixi,
1799 2455 2007 2506 causas,

2115 2434 2452 2507 ζημιωθῆναι
2483 2433 2615 2488 Θεὸν
2646 2434 2735 2488 διὰ
2771 2436 2871 2507 τῆς,
2898 2434 3368 2507 μεγαλοπρεπείας
3405 2435 3513 2488 τῶν
3543 2439 3691 2508 ὁρω-

446 2532 590 2591 vires
617 2533 894 2590 deficiunt.
925 2533 1208 2604 Languens
1243 2542 1420 2587 autem
1451 2532 1741 2597 desiderio,
1780 2546 1844 2585 ac
1877 2529 2016 2585 male
2113 2527 2311 2598 μένων.

443 2622 666 2679 omnino
695 2620 909 2689 aﬂ'ecta,
939 2622 1329 2693 aegerrimeque
1361 2623 1464 2676 hoc
1501 2622 1757 2676 damnum
1798 2617 1998 2683 ferens,
2040 2617 2356 2681 secundam,
2391 2624 2449 2669 ut
2511 2615 2618 2669 dici
2679 2616 2833 2680 solet,
2866 2615 3264 2685 navigationem
3288 2618 3410 2685 init,
3431 2628 3491 2674 ut
3515 2622 3677 2676 scili-

448 2723 558 2783 cet,
592 2716 679 2770 vel
700 2715 768 2770 ad
795 2728 882 2769 res
913 2728 1041 2780 eas,
1072 2727 1192 2783 quae
1221 2713 1324 2769 sub
1356 2711 1634 2769 oculorum
1670 2725 1891 2767 sensum
1952 2701 2172 2772 cadunt,
2238 2706 2424 2762 oculos
2487 2706 2689 2771 flectat,
2758 2722 2822 2762 ac
2860 2709 3168 2779 quampiam
3200 2724 3386 2765 earum
3432 2726 3529 2781 pro
3576 2729 3690 2770 nu-

440 2805 590 2862 mine
641 2804 816 2870 colat,
850 2803 1089 2874 pessimo
1138 2802 1323 2871 utique
1383 2799 1613 2856 consilio
1644 2799 1831 2853 labens
1855 2796 2004 2869 (quid
2042 2796 2185 2850 enim
2216 2796 2269 2850 in
2298 2794 2550 2850 omnibus
2592 2794 2773 2859 rebus,
2809 2809 2929 2863 quae
2985 2798 3155 2851 oculis
3216 2810 3532 2865 cernuntur,
3571 2816 3664 2867 eo,

439 2913 474 2954 ι
505 2913 615 2969 quo
648 2906 967 2961 cernuntur,
998 2894 1263 2950 excelsius
1303 2904 1359 2948 et
1389 2893 1628 2948 divinius
1653 2900 1758 2957 est,
1787 2904 1848 2946 ut
1874 2890 2001 2945 illud
2040 2889 2313 2950 adoretur,
2352 2888 2454 2942 hoc
2523 2900 2651 2940 vero
2680 2884 2935 2957 adoret?)
2961 2904 2977 2953 ;
3009 2889 3090 2941 vel
3132 2902 3230 2958 per
3260 2890 3668 2959 aspectabilium

439 3008 622 3049 rerum
671 2989 1126 3062 pulchritudinem
1195 2998 1253 3043 et
1311 2989 1589 3052 ordinem,
1660 2987 1753 3041 Dei
1825 2983 2186 3055 cognitionem
2251 2990 2609 3051 assequatur,
2673 2990 2831 3051 atque
2887 2982 2954 3036 ad
3002 2996 3064 3037 ea
3113 2984 3494 3055 percipienda,
3550 3001 3675 3055 qum

438 3083 718 3141 oculorum
771 3081 1018 3137 obtutum
1074 3078 1314 3149 fugiunt,
1388 3078 1616 3133 ducibus
1681 3074 1853 3131 oculis
1904 3082 2109 3138 utatur,
2187 3087 2293 3128 nou
2352 3081 2532 3127 autem
2581 3085 2677 3141 per
2768 3086 2954 3127 earum
3040 3088 3261 3141 rerum,
3342 3092 3463 3147 qua:
3510 3078 3692 3135 oculis

439 3175 697 3246 subjecta
741 3180 891 3239 sunt,
919 3170 1376 3243 magnificentiam
1400 3208 1417 3235 ,
1450 3169 1543 3224 Dei
1594 3169 1861 3239 iacturam
1920 3166 2107 3223 faciat.

505 3263 649 3321 XIV.
681 3264 819 3320 Hinc
867 3261 959 3317 alii
996 3260 1165 3318 solem
1191 3298 1209 3326 ,
1243 3258 1332 3315 alii
1390 3258 1610 3325 lunam,
1638 3257 1730 3312 alii
1772 3257 2007 3312 siderum

2183 3255 2283 3311 IA'.
2320 3253 2599 3308 Ἐντεῦθεν
2627 3254 2679 3307 οι
2724 3252 2822 3324 μὲν
2848 3253 3019 3325 ἥλιον,
3058 3254 3109 3308 οἱ
3142 3255 3199 3309 δὲ
3221 3256 3469 3329 σελήνην,
3526 3261 3574 3313 οἱ
3626 3262 3691 3316 δὲ

440 3355 865 3421 multitudinem,
895 3352 987 3410 alii
1017 3351 1214 3409 cmlum
1272 3363 1488 3420 quoque
1523 3350 1697 3421 ipsum
1724 3362 1832 3403 una
1879 3362 2004 3404 cum

2115 3346 2353 3418 ἀστέρων
2387 3345 2612 3415 πλῆθος,
2638 3346 2688 3398 oi
2728 3345 2785 3399 δὲ
2824 3346 3052 3417 οὐρανὸν
3084 3347 3247 3401 αὐτὸν
3284 3348 3400 3421 ἅμα
3448 3351 3684 3418 τούτοις,

435 3447 544 3504 illis
574 3487 591 3514 ,
635 3447 835 3517 quibus
893 3459 993 3516 pro
1026 3452 1207 3499 motus
1260 3442 1524 3510 qualitate
1575 3440 1659 3496 vel
1703 3442 2007 3512 quantitate

2115 3430 2187 3501 οἷς
2210 3437 2305 3490 καὶ
2333 3436 2394 3490 τὸ
2422 3438 2529 3491 πᾶν
2556 3438 2707 3506 ἄγειν
2732 3437 2997 3491 δεδώκασι
3027 3440 3247 3495 κατὰτὸ
3274 3440 3424 3495 ποιὸν
3450 3442 3482 3512 ἢ
3515 3444 3690 3499 ποσὸν

435 3535 622 3592 mundi
656 3534 1101 3605 gubernationem
1136 3531 1774 3601 administrationemque
1803 3530 2007 3586 tribue-

435 3635 597 3693 runt;
628 3626 720 3681 alii
748 3639 938 3682 rursus
970 3634 1189 3697 propter
1238 3624 1605 3681 necessarium
1657 3639 1840 3690 usum,
1896 3634 2008 3679 ter-

439 3734 585 3786 ram,
610 3732 829 3789 aquam,
858 3731 1061 3780 aerem,
1105 3717 1305 3786 ignem,
1337 3717 1479 3785 quod
1509 3716 1593 3771 his
1621 3715 1850 3773 sublatis
1898 3717 2003 3771 hu-

432 3823 607 3866 manae
651 3810 775 3865 vitae
817 3808 1158 3865 incolumitas
1198 3816 1449 3863 constare
1504 3822 1609 3863 non
1649 3810 1856 3877 possit;
1912 3810 2002 3863 alii

433 3900 667 3973 denique
693 3898 955 3971 quidquid
1007 3912 1076 3954 ex
1115 3898 1278 3954 rebus
1323 3898 1740 3968 aspectabilibus
1790 3908 1998 3956 temere

432 3991 567 4062 ipsis
590 3990 849 4056 occurrit,
878 3986 1162 4043 coluerunt
1193 4026 1209 4053 ,
1234 3988 1598 4058 pulcherrima
1628 4004 1857 4059 quaeque
1904 4005 2001 4045 eo-

430 4096 577 4146 rum,
620 4094 742 4150 qua:
785 4079 1119 4139 cernebant,
1151 4092 1249 4147 pro
1291 4077 1396 4132 diis
1444 4078 1546 4132 sibi
1582 4079 1997 4135 constituentes.

428 4166 542 4225 Nec
573 4167 879 4234 defuerunt,
907 4167 999 4238 qui
1047 4176 1256 4221 statuas
1283 4181 1349 4221 ac
1385 4166 1638 4237 figmenta
1672 4166 1868 4223 divinis
1895 4170 1999 4226 ho-

429 4259 656 4316 noribus
698 4257 1000 4325 affecerint,
1056 4257 1290 4328 primum
1319 4257 1536 4328 quidem
1571 4258 1998 4329 propinquorum

428 4362 487 4409 et
546 4352 981 4408 necessariorum
1008 4388 1025 4415 ,
1063 4350 1099 4405 ii
1136 4349 1430 4415 videlicet,
1460 4351 1551 4421 qui
1603 4352 1998 4407 vehementiori

427 4443 579 4500 luctu
611 4441 1027 4508 afﬂictabantur,
1058 4441 1445 4512 corporeisque
1480 4441 1645 4498 rebus
1670 4443 2001 4500 addietiores

429 4543 607 4602 erant,
635 4542 797 4605 atque
818 4534 1067 4589 homines
1095 4533 1204 4587 vita
1249 4531 1466 4588 functos
1522 4545 1997 4590 monumentorum

2104 3524 2207 3596 τῆς
2233 3527 2519 3597 κινήσεως·
2578 3527 2630 3579 οἱ
2657 3526 2713 3579 δὲ
2759 3526 2827 3579 τὰ
2854 3532 3113 3598 στοιχεῖα,
3147 3529 3275 3600 γῆν,
3324 3528 3485 3601 ὕδωρ,
3516 3531 3683 3602 ἀέρα,

2106 3615 2236 3687 πῦρ,
2260 3615 2347 3669 διὰ
2374 3615 2436 3669 τὸ
2461 3616 2739 3688 χρειῶδες,
2761 3610 2836 3671 ὧν
2867 3618 2996 3672 ἄνευ
3024 3619 3145 3673 οὐδὲ
3169 3621 3428 3692 συστῆναι
3454 3622 3685 3693 δυνατὸν

2102 3709 2196 3764 τὸν
2225 3709 2563 3782 ἀνθρώπινον
2597 3709 2732 3780 βίον·
2765 3713 2815 3764 οἱ
2841 3711 2899 3765 δὲ
2928 3714 2957 3766 ὃ
2981 3730 3034 3766 τι
3070 3712 3283 3783 τύχοιεν
3316 3714 3545 3778 ἕκαστος
3564 3715 3682 3768 τῶν

2104 3798 2311 3870 ὁρατῶν
2360 3798 2753 3869 ὲσεόάσθησαν,
2806 3794 2881 3856 ὧν
2905 3801 3089 3873 ἑώρων
3120 3805 3190 3857 τά
3218 3803 3475 3858 κάλλιστα
3520 3803 3684 3870 θεοὺς

2104 3891 2563 3963 προστησάμενοι.
2598 3891 2721 3947 Εἰσὶ
2744 3894 2801 3947 δὲ
2830 3894 2881 3948 οἳ
2914 3896 3007 3949 καὶ
3037 3895 3270 3963 είκόνας,
3305 3899 3398 3951 καὶ
3426 3897 3684 3968 πλάσμα-

2100 4001 2189 4050 τα,
2223 3983 2414 4057 πρῶτα
2443 3985 2543 4056 μὲν
2565 3985 2671 4040 τῶν
2688 3988 2920 4053 οἰκείων,
2944 3989 3062 4059 οἵγε
3087 3990 3559 4062 περιπαθέστεροι,
3578 3992 3683 4045 καὶ

2104 4074 2568 4149 σωματικώτεροι,
2601 4078 2693 4132 καὶ
2732 4080 3001 4151 τιμῶντες
3027 4082 3154 4144 τοὺς
3178 4080 3509 4146 ἀπελθόντας
3560 4085 3680 4147 τοῖς

2101 4168 2504 4239 ὑπομνήμασιν*
2546 4170 2737 4225 ἔπειτα
2787 4172 3019 4228 καὶτῶν
3051 4172 3238 4239 ξένων,
3287 4175 3336 4228 οἳ
3371 4177 3488 4246 μετ’
3515 4176 3682 4228 ὲκεί-

2100 4275 2245 4325 νους,
2270 4260 2365 4314 καὶ
2399 4262 2617 4334 μακρὰν
2668 4264 2763 4316 ἀπ’
2806 4263 3052 4330 ἐκείνων,
3088 4265 3281 4337 ἀγνοίᾳ
3312 4266 3410 4337 τῆς
3451 4263 3681 4336 πρώτης

2102 4355 2335 4424 φύσεως,
2369 4357 2465 4411 καὶ
2489 4357 2780 4429 ἀκολουθίᾳ
2805 4360 2905 4430 τῆς
2942 4359 3343 4431 παραδοθείσης
3384 4359 3572 4430 τιμῆς,
3599 4360 3679 4424 ὡς

2100 4444 2324 4516 ἐννόμου
2374 4446 2470 4500 καὶ
2511 4448 2831 4515 ἀναγκαίας.
2873 4449 3090 4522 Ἐπειδὴ
3138 4450 3314 4521 χρόνῳ
3340 4450 3401 4503 τὸ
3429 4450 3547 4514 ἔθος
3585 4450 3685 4520 βε-

2102 4537 2355 4605 ϐαιωθὲν,
2399 4538 2657 4610 ἐνομίσθη
2692 4540 2855 4611 νόμος
2904 4541 3040 4613 (68).
3092 4539 3256 4613 Οἶμαι
3289 4543 3345 4596 δὲ
3390 4543 3483 4596 καὶ
3508 4543 3677 4595 δυνα-

428 4627 635 4684 honore
662 4626 1162 4696 prosequebantur:
1192 4634 1312 4695 post
1334 4635 1514 4681 autem
1543 4625 1840 4682 alienorum
1859 4640 1991 4681 cuo-

2115 4628 2276 4683 rralav
2305 4628 2417 4701 (69)
2462 4630 2607 4695 τινὲς
2641 4630 3056 4703 θεραπεύοντες,
3091 4634 3186 4688 καὶ
3225 4632 3414 4706 ῥώμην
3454 4634 3679 4688 ἐπαινέ-

497 4806 611 4879 (61)
652 4803 1022 4879 ἈςροιιςγιιξναςΔ
1042 4803 1207 4861 Coisl.
1234 4801 1261 4857 1
1292 4796 1513 4879 aliique,
1540 4801 1850 4879 ἀνειμένας.

499 4871 611 4947 (62)
635 4871 823 4947 Ocior:
852 4874 967 4947 Duo
989 4874 1182 4945 Regg.,
1215 4883 1325 4929 tres
1351 4871 1526 4938 eam,
1559 4871 1725 4931 CoiSl.
1757 4872 1785 4927 1
1822 4881 1875 4927 et
1897 4871 1990 4928 Or.

424 4949 451 5003 1
487 4944 711 5009 addunt,
734 4946 799 4999 ὲκ
838 4944 1064 4998 τούτων.

497 5016 607 5087 (65)
656 5014 936 5087 Maiam???-
987 5014 1171 5087 δίξιτοιο
1205 5031 1219 5067 ε
1255 5012 1353 5087 ΪΕκ
1387 5009 1595 5087 ζεούτφγ
1631 5012 1745 5087 ,μὲν

425 5082 629 5159 ζόμεθα
665 5082 1171 5159 θείαν-φύσιν,
1216 5082 1277 5135 οὐ
1314 5082 1485 5136 ταῦτα
1522 5082 1605 5159 δέΔ
1626 5083 1772 5159 ἐστιν
1796 5086 1829 5154 ὴ
1878 5083 1997 5137 θεία

424 5152 605 5225 φύσιςο
643 5174 662 5208 ι
702 5152 779 5210 Ex
805 5156 890 5211 his
925 5152 1462 5225 divinanrnatu‘ram
1521 5152 1847 5221 effingimus,
1875 5168 1995 5222 qua:

428 5222 606 5281 tamen
632 5227 809 5281 divina
840 5235 1036 5280 natura
1067 5222 1289 5277 minime
1308 5222 1397 5276 sit.
1440 5239 1459 5272 ι

424 5288 609 5419 mgf)
636 5294 824 5419 3gb
854 5294 949 5351 Sic
979 5292 1112 5366 Reg.
1143 5293 1255 5349 bm.
1298 5292 1391 5348 Sic
1430 5291 1596 5347 etiam
1621 5289 1751 5362 legit
1781 5289 1988 5347 Billius.

451 5382 481 5419 n
511 5369 699 5431 ed.,cb
720 5369 797 5421 ὲν.

499 5430 612 5508 (6'5)
637 5434 1083 5508 _£gaa6d(ov0'a.
1149 5430 1329 5508 Schol.
1367 5450 1411 5508 _:
1468 5430 1735 5508 Χαλεπῶς
1797 5430 1996 5508 φέρου·

424 5503 520 5562 σαί
578 5503 913 5561 iDeéiderio
972 5506 1149 5560 acrius
1200 5503 1495 5571 stimulata,
1548 5511 1603 5573 et
1649 5503 1736 5557 sui
1796 5503 1994 5573 impos,

424 5577 577 5646 quasi
613 5586 934 5635 exaestuans.
972 5593 993 5627 ι
1029 5573 1276 5646 coisl.‘i,
1300 5571 1762 5646 πανουργεύουσα.

497 5647 607 5719 (66)
633 5647 919 5716 Δεύτερον
939 5645 1183 5701 ποιεῖται
1209 5643 1425 5700 πλοῦν.
1451 5643 1485 5696 ιή
1514 5644 1813 5700 Secundam
1842 5645 1994 5699 navi-

1798 5028 2000 5082 φαντα-

2100 4805 2508 4878 gationeminit.
2551 4826 2572 4859 ι
2607 4806 2663 4862 ld
2694 4809 2975 4878 proverbio
3005 4810 3218 4873 dicitur,
3259 4825 3380 4865 cum
3432 4811 3551 4878 quis
3598 4810 3669 4864 ad

2101 4890 2311 4946 summa
2331 4877 2636 4946 pertingere
2658 4877 2763 4932 non
2794 4879 2998 4941 valens,
3033 4882 3277 4946 proxima
3294 4877 3664 4934 consectatur.

2105 4961 2126 5018 ς
2161 4944 2647 5018 Quemadmodum,
2688 4967 2706 4999 ι
2739 4950 2913 5018 inquit
2949 4944 3154 5014 Dillius,
3190 4969 3208 5001 ι
3250 4950 3339 5017 qui
3385 4951 3515 5003 mari
3566 4950 3676 5003 iter

2094 5013 2319 5089 faciunt,
2359 5030 2653 5089 eumeum,
2677 5013 2837 5086 quem
2866 5021 3100 5073 maxime
3129 5013 3336 5089 Optanl,
3369 5031 3668 5087 nequeunt,

2094 5084 2399 5157 proximum
2425 5086 2497 5139 illi
2543 5084 3201 5157 tamen,quanquamnoii
3246 5091 3381 5143 adeo
3415 5084 3665 5144 commo-

2092 5155 2239 5217 tlum,
2266 5169 2484 5208 cursum
2508 5165 2692 5211 tenere
2731 5155 3014 5213 conantur.
3056 5176 3077 5211 ι

2186 5222 2274 5293 67)
2300 5226 2372 5279 Ἥ
2393 5224 2490 5278 διὰ
2512 5226 2617 5279 τοῦ
2645 5225 2933 5293 κάλλους,
2960 5240 3063 5283 etc.
3086 5227 3138 5282 ld
3164 5237 3267 5289 est,
3290 5228 3387 5283 «ob
3409 5228 3665 5283 eximiam

2096 5295 2547 5371 pulchritudinem
2574 5296 3153 5371 elegantissimumque
3191 5313 3371 5371 rerum
3421 5299 3661 5371 εεινιεῆὺὶ-

2094 5362 2223 5435 lium
2248 5364 2514 5427 ordinem,
2574 5362 2909 5422 divinitatem
2952 5362 3111 5424 rebus
3143 5369 3273 5435 ipsis
3308 5369 3662 5425 sensibilibus

2095 5432 2315 5490 tribuat.
2350 5448 2415 5487 ac
2435 5435 2506 5488 ita
2534 5435 2697 5490 Deum
2727 5438 2956 5492 amittat.
2984 5457 3014 5490 τ

2187 5503 2275 5578 68)
2319 5504 2639 5578 Ἐνομίσθη
2674 5508 2878 5578 νόμος.
2909 5507 3122 5571 Comb.,
3154 5523 3316 5578 νομος
3349 5524 3581 5577 εγενετο.

2183 5572 2297 5645 69);
2324 5572 2714 5645 Apraatelar.
2744 5572 2837 5632 Sic
2904 5579 3009 5633 duo
3067 5572 3258 5645 lleggl,
3311 5572 3423 5635 tres
3479 5577 3661 5640 Coll)»

2091 5641 2259 5701 Coisl.
2280 5643 2332 5715 1,
2357 5644 2451 5702 0r.
2485 5646 2510 5700 1
2544 5655 2599 5703 et
2621 5646 2742 5705 Par.
2761 5647 2819 5705 lu
2848 5647 2959 5716 ed.,
2991 5641 3323 5714 δυναστείας.
