3890 6214
186 203 254 260 45
1217 193 1476 255 ORATIO
1517 195 1752 253 XXVIII.
1789 225 1859 238 -ο
1897 196 2340 257 THEOLOGICA
2376 200 2445 256 II.
3363 199 3438 258 86

185 324 394 375 σαντες,
424 310 519 366 καὶ
552 309 747 375 κάλλος
775 307 1175 378 Θαυμάσαντες,
1216 308 1337 363 θεὸν
1374 309 1638 380 ἐποίησαν
1684 306 1762 379 τῷ

1884 323 1990 378 lue,
2020 325 2214 382 nempe
2242 313 2303 379 ii,
2329 315 2420 383 qui
2472 320 2655 369 mu.tts
2695 322 2819 384 post
2849 326 2943 371 eos
2970 313 3189 371 saeculis
3208 314 3437 371 exstite-

184 403 354 475 χρόνῳ
386 403 476 456 τὸν
526 401 857 474 τιμώμενον,
904 399 1337 472 προσλαϐόμενοί
1370 401 1482 472 (70)
1512 416 1634 454 τινα
1670 400 1771 452 καὶ

1884 410 2021 466 runt,
2053 403 2390 474 ignoratione
2409 405 2663 461 videlicet
2708 407 2897 475 primae
2933 405 3079 460 illius
3106 415 3337 470 naturae,
3371 422 3439 462 ac

187 490 352 561 μῦθον
371 493 471 563 τῆς
488 490 763 561 ἐξαπάτης
797 489 909 560 (71)
934 487 1242 559 ἐπίκουρον.

1884 493 2019 548 serie
2048 509 2145 564 per
2173 511 2366 552 manus
2414 497 2547 568 ipsis
2595 512 2626 550 a
2664 496 2965 567 majoribus
3010 496 3193 552 traditi
3233 498 3434 562 cultus,

185 585 336 653 quasi
382 585 513 653 iusti
538 594 591 640 et
624 584 936 641 necessarii.
961 582 1306 640 Consuetudo
1361 584 1529 651 enim,
1600 584 1859 655 temporis
1899 587 2292 659 longinquitate
2355 594 2706 661 conﬁrmata,
2771 606 2871 663 pro
2917 592 3035 663 lege
3096 592 3277 647 habita
3333 603 3438 668 θεῖ,

188 675 476 731 Nonnullos
501 678 664 731 etiam
687 677 856 732 fuisse
910 677 1168 744 arbitror,
1230 677 1323 747 qui
1388 691 1655 732 summam
1696 676 1921 747 alicujus
1983 688 2307 750 potestatem
2352 683 2503 738 omni
2548 683 2891 739 observantia
2926 685 3199 748 colentes,
3230 695 3286 740 et
3311 700 3438 741 cor-

188 768 329 837 poris
356 768 522 823 robur
554 768 801 824 laudibus
838 766 1150 834 eiIerentes,
1180 782 1245 823 ac
1266 766 1455 824 formae
1486 778 1825 824 venustatem
1852 770 2203 840 admirantes,
2235 789 2356 830 eum
2417 776 2657 839 tandem,
2720 789 2879 844 quem
2944 775 3306 841 honorabant,
3373 777 3430 832 in

191 864 418 919 deorum
463 876 749 919 numerum
789 864 1185 935 ascripserint,
1242 863 1310 919 ad
1357 862 1664 933 huiusmodi
1729 864 2040 935 imposturaa
2078 869 2379 924 subsidium
2429 876 2485 925 et
2531 869 2933 939 patrocinium,
3006 868 3218 925 fabulas
3268 884 3435 939 quas-

190 957 307 1013 dam
347 965 710 1014 assumentes.

255 1051 360 1107 IE'.
399 1053 464 1107 Οἱ
508 1050 908 1127 ἐμπαθέστεροι
936 1055 992 1110 δὲ
1010 1053 1191 1109 αὐτῶν
1221 1052 1317 1108 καὶ
1339 1054 1413 1108 τὰ
1447 1053 1595 1125 πάθη
1613 1053 1772 1119 θεοὺς

186 1142 515 1216 ἐνόμισαν,ῆ
545 1144 701 1209 θεοὺς
730 1146 841 1218 (72)
864 1145 1152 1216 ἐτίμησαν,
1190 1145 1382 1216 θυμδν,
1408 1147 1502 1200 καὶ
1553 1164 1772 1217 μιαιφο-

195 1232 327 1301 νίαν,
363 1236 459 1290 καὶ
507 1236 815 1306 ἀσέλγειαν,
846 1238 943 1291 καὶ
1002 1237 1194 1308 μέθην,
1238 1239 1332 1290 κα)¹
1380 1237 1482 1290 οὐκ
1524 1233 1620 1291 οἷδ’
1652 1239 1680 1291 ὅ
1717 1255 1772 1290 τι

189 1326 317 1382 ἄλλο
332 1326 440 1380 τῶν
454 1326 665 1391 τούτοις
681 1328 1098 1400 παραπλησίων·
1122 1328 1183 1380 ού
1200 1327 1389 1398 καλὴν,
1413 1327 1530 1381 οὐδὲ
1557 1327 1771 1381 δικαίαν

188 1417 391 1488 ταύτην
421 1418 719 1487 ἀπολογίαν
746 1418 1037 1491 εὑράμενοι
1066 1419 1173 1473 τῶν
1205 1419 1420 1472 οἰκείων
1442 1420 1772 1490 ἁμαρτημά-

188 1524 316 1562 των.
362 1508 473 1561 Καὶ
500 1508 627 1571 τοὺς
674 1508 774 1579 μὲν
797 1510 1016 1579 ἀφῆκαν
1046 1508 1199 1562 κάτω
1229 1509 1367 1575 (75),
1392 1509 1519 1572 τοὺς
1556 1509 1613 1562 δὲ
1665 1508 1770 1562 ὑπὸ

1945 1051 2105 1124 507
2138 1049 2254 1105 XV.
2287 1049 2406 1105 Jam
2428 1052 2764 1106 vitiosissimi
2795 1051 2996 1120 quique
3026 1050 3154 1105 vitia
3183 1050 3299 1121 ipsa
3333 1050 3443 1106 fm-

1874 1145 2080 1212 dosque
2107 1139 2329 1195 aﬂ‘ectus
2353 1140 2482 1196 deos
2506 1155 2630 1196 esse
2655 1150 3019 1210 censuerunt,
3047 1152 3142 1196 aut
3162 1152 3309 1198 certe
3335 1144 3441 1199 sub

1875 1235 2101 1290 deorum
2154 1233 2373 1287 nomine
2399 1233 2708 1300 coluerunt,
2744 1234 2879 1288 iram
2906 1234 3187 1297 nimirum,
3211 1235 3438 1300 caedem,

1874 1326 2173 1391 libidinem,
2205 1327 2601 1392 temulentiam,
2625 1335 2681 1382 et
2711 1335 2903 1382 caetera
2930 1327 3047 1397 ejus
3073 1329 3309 1399 generis,
3333 1342 3440 1384 non

1876 1432 2105 1486 mquam,
2138 1430 2238 1470 nec
2273 1417 2554 1470 honestam
2603 1416 2745 1471 hanc
2777 1417 3043 1472 scelerum
3074 1431 3297 1472 suorum
3346 1431 3444 1472 ex-

1874 1508 2206 1563 cusationem
2235 1508 2403 1563 nacti.
2436 1510 2614 1578 Atque
2641 1523 2736 1564 eos
2784 1509 2978 1579 partim
3020 1508 3074 1563 in
3122 1506 3280 1563 terra'
3307 1509 3440 1563 reli-

187 1596 296 1668 γῆν
355 1598 597 1671 ἔκρυψαν
640 1598 775 1670 (74),
822 1598 985 1653 τοῦτο
1037 1598 1276 1661 συνετῶς
1317 1598 1498 1668 μόνον·
1529 1597 1657 1663 τοὺς
1712 1598 1770 1653 δὲ

1884 1608 2132 1670 querunt,
2164 1598 2521 1669 partiminfra
2548 1608 2747 1654 terram
2776 1600 3257 1666 occultarunt,hoc
3273 1616 3439 1655 unum

187 1689 464 1759 ἀνήγαγον
490 1691 571 1751 είς
604 1688 697 1742 τὸν
718 1689 943 1760 οὐρανόν
968 1688 1106 1759 (75).
1153 1689 1217 1740 Ὢ
1255 1688 1353 1759 τῆς
1393 1689 1608 1757 γελοίας
1640 1688 1770 1759 κλη-

190 1780 469 1853 ροδοσίαςῑ
526 1774 659 1834 Εἶτα
707 1780 925 1851 ἑκάστῳ
975 1779 1084 1833 τῶν
1130 1779 1467 1849 πλασμάτων
1494 1779 1666 1850 ὄνομά
1718 1797 1775 1834 τι

188 1871 328 1926 θεῶν
368 1871 402 1942 ἢ
430 1871 700 1942 δαιμόνων
728 1871 1182 1942 ἐπιφημίσαντες,
1213 1870 1354 1924 κατά
1389 1871 1486 1943 τὴν
1526 1871 1773 1936 ἐξουσίαν

188 1961 286 2014 καὶ
321 1959 648 2032 αὐτονομίαν
698 1960 798 2031 τῆς
842 1961 1073 2033 πλάνης,
1100 1962 1195 2016 καὶ
1227 1962 1520 2032 ἀγάλματα
1550 1963 1772 2034 ἱδρυσά-

191 2068 367 2122 μενοι,
410 2043 488 2104 ὧν
528 2051 623 2104 καὶ¹
661 2051 724 2105 τὸ
768 2052 1063 2116 πολυτελὲς
1111 2052 1326 2125 δέλεαρ·
1360 2054 1555 2125 αἴμασί
1583 2072 1640 2108 τε
1679 2054 1793 2109 καὶ.

187 2138 461 2204 κνίσσαις,
515 2138 630 2194 ἐστι
666 2140 723 2193 δὲ
762 2141 819 2194 οἵ
862 2158 927 2210 γε
959 2141 1096 2212 (76),
1134 2143 1228 2195 καὶ
1259 2142 1493 2215 πράξεσι
1524 2144 1646 2197 λίαν
1688 2145 1774 2197 oti-

189 2233 409 2302 cxpaig,
451 2231 673 2302 μανίαις
699 2249 761 2285 τε
789 2232 884 2288 καὶ
913 2230 1409 2303 άνθρωποκτονίαις
1452 2237 1617 2306 τιμᾷν
1653 2235 1776 2289 τού-

184 2336 317 2384 τους
344 2321 456 2393 (77)
481 2320 760 2393 ἐνόμισαν·
790 2321 1047 2386 τοιαύτας
1067 2323 1175 2394 γὰρ
1203 2323 1442 2394 ἔπρεπεν
1464 2323 1605 2380 εἶναι
1635 2325 1773 2379 θεῶν

188 2411 448 2466 τοιούτων
465 2415 562 2466 καὶ
584 2410 687 2478 τάς
712 2414 898 2486 τιμάς.
929 2415 1068 2485 Ἤδη
1111 2415 1169 2469 δὲ
1190 2416 1286 2469 καὶ
1314 2416 1606 2481 κνωδάλοις
1638 2417 1771 2491 (78),

192 2504 290 2557 καὶ
318 2502 691 2576 τετραπόδοις,
718 2506 815 2560 καὶ
862 2506 1137 2576 ἑρπετοῖς,
1182 2507 1278 2560 καὶ
1309 2505 1514 2560 τούτων
1547 2510 1658 2571 τοῖς
1692 2508 1776 2561 αί-

192 2595 436 2666 σχίστοις
480 2614 539 2650 τε
590 2596 685 2651 καὶ
715 2596 1078 2665 γελοιοτάτοις
1135 2597 1363 2662 ἑαυτοὺς
1415 2597 1773 2669 καθύϐρισαν,

191 2685 290 2740 καὶ
310 2688 520 2749 τούτοις
540 2684 795 2757 φέροντες
819 2686 918 2758 τὴν
948 2686 1039 2741 τοῦ
1068 2687 1202 2741 Θεοῦ
1226 2687 1384 2752 δόξαν
1406 2688 1772 2759 προσέθηκαν·

188 2774 265 2840 ὡς
288 2773 364 2848 μὴ
383 2778 561 2850 ῥᾴδιον
578 2774 713 2831 εἶναι
725 2780 927 2850 κρῖναι,
943 2778 1072 2832 ποτέ
1081 2796 1187 2846 ρων
1201 2778 1311 2849 (79)
1325 2780 1406 2831 δεῖ
1421 2782 1777 2849 καταφρονεῖν

192 2868 418 2939 μᾶλλον,
438 2869 545 2924 τῶν
565 2870 1032 2941 προσκυνούντων,
1060 2871 1094 2941 ἢ
1129 2870 1237 2923 τῶν
1262 2873 1774 2943 προσκυνουμένων·

1876 1690 2012 1744 satis
2034 1689 2300 1754 consulte,
2334 1691 2532 1760 partim
2574 1691 2628 1745 in
2665 1691 2859 1747 caelum
2892 1702 3187 1747 evexerunt
3217 1711 3230 1747 :
3261 1708 3294 1748 ο
3318 1693 3448 1748 ridi.

1872 1777 2047 1834 cuiam
2077 1779 2414 1834 haereditatis
2442 1780 2793 1848 partitionem
2821 1781 2834 1834 Ξ
2868 1781 2949 1835 Ac
2976 1781 3170 1836 deinde
3215 1796 3314 1851 pro
3356 1795 3442 1836 er-

1872 1869 2016 1926 roris
2044 1869 2291 1925 libertate
2318 1879 2372 1926 et
2400 1870 2653 1936 licentia,
2687 1871 2945 1942 ﬁgmento
2991 1872 3186 1941 cuique
3245 1885 3443 1926 nomen

1873 1961 2110 2032 aliquod,
2134 1962 2221 2016 vel
2257 1961 2505 2029 deorum,
2537 1962 2622 2017 vel
2645 1964 2948 2018 dzcmonum
2977 1963 3311 2028 indiderunt,
3337 1972 3444 2016 sta-

1873 2061 2101 2122 tuasque
2126 2054 2348 2123 insuper
2384 2063 2696 2121 erexerunt,
2725 2069 2925 2124 easque
2965 2055 3100 2111 adeo
3127 2053 3444 2125 magniﬁcas

1872 2153 1929 2200 et
1958 2145 2288 2200 excellentes
2313 2185 2329 2212 ,
2363 2155 2421 2200 ut
2451 2145 2628 2214 pretio
2656 2146 2773 2215 ipso
2805 2146 2949 2217 vulgi
2988 2147 3198 2202 animos
3229 2147 3439 2201 inesca-

1873 2243 2017 2291 rent.
2040 2235 2123 2289 Ad
2164 2235 2279 2289 hac
2307 2249 2404 2304 per
2430 2246 2655 2290 cruores
2689 2244 2745 2290 et
2774 2237 3017 2290 carnium
3045 2236 3261 2291 nidores
3284 2274 3300 2301 ,
3324 2235 3444 2306 qui-

1874 2324 1997 2379 dam
2035 2324 2199 2379 etiam
2230 2339 2326 2394 per
2362 2325 2605 2380 actiones
2634 2326 2686 2379 in
2717 2326 2907 2394 primis
2951 2325 3124 2383 foedas
3145 2368 3163 2393 ,
3200 2327 3305 2383 hoc
3337 2335 3441 2392 est,

1873 2414 2088 2471 furores
2119 2429 2185 2470 ac
2217 2415 2428 2480 caedes,
2463 2415 2769 2485 huiusmodi
2815 2418 3035 2470 numina
3068 2417 3171 2471 rite
3203 2415 3306 2471 coli
3335 2417 3447 2471 cxi-

1878 2509 2208 2574 stimarunl;
2256 2505 2391 2560 tales
2427 2506 2622 2575 quippe
2657 2505 2853 2560 talibus
2876 2505 2981 2560 diis
3002 2506 3235 2562 honores
3256 2506 3445 2563 haberi

1877 2596 2254 2652 conveniebat.
2305 2596 2382 2651 Eo
2419 2597 2580 2650 etiam
2616 2596 2865 2651 amentia:
2917 2596 3134 2665 quidam
3184 2612 3446 2668 prorupe-

1878 2697 2029 2755 runt,
2056 2698 2117 2744 ut
2149 2688 2394 2744 colendis
2420 2688 2629 2755 avibus,
2652 2696 2706 2743 et
2733 2689 3188 2759 quadrupedibus,
3206 2699 3262 2744 et
3286 2692 3445 2761 repti.

1876 2780 2019 2836 libus
2053 2780 2122 2847 “,
2149 2790 2313 2850 atque
2340 2781 2532 2835 borum
2577 2779 2905 2851 turpissimis
2936 2782 3239 2851 quibusque
3275 2783 3451 2838 maxi-

1881 2887 2076 2944 meque
2109 2872 2353 2928 ridiculis
2375 2912 2391 2937 ,
2428 2874 2635 2941 seipsos
2664 2872 2991 2927 contumelia
3020 2870 3312 2937 abicerent,
3346 2872 3446 2926 iis-

188 2960 335 3031 τάχα
378 2956 437 3014 δὲ
470 2961 563 3016 καὶ
592 2961 728 3016 πολὺ
758 2961 919 3015 πλέον
949 2961 1058 3015 τῶν
1089 2961 1478 3029 λατρευόντων,
1511 2963 1594 3016 ὅτι
1623 2963 1772 3033 λογι-

1884 2980 1985 3034 que
2034 2965 2126 3020 Dei
2187 2964 2414 3035 gloriam
2469 2964 2963 3018 attribueruntznt
3012 2979 3120 3018 non
3168 2964 3240 3018 sit
3286 2963 3451 3020 facile

188 3053 301 3124 κῆς
346 3054 498 3117 ὄντες
554 3053 789 3124 φύσεως,
834 3054 930 3108 καὶ
979 3053 1142 3124 χάριν
1174 3054 1310 3108 Θεοῦ
1353 3053 1662 3125 δεξάμενοι,
1712 3054 1774 3108 τὺ

188 3147 379 3217 χεῖρον
403 3142 477 3208 ὡς
516 3144 737 3216 ἄμεινον
770 3145 1179 3218 προεστήσαντο
1204 3144 1336 3216 (80)·
1369 3147 1465 3199 καὶ
1491 3144 1649 3199 τοῦτο
1679 3146 1773 3201 τοῦ

189 3234 436 3307 πονηροῦ
454 3236 516 3289 τὸ
540 3237 801 3308 σόφισμα,
826 3235 905 3306 τῷ
944 3236 1092 3307 καλῷ
1117 3236 1606 3308 καταχρησάμενον
1636 3238 1774 3307 πρὸς

188 3327 254 3382 τὸ
276 3327 466 3392 κακὸν,
490 3322 578 3382 οἶα
602 3328 670 3382 τὰ
700 3328 872 3382 πολλά
898 3327 1004 3382 τῶν
1031 3327 1242 3381 ἐκείνου
1277 3328 1770 3399 κακουργημάτων.

188 3419 533 3492 Παραλαϐὼν
590 3419 700 3491 γὰρ
743 3420 922 3475 αὐτῶν
957 3418 1046 3473 τὸν
1069 3417 1231 3472 πόθον
1259 3417 1611 3489 πλανώμενον
1658 3418 1770 3490 (81)

188 3510 342 3565 κατὰ
395 3510 530 3565 Θεοῦ
580 3512 828 3582 ζήτησιν,
865 3510 930 3564 ἶν’
960 3511 1041 3574 είς
1079 3509 1269 3562 ἑαυτὸν
1305 3508 1419 3580 (8‘2)
1457 3509 1774 3582 περισπάσῃ

186 3603 253 3659 τὸ
277 3603 500 3675 κράτος,
525 3605 620 3658 καὶ
659 3603 830 3676 κλέψῃ
856 3601 953 3675 τὴν
977 3602 1180 3670 ἔφεσιν·
1213 3599 1401 3671 ὥσπερ
1430 3600 1627 3669 τυφλὸν
1660 3619 1773 3672 χει-

191 3695 465 3767 ραγωγῶν
508 3690 627 3750 ὁδοῦ
652 3712 796 3759 τινος
821 3694 1122 3766 ἐφιέμενον,
1153 3690 1345 3754 ἄλλους
1372 3689 1603 3761 ἀλλαχοῦ
1636 3708 1770 3745 κατ-

188 3786 528 3860 εκρήμνισε,
581 3786 674 3842 καὶ
716 3786 1021 3858 διέσπειρεν
1079 3787 1158 3849 εἰς
1201 3786 1260 3839 ἐν
1299 3802 1352 3839 τι
1381 3783 1611 3837 θανάτου
1678 3783 1773 3837 καὶ

187 3876 474 3944 ἀπωλείας
506 3878 800 3953 βάραθρον.

1877 3056 2207 3111 constituere
2229 3094 2244 3120 ,
2277 3058 2386 3111 utri
2419 3057 2592 3126 magis
2623 3054 3007 3111 contemnendi
3049 3054 3179 3118 sint,
3217 3055 3325 3110 iine
3352 3057 3447 3126 qui

1878 3145 2199 3211 adorabant,
2217 3161 2283 3199 an
2314 3146 2405 3215 qui
2431 3146 2817 3201 adorabantur.
2847 3144 3103 3200 Fortasse
3124 3160 3253 3200 vero
3278 3146 3449 3201 multo

1877 3236 2067 3307 majori
2099 3246 2412 3305 contemptu
2447 3246 2610 3307 atque
2638 3237 2930 3307 ignominia
2971 3237 3118 3308 digni
3150 3247 3327 3305 erant,
3353 3242 3448 3310 qui

1878 3341 1968 3382 res
2024 3325 2335 3396 huiusmodi
2369 3327 2703 3393 adorabaut;
2749 3327 3002 3398 quoniam
3030 3367 3047 3395 ,
3077 3343 3202 3383 cum
3254 3339 3449 3384 natura

1878 3419 2089 3473 ratione
2118 3420 2341 3488 prtedita
2370 3419 2547 3474 ornati
2579 3428 2787 3485 essent,
2814 3418 3018 3488 Deique
3043 3420 3272 3490 gratiam
3297 3436 3450 3476 acce-

1877 3511 2117 3580 pissent,
2154 3512 2394 3567 deterius
2438 3512 2647 3567 meliori
2688 3510 3063 3580 praetulerunt.
3103 3513 3279 3582 Atque
3330 3516 3449 3570 haec

1884 3595 1988 3651 fuit
2011 3600 2159 3668 pravi
2188 3599 2331 3655 illius
2376 3600 2644 3656 calliditas
2672 3610 2728 3656 et
2755 3601 3047 3670 impostura
3071 3641 3086 3667 ,
3116 3616 3177 3657 re
3209 3603 3348 3658 bona
3380 3605 3449 3658 ad

1878 3690 2079 3743 malum
2132 3692 2440 3755 abutentis;
2469 3693 2647 3761 qualia
2696 3700 2823 3747 sunt
2857 3692 3117 3762 pleraque
3149 3694 3292 3749 illius
3316 3709 3445 3749 ver-

1877 3795 1996 3837 suta
2021 3781 2289 3840 facinora.
2323 3785 2456 3839 Nam
2481 3801 2602 3841 cum
2625 3800 2813 3841 eorum
2858 3785 3209 3854 cupiditatem
3249 3787 3315 3841 ad
3348 3788 3447 3843 Dei

1878 3875 2334 3944 conquisitionem
2354 3877 2698 3932 oberrantem
2732 3876 3054 3946 accepisset,
3083 3886 3144 3931 ut
3175 3879 3446 3949 principa-

191 3983 314 4029 tum
339 3976 410 4030 ad
444 3990 504 4031 se
528 3974 883 4039 transferret,
919 3988 984 4029 ac
1010 3970 1334 4028 desiderium
1366 3984 1557 4025 eorum
1619 3965 1883 4033 eluderet,
1915 3970 2069 4039 quasi
2136 3985 2373 4055 caecum.
2409 3970 2510 4024 viae
2575 3968 2848 4039 cuiusdam
2882 3970 3176 4056 cupiditate
3214 3970 3446 4042 ﬂagran-
3531 4047 3535 4053 _

195 4072 311 4121 tem
367 4067 756 4134 manuducens,
789 4066 927 4122 alios
972 4065 1078 4121 alio
1104 4063 1410 4135 praecipites
1441 4061 1571 4132 egit,
1602 4070 1764 4127 atque
1801 4060 1855 4114 in
1923 4077 2084 4117 unum
2124 4063 2391 4132 quoddam
2464 4061 2651 4118 mortis
2697 4062 2957 4131 exitiique
3021 4062 3337 4119 barathrum
3370 4066 3448 4121 di-

198 4160 422 4229 spersit.

270 4254 389 4321 ις’.
422 4242 584 4307 Οὗτοι
613 4252 713 4324 μὲν
737 4253 801 4324 δὴ
821 4252 1011 4307 ταῦτα·
1037 4250 1184 4323 ἡμᾶς
1231 4250 1286 4303 δὲ
1316 4251 1345 4303 ό
1365 4248 1523 4317 λόγος
1542 4248 1771 4320 δεξάμε-

1948 4246 2086 4303 XVI.
2112 4248 2292 4318 Atque
2316 4248 2433 4303 haec
2462 4246 2680 4317 quidem
2715 4244 2812 4300 illi.
2845 4244 2954 4300 Nos
2983 4254 3186 4312 autem,
3224 4246 3319 4302 Dei
3353 4250 3450 4303 de-

191 4345 623 4416 νοςὲφιεμένους
656 4344 812 4407 Θεοῦ,
845 4343 940 4397 καὶ
970 4342 1043 4414 μὴ
1093 4339 1453 4411 ἀνεχομένους
1489 4338 1549 4391 τὸ
1580 4338 1776 4409 ἀνηγε-

194 4438 460 4510 μόνευτον
506 4454 566 4491 τε
603 4438 701 4490 καὶ
747 4435 1135 4507 ἀκυϐέρνητον·
1179 4428 1299 4486 εἶτα
1325 4433 1437 4494 τοῖς
1476 4428 1775 4501 ὁρωμένοις

190 4527 553 4599 προσϐάλλων
577 4526 712 4596 (85),
730 4528 954 4589 καὶτοῖς
979 4522 1232 4595 ἀπαρχῆς
1262 4520 1625 4591 ἐντυγχάνων,
1651 4518 1774 4573 οὔτε

266 4623 316 4654 ⁸⁸
348 4623 499 4675 Rorn.
531 4636 571 4682 ι,
603 4620 694 4674 25.

269 4736 383 4808 (70)
408 4735 910 4808 Πρρσλᾳϐὁμεκοι.
926 4733 1156 4808 ponii},
1177 4728 1589 4808 προσλαϐόντες.

267 4802 382 4875 (71)
416 4802 772 4873 Ἐξαπάτηξ.
801 4803 963 4875 Coisi.
988 4802 1466 4875 i,_é§g7tafcﬁc§m§.

266 4869 383 4948 (72)
419 4869 621 4948 Θεούς.
638 4869 811 4948 Deest
830 4875 881 4927 in
910 4871 1082 4948 _Or._i.
1112 4871 1167 4924 In
1191 4869 1301 4948 eri,
1328 4869 1489 4948 θεοῖς.

263 4937 382 5017 (75)
409 4947 519 5000 Kal.
557 4937 701 5017 ’ἑοὺς
741 4943 858 5017 μὲν
891 4938 1361 5017 ἀφῆκαν-κάτω,
1413 4947 1520 4992 etc.
1571 4937 1777 5017 Alludit

186 5009 492 5084 Gregorius
532 5017 598 5068 ad
654 5009 951 5084 fabulosam
988 5009 1328 5079 partitionem
1356 5044 1372 5071 ,
1418 5025 1532 5084 qua
1572 5009 1770 5084 caelum

186 5078 339 5151 Jovi,
380 5101 530 5140 mare
554 5084 820 5153 Neptuno,
864 5083 1159 5153 inferorum
1205 5094 1426 5149 regnum
1479 5079 1687 5133 Plutoni
1717 5078 1771 5132 in

188 5169 400 5215 sortem
440 5152 669 5208 cessisse
695 5154 849 5207 ﬁnxit
878 5152 1189 5220 antiquitas.

264 5224 740 5295 (74)¹Ἒκρυψαν.
776 5224 908 5292 Reg.
956 5217 1151 5293 Cipu,
1183 5218 1517 5290 ἀπέρριψαν,
1561 5236 1580 5270 ι
1618 5217 1768 5274 θυῖε-

185 5307 409 5355 cernnt.
441 5315 461 5347 ι

260 5366 379 5425 (75)
410 5366 520 5419 Τὸν
541 5365 821 5433 οὐρανόν.
852 5360 1127 5433 Deestjrév
1153 5361 1212 5433 in
1252 5358 1424 5433 Oril.

263 5424 379 5510 (τι)
414 5424 696 5491 Ἐστίδέ
731 5436 786 5488 οἳ
834 5449 921 5502 τε.
947 5430 1100 5490 Colb.
1144 5430 1196 5484 ι.
1233 5439 1285 5486 et
1320 5429 1534 5495 C0mh.,
1566 5424 1678 5480 ἔστι
1712 5426 1769 5480 δι

183 5511 383 5650 ετῖῄ)
415 5570 595 5650 mla?
642 5575 915 5642 τούτους.
972 5568 1065 5629 Sic
1118 5568 1253 5644 Reg.
1311 5569 1471 5642 Cypr.
1513 5567 1572 5624 ln
1611 5567 1743 5625 edit.

1880 4339 2081 4395 siderio
2110 4340 2400 4410 ﬂagrantes
2420 4381 2435 4404 ,
2468 4346 2632 4406 atque
2671 4335 2869 4390 animis
2892 4337 2965 4390 ita
2997 4345 3362 4406 comparatos.
3388 4349 3449 4394 ut

1881 4434 2283 4488 universitatem
2311 4435 2450 4488 hanc
2484 4434 2619 4487 duce
2653 4441 2815 4498 atque
2864 4430 3229 4499 gubernatore
3259 4444 3447 4486 carere

1881 4524 2029 4581 nullo
2078 4524 2235 4581 modo
2263 4524 2550 4580 admittere
2579 4537 2863 4593 queamus,
2893 4520 3028 4575 ratio
3060 4521 3356 4591 excipiens,
3384 4537 3447 4575 ac

1866 4708 2227 4781 τοῦτοτιμᾷν.

1938 4780 2049 4852 (78)
2078 4767 2443 4845 Κψίωδάλοις.
2484 4777 2633 4832 Elias
2686 4791 2706 4826 1
2748 4788 2876 4828 aves
2932 4791 2953 4825 ι
3011 4768 3277 4852 intelligit.
3335 4767 3445 4852 But

1871 4848 2039 4918 dze'us,
2071 4871 2089 4903 ι
2121 4852 2262 4907 feras
2300 4869 2320 4903 ›
2377 4859 2486 4904 tam
2531 4855 2844 4909 terrestres,
2873 4856 3034 4912 quam
3080 4848 3356 4909 aquaticas
3391 4848 3447 4894 et

1870 4935 2370 5063 Ποτέρων.
2402 4989 2494 5045 Sic
2521 4987 2685 5044 CoisI.
2719 4985 2772 5052 1,
2811 4991 2867 5040 et
2891 4991 3002 5039 tres
3025 4978 3175 5036 Colb.
3204 4977 3332 5044 Alii,
3353 4977 3446 5032 πό-

1870 5061 2046 5135 τέρον,
2084 5079 2270 5130 prave.
2303 5063 2464 5135 E_Dl'l‘.

1941 5117 2054 5206 '(80')
2084 5117 2567 5201 Προεστήσαντο.
2615 5126 2748 5197 Reg.
2796 5125 2985 5194 Cypr.,
3037 5117 3444 5191 προετιμήσαν-

1868 5222 1931 5259 το

1880 5235 2774 5348 θυῖ81)Πλανώμενον;,οοὶε¹·1ν
2806 5259 3205 5348 πλανεομένιειὶιε
3275 5326 3366 5348 ης

1942 5325 2052 5420 (ἆῤ)
2076 5325 2697 5420 ἓίξέᾀῦξόνκδίαάιιο
2717 5325 2910 5420 Βέεε..
2941 5325 3051 5388 tres
3081 5327 3255 5394 Colb.,
3273 5325 3442 5383 Coisl.

1870 5420 1893 5473 1
1938 5406 1992 5472 ἐι
2022 5406 2075 5480 3,
2102 5406 2289 5471 (16ml).
2327 5416 2380 5466 In
2403 5412 2514 5476 ed.,
2541 5412 2620 5472 είς
2647 5406 2844 5477 ἐαυτήν

1939 5466 2511 5559 (έόῖηῐοοᾶύάλλωνί
2558 5466 2693 5550 Reg.
2764 5466 2825 5543 δ’,
2880 5484 2935 5531 et
2983 5472 3077 5529 0r.
3130 5470 3194 5539 1,
3240 5466 3443 5541 προϐα-

1868 5558 1994 5616 λών.
