3890 6214
435 243 506 298 47
1550 280 1555 285 η
1677 238 1731 295 S.
1773 237 2001 296 GREGO

2142 233 2490 299 THEOLOGI
3621 249 3695 304 48

434 351 628 412 deinde
659 349 711 404 in
752 365 840 406 res
867 350 1042 405 oculis
1073 348 1347 418 subjecta:
1391 350 1630 417 intuens,
1675 359 1837 421 atque
1872 353 2001 407 adeo

2114 354 2275 426 μέχρι
2312 357 2518 410 τούτοιν
2547 357 2795 429 ἔστησεν.
2836 359 2911 412 Οὐ
2945 358 3053 429 γὰρ
3086 354 3155 431 ἦν
3201 361 3360 429 λόγου
3390 360 3695 433 δοῦναιτὴν

433 462 523 513 ea,
551 459 671 516 quae
694 445 762 499 ab
793 444 951 500 initio
978 446 1192 500 condita
1225 453 1372 511 sunt,
1416 444 1790 510 considerans,
1822 461 1892 500 ne
1919 448 2009 502 hic

432 542 649 612 quidem
694 540 860 612 508
912 538 1137 608 gradum
1185 537 1323 592 ﬁxit.
1366 536 1552 607 Neque
1591 537 1736 591 enim
1779 538 2007 595 rationis

431 642 571 701 eral,
602 634 692 699 iis,
727 648 880 703 quae,
913 638 1174 701 quantum
1203 630 1268 683 ad
1307 642 1547 692 sensum,
1581 630 1699 697 pari
1722 630 2006 685 nobiscum

431 726 739 784 conditione
767 734 932 788 sunt,
959 723 1321 793 principatum
1357 721 1507 775 dare.
1539 720 1680 788 Quin
1715 723 1892 790 potius
1913 738 2010 776 eo-

432 834 551 875 rum
579 830 681 887 ope
710 824 873 885 atque
915 814 1226 884 adiumento
1260 827 1357 866 nos
1383 812 1453 866 ad
1484 812 1536 866 id
1558 852 1573 877 ,
1615 814 1760 882 quod
1792 813 1872 867 his
1916 829 2008 867 su-

430 910 613 982 perius
644 917 747 972 est,
771 907 1034 978 cujusque
1063 903 1326 960 beneﬁcio
1356 903 1470 957 haec
1509 913 1656 969 sunt,
1683 904 1850 959 ducit.
1868 904 2006 970 Quid

431 1002 577 1058 enim
610 1001 822 1055 tandem
855 997 984 1052 illud
1018 1005 1131 1061 est,
1159 996 1302 1065 quod
1331 996 1573 1051 coelestia
1610 1008 1662 1051 et
1707 997 2003 1063 terrestria,

431 1107 693 1167 quaeque,
727 1091 811 1145 vel
842 1104 939 1159 per
980 1103 1194 1155 aerem,
1228 1088 1311 1143 vel
1350 1103 1446 1157 per
1493 1101 1687 1156 aquam
1732 1086 2001 1152 feruntur,

429 1186 515 1242 vel
542 1186 722 1256 potius
747 1198 830 1247 ea,
860 1196 980 1251 quae
1012 1180 1097 1234 his
1127 1180 1307 1250 priora
1335 1188 1482 1243 sunt,
1520 1180 1745 1240 coelum,
1777 1188 2001 1244 terram,

433 1292 637 1341 aerem,
669 1290 863 1345 aquam
892 1281 1045 1329 certo
1087 1272 1278 1327 ordine
1325 1271 1651 1327 collocavit?
1696 1271 1827 1337 Quis
1891 1273 2005 1326 haec

431 1369 650 1425 miscuit
677 1382 741 1423 ac
767 1365 1039 1438 seiunxit?
1070 1363 1199 1432 Quae
1223 1371 1408 1418 mutua
1436 1364 1626 1417 horum
1656 1364 1891 1419 societas
1917 1378 2007 1416 na-

432 1470 672 1530 turasque
696 1459 945 1529 cognatio
969 1465 1023 1513 et
1047 1456 1426 1527 conSpiratio?
1465 1455 1582 1512 Hoc
1610 1458 1752 1512 enim
1780 1456 2000 1522 dictum,

430 1553 559 1609 licet
589 1552 823 1608 hominis
855 1563 886 1605 a
920 1550 1181 1619 religione
1230 1558 1417 1603 nostra
1465 1549 1629 1605 alieni
1660 1590 1675 1615 ,
1725 1550 1857 1603 mihi
1893 1563 2003 1603 ma-

432 1658 671 1716 gnopere
708 1643 1012 1713 probatur:
1050 1638 1185 1706 Quis
1214 1649 1407 1694 motum
1433 1640 1514 1694 his
1555 1640 1764 1705 attulit,
1795 1657 1857 1694 ac
1882 1657 2002 1710 per-

2111 448 2413 520 ήγεμονίαν
2460 453 2574 514 τοῖς
2609 450 2892 522 ὁμοτίμοις
2952 452 3091 505 κατὰ
3137 453 3237 524 τὴν
3278 453 3528 526 αἴσθησιν
3551 453 3695 525 (84).

2110 539 2219 591 Kal
2253 539 2343 593 διὰ
2369 540 2575 595 τούτων
2619 542 2741 610 ἄγει
2800 542 2937 614 πρὸς
2962 543 3023 597 τὺ
3069 544 3209 616 ὑπὲρ
3232 543 3426 609 ταῦτα,
3477 546 3573 599 καὶ
3625 546 3693 599 δι’

2108 621 2170 681 οὗ
2197 630 2306 701 (85)
2337 630 2545 695 τούτοις
2580 632 2641 685 τὸ
2660 628 2797 687 εἶναι
2826 633 3125 704 περίεστιν.
3174 634 3238 687 Τί
3282 634 3391 706 γὰρ
3429 635 3490 687 τὸ
3519 632 3697 702 τάξαν

2108 719 2178 775 τὰ
2208 722 2443 794 οὐράνιά
2477 740 2537 776 τε
2574 721 2684 794 (86)
2711 724 2801 777 καὶ
2824 725 2894 777 τὰ
2918 724 3159 794 ἐπίγεια,
3193 726 3293 779 ὅσα
3332 743 3390 779 τε
3417 725 3484 778 δι’
3507 726 3694 796 ἀέρος,

2108 815 2203 868 xal
2229 816 2329 869 ὅσα
2355 815 2478 870 καθ’
2515 816 2725 881 ὓδατος,
2770 817 2967 888 μᾶλλον
3013 819 3068 873 δὲ
3098 818 3167 872 τὰ
3196 818 3301 889 πρὸ
3324 817 3551 882 τούτων,
3602 819 3697 871 οὔ·

2110 906 2290 977 ρανὸν,
2320 908 2413 959 καὶ
2434 909 2558 978 γῆν,
2590 909 2682 961 καὶ
2715 908 2872 980 ἀέρα,
2900 909 2992 967 καὶ
3023 910 3183 979 φύσιν
3206 908 3425 975 ὔδατος;
3448 910 3544 973 Τίς
3562 909 3698 962 ταῦ-

2106 1016 2174 1052 τα
2195 998 2347 1069 ἔμιξε
2370 1000 2461 1053 καὶ
2479 1001 2733 1071 ἐμέρισεν
2754 1018 2768 1066 ;
2792 1001 2875 1065 τίς
2902 1001 3013 1069 (87)
3041 1003 3296 1056 κοινωνία
3321 1002 3530 1057 τούτων
3554 1004 3698 1075 πρὸς

2108 1089 2334 1160 ἄλληλα,
2387 1092 2482 1144 καὶ
2508 1093 2787 1161 συμφυϊα,
2825 1094 2920 1147 καὶ
2971 1093 3277 1165 σύμπνοια;
3314 1094 3555 1150 Ἐπαινῶ
3581 1096 3697 1169 γὰρ

2107 1182 2196 1234 τὸν
2225 1183 2481 1254 εἰρηκότα
2513 1183 2645 1254 (88),
2679 1185 3073 1257 κᾶνάλλότριος
3186 1186 3296 1258 (89)
3332 1188 3393 1241 Τί
3418 1187 3485 1242 τὸ
3507 1188 3699 1243 ταῦτα

2106 1276 2444 1343 κεκινηκὸς,
2476 1278 2574 1331 καὶ
2619 1275 2768 1348 ἄγον
2821 1278 2932 1351 (90)
2993 1278 3108 1348 τὴν
3172 1280 3442 1349 ἄληκτον
3496 1282 3697 1351 φορὰν

2104 1368 2205 1421 καὶ
2249 1367 2564 1423 ἀκώλυτον
2603 1385 2618 1436 ;
2669 1365 2759 1442 ἄρ’
2817 1372 2937 1442 οὐχ·
2964 1373 2993 1425 ὁ
3032 1372 3283 1443 τεχνίτης
3314 1370 3540 1438 τούτων,
3597 1373 3697 1427 καὶ

2107 1462 2241 1512 πᾶσι
2274 1458 2431 1528 λόγον
2487 1459 2682 1524 ἐνθεὶς,
2711 1460 2833 1515 καθ’
2858 1461 2919 1515 ὃν
2943 1461 3004 1516 τὸ
3051 1465 3160 1517 πᾶν
3205 1463 3434 1534 φέρεταί
3479 1479 3540 1516 τε
3597 1463 3698 1517 καὶ

2105 1550 2409 1620 διεξάγεται
2433 1568 2448 1616 ;
2472 1553 2569 1616 Τίς
2610 1553 2667 1605 δὲ
2697 1555 2726 1606 ὁ
2752 1554 3003 1625 τεχνίτης
3033 1553 3236 1608 τούτων
3257 1572 3272 1621 ;
3294 1552 3384 1628 ἆρ’
3413 1556 3514 1626 οὐχ
3534 1557 3563 1610 ὁ
3587 1572 3696 1609 πε-

2109 1643 2353 1715 ποιηκὼς
2394 1644 2504 1715 (91)
2531 1644 2723 1709 ταῦτα,
2780 1646 2872 1698 καὶ
2901 1648 2981 1710 είς
3018 1645 3078 1699 τὺ
3116 1640 3260 1699 εἶναι
3287 1644 3399 1717 (92)
3431 1663 3695 1720 παραγα-

429 1705 584 1806 petua
653 1735 966 1804 minimeque
1027 1732 1274 1801 impedito
1335 1747 1492 1786 cursu
1547 1748 1609 1786 ea
1664 1732 2001 1787 moderatur?

2110 1705 2256 1803 γῶν-ς
2291 1705 2351 1787 ob
2541 1735 2604 1807 δὴ
2627 1705 2720 1806 τῷ⁷
2733 1705 3025 1807 αὐτομάτῳ
3064 1736 3249 1790 δοτέον
3274 1705 3549 1810 τοσαύτην
3594 1705 3694 1793 δύο

430 1829 513 1883 An
553 1841 660 1881 non
702 1839 891 1880 eorum
921 1822 1119 1876 artifex
1142 1830 1198 1877 et
1229 1820 1321 1890 qui
1356 1822 1519 1875 rebus
1547 1822 1800 1877 omnibus
1832 1824 2001 1879 ratio-

430 1935 554 1977 nem
592 1933 715 1973 eam
745 1915 967 1983 indidit,
1008 1929 1111 1984 qua
1174 1914 1487 1968 universum
1521 1912 1694 1968 fertur
1718 1925 1771 1969 et
1809 1917 2008 1986 guber-

429 2014 628 2071 natur?
655 2012 786 2080 Quis
821 2025 984 2080 porro
1023 2010 1216 2064 horum
1263 2007 1500 2062 artifex?
1548 2009 1630 2061 An
1668 2022 1772 2063 non
1818 2010 1883 2071 is,
1912 2009 2003 2077 qui

430 2112 546 2166 haec
574 2105 880 2178 procreavit
918 2113 1083 2172 atque
1114 2101 1169 2155 in
1205 2115 1382 2155 rerum
1425 2109 1672 2154 naturam
1702 2099 2003 2168 produxit?

430 2201 618 2272 Neque
647 2197 792 2252 enim
820 2193 1174 2267 proculdubio
1222 2192 1366 2246 casui
1399 2190 1735 2258 fortunaeque
1769 2190 1885 2245 haec
1918 2189 2001 2244 vis

430 2303 488 2348 et
522 2289 752 2347 facultas
788 2285 1106 2343 ascribenda
1151 2294 1255 2338 est.
1291 2282 1361 2338 Ut
1414 2284 1557 2337 enim
1620 2281 1721 2335 hoc
1765 2281 1954 2337 demus
1983 2324 2000 2348 ,

429 2401 559 2442 casu
586 2382 769 2441 omnia
796 2378 1091 2441 exstitisse,
1110 2380 1196 2431 cui
1229 2377 1442 2430 tandem
1475 2389 1662 2429 eorum
1686 2376 2004 2430 constitutio

429 2492 495 2533 ac
523 2472 805 2546 dispositio
853 2467 1134 2524 tribuenda
1162 2465 1312 2521 erit?
1352 2465 1528 2535 Atque
1564 2473 1623 2519 ut
1656 2464 1761 2520 hoc
1788 2477 2005 2535 quoqne

428 2571 604 2642 ipsum
629 2607 645 2631 ,
672 2566 718 2620 si
748 2566 821 2619 ita
847 2562 998 2617 lubet
1017 2598 1032 2623 ,
1068 2559 1218 2613 casui
1245 2558 1606 2613 concedamus
1634 2595 1650 2622 ,
1696 2554 2002 2622 cuiusnam,

2105 1838 2290 1899 ναμιν.
2323 1828 2505 1881 Ἔστω
2526 1828 2635 1901 γὰρ
2660 1829 2721 1882 τὸ
2756 1829 3010 1898 γενέσθαι
3049 1828 3146 1882 τοῦ
3176 1829 3512 1899 αὐτομάτου·
3540 1828 3692 1894 τίνος

2101 1918 2163 1972 τὸ
2195 1917 2385 1984 τάξαι;
2435 1919 2547 1972 Καὶ
2595 1919 2774 1984 τοῦτο,
2816 1921 2864 1972 εἰ
2906 1920 3071 1984 δοκεῖ,
3104 1918 3303 1991 δῶμεν·
3335 1919 3481 1983 τίνος
3505 1919 3568 1973 τὸ
3594 1936 3698 1989 τη·-

2106 2010 2269 2082 ρῆσαι
2303 2011 2399 2063 καὶ
2431 2010 2663 2079 φυλάξαι
2690 2010 2811 2064 καθ’
2854 2010 2950 2074 οὓς
2974 2012 3192 2083 πρῶτον
3224 2011 3437 2084 ὑπέστη
3466 2011 3693 2080 λόγους;

2101 2102 2287 2174 ἑτέρου
2320 2103 2484 2168 τινὸς,
2514 2104 2547 2175 ἢ
2581 2103 2673 2157 τοῦ
2700 2103 3043 2175 αὐτομάτου;
3069 2102 3293 2175 Ἐτέρου
3311 2102 3510 2175 δηλαδὴ
3538 2101 3697 2174 παρὰ

2096 2193 2159 2246 τὸ
2202 2195 2526 2266 αὐτόματον.
2585 2195 2756 2248 Τοῦτο
2805 2196 2863 2248 δὲ
2890 2196 2942 2249 τί
2993 2212 3125 2249 ποτε
3157 2196 3286 2250 ἄλλο
3328 2195 3468 2267 πλὴν
3516 2196 3689 2259 Θεός;

2098 2284 2288 2350 Οὕτως
2315 2289 2343 2341 ὁ
2371 2289 2436 2341 ὲκ
2458 2287 2592 2341 Θεοῦ
2617 2287 2773 2363 λόγος
2806 2288 2901 2343 καὶ
2923 2290 3057 2341 πᾶσι
3086 2289 3383 2359 σύμφυτος,
3416 2288 3511 2342 καὶ
3538 2288 3696 2360 πρῶ-

2099 2394 2189 2440 τος
2236 2378 2294 2430 ἐν
2340 2378 2473 2448 ἡμῖν
2520 2377 2632 2448 (95)
2680 2380 2845 2450 νόμος
2883 2379 2979 2433 καὶ
3013 2381 3147 2433 πᾶσι
3185 2380 3551 2451 συνημμένος,
3600 2380 3697 2435 ἐπὶ

2109 2467 2242 2521 Θεὸν
2260 2469 2409 2538 ἡμᾶς
2439 2469 2712 2539 ἀνήγαγεν
2740 2471 2803 2522 ὲκ
2827 2469 2935 2522 τῶν
2952 2469 3264 2542 ὁρωμένων.
3285 2471 3395 2523 Καὶ
3421 2470 3486 2543 δή
3513 2470 3696 2541 λέγω·

2107 2575 2209 2629 μεν
2240 2559 2351 2631 (94)
2387 2560 2691 2631 ἀρξάμενοι
2717 2561 2899 2618 πάλιν.

428 2676 635 2735 quaeso,
676 2658 861 2723 fuerit,
894 2655 1031 2719 lucc,
1054 2652 1211 2721 juxta
1275 2665 1369 2706 eas
1433 2649 1693 2714 rationes,
1729 2647 1926 2717 quibus
1985 2649 2219 2718 primum
2267 2664 2446 2706 creata
2486 2663 2651 2717 sunt,
2725 2653 2859 2706 tueri
2900 2660 3064 2723 atque
3123 2652 3495 2709 conservare?
3531 2651 3692 2710 Alte—

428 2758 613 2813 riusne
648 2751 987 2823 cuiuspiam,
1043 2763 1110 2801 an
1137 2744 1336 2801 casus?
1372 2742 1610 2798 Alterius
1644 2744 1887 2813 profecto
1913 2785 1927 2806 ,
1962 2758 2068 2799 non
2101 2759 2280 2802 casus.
2327 2746 2441 2803 Hoc
2479 2758 2659 2802 autem
2692 2747 2822 2817 quid
2851 2750 3065 2803 tandem
3106 2748 3249 2802 aliud
3310 2763 3433 2804 esse
3501 2758 3694 2819 queat,

429 2864 591 2920 quam
640 2843 830 2902 Deus?
882 2841 975 2897 Sic
1024 2840 1188 2905 ratio,
1217 2852 1338 2908 quae
1361 2851 1427 2892 ex
1461 2837 1570 2891 Deo
1595 2847 1700 2902 est,
1746 2846 1800 2891 et
1823 2837 2035 2892 cunctis
2070 2837 2236 2893 insita
2263 2879 2279 2906 ,
2309 2850 2365 2895 et
2405 2842 2577 2912 prima
2627 2840 2682 2895 in
2712 2839 3022 2909 pectoribus
3060 2839 3263 2895 nostris
3301 2838 3524 2895 condita
3565 2840 3697 2928 lex,

428 2939 744 3009 cunctisque
775 2934 1091 2991 mortalibus
1131 2932 1350 2996 innexa,
1387 2945 1486 2985 nos
1515 2932 1583 2986 ab
1626 2931 1690 2985 iis
1734 2932 1897 2985 rebus
1924 2972 1941 2998 ,
1983 2944 2104 3001 quae
2128 2932 2300 2990 oculis
2329 2945 2647 3001 cernuntur,
2686 2934 2755 2989 ad
2790 2935 2956 2990 Deum
2996 2933 3265 2989 subvexit.
3312 2933 3393 2989 Ac
3461 2935 3697 3005 proinde

429 3039 533 3092 hoc
589 3041 752 3103 pacto
802 3043 989 3084 rursus
1043 3026 1410 3081 exordiamur.

500 3124 662 3182 XVII.
694 3122 833 3190 Quid
876 3119 1091 3175 tandem
1125 3117 1264 3172 Deus
1314 3127 1507 3171 natura
1546 3125 1733 3181 sua‘et
1759 3116 1997 3172 essentia

2170 3120 2269 3172 IZ'.
2305 3117 2457 3183 Θεὸν,
2511 3117 2539 3171 δ
2587 3115 2640 3168 τί
2673 3131 2804 3168 ποτε
2849 3113 2948 3186 μὲν
2979 3113 3097 3167 ἔστι
3142 3113 3241 3186 τὴν
3268 3112 3430 3184 φύσιν
3461 3113 3556 3170 καί
3591 3114 3695 3189 τὴν

430 3219 524 3287 sit,
551 3230 658 3271 nec
685 3213 964 3270 hominum
1003 3208 1295 3280 quisquam
1351 3222 1587 3276 unquam
1620 3207 1870 3273 invenit,
1905 3224 2006 3264 nec

430 3308 677 3364 invenire
700 3312 900 3376 potest.
927 3303 1009 3356 An
1039 3315 1170 3356 vero
1215 3298 1507 3369 aliquando
1538 3298 1610 3353 sit
1638 3298 1962 3355 inventurus
1986 3340 2001 3365 ,

428 3406 639 3472 quaerat
659 3397 764 3451 hoc
789 3394 881 3464 qui
914 3393 1076 3456 volet,
1113 3405 1177 3445 ac
1209 3397 1607 3460 perscrutetur.
1634 3386 1747 3442 Mea
1784 3389 2001 3456 quidem

425 3492 722 3556 sententia,
750 3498 860 3541 tum
897 3486 1113 3540 demum
1146 3484 1251 3539 hoc
1280 3483 1541 3550 inveniet,
1579 3498 1705 3537 cum
1739 3481 2004 3538 deiforme

428 3588 535 3642 hoc
561 3592 725 3651 atque
750 3578 1012 3640 divinum,
1063 3575 1116 3630 id
1147 3587 1267 3638 est,
1301 3589 1454 3629 mens
1513 3581 1700 3628 nostra
1761 3581 1816 3627 et
1868 3575 2005 3628 ratio

429 3691 554 3733 cum
595 3683 788 3729 natura
826 3677 1055 3739 cognata
1092 3665 1381 3737 conjuncta
1419 3663 1604 3733 fuerit,
1639 3674 1695 3720 et
1727 3665 1903 3734 imago
1932 3664 2001 3718 ad

429 3764 696 3836 exemplar
727 3761 858 3818 illud
896 3757 1241 3826 suum,cujus
1271 3770 1413 3810 nunc
1440 3755 1710 3811 desiderio
1742 3755 2002 3824 tangitur,

429 3854 751 3913 ascenderit.
770 3855 945 3922 Atque
977 3850 1105 3904 illud
1140 3848 1271 3903 mihi
1299 3862 1419 3903 esse
1444 3848 1674 3914 videtur,
1708 3846 1850 3917 quod
1886 3849 2001 3918 pri-

428 3953 659 4015 marium
683 3942 1030 4018 philosophiae
1054 3951 1211 4010 caput
1243 3948 1346 4005 est,
1362 3953 1553 4007 nempe
1577 3953 1674 3993 nos
1713 3938 2003 4008 aliquando

432 4050 619 4097 antum
683 4034 1027 4107 cognituros,
1074 4041 1331 4102 quantum
1380 4029 1579 4098 cogniti
1626 4045 1814 4086 sumus
1858 4030 2000 4083 ηοω.

430 4135 502 4188 At
546 4110 602 4186 in
655 4129 759 4183 hac
807 4122 1189 4192 mortali,vita
1242 4120 1503 4192 quidquid
1553 4120 1621 4175 ad
1683 4135 1784 4176 nos
1835 4136 2005 4192 usque

430 4217 709 4292 pertingit,
744 4213 890 4269 aliud
913 4210 1046 4267 nihil
1068 4218 1173 4275 est,
1203 4223 1365 4279 quam
1389 4209 1618 4279 exiguus
1662 4209 1878 4278 quidam
1923 4210 2001 4263 ri-

428 4311 607 4374 vulus,
631 4305 860 4363 acvelut
900 4302 1289 4375 509marvus
1342 4315 1550 4371 magnae
1602 4299 1740 4355 lucis
1792 4301 1995 4355 radius.

429 4400 789 4471 Quamobrem
830 4396 876 4452 si
911 4396 1036 4466 quis
1081 4394 1249 4449 Deum
1274 4392 1547 4464 cognovit,
1578 4401 1693 4459 aut,
1718 4392 1996 4462 Scriptura

499 4515 661 4571 "°'°l
686 4514 809 4571 Cor.
843 4528 964 4579 xm,
986 4512 1074 4567 12.

2111 3209 2298 3263 οὐσίαν
2322 3250 2335 3273 ,
2389 3207 2514 3261 οὔτε
2561 3224 2646 3270 τις
2700 3201 2858 3279 εὗρεν
2919 3205 3224 3280 ἀνθρώπων
3280 3206 3520 3276 πώποτε,
3563 3208 3695 3263 οὔτε

2115 3300 2223 3371 μὴν
2261 3297 2371 3371 (95)
2393 3297 2548 3372 εὕρῃ.
2586 3297 2726 3350 Ἀλλ’
2763 3298 2812 3350 sl
2844 3296 2948 3369 μὲν
2973 3298 3197 3368 εὑρήσει
3230 3297 3387 3362 ποτὲ,
3416 3299 3695 3370 ζητείσθω

2110 3389 2288 3451 τοῦτο,
2320 3390 2415 3444 καὶ
2444 3387 2837 3459 φιλοσοφείσθω
2872 3387 3021 3460 παρὰ
3047 3388 3157 3442 τῶν
3202 3388 3562 3463 βουλομένωνο
3589 3393 3692 3446 εὑ-

2116 3482 2269 3553 ρήσει
2294 3481 2370 3544 δὲ,
2414 3480 2488 3544 ὡς
2525 3477 2730 3551 cepe;
2764 3479 2873 3551 (96)
2911 3479 3087 3548 λόγος,
3129 3479 3346 3534 ἐπειδὰν
3378 3480 3438 3533 τὸ
3457 3480 3691 3547 θεοειδὲς

2109 3567 2268 3622 τοῦτο
2298 3569 2389 3621 καὶ
2417 3569 2578 3630 θεῖον,
2608 3565 2751 3638 λέγω
2778 3568 2835 3622 δὲ
2870 3568 2961 3622 τὸν
2989 3568 3255 3640 ἡμέτερον
3303 3568 3428 3624 νοῦν
3472 3588 3533 3624 τε
3589 3573 3691 3627 καὶ

2110 3661 2288 3730 λόγον,
2319 3661 2397 3733 τῷ
2421 3663 2606 3732 οἰκείῳ
2634 3661 2743 3733 (97)
2771 3661 3070 3733 προσμίξῃ,
3105 3662 3200 3714 καὶ
3226 3663 3258 3732 ή
3287 3661 3452 3715 εἰκὼν
3479 3662 3685 3739 ἀνέλθῃ

2111 3752 2248 3823 πρὸς
2261 3754 2320 3805 τὸ
2343 3752 2670 3824 ἀρχέτυπον,
2703 3747 2764 3807 οὗ
2791 3752 2885 3805 νῦν
2912 3753 3025 3823 ἔχει
3053 3753 3154 3825 τήν
3174 3753 3377 3822 ἔφεσιν.
3397 3754 3507 3809 Kal
3526 3754 3693 3811 τοῦτο

2113 3840 2251 3898 εἶναί
2276 3862 2363 3915 μοι
2392 3845 2539 3898 δοκεῖ
2574 3844 2635 3898 τὸ
2661 3843 2802 3897 πάνυ
2850 3844 3329 3916 φιλοσοφούμενον,
3353 3846 3689 3918 ἐπιγνώσε-

2111 3939 2255 3994 σθαι
2306 3952 2450 3991 ποτε
2499 3936 2694 4006 ἡμᾶς,
2747 3937 2901 3991 ὅσον
2948 3936 3311 4007 ἐγνώσμεθα.
3368 3939 3442 3993 Τὸ
3489 3940 3546 3994 δὲ
3584 3941 3689 3998 νῦν

2112 4024 2251 4081 εἶναι
2263 4027 2369 4099 (98)
2379 4067 2392 4091 ,
2409 4028 2637 4099 βραχεῖά
2649 4044 2733 4092 τις
2746 4025 2989 4098 ἀπορροὴ
3008 4028 3116 4080 πᾶν
3130 4027 3191 4081 τὸ
3206 4030 3284 4093 εἰς
3298 4030 3330 4100 ή
3339 4030 3444 4100 μᾶς
3455 4029 3686 4099 φθάνον,

2111 4120 2206 4174 καὶ
2231 4115 2340 4173 οἷον
2373 4117 2607 4190 μεγάλου
2632 4119 2808 4188 φωτὸς
2827 4117 3018 4190 μικρὸν
3038 4118 3567 4191 ἀπαύγασμα.Ὤστε
3586 4126 3691 4178 καὶ

2111 4213 2164 4266 εἰ
2186 4229 2269 4275 τις
2292 4210 2429 4281 ἔγνω
2454 4209 2607 4275 Θεὸν,
2632 4210 2664 4281 ἢ
2692 4209 2987 4279 ἐγνωκέναι
3029 4210 3463 4283 μεμαρτύρηται,
3495 4215 3695 4268 τοσοῦ-

2110 4314 2200 4354 τον
2226 4298 2385 4369 ἔγνω,
2406 4299 2530 4352 ὅσον
2553 4297 2710 4352 ἄλλον
2741 4299 2815 4369 μὴ
2857 4297 2919 4350 τὸ
2938 4297 3051 4350 ἴσον
3076 4296 3474 4367 ὲλλαμφθέντος
3505 4299 3691 4372 τρανῆ-

2110 4408 2198 4445 ναι
2229 4389 2697 4461 φωτοειδέστεροςο
2727 4388 2822 4442 καὶ
2852 4386 2915 4440 τὸ
2937 4385 3298 4459 ὑπερϐάλλον,
3336 4388 3540 4441 τέλειον
3565 4388 3713 4442 ἔνο-ί

499 4610 612 4684 (84)
640 4610 803 4684 Κατὰ
826 4609 943 4684 τὴν
962 4607 1272 4684 αἴσθησιν.
1293 4602 1700 4684 «_Quantumad
1720 4616 1992 4684 sensum.)

2109 4600 2156 4655 ln
2180 4597 2297 4684 [eis
2315 4591 2692 4684 giﬂsnotqt'tog.

429 4674 634 4739 Scholi:
666 4683 740 4735 Οὐ
767 4674 908 4735 κατὰ
938 4677 1030 4730 τὸν
1065 4676 1208 4730 νοῦνο
1243 4692 1262 4726 ι
1304 4674 1422 4731 Non
1462 4683 1724 4743 quantum
1751 4674 1819 4727 ad
1843 4688 1997 4728 men-

430 4764 615 4893 ω’(έεῖ
643 4821 723 4874 Δι’
754 4813 850 4893 οὗ.
888 4835 908 4893 ς
944 4815 1131 4893 Cujus.
1169 4832 1189 4867 ι
1217 4812 1424 4893 Schol:
1459 4811 1743 4893 eaeaeae;
1773 4828 1793 4863 ‹
1829 4811 1943 4867 Dei.
1971 4829 1991 4893 ι

500 4823 594 4893 (85
643 4823 723 4874 Δι’
754 4823 850 4875 οὗ.
889 4835 908 4869 ι
944 4823 1131 4886 Cujus.
1169 4832 1189 4867 ι
1217 4823 1424 4896 schola
1459 4823 1553 4866 τοι)
1584 4823 1741 4866 Θεου·
1773 4828 1793 4863 ι
1830 4823 1943 4867 uel.
1971 4829 1991 4864 ι

429 4823 615 5019 Θέὸἳ)
647 4887 905 4959 Οὐράνιά
940 4902 1027 4941 τε.
1069 4885 1229 4940 Deest
1262 4899 1324 4937 τε
1361 4899 1416 4938 tn
1454 4882 1665 4938 duobus
1704 4881 1895 4952 Regg.,
1941 4890 1999 4936 et

502 5032 612 5103 (87)
639 5032 754 5103 Τίς.
789 5029 905 5103 Duo
940 5024 1368 5103 Beggzaddunt,
1392 5024 1449 5093 ή.

498 5091 610 5175 (88)
640 5091 752 5175 Τρἷν
772 5091 1274 5175 εζρηκάτᾴῖᾓοιιοι.
1307 5091 1424 5175 τον
1459 5091 1740 5175 Πλάτωνα·
1763 5109 1781 5143 ι

428 5163 628 5229 ηθὶιι.’›
665 5163 837 5238 ριιοιῐ
862 5163 1211 5222 verisimilius
1257 5164 1480 5238 quidem
1535 5163 1737 5216 dictum
1780 5163 1996 5238 videtur

427 5246 494 5298 de
531 5241 636 5297 isto
663 5230 1003 5313 philosopho,
1031 5249 1194 5305 quam
1237 5230 1304 5289 de
1349 5232 1611 5304 Oppiano,
1661 5242 1721 5285 ut
1747 5232 1861 5285 vult
1885 5230 1996 5283 Bil-

426 5314 533 5368 'ius
561 5313 614 5366 in
642 5310 804 5366 notis.
1019 5323 1023 5328 ‘

498 5381 611 5454 (89)
650 5381 711 5436 Tt
735 5381 803 5434 τὸ
834 5376 1089 5454 ταῆτα...
1246 5372 1576 5454 ἀκάμυτον.
1598 5371 1723 5426 Ηωο
1748 5369 1801 5425 in
1826 5369 1988 5426 Coisl.

427 5450 463 5505 5
493 5443 557 5506 ad
589 5443 760 5520 inarg.
789 5443 1387 5520 ascribuntur_Platoni.

501 5520 610 5599 (99)
640 5508 748 5575 Κὰὶ
769 5517 938 5599 ἄγον,
987 5527 1094 5599 ιιιοἶ
1141 5513 1274 5599 lieg.
1310 5513 1473 5599 Cypr.
1512 5513 1675 5599 habet
1704 5527 1719 5564 :
1765 5508 1859 5563 καὶ
1890 5509 1994 5561 ὑπὸ

426 5582 524 5663 την
540 5582 779 5663 Δἄληκτον
808 5582 977 5660 ᾠορὰν
1009 5584 1105 5663 {cal
1132 5582 1409 5663 άιιώλυτον
1435 5582 1660 5663 ᾁγαγέν.

501 5660 613 5722 (91)
639 5647 715 5714 ’Ὃ
744 5647 1099 5725 asserum.
1131 5655 1221 5710 Sic
1248 5663 1355 5710 tres
1371 5647 1670 5722 οοιιιηοτ.
1706 5651 1760 5716 1,
1796 5657 1849 5705 et
1864 5647 1990 5706 Par.

2196 4659 2414 4733 92)Ἐὶς
2449 4664 2517 4717 τὸ
2547 4659 2720 4716 εἶναι.
2751 4661 2902 4733 Pam
2931 4663 3011 4733 είς
3046 4659 3110 4733 το
3137 4659 3218 4733 ἓν.

2195 4729 2285 4807 93)
2317 4729 2422 4807 Ἐᾦθ
2455 4734 2618 4802 ἡμῖν.
2638 4732 2738 4807 __S_ic
2882 4732 2935 4807 1.
2966 4731 3168 4807 ln_ed.,_
3187 4729 3416 4807 svﬁplv.

2170 4798 2280 4878 (94)
2315 4798 2610 4878 Λέγωίιεη
2634 4801 2998 4878 Sic_Combel'.
3023 4798 3078 4854 lu
3099 4798 3477 4878 gd.,_).éy_9psv

2172 4864 2285 4950 (95)
2320 4864 2492 4930 Οὔὶνέ
2517 4872 2664 4944 μήν.
2726 4869 2865 4941 Reg.
2936 4872 3048 4935 hm,
3091 4868 3186 4926 Or.
3228 4869 3281 4936 l,
3321 4864 3507 4934 Basil.,
3550 4864 3685 4924 οὔτε

2100 4951 2297 5091 ἠίθθδ,
2327 5015 2494 5091 Ὡςῤ
2538 5014 2699 5082 ἐμός.
2741 5010 2832 5091 Sic
2866 5010 2970 5064 duo
3006 5007 3204 5081 Regg.,
3236 5019 3291 5064 et
3321 5007 3417 5064 0r.
3454 5007 3501 5064 l.
3542 5006 3683 5076 Alii,

2094 5082 2351 5157 ὠς“ὲμός,
2384 5082 2559 5157 minus
2586 5092 2748 5157 necte:
2776 5082 2930 5157 Entjr.

2167 5146 2562 5232 (97):)lxslqu
2591 5153 2682 5206 Sic
2714 5153 2844 5219 Reg.
2871 5150 2980 5232 bin,
3005 5146 3167 5232 coisl.
3207 5148 3267 5229 5,
3305 5157 3452 5232 etc,
3491 5164 3510 5228 ς
3548 5162 3682 5202 cum

2097 5217 2228 5284 Deo.
2258 5217 2277 5279 ἱ
2313 5217 2523 5280 Etenim
2553 5225 2732 5285 homo,
2761 5217 2883 5275 cum
2912 5219 3076 5289 sitad
3108 5218 3395 5289 imaginem
3417 5217 3505 5270 Dei
3521 5231 3685 5289 crea-

2098 5309 2207 5365 tus,
2238 5297 2347 5351 Deo
2368 5295 2599 5364 quodam
2632 5290 2969 5362 cognationis
2993 5288 3112 5357 jure
3130 5285 3581 5355 est'conjunctus.
3613 5288 3674 5343 ln

2521 5432 2639 5487 νῦν
2664 5426 2836 5515 ,εἰναιἶ
2871 5428 3038 5515 coisl.
3068 5428 3123 5496 '5,
3159 5436 3214 5515 et
3244 5438 3362 5515 tres
3378 5424 3676 5515 _(‘Ioglbertu

2096 5497 2369 5562 Τὸ’δὲ’νῢν
2388 5503 2612 5576 γνῶναι,
2637 5521 2655 5555 ι
2686 5503 2838 5570 Quod
2860 5509 3038 5556 autem
3068 5514 3208 5555 nunc
3232 5497 3671 5562 cognoscimus,»

2098 5589 2204 5636 etc.
2401 5612 2403 5615 ι
