3890 6214
156 326 225 386 ‘9
1179 325 1441 385 ORATIO
1482 328 1716 384 XXVIII.
1757 362 1826 373 -—
1864 328 2302 387 TIIEOLOGILA
2344 329 2408 384 II.
3332 326 3407 386 50

160 441 345 514 μίσθη,
383 443 446 496 ού
471 445 539 515 τῇ
595 443 850 517 ἀληθείᾳ,
889 445 958 515 τῇ
1008 443 1069 497 δὲ
1105 442 1201 498 τοῦ
1234 444 1463 516 πλησίον
1509 443 1731 514 δυνάμει

1845 452 1998 510 teste,
2032 443 2353 516 cognovisse
2399 441 2618 509 dicitur,
2651 444 2878 497 eatenus
2918 442 3233 511 cognovisse
3276 457 3405 497 cenu

158 536 516 607 παραμετρού
524 552 708 607 μενον.
778 591 792 599 ,

1842 539 2046 594 sendus
2072 547 2175 605 est,
2208 547 2479 607 quatenus
2510 534 2777 591 uberioris
2807 534 3109 604 splendoris
3136 535 3407 604 particeps

156 629 268 693 sit,
306 644 472 698 quam
502 631 597 699 qui
627 630 806 686 minus
837 629 1059 687 luminis
1092 630 1353 686 divinitus
1387 631 1619 701 accepit.
1653 631 1732 686 lla
1768 633 2153 703 exsuperantia
2228 633 2379 699 haec,
2440 631 2679 701 perfecta
2712 630 2950 701 cognitio
2974 630 3276 685 existimata
3300 641 3405 698 est,

158 735 261 772 non
293 720 362 772 ad
388 720 464 774 rei
510 721 682 789 ipsius
722 722 1030 788 veritatem,
1060 722 1155 776 sed
1177 722 1244 775 ad
1267 722 1497 777 aliorum
1530 724 1803 778 modulum
1835 733 1890 778 et
1919 724 2228 779 facultatem
2261 736 2546 793 perpensa.

230 811 335 863 IH'.
357 810 459 865 Διά
473 812 631 866 τοῦτο
663 811 830 876 Ἐνὼς
863 814 961 884 μὲν
983 813 1211 884 ἤλπισεν
1226 814 1603 868 ἐπικαλεῖσθαι
1625 815 1734 887 (99)

155 903 246 957 τὸν
276 903 503 975 Κύριον·
530 903 689 967 ἐλπὶς
709 904 771 957 τὸ
802 904 1239 976 κατορθούμενον
1266 900 1357 977 ἦν,
1381 906 1646 961 καὶτοῦτο
1672 908 1734 961 ού

158 993 426 1063 γνώσεως,
454 994 571 1048 ἀλλ’
596 995 961 1067 ἐπικλήσεως.
1002 995 1176 1066 Ἑνὼχ
1209 996 1266 1049 δὲ
1313 996 1574 1068 μετετέθη
1615 998 1734 1069 μὲν,

154 1084 305 1140 οὔπω
332 1085 391 1139 δὲ
429 1086 610 1158 δῆλον,
637 1089 687 1141 εἰ
712 1087 848 1141 Θεοῦ
880 1086 1044 1156 φύσιν
1088 1087 1420 1159 περιλαϐὼν,
1451 1087 1484 1159 ἢ
1512 1088 1737 1159 περιλη-

152 1174 407 1247 ψόμενος.
438 1177 547 1231 Τοῦ
573 1178 631 1232 δὲ
651 1177 796 1243 Νῶε,
828 1177 995 1232 καλὸν
1027 1179 1061 1249 ή
1102 1178 1483 1251 εὐαρέστησις,
1513 1176 1608 1234 τοῦ
1642 1181 1737 1233 καὶ¹

153 1267 358 1339 κόσμον
387 1267 509 1322 ὅλον
530 1267 591 1334 ἐξ
621 1269 830 1324 ὑδάτων
855 1268 1229 1325 διασώσασθαι
1256 1269 1656 1336 πιστευθέντος,
1698 1271 1732 1342 ἢ

155 1356 363 1428 κόσμου
392 1358 706 1430 σπέρματα,
728 1357 871 1431 ξύλῳ
898 1360 1079 1433 μικρῷ
1101 1360 1357 1431 φεύγοντι
1385 1362 1459 1431 ti)
1494 1362 1593 1431 τὴν
1618 1362 1737 1415 ἐπί-

153 1444 363 1500 κλυσιν.
405 1447 657 1519 ’Δϐραὰμ
678 1449 737 1502 δὲ
766 1449 1059 1522 ἐδικαιώθη
1081 1452 1179 1521 μὲν
1206 1453 1271 1504 ὲκ
1301 1451 1557 1515 πίστεως,
1584 1454 1611 1505 ὁ
1638 1452 1736 1523 μέ-

152 1552 255 1607 γας
293 1539 663 1611 πατριάρχης,
692 1542 788 1595 καὶ¹
817 1541 934 1596 θύει
961 1543 1150 1597 θυσίαν
1175 1541 1352 1615 ξένην,
1381 1544 1476 1598 καὶ
1502 1543 1601 1613 τῆς
1631 1559 1731 1614 με·

152 1628 326 1698 γάλης
377 1630 688 1685 ἀντίτυπον·
726 1632 860 1687 Θεὸν
908 1633 967 1687 δὲ
1011 1635 1112 1705 οὐχ
1148 1634 1226 1698 ὡς
1265 1634 1397 1688 Θεὸν
1430 1631 1589 1702 εἶδεν,
1616 1635 1730 1690 ἀλλ’

152 1720 228 1786 ὡς
255 1721 545 1792 ἄνθρωπον
592 1723 809 1797 ἔθρεψε,
840 1727 935 1780 καὶ
983 1728 1242 1802 ἐπῃνέθη,
1278 1728 1564 1792 σεϐασθεὶς
1607 1730 1732 1782 ὅσον

152 1815 474 1870 κατέλαϐεν.
524 1816 717 1872 Ἰακὼϐ
745 1818 821 1882 δὲ,
857 1819 1102 1891 κλίμακα
1130 1821 1229 1891 μὲν
1256 1820 1468 1891 ὑψηλὴν
1502 1821 1728 1890 ὲφαντά·

151 1905 254 1975 σθη
278 1906 424 1971 τινὰ,
470 1906 563 1960 καὶ
591 1908 838 1976 ἀγγέλων
888 1909 1095 1977 ἄνοδον,
1137 1910 1234 1963 καὶ¹
1276 1910 1478 1981 στήλην
1522 1911 1733 1980 ἀλείφει

152 1997 430 2067 μυστικῶς
470 1997 629 2069 (ἴσως
670 1999 757 2052 ἴνα
794 1999 887 2053 τὸν
927 2001 1067 2072 ὑπὲρ
1091 1999 1250 2073 ἡμῶν
1278 2001 1565 2071 ἀλειφέντα
1590 2002 1735 2055 λίθον

150 2089 572 2163 ’Μραδηλὼσῃ),
626 2091 723 2146 καὶ
760 2088 909 2157 οῐκος
935 2092 1069 2148 Θεοῦ
1127 2094 1204 2164 (2)
1237 2095 1388 2166 τόπῳ
1422 2095 1529 2148 τινὶ
1565 2111 1734 2168 προσ-

145 2179 377 2250 ηγορίαν
397 2180 631 2247 δίδωσιν,
654 2184 735 2247 είς
777 2184 944 2256 τιμὴν
976 2185 1070 2238 τοῦ
1098 2184 1375 2254 ὀφθέντος,
1407 2183 1502 2239 καὶ
1540 2185 1616 2250 ὡς
1641 2188 1735 2239 ἀν-

148 2267 352 2342 θρώπῳ
371 2269 452 2342 τῷ
471 2271 591 2342 Θεῷ
612 2272 1000 2345 προσπαλαίει,
1027 2275 1062 2346 ἦ
1091 2277 1174 2339 τίς
1197 2277 1328 2329 ποτέ
1352 2279 1498 2330 ἐστιν
1522 2279 1554 2348 ἡ
1588 2277 1733 2350 πάλη

147 2358 284 2413 Θεοῦ
323 2360 463 2433 πρὸς
502 2362 809 2434 ἄνθρωπον,
844 2363 877 2436 ἢ
914 2365 1057 2435 τάχα
1096 2366 1197 2436 τῆς
1221 2366 1568 2438 ἀνθρωπίνης
1603 2369 1733 2439 ἀρε-

146 2450 247 2521 τῆς
289 2452 429 2523 πρὸς
454 2452 591 2507 Θεὸν
615 2454 989 2522 ἀντεξέτασις,
1024 2458 1119 2510 καὶ
1160 2457 1403 2528 σύμϐολα
1435 2458 1531 2530 τῆς
1557 2459 1734 2530 πάλης

148 2544 243 2596 ἐπὶ
292 2544 390 2598 τοῦ
425 2544 677 2617 σώματος
727 2548 903 2619 φέρει,
965 2548 1064 2621 τὴν
1099 2550 1268 2620 ἧτταν
1299 2551 1733 2623 παραδεικνύντα

147 2634 249 2705 τῆς
301 2638 568 2708 γεννητῆς
603 2639 682 2711 (5)
730 2640 967 2709 φύσεως,
991 2642 1086 2695 καὶ
1119 2638 1280 2696 ἆθλον
1324 2644 1607 2708 εὐσεϐείας
1634 2646 1732 2716 τὴν

153 2724 454 2797 μεταϐολὴν
474 2726 573 2797 τῆς
590 2728 962 2800 προσηγορίας
982 2728 1268 2800 λαμϐάνει,
1290 2731 1729 2803 μετονομασθεὶς,

144 2816 274 2870 ἀντὶ
318 2815 533 2881 Ἰακὼϐ,
578 2818 813 2891 Ἰσραὴλ,
866 2820 1023 2874 τοῦτο
1048 2822 1113 2894 δὴ
1158 2823 1220 2876 τὸ
1257 2824 1398 2895 μέγα
1427 2825 1523 2878 καὶ
1551 2825 1732 2897 τίμιον

148 2907 342 2979 ὄνομαο
380 2910 557 2962 ἐκεῖνο
601 2911 679 2975 δὲ,
720 2909 845 2966 οὔτε
883 2913 1063 2978 αὐτὸς,
1092 2913 1217 2968 οὔτε
1266 2932 1349 2980 τις
1381 2917 1521 2989 ὑπὲρ
1573 2918 1733 2972 αὑτὸν

153 3002 322 3073 μέχρι
360 3002 601 3074 σήμερον
658 3003 1001 3075 ἐκαυχήσατο
1030 3005 1139 3059 τῶν
1167 3006 1374 3061 δώδεκα
1412 3008 1613 3076 φυλῶν,
1657 3003 1732 3063 ὧν

1908 813 2096 869 XVIII.
2130 814 2395 882 Quocirca
2423 813 2568 868 Enos
2607 811 2824 882 quidem
2869 826 3018 881 spem
3062 811 3249 865 habuit
3289 810 3408 868 fore

1836 914 1895 960 ut
1933 906 2219 960 Dominum
2252 905 2530 960 invocaret
2552 904 2597 937 “
2626 921 2641 957 :
2666 904 2757 959 ubi
2787 903 2938 959 vides
2959 917 3110 972 spem
3146 905 3410 958 duntaxat

1834 997 1890 1051 in
1914 1011 1981 1053 eo
2012 996 2245 1061 laudari,
2272 1010 2503 1064 eamque
2544 1009 2650 1051 non
2676 993 3023 1064 cognitionis,
3057 995 3154 1050 sed
3187 994 3408 1050 invoca-

1837 1087 2018 1143 tionis;
2055 1087 2243 1143 Enoch
2283 1097 2483 1153 autem,
2543 1086 2789 1156 quamvis
2825 1085 3117 1145 translatus
3164 1085 3409 1152 fuerit",

1836 1180 2077 1234 nondum
2117 1188 2298 1234 tamen
2335 1186 2586 1244 constat,
2624 1192 2690 1231 an
2734 1177 2827 1231 Dei
2876 1187 3127 1232 naturam
3166 1192 3412 1247 compre-

1837 1270 2124 1336 henderit,
2175 1278 2270 1324 aut
2314 1268 2814 1340 comprehensurus
2860 1269 2950 1324 sit.
2996 1268 3116 1323 Jam
3161 1268 3291 1334 Noe,
3323 1271 3410 1324 cui

1834 1360 1985 1416 orbis
2031 1361 2270 1416 universi
2321 1360 2391 1415 ab
2444 1375 2710 1431 aquarum
2767 1360 3010 1431 periculo
3050 1361 3411 1416 conservandi

1835 1467 1967 1509 cura
2008 1452 2216 1507 credita
2264 1461 2350 1507 est
2371 1452 2437 1517 °',
2465 1452 2549 1507 vel
2593 1452 2770 1522 potius
2818 1452 2967 1507 orbis
3019 1455 3225 1507 semina
3263 1467 3413 1508 com-

1836 1543 2025 1607 missa,
2044 1542 2240 1612 exiguo
2264 1541 2408 1612 ligno
2429 1541 2688 1596 diluvium
2715 1541 2971 1611 fugientia
2995 1541 3060 1608 “,
3090 1542 3217 1597 hinc
3237 1541 3409 1598 solum

1836 1634 2045 1689 laudem
2062 1645 2389 1690 consecutus
2412 1642 2513 1699 est,
2538 1634 2679 1702 quod
2705 1634 2817 1689 Deo
2861 1643 3046 1704 gratus
3074 1644 3129 1689 et
3156 1642 3411 1704 acceptus

1837 1726 2046 1783 fuisset.
2078 1727 2305 1797 Magnus
2339 1742 2503 1796 porro
2533 1727 2623 1782 ille
2663 1728 2975 1798 patriarcha
3005 1727 3302 1791 Abraham,
3341 1741 3411 1781 ex

1835 1818 1943 1874 ﬁde
1967 1819 2186 1888 quidem
2236 1818 2565 1887 iustiﬁcatus
2593 1832 2677 1875 est
2699 1822 2767 1886 ⁸⁵,
2802 1835 2863 1875 ac
2887 1835 3081 1876 novam
3119 1829 3173 1874 et
3198 1819 3408 1874 inaudi-

1836 1920 1945 1964 tam
1982 1910 2278 1975 victimam,
2309 1926 2627 1980 magnaeque
2654 1911 2799 1967 illius
2848 1911 3074 1981 ﬁguram
3109 1919 3409 1981 gerentem,

1834 2002 2093 2057 obtulit“
2121 2018 2134 2055 :
2166 2011 2222 2057 at
2255 2002 2419 2057 Deum
2469 2019 2571 2057 non
2620 2013 2680 2056 ut
2710 2004 2876 2058 Deum
2899 2003 3198 2071 conspexit,
3225 2001 3320 2057 sed
3353 2011 3412 2055 ut

1834 2093 2110 2149 hominem
2145 2094 2383 2160 aluit";
2422 2110 2485 2149 ac
2527 2095 2753 2165 proinde
2813 2095 3064 2150 laudatus
3104 2104 3206 2159 eat,
3243 2094 3408 2164 quod,

1834 2196 2094 2254 quantum
2153 2187 2419 2256 percepit,
2467 2196 2676 2241 tantum
2723 2202 2940 2256 quoque
2979 2195 3271 2242 veneratus
3304 2193 3406 2241 est.

1839 2273 1975 2330 Nam
2043 2276 2172 2345 quid
2230 2277 2299 2330 de
2340 2274 2506 2331 Jacob
2541 2277 2741 2341 dicam,
2795 2277 2889 2346 qui
2949 2275 3078 2330 licet
3123 2275 3410 2330 sublimem

1840 2370 2130 2439 quamdam
2151 2369 2380 2432 scalam,
2409 2378 2464 2423 et
2487 2368 2844 2423 ascendentes
2876 2368 3093 2438 angelos
3118 2366 3172 2421 in
3204 2364 3410 2422 somnis

1836 2459 2184 2528 conspicatus
2216 2458 2288 2514 sit
2313 2459 2382 2524 ⁸⁸,
2413 2474 2478 2514 ac
2514 2458 2820 2514 columnam
2856 2474 2962 2513 non
2997 2460 3114 2513 sine
3153 2456 3411 2529 mysterio

1835 2549 2068 2619 quodam
2100 2550 2316 2604 unxerit
2337 2549 2594 2617 (fortasse
2632 2558 2693 2602 ut
2722 2548 2950 2616 lapidem
2990 2546 3178 2602 salutis
3212 2554 3413 2600 nostra:

1834 2655 1999 2696 causa
2043 2651 2264 2696 unctum
2333 2639 2718 2711 signiﬁcaret),
2757 2648 2921 2708 atque
2971 2637 3024 2692 in
3070 2635 3209 2704 ejus,
3249 2650 3407 2706 quem

1835 2741 2235 2803 conpererat,
2289 2733 2580 2797 honorem,
2638 2729 2757 2785 loco
2806 2728 3017 2783 cuidam
3062 2728 3253 2782 domus
3310 2724 3405 2778 Dei

1835 2834 2249 2895 cognomentum
2292 2822 2631 2893 imposuerit,
2665 2837 2731 2876 ac
2778 2836 2901 2876 cum
2951 2821 3060 2874 Deo
3093 2818 3247 2887 quasi
3287 2831 3407 2871 cum

1838 2917 2057 2972 homine
2085 2915 2289 2970 luctam
2331 2914 2536 2979 inierit,
2562 2919 2900 2984 quaecunque
2939 2912 3157 2966 tandem
3193 2908 3286 2963 illa
3313 2907 3409 2963 Dei

1836 3023 1958 3063 cum
1989 3008 2209 3063 homine
2245 3008 2390 3061 lucta
2423 3021 2543 3061 esse
2584 3014 2768 3074 queat.
2806 3004 2901 3058 His
2924 3003 3071 3056 enim
3095 2999 3277 3056 verbis
3300 2998 3411 3054 for-

148 3094 337 3165 πατὴρ
398 3089 489 3165 ἦν,
526 3095 608 3148 ὅτι
672 3093 806 3148 Θεοῦ
872 3095 1034 3166 φύσιν
1085 3096 1118 3168 ἢ
1166 3097 1289 3168 ὄψιν
1329 3098 1458 3169 ὅλην
1518 3098 1729 3172 ἐχώρη-

1837 3112 1980 3157 tasse
2007 3101 2141 3156 nihil
2187 3101 2334 3156 aliud
2386 3102 2678 3165 indicatur,
2703 3114 2864 3169 quam
2907 3098 3154 3153 humana:
3195 3095 3409 3149 virtutis

148 3202 243 3241 σεν
278 3185 377 3258 (ι).

1834 3207 1959 3246 cum
1993 3192 2174 3247 divina
2200 3192 2558 3262 comparatio,
2588 3191 2855 3260 Iuctaeque
2893 3189 3070 3259 signa,
3100 3202 3220 3258 qua:
3252 3201 3408 3240 crea-

147 3290 262 3333 tam
307 3290 559 3335 naturam
598 3281 796 3337 victam
864 3295 986 3337 esse
1034 3282 1403 3348 ostenderent,
1470 3282 1524 3337 in
1577 3297 1802 3352 corpore
1839 3283 2046 3348 tulerit,
2089 3298 2153 3339 ac
2206 3284 2437 3353 denique
2487 3297 2584 3352 pro
2639 3282 2857 3352 pietatis
2903 3279 3126 3350 praemio
3172 3278 3408 3333 nominis

147 3372 635 3425 commutationem
667 3371 999 3446 .acceperit,
1059 3387 1159 3440 pro
1208 3372 1374 3427 Iacob
1434 3374 1725 3438 nimirum,
1771 3389 1966 3446 magno
2001 3374 2094 3430 illo
2144 3384 2201 3429 et
2242 3376 2446 3430 eximio
2476 3374 2694 3429 lsraelis
2755 3372 2974 3428 nomine
3036 3380 3403 3442 nuncupatus;

148 3462 256 3515 hoc
304 3470 483 3516 tantum
523 3475 623 3516 nec
667 3462 801 3532 ipse,
847 3476 949 3516 nec
980 3463 1267 3533 quisquam
1312 3479 1379 3518 eo
1421 3465 1726 3529 sublimior,
1768 3467 1833 3519 ad
1864 3467 2006 3520 hunc
2040 3478 2211 3537 usque
2245 3467 2386 3522 diem
2412 3467 2465 3521 in
2504 3466 2758 3520 omnibus
2814 3464 3098 3520 duodecim
3140 3465 3404 3529 tribubus,

136 3564 386 3621 quarum
422 3561 578 3620 pater
602 3552 829 3619 exstitit,
859 3551 1078 3623 gloriari
1126 3555 1518 3625 magnificoque
1583 3556 1881 3625 praedicare
1936 3558 2130 3627 potuit,
2190 3574 2249 3613 se
2300 3567 2464 3614 totam
2516 3559 2611 3613 Dei
2678 3568 2927 3613 naturam
2996 3558 3179 3614 animo
3215 3573 3407 3628 perce-

145 3643 314 3714 pisse.

218 3740 323 3793 IO'.
357 3739 514 3808 Ἠλίᾳ
557 3738 637 3807 δὲ,
666 3736 790 3792 οὔτε
822 3735 1041 3810 πνεῦμα
1078 3738 1269 3809 βίαιον,
1300 3739 1425 3793 οὔτε
1459 3739 1732 3813 πῦρ,οὖτε

150 3831 503 3901 συσσεισμὸς,
547 3830 624 3895 ὡς
665 3830 763 3901 τῆς
791 3830 1030 3902 ἱστορίας
1081 3830 1321 3894 ἀκούεις,
1368 3831 1485 3885 ἀλλ’
1525 3835 1556 3903 ἡ
1590 3831 1732 3905 αὖρα

143 3942 229 3989 τις
252 3924 410 3995 ὀλίγη
433 3923 534 3995 τὴν
554 3922 649 3976 τοῦ
664 3922 796 3976 Θεοῦ
822 3923 1143 3997 παρουσίαν,
1170 3922 1467 3989 καὶταῦτα,
1486 3925 1546 3978 οὐ
1571 3924 1731 3994 φύσιν

144 4017 613 4090 ἐσκιαγράφησεν.
647 4016 807 4089 Ἠλίᾳ
829 4017 968 4081 τίνι;
1013 4015 1072 4069 ὃν
1094 4016 1191 4070 καὶ
1225 4017 1378 4087 ἅρμα
1423 4017 1594 4088 πυρὸς
1641 4018 1732 4071 ἀν-

144 4111 274 4179 άγει
318 4111 458 4182 πρὸς
481 4107 729 4181 οὐρανὸν,
759 4108 953 4179 δηλοῦν
978 4105 1073 4161 τοῦ
1119 4107 1327 4162 δικαίου
1360 4108 1421 4161 τὸ
1454 4109 1592 4179 ὑπὲρ
1632 4108 1728 4163 ἄν·

145 4203 387 4274 θρωπον.
418 4199 620 4255 Μανωὲ
650 4198 707 4253 δὲ
735 4198 826 4253 τὸν
855 4197 1045 4270 κριτὴν
1082 4199 1368 4268 πρότερον,
1404 4200 1499 4252 καὶ
1521 4198 1724 4271 Πέτρον

143 4293 238 4346 τὸν
273 4291 520 4364 μαθητὴν
553 4290 800 4362 ὕστερον,
828 4289 945 4353 πῶς
989 4290 1050 4342 οὐ
1072 4288 1453 4359 τεθαύμακας;
1490 4290 1581 4342 τὸν
1627 4290 1724 4361 μὲν

1909 3740 2053 3794 XIX.
2092 3738 2200 3794 Nec
2244 3754 2383 3794 vcrn‘
2418 3739 2568 3803 Elite,
2592 3739 2676 3794 vel
2724 3740 2949 3809 spiritus
2982 3741 3294 3811 vehemens,
3322 3744 3409 3798 vel

1835 3832 1997 3902 ignis,
2035 3832 2116 3887 vel
2155 3840 2314 3887 terra:
2361 3833 2667 3896 concussio,
2698 3840 2756 3884 ut
2784 3830 2948 3902 510
2972 3832 3213 3889 historia:
3236 3849 3409 3890 sacra:

1834 3923 2196 3977 monumentis
2219 3923 2490 3991 proditum
2522 3932 2625 3989 est,
2662 3924 2756 3977 sed
2793 3938 2925 3978 aura
2954 3927 3197 3995 quaedam
3231 3927 3407 3982 tenuis

1834 4014 1930 4069 Dei
1960 4014 2327 4082 praesentiam,
2351 4027 2458 4068 non
2492 4018 2672 4067 autem
2709 4024 2960 4068 naturam
2990 4016 3186 4085 ipsam,
3212 4016 3403 4072 adum-

1830 4107 2094 4162 bravit”.
2123 4106 2301 4177 Ipsum
2353 4106 2524 4160 Eliam
2577 4107 2718 4170 dico,
2769 4120 2928 4175 quem
2971 4107 3159 4179 igneus
3190 4124 3405 4180 quoque

1831 4216 2024 4255 currus
2068 4200 2121 4254 in
2183 4200 2377 4254 caelum
2423 4199 2696 4266 evexit",
2725 4198 3056 4270 significans,
3091 4208 3151 4254 ut
3189 4201 3403 4270 opinor,

1832 4295 2161 4365 singularem
2191 4293 2482 4363 quamdam
2536 4292 2771 4347 hominis
2803 4292 3083 4359 virtutem,
3118 4302 3281 4364 atque
3305 4295 3407 4349 hu-

143 4384 269 4437 οὺδὲ
303 4383 427 4454 δψιν
473 4383 709 4453 φέροντα
753 4380 847 4434 τοῦ
883 4380 1278 4450 φαντασθέντος
1311 4381 1466 4448 Θεοῦ,
1498 4383 1593 4436 καὶ
1641 4383 1727 4438 διὰ

1837 4398 2051 4438 manum
2082 4381 2361 4453 fastigium
2396 4383 2770 4439 excedentem.
2802 4384 2983 4451 Quid?
3012 4386 3128 4441 Non
3165 4394 3217 4442 te
3240 4387 3403 4459 judex

141 4476 326 4540 τοῦτο,
371 4475 802 4544 Ἂπολώλαμεν,
830 4469 878 4527 ὧ
919 4473 1117 4542 γῦναι,
1158 4472 1402 4541 λέγοντα,
1437 4473 1586 4527 Θεὸν
1617 4474 1720 4527 ἐω-

134 4567 435 4637 ρὰκαμεν,
479 4567 555 4631 ὡς
591 4565 653 4618 ού
695 4565 951 4636 χωρητῆς
1005 4563 1170 4635 οῦσης
1221 4564 1550 4636 ἀνθρώποις,
1601 4565 1723 4618 οὐδὲ

140 4659 448 4730 φαντασίας
476 4658 647 4721 θείας,
680 4656 754 4729 μὴ
793 4657 873 4710 ὅτι
899 4673 965 4725 γε
1001 4655 1233 4726 φύσεωςο
1278 4657 1368 4710 τὸν
1402 4658 1458 4710 δὲ
1494 4657 1587 4710 καὶ
1632 4657 1723 4711 τὸν

246 4752 297 4783 ⁸⁸
325 4749 462 4804 Gen.
496 4763 571 4812 tv,
602 4747 691 4801 26.
787 4748 831 4781 “
852 4746 991 4817 Gen.
1018 4763 1069 4808 ν,
1096 4748 1185 4800 2L
1267 4747 1311 4778 ⁸³
1336 4747 1470 4801 Gen.
1511 4764 1586 4812 vt,
1620 4748 1689 4801 15
1720 4762 1840 4817 sqq.

884 4818 928 4849 ⁸⁷
954 4815 1090 4871 Gen.
1121 4832 1276 4881 xvm,
1304 4816 1340 4870 2
1365 4832 1484 4887 sqq.
1515 4818 1560 4850 ‘°
1590 4818 1724 4873 Gen.
1751 4815 1943 4883 xm",
1965 4817 2053 4871 12.
2132 4817 2177 4848 ⁸⁸
2204 4816 2264 4871 Ill
2291 4815 2432 4887 Reg.
2458 4834 2568 4884 χιχ,
2600 4819 2660 4872 Il
2700 4834 2819 4889 sqq.

163 4824 189 4856 ³
213 4820 357 4877 Gen.
383 4833 525 4884 xm,
568 4818 604 4871 2
652 4833 804 4889 seqq.

213 4932 333 5006 (99)
401 4929 1334 5006 ’Eamalei'oﬂarLuVocemmhanc
1409 4932 1463 5006 i_n
1543 4933 1718 5006 activa

140 5000 562 5077 significatione.
590 5003 797 5077 accepit
832 5001 1038 5077 Dillius.
1081 5000 1215 5067 Alii,
1265 5009 1380 5070 post
1410 5000 1718 5077 Theodore-

140 5071 285 5137 tu'm,
333 5071 635 5142 in_passiva
678 5072 984 5140 accipiunt.
1029 5082 1085 5126 et
1116 5081 1333 5126 vertunt
1372 5087 1388 5125 :
1423 5091 1441 5122 ι
1472 5073 1721 5142 Speravit

138 5147 262 5202 fore
291 5153 352 5197 ut
383 5140 644 5197 Dominus
674 5143 1030 5198 invocaretur.
1060 5160 1079 5192 ι

212 5213 297 5300 (I)
690 5211 856 5267 Savil.
899 5220 954 5267 et
1010 5211 1223 5277 Comb.,
1262 5210 1612 5281 διαφυγόντα.
1660 5210 1718 5265 In

137 5281 288 5345 aliis.
319 5281 655 5350 διαφυγᾴντι.

209 5347 475 5428 (2)]ᾱρ
496 5347 663 5428 οζκος
710 5350 882 5428 Θεοῦ.
934 5349 1397 5428 chDomus-Dei.3
1445 5350 1717 5428 Begg._a,

135 5417 399 5487 hnifduo
434 5421 589 5476 Coll).
615 5431 670 5476 et
706 5420 801 5477 Or.
833 5422 886 5484 1,
917 5417 1057 5481 εἶδος
1092 5419 1251 5485 Θεοῦ,
1295 5439 1314 5473 ι
1356 5420 1522 5474 facies
1557 5417 1669 5476 Dei.
1695 5440 1714 5473 ι

137 5495 379 5550 Fatetur
424 5491 613 5546 Billius
660 5491 715 5545 in
760 5492 904 5547 notis
934 5506 993 5546 se
1038 5490 1088 5544 in
1139 5492 1304 5560 priori
1359 5491 1595 5545 editione
1641 5493 1721 5545 sic

135 5563 380 5620 vertisse
430 5561 754 5632 auctoritate
791 5561 1044 5632 codicum
1064 5576 1105 5632 ;__
1129 5576 1304 5632 neque
1349 5562 1484 5615 hanc
1529 5560 1717 5632 lectio-

138 5650 269 5690 nem
328 5631 739 5702 improbandatn
760 5629 1008 5702 judicat.
1040 5629 1288 5702 _Sed'in
1346 5632 1580 5702 secunda
1630 5630 1717 5702 ed.

1828 4473 1920 4530 ille
1956 4472 2173 4540 Manue,
2217 4490 2281 4530 ac
2328 4474 2520 4529 Petrus
2562 4475 2858 4544 apostolus,
2899 4478 3259 4533 admiratione
3293 4478 3405 4531 alii-

1830 4566 2022 4621 ciunt?
2066 4564 2308 4633 Quorum
2352 4566 2491 4622 alter
2531 4582 2599 4621 ne
2634 4579 2984 4637 conspectum
3021 4570 3239 4639 quidem
3281 4571 3399 4633 Dei,

1830 4673 1925 4728 per
1970 4658 2259 4728 imaginem
2305 4657 2406 4727 ipsi
2450 4659 2811 4728 obversantis,
2862 4660 3004 4716 ferre
3053 4669 3286 4730 poterat,
3338 4677 3402 4715 ac

1947 4747 1992 4778 “
2013 4745 2150 4802 Gen.
2180 4761 2258 4808 rx,
2288 4747 2310 4799 I
2339 4762 2461 4816 sqq.
2560 4747 2604 4779 "
2626 4748 2762 4803 Gen.
2798 4765 2888 4815 xv,
2924 4749 2985 4807 6:
3024 4749 3178 4804 Ιιοιη.
3223 4766 3295 4813 ιν,
3343 4753 3394 4805 5.

2895 4820 2940 4849 ⁷⁰
2966 4818 3031 4873 IV
3056 4818 3188 4891 Reg.
3217 4836 3279 4882 It,
3307 4821 3397 4878 Il.

1833 4952 1853 4986 ι
1879 4932 2120 5003 Gregorii
2152 4933 2337 5001 verba,
2364 4933 2431 4987 de
2466 4932 2568 4988 loci
2605 4935 3022 5002 nuncupatione,
3053 4934 3240 4991 Jacobi
3272 4953 3392 4990 cum

1828 5004 2022 5070 angelo
2076 5003 2277 5057 Iuctam
2343 5004 2717 5071 praecedant.»
2779 5005 2834 5059 Si
2894 5006 3175 5059 lectionem
3245 5003 3393 5071 οἶκος

1825 5073 1962 5127 Θεοῦ
1997 5073 2315 5144 prwtuleris,
2352 5073 2464 5144 lege
2489 5073 2841 5144 68".)“an
2879 5074 2966 5137 12,
3000 5075 3065 5128 17
3093 5083 3147 5128 et
3179 5076 3267 5130 I9.
3298 5078 3391 5131 Sin

1826 5138 2050 5216 alteram
2081 5138 2220 5216 εἶᾷος
2249 5138 2427 5216 Θεοῦξ
2449 5143 2562 5213 lege
2598 5143 2732 5197 Gen.
2758 5160 2931 5209 xxx",
2952 5145 3044 5208 24,
3065 5144 3153 5198 50.
3171 5146 3227 5199 Si
3261 5163 3389 5216 ape-

1826 5213 2074 5283 riendum
2107 5213 2179 5283 sit
2214 5214 2348 5283 quid.
2376 5213 2475 5268 hac
2502 5215 2566 5267 de
2594 5228 2649 5267 re
2681 5216 2993 5279 sentiamus,
3028 5217 3204 5283 aptior
3239 5213 3391 5272 nobis

1825 5283 2038 5357 videtur
2063 5281 2221 5357 lectio
2235 5281 2265 5357 ι
2290 5281 2457 5357 facies
2488 5283 2812 5357 Dei.»_quam
2848 5281 3076 5340 «domus
3097 5286 3245 5352 Dei,»
3263 5291 3389 5357 quia

1822 5352 2211 5422 bie_praecipue
2231 5353 2296 5422 dc
2331 5352 2535 5422 visione
2556 5352 2654 5422 Dci
2683 5355 3009 5422 disputatur.

1894 5420 1971 5495 (ξ)
2007 5420 2342 5495 Erratis
2374 5421 2508 5495 1‘93-
2536 5421 2723 5492 Cvpr»
2754 5420 3008 5495 ἵενητῆς·

1894 5488 1970 5562 (4)
2023 5488 2374 5560 Ἐχώρηοέεν.
2422 5488 2536 5562 Non
2582 5488 2719 5547 bene
2764 5488 2884 5547 Bill.
2913 5488 2984 5547 εἰ
3017 5495 3186 5549 oculis
3233 5510 3391 5551 usur-

1822 5561 2007 5634 paSse;
2039 5579 2058 5612 ι
2092 5577 2188 5615 nec
2216 5563 2406 5634 melius
2433 5561 2596 5617 Leuv.
2628 5580 2647 5613 ι
2675 5563 2983 5634 aspicientlo
3010 5583 3028 5615 ι
3057 5567 3387 5634 percepiSSc,

1827 5629 1988 5703 quasi
2025 5642 2216 5703 natura
2262 5632 2441 5687 divina
2478 5648 2560 5688 res
2607 5629 2752 5688 esset
2803 5651 2820 5683 ι
2845 5633 3012 5689 oculis
3034 5629 3145 5689 {et
3186 5629 3390 5703 (θερο-

135 5694 538 5776 ρι-αιιιιϋιὶοω
572 5699 708 5771 Elia,
732 5694 882 5765 οἶκος
923 5698 1082 5768 Θεοῦ,
1114 5719 1133 5754 ι
1161 5700 1351 5759 domus
1388 5699 1500 5768 Dei,
1525 5721 1543 5750 ι
1579 5700 1720 5772 quod

1837 5694 1931 5760 {tui
1951 5719 1970 5755 ι
2002 5700 2259 5770 subjecta.
