3890 6214
470 312 536 370 5!
1710 318 1769 374 S.
1811 316 1993 374 GREG
2002 313 2139 372 ORll
2180 315 2529 374 THEOLOGI
3652 314 3733 373 δὲ

472 430 700 500 proinde
735 431 950 488 diccbat
979 431 1305 502 :Periimus,
1334 449 1490 502 uxor,
1528 436 1697 492 Deum
1720 434 2042 506 vidimus“,

2167 437 2472 506 ραινόμενον
2495 435 2729 510 Χριστὸν
2750 434 2830 506 τῷ
2871 435 3040 507 πλοίῳ
3088 434 3166 506 μὴ
3212 431 3589 505 προσιέμενον,
3632 432 3735 484 καὶ

468 528 731 593 tanquam
779 524 1027 581 videlicet
1088 526 1362 593 homines,
1409 542 1478 583 ne
1527 528 1694 583 divini
1742 531 1959 600 quidem
1991 532 2044 585 in

475 611 713 682 imagine
743 622 1086 685 conspectus,
1129 617 1326 672 nedum
1356 626 1567 673 natura:
1602 619 1794 687 ipsius,
1822 634 2053 689 capaces

472 700 585 756 sint
619 717 634 755 :
668 701 807 756 alter
836 704 1186 773 conspicuum
1224 707 1390 760 etiam
1437 707 1715 763 Christum
1743 709 1795 763 in
1824 711 2048 764 navicu-

476 790 582 845 lam
614 792 902 848 admittere
918 796 1219 860 recusabat,
1242 806 1405 866 atque
1424 798 1707 869 ablegabat
1726 801 1794 853 τ’,
1821 799 1971 867 Quod
1984 816 2048 857 eo

475 897 693 954 quoque
715 886 1012 940 mirabilius
1034 887 1201 942 videri
1228 889 1402 957 debet,
1421 895 1564 960 quod
1590 891 1731 945 idem
1760 892 1825 946 ad
1846 892 2049 949 Christi

474 977 808 1046 agnitionem
828 979 991 1031 animi
1017 981 1211 1033 ardore
1225 980 1357 1035 alios
1372 997 1436 1035 an
1448 983 1585 1037 teiba
1597 994 1812 1053 t,eoque
1835 987 2052 1042 nomine

476 1066 667 1122 beatus
680 1068 1001 1137 praedicatus
1022 1078 1103 1125 est
1124 1070 1190 1136 ’³,
1216 1087 1411 1141 resque
1430 1077 1690 1129 maximas
1717 1078 1770 1130 in
1788 1078 1941 1131 fidem
1962 1095 2052 1134 ac-

472 1158 641 1228 cepit.
661 1158 797 1225 Quid
833 1159 1025 1215 Isaiam
1053 1171 1107 1216 et
1128 1162 1462 1219 Ezechielem
1482 1181 1661 1221 rerum
1693 1168 2051 1224 maximarum

473 1258 834 1318 spectatorem
887 1252 1229 1325 reliquosque
1265 1258 1555 1326 prophetas
1600 1261 2055 1318 commemorem?

478 1335 718 1403 Quorum
751 1341 888 1396 alter
914 1342 1201 1399 Dominum
1235 1344 1514 1403 Sabbaoth
1569 1349 1622 1403 in
1664 1351 1849 1422 gloria:
1900 1355 2054 1412 thro-

2146 527 2235 579 διὰ
2256 527 2414 581 τοῦτο
2448 529 2929 600 ἀποπεμπόμενοψ
2954 528 3194 597 καίτοιγε
3234 526 3562 598 θερμότερος
3618 523 3734 577 τῶν

2148 615 2321 671 ἄλλων
2354 620 2434 682 είς
2464 618 2759 686 ἐπίγνωσιν
2785 617 3020 691 Χριστοῦ
3069 618 3294 690 Πέτρος,
3328 616 3424 669 καὶ
3453 616 3540 670 διὰ
3569 613 3735 671 τοῦτο

2152 710 2608 782 μακαριζόμενος,
2661 712 2756 765 καὶ
2806 712 2875 764 τὰ
2916 712 3146 782 μέγιστα
3200 710 3611 780 πιστευόμενος.
3663 705 3736 758 Τί

2148 801 2193 853 δ’
2222 800 2288 855 ἂν
2316 803 2490 865 εἴποις
2517 803 2645 873 περὶ
2686 803 2930 869 Ἡσαΐου,
2956 803 3050 855 καὶ
3078 799 3336 873 Ἰεζεχιὴλ
3371 799 3463 853 τοῦ
3493 798 3602 851 τῶν
3633 813 3736 868 με·-

2149 891 2348 960 γίστων
2395 892 2655 955 ὲπόπτου,
2679 893 2773 945 καὶ
2810 891 2919 945 τῶν
2973 891 3175 945 λοιπῶν
3202 889 3528 963 προφητῶν;
3571 882 3648 942 ὧν
3703 888 3735 940 6

2153 983 2250 1054 μὲν
2275 983 2363 1036 τὸν
2396 983 2601 1054 Κύριον
2626 982 2885 1037 Σαδϐαὼθ
2913 982 2989 1054 (5)
3015 980 3119 1037 εἶδε
3153 982 3457 1054 καθήμενον
3487 981 3581 1033 ἐπὶ
3606 978 3738 1051 θρό-

2151 1088 2243 1125 νου
2273 1071 2447 1143 δόξης,
2503 1071 2599 1125 καὶ
2642 1072 2827 1126 τοῦτον
2866 1072 2972 1125 ὑπὸ
3006 1071 3115 1125 τῶν
3150 1071 3530 1143 ἑξαπτερύγων
3570 1086 3737 1141 σερα-

2155 1164 2258 1233 φὶμ
2299 1163 2686 1234 κυκλούμενον,
2731 1163 2825 1216 καὶ
2862 1161 3204 1234 αίνούμενον,
3242 1163 3338 1216 καὶ
3383 1160 3738 1233 ἀποκρυπτό-

2157 1272 2314 1325 μενον
2348 1254 2446 1325 (6),
2472 1255 2660 1307 ὲαυτόν
2688 1272 2749 1307 τε
2771 1253 2849 1326 τῷ
2909 1255 3141 1327 ἄνθρακι
3182 1254 3593 1326 καθαιρόμενον,
3638 1254 3739 1307 καὶ

2154 1346 2292 1416 πρὸς
2319 1346 2416 1419 τὴν
2464 1346 2803 1418 προφητείαν
2838 1346 3313 1417 καταρτιζόμενον·
3361 1348 3389 1399 6
3428 1345 3484 1398 δὲ
3530 1345 3628 1398 καὶ
3672 1343 3738 1399 τὸ

478 1444 550 1484 no
577 1431 851 1488 sedentem
886 1435 1018 1491 vidit
1053 1436 1119 1502 7",
1148 1452 1380 1508 eumque
1410 1453 1440 1494 a
1469 1442 1743 1510 seraphim
1779 1445 1925 1502 senis
1956 1447 2056 1504 alis

2167 1438 2336 1509 5χημα
2382 1437 2474 1491 τοῦ
2521 1437 2656 1492 Θεοῦ
2706 1438 2773 1494 τὰ
2822 1438 3089 1511 χερουίῖίμ
3136 1438 3458 1511 διαγράφει,
3505 1439 3600 1492 καὶ
3639 1436 3738 1492 τὸν

475 1521 718 1592 praeditis
744 1523 795 1577 in
812 1526 996 1581 orbem
1015 1527 1248 1584 cinctum
1273 1544 1336 1585 ac
1353 1529 1630 1587 laudatum
1654 1543 1710 1588 et
1733 1544 1952 1600 tectum,
1971 1551 2059 1593 se.

2167 1528 2297 1599 ὅπερ
2350 1526 2530 1580 αὐτῶν
2575 1526 2672 1597 (6')
2709 1526 2916 1600 θρόνον,
2974 1529 3070 1582 καὶ
3093 1529 3153 1582 τὸ
3199 1529 3338 1601 ὑπὲρ
3398 1527 3561 1582 αὐτοῦ
3610 1545 3740 1582 στε-

477 1627 585 1683 que
604 1613 775 1683 ipsum
795 1617 1029 1673 carbone
1054 1628 1457 1690 perpurgatum,
1474 1631 1634 1691 atque
1659 1623 1728 1677 ad
1749 1624 2053 1681 obeundum

2167 1618 2369 1690 ρέωμα,
2424 1619 2518 1674 καὶ
2558 1619 2650 1672 τὸν
2692 1619 2749 1673 ὲν
2782 1619 2860 1692 τῷ
2912 1619 3255 1692 στερεώματι
3300 1618 3741 1691 φανταζόμενον,

475 1701 774 1770 prophetiae
791 1718 985 1759 munus
998 1706 1340 1761 adornatum.
1360 1706 1510 1764 Alter
1525 1711 1829 1766 vehiculum
1844 1728 2058 1784 quoque

2167 1711 2252 1764 καὶ
2306 1709 2490 1780 φωνὰς
2524 1710 2586 1780 δή
2629 1728 2803 1777 τινας,
2856 1712 2950 1765 καὶ
3008 1711 3205 1784 ὁρμὰς,
3236 1712 3330 1767 καὶ
3369 1711 3594 1783 πράξεις
3627 1710 3736 1781 (7)·

478 1789 573 1845 Dei
591 1791 657 1859 ⁷⁵,
690 1794 793 1847 hoc
839 1803 943 1861 est,
987 1797 1313 1854 cherubinos
1363 1799 1642 1865 describit,
1694 1783 2055 1874 thronurnque

2167 1805 2483 1872 καὶταῦτα,
2534 1808 2643 1860 εἴτε
2701 1809 2973 1877 φαντασία
3019 1783 3103 1874 τις
3130 1807 3198 1881 ἦν
3251 1810 3505 1883 ἡμερινὴ,
3553 1809 3739 1882 μόνοις

476 1881 614 1950 ipsis
656 1884 1030 1948 excelsiorem,
1069 1902 1243 1957 eoque
1287 1887 1576 1949 sublimius
1626 1890 2051 1962 ﬁrmamentum,

475 1982 645 2044 atque
671 1977 891 2047 insuper
918 1992 1064 2045 eum,
1090 1980 1184 2049 qui
1222 1980 1275 2035 in
1316 1980 1659 2038 firmamento
1703 1998 1822 2040 sese
1870 1995 2056 2043 utcun-

477 2082 587 2137 que
608 2072 1030 2140 conspicantium
1066 2075 1366 2143 praabebat,
1390 2091 1660 2146 vocesque
1690 2078 1856 2132 etiam
1885 2094 2051 2150 quas-

480 2156 626 2224 dam,
667 2166 723 2213 et
750 2159 1002 2229 impetus,
1035 2171 1198 2231 atque
1232 2164 1506 2238 actiones;
1544 2165 1727 2235 idque,
1759 2169 1872 2222 sive
1902 2170 2051 2223 diur-

479 2259 610 2301 num
650 2248 922 2317 quoddam
977 2251 1081 2306 hoc
1146 2261 1459 2322 spectrum,
1515 2254 1646 2310 solis
1691 2257 2052 2314 sanctissimis

480 2336 617 2392 viris
655 2340 972 2409 spectabile,
1021 2342 1136 2396 sive
1182 2343 1406 2398 minime
1453 2343 1616 2401 fallax
1667 2346 1843 2403 noctis
1891 2350 2048 2415 visio,

384 2498 385 2501 η
478 2428 599 2484 sive
630 2432 828 2501 praevia
865 2434 1108 2502 quaedam
1160 2435 1359 2491 mentis
1388 2436 1693 2506 impressio,
1728 2437 1904 2492 futura
1934 2448 2051 2494 tan-

478 2538 642 2592 quam
682 2528 969 2596 pra-sentia
997 2529 1303 2593 .exhibcns,
1339 2528 1453 2584 sive
1483 2544 1742 2585 arcanum
1782 2531 2052 2601 quoddam

481 2616 632 2673 aliud
671 2619 969 2688 prophetiae
1012 2636 1203 2691 genus,
1260 2622 1442 2677 dicere
1481 2637 1726 2692 nequeo;
1762 2624 1912 2677 novit
1952 2625 2053 2680 hoc

2160 1896 2407 1968 θεωρητὴ
2435 1900 2546 1960 τοῖς
2575 1898 2771 1965 ἁγίοις,
2804 1899 2915 1953 εἴτε
2943 1901 3134 1964 νυκτὸς
3162 1900 3397 1972 ἀψευδὴς
3439 1901 3582 1971 ὄψις,
3622 1900 3740 1954 εἴτε

2158 1987 2250 2041 τοῦ
2274 1989 2601 2059 ἡγεμονικοῦ
2631 1989 2874 2055 τύπωσις
2907 1992 3275 2064 συγγενομένη
3309 1992 3385 2061 (8)
3434 1995 3548 2055 τοῖς
3599 1991 3740 2063 μέλ-

2158 2078 2337 2133 λουσιν
2383 2081 2459 2144 ὡς
2486 2083 2774 2152 παροῦσιν,
2809 2083 2921 2137 εἴτε
2966 2100 3022 2138 τι
3051 2083 3180 2138 ἀλλο
3220 2083 3556 2155 προφητείας
3596 2079 3740 2148 εἶδος

2156 2171 2486 2242 ἀπόρρητον,
2524 2172 2624 2225 οὐκ
2656 2171 2766 2243 ἔχω
2787 2173 2986 2242 λέγειν·
3020 2173 3133 2228 ἀλλ’
3166 2170 3304 2228 οἶδεν
3327 2176 3356 2227 6
3384 2173 3492 2227 τῶν
3523 2191 3743 2245 προφη-

2154 2262 2264 2318 τῶν
2292 2262 2444 2326 Θεὸς,
2479 2262 2574 2317 καὶ
2598 2265 2648 2317 oi
2675 2263 2743 2319 τά
2764 2264 2983 2318 τοιαῦτα
3003 2264 3402 2337 ἐνεργούμενοι.
3436 2265 3582 2337 Πλὴν
3608 2264 3739 2318 οὔτε

2157 2348 2300 2408 οῦτοι
2344 2355 2472 2425 περὶ
2523 2347 2597 2408 ὧν
2653 2357 2681 2408 6
2738 2354 2914 2423 λόγος,
2959 2353 3083 2408 οὔτε
3128 2373 3213 2419 τις
3266 2355 3420 2419 ἄλλος
3454 2354 3563 2409 τῶν
3615 2355 3742 2408 κατ’

2158 2443 2357 2507 αὐτοὺς
2410 2443 2507 2514 (9),
2566 2442 2694 2515 ἔστη
2749 2445 2806 2497 ὲν
2858 2443 3205 2516 ύποστήματι
3254 2443 3366 2516 (10)
3420 2445 3516 2499 καὶ
3577 2443 3744 2516 οὐσίᾳ

2159 2535 2387 2607 Κυρίου,
2417 2534 2557 2590 κατά
2589 2535 2651 2588 τὸ
2702 2535 3112 2607 γεγραμμένον,
3162 2536 3282 2590 οὐδὲ
3319 2534 3453 2590 Θεοῦ
3505 2536 3671 2606 φύσιν
3704 2536 3739 2607 ἢ

2160 2622 2296 2680 εἶδεν
2324 2625 2356 2695 ἢ
2402 2625 2779 2697 ἐξηγόρευσεν.

477 2710 865 2781 prophetarum
891 2711 1056 2777 Deus,
1088 2722 1143 2768 et
1166 2713 1261 2782 qui
1302 2713 1606 2784 huiusmodi
1667 2712 1934 2770 aIIlatibus
2001 2715 2293 2784 agitantur.
2357 2715 2620 2770 Craterum
2649 2730 2820 2784 neque
2882 2715 2958 2782 hi,
2986 2714 3052 2769 de
3079 2714 3274 2785 quibus
3303 2713 3510 2783 loquor,
3568 2709 3745 2784 neque

480 2806 766 2878 quisquam
819 2807 956 2863 alius
996 2808 1237 2878 ejusdem
1281 2810 1509 2874 ordinis,
1550 2810 1604 2865 in
1648 2811 1946 2865 substantia
1987 2820 2044 2866 et
2079 2811 2315 2866 essentia
2346 2810 2581 2875 Domini,
2623 2820 2681 2865 ut
2736 2809 3015 2881 Scriptura
3049 2809 3286 2880 loquitur
3324 2808 3399 2875 ⁷⁵,
3430 2807 3604 2874 stetit,
3638 2822 3745 2865 nec

492 2899 588 2956 Dei
630 2908 903 2969 naturam,
933 2909 1033 2955 aut
1069 2900 1225 2966 vidit,
1257 2909 1351 2954 aut
1389 2900 1511 2956 aliis
1556 2901 1795 2971 prodidit
1821 2910 1874 2956 et
1901 2900 2177 2971 patefecit.

555 2992 677 3048 XX.
710 2992 866 3058 Quod
911 2993 958 3047 si
1003 2992 1171 3048 Paulo
1220 3008 1306 3057 ea,
1347 3009 1467 3062 quae
1511 2995 1731 3049 tertium
1770 2995 1966 3050 coelum
1983 2995 2051 3061 ⁷⁷,

2226 2995 2311 3050 K'.
2356 2994 2555 3066 Παύλῳ
2612 2994 2691 3060 δὲ,
2731 2994 2781 3047 εί
2838 2993 2938 3064 μὲν
3003 2990 3215 3063 εκφορά
3276 2988 3387 3061 (II)
3447 2984 3517 3061 ἦν
3580 2987 3735 3062 άπερ

481 3093 650 3154 atque
684 3085 752 3138 ad
796 3083 926 3138 illud
966 3099 1138 3152 usque
1177 3085 1510 3154 progressio,
1546 3084 1633 3139 vel
1664 3088 1935 3152 ascensio,
1967 3088 2051 3142 vel

484 3177 783 3247 assumptio
834 3176 1099 3239 exhibuit,
1133 3175 1456 3231 mortalibus
1490 3178 1750 3247 evulgare
1792 3179 2054 3245 licuisset,

483 3269 717 3338 amplius
743 3268 997 3338 quiddam
1027 3266 1186 3338 511
1223 3266 1458 3324 fortasse
1483 3269 1549 3324 de
1573 3268 1685 3324 Deo
1717 3271 2060 3340 cognovisse-

484 3377 630 3427 mus,
656 3360 702 3416 si
728 3360 885 3415 tnodo
915 3375 1114 3417 arcana
1143 3360 1258 3416 haec
1284 3375 1447 3416 causa
1475 3369 1616 3426 erat,
1645 3377 1742 3415 cur
1777 3362 1829 3416 in
1861 3361 2056 3416 coelum

486 3461 790 3522 raperetur.
820 3452 1085 3518 Quoniam
1128 3462 1310 3507 autem
1341 3452 1457 3507 haec
1486 3453 1534 3507 ei
1569 3453 1623 3507 in
1653 3453 1843 3523 vulgus
1867 3453 2060 3509 efferre

484 3544 642 3602 nefas
688 3556 828 3610 erat,
872 3544 1137 3599 faciamus
1186 3561 1284 3600 nos
1341 3559 1578 3615 quoque,
1615 3554 1675 3598 ut
1732 3561 1794 3600 ea
1843 3545 2058 3601 silentio

485 3638 948 3692 commendemus.
980 3637 1157 3706 Atque
1186 3639 1289 3692 hoc
1328 3638 1588 3692 duntaxat
1628 3636 1849 3691 Paulum
1871 3637 2059 3692 dicen-

489 3738 600 3783 tem
633 3729 915 3783 audiamus
946 3747 960 3783 :
995 3727 1082 3783 Ex
1123 3736 1273 3797 parte
1311 3731 1689 3798 cognoscimus,
1721 3741 1766 3784 et
1813 3746 1877 3783 ea:
1914 3740 2060 3799 parte

487 3820 941 3889 prop/teramus".
1000 3819 1148 3886 Hac,
1197 3831 1362 3890 atque
1414 3821 1683 3891 ejusmodi
1734 3821 1891 3875 fateri
1954 3837 2058 3876 non

487 3913 701 3968 dubitat
753 3913 843 3968 ille
909 3913 1137 3968 scientia
1195 3928 1539 3984 nequaquam
1605 3914 1923 3983 imperitus,
1971 3914 2061 3969 ille

484 4004 920 4073 experimentum
981 4018 1043 4058 se
1116 4003 1369 4057 daturum
1468 4003 1727 4057 minitans
1790 4002 2061 4074 loquentis

490 4095 548 4148 in
604 4108 665 4148 se
708 4092 951 4160 Christi,
1021 4106 1284 4161 magnus,
1358 4093 1615 4162 inquam,
1668 4093 1759 4148 ille
1814 4095 2062 4149 veritatis

501 4192 876 4255 propugnator
923 4194 983 4239 et
1047 4187 1254 4240 doctor.
1322 4183 1507 4254 quue
1569 4189 1787 4242 nomine
1845 4201 2061 4241 onmem

489 4292 705 4347 quoque
728 4277 1019 4331 humanam
1048 4292 1110 4331 ac
1141 4284 1411 4332 terrenam
1436 4277 1718 4332 scientiam
1740 4277 1870 4332 nihil
1900 4293 2062 4348 supra

2161 3088 2318 3159 ἔσχεν
2368 3086 2479 3158 (lg)
2505 3089 2533 3142 6
2577 3085 2758 3159 τρίτος
2798 3084 3046 3157 οὐρανὸς,
3082 3084 3179 3137 καὶ
3218 3083 3252 3152 ἡ
3302 3082 3496 3152 μέχρις
3528 3081 3745 3136 ἐκείνου

2163 3178 2404 3250 πρόοδος,
2432 3177 2466 3248 ἢ
2521 3176 2806 3240 ἀνάϐασις,
2841 3176 2874 3246 ἢ
2926 3173 3215 3243 ἀνάληψις,
3247 3171 3388 3243 τάχα
3419 3170 3485 3224 ἄν
3511 3187 3565 3223 τι
3610 3172 3746 3244 περὶ

2162 3269 2299 3325 Θεοῦ
2333 3268 2493 3323 πλέον
2548 3267 2814 3339 ἔγνωμεν,
2851 3265 3011 3338 εἴπερ
3053 3264 3213 3318 τοῦτο
3243 3259 3311 3335 ἦν
3341 3262 3401 3317 τὸ
3429 3263 3528 3334 τῆς
3555 3263 3744 3334 ἁρπα-

2162 3364 2264 3433 γῆς
2299 3364 2610 3433 μυστήριονο
2652 3361 2772 3413 ἐπεὶ
2806 3359 2863 3412 δὲ
2892 3359 3107 3431 ἄρρητα
3136 3353 3226 3429 ἦν,
3251 3357 3347 3410 καὶ
3377 3357 3510 3428 ἡμῖν
3559 3356 3743 3427 σιωπῇ

2162 3453 2430 3525 τιμάσθω.
2464 3452 2730 3506 Τοσοῦτον
2754 3451 2811 3507 δὲ
2837 3449 3159 3521 ἀκούσωμεν
3190 3447 3355 3503 αὑτοῦ
3408 3446 3620 3501 Παύλου
3650 3446 3746 3500 λέ-

2164 3564 2370 3617 γοντος,
2409 3546 2491 3600 ὅτι
2507 3548 2607 3600 Ἐκ
2627 3545 2849 3614 μέρους
2875 3542 3268 3612 γινώσκομεν,
3291 3540 3389 3595 καὶ
3414 3539 3484 3593 ἐκ
3516 3539 3746 3609 μέρους

2164 3639 2634 3708 προφητεύομεν.
2679 3636 2884 3697 Ταῦτα,
2931 3635 3027 3688 καὶ
3056 3633 3124 3687 τά
3169 3631 3393 3686 τοιαῦτα
3420 3629 3678 3702 ὁμολογεί
3716 3633 3747 3685 6

2168 3732 2243 3803 μὴ
2277 3728 2493 3798 ἰδιώτης
2539 3729 2638 3800 τὴν
2671 3727 2896 3797 γνῶσιν,
2939 3729 2967 3780 6
2995 3724 3237 3796 ’δοκιμὴν
3268 3723 3505 3779 ἀπειλῶν
3548 3720 3644 3775 τοῦ
3687 3723 3746 3775 ὲν

2162 3823 2314 3894 αὐτῷ
2375 3821 2663 3884 λαλοῦντος
2718 3818 2978 3891 Χριστοῦ,
3039 3819 3067 3872 ὁ
3120 3817 3293 3888 μέγας
3337 3814 3438 3881 τῆς
3485 3812 3749 3884 ἀληθείας

2167 3912 2601 3986 προαγωνιστὴς,
2642 3911 2737 3967 καὶ
2789 3909 3125 3973 διδάσκαλος.
3163 3907 3254 3961 Διὸ
3290 3906 3384 3959 καὶ
3417 3906 3529 3974 (I5)
3561 3905 3748 3961 πᾶσαν

2164 4006 2263 4077 τὴν
2304 4005 2455 4060 κάτω
2491 4003 2692 4074 γνῶσιν
2741 4002 2896 4057 οὐδὲν
2931 4001 3074 4073 ὑπὲρ
3127 3999 3197 4054 τά
3233 3997 3473 4069 ἔσοπτρα
3519 3997 3615 4050 καὶ
3675 3997 3747 4051 τὰ

2167 4097 2464 4166 αἰνίγματα
2520 4094 2746 4160 τίθεται,
2803 4092 2880 4157 ὡς
2940 4094 2997 4146 ὲν
3060 4092 3275 4163 μικροῖς
3326 4090 3426 4160 τῆς
3483 4087 3749 4160 ἀληθείας

2171 4185 2462 4256 ἱσταμένην
2512 4184 2846 4256 ίνδάλμασιν.
2881 4182 2943 4237 Εἰ
2981 4182 3038 4235 δὲ
3076 4183 3150 4252 μὴ
3194 4180 3312 4235 λίαν
3342 4178 3484 4235 δοκῶ
3510 4195 3621 4233 τισι
3645 4195 3749 4231 πε-

2172 4277 2351 4351 ριττδς
2372 4277 2467 4332 καὶ
2494 4276 2784 4350 περίεργος
2812 4277 2881 4332 τὰ
2904 4275 3128 4329 τοιαῦτα
3151 4272 3438 4341 ἐξετάζων,
3464 4272 3583 4326 οὐδὲ
3608 4271 3747 4326 ἄλλα

487 4366 714 4436 specula
764 4374 819 4420 et
865 4365 1219 4437 aenigmata"
1272 4380 1396 4422 esse
1450 4367 1660 4433 statuit,
1711 4375 1895 4437 utpote
1948 4383 2060 4438 qua

2170 4369 2292 4423 τινὰ
2320 4368 2537 4439 τυχδνῆ
2571 4370 2745 4423 ταῦτα
2770 4364 2864 4440 ἦν,
2911 4367 2947 4421 ἃ
2980 4367 3056 4439 μὴ
3105 4365 3364 4420 δύνασθαι
3413 4363 3506 4418 νῦν
3552 4363 3753 4436 βαστα-

599 4548 642 4578 "
664 4545 843 4603 Judic.
875 4564 991 4612 xm,
1017 4548 1108 4603 22.
1184 4549 1228 4581 ⁷³
1251 4547 1379 4602 Luc.
1412 4565 1465 4614 ν,
1496 4547 1548 4602 8.
1628 4548 1673 4580 ⁷³
1700 4547 1890 4603 Matth.
1921 4563 2031 4614 xw,
2057 4549 2143 4603 I7.

660 4618 707 4649 "
728 4616 773 4673 ll
795 4617 921 4673 Cor.
963 4634 1064 4675 xu.
1103 4619 1159 4672 2.
1261 4617 1347 4671 ⁷⁸1
1375 4616 1501 4675 Cor.
1537 4635 1656 4675 χιιι.
1686 4618 1742 4674 9.
1834 4620 1880 4651 “'9
1908 4619 2035 4673 ibid.
2077 4618 2147 4673 12

1421 4636 1501 4674 or.
1537 4635 1656 4683 XIII,
1686 4635 1742 4674 υ.
1839 4635 1880 4651 "
1908 4635 2035 4673 ιυια.
2077 4635 2168 4674 ‘lz.

493 4616 587 4675 18.
660 4618 707 4649 ’⁷
728 4616 773 4673 ιι
795 4617 921 4673 Cor.
963 4634 1064 4685 xu,
1103 4619 1159 4672 2.

566 4775 648 4846 (5)
685 4773 982 4831 Σαϐϐαώθ.
1017 4774 1151 4845 Reg.
1182 4774 1498 4846 bmtetOr.
1528 4777 1579 4840 ‘I,
1616 4774 1863 4829 Σαϐαὼθ.

566 4842 646 4917 (6)
693 4842 1268 4914 Ἀποκρυπτόμὲνον.
1299 4844 1452 4901 Colb.
1478 4846 1501 4900 1
1534 4855 1588 4902 et
1630 4846 1724 4900 0r.
1753 4847 1805 4913 1,
1837 4842 2076 4916 κρυπτό-

495 4933 660 5008 μεναγ
965 4987 977 5004 ν
1037 4984 1062 4995 η
1535 4983 1549 5002 ε
1747 4986 1760 5004 ’
1838 4984 1865 4997 ~

497 4987 624 5110 ιηῖῗί
650 4984 2077 5110 ὶυῖῗείεὲἕιξᾶῖιῗξιΡἓξᾷνὲἱιὶῗῗῗὲιηῖἒῖωέγξῗιῖῖ

497 5053 611 5138 bef.
651 5053 811 5125 'putat
861 5053 1544 5144 legendurii,‘6nsp'at6'=6,
1594 5053 1810 5137 netnpe,
1855 5056 2073 5126 ὄχημα,

495 5135 637 5181 srcut
661 5135 716 5181 et
752 5140 875 5180 mox
900 5142 995 5195 pro
1018 5125 1077 5178 τὸ
1102 5127 1245 5195 ὑπερ
1268 5142 1459 5179 αυτου.
1489 5134 1674 5179 censet
1705 5126 2072 5193 scribendum,

495 5166 640 5318 3τὶξέ
661 5166 854 5256 ῖιὶιτάξὶ,
879 5166 1103 5259 ἕὲίῆεει,
1130 5166 1340 5266 θρόῗιδν.
1705 5166 1762 5181 “’”
1799 5166 1882 5181 ’””
1926 5166 1955 5180 “
2056 5166 2072 5193 ’

572 5269 592 5318 (
636 5271 649 5318 l
689 5265 963 5318 Ποάξειιι.
986 5266 1137 5318 Pan.
1166 5264 1370 5318 τάξεις.
1398 5282 1418 5316 t
1444 5264 1681 5318 ordines.
1702 5284 1723 5317 ι

572 5264 649 5336 (7)
689 5265 963 5334 Πράξεις.
986 5266 1137 5336 Palu,
1166 5264 1370 5336 τάξεις,
1398 5282 1418 5316 t
1444 5264 1681 5336 ordines.
1702 5284 1723 5317 ι

690 5334 1246 5428 Ξυγγειςομέγη.“οιο.
1275 5335 1328 5428 ξ),
1361 5335 1778 5428 συγγενομέγου.
1875 5404 1903 5428 λ
2024 5401 2040 5419 ⁸

575 5404 653 5478 (9)
689 5404 828 5462 Κατἱ
854 5404 1095 5472 αὐτούς.
1136 5407 1247 5460 Duo
1278 5405 1442 5475 chg.
1468 5415 1521 5459 et
1547 5404 1639 5460 υτ.
1670 5408 1721 5471 1,
1763 5404 1905 5459 κατά
1949 5404 2072 5458 τούς

496 5494 1438 5633 ῗῖἴῗθ),Ἐνι,ὑποοτῖξματιηῖιοκ
1483 5555 1567 5633 est
1609 5543 1858 5633 Ieremia:
1905 5556 2066 5633 ιιῖςιητ

507 5612 599 5683 18,
631 5612 717 5671 cui
775 5618 1061 5687 subjuugit
1091 5612 1408 5686 Gregorius,
1463 5615 1556 5669 καὶ
1586 5614 1788 5687 οὐσίᾳ,
1817 5612 2071 5687 explica-

501 5689 670 5744 tionis
703 5684 887 5768 causa,
914 5684 1073 5768 quasi
1095 5684 1315 5740 vox'illa
1358 5684 1752 5768 tessentiamﬁ
1787 5684 1901 5768 siv'e
1940 5702 1959 5736 ι
1982 5698 2075 5764 na-

507 5766 694 5815 turam
727 5757 819 5814 Dei
844 5775 862 5808 ι
901 5753 1189 5828 signiticet,
1231 5757 1376 5827 quod
1417 5772 1447 5812 ιι
1489 5769 1613 5812 vero
1651 5768 1815 5812 sensu
1861 5753 2071 5827 longius

2243 4558 2265 4583 ⁶
2315 4565 2396 4609 sa.
2426 4566 2498 4616 vi,
2535 4550 2586 4604 I.
2661 4550 2706 4581 ⁷⁵
2738 4550 2932 4603 Ezecn.
2962 4564 3002 4606 ι.
3032 4554 3066 4602 4
3096 4562 3246 4617 seqq.
3270 4546 3317 4580 ⁷⁸
3345 4546 3546 4603 Jcrem.
3580 4562 3747 4615 χχιιι,

2187 4776 2359 4832 abest.
2411 4775 2527 4831 Vox
2575 4774 2718 4829 enim
2765 4772 2988 4828 Hebraea
3042 4770 3288 4828 Ieremia:
3341 4788 3361 4822 ι
3402 4767 3689 4825 consilium
3723 4787 3743 4820 ι

2181 4857 2359 4901 sonat.
2392 4845 2530 4900 llinc
2561 4844 2780 4912 Vulgata
2814 4855 2957 4897 recte
2991 4844 3165 4897 reddit
3193 4861 3207 4897 :
3245 4860 3264 4892 ο
3291 4839 3598 4912 Quis_cuin_i
3642 4841 3746 4893 ad-

2180 4916 2287 4970 fuit
2329 4916 2555 4971 consilio
2589 4908 2840 4969 Domini?
2867 4932 2886 4965 ι
2927 4912 3278 4980 Septuaginta
3319 4921 3375 4966 et
3409 4908 3745 4964 Theodotion

2180 4987 2620 5055 interpretantur,
2660 5005 2679 5037 ι
2714 4984 3106 5048 substantiam,
3137 4997 3306 5055 »_seu
3377 4980 3746 5055 «subsisten-

2183 5050 2343 5121 tiam';
2366 5075 2385 5108 ι
2418 5057 2633 5125 Aquila,
2666 5072 2688 5106 ι
2715 5063 3002 5117 secretum,
3024 5072 3043 5104 ι
3077 5065 3130 5125 et
3162 5050 3547 5125 Symmachus.
3581 5068 3600 5098 ε
3629 5064 3745 5103 ser-

2182 5117 2718 5182 rnonetn.r'Verum
2778 5138 2938 5178 voces
2989 5117 3281 5194 ὑπόστημα
3338 5132 3391 5175 et
3444 5117 3744 5194 ὑπόστασις

2183 5205 2333 5250 recte
2380 5197 2515 5249 verti
2552 5202 2792 5266 possunt,
2833 5212 2853 5246 ι
2881 5194 3076 5266 ειειὶοι
3111 5204 3164 5246 et
3187 5192 3218 5245 ἰ
3245 5205 3590 5266 consessus,»
3638 5192 3744 5266 sic-

2183 5281 2287 5334 que
2339 5258 2568 5335 propius'
2616 5265 2927 5321 accederent
2995 5265 3062 5319 ad
3110 5264 3400 5335 genuinum
3464 5258 3742 5315 llebraica:

2169 5336 2318 5390 vocis
2349 5350 2588 5390 sensum.

2242 5404 2687 5529 (ιυΕῈκφορά.
2750 5403 3061 5475 Legendum
3140 5402 3350 5458 videtur
3421 5415 3577 5465 esse,
3646 5398 3739 5455 ἐκ·

2243 5494 2329 5529 οα.
2405 5492 2516 5529 DIT.

2209 5491 2329 5531 οοα.
2361 5491 2516 5531 ΕΠΙΤ.

2168 5490 2640 5617 φοῗῗέ)ι⁸ἳ“ἓχεν.
2671 5543 2835 5600 Cois].
2858 5544 2918 5617 5,
2947 5542 3239 5616 παρέσχεν,
3275 5559 3294 5593 t
3317 5540 3585 5607 exhibuit,
3616 5555 3741 5615 sup-

2166 5615 2444 5688 peditavit.
2471 5636 2491 5668 ι
2511 5615 2650 5671 ’ΒῙΙΙ.
2679 5632 2703 5688 Ξ
2732 5635 2751 5668 t
2777 5615 3037 5688 continet.
3062 5634 3082 5667 ι

2240 5686 2350 5763 (15)
2388 5688 2484 5745 Διό
2523 5688 2642 5745 καί.
2672 5686 2804 5759 Reg.
2828 5700 2859 5742 a
2888 5696 2942 5742 et
2967 5685 3071 5743 duo
3096 5681 3272 5753 Colb.,
3295 5682 3323 5735 ὃ
3348 5685 3462 5740 καί.
