3890 6214
197 283 270 341 53
1235 289 1494 346 ORATIO
1531 291 1770 348 XXVIII.
1812 324 1881 335 --
1919 290 2357 347 THEOLOGICA
2393 288 2459 347 ΙΙ.
3377 287 3451 347 54

194 400 414 474 χθῆναι,
465 401 495 454 ὁ
548 401 718 471 Λόγος
761 401 922 466 αὐτὸς
971 403 1321 477 ὑπῃνίσσετο,
1371 406 1447 470 ὥς
1490 407 1604 476 (id)
1653 425 1774 461 ποτε

1887 408 2027 462 ultra
2053 408 2247 478 exigua
2278 403 2525 460 veritatis
2553 400 2843 459 simulacra
2874 400 3093 456 minime
3119 415 3236 456 sese
3268 403 3448 472 porri-

196 493 688 565 βασταχθησόμενα
711 495 806 548 καὶ
832 496 1312 567 τρανωθησόμενα’
1361 500 1454 552 καὶ
1489 499 1632 571 ἅπερ
1666 499 1774 571 (15)

1887 511 1993 570 gat.
2030 499 2182 566 Quod
2213 499 2313 553 nisi
2343 512 2428 551 me
2467 495 2732 567 quispiam
2763 495 2816 548 in
2854 494 3012 563 hujus
3041 494 3254 564 generis
3288 494 3448 551 rebus

195 584 322 654 μηδ’
349 582 415 636 ἂν
459 583 620 634 αὐτὸν
645 582 937 661 δυνηθῆναι
988 585 1233 655 χωρῆσαι
1271 586 1364 639 τὸν
1393 586 1594 655 κόσμον
1642 585 1776 656 (16),

206 674 461 745 Ἰωάννης
493 676 521 728 ὁ
548 674 640 727 τοῦ
666 674 840 742 Λόγου
868 675 1175 748 πρόδρομος
1209 677 1341 748 (17),
1379 680 1413 747 ή
1440 678 1648 749 μεγάλη
1683 678 1783 747 τῆς

192 767 449 836 ἀληθείας
477 760 646 837 φωνὴ,
667 764 966 837 διωρίζετο.

1887 591 2238 659 exquirendis
2270 589 2431 643 nimis
2465 589 2676 642 curiose
2708 594 2763 642 et
2808 599 3208 655 supervacaneo
3242 585 3451 641 versari

1889 680 2181 745 existimet,
2210 679 2390 734 dicere
2434 692 2648 747 quoque
2679 691 2785 731 non
2834 690 3045 741 verear,
3076 690 3175 731 nec
3197 677 3297 729 alia
3330 677 3453 745 qui-

1892 772 2011 825 dem
2057 771 2308 837 fortasse,
2358 782 2519 838 quam
2571 769 2711 831 haec,
2756 780 2825 843 ea
2854 780 2995 831 esse,
3040 781 3161 835 quae
3202 765 3452 822 Christus

192 860 308 928 ip~e
375 858 577 927 portari
624 859 674 911 in
741 860 842 913 hac
894 861 1000 913 vita
1044 873 1199 929 posse
1252 860 1465 934 negavit
1510 860 1580 926 ⁸ο,
1615 860 1762 916 velut
1795 859 2083 931 aliquando
2115 860 2397 930 portanda,
2436 867 2491 915 et
2527 857 2882 923 declaranda;
2922 865 2976 910 et
3033 871 3152 927 qua:
3179 855 3271 911 ille
3290 855 3451 912 Verbi

188 963 497 1018 praecursor
542 948 800 1012 Joannes,
857 960 913 1005 et
968 966 1158 1022 magna
1214 954 1457 1006 veritatis
1488 969 1613 1017 vox,
1646 969 1714 1007 ne
1739 969 1768 1007 a
1801 955 2000 1009 mundo
2026 955 2242 1023 quidem
2271 952 2387 1023 capi
2417 966 2576 1022 posse
2601 948 3054 1017 pronuntiavit".

265 1042 395 1097 KA'.
422 1044 579 1097 Πᾶσα
628 1045 726 1116 μὲν
751 1041 847 1099 οῦν
896 1046 1144 1118 ἀλήθεια,
1191 1048 1288 1100 καὶ
1333 1049 1438 1111 πᾶς
1463 1049 1622 1117 λόγος
1647 1049 1774 1102 δυσ-

1953 1049 2095 1104 ΧΧΙ.
2126 1048 2326 1104 Verum
2370 1034 2512 1102 enim
2544 1061 2676 1101 vero
2729 1061 2851 1101 cum
2906 1047 3111 1102 veritas
3181 1044 3362 1101 omnis
3395 1052 3451 1100 et

189 1133 501 1205 τέκμαρτός
536 1152 597 1188 τε
663 1136 760 1189 καὶ
817 1135 1214 1210 δυσθεώρητοςο
1268 1138 1363 1192 καὶ
1398 1134 1511 1192 οἷον
1561 1141 1774 1212 ὀργάνῳ

1887 1139 2180 1210 disputatio
2210 1137 2503 1209 plurimum
2536 1135 2870 1192 difﬁcultatis
2908 1145 3074 1205 atque
3105 1134 3451 1190 obscuritatis

195 1225 380 1297 μικρῷ
425 1226 636 1297 μεγάλα
682 1227 1147 1300 δημιουργοῦμεν,
1174 1231 1240 1300 τῇ
1272 1229 1585 1302 ἀνθρωπίνῃ
1616 1231 1774 1303 σοφίᾳ

1887 1229 2120 1296 habeat;
2151 1244 2215 1284 ac
2260 1242 2360 1283 nos
2396 1225 2545 1280 velut
2608 1240 2773 1295 parvo
2817 1225 3050 1294 quodam
3093 1224 3452 1279 instrumento

189 1315 291 1385 τὴν
342 1316 454 1369 τῶν
486 1316 654 1371 ὄντων
694 1317 895 1386 γνῶσιν
952 1317 1295 1390 θηρεύοντες,
1352 1320 1449 1373 καὶ
1490 1322 1603 1384 τοῖς
1649 1337 1774 1392 νοη-

1887 1336 1975 1377 res
2021 1336 2247 1392 magnas
2293 1317 2505 1375 efficere
2541 1316 2847 1380 moliamur,
2905 1315 3155 1370 humanae
3199 1315 3449 1371 videlicet

188 1409 307 1469 τοῖς
339 1406 453 1477 (18)
481 1406 911 1478 προσ6άλλοντες
940 1408 1078 1479 μετά
1106 1408 1214 1462 τῶν
1259 1409 1581 1480 αἰσθήσεων·
1607 1410 1640 1481 ἢ
1679 1412 1774 1464 οὐκ

1887 1413 2158 1484 sapientiae
2199 1411 2511 1480 adiumento
2552 1423 2734 1464 rerum
2777 1407 3140 1477 cognitionem
3173 1422 3451 1476 aucupan-

190 1495 323 1551 ἄνευ
364 1495 693 1566 αἰσθήσεων,
745 1495 836 1565 ὑφ’
868 1489 944 1551 ὧν
976 1496 1387 1568 περιφερόμεθα
1418 1498 1513 1552 καὶ
1565 1496 1774 1551 πλανώε

1887 1514 1984 1573 les,
2014 1520 2078 1561 ac
2108 1519 2216 1571 res,
2246 1519 2364 1574 quae
2388 1502 2553 1557 animi
2589 1512 2793 1556 tantum
2822 1500 3173 1569 intelligentia
3200 1512 3448 1568 compre-

192 1586 359 1658 μεθα,
411 1588 507 1641 καὶ
550 1587 653 1641 οὐκ
693 1586 890 1658 ἔχομεν
918 1587 1109 1659 γυμνῷ
1153 1588 1232 1659 τῷ
1261 1588 1342 1643 νοῒ
1384 1591 1613 1660 γυμνοῖς
1665 1593 1774 1654 τοῖς

1887 1597 2213 1662 henduntur,
2261 1610 2359 1665 per
2387 1607 2579 1650 sensus
2613 1606 2934 1662 cognoscere
2957 1591 3331 1662 aggredimur;
3355 1598 3450 1645 aut

190 1678 515 1749 πράγμασιν
566 1678 1010 1749 ἐντυγχάνοντες,
1052 1679 1252 1750 μᾶλλόν
1282 1698 1336 1733 τι
1377 1681 1658 1752 προσιέναι
1705 1684 1772 1753 τῇ

1887 1696 2032 1743 certe
2063 1702 2167 1742 non
2210 1687 2326 1742 sine
2362 1686 2629 1750 sensibus,
2665 1684 2863 1753 quibus
2902 1683 3141 1752 undique
3174 1680 3446 1751 iactamur

189 1769 442 1841 ἀληθείᾳ,
469 1771 565 1823 καὶ
597 1770 689 1825 τὸν
726 1769 851 1823 νοῦν
890 1771 1190 1826 τυποῦσθαι
1221 1774 1341 1836 ταῖς
1391 1772 1774 1843 καταλήψεσιν.

1887 1787 1935 1834 et
1967 1780 2020 1833 in
2055 1792 2294 1833 errorem
2347 1777 2734 1846 pertrahimur,
2767 1789 2867 1830 nec
2907 1775 3049 1829 nuda
3100 1782 3278 1829 mente
3320 1789 3444 1828 cum

199 1859 262 1913 Ὃ
283 1860 342 1912 δὲ
370 1861 498 1931 περὶ
522 1860 656 1913 Θεοῦ
683 1860 860 1929 λόγος,
887 1860 997 1932 ὅσῳ
1021 1862 1368 1934 τελεώτερος,
1392 1863 1631 1933 τοσούτῳ
1651 1864 1774 1917 δυσ-

1887 1867 2037 1922 nudis
2061 1869 2220 1922 rebus
2242 1866 2473 1931 versari,
2500 1874 2660 1934 atque
2691 1865 2815 1919 inde
2831 1864 2896 1918 ad
2921 1866 3203 1919 veritatem
3225 1863 3445 1932 propius

188 1950 560 2020 εφικτότερος,
610 1951 707 2005 καὶ
757 1950 976 2016 πλείους
1035 1953 1133 2016 τὰς
1164 1953 1483 2024 ἀντιλήψεις
1522 1953 1658 2024 ἔχων
1685 1955 1774 2008 καὶ

1887 1957 2157 2024 accedere,
2182 1957 2450 2026 rebusque
2476 1955 2742 2027 perceptis
2770 1968 2834 2009 ac
2860 1954 3266 2024 comprehensis
3297 1968 3448 2008 men-

179 2039 292 2103 ’τὰς
336 2038 520 2103 λύσεις
556 2041 986 2114 ὲργωδεστέρας.
1019 2044 1135 2098 Πᾶν
1156 2043 1265 2115 γὰρ
1292 2044 1353 2098 τὸ
1402 2044 1775 2116 ἐνιστάμενον,

189 2131 298 2186 κᾶν
344 2131 682 2203 βραχύτατον
704 2129 761 2206 ᾗ,
800 2134 890 2188 τὸν
913 2133 1008 2189 τοῦ
1052 2135 1211 2204 λόγου
1233 2136 1430 2209 δρόμον
1459 2138 1656 2207 ἐπέσχε
1683 2137 1777 2191 καὶ

188 2222 511 2288 διεκώλυσε,
545 2225 643 2277 καὶ
692 2226 792 2296 τὴν
822 2227 903 2290 είς
948 2225 1010 2279 τὸ
1062 2227 1251 2298 πρόσω
1292 2228 1466 2299 φορὰν
1507 2228 1774 2299 διέκοψενο

188 2313 381 2386 ὥσπερ
411 2315 462 2367 oi
486 2316 615 2378 τοὺς
659 2315 860 2381 ἵππους
891 2320 1002 2382 τοῖς
1050 2319 1309 2390 ῥυτῆρσιν
1353 2319 1563 2391 ἀθρόως
1589 2320 1779 2391 μεθέλ-

188 2422 392 2470 κοντες
444 2407 796 2479 φερομένους,
837 2410 931 2464 καὶ
976 2409 1057 2481 τῷ
1105 2410 1352 2482 ἀδοκήτῳ
1389 2410 1482 2465 τοῦ
1510 2412 1774 2485 τιναγμοῦ

188 2496 636 2569 περιτρέποντες.
668 2499 823 2553 Οὕτω
852 2500 1107 2573 Σολομὼν
1143 2502 1242 2572 μὲν
1276 2504 1305 2556 ὁ
1338 2501 1448 2574 (19)
1480 2503 1774 2576 σοφισάμε-

185 2606 279 2653 νος
303 2588 562 2654 περισσὰ,
601 2590 740 2660 ὑπὲρ
767 2591 980 2656 πάντας
1045 2593 1176 2656 τοὺς
1201 2593 1527 2665 γενομένους
1566 2594 1775 2668 ἔμπρο-

189 2678 340 2744 σθεν,
362 2679 456 2733 καὶ
479 2679 599 2733 καθ’
624 2681 835 2747 ἑαυτὸν,
862 2676 906 2751 ᾧ
927 2683 988 2736 τὸ
1017 2683 1116 2755 τῆς
1139 2684 1369 2756 καρδίας,
1379 2685 1577 2749 πλάτος
1604 2685 1775 2759 δῶρον

189 2768 351 2835 Θεοῦ,
382 2770 478 2823 καὶ
500 2772 534 2840 ἡ
565 2769 795 2843 ψάμμου
825 2772 1185 2846 δαψιλεστέρα
1211 2774 1366 2846 χύσις
1394 2775 1493 2847 τῆς
1518 2775 1769 2850 θεωρίας,

193 2867 311 2937 ὅσῳ
349 2865 513 2919 πλέον
548 2866 840 2937 ἐμϐατεύει
894 2871 1006 2933 τοῖς
1065 2868 1274 2939 βάθεσι,
1317 2870 1554 2943 τοσούτῳ
1609 2871 1774 2927 πλέον

192 2960 419 3033 ίλιγγιᾷ,
471 2963 565 3016 καὶ
598 2961 750 3025 τέλος
779 2978 832 3014 τι
867 2963 1104 3015 ποιεῖται
1182 2963 1372 3032 σοφίας
1419 2967 1596 3040 εὑρεῖν
1648 2967 1771 3021 ὅσον

189 3050 446 3122 διέφυγεν
497 3052 632 3124 (20).
680 3052 892 3117 Παῦλος
947 3053 1006 3106 δὲ
1053 3058 1308 3128 πειρᾶται
1343 3058 1438 3128 μὲν
1465 3058 1768 3128 ἐφικέσθαι,

190 3146 347 3199 οὔπω
403 3144 549 3214 λέγω
594 3148 695 3217 τῆς
732 3144 826 3199 τοῦ
857 3145 993 3199 Θεοῦ
1031 3145 1265 3216 φύσεως,
1308 3148 1466 3202 τοῦτο
1492 3150 1600 3222 γὰρ
1654 3150 1772 3221 ᾔδει

190 3236 477 3300 παντελῶς
525 3236 785 3292 ἀδύνατον
825 3235 908 3304 ὃν,
951 3237 1089 3292 ἀλλά
1147 3238 1306 3309 μόνον
1356 3239 1465 3293 τῶν
1496 3239 1590 3294 τοῦ
1639 3240 1773 3295 Θεοῦ

190 3329 502 3401 κριμάτων.
539 3329 694 3381 Ἐπεὶ
718 3328 775 3381 δὲ
798 3329 894 3400 οὐχ
931 3329 1172 3401 εὑρίσκει
1204 3331 1456 3399 διέξοδον,
1506 3332 1626 3386 οὐδὲ
1650 3333 1776 3387 στά-

195 3435 283 3472 σιν
304 3417 406 3487 τῆς
443 3417 784 3497 ἀναϐάσεως,
819 3418 939 3472 οὐδὲ
967 3417 1048 3482 εἷς
1076 3437 1130 3473 τι
1163 3420 1275 3491 (21)
1314 3421 1546 3493 φανερὸν
1588 3422 1774 3476 τελευ-

193 3511 271 3580 τᾷ
305 3510 483 3580 πέρας
584 3508 1082 3581 πολυπραγμοσύνη
1104 3512 1200 3582 τῆς
1227 3512 1481 3580 διανοίας,
1507 3513 1592 3567 ἀεί
1632 3531 1778 3578 τινος

192 3602 637 3674 ὑποφαινομένου
666 3604 762 3657 τοῦ
813 3604 1111 3668 λείποντοςο
1139 3603 1186 3657 ὣ
1232 3605 1325 3658 τοῦ
1351 3605 1625 3677 θαύματος
1668 3607 1776 3679 (ἵνα

192 3693 293 3747 καὶ
340 3694 504 3756 αὐτὸς
536 3693 693 3747 πάθω
715 3694 777 3748 τὸ
823 3694 985 3766 tam)!
1022 3694 1287 3766 ὲμπλήξει
1312 3698 1641 3769 περιγράφει
1684 3699 1777 3752 τὸν

192 3781 376 3851 λόγον,
406 3784 502 3837 καὶ
528 3783 754 3837 πλοῦτον
780 3783 939 3850 Θεοῦ,
968 3787 1064 3839 καὶ
1096 3786 1257 3857 βάθος
1275 3788 1337 3841 τὸ
1367 3789 1573 3843 τοιοῦτο
1601 3790 1773 3858 καλεῖ,

193 3876 292 3928 καὶ
318 3875 574 3944 ὁμολογεῖ
598 3876 707 3929 τῶν
724 3874 822 3928 τοῦ
838 3876 972 3931 Θεοῦ
992 3879 1273 3951 κριμάτων
1296 3881 1357 3933 τὸ
1372 3880 1774 3954 ἀκατάληπτον,

198 3966 487 4044 μονονουχὶ
515 3965 585 4026 τά
609 3965 750 4032 αὐτὰ
785 3966 864 4037 τῷ
889 3968 1053 4029 Δαὸὶδ
1083 3969 1473 4042 φθεγγόμενος,
1501 3973 1630 4027 ποτὲ
1680 3975 1777 4045 μὲν

196 4053 436 4114 ἄβυσσον
467 4055 668 4126 πολλὴν
691 4055 1010 4126 ὀνομάζοντι
1041 4060 1110 4113 τά
1131 4060 1226 4113 τοῦ
1248 4060 1381 4114 Θεοῦ
1425 4062 1686 4132 κρίματα,
1710 4060 1779 4136 ἧς

195 4144 299 4197 οὐκ
325 4143 440 4198 ἐστι
465 4143 565 4214 τὴν
593 4144 813 4215 ’ἐδρανῆ
846 4145 1031 4218 μέτρῳ
1062 4146 1095 4216 ἢ
1134 4148 1383 4218 αἰσθήσει
1408 4147 1616 4213 λαϐεῖν,
1648 4152 1779 4205 ποτὲ

194 4233 255 4287 δὲ
298 4233 795 4304 τεθαυμαστῶσθαι
851 4235 948 4306 τὴν
1019 4238 1221 4304 γνῶσιν
1269 4236 1330 4303 ἐξ
1396 4239 1628 4303 ἑαυτοῦ,
1684 4242 1779 4295 καὶ

195 4325 299 4395 τῆς
363 4326 559 4392 ἑαυτοῦ
618 4326 932 4390 συστάσεως
1000 4327 1111 4400 (22)
1164 4328 1396 4397 λέγοντι,
1439 4332 1780 4403 κεκραταιῶ-

1798 3109 1845 3171 C

1879 2058 1986 2106 tem
2020 2049 2314 2105 informare
2352 2064 2660 2119 possumus.
2693 2048 2829 2102 Tum
2857 2062 2988 2102 vero
3015 2045 3311 2114 disputatio
3359 2060 3445 2110 ea,

1877 2158 1997 2214 qua:
2031 2143 2096 2197 de
2134 2141 2241 2197 Deo
2291 2140 2606 2210 suscipitur,
2641 2154 2748 2207 quo
2789 2137 3109 2207 perfectior,
3136 2151 3202 2191 eo
3228 2148 3445 2207 quoque

1878 2233 2282 2297 dillicilior.est,
2315 2231 2665 2303 pluribusque
2712 2227 3159 2298 obiectationibus
3194 2234 3359 2296 patet,
3389 2225 3445 2280 in

1877 2326 2050 2394 iisque
2080 2324 2346 2379 diluendis
2370 2338 2433 2378 ae
2455 2322 2810 2378 dissolvendis
2826 2320 2947 2391 plus
2976 2320 3172 2389 negotii
3197 2317 3441 2375 facessit.

1874 2416 2018 2473 Nihil
2046 2417 2188 2473 enim
2211 2425 2317 2470 tam
2336 2415 2469 2470 levis
2491 2414 2776 2485 exiguique
2803 2412 3055 2483 ponderis
3078 2411 3232 2467 nobis
3257 2411 3447 2466 adver-

1875 2507 1981 2564 sari
2008 2516 2201 2579 potest,
2226 2507 2365 2576 quod
2380 2520 2483 2560 non
2497 2504 2872 2575 disputationis
2890 2517 3107 2557 cursum
3142 2502 3440 2556 interrum--

1885 2608 1979 2672 pat
2039 2610 2201 2669 atque
2308 2597 2662 2667 comprimat,
2725 2593 3091 2663 impediatque
3150 2592 3441 2661 quominus

1873 2694 2013 2747 ultra
2063 2688 2490 2761 progrediamur.
2541 2686 2995 2755 Quemadmodum
3030 2684 3120 2754 qui
3171 2697 3338 2753 equos
3373 2681 3444 2736 ad

1874 2798 2089 2839 cursum
2141 2781 2391 2836 incitatos
2437 2786 2654 2847 repente
2695 2777 2847 2832 freno
2894 2774 3204 2838 retrahunt,
3228 2787 3292 2827 ac
3347 2786 3447 2841 per

1878 2873 2216 2945 inopinatam
2237 2881 2292 2927 et
2330 2871 2664 2940 repentinam
2719 2867 3087 2923 excussionem
3148 2874 3445 2920 retrorsum

1876 2975 2063 3037 agunt.
2120 2964 2214 3021 Sic
2261 2964 2513 3018 nimirum
2567 2960 2845 3025 Salomon,
2879 2959 2969 3029 qui
3017 2959 3284 3022 omnibus,
3319 2970 3443 3011 cum

1876 3072 2013 3121 suae,
2048 3065 2159 3111 tum
2193 3055 2489 3124 superioris
2514 3053 2787 3108 memoriae
2821 3049 3128 3106 hominibus
3164 3046 3443 3119 sapientiae

1878 3150 2037 3204 laude
2079 3145 2409 3217 praestitit",
2459 3154 2515 3201 et
2565 3144 2747 3201 cordis
2783 3142 3117 3198 latitudinem
3158 3139 3254 3195 Dei
3283 3138 3445 3194 bene-

1876 3240 2000 3296 flcio
2063 3239 2224 3310 512
2285 3238 2533 3308 accepit,
2596 3252 2661 3291 ac
2723 3243 2923 3289 tantam
2975 3230 3445 3302 contemplationis

1875 3334 2084 3405 e0piam
2109 3315 2167 3388 et
2195 3333 2498 3388 ubertatem
2516 3330 2584 3394 ⁸³,
2613 3337 2672 3385 ιιι
2700 3342 2876 3383 arenae
2906 3340 3187 3382 numerum
3212 3323 3446 3378 excede-

1875 3435 1979 3489 ret,
2018 3438 2124 3494 quo
2168 3423 2331 3478 altius
2378 3422 2432 3477 in
2480 3423 2580 3477 has
2608 3418 3002 3490 profunditates
3039 3422 3304 3486 penetrat,
3338 3414 3442 3467 hoc

1878 3513 2050 3583 magis
2077 3520 2290 3577 aestuat,
2325 3527 2388 3565 ac
2415 3512 2573 3565 linem
2605 3508 2888 3579 quemdam
2918 3505 3192 3576 sapientiae
3232 3502 3437 3559 consti-

1880 3604 2000 3669 tuit,
2036 3603 2287 3656 nimirum
2340 3603 2481 3671 quod
2532 3597 2847 3662 invenisset,
2905 3604 3164 3666 quantum
3210 3609 3273 3649 ea
3314 3609 3345 3648 a
3379 3608 3441 3649 se

1880 3694 2173 3766 fugeret”.
2203 3692 2485 3748 Consimili
2534 3704 2752 3762 quoque
2784 3687 2942 3743 modo
2971 3686 3190 3750 Paulus,
3223 3701 3331 3741 non
3358 3685 3439 3740 di-

1877 3801 1996 3841 cam
2025 3785 2119 3840 Dei
2149 3795 2420 3849 naturam,
2450 3785 2552 3838 hoc
2576 3783 2718 3838 enim
2745 3796 2965 3850 prorsus
2982 3794 3144 3849 supra
3173 3779 3440 3832 humanas

1877 3880 2021 3935 vires
2043 3893 2164 3934 esse
2192 3887 2533 3948 perspectum
2557 3874 2811 3941 habebat,
2851 3873 2943 3928 sed
2973 3871 3066 3927 Dei
3099 3868 3440 3937 solumjudi-

1878 3971 1959 4025 cia
1991 3970 2295 4040 cognitione
2328 3967 2540 4043 assequi
2564 3975 2811 4045 conatur.
2831 3957 3100 4031 Quoniam
3129 3971 3309 4016 autem
3341 3974 3442 4013 nee

1877 4050 2081 4116 exitum
2113 4060 2302 4124 ullum,
2334 4073 2434 4114 nec
2469 4044 3078 4135 quo'ascensuut‘figere
3105 4068 3168 4109 ac
3196 4050 3445 4108 stabilire

1878 4161 2082 4222 posset,
2119 4150 2445 4220 reperiebat,
2486 4163 2587 4204 nec
2625 4147 2914 4219 perspicuo
2946 4146 3055 4201 ullo
3095 4144 3202 4201 fine
3224 4142 3443 4199 curiosa

1878 4244 2050 4312 ipsius
2077 4243 2241 4297 animi
2263 4240 2622 4313 perscrutatiu
2670 4239 3043 4306 claudebatur,
3075 4234 3219 4307 quod
3249 4233 3443 4289 videli-

1879 4343 1971 4395 cet
1995 4333 2222 4393 subinde
2251 4346 2465 4402 semper
2490 4320 2693 4399 aliquid
2721 4328 2913 4399 reliqui
2935 4344 3056 4390 esse
3080 4329 3439 4399 perspiceret:

199 4416 327 4483 ᾳθαί
359 4436 421 4472 τε
470 4419 633 4474 πλέον
679 4418 714 4492 ἢ
747 4420 890 4474 κατὰ
903 4420 1003 4491 τὴν
1032 4421 1225 4475 ἑαυτοῦ
1249 4421 1474 4494 δύναμιν
1502 4425 1595 4477 καὶ
1617 4424 1774 4497 περί-

1887 4440 1914 4480 ο
1940 4440 2053 4480 rem
2080 4425 2272 4479 miram
2295 4438 2358 4479 ac
2387 4422 2733 4492 stupendam!
2773 4421 2854 4492 (ut
2870 4420 2985 4492 ipse
3013 4435 3226 4490 quoque
3254 4419 3444 4475 eodem

195 4509 404 4582 δραξιν.

1886 4515 2081 4571 atl'ectu
2130 4514 2495 4584 commovear)
2572 4512 2873 4568 orationem
2933 4511 3288 4568 admiratione
3337 4513 3447 4567 eir-

196 4601 537 4668 cumscrihit,
584 4603 743 4672 idque
768 4602 864 4659 Dei
892 4618 1020 4671 opes
1050 4620 1113 4660 ac
1149 4607 1471 4676 profundum
1499 4607 1820 4677 appellat,ac
1850 4609 1947 4663 Dei
1999 4607 2196 4676 judicia
2230 4605 2431 4662 nullius
2479 4605 2694 4676 ingenio
2734 4603 2937 4674 percipi
2970 4613 3024 4658 et
3060 4604 3442 4673 comprehendi

193 4709 361 4766 posse
418 4694 649 4765 ingenue
710 4695 989 4761 fatetur”,
1053 4698 1242 4755 iisdem
1302 4701 1684 4769 propemodum
1713 4701 1892 4757 verbis
1919 4715 2042 4755 cum
2074 4698 2274 4753 Davide
2298 4707 2476 4763 utens,
2499 4696 2590 4766 qui
2614 4710 2757 4753 nunc
2808 4694 3006 4763 judicia
3063 4694 3158 4749 Dei
3187 4695 3443 4766 abyssum

276 4784 327 4862 ξ’
355 4784 509 4840 Joan.
539 4802 651 4862 Evt.
693 4786 780 4842 12.
853 4787 898 4819 ⁸⁸
924 4785 1080 4843 Joan.
1112 4805 1223 4854 χχι,
1247 4790 1337 4845 25.
1419 4791 1465 4825 ⁸³
1494 4788 1557 4845 ΙΙΙ
1590 4791 1721 4862 Reg.
1762 4806 1847 4855 ιιι,
1894 4790 1975 4845 12.

195 4854 242 4892 ⁸⁸
263 4854 419 4907 lion).
450 4871 524 4920 χι,
550 4857 640 4910 55.

271 4947 386 5019 (Μ)
438 4949 553 5015 Ὡς.
590 4949 722 5020 Reg.
755 4948 939 5022 Cypr.,
969 4949 1119 5011 ἴσως.
1146 4947 1284 5019 Reg.
1318 4948 1430 5014 bm,
1459 4947 1626 5003 Coisl.
1652 4948 1678 5001 1
1726 4957 1781 5003 et

195 5015 292 5074 0r.
321 5017 371 5074 1,
403 5018 565 5074 ἅπερ.

273 5037 752 5185 ζὼαὲῑῗᾶπερ.
804 5088 992 5145 Plures
1039 5086 1209 5164 Regg.
1252 5096 1308 5142 et
1355 5086 1543 5154 Colb.,
1597 5088 1693 5141 καὶ
1740 5087 1778 5142 ἃ.

241 5174 363 5224 nos.

202 5174 387 5300 gflagiti)
430 5228 544 5300 Τὸν
579 5229 829 5299 κόσμον.
863 5228 977 5283 Duo
1017 5228 1207 5298 Regg.,
1236 5236 1349 5282 tres
1389 5225 1540 5300 Colh.
1577 5236 1631 5282 et
1675 5227 1769 5300 Or.

202 5297 258 5361 1,
286 5297 381 5351 τὸν
413 5299 565 5352 κάτω
608 5297 836 5370 κόσμον.
882 5300 974 5354 Sic
1028 5297 1158 5368 legit
1207 5301 1398 5363 Leuv.,
1428 5298 1519 5368 qui
1572 5299 1768 5367 vertit,

207 5385 226 5418 ι
257 5370 513 5420 ιηιιιιιΙιιιιι
549 5371 689 5425 hunc
717 5369 964 5425 inferum.
987 5388 1006 5421 ι

301 5437 390 5505 17)
430 5439 790 5509 Πρόδρομος.
843 5438 1033 5493 Mirum
1083 5437 1251 5494 videri
1290 5445 1469 5509 potest
1506 5436 1771 5493 Joannem

204 5505 625 5588 Ev-arigelistam,
655 5505 825 5588 :Verbi
863 5524 1252 5588 praecursorem
1292 5505 1324 5562 ξι
1347 5506 1630 5588 _Gregorio
1674 5525 1771 5579 ap-

206 5575 421 5646 pellari.
467 5578 608 5632 Elias
658 5580 828 5644 hanc,
863 5575 1020 5634 'inter
1076 5579 1241 5638 alias.
1308 5575 1770 5644 aﬂ‘ert'causam,

2076 4789 2123 4823 ⁸³
2151 4788 2196 4842 ιι
2227 4788 2348 4843 Par.
2378 4802 2417 4853 ι,
2450 4786 2536 4843 12.
2612 4784 2659 4825 ⁸⁵
2708 4784 2882 4840 Eccle.
2911 4799 3010 4852 vn,
3038 4784 3139 4845 24:
3188 4799 3303 4850 vm,
3353 4783 3440 4839 17.

1884 4962 2116 5013 errasse,
2144 4948 2284 5016 quod
2311 4961 2432 5001 eum
2464 4947 2625 5005 Verbi
2671 4964 3079 5015 praecursorem,
3104 4956 3159 5012 et
3186 4948 3442 5005 Veritatis

1882 5033 2068 5072 vocem
2100 5018 2347 5085 appellet,
2384 5034 2541 5084 quem
2574 5021 2790 5084 tonitrui
2825 5021 3001 5087 potius
3035 5019 3203 5071 ﬁlium
3248 5035 3445 5075 vocare

1877 5087 2182 5142 debuerat.»
2214 5088 2372 5140 Addit
2401 5090 2559 5141 etiam
2591 5089 2661 5142 ita
2691 5086 2923 5142 sensisse
2956 5086 3264 5142 Maximum.

1950 5157 2061 5227 (18)
2100 5158 2211 5210 Καὶ
2248 5156 2371 5222 τοῖς
2411 5157 2669 5225 νοητοῖς,
2711 5171 2815 5213 etc.
2853 5157 3037 5211 Billius
3076 5174 3089 5209 :
3131 5174 3150 5207 ι
3179 5172 3244 5211 ac
3282 5157 3445 5223 rebus

1880 5225 2276 5281 intellectilibus
2330 5229 2565 5281 animum
2620 5234 2723 5282 dna
2777 5244 2899 5282 cum
2959 5227 3205 5282 sensibus
3252 5228 3443 5283 admo-

1871 5299 2065 5351 ventis.
2088 5317 2107 5348 ρ

1945 5367 2057 5503 (l9)
2096 5365 2381 5438 Σολομὼν
2366 5364 2518 5489 Lgner
2542 5369 2593 5419 ὀ.
2621 5364 2830 5431 Comh.,
2855 5364 3106 5437 Σολομὼν
3130 5369 3177 5439 ὁ..

1966 5437 2058 5503 20)
2101 5437 2282 5490 Ὅσον
2326 5435 2363 5488 δ
2416 5452 2628 5503 φυγεν.
2661 5435 2873 5491 Billius:
2910 5453 2929 5485 ι
2958 5449 3177 5503 quatitur

1966 5435 2058 5506 20)
2101 5435 2297 5490 Ὅσον-⁷
2326 5435 2628 5507 διέφυγεν.
2661 5435 2873 5491 Billius:
2910 5453 2929 5485 ι
2958 5435 3219 5508 quantum
3244 5454 3306 5492 ea
3330 5453 3360 5495 a
3383 5454 3443 5495 se

1873 5502 2104 5570 eﬂ‘ugiet.
2126 5524 2144 5556 ι

1947 5575 2058 5647 (21)
2102 5574 2256 5647 Οὐδὲ
2283 5575 2386 5647 ,εἵς
2416 5593 2494 5641 τι,
2523 5586 2655 5636 etc..
2690 5594 2711 5627 ι
2750 5590 2847 5631 nec
2894 5574 3055 5647 ullam
3099 5577 3439 5646 perspicuam

209 5645 424 5717 itenlpe,
454 5665 474 5699 ι
500 5649 642 5715 quod
674 5659 728 5704 et
752 5649 1016 5717 interpres
1045 5649 1204 5703 fuerit
1225 5648 1481 5703 doctrinae
1508 5648 1573 5703 de
1608 5648 1768 5702 Deo.)
1876 5645 2100 5717 curiam
2131 5645 2296 5717 animi
2329 5647 2773 5717 perscrutationis
2804 5656 2998 5717 metam
3038 5645 3332 5713 habebatq

209 5715 399 5785 Billius
438 5732 565 5780 vero
594 5728 741 5800 putat
772 5715 1087 5799 Gregorium
1136 5718 1222 5783 hic
1264 5720 1584 5779 «memoria:
1621 5719 1773 5802 lapsu

1949 5714 2060 5788 (22)
2098 5714 2473 5783 Συστάσεως.
2504 5715 2723 5783 Billius;
2761 5735 2777 5768 ι
2801 5716 3131 5780 creatione;
