3890 6214
245 296 316 352 57
1235 300 1500 359 ORATIO
1538 301 1780 361 XXVIII.
1815 336 1887 347 —-
1924 303 2372 360 TllEOlﬂGlCA
2410 303 2480 359 II.
3429 297 3502 357 58

242 413 325 486 τῷ
349 411 655 485 βούλεσθαι.
708 414 804 469 καὶ
839 413 974 486 ὁμοῦ
1000 416 1354 489 κινουμένης,
1403 420 1499 473 καὶ
1525 421 1689 474 ταυτδ
1713 421 1805 491 (52

1926 420 2366 491 distinguantur,
2413 414 2724 488 praecellant
2771 424 2826 469 et
2880 412 3145 482 dignitate
3216 409 3501 467 inferiores

243 505 326 577 τῷ
358 505 439 559 νοῒ
466 505 803 578 πασχούσης.
834 508 990 561 Μετὰ
1011 509 1121 581 γὰρ
1161 509 1257 564 τοῦ
1285 511 1402 565 ἴσου
1432 512 1654 583 τάχους,
1683 516 1826 568 ἐκεῖ-

243 598 336 661 νός
368 615 428 650 τε
456 598 710 669 μίγνυται
732 602 845 664 τοῖς
893 601 1226 672 νοουμένοις,
1254 603 1350 656 καὶ
1377 603 1519 673 αὕτη
1547 608 1659 669 τοῖς
1681 607 1823 678 ὀρω-

249 690 455 761 μένοις.
489 690 668 744 Πολλὰ
697 691 827 763 περὶ
864 691 971 745 τῶν
1000 692 1176 747 ἄλλων
1204 695 1530 767 αἰσθήσεων,
1562 696 1618 751 αἳ
1648 714 1826 768 παρα-

238 781 399 852 ηδοχαι
419 782 562 845 τινές
594 783 700 835 εἱσι
742 782 851 835 τῶν
892 782 1114 849 ἔξωθεν,
1168 784 1311 858 λόγῳ
1341 787 1451 858 (55)
1481 786 1557 859 μὴ
1587 787 1826 860 θεωρού-

246 889 432 942 μεναι.
476 871 651 926 Πολλὰ
683 872 812 945 περὶ
844 873 945 943 τῆς
1000 875 1058 927 ὲν
1086 873 1275 939 ὕπνοις
1310 876 1694 942 ἀναπαύσεως,
1727 879 1823 932 καὶ

241 963 344 1033 τῆς
376 962 443 1016 δι’
470 963 762 1033 ὀνειράτων
815 962 1189 1030 ἀναπλάσεως,
1232 967 1450 1037 μνήμης
1480 983 1541 1019 τε
1567 968 1663 1019 καὶ
1695 968 1826 1021 ἀνα-

245 1055 517 1125 μνήσεως,
543 1052 803 1124 λογισμοῦ
846 1071 905 1107 τε
930 1055 1026 1107 καὶ
1050 1052 1245 1127 θυμοῦ,
1289 1057 1383 1110 καὶ
1412 1058 1671 1127 ἐφέσεως,
1728 1059 1824 1111 καὶ

245 1145 527 1216 συντόμως
548 1148 741 1212 εἰπεῖν,
774 1146 919 1211 ὅσοις
937 1148 966 1201 6
988 1148 1183 1220 μικρὸς
1197 1143 1349 1214 οὗτος
1377 1150 1580 1221 κόσμος
1607 1153 1828 1205 διοικεῖ-

236 1249 355 1298 ται,
378 1237 406 1288 6
432 1236 735 1307 ἄνθρωπος.

1927 514 2059 576 sint,
2096 514 2352 567 uniantur
2378 521 2433 564 et
2460 508 2859 573 distrahantur,
2885 505 3196 559 contineant
3239 512 3292 558 et
3318 504 3498 558 conti-

1927 613 2176 663 neantur.
2204 603 2366 658 Multa
2388 604 2551 657 etiam
2572 601 2637 655 de
2662 598 2886 654 vocibus
2906 606 2961 652 et
2985 597 3169 652 auditu
3199 614 3215 651 :
3246 594 3499 649 nimirum

1927 699 2199 767 quomodo
2239 697 2342 752 illa:
2382 711 2480 766 per
2519 693 2722 748 vocalia
2766 693 3123 758 instrumenta
3162 689 3499 755 deferantur,

1928 790 2017 843 hic
2055 804 2186 843 vero
2237 802 2331 842 eas
2366 787 2623 855 excipiat,
2656 800 2720 839 ac
2748 799 2843 853 per
2873 784 3178 840 intermedii
3213 784 3356 838 aeris
3384 796 3502 851 pcr-

1925 882 2233 937 cussionem
2265 891 2428 950 atque
2462 877 2873 948 impressionem
2915 876 3054 930 inter
3083 891 3143 930 se
3179 874 3498 945 jnngantur.

1930 972 2097 1026 Multa
2138 975 2264 1026 item
2299 972 2365 1025 de
2398 970 2591 1031 oculis,
2633 969 2723 1037 qui
2776 963 2936 1022 modo
2960 968 3196 1035 quodam
3238 963 3498 1020 ineffabili

1931 1080 2053 1120 cum
2084 1065 2151 1120 iis
2180 1066 2356 1129 rebus,
2377 1077 2512 1132 quas
2535 1062 2827 1125 cernimus,
2859 1060 3239 1115 commercium
3276 1057 3497 1118 habent,

1932 1170 1997 1209 ac
2028 1155 2141 1209 sola
2184 1154 2481 1215 voluntate,
2525 1149 2685 1205 simul
2726 1150 2890 1205 etiam
2949 1165 3070 1205 cum
3103 1165 3164 1204 ea
3195 1156 3498 1204 moventur.

1934 1245 2232 1313 eodemque
2277 1245 2437 1299 modo
2475 1258 2596 1298 cum
2620 1251 2799 1296 mente
2837 1241 3168 1296 alliciuntur.
3202 1239 3322 1294 Pari
3351 1237 3497 1291 enim

240 1326 539 1395 celeritate,
559 1337 614 1385 et
641 1328 757 1385 haec
787 1328 1215 1398 intellectilibus,
1245 1340 1301 1386 et
1326 1331 1400 1386 illi
1426 1330 1726 1387 visibilihus
1749 1333 1909 1389 rebus
1931 1333 2254 1404 junguntur.
2288 1334 2451 1390 Multa
2478 1342 2742 1404 praeterea
2771 1332 2839 1386 de
2854 1331 3076 1402 reliquis
3104 1328 3376 1390 sensibus.
3404 1331 3496 1398 qui

239 1417 394 1473 velut
424 1419 773 1476 admittendis
792 1422 1034 1477 externis
1067 1424 1227 1478 rebus
1256 1424 1514 1479 destinati
1535 1434 1680 1492 sunt,
1713 1440 1813 1482 nec
1842 1428 2051 1483 ratione
2082 1428 2472 1498 percipiuntur.
2492 1426 2654 1481 Multa
2681 1425 2910 1494 denique
2936 1425 3001 1479 de
3021 1438 3107 1489 ea,
3137 1422 3319 1493 quain
3347 1435 3498 1476 som-

243 1508 335 1565 nis
373 1510 627 1578 fruimur,
661 1513 846 1583 quiete
869 1521 1034 1584 atque
1067 1515 1458 1570 insomniorum
1488 1517 1778 1586 figmentis,
1810 1519 1877 1574 de
1900 1521 2161 1575 memoria
2189 1528 2244 1575 et
2272 1518 2701 1584 reminiscentia,
2736 1517 2802 1571 de
2842 1515 3075 1578 ratione,
3103 1523 3159 1569 et
3189 1514 3292 1579 ira,
3323 1521 3376 1575 et
3400 1527 3496 1566 cu-

238 1603 493 1672 piditate.
527 1605 881 1675 reliquisque,
940 1616 997 1661 ut
1049 1623 1156 1662 uno
1185 1607 1353 1661 verbo
1404 1609 1753 1677 complectar,
1788 1610 1987 1680 quibus
2036 1626 2234 1678 parvus
2286 1611 2375 1665 hic
2406 1609 2659 1675 mundus,
2696 1606 2748 1662 id
2787 1615 2891 1673 est,
2921 1607 3104 1669 homo,
3135 1605 3491 1676 gubernatur.

310 1693 439 1747 ΚΡ.
474 1693 663 1748 Βούλει
693 1712 775 1749 σοι
808 1698 903 1750 καὶ
930 1697 1030 1762 τὰς
1066 1698 1175 1751 τῶν
1222 1698 1397 1753 ἄλλων
1442 1698 1597 1763 ζώων
1629 1700 1805 1771 διαφο-

1987 1699 2179 1758 XXIII.
2216 1699 2383 1757 Visne
2412 1701 2640 1756 aliorum
2671 1714 2888 1770 quoque
2918 1697 3274 1753 animantium
3301 1696 3496 1753 discri-

241 1781 345 1853 ρὰς
378 1782 489 1854 (54)
516 1784 655 1855 πρός
690 1802 750 1838 τε
783 1788 933 1857 ἡμᾶς
967 1786 1064 1841 καὶ
1115 1787 1253 1859 πρὸς
1285 1787 1509 1861 ἄλληλα,
1535 1789 1726 1858 φύσεις
1752 1807 1812 1844 τε

238 1873 337 1926 καὶ
374 1873 641 1941 γενέσεις,
677 1875 773 1929 καὶ
804 1876 1135 1948 ἀνατροφὰς,
1170 1879 1265 1932 καὶ
1310 1877 1515 1951 χώρας.
1549 1879 1644 1933 καὶ
1680 1879 1810 1953 ἢθη,

237 1964 335 2020 καὶ
371 1961 483 2018 οἷον
515 1965 792 2031 πολιτείας
834 1968 1371 2041 καταριθμήσωμαι;
1421 1970 1546 2035 Πῶς
1594 1970 1665 2025 τὰ
1711 1970 1813 2043 μὲν

234 2054 486 2123 ἀγελαῖα,
543 2057 613 2112 τὰ
661 2057 719 2111 δὲ
753 2059 1050 2129 μοναδικά;
1096 2059 1164 2113 τὰ
1209 2060 1308 2131 μὲν
1352 2061 1633 2132 ποηφάγα,
1662 2060 1732 2115 τά
1756 2061 1814 2116 δὲ

237 2146 583 2219 σαρκοϐόρας
612 2148 681 2202 τὰ
718 2148 818 2219 μὲν
850 2149 1131 2221 θυμοειδῆ,
1172 2150 1242 2205 τὰ
1270 2152 1329 2206 δὲ
1360 2153 1583 2224 ἥμερα;
1612 2152 1679 2207 τὰ
1712 2152 1813 2223 μὲν

234 2235 594 2309 φιλάνθρωπα
621 2239 716 2293 καὶ
742 2239 1035 2311 σύντροφα,
1061 2241 1129 2296 τὰ
1153 2241 1211 2295 δὲ
1241 2242 1507 2296 ἀτιθασσα
1543 2243 1637 2298 καὶ
1657 2243 1812 2297 ἐλεύ-

233 2328 402 2401 θερα;
435 2330 618 2384 καὶτὰ
645 2331 743 2401 μὲν
780 2326 893 2386 οἷον
926 2331 1200 2406 ὲγγύτερα
1233 2334 1392 2403 λόγου
1422 2351 1483 2388 τε
1517 2334 1609 2389 καὶ
1639 2333 1813 2407 μαθή-

236 2436 395 2485 σεως,
420 2419 488 2475 τὰ
525 2421 582 2475 δὲ
616 2422 894 2487 παντελῶς
921 2423 1091 2493 ἄλογα
1131 2426 1227 2479 καὶ
1265 2425 1620 2497 ἀμαθέστατα
1648 2426 1761 2497 (55)
1789 2442 1804 2492 ;

225 2509 304 2567 ,τὰ
338 2510 439 2581 μὲν
479 2510 737 2565 πλειόνων
784 2512 1111 2585 αἰσθήσεων,
1149 2516 1220 2569 τὰ
1255 2516 1314 2569 δὲ
1373 2517 1698 2581 ὲλαττόνωνς
1740 2516 1811 2570 τὰ

234 2602 339 2672 μὲν
361 2603 615 2674 ἀκίνητα,
650 2604 721 2659 τὰ
756 2605 813 2659 δὲ
857 2606 1236 2677 μεταϐατικά;
1275 2608 1343 2662 τὰ
1380 2610 1478 2679 μὲν
1508 2609 1806 2681 ταχύτατα,

232 2694 303 2746 τὰ
332 2694 390 2747 δὲ
418 2696 707 2766 παχύτατα
735 2697 845 2769 (56)
868 2715 884 2765 ;
912 2698 982 2753 τὰ
1018 2699 1118 2771 μὲν
1147 2701 1552 2772 ύπερόἀλλοντα
1589 2702 1809 2773 μεγέθει

231 2783 329 2837 καὶ
356 2785 540 2840 κάλλει
567 2786 600 2858 ἢ
638 2787 717 2859 τῷ
756 2788 929 2860 ἑτέρῳ
957 2792 1193 2857 τούτων,
1232 2790 1302 2845 τὰ
1332 2791 1388 2844 δὲ
1433 2791 1742 2864 βραχύτατα
1774 2792 1807 2865 ἧ

1913 1794 2081 1860 mina,
2107 1794 2324 1863 quibus,
2366 1801 2479 1848 tum
2504 1807 2535 1846 a
2562 1791 2739 1854 nobis,
2774 1801 2888 1844 tum
2916 1789 3058 1843 inter
3105 1802 3165 1843 se
3208 1784 3486 1853 diﬂerunt,

1913 1894 2132 1940 naturas
2166 1885 2328 1940 etiam
2360 1892 2414 1939 et
2433 1891 2608 1947 ortns,
2633 1891 2686 1937 et
2717 1881 3090 1945 educationes,
3128 1886 3183 1933 et
3210 1878 3477 1948 regiones,

1911 1983 1966 2029 et
1996 1989 2196 2039 mores,
2227 1988 2293 2029 ac
2320 1972 2469 2028 velut
2497 1973 2551 2028 in
2583 1971 2857 2041 republica
2885 1970 3010 2026 vita:
3037 1969 3213 2024 cilicia
3262 1981 3488 2023 enume-

1911 2066 2068 2121 rem?
2093 2065 2343 2134 Quonam
2370 2068 2533 2121 modo
2566 2064 2671 2119 alia
2701 2065 2969 2120 societate
2999 2062 3358 2121 delectantur,
3380 2058 3488 2114 alia

1910 2156 2146 2225 solivaga
2172 2156 2337 2211 sunt?
2369 2156 2486 2211 Alia
2521 2156 2729 2220 herbis,
2762 2153 2869 2216 alia
2928 2152 3188 2208 carnibus
3237 2149 3488 2205 nutriun-

1912 2248 2039 2303 tur?
2062 2247 2179 2301 Alia
2205 2262 2345 2303 saeva
2370 2256 2427 2303 et
2460 2246 2765 2301 truculenta
2803 2251 2953 2311 sunt,
3008 2242 3115 2297 alia
3163 2249 3442 2295 mansueta
3466 2239 3488 2294 2

1909 2339 2027 2393 Alia
2080 2353 2202 2393 cum
2248 2337 2563 2394 hominibus
2607 2337 2812 2392 versari
2849 2345 3013 2404 atque
3040 2332 3113 2388 ali
3151 2331 3345 2396 solent,
3383 2329 3487 2385 alia

1910 2427 2168 2483 indomita
2199 2436 2254 2483 et
2279 2427 2450 2483 libera
2480 2426 2649 2482 sunt?
2675 2426 2794 2480 Alia
2822 2426 2889 2480 ad
2942 2425 3206 2478 rationem
3242 2430 3298 2477 et
3323 2420 3487 2477 disci-

1909 2517 2110 2586 plinam
2159 2514 2324 2588 514
2352 2518 2573 2586 propius
2627 2516 2911 2578 accedunt,
2968 2513 3071 2568 alia
3117 2527 3147 2565 a
3199 2510 3406 2566 ratione
3433 2517 3489 2567 et

1910 2607 2194 2677 disciplina
2223 2622 2447 2677 prorsus
2489 2606 2831 2661 abhorrent?
2858 2605 2977 2661 Alia
3014 2602 3258 2673 pluribus
3304 2603 3484 2658 sensi-

1910 2698 2033 2764 bns,
2072 2699 2179 2752 alia
2213 2698 2558 2766 paucioribus
2604 2698 2826 2768 praedita
2860 2695 3019 2751 sunt?
3061 2695 3177 2749 Alia
3210 2703 3358 2749 motu
3390 2709 3484 2749 ca-

1908 2798 2054 2856 rent,
2095 2789 2200 2843 alia
2235 2789 2512 2859 gradiendi
2543 2786 2861 2843 facultatem
2891 2785 3127 2842 habent?
3173 2784 3289 2840 Alia
3315 2784 3486 2841 celer-

229 2878 669 2953 δυσειδέσταταῆ
701 2883 798 2937 καὶ
826 2884 1140 2955 ἀμφότερας
1170 2885 1240 2937 τά
1270 2883 1368 2954 μὲν
1400 2883 1626 2954 ἄλκιμα,
1658 2883 1728 2936 τὰ
1752 2883 1805 2937 δὲ

1918 2883 2075 2944 rima,
2125 2880 2232 2935 alia
2280 2881 2588 2936 tardissima
2639 2879 2804 2935 sunt?
2835 2878 2952 2933 Alia
3003 2877 3393 2945 magnitudine,
3429 2887 3485 2932 et

230 2969 473 3041 ἀσθενῆς
505 2971 573 3025 τὰ
619 2972 719 3042 μὲν
758 2972 1053 3043 ἀμυντικὰ,
1087 2972 1156 3026 τὰ
1196 2972 1254 3026 δὲ
1287 2970 1507 3026 ὕποπτα
1550 2973 1644 3026 καὶ
1690 2971 1805 3027 ὲπί-

1918 2972 2342 3042 pulchritudine,
2378 2982 2469 3026 aut
2499 2972 2762 3026 alterutro
2808 2971 3002 3025 borum
3035 2969 3339 3033 excellunt,
3377 2966 3480 3021 alia

229 3060 399 3116 σουλα
420 3080 435 3125 ;
459 3062 528 3118 τὰ
559 3064 658 3136 μὲν
686 3064 934 3135 φυλακτὰ
956 3064 1090 3136 (57),
1110 3063 1178 3118 τὰ
1203 3064 1258 3118 δὲ
1282 3064 1568 3135 ἀφύλακτα
1588 3064 1686 3131 ne
1708 3064 1805 3135 μὲν

1918 3071 2096 3115 autem
2134 3059 2428 3130 perexigua
2458 3069 2606 3125 sunt,
2637 3069 2725 3114 aut
2762 3058 3294 3122 deformissima,ant
3318 3058 3482 3111 etiam

228 3152 463 3224 φιλεργά
491 3156 584 3209 καὶ
619 3155 957 3228 οἰκονομικὰ,
980 3155 1048 3209 τὰ
1073 3156 1129 3209 δὲ
1150 3156 1496 3210 παντάπασιν
1527 3155 1673 3226 ἀργὰ
1706 3154 1803 3208 καὶ

1918 3164 2147 3222 utroque
2172 3156 2302 3211 vitio
2326 3154 2621 3210 laborant?
2647 3154 2765 3207 Alia
2800 3162 3023 3208 strenua
3063 3160 3216 3215 sunt,
3241 3150 3347 3205 alia
3382 3150 3485 3204 im-

228 3243 579 3313 ἀπρονόητα;
614 3245 725 3298 Καὶ
754 3244 834 3298 ἔτι
878 3245 984 3317 πρὸ
1010 3244 1236 3308 τούτων,
1263 3244 1380 3309 πῶς
1410 3243 1478 3298 τὰ
1509 3244 1607 3314 μὲν
1632 3245 1805 3315 ἑρπυ-

1918 3247 2152 3301 becilla?
2184 3246 2302 3301 Alia
2330 3246 2587 3314 Injuriam
2634 3252 2825 3314 aperto
2883 3244 3085 3311 impetu
3137 3241 3475 3311 propulsant,

228 3333 392 3386 στικὰ
417 3334 552 3398 (58),
594 3334 665 3389 τὰ
701 3335 759 3388 δὲ
801 3335 993 3408 ὅρθιας
1038 3336 1109 3390 τὰ
1153 3337 1251 3408 μὲν
1294 3335 1602 3407 φιλόχωρα,
1641 3334 1709 3388 τὰ
1747 3333 1804 3388 δὲ

1918 3336 2015 3391 alia
2061 3349 2311 3409 suspecta
2352 3348 2407 3393 et
2455 3336 2713 3392 insidiosa
2764 3336 2927 3390 sunt?
2971 3335 3089 3390 Alia
3142 3344 3323 3395 cauta,
3374 3332 3481 3389 alia

225 3423 493 3493 ἀμφῑδιας
516 3424 587 3478 τὰ
612 3425 711 3496 μὲν
737 3425 1024 3495 φιλόκαλα,
1053 3426 1123 3481 τὰ
1164 3426 1221 3480 δὲ
1247 3425 1639 3481 ἀκαλλώπιστα
1663 3441 1679 3488 ;
1707 3441 1805 3478 συ-

1918 3431 2161 3488 incauta?
2192 3430 2309 3485 Alia
2350 3429 2627 3483 industria;
2679 3428 2869 3497 reique
2919 3425 3205 3481 familiaris
3246 3424 3481 3480 admini-

224 3512 367 3586 ζυγή
399 3533 460 3569 τε
490 3518 583 3571 καὶ
614 3516 822 3590 ἀζυγῆ;
855 3518 1110 3591 σώφρονά
1136 3536 1197 3573 τε
1236 3519 1330 3573 καὶ
1359 3518 1668 3580 ἀκόλαστας
1706 3534 1805 3570 πο-

1918 3522 2115 3579 strandi
2139 3521 2295 3576 laude
2321 3518 2537 3582 ﬂorent,
2578 3518 2685 3573 alia
2739 3534 2961 3587 prorsus
3016 3516 3210 3572 inertia
3260 3526 3387 3570 sunt
3427 3525 3483 3571 et

220 3608 430 3677 λύγονά
463 3624 523 3661 τε
569 3609 665 3663 καὶ
709 3610 769 3663 ού
813 3608 1118 3679 πολύγονα;
1170 3610 1441 3681 μακρόϐιά
1483 3626 1543 3663 τε
1574 3609 1669 3663 καὶ
1698 3608 1805 3661 ὀλμ

1918 3611 2248 3682 improvida?
2280 3610 2540 3680 Quodque
2587 3610 2736 3680 prius
2785 3609 3069 3665 dicendum
3105 3618 3244 3671 erat,
3276 3608 3367 3677 qui
3398 3608 3478 3672 lit,

220 3699 417 3766 γόὸιας
476 3698 691 3771 Κάμνοι
745 3698 814 3755 ἂν
856 3701 990 3772 ἡμῖν
1035 3703 1064 3755 6
1106 3700 1267 3771 λόγος
1302 3703 1418 3765 τοῖς
1456 3699 1598 3754 κατά
1641 3700 1805 3772 μέρος

1918 3715 1972 3758 ιιι
2001 3702 2106 3757 alia
2134 3703 2282 3758 humi
2320 3710 2564 3772 serpant,
2603 3700 2707 3755 alia
2746 3714 2973 3769 corpore
3000 3707 3147 3754 recto
3176 3697 3325 3753 sint?
3362 3698 3481 3753 Alia

222 3789 478 3858 ἐπεξιών.
1909 3802 2057 3848 certa
2095 3793 2226 3848 sede
2265 3794 2633 3862 acquiescant,
2666 3791 2771 3846 alia
2816 3792 2872 3845 in
2925 3801 3154 3858 utroque
3214 3788 3482 3845 elemento

222 3884 460 3954 degant?
499 3884 617 3939 Alia
664 3883 948 3956 elegantia;
976 3885 1216 3940 studiosa
1269 3884 1396 3951 sint,
1436 3884 1541 3940 alia
1584 3885 1786 3939 cnltmn
1826 3898 2041 3939 omnem
2080 3886 2373 3954 respuant?
2430 3885 2549 3939 Alia
2620 3884 2905 3954 conjugata
2942 3883 3071 3943 sint,
3109 3880 3214 3933 alia
3250 3896 3280 3934 a
3329 3895 3467 3934 con-

216 3974 369 4046 ingio
408 3976 776 4031 abhorreant?
800 3976 917 4030 Alia
953 3977 1147 4047 pudica
1205 3977 1334 4041 sint,
1400 3977 1504 4031 alia
1571 3975 1779 4030 libidini
1847 3975 2066 4031 dedita?
2094 3976 2210 4030 Alia
2253 3974 2660 4039 fecundissima,
2692 3973 2796 4027 alia
2823 3987 3013 4043 parum
3050 3972 3330 4040 fecunda?
3359 3970 3480 4026 Alia

221 4063 488 4119 diuturnae
522 4065 663 4130 vitae,
712 4064 816 4119 alia
869 4065 1083 4121 brevis?
1114 4064 1337 4120 Deficiet
1384 4082 1470 4121 tne
1500 4082 1701 4129 sermo,
1740 4063 1785 4118 si
1827 4063 2101 4134 sigillatim
2129 4066 2310 4120 omnia
2337 4063 2588 4135 persequi
2613 4073 2839 4117 tentem.

290 4160 419 4214 ΚΝ.
451 4158 656 4230 Σκέψαι
696 4177 785 4231 μοι
818 4160 916 4213 xui.
959 4161 1163 4233 νηκτὴν
1221 4161 1383 4231 φύσιν
1428 4162 1537 4217 τῶν
1587 4162 1793 4217 ὑδάτων

1969 4158 2160 4219 XXIV.
2196 4159 2311 4231 Age
2346 4160 2576 4230 piscimn
2612 4174 2829 4230 quoque
2857 4167 3108 4213 naturam
3141 4158 3271 4214 mihi
3303 4157 3481 4215 consi-

219 4250 700 4319 διολισθαίνουσαν,
726 4252 821 4305 καὶ
848 4250 959 4306 οἷον
994 4252 1302 4326 ἱπταμένην
1334 4254 1476 4308 κατά
1500 4254 1600 4326 τῆς
1628 4255 1801 4326 ὑγρᾶς

221 4342 458 4414 φύσεως,
486 4342 582 4396 καὶ
618 4341 713 4397 τοῦ
760 4343 858 4415 μὲν
896 4342 1028 4397 ἰδίου
1056 4321 1299 4398 ’σπῶσαν
1344 4345 1526 4416 ἀέρος,
1556 4321 1636 4415 τῷ
1666 4321 1804 4416 ἡμε-

216 4434 364 4506 τέρῳ
380 4435 438 4488 δὲ
465 4433 897 4500 κινδυνεύουσαν,
923 4435 1113 4508 ὥσπερ
1140 4438 1236 4491 καὶ
1272 4439 1431 4509 ἡμεῖς
1456 4440 1515 4492 ὲν
1535 4442 1647 4503 τοῖς
1675 4438 1803 4493 ὕδα-

218 4541 340 4582 σενο
374 4524 477 4597 ἤθη
520 4541 581 4578 τε
614 4525 709 4579 καὶ
755 4525 902 4598 πάθη
924 4564 940 4589 ,
975 4527 1069 4580 καὶ
1114 4525 1308 4598 μίξεις,
1351 4528 1447 4581 καὶ
1484 4530 1668 4597 γονὰς,
1703 4530 1798 4585 καὶ⁹

219 4616 450 4689 μεγέθη,
486 4616 582 4672 καὶ
616 4617 809 4690 κάλλη,
831 4617 1159 4690 φιλοχωρίας
1189 4635 1248 4671 τε
1287 4619 1381 4672 καὶ
1408 4619 1634 4683 πλάνας,
1669 4637 1797 4674 συν-

214 4707 371 4770 όδους
414 4723 476 4760 τε
524 4706 619 4761 καὶ
670 4707 1087 4779 ἀποχωρήσεις,
1130 4706 1226 4761 κα)⁴
1276 4707 1542 4778 ἰδιότητας
1600 4704 1793 4779 μικροῦ

211 4801 330 4864 τοῖς
365 4798 633 4867 ἐπιγείοις
667 4797 1079 4870 παραπλησίας,
1111 4798 1226 4852 ἐστι
1267 4798 1326 4853 δὲ
1370 4793 1444 4853 ὧν
1483 4799 1577 4854 καὶ
1602 4800 1793 4854 κοινώ-

214 4890 360 4956 νίας,
393 4891 489 4944 καὶ
509 4889 777 4962 ἰδιότητας
798 4888 1132 4955 ἀντιθέτους,
1168 4889 1226 4943 έν
1261 4907 1322 4943 τε
1359 4890 1523 4944 εἴδεσι
1549 4891 1645 4944 καὶ
1671 4891 1793 4945 ὀνό-

259 5045 402 5132 .(52)
444 5046 649 5102 Ταυτό.
683 5044 815 5117 Reg.
859 5045 977 5113 bm,
1014 5044 1122 5102 duo
1148 5043 1298 5102 Colb.
1338 5056 1395 5102 et
1439 5045 1532 5101 0r.
1565 5046 1618 5112 1,
1656 5063 1789 5100 ταυ-

211 5134 331 5175 τον.

287 5186 401 5257 (55)
444 5184 569 5257 Τῶν
610 5185 854 5257 ἔξωθεν,
887 5186 1070 5257 λόγῳ,
1118 5195 1225 5241 etc.
1267 5185 1399 5256 Reg.
1442 5184 1632 5257 (ἔγρῃ,
1678 5184 1790 5239 τῶν

212 5256 422 5323 ἔξωθεν
469 5256 664 5327 λόγων.
714 5274 733 5308 ι
761 5256 1123 5327 Veralectio,
1154 5257 1395 5327 rginquit
1446 5256 1637 5327 Comb.
1685 5272 1790 5325 qua

211 5328 474 5395 admissa,
505 5325 586 5384 sic
614 5327 777 5381 vertit
803 5344 818 5380 :
855 5344 875 5378 ι
906 5326 980 5381 De
1015 5325 1235 5396 reliquis
1257 5325 1523 5393 sensibus,
1546 5326 1636 5395 qui
1664 5334 1789 5381 sunt

211 5397 461 5467 quaedam
490 5398 851 5453 admissiones
882 5397 1179 5467 rationum,
1204 5411 1325 5466 quae
1356 5405 1507 5450 extra
1546 5399 1597 5467 in
1628 5397 1786 5467 rebus

211 5466 362 5536 sunt,
388 5484 512 5523 cum
547 5468 771 5522 minime
795 5466 970 5521 oculis
994 5468 1426 5536 conspiciantur;
1447 5484 1467 5517 ι
1504 5466 1621 5536 vel,
1651 5483 1670 5517 ι
1691 5466 1780 5534 qui

209 5535 456 5619 (sensus)
486 5537 653 5619 veluti
685 5536 939 5619 fenestra:
962 5535 1231 5618 quaedam.
1258 5546 1411 5619 sunt,
1452 5535 1784 5619 excipiendis

212 5606 283 5663 iis
315 5607 636 5669 rationibus,
678 5622 800 5676 quae
840 5606 1177 5677 extrinsecus
1206 5606 1513 5672 adveniunt,
1557 5615 1609 5663 et
1651 5621 1787 5677 quas

215 5679 428 5732 ratione
457 5675 837 5746 conspicimus,
868 5675 1142 5731 destinati.
1164 5694 1185 5729 ι

280 5746 401 5819 (54)
437 5744 751 5817 Διαφοράς.
788 5747 924 5818 Reg.
950 5761 1003 5817 a,
1034 5746 1394 5818 ἀναστροφας.

1908 4252 2058 4319 dera,
2087 4266 2182 4324 per
2209 4268 2379 4324 aquas
2411 4252 2727 4317 labentium,
2756 4259 2810 4305 et
2839 4250 3215 4321 perliquidum
3241 4250 3481 4306 elemen-

1912 4355 2050 4412 tum,
2085 4355 2145 4399 ut
2185 4345 2261 4400 ita
2290 4345 2489 4408 dicam,
2516 4343 2838 4407 volantium,
2865 4357 2928 4397 ac
2956 4342 3232 4413 proprium
3259 4342 3477 4412 quidem

1907 4452 2090 4491 aerem
2142 4445 2260 4491 tuto
2293 4435 2681 4499 haurientium,
2712 4434 2765 4488 in
2795 4442 2986 4489 nostro
3029 4442 3211 4488 autem
3256 4433 3477 4503 pericli-

1910 4527 2162 4592 tantium,
2199 4526 2656 4596 quemadmodum
2687 4540 2786 4581 nos
2813 4539 3029 4594 quoque
3055 4526 3107 4579 in
3151 4525 3307 4595 aquis
3336 4524 3476 4581 sole-

1903 4634 2057 4673 mus:
2084 4634 2261 4673 mores
2287 4619 2452 4672 etiam
2480 4632 2695 4684 eormn,
2731 4626 2785 4671 et
2824 4615 3074 4680 allectus,
3101 4627 3158 4672 et
3183 4618 3379 4681 coitus,
3422 4625 3478 4671 et
3512 4672 3517 4681 ,

1899 4710 2297 4781 generationes,
2349 4718 2403 4763 et
2443 4707 2860 4778 magnitudines,
2909 4717 2967 4761 et
3024 4705 3475 4776 pulchritudines,

1898 4812 2076 4855 certas
2111 4799 2237 4853 item
2289 4797 2598 4852 mansiones
2629 4806 2684 4851 et
2717 4799 3112 4860 oherrationes,
3153 4812 3476 4867 congressus

1898 4907 1961 4947 ac
1990 4892 2326 4947 secessiones
2351 4900 2404 4943 et
2432 4890 2789 4960 proprietates
2845 4892 3194 4946 terrestribus
3224 4891 3474 4945 animan-

1969 5046 2082 5117 (53)
2132 5043 2552 5116 Ἂμαθέστατα.
2602 5044 2660 5100 In
2711 5043 3069 5117 quibusdam,
3122 5043 3470 5117 ἀμετάθετα,

1904 5135 1922 5169 t
1952 5117 2328 5171 immutabilia.
2362 5134 2381 5167 ι

1969 5187 2079 5257 (56)
2123 5190 2199 5241 Τὰ
2242 5186 2361 5257 μὲν
2382 5186 2713 5257 ταχύτατα,
2755 5184 2827 5239 τὰ
2875 5184 2949 5257 es
2993 5185 3326 5257 :zaztitata.
3379 5185 3471 5241 Sic

1895 5255 2025 5326 legit
2061 5255 2565 5326 Leuvenklains,et
2594 5256 2677 5326 ita
2697 5256 2975 5326 legendum
3003 5267 3272 5323 putamus.
3301 5255 3354 5308 In
3379 5257 3468 5312 ed.

1896 5323 2088 5396 legitur
2117 5336 2345 5396 tantum,
2367 5325 2436 5378 τὰ
2462 5325 2518 5377 δὲ
2546 5323 2843 5396 ταχύτατα.
2875 5323 3080 5396 Cretera
3111 5326 3326 5396 desunt.

1965 5393 2079 5467 (57)
2123 5397 2201 5467 Τὰ
2242 5395 2359 5465 μὲν
2397 5393 2694 5467 φυλακτά.
2746 5393 2869 5448 Haec
2916 5394 3113 5467 desnnt
3139 5394 3216 5467 _in_
3260 5396 3346 5467 ed.
3379 5393 3472 5450 Sic

1895 5464 2074 5536 tamen
2127 5464 2403 5536 legendum
2434 5466 2798 5536 arbitramur,_
2828 5466 3074 5536 quamvis
3120 5464 3335 5536 dellciat
3366 5467 3471 5521 hac

1890 5535 1944 5660 in
1978 5551 2035 5590 re
2067 5532 2310 5659 cgdi'cum
2334 5534 2649 5591 auctoritas.
2676 5532 2972 5589 Antithesis
2999 5538 3169 5590 series
3198 5535 3250 5589 id
3283 5544 3467 5605 postu-

1912 5621 2006 5660 are
2040 5621 2088 5657 vr
2132 5616 2275 5659 etur.

1912 5621 2006 5660 are
2040 5608 2275 5659 videtur.

1929 5675 2075 5801 ά(58)
2124 5673 2503 5745 Ἑρπυστικὰ.
2568 5673 2718 5732 Colb.
2764 5674 2799 5729 5
2845 5683 2901 5730 et
2945 5671 3041 5730 0r.
3082 5673 3149 5742 I,
3204 5674 3468 5747 ὲρπηστι-

1889 5761 1926 5798 κ
