3890 6214
347 296 417 353 59
1543 292 1603 350 ς.
1646 290 1974 349 GBEGORII
2013 288 2364 347 THEOLOGI
3520 273 3597 332 δθ

350 413 491 469 tibus
542 425 678 482 pene
723 410 1054 478 consimiles,
1106 411 1484 468 nonnullorum
1525 413 1691 467 etiam
1748 412 1947 469 socie-l

2051 428 2203 465 ιασιν.
2239 407 2443 478 Σκέψαι
2485 423 2573 477 μοι
2614 402 2707 459 καὶ
2742 402 2945 474 ὀρνέων
2983 397 3093 470 (39)
3128 396 3327 466 ἀγέλας
3352 393 3444 448 καὶ
3470 406 3598 445 ποι-

354 515 511 571 tates,
545 514 600 560 et
633 505 961 570 contrarias,
1014 514 1125 559 tam
1160 504 1212 559 in
1251 505 1441 559 formis
1475 519 1635 574 quam
1664 506 1716 559 in
1745 506 1921 559 nomi-

354 598 536 664 nibus,
572 598 949 667 proprietates.
995 596 1076 650 Ad
1111 596 1225 651 haec
1271 610 1461 666 greges
1511 596 1690 650 avium
1746 605 1918 650 tecum

355 698 568 758 reputa,
601 703 869 758 quamque
895 687 1043 742 varia
1078 696 1133 743 et
1160 687 1441 758 multiplici
1475 687 1643 757 ﬁgura
1670 687 1799 753 sint,
1830 702 1924 740 va-

355 780 558 846 riisque
591 778 904 832 coloribus:
944 777 1036 848 qui
1076 777 1187 842 fiat,
1226 785 1289 832 ut
1329 778 1434 831 alia
1472 785 1618 831 muta
1649 776 1778 841 sint,
1818 776 1924 830 alia

358 881 591 932 canora;
624 881 850 936 quaeque
887 866 1078 920 horum
1128 865 1437 920 suavissimi
1484 876 1675 919 cantus
1727 866 1800 920 sit
1837 879 1925 919 ra-

360 959 454 1024 tio,
472 968 527 1013 et
543 974 573 1012 a
599 974 706 1028 quo
734 959 872 1013 hanc
890 956 1195 1012 facultatem
1217 958 1573 1023 acceperint?
1596 957 1728 1023 Quis
1752 955 1923 1026 lyram

359 1046 557 1100 cicadis
590 1047 642 1099 in
695 1055 910 1115 pectore
936 1047 1102 1113 dedit,
1128 1054 1182 1101 et
1208 1056 1402 1100 cantus
1445 1045 1563 1102 illos
1604 1055 1766 1114 atque
1800 1060 1926 1114 gar-

360 1138 518 1203 ritus,
553 1152 708 1206 quos,
740 1152 859 1192 cum
888 1139 1187 1192 meridiano
1217 1137 1344 1192 solis
1374 1148 1507 1191 testu
1548 1136 1617 1191 ad
1664 1137 1925 1191 musicam

363 1229 676 1296 incitantur,
718 1231 772 1283 in
812 1229 1066 1283 arborum
1109 1229 1274 1283 ramis
1307 1227 1559 1292 fundunt,
1591 1243 1656 1283 ac
1701 1242 1926 1282 nemora

364 1332 496 1373 sono
545 1318 787 1387 implent,
823 1327 878 1372 et
914 1318 1176 1372 viatorem
1221 1316 1446 1372 vocibus
1491 1316 1930 1387 prosequuntur?

364 1403 495 1470 Quis
513 1414 729 1460 cantum
762 1406 911 1461 illum
954 1421 1076 1461 cum
1129 1400 1309 1477 cygno
1351 1408 1611 1473 contexit,
1654 1421 1761 1477 quo
1792 1415 1930 1462 tem-

363 1511 497 1567 pore
536 1499 729 1568 pennis
778 1499 830 1553 in
865 1514 1053 1554 auram
1099 1500 1353 1569 expansis
1399 1498 1662 1568 ejusmodi
1709 1499 1928 1554 sibilum

365 1588 496 1657 edit,
523 1593 612 1659 qui
667 1591 921 1645 carminis
955 1592 1127 1645 instar
1169 1592 1277 1647 sit?
1313 1591 1468 1647 Mitto
1518 1591 1663 1645 enim
1708 1592 1827 1648 illas
1876 1592 1929 1646 vi

2023 502 2219 566 κιλίας,
2252 501 2309 556 έν
2334 516 2395 553 τε
2435 498 2675 569 σχήμασι
2715 495 2811 549 καὶ
2840 491 3117 566 χρώμασι,
3145 488 3254 543 τῶν
3274 505 3334 541 τε
3360 485 3597 547 ἀλάλων,

2021 594 2116 648 καὶ
2142 593 2250 647 τῶν
2299 588 2539 662 ᾠδικῶνο
2593 588 2689 642 καὶ
2734 586 2818 649 τίς
2854 585 2954 655 τῆς
3004 581 3206 634 τούτων
3258 577 3521 649 μελῳδίας
3564 577 3601 629 ὁ

2021 684 2198 753 λόγος,
2238 684 2332 737 καὶ
2376 681 2526 752 παρά
2561 680 2735 745 τίνος;
2782 677 2866 739 τίς
2904 675 2933 727 ὁ
2974 674 3096 736 δοὺς
3133 672 3337 738 τέττιγι
3372 669 3469 741 τὴν
3504 669 3603 722 ἐπὶ

2026 776 2254 848 στήθους
2292 773 2507 845 μαγάδα
2534 770 2666 842 (40),
2697 768 2790 823 καὶ
2812 766 2881 819 τὰ
2906 767 2997 818 ἐπὶ
3022 764 3129 817 τῶν
3150 762 3353 816 κλάδων
3379 758 3607 833 ᾇσματά

2023 883 2083 919 τε
2115 867 2210 920 καὶ
2255 863 2640 936 τερετίσματα,
2703 860 2827 913 ὅταν
2885 856 3019 929 ἡλίῳ
3082 853 3337 907 κινῶνται
3383 850 3453 903 τά
3497 867 3602 920 με-

2027 976 2092 1029 ση
2103 956 2302 1028 μὸρινά
2331 951 2810 1026 μουσουργοῦντες,
2837 949 2929 1003 καὶ
2955 943 3315 1014 καταφωνῶσι
3338 942 3407 996 τά
3436 941 3604 1012 ἄλση,

2025 1052 2120 1105 καὶ
2144 1049 2420 1121 ὁδοιπόρον
2452 1050 2571 1111 ταῖς
2606 1048 2808 1116 φωναῖς
2835 1041 3282 1112 παραπέμπωσις
3320 1038 3415 1101 Τίς
3446 1039 3475 1090 ὁ
3504 1035 3607 1089 κύ-

2026 1159 2139 1211 κνῳ
2175 1138 2512 1208 συνυφαίνων
2542 1138 2640 1207 τὴν
2672 1135 2835 1207 ᾠδὴν,
2865 1135 2992 1187 ὅταν
3016 1130 3293 1203 ἐκπετάσῃ
3321 1128 3382 1181 τὸ
3402 1126 3606 1198 πτερὸν

2026 1233 2148 1295 ταῖς
2179 1229 2396 1302 αὔραις,
2435 1229 2530 1282 καὶ
2572 1229 2699 1299 ποιῇ
2746 1226 2907 1298 μέλος
2951 1223 3010 1277 τὸ
3045 1222 3317 1293 σύριγμα;
3366 1217 3469 1272 Ἐῶ
3492 1216 3604 1287 γὰρ

2027 1320 2205 1389 λέγειν
2223 1321 2322 1383 τὰς
2356 1318 2565 1389 βιαίους
2599 1317 2803 1387 φωνάς,
2828 1316 2922 1369 καὶ
2953 1315 3053 1368 ὅσα
3081 1312 3262 1382 τέχναι
3294 1309 3607 1378 σοφίζονται

2028 1408 2171 1464 κατά
2197 1410 2296 1478 τῆς
2328 1407 2603 1478 ἀληθείας.
2649 1406 2821 1460 Πόθεν
2851 1403 3018 1468 ταὼς,
3043 1405 3072 1455 ό
3103 1400 3317 1464 ἀλαζὼν
3335 1399 3483 1470 ὅρνις
3511 1397 3610 1450 καὶ

2028 1499 2269 1571 Μηδικὸς
2305 1498 2438 1567 (41),
2490 1496 2633 1549 οὕτω
2671 1494 2955 1564 φιλόκαλος
3000 1491 3095 1545 καὶ
3139 1489 3435 1559 φιλότιμος,
3463 1484 3610 1537 ὥστε

2031 1591 2147 1663 (καὶ
2179 1590 2285 1662 γάρ
2328 1589 2638 1643 αἰσθάνεται
2686 1587 2779 1641 τοῦ
2818 1585 3017 1639 οἰκείου
3060 1578 3309 1651 κάλλους)
3348 1579 3477 1632 ὅταν
3521 1575 3610 1648 ἴδῃ

367 1691 651 1750 ex'pressas
675 1696 860 1746 voces,
890 1691 944 1736 et
976 1682 1232 1751 quidquid
1265 1692 1412 1736 artes
1438 1683 1700 1738 adversus
1730 1683 1920 1737 verita-

2051 1679 2155 1734 ςινὲι
2203 1675 2588 1750 πλησιάζοντα,
2638 1677 2672 1750 ἢ
2720 1678 2838 1741 ταῖς
2877 1674 3118 1747 θηλείαις
3153 1670 3287 1744 (42),
3336 1668 3411 1732 ῶς
3450 1683 3608 1736 φασι.

369 1781 473 1828 tem
504 1773 778 1844 ingeniose
807 1775 1305 1829 comminiscuntur.
1355 1773 1456 1840 Qui
1490 1773 1548 1828 fit
1583 1783 1640 1829 ut
1669 1788 1931 1844 arrogans

2051 1769 2455 1833 καλλωπίζεται,
2491 1768 2580 1821 τὸν
2609 1767 2811 1838 αὐχένα
2834 1766 3048 1838 διάρας,
3079 1761 3252 1818 καὶτὸ
3286 1759 3482 1832 πτερὸν
3511 1774 3614 1812 κυτ

367 1864 457 1919 ille
494 1873 547 1919 et
576 1863 817 1919 Medicus
865 1879 1004 1933 pavo
1034 1864 1356 1935 elegantiam
1410 1863 1743 1934 gloriamque
1797 1865 1930 1918 adeo

2051 1861 2305 1931 ιλοτερῶς
2333 1860 2665 1932 περιστήσας
2696 1858 2758 1912 τὸ
2786 1857 3093 1932 χρυσαυγὲς
3125 1853 3220 1907 καὶ
3252 1850 3612 1921 κατάπερον,

367 1954 607 2019 alfectet,
652 1964 713 2010 ut
760 1955 972 2025 quoties
1034 1956 1265 2025 aliquem
1305 1955 1525 2024 propius
1571 1954 1917 2010 accedentem

2051 1953 2305 2024 ὶεατρίζει
2348 1952 2460 2023 (45)
2490 1951 2552 2005 τὸ
2593 1949 2787 2014 κάλλος
2823 1953 2935 2013 τοῖς
2976 1947 3088 2019 (44)
3134 1946 3424 2018 ἐρασταῖς,
3472 1941 3615 2014 μετά

368 2044 530 2116 515
575 2046 791 2111 viderit,
843 2053 936 2100 aut
988 2046 1154 2100 etiam
1210 2046 1446 2109 feminis,
1493 2054 1551 2101 ut
1589 2045 1762 2113 aiunt,
1813 2059 1935 2100 sese

2051 2045 2270 2117 κοϐαροῦ
2313 2044 2409 2098 τοῦ
2465 2043 2828 2115 βαδίσματος;
2877 2044 2942 2096 Ἡ
2978 2042 3076 2113 μὲν
3129 2036 3221 2094 οὖν
3264 2039 3383 2093 Θεία
3419 2035 3621 2117 Γραφὴ

368 2146 644 2191 ostentare
691 2139 921 2192 voluerit
973 2138 1097 2208 (nec
1139 2138 1282 2192 enim
1342 2137 1761 2207 pulchritudinis
1821 2150 1935 2192 sum

2051 2139 2133 2194 καὶ
2177 2138 2451 2208 γυναικῶν
2493 2138 2763 2209 θαυμάζει
2810 2136 3000 2206 σοφίαν
3045 2134 3144 2206 τὴν
3179 2136 3238 2187 ὲν
3276 2131 3616 2202 ὑφάσμασιν,

371 2227 592 2298 ignarus
639 2229 765 2301 est),
813 2228 1095 2286 confestim
1138 2229 1279 2286 elata
1329 2231 1560 2294 cervice,
1605 2240 1768 2299 atque
1801 2230 1935 2295 alis,

2051 2232 2144 2297 Τίς
2174 2230 2376 2287 ἔδωκε.
2413 2230 2664 2298 λέγουσα,
2684 2228 2961 2300 γυναιξίν
2996 2225 3352 2297 ὑφάσματος
3388 2221 3624 2290 σοφίαν

371 2335 494 2389 qua:
514 2335 734 2375 aureum
762 2322 1046 2390 quemdam
1090 2321 1350 2392 fulgorem
1382 2321 1648 2388 referunt,
1683 2336 1747 2375 ac
1788 2321 1935 2376 side-

2051 2321 2140 2376 real
2167 2321 2546 2391 ποικιλτικὴν
2583 2320 2965 2391 ἑπιστήμην;
2998 2318 3146 2372 Ζώου
3182 2312 3400 2384 λογικοῦ
3436 2311 3619 2376 τοῦτο,

373 2423 494 2462 rum
530 2409 871 2477 splendorem
905 2411 1204 2474 imitantur,
1255 2411 1308 2464 in
1356 2413 1543 2466 orbem
1573 2412 1934 2479 concinnatis,

374 2501 620 2569 corporis
663 2502 744 2556 sui
791 2501 1240 2571 pulchritudinem
1285 2503 1504 2559 amasiis
1531 2503 1644 2558 suis
1690 2519 1811 2558 cum
1843 2519 1939 2558 su-

2043 2415 2137 2468 καὶ
2159 2414 2411 2487 περιττοῦ
2431 2416 2530 2489 τὴν
2547 2414 2760 2485 σοφίαν,
2783 2414 2877 2467 καὶ
2900 2412 3060 2484 μέχρι
3088 2410 3195 2464 τῶν
3219 2406 3484 2480 οὐρανίων
3501 2402 3623 2476 (45)

2044 2505 2341 2571 ὁδεύοντας.

374 2595 542 2658 perbo
587 2597 815 2681 quodam
855 2597 1090 2662 incessu,
1139 2598 1285 2651 velut
1319 2598 1373 2653 in
1411 2600 1642 2663 theatro,
1679 2600 2029 2670 spectandam
2094 2604 2396 2672 prOponat?
2460 2603 2538 2658 Ac
2595 2602 2897 2671 Scriptura.
2936 2600 3150 2671 quidem
3195 2612 3348 2652 sacra
3418 2592 3623 2649 mulie—

376 2702 495 2743 rum
532 2689 584 2742 in
618 2690 964 2745 contexendis
987 2689 1110 2744 telis
1171 2690 1445 2744 solertiam
1480 2692 1564 2745 his
1633 2691 1809 2745 verbis
1871 2693 2169 2752 admiratur
2204 2712 2217 2748 :
2260 2696 2392 2764 Quis
2430 2694 2580 2749 dedit
2622 2692 2937 2747 mulieribus
2993 2700 3220 2745 texturae
3273 2688 3622 2757 sapientiam,

378 2792 667 2848 rerumque
691 2778 1069 2833 variandarum
1098 2778 1472 2833 scientiam“?
1521 2779 1616 2833 Est
1663 2781 1805 2835 enim
1848 2781 1952 2837 hoc
1989 2785 2279 2842 animantis
2341 2786 2551 2841 ratione
2619 2783 2850 2855 praediti,
2893 2782 3198 2852 eximiaque
3239 2780 3502 2851 sapientia
3530 2781 3623 2834 in-
3659 2832 3663 2835 τ

378 2870 590 2929 structi,
615 2876 776 2936 atque
809 2869 875 2922 ad
900 2868 1141 2924 cmlestia
1169 2885 1337 2938 usque
1372 2873 1693 2941 grassantis.

446 2959 614 3015 XXV.
642 2961 722 3016 Tu
756 2977 881 3017 vero
911 2963 1038 3017 mihi
1082 2963 1381 3018 naturalem
1436 2980 1651 3035 quoque
1699 2966 1942 3022 animan-

2116 2967 2244 3022 KE'.
2273 2967 2345 3019 Σὺ
2371 2965 2426 3019 δέ
2460 2982 2549 3036 μοι
2570 2963 2846 3034 θαύμασον
2876 2963 2972 3017 καὶ
3000 2961 3209 3030 ἀλόγων
3229 2959 3462 3031 φυσικὴν
3494 2957 3627 3013 σύν-

379 3053 514 3106 ιίυηι
573 3054 797 3109 rationis
846 3056 1146 3124 expertium
1190 3056 1460 3111 solertiam
1497 3058 1731 3127 suspice,
1776 3059 1944 3113 ratio-

382 3160 608 3215 nesque,
638 3147 682 3201 si
714 3156 884 3215 potes,
911 3146 1144 3203 deciara.
1188 3146 1468 3214 Quomodo
1498 3149 1749 3205 volucres
1771 3151 1824 3204 in
1853 3165 1947 3219 pe-

383 3237 505 3304 tris,
539 3248 594 3291 et
626 3239 930 3305 arboribus,
974 3254 1039 3293 ac
1088 3240 1263 3306 tectis,
1296 3254 1403 3293 non
1450 3241 1628 3295 minus
1656 3240 1951 3310 elegantes,

382 3341 544 3397 quam
595 3338 757 3392 tutos,
787 3339 842 3384 et
886 3330 1091 3385 alendis
1135 3330 1296 3400 pullis
1331 3332 1763 3385 accommodatos
1803 3331 1953 3384 nidos

382 3420 709 3475 elaborant?
750 3420 898 3477 [inde
934 3424 1124 3492 apibus
1167 3432 1223 3477 et
1271 3423 1489 3477 araneis
1535 3432 1714 3477 tantus
1753 3420 1954 3476 laboris

384 3521 550 3579 atque
590 3514 868 3568 industriae
904 3529 1077 3579 amor,
1106 3524 1166 3569 ut
1208 3513 1310 3568 illa:
1353 3514 1569 3584 quidem
1622 3512 1771 3568 favos
1823 3528 1957 3568 con-

387 3614 620 3668 struant,
658 3621 721 3661 ac
757 3608 1172 3679 sexangularum
1213 3608 1539 3672 fistularum,
1583 3606 1792 3677 sibique
1822 3606 1958 3662 invi-

387 3708 504 3748 cem
561 3709 628 3749 ex
667 3696 894 3752 adverso
942 3699 1405 3766 respondentium,
1447 3697 1761 3768 adiumento
1820 3711 1952 3752 con-

388 3784 625 3851 tineant,
653 3795 709 3841 et
759 3802 856 3857 per
899 3787 1279 3843 intermedium
1329 3790 1611 3859 parietem,
1655 3799 1817 3858 atque
1861 3804 1957 3843 an-

388 3875 544 3946 gulos
593 3878 757 3933 rectis
788 3877 1048 3933 lateribus
1097 3877 1406 3934 alternatim
1467 3879 1693 3933 innexos
1732 3880 1960 3934 domici-

388 3966 518 4021 lium
574 3984 727 4024 suutn
789 3968 1031 4036 fulciant,
1091 3971 1251 4041 idque
1287 3972 1339 4025 in
1379 3980 1489 4025 tant
1522 3971 1830 4042 caliginosis
1882 3969 1962 4023 al-

389 4060 644 4115 vearibus
676 4062 1027 4130 obscurisque
1057 4062 1324 4133 figmentis
1360 4077 1373 4113 :
1405 4064 1522 4117 ista:
1557 4071 1737 4116 autent
1772 4077 1962 4116 rursus

392 4161 490 4215 per
520 4164 690 4217 usque
732 4151 865 4204 adeo
896 4150 1074 4204 tenuia
1112 4158 1166 4203 et
1189 4149 1405 4204 subtilia
1432 4149 1663 4205 stamina
1702 4147 1963 4218 multipli-

391 4238 529 4294 citer
556 4238 763 4293 inteusa
796 4240 1043 4294 sinuosas
1071 4239 1203 4295 telas
1229 4250 1519 4294 contexant
1547 4238 1857 4310 (etquidem
1893 4253 1959 4292 ex

2052 3075 2166 3113 εσιν
2190 3058 2323 3131 (46),
2355 3058 2448 3111 καὶ
2503 3057 2629 3120 τοὺς
2679 3056 2888 3125 λόγους,
2927 3055 2973 3107 εἰ
3012 3053 3237 3109 δύνασαι
3269 3051 3405 3124 (47),
3448 3052 3627 3123 παρά-

2053 3167 2267 3222 στησον.
2298 3148 2423 3213 Πῶς
2449 3148 2546 3220 μὲν
2567 3148 2739 3220 ὄρνισι
2763 3146 2965 3209 καλιαὶ,
2987 3146 3180 3216 πέτραι
3207 3161 3266 3197 τε
3290 3144 3384 3198 καὶ
3405 3143 3628 3215 δένδραι

2053 3241 2148 3295 καὶ
2180 3240 2388 3312 ὄροφοι,
2429 3242 2508 3302 εἰς
2545 3239 2842 3309 ἀσφάλειάν
2880 3256 2939 3291 τε
2977 3237 3113 3308 ὁμοῦ
3166 3238 3262 3291 καὶ
3298 3237 3491 3299 κάλλος
3538 3237 3633 3301 ἐξ-

2054 3333 2386 3404 ησκημέναι,
2424 3332 2516 3386 καί
2542 3335 2653 3396 τοῖς
2690 3330 3037 3403 τρεφομένοις
3066 3329 3412 3400 ὲπιτηδείωςς
3454 3328 3622 3382 Πόθετ

2053 3426 2110 3479 δὲ
2141 3424 2422 3496 μελίσσαις
2450 3442 2508 3477 τε
2539 3425 2633 3478 καὶ.
2659 3424 2923 3495 ἀράχναις
2954 3422 3015 3475 τὸ
3047 3421 3300 3491 φιλεργὸν
3340 3421 3434 3475 καὶ
3476 3434 3559 3491 cpt)
3571 3421 3632 3474 0'-

2053 3533 2261 3587 τεχνον,
2290 3516 2377 3569 ἵνα
2421 3518 2541 3579 ταῖς
2591 3515 2687 3586 μὲν
2724 3514 2794 3567 τὰ
2836 3512 3003 3586 κηρία
3037 3512 3324 3582 πλέκηται,
3375 3512 3471 3565 καὶ
3501 3527 3629 3564 συνσ-

2056 3606 2246 3677 ἐχηται
2273 3605 2339 3659 δι’
2374 3604 2656 3676 ὲξαγὼνων
2691 3604 2963 3675 συρίγγων
2988 3603 3081 3659 καὶ
3107 3600 3497 3672 ἀντιστρόφων,
3532 3600 3631 3654 καὶ

2055 3697 2117 3750 τὸ
2142 3697 2350 3769 ἑδραῖον
2383 3697 2593 3759 αὐταῖς,
2628 3696 2715 3749 διὰ
2740 3694 2833 3748 τοῦ
2869 3695 3034 3765 μέσου
3072 3694 3504 3763 διατειχίσματος
3533 3690 3632 3745 καὶ

2057 3790 2295 3861 ἀλλαγῆς
2332 3788 2771 3861 ἐπιπλεκομένων
2816 3791 2935 3852 ταῖς
2971 3786 3203 3850 εὐθείαις
3249 3785 3357 3838 τῶν
3394 3783 3629 3853 γωνιῶν,

2059 3882 2532 3954 πραγματεύηται,
2584 3881 2679 3934 καὶ
2725 3879 2898 3934 ταῦτα
2937 3881 2994 3933 ὲν
3036 3879 3282 3949 ζοφεροῖς
3327 3876 3469 3930 οὕτω
3516 3878 3632 3939 τοῖς

2062 3974 2308 4046 σίμϐλοις
2335 3974 2431 4027 καὶ
2453 3971 2703 4045 ἀοράτοις
2724 3974 2835 4035 τοῖς
2856 3970 3167 4041 πλάσμασιν
3186 3968 3297 4038 (48)
3318 3982 3332 3996 ·
3357 3969 3412 4019 αἱ
3439 3966 3495 4020 δὲ
3516 3966 3632 4035 (49)

2060 4064 2150 4118 διὰ
2178 4062 2390 4117 λεπτῶν
2434 4063 2575 4116 οὕτω
2627 4062 2720 4116 καὶ
2760 4061 2959 4132 ἀερίων
3006 4060 3190 4131 σχεδὸν
3235 4059 3344 4113 τῶν
3372 4058 3632 4129 νημάτων

2061 4152 2356 4217 πολυειδῶς
2393 4152 2826 4224 διατεταμένων,
2872 4150 3242 4214 πολυπλόκους
3286 4150 3411 4212 τοὺς
3451 4149 3632 4212 ἱστοὺς
3732 4164 3733 4167 ‘

2062 4244 2409 4314 ὲξυφαίνουσι
2435 4243 2545 4316 (50)
2583 4245 2699 4315 (καὶ
2725 4244 2899 4297 ταῦτα
2919 4243 2978 4309 ἐξ
3011 4243 3230 4313 ἀφανῶν
3259 4241 3367 4295 τῶν
3401 4240 3631 4313 ἀρχῶν),

394 4335 503 4380 tam
530 4328 740 4397 exiguis
759 4327 946 4393 initiis,
967 4337 1024 4382 ut
1041 4329 1125 4382 vix
1149 4328 1251 4382 ulla
1269 4328 1545 4383 oculorum
1563 4327 1680 4382 acie
1695 4327 1947 4397 pervider.

2066 4333 2278 4404 οἴκησίν
2301 4351 2361 4387 τε
2384 4334 2519 4405 ὁμοῦ
2551 4335 2758 4406 τιμίαν,
2786 4336 2880 4390 καὶ
2908 4335 3077 4408 θήραν
3099 4334 3205 4387 τῶν
3229 4333 3465 4388 ἀσθενῶν
3494 4333 3632 4404 (51),

393 4418 645 4489 possint),
677 4433 795 4487 quae
817 4420 945 4486 ipsis
970 4429 1024 4474 et
1048 4434 1146 4490 pro
1174 4420 1374 4475 eximio
1405 4420 1640 4489 quodam
1681 4418 1958 4474 domicilio

392 4510 522 4576 sint,
564 4518 621 4564 et
658 4510 920 4566 venandis
975 4511 1244 4568 alimonia:
1300 4526 1462 4566 causa
1520 4509 1963 4566 imbecillioribus

430 4720 436 4727 ·
464 4692 509 4724 ³⁸
550 4691 650 4748 Job
682 4707 908 4761 xxxvm,
932 4693 1021 4749 56.

467 4854 581 4929 (59)
628 4852 901 4929 ὀρνέῳνο
938 4855 1032 4929 9η
1062 4856 1115 4929 1,
1150 4853 1401 4929 ὀρνίθων·

469 4922 582 4997 (40)
621 4922 890 4997 May-46a.
918 4926 1112 4997 AScbol.
1138 4942 1153 4980 :
1178 4922 1385 4997 Mardi;
1424 4923 1714 4997 κυρίωςμὴ
1757 4922 1856 4993 τῆς
1884 4939 1970 4976 κι-

398 4993 572 5067 θάρας
600 4996 696 5067 καὶ
728 4993 841 5065 τῆς
869 4995 1037 5067 λύρας
1067 4998 1099 5066 ὴ
1134 4995 1235 5058 τὰς
1274 4993 1469 5065 νεύρας
1501 4993 1972 5067 βαστάζουσα-,σα-

399 5063 516 5130 νίς·
552 5084 571 5116 ι
600 5063 825 5133 Pr0prie
862 5063 950 5119 est
980 5063 1270 5121 tabulatum
1301 5063 1529 5119 cithara:
1565 5066 1649 5119 vel
1685 5063 1973 5119 testudinis

398 5135 635 5192 chordas
665 5136 989 5189 sustinens.»
1080 5168 1083 5171 -

474 5205 587 5276 (41)
626 5204 912 5272 Μηδικάς.
946 5205 1038 5276 Sic
1074 5220 1212 5274 pavo
1261 5202 1578 5273 appellatur,
1617 5202 1759 5274 quod
1801 5217 1834 5259 e
1862 5200 1973 5258 Me-

403 5275 594 5332 dorum
625 5282 839 5343 regione
864 5277 935 5329 sit
965 5275 1181 5332 allatus.

476 5345 587 5415 (4‘2)
630 5345 699 5402 Ἢ
742 5345 870 5415 ταῖς
902 5347 1189 5412 θηλείαις.
1228 5344 1325 5401 Hic
1370 5344 1585 5415 videtur
1617 5343 1821 5409 deesse,
1852 5344 1971 5397 sm.

403 5413 716 5487 δείκνυσθαι
745 5414 1020 5487 βούληται,
1048 5426 1139 5487 aut
1168 5417 1343 5487 simile
1364 5415 1512 5487 quid.
1544 5413 1708 5487 Enn".

479 5482 934 5556 (45)_Osarpl(s't.
977 5488 1068 5542 Sic
1095 5485 1260 5542 Coisl.
1312 5486 1365 5554 1,
1394 5482 1499 5540 0r.
1534 5484 1588 5552 1,
1623 5494 1729 5540 etc.
1770 5484 1830 5540 In
1860 5482 1974 5550 ed.,

407 5554 731 5628 θεατρίζειν.

505 5624 595 5696 44)
640 5626 786 5692 Τοῖς.
814 5626 998 5690 Forte,
1024 5627 1162 5690 ταῖς.
1194 5624 1354 5681 Εοιτ.

480 5681 597 5759 ὶ45ἳ
638 5681 966 5773 Οὺριινίων.
985 5681 1042 5752 in
1073 5681 1409 5775 quibusdam.
1439 5695 1704 5775 οὐρανῶν,
1737 5713 1755 5749 ι
1783 5695 1850 5753 ad
1877 5707 1981 5755 εω-

2067 4425 2147 4486 εἱς
2170 4425 2375 4495 τροφῆς
2401 4424 2512 4495 (52)
2547 4426 2869 4491 ἀπόλαυσιν;
2913 4427 3069 4489 Ποίος
3102 4425 3392 4496 Εὐκλείδης
3431 4425 3637 4496 ἐμιμή-

2071 4530 2201 4568 σατο
2247 4513 2438 4582 ταῦτα,
2492 4519 2777 4590 γραμμαῖς
2816 4515 3191 4593 ὲμφιλοσοφῶν
3228 4518 3347 4589 ταῖς
3396 4517 3495 4572 οὐκ
3543 4515 3636 4582 οὐ·

2070 4848 2152 4905 los
2187 4848 2473 4903 tendentis.
2504 4867 2525 4901 ι

2144 4918 2257 4989 (46)
2298 4921 2575 4973 Σύνεσιν.
2608 4914 2741 4973 Tres
2764 4916 2942 4985 Colb.,
2973 4916 3132 4974 Coisl.
3167 4918 3194 4972 1
3242 4928 3296 4973 et
3316 4916 3526 4980 Comb.,
3556 4914 3641 4969 κί-

2071 5004 2246 5058 νησιν,
2285 5008 2304 5040 ι
2341 5000 2565 5044 motuin.
2602 5005 2621 5038 ι

2145 5036 2253 5130 (τῇ
2286 5036 2670 5130 magna.
2698 5062 2854 5130 Qeest
2874 5059 2925 5111 ε..
2948 5036 3189 5130 ptumus
3217 5059 3372 5114 codd.

2154 5125 2264 5199 (48)
2302 5128 2645 5196 Πλάσμασι.
2710 5125 3017 5199 Legendutn
3077 5131 3321 5193 videtur,
3392 5125 3644 5195 πλέγμα-

2078 5198 2210 5280 ςιμ
2238 5198 2410 5280 textis
2437 5199 2689 5254 calathis.
2729 5216 2748 5250 ι
2788 5198 3158 5255 Alveariorutu
3198 5199 3342 5254 enim
3391 5202 3506 5253 haec
3557 5204 3647 5249 est

2077 5275 2388 5337 descriptio.

2151 5338 2262 5406 (49)
2303 5341 2370 5392 Αἱ
2397 5335 2482 5391 δέ.
2515 5334 2607 5392 Or.
2646 5338 2698 5401 l,
2725 5338 2774 5392 οί
2803 5338 2883 5393 δέ.

2173 5353 2262 5406 43)
2303 5353 2370 5392 At
2397 5353 2482 5391 οε.
2515 5353 2607 5392 ur.
2646 5353 2698 5401 1,
2725 5353 2774 5392 οι
2803 5353 2883 5393 σε.

2150 5353 2262 5485 (ὅθ)
2315 5408 2754 5485 ῘΕξοφαένου-ᾳι.
2793 5408 2887 5485 0r.
2925 5409 2976 5474 1,
3004 5408 3351 5485 ἐξυφαίνωσι.

2150 5477 2262 5553 (5|)
2315 5479 2622 5534 Ἀσθενῶν.
2662 5477 2707 5532 Β

2085 5569 2265 5692 Pu???)
2309 5621 2556 5691 Τροφῆς.
2612 5619 2670 5678 In
2714 5618 3054 5699 quibusdam,
3098 5619 3328 5701 τρυφῆς,
3368 5636 3387 5671 t
3424 5612 3645 5675 delicia.

2082 5710 2224 5758 rum.
2260 5711 2280 5747 θ

2710 5494 2794 5550 eg.
2845 5470 3060 5544 bm,‘et'
3090 5470 3184 5535 Or.
3223 5479 3274 5547 l,
3333 5470 3651 5533 ἀσθενεστέ-

3842 1220 3846 1243 ,
