3890 6214
268 344 334 400 6|
1275 337 1544 394 ORATIO
1584 340 1824 397 XXVlll.
1861 374 1931 384 —
1971 343 2411 402 TllEOLOGlCA
2453 342 2518 400 ll.
3470 343 3542 398 62

276 475 398 520 aut;
450 452 585 525 (55),
620 453 714 508 καὶ
756 452 979 522 κάμνων
1018 451 1074 504 ὲν
1125 454 1245 516 ταῖς
1283 451 1671 522 ’ἁποδείξεσιν;
1705 459 1860 522 Τίνος

1968 462 2333 516 animantibus
2365 458 2702 514 inserviant?
2735 456 2930 526 Ecquis
2975 456 3219 510 Euclides
3245 456 3344 512 hoc
3371 459 3541 511 artiﬂ-

274 548 637 619 Παλαμήδους
674 545 786 616 (54)
823 543 1052 598 τακτικὰ
1083 546 1363 616 κινήματά
1395 565 1455 599 τε
1485 548 1580 601 καὶ
1605 551 1861 621 σχήματα

275 642 545 712 γεράνων,
581 638 658 701 ῶς
691 655 843 706 φασι,
872 636 966 690 καὶ
1013 635 1185 688 ταῦτα
1227 636 1568 708 παιδεύματα
1607 640 1862 709 κινουμέ-

277 753 384 787 νων
423 735 480 784 ἐν
532 730 704 795 τάξει,
756 729 848 780 καὶ
914 725 1054 798 μετὰ
1113 726 1363 796 ποικίλης
1413 729 1514 798 τῆς
1567 731 1859 799 πτήσεως;

273 829 432 884 Ποῖοι
466 823 694 884 Φειδίαι,
731 820 826 874 καὶ
859 818 1106 882 Ζεύξιδες
1153 818 1264 887 (55)
1292 859 1307 882 ,
1353 820 1450 872 καὶ
1498 821 1860 890 Πολύγνωτοι,

274 915 582 988 Παρῤάσιοί
613 914 672 966 τέ
703 929 847 975 τινες
898 912 992 964 καὶ
1037 909 1476 980 Ἀγλαόφωντες,
1517 914 1689 983 κάλλη
1742 914 1861 984 μεθ’

278 1010 381 1061 ὑπε
393 1007 586 1079 ρϐολῆς
613 1005 846 1076 γράφειν
878 1002 974 1055 καὶ
1003 1000 1260 1054 πλάττειν
1285 1003 1514 1069 είδότες;
1547 1005 1641 1069 Τίς
1669 1005 1861 1060 Κνώσ-

278 1116 394 1161 σιος
421 1096 532 1168 (56)
561 1093 816 1149 Δαιδάλου
847 1093 1005 1164 χορὸς
1027 1091 1363 1165 ἐναρμόνιος,
1387 1096 1574 1168 νύμφῃ
1607 1098 1862 1170 πονηθεὶς

277 1201 359 1261 είς
411 1197 641 1261 κάλλους
701 1193 1060 1265 περιουσίαν;
1118 1194 1152 1264 ἢ
1198 1190 1534 1262 λαϐύρινθος
1585 1188 1860 1261 Κρητικὸς

275 1289 609 1352 δυσδιὲξοδος
658 1289 751 1342 καὶ
801 1288 1137 1353 δυσέλικτος,
1189 1285 1492 1357 ποιητικῶς
1537 1286 1730 1350 εἰπεῖν,
1766 1283 1862 1336 καὶ⁹

279 1381 540 1443 πολλάκις
574 1381 684 1449 (57)
725 1381 984 1434 ἁπάντων
1032 1379 1211 1452 ἑαυτῷ
1253 1383 1368 1442 τοῖς
1405 1379 1504 1449 τῆς
1545 1377 1740 1447 τέχνης
1770 1393 1858 1428 σο-

277 1471 574 1540 φίσμασιν;
605 1470 715 1522 Καὶ
743 1467 934 1522 σιωπῶ
969 1471 1275 1540 μυρμήκων
1306 1468 1508 1540 ταμεῖά
1536 1467 1647 1540 (58)
1676 1485 1734 1520 τε
1767 1467 1861 1520 καὶ

276 1559 504 1629 ταμίας,
553 1561 647 1612 καὶ
697 1559 1069 1630 θησαυρισμὸν
1114 1560 1322 1630 τροφῆς
1371 1558 1451 1630 τῷ
1497 1557 1676 1629 καιρῷ
1723 1557 1862 1628 σύμ-

282 1669 504 1724 μετρον,
527 1652 698 1708 τᾶλλα
723 1669 783 1704 τε
813 1653 912 1704 ὅσα
940 1651 1068 1722 περὶ
1103 1652 1238 1707 ὁδῶν
1269 1652 1364 1706 καὶ
1394 1653 1524 1726 περὶ
1557 1651 1668 1723 (59)
1698 1653 1861 1722 ἡγου-

283 1741 482 1810 μένων,
531 1740 628 1794 καὶ
672 1741 772 1811 τῆς
823 1743 882 1796 ὲν
920 1743 1033 1806 τοῖς
1080 1741 1264 1813 ἔργοις
1315 1740 1566 1807 εὐταξίας
1613 1741 1860 1812 ἔγνωμεν

280 1832 660 1903 ιστορούμενα.

1961 555 2108 608 cium
2163 568 2398 621 unquam
2441 550 2706 604 imitando
2761 549 3048 616 expressit,
3098 548 3165 600 de
3218 547 3373 602 lineis
3415 565 3538 618 per-

1964 655 2208 698 tractans
2242 659 2511 712 nusquam
2543 642 2907 703 exstantibus,
2932 649 3092 707 atque
3122 640 3173 693 in
3204 639 3540 695 demonstra-

1962 738 2198 792 tionibus
2235 737 2399 789 anxio
2430 735 2616 788 labore
2643 733 2952 787 desudans?
2984 733 3180 800 Ecquis
3202 732 3536 796 Palamedes,

1963 829 2054 898 qui
2090 831 2250 882 etiam
2279 828 2416 882 aciei
2450 825 2784 881 instruendae
2817 813 3008 886 artem,
3035 839 3097 876 ac
3121 834 3294 878 motus
3323 833 3374 877 et
3407 824 3537 893 ﬂgu~

1963 936 2070 984 ras,
2100 921 2262 974 nullis
2312 919 2432 973 aliis
2471 916 2897 988 praeceptoribus
2937 929 3096 983 quam
3127 913 3369 982 gruibus,
3411 929 3540 968 usus

1959 1012 2216 1067 didicisse
2249 1012 2441 1076 fertur,
2479 1025 2600 1064 cum
2636 1007 2890 1061 videlicet
2929 1022 3022 1061 eas
3064 1007 3252 1059 ordine
3297 1021 3359 1058 ac
3402 1005 3540 1058 mulo

1962 1099 2125 1165 tiplici
2155 1099 2366 1154 volatus
2395 1113 2592 1167 genere
2628 1096 2832 1150 moveri
2867 1095 3277 1165 perspexisset?
3305 1095 3536 1161 Quinam

1960 1190 2183 1253 Phidiae,
2215 1200 2268 1244 et
2302 1189 2588 1254 Zeuxides,
2625 1195 2678 1242 et
2717 1186 3017 1257 Polygnoti,
3067 1185 3338 1238 Parrhasii
3371 1186 3536 1238 etiam

1963 1293 2017 1338 et
2075 1283 2504 1352 AglaOphontes,
2543 1281 2634 1352 qui
2692 1278 2997 1335 incredibili
3049 1279 3276 1347 quadam
3322 1278 3538 1346 elegan-

1962 1375 2094 1430 tium
2125 1375 2422 1429 formarum
2470 1373 2860 1444 pingendarum
2908 1380 2962 1425 et
2995 1369 3408 1436 sculpendarum
3443 1383 3538 1436 pe-

1961 1466 2084 1520 ritia
2111 1465 2459 1519 claruerunt?
2510 1464 2644 1531 Quis
2672 1463 2937 1519 Guossius
2973 1460 3136 1532 516
3185 1459 3382 1513 Dredali
3409 1460 3535 1513 cho-

1961 1571 2054 1610 rus
2094 1559 2160 1610 ad
2201 1555 2437 1611 musicos
2477 1569 2730 1610 numeros
2783 1567 2904 1608 sese
2958 1567 3202 1616 movens,
3239 1551 3292 1605 in
3347 1549 3535 1617 puellae

1961 1647 2191 1717 gratiam
2229 1647 2295 1701 ad
2345 1661 2563 1702 omnem
2595 1645 2730 1700 artis
2763 1644 3223 1714 pulchritudinem
3261 1643 3540 1696 confectus

1962 1750 2018 1795 et
2055 1740 2364 1810 expolitus?
2394 1739 2524 1806 Quis
2565 1739 2843 1794 Cretensis
2869 1737 3229 1807 labyrinthus,
3261 1744 3319 1788 ut
3356 1744 3540 1802 poeta-

1889 1823 1933 1878 B
1963 1849 2082 1887 rum
2115 1848 2267 1887 more
2307 1832 2517 1900 loquar,
2555 1830 2796 1886 diﬂiciles
2837 1831 3014 1886 exitus
3056 1837 3110 1882 et
3155 1827 3411 1896 ambages
3451 1825 3542 1880 ha-

277 1925 436 1989 bens,
499 1926 896 1996 identidemque
957 1927 1010 1982 in
1079 1939 1201 1983 sese
1234 1941 1331 1996 per
1352 1929 1489 1984 artis
1552 1928 1874 1983 industriam
1907 1927 2233 1984 incurrens?
2279 1928 2456 1982 Taceo
2522 1925 2870 1982 formicarum
2931 1923 3189 1994 penuaria
3248 1936 3542 1988 eorumque

279 2017 561 2080 custodes,
594 2027 647 2069 et
712 2017 957 2073 alimenti
1027 2017 1415 2087 aggestionem,
1477 2018 1708 2088 tempori
1740 2020 2180 2090 respondentem,
2216 2033 2281 2074 ac
2306 2027 2498 2073 castera
2527 2032 2592 2072 ea
2644 2032 2784 2087 quae,
2807 2024 2861 2070 et
2886 2017 2954 2069 de
3007 2029 3192 2068 earum
3227 2011 3326 2066 viis
3355 2026 3417 2066 ac
3443 2011 3542 2064 du-

277 2108 454 2171 cibus,
503 2117 660 2163 eteo
703 2108 913 2176 ordine,
980 2125 1142 2178 quem
1206 2111 1257 2165 in
1309 2111 1564 2180 operibus
1611 2123 1853 2177 servant,
1895 2112 2244 2168 historiarum
2267 2112 2630 2167 monumentis
2657 2110 2972 2179 consignata
3015 2119 3162 2162 sunt.

349 2200 496 2265 KQ".
526 2200 590 2252 Ei
612 2198 817 2253 τούτων
849 2199 1070 2269 ὲφικτδς
1109 2203 1136 2254 ὀ
1168 2199 1328 2270 λόγος
1358 2218 1462 2265 σοι,
1492 2203 1588 2256 καὶ
1617 2201 1717 2272 τὴν
1739 2201 1869 2273 περὶ

275 2288 456 2342 ταῦτα
483 2289 696 2343 σύνεσιν
737 2289 931 2359 ἔγνως,
977 2289 1174 2360 σκέψαι
1224 2293 1316 2344 καὶ
1363 2292 1547 2361 φυτῶν
1579 2293 1866 2365 διαφορὰς,

280 2379 443 2452 μέχρι
477 2381 570 2433 καὶ
598 2381 695 2452 τῆς
739 2382 798 2433 ἐν
835 2381 1052 2449 φύλλοις
1103 2382 1466 2452 φιλοτεχνίας,
1501 2381 1640 2455 πρὸς
1669 2383 1730 2437 τὸ
1753 2385 1871 2454 ἥδι-

284 2471 409 2524 στὸν
442 2486 501 2522 τε
523 2468 642 2539 ἅμα
668 2472 790 2532 ταῖς
831 2469 1007 2539 ὄψεσι,
1043 2471 1138 2524 καὶ
1165 2474 1280 2536 τοῖς
1309 2475 1546 2543 καρποῖς
1581 2472 1868 2544 χρησιμὼ-

275 2579 460 2615 τατον.
491 2560 695 2632 Σκέψαι
745 2578 836 2632 μοι
882 2563 978 2616 καὶ
1012 2562 1239 2635 καρπῶν
1277 2565 1550 2620 ποικιλίαν
1580 2565 1674 2617 κα)¹
1707 2564 1870 2633 ἀφθο-

278 2659 421 2722 νίαν,
459 2659 555 2714 καὶ
583 2657 818 2728 μάλιστα
851 2657 962 2712 τῶν
992 2659 1436 2728 ἀναγκαιοτάτων
1471 2662 1531 2716 τὸ
1560 2661 1864 2716 κάλλιστον.

278 2753 392 2806 Καὶ
424 2752 623 2822 σκέψαι
655 2770 745 2824 μοι
779 2755 875 2808 καὶ
905 2752 1164 2824 δυνάμεις
1189 2754 1375 2824 ῥιζῶν,
1412 2756 1506 2808 καὶ
1539 2755 1749 2826 χυμῶν,
1772 2754 1868 2806 καὶ

277 2839 506 2900 ἀνθέων,
555 2841 650 2894 καὶ
694 2841 893 2912 ὀδμῶν,
941 2842 1041 2910 ούχ
1087 2841 1318 2911 ἡδίστων
1365 2844 1551 2914 μόνον,
1595 2843 1734 2896 ἀλλὰ
1774 2843 1867 2897 καὶ

279 2933 418 3003 πρὸς
471 2933 683 3000 ὑγίειαν
728 2933 1074 3003 ἐπιτηδείων,
1123 2936 1222 2988 καὶ
1279 2935 1586 3006 χρωμάτων
1636 2936 1866 3007 χάριτας

277 3023 374 3076 καὶ
407 3023 718 3095 ποιότητας,
763 3023 842 3076 ἔτι
881 3023 938 3076 δὲ
989 3023 1150 3077 λίθων
1202 3025 1549 3089 πολυτελείας
1587 3027 1680 3080 καὶ
1713 3025 1861 3079 διαυ-

277 3115 463 3183 γείας·
501 3116 690 3186 ἐπειδή
730 3133 810 3168 σοι
846 3117 1022 3170 πάντα
1053 3115 1383 3188 προύθηκεν,
1419 3118 1607 3189 ὥσπερ
1643 3121 1699 3170 ἐν
1723 3134 1859 3171 παν·
1887 3091 1935 3152 C

277 3205 462 3275 δαισίᾳ
493 3209 667 3276 κοινῇ,
700 3207 798 3259 ὅσα
832 3224 891 3259 τε
938 3209 1209 3276 ἀναγκαῖα
1259 3209 1354 3262 καὶ
1393 3210 1492 3262 ὅσα
1542 3210 1676 3279 πρὸς
1718 3209 1855 3263 ἀπό.

277 3298 492 3360 λαυσιν,
525 3300 557 3369 ἡ
591 3299 750 3364 φύσις
771 3316 784 3331 ο
823 3300 911 3366 ἵν’,
945 3302 993 3353 εί
1025 3304 1096 3372 μή
1119 3321 1172 3355 τι
1199 3302 1346 3368 ἄλλο,
1383 3303 1444 3366 ἐξ
1466 3295 1542 3354 ὧν
1571 3304 1856 3373 εὐεργετῇ,

279 3391 556 3462 γνωρίσῃς
593 3389 744 3457 Θεὸν,
771 3392 865 3446 καὶ
891 3391 968 3463 τῷ
1003 3393 1231 3457 δεῖσθαι,
1273 3395 1405 3467 γένῃ
1443 3391 1669 3447 σεαυτοῦ
1729 3411 1856 3448 συν·

279 3481 569 3552 ετῶτερος.
599 3482 876 3536 Ἐντεῦθεν
891 3485 1083 3538 ἔπελθε
1115 3504 1205 3557 μοι
1236 3489 1338 3558 γῆς
1366 3486 1540 3558 πλάτη
1573 3487 1667 3540 καὶ¹
1691 3489 1865 3557 μήκη,

275 3579 379 3646 τῆς
418 3575 604 3644 κοινῆς
637 3576 852 3629 πάντων
887 3577 1114 3649 μητρὸς.
1151 3579 1244 3632 καὶ
1270 3579 1501 3642 κόλπους
1523 3579 1862 3644 Θάλαττίους,

278 3666 532 3736 ἀλλήλοις
551 3685 611 3720 τε
645 3669 738 3721 καὶ
761 3672 828 3740 τῇ
865 3673 934 3740 γῇ
964 3670 1377 3740 συνδεδεμένους
1411 3671 1547 3742 (60),
1573 3672 1665 3726 καὶ
1686 3671 1864 3725 ἀλσῶν

279 3759 478 3828 κάλλη,
527 3761 623 3813 καὶ
661 3763 963 3830 ποταμοὺς,
1015 3763 1112 3816 κοιλ¹
1154 3762 1338 3833 πηγὰς
1379 3763 1620 3832 δαψιλεῖς
1655 3782 1716 3817 τε
1769 3765 1864 3818 καὶ

277 3850 565 3914 ἀεννάους,
611 3852 672 3905 οὐ
727 3853 884 3922 μόνον
928 3853 1152 3923 ψυχρῶν
1205 3853 1300 3908 καὶ
1345 3854 1592 3924 ποτίμων
1629 3855 1858 3919 ὑδάτων,

277 3944 378 3998 καὶ
404 3943 513 3998 τῶν
542 3944 683 4016 ὑπὲρ
703 3945 809 4015 γῆς
841 3945 975 4015 (61),
1009 3945 1147 3998 ἀλλὰ
1179 3946 1275 3998 καὶ
1297 3945 1419 3997 ὅσαι
1443 3945 1548 3997 ὑπὸ
1569 3947 1672 4013 γῆν
1709 3946 1864 4016 ῥέου-

280 4052 395 4100 σαι,
429 4035 528 4089 καὶ
571 4037 854 4107 σήραγγάς
884 4035 992 4107 (62)
1019 4053 1172 4100 τινας
1201 4036 1610 4108 ὑποτρέχουσαι,
1645 4034 1742 4092 εἶτ’
1785 4036 1867 4103 ἐξ·

276 4124 590 4198 ωοούμεναι
641 4126 799 4197 βιαίῳ
831 4127 908 4198 τῷ
941 4127 1210 4198 πνεύματι
1242 4127 1340 4181 καὶ
1380 4128 1863 4199 ἀντιτυπούμεναι,

351 4328 465 4396 (55)
503 4326 874 4398 Γραμμαῒς...
908 4329 1019 4382 οὐκ
1046 4329 1277 4396 οὔσαις.
1333 4349 1349 4380 ι
1384 4328 1566 4384 Lineis
1592 4345 1856 4399 nusquam

277 4399 620 4456 exstantibus
659 4413 676 4452 :
717 4401 798 4452 vel
829 4400 992 4467 quod,
1033 4418 1053 4452 ι
1093 4400 1268 4469 inquit
1308 4399 1470 4460 Elias,
1513 4418 1532 4452 ι
1577 4401 1628 4454 in
1690 4401 1856 4454 animi

279 4469 715 4523 consideratione
744 4484 848 4522 non
880 4470 1138 4531 haereant,
1173 4480 1475 4538 postquam,
1505 4485 1693 4528 earum
1726 4486 1860 4539 qua-

278 4541 324 4594 si
361 4539 650 4593 simulacra
687 4539 1034 4604 evanuerint;
1067 4539 1148 4592 vel
1182 4542 1345 4606 quod,
1390 4559 1409 4591 »
1450 4542 1599 4593 addit
1631 4540 1818 4594 liillius
1843 4579 1858 4605 ,

285 4629 304 4662 ι
350 4609 525 4663 oculis
556 4610 702 4662 cerni
735 4619 1024 4678 nequeant.
1069 4629 1087 4661 ι
1120 4608 1313 4676 Quidni
1357 4611 1550 4678 potius.
1581 4611 1860 4672 addemus,

279 4681 424 4748 quod
481 4694 589 4734 non
627 4679 938 4749 exste_nt_in
972 4695 1153 4733 rerum
1191 4692 1415 4744 natura;
1462 4681 1657 4749 quippe
1686 4696 1806 4749 qum
1831 4695 1863 4734 a

282 4747 686 4804 mathematicis
712 4747 824 4802 sola
857 4747 1211 4817 longitudinis
1238 4747 1570 4803 dimensidue
1595 4747 1866 4804 conside-

279 4829 493 4901 rantur,
521 4819 670 4872 nulla
702 4819 886 4872 habita
912 4820 1127 4874 ratione
1156 4819 1460 4874 latitudinis
1498 4831 1552 4874 et
1585 4820 1864 4890 profundi-

280 4899 428 4946 tatis.
1177 4901 1188 4910 ‘

350 4959 466 5028 (54)
505 4958 929 5027 Παλαμήδους.
994 4957 1209 5014 Primus
1269 4958 1582 5014 Palamedes
1657 4959 1860 5024 fertur,

277 5046 474 5100 gruum
533 5031 864 5098 compositos
897 5039 1076 5083 motus
1118 5030 1474 5100 observando,
1525 5032 1739 5099 liguras,
1779 5046 1866 5084 se-

277 5099 515 5154 cundum
545 5113 682 5168 quas
724 5101 1064 5153 instruuntur
1092 5101 1258 5162 acies,
1295 5099 1585 5154 invenisse.
1620 5101 1758 5167 Quid
1798 5103 1864 5154 de

277 5171 506 5240 gruibus
535 5170 754 5240 scripsit
780 5169 1010 5240 Plinius,
1029 5169 1158 5240 lege
1179 5169 1269 5223 lib.
1310 5185 1361 5232 x,
1389 5183 1437 5240 c_.
1479 5169 1569 5224 24.

350 5239 466 5310 (55)
507 5239 752 5305 Φειδίαι,
780 5239 1196 5305 καὶΖεύξιδες,
1222 5249 1341 5310 etc.
1361 5258 1377 5288 ι
1402 5237 1622 5293 Phidias
1653 5258 1672 5290 δ
1703 5239 1865 5294 Athe-

279 5309 515 5372 niensis,
537 5310 730 5363 nobilis
745 5310 1062 5372 statuarius,
1097 5312 1186 5378 qui
1217 5309 1270 5362 in
1299 5309 1459 5379 ebore
1481 5311 1767 5379 scalpeudo
1794 5311 1866 5363 ci-

277 5389 363 5434 tra
404 5379 658 5434 aemulum
687 5380 907 5434 claruit.
951 5398 971 5430 ι
1007 5377 1205 5434 Zeuxis
1250 5397 1269 5430 ι
1318 5377 1662 5433 Heracleotes
1692 5381 1866 5448 pictor

277 5464 377 5505 sua
407 5460 568 5504 astate
591 5450 878 5504 maximus.
922 5468 941 5501 ι
971 5449 1316 5521 Polygnotus,
1340 5467 1371 5521 ⁸ι
1409 5451 1582 5521 patria
1609 5450 1858 5521 Thasius,

276 5529 337 5600 et
368 5521 567 5600 pictor,
607 5521 956 5600 nonagesima
987 5518 1303 5600 Olympiade
1331 5518 1531 5572 ﬂoruit.
1551 5538 1580 5600 ,ι
1617 5519 1859 5600 Parrha-

279 5590 432 5660 sius,
463 5608 482 5641 ι
519 5591 694 5656 pictor
717 5589 963 5660 insignis,
989 5591 1080 5660 qui
1109 5591 1314 5658 primus
1340 5590 1654 5660 syiuetriam
1688 5590 1868 5660 pictu-

286 5673 365 5713 rae
403 5659 586 5730 dedit:
603 5676 634 5730 _t
677 5658 989 5730 Aglaophon
1007 5658 1039 5712 3
1078 5662 1252 5730 pictor
1279 5658 1678 5724 nobilissimus,
1715 5658 1866 5727 cujus

281 5729 533 5785 meminit
560 5727 762 5782 Plinius
795 5727 1032 5794 lfxxxv‘,
1059 5727 1110 5784 (ἱ.
1137 5729 1190 5784 9.

351 5797 471 5872 (56)
509 5796 844 5870 Κνώσσιος,
877 5809 980 5859 etc.
1023 5818 1042 5855 ι
1080 5798 1322 5859 Gnossus
1355 5817 1373 5856 ι
1416 5801 1543 5860 urbs
1559 5800 1731 5858 (ἐπείτε
1755 5799 1862 5858 cla-

2036 2201 2224 2258 XXVI.
2266 2202 2419 2268 Quod
2461 2201 2506 2256 si
2571 2202 2766 2255 horum
2807 2200 3049 2254 omnium
3101 2197 3339 2252 rationes
3396 2211 3543 2250 asse-

1964 2295 2176 2365 queris,
2222 2309 2287 2347 ac
2326 2291 2670 2362 prudentiam
2716 2305 2858 2354 eam,
2890 2304 2996 2360 qua
3024 2288 3412 2357 gubernantur,
3448 2303 3541 2340 co-

1964 2386 2172 2456 gnitam
2224 2393 2278 2438 et
2331 2383 2664 2452 exploratam
2699 2382 2889 2445 habes,
2939 2380 3126 2434 confer
3155 2379 3267 2448 jam
3305 2382 3541 2433 animum

1965 2475 2034 2530 ad
2068 2475 2221 2528 varia
2256 2473 2507 2542 stirpium
2541 2487 2764 2542 genera,
2791 2471 3192 2540 artiﬂciumque
3218 2471 3378 2525 etiam
3415 2469 3541 2523 illud

1965 2567 2232 2637 expende,
2267 2566 2409 2634 quod
2440 2563 2586 2619 foliis
2620 2563 2751 2632 ipsis
2792 2563 2955 2626 inest,
2999 2562 3266 2632 simulque
3289 2572 3341 2615 et
3371 2562 3544 2614 maxi-

1964 2675 2106 2714 mam
2170 2657 2344 2713 oculis
2411 2657 2758 2727 voluptatem,
2826 2662 2879 2710 et
2939 2653 3200 2707 fructibus
3258 2653 3542 2706 utilitatem

1962 2751 2140 2808 aﬂ'ert.
2180 2751 2498 2814 Considera,
2552 2763 2756 2818 quaeso,
2793 2757 2848 2802 et
2908 2747 3174 2800 fructuum
3216 2745 3540 2798 varietatem

1961 2855 2016 2901 et
2061 2845 2391 2900 uberrimam
2436 2842 2671 2911 copiam,
2710 2855 2775 2895 ac
2829 2839 3131 2910 przesertim
3166 2852 3378 2900 eorum,
3424 2851 3543 2904 qua

1961 2939 2026 2992 ad
2059 2938 2224 2992 vitam
2251 2937 2546 3006 degendam
2574 2935 2806 2988 maxime
2845 2931 3153 2987 necessaria
3197 2939 3344 2994 sunt,
3381 2945 3531 2983 sum-

1963 3044 2106 3083 matn
2168 3026 2647 3096 pulchritudinem.
2704 3022 2895 3092 Cogita
2962 3023 3124 3075 etiam
3187 3019 3446 3088 stirpium
3490 3026 3545 3073 et

1965 3136 2272 3184 succorum,
2331 3127 2386 3174 et
2443 3118 2636 3174 ﬂorum
2699 3128 2862 3187 atque
2917 3116 3166 3179 odorum,
3216 3128 3322 3167 non
3381 3111 3545 3166 modo

1964 3213 2436 3278 suavissimorum,
2462 3224 2649 3265 verum
2674 3209 2835 3264 etiam
2873 3210 2940 3262 ad
2971 3205 3213 3276 corporis
3254 3205 3540 3258 sanitatem

1964 3307 2393 3378 aptissimorum,
2453 3303 2598 3358 vires
2653 3313 2710 3357 et
2751 3299 3050 3364 facultates,
3107 3296 3345 3351 colorum
3378 3296 3541 3349 etiam

1964 3399 2286 3469 elegantiam
2315 3404 2372 3450 et
2396 3395 2708 3465 qualitates,
2741 3401 2904 3462 atque
2939 3392 3162 3457 insuper
3201 3403 3535 3458 gemmarum

1964 3489 2162 3544 eximia
2194 3488 2366 3558 pretia
2393 3495 2449 3542 et
2475 3486 2822 3556 splendores;
2862 3481 3295 3554 quandoquidem
3331 3478 3540 3546 omnia,

1967 3593 2072 3638 tam
2109 3597 2228 3650 quae
2263 3582 2330 3636 ad
2363 3579 2700 3635 necessarios
2737 3577 2860 3632 vitae
2907 3591 3058 3640 usus,
3097 3589 3261 3644 quam
3312 3586 3430 3642 qua:
3463 3571 3532 3625 ad

1963 3674 2181 3730 delicias
2232 3683 2497 3743 spectant,
2544 3671 2690 3724 velut
2737 3671 2791 3724 in
2831 3666 3102 3725 communi
3153 3664 3404 3720 convivio
3438 3677 3538 3716 na-

1968 3774 2086 3819 tura
2119 3765 2435 3835 proposuit;
2473 3773 2551 3828 ut,
2583 3764 2628 3819 si
2676 3763 2810 3817 nihil
2848 3761 3016 3826 aliud,
3060 3774 3126 3813 ex
3170 3758 3301 3827 ipsis
3341 3755 3538 3811 saltem

1970 3859 2251 3914 beneﬂciis
2284 3860 2448 3912 Deum
2480 3871 2796 3927 cognoscas,
2831 3865 2996 3921 atque
3027 3853 3096 3906 ob
3123 3850 3400 3921 penuriam
3433 3863 3540 3918 qua

1969 3953 2207 4017 laboras,
2275 3950 2446 4020 teipse
2506 3947 2825 4018 prudentior
2881 3944 3158 4001 eﬂiciaris.
3208 3941 3347 3996 Hinc
3410 3939 3542 3994 mihi

1970 4043 2156 4109 l'aeito,
2193 4051 2252 4096 ut
2281 4053 2438 4096 terrae
2467 4041 2770 4095 communis
2803 4038 3045 4093 omnium
3076 4033 3314 4107 parentis
3357 4032 3544 4087 latitu-

1972 4131 2153 4186 dinem
2193 4129 2693 4200 longitudinemque
2737 4141 3044 4199 percurras,
3086 4134 3141 4181 et
3173 4125 3340 4180 maris
3369 4123 3542 4190 sinus,

1966 4331 2200 4396 rissima,
2245 4333 2438 4390 Minois
2472 4333 2639 4403 regia,
2669 4331 2796 4403 olim
2839 4349 2859 4382 ι
2899 4329 3129 4403 (ἔρημος
3163 4346 3182 4379 ι
3215 4324 3476 4403 appellata
3511 4339 3542 4378 a

1964 4402 2143 4457 vicino
2166 4403 2408 4472 ejusdem
2438 4397 2670 4458 nominis
2701 4401 2882 4456 ﬂuvio.
2917 4401 2987 4454 Ea
3014 4397 3125 4472 fuit
3153 4399 3292 4472 apud
3332 4406 3545 4472 veteres

1967 4473 2032 4542 de
2060 4465 2273 4528 Dazdalo
2305 4475 2511 4542 opinio,
2551 4473 2692 4539 quod
2723 4473 2917 4527 statuis
2948 4465 3312 4542 immobilibus
3357 4465 3544 4520 oculos

1966 4541 2260 4606 induxerit,
2315 4539 2780 4613 a'tqtte’elfecerit,
2827 4540 3021 4595 abditis
3067 4539 3381 4613 quibusdam
3422 4550 3546 4588 ner-

1963 4613 2071 4676 vis,
2111 4623 2170 4666 ut
2217 4615 2322 4668 huc
2354 4607 2515 4682 atque
2559 4612 2684 4668 illuc
2729 4607 3093 4682 moverentur,
3135 4610 3269 4682 adeo
3300 4607 3546 4682 scite,_‘ut

1966 4674 2337 4748 speetantibus
2387 4674 2566 4738 vivere
2609 4683 2940 4736 viderentur.
2969 4681 3101 4734 Vide
3137 4678 3425 4748 Diodorum
3458 4674 3545 4748 Si-

1965 4744 2145 4805 culum
2183 4753 2276 4809 lib.
2323 4770 2375 4816 v,
2428 4761 2535 4808 etc.
2591 4753 2734 4806 idem
2790 4751 3034 4805 Dmdalus
3075 4747 3436 4817 labyrinthum
3466 4744 3546 4817 _in

1967 4821 2128 4875 Creta
2159 4813 2482 4888 construxit,
2510 4823 2789 4888 multiplici
2821 4823 3066 4874 iutricata
3091 4813 3300 4871 viarum
3334 4813 3544 4888 perple-

1969 4892 2140 4946 xitate
2168 4882 2586 4949 irremeabil'em.
2631 4882 2762 4949 Vide
2798 4891 2988 4962 Virgil.
3031 4889 3164 4944 ΛΞιι.
3199 4903 3254 4952 v,
3287 4882 3344 4940 et
3383 4882 3540 4939 Ovid.

1968 4960 2189 5014 Metam.
2219 4979 2334 5014 vm.

2029 4972 2189 5016 etum.
2219 4979 2334 5019 νιιι.

2037 5031 2150 5102 (57)
2189 5033 2300 5087 Καὶ
2332 5035 2651 5101 πολλάκις,
2678 5044 2786 5087 etc.
2829 5050 2849 5084 ‹
2881 5031 3056 5100 Atque
3081 5026 3372 5083 artiﬁciosa
3395 5023 3538 5079 trau-

1969 5101 2034 5154 de
2064 5101 2333 5158 multoties
2363 5104 2762 5170 reciprocatu's?
2794 5123 2812 5155 ι

2037 5172 2150 5312 (58)
2195 5174 2424 5243 Ταμεῑα.
2457 5175 2722 5238 Combel‘.,
2748 5172 2990 5244 ταμιεῖα.
3393 5203 3398 5208 ι

2063 5242 2150 5312 59)
2191 5246 2352 5312 Περί.
2385 5246 2540 5297 Deest
2569 5245 2618 5297 in
2650 5246 2822 5297 tribus
2851 5242 3026 5301 Colb.,
3059 5247 3112 5312 e_t
3139 5237 3237 5312 Or.
3261 5237 3314 5291 1.

2063 5237 2150 5312 59)
2191 5237 2352 5312 Habt.
2385 5246 2540 5297 Deest
2569 5245 2618 5297 in
2650 5237 2834 5297 tribus
2851 5242 3026 5301 Colb.,
3059 5247 3112 5312 e_t
3139 5237 3237 5312 Or.
3261 5237 3314 5291 1.

1969 5307 2148 5453 p£60)
2185 5307 2683 5384 Συὶρδεδεμένους.
2714 5315 2804 5368 Sic
2825 5313 2956 5380 lteg.
2994 5327 3044 5365 a.
3078 5308 3138 5363 In
3176 5311 3286 5372 ed.,
3320 5307 3535 5360 συνδεο-

2040 5399 2183 5446 νους.
3019 5443 3034 5453 ι
3441 5452 3445 5453 γ

2040 5399 2183 5446 νους.

2037 5443 2155 5522 (ti!)
2189 5450 2302 5505 Καὶ
2333 5448 2456 5522 τῶνζ
2476 5447 2628 5517 ὑπὲρ
2648 5447 2780 5518 γῆς,
2807 5457 2964 5522 etc._¢
2995 5443 3539 5522 Qumqtie_super}er-

1966 5513 2104 5588 ram,
2130 5513 2190 5577 'et
2226 5537 2351 5590 quae
2376 5519 2566 5574 subtus
2587 5513 2817 5573 lci-ram.
2856 5535 2875 5568 ι
2906 5515 3067 5570 Forte
3107 5513 3376 5590 significat
3406 5513 3546 5590 Gre...

1967 5583 2150 5661 gorius
2179 5583 2346 5660 aq'uas
2384 5590 2604 5661 calidas,
2647 5597 2700 5643 et
2727 5603 2820 5643 eas
2849 5602 2967 5656 qua:
2989 5601 3054 5640 ex
3089 5584 3320 5639 metallis
3364 5583 3538 5640 medi-

1967 5659 2244 5717 caminum
2265 5661 2372 5714 vim
2402 5659 2680 5713 hauriunt.

2042 5732 2156 5805 (62)
2197 5730 2532 5801 Σήραγγας.
2569 5729 2625 5785 lu
2653 5725 2994 5798 quibusdam,
3021 5722 3300 5794 σύριγγας.
