3890 6214
333 291 405 350 es
1510 295 1571 351 s.
1610 293 1942 352 GREGORII
1982 282 2329 351 TllEOLOCl
3517 285 3600 344 es

332 410 450 460 tum
480 404 667 459 mutuo
706 418 870 472 nexu,
902 412 1015 460 tum
1047 404 1213 462 etiam
1260 420 1384 462 cum
1423 416 1565 463 terra
1595 408 1740 464 velut
1789 409 1910 464 vin-

2043 402 2109 462 ἴτ’
2140 406 2548 478 ἑκπυρούμεναι
2576 390 2677 477 τῷ
2730 403 2944 477 σφοδρῷ
2986 404 3086 475 τῆς
3122 401 3299 473 πάλης
3348 402 3441 455 κα)¹
3489 403 3601 472 τῆς

336 495 472 552 culis
496 495 817 567 quibusdam
845 498 1194 566 constrictos,
1220 508 1276 555 et
1304 514 1583 555 nemorum
1611 500 1911 569 pulchritu-

337 585 511 651 dines,
558 595 614 641 et
656 585 870 656 ﬂuvios,
926 596 987 644 et
1034 586 1211 645 fontes
1265 587 1456 644 uberes
1492 604 1559 645 ac
1615 604 1906 661 perennes,

339 693 447 733 non
479 677 638 733 modo
664 679 964 748 gelidarum
996 689 1053 735 et
1075 680 1389 750 potabilium
1426 695 1714 753 aquarum,
1758 698 1913 753 quaa-

338 783 445 839 que
466 770 518 824 in
548 779 692 825 terra
720 780 866 839 sunt,
902 773 995 827 secl
1019 788 1210 827 earum
1254 772 1444 838 etiam,
1474 788 1596 843 qua:
1619 773 1760 830 infra
1800 783 1914 831 ter-

341 876 457 916 ram
517 859 768 929 ﬂuentes,
817 872 872 919 et
924 879 1119 934 specus
1166 865 1427 936 quosdam
1475 866 1791 933 subeuntes,
1848 882 1915 923 ac

342 951 537 1008 deinde
569 952 803 1008 violento
833 953 1015 1023 aliquo
1054 952 1184 1008 llatu
1229 952 1472 1025 impulsa:
1512 964 1677 1023 atque
1729 969 1914 1024 reper-

342 1055 537 1108 cussae,
592 1056 778 1114 postea
828 1058 928 1114 per
965 1043 1246 1101 conﬂictus
1282 1043 1508 1116 latjusce
1549 1056 1715 1116 atque
1760 1047 1917 1102 oblu-

342 1133 594 1189 ctationis
652 1134 1046 1192 vehementiam
1103 1135 1480 1202 inﬂammatae,
1537 1152 1753 1206 quaqua
1806 1137 1918 1194 fors

347 1222 566 1289 tulerit,
618 1225 876 1295 paulatim
933 1235 1268 1296 erumpunt,
1329 1228 1565 1290 hincque
1617 1229 1916 1284 calidorum

2011 499 2360 562 ἀντιθέσεως,
2390 499 2496 569 ὅπη
2533 497 2788 569 παρείκοι
2816 497 2958 551 κατὰ
2991 494 3185 568 μικρὸν
3214 479 3600 564 άναρῤήγνυνσῖ

2010 608 2123 657 ται,
2158 591 2253 644 καὶ
2282 590 2378 662 τὴν
2419 590 2531 644 τῶν
2575 590 2794 661 θερμῶν
2845 587 3086 660 λουτρῶν
3119 587 3308 660 χρείαν
3341 583 3601 639 ἐντεῦθεν

2012 686 2144 755 ἡμῖν
2194 684 2525 755 χαρίζονται,
2569 679 2837 752 πολλαχοῦ
2884 680 2983 751 τῆς
3031 679 3155 750 γῆς,
3200 677 3295 730 κα).
3330 675 3472 746 μετὰ
3493 676 3603 746 τῆς

2012 775 2262 839 ἐναντίας
2291 776 2405 842 (65)
2437 775 2736 844 δυνάμεως,
2775 772 3017 844 ἰατρείαν
3044 769 3274 841 ἄμισθον
3309 770 3402 822 καὶ
3437 767 3604 822 αύτό-

2018 884 2203 937 ματον.
2235 866 2369 920 Εἰπὲ
2393 866 2509 930 πῶς
2531 867 2627 919 καὶ
2650 864 2814 918 πόθεν
2842 863 3015 917 ταῦτα
3038 880 3053 928 ;
3083 861 3147 916 Τί
3166 860 3229 914 τὸ
3263 860 3405 931 μέγα
3434 858 3602 912 τοῦτο

2014 960 2111 1012 καὶ
2143 959 2363 1029 ἄτεχνον
2394 957 2505 1029 (64)
2541 958 2809 1028 (leaena;
2842 956 2955 1026 Οὐχ
2998 950 3161 1026 ἦττον
3203 950 3463 1007 ἐπαινετά
3493 950 3602 1021 τῆς

2017 1048 2153 1120 πρὸς
2180 1048 2385 1117 ἄλληλα
2427 1048 2667 1119 σχέσεως
2705 1046 2842 1119 (65),
2874 1044 3067 1117 ἢκαθ²
3100 1044 3331 1099 ἕκαστον
3357 1040 3599 1113 θεωρού-

2020 1157 2175 1210 μενα.
2209 1140 2334 1203 Πῶς
2364 1141 2440 1211 γῆ
2473 1141 2571 1211 μὲν
2607 1139 2807 1210 ἕστηκε
2857 1136 3031 1206 παγία
3075 1136 3172 1189 καὶ
3215 1132 3474 1202 άκλινής;
3502 1132 3603 1184 ἐπὶ

2016 1232 2160 1295 τίνος
2191 1232 2492 1303 ὀχουμένης
2535 1232 2631 1284 καὶ
2661 1231 2803 1292 τίνος
2840 1228 2991 1292 ὄντος
3035 1226 3128 1280 τοῦ
3178 1223 3597 1297 ὑπερείδοντοςς

341 1312 660 1369 balneorum
709 1330 865 1371 usum
915 1318 1073 1373 nobis
1122 1319 1400 1388 plerisque
1441 1330 1598 1374 terra:
1660 1320 1813 1383 locis,
1862 1328 1920 1374 et

2043 1322 2112 1374 ια).
2141 1321 2285 1384 τίνος
2320 1324 2495 1373 ἐκεῖνο
2516 1320 2679 1373 πάλιν
2704 1337 2721 1386 ;
2747 1318 2883 1373 Οὐδὲ
2910 1317 3020 1388 γὰρ
3043 1318 3072 1368 ὁ
3100 1315 3255 1384 λόγος
3289 1314 3422 1385 ἔχει,
3453 1311 3542 1381 ἐφ’
3569 1310 3602 1364 ὃ

344 1420 469 1461 cum
527 1407 800 1461 contraria
851 1408 1141 1473 facultate,
1196 1410 1560 1480 suppeditant,
1621 1412 1917 1480 gratuitam

2043 1410 2259 1482 γρεισθῇ,
2290 1410 2426 1482 πλὴν
2452 1410 2545 1463 τοῦ
2574 1409 2720 1462 θείου
2762 1407 3085 1479 θελήματος.
3131 1405 3243 1458 Καὶ
3278 1405 3396 1468 πῶς
3427 1405 3462 1475 ἡ
3499 1402 3600 1474 μὲν

346 1498 558 1554 scilicet
583 1499 910 1555 medicinam
939 1517 1002 1557 ac
1033 1501 1194 1572 517
1234 1513 1427 1570 sponte
1480 1513 1917 1571 promanantetn.

2043 1504 2099 1566 μίς
2132 1503 2275 1574 ὀρῶν
2301 1502 2548 1574 κορυφὰς
2580 1501 2885 1571 ἀνηγμένη,
2917 1500 2950 1570 ἡ
2990 1498 3049 1552 δὲ
3082 1499 3162 1562 είς
3186 1497 3342 1552 πεδία
3372 1497 3603 1561 καθεζο-

344 1588 1008 1661 Dic,obsecro,quomodo
1029 1603 1084 1647 et
1103 1594 1242 1648 unde
1264 1594 1415 1648 haec?
1436 1594 1694 1660 Quaenam
1724 1608 1921 1664 magna

2043 1596 2183 1664 ιένη,
2225 1594 2320 1648 καὶ
2348 1593 2505 1646 τοῦτο
2546 1591 2871 1655 πολυειδῶς,
2914 1591 3009 1644 καὶ
3049 1588 3329 1653 ποικίλως,
3364 1588 3459 1642 καὶ
3480 1589 3604 1651 ταῖς

348 1683 466 1738 haec
499 1692 663 1753 atque
691 1686 826 1739 artis
859 1700 1057 1754 expers
1088 1686 1334 1741 textura?
1375 1686 1485 1741 Nec
1516 1686 1664 1741 enim
1700 1686 1771 1742 ob
1803 1702 1924 1740 ntu-

2022 1684 2143 1737 κατ’
2174 1683 2353 1752 ὀλίγον
2398 1683 2718 1752 ἐναλλαγαῖς
2773 1680 3161 1754 μεθισταμένη,
3213 1680 3351 1752 πρός
3394 1696 3458 1732 τε
3501 1678 3603 1749 τὴν

350 1782 494 1828 tuam
559 1749 682 1829 eam
732 1749 1107 1841 all'ectionem,
1161 1791 1322 1846 quam
1364 1777 1505 1832 inter
1561 1792 1622 1832 se
1690 1776 1920 1843 habent,

2043 1775 2214 1846 (ρείαν
2246 1749 2390 1829 ἐστὶν
2418 1749 2789 1846 άφθονῶτέρα,
2816 1776 2911 1828 καὶ
2947 1749 3025 1845 τῶ
3065 1749 3295 1841 ποικίλίρ
3325 1768 3608 1841 χαριεστέ-

349 1864 532 1921 minus
572 1865 749 1923 laudis
812 1878 1110 1932 merentur,
1161 1885 1325 1939 quam
1369 1869 1418 1925 si
1461 1870 1688 1926 seorsim
1723 1886 1920 1925 unum-

350 1956 602 2028 quodque
655 1961 1049 2016 consideretur.
1100 1961 1218 2030 Qno
1267 1972 1424 2034 pacto
1479 1973 1622 2017 terra
1675 1963 1833 2019 lit-ma
1868 1974 1925 2019 et

352 2045 574 2103 immota
630 2051 911 2106 constitit?
942 2051 1209 2119 Quidnam
1257 2068 1356 2121 pro
1427 2055 1678 2109 vehiculo
1718 2053 1920 2109 habet?

352 2138 517 2207 Cujus
541 2141 618 2196 rei
645 2143 976 2198 adminiculo
1020 2144 1275 2200 fulcitur?
1312 2145 1559 2216 Quidque
1599 2162 1784 2200 rursus
1811 2145 1920 2199 lul—

355 2237 532 2286 turam
588 2233 733 2288 illam
780 2237 1053 2292 sustinet?
1097 2237 1282 2306 Neque
1334 2237 1479 2292 enim
1525 2237 1719 2292 rationi
1768 2237 1927 2305 quid-

2028 1883 2134 1938 ρα;
2163 1867 2259 1920 καὶ
2287 1869 2321 1938 ἡ
2360 1867 2459 1937 μὲν
2478 1868 2561 1930 είς
2592 1867 2836 1937 οἰκήσεις
2867 1864 3230 1935 νενεμημένη,
3261 1864 3295 1934 ἡ
3331 1862 3388 1916 δὲ
3411 1860 3605 1931 ἀοίκηι

2023 1976 2134 2023 τος,
2157 1959 2289 2030 ὅσην
2330 1960 2386 2012 αἱ
2418 1958 2715 2030 ὑπερϐολαὶ
2741 1959 2850 2013 τῶν
2893 1958 3036 2029 ὁρῶν
3065 1956 3478 2026 ἀποτέμνονται,
3512 1953 3609 2008 καὶ

2028 2051 2160 2121 ἄλλη
2186 2051 2321 2122 πρὸς
2348 2050 2474 2105 ἄλλο
2496 2069 2550 2104 τι
2578 2053 2749 2121 πέρας
2770 2040 3061 2122 σχιζομένη
3091 2050 3187 2103 κα).
3210 2046 3608 2109 ἀποὸαίνουσα,

2028 2142 2129 2214 τῆς
2161 2142 2255 2195 τοῦ
2294 2141 2430 2194 Θεοῦ
2466 2140 2866 2212 μεγαλουργίας
2896 2140 3288 2214 ἐναργέστατόν
3318 2139 3434 2193 ἐστι
3466 2137 3613 2207 γνώ-

2035 2251 2239 2309 ρισμα;

354 2342 543 2396 quam,
589 2328 673 2383 cui
707 2330 996 2401 innitatur,
1059 2331 1326 2398 occurrit,
1395 2332 1443 2386 si
1493 2332 1728 2386 divinam
1767 2330 2096 2386 voluntatem
2138 2330 2440 2399 exceperis.
2478 2327 2596 2396 Quo
2634 2337 2793 2398 pacto
2839 2343 2928 2395 ea,
2997 2328 3194 2398 partim
3239 2328 3294 2383 in
3344 2327 3612 2383 montium

356 2421 588 2476 vertices
624 2424 946 2491 assurgens,
994 2423 1191 2493 partim
1237 2425 1293 2479 in
1356 2437 1577 2492 campus
1615 2420 1924 2483 subsidens,
1967 2419 2128 2488 idque
2203 2420 2351 2475 varie
2418 2429 2473 2475 et
2507 2418 2901 2489 multipliciter,
2953 2434 3019 2474 ac
3060 2416 3294 2487 denique
3348 2416 3612 2488 paulatim

356 2516 672 2573 alternando
728 2529 1098 2587 commutata,
1154 2528 1265 2574 tum
1330 2520 1399 2575 ad
1462 2518 1741 2575 hominum
1798 2530 1931 2572 usus
1971 2515 2209 2580 uberior,
2250 2523 2362 2569 tum
2406 2514 2671 2568 varietate
2708 2514 2824 2586 ipsa
2880 2514 3216 2584 jucundior?
3259 2512 3361 2579 Qui
3401 2510 3463 2566 lit
3491 2549 3510 2577 ,
3554 2520 3617 2565 ut

357 2616 553 2684 partim
588 2616 639 2670 in
681 2615 952 2672 domicilia
1002 2616 1171 2672 divisa
1217 2617 1309 2683 sit,
1357 2617 1553 2686 partim
1610 2613 1810 2671 inculta
1860 2622 1915 2669 et
1951 2610 2324 2668 inhabitabilis
2385 2610 2762 2680 relinquatur,
2834 2617 3094 2680 quantum
3143 2608 3397 2663 nimirum
3429 2605 3618 2663 excel-

358 2708 558 2764 sissimi
617 2710 818 2779 quique
882 2719 1091 2766 montes
1159 2713 1226 2766 ab
1254 2726 1320 2765 ea
1368 2711 1715 2775 abscindunt,
1764 2719 1928 2779 atque
1966 2708 2067 2762 alia
2113 2707 2180 2761 ad
2216 2704 2380 2760 alium
2430 2705 2721 2774 quemdam
2773 2704 2921 2760 orbis
2991 2704 3153 2761 tinent
3221 2703 3457 2760 dissecta
3495 2718 3621 2773 por-

359 2810 617 2870 rectaque
650 2801 816 2856 divini
862 2800 1061 2871 opilicii
1110 2800 1566 2872 magniﬁcentiam
1616 2797 2044 2855 luculentissimo
2074 2802 2395 2866 argumento
2430 2793 2705 2849 declarat?

435 2890 643 2946 XXVII.
685 2891 803 2948 lam
840 2908 969 2949 vero
995 2908 1168 2958 mare,
1213 2895 1259 2949 si
1303 2909 1409 2948 non
1440 2894 1809 2964 magnitudine
1836 2908 1931 2950 sua

2107 2889 2234 2942 KZ'.
2280 2887 2560 2958 Θαλάττης
2605 2886 2683 2950 δὲ,
2733 2887 2781 2940 εί
2831 2887 2928 2950 μὲν
2985 2886 3059 2959 μὴ
3102 2887 3163 2940 τὸ
3210 2886 3436 2958 μέγεθος
3467 2882 3620 2959 εἶχον

362 2980 611 3038 mirabile
638 2983 766 3037 mihi
799 2994 1113 3040 occurreret
1139 3024 1154 3050 ,
1190 2985 1469 3040 lenitatem
1511 2984 1698 3053 utique
1724 2992 1782 3038 et
1813 2985 1934 3055 pla-

360 3074 640 3129 ciditatent
697 3075 1015 3141 admirarer,
1060 3075 1332 3147 simulque
1366 3093 1476 3148 quo
1519 3088 1681 3149 pacto
1730 3076 1843 3145 ﬁat,
1880 3085 1941 3132 ut

363 3165 614 3236 quamvis
650 3165 878 3221 liberum
922 3182 987 3223 ac
1037 3168 1295 3233 solutum,
1352 3169 1552 3226 ﬁnibus
1606 3180 1785 3225 tamen
1825 3173 1939 3226 suis

364 3256 674 3312 consistat:
707 3258 854 3328 quod
906 3257 954 3313 si
1002 3273 1107 3313 non
1158 3259 1460 3326 lenitatem,
1512 3261 1938 3331 magnitudinem

369 3356 521 3402 certe
560 3347 913 3415 suspicerent.
972 3347 1243 3415 Quoniam
1284 3358 1466 3405 autem
1514 3361 1743 3420 utraque
1786 3350 1942 3406 laude

367 3438 604 3503 excellit,
651 3449 938 3507 utramque
997 3441 1107 3495 vim
1153 3448 1207 3496 et
1257 3441 1568 3498 facultatem
1616 3443 1937 3512 przedicabo.

372 3528 506 3596 Quis
531 3535 733 3583 tantam
760 3544 1026 3598 aquarum
1050 3530 1248 3587 molem
1276 3531 1599 3602 conjunxit?
1629 3533 1760 3599 Quis
1785 3532 1942 3603 quasi

372 3621 606 3677 vinculis
627 3621 947 3690 quibusdam
981 3623 1279 3677 astrinxit?
1312 3623 1417 3691 Qui
1450 3625 1531 3692 lit,
1557 3632 1617 3679 ut
1642 3625 1941 3688 attollatnr,

369 3721 426 3767 et
452 3721 628 3767 tamen
657 3712 773 3767 loco
807 3726 904 3768 suo
936 3726 995 3767 se
1026 3713 1325 3779 contineat,
1358 3715 1583 3783 perinde
1615 3730 1679 3770 ac
1710 3716 1943 3770 vicinam

374 3813 577 3858 terram
626 3803 893 3859 reverita?
946 3803 1049 3871 Qui
1096 3804 1174 3868 tit,
1239 3817 1295 3859 ut
1352 3820 1475 3860 cum
1509 3805 1700 3861 lluvios
1753 3822 1944 3862 omnes

373 3893 636 3961 excipiat,
663 3893 734 3948 ob
766 3895 1128 3949 exuberantes
1152 3901 1332 3949 tamen
1375 3909 1504 3964 opes
1534 3904 1590 3950 et
1619 3894 1821 3965 copias,
1854 3906 1948 3950 aut

375 4001 484 4056 quo
512 3985 677 4040 verbo
716 3984 768 4039 id
793 3984 1170 4056 appellandum
1212 3984 1303 4051 sit,
1347 3985 1552 4052 nescio,
1599 3985 1799 4040 nullam
1832 4001 1949 4040 am-

372 4079 658 4150 plitudinis
705 4077 1071 4135 accessionem
1117 4078 1305 4143 faciat,
1358 4080 1455 4134 sed
1501 4080 1691 4133 eadem
1736 4092 1949 4148 semper

2039 2979 2361 3051 θαυμάζειν,
2387 2978 2674 3049 ἐθαύμασα
2700 2977 2765 3032 ἂν
2793 2979 2853 3031 τὸ
2877 2978 3106 3050 ἥμερον,
3131 2979 3226 3032 καὶ
3256 2980 3372 3043 πῶς
3399 2979 3612 3033 ἵσταται

2037 3072 2304 3143 λελυμένη
2339 3070 2448 3125 τῶν
2477 3070 2621 3124 ἰδίων
2644 3070 2787 3141 ὅρων
2822 3070 2999 3134 ὲντός-
3027 3073 3075 3123 εί
3100 3071 3156 3124 δὲ
3187 3071 3261 3142 μὴ
3289 3071 3349 3124 τὺ
3377 3072 3611 3144 ἥμερον,

2040 3166 2257 3228 πάντως
2285 3164 2348 3217 τὸ
2383 3163 2630 3234 μέγεθος.
2677 3163 2828 3216 Ἐπεὶ
2851 3162 2907 3215 δὲ
2939 3163 3247 3234 ἀμφότερα,
3286 3162 3384 3234 τὴν
3420 3166 3479 3216 ὲν
3510 3166 3621 3235 άμ-

2041 3257 2287 3328 φοτέροις
2319 3255 2550 3325 δύναμιν
2586 3253 2963 3324 ἐπαινέσομαι.
2993 3253 3058 3305 Τί
3089 3253 3150 3306 τὸ
3180 3255 3519 3323 συναγαγόνς
3552 3256 3624 3309 Τί

2041 3351 2102 3403 τὸ
2149 3349 2353 3419 δῆσαν;
2410 3346 2535 3410 Πῶς
2578 3344 2862 3418 ἐπαίρεταί
2905 3362 2964 3398 τε
2994 3345 3090 3399 κα)⁵
3142 3346 3378 3410 ἵσταται,
3431 3345 3625 3419 ὥσπερ

2043 3438 2333 3509 αἰδουμένη
2367 3438 2466 3507 τὴν
2505 3435 2719 3505 γείτονα
2754 3437 2895 3506 γῆν;
2924 3435 3050 3498 Πῶς
3083 3436 3177 3489 καὶ
3209 3436 3422 3507 δέχεται
3452 3454 3624 3492 ποτα-

2047 3530 2180 3601 μοὺς
2205 3529 2414 3591 πάντας
2453 3526 2586 3599 (66),
2620 3527 2715 3580 κα)⁵
2746 3529 2779 3598 ή
2820 3527 2957 3599 αὑτὴ
2985 3527 3225 3599 διαμένει
3263 3528 3349 3583 διὰ
3383 3516 3626 3601 πλήθους

2044 3619 2383 3692 περιουσίαν,
2424 3617 2458 3688 ἢ
2509 3617 2609 3670 οὐκ
2648 3612 2742 3669 οἷδ’
2778 3616 2807 3669 ὃ
2845 3633 2897 3669 τι
2937 3616 3048 3687 (67)
3090 3617 3196 3687 χρὴ
3238 3616 3450 3685 λέγειν;
3499 3617 3626 3682 Πῶς

2043 3713 2270 3785 ψάμμος
2297 3713 2445 3782 ὃριον
2476 3712 2635 3782 αὐτῇ,
2665 3709 2968 3781 τηλικούτῳ
3005 3711 3285 3782 στοιχείῳ;
3318 3712 3541 3782 Ἔχουσι
3568 3729 3627 3766 τι

2045 3805 2226 3874 λέγειν
2263 3807 2312 3858 οἱ
2343 3803 2580 3874 φυσικοὶ,
2622 3802 2716 3856 καὶ
2749 3803 2901 3872 σοφοὶ
2938 3801 3008 3854 τὰ
3055 3803 3279 3873 μάταια,
3312 3804 3407 3857 καὶ
3437 3803 3628 3874 κυάθῳ

2051 3898 2375 3970 μετροῦντες
2406 3897 2518 3969 (68)
2545 3896 2713 3959 ὅντως
2751 3895 2848 3966 τὴν
2884 3894 3178 3962 θάλασσαν,
3216 3895 3285 3949 τὰ
3320 3896 3629 3966 τηλικαῦτα

2046 3992 2166 4053 ταῖς
2193 3987 2401 4042 ἑαυτῶν
2431 3986 2730 4052 ὲπινοίαις;
2771 3986 2804 4058 ἢ
2848 3986 3129 4057 συντόμως
3180 3986 3290 4055 ἐγὼ
3341 3986 3493 4058 παρὰ
3526 3987 3631 4058 τῆς

2049 4080 2273 4153 Γραφῆς
2298 4078 2458 4132 τοῦτο
2502 4079 2866 4149 φιλοσοφήσω,
2912 4080 3004 4132 καὶ
3043 4078 3152 4133 τῶν
3192 4080 3413 4153 μακρῶν
3451 4081 3632 4150 λόγων

374 4172 569 4242 suique
597 4170 788 4226 similis
812 4180 1030 4224 maneat
1052 4170 1076 4224 ?
1098 4169 1200 4237 Qui
1230 4172 1288 4224 lit
1308 4211 1322 4237 ,
1363 4179 1421 4223 ιιι
1453 4180 1658 4224 tantum
1706 4168 1937 4224 elemen-

2052 4169 2421 4242 πιθανώτερόν
2448 4186 2508 4223 τε
2548 4170 2643 4224 καὶ
2671 4170 3064 4242 ἀληθέστερονς
3111 4174 3471 4243 Πρόσταγμα
3497 4175 3633 4243 ἐγύ-

378 4270 492 4318 tum
521 4276 744 4317 arenam
772 4276 871 4331 pro
893 4262 1126 4318 termino
1158 4262 1356 4318 habeat
1378 4261 1466 4316 "?
1518 4260 1819 4317 Possuntne
1849 4262 1937 4316 hoc

2043 4276 2244 4331 ρωσεν
2294 4261 2395 4315 ἐπὶ
2442 4263 2766 4331 πρόσωπον
2818 4261 3055 4328 ὕδατος.
3103 4263 3273 4317 Τοῦτο
3310 4267 3409 4334 τῆς
3453 4266 3634 4337 ὑγρᾶς

376 4351 631 4422 expedire
662 4350 911 4422 physici,
973 4359 1135 4421 atque
1183 4350 1366 4405 inanis
1417 4348 1739 4405 eruditionis
1794 4348 1951 4404 laude

376 4442 641 4506 celebres,
671 4457 736 4497 ac
768 4455 895 4496 vere
922 4442 1119 4513 cyatho
1152 4456 1332 4509 mare,
1376 4441 1479 4496 hoc
1511 4452 1614 4506 est,
1652 4456 1738 4496 res
1771 4450 1951 4496 tantas

376 4533 595 4603 ingenio
626 4546 724 4587 suo
752 4531 1070 4587 metientes?
1099 4530 1182 4585 Att
1212 4530 1407 4586 faciam
1441 4532 1574 4602 ipse,
1600 4541 1660 4587 ut
1690 4531 1953 4602 paucissi-

379 4625 484 4678 mis
527 4622 708 4677 verbis
733 4621 835 4676 hoc
860 4636 927 4676 ex
957 4618 1238 4691 Scriptura
1270 4636 1424 4676 sacra
1468 4623 1758 4692 explicem,
1791 4621 1952 4691 idque

378 4714 709 4786 probabilius
739 4728 802 4768 ac
835 4711 1038 4779 verius,
1087 4728 1248 4783 quam
1288 4712 1390 4783 ipsi
1422 4727 1546 4768 cum
1587 4711 1813 4779 prolixis
1840 4713 1953 4768 suis

484 4808 531 4840 ⁸³
553 4804 752 4861 Jerem.
790 4819 842 4871 v,
873 4802 966 4857 22.

452 4918 562 4991 (63)
602 4916 764 4971 Μετὰ
789 4913 897 4991 τῆς
924 4902 1222 4991 ἐναντίας.
1274 4934 1291 4967 ι
1320 4915 1454 4991 Cum
1477 4917 1631 4984 aquis
1668 4916 1950 4991 frigidis.)

382 4985 708 5058 Plerumque
737 4989 881 5041 enim
909 4987 1213 5039 scaturiunt
1241 5001 1272 5040 e
1304 4989 1605 5058 prapiuquu
1638 4985 1791 5057 aqua:
1824 4985 1956 5040 cali-

385 5064 467 5118 dae
495 5075 613 5114 cum
650 5058 877 5126 frigidis.

459 5130 573 5202 (64)
614 5125 915 5198 Ἄτεχνθν.
942 5131 1053 5187 Hoc
1080 5131 1388 5202 universum
1413 5126 1618 5202 dicitur
1643 5144 1662 5178 ι
1699 5125 1957 5202 artisex-

385 5196 591 5274 pers,'r
624 5196 777 5270 quod
798 5204 956 5257 nullis
982 5203 1063 5274 sit
1099 5201 1419 5274 fabricatum
1452 5196 1724 5274 inanibus,
1758 5196 1959 5274 sedili-

387 5266 590 5327 Villittls
613 5266 941 5358 contextum:
976 5272 1252 5358 Seltoliutn
1275 5283 1400 5358 verro
1420 5268 1503 5348 sic
1523 5268 1744 5358 exponit
1770 5284 1783 5319 :

386 5357 561 5411 ασμα,
587 5341 694 5404 vel,
726 5341 971 5465 ὑφασμξν
1000 5340 1096 5413 τὴν
1135 5335 1410 5420 σύμπηξιν
1437 5336 1543 5390 τῶν
1569 5337 1824 5407 στοιχέων
1858 5351 1962 5388 κα-

387 5410 471 5484 λεῖ
516 5410 611 5464 καὶ
652 5410 786 5481 πρὸς
832 5412 868 5465 ά
933 5412 1036 5484 ηλα
1089 5427 1305 5465 νευσιν·
1341 5427 1360 5459 ι
1399 5406 1689 5484 Texturaut
1731 5408 1964 5476 appellat

388 5478 778 5564 elementorum
810 5478 1146 5554 compagem,
1188 5492 1243 5537 et
1270 5491 1510 5534 mutuam
1547 5478 1601 5532 in
1632 5494 1692 5534 se
1731 5490 1962 5548 propen-

389 5567 621 5609 διοιιθιιι.
663 5570 683 5603 ι

462 5620 574 5694 (05)
613 5620 752 5694 me
786 5620 937 5690 πρὸς
981 5620 1225 5694 ἄλληλα
1275 5619 1563 5689 σχέσεως.
1598 5618 1761 5674 Leuv.
1793 5635 1812 5669 ι
1849 5615 1966 5673 Non

396 5691 576 5749 minus
608 5691 784 5748 laudis
813 5705 1088 5748 merentur
1113 5693 1307 5748 collata
1340 5696 1481 5748 inter
1502 5704 1580 5743 se.
1623 5707 1642 5739 ο

2054 4354 2269 4424 φύσεως
2294 4356 2323 4407 ὁ
2345 4354 2559 4425 δεσμός.
2592 4352 2716 4417 Πῶς
2743 4352 2801 4406 δὲ
2837 4353 2930 4406 τὸν
2961 4355 3212 4425 χερσαῖον
3238 4356 3484 4410 ναυτίλον
3514 4356 3629 4427 (69)

2055 4445 2178 4514 ἄγει
2209 4444 2348 4515 ξύλῳ
2379 4443 2560 4517 μικρῷ
2591 4445 2682 4497 καὶ
2713 4443 3015 4513 πνεύματι;
3045 4443 3223 4514 (τοῦτο
3252 4446 3311 4498 ού
3331 4445 3634 4517 θαυμάζεις

2054 4535 2194 4605 ὁρῶν
2215 4553 2229 4601 ;
2254 4535 2361 4587 οὐδ’
2397 4534 2672 4602 ἐξίσταταί
2719 4551 2808 4586 σου
2845 4535 2877 4604 ὴ
2911 4533 3168 4605 διάνοια;)
3195 4536 3280 4588 ἵνα
3310 4536 3381 4606 γῆ
3405 4538 3500 4590 καὶ
3535 4537 3634 4591 θά-

2055 4627 2231 4679 λασσα
2258 4625 2454 4678 δεθῶσι
2497 4629 2617 4689 ταῖς
2663 4626 2872 4697 χρείαις
2902 4627 2995 4680 καὶ
3035 4629 3154 4690 ταῖς
3183 4628 3507 4697 ἐπιμιξίαις,
3538 4630 3635 4682 καὶ

2058 4719 2136 4782 είς
2162 4717 2220 4770 ἓν
2246 4715 2375 4791 ἔλθῃ
2407 4716 2519 4788 (70)
2542 4716 2619 4788 τῷ
2642 4716 2912 4789 ἀνθρώπῳ
2933 4716 3002 4771 τὰ
3029 4718 3279 4773 τοσοῦτον
3294 4719 3537 4790 ἀλλήλων
3555 4718 3638 4774 δι-

2068 4946 2071 4949 λ
2133 4914 2246 4987 (66)
2284 4912 2542 4979 Πάντας.
2595 4913 2764 4982 ltcgg.
2831 4927 2882 4978 a,
2934 4909 3047 4973 hm,
3098 4919 3153 4965 et
3204 4908 3300 4967 Or.
3357 4910 3411 4978 ι,
3460 4909 3637 4965 ἃπαν-

2060 5004 2179 5041 τας.

2132 5004 2243 5126 (67)
2282 5057 2359 5109 "Il
2378 5056 2488 5108 οὐκ
2517 5049 2627 5126 οἷδ’
2647 5052 2755 5116 ὅτι,
2785 5059 2890 5105 etc.
2915 5047 3080 5103 Leuv.
3105 5068 3126 5101 ι
3159 5049 3415 5126 Equidem
3442 5058 3535 5126 aut
3555 5052 3642 5103 ni-

2065 5121 2149 5180 ltil'
2173 5121 2344 5179 hach
2367 5126 2509 5193 quod
2542 5125 2739 5185 dicam,
2777 5132 2869 5174 attt
2906 5134 3172 5174 summam
3210 5122 3278 5176 ob
3329 5121 3638 5175 vastitatem

2066 5196 2250 5261 maris,
2281 5195 2382 5248 hoc
2415 5193 2528 5248 ﬁeri
2562 5202 2759 5261 statuo.
2794 5208 2815 5244 ι

2139 5257 2252 5334 (68)
2287 5263 2677 5334 Μετροῦντες.
2707 5257 2974 5334 Conthef.,
3013 5258 3470 5334 cupperpoﬁvceg.

2140 5330 2253 5407 (69)
2287 5330 2588 5407 δερσαῒον
2641 5331 2950 5407 ναυτίλον.
3010 5347 3030 5380 ι
3076 5331 3408 5407 'l'errestrent
3463 5330 3644 5407 nanti-

2068 5400 2199 5461 lum.
2233 5400 2379 5459 ὀδίο
2399 5405 2671 5457 hominem
2712 5401 2988 5470 eleganter
3044 5400 3276 5469 appellat
3323 5400 3638 5468 Gregorius.

2075 5495 2096 5530 ι
2126 5474 2371 5529 Nautilus
2410 5492 2429 5524 ι
2461 5473 2626 5542 piscis
2674 5481 2758 5526 est
2807 5469 2888 5526 sic
2931 5469 3126 5539 dictus,
3157 5470 3298 5541 quod
3333 5485 3484 5524 navis
3520 5484 3644 5541 Spe-

2072 5546 2209 5602 ciem
2235 5543 2506 5613 praeferat.

2141 5608 2263 5687 (70)
2300 5616 2515 5685 Ἕλθῃ.
2547 5611 2810 5679 Combef.,
2839 5608 3083 5682 συνέλθῃ.
