3890 6214
225 259 299 316 ss
1224 257 1482 315 omne
1520 258 1763 318 xxvut.
1804 289 1875 301 --
1913 248 2351 322 THEOLOGICA
2393 265 2460 324 Il.
3418 269 3491 328 so

230 372 506 444 εστηκότα
534 373 678 428 κατά
691 374 795 446 τὴν
824 373 1014 443 φύσιν;
1043 373 1202 436 Τίνες
1215 372 1272 426 δὲ
1288 372 1482 442 πηγῶν
1510 374 1567 427 αἱ
1597 373 1792 446 πρῶτα

1920 376 2414 445 disputationibus?
2493 379 2828 452 Praeceptum
2901 382 3256 441 circumdedit
3331 401 3496 459 super

227 464 428 534 πηγαὶ,
457 464 714 536 ζήτησον,
743 464 1017 536 ἄνθρωπε,
1049 464 1104 517 εί
1129 464 1180 517 τί
1221 481 1303 517 σοι
1338 463 1543 517 τούτων
1571 462 1813 535 ἐξιχνεῦ-

229 572 323 608 σαι
348 555 383 627 ἦ
407 557 588 627 εὑρεῖν
620 557 844 611 δυνατόν
867 574 882 623 ς
908 557 1002 611 καὶ
1023 554 1109 621 τίς
1133 559 1162 609 6
1180 558 1446 626 ποταμοῖς
1471 556 1583 627 (71)
1621 557 1812 628 σχίσας

226 651 327 700 καὶ
359 648 516 702 πεδία
546 651 639 702 καὶ
665 650 787 721 ὅρη,
828 650 921 704 καὶ
959 649 1083 714 δοὺς
1119 649 1211 703 τδν
1256 650 1456 722 δρόμον
1489 649 1809 716 ἀκώλυτον;

228 740 469 804 καὶπῶς
498 742 562 794 ὲκ
584 741 695 794 τῶν
728 741 985 795 ἐναντίων
1017 741 1078 794 τὸ
1112 740 1318 811 θαῦμα,
1368 742 1505 813 μήτε
1538 740 1814 812 θαλάσσης

224 828 585 900 ὲπεξιούσης,
643 831 780 903 μήτε
832 830 1098 902 ποταμῶν
1149 830 1490 900 ίσταμένων;
1540 831 1638 894 Τίς
1685 830 1742 883 δὲ
1778 832 1812 902 ἡ

224 920 341 975 τῶν
371 922 578 977 ὑδάτων
608 924 784 996 τροφὴ
825 922 958 994 (72),
994 923 1090 976 καὶ
1121 922 1175 975 τί
1204 922 1266 975 τὸ
1295 922 1502 993 ταύτης
1530 923 1811 994 διάφορον,

224 1014 337 1067 τῶν
395 1015 494 1085 μὲν
541 1015 746 1069 ἀνωθεν
780 1013 1112 1087 ἀρδομένων,
1139 1013 1249 1068 τῶν
1281 1014 1338 1067 δὲ
1367 1017 1487 1079 ταῖς
1510 1014 1686 1088 ῥίζαις
1712 1032 1812 1068 πο-

220 1104 549 1176 τιζομένων,
585 1106 673 1160 ἵνα
711 1124 764 1159 τι
818 1106 912 1159 καὶ
960 1105 1123 1169 αὐτὸς
1168 1107 1572 1178 κατατρυφήσω
1600 1106 1694 1159 τοῦ
1727 1105 1815 1159 λό-

1909 466 2100 522 faciem
2129 485 2283 539 aqum
2305 471 2376 526 ’°.
2419 472 2532 529 Hoc
2561 474 2795 529 humidae
2834 484 3041 531 natura;
3077 477 3487 537 vinculum‘est.

1917 555 2034 612 Jatn
2063 562 2335 629 quomodo
2364 570 2680 620 terrestrem
2716 566 2982 622 nautilum
3013 568 3211 639 exiguo
3237 568 3383 640 ligno
3425 584 3492 626 ae

1912 658 2070 705 vento
2092 652 2276 708 ducit?
2306 653 2453 727 (lloc
2478 665 2531 709 tu
2576 672 2698 711 cum
2728 659 2931 724 cernis,
2978 674 3085 715 non
3129 660 3494 719 admiratione

1910 737 2207 810 defigeris?
2243 741 2358 799 Non
2392 758 2544 801 mens
2584 757 2736 801 extra
2776 763 2835 804 se
2888 749 3177 822 rapitur?)
3230 750 3397 821 ldqtte
3431 763 3497 809 ut:

1911 844 2066 885 mare
2091 847 2155 886 ac
2180 841 2324 888 terra
2356 837 2832 894 commoditatibus
2862 849 2916 894 et
2961 823 3308 897 commerciis
3348 843 3493 898 inter

1911 935 1973 976 se
2017 922 2345 990 vinciantur,
2376 925 2541 998 518
2571 943 2633 983 ac
2663 943 2750 996 ea,
2785 944 2904 1000 qua:
2937 941 3127 986 natura
3170 933 3304 989 adeo
3336 934 3492 989 inter

1910 1027 1970 1067 se
1998 1014 2287 1085 dissident,
2314 1020 2381 1072 ad
2413 1020 2649 1076 hominis
2695 1037 2854 1078 usum
2905 1025 3340 1096 conjungantur?
3383 1026 3490 1095 Qui

1910 1119 2070 1173 porro
2098 1106 2330 1163 fontium
2368 1111 2530 1179 primi
2566 1112 2764 1182 fontes,
2793 1129 3005 1184 quazras
3038 1118 3223 1183 velim,
3245 1135 3279 1174 ο
3302 1119 3487 1184 homo,

223 1212 349 1264 γου,
388 1196 524 1251 Θεοῦ
558 1199 654 1270 τὴν
677 1197 887 1269 τρυφὴν
910 1196 1273 1268 ἐξηγούμενος
1300 1213 1315 1262 ;

1909 1198 1954 1252 si
1987 1197 2116 1267 quid
2143 1201 2334 1257 horum
2371 1203 2696 1273 investigare
2723 1217 2816 1261 aut
2846 1208 3091 1264 invenire
3123 1220 3278 1279 potes
3314 1227 3330 1266 :
3370 1219 3484 1267 tum

220 1296 351 1364 quis
388 1293 566 1350 ﬂuviis
595 1307 813 1364 campos
841 1304 896 1350 et
926 1303 1139 1350 montes
1184 1294 1467 1360 dissecuit,
1528 1308 1591 1349 se
1629 1293 1861 1349 liberum
1900 1309 2119 1351 cursum
2151 1298 2232 1353 eis
2268 1302 2581 1357 concessit?
2611 1303 2726 1370 Quo
2771 1304 2932 1360 etiam
2961 1317 3120 1376 pacto
3158 1322 3223 1362 ex
3271 1318 3490 1365 contra-

235 1385 340 1440 riis
367 1386 527 1440 rebus
553 1385 872 1439 miraculum
924 1388 1198 1448 exsistat,
1251 1387 1377 1441 dum
1449 1399 1549 1440 nec
1612 1399 1762 1440 mare
1840 1400 2077 1455 unquam
2126 1390 2446 1461 regurgitat,
2506 1407 2607 1448 nec
2654 1393 2802 1450 fluvii
2846 1397 3187 1454 subsistunt?
3240 1399 3324 1455 Ad
3374 1400 3490 1456 hac

216 1493 347 1548 quae
377 1492 639 1549 aquarum
672 1478 964 1547 alimonia,
1012 1480 1263 1550 quodque
1327 1480 1488 1550 hujus
1559 1480 1872 1545 discrimen,
1912 1482 2111 1553 quippe
2142 1500 2232 1541 res
2273 1488 2518 1556 quaedam
2555 1499 2721 1557 sunt,
2772 1508 2892 1558 quae
2930 1493 3163 1565 desuper
3211 1496 3484 1566 rigantur,

222 1570 477 1640 quedam
511 1583 724 1633 rursus,
750 1569 946 1639 quibus
972 1579 1131 1641 potus
1158 1586 1257 1640 per
1287 1573 1501 1627 radices
1561 1585 1691 1627 suas
1744 1572 2142 1642 suppeditatur,
2210 1585 2270 1632 ut
2334 1578 2449 1649 ipse
2495 1595 2714 1654 quoque
2745 1582 3003 1639 delicioso
3036 1584 3249 1641 dicendi
3290 1598 3489 1654 genere

220 1674 368 1729 utar,
396 1665 523 1719 dum
564 1663 657 1719 Dei
696 1663 919 1720 delicias
944 1668 1192 1722 oratione
1220 1667 1587 1738 complector?

296 1760 431 1816 KH’.
470 1761 607 1830 Ἀγε
628 1760 701 1832 δὴ
734 1761 840 1832 γῆν
868 1758 1064 1833 ἀφεὶς,
1095 1765 1189 1820 καὶ
1224 1765 1295 1819 τὰ
1335 1765 1463 1837 περὶ
1506 1767 1630 1837 γῆν,
1669 1764 1792 1837 πρὸς

1979 1763 2218 1819 XXVIII.
2274 1764 2379 1820 Sed
2427 1766 2540 1837 jam
2601 1767 2766 1823 missa
2820 1769 2959 1825 facta
3014 1780 3182 1839 terra,
3217 1770 3486 1843 rebusque

217 1854 314 1908 τὶν
346 1856 486 1926 ἀέρα
531 1855 852 1928 κουφίσθητι
886 1861 1000 1921 τοῖς
1032 1858 1130 1927 τῆς
1167 1858 1402 1919 διανοίας
1436 1860 1674 1929 πτεροῖς,
1713 1858 1792 1911 ἵνα

1909 1857 2162 1922 terrenis,
2208 1859 2410 1914 indutis
2453 1860 2618 1914 animi
2655 1863 2848 1930 pennis
2898 1863 2954 1918 in
2999 1878 3179 1925 aerem
3229 1865 3483 1930 convola,

220 1960 306 1997 σοι
340 1943 463 1997 καθ’
491 1945 609 1998 ὁδὸν
631 1946 660 1996 6
690 1946 845 2014 λόγος
868 1947 1030 2017 προΐῃ
1051 1964 1065 1978 ·
1097 1947 1348 2000 κάκεῖθεν
1375 1948 1554 2013 ἀνάξω
1583 1964 1641 1999 σε
1665 1946 1802 2018 πρὸς

215 2033 290 2087 τά
331 2034 577 2105 οὐράνια,
638 2035 732 2089 xa‘t
777 2037 865 2089 τὸν
914 2036 1141 2108 οὐρανὸν
1184 2037 1367 2102 αὑτὸν,
1415 2040 1509 2091 καὶ
1557 2037 1627 2090 τὰ
1663 2038 1801 2111 ὑπὲρ

214 2126 468 2199 οὐρανόν.
504 2128 615 2181 Καὶ
643 2130 757 2192 τοῖς
789 2129 918 2201 ἑξῆς
940 2130 1091 2183 ὀκνεῖ
1114 2131 1214 2201 μὲν
1242 2130 1545 2203 προσϐῆναι
1570 2132 1600 2184 ὁ
1621 2130 1798 2200 λόγος,

214 2218 590 2290 προσϐήοθεται
640 2219 697 2272 δὲ
742 2221 894 2292 ὅμως
939 2223 1134 2275 ὁπόσον
1180 2221 1406 2287 ἔξεστιν.
1466 2222 1561 2286 Τίς
1597 2225 1627 2276 6
1671 2223 1802 2294 χέας

215 2311 382 2380 ἀέρα,
411 2310 504 2365 τὸν
545 2311 712 2366 πολὺν
757 2312 944 2366 τοῦτον
993 2313 1220 2367 πλοῦτον
1261 2314 1356 2367 καὶ
1402 2314 1660 2384 ἄφθονον,
1700 2316 1800 2370 οὐκ

215 2403 421 2468 ἀξίαις,
448 2405 510 2458 οὐ
533 2404 723 2476 τύχαις
759 2403 1147 2475 μετρούμενον,
1189 2406 1286 2475 οὐχ
1316 2405 1463 2477 ὅροις
1491 2406 1799 2478 κρατούμεη

216 2510 333 2559 νον,
372 2494 470 2565 οὐχ
506 2495 745 2565 ἡλικίαις
782 2495 1156 2567 μεριζόμενον,
1196 2494 1334 2549 ἀλλά
1380 2496 1524 2550 κατὰ
1567 2497 1662 2569 τὴν
1702 2494 1797 2551 τοῦ

216 2585 399 2656 μάννα
430 2586 690 2658 διανομὴν
713 2626 730 2653 ,
762 2588 1066 2661 αὐταρκείᾳ
1105 2587 1661 2659 περιλαμϐανόμενον,
1701 2590 1796 2642 καὶ

218 2679 498 2751 ἰσομοιρίᾳ
526 2679 869 2751 τιμώμενον;
894 2681 954 2734 τὸ
976 2682 1076 2753 τῆς
1104 2682 1314 2752 πτηνῆς
1347 2680 1560 2750 φύσεως
1590 2681 1793 2753 ὄχημα,

219 2770 323 2841 τὴν
337 2770 555 2842 ἀνέμων
586 2771 768 2842 ἕδραν,
789 2772 888 2844 τὴν
904 2771 1063 2843 ὡρῶν
1081 2771 1385 2843 εὐκαιρίαν,
1401 2774 1499 2844 τὴν
1518 2773 1671 2838 ζώων
1691 2772 1797 2843 ψύ-

215 2880 408 2934 χωσιν,
428 2863 629 2935 μᾶλλον
648 2864 704 2917 δὲ
721 2863 821 2935 τῆς
836 2864 1012 2936 ψυχῆς
1035 2865 1171 2935 πρὸς
1186 2864 1246 2918 τὸ
1268 2865 1424 2936 σῶμα
1444 2866 1792 2938 συντήρησιν,

213 2956 279 3009 ὲν
354 2952 603 3025 σώματα,
623 2955 717 3009 καὶ
744 2954 862 3026 μεθ’
876 2948 937 3009 οὗ
954 2955 1131 3025 λόγος,
1155 2958 1212 3010 ὲν
1231 2948 1276 3024 ᾧ
1301 2956 1416 3026 φῶς
1437 2956 1532 3010 καὶ
1552 2957 1609 3010 τὸ
1630 2974 1798 3026 φωτι-

1904 1954 1965 1998 ut
2010 1956 2160 2001 recto
2205 1949 2397 2002 ordine
2434 1952 2813 2019 progrediatur
2839 1953 3059 2008 oratio:
3089 1969 3155 2009 ac
3193 1954 3390 2010 deinde
3429 1964 3485 2008 te

1904 2034 2051 2090 illinc
2080 2037 2147 2090 ad
2178 2036 2419 2092 cmlestia
2443 2077 2460 2105 ,
2500 2038 2809 2108 coelumque
2853 2044 2991 2097 adeo
3033 2041 3231 2111 ipsum,
3277 2048 3334 2096 et
3360 2055 3485 2111 quae

1903 2124 2043 2179 coelo
2085 2125 2367 2194 superiora
2408 2136 2556 2194 sunt,
2605 2130 2852 2184 eveham.
2904 2130 3224 2200 Quanquam
3274 2131 3343 2186 ad
3390 2144 3481 2197 ea,-

1902 2230 2022 2284 quae
2053 2216 2308 2286 deinceps
2339 2226 2665 2288 sequuntur,
2701 2222 2963 2276 accedere
3008 2221 3210 2292 refugit
3261 2221 3479 2293 quidem

1904 2317 1967 2355 ac
2000 2302 2318 2357 reformidat
2350 2306 2558 2371 oratio;
2601 2308 2694 2361 sed
2742 2317 2922 2362 tamen
2972 2323 3235 2379 quantum
3270 2311 3477 2379 licebit,

1903 2391 2142 2445 accedet.
2174 2390 2306 2457 Quis
2335 2407 2513 2447 aerem
2548 2392 2710 2457 fudit,
2754 2395 2999 2461 uberem,
3038 2397 3292 2467 inquam,
3335 2396 3480 2453 hunc

1902 2490 1958 2534 et
1988 2482 2268 2549 copiosum
2303 2483 2644 2547 thesaurum,
2693 2501 2798 2539 non
2850 2500 2948 2555 pro
2995 2486 3258 2557 cujusque
3304 2488 3480 2559 digni-

1903 2579 2011 2627 tate
2051 2581 2214 2640 atque
2266 2573 2502 2630 fortunis
2551 2576 2703 2630 varie
2749 2576 3079 2644 dimensum,
3120 2594 3228 2633 non
3277 2576 3478 2635 ﬁnibus
3526 2644 3529 2645 ν

1900 2664 2023 2719 ullis
2046 2665 2314 2719 inclusum
2340 2681 2404 2721 ac
2435 2656 2949 2740 circumscriptum,
2972 2684 3079 2724 non
3117 2683 3216 2739 pro
3251 2679 3474 2725 aetatum

1901 2756 2109 2811 ratione
2136 2755 2505 2824 distributum,
2545 2772 2753 2824 verum,
2807 2760 2950 2829 quod
2996 2759 3124 2816 olim
3175 2760 3230 2814 in
3275 2772 3474 2817 manna

1899 2849 2128 2919 contigit
2164 2849 2233 2915 “,
2299 2860 2559 2919 quantum
2608 2853 2802 2922 cuique
2833 2860 2920 2907 sat
2955 2851 3070 2918 sit,
3122 2851 3472 2920 impertitum,

1898 2949 2061 3009 atque
2106 2941 2486 3010 aequabilitatis
2537 2943 2743 2998 honore
2790 2943 3149 3000 decoratum?
3186 2941 3340 3011 Quis,
3392 2943 3475 2999 in-

212 3043 469 3117 ζόμενον,
497 3047 591 3101 καὶ
619 3049 653 3118 ή
685 3047 828 3118 ὄψις,
860 3049 892 3119 ἡ
922 3046 988 3101 δι’
1017 3047 1183 3102 αὐτοῦ
1227 3048 1466 3119 ρέουσα;
1501 3049 1701 3102 Σκόπει
1736 3048 1792 3103 δέ

1898 3047 2088 3102 quam,
2157 3034 2261 3089 hoc
2317 3035 2496 3088 avium
2565 3035 2905 3101 vehiculum,
2973 3036 3114 3091 hanc
3187 3044 3472 3092 ventorum

214 3101 312 3208 μοι
343 3101 542 3191 καίτά
562 3101 690 3208 ἐξῆς
712 3101 827 3191 ’.ούι
849 3101 957 3210 γάρ
990 3101 1381 3212 συγχωρόύμαι
1412 3101 1490 3210 τῶ
1518 3139 1640 3211 ἀέρι
1672 3101 1792 3193 606-

1900 3128 2110 3192 sedem,
2146 3125 2250 3182 hoc
2274 3127 2626 3191 elementum,
2658 3142 2767 3198 quo
2795 3136 2850 3182 et
2876 3127 3002 3182 anni
3049 3135 3232 3197 partes
3262 3136 3472 3198 tempe-

211 3246 304 3282 ναι
325 3228 425 3300 τὴν
456 3229 676 3284 ἃπασαν
707 3230 1022 3285 δυναστείαν
1048 3231 1157 3286 τῶν
1195 3231 1288 3284 τοῦ
1323 3231 1485 3303 ἀέρος
1526 3229 1667 3286 εἶναι
1703 3250 1791 3286 νο-

213 3320 549 3390 μιζομένων.
585 3321 720 3374 Τίνα
756 3321 854 3392 μὲν
895 3321 1113 3393 ἀνέμων
1142 3323 1378 3392 ταμεῖα;
1414 3322 1559 3386 τίνες
1593 3324 1794 3393 θησαυ-

210 3412 302 3483 ροὶ
352 3412 565 3482 χιόνος;
614 3413 712 3475 Τίς
758 3412 815 3466 δὲ
848 3414 877 3466 ό
901 3412 1138 3477 τετοκὼς
1184 3414 1389 3485 βώλους
1431 3414 1544 3486 (75)
1574 3414 1788 3486 δρόσου,

204 3502 354 3559 κατά
395 3502 459 3556 τὸ
506 3504 890 3575 γεγραμμένον
918 3521 935 3571 ;
978 3505 1070 3559 Ἐκ
1100 3504 1338 3576 γαστρὸς
1366 3505 1422 3559 δὲ
1456 3506 1602 3570 τίνος
1634 3508 1791 3561 ἐκπο-

205 3591 432 3666 ρεύεται
472 3593 844 3664 κρύσταλλοςς
902 3593 997 3657 Τίς
1041 3595 1071 3647 6
1122 3593 1402 3665 δεσμεύων
1449 3595 1592 3666 ὕδωρ
1621 3597 1681 3649 ὲν
1701 3613 1790 3651 νε-

203 3686 425 3756 φέλαις,
476 3686 571 3738 καὶ¹
603 3685 664 3739 τὸ
717 3686 815 3756 μὲν
863 3686 1015 3750 ίστάς
1054 3685 1281 3740 ἐπὶτῶν
1312 3686 1548 3756 νεφελῶν
1577 3688 1645 3757 (ὣ
1692 3689 1787 3744 τοῦ

202 3775 490 3849 θαύματος
510 3773 553 3844 I)
588 3775 733 3846 λόγῳ
756 3774 1135 3846 κρατουμένην
1170 3774 1331 3845 φύσιν
1358 3776 1468 3846 (74)
1501 3776 1599 3849 τὴν
1627 3778 1786 3847 ῥέουσ-

200 3883 330 3931 σαν,
379 3866 441 3920 τὸ
473 3866 531 3920 δὲ
570 3867 777 3936 ὲκχέων
823 3866 935 3936 (75)
972 3867 1065 3920 ἐπὶ
1111 3866 1405 3939 πρόσωπον
1462 3869 1644 3940 πάσης
1685 3870 1787 3940 τῆς

197 3960 330 4031 γῆς,
356 3957 453 4012 καὶ
486 3958 725 4029 σπείρων
771 3958 999 4030 καιρίως
1040 3959 1133 4012 καὶ
1175 3958 1473 4030 ὁμοτίμως,
1525 3961 1620 4013 καὶ
1662 3960 1783 4014 οὐδὲ

196 4051 386 4120 ἀφιεὶς
416 4051 635 4104 ἃπασαν
665 4050 777 4121 (76)
805 4051 904 4122 τὴν
939 4050 1114 4123 ὑγρὰν
1143 4051 1331 4106 οὐσίαν
1365 4051 1655 4125 ἐλευθέραν
1690 4054 1783 4107 καὶ

193 4140 429 4211 ἄσχετον
473 4143 655 4215 (ἀρκεῖ
685 4140 794 4213 γὰρ
827 4144 861 4214 ἡ
898 4141 993 4195 ἐπὶ
1041 4142 1168 4196 Νῶε
1209 4143 1500 4215 κάθαρσις,
1543 4144 1638 4198 καὶ
1682 4145 1783 4216 τῆς

191 4229 394 4284 ἑαυτοῦ
441 4230 707 4302 διαθήκης
743 4230 844 4284 οὐκ
880 4231 1202 4303 ἐπιλήσμων
1247 4234 1276 4286 6
1324 4233 1777 4302 ἀψευδέστατος),

188 4323 320 4375 οὐτε
353 4321 564 4392 ἀνέχων
593 4320 958 4383 παντάπασιν,
990 4322 1076 4381 ἴνα
1112 4321 1189 4394 μὴ
1218 4323 1380 4377 πάλιν
1423 4324 1605 4378 Ἡλίου
1634 4326 1779 4391 τινὸς

186 4413 498 4485 δεηθῶμεν,
520 4414 621 4485 τὴν
645 4413 918 4487 ξηρότητα
940 4413 1158 4478 λύοντος
1181 4432 1196 4482 ;
1234 4416 1360 4468 Ἐὰν
1384 4414 1596 4488 κλείσῃ,
1617 4419 1770 4489 φησὶ,
1806 4450 1852 4505 D

184 4508 284 4562 τὸν
314 4506 564 4579 οὐρανὸν,
610 4507 693 4569 τίς
739 4505 976 4572 ἀνοίξει;
1019 4505 1114 4559 ὲάν
1154 4505 1211 4559 δὲ
1248 4505 1438 4579 ἀνοίξῃ
1479 4507 1608 4572 τοὺς
1644 4525 1777 4561 κατ-

190 4598 446 4671 αράκτας
467 4639 483 4663 ,
521 4598 607 4663 τίς
653 4597 901 4672 συνέξει;
934 4597 1018 4661 τίς
1060 4599 1194 4651 οἴσει
1224 4598 1323 4671 τὴν
1370 4601 1458 4652 ἐπ’
1490 4599 1774 4672 ἀμφότερα

182 4690 286 4744 τοῦ
318 4691 622 4756 ὑετίξοντος
662 4671 952 4761 ἀμετρίαν,
996 4688 1094 4742 ὲάν
1147 4690 1222 4761 μὴ
1269 4692 1383 4754 τοῖς
1438 4690 1632 4744 ἑαυτοῦ
1677 4671 1773 4762 μέ-

180 4800 340 4853 τροις
373 4784 471 4837 καὶ
520 4782 799 4853 σταθμοῖς,
845 4782 1144 4855 διεξαγάγῃ
1185 4782 1298 4852 (77)
1326 4781 1397 4836 τά
1441 4782 1769 4852 σύμπαντα;

181 4876 251 4931 Τί
290 4893 383 4947 μοι
412 4875 799 4946 φιλοσοφήσεις
825 4876 955 4946 περὶ
982 4873 1278 4947 ἀστραπῶν
1310 4876 1405 4927 καὶ
1436 4872 1696 4946 βροντῶν,
1726 4867 1772 4927 ὦ

181 4965 427 5039 βροντῶν
472 4964 583 5019 ἀπὸ
608 4965 714 5037 γῆς
755 4965 843 5033 σὺ,
899 4966 995 5020 καὶ
1048 4964 1169 5020 οὐδὲ
1223 4966 1438 5036 μικροῖς
1477 4964 1772 5039 σπινθῆρσι

254 5122 304 5155 ’⁸
320 5118 425 5176 Job
455 5134 609 5185 ιινι,
662 5118 751 5174 10.
835 5118 879 5152 ⁸³
928 5117 1100 5174 Exod.
1136 5131 1251 5184 xw,
1281 5117 1349 5173 18
1385 5130 1539 5189 seqq.

250 5279 369 5352 (71)
402 5274 846 5352 Ποταμοῖς-,βία
864 5275 1023 5352 codd.
1052 5273 1108 5329 In
1133 5273 1247 5337 θύη
1278 5274 1574 5352 ποταμούς.

277 5343 368 5421 72)
413 5343 626 5421 Τρορήί.
656 5343 682 5400 ἑ
707 5346 1001 5421 _Alimonia.
1033 5364 1052 5398 ι
1079 5360 1185 5421 non
1209 5359 1312 5414 qua
1339 5343 1554 5398 aluntur
1585 5355 1761 5412 aqua,

251 5353 368 5472 (72)
413 5353 626 5431 Τρυφή..
656 5366 678 5400 ι
706 5353 1001 5429 _Alimonia.
1033 5364 1052 5398 ι
1079 5360 1215 5399 ηοηι

177 5435 256 5477 set
305 5435 413 5486 qua
437 5435 523 5474 res
547 5420 682 5473 altas
705 5433 834 5486 ipsa:
861 5431 1015 5486 aquae
1045 5415 1215 5486 alunt.

1896 3227 2109 3285 rantur,
2144 3226 2199 3273 et
2225 3218 2539 3272 animantur
2566 3217 2897 3283 animantia,
2946 3216 3029 3272 vel
3077 3218 3256 3272 anima
3288 3219 3465 3287 potius

1897 3328 2020 3368 cum
2043 3327 2275 3382 corpore
2303 3321 2683 3378 conservatur,
2719 3311 2772 3365 in
2798 3326 2906 3382 quo
2931 3325 3159 3381 corpora
3182 3352 3196 3378 ,
3224 3319 3281 3366 et
3310 3309 3469 3381 cujus

1893 3421 1997 3475 ope
2027 3415 2191 3475 atque
2219 3403 2530 3473 adjumeuto
2577 3403 2874 3472 loquimur,
2928 3403 2981 3458 in
3014 3418 3122 3474 quo
3164 3402 3366 3469 lumen,
3414 3411 3470 3460 et

1891 3513 1979 3554 res
2025 3497 2228 3552 lumine
2288 3495 2550 3567 perfusae,
2613 3507 2778 3564 atque
2829 3495 2944 3566 ipse
2992 3495 3158 3550 etiam
3198 3505 3456 3565 aspectus

1891 3606 1988 3660 per
2015 3605 2137 3646 eum
2165 3589 2377 3645 fluens?
2409 3588 2575 3645 Volve
2610 3589 2721 3659 jam
2764 3587 2946 3644 animo
2975 3603 3041 3643 ea
3068 3602 3187 3659 quae
3218 3603 3465 3658 sequun-
3530 3647 3537 3655 ,

1892 3693 1976 3736 tur
2011 3699 2026 3736 :
2062 3695 2163 3736 nec
2195 3683 2340 3736 enim
2391 3682 2522 3736 mihi
2552 3681 2633 3737 fas
2663 3691 2747 3736 est
2773 3681 2885 3736 aeri
2921 3681 3232 3735 universum
3276 3682 3462 3734 earum

1888 3787 2069 3827 rerum
2097 3771 2383 3842 imperium
2412 3771 2637 3842 largiri,
2672 3786 2792 3841 quae
2823 3770 2965 3825 aeris
2990 3784 3111 3825 esse
3141 3777 3453 3824 censentur.

1886 3865 2017 3934 Quae
2048 3873 2333 3920 ventorum
2388 3863 2793 3934 promptuaria?
2836 3862 2938 3930 Qui
2987 3861 3129 3916 nivis
3182 3859 3465 3915 thesauri?

1887 3957 2020 4026 Quis
2050 3957 2194 4014 roris
2233 3956 2428 4024 stillas,
2460 3965 2519 4011 ut
2549 3971 2671 4010 cum
2703 3954 2987 4025 Scriptura
3029 3953 3241 4023 loquar,
3291 3966 3459 4022 pepe-

1884 4050 1996 4104 rit?
2045 4049 2088 4104 E
2128 4047 2285 4119 cujus
2335 4058 2490 4103 utero
2540 4046 2742 4117 glacies
2793 4060 3017 4117 egressa
3064 4053 3150 4100 est
3181 4043 3266 4097 ἠ
3328 4043 3461 4110 Quis

1883 4155 2078 4211 aquam
2112 4141 2164 4194 in
2194 4138 2426 4195 nubibus
2453 4139 2636 4208 alligat
2660 4137 2729 4204 ’³,
2782 4151 3011 4207 eamque
3038 4134 3105 4206 (ο
3137 4150 3250 4190 rem
3282 4135 3458 4190 adlui-

1886 4233 2112 4286 randam
2141 4230 2420 4301 ijartim
2451 4229 2505 4284 in
2532 4228 2765 4284 nubibus
2805 4227 2926 4300 ﬁgit
2969 4226 3134 4282 verbo
3171 4239 3455 4295 compres-

1882 4338 2022 4388 sam,
2060 4321 2275 4378 tametsi
2303 4329 2495 4375 natura
2532 4335 2628 4374 sua
2666 4317 2864 4374 ﬂuxam
2895 4329 2950 4374 et
2977 4317 3190 4372 labilem
3211 4354 3226 4382 ,
3257 4316 3454 4386 partim

1884 4412 1938 4468 in
1976 4413 2141 4467 totius
2185 4421 2343 4467 terrae
2389 4410 2582 4466 faciem
2614 4408 2870 4474 effundit,
2906 4422 2970 4463 ac
3023 4407 3343 4477 tempestive
3399 4414 3455 4461 et

1879 4504 2073 4576 aequali
2110 4504 2270 4559 modo
2306 4503 2555 4573 spargit:
2582 4517 2648 4557 ac
2692 4516 2869 4571 neque
2916 4500 3192 4557 humidam
3235 4512 3454 4554 omnem

1883 4597 2247 4654 substantiam
2306 4595 2531 4652 liberam
2565 4604 2619 4651 et
2650 4595 2880 4651 solutam
2915 4592 3173 4663 relinquit
3218 4589 3456 4661 (sullicit.

1879 4691 2025 4746 enim
2090 4689 2341 4761 purgatio
2386 4688 2516 4756 illa,
2578 4704 2697 4758 quae
2746 4699 2986 4757 tempore
3034 4686 3149 4742 Noe
3202 4683 3450 4756 contigit,

1878 4783 2130 4852 pactique
2159 4782 2242 4837 sui
2274 4781 2322 4814 “
2352 4780 2669 4836 memoriam
2703 4779 3111 4849 haudquaquam
3138 4778 3182 4833 is
3209 4775 3404 4844 abjecit
3433 4815 3450 4841 ,

1878 4874 1970 4944 qui
2017 4875 2086 4929 ab
2126 4873 2274 4929 omni
2319 4872 2597 4928 mendacio
2628 4882 2710 4926 est
2737 4869 3156 4939 alienissimus),
3192 4882 3292 4923 nec
3328 4882 3452 4923 rur-

1878 4978 1972 5020 sus
2019 4965 2241 5020 omnino
2268 4962 2498 5032 inhibet,
2538 4976 2605 5018 ue
2645 4961 2843 5017 iterum
2896 4960 3012 5015 Elia
3049 4960 3281 5031 qundam
3309 4973 3446 5030 opus

1616 5116 1662 5151 ⁹²
1691 5116 1791 5175 Job
1820 5133 2049 5184 xxxvm,
2085 5117 2177 5187 28,
2204 5117 2295 5175 29.
2371 5116 2417 5152 “
2443 5116 2586 5173 Psal.
2621 5132 2847 5184 cxxnv,
2889 5117 2940 5171 7.
3016 5117 3062 5149 ἰ
3084 5113 3221 5172 Gen.
3251 5131 3327 5183 Ix,
3356 5115 3444 5172 12.

1945 5271 2058 5345 (75)
2109 5271 2382 5345 Ἐκχέων.
2408 5271 2501 5327 Sic
2529 5270 2637 5331 duo
2669 5270 2861 5343 Regg.,
2897 5270 2991 5328 Or.
3027 5272 3052 5325 1
3084 5280 3139 5324 et
3158 5268 3349 5327 Comb.
3385 5273 3444 5327 In

1870 5342 2220 5429 eaeaeae

1943 5412 2055 5486 (76)
2077 5409 2388 5486 Ἅπασαν.
2420 5410 2554 5481 Reg.
2594 5410 2779 5482 Cypr.,
2817 5409 3009 5479 ἅπασι,
3030 5411 3207 5480 quasi,
3239 5410 3445 5468 παντά-

249 5481 366 5561 (7‘5)
405 5487 675 5555 Βώλους.
725 5481 823 5542 Sic
861 5481 1027 5552 LXX,
1065 5496 1121 5540 et
1160 5483 1255 5540 Or.
1305 5484 1362 5539 1.
1408 5483 1465 5539 ln
1519 5483 1633 5550 ed.,
1675 5481 1764 5554 βό-

1898 5481 2045 5561 us};
2061 5502 2081 5535 ι
2109 5483 2362 5561 Δοιιῃιίηο,
2391 5481 2690 5561 prorsus.)

175 5558 362 5701 λοιὲξίί)
404 5629 615 5684 Φύσιν.
652 5626 783 5699 Reg.
817 5627 1005 5699 Cypr.,
1029 5625 1127 5697 τὴν
1151 5624 1331 5695 φύσιν.

1940 5553 2052 5627 (77)
2090 5550 2436 5624 Διεξαγάγῄ.
2466 5551 2597 5624 Reg.
2629 5567 2683 5620 a,
2710 5561 2764 5609 et
2784 5550 2878 5608 0r.
2908 5552 2960 5620 1,
2985 5550 3229 5630 διεξάγῃ.
