3890 6214
401 200 475 259 67
1613 197 1673 254 8.
1713 192 2044 254 GREGOBII
2082 191 2433 250 THEOLOGI
3595 190 3669 247 63

402 312 718 378 habeamus,
778 311 872 381 qui
924 310 1226 367 siccitatem
1280 309 1445 383 519
1507 308 1740 378 depellat
1768 310 1851 364 ουτ
1910 309 1967 364 Si

2095 304 2176 376 τῆς
2201 305 2460 378 ἀληθείας
2483 305 2835 377 λαμπόμενε;
2861 304 3027 368 Τίνας
3055 304 3268 376 ἀτμοὺς
3288 302 3397 358 ἀπὸ
3419 304 3520 375 γῆς
3557 303 3667 376 ⁵’18)

400 404 657 461 clauserit
685 403 883 460 coelum
929 403 1001 472 ",
1038 404 1212 474 inquit
1243 402 1519 472 Scriptura
1543 440 1559 470 ,
1580 404 1701 474 quis
1730 401 1975 473 aperiet?

402 493 461 550 Si
489 504 668 549 autem
703 503 1004 550 cataractas
1034 495 1306 565 aperuerit
1345 494 1427 558 ⁸⁷,
1474 495 1598 563 quis
1640 492 1977 548 continebit?

401 584 535 651 Quis
581 585 723 640 enim
781 584 1148 650 immodicam,
1202 584 1289 638 vel
1339 585 1597 654 pluviam,
1649 585 1728 639 vel
1781 584 1970 653 pluvi.e

401 677 759 732 retentionem
787 675 974 742 ferret,
1008 677 1112 730 nisi
1143 676 1235 731 ille
1273 676 1468 745 pluviae
1497 692 1698 746 parens
1726 676 1793 743 ⁸⁸,
1820 691 1978 731 men-

402 767 547 823 suris
572 769 684 824 suis
715 783 780 822 ac
817 767 1119 823 bilancibus
1148 770 1329 823 omnia
1359 776 1566 840 regeret
1600 783 1665 823 ac
1708 768 1981 839 guberna-

404 861 531 915 ret?
574 860 745 926 Quam
795 874 925 914 vero
974 859 1236 914 rationem
1278 858 1477 914 afferes
1524 861 1591 913 de
1635 858 1880 928 fulgetris
1914 873 1979 914 ac

403 952 677 1018 tonitruis,
732 959 808 1017 tu,
866 952 1110 1020 inquam,
1159 950 1256 1020 qui
1289 961 1494 1005 eterra
1544 957 1727 1015 tonas,
1786 964 1851 1005 ac
1910 965 1979 1006 ne

403 1042 733 1099 tenuissimis
785 1042 1002 1112 quidem
1058 1041 1305 1097 veritatis
1357 1041 1608 1112 igniculis
1651 1024 1869 1112 fulges?
1918 1041 1975 1095 In

402 1148 536 1203 quos
566 1146 791 1200 vapores
830 1146 862 1185 a
908 1140 1054 1184 terra
1104 1130 1375 1185 excitatos
1420 1130 1581 1198 hujus
1620 1130 1695 1184 rei
1757 1145 1977 1186 causam

404 1222 669 1291 conferes,
697 1237 897 1292 eosque
922 1221 1241 1276 nebularum
1265 1230 1519 1291 parentes
1542 1230 1597 1275 et
1627 1220 1772 1276 velut
1795 1221 1974 1275 archi-

403 1322 575 1370 tectos
613 1328 729 1371 esse
766 1315 1079 1377 contendes,
1126 1322 1219 1367 aut
1253 1313 1418 1366 etiam
1469 1313 1612 1367 aeris
1666 1313 1976 1367 condensa-

2087 396 2306 467 αἰτιάσῃ
2367 395 2559 464 νέφους
2618 396 3011 467 δημιουργοὺς,
3062 393 3097 466 ἢ
3148 394 3307 465 ἀέρος
3388 394 3669 451 πύκνωσίν

2088 502 2232 550 τινα,
2266 486 2299 557 ἦ
2334 487 2510 557 νεφῶν
2538 487 2648 540 τῶν
2701 486 3032 558 μανωτάτων
3075 486 3335 558 θλίψιν,ἢ
3379 483 3668 558 σύρῤηξιν,

2089 578 2176 631 ἵνα
2200 581 2233 648 ἡ
2271 579 2369 649 μὲν
2409 578 2586 649 θλίψις
2623 597 2704 632 σοι
2737 578 2835 651 τὴν
2868 579 3179 651 ἀστραπὴν,
3221 579 3254 649 ή
3288 579 3346 632 δὲ
3378 579 3530 651 ῥῆξις
3566 581 3669 652 τὴν

2090 671 2319 743 βροντὴν
2346 672 2725 744 ἀπεργάσηται
2750 690 2765 740 ;
2793 674 2943 726 ποῖον
2971 672 3029 725 δὲ
3059 669 3278 742 πνεῦμα
3296 670 3669 743 στενοχωρού-

2092 781 2274 834 μενον,
2305 759 2422 816 εἶτα
2453 765 2553 817 οὐκ
2585 763 2708 834 ἔχον
2754 762 3007 827 διέξοδον,
3049 761 3136 815 ἵνα
3191 761 3442 833 ἀστρὰψῃ
3488 761 3671 814 θλιϐό·

2090 871 2272 925 μενον,
2294 855 2388 908 καὶ
2407 853 2675 925 βροντήσῃ
2695 852 3030 926 ῥηγνύμενον
3048 871 3064 919 ;
3084 854 3146 906 Ei
3171 854 3262 906 τὸν
3289 854 3424 924 ἀέρα
3452 853 3670 930 διῆλθες

2087 945 2166 1014 τῷ
2211 944 2475 1015 λογισμῷ,
2526 947 2619 1003 καὶ
2656 947 2756 999 ὅσα
2805 946 2935 1017 περὶ
2980 945 3139 1017 ἀέρα,
3180 944 3385 1014 ψαῦσον
3433 945 3531 1015 ἥδη
3569 946 3669 997 σὺν

2088 1038 2213 1106 ἐμοὶ
2240 1036 2335 1090 καὶ
2366 1037 2595 1109 οὐρανοῦ
2622 1037 2846 1091 καὶτῶν
2870 1038 3158 1110 οὐρανίων.
3186 1037 3376 1100 Πίστις
3402 1037 3460 1090 δὲ
3485 1038 3673 1106 ἀγέτω

2086 1128 2248 1183 πλέον
2292 1131 2441 1200 ἡμᾶς
2473 1130 2507 1199 ἢ
2559 1129 2736 1200 λόγος,
2782 1131 2937 1203 εἴπερ
2979 1129 3179 1202 ἔμαθες
3231 1129 3291 1183 τὸ
3335 1130 3557 1192 ἀσθενὲς
3605 1130 3671 1184 ἐν

2084 1223 2196 1286 τοῖς
2222 1222 2521 1295 ἐγγυτέρω,
2544 1224 2639 1276 καὶ
2667 1222 2822 1291 λόγον
2856 1222 3044 1292 ἔγνως,
3079 1221 3159 1292 τῷ
3188 1220 3389 1291 γνῶναι
3421 1222 3490 1274 τά
3522 1221 3667 1292 ὑπὲρ

2084 1311 2264 1382 λόγον,
2298 1314 2385 1367 ἵνα
2433 1313 2508 1385 μὴ
2551 1314 2829 1379 παντελῶς
2877 1314 3117 1384 ἐπίγειος
3155 1310 3244 1386 ᾖς,
3279 1314 3314 1386 ἢ
3363 1313 3667 1387 περίγειος,

403 1405 607 1460 tionem
646 1405 958 1475 qttamdam,
999 1402 1084 1456 vel
1115 1403 1514 1457 rarissimarum
1548 1402 1769 1457 nubium
1818 1417 1969 1456 com-

2095 1405 2291 1475 ίγνοῶν
2313 1406 2407 1459 καὶ
2429 1405 2562 1459 αὐτὸ
2589 1405 2767 1471 τοῦτο,
2797 1406 2895 1477 τὴν
2922 1406 3166 1476 ἄγνοιαν.

401 1496 734 1566 pressionem
769 1504 825 1550 et
855 1490 1145 1561 lragorem,
1179 1499 1237 1546 ut
1269 1488 1606 1561 compressio
1636 1492 1850 1560 quidem
1874 1491 1961 1545 illa
1998 1491 2196 1563 fulgur,
2227 1493 2409 1564 fragor
2435 1505 2613 1549 autem
2641 1495 2934 1549 tonitruum
2980 1494 3073 1550 tibi
3101 1494 3312 1565 pariat?
3364 1495 3671 1563 Quemnam

400 1588 562 1642 etiam
623 1583 810 1640 ﬂatum
879 1584 1157 1639 astrictum
1227 1593 1393 1652 atque
1452 1597 1856 1651 compressum,
1917 1597 1982 1637 ac
2037 1593 2224 1652 postea
2285 1585 2431 1640 exitu
2485 1596 2804 1653 carentem,
2864 1596 2924 1641 ut
2966 1592 3021 1643 et
3096 1589 3495 1657 compressione
3548 1588 3671 1656 ipsa

400 1679 579 1750 fulgur
607 1717 624 1746 ,
669 1690 725 1732 et
776 1679 1119 1749 perruptioue
1170 1678 1465 1733 tonitruum
1522 1676 1867 1744 edat?~Quod
1907 1679 1950 1732 si
1991 1692 2171 1734 aerem
2213 1693 2477 1752 aereaque
2505 1682 2684 1738 omnia
2718 1682 3046 1756 cogitatione
3088 1682 3408 1753 peragrasti,
3453 1698 3670 1738 mecum

397 1775 508 1847 jam
543 1775 738 1832 coelum
801 1788 1013 1843 quoque
1074 1789 1142 1829 ac
1202 1773 1443 1829 coeleitia
1488 1772 1758 1843 continge.
1799 1772 2067 1829 Caeterum
2110 1774 2299 1829 ducem
2359 1776 2538 1847 potius
2572 1778 2757 1846 ﬁdem,
2819 1792 2979 1849 quam
3044 1777 3310 1831 rationem
3350 1789 3670 1846 sequamur,

402 1868 449 1920 si
492 1865 648 1923 modo
685 1865 882 1936 ingenii
920 1865 994 1920 tui
1036 1865 1455 1921 imbecillitatem
1488 1864 1540 1918 in
1607 1865 2081 1934 propinquioribus
2106 1866 2382 1932 didicisti,
2439 1870 2772 1939 rationisque
2801 1868 2853 1924 id
2882 1883 3005 1925 esse
3034 1868 3356 1939 cognsvisti,
3396 1880 3474 1934 ut,
3520 1882 3676 1936 quae.

403 1977 528 2017 nam
555 1970 681 2016 sunt
703 1974 789 2025 ea,
855 1975 975 2031 quae
1008 1962 1233 2016 rationis
1275 1960 1525 2017 humanae
1588 1970 1804 2028 captum
1839 1962 2123 2025 exiedant,
2162 1977 2491 2034 cognoscas;
2535 1978 2604 2019 ne
2641 1965 2843 2035 alioqui
2888 1979 3112 2036 prorsus
3162 1973 3409 2021 terrenus
3445 1963 3538 2029 sis,
3581 1979 3676 2018 re-

402 2055 612 2124 busque
666 2053 897 2108 terrenis
951 2053 1262 2117 immersus,
1310 2067 1480 2122 ipsam
1540 2065 1754 2121 quoque
1785 2049 2142 2121 ignorantiam
2179 2063 2322 2107 tuam
2361 2054 2643 2125 ignorans.

473 2215 668 2273 XXIX.
717 2217 850 2285 Quis
877 2218 1070 2273 caelum
1104 2219 1423 2289 circumegit
1443 2232 1507 2273 ac
1538 2218 1969 2285 tornavit?Quis

404 2308 588 2365 stellas
616 2310 804 2365 ordine
851 2310 1171 2366 collocavit?
1204 2310 1317 2364 Ιιιιο
1348 2326 1497 2376 vero,
1563 2320 1619 2364 ut
1656 2324 1772 2379 qua:
1799 2311 1980 2381 priora

404 2409 532 2455 sunt
563 2400 760 2466 dicam,
801 2399 929 2468 quid
983 2399 1180 2453 coelum
1218 2399 1393 2465 ipsum
1432 2397 1551 2453 est?
1584 2396 1724 2463 Quid
1763 2396 1978 2452 stellae?

405 2495 489 2552 An
522 2492 706 2549 dicere
727 2493 833 2547 hoc
860 2500 1036 2561 potes,
1086 2506 1120 2545 ο
1152 2491 1400 2546 sublimis
1451 2491 1783 2558 disputator;
1842 2490 1935 2558 qui
1964 2528 1982 2554 ,

403 2596 528 2636 cum
558 2594 644 2645 ea,
673 2593 793 2650 quae
820 2588 946 2633 ante
984 2581 1152 2649 pedes
1194 2588 1312 2634 tuos
1343 2588 1501 2644 sunt,
1531 2579 1769 2649 ignores,
1816 2593 1887 2632 ac
1917 2592 1983 2633 ne

406 2684 462 2728 te
481 2671 653 2742 ipsum
679 2670 895 2741 quidem
926 2671 1104 2725 metiri
1134 2686 1324 2740 queas,
1350 2686 1413 2724 ea
1443 2681 1647 2736 tamen,
1674 2685 1795 2739 quae
1823 2680 1977 2723 natu-

404 2779 524 2820 ram
557 2771 705 2818 tuam
735 2771 1014 2831 superant,
1041 2763 1254 2817 curiose
1279 2763 1660 2831 perscrutaris,
1690 2761 1977 2831 hiantique

403 2840 501 2913 Ore
536 2856 590 2911 in
617 2869 702 2922 ea,
733 2868 1178 2924 quaemensuram
1206 2867 1420 2908 omnem
1443 2853 1732 2919 excedunt,
1764 2852 1977 2906 incum-

404 2948 528 3007 bis?
573 2946 646 3003 Ut
674 2946 821 3001 enim
855 2942 950 2999 tibi
985 2944 1301 3011 concedam,
1352 2954 1404 2998 te
1448 2943 1609 2998 orbes
1655 2958 1719 2998 ac
1756 2956 1982 2997 conver-

407 3041 612 3106 siones,
640 3036 982 3093 accessiones
1009 3035 1172 3091 etiam
1206 3046 1262 3089 et
1291 3034 1631 3090 recessiones
1649 3074 1665 3101 ,
1696 3042 1981 3102 perceptas

2148 2213 2276 2269 K62
2318 2214 2413 2278 Τίς
2452 2216 2787 2288 περιήγαγεν
2848 2214 3108 2286 οὐρανὸν,
3155 2212 3340 2274 ἔταξεν
3390 2198 3672 2284 ἀστέραςς

2082 2306 2281 2376 μᾶλλον
2314 2306 2370 2358 δὲ
2393 2306 2526 2376 (79),
2567 2306 2619 2358 τί
2649 2307 2753 2378 πρὸ
2780 2306 2982 2360 τούτων
3015 2304 3244 2377 οὐρανὸς
3287 2301 3377 2356 καὶ
3414 2303 3672 2371 ἀστέρες,

2079 2400 2221 2470 ἔχοις
2245 2399 2310 2452 ἂν
2342 2399 2538 2460 εἰπεῖν,
2575 2401 2603 2452 ὁ
2640 2398 2931 2470 μετέωρος,
2965 2399 2993 2450 ὁ
3038 2396 3108 2451 τὰ
3147 2399 3205 2450 ὲν
3246 2399 3404 2449 ποσὶν
3432 2396 3672 2464 ἀγνοῶν,

2082 2493 2174 2545 καὶ
2204 2491 2325 2544 οὐδὲ
2356 2491 2581 2544 σεαυτὸν
2635 2491 2903 2563 μετρῆσαι
2954 2489 3270 2560 δυνάμενος,
3314 2488 3385 2541 τά
3422 2488 3479 2540 δὲ
3526 2486 3677 2556 ὑπὲρ

2084 2584 2183 2649 τὴν
2219 2582 2315 2654 σὴν
2346 2582 2506 2651 φύσιν
2536 2581 3031 2654 πολυπραγμονῶν,
3067 2583 3163 2635 καὶ
3204 2580 3447 2651 κεχηνὼς
3476 2581 3558 2644 εἰς
3599 2580 3680 2634 τὰ

2091 2676 2335 2746 dpereat;
2365 2675 2545 2727 Ἔστω
2570 2674 2677 2744 γάρ
2722 2691 2781 2726 σε
2819 2673 3073 2736 κύκλους,
3106 2673 3202 2726 καὶ
3240 2673 3542 2744 περιόδους,
3575 2672 3677 2725 καὶ

2092 2765 2489 2836 πλησιασμοὺς,
2517 2765 2611 2817 καὶ
2643 2763 3022 2836 ἀποχωρήσεις
3054 2760 3167 2834 (80)
3205 2760 3675 2832 καταλαμϐάνειν,

2091 2854 2367 2918 ἐπιτολὰς,
2409 2855 2503 2909 καὶ
2534 2854 2828 2921 ἀνατολὰς,
2861 2854 2956 2908 καὶ
3002 2854 3197 2926 μοίρας
3236 2852 3410 2918 τινὰς,
3454 2852 3552 2906 καὶ
3586 2852 3681 2904 λε.-

2094 2948 2387 3019 πτότητας,
2423 2948 2518 3001 καὶ
2555 2949 2701 3012 ὅσοις
2732 2948 2796 3001 σὺ
2841 2948 2942 3020 τὴν
2981 2946 3291 3017 θαυμασίαν
3329 2963 3422 2999 σου
3466 2946 3682 3017 ταύτην

2092 3041 2403 3111 ἐπιστήμην
2431 3038 2826 3111 ἀποσεμνύνεις
2842 3056 2856 3070 ·
2887 3040 3039 3093 οὔπω
3060 3039 3221 3092 τοῦτο
3239 3038 3540 3110 κατάληψις
3563 3041 3682 3092 τῶν

408 3100 631 3197 habere,
662 3128 795 3185 solis
828 3128 994 3182 etiam
1026 3136 1080 3181 et
1114 3127 1352 3180 siderum
1385 3100 1655 3187 exortus,
1682 3100 1981 3195 gradusque

2095 3100 2479 3196 όντωνηὲστὶν,
2543 3100 2681 3185 ἀλλὰ
2733 3131 2999 3203 κινήσεώς
3042 3148 3185 3195 τινος
3238 3100 3586 3203 ἱπιτήρξσις,
3643 3132 3683 3204 ἢ

408 3223 692 3295 quosdam,
726 3229 781 3276 et
814 3220 1093 3282 minutias,
1123 3225 1428 3287 caeteraque
1464 3219 1673 3283 omnia,
1710 3216 1906 3286 quibus
1938 3228 1991 3269 tu

407 3314 665 3373 eximiam
694 3322 838 3368 tuam
870 3311 1152 3366 scientiam
1191 3308 1478 3379 magniﬁce
1524 3308 1720 3373 effers;
1750 3308 1990 3362 nondum

410 3419 593 3465 tamen
652 3408 755 3461 hoc
803 3412 951 3460 certa
996 3418 1179 3459 rerum
1229 3400 1646 3470 comprehensio
1706 3408 1825 3465 est,
1894 3399 1991 3455 sed

411 3508 591 3553 motus
621 3493 900 3565 cujusdam
926 3494 1236 3547 observatio
1259 3530 1275 3557 ,
1304 3506 1424 3561 quae
1460 3489 1786 3545 diuturniori
1827 3503 1987 3544 exer-

410 3584 669 3643 citatione
689 3584 1024 3647 conﬁrmata,
1051 3589 1400 3650 posteaquam
1426 3594 1512 3645 ea,
1537 3594 1661 3649 quae
1682 3596 1711 3634 a
1739 3578 1991 3650 pluribus

411 3677 696 3734 observata
724 3684 872 3741 sunt,
912 3674 966 3728 in
1001 3689 1166 3728 unum
1202 3673 1439 3743 collegit,
1483 3686 1547 3728 ac
1580 3670 1773 3727 deinde
1812 3671 1984 3727 ratio-

338 3802 343 3819 ι
410 3783 533 3826 nem
558 3783 744 3822 eorum
777 3766 1121 3838 exe0gitavit,
1155 3765 1230 3820 ita
1263 3766 1482 3820 demum
1520 3765 1762 3819 scientia:
1791 3780 1985 3821 nomen

410 3871 497 3920 est
522 3873 844 3926 consecuta;
896 3858 1348 3930 quemadmodum
1385 3856 1525 3911 lunae
1563 3855 1899 3921 affectiones,
1931 3856 1984 3909 in

411 3954 706 4010 multorum
739 3951 988 4005 notitiam
1018 3963 1235 4015 venere,
1261 3949 1351 4018 qui
1381 3946 1621 4002 scientia:
1654 3947 1976 4016 principium

411 4046 480 4101 ab
523 4044 696 4100 oculis
745 4049 1095 4110 acceperunt.
1137 4041 1208 4094 At
1253 4055 1382 4095 vero
1423 4040 1467 4095 si
1524 4039 1726 4110 insigni
1780 4039 1976 4093 harum

410 4150 592 4193 rerum
622 4135 927 4206 cognitione
978 4142 1274 4188 instructus
1300 4146 1358 4186 es
1384 4171 1401 4197 ,
1440 4140 1603 4201 atque
1630 4131 1834 4201 optimo
1862 4131 1985 4198 jure

410 4228 468 4284 in
503 4228 864 4283 admiratione
895 4240 1017 4282 esse
1048 4225 1257 4289 studes,
1293 4222 1458 4293 520
1488 4223 1576 4277 dic
1619 4238 1738 4291 qua:
1780 4222 1987 4276 ordinis

412 4321 574 4392 hujus
609 4330 895 4390 motusque
938 4332 1104 4373 causa
1140 4316 1247 4373 sit?
1287 4315 1440 4371 Unde
1488 4314 1592 4369 hoc
1643 4315 1843 4368 habeat
1881 4314 1984 4380 sol,

2090 3222 2296 3276 πλείονι
2326 3222 2602 3295 γυμνασίᾳ
2633 3222 3014 3294 βεϐαιωθεῖσα,
3056 3225 3151 3277 καὶ
3189 3225 3268 3288 είς
3297 3223 3358 3277 ἓν
3391 3224 3686 3293 ἀγαγοῦσα

2088 3313 2157 3368 τὰ
2179 3314 2483 3386 τηρηθέντα
2513 3315 2774 3382 πλείοσιν,
2810 3311 2929 3369 εἶτα
2967 3316 3124 3385 λόγον
3147 3318 3503 3387 ἐπινοήσασα,
3539 3319 3674 3370 ὲπι-

2090 3407 2271 3477 στήμη
2303 3395 2718 3478 προσηγορεύθη
2747 3423 2762 3439 ⁸
2804 3406 2993 3479 ὥσπερ
3029 3409 3099 3461 τά
3136 3409 3266 3480 περὶ
3299 3408 3530 3480 σελήνην
3567 3426 3684 3462 πα-

2091 3494 2312 3567 θήματα
2336 3497 2470 3568 (8|),
2498 3497 2752 3570 γνώριμα
2790 3499 2982 3568 γέγονε
3009 3501 3123 3563 τοῖς
3155 3499 3390 3565 πολλοῖς,
3423 3499 3523 3571 τὴν
3552 3499 3686 3570 ὄψιν

2094 3586 2271 3658 ἀρχὴν
2295 3587 2531 3642 λαϐόντα
2557 3589 2657 3657 τῆς
2683 3589 2958 3658 γνώσεως.
2998 3592 3072 3645 Σὺ
3102 3590 3179 3655 δὲ,
3217 3592 3265 3645 εί
3300 3590 3419 3644 λίαν
3451 3592 3688 3662 ἐπιστή-

2097 3695 2213 3750 μων
2249 3673 2302 3731 εἶ
2341 3677 2566 3744 τούτων,
2608 3680 2704 3732 καὶ
2756 3680 2981 3745 δικαίως
3033 3681 3217 3753 ζητεῖς
3271 3681 3686 3753 θαυμάζεσθαι,

2092 3769 2215 3822 είπὲ
2246 3768 2330 3833 τίς
2350 3770 2384 3840 ἡ
2414 3769 2516 3840 τῆς
2547 3771 2753 3838 τάξεως
2783 3772 2934 3825 αἰτία
2962 3773 3055 3826 καὶ
3080 3774 3183 3843 τῆς
3220 3774 3511 3845 κινήσεως.
3570 3774 3689 3827 Πό-

2093 3859 2185 3915 θεν
2220 3861 2371 3932 ἦλιος
2396 3864 2711 3935 φρυκτωρεῖ
2737 3865 2886 3937 πάσῃ
2909 3867 2975 3936 τῇ
3003 3866 3318 3938 οἰκουμένῃ,
3349 3866 3445 3919 καὶ
3470 3866 3685 3931 πάσαις

2094 3957 2301 4028 ὄψεσιν,
2352 3956 2544 4029 ῶσπερ
2594 3957 2758 4029 χοροῦ
2810 3976 2954 4023 τινος
2994 3961 3310 4030 κορυφαῖος,
3348 3957 3509 4011 πλέον
3551 3961 3687 4024 τοὺς

2095 4048 2288 4112 ἄλλους
2342 4047 2578 4120 ἀστέρας
2635 4050 3004 4122 ἀποκρύπτων
3062 4051 3398 4122 φαιδρότητι,
3452 4051 3486 4122 ἡ
3532 4068 3687 4116 τινες

2094 4142 2317 4195 ἐκείνων
2342 4140 2596 4213 ὲτέρους;
2634 4141 2930 4208 Ἀπόδειξις
2963 4142 3038 4207 δὲ,
3071 4146 3119 4195 οἱ
3157 4142 3255 4214 μὲν
3297 4142 3684 4212 ἀντιλάμπουο

2098 4249 2202 4299 σιν,
2235 4234 2263 4286 ὁ
2288 4233 2346 4286 δὲ
2380 4233 2747 4306 ὑπερλάμπει,
2777 4235 2872 4290 καὶ⁸
2903 4236 3024 4288 οὐδὲ
3057 4236 3139 4288 ὅτι
3171 4235 3585 4305 συνανίσχουσιν
3615 4238 3685 4306 ἐᾷ

2095 4320 2481 4392 γνωρίζεσθαι,
2513 4322 2678 4387 καλὸς
2714 4323 2789 4387 ὡς
2816 4324 3067 4395 νυμφίος,
3099 4326 3269 4395 ταχὺς
3292 4324 3367 4386 ὼς
3390 4324 3553 4393 γίγας
3584 4326 3687 4378 καὶ

412 4423 474 4468 ut
497 4413 613 4468 orbi
639 4413 914 4477 universo,
948 4426 1014 4465 ac
1036 4409 1278 4466 omnium
1306 4407 1478 4462 oculis
1504 4448 1521 4474 ,
1553 4415 1809 4475 tanquam
1835 4406 1981 4461 chori

2097 4413 2269 4484 μέγας
2297 4412 2438 4484 (οὐδὲ
2475 4413 2585 4485 γὰρ
2625 4415 2889 4485 ἀνέχομαι
2923 4414 3201 4486 ἄλλοθενῆ
3236 4418 3345 4478 τοῖς
3371 4419 3526 4486 ὲμοίς
3551 4418 3686 4470 τοῦ-

413 4504 693 4576 cujusdam
726 4506 1065 4575 coryphtrus,
1101 4501 1412 4572 praeluceat,
1457 4499 1634 4553 sidera
1665 4497 1770 4551 alia
1805 4497 1987 4566 splen-

414 4600 545 4654 dore
572 4613 672 4653 suo
717 4597 890 4667 magis
915 4596 1236 4658 obscurans,
1283 4603 1445 4661 atque
1490 4590 1788 4651 occultans,
1824 4603 1984 4658 quam

413 4688 660 4760 quaedam
699 4687 911 4742 illorum
938 4688 1004 4741 ab
1035 4685 1158 4740 aliis
1184 4682 1564 4739 obducantur?
1587 4681 1750 4748 Cujus
1783 4680 1863 4735 rei
1884 4680 1989 4735 hoc

414 4787 795 4849 argumentum
829 4785 932 4839 est,
959 4777 1102 4845 quod
1147 4792 1269 4830 cum
1297 4790 1359 4830 ea
1400 4772 1546 4828 velut
1587 4771 1835 4826 certatim
1883 4770 1991 4825 ful-

415 4876 598 4940 geant,
629 4870 744 4940 ipse
772 4879 952 4923 tamen
980 4867 1311 4937 splendidius
1341 4866 1528 4939 fulget,
1559 4881 1679 4931 nec,
1707 4866 1849 4935 quod
1881 4878 1987 4917 una

417 4979 541 5020 cum
567 4978 632 5018 eo
652 4963 917 5027 oriantur,
947 4961 1199 5030 cognosci
1216 4960 1382 5023 sinat,
1406 4958 1631 5030 pulcher
1655 4967 1715 5011 ut
1737 4970 1988 5026 sponsus,

488 5126 535 5160 "
564 5123 630 5178 ill
669 5125 802 5194 Reg.
838 5139 994 5189 xvm,
1040 5123 1232 5189 44,45.

489 5242 602 5380 ἕπε)
650 5243 791 5322 ἈΞτό
822 5243 955 5314 γῆς.
982 5242 1077 5299 Or.
1110 5241 1423 5312 1,ὲτιὶγῆς.

514 5317 604 5380 79)
641 5315 890 5369 Μαλλον
931 5313 1018 5367 δέ.
1066 5313 1247 5367 Schol.
1278 5331 1293 5365 :
1326 5313 1398 5364 Τὸ

514 5308 604 5385 79)
641 5308 1018 5385 armarit-“as.
1066 5313 1247 5385 Schol.
1278 5308 1398 5385 ιΤὸ
1433 5309 1734 5385 ὑπερϐατόν
1779 5308 1985 5385 οὕτως,

425 5381 623 5458 μᾶλλον
658 5384 735 5458 Δδὲ
773 5385 896 5458 πρὸ,
920 5383 1119 5438 τούτων
1147 5382 1290 5452 ἔχοις
1323 5382 1389 5458 ἂν
1417 5381 1610 5458 είπείν,
1643 5381 1702 5458 τί.
1730 5381 1988 5458 οὐρανὸς,

421 5453 517 5510 καὶ
543 5453 798 5523 ἀστέρες·
818 5453 850 5507 ⁷(
886 5457 994 5509 lmo
1016 5469 1141 5508 vero
1166 5458 1342 5507 uicere
1373 5455 1592 5520 habeas,
1614 5453 1741 5521 quid
1770 5453 1987 5518 caelum,

423 5526 549 5597 quid
563 5527 766 5597 Astellae,
812 5543 831 5575 ι
863 5534 966 5597 etc.

495 5595 607 5665 (80)
658 5592 1112 5666 Ἀποχωρήσεις.
1142 5593 1286 5663 Bas.,
1314 5591 1706 5663 ὑποχωρήσεις.

2093 4522 2185 4558 τον
2217 4505 2633 4578 ἀποσεμνύνειν)
2654 4524 2666 4536 ·
2695 4508 2949 4571 τοσοῦτος
2990 4508 3089 4579 τὴν
3121 4508 3373 4579 δύναμιν,
3407 4507 3552 4562 ὥστε
3582 4510 3683 4564 ἀπ’

2094 4596 2268 4650 ἄλλων
2320 4595 2506 4668 ἄκρων
2555 4596 2690 4651 ἄλλα
2745 4603 2812 4670 τῇ
2873 4599 3166 4672 θερμότητι
3210 4600 3684 4669 καταλαμϐάνειν,

2092 4688 2186 4741 καὶ
2213 4687 2377 4758 μηδὲν
2403 4688 2715 4758 διαφεύγειν
2748 4689 2915 4745 αὑτοῦ
2958 4692 3058 4763 τὴν
3086 4692 3337 4764 αἴσθησιν
3360 4708 3373 4721 ·
3407 4691 3545 4746 ἀλλά
3576 4696 3687 4747 πᾶ-

2096 4795 2195 4832 σαν
2232 4779 2569 4850 πληροῦσθαι
2593 4783 2690 4836 καὶ
2709 4782 2831 4851 ὄψιν
2871 4782 3068 4853 φωτὸς,
3111 4784 3205 4837 καὶ
3235 4783 3555 4855 σωματικὴν
3583 4784 3689 4854 φύ-

2097 4888 2180 4924 σιν
2224 4870 2596 4945 θερμότητος⁸
2638 4874 2887 4946 θέροντος
2925 4876 3061 4947 (8‘2),
3107 4875 3222 4929 ἀλλ’
3254 4876 3314 4929 οὐ
3364 4875 3681 4945 φλέγοντος,

2095 4963 2391 5033 εὐκρασίας
2458 4966 2758 5039 ἡμερότητι
2837 4969 2933 5022 καὶ
2995 4967 3145 5032 τάξει
3219 4969 3522 5039 κινήσεως,
3607 4968 3690 5029 ὡς

1316 5120 1362 5154 ⁹⁶
1398 5123 1549 5178 Deut.
1600 5136 1673 5187 τι,
1720 5119 1806 5174 l7.
1883 5118 1927 5152 ⁵⁷
1958 5116 2091 5175 Gen.
2129 5136 2228 5189 vn,
2279 5121 2368 5177 Η.
2444 5125 2490 5158 ⁸⁸
2518 5123 2619 5181 Job
2656 5130 2887 5193 “svnt,
2913 5125 3005 5182 28.

2157 5241 2282 5323 _(81)
2326 5243 2562 5323 Tr'z_:_tepl
2596 5244 2873 5323 σελήνηνς
2908 5244 3244 5323 παθήματα.
3293 5242 3512 5323 (Luna:
3549 5244 3687 5323 affe-

2095 5315 2325 5434 (fztioues,
2357 5332 2378 5365 ι
2411 5315 2462 5370 id
2490 5325 2574 5369 est
2611 5335 2631 5367 ι
2670 5316 3026 5381 accretiones,
3065 5316 3448 5369 diminutiones
3491 5324 3547 5368 et
3587 5317 3691 5368 de—

2120 5392 2288 5434 ectus.
2330 5402 2349 5434 ι

2120 5392 2288 5436 cetus.
2330 5402 2349 5434 ι

2170 5452 2283 5525 (82)
2323 5451 2630 5525 Θέροντοςτ
2663 5449 2834 5525 Elias,
2862 5448 3182 5518 θάλποντος,
3214 5467 3233 5503 ι
3269 5448 3449 5507 calore
3485 5447 3681 5507 fovea-

2101 5529 2207 5589 tur,
2250 5521 2272 5576 t'
2306 5527 2447 5594 quod
2482 5521 2727 5593 sequitur
2750 5521 2921 5577 Leuv.
