3890 6214
207 210 274 270 69
1203 203 1464 262 ORATIO
1500 202 1744 263 XXVIII.
1783 234 1853 245 —
1890 204 2332 263 THEOLOGICA
2365 204 2431 261 ΙΙ.
3378 214 3457 270 70

204 326 331 382 πᾶσι
390 322 680 396 παρόντος,
730 323 827 378 καὶ
866 323 1043 379 πάντα
1099 324 1296 396 ἐπίσης
1344 323 1775 397 περιλαμϐάνον-

1887 340 2107 394 magnus
2132 340 2198 380 ac
2250 325 2394 382 celer
2433 334 2489 379 ut
2527 325 2678 398 gigas
2721 328 2766 368 σθ
2831 326 3041 398 (neque
3083 327 3226 383 enim
3269 327 3450 386 facere

204 415 448 485 τος(83).
1877 430 2120 484 possum,
2175 424 2234 469 ut
2273 417 2510 480 aliunde,
2569 431 2733 486 quam
2782 431 2851 471 ex
2910 418 3047 472 meis
3104 417 3277 484 libris,
3324 434 3447 472 eum

204 526 457 566 coornem
512 525 578 565 ac
608 508 948 579 celebrem);
990 517 1193 563 tantam
1230 509 1339 564 vim
1409 518 1464 563 et
1528 508 1838 564 facultatem
1878 510 2104 574 habens,
2141 521 2201 564 ut
2239 510 2305 566 ab
2349 510 2469 566 aliis
2516 511 2779 565 extremis
2827 511 2934 565 alia
2984 519 3227 566 extrema
3270 512 3449 568 calore

201 616 301 663 suo
329 601 738 672 complectatur,
771 615 872 656 nec
897 616 984 656 res
1007 601 1112 655 ulla
1135 601 1252 670 ejus
1308 616 1525 657 sensum
1577 600 1834 672 ell'ugiat:
1877 602 2003 672 quin
2056 605 2253 672 potius,
2309 612 2363 658 et
2417 604 2607 658 oculus
2655 604 2833 659 omnis
2884 603 3025 667 luce,
3087 614 3142 658 et
3188 618 3449 674 corporea

203 708 387 755 natura
446 698 628 753 calore
683 698 1044 765 compleatur,
1107 713 1172 753 ac
1232 698 1339 754 leni
1397 700 1612 768 quidem
1667 713 1764 753 sua
1801 700 2082 769 temperie,
2112 712 2367 772 motuque
2426 701 2676 755 ordinato
2738 697 3063 754 calefaciens
3095 698 3442 766 omnia,uon

203 802 379 851 urens,
402 788 652 841 omnibus
681 795 876 855 praesto
902 798 1004 851 σει,
1028 797 1082 842 et
1113 789 1292 842 omnia
1331 804 1484 859 aeque
1516 788 1941 858 comprehendit.

271 882 348 936 A'.
391 882 600 935 Ἐκεῖνο
642 881 701 935 δέ
740 899 822 935 σοι
858 881 971 954 (84)
1008 882 1265 954 πηλίκον,
1303 886 1352 937 εί
1404 884 1772 954 κατενόησαςῖ

1949 883 2118 940 XXX.
2149 884 2280 939 lllud
2309 892 2489 939 autem
2515 893 2773 954 quantum
2803 882 2896 937 tibi
2921 882 3154 948 videtur,
3183 881 3448 951 siquidem

206 975 383 1032 Τοῦτο
416 975 485 1027 ἐν
510 972 817 1040 αἰσθητοῖς
851 972 1045 1041 ἣλιος,
1074 974 1219 1042 ὅπερ
1247 975 1318 1028 ἐν
1341 974 1579 1041 νοητοῖς
1605 974 1774 1041 Θεὸς,

1887 977 2352 1032 animadvertisti?
2397 976 2545 1030 Idem
2577 976 2630 1030 in
2671 973 3003 1029 semibilibus
3045 984 3119 1028 est
3168 973 3270 1035 sol,
3309 971 3450 1042 quod

203 1065 304 1137 ἔφη
334 1081 419 1128 τις
451 1064 557 1117 τῶν
602 1064 897 1135 ἀλλοτρίων
935 1065 1069 1135 (85).
1102 1065 1274 1128 Αὐτὸς
1314 1064 1422 1136 γὰρ
1465 1064 1587 1134 δψιν
1611 1064 1775 1134 φωτί-

1887 1069 2021 1124 Deus
2048 1069 2104 1123 in
2130 1067 2535 1133 intellectilibus,
2589 1066 2763 1134 inquit
2810 1063 3068 1133 profanus
3111 1062 3372 1132 quispiam
3407 1061 3452 1117 ‘.

204 1156 328 1221 ζων,
359 1154 548 1227 ὥσπερ
578 1157 782 1220 ἐκεῖνος
812 1156 968 1210 νοῦν·
1000 1156 1162 1220 αὐτὸς
1190 1157 1283 1210 καὶ
1319 1157 1427 1209 τῶν
1463 1156 1775 1228 ὁρωμένων,

1887 1162 1952 1219 Ut
1985 1164 2128 1217 enim
2151 1162 2240 1216 hic
2272 1170 2528 1223 mentem,
2562 1160 2635 1212 ita
2667 1157 2757 1211 ille
2777 1156 2960 1210 oculos
2986 1155 3217 1210 illustrat
3243 1171 3257 1208 :
3287 1164 3449 1223 atque

204 1248 318 1300 ἐστὶ
368 1247 431 1301 τὸ
482 1246 787 1309 κάλλιπον,
842 1246 1030 1318 ὥσπερ
1082 1249 1286 1309 ἐκεῖνος
1325 1247 1432 1300 τῶν
1481 1247 1775 1318 νοουμένων

1887 1265 1937 1309 ιιι
1963 1254 2051 1309 hic
2079 1267 2168 1308 res
2201 1267 2296 1308 eas
2331 1265 2541 1317 omnes,
2576 1265 2697 1318 quae
2736 1247 2917 1302 animo
2952 1257 3008 1302 et
3046 1248 3255 1302 ratione
3289 1245 3451 1301 iutel~

212 1339 374 1392 Ἀλλὰ
399 1339 453 1392 τί
490 1339 550 1392 τὸ
583 1340 810 1411 κινῆσαν
838 1340 1000 1392 αὑτὸν
1022 1340 1306 1410 ἀπ’ἁρχῆς
1330 1355 1345 1405 ;
1369 1339 1434 1391 Τί
1464 1339 1551 1392 δαὶ
1575 1338 1685 1410 (86)
1720 1338 1775 1392 τὸ

1887 1347 2136 1417 liguntur,
2194 1342 2597 1415 pulchritudine
2648 1341 2851 1405 vincit,
2902 1340 2973 1393 ita
3020 1340 3183 1394 etiam
3216 1339 3305 1395 ille
3333 1353 3450 1405 eas,

204 1431 287 1485 ἀεὶ
309 1431 492 1483 κινοῦν
520 1432 615 1484 κα).
637 1432 900 1502 περιάγον
926 1431 1136 1485 ἑστῶτα
1164 1431 1330 1501 λόγῳ,
1358 1431 1453 1485 καὶ
1489 1432 1563 1502 μὴ
1590 1430 1771 1484 κινού-

1887 1455 2001 1509 quae
2037 1437 2318 1493 oculorum
2360 1450 2518 1491 sensu
2563 1435 2953 1504 percipiuntur.
2999 1432 3104 1488 Sed
3150 1432 3280 1502 quid
3326 1441 3450 1486 tan-

209 1536 381 1591 μενον,
424 1520 592 1583 ὅντως
634 1519 943 1592 ἀκάμαντα,
990 1522 1087 1574 καὶ
1121 1521 1426 1592 φερέσϐιον,
1473 1521 1568 1575 κα).
1617 1521 1775 1591 φυσί-

1887 1533 2001 1587 dem
2038 1530 2112 1584 illi
2162 1538 2366 1584 motum
2411 1528 2563 1583 initio
2598 1527 2779 1581 dedit?
2832 1526 2969 1592 Quid
3017 1541 3139 1580 eum
3188 1533 3451 1594 perpetuo

206 1611 359 1676 ζωον,
400 1610 490 1663 κα)
540 1611 643 1663 ὅσοι
684 1613 933 1681 ποιηταῖς
982 1610 1217 1682 ὕμνηται
1275 1610 1412 1664 κατὰ
1453 1610 1638 1679 λόγον,
1684 1611 1775 1664 καὶ

1887 1634 2027 1678 motu
2076 1621 2246 1692 agitat
2296 1634 2362 1674 ac
2408 1616 2798 1682 circumducit,
2830 1632 2953 1670 cum
2989 1615 3203 1669 interim
3239 1614 3452 1669 ratione

209 1706 339 1774 μήτε
369 1701 482 1773 (87)
512 1703 610 1773 τῆς
638 1701 830 1756 ἑαυτοῦ
861 1705 1032 1774 φορᾶς
1062 1720 1211 1769 ποτε,
1255 1703 1395 1775 μήτε
1418 1702 1528 1757 τῶν
1557 1704 1779 1773 εὐεργε-

204 1792 332 1845 σιῶν
355 1792 674 1862 ίστάμενον;
710 1791 836 1856 Πῶς
874 1793 1087 1863 ἡμέρας
1113 1793 1445 1864 δημιουργὸς
1478 1794 1617 1866 ὑπὲρ
1650 1796 1773 1865 γῆς,

203 1884 297 1938 καὶ
320 1885 517 1946 νυκτὸς
545 1886 650 1939 ὑπὸ
685 1887 809 1956 γῆν,
841 1886 875 1956 ἢ
906 1887 1006 1939 οὐκ
1041 1882 1137 1939 οἷδ’
1168 1887 1196 1940 ὅ
1224 1903 1276 1939 τι
1298 1886 1404 1959 χρὴ
1426 1888 1602 1957 λέγειν
1641 1887 1778 1959 ἡλίῳ

203 1976 614 2048 προσϐλέψαντα
640 1993 655 2043 ;
688 1978 785 2042 Τίς
808 1979 843 2049 ἡ
870 1959 1076 2032 τοότων
1111 1978 1221 2048 (88)
1260 1980 1561 2052 πρόσληψις
1592 1997 1652 2033 τε
1683 1982 1778 2035 καὶ

203 2069 615 2141 ἀνθυφαίρεσις,
647 2071 741 2123 καὶ
775 2073 808 2142 ἡ
846 2072 945 2142 τῆς
978 2072 1290 2143 ἀνισότητος
1321 2072 1521 2144 ἰσότης,
1550 2073 1615 2126 ἵν’
1637 2073 1778 2126 είπω

198 2174 255 2218 τι
278 2161 372 2216 καὶ
397 2162 729 2233 παράδοξονς
767 2162 893 2226 Πῶς
933 2164 989 2216 δὲ
1020 2162 1178 2233 ὡρῶν
1217 2166 1445 2237 ποιητής
1468 2182 1528 2218 τε
1554 2165 1648 2218 καὶ
1684 2181 1779 2235 με-

203 2253 414 2325 ριστῆς,
452 2255 727 2318 εὐτάκτως
774 2255 887 2324 (89)
920 2256 1313 2327 ἐπιγινομένων
1346 2274 1406 2309 τε
1449 2258 1543 2310 καὶ
1584 2258 1779 2325 ἀπογι-

194 2345 462 2415 νομένων,
492 2347 586 2398 καὶ
619 2345 806 2417 ὥσπερ
842 2350 901 2401 ὲν
947 2347 1093 2419 χορῷ
1129 2348 1589 2420 συμπλεκομένων
1617 2350 1780 2419 ἀλλή-

198 2435 318 2500 λαις
356 2436 452 2490 κα).
500 2436 859 2507 διισταμένων
907 2437 990 2507 (τὸ
1036 2438 1134 2509 μὲν
1184 2438 1368 2508 φιλίας
1415 2438 1586 2510 νόμῳ,
1623 2439 1684 2492 τὸ
1720 2439 1779 2492 δὲ

199 2518 497 2597 εὐταξίας),
536 2529 629 2582 κα)¹
674 2529 815 2583 κατὰ
869 2530 1061 2601 μικρὸν
1106 2532 1468 2604 κιρναμένων,
1513 2533 1608 2584 καὶ
1658 2533 1779 2596 ταῖς

198 2619 465 2691 ὲγγύτησι
497 2618 877 2691 κλεπτομένων
904 2621 1099 2675 ταυτὸν
1131 2621 1365 2692 ἡμέραις
1390 2640 1450 2675 τε
1480 2622 1574 2674 καὶ
1606 2621 1778 2686 νυξὶν,

199 2709 289 2765 ῐνα
337 2710 414 2782 μὴ
449 2713 514 2781 τῇ
557 2711 756 2781 ἀηθείᾳ
797 2713 909 2784 (90)
961 2713 1308 2785 λυπήσωσιν;
1354 2713 1494 2767 Ἀλλ’
1536 2715 1632 2768 ῐτω
1683 2714 1781 2784 μὲν

190 2801 380 2873 ἥλιοςο
414 2802 480 2855 σὺ
517 2802 574 2855 δὲ
618 2803 791 2871 ἔγνως
837 2805 1067 2876 σελήνης
1107 2804 1269 2875 φύσιν
1305 2805 1436 2875 (91),
1478 2806 1573 2860 καὶ
1608 2805 1780 2877 πάθη,

1880 1713 2094 1769 stabilis
2128 1714 2198 1767 sit
2228 1719 2283 1766 et
2312 1719 2490 1764 motus
2516 1723 2731 1779 expers,
2762 1722 2888 1762 vere
2920 1705 3292 1776 infatigabilis,
3326 1706 3452 1760 vita

1878 1806 2059 1868 dator,
2101 1801 2458 1857 animantium
2491 1810 2665 1870 pater,
2697 1806 2752 1853 et
2789 1798 3201 1867 quibuscuuque
3234 1796 3449 1851 laudum

1882 1896 2057 1951 titulis
2092 1909 2214 1950 eum
2251 1908 2356 1947 non
2394 1891 2669 1946 immerito
2707 1898 2881 1959 poetae
2925 1897 3354 1960 prosequuntur,
3387 1901 3453 1942 ac

1879 2001 2055 2057 neque
2094 1985 2264 2040 motui
2320 1999 2558 2055 unquam
2619 1998 2755 2048 suo,
2793 1997 2896 2037 nec
2953 1981 3234 2037 beneﬁciis
3289 1982 3450 2035 ﬁnem

1878 2078 2253 2138 constituens?
2285 2077 2566 2146 Quomodo
2603 2077 2746 2131 diem
2792 2084 3064 2146 procreat,
3123 2090 3243 2130 cum
3288 2090 3450 2145 supra

1877 2183 2078 2228 terram
2121 2179 2227 2235 est,
2277 2185 2341 2225 ac
2391 2176 2642 2232 noctem,
2683 2183 2803 2222 cum
2856 2168 2955 2223 sub
3007 2168 3195 2222 terra?
3245 2166 3452 2233 Quibus

1878 2262 2055 2316 verbis
2083 2260 2339 2314 utendum
2375 2257 2478 2323 sit,
2533 2258 2750 2323 nescio,
2800 2272 2923 2311 cum
2984 2257 3151 2311 solem
3213 2256 3449 2310 intueor.

1879 2353 2160 2422 Quodnam
2201 2351 2307 2406 hoc
2335 2350 2546 2405 dierum
2572 2363 2636 2403 ac
2670 2350 2909 2403 noctium
2944 2348 3361 2411 incrementum,
3395 2356 3453 2402 et

1877 2445 2115 2501 vicissim
2142 2458 2262 2513 qua:
2298 2438 2616 2496 diminutio?
2662 2439 2794 2505 Qua:
2819 2439 3201 2509 iuaequalitatis
3225 2439 3450 2507 {equali-

1881 2549 1985 2605 tas,
2028 2547 2087 2593 ut
2119 2551 2317 2592 novum
2350 2534 2552 2603 aliquid
2582 2542 2635 2587 et
2660 2532 2898 2589 insolens
2925 2533 3141 2587 dicam?
3166 2534 3448 2599 Quomodo

1889 2636 2015 2690 anni
2044 2642 2234 2704 partes
2258 2631 2442 2696 efﬁcit,
2472 2639 2528 2686 et
2559 2631 2630 2687 ita
2660 2628 2871 2692 dividit,
2902 2635 2962 2682 ut
2985 2628 3149 2682 certis
3172 2637 3227 2683 et
3248 2625 3446 2681 consti-

1888 2728 2018 2781 tutis
2054 2724 2260 2779 vicibus
2308 2724 2605 2790 accedant,
2654 2730 2710 2777 et
2758 2721 3027 2785 recedant,
3079 2734 3144 2773 ac
3188 2718 3355 2773 veluti
3394 2719 3449 2774 in

1883 2819 2102 2881 chorea,
2140 2815 2421 2885 complexu
2453 2816 2683 2884 quodam
2713 2814 2855 2867 inter
2884 2826 2944 2867 se
2977 2811 3240 2875 haereant,
3272 2809 3451 2864 simul-

197 2895 294 2947 καὶ
334 2894 509 2965 μέτρα
565 2895 760 2964 φωτὸς,
813 2897 908 2949 καὶ
963 2895 1238 2967 δρόμους;
1288 2897 1383 2950 κα).
1438 2897 1555 2961 πῶς
1607 2898 1637 2950 ὁ
1681 2898 1775 2968 μὲν

1887 2922 1986 2977 que
2021 2906 2424 2975 distinguantur
2456 2902 2629 2973 (illud
2663 2899 2919 2955 amicitiae
2949 2900 3084 2968 lege,
3114 2897 3218 2952 hoc
3244 2895 3453 2950 ordinis

197 2985 416 3059 ἡμέρας
470 2985 582 3057 ἔχει
615 2986 717 3058 τὴν
759 2988 1098 3052 δυναστείαν,
1137 2991 1170 3060 ἡ
1206 2990 1265 3042 δὲ
1310 2989 1502 3053 νυκτὸς
1537 2989 1776 3061 προκαθ-

195 3075 425 3143 έζεται;
456 3080 614 3149 καὶὴ
658 3082 757 3151 μὲν
808 3080 1016 3154 θηρίοις
1064 3082 1246 3136 δίδωσι
1296 3082 1631 3154 παρρησίαν,
1671 3082 1776 3137 ese

196 3167 487 3239 ἄνθρωπον
533 3172 627 3225 ἐπὶ
667 3171 728 3225 τὸ
768 3171 927 3244 ἔργον
968 3173 1270 3244 ἀνίστησιν,
1314 3174 1346 3245 ἢ
1388 3173 1772 3246 ὑψούμενος,ἢ

193 3261 624 3333 ταπεινούμενος
675 3264 813 3337 πρὸς
851 3265 913 3317 τὸ
948 3264 1402 3336 χρησιμώτατον;
1442 3267 1689 3338 Συνῆκας
1719 3266 1777 3319 δὲ

195 3353 399 3426 δεσμὸν
431 3357 707 3423 Πλειάδος,
758 3358 794 3430 ἢ
846 3357 1099 3429 φραγμὸν
1143 3357 1415 3432 Ὠρίωνος,
1460 3360 1535 3424 ὡς
1580 3362 1608 3413 ὁ
1653 3360 1777 3431 ἀρι-

196 3444 358 3517 θμῶν
382 3447 562 3520 πλήθη
589 3449 827 3522 ἄστρων,
852 3451 948 3504 καὶ
976 3453 1141 3505 πᾶσιν
1178 3451 1362 3515 αὐτοῖς
1407 3450 1645 3521 ὀνόματα
1672 3468 1775 3504 κα-

192 3536 332 3605 λῶν,
366 3539 461 3593 καὶ
498 3540 657 3613 δόξης
700 3541 930 3595 ἑκάστου
968 3541 1251 3615 διαφορὰν,
1296 3542 1393 3596 καὶ
1438 3542 1590 3609 τάξιν
1627 3542 1781 3614 κινή-

196 3645 363 3696 σεως,
414 3632 503 3685 ἴνα
557 3649 638 3685 σοι
691 3633 971 3689 πιστεύσω
1023 3635 1112 3689 διὰ
1157 3633 1365 3689 τούτων
1415 3635 1671 3690 πλέκοντι
1709 3635 1778 3690 τὰ

193 3719 479 3878 ἓμέτερα,
525 3722 620 3777 καὶ
660 3724 802 3778 κατὰ
848 3725 942 3779 τοῦ
993 3725 1212 3780 κτίστου
1260 3726 1360 3799 τὴν
1400 3727 1578 3781 κτίσιν
1628 3726 1782 3781 ὁπλί-

230 3829 391 3878 οντι;

230 3829 348 3867 οντι
375 3830 391 3878 ;

1883 2997 2259 3072 praescripto),
2288 2997 2605 3063 sensimque
2644 2992 3145 3052 intermisceantur,
3174 3003 3237 3043 ac
3260 2987 3450 3042 vicini-

1885 3099 1993 3145 tate
2022 3091 2160 3160 ipsa,
2189 3087 2410 3156 perinde
2435 3096 2596 3155 atque
2633 3086 2686 3139 in
2740 3084 2931 3139 diebus
2961 3097 3024 3136 ac
3057 3082 3302 3136 noctibus
3334 3078 3451 3132 ﬁeri

1883 3180 2145 3244 videmus,
2190 3178 2374 3232 furtim
2414 3176 2810 3246 quodammodo
2855 3173 3011 3244 521
3060 3172 3335 3239 irrepant,
3387 3183 3454 3223 ac

1883 3285 1942 3326 se
1969 3268 2303 3339 proripiant?
2327 3268 2479 3335 Quod
2508 3267 2722 3334 quidem
2748 3265 2951 3319 idcirco
2977 3265 3057 3326 tit,
3086 3276 3153 3315 ne
3178 3261 3246 3315 ob
3267 3261 3454 3313 insue-

1885 3361 2122 3416 tudinem
2157 3360 2458 3414 molestiam
2479 3357 2727 3412 all'erant.
2762 3356 2867 3411 Sed
2895 3368 3110 3408 cursum
3134 3366 3291 3407 suum
3320 3363 3455 3404 sane

1881 3450 1961 3507 sol
1985 3450 2163 3506 obeat.
2198 3449 2372 3516 Quid?
2405 3448 2540 3503 Num
2577 3447 2715 3502 lunae
2748 3455 2993 3501 naturam
3027 3454 3078 3497 et
3114 3440 3452 3507 aﬂ‘ectiones,

1876 3554 1929 3599 et
1958 3543 2180 3597 luminis
2221 3556 2528 3596 mensuram
2571 3555 2636 3596 ac
2666 3552 2853 3593 rursus
2881 3534 3164 3609 pernosti?
3214 3533 3281 3589 Et
3315 3547 3450 3602 quo-

1877 3634 2056 3699 modo,
2086 3642 2148 3687 ut
2173 3632 2250 3686 sol
2282 3631 2388 3691 diei
2419 3630 2783 3700 principatum
2819 3634 2987 3690 tenet,
3038 3625 3118 3681 sic
3148 3624 3271 3678 luna
3301 3638 3442 3694 quo-

1876 3739 1983 3794 que
2011 3724 2154 3779 nocti
2192 3723 2732 3794 praesideat?Atque,
2766 3730 2825 3774 ut
2852 3720 2968 3775 haec
2994 3717 3122 3773 feris
3171 3717 3452 3771 audaciam

1877 3812 2054 3880 all'ert,
2082 3816 2155 3869 ita
2189 3816 2425 3870 vicissim
2464 3815 2552 3869 ille
2589 3813 2862 3868 hominem
2907 3811 2973 3865 ad
3025 3810 3262 3865 laborem
3298 3807 3456 3864 exci-

196 3913 299 3969 tet,
333 3904 460 3960 dum
491 3908 890 3977 appositissime
952 3909 1018 3964 ad
1059 3909 1337 3965 hominum
1380 3908 1690 3973 utilitatem,
1721 3906 1809 3962 vel
1848 3920 1969 3961 sese
2004 3906 2224 3974 attollit,
2268 3906 2354 3961 vel
2394 3903 2682 3975 deprimit?
2722 3902 2805 3958 An
2854 3913 2910 3958 tu
2945 3901 3221 3956 Pleiadis'
3260 3902 3453 3956 vincu-

196 3997 333 4064 lum,
399 4006 493 4052 aut
554 3998 768 4054 Orionis
833 4001 1141 4068 maceriam,
1198 4001 1368 4057 instar
1427 4000 1607 4064 illius,
1652 4000 1744 4069 qui
1808 4006 2057 4053 numerat
2116 3996 2508 4052 multitudinem
2572 3994 2894 4061 stellarum,
2962 4002 3018 4049 et
3069 3992 3320 4047 omnibus
3372 3993 3454 4047 eis

197 4092 422 4149 nomina
476 4103 634 4149 vocat
687 4095 731 4161 ³,
777 4092 1077 4164 intelligis,
1128 4111 1191 4152 ac
1240 4096 1501 4167 cujusque
1565 4094 1753 4164 gloria:
1821 4092 2111 4148 discrimen
2151 4102 2493 4163 perspectum
2568 4089 2780 4158 habes,
2840 4096 3137 4157 motusque
3185 4086 3452 4153 ordinem,

194 4198 259 4242 ut
284 4186 356 4240 sit
388 4200 572 4250 causa,
610 4200 709 4240 cur
747 4186 845 4242 tibi
892 4186 1049 4242 ﬁdem
1094 4186 1348 4252 habeam,
1402 4186 1495 4256 qui
1547 4200 1645 4255 per
1687 4198 1781 4240 eas
1819 4183 2056 4238 humana
2077 4193 2394 4248 contexens,
2455 4191 2763 4238 creaturam
2834 4180 3093 4234 adversus
3141 4177 3452 4234 Creatorem

192 4276 414 4332 armas?

264 4372 398 4426 ΔΜ.
442 4371 511 4425 Τί
551 4371 761 4442 λέγεις;
813 4373 1044 4428 ἐνταῦθα
1094 4372 1409 4446 στησόμεθα
1454 4370 1549 4425 τοῦ
1597 4370 1775 4441 λόγου,

1958 4366 2150 4424 XXXI.
2192 4365 2330 4434 Quid
2379 4365 2502 4422 ais?
2550 4364 2652 4420 Hic
2692 4364 2904 4420 dicendi
2951 4365 3109 4418 linem
3160 4362 3443 4427 faciemus,

194 4462 367 4536 μέχρι
405 4463 507 4536 τῆς
554 4462 686 4535 ὕλης
723 4466 818 4518 καὶ
864 4464 973 4519 τῶν
1018 4466 1350 4538 ὀρωμένων;
1388 4462 1423 4534 ἢ
1464 4462 1651 4534 ἐπειδὴ
1681 4461 1776 4515 τοῦ

265 4628 315 4664 θ’
357 4622 506 4679 Psal.
549 4638 706 4690 xvm,
737 4623 771 4679 6
800 4639 920 4695 sqq.

264 4780 392 4853 (83l
424 4779 994 4853 Περιλαμϐάνοντος.
1046 4778 1181 4833 Tres
1212 4775 1364 4833 Colb.
1404 4783 1460 4830 et
1507 4773 1672 4830 Coisl.
1721 4771 1776 4838 1,

188 4851 667 4926 περιλάμποντος,
696 4851 1048 4926 g_collustrat.
1071 4867 1105 4926 -ε

264 4914 385 4995 (⁸4)
410 4914 663 4995 ’Ἐκεῖνο
684 4920 753 4995 δέ
785 4932 903 4995 σοι,
935 4930 1041 4973 etc.
1071 4917 1292 4975 Billius:
1323 4935 1346 4995 ι
1362 4914 1647 4995 lllud_vero
1678 4927 1777 4995 ne-

190 4984 312 5049 scio
351 4984 421 5046 an
453 4992 550 5046 abs
586 5002 637 5046 te
667 4992 1122 5054 animadversum,
1161 4989 1347 5057 quanti
1390 4985 1602 5040 tandem
1634 4984 1780 5057 testi-

192 5063 460 5117 mandum
494 5069 598 5122 est.
632 5061 783 5130 quod.
808 5059 1068 5129 profanus
1095 5053 1320 5130 quidem
1344 5066 1534 5130 auctor
1560 5053 1770 5130 scribit,

188 5124 728 5236 sensilibus
757 5124 925 5186 solem
956 5144 1095 5193 esse,
1110 5124 1267 5199 “quod
1288 5126 1456 5182 Deum
1484 5127 1538 5179 in
1569 5124 1779 5179 intelle-

187 5204 451 5258 ctilibus?
484 5219 505 5252 ι

264 5272 385 5343 (85)
427 5271 523 5343 ης
560 5264 1114 5343 τῶζᾷλλρτρίῳνέ
1149 5261 1416 5343 Ρινοῆιηιιξ
1441 5261 1725 5343 quispiam,
1751 5279 1772 5314 ι

190 5331 393 5396 ἰιιέεὶ
444 5331 613 5394 Plato.
662 5336 800 5393 Hinc
831 5331 1011 5390 Schol.
1069 5334 1218 5389 Coll).
1268 5331 1483 5386 maximi
1516 5331 1772 5387 ιΠλάτω-

183 5412 283 5476 νός
317 5428 453 5482 φασι
493 5410 674 5482 τοῦτο,
704 5405 1181 5482 (ὓς-ἀνεγνωκότος
1213 5405 1321 5482 τὸν.
1344 5403 1638 5482 Μωσαῖκον
1678 5403 1769 5482 γό-

187 5471 454 5553 μοῖνξκαὶ
484 5471 767 5553 ὲκᾲτοῦτου
790 5471 1332 5553 λαβόντος-τὴνιπερὶ
1363 5473 1551 5553 τούτου
1588 5471 1767 5553 θεολο-

177 5545 403 5621 λογίαν,
438 5552 533 5605 καὶ
562 5551 725 5619 ἕτερα
750 5547 949 5621 πολλά·
993 5564 1012 5621 ι
1051 5545 1162 5599 Hoc
1181 5545 1418 5621 Platonis
1447 5559 1566 5598 esse
1594 5545 1762 5621 aiun_t,

180 5614 589 5693 ut'qui‘legem
626 5614 823 5691 Moysis
851 5618 1062 5688 legerit,
1086 5625 1249 5686 atque
1271 5617 1393 5675 inde
1414 5630 1567 5671 suam
1606 5629 1670 5670 ea
1698 5614 1765 5671 de

1887 4472 1988 4513 nec
2025 4455 2163 4510 ultra
2204 4469 2290 4509 res
2323 4470 2437 4523 eas,
2471 4469 2591 4525 qua:
2619 4454 2843 4510 materia
2876 4463 3147 4520 constant,
3176 4452 3456 4524 oculisque

995 4623 1012 4655 ³
1044 4622 1216 4677 Plato.
1291 4622 1312 4652 ²
1335 4617 1434 4674 Joh
1468 4632 1695 4687 xxxvm,
1734 4616 1826 4675 3|.
1899 4615 1923 4649 ³
1949 4613 2092 4671 Psal.
2129 4629 2312 4683 cxnvr,
2339 4614 2396 4670 4.

1883 4785 1943 4827 re
1971 4772 2310 4836 theologiam,
2336 4770 2548 4840 aliaque
2574 4769 2802 4841 plurima
2831 4770 3098 4841 hauserit.
3123 4788 3151 4841 ι

1953 4840 2068 4981 (86)
2110 4843 2171 4897 Τί
2203 4843 2323 4899 δαί.
2355 4839 2470 4896 Duo
2507 4839 2699 4911 Regg.,
2726 4851 2779 4896 et
2799 4841 2892 4898 Or.
2924 4842 2975 4904 1,
2998 4841 3051 4894 τί
3078 4839 3156 4896 δέ.

1977 4913 2066 4981 87)
2103 4911 2287 4980 Μήτε.
2322 4912 2378 4966 1η
2408 4913 2750 4977 quibusdam,
2784 4913 3012 4981 μήποτε.

1977 4911 2066 4981 87)
2103 4911 2287 4980 Μήτε.
2322 4912 2378 4966 1η
2408 4913 2750 4977 quibusdam,
2784 4913 3012 4982 μήποτε.

1953 4928 2066 4981 (δι)
2103 4928 2287 4980 mnta.
2322 4928 2378 4966 In
2408 4928 2750 4977 quinusuam,
2826 4928 3012 4982 ηποτε.

1946 4982 2058 5054 (88)
2100 4984 2197 5051 Τίς
2245 4985 2284 5053 ἡ
2339 4983 2586 5054 τούτων,
2629 4992 2730 5054 etc.
2769 4928 2900 5054 gi".
2926 4982 3112 5054 «Quae
3139 4981 3344 5036 d.erum
3385 4996 3452 5038 ac

1874 5052 2115 5107 noctium
2154 5053 2491 5120 assumptio?
2521 5052 2650 5117 Quae
2676 5052 2978 5106 detractio?
3003 5070 3023 5103 ι

1971 5123 2064 5190 89)
2103 5122 2438 5189 Εὐτάκτως.
2465 5141 2485 5174 ι
2516 5123 2824 5190 Composite
2857 5137 2921 5176 ac
2944 5121 3153 5177 ordine.
3189 5138 3209 5172 ι

1971 5126 2039 5177 89
2103 5126 2438 5189 Εὐτάκτως.
2465 5141 2485 5174 ι
2516 5126 2824 5190 Composite
2857 5137 2921 5176 ac
2944 5126 3153 5177 ordine.
3189 5138 3209 5172 ι

1948 5126 2185 5264 (90)Τῇ
2209 5193 2438 5262 ἀηθείᾳ.
2472 5192 2594 5247 Par.
2632 5192 2830 5264 aliique
2860 5207 2976 5264 non
3011 5192 3186 5258 pauci,
3218 5193 3282 5263 τῇ
3318 5191 3452 5264 ἀλη-

1877 5263 2017 5334 θείᾳ.
2042 5263 2205 5317 Ἠιιιισ
2227 5265 2509 5316 lectionem
2535 5265 2777 5331 agnoscit
2813 5263 2981 5334 ﬁlias.
3011 5276 3168 5329 quem
3206 5263 3454 5334 Srquitur

1876 5331 2044 5386 Letiv.
2084 5353 2102 5386 ι
2142 5334 2219 5386 Ne
2260 5334 2301 5386 si
2334 5336 2506 5401 palam
2547 5347 2610 5385 ac
2654 5347 2779 5386 vere
2819 5332 2933 5385 haec
2962 5331 3172 5396 tierent,
3205 5332 3452 5387 nonnihil

1875 5405 2135 5459 molestiae
2156 5404 2310 5457 nobis
2334 5411 2628 5456 crearetur.
2667 5419 2686 5452 ι

1944 5474 2056 5547 (91)
2095 5474 2309 5528 Φύσιν.
2365 5472 2497 5540 Reg.
2549 5472 2738 5544 (ἔγρῃ,
2767 5469 2940 5535 λύσιν,
2989 5488 3007 5523 ι
3047 5470 3446 5536 solutionem,»

1873 5547 2016 5617 quod
2042 5555 2527 5616 semper-mutetur
