3890 6214
440 214 509 273 τί
1645 216 1704 272 S.
1745 212 2003 273 GREGOI

2115 217 2464 277 TIIEOLOGI
2674 216 2683 229 “
3619 222 3695 276 Ἰέ

443 336 686 406 corporis
733 344 1056 398 cernuntur,
1117 335 1420 391 oralionem
1474 333 1877 392 diﬁundemus?
1924 337 2003 390 An

2112 337 2318 408 κόσμου
2352 339 2551 402 παντὸς
2583 336 2875 392 ἀντίτυπον
2904 337 3006 408 τὴν
3039 336 3284 402 Μωσέως
3316 339 3519 410 σκηνὴν
3551 334 3696 393 οἶδεν

440 429 667 498 potius,
716 429 972 497 quoniam
1027 427 1322 485 Mosaicum
1378 428 1508 482 illud
1562 426 2009 496 tabernaculum,

439 519 625 576 mundi
666 520 830 575 totius
877 520 1106 591 ﬁguram
1166 529 1218 574 et
1258 520 1546 588 imaginem
1599 520 1874 576 exstitisse
1913 521 2012 577 do-

439 620 528 669 cet
558 611 840 682 Scriptura
876 612 1132 682 (mundus
1160 626 1323 682 porro
1355 627 1420 666 ex
1449 611 1755 667 visibilibus
1784 621 1839 666 et
1872 613 2011 666 invi-

439 702 691 757 sibilibus
746 703 1003 774 constat),
1053 703 1255 759 idcirco
1304 710 1593 772 penetrato
1642 704 1820 773 primo
1865 703 2007 769 velo;

439 793 881 863 transcensisque
927 794 1089 848 rebus
1121 793 1252 860 illis,
1288 809 1407 863 quae
1429 808 1648 848 sensum
1678 805 1921 859 movent,
1951 795 2004 849 in

440 883 640 938 Sancta
670 883 695 916 ⁸
745 885 1161 954 prospiciemus,
1201 886 1304 940 hoc
1344 894 1450 947 cst,
1485 885 1540 939 in
1571 887 2009 954 supercmlestem

437 985 709 1039 naturam,
739 992 968 1047 quaeque
1002 994 1109 1033 non
1136 978 1240 1033 nisi
1272 979 1484 1033 ratione
1512 987 1677 1048 atque
1708 978 2010 1050 intelligen-

441 1070 513 1122 tia
549 1069 880 1139 percipitur?
922 1069 1028 1125 Sed
1080 1084 1148 1124 ne
1186 1070 1329 1125 hanc
1361 1069 1602 1138 quidem,
1640 1070 1852 1124 tametsi
1886 1084 2009 1124 cor-

439 1159 589 1230 poris
631 1169 937 1230 expertem,
988 1161 1310 1229 incorporeo
1355 1161 1515 1216 modo
1553 1174 1777 1216 cernere
1814 1175 2009 1231 possu-

438 1266 578 1317 mus,
608 1252 804 1321 quippe
831 1267 952 1322 quaa
977 1252 1142 1323 ignis,
1196 1261 1251 1306 et
1294 1250 1529 1321 Spiritus
1561 1251 1879 1322 appelletur,
1916 1261 2013 1306 aut

437 1342 725 1397 efﬁciatur.
754 1342 898 1397 Deus
926 1345 1093 1408 enim,
1117 1355 1176 1397 ut
1203 1342 1396 1397 litteris
1416 1343 1587 1397 sacris
1612 1344 1880 1413 proditum
1905 1352 2007 1408 est,

436 1436 655 1506 angelos
682 1449 808 1489 suos
838 1435 1059 1503 spiritus
1088 1434 1237 1496 facit,
1288 1442 1343 1489 et
1372 1435 1652 1489 ministros
1682 1449 1808 1488 suos
1850 1434 2007 1487 flam-

439 1538 586 1577 mam
620 1523 762 1594 ignis
784 1523 841 1588 '5;
877 1522 980 1578 nisi
1009 1523 1151 1579 forte
1177 1524 1280 1578 hoc
1306 1522 1450 1589 loco,
1480 1522 1661 1578 facere
1694 1523 1825 1578 nihil
1863 1523 2007 1577 aliud

2111 432 2139 483 ό
2164 430 2340 499 λόγος,
2369 430 2463 483 τοῦ
2494 429 2554 495 ἐξ
2582 429 2791 501 ὁρατῶν
2821 447 2879 482 τε
2912 431 3009 483 καὶ
3035 430 3281 501 ἀοράτων
3311 428 3456 498 λέγω
3488 433 3694 502 συστήο

2113 536 2301 590 ματος,
2357 520 2418 573 τὸ
2471 518 2688 591 πρῶτον
2739 519 3142 589 καταπέτασμα
3191 518 3537 589 διασχόντες,
3596 521 3696 574 καὶ

2111 611 2447 682 ὑπερϐάντες
2480 612 2579 682 τὴν
2626 609 2902 682 αἴσθησιν,
2936 611 3015 674 εἰς
3047 609 3118 663 τά
3148 609 3314 678 ’Ἅγια
3346 609 3694 682 παρακύψω-

2114 721 2212 774 μεν
2242 702 2376 773 (92),
2430 703 2530 773 τὴν
2582 700 2779 772 νοητήν
2831 698 2993 770 φύσιν
3046 700 3141 753 καὶ
3193 699 3514 771 ἐπουράνιον
3541 698 3692 769 (95);

2111 797 2225 848 Οὐκ
2272 795 2464 867 ἔχομεν
2511 793 2634 846 οὐδὲ
2674 792 2879 863 ταύτην
2937 790 3244 862 ἀσωμάτως
3298 792 3445 856 ἰδεῖν,
3491 793 3540 845 εί
3590 795 3691 848 καὶ

2110 887 2419 957 ἀσώματος,
2478 884 2591 956 πῦρ
2640 887 2733 939 καὶ
2780 883 2996 955 πνεῦμα
3046 885 3615 957 προσαγορευομένην,
3653 886 3690 957 ἢ

2111 976 2421 1046 γινομένην.
2458 976 2643 1029 Ποιεῖν
2667 974 2778 1046 γὰρ
2811 974 3026 1044 λέγεται
3057 974 3185 1038 τοὺς
3215 974 3479 1043 ἀγγέλους
3521 975 3691 1030 αὑτοῦ

2111 1068 2416 1139 πνεύματα,
2444 1070 2539 1122 καὶ
2568 1070 2695 1133 τοὺς
2719 1069 3066 1140 λειτουργοὺς
3092 1067 3256 1121 αὐτοῦ
3287 1067 3458 1139 πυρὸς
3487 1068 3690 1138 φλόγα·

2112 1161 2160 1212 εί
2193 1160 2269 1231 μὴ
2303 1163 2476 1213 ποιεῖν
2527 1160 2623 1231 μὲν
2653 1160 2770 1213 ἔστι
2801 1159 2862 1213 τὸ
2904 1162 3189 1230 συντηρεῖν
3239 1159 3318 1230 τῷ
3357 1159 3520 1231 λόγῳ,
3563 1160 3692 1213 καθ’

2112 1252 2171 1306 ὃν
2205 1252 2470 1321 ἐγένοντο.
2503 1249 2728 1322 Πνεῦμα
2762 1251 2820 1304 δὲ
2850 1250 3039 1305 ἀκούει
3071 1250 3167 1304 κα)⁸
3200 1250 3312 1322 πῦρ
3336 1267 3349 1281 ο
3388 1251 3448 1303 τὸ
3481 1250 3580 1322 μὲν
3610 1250 3692 1315 ὡς

2111 1344 2277 1415 νοητὴ
2310 1343 2489 1413 φύσις,
2522 1343 2582 1395 τὸ
2611 1344 2669 1396 δὲ
2700 1343 2775 1406 ὡς
2813 1342 3108 1414 καθάρσιος
3126 1342 3238 1416 (96)
3259 1358 3274 1373 ⁸
3310 1342 3556 1413 ὲπεὶ(95)
3592 1343 3695 1398 καὶ

2111 1435 2208 1505 τῆς
2251 1433 2474 1506 πρώτης
2514 1434 2701 1496 οὐσίας
2746 1433 2845 1497 τὰς
2883 1431 3053 1495 αὐτὰς
3091 1428 3206 1485 οἴδα
3252 1432 3496 1502 κλήσεις.
3537 1434 3690 1505 Πλὴν

2110 1527 2245 1595 ἡμῖν
2270 1541 2334 1592 γε
2362 1523 2649 1594 ἀσώματος
2675 1521 2837 1583 ἔστω,
2860 1522 2893 1594 ἢ
2914 1522 2996 1575 ὅτι
3018 1521 3315 1590 ἐγγύτατα.
3345 1523 3507 1594 Ὁρᾷς
3539 1524 3690 1587 ὅπως

433 1612 745 1682 signiﬁcet,
805 1626 971 1682 quam
1027 1612 1240 1677 eadem,
1290 1626 1396 1682 qua
1447 1613 1680 1679 primum
1738 1614 2003 1684 procreati

2115 1613 2431 1685 ἰλιγγιῶμεν
2464 1613 2591 1684 περὶ
2618 1613 2709 1666 τὸν
2734 1613 2913 1682 λόγον,
2941 1614 3036 1666 καὶ
3066 1614 3166 1667 οὐκ
3190 1613 3384 1685 ἔχομεν
3408 1610 3465 1668 οἷ
3487 1616 3689 1687 προέλ-

434 1711 585 1766 sunt,
622 1702 829 1756 ratione
879 1702 1020 1757 tueri
1063 1711 1119 1756 et
1164 1717 1514 1757 conservare.
1575 1702 1812 1773 Spiritus
1844 1716 2003 1769 porro

2111 1679 2394 1774 θωμεν,’ῆ
2438 1679 2688 1756 τοσοῦτον
2717 1679 2839 1756 ὅσον
2872 1702 3070 1756 είδὲναι
3101 1679 3367 1773 ἀγγέλους
3402 1679 3555 1769 τινὰς
3591 1706 3692 1758 καὶ

434 1805 597 1862 atque
638 1794 779 1862 ignis
815 1794 1039 1863 angelus
1081 1795 1423 1865 appellatur;
1462 1794 1593 1849 illud
1625 1796 1750 1865 quia
1797 1795 2010 1850 intelle-

437 1885 552 1939 ctili
585 1894 777 1939 natura
810 1895 894 1940 est
925 1885 1209 1955 praeditus,
1246 1886 1368 1948 hoc,
1399 1885 1525 1954 quia
1553 1886 1849 1955 purgandis
1884 1885 2005 1939 ani-

437 1977 543 2031 mis
565 1977 767 2031 nostris
787 1978 1106 2043 adhibetur;
1136 1977 1571 2048 quandoquidem
1595 1977 1853 2047 primaria
1875 1991 2009 2047 quo-

434 2083 543 2138 que
591 2069 681 2122 illa
733 2069 970 2124 essentia
1026 2070 1217 2124 iisdem
1272 2069 1584 2124 nominibus
1626 2069 1681 2122 in
1726 2068 2009 2138 Scriptura

433 2171 802 2232 nuncupatur.
852 2162 962 2217 Sed
1010 2163 1122 2216 sint
1166 2176 1299 2217 sane
1351 2161 1511 2216 nobis
1560 2160 1636 2215 illi
1677 2160 2005 2231 incorporei,

441 2261 537 2307 aut
568 2269 729 2324 quam
769 2254 1015 2325 proxime
1040 2254 1108 2308 ad
1140 2255 1242 2307 hoc
1277 2256 1617 2309 accedentes.
1649 2251 1815 2308 Vides
1861 2252 2005 2307 enim

435 2344 709 2415 quomodo
758 2345 901 2400 circa
956 2345 1259 2410 huiusmodi
1319 2360 1623 2401 sermonem
1688 2355 2002 2410 mstuemus,

435 2449 559 2500 nec,
596 2447 703 2501 quo
738 2434 1174 2503 progrediamur,
1221 2433 1558 2499 habeamus;
1593 2443 1686 2488 aut
1711 2443 1860 2489 certe
1890 2450 1998 2490 non

437 2524 579 2579 ultra
623 2525 872 2596 progredi
906 2527 1199 2594 possimus,
1230 2541 1389 2595 quam
1417 2526 1557 2595 quod
1586 2525 1806 2597 angelos
1836 2540 2005 2596 quos-

436 2616 560 2671 dam
603 2625 658 2671 et
697 2617 1055 2686 archangelos
1116 2618 1338 2681 scimus,
1389 2619 1637 2679 thronos,
1682 2626 2003 2684 potestates,

427 2704 785 2774 principatus,
839 2705 1263 2767 dominationes,
1314 2704 1662 2773 splendores,
1715 2716 2002 2766 ascensus,

425 2795 790 2864 intelligentes
832 2797 1093 2861 virtutes,
1146 2794 1233 2849 vel
1288 2803 1507 2850 mentes
1564 2795 1783 2864 potius,
1841 2809 2005 2863 puras

426 2894 669 2949 naturas,
704 2885 1033 2954 minimeque
1078 2884 1435 2949 adulterinas,
1472 2884 1537 2939 ad
1574 2883 1771 2937 malum
1810 2884 2003 2939 immo—

425 2976 585 3043 biles,
620 2976 706 3032 vel
731 2985 876 3032 certe
911 2992 1015 3031 non
1058 2976 1215 3030 facile
1249 2976 1494 3040 mobiles,
1526 2983 1817 3044 perpetuos
1858 2975 1994 3028 cho-
2028 3011 2071 3068 ϐ

428 3082 520 3123 ros
546 3067 688 3123 circa
713 3067 1022 3138 principem
1060 3067 1206 3121 illam
1243 3082 1460 3121 causam
1501 3067 1807 3135 agitantes;
1838 3063 1999 3135 522

432 3167 521 3210 aut
556 3156 623 3229 (si
652 3157 777 3226 quid
814 3157 994 3227 aptius
1033 3157 1322 3227 quisquam
1372 3170 1561 3209 earum
1611 3154 1858 3209 laudibus
1911 3156 2005 3208 de-

428 3245 712 3301 cantandis
739 3245 934 3300 afferre
956 3243 1163 3315 queat),
1224 3243 1517 3314 purissimo
1545 3241 1828 3309 splendore
1857 3240 2005 3295 illine

424 3333 697 3406 perfusas,
738 3342 833 3389 aut
863 3348 961 3402 pro
996 3342 1200 3388 naturae
1238 3342 1293 3387 et
1341 3332 1547 3386 ordinis
1573 3333 1835 3399 cujusque
1871 3344 2002 3399 pro-

427 3426 696 3496 portione,
716 3424 851 3479 alias
877 3424 983 3480 alio
1008 3424 1168 3479 modo
1185 3422 1567 3488 collustratas;
1594 3435 1714 3490 quae
1737 3435 1766 3473 a
1791 3434 2004 3476 summa

430 3517 520 3573 illa
566 3515 969 3587 pulchritudine
1008 3515 1146 3571 adeo
1191 3513 1555 3569 informantur
1587 3522 1643 3567 et
1673 3512 2003 3582 imprimun-

430 3617 542 3672 tur,
571 3614 630 3660 ut
660 3606 790 3677 ipsa:
816 3606 920 3661 alia
956 3620 1176 3677 quoque
1208 3606 1415 3660 lumina
1455 3605 1779 3669 efficiantur,
1811 3619 1876 3659 ac
1906 3617 2005 3672 per

429 3697 589 3766 primi
618 3697 836 3754 luminis
862 3696 1186 3752 influxiones
1217 3703 1273 3751 et
1315 3697 1843 3752 communicationes
1867 3696 2004 3752 alios

431 3786 739 3842 illuminare
777 3787 1023 3856 possint;
1071 3800 1212 3855 quae,
1275 3801 1398 3840 cum
1451 3786 1648 3841 divinm
1711 3786 2005 3842 voluntatis

437 3878 699 3934 ministrae
738 3877 849 3933 sint
888 3876 934 3942 ⁸,
958 3876 1265 3946 roboreque
1293 3891 1400 3931 non
1435 3877 1597 3931 modo
1624 3876 1880 3943 naturali,
1907 3877 2003 3932 sed

434 3969 597 4023 etiam
640 3967 939 4022 adventitio
992 3965 1248 4036 polleant,
1301 3966 1418 4021 loca
1462 3967 1644 4021 omnia
1678 3976 1999 4036 peragrant,

430 4061 684 4116 omnibus
717 4059 918 4129 ubique
946 4059 1174 4129 impigre
1198 4059 1418 4123 adsunt,
1451 4069 1562 4112 tum
1602 4058 1673 4112 ob
1711 4059 2001 4113 ministerii

430 4150 939 4220 promptitudinem,
997 4158 1110 4203 tum
1159 4150 1228 4204 ob
1281 4158 1487 4204 natura:
1528 4149 1837 4215 levitatem;
1885 4149 2004 4205 aliae

432 4241 599 4296 etiam
647 4239 809 4295 aliam
855 4241 1144 4308 quamdam
1186 4239 1334 4294 orbis
1373 4248 1581 4308 partem
1632 4239 2005 4309 complectun-

430 4339 538 4396 tur,
580 4341 674 4387 aut
709 4340 857 4388 certe
882 4331 1004 4387 aliis
1039 4333 1282 4402 quaedam
1315 4346 1442 4399 pars
1488 4333 1775 4387 commissa
1801 4342 1909 4400 est,
1940 4342 2000 4390 ut

431 4421 605 4485 novit,
663 4420 754 4491 qui
803 4421 920 4476 haec
963 4420 1235 4476 ordinavit
1285 4436 1350 4476 ac
1397 4421 1670 4488 distinxit;
1714 4424 1781 4479 ad
1830 4441 1995 4481 unum

500 4511 710 4568 ‘ﬂebr.
740 4513 930 4579 “,24.
1006 4512 1194 4569 'Psal.
1242 4529 1359 4576 cui,
1404 4513 1461 4569 4.
1554 4514 1756 4572 6Hebr.
1797 4533 1837 4584 ι,
1876 4522 1965 4576 ﬂ.

2109 1794 2498 1866 ἀρχαγγέλους,
2543 1794 2782 1865 θρόνους,
2816 1795 3165 1867 κυριότητας,
3190 1795 3385 1866 ἀρχὰς,
3411 1795 3686 1861 ἐξουσίας,

2109 1886 2517 1957 λαμπρότητας,
2573 1886 2884 1950 ἀναϐάσεις.
2928 1886 3121 1958 νοεράς
3152 1887 3488 1959 δυνάμεις,ἢ
3530 1888 3685 1952 νόας,

2110 1977 2358 2049 καθαρὰς
2387 1976 2576 2047 φύσεις
2621 1977 2716 2030 καὶ
2749 1977 3092 2049 ἀκιὸδήλους,
3125 1979 3415 2049 ἀκινήτους
3448 1978 3587 2049 πρὸς
3621 1979 3687 2033 τὸ

2109 2071 2308 2141 χεῖρον,
2353 2068 2387 2141 ἣ
2434 2068 2781 2139 δυσκινήτους
2806 2068 2917 2141 (96)
2963 2071 3092 2142 περὶ
3137 2070 3199 2123 τὸ
3249 2069 3464 2142 πρῶτον
3512 2069 3690 2125 αἴτιον

2109 2161 2196 2213 ἀεὶ
2225 2160 2581 2232 χορευούσας·
2614 2160 2648 2231 ἢ
2697 2159 2814 2224 πῶς
2854 2162 2921 2216 ἄν
2965 2178 3049 2226 τις
3096 2160 3268 2225 αὐτὰς
3296 2161 3686 2234 ἀνυμνήσειεν,

2107 2252 2317 2305 ἐκεῖθεν
2360 2251 2776 2322 ὲλλαμπομένας
2805 2252 2904 2323 τὴν
2953 2252 3350 2325 καθαρωτάτην
3392 2252 3685 2325 ἔλλαμψιν,

2107 2345 2140 2417 ἢ
2172 2344 2346 2424 ἄλλως
2381 2345 2547 2415 ἄλλην
2583 2344 2725 2399 κατά
2766 2344 2865 2417 τὴν
2899 2345 3189 2414 ἀναλογίαν
3222 2348 3320 2418 τῆς
3348 2344 3562 2415 φύσεως
3586 2345 3689 2399 καὶ

2105 2435 2204 2505 τῆς
2254 2434 2493 2500 τάξεως·
2540 2431 2792 2487 τοσοῦτον
2840 2431 2919 2503 τῷ
2965 2431 3117 2503 καλῷ
3145 2432 3256 2503 (97)
3298 2429 3688 2505 μορφουμένας

2106 2528 2200 2580 καὶ
2227 2527 2591 2597 τυπουμένας,
2621 2526 2762 2580 ὥστε
2790 2525 2925 2579 ἀλλα
2964 2524 3210 2594 γίνεσθαι
3247 2524 3422 2594 φῶτα,
3462 2523 3560 2577 καὶ
3589 2521 3688 2576 ἄλ-

2105 2618 2229 2682 λους
2260 2617 2511 2687 φωτίζειν
2532 2616 2790 2670 δύνασθαι
2813 2618 2934 2680 ταῖς
2956 2617 3051 2670 τοῦ
3079 2615 3298 2688 πρώτου
3326 2615 3504 2685 φωτὸς
3527 2615 3688 2686 emp-

2108 2712 2257 2782 ῥοαῖς
2287 2727 2345 2762 τε
2375 2710 2469 2762 καὶ
2503 2709 2800 2761 διαδόσεσιν
2822 2723 2836 2737 ⁸
2872 2707 3220 2779 λειτουργοὺς
3265 2707 3410 2761 θείου
3444 2706 3689 2776 θελήμα-

2105 2817 2214 2863 τος,
2238 2798 2501 2862 ’δυνατὰς
2538 2798 2683 2869 ἰσχύϊ
2728 2801 2933 2870 φυσικῇ
2977 2816 3038 2852 τε
3091 2798 3186 2853 καὶ
3239 2798 3519 2868 ἐπικτήτῳ
3545 2796 3685 2868 (98),

2107 2891 2282 2946 πάντα
2326 2891 2812 2962 ὲπιπορευομένας,
2866 2892 3001 2945 πᾶσι
3049 2890 3327 2962 πανταχοῦ
3378 2889 3666 2960 παρούσας

2105 2982 2354 3053 ἑτοίμως,
2401 2982 2681 3054 προθυμία
2730 3000 2792 3035 τε
2834 2982 3196 3053 λειτουργίας,
3249 2982 3345 3036 καὶ
3386 2980 3686 3051 κουφότητι

2105 3072 2351 3141 φύσεως*
2397 3072 2559 3137 ἄλλας
2607 3073 2736 3129 ἄλλο
2779 3091 2833 3127 τι
2864 3074 2964 3145 τῆς
2991 3074 3315 3146 οἰκουμένης
3359 3073 3522 3145 μέρος
3551 3071 3688 3125 διει-

2102 3160 2359 3232 ληφυίας,
2384 3162 2418 3233 ἢ
2442 3162 2585 3233 ἄλλῳ
2610 3165 2718 3218 τινί
2742 3163 2852 3232 (99)
2874 3164 2968 3218 τοῦ
3001 3165 3199 3229 παντὸς
3228 3164 3682 3234 ὲπιτεταγμένας,

2101 3253 2178 3318 ὡς
2205 3249 2342 3308 οἶδεν
2370 3257 2398 3308 ὁ
2426 3254 2596 3308 ταῦτα
2638 3256 2805 3324 τάξας
2828 3255 2904 3328 (l)
2935 3256 3032 3311 καὶ
3066 3255 3339 3328 διορίσας·
3381 3255 3558 3308 πάντα
3604 3256 3686 3319 είς

2103 3347 2161 3399 ἓν
2192 3346 2453 3415 ἀγοῦσας,
2490 3348 2627 3419 πρδς
2662 3348 2790 3421 μίαν
2831 3348 3112 3403 σύννευσιν
3139 3347 3233 3402 τοῦ
3268 3348 3338 3402 τά
3367 3349 3544 3403 πάντα
3583 3346 3654 3418 δη

2107 3440 2534 3509 μιουργήσαντος
2552 3456 2567 3471 ο
2592 3440 2871 3511 ὑμνῳδοὺς
2899 3438 3050 3503 θείας
3079 3437 3516 3510 μεγαλειότητος,
3543 3436 3689 3491 θεω-

2108 3529 2232 3599 ροὺς
2262 3528 2421 3599 δόξης
2452 3529 2623 3583 ἀϊδίου
2656 3529 2752 3584 καὶ
2785 3529 2991 3593 ἀῖδίως,
3024 3527 3123 3599 οὐχ
3155 3528 3244 3582 ίνα
3272 3525 3507 3599 δοξασθῇ
3548 3525 3689 3589 Θεὸς

2106 3618 2188 3690 (οὐ
2220 3621 2330 3692 γάρ
2374 3622 2520 3675 ἐστιν
2572 3621 2601 3674 ὃ
2648 3621 3080 3692 προστεθήσεται
3117 3619 3195 3690 τῷ
3226 3619 3444 3689 πλήρει,
3478 3617 3557 3689 τῷ
3589 3619 3689 3673 καὶ

2102 3714 2216 3774 τοῖς
2241 3712 2421 3776 ἄλλοις
2446 3712 2668 3784 χορηγῷ
2694 3712 2803 3767 τῶν
2824 3712 3052 3776 καλῶν),
3075 3711 3189 3765 ἀλλ’
3214 3712 3301 3764 ἵνα
3329 3711 3405 3781 μὴ
3436 3709 3606 3782 λείπῃ
3622 3710 3687 3764 τὸ

2104 3803 2507 3874 εὐεργετεῖσθαι
2546 3805 2642 3857 καὶ
2676 3807 2797 3867 ταῖς
2838 3802 3084 3876 πρώταις
3119 3802 3259 3874 μετὰ
3289 3802 3421 3856 Θεὸν
3462 3802 3681 3872 φύσεσι.

2105 3892 2288 3947 Ταῦτα
2321 3895 2370 3947 εί
2405 3894 2505 3965 μὲν
2546 3894 2683 3966 πρὸς
2715 3893 2871 3960 ἀξίαν
2918 3894 3173 3967 ὕμνηται,
3225 3896 3325 3965 τῆς
3368 3894 3598 3966 Τριάδος
3648 3896 3684 3966 ή

2103 3985 2284 4056 χάρις,
2309 3986 2524 4057 καὶτῆς
2556 3989 2684 4056 μιᾶς
2712 3989 2771 4062 εν
2793 3991 2904 4052 τοῖς
2927 3989 3074 4061 τρισὶ
3100 3987 3353 4058 θεότητος
3371 4005 3386 4020 ο
3422 3988 3471 4041 εί
3499 3986 3558 4040 δὲ
3580 3988 3686 4059 τῆς

2103 4077 2395 4149 ἐπιθυμίας
2422 4079 2500 4147 (2)
2544 4079 2899 4153 ἐνδεέστερον,
2931 4079 3042 4150 ἔχει
3070 4082 3132 4133 τὸ
3182 4081 3337 4151 νικᾷν
3383 4079 3475 4134 καὶ
3505 4078 3686 4143 οὕτως

2101 4166 2132 4219 ό
2159 4165 2333 4234 λόγος.
2370 4167 2540 4222 Τοῦτο
2579 4169 2689 4241 γὰρ
2724 4169 3020 4241 ἠγωνίζετο
3061 4170 3428 4241 παραστῆσαι,
3465 4170 3549 4222 ότι
3583 4169 3681 4223 νοῦ

2103 4258 2387 4329 κρείττων,
2434 4261 2530 4314 καὶ
2569 4263 2602 4332 ἡ
2646 4261 2755 4315 τῶν
2791 4261 3059 4332 δευτέρων
3108 4263 3293 4330 φύσις,
3339 4261 3413 4331 μὴ
3456 4261 3540 4314 ὅτι
3578 4262 3683 4334 τῆς

2105 4346 2324 4419 πρώτης
2358 4352 2451 4405 καὶ
2484 4351 2671 4423 μόνης,
2705 4351 2848 4407 όκνῶ
2875 4351 2983 4425 γὰρ
3008 4351 3083 4423 (5)
3115 4354 3308 4416 εἰπεῖν,
3342 4352 3480 4423 ὑπὲρ
3505 4350 3685 4407 ᾶπαν-

2102 4453 2173 4491 τα
2201 4440 2300 4507 (4).

496 4602 611 4675 (92)
636 4604 1487 4687 '{Iapaxtiga-wyerﬁombeﬁsius
1506 4616 1691 4661 censet
1715 4606 1994 4678 legendum
2027 4619 2073 4674 Ι)
2106 4632 2128 4687 ς
2168 4612 2265 4687 Dei
2309 4614 2511 4687 atixilio
2546 4624 2617 4687 (et
2665 4616 2860 4687 gratia,
2895 4618 3089 4685 quibus
3135 4629 3322 4673 natura
3376 4617 3678 4687 perﬁcitur.

430 4672 846 4743 παρακύψομεν.

526 4743 615 4818 9'5)
667 4742 1077 4813 Ἐπουράνιον.
1110 4762 1129 4795 ι
1159 4742 1467 4810 (Ζωιεειθιη,
1497 4764 1516 4796 ι
1555 4744 1606 4798 id
1630 4756 1713 4801 est
1743 4766 1762 4799 ι
1798 4764 1916 4818 quae
1941 4753 1996 4807 in

432 4815 572 4868 coelo
606 4823 867 4866 versetur.
897 4832 915 4863 ι

525 4883 614 4954 94)
654 4882 1005 4954 Καθὰρσιος.
1043 4883 1099 4936 In
1123 4884 1464 4950 quibusdam,
1494 4882 1780 4954 κάθαρσις.

527 4952 615 5022 95)
665 4953 843 5024 Ἐπεί.
882 4953 1007 5024 Reg.
1040 4970 1090 5015 a,
1121 4953 1327 5024 ἐπειδή.

521 5024 610 5091 96)
649 5024 718 5076 Ἢ
733 5021 1155 5090 δυσκινήτους.
1196 5040 1215 5074 ι
1256 5021 1344 5076 Vel
1377 5032 1524 5079 certe
1553 5040 1655 5077 non
1690 5023 1847 5081 facile
1879 5045 1994 5082 mo-

431 5163 495 5215 ad
522 5163 717 5235 malum
745 5162 1043 5217 immobiles
1068 5174 1192 5216 sunt
1211 5163 1381 5235 angeli
1411 5178 1504 5231 per
1522 5178 1833 5220 concessam
1860 5169 1992 5235 ipsis

432 5233 748 5302 constantiae
779 5245 841 5302 ac
867 5234 1278 5302 perseverantia:
1304 5235 1552 5302 gratiam.

501 5299 953 5375 (θη-Τοσοῦτον
978 5299 1058 5375 τῷ
1081 5300 1264 5375 καλῷ,
1289 5299 1394 5356 etc.
1432 5321 1451 5353 ι
1479 5302 1684 5367 Quibus
1711 5312 1859 5360 tanta
1883 5306 2000 5375 pul-

433 5369 753 5444 chritudinis
781 5373 930 5444 copia
978 5374 1049 5425 sit
1086 5374 1376 5444 impressa,
1403 5381 1462 5444 ut
1492 5375 1808 5444 secundaria
1849 5369 2001 5444 quae-

433 5443 555 5495 dam
611 5440 808 5494 lumina
859 5441 988 5508 siut,
1040 5456 1124 5502 ac,
1151 5440 1245 5508 per
1299 5442 1456 5510 primi
1495 5441 1711 5498 luminis
1751 5440 1893 5501 rivos
1944 5457 1999 5501 el

432 5510 785 5586 scaturigines
828 5511 895 5564 ad
940 5526 999 5566 se
1048 5521 1350 5581 manantes,
1380 5512 1515 5566 alios
1558 5512 1825 5571 illustrare
1875 5531 2000 5586 pos-

432 5580 562 5634 sint.
595 5597 616 5632 ι

504 5647 616 5721 (98)
665 5648 999 5717 Ἐπικτήτῳ.
1058 5668 1077 5702 ι
1117 5649 1424 5707 Adveutitio
1477 5651 1688 5717 robore,
1740 5671 1759 5706 ι
1807 5653 1863 5711 Id
1911 5665 1995 5711 est

2099 4683 2461 4757 Atlventitimn
2488 4684 2649 4757 etiam
2673 4683 2777 4757 dici
2806 4683 3000 4757 potest,
3036 4707 3055 4739 ι
3090 4689 3261 4757 inquit
3289 4683 3676 4749 Coinbelisius.

2103 4754 2306 4827 fﬂqllOti
2331 4755 2504 4827 angeli
2530 4755 2836 4827 superiores
2863 4754 3175 4810 illuminant
3202 4758 3490 4826 subjectos,
3527 4761 3677 4827 quod

2100 4822 2170 4874 illi
2211 4823 2307 4891 ipsi
2351 4838 2380 4876 a
2420 4824 2526 4879 Deo
2559 4824 2943 4887 illuminantur,
2980 4835 3034 4879 et
3067 4827 3201 4881 fiunt
3236 4822 3571 4883 robustiores
3607 4831 3677 4883 ad

2097 4892 2497 4959 cognoscendas
2519 4902 2696 4947 certas
2719 4895 2995 4949 veritates.
3031 4914 3052 4947 ι

2169 4961 2280 5031 (99)
2320 4963 2388 5018 Ἦ
2410 4961 2578 5025 ἄλλῳ
2604 4963 2741 5026 τινί,
2769 4972 2875 5019 etc.
2907 4982 2927 5015 ε
2963 4965 3088 5020 Sive
3107 4964 3194 5020 alii
3218 4964 3449 5031 cuipiam
3481 4980 3667 5020 rerum

1260 5030 1344 5104 χει
1365 5032 1524 5104 certe
1553 5040 1655 5077 non
1673 5030 1847 5104 facile
1879 5045 1994 5104 mo-
2098 5030 2344 5104 Universi
2375 5032 2716 5104 praepositas;
2748 5051 2767 5084 ι
2802 5034 3100 5103 cuiusmodi
3131 5043 3257 5089 sunt
3287 5030 3460 5104 angeli
3489 5049 3675 5091 custo-

433 5091 585 5147 biles.
622 5110 640 5143 ι
683 5092 739 5146 Id
766 5094 995 5146 refertur
1033 5095 1097 5146 ad
1144 5091 1376 5148 Luciferi
1416 5093 1642 5162 lapsum.
1673 5093 1820 5151 Nunc
1849 5101 1993 5153 enim
2094 5101 2210 5160 des.

2250 5103 2392 5171 quod
2418 5102 2604 5156 Billius
2633 5117 2739 5156 non
2771 5102 2902 5158 satis
2927 5104 3200 5160 distinxit.

2168 5170 2244 5313 ξι)
2289 5171 2498 5237 Τάξας.
2523 5171 2734 5237 Comb.,
2760 5173 3038 5240 ἐπιτάξας.
3263 5224 3267 5230 .

2189 5241 2245 5309 2)
2297 5241 2723 5313 ’EmOvplac.__¢
2773 5243 2903 5298 Meae
2935 5262 2956 5295 ι
3001 5243 3207 5313 scilicet
3241 5262 3260 5296 ι
3306 5243 3613 5313 cupiditati,
3648 5263 3670 5299 ι

2168 5257 2245 5313 (2)
2302 5257 2658 5324 'ugzvaiag.
2703 5260 2723 5293 ι
2773 5257 2903 5298 meae
2935 5262 2956 5295 ι
3001 5257 3207 5299 scilicet
3229 5262 3260 5325 _c
3306 5257 3668 5328 cupiditatuo

2099 5313 2184 5393 vel
2233 5329 2255 5364 ι
2302 5312 2552 5367 aliorum.
2596 5331 2615 5363 ι
2664 5309 2904 5383 Utroque
2954 5314 3114 5370 modo
3161 5312 3307 5370 Ehas
3364 5314 3418 5370 Id
3463 5316 3668 5372 intelli-

2099 5390 2245 5522 glt('5)
2295 5448 2475 5522 Ὀκνῶ
2502 5449 2633 5521 γάρ.
2663 5450 2810 5522 Elia};
2830 5453 2975 5508 hunc
2994 5450 3169 5510 locum
3196 5466 3265 5508 ex
3298 5452 3526 5510 aliorum
3550 5470 3674 5511 sen-

2097 5520 2260 5577 tentia
2285 5520 2364 5576 sic
2388 5520 2610 5591 expenit
2652 5540 2666 5577 :
2703 5541 2722 5574 ι
2767 5521 2892 5577 Vult
2921 5525 3137 5593 quidem
3166 5522 3459 5595 Gregorius
3492 5528 3673 5579 dicere

3422 5605 3673 5652 naturam

2164 5659 2242 5733 (4)
2281 5659 2556 5716 Ἅπαντα.
2584 5661 2710 5734 Reg.
2740 5662 2926 5736 Cypr.,
2951 5663 3220 5730 ἅπαντας.
