3890 6214
444 216 515 273 75
1637 211 1693 267 S.
1735 209 1998 269 GREGOF

2116 209 2455 267 I‘HEOLOGI
2822 238 2828 243 ο
3625 209 3696 269 ’16

443 329 645 388 timus:
687 344 786 385 nos
836 345 1084 401 quoque,
1145 339 1495 402 posteaquam
1559 329 1857 384 doctrinam
1921 343 1998 381 no-

2123 344 2210 380 ται
2233 327 2344 399 (η)
2377 328 2445 381 τὰ
2469 329 2735 400 λεγόμενα
2763 332 2972 404 (ὥσπερ
3002 331 3059 384 ὃν
3090 332 3243 385 αὐτοὶ
3283 330 3438 398 λόγον
3465 330 3699 399 εἰσαγω-

439 433 611 479 atram
661 421 840 492 potius
882 425 1323 489 exposuerimus,
1369 421 1440 474 ita
1486 419 1705 473 demum
1751 418 2010 471 adversa-

442 514 651 569 riorum
706 513 903 584 placita
943 512 1227 568 confutare
1251 528 1312 567 ac
1334 510 1619 581 proﬂigare
1652 508 2009 563 conabimur:

441 615 498 660 et
548 607 762 676 quidem
820 616 1127 675 utrumque,
1176 620 1336 674 quam
1384 604 1498 658 ﬁeri
1544 599 1789 672 poterit,~
1817 600 2018 655 brevis-

2122 420 2274 488 γικὸν
2302 422 2604 492 ἐπενόησαν
2630 425 2763 497 πρὸς
2795 426 3078 496 ὲξαπάτην
3107 424 3216 477 τῶν
3244 422 3628 494 ἁπλουστέρων
3666 422 3702 483 ἢ

2125 511 2539 583 εὐηθεστέρων),
2580 516 2674 568 καὶ
2707 517 2781 588 μὴ
2827 516 2903 587 τῷ
2941 518 3105 587 μήκει
3148 515 3243 569 τοῦ
3278 515 3437 582 λόγου
3480 515 3702 585 διαχεθῇ

2122 601 2189 654 τὰ
2216 602 2629 676 νοούμενα(15),
2666 607 2918 679 καθάπερ
2952 607 3097 679 ὕδωρ
3129 609 3188 661 οὐ
3233 607 3434 676 σωλῆνι
3481 604 3697 674 σφιγγό-

441 699 605 765 sime,
640 708 718 766 ut,
752 714 872 767 quae
911 714 939 752 a
975 697 1129 753 uobis
1159 698 1426 763 dicentur,
1464 694 1613 764 quasi
1644 708 1750 747 uno
1783 694 1998 762 quodan

2127 710 2308 763 μενον,
2334 695 2469 748 ἀλλὰ
2496 697 2635 750 κατὰ
2662 700 2844 753 πεδίου
2874 701 3130 771 χεόμενον
3164 701 3257 754 καὶ
3279 700 3561 769 λυόμενυν.

440 791 631 847 obtutu
676 791 905 861 perspici
940 790 1098 845 facile
1148 789 1359 860 possint
1406 786 1878 859 (quemadmodum
1931 800 2087 855 quem
2122 785 2195 839 illi
2246 787 2569 857 isagogicum
2606 790 2868 859 libellum,
2937 791 3005 845 ad
3052 791 3438 861 simpliciornm
3479 787 3562 843 vel
3599 795 3699 843 sto-

446 882 701 939 lidiorum
738 883 920 956 potius
978 880 1220 937 fraudem
1280 879 1698 950 excogitarunt),
1739 893 1801 934 ac
1834 892 1939 933 non
1976 879 2046 933 ob
2084 880 2349 934 sermonis
2377 881 2743 949 prolixitatem
2767 898 2926 937 sensa
2956 884 3285 947 dilabantur,
3347 881 3490 936 haud
3547 894 3699 937 secus

447 985 609 1044 atque
655 989 816 1045 aqua,
875 989 995 1044 quae
1037 988 1144 1029 non
1190 974 1364 1028 canali
1414 981 1723 1038 coercetur,
1784 970 1875 1026 sed
1932 986 2027 1040 per
2060 987 2279 1041 campos
2308 973 2622 1028 dilfunditur
2652 991 2715 1029 ac
2742 975 2983 1030 solvitur.

510 1068 571 1122 ll.
621 1066 688 1122 Ut
731 1067 893 1136 igitur
937 1065 1002 1118 ad
1051 1078 1165 1117 rem
1204 1064 1548 1126 accedamus,
1599 1073 1711 1117 tres
1741 1062 2007 1132 antiquis-

434 1163 589 1219 simae
627 1161 693 1214 de
744 1159 852 1213 Deo
876 1159 1159 1213 sententiae
1190 1165 1338 1222 sunt,
1372 1155 1650 1219 anarchia,
1695 1154 2011 1224 polyarcbia

434 1263 492 1308 et
538 1249 869 1306 monarcliia.
918 1249 997 1304 Ac
1039 1249 1156 1303 duae
1189 1248 1405 1317 quidem
1452 1247 1661 1316 priores
1684 1246 1750 1301 ab
1776 1246 2010 1300 ethnicis

2190 1060 2263 1114 B'.
2291 1063 2452 1135 Τρεῖς
2472 1066 2527 1117 αἱ
2545 1064 2804 1118 ἀνωτάτω
2828 1065 2974 1130 δόξαι
2998 1065 3296 1138 περἰΘεοῦ,
3317 1067 3551 1138 ἀναρχία
3566 1067 3700 1136 (14).

2128 1155 2221 1207 καὶ
2284 1155 2625 1228 πολυαρχία,
2686 1157 2781 1239 καὶ
2838 1158 3124 1229 μοναρχία.
3190 1159 3257 1210 Al
3318 1159 3415 1229 μὲν
3469 1154 3560 1211 οὖν
3611 1159 3698 1212 δύ(

2128 1244 2316 1298 παισὶν
2373 1244 2641 1316 Ἐλλήνων
2707 1245 3046 1316 ὲπαίχθησαν
3088 1247 3219 1318 (15),
3258 1249 3353 1301 καὶ
3398 1246 3681 1313 παιζέσθω

438 1346 569 1400 lusce
604 1352 754 1407 sunt,
783 1354 836 1398 et
862 1356 994 1398 sane
1037 1342 1315 1396 ludantur.
1352 1338 1509 1402 Nam,
1548 1349 1604 1395 et
1634 1340 1778 1409 quod
1813 1338 1998 1393 nullius

2123 1352 2238 1389 σαν.
2297 1336 2370 1389 Τό
2420 1353 2481 1389 τε
2538 1338 2647 1409 γὰρ
2698 1338 2953 1410 ἄναρχον,
2994 1338 3259 1393 ἄτακτον·
3310 1340 3371 1393 τό
3423 1357 3481 1392 τε
3538 1339 3678 1393 πολύ

438 1434 665 1505 imperio
704 1433 1058 1503 gubernatur,
1089 1428 1376 1486 confusum
1402 1437 1489 1484 est
1510 1444 1574 1485 ac
1596 1429 2006 1497 perturbatum:

436 1536 491 1581 et
530 1525 672 1595 quod
710 1540 741 1579 a
775 1523 1022 1594 pluribus
1066 1521 1300 1578 dominis
1340 1530 1395 1576 et
1442 1520 1782 1591 principibus
1833 1520 2007 1574 admi-

2127 1444 2312 1499 αρχον,
2365 1430 2678 1494 στασιῶδες,
2752 1433 2845 1484 καὶ
2885 1430 3056 1496 οὕτως
3109 1432 3365 1504 ἄναρχον,
3403 1433 3497 1486 καὶ¹
3527 1432 3699 1487 οὕτως

2118 1519 2370 1574 ἄτακτον.
2412 1523 2507 1585 Εἰς
2537 1523 2731 1577 ταυτὸν
2773 1525 2877 1597 γὰρ
2907 1524 3193 1595 ἀμφότερα
3224 1524 3400 1592 φέρει,
3433 1525 3530 1596 τὴν
3565 1526 3674 1577 ἁτα

432 1617 732 1683 nistratur,
787 1614 1114 1670 factionibus
1157 1611 1502 1682 dissidiisque
1550 1611 1845 1667 obnoxium
1896 1619 1998 1674 est,

2116 1612 2328 1684 ξίαν·ή
2377 1613 2434 1667 δὲ
2475 1615 2554 1677 είς
2591 1616 2778 1670 λύσιν-
2828 1616 3028 1681 ἀταξία
3059 1616 3167 1687 γὰρ
3224 1615 3419 1688 μελέτη
3471 1615 3682 1680 λύσεως

434 1725 499 1764 ac
520 1707 765 1780 proinde
810 1721 911 1762 nec
935 1721 965 1759 a
996 1718 1269 1775 quoquam
1300 1704 1656 1775 gubernatur,
1690 1717 1792 1757 nec
1816 1702 2008 1758 ordine

434 1802 544 1857 ullo
572 1810 628 1856 et
656 1798 942 1871 disciplina
989 1798 1323 1853 continetur.
1370 1796 1544 1851 Ambo
1585 1795 1752 1850 etiam
1793 1797 1895 1851 ista
1922 1811 2011 1850 eo-

433 1892 555 1947 dem
601 1891 857 1959 tendunt,
894 1889 1152 1944 nimirum
1187 1889 1253 1943 ad
1277 1886 1487 1943 ordinis
1518 1887 2003 1955 perturbationem,

436 1983 553 2040 haec
624 1991 804 2037 autem
854 1983 923 2037 ad
977 1981 1346 2046 sdlutionem;
1412 1980 1754 2050 perturbatio
1809 1981 2006 2049 quippe

432 2076 718 2131 solutionis
764 2074 1043 2131 meditatio
1072 2082 1175 2128 est.
1214 2074 1283 2127 At
1310 2087 1408 2128 nos
1438 2072 1597 2127 unius
1623 2072 1989 2143 principatum

437 2167 707 2231 colimus;
738 2167 898 2221 unius
923 2175 1102 2221 autem
1133 2163 1502 2234 principatum
1537 2164 1680 2231 dico,
1710 2180 1817 2219 non
1843 2180 2001 2234 quem

430 2273 665 2330 persona
716 2272 821 2311 una
870 2254 1274 2311 circumscribit
1327 2254 1467 2325 (fieri
1512 2255 1656 2310 enim
1713 2264 1889 2325 potest
1948 2264 2005 2310 ut

429 2350 575 2421 quod
603 2364 767 2405 unum
802 2346 966 2419 525
991 2355 1094 2410 est,
1125 2347 1172 2400 si
1212 2360 1243 2400 a
1274 2345 1451 2416 seipso
1485 2346 1767 2411 dissideat,
1798 2361 2006 2401 secum-

429 2457 536 2514 que
574 2441 864 2505 discordet,
913 2436 1082 2493 multa
1123 2434 1259 2508 fiat),
1312 2436 1410 2492 sed
1454 2450 1615 2506 quem
1654 2436 1879 2506 aequalis
1908 2451 2006 2492 na-

429 2547 564 2590 tura:
610 2534 844 2603 dignitas
898 2528 1198 2594 constituit,
1251 2537 1306 2583 et
1355 2528 1647 2584 voluntatis
1695 2530 2001 2595 consensio,

438 2636 723 2695 motusque
768 2623 1047 2685 identitas,
1086 2629 1250 2688 atque
1285 2619 1351 2672 ad
1392 2632 1580 2681 unum,
1628 2633 1841 2680 eorum,
1884 2632 2004 2686 quae

435 2738 501 2780 ex
542 2722 663 2790 ipso
702 2727 849 2784 sunt,
905 2713 1241 2786 conspiratio
1287 2713 1361 2781 (id
1399 2712 1545 2783 quod
1578 2712 1629 2766 in
1665 2712 1828 2767 rebus
1875 2727 2003 2781 pro-

429 2814 629 2869 creatis
661 2811 774 2867 fieri
804 2809 1036 2880 nequit),
1065 2809 1139 2862 ita
1185 2817 1266 2874 ut,
1314 2806 1527 2861 etiamsi
1573 2819 1802 2859 numero
1849 2804 2003 2860 dill‘e-

428 2914 572 2963 rant.
607 2903 841 2958 essentia
880 2911 1058 2956 tamen
1091 2908 1147 2954 et
1186 2907 1379 2952 natura
1418 2896 1639 2950 minime
1665 2896 1999 2965 distinguan-

2129 1704 2289 1775 Ἡμῖν
2314 1704 2371 1757 δὲ
2402 1707 2691 1777 μοναρχία,
2723 1707 2784 1760 τὸ
2818 1708 3154 1778 τιμώμενον·
3192 1706 3461 1779 μοναρχία
3492 1707 3570 1771 δὲ,
3600 1709 3699 1777 οὐχ

2118 1798 2183 1868 ἣν
2210 1796 2270 1849 ἒν
2296 1800 2625 1869 περιγράφει
2652 1801 2940 1871 πρόσωπον
2969 1800 3106 1870 (ἔστι
3137 1800 3246 1871 γὰρ
3277 1800 3371 1853 καὶ
3398 1799 3457 1851 τὸ
3482 1798 3540 1852 ἒν
3571 1815 3698 1851 στας

2117 1888 2300 1954 σιάζον
2338 1890 2474 1960 πρὸς
2503 1891 2663 1943 ἑαυτὸ
2722 1890 2892 1945 πολλὰ
2925 1891 3327 1965 καθίστασθαι),
3357 1890 3469 1946 ἀλλ’
3502 1891 3569 1962 ἢν
3599 1891 3706 1959 (9°3-

2115 1998 2253 2044 σεως
2282 1983 2543 2052 ὁμοτιμία
2568 1984 2868 2054 συνίστησι,
2900 1985 2994 2037 κα)⁸
3025 1984 3249 2056 γνώμης
3277 1984 3571 2056 σύμπνοια,
3602 1982 3705 2038 καὶ

2110 2073 2378 2144 ταυτότης
2410 2075 2680 2145 κινήσεως
2709 2075 2843 2144 (16),
2876 2077 2970 2128 καὶ
3000 2076 3136 2147 πρὸς
3171 2075 3231 2128 τὸ
3258 2074 3316 2128 ἓν
3352 2074 3461 2128 τῶν
3502 2074 3559 2141 ἐξ
3601 2076 3704 2128 αὖ·

2111 2164 2204 2219 τοῦ
2221 2164 2496 2229 σύννευσις
2509 2166 2663 2239 (ὅπερ
2682 2168 2959 2239 ἀμήχανον
2975 2169 3066 2221 ὲπ).
3080 2169 3179 2239 τῆς
3194 2168 3455 2239 γεννητῆς
3473 2166 3585 2238 (l7)
3604 2167 3703 2238 (ρῦ-

2114 2257 2293 2327 σεως),
2335 2256 2474 2310 ὥστε
2519 2258 2622 2310 κᾶν
2656 2258 2873 2329 ἀριθμῷ
2901 2258 3152 2330 διαφέρῃ,
3184 2262 3250 2329 τῇ
3291 2275 3354 2327 γε
3384 2259 3543 2330 οὐσίᾳ
3581 2259 3697 2329 (18)

2114 2347 2188 2418 μὴ
2226 2348 2537 2419 τέμνεσθαι.
2573 2349 2671 2402 Διὰ
2704 2349 2860 2402 τοῦτο
2894 2350 3059 2420 μονὰς
3093 2350 3186 2403 ἀπ’
3221 2351 3395 2421 ἀρχῆς
3420 2352 3499 2413 εἰς
3523 2349 3700 2403 δυάδα

2110 2441 2422 2512 κινηθεῖσα,
2481 2441 2643 2512 μέχρι
2693 2443 2922 2513 Τριάδος
2972 2443 3124 2514 ἔστη.
3180 2443 3292 2496 Καὶ
3336 2442 3492 2497 τοῦτό
3544 2445 3701 2498 ἐστιν

2110 2534 2243 2604 ἡμῖν
2274 2536 2302 2586 6
2331 2533 2543 2604 Πατὴρ,
2582 2532 2677 2585 καὶ
2710 2535 2738 2586 6
2775 2533 2921 2597 Υἱὸς,
2951 2534 3045 2587 καὶ
3085 2534 3145 2587 τὸ
3188 2534 3342 2602 ἆγιον
3372 2532 3601 2604 Πνεῦμα
3621 2552 3633 2564 ·
3668 2539 3699 2587 ὁ

2112 2624 2212 2695 μὲν
2236 2626 2514 2696 γεννήτωρ
2546 2625 2640 2679 καὶ
2684 2625 2999 2695 προῦολεὺς,
3040 2626 3184 2694 λέγω
3229 2626 3284 2678 δὲ
3311 2625 3558 2690 ἀπαθῶς,
3597 2626 3699 2679 καὶ

2110 2717 2371 2787 ἀχρόνως,
2417 2717 2513 2771 καὶ
2558 2717 2894 2786 ἀσωμάτους·
2931 2718 3039 2771 τῶν
3072 2718 3150 2781 δὲ,
3179 2718 3240 2771 τὸ
3289 2719 3386 2790 μὲν
3415 2719 3694 2788 γέννημα,

2108 2807 2167 2860 τὸ
2194 2808 2250 2861 δὲ
2278 2808 2591 2880 πρόϐλημα,
2620 2811 2654 2881 ἢ
2688 2813 2787 2864 οὐκ
2815 2807 2908 2864 οἷδ’
2940 2813 3088 2875 ὅπως
3116 2812 3179 2866 ἄν
3206 2830 3291 2875 τις
3320 2810 3492 2864 ταῦτα
3530 2810 3697 2863 καλέ-

2108 2916 2274 2965 σειεν,
2330 2899 2544 2969 ἀφελὼν
2592 2901 2767 2973 πάντη
2816 2901 2922 2956 τῶν
2974 2904 3285 2973 ὁρωμένων.
3344 2905 3417 2956 Οὐ
3466 2902 3578 2975 γὰρ
3626 2904 3696 2974 δὴ

429 3006 538 3051 tur.
571 2995 838 3062 Quocirca
885 2993 1090 3057 unitas,
1126 2989 1396 3059 principio
1429 2988 1481 3041 in
1526 2987 1795 3040 binarium
1829 2996 1994 3051 mota,

2116 2993 2403 3065 ὃπέρχυσιν
2425 2969 2766 3066 ἀγαθότητος-
2784 2997 2955 3049 εἰπεῖν
2985 2969 3332 3068 θαρρήσομεν
3346 2996 3393 3067 (ὃ
3418 2969 3527 3049 τῶν
3546 2969 3694 3070 amp;

400 3088 482 3143 sin
533 3086 796 3140 Trinitate
831 3082 1095 3139 constitit.
1134 3082 1310 3148 Atque
1342 3081 1445 3133 hoc
1476 3078 1632 3132 nobis
1672 3087 1759 3133 est
1799 3077 1982 3142 Pater,

427 3189 482 3235 et
508 3177 703 3242 Filius;
742 3185 798 3230 et
837 3173 1073 3244 Spiritus
1110 3180 1367 3236 sanctus;
1398 3168 1561 3223 Pater
1599 3166 1815 3237 quidem
1846 3169 1999 3237 geni-

424 3281 534 3337 tor,
583 3279 638 3325 et
687 3267 995 3339 productor,
1046 3265 1180 3319 citra
1230 3271 1409 3316 tamen
1457 3260 1619 3314 ullam
1669 3258 1995 3328 passionem,

426 3378 491 3419 ac
520 3370 754 3430 tempus,
785 3367 948 3427 atque
978 3356 1300 3424 incorporeo
1329 3350 1487 3405 modo
1513 3368 1526 3402 :
1561 3350 1754 3404 horum
1788 3358 1992 3411 autem,

425 3455 565 3509 alter
614 3451 845 3516 soboles,
886 3448 1023 3503 alter
1063 3445 1376 3516 processio,
1423 3450 1515 3497 aut
1560 3442 1758 3509 quibus
1813 3441 1998 3494 verbis

424 3547 539 3601 lucc
560 3543 827 3614 quispiam
852 3554 1048 3594 vocare
1074 3546 1258 3608 queat,
1297 3534 1501 3597 nescio,
1544 3533 1614 3587 ab
1657 3531 1724 3586 iis
1771 3546 1997 3601 prorsus

427 3639 768 3699 abstrahens,
805 3647 928 3704 quae
955 3631 1055 3686 sub
1083 3636 1359 3697 aspectum
1388 3623 1614 3680 cadunt.
1642 3621 1829 3686 Neque
1852 3623 1995 3676 enim

424 3725 683 3781 bonitatis
713 3721 1146 3793 superfusionem
1179 3718 1363 3773 dicere
1401 3713 1719 3768 audebimus
1757 3711 1995 3781 (tametsi

423 3820 693 3891 quispiam
747 3832 958 3882 eorum,
1004 3814 1095 3884 qui
1142 3811 1284 3882 apud
1340 3809 1592 3863 ethnicos
1639 3806 1995 3876 philosophiae

420 3913 582 3968 laude
621 3911 933 3975 ﬂoruerunt,
977 3906 1083 3961 hoc
1126 3901 1387 3958 vocabulo
1434 3901 1511 3954 uti
1561 3914 1666 3954 non
1696 3898 1986 3964 dubitarit,

2101 3085 2326 3155 Ἕλλησι
2356 3084 2833 3156 φιλοσοφησάντων
2859 3089 3032 3140 εἰπεῖν
3070 3104 3156 3150 τις
3185 3087 3507 3158 ἐτόλμησεν,
3536 3084 3689 3141 Οἶον

2099 3174 2327 3244 κρατήρ
2354 3193 2444 3242 τις
2470 3180 2737 3246 ὺπεῤῥύη
2763 3178 2895 3251 (19),
2938 3179 3126 3248 σαφῶς
3159 3180 3360 3232 οὑτωσὶ
3401 3179 3598 3247 λέγων,
3630 3182 3694 3234 ἐν

2098 3261 2181 3330 οἷς
2213 3284 2281 3319 πε
2292 3268 2343 3337 ρ).
2372 3268 2588 3339 πρώτου
2614 3269 2724 3342 (20)
2752 3270 2923 3324 αἰτίου
2955 3272 3048 3325 καὶ
3072 3271 3328 3343 δευτέρου
3356 3272 3689 3341 φιλοσοφεῖ),

2102 3359 2315 3429 μήποτε
2362 3360 2616 3413 ἀκούσιον
2666 3361 2761 3433 τὴν
2813 3364 3063 3434 γέννησιν
3112 3363 3498 3434 εἰσαγάγωμεν
3542 3364 3690 3433 (21),

2097 3449 2191 3501 καὶ
2237 3442 2349 3502 οἷον
2395 3450 2716 3522 περίττωμα
2752 3469 2804 3504 τι
2866 3452 3092 3520 φυσικὸν
3145 3454 3240 3505 καὶ
3290 3452 3689 3518 δυσκάθεκτον,

2095 3539 2295 3609 ἥκιστα
2340 3543 2461 3603 ταῖς
2505 3542 2632 3612 περὶ
2676 3540 2927 3611 θεότητος
2972 3543 3248 3607 ὑπονοίαις
3288 3542 3402 3613 (2:2)
3446 3543 3688 3614 πρέπον.

2094 3631 2195 3684 Διὰ
2242 3630 2401 3685 τοῦτο
2445 3634 2537 3686 ἐπὶ
2575 3632 2683 3688 τῶν
2730 3634 3012 3705 ἡμετέρων
3071 3635 3211 3705 ὅρων
3267 3635 3568 3705 ἱστάμενοι,
3622 3636 3691 3690 τὸ

2103 3723 2398 3795 ἀγέννητον
2427 3725 2741 3795 εἰσάγομεν,
2766 3727 2859 3780 καὶ
2883 3726 2945 3779 τὸ
2974 3727 3254 3798 γεννητὸν,
3285 3728 3381 3780 καὶ
3402 3728 3463 3780 τὸ
3492 3729 3558 3781 ἐκ
3586 3730 3688 3782 τοῦ

2102 3817 2314 3887 Πατρὺς
2351 3818 2800 3889 ἐκπορευόμενον,
2834 3818 2909 3882 ὣς
2938 3818 3040 3873 πού
3081 3837 3248 3891 φησιν
3287 3821 3449 3884 αὐτὸς
3481 3823 3510 3875 6
3546 3822 3690 3887 Θεὸς

2105 3907 2196 3959 καὶ
2224 3908 2415 3977 Λόγος.

418 4021 546 4063 cum
578 4007 642 4060 de
672 4005 844 4076 prima
908 4008 961 4055 et
1019 3997 1251 4053 secunda
1291 4009 1454 4051 causa
1540 3993 1853 4056 dissereret,
1891 3994 2193 4062 perspicuis
2233 4000 2412 4055 verbis
2461 4001 2533 4054 ita
2585 4001 2851 4071 loquens:
2924 3999 3078 4054 Velut
3115 4002 3359 4064 poculum
3406 4005 3690 4074 quoddam

419 4099 823 4171 superﬂuxit“),
865 4111 932 4152 ne
958 4103 1199 4150 coactam
1245 4091 1535 4159 quamdam
1590 4087 2016 4156 generationem,
2089 4104 2152 4145 ac
2195 4093 2342 4147 velut
2390 4098 2693 4151 naturalem
2740 4097 3026 4166 quamdam
3074 4097 3495 4162 superfluitatem
3546 4115 3677 4170 qua:

422 4193 643 4250 retineri
694 4199 948 4260 nequeat.
996 4186 1325 4252 minimeque
1377 4180 1644 4237 divinitati
1688 4189 1973 4250 congruat,
2048 4181 2383 4242 invehamus.
2449 4188 2680 4255 Prqhtde
2730 4189 2924 4244 ﬁnibus
2990 4191 3194 4246 nostris
3245 4201 3455 4247 nosmet
3491 4196 3685 4248 conti-

420 4298 635 4353 nentes,
682 4284 976 4355 ingeuitum
1024 4289 1078 4336 et
1121 4278 1359 4349 genitum
1401 4273 1743 4339 inducimus,
1816 4283 1871 4329 et
1920 4289 1985 4330 ex
2057 4275 2217 4335 Patre
2271 4284 2649 4352 procedentem
2694 4294 2754 4340 ut
2795 4287 3026 4356 quodam
3094 4287 3255 4342 ιοροι
3295 4288 3434 4344 Deus
3464 4289 3583 4360 ipse
3617 4305 3686 4346 ac

420 4380 659 4437 Verbum
688 4374 1075 4447 pronuntiavit.

486 4513 516 4545 ³
545 4512 715 4567 Plato.
795 4511 815 4540 ’
849 4508 1005 4563 Joan.
1033 4522 1125 4573 xv,
1152 4506 1241 4561 26.

488 4673 537 4740 (1
549 4668 604 4738 2)
641 4668 1005 4740 Εὺοξύνοπτα

488 4684 604 4740 (12)
641 4684 1005 4723 Ευσυνοπτα
1028 4684 1291 4787 ἶενηται.
1323 4684 1451 4729 “eg.
1475 4684 1662 4730 hyph,
1687 4684 1988 4712 ευσυνυπῖα

416 4743 704 4817 γένωνται.
748 4738 949 4817 Gloss.)
998 4754 1022 4817 ε
1061 4734 1216 4817 δηλα,
1263 4733 1357 4817 καὶ
1394 4729 1988 4817 γνωριμαληκαξᾼσαφῆ

420 4803 667 4882 γένηται,
705 4826 725 4861 ι
767 4803 1155 4882 manifesta,_et
1183 4813 1338 4882 nota,
1366 4812 1425 4882 et_
1450 4803 1732 4869 perspicua
1771 4803 1926 4854 fiant.
1960 4820 1979 4851 ι

419 4872 565 4942 Ιὶιοχ,
605 4872 990 4947 εἰσαγωγικόν,
1022 4894 1041 4926 ι
1079 4872 1602 4947 ἱηῑτοιιιιοιοῄιιιιι.)

494 4937 605 5022 (l3)
631 4937 897 5022 Ata'xebﬁ
931 4944 1005 4999 τὰ
1040 4944 1355 5011 νοούμενα.
1388 4940 1519 5010 Reg.
1548 4937 1741 5008 Cypr.,
1762 4937 1987 5011 διαχυθῇ

419 5021 491 5077 τὰ
505 5019 802 5091 λεγόμενα.

494 5090 606 5167 (14)
660 5087 1088 5167 ᾉναρχίαηθιο.
1137 5102 1155 5136 ι
1183 5082 1407 5146 Nullius,
1439 5099 1456 5131 ι
1486 5078 1570 5135 vel
1618 5095 1636 5130 ι
1670 5078 1925 5148 plurium,
1966 5098 1984 5131 ι

420 5160 516 5217 vel
539 5178 557 5211 t
596 5160 755 5213 unius
790 5160 1092 5225 imperium.
1130 5173 1148 5204 ι

496 5228 609 5307 (Ψ)
664 5217 1111 5307 Ἐπαιχθηρναν.-
1140 5222 1293 5307 [:usae
1318 5233 1459 5277 sunt.
1495 5239 1513 5271 ι
1545 5217 1670 5307 ¹1100
1698 5217 1867 5307 verbo.

421 5288 516 5354 tur
535 5288 1119 5367 Gregoriusri'inquit
1163 5294 1330 5367 Elias,
1370 5311 1398 5367 ¢_
1419 5291 1556 5367 quod
1588 5305 1615 5367 ξι
1656 5289 1813 5341 rebus
1856 5288 1991 5342 ludi-

422 5371 532 5424 cris
561 5361 695 5422 nihil
725 5361 1114 5427 dilferrent‘ea,
1154 5378 1272 5433 quae
1300 5364 1399 5425 ipsi
1438 5361 1862 5433 introducerent,
1904 5368 1989 5411 at-

421 5454 529 5508 que
561 5437 614 5493 in
654 5438 875 5491 deorum
923 5428 1205 5508 numerum
1247 5434 1545 5508 referrent;
1583 5428 1665 5482 vel
1700 5428 1841 5496 quod
1870 5443 1987 5483 om-

422 5504 555 5563 nino
582 5511 742 5578 digna
771 5509 898 5570 sint,
930 5509 1123 5578 quibus
1151 5504 1429 5578 illudatur.
1458 5521 1475 5553 ο

492 5578 602 5648 (16)
641 5571 1297 5648 Ταυτότηςέκινήσεως.
1336 5590 1355 5623 ‹
1388 5572 1583 5648 Motum
1626 5571 1859 5643 appellat
1887 5584 1984 5641 pos

423 5642 644 5705 tentiam
677 5658 731 5706 et
761 5642 1156 5714 eﬂicacitatem,
1191 5664 1209 5695 ι
1255 5642 1431 5714 inquit
1466 5642 1627 5698 Elias.

1180 4680 1291 4717 ται.
1320 4662 1451 4737 Reg.
1475 4660 1662 4737 Cyph,
1687 4659 1990 4737 εὐσύνοπτοι

2169 4660 2280 4737 (li)
2319 4659 2645 4737 Εξννητῆς·
2664 4660 2826 4737 .Re£-.
2853 4661 3044 4737 haec!
3071 4660 3165 4737 Ου’-
3195 4661 3532 4737 ίιγενητῆς·

2167 4729 2278 4803 (18)
2326 4728 2403 4796 Τῇ
2435 4747 2499 4797 γε
2531 4730 2728 4803 οὐσίᾳ.
2772 4729 2863 4803 Sic
2892 4731 3054 4785 Coisl.
3094 4733 3119 4785 1
3154 4742 3209 4803 et
3237 4728 3296 4797 5,
3330 4728 3528 4803 aliique
3558 4752 3681 4791 me-

2094 4800 2245 4854 lioris
2273 4810 2411 4876 nqtae
2444 4800 2599 4876 codd.
2640 4800 2769 4866 Quae
2816 4800 2979 4876 lectio
3038 4802 3279 4876 profecto
3322 4800 3523 4876 ruielior
3570 4819 3679 4876 est,

2095 4868 2529 4945 quaniﬁgouglg,
2571 4871 2884 4945 «potentia,
2911 4889 2943 4945 _n
2981 4868 3100 4945 quae
3154 4873 3205 4925 in
3265 4874 3435 4945 editis
3467 4879 3650 4945 reperi

2097 4949 2203 4993 tur.
2241 4938 2371 4992 Nam
2415 4937 2867 5003 Nicwni’Patres,
2900 4937 3204 5010 ὁμοούσιον.
3244 4961 3260 4994 ι
3288 4937 3545 5010 εῇυεαοηῖ
3583 4963 3673 4999 ηπε-

2096 5019 2230 5063 tura:
2263 5028 2294 5083 r
2318 5025 2413 5064 seu
2441 5010 2752 5083 {essentia}.
2779 5028 2797 5061 ι
2836 5025 2941 5063 non
2971 5012 3336 5083 ὁμοεξούσιον,
3378 5032 3396 5065 ‹
3425 5014 3676 5083 ejusdem

2093 5081 2366 5149 potentiae,
2395 5100 2413 5131 ι
2453 5080 2595 5132 Patri
2625 5077 2816 5132 Filium
2852 5093 2973 5134 esse
2995 5077 3342 5136 deﬁnierunt.

2162 5149 2606 5221 (19)]Υπεῤῥύη.
2640 5150 2751 5221 Duo
2788 5150 2979 5220 llegg.,
3016 5152 3251 5221 quinque
3285 5151 3463 5216 Colb.,
3500 5151 3673 5210 Coisl.

2092 5219 2145 5283 1,
2173 5231 2239 5290 et_
2260 5218 2355 5273 Or.
2381 5221 2435 5279 1,
2466 5219 2801 5290 ὑπερεῤῥύη.

2162 5288 2272 5361 (20)
2310 5290 2450 5361 Περὶ
2503 5288 2886 5356 πρώτου,“θιο.
2929 5289 3116 5355 Plato,
3153 5306 3380 5361 primam
3422 5308 3671 5349 causam.

2087 5361 2147 5413 τὸ
2175 5359 2272 5425 ἓν,
2306 5377 2324 5409 ι
2361 5359 2535 5413 Unum
2572 5377 2591 5410 ι
2650 5361 2879 5424 statuit;
2939 5359 3164 5417 alteram
3226 5378 3391 5430 vero,
3451 5363 3513 5416 τὸ
3575 5366 3672 5428 ὃν,

2092 5449 2110 5480 ί
2152 5433 2746 5643 ἑὶσαγᾶγωμεν.
2786 5500 2983 5567 Nicet.,
3016 5504 3332 5573 εἰσάγομεν.

2098 5640 2112 5643 Α
2175 5571 2281 5643 22)
2318 5570 2679 5643 ξΥπσνοζαις.
2722 5588 2740 5621 ι
2779 5570 3229 5639 Cogitationibus,
3268 5593 3285 5623 ι
3322 5590 3332 5628 ξ

2175 5571 2266 5638 22)
2318 5570 2679 5635 ’Υπσνοίαις.
2722 5588 2740 5621 ‹
2779 5570 3229 5639 Cogitationibus,
3268 5593 3285 5623 ι
3322 5588 3441 5639 seu,
3476 5592 3493 5625 ι
3532 5575 3673 5633 idcis

2082 5640 2147 5698 de
2165 5640 2458 5698 divinitate
2490 5641 2713 5697 minime
2742 5653 3147 5712 congruentem.
3186 5662 3204 5694 ι
