3890 6214
237 206 305 262 Π
1268 207 1526 265 ORATK)
1561 209 1758 264 XXIX.
1800 238 1868 251 —-
1908 208 2352 265 THEOLOGICA
2395 209 2484 265 lli.
3417 225 3483 279 73

300 324 377 378 1".
407 323 545 376 Πότε
575 321 668 377 οὖν
692 323 804 393 (25)
855 322 1053 389 ταῦτας
1113 323 1285 395 Ὑπὲρ
1322 325 1383 377 τὸ
1421 327 1564 378 πότε
1601 324 1773 379 ταῦτα
1800 343 1811 355 ⁸

1991 325 2080 381 lll.
2125 325 2229 380 Sed
2277 330 2494 396 quando
2533 328 2686 383 hazc?
2723 329 2980 400 inquient.
3060 332 3318 389 Nimirum
3372 338 3485 393 lucc

233 417 278 468 εξ
298 415 355 468 δὲ
376 415 526 468 δεῖτι
548 417 641 468 καὶ
666 414 1177 488 νεανικώτερον(24)
1205 417 1399 479 εἰπεῖν,
1428 418 1515 470 ὅτε
1551 418 1580 470 6
1600 417 1809 488 Πατήρ.

230 507 371 560 Πότε
393 507 450 560 δὲ
474 508 503 559 ὁ
531 509 752 578 Πατὴρ;
784 507 897 560 Οὐκ
925 503 1013 577 ἦν.
1040 509 1131 561 ὅτε
1157 508 1257 561 οὐκ
1280 503 1368 578 ἦν.
1406 506 1576 561 Τοῦτο
1598 502 1691 560 οὖν
1721 508 1813 560 καὶ

230 601 254 652 6
288 598 436 663 Υἱὸς,
483 598 579 652 καὶ
611 598 671 649 τὸ
704 596 926 663 Πνεῦμα
965 597 1026 651 τὸ
1078 597 1251 666 ἅγιον.
1300 597 1469 650 Πάλιν
1514 595 1693 667 ἐρώτα
1723 612 1810 666 με,

231 690 326 742 καὶ
350 688 511 741 πάλιν
535 687 934 758 ἀποκρινοῦμαί
958 705 1060 740 σοι.
1091 688 1227 740 Πότε
1252 688 1282 739 6
1308 687 1432 750 Υἱὸς
1458 686 1811 757 γεγέννηται;

231 779 364 833 Ὅτε
386 780 415 830 6
444 777 632 849 Πατὴρ
656 778 717 829 οὐ
749 778 1095 849 γεγέννηται.
1121 778 1259 831 Πότε
1287 778 1343 831 δὲ
1367 777 1429 829 τὸ
1455 776 1682 847 Πνεῦμα
1699 776 1812 848 (25)

229 870 663 942 Emme-69:91am
709 870 835 923 Ὅτε
865 872 894 923 6
923 870 1051 935 Υἱὸς
1091 871 1190 923 οὐκ
1232 870 1654 942 ὲκπεπὸρευται,
1678 870 1815 923 ἀλλὰ

229 963 552 1032 γεγέννηται
581 963 845 1035 ἁχρὸνως,
879 964 973 1016 καὶ
1007 962 1149 1033 ὑπὲρ
1174 962 1363 1031 λόγον·
1398 965 1447 1015 εἰ
1475 963 1569 1015 καὶ
1612 962 1686 1033 μὴ
1726 962 1816 1014 δυ-

228 1053 441 1123 νάμεθα
463 1055 521 1107 τὸ
554 1054 693 1126 ὑπὲρ
723 1055 914 1125 χρόνον
945 1054 1320 1124 παραστῆσαι,
1359 1054 1606 1118 θέλοντες
1633 1072 1814 1126 χρονι-

228 1143 332 1214 κὴν
365 1145 627 1214 ἐκφυγεῖν
661 1144 922 1214 ἔμφασιν.
957 1145 1030 1198 Τὸ
1062 1144 1172 1217 γὰρ
1202 1145 1322 1211 ὅτε,
1352 1146 1446 1199 καὶ
1475 1145 1589 1213 πρὸ
1617 1141 1813 1210 τοῦδε,

228 1237 324 1289 καὶ
368 1235 519 1305 μετὰ
563 1236 768 1300 ταῦτα,
812 1237 908 1289 καὶ
951 1235 1388 1306 ἀπορῇς-(26),
1440 1237 1539 1289 οὐκ
1589 1236 1813 1307 ἄχρονα,

228 1324 333 1378 κᾶν
357 1327 438 1379 ὅτι
467 1326 702 1395 μάλιστα
735 1324 1053 1396 βιαζώμεθα
1072 1343 1086 1355 ⁸
1123 1325 1263 1396 πλὴν
1294 1329 1343 1379 εἰ
1370 1326 1429 1380 τὸ
1450 1326 1562 1396 (27)
1593 1344 1804 1397 παρεκ-

229 1417 539 1487 τεινόμενον
585 1417 699 1487 (28)
745 1421 860 1480 τοῖς
913 1418 1106 1482 ἀϊδίοις
1166 1417 1443 1487 διάστημα
1498 1417 1591 1470 τὸν
1644 1419 1816 1472 αἰῶνα

228 1507 625 1578 λαμϐάνοιμεν,
670 1507 734 1560 τὸ
774 1507 849 1578 μὴ
889 1509 1099 1578 κινήσει
1150 1507 1276 1570 τινὶ,
1320 1507 1453 1578 μηδὲ
1498 1508 1646 1579 ἡλίου
1675 1510 1817 1581 φορᾷ

1915 431 2076 483 supra
2100 419 2319 487 quando
2341 428 2485 473 sunt.
2513 419 2663 486 Quod
2694 421 2737 476 si
2770 423 2933 476 etiam
2967 426 3346 483 audaciuscule
3371 429 3474 483 ali-

1914 508 2042 576 quid
2097 509 2385 562 dicendum
2437 519 2540 575 est,
2603 520 2709 563 tum
2766 512 2881 567 haec
2924 524 3101 580 erant,
3150 530 3271 570 cum
3317 517 3482 573 Pater

1919 609 2057 653 erat.
2104 596 2330 667 Quando
2377 613 2557 656 autem
2610 602 2807 658 Pater?
2864 604 3145 675 Nunquam
3197 624 3303 662 non
3362 610 3485 668 fuit.

1915 690 2057 744 Idem
2100 691 2167 743 de
2214 688 2371 754 Filio,
2417 692 2556 745 idem
2611 692 2676 747 de
2723 692 2926 763 Spiritu
2958 702 3147 750 sancto
3181 708 3486 767 promptum

1916 788 2000 834 est
2045 780 2246 834 dicere.
2292 781 2444 847 Quod
2493 783 2536 836 si
2580 799 2767 838 rursus
2817 797 2902 838 me
2955 785 3272 857 interroges,
3299 804 3488 844 rursus

1918 871 2013 926 tibi
2064 872 2428 941 respondebo.
2461 874 2685 940 Quando
2729 875 2900 931 Filius
2953 878 3166 947 genitus
3205 880 3325 935 est?
3352 878 3483 935 Cum

1918 963 2077 1019 Pater
2120 964 2336 1033 genitus
2378 980 2485 1020 non
2545 976 2648 1021 est.
2679 966 2901 1033 Quando
2930 967 3162 1038 Spiritus
3190 973 3490 1040 processit?

1917 1053 2051 1108 Tum
2101 1068 2218 1107 cum
2269 1054 2438 1109 Filius
2482 1071 2584 1110 non
2632 1059 2917 1125 processit,
2960 1062 3053 1116 sed
3098 1063 3235 1115 citra
3276 1073 3486 1133 tempus

1917 1144 2107 1211 ullum,
2160 1160 2224 1199 ac
2256 1161 2417 1216 supra
2447 1163 2662 1203 omnem
2712 1150 2938 1205 rationis
2983 1152 3229 1208 humanae
3270 1164 3485 1225 captum

1916 1238 2130 1305 genitus
2179 1244 2297 1291 est:
2327 1240 2489 1293 etiam
2537 1240 2578 1294 si
2630 1239 2706 1314 id_
2736 1241 2878 1310 quod
2934 1258 3093 1312 supra
3138 1252 3348 1314 tempus
3379 1256 3483 1314 est,

1918 1325 2202 1380 declarare
2239 1327 2539 1395 cupientes,
2574 1311 2921 1397 temporalem
2956 1311 3191 1401 speciem
3217 1311 3280 1388 ac
3315 1311 3486 1404 signi;

1920 1415 2227 1471 ﬁcationem
2276 1417 2462 1486 fugere
2510 1432 2858 1488 nequeamus.
2910 1420 3121 1476 Etenim
3168 1424 3250 1477 hae
3305 1438 3483 1488 voces,

1915 1507 2144 1576 quando,
2196 1508 2436 1574 antehac,
2494 1509 2729 1575 posthac,
2780 1526 2812 1562 a
2862 1511 3158 1580 principio,
3228 1516 3486 1583 temporis

234 1599 589 1670 μεριζόμενον
636 1600 729 1651 καὶ
781 1598 1169 1670 μετρούμενον,
1202 1599 1339 1667 ὅπερ
1380 1599 1409 1650 6
1444 1599 1654 1669 χρόνος.
1688 1599 1815 1664 Πῶς

1921 1599 2227 1668 neutiquam
2305 1608 2553 1667 expertes
2601 1610 2745 1666 sunt,
2797 1616 3171 1672 quamcunque
3229 1604 3333 1658 vim
3383 1606 3488 1660 illis

226 1687 320 1746 οὖν
342 1692 402 1745 οὐ
434 1692 764 1763 συνάναρχα.
794 1695 842 1744 εἰ
870 1691 1150 1757 σνναῖδια;
1186 1691 1306 1744 Ὅτι
1348 1691 1576 1756 ἐκεῖθεν,
1628 1693 1677 1744 ει
1726 1694 1815 1746 καὶ

1922 1686 2259 1753 inferamus;
2320 1689 2422 1742 nisi
2456 1689 2597 1744 forte
2644 1705 2816 1746 aevum
2865 1695 3213 1763 accipiamus,
3250 1695 3352 1751 ltoc
3380 1706 3486 1761 est,

232 1782 307 1853 μὴ
341 1784 457 1851 μετ’
474 1785 680 1837 ἐκεῖνον
705 1783 840 1852 (29).
865 1784 941 1837 Τὸ
968 1784 1066 1853 μὲν
1090 1784 1198 1855 γὰρ
1221 1783 1473 1854 ἄναρχον,
1503 1784 1595 1836 καὶ
1624 1784 1811 1838 ἀΐδιον·

1923 1779 2262 1834 intervallum
2316 1780 2467 1846 illud,
2517 1783 2659 1850 quod
2692 1783 2849 1837 simul
2887 1799 3006 1838 cum
3063 1787 3223 1841 rebus
3273 1791 3486 1843 aeternis

228 1875 288 1927 τὸ
319 1874 376 1927 δὲ
400 1874 593 1938 ἀΐδιον,
636 1875 696 1927 οὐ
746 1874 965 1937 πάντως
997 1874 1253 1946 ἄναρχον,
1284 1874 1389 1938 ἕως
1429 1876 1495 1927 ἂν
1524 1877 1604 1938 εἰς
1643 1875 1815 1946 ἀρχὴν

1921 1872 2253 1937 extenditur,
2304 1886 2402 1927 nec
2452 1873 2563 1927 ullo
2612 1883 2783 1937 motu,
2820 1884 2913 1929 aut
2956 1876 3086 1930 solis
3127 1892 3287 1932 cursu
3325 1879 3488 1948 (quod

228 1966 569 2037 ἁνανρέρηται
589 1966 680 2019 τὸν
708 1967 948 2039 Πατέρα.
981 1967 1095 2021 Οὐκ
1126 1966 1338 2038 ἆναρχα
1384 1963 1477 2021 οὖν
1508 1967 1586 2038 τῷ
1615 1969 1773 2039 αἰτίῳ
1798 1986 1810 1999 ·

224 2056 384 2125 δῆλον
418 2056 478 2109 δὲ
514 2057 575 2109 τὸ
611 2057 809 2119 αἴτιον,
836 2057 913 2119 ὡς
939 2057 1002 2109 οὐ
1052 2057 1270 2118 πάντως
1306 2055 1673 2127 πρεσϐύτερον
1703 2057 1812 2109 τῶν

225 2142 303 2205 ῶν
329 2150 477 2202 ἐστιν
502 2149 614 2220 (50)
645 2148 817 2202 αἴτιον
837 2165 851 2177 ·
878 2149 1001 2203 οὐδὲ
1025 2148 1135 2219 γὰρ
1157 2148 1251 2202 τοῦ
1277 2148 1471 2217 φωτὸς.
1502 2148 1671 2218 ἥλιος.
1701 2150 1810 2203 Καὶ

224 2241 442 2312 ἄναρχά
492 2260 608 2306 πως
657 2240 735 2311 τῷ
777 2241 974 2312 χρόνῳ,
1019 2241 1120 2295 κᾶν
1165 2242 1229 2294 σὺ
1282 2239 1628 2312 μορμολύττῃ
1680 2244 1809 2307 τοὺς

226 2332 656 2403 ἁπλουστέρους*
688 2332 749 2384 οὐ
774 2331 883 2401 γὰρ
912 2330 1018 2385 ὑπὸ
1045 2330 1235 2402 χρόνον
1262 2329 1331 2381 τὰ
1384 2328 1440 2395 ἐξ
1489 2323 1563 2382 ῶν
1605 2330 1633 2381 6
1681 2329 1811 2401 χρό-

1923 1966 2139 2033 quidem
2182 1973 2392 2032 tempus
2438 1964 2562 2036 εει),
2610 1967 2882 2022 deﬁnitur.
2933 1967 3073 2036 Quid
3128 1969 3291 2041 525
3334 1985 3486 2042 ergo,

1919 2056 2150 2125 inquies,
2194 2056 2238 2110 si
2268 2055 2436 2110 Filius
2471 2066 2526 2110 et
2556 2054 2790 2126 Spiritus
2821 2068 3040 2113 sanctus
3067 2058 3210 2113 Patri
3238 2061 3489 2114 coaeterni

1917 2156 2062 2211 sunt,
2104 2147 2235 2216 quid
2283 2147 2465 2203 aﬂ'erri
2513 2158 2713 2217 potest,
2765 2150 2893 2218 quin
2946 2150 3196 2220 principii
3246 2166 3486 2221 quoque,

1918 2237 2371 2307 quemadmodum
2409 2247 2466 2292 et
2505 2238 2612 2300 ille,
2652 2239 2760 2293 sint
2790 2240 3074 2309 expertes?
3110 2239 3245 2307 Quia
3277 2241 3345 2294 ab
3378 2243 3491 2308 ipso

1919 2340 2068 2394 sunt,
2116 2329 2243 2384 licet
2288 2345 2396 2384 non
2443 2340 2566 2399 post
2606 2330 2801 2399 ipsum.
2850 2331 3001 2398 Quod
3042 2333 3184 2386 enim
3225 2334 3492 2403 principio

229 2440 338 2488 νος.

1921 2430 2087 2484 caret,
2122 2428 2382 2474 aeternum
2410 2433 2623 2488 quoque
2657 2429 2781 2474 est:
2827 2422 2968 2488 quod
3004 2431 3180 2476 autem
3216 2437 3479 2479 πίει-ιιι]ιῆ

230 2524 334 2579 est,
368 2530 475 2570 non
503 2514 751 2584 protinus
780 2528 994 2584 quoque
1053 2513 1318 2582 principio
1352 2521 1531 2579 vacat,
1567 2512 1805 2583 quandiu
1847 2512 1913 2564 ad
1949 2510 2193 2575 Patrem,
2237 2510 2387 2566 velut
2443 2513 2510 2564 ad
2550 2511 2872 2581 principium
2912 2520 2967 2566 et
3005 2512 3290 2582 originem,
3322 2515 3493 2570 refer-

230 2622 341 2666 tur.
394 2610 536 2680 Ergo
576 2608 671 2673 illi,
711 2620 969 2678 quantum
1009 2609 1076 2662 ad
1110 2622 1350 2673 causam,
1389 2607 1657 2677 principio
1695 2607 1913 2661 minime
1966 2616 2177 2660 carent.
2250 2605 2600 2674 Perspicuum
2681 2613 2861 2658 autem
2917 2613 3032 2668 est,
3103 2621 3318 2659 causam
3385 2622 3492 2664 non

228 2698 488 2755 continuo
521 2699 878 2766 antiquiorem
925 2710 1047 2751 esse
1094 2697 1184 2754 iis.
1229 2711 1457 2765 quorum
1493 2711 1657 2751 causa
1692 2706 1806 2763 est;
1847 2710 2022 2765 neque
2047 2696 2188 2750 enim
2256 2696 2333 2750 sol
2399 2695 2571 2749 lucem
2601 2706 2838 2764 tempore
2905 2697 3192 2751 antecedit.
3222 2696 3490 2762 Quantum

230 2806 414 2851 autem
442 2794 509 2849 ad
541 2803 773 2863 tempus,
815 2793 1065 2862 principii
1112 2804 1363 2862 expertes
1435 2801 1580 2852 sunt.
1648 2792 1772 2847 licet
1841 2802 1893 2845 tu
1936 2794 2221 2848 verborum
2271 2791 2437 2847 larvis
2473 2792 2828 2862 simpliciores
2859 2793 3067 2854 animos
3093 2794 3327 2849 territes.
3370 2793 3478 2850 Nec

229 2884 375 2940 enim
400 2883 624 2955 tempori
646 2882 871 2938 subsunt
892 2897 977 2948 ea,
998 2898 1062 2938 ex
1089 2882 1280 2951 quibus
1299 2895 1508 2952 tempus
1528 2883 1795 2952 originem
1835 2883 2083 2952 sumpsit.

301 3020 380 3071 A'.
417 3003 543 3080 Πῶς
567 3008 660 3070 οὖν
693 3016 793 3069 οὐκ
827 3015 1079 3087 ἐμπαθὴς
1119 3017 1151 3087 ἡ
1192 3017 1478 3088 γέννησις;
1514 3020 1635 3071 ’Ότι
1674 3017 1815 3071 ἀσώ-

1993 3021 2080 3076 IV.
2123 3019 2403 3088 Quomodo
2433 3037 2561 3091 ergo
2600 3036 2628 3074 a
2662 3021 2913 3089 passione
2960 3021 3216 3075 immunis
3260 3033 3343 3077 est
3378 3025 3495 3080 haec

235 3130 424 3186 ματος.
452 3112 517 3165 Εἰ
543 3111 651 3182 γὰρ
674 3112 707 3181 ἡ
730 3108 1042 3181 ὲνσώματος
1070 3110 1342 3181 ἐμπαθὴς,
1376 3110 1593 3183 ἀπαθὴς
1620 3113 1652 3180 ἡ
1675 3110 1821 3164 ἀσώ-

237 3221 431 3275 ματος.
506 3196 649 3270 Ἐγὼ
699 3201 757 3255 δέ
812 3218 873 3255 σε
925 3202 1292 3272 ἁντερήσομαι
1321 3219 1333 3231 ο
1379 3201 1503 3265 Πῶς
1552 3202 1704 3266 Θεὸς,
1772 3203 1820 3254 εἱ

232 3294 478 3366 κτίσμα;
523 3293 597 3347 Οὐ
632 3293 742 3364 γὰρ
771 3291 904 3356 θεὸς
950 3292 1011 3345 τὸ
1053 3290 1397 3362 κτιζὸμενον·
1430 3293 1517 3345 ἴνα
1550 3293 1624 3363 μὴ
1656 3291 1818 3361 λέγω,

233 3388 319 3439 ὅτι
354 3383 630 3439 κάνταῦθα
658 3385 849 3448 πάθος,
873 3385 938 3439 ἂν
965 3384 1293 3455 σωματικῶς
1320 3384 1685 3455 λαμϐάνηται,
1711 3381 1820 3438 οἷον

234 3479 432 3553 χρόνος
453 3518 468 3542 ,
496 3477 700 3547 ἔφεσις,
752 3476 1130 3543 ἀνατύπωσις,
1164 3475 1418 3546 φροντὶς,
1453 3475 1625 3538 ἐλπὶς,
1654 3475 1818 3543 λύπη,

233 3571 517 3634 κίνδυνος,
547 3569 847 3640 ἁποτυχία,
881 3568 1196 3641 διόρθωσις·
1230 3567 1266 3622 ἃ
1306 3567 1484 3621 πάντα
1522 3569 1616 3620 καὶ
1653 3568 1823 3620 πλείω

232 3663 445 3718 τούτων
476 3663 602 3735 περὶ
633 3662 731 3732 τὴν
757 3663 933 3717 κτίσιν
961 3662 1095 3731 (51),
1119 3661 1193 3724 ὡς
1221 3661 1385 3714 πᾶσιν
1414 3659 1653 3732 εὔδηλον.
1678 3660 1820 3713 Θαυ-

236 3752 401 3824 μὰζω
438 3752 516 3821 δὲ,
547 3753 626 3806 ὅτι
662 3753 738 3824 μὴ
768 3755 862 3806 καὶ
892 3751 1047 3807 τοῦτο
1076 3752 1299 3825 τολμᾷς,
1337 3752 1706 3823 συνδυασμούς
1745 3770 1824 3806 τι-

234 3863 336 3908 νας
369 3846 572 3898 ἐννοεῖν
605 3846 741 3918 (52),
790 3847 885 3899 καὶ
927 3846 1152 3917 χρόνους
1205 3847 1477 3917 κυήσεως,
1513 3846 1607 3899 καὶ
1644 3846 1825 3899 κινδύ-

233 3954 365 4001 νους
421 3935 777 4007 ἀμϐλώσεως,
809 3937 894 4012 ὡς.
925 3937 1046 3991 οὐδὲ
1078 3940 1272 4009 γεννᾷν
1305 3936 1602 4009 ἐγχωροῦν,
1656 3938 1704 3990 εἰ
1749 3936 1823 4009 μὴ

236 4028 384 4083 οὕτω
418 4029 745 4100 γεγέννηκεν
769 4047 782 4061 ο
825 4029 859 4099 ἢ
904 4031 1064 4083 πάλιν
1097 4029 1313 4099 πτηνῶν
1345 4046 1519 4092 τινας,
1576 4029 1670 4082 καὶ
1694 4045 1823 4100 χερ-

240 4121 413 4173 σαίων
449 4122 544 4174 καὶ
581 4119 815 4192 ἐνύδρων
853 4121 1135 4190 γεννήσεις
1159 4118 1661 4191 ἁπαριθμούμενος,
1696 4117 1823 4169 τού-

1934 3109 2254 3178 generatio?
2279 3109 2415 3176 Quia
2450 3112 2784 3180 incorporea.
2816 3109 2873 3163 Si
2902 3112 3045 3165 enim
3086 3114 3347 3181 corporea
3394 3131 3490 3177 ge-

1927 3201 2136 3256 neratio
2165 3202 2469 3271 passionem
2499 3202 2838 3270 conjunctam
2864 3203 3049 3268 habet,
3080 3219 3274 3272 expers
3303 3208 3494 3277 utique

1925 3292 2197 3360 passionis
2223 3291 2328 3346 erit
2352 3293 2667 3360 incorporea
2692 3294 2980 3363 generandi
3012 3294 3170 3349 ratio.
3194 3299 3369 3366 Atque
3391 3313 3493 3370 ego
3576 3330 3583 3355 l

1924 3401 1988 3439 ex
2045 3394 2095 3439 te
2127 3384 2365 3439 vicissim
2412 3400 2646 3453 quteram
2689 3403 2700 3437 :
2754 3384 3032 3451 Quomodo
3083 3386 3222 3442 Deus
3253 3391 3398 3456 erit,
3449 3394 3493 3446 si

1926 3486 2174 3531 creatura
2231 3476 2356 3530 est?
2406 3474 2522 3530 Non
2572 3476 2713 3530 enim
2763 3476 2902 3530 Deus
2945 3491 3065 3532 esse
3104 3488 3309 3547 potest,
3355 3483 3495 3551 quod

1927 3578 2174 3631 creatur;
2212 3582 2279 3621 ne
2310 3569 2504 3634 dicam,
2539 3569 2681 3637 quod
2712 3567 2799 3621 hic
2841 3583 3057 3638 quoque
3101 3570 3280 3638 passio
3308 3572 3399 3638 sit,
3451 3574 3495 3626 si

1925 3673 2186 3729 corporeo
2218 3659 2377 3713 modo
2403 3659 2456 3712 id
2486 3660 2803 3728 accipiatur,
2842 3660 2945 3714 hoc
2976 3670 3058 3713 est
3084 3699 3099 3725 ,
3139 3669 3371 3730 tempus,
3402 3678 3498 3717 cu-

1924 3750 2144 3819 piditas,
2182 3746 2512 3811 informatio,
2549 3762 2701 3813 cura,
2737 3762 2877 3816 spes,
2914 3761 3139 3810 maeror,
3175 3749 3496 3818 periculum,

1929 3842 2044 3909 spei
2077 3840 2393 3905 frustratio,
2447 3840 2715 3895 correctio
2745 3861 2757 3895 :
2805 3854 2924 3908 quae
2962 3840 3142 3894 omnia
3166 3879 3181 3904 ,
3216 3849 3379 3909 atque
3413 3839 3498 3895 Itis

1928 3933 2102 4001 plura,
2135 3933 2278 3988 circa
2320 3941 2623 3992 creaturam
2653 3930 2905 3984 accidere
2943 3945 3100 4005 nemo
3147 3939 3233 3984 est
3260 3931 3349 3999 qui
3386 3945 3493 3983 non

1930 4023 2086 4078 facile
2117 4023 2430 4093 perspiciat.
2472 4020 2720 4074 Demiror
2751 4030 2955 4083 autem,
3007 4022 3134 4089 quin
3173 4030 3227 4074 tu
3261 4035 3324 4074 eo
3363 4036 3498 4090 quo-

1927 4130 2031 4183 que
2084 4113 2322 4168 audaciae
2374 4127 2715 4182 prorumpas,
2771 4121 2830 4164 ιιι
2880 4112 3054 4166 coitus
3097 4113 3381 4180 quosdam,
3436 4126 3492 4168 ct

237 4227 350 4267 των
378 4212 509 4284 (55),
527 4214 633 4266 τινὶ
671 4212 779 4267 τῶν
807 4214 1111 4283 γεννήσεων
1146 4210 1373 4281 ὑπάγειν
1410 4210 1509 4281 τὴν
1546 4208 1694 4264 θείαν
1731 4210 1815 4262 κα)

1928 4208 2310 4278 praegnationis
2345 4214 2624 4276 tempora,
2655 4214 2711 4259 et
2748 4204 2970 4260 abortus
3000 4206 3236 4273 pericula
3272 4207 3495 4276 cogites,

239 4303 645 4374 ἀνεκλάλητον,
688 4303 721 4375 ἢ
752 4304 844 4356 καὶ
892 4303 981 4357 τὸν
1022 4303 1150 4357 Υἱὸν
1207 4304 1451 4378 ἀναιρεῖν
1489 4301 1600 4374 (54)
1631 4302 1695 4355 ἐκ
1727 4301 1815 4371 τῆς

1928 4301 2153 4370 perinde
2180 4314 2243 4354 ac
2270 4315 2375 4353 non
2405 4298 2560 4351 aliter
2592 4296 2814 4365 gignere
2841 4297 3078 4365 potuerit
3103 4295 3282 4360 Pater,
3316 4297 3358 4351 si
3391 4312 3496 4351 non

238 4393 440 4463 καινῆς
473 4393 587 4465 (55)
620 4393 712 4447 σοῦ
750 4392 1076 4457 ὑποθέσεως.
1112 4393 1223 4446 Καὶ
1253 4392 1360 4445 οὐδ’
1393 4394 1570 4445 ἐκεῖνο
1600 4390 1815 4443 δύνασαι

1932 4394 2003 4447 ita
2038 4391 2285 4461 genuerit
2320 4409 2331 4443 :
2384 4398 2476 4443 aut
2509 4403 2698 4443 rursus
2736 4387 2914 4441 avium
2951 4389 3330 4457 quarumdam,
3366 4389 3500 4442 aiio~

242 4487 495 4550 συνιδεῖν,
528 4488 610 4540 ὅτι
643 4480 686 4555 ᾧ
711 4486 964 4558 διάφορος
991 4489 1022 4557 ὴ
1056 4485 1195 4542 κατὰ
1226 4485 1401 4556 σάρκα
1433 4484 1685 4555 γέννησις
1709 4481 1815 4553 (56)

1932 4495 2161 4550 rumque
2193 4480 2527 4540 animalium,
2560 4492 2680 4546 quae
2714 4476 2797 4531 vel
2828 4477 2882 4531 in
2914 4486 3054 4532 terra
3076 4519 3091 4546 ,
3134 4478 3219 4532 vel
3251 4478 3303 4532 in
3340 4481 3496 4547 aquis

321 4731 434 4801 (25)
477 4730 626 4783 Πότε
653 4725 786 4793 οὖν,
815 4738 921 4784 etc.
954 4727 1412 4801 Interrogantibus
1440 4725 1814 4801 Eunomianis,

1969 4721 2111 4801 ‘(28)
2149 4725 2711 4792 Παρεκτεινόμενον.
2737 4721 2870 4793 Reg.
2889 4721 3075 4794 Cypr.,
3098 4739 3503 4793 συμπαρεκτει·

241 4813 306 4858 ιιι
331 4794 712 4873 designaretur
744 4809 973 4868 tempus,
998 4799 1050 4851 in
1083 4794 1209 4873 quo,
1255 4799 1633 4873 v_el_t‘quand0
1671 4814 1689 4846 ι
1721 4811 1815 4865 ge-

1925 4794 2216 4873 véesz9v:_
2292 4863 2317 4873 -
2481 4862 2513 4873 Α
2619 4862 2634 4873 .
2740 4861 2771 4873 ..

243 4874 393 4928 nitus
432 4861 502 4923 sit
550 4868 735 4930 Filius,
779 4861 1215 4936 ac'pt-ocess'erit
1267 4861 1503 4935 Spiritus
1559 4861 1815 4936 sanctus,

1991 4861 2111 4936 ’(29)
2161 4863 2444 4936 ξιξκεῖᾐιβον·ἒ
2475 4862 2570 4917 Or.
2612 4862 2666 4936 i,
2705 4861 2904 4936 aliique
2942 4877 3048 4917 non
3088 4862 3263 4931 pauci,
3302 4863 3499 4915 ὲκεῐνο.

245 4952 408 4998 acute
452 4941 740 5006 respondet
784 4932 1095 5006 Gregorius.
1136 4932 1372 5008 genitum
1406 4934 1814 5008 fuisseFiliunt,
2000 4932 2112 5008 (§t_))
2160 4933 2668 5008 Eadeeestin
2704 4932 2967 5008 pluribus.

244 5023 302 5067 et
356 5000 703 5081 processisse
759 5000 1020 5081 Spiritum
1082 5000 1354 5081 sanctum
1404 5017 1527 5081 ante
1576 5006 1815 5075 ipsorum

2151 5003 2292 5081 Περ)
2347 5002 2462 5081 τὴν
2512 5003 2733 5055 κτίσιν.
2764 5000 2923 5081 Circa
2979 5011 3301 5081 creaturam.
3366 5000 3499 5081 Qum

250 5101 271 5133 ε
306 5071 548 5151 quando.
583 5097 602 5130 ι
648 5071 895 5137 δῑνε.ἰιι
926 5080 977 5131 in
1014 5079 1185 5145 prima
1227 5077 1462 5132 editione
1499 5071 1822 5144 interpreta-
1930 5071 2136 5153 scilicet
2185 5091 2204 5122 ‹
2234 5074 2471 5143 gignitur
2513 5081 2606 5126 aut
2656 5072 2905 5141 parturit.
2946 5089 2964 5121 ι
3021 5071 3242 5134 Billius,
3308 5088 3327 5122 ι
3357 5071 3503 5125 circa

250 5163 339 5202 lur
358 5149 544 5202 Billius
581 5171 595 5202 ;
628 5168 646 5199 ι
681 5150 989 5202 priusquam
1019 5156 1226 5202 temntts
1261 5147 1424 5199 ullum
1450 5146 1765 5200 exstitisset.
1799 5163 1816 5193 ι
1932 5152 2283 5198 creationem.
2321 5161 2339 5193 ι

315 5163 544 5202 Γϋιιιιιις
581 5171 595 5203 '.
628 5168 646 5199 ί
681 5163 989 5203 Di‘lllSﬂllﬂl“
1019 5163 1226 5203 lBIllDIIS
1261 5163 1424 5199 [illum
1450 5163 1765 5200 εκδιιιιδεει.
1799 5163 1815 5193 ι

1932 5163 2055 5198 (ΒΓθῆ
2065 5163 2283 5196 ιιοηειιι.

249 5163 339 5205 tur
358 5163 544 5202 bllllllS
581 5171 595 5203 ζ
628 5168 646 5199 ί
681 5163 989 5217 prtusquattt
1019 5163 1226 5217 tempus
1261 5163 1424 5199 [illum
1450 5163 1765 5200 eXSlllISSCI.
1799 5163 1815 5193 Ι

260 5288 283 5291 _
322 5219 437 5291 (Ἃ)
476 5217 930 5291 Νεανιζιώτερον.
986 5216 1119 5272 Tres
1175 5217 1366 5286 Regg.,
1419 5231 1513 5271 sex
1557 5214 1732 5279 Colb.,
1772 5225 1815 5266 el

1932 5163 2283 5198 creatlonem.
2321 5163 2339 5193 ι

2162 5211 2620 5291 Ἐηνοεῖνᾷῐῖεδ.
2655 5209 3106 5291 Cypra-aliique,
3138 5209 3391 5266 ἐπινοεῖν.

246 5281 345 5348 οτζ
376 5281 429 5352 1,
458 5287 739 5350 νεανικῶς.
797 5281 814 5287 ⁷
1257 5281 1318 5286 “
2005 5281 2116 5352 (55)
2158 5282 2530 5352 Τούτων.οι“.
2567 5283 2591 5334 1
2619 5285 2787 5352 addit,
2815 5281 2899 5351 δή.

323 5350 438 5431 (25)
478 5359 740 5427 Πνεῦμα.
796 5356 947 5413 Colb.
989 5358 1010 5412 Ι
1066 5358 1247 5423 addit,
1297 5357 1357 5410 τὸ
1403 5357 1588 5426 ἆγιον,
1640 5373 1659 5405 ‹
1701 5372 1815 5411 san-

2160 5351 2471 5433 ςᾼνοιὲριεῖιςζ
2512 5352 2643 5433 Reg;
2675 5350 3153 5433 Cyphaevatpaiv.

250 5420 459 5494 ctua}.
635 5420 653 5427 ⁷
1234 5420 1241 5423 ⁷
1451 5420 1462 5426 ’
1494 5484 1495 5489 η
1573 5420 1580 5422 “

2004 5420 2117 5493 (55)
2154 5421 2395 5488 Καινῆς.
2430 5420 2565 5491 Reg.
2605 5421 2794 5491 Cypr.,
2830 5420 3034 5490 aliique
3077 5422 3277 5490 plures,
3319 5423 3499 5492 κενῆς,

324 5498 441 5582 (26)
471 5498 810 5581 ’Ἀπαρχῆᾳ
846 5496 939 5553 0r.
989 5497 1043 5566 Ι,
1091 5498 1322 5564 divisitn,
1372 5499 1464 5552 ἀπ’
1498 5498 1693 5570 ἀρχῆς,
1737 5516 1754 5548 t
1797 5513 1815 5552 :3

1942 5510 1960 5543 t
1996 5506 2210 5556 vanam.
2254 5509 2272 5540 ι

2009 5560 2115 5582 ΙῚΩΧ
2162 5560 2232 5582 (11
2263 5559 2405 5582 -.ηρ-34
2434 5558 2620 5582 ..ΑΞ---..
2647 5558 2887 5582 __l------_.
2974 5561 3112 5582 Dl!-_
3161 5561 3189 5582 ,9.
3215 5559 3334 5582 --L_-
3353 5577 3362 5582 -
3386 5560 3477 5582 --!..
3540 5568 3546 5575 ·

250 5558 543 5643 βτΐιξςίρίρέ
583 5558 846 5643 οῖ”,”,-
898 5640 927 5643 _
1019 5558 1041 5643 Ῐ
1105 5638 1115 5643 -
1206 5639 1216 5643 ,
1307 5558 1318 5564 ⁷

2007 5560 2116 5631 (56)
2258 5559 2406 5613 κατὰ
2426 5558 2622 5627 σάρκα
2644 5558 2945 5643 γέννησις.
2974 5561 3134 5628 Elias,
3160 5561 3194 5630 ἡ
3215 5559 3366 5613 κάτω
3385 5560 3488 5628 γέν-

328 5633 451 5712 (27)
473 5642 542 5694 Et
581 5640 667 5695 τό.
704 5639 870 5696 Coisl.
897 5640 950 5705 5,
984 5641 1033 5696 εἰ
1059 5638 1133 5711 μὴ
1159 5639 1237 5691 τό.

1938 5648 2115 5703 νησις,
2155 5650 2172 5683 ι
2215 5639 2427 5685 terrena
2465 5633 2763 5700 generatio.
2800 5650 2819 5681 υ
