3890 6214
229 297 287 353 8i
1247 303 1512 359 ORATIO
1550 300 1742 356 XXIX.
1780 331 1813 340 —

1922 294 2332 351 illEOLOClCA
2372 293 2459 348 lli.
3405 292 3479 351 82

230 430 346 467 τινα
380 414 595 489 μητέρα
619 415 717 484 τὴν
752 414 973 485 θέλησιν
1012 415 1132 468 ἀντὶ
1165 412 1257 468 τοῦ
1293 414 1503 487 Πατρὸς
1538 412 1809 467 ἀναπλάτ-

1922 409 2211 481 quomodo,
2257 407 2343 461 cui
2387 406 2469 461 vis
2499 404 2665 460 allata
2692 414 2806 471 est,
2846 404 2986 461 Deus
3032 420 3149 461 esse
3176 407 3391 472 potest?
3418 409 3475 464 Si

228 519 426 557 τουσιν.
473 506 571 557 Ἐν
621 505 721 576 μὲν
752 502 846 558 οὖν
876 504 1034 558 τοῦτο
1065 505 1256 576 χάριεν
1284 504 1465 558 αὐτῶν
1486 543 1500 568 ,
1550 503 1615 557 ἂν
1649 501 1806 556 τοῦτο

228 593 477 662 λέγωσιν,
501 595 584 648 ὅτι
616 595 711 651 τοῦ
741 595 946 659 πάθους
972 595 1329 660 ἀποστάντες,
1364 596 1458 649 ἐπὶ
1484 594 1583 665 τὴν
1618 592 1808 664 βούλη-

230 701 310 736 σιν
339 683 804 753 καταφεύγουσιν
843 686 903 737 οὐ
943 684 1053 756 γὰρ
1086 684 1258 748 πάθος
1290 684 1398 756 (46)
1454 686 1488 754 ἡ
1530 681 1804 753 βούλησις.

228 774 485 845 Δεύτερον
513 775 591 840 δὲ,
618 776 814 847 ἴδωμεν
835 776 898 829 τὸ
932 775 1148 847 ἰσχυρὸν
1178 776 1381 840 αὐτῶν,
1403 776 1431 828 ὃ
1453 792 1507 828 τι
1534 774 1803 843 λέγουσιν·

228 867 445 936 ἄριστον
483 868 539 920 δὲ
569 869 754 933 αὐτοῖς
792 869 1179 939 συμπλακῆναι
1216 868 1481 939 πρότερον
1507 865 1804 936 ἐγγυτέρω.

227 959 297 1011 Σὺ
327 958 381 1011 δὲ
408 958 570 1021 αὐτὸς
596 962 624 1013 6
664 959 836 1028 λέγων
862 960 1102 1031 εὐχερῶς
1131 960 1159 1012 ὅ
1199 977 1252 1012 τι
1286 958 1352 1013 ἂν
1383 958 1542 1032 θέλῃς
1583 956 1716 1030 (47),
1744 957 1808 1009 ἐκ

228 1048 470 1114 Θέλοντος
509 1051 750 1122 ὑπέστης
779 1051 872 1104 τοῦ
901 1050 997 1104 σοῦ
1023 1050 1249 1122 πατρὸς,
1274 1051 1306 1121 ἢ
1338 1049 1412 1122 μὴ
1443 1049 1716 1114 θέλοντος;
1743 1049 1808 1101 Εἰ

233 1140 331 1209 μὲν
375 1140 483 1211 γὰρ
527 1140 585 1207 ἐξ
626 1142 687 1194 ού
733 1140 998 1206 θέλοντος,
1047 1141 1458 1212 τετυράννηται.
1501 1141 1612 1211 Τῆς
1660 1138 1804 1209 βίαςί

232 1232 338 1283 Καὶ
367 1231 450 1295 τίς
482 1234 510 1285 6
555 1235 896 1304 τυραννήσας
933 1232 1127 1299 αὐτὸν;
1159 1235 1234 1287 Οὐ
1268 1233 1377 1306 γὰρ
1408 1233 1474 1307 δὴ
1516 1232 1615 1305 τὴν
1649 1231 1808 1301 φύσιν

231 1322 371 1392 ἐρεῖς
393 1340 405 1353 ·
451 1323 634 1395 ἐκείνη
682 1324 793 1395 γὰρ
825 1323 937 1396 ἔχει
971 1326 1066 1379 καὶ
1101 1325 1163 1378 τὸ
1189 1326 1509 1396 σωφρονεῖν.
1541 1325 1604 1377 Ei
1641 1323 1697 1377 δὲ
1724 1322 1812 1375 θέο

233 1416 435 1482 λοντος,
485 1418 736 1473 ἀπόλωλέ
779 1437 860 1472 σοι
902 1420 969 1472 δι’
1001 1419 1186 1488 ὀλίγας
1221 1417 1490 1481 συλλαϐάς
1534 1419 1563 1470 6
1591 1417 1806 1487 πατήρ’

231 1510 498 1582 θελήσεως
523 1510 637 1580 (48)
668 1511 776 1583 γὰρ
807 1511 942 1576 υίὸς,
971 1510 1083 1564 ἀλλ’
1113 1512 1174 1564 οὐ
1207 1510 1412 1582 πατρὸς
1433 1508 1808 1578 ἀναπέφηνας.

243 1602 379 1654 Ἀλλ’
427 1603 518 1656 ἐπὶ
567 1604 661 1657 τὸν
702 1602 835 1657 Θεὸν
874 1603 1094 1675 μέτειμι
1138 1602 1234 1656 κα)¹
1277 1603 1346 1657 τὰ
1386 1600 1682 1670 κτίσματα,
1719 1600 1813 1652 καὶ

228 1694 289 1746 τὸ
312 1694 402 1746 σὸν
446 1693 709 1766 ἐρώτημα
738 1695 1005 1767 προσάγω
1031 1698 1098 1766 τῇ
1146 1696 1212 1765 σῇ
1260 1693 1421 1765 σοφίᾳ
1451 1692 1584 1761 (49)·
1632 1690 1812 1744 Θέλων

1909 508 2092 554 autem
2117 498 2323 561 volens,
2346 511 2475 566 ergo
2497 495 2685 562 Filius,
2711 494 3004 553 voluntatis
3025 505 3109 550 est
3135 494 3323 550 Filius.
3355 496 3475 563 Quo

1910 588 2074 658 igitur
2114 589 2272 643 modo
2320 602 2385 642 ex
2435 586 2596 641 Patre
2643 587 2954 658 progenitus
2997 585 3123 641 est?
3170 586 3247 640 ita
3287 602 3477 643 novam

1907 681 2194 749 quamdam
2230 690 2481 744 matrem,
2517 679 2867 745 voluntatem,
2911 680 3081 749 patris
3114 672 3232 735 loco
3257 680 3482 735 commi-

1908 773 2209 828 niscuntur.
2263 773 2320 827 In
2371 773 2473 828 hoc
2504 773 2719 842 quidem
2752 782 3091 842 argumento,
3120 772 3351 843 primum
3380 773 3481 826 hoc

1908 867 2103 921 scitum
2129 880 2194 921 ac
2234 865 2470 935 lepidum
2520 873 2622 930 est,
2651 869 2795 935 quod
2826 882 2854 919 a
2885 866 3136 936 passione
3171 865 3283 930 illa,
3317 880 3479 932 quant

1912 965 2190 1028 tantopere
2237 958 2543 1027 urgebant,
2589 958 2976 1026 abscedentes,
3032 959 3097 1013 ad
3149 958 3480 1015 voluntatem

1909 1051 2258 1122 confugiunt;
2300 1067 2404 1105 non
2445 1053 2588 1105 enim
2627 1052 2806 1120 passio
2847 1060 2932 1105 est
2960 1054 3233 1105 voluntas.
3275 1050 3483 1104 Deinde

1910 1144 2071 1214 527
2105 1143 2414 1208 videamus,
2448 1144 2699 1208 obsecro,
2744 1158 2906 1212 quam
2957 1144 3064 1195 vim
3098 1141 3298 1196 habeat
3340 1140 3482 1210 quod

1911 1235 2116 1290 dicunt.
2169 1232 2440 1302 Optimum
2496 1242 2674 1287 autem
2724 1233 2922 1297 fuerit,
2971 1232 3124 1303 prius
3177 1246 3299 1286 cum
3353 1232 3483 1302 ipsis

1912 1325 2099 1394 pedem
2129 1326 2350 1396 propius
2380 1325 2652 1380 conferre.
2688 1325 2779 1379 Dic
2803 1340 2932 1395 ergo
2956 1325 3091 1394 ipse,
3121 1325 3367 1396 quisquis
3395 1339 3475 1390 es,

1913 1418 2003 1485 qui
2032 1426 2267 1486 temere,
2302 1418 2565 1487 quidquid
2601 1417 2765 1471 libido
2798 1426 2883 1470 tua
2918 1416 3137 1482 tulerit,
3175 1416 3372 1473 ell’utis.
3404 1417 3480 1471 Ex

1913 1512 2124 1566 volente
2163 1521 2313 1580 patre
2352 1522 2440 1565 tuo
2478 1520 2792 1578 procreatus
2815 1526 2896 1577 es,
2939 1525 3006 1577 an
3044 1511 3301 1567 nolente?
3327 1510 3384 1564 Si
3414 1526 3480 1565 ex

1917 1600 2153 1668 nolente,
2185 1602 2265 1656 vis
2292 1617 2418 1671 ergo
2453 1603 2500 1656 ei
2534 1600 2694 1655 allata
2728 1611 2830 1655 est.
2856 1597 2900 1656 Ο
2927 1602 3205 1673 indignum
3235 1599 3481 1655 facinus!

1913 1693 1979 1748 Et
2001 1693 2123 1763 quis
2152 1695 2368 1748 tandem
2416 1695 2463 1748 ei
2502 1694 2607 1747 vim
2641 1693 2855 1749 attulit?
2902 1693 3016 1748 Non
3052 1695 3196 1749 enim
3238 1692 3486 1762 profecto

231 1786 534 1858 ὑπέστησεν
584 1790 613 1841 6
657 1788 787 1852 Θεὸς
836 1786 946 1857 (50)
993 1786 1062 1840 τὰ
1102 1786 1301 1845 πάντα.
1343 1785 1380 1856 ἢ
1436 1784 1710 1855 βιασθείς;
1746 1785 1810 1836 Εἰ

1922 1796 2160 1842 naturam
2195 1788 2415 1843 dixeris.
2455 1788 2586 1843 Nam
2618 1789 2665 1843 ei
2703 1804 2917 1859 quoque
2942 1804 3040 1845 sua
3080 1798 3295 1845 conslal
3317 1788 3487 1845 casti-

236 1878 332 1948 μὲν
361 1878 625 1949 βιασθεὶς,
644 1879 922 1934 κάνταῦθα
947 1881 979 1950 ἡ
1000 1881 1254 1950 τυραννὶς
1276 1879 1370 1931 καὶ
1395 1880 1422 1931 ὁ
1448 1877 1807 1948 τυραννήσαςσ

230 1969 277 2021 εἰ
310 1967 367 2020 δὲ
407 1968 746 2039 βουλόμενος,
781 1969 1069 2041 ἐστέρηται
1108 1968 1200 2020 τοῦ
1234 1966 1370 2020 Θεοῦ
1392 2007 1406 2028 ,
1452 1966 1545 2020 καὶ
1587 1964 1656 2018 τὰ
1696 1964 1812 2018 κτί-

230 2073 431 2129 σματα,
479 2060 571 2112 καὶ
603 2060 668 2113 σὺ
705 2060 802 2130 μὲν
830 2060 937 2131 πρὸ
963 2059 1070 2113 τῶν
1100 2059 1275 2113 ἄλλων
1300 2056 1410 2131 (5i)
1429 2101 1444 2123 ,
1469 2061 1496 2112 6
1538 2057 1809 2121 τοιούτους

229 2149 566 2220 ἀνευρίσκων
589 2149 900 2222 λογισμοὺς,
933 2152 1027 2204 καὶ
1058 2151 1285 2205 τοιαῦτα
1314 2149 1663 2220 σοφιζόμενος
1681 2168 1694 2180 ·
1728 2149 1808 2202 θε-

230 2239 381 2308 λήσει
440 2239 551 2311 (52)
616 2240 726 2312 γάρ
782 2241 925 2314 μέσῃ
977 2241 1070 2294 τοῦ
1132 2241 1349 2295 κτίστου
1405 2240 1803 2311 διατειχίξεται.

242 2330 380 2383 Ἀλλ’
426 2329 634 2401 ἕτερον,
686 2326 860 2401 οἶμαι,
900 2332 1070 2387 θέλων
1116 2331 1231 2385 ἐστὶ
1272 2330 1385 2403 (55)
1427 2332 1522 2385 καὶ
1568 2330 1807 2401 θέλησις,

228 2422 433 2492 γεννῶν
461 2423 556 2476 καὶ
586 2422 857 2495 γέννησις,
885 2424 1060 2492 λέγων
1093 2425 1189 2478 καὶ
1214 2425 1401 2492 λόγος,
1431 2426 1480 2477 εί
1511 2423 1584 2495 μὴ
1619 2423 1807 2494 μεθύο-

235 2532 360 2585 μεν·
399 2513 469 2566 τά
495 2515 592 2584 μὲν
618 2514 647 2566 6
673 2514 990 2584 κινούμενος
1015 2513 1151 2582 (54).
1177 2515 1245 2567 τὰ
1274 2514 1332 2567 δὲ
1357 2509 1471 2566 οἷον
1508 2516 1543 2584 ἡ
1574 2513 1807 2583 κίνησις.

230 2605 438 2660 Οὔκουν
476 2604 777 2675 θελήσεως,
814 2605 877 2658 τὸ
898 2604 1118 2676 θεληθὲν
1150 2605 1264 2676 (55)
1293 2606 1312 2672 (
1335 2604 1455 2658 οὐδὲ
1483 2603 1592 2675 γὰρ
1623 2604 1811 2657 ἕπεται

232 2696 451 2759 πάντως
476 2694 529 2765 )’
569 2696 692 2748 οὐδὲ
747 2695 809 2748 τὸ
854 2695 1141 2766 γεννηθὲν,
1196 2695 1536 2766 γεννήσεως·
1586 2694 1708 2769 ούδὲ
1752 2694 1812 2748 τὸ

229 2789 516 2852 ἀκουσθέν,
557 2790 919 2861 ἐκφωνήσεως
940 2806 953 2820 ·
982 2788 1118 2842 ἀλλὰ
1165 2788 1256 2842 τοῦ
1296 2787 1560 2852 θέλοντος,
1595 2785 1809 2840 καὶτοῦ

230 2877 526 2946 γεννῶντος
562 2876 700 2949 (56),
738 2878 835 2931 καὶ
869 2876 963 2930 τοῦ
1005 2876 1275 2946 λέγοντος.
1317 2874 1398 2929 Τά
1433 2875 1528 2929 τοῦ
1574 2874 1710 2929 Θεοῦ
1754 2875 1811 2927 δὲ

230 2971 326 3023 καὶ
352 2968 493 3040 ὑπὲρ
525 2967 699 3022 ταῦτα
733 2969 928 3029 πάντα.
1034 2968 1285 3040 γέννησίς
1325 2969 1475 3021 ἐστιν
1501 2967 1630 3030 ἴσως
1659 2968 1690 3037 ἡ
1715 2965 1809 3019 τοῦ

1914 1888 2017 1933 tas.
2047 1877 2104 1933 Si
2150 1870 2329 1932 autem
2362 1893 2427 1934 ex
2466 1879 2681 1934 volente
2714 1889 2864 1949 patre
2887 1921 2901 1946 ,
2941 1890 3095 1949 pater
3128 1880 3222 1935 tibi
3265 1888 3486 1950 propter

1910 1983 2110 2038 paucas
2155 1969 2389 2041 syllabas
2433 1971 2631 2041 periit:
2680 1971 2973 2026 voluntatis
3002 1971 3267 2042 siquidem
3302 1970 3480 2036 (ilius,

1912 2076 1977 2115 ac
2011 2075 2116 2116 non
2149 2062 2320 2129 patris
2345 2064 2624 2118 exstitisti.
2656 2063 2760 2118 Sed
2803 2066 2867 2117 ad
2916 2064 3081 2118 Deum
3112 2076 3165 2119 et
3206 2074 3485 2119 creaturas

1915 2161 2176 2214 transeo.
2227 2168 2291 2207 ac
2342 2162 2603 2208 tuatnmet
2645 2156 2998 2223 qumstionem
3053 2155 3329 2223 sapientiae
3380 2163 3485 2210 tute

1912 2243 2193 2297 admoveo.
2248 2243 2517 2298 'Volensne
2576 2244 2717 2300 Deus
2765 2247 3069 2301 universam
3119 2248 3253 2300 hanc
3299 2261 3481 2300 rerum

1913 2335 2106 2390 molem
2135 2336 2406 2395 condidit.
2437 2352 2504 2390 an
2550 2337 2735 2392 nolens
2759 2347 2813 2392 et
2846 2339 3108 2393 coactus?
3146 2337 3203 2392 Si
3234 2348 3481 2401 coaetus,

1914 2426 2002 2481 hic
2028 2440 2243 2496 quoque
2271 2429 2351 2480 vis
2383 2428 2623 2481 adhibita
2645 2470 2659 2492 ,
2708 2439 2764 2483 et
2795 2429 3013 2499 quidam
3049 2431 3139 2497 qui
3185 2430 3291 2483 vim
3329 2429 3484 2484 adbi-

1912 2518 2044 2571 buit.
2099 2518 2154 2572 Si
2195 2528 2372 2572 autem
2424 2518 2638 2582 volens,
2690 2520 2952 2574 cibantur
3009 2522 3153 2589 Deo",
3210 2532 3320 2575 tum
3367 2520 3487 2576 alia:

1913 2618 2204 2676 creaturae,
2254 2620 2364 2664 tum
2396 2622 2448 2664 tu
2492 2626 2603 2680 prae
2632 2613 2877 2671 caeteris.
2908 2612 2999 2681 qui
3035 2613 3168 2668 tales
3197 2612 3488 2669 ratiocina-

1913 2699 2088 2754 tiones
2108 2739 2122 2763 ,
2151 2700 2388 2769 talesque
2418 2702 2701 2755 verborum
2736 2702 3012 2771 captiones
3061 2702 3370 2773 excogitas-
3394 2705 3486 2757 In-

1917 2790 2175 2844 termedia
2205 2793 2400 2860 quippe
2431 2791 2707 2846 voluntate
2739 2808 2768 2847 a
2798 2792 3060 2848 Creatore
3082 2793 3481 2864 disjungentur.

1917 2877 2114 2934 Verum
2147 2880 2293 2934 aliud
2313 2922 2329 2948 ,
2359 2880 2411 2935 ni
2448 2880 2626 2945 fallor,
2654 2890 2738 2936 est
2769 2882 2975 2947 volens,
3013 2883 3158 2938 aliud
3189 2882 3436 2938 voluntas
3464 2903 3478 2940 :

1915 2970 2060 3024 aliud
2086 2970 2334 3040 gignens,
2367 2971 2510 3025 aliud
2554 2972 2832 3040 generatio
2864 2990 2878 3026 :
2907 2973 3053 3028 aliud
3094 2973 3184 3043 qui
3218 2972 3476 3041 loquitur,

230 3063 429 3133 γεννᾷν
468 3060 719 3131 θέλησις⁸
752 3060 867 3114 ἀλλ’
891 3061 1042 3114 οὐδὲν
1081 3060 1265 3131 μέσον,
1307 3059 1359 3111 εἴ
1400 3075 1464 3126 γε
1508 3060 1602 3112 καὶ
1655 3058 1811 3112 τοῦτο

1922 3062 2062 3117 aliud
2107 3078 2321 3131 sermo,
2367 3064 2468 3118 nisi
2514 3063 2652 3119 forte
2710 3065 2988 3119 temulenti
3037 3066 3228 3120 simus.
3278 3063 3473 3118 HOI‘ltlI

229 3150 514 3222 δεξώμεθα
538 3153 650 3222 (57)
674 3152 831 3217 ὅλως,
863 3151 1000 3205 ἀλλὰ
1033 3150 1106 3222 μὴ
1131 3151 1224 3205 καὶ
1250 3150 1518 3221 θελήσεως
1551 3150 1813 3222 κρείττων

1922 3156 2063 3211 enim
2105 3156 2332 3210 alterum
2361 3165 2478 3223 est,
2507 3157 2551 3210 is
2576 3158 2664 3227 qui
2694 3167 2903 3221 movet,
2928 3157 3156 3211 alterum
3187 3156 3330 3212 velut
3365 3172 3487 3211 mo-

230 3247 265 3316 ή
311 3245 584 3314 γέννησις.
1923 3254 2007 3301 tus
2037 3247 2168 3316 ipse.
2209 3245 2325 3301 Non
2356 3261 2482 3317 ergo
2514 3248 2804 3304 voluntatis
2837 3258 2957 3313 est,
3013 3247 3235 3303 volitum
3283 3248 3491 3320 (neque

231 3340 376 3393 enim
430 3338 532 3392 hoc
584 3352 807 3407 prorsus
859 3335 1169 3405 sequitur);
1244 3349 1347 3389 nec
1397 3335 1807 3405 generationis,
1849 3337 1990 3404 quod
2035 3339 2275 3408 genitum
2347 3347 2469 3407 est,
2514 3355 2613 3394 nec
2688 3339 3009 3405 locutionis,
3059 3342 3200 3409 quod
3246 3341 3490 3397 auditum

232 3438 338 3495 est,
370 3430 465 3484 sed
498 3429 749 3494 volentis,
782 3439 835 3484 et
866 3429 1157 3499 gignentis,
1182 3438 1238 3482 et
1268 3426 1560 3496 loquentis.
1595 3428 1664 3480 At
1727 3442 1848 3497 quas
1887 3430 1938 3482 in
1972 3430 2102 3485 ‘Deo
2154 3431 2606 3497 considerantur,
2650 3447 2813 3502 supra
2878 3432 2992 3486 haec
3031 3446 3247 3500 quoque
3301 3436 3489 3489 omnia

232 3537 384 3591 sunt,
418 3535 609 3596 utpote
638 3529 721 3582 cui
750 3526 1028 3597 generatio
1061 3525 1292 3579 fortasse
1357 3523 1426 3577 sit
1487 3523 1600 3593 ipsa
1634 3524 1885 3593 gignendi
1921 3525 2205 3593 voluntas;
2257 3540 2444 3581 verum
2480 3527 2611 3583 nihil
2657 3535 2741 3583 est
2781 3527 3156 3582 intermedium
3181 3566 3198 3593 ,
3247 3529 3291 3582 si
3333 3535 3491 3586 modo

231 3625 337 3676 hoc
382 3635 600 3692 quoque
643 3621 865 3675 omnino
903 3619 1277 3683 admittimus,
1306 3633 1369 3671 ac
1402 3632 1507 3670 non
1578 3617 1756 3684 potius
1821 3618 2106 3674 statuimus
2176 3621 2580 3693 generationem
2631 3621 2770 3676 hanc
2805 3621 3083 3678 voluntate
3115 3620 3486 3678 sublimiorem

229 3725 288 3771 et
318 3713 748 3783 praestantiorem
778 3727 919 3767 esse.

303 3809 379 3860 Ζ”.
421 3805 611 3858 Βούλει
650 3822 704 3857 τι
750 3802 1072 3874 προσπαίξω
1110 3803 1200 3855 καὶ
1246 3817 1335 3854 τον
1368 3801 1618 3872 Πατέρα;
1659 3798 1818 3872 Παρὰ

235 3901 331 3955 σοῦ
365 3900 478 3972 γὰρ
503 3900 612 3969 ἔχω
638 3898 707 3951 τὰ
736 3894 964 3950 τοιαῦτα
1006 3893 1238 3965 τολμᾷψ
1273 3893 1454 3947 Θέλων
1482 3892 1613 3956 Θεὸς
1644 3893 1672 3944 6
1703 3893 1817 3944 Ila—

234 3991 362 4058 τὴρ,
397 3988 429 4059 ἢ
470 3987 544 4058 μὴ
576 3986 766 4040 θέλων.
811 3984 924 4038 Καὶ
953 3985 1101 4047 ὅπως
1138 3983 1421 4055 ἀποφεύξῃ
1448 3983 1510 4036 τὸ
1545 3981 1635 4035 σὸν
1666 3999 1822 4053 περι-

231 4081 432 4146 δέξιον.
463 4079 526 4131 Εἰ
570 4077 668 4149 μὲν
706 4077 771 4147 δὴ
804 4075 1145 4138 θέλων,πότε
1176 4073 1272 4127 τοῦ
1304 4073 1478 4128 θέλειν
1511 4073 1821 4144 ἡργμένος;

235 4174 317 4229 Οὐ
342 4171 453 4242 γὰρ
486 4170 617 4239 πρὶν
647 4164 819 4221 εἶναι’
864 4166 986 4219 οὐδὲ
1021 4166 1132 4236 γὰρ
1159 4160 1227 4237 ἦν
1260 4183 1312 4218 τι
1344 4165 1626 4237 πρότερον.
1669 4165 1740 4218 Ἦ
1765 4164 1824 4217 τὸ

239 4265 342 4334 μὲν
375 4262 542 4316 αὐτοῦ
582 4259 851 4330 θελῆσαν,
903 4258 963 4310 τὸ
991 4257 1047 4310 δὲ
1097 4256 1360 4328 θεληθέν;
1402 4256 1668 4328 Μεριστὸς
1708 4251 1820 4310 οὖν.

1997 3800 2104 3856 Vll.
2159 3800 2322 3856 Visne
2376 3800 2427 3854 in
2492 3799 2707 3855 Patrem
2777 3814 2991 3871 quoque
3052 3799 3223 3869 ipsum
3280 3797 3493 3855 cavillis

1925 3893 2169 3949 nonnihil
2224 3893 2449 3948 ludam?
2496 3892 2576 3947 'l‘u
2631 3893 2763 3948 mihi
2818 3908 3002 3948 ansam
3081 3892 3206 3947 talia
3262 3882 3491 3946 audendi

1924 3986 2152 4054 praebes.
2188 3984 2348 4039 Pater
2387 3984 2568 4054 itaque
2598 3985 2685 4038 vel
2723 3984 2907 4039 volens
2951 3985 3091 4039 Deus
3123 3992 3226 4046 est,
3266 3982 3352 4036 vel
3388 3996 3488 4037 no-

1925 4077 2062 4132 lens.
2092 4077 2170 4132 Ac
2200 4076 2321 4131 vide
2353 4093 2458 4148 qua
2491 4076 2702 4131 tandem
2731 4078 2942 4131 ratione
2967 4076 3159 4131 scitum
3190 4074 3318 4129 illud
3343 4083 3492 4128 tuum

1929 4176 1983 4221 et
2013 4177 2223 4222 acutum
2257 4176 2632 4234 argumentum
2662 4167 2903 4237 eﬂ'ugies.
2945 4168 2999 4222 Si
3037 4168 3243 4235 volens,
3273 4168 3495 4237 quando

1930 4258 2067 4313 velle
2113 4260 2314 4328 erepit?
2360 4260 2477 4314 Non
2532 4261 2674 4314 enim
2723 4261 3038 4330 priusquam
3087 4269 3257 4315 esset.
3305 4257 3494 4328 Neque

237 4357 364 4420 Πῶς
390 4355 449 4408 δὲ
476 4355 538 4407 οὐ
567 4352 835 4424 θελήσεως
868 4352 962 4403 καὶ
990 4344 1165 4415 οὗτος,
1197 4348 1339 4402 κατὰ
1375 4349 1434 4401 σὲ
1453 4389 1467 4413 ,
1500 4348 1813 4419 πρόϐλημας

1929 4354 2071 4406 enim
2107 4353 2257 4420 prius
2291 4352 2581 4421 quidquam
2624 4361 2764 4410 erat.
2800 4352 2878 4404 An
2929 4352 3122 4421 partim
3158 4351 3211 4405 in
3243 4365 3308 4405 eo
3331 4351 3491 4420 quid-

238 4451 302 4504 Εί
326 4450 385 4503 δὲ
411 4448 474 4502 ού
512 4446 716 4507 θέλων,
756 4443 811 4496 τί
850 4442 912 4496 τὸ
939 4440 1268 4513 βιασάμενον
1307 4442 1386 4505 είς
1413 4440 1476 4493 τὸ
1504 4436 1679 4505 εἷναις
1716 4442 1826 4494 Καὶ

238 4544 362 4606 πῶς
391 4540 557 4603 Θεὸς,
586 4538 636 4591 εἰ
675 4534 978 4606 βεϐίασται,
1021 4534 1116 4587 καὶ
1152 4530 1329 4588 ταῦτα
1369 4533 1470 4586 οὐκ
1498 4531 1628 4586 ἄλλο
1663 4550 1737 4595 τι,
1791 4531 1823 4603 ἢ

235 4635 379 4691 αὐτὸ
415 4633 478 4686 τὸ
510 4626 652 4684 εἶναι
683 4628 844 4692 Θεός;
875 4626 999 4690 Πῶς
1041 4620 1166 4692 οὖν,
1212 4624 1347 4696 φησὶ
1384 4623 1519 4697 (58),
1565 4624 1827 4695 γεγέννη-

232 4743 365 4791 ται;
412 4721 537 4785 Πῶς
582 4720 859 4782 ἔκτισται,
900 4716 1058 4789 εἴπερ
1093 4715 1338 4770 ἔκτισται
1377 4715 1519 4769 κατὰ
1573 4716 1665 4781 σέ;
1715 4714 1827 4768 Καὶ

234 4820 353 4890 γὰρ
386 4816 484 4871 xa‘t
518 4812 676 4869 τοῦτο
699 4811 800 4883 τῆς
830 4811 998 4881 αὐτῆς
1040 4808 1291 4881 ἀπορίας.
1330 4808 1484 4880 Τάχα
1516 4807 1581 4861 ἂν
1630 4808 1825 4872 εἴποις,

316 5035 434 5101 (L6)
473 5035 689 5102 Πόθος.
733 5034 821 5091 Sit
879 5043 988 5090 tres
1036 5033 1229 5103 Regg.,
1278 5045 1373 5086 sex
1415 5029 1592 5095 Colb.,
1628 5028 1720 5086 Or.
1766 5029 1819 5098 1,

234 5103 464 5186 Par:_|n
488 5108 605 5186 ed.,
636 5112 863 5186 πάθους,
895 5125 913 5155 ι
943 5103 1283 5186 passi-enisus.

319 5175 436 5240 (47)
478 5175 689 5243 eum.
720 5170 967 5242 Quinque
995 5172 1169 5237 Colb.,
1198 5170 1406 5244 ἐθέλῃς.

321 5238 436 5313 (48)
478 5238 814 5311 Θελῆὸέὦς.
866 5238 1002 5300 'l‘rcs
1045 5244 1235 5313 Begg.,
1288 5238 1520 5311 qiiatuor
1560 5238 1741 5305 Colb.,
1772 5247 1825 5294 et

238 5313 344 5370 ον.
383 5316 438 5375 1,
467 5315 793 5395 θελῄματος.
1124 5382 1136 5394 ⁸
1248 5382 1258 5394 ο
1393 5378 1407 5391 ⁸

322 5384 441 5466 (3?!
488 5388 705 5466 In.sz
722 5384 940 5466 σρερίςιο,
963 5381 1089 5466 llaec
1123 5397 1326 5466 Iron!“
1356 5380 1525 5466 “re:

322 5455 438 5520 (50')
488 5451 751 5520 'Oveedc.
789 5451 948 5509 Deest
973 5455 1005 5506 6
1030 5454 1080 5505 in
1109 5454 1349 5520 pluribus
1370 5451 1527 5520 codd.

325 5464 417 5518 (at)
488 5464 551 5509 '0
586 5464 751 5520 Θεός.
790 5464 948 5509 Deest
973 5464 1038 5506 Ol

325 5524 408 5646 (ξι
420 5464 598 5648 $01196
644 5524 766 5606 td»:
812 5524 1038 5577 ἄλλων.

325 5616 411 5664 μή1
479 5603 591 5647 eest
621 5594 727 5664 πρό
756 5596 935 5664 πιθα.
1000 5662 1011 5664 _

239 5596 407 5653 Colb.
437 5596 591 5648 Deest
621 5596 727 5664 πρό
755 5596 805 5646 in
831 5596 917 5647 ed.

326 5662 444 5726 [52)
486 5664 760 5731 Θελήσει.
794 5663 959 5732 (ἰᾴοῑει.
993 5662 1230 5732 θέλησις.

328 5732 450 5807 (53)
491 5728 760 5804 "Ere-por,
794 5729 975 5802 οἶμαι,
1001 5728 1190 5788 θέλων
1214 5729 1365 5784 ἐστί.
1394 5728 1483 5785 Sic
1510 5738 1619 5785 tres
1640 5729 1832 5797 Regg.,

1136 5522 1185 5577 ic
1239 5530 1350 5576 tres
1399 5518 1592 5595 Regg.,
1641 5528 1696 5574 et
1735 5534 1830 5575 sex

1928 4444 2046 4497 dam
2080 4444 2180 4498 fuit
2208 4446 2348 4512 quod
2380 4445 2567 4511 voluit,
2598 4445 2793 4513 partim
2839 4444 3094 4512 quiddam
3129 4444 3273 4513 quod
3308 4442 3359 4496 in
3395 4456 3494 4495 vo-

1927 4534 2184 4592 luntatem
2216 4538 2454 4592 cecidit?
2484 4536 2779 4592 Divisibilis
2809 4536 2973 4607 igitur
2992 4537 3118 4592 erit.
3145 4536 3283 4603 Quid
3306 4543 3487 4589 autem

1928 4625 2103 4682 ali'erri
2138 4629 2368 4698 poterit.
2420 4631 2548 4697 quin
2579 4632 2731 4702 juxta
2777 4638 2922 4683 tuam
2954 4626 3365 4699 argumentandi
3407 4640 3495 4679 ra-

1927 4720 2145 4783 tionem,
2188 4721 2301 4789 ipse
2345 4736 2559 4791 quoque
2591 4721 2885 4775 voluntatis
2917 4719 3059 4773 fetus
3094 4718 3204 4773 sit?
3255 4716 3408 4783 Quod
3447 4716 3495 4770 st

1929 4809 2141 4876 nolens,
2171 4812 2294 4881 quis
2326 4829 2447 4868 eum
2482 4813 2655 4881 coegit
2708 4819 2763 4865 ut
2791 4822 2935 4866 esset
2954 4812 2987 4864 ?‘
3004 4810 3118 4877 Quo
3145 4809 3305 4863 etiam
3337 4807 3496 4861 modo

1927 5040 1981 5084 et
2013 5029 2106 5084 Or.
2137 5028 2189 5082 1.
2223 5028 2277 5081 In
2313 5029 2422 5089 ed.,
2463 5025 2649 5095 ἔτερόν
2682 5024 2862 5095 (ἐστιν,
2894 5018 3067 5092 οἶμαι,
3100 5018 3285 5095 θέλων.

1998 5100 2110 5184 (56)
2163 5099 2225 5151 Ὀ
2261 5088 2632 5166 κινούμενος.
2675 5094 2765 5148 Sic
2797 5088 2985 5147 omnes
3018 5092 3171 5145 codd.
3205 5090 3261 5141 in
3300 5088 3409 5155 ed.,
3433 5091 3494 5143 οὐ

1927 5185 2265 5239 κινουμενος.

1938 5309 1957 5311 _
2002 5241 2114 5311 (55)
2160 5232 2881 5311 T6_0£1n66_r._t_\’oli_tum.
2921 5229 3094 5311 )_Hac
3121 5242 3252 5311 voce
3276 5236 3498 5311 utuntur

1933 5300 2278 5368 Scitulastici.
2325 5300 2403 5360 ad
2430 5306 2841 5375 signiﬁcandum
2880 5302 3171 5375 voluntatis
3202 5300 3493 5369 objectum.

1933 5379 2049 5434 Bill.
2089 5396 2116 5430 r
2147 5378 2202 5432 ιιι
2230 5377 2371 5447 (ιιιοῄ
2408 5375 2459 5430 in
2482 5371 2816 5447 ‘volnntat_em
2845 5371 3105 5447 ceciditgo

2005 5449 2117 5535 (56)
2158 5439 2522 5512 Γεᾶνῶντος.
2578 5446 2667 5499 Sic
2715 5443 2848 5512 Reg.
2901 5457 2952 5505 ιι,
2996 5440 3212 5510 aliique.
3280 5439 3338 5495 in
3386 5439 3497 5505 ed.,

1933 5535 2301 5642 γεννῃσοντος.
2586 5588 2593 5596 _

2008 5592 2062 5658 (5
2105 5598 2120 5658 )
2159 5586 2483 5658 Δεξώμεθα.
2524 5584 2616 5658 0r.
2650 5585 2702 5658 l,
2735 5581 2885 5658 B_as.,
2912 5588 3039 5658 etc"
3076 5578 3354 5658 δεξόμεθα.

2031 5597 2120 5674 ἥἹ)
2159 5597 2483 5710 Amida/tecm.
2524 5597 2616 5667 qr.
2650 5597 2702 5646 1,
2738 5597 2885 5662 υμε..
2912 5597 3039 5643 etc.,
3076 5597 3354 5648 οεςομευα.

2008 5597 2121 5733 (58)
2161 5662 2293 5726 Φησ
2324 5698 2336 5711 .
2369 5657 2527 5711 Deest
2557 5671 2608 5709 ιιι
2648 5653 2891 5725 pluribus
2917 5649 3106 5720 Regg.,
3140 5659 3196 5705 et
3229 5647 3322 5707 ΘΓ.
3358 5647 3414 5707 1,
