3890 6214
411 296 482 352 S5
1638 305 1696 360 Β.
1731 304 2060 360 GREGORII
2100 302 2451 361 THEOLOGl
3606 303 3686 359 8}

412 413 593 481 Deus,
641 414 688 469 si
727 423 946 472 coaetus
981 424 1105 483 est;
1151 425 1206 472 et
1240 427 1456 475 coactus
1502 421 1718 488 quidem
1766 435 1870 474 non
1913 435 1948 472 at

2139 439 2164 472 ‘l.
2197 421 2309 490 (59)
2333 419 2581 490 βουλήσει
2605 419 2699 472 καὶ
2725 417 2889 489 λόγῳ.
2923 418 3062 472 Ἀλλ’
3087 417 3240 472 οὔπω
3260 417 3437 486 λέγεις
3457 415 3518 470 τὸ
3539 419 3675 474 πᾶν.

411 503 554 558 aliud
581 505 896 576 quidquam,
917 523 1079 577 quam
1113 509 1178 562 ad
1205 507 1368 580 5-28
1387 511 1511 577 hoc,
1539 517 1599 562 ut
1631 508 1770 565 Deus
1793 519 1939 565 esset

2151 511 2211 573 ὗς
2240 511 2348 582 γὰρ
2379 509 2541 580 ἔργου
2577 509 2806 580 δύναμιν
2839 508 2995 580 ἔσχεν
3028 511 3063 580 ή
3105 509 3360 580 βούλησις
3398 509 3492 561 καὶ
3531 511 3560 561 ὁ
3590 508 3687 562 λό-

411 594 710 662 Quomodo,
763 598 965 667 inquis,
1011 598 1183 654 Filius
1224 602 1442 670 genitus
1491 602 1612 656 est?
1660 601 1881 664 Verum,
1924 610 1943 654 t

2141 620 2176 666 ις
2198 619 2213 668 ;
2251 601 2373 654 Ἔτι
2399 600 2512 672 (60)
2537 599 2781 653 λείπεται
2801 598 3000 668 λέγειν.
3033 601 3106 652 Οὐ
3128 598 3238 670 γὰρ
3259 597 3430 662 οὕτως
3460 598 3677 670 ἄνθρω-

411 699 624 754 quoque
650 689 934 757 responde,
973 690 1247 759 quomodo
1269 701 1488 746 creatus
1521 691 1654 746 est?
1688 691 1982 760 siquidem,
2084 709 2204 756 πος.

413 775 609 845 utipse
637 780 861 844 asset-is,
906 792 1124 836 creatus
1154 791 1257 837 est.
1286 781 1418 836 Nam
1452 783 1504 838 id
1536 797 1752 852 quoque
1817 783 2007 838 eadem
2095 781 2411 836 diliicultnte
2471 780 2703 836 laborat.
2757 780 2914 836 Dices
2961 779 3218 840 fortasse.
3281 779 3558 834 voluntate
3615 788 3676 835 et

411 885 679 926 sermone.
709 875 778 927 At
809 874 1044 928 nondum
1074 889 1189 928 rem
1219 885 1386 929 totam
1416 877 1660 946 expedis.
1697 875 1981 942 Quomodo
2019 875 2161 928 enim
2195 875 2374 944 operis
2408 875 2514 927 vim
2581 872 2828 926 voluntas
2864 881 2920 926 et
2951 885 3132 926 sermo
3195 871 3522 927 habuerint?
3549 871 3670 928 Hoc

408 962 784 1032 explicandum
807 965 982 1020 adhuc
1011 965 1105 1020 tibi
1135 975 1403 1034 superest.
1435 967 1619 1036 Neque
1641 969 1786 1022 enim
1815 967 1978 1022 homo
2017 965 2090 1019 ita
2123 965 2440 1020 fabricatur.

477 1053 612 1112 VIII.
653 1056 931 1124 Quomodo
956 1074 1111 1130 ergo,
1142 1059 1377 1129 inquies,
1417 1063 1633 1132 genitus
1661 1062 1785 1117 est?
1818 1062 1973 1117 Haud

2151 1060 2236 1114 H'.
2281 1057 2406 1122 Πῶς
2455 1053 2548 1112 οὖν
2605 1071 2958 1128 γεγεννηται;
3005 1057 3120 1110 Οὐκ
3170 1055 3236 1110 ἂν
3269 1052 3337 1128 ἦν
3381 1056 3590 1129 μεγάλη
3637 1058 3676 1130 ἡ

407 1161 600 1216 magna
629 1157 776 1203 esset
803 1150 916 1202 haec
950 1151 1266 1220 generatio,
1295 1153 1340 1207 si
1367 1168 1397 1204 a
1429 1164 1480 1205 te
1509 1153 1714 1222 percipi
1755 1162 1940 1222 posset

2142 1153 2362 1223 ἱννησις,
2398 1153 2446 1204 ει
2494 1151 2575 1204 σοὶ
2609 1149 3084 1220 κατελαμϐάνετο,
3133 1149 3192 1214 ὃς
3239 1150 3360 1204 οὐδὲ
3387 1151 3486 1222 τήν
3537 1152 3678 1207 ἰδίαν

406 1239 600 1308 quippe
640 1239 730 1307 qui
772 1253 840 1294 ne
883 1250 1030 1294 tuam
1081 1243 1298 1310 quidem
1342 1243 1512 1308 noris,
1557 1253 1650 1298 aut
1694 1254 1842 1298 certe
1867 1244 1942 1299 exi

2142 1244 2282 1316 ιίστῃ
2308 1243 2580 1312 γέννησιν,
2613 1241 2646 1312 ἢ
2678 1240 2872 1312 μικρόν
2892 1259 2945 1294 τι
2966 1241 3168 1312 ταύτης
3196 1241 3550 1314 κατείληφας,
3577 1243 3678 1298 καὶ

405 1342 562 1398 guam
598 1331 886 1399 quamdam
920 1342 1126 1400 partem
1163 1336 1450 1404 percepisti
1478 1376 1494 1403 ,
1526 1345 1897 1406 quantumque
1929 1349 1941 1390 l

2135 1353 2203 1388 ιον
2239 1333 2471 1406 αἰσχύνῃ
2506 1333 2719 1402 λέγειν·
2755 1333 2944 1386 ἔπειτα
2976 1334 3077 1386 οῐει
3114 1333 3178 1386 τὸ
3208 1335 3316 1388 πᾶν
3350 1334 3671 1404 γινώσκειν;

406 1417 584 1471 dicere
617 1419 831 1486 pudeat.
875 1419 942 1472 Et
975 1432 1160 1488 postea
1197 1436 1318 1476 eam
1357 1423 1514 1492 plene
1563 1425 1658 1478 tibi
1701 1425 1942 1495 cognitat

2138 1427 2262 1480 ολλὰ
2302 1425 2367 1480 ἂν
2401 1425 2598 1496 κάμοις
2638 1424 2922 1496 πρότερον,
2951 1424 2985 1496 ἢ
3014 1423 3194 1496 εὕροις
3221 1425 3412 1492 λόγους
3445 1430 3674 1498 συμπή-

402 1523 525 1564 esse
553 1511 780 1566 censes?
806 1511 1034 1580 Magnus
1061 1513 1154 1568 tibi
1183 1515 1336 1570 labor
1362 1518 1515 1586 prius
1538 1518 1848 1572 subeundus
1869 1529 1938 1574 εει

2139 1536 2220 1582 κως
2239 1560 2254 1584 ,
2285 1515 2638 1589 μορφώσεως,
2655 1515 3036 1588 φανερώσεως,
3053 1516 3228 1588 ψυχῆς
3251 1517 3388 1588 πρὸς
3405 1517 3565 1588 σῶμα
3581 1519 3675 1572 δε-

402 1614 564 1670 quam
593 1611 652 1657 ut
678 1604 918 1659 rationes
947 1620 1041 1660 eas
1069 1606 1314 1660 invenias
1335 1645 1351 1672 ,
1381 1605 1580 1674 quibus
1605 1607 1935 1664 constitutus

2140 1608 2240 1673 ιὺν,
2259 1607 2350 1660 νοῦ
2369 1607 2502 1679 πρὸς
2521 1606 2720 1678 ψυχὴν,
2741 1607 2901 1676 λόγου
2925 1607 3061 1678 πρὸς
3085 1606 3233 1673 νοῦν,
3249 1608 3482 1679 κίνησιν,
3501 1607 3676 1682 αὔξη-

403 1693 702 1762 formatus,
757 1713 818 1752 ac
874 1696 1254 1754 manifestatus
1300 1699 1514 1765 fueris,
1560 1701 1758 1769 quibus
1806 1701 1939 1755 etiar

2135 1718 2188 1764 ην,
2209 1700 2415 1772 τροφῆς
2427 1699 2765 1771 ἐξομοίωσιν,
2784 1699 3057 1771 αἴσθησιν,
3077 1701 3318 1771 μνήμην,
3337 1701 3671 1772 ἀνάμνησιν,

403 1787 580 1840 anima
613 1802 736 1842 cum
769 1803 996 1858 corpore
1021 1829 1036 1855 ,
1078 1805 1230 1844 mens
1260 1805 1380 1845 cum
1412 1792 1586 1845 anima
1616 1833 1632 1859 ,
1677 1791 1816 1846 ratio
1849 1807 1936 1847 cur

2139 1791 2244 1846 ιλλα
2275 1790 2334 1858 ἐξ
2355 1786 2430 1844 ὧν
2457 1791 2814 1862 συνέστηκας’
2843 1791 2936 1844 καὶ
2959 1792 3080 1844 τίνα
3099 1792 3196 1862 μὲν
3219 1791 3314 1845 τοῦ
3339 1793 3675 1863 συναμφοτέ-

404 1889 582 1934 mente
619 1881 777 1950 quasi
821 1880 1046 1936 vinculis
1078 1882 1398 1951 quibusdam
1447 1884 1823 1952 astu-iugatur:
1863 1892 1940 1936 tur

2140 1901 2196 1949 ιυ,
2224 1883 2424 1954 ψυχῆς,
2439 1884 2533 1936 καὶ
2552 1882 2824 1953 σώματος’
2841 1883 2964 1937 τίνα
2979 1883 3034 1936 δὲ
3053 1885 3120 1937 τὰ
3140 1885 3676 1956 μεμερισμένα,τίνα

401 1971 667 2037 quomodo
699 1986 896 2042 corpus
927 1984 1230 2039 moveatur,
1261 1984 1314 2027 et
1347 1985 1630 2046 augeatur,
1669 1986 1831 2044 atque
1865 1975 1937 2029 ali

2148 1975 2183 2030 ὃ.
2206 1993 2280 2029 πα
2289 1975 2335 2045 ρ’
2361 1974 2609 2044 ἀλλήλων
2625 1973 3009 2044 λαμϐάνουσιν.
3027 1971 3129 2028 Ὧν
3152 1976 3260 2048 γὰρ
3284 1975 3410 2028 ῦστε
3421 1993 3512 2048 ρον
3531 1978 3566 2046 ὴ
3585 1993 3678 2030 τε-

402 2069 642 2114 mentum
683 2061 783 2131 ipsi
811 2063 1180 2117 assitniletur:
1212 2065 1277 2118 ad
1313 2065 1428 2119 haec
1469 2080 1587 2134 qua:
1616 2066 1688 2118 sit
1715 2079 1938 2120 sensuut

2144 2067 2313 2132 ίωσις,
2334 2065 2536 2119 τούτων
2559 2067 2608 2118 οἱ
2629 2065 2776 2134 λόγοι
2801 2065 2940 2136 μετὰ
2959 2066 3060 2136 τῆς
3081 2069 3409 2138 γεννήσεως.
3438 2068 3575 2120 Εἰπὲ
3595 2065 3680 2119 τί-

400 2157 542 2210 ratio
566 2197 580 2218 ,
610 2173 728 2226 qua:
763 2159 1034 2214 memoriae
1057 2199 1072 2224 ,
1102 2175 1221 2230 quae
1265 2159 1680 2214 reminiscentiaa
1704 2201 1720 2226 ,
1761 2174 1936 2214 rerum

2142 2177 2190 2222 ς·
2224 2159 2316 2212 καὶ
2350 2157 2486 2229 μηδὲ
2523 2159 2644 2212 τότε
2679 2157 3047 2230 φιλοσοφήσῃς
3082 2157 3194 2229 (61)
3227 2158 3362 2212 Θεοῦ
3395 2159 3673 2229 γέννησιν·

401 2260 507 2316 que
560 2258 912 2314 czeterarum,
999 2265 1064 2303 ex
1125 2251 1318 2319 quibus
1369 2263 1589 2304 conStas
1641 2268 1654 2303 :
1717 2265 1782 2305 ac
1840 2265 1937 2320 pra

2153 2248 2261 2319 γὰρ
2287 2248 2543 2316 ἀσφαλές.
2563 2248 2628 2301 Ei
2653 2246 2874 2318 μὲνγὰρ
2892 2245 2988 2318 τὴν
3013 2245 3110 2318 σὴν
3127 2248 3437 2316 γινώσκεις,
3454 2249 3515 2301 οὐ
3539 2247 3679 2302 πάν-

404 2349 547 2394 terea
581 2357 700 2408 quae
743 2340 1070 2408 conjunctim
1123 2341 1408 2410 utriusque
1452 2342 1622 2411 partis
1665 2343 1812 2410 sint,
1858 2357 1940 2411 qu:

2142 2357 2185 2403 ›ς
2217 2339 2311 2392 καὶ
2344 2343 2441 2410 τὴν
2471 2339 2566 2392 τοῦ
2594 2339 2730 2392 Θεοῦ
2752 2355 2763 2366 ·
2801 2341 2848 2392 εἰ
2875 2338 2932 2391 δὲ
2977 2338 3112 2409 μηδὲ
3136 2339 3236 2412 τὴν
3267 2339 3393 2412 σὴν,
3426 2339 3543 2402 πῶς
3573 2339 3678 2410 τὴν

401 2431 571 2484 divisa
607 2441 662 2485 et
695 2440 940 2500 separata
963 2472 976 2497 ,
1005 2446 1125 2500 quae
1163 2447 1352 2486 rursus
1383 2449 1412 2486 a
1453 2447 1512 2486 se
1553 2433 1786 2488 invicem
1833 2435 1937 2489 acci

2143 2431 2172 2484 ῦ
2202 2431 2338 2483 Θεοῦ
2363 2449 2378 2496 ;
2415 2433 2564 2501 Ὄσῳ
2589 2431 2698 2502 γὰρ
2730 2429 2862 2494 Θεὸς
2896 2429 3186 2502 ἀνθρώπου
3208 2431 3679 2504 δυστεκμαρτότε-

401 2521 568 2588 piant.
601 2520 732 2588 Quae
775 2523 918 2578 enim
970 2521 1226 2588 temporis
1259 2537 1544 2593 progressu
1583 2523 1937 2593 perfectione:

2143 2541 2173 2587 ις
2207 2524 2342 2594 (62),
2390 2523 2632 2594 τοσούτῳ
2681 2523 2775 2577 καὶ
2812 2523 2912 2593 τῆς
2954 2523 3053 2594 σῆς
3093 2525 3400 2594 γεννήσεως
3433 2523 3679 2596 ὰληπτο-

403 2631 554 2670 suam
612 2624 1040 2684 consequuntur,
1101 2630 1289 2670 eorum
1347 2625 1496 2670 certe
1549 2617 1789 2672 rationes
1848 2618 1939 2686 ips:

2146 2631 2213 2685 pa.
2242 2616 2272 2685 ἡ
2306 2613 2418 2668 ἄνω
2447 2613 2724 2683 γέννησις.
2761 2613 2825 2665 Εἰ
2853 2613 2910 2666 δὲ
2933 2613 3016 2666 ὃτι
3045 2613 3118 2683 μή
3167 2630 3250 2666 σοι
3288 2613 3675 2682 κατείληπται,

400 2705 557 2760 simul
589 2720 710 2759 eum
755 2706 1101 2776 generatione
1133 2707 1482 2762 exstiterunt.
1536 2708 1726 2772 Dicas,
1777 2706 1936 2760 velim

2142 2706 2168 2758 in
2197 2705 2356 2758 τοῦτο
2382 2705 2505 2758 οὐδὲ
2534 2704 2857 2774 γεγέννηται
2891 2704 3004 2776 (65)
3025 2747 3038 2770 ,
3072 2704 3191 2776 ὥρα
3223 2721 3306 2758 σοι
3347 2703 3524 2759 πολλὰ
3555 2705 3678 2758 δια-

400 2809 520 2869 (ιυεε
553 2797 662 2852 sint
692 2797 777 2852 hac
816 2799 1094 2864 rationes;
1148 2800 1242 2854 sed
1279 2815 1346 2853 ne
1388 2809 1496 2854 tum
1529 2801 1745 2869 quidem
1781 2801 1847 2856 de
1881 2801 1936 2854 Dt

2141 2801 2314 2868 ia'tcpew
2345 2797 2452 2851 τῶν
2484 2797 2676 2864 ὄντων,
2721 2796 2757 2850 ὃ.
2802 2797 2878 2868 μὴ
2917 2796 3276 2868 κατείληφας,
3329 2798 3425 2851 καὶ
3470 2797 3578 2868 πρό
3611 2815 3677 2864 γε

400 2891 750 2960 generatione
779 2901 1076 2960 pertracta.
1112 2888 1224 2946 Nec
1256 2893 1400 2946 enim
1429 2892 1484 2946 id
1523 2892 1766 2962 periculo
1800 2906 1936 2946 vaca;

2141 2893 2304 2945 ἱιντων
2340 2890 2450 2964 (64)
2484 2891 2573 2945 τὸν
2602 2891 2736 2946 Θεὸν
2766 2891 2958 2946 αὐτόν’
2991 2892 3054 2944 οὐ
3094 2890 3202 2962 γὰρ
3242 2891 3354 2961 (65)
3385 2893 3413 2944 ὅ
3435 2893 3490 2944 τί
3541 2891 3677 2944 ποτέ

401 2982 460 3036 Si
487 2981 628 3036 enim
657 2989 804 3034 tuam
827 2981 1132 3050 cognoscis,
1163 2995 1266 3034 non
1298 2978 1542 3048 protinus
1577 2981 1846 3048 sequitur,
1881 2977 1937 3031 De

2142 2999 2228 3035 τιν
2278 2984 2452 3035 εἰπεῖν
2475 2981 2640 3052 ἔχεις,
2686 2983 2781 3036 καὶ
2825 2984 2874 3035 εἰ
2912 2983 3033 3036 λίαν
3065 2981 3332 3054 τολμηρὸς
3380 2977 3449 3045 εὶ,
3482 2980 3578 3034 καὶ
3608 2981 3678 3034 τὰ

401 3087 618 3144 quoque
655 3073 1056 3142 generationem
1098 3069 1194 3124 tibi
1228 3069 1496 3140 cognitam
1546 3079 1596 3123 et
1639 3069 1937 3138 explorata:

2138 3070 2315 3142 εριττὰ
2362 3071 2761 3142 μεγαλόψυχος.
2813 3071 3104 3126 Κατάϐαλὲ
3153 3088 3246 3124 σου
3290 3070 3391 3135 τὰς
3438 3071 3674 3142 ρεύσεις,

403 3179 544 3220 esse.
597 3162 652 3218 Si
687 3171 868 3218 autem
921 3172 1008 3216 tua
1062 3160 1159 3217 tibi
1209 3162 1391 3230 ignota
1438 3172 1564 3228 est,
1610 3177 1718 3231 quo
1771 3163 1939 3218 tande:

2142 3163 2180 3216 t‘t
2217 3163 2316 3226 τὰς
2359 3162 2688 3234 διαιρέσεις,
2725 3163 2949 3227 καὶτὰς
2975 3161 3168 3233 τομὰς,
3206 3161 3300 3215 καὶ
3336 3161 3397 3214 τὸ
3426 3161 3504 3225 ὡς
3547 3161 3678 3232 περὶ

402 3259 564 3313 modo
603 3258 698 3312 Dei
747 3257 1026 3325 generatio
1059 3255 1156 3311 tibi
1205 3266 1332 3310 nota
1383 3255 1530 3310 erit?
1581 3253 1795 3321 Quanto
1839 3255 1938 3309 eui:

2142 3255 2338 3326 υματος
2391 3255 2723 3310 διανοεῖσθαι
2781 3258 2881 3327 τῆς
2930 3255 3224 3327 ἀσωμάτου
3280 3254 3524 3324 φύσεως·
3583 3254 3678 3308 καὶ

402 3351 671 3406 diﬂicilius
692 3360 778 3407 est
809 3350 902 3406 Dei
932 3359 1202 3416 naturam,
1235 3363 1394 3418 quam
1423 3347 1678 3411 hominis,
1709 3349 1938 3418 indagari

2138 3348 2227 3418 ἱχα
2260 3346 2326 3400 ἂν
2360 3347 2510 3411 ἄξιόν
2543 3365 2596 3401 τι
2644 3347 2986 3419 διανοηθείης
3021 3347 3154 3401 Θεοῦ
3201 3346 3311 3417 (66)
3346 3348 3674 3416 γεννήσεως.

405 3453 557 3498 tanto
587 3457 803 3514 quoque
851 3440 1122 3497 difﬁcilius
1150 3441 1354 3510 percipi
1403 3450 1582 3508 potest
1611 3454 1846 3509 superna
1893 3441 1941 3494 ill

2141 3439 2208 3502 ὦς
2260 3439 2626 3509 γεγέννηται;
2681 3439 2850 3493 Πάλιν
2899 3439 3009 3512 γὰρ
3059 3439 3120 3492 τὸ
3185 3439 3317 3492 αὐτὸ
3371 3437 3677 3508 φθέγξομαι

410 3543 467 3587 et
500 3534 679 3588 divina
707 3533 1006 3604 generatio,
1049 3547 1209 3602 quam
1243 3541 1352 3585 tua.
1390 3530 1544 3597 Quod
1577 3531 1660 3598 si,
1701 3533 1826 3600 quia
1859 3547 1946 3586 ear

2142 3532 2484 3602 ισχεραίνων·
2525 3529 2664 3584 Θεοῦ
2703 3531 2958 3602 γέννησις
3003 3533 3182 3602 σιωπῇ
3217 3529 3488 3601 τιμάσθω.
3517 3529 3678 3596 Μέγα

406 3625 712 3696 cognitione
740 3625 951 3694 assequi
1000 3625 1214 3694 nequis,
1248 3624 1451 3680 idcirco
1485 3639 1553 3678 ne
1583 3625 1824 3694 genitum
1857 3627 1942 3694 qui

2142 3641 2166 3676 ιι
2192 3624 2253 3677 τὸ
2286 3623 2496 3694 μαθεῖν,
2527 3625 2607 3677 ὅτι
2633 3624 2976 3694 γεγέννηται.
3009 3623 3084 3677 Τὸ
3106 3623 3163 3676 δὲ
3197 3625 3334 3689 πῶς,
3357 3622 3480 3675 οὐδὲ
3509 3621 3678 3689 ἀγγέ-

404 3717 528 3772 dem
562 3731 684 3772 esse
710 3717 1016 3782 contendis,
1051 3727 1261 3786 tempus
1283 3715 1394 3782 jam
1424 3715 1515 3770 tibi
1555 3716 1738 3783 fuerit,
1771 3716 1936 3770 multa

2137 3733 2220 3778 ης,
2282 3715 2357 3786 μὴ
2406 3715 2488 3768 ὅτι
2531 3731 2594 3782 γε
2659 3716 2742 3768 σοὶ
2805 3715 3006 3768 ἐννοεῖν
3052 3716 3496 3785 συγχωρήσωμεν
3538 3713 3673 3783 (67).

403 3824 526 3878 qua
553 3819 608 3862 tu
640 3808 862 3862 minime
885 3806 1194 3876 percepisti,
1234 3814 1398 3874 atque
1434 3813 1562 3858 ante
1587 3805 1772 3858 omnia
1809 3804 1939 3858 Deut

2141 3805 2272 3859 ιύλει
2332 3807 2670 3878 παραστήσω
2703 3807 2778 3873 τὸ,
2816 3806 2962 3871 πῶς;
3020 3806 3110 3870 Ὡς
3147 3801 3288 3858 οἶδεν
3337 3807 3365 3858 ὁ
3407 3807 3677 3876 γεννήσας

405 3916 623 3971 quoque
654 3902 850 3970 ipsum,
901 3915 932 3954 e
973 3913 1151 3952 rerum
1193 3907 1386 3951 natura
1437 3894 1616 3950 delere
1651 3905 1815 3965 atque
1847 3895 1941 3950 obl}

2141 3895 2303 3968 ατὴρ,
2357 3897 2454 3951 καὶ
2495 3898 2523 3948 ὁ
2563 3896 2844 3966 γεννηθεὶς
2886 3896 3046 3958 Υἱός·
3092 3896 3152 3948 τὸ
3199 3895 3258 3949 δὲ
3306 3895 3448 3966 ὑπὲρ
3478 3894 3677 3958 ταῦτα,

407 4004 607 4052 terare.
658 3991 843 4062 Neque
880 3990 1064 4054 enim,
1111 3988 1240 4058 quid
1282 3986 1496 4042 tandem
1550 3987 1652 4049 sit,
1705 3984 1943 4056 explicat

2090 3989 2244 4058 νέφει
2278 3988 2602 4058 κρύπτεται,
2631 3989 2730 4058 τὴν
2767 3989 2866 4059 σὴν
2898 3987 3188 4058 διαφεῦγον
3223 3987 3606 4058 ἀμϐλυωπίαν.

408 4100 582 4158 potes,
615 4086 910 4158 quamlibet
941 4085 1118 4140 audax
1152 4084 1250 4148 sis,
1283 4081 1530 4152 atque-iu
1567 4081 1984 4148 supervacaneis
2025 4081 2186 4137 rebus
2233 4082 2488 4137 strenuus
2530 4092 2586 4137 et
2650 4081 3044 4149 magnanimus.
3103 4079 3249 4134 Tuas
3294 4079 3416 4134 illas
3483 4077 3682 4132 ﬂuxio-

408 4200 525 4247 nes,
561 4193 616 4236 et
649 4181 972 4242 divisiones,
1007 4187 1064 4232 et
1107 4175 1374 4230 sectiones
1405 4175 1554 4244 prius
1589 4171 1781 4240 abjice,
1812 4188 1876 4228 ac
1909 4173 1976 4228 de
2010 4174 2330 4243 incorporea
2361 4174 2450 4228 illa
2477 4183 2698 4239 natura,
2725 4175 2879 4244 quasi
2943 4172 3010 4228 de
3038 4186 3324 4242 corporea,
3387 4169 3685 4241 disputare

408 4278 626 4342 desine;
666 4285 830 4346 atque
863 4274 936 4328 ita
971 4270 1202 4326 fortasse
1233 4271 1453 4340 dignum
1505 4268 1706 4338 aliquid
1741 4270 2087 4338 generatione
2131 4269 2316 4325 divina
2387 4270 2676 4341 concipere
2743 4271 2924 4324 animo
2969 4283 3158 4338 queas.
3229 4266 3512 4334 Quomodo
3578 4281 3680 4336 ge-

411 4373 561 4428 nitus
597 4369 718 4426 est?
765 4369 912 4423 idem
974 4367 1118 4420 enim
1153 4365 1587 4436 indignabundus
1652 4373 1856 4434 repeto.
1901 4364 2068 4436 529
2105 4366 2198 4421 Dei
2246 4367 2526 4436 generatio
2579 4365 2780 4422 silentii
2828 4366 3036 4420 honore
3087 4364 3392 4418 decoretur.
3449 4361 3686 4418 Abunde

408 4481 664 4538 magnum
709 4465 802 4520 tibi
831 4471 914 4519 est
949 4464 1108 4528 seire,
1141 4477 1264 4516 eum
1297 4461 1534 4532 genitum
1563 4477 1705 4517 esse.
1742 4462 1859 4530 Quo
1893 4471 2073 4518 autem
2105 4463 2266 4518 modo
2295 4464 2512 4534 genitus
2547 4464 2640 4530 sit,
2682 4479 2748 4518 ne
2814 4463 2948 4533 ipsis
3008 4462 3226 4532 quidem
3293 4458 3535 4542 angelis,
3584 4474 3684 4514 ne-

409 4566 536 4617 dum
599 4559 694 4616 tibi
744 4559 1044 4629 intelligere
1111 4559 1494 4615 concesserim.
1563 4560 1656 4614 Vis
1706 4560 1970 4615 declarem
2011 4561 2314 4631 quomodo?
2347 4560 2415 4618 Ut
2447 4560 2552 4616 scit
2596 4559 2777 4628 Pater,
2846 4561 2939 4630 qui
3005 4559 3222 4628 genuit,
3259 4567 3316 4613 et
3375 4557 3544 4612 Filius
3583 4557 3685 4626 qui

409 4654 620 4726 genitus
664 4665 768 4710 est.
815 4654 967 4721 Quod
1011 4669 1174 4723 supra
1209 4655 1324 4708 haec
1356 4663 1469 4719 est,
1511 4657 1654 4709 nube
1685 4657 1980 4727 obtegitur,
2021 4658 2297 4727 animique
2328 4659 2402 4711 tui
2435 4658 2814 4712 bebetudiuem
2847 4656 3000 4727 fugit.

479 4745 572 4800 IX.
614 4745 721 4800 Sed
758 4747 994 4816 argutari
1039 4753 1286 4815 pergunt.
1325 4746 1707 4812 Exsisteutem,
1753 4749 1836 4805 vel
1873 4765 1981 4804 non

2157 4749 2232 4804 8'.
2286 4753 2455 4805 Ὄντα
2480 4746 2572 4804 οὖν
2605 4751 2956 4822 γεγέννηκεν,
2985 4750 3018 4821 ἢ
3043 4751 3144 4804 οὐκ
3167 4750 3314 4803 ὄντα.
3357 4749 3478 4802 Τῶν
3505 4749 3683 4822 ληρη-

410 4839 762 4894 exsistentem
807 4836 994 4905 genuit
1041 4837 1218 4892 Pater.
1267 4835 1310 4892 Ο
1360 4836 1545 4894 futiles
1597 4838 1798 4910 nugas!
1858 4839 1946 4894 Hae

2146 4841 2320 4894 ατωνῑ
2363 4841 2498 4913 Περὶ
2532 4841 2634 4912 ἐμὲ
2671 4841 2762 4894 καὶ
2787 4841 2846 4894 σὲ
2879 4839 3072 4903 ταῦτα,
3105 4840 3154 4892 οἳ
3197 4839 3260 4892 τὸ
3289 4839 3386 4910 μὲν
3421 4857 3474 4891 τι
3511 4833 3682 4909 ἦμεν,

411 4931 552 4983 enim
584 4929 717 4984 mihi
759 4945 824 4984 ac
866 4929 962 4983 tibi
995 4929 1344 4996 conveniunt,
1371 4931 1462 4997 qui
1495 4931 1693 4998 partim
1727 4947 1947 4986 eramus

2149 4949 2285 5004 σπερ
2311 4935 2368 4986 ὲν
2396 4935 2462 5003 τῇ
2495 4931 2658 5001 ὀσφύϊ
2689 4930 2781 4985 τοῦ
2821 4931 3094 5002 Ἀϐραὰμ,
3117 4933 3146 4985 ὁ
3165 4930 3296 4985 Λευῒ
3315 4949 3329 4962 ο
3357 4929 3418 4983 τὸ
3439 4929 3496 4982 δὲ
3520 4930 3685 4998 γεγό-

414 5033 472 5076 ut
496 5021 628 5076 Levi
657 5019 770 5085 ille,
819 5020 872 5074 in
905 5019 1106 5075 lumbis
1136 5021 1366 5076 Abraba:
1391 5022 1454 5088 ”,
1488 5021 1684 5091 partim
1717 5035 1950 5092 procrea‘

2147 5040 2284 5076 ιαεν.
2323 5023 2485 5076 Ὥστε
2511 5023 2568 5088 ἐξ
2600 5022 2790 5084 ὄντων,
2815 5021 3013 5074 τοόπον
3040 5019 3162 5074 τινὰ
3186 5021 3247 5074 τὸ
3272 5021 3562 5092 ἡμέτερον,
3586 5019 3683 5072 καὶ

483 5132 528 5162 ¹²
567 5131 732 5186 Hebr.
766 5147 862 5194 vn,
890 5129 959 5186 10
987 5146 1106 5201 sqq.

483 5225 596 5296 (59)
639 5227 779 5280 Ὅτι.
821 5229 982 5280 Deest
1024 5227 1076 5280 in
1107 5226 1199 5282 0r.
1236 5228 1288 5294 Ι,
1323 5228 1552 5296 aliisque
1586 5229 1848 5297 pluribus,

2176 5227 2290 5297 (65)
2321 5227 2476 5297 Οὐδὲ
2503 5225 2873 5297 γεγέννηται.
2899 5224 3123 5294 Nempe,
3145 5223 3463 5297 irpFilinsq

484 5293 596 5369 (tiu)
630 5297 783 5369 Ἔτι.
819 5298 910 5351 Sic
955 5309 1064 5369 tres
1099 5293 1290 5369 lic-33.,
1337 5293 1784 5368 quinque—Coll»,
1811 5295 1905 5353 0r.
1938 5301 1989 5365 l,

2175 5293 2288 5369 (ϐξ)
2327 5293 2595 5369 Πάντων.
2615 5293 2756 5369 Reg.
2787 5313 2838 5362 a,
2864 5293 3102 5369 quinque
3122 5295 3304 5369 ςςοιυη
3327 5293 3599 5348 ἁπάντων.

413 5378 466 5420 et
491 5367 681 5438 Comi).
707 5366 763 5418 In
793 5369 905 5430 ed.,
941 5367 1000 5438 ἓν
1030 5385 1105 5420 τι.
1181 5365 1238 5369 θ’
1355 5365 1368 5367 “
1486 5365 1504 5368 “

2174 5365 2286 5438 (65)
2321 5371 2404 5420 Οὺ
2439 5367 2572 5438 γάρ.
2604 5365 2794 5422 Plures
2839 5365 3026 5438 codd.,
3043 5365 3174 5438 οὐδὲ
3197 5365 3324 5438 γάρ.

657 5437 1108 5511 φιλοσρρήσῃς.
1187 5439 1315 5508 Reg.
1401 5453 1510 5504 Dm,
1589 5441 1988 5511 φιλοσοφήσεις.

1589 5441 1988 5511 φιλοσοφήσεις.
2327 5435 2494 5492 Θεοῦ.
2523 5437 2736 5511 Co_mb.,
2778 5435 3091 5511 περὶ-Θεοῦ.

485 5455 598 5507 (οι)
657 5455 1108 5506 ψιλοσορησῃς.
1188 5455 1315 5508 tieg.
1401 5455 1510 5504 nm,
1589 5455 1946 5511 φιλοσοφησευ

410 5503 591 5580 0131,
619 5506 1019 5578 φιλοσοφήσας.
1053 5579 1057 5580 ν
1871 5578 1902 5580 Α

2173 5455 2286 5580 (ου)
2327 5455 2494 5492 crs-av.
2523 5455 2736 5500 homo,
2778 5455 2908 5511 περι
2936 5455 3092 5490 υεου.

2198 5507 2289 5580 67)
2331 5507 2840 5576 Συγχωρήσωμεν.
2864 5578 2878 5580 Α
2907 5509 3026 5562 Duo
3075 5506 3254 5580 ᾕρεε.
3277 5545 3292 5569 ,
3327 5502 3474 5580 λοι-,ί
3501 5506 3524 5561 Ι
3554 5511 3678 5580 .___et

487 5576 601 5646 (62)
635 5574 1251 5651 Δυστεπμίῳτότερος.
1299 5599 1322 5630 ι(
1353 5580 1565 5651 Quanto
1613 5583 1756 5636 enim
1803 5578 1992 5636 diﬂici-

2141 5574 2316 5644 ιυίυυζ,
2366 5574 2812 5651 συγχωρήσομεν.
2859 5578 3036 5651 Locus
3073 5574 3274 5651 iste'jn
3454 5574 3677 5651 Ιειιιὶἱες

415 5643 520 5721 lius
548 5643 634 5702 ρει
662 5649 829 5702 Deum
865 5643 962 5717 per
991 5643 1254 5717 quasdam
1301 5643 1663 5721 conjecturas,
1690 5668 1848 5721 quam
1895 5651 1951 5708 lit

2152 5664 2210 5702 uc
2249 5643 2501 5717 pluribus
2527 5643 2871 5719 sic'legitur:
2914 5649 3035 5702 οὐδὲ
3076 5647 3325 5716 ἀγγέλοις
3352 5649 3568 5709 ἐννοεῖν,
3604 5643 3688 5716 μὴ

419 5719 614 5773 minem
643 5721 1122 5790 tomprebcndere.
1154 5740 1177 5774 ι
1215 5731 1321 5775 etc.
1403 5719 1409 5720 “
1651 5719 1658 5721 ⁷
1707 5719 1721 5721 “

1651 5719 1658 5721 ⁷
1707 5719 1721 5721 “
2103 5722 2182 5774 ὅτι
2223 5721 2286 5789 γέ
2329 5737 2408 5772 σοι
2439 5723 2576 5773 νοεῖν
2617 5721 3063 5792 συγχωρήσομεν·
