3890 6214
238 295 309 354 85
1269 288 1531 357 ORATIO
1566 298 1754 358 XXIX.

1957 304 2342 364 HEOLOGICA
2381 306 2471 361 Ill.
3423 303 3493 363 86

235 409 341 463 οὐκ
375 410 577 465 ὄντων·
615 412 872 477 ἐναντίως
905 414 1032 485 περὶ
1068 414 1166 486 τὴν
1193 416 1488 489 ἀρχέγονον
1520 418 1652 491 ὕλην
1691 422 1771 474 ὑπι

1958 441 2148 493 umus;
2187 442 2252 481 ac
2295 426 2523 498 proinde
2554 423 2751 496 partim
2794 438 2859 480 ex
2904 423 3141 483 entibus.
3184 421 3379 492 partim
3425 436 3492 476 ex

240 503 447 554 στᾶσαν
478 503 663 572 σαφῶς
705 504 762 571 ἐξ
787 506 887 558 οὐκ
910 506 1098 569 ὄντων,
1130 507 1231 561 κάν
1268 526 1411 572 τινες
1450 510 1560 583 (68)
1594 511 1776 580 ἀγένντ

1960 532 2028 570 οη
2061 518 2281 573 entibus
2318 532 2501 573 sumus
2533 534 2546 571 :
2578 526 2768 571 contra
2799 529 2961 585 quam
2990 514 3043 568 in
3076 513 3370 584 primigena
3404 512 3493 565 illa

235 607 329 643 τον
369 590 480 662 (69)
511 593 941 649 ἀναπλάττωσιν.
1011 595 1274 650 Ἐνταῦθα
1316 599 1372 651 δὲ
1414 601 1711 673 σύνδρομον
1744 621 1771 656 τ

1962 609 2149 663 ιειρτίθ
2182 609 2398 673 accidit,
2424 622 2544 678 quae
2578 606 2724 662 haud
2752 607 2916 663 dubie
2958 622 3025 662 ex
3076 620 3180 660 non
3207 611 3333 660 ente
3365 617 3494 674 pro-

237 679 380 737 εἷναι
403 684 466 737 τὸ
494 686 853 756 γεγεννῆσθαι
879 687 1014 758 (70),
1045 690 1140 743 καὶ
1169 690 1264 742 ἀπ’
1295 692 1490 762 ἀρχῆς.
1522 694 1683 747 Ὥστε
1717 713 1773 749 πε

1958 708 2102 754 reata
2156 710 2272 765 est,
2319 710 2592 771 utcunque
2624 714 2742 754 eam
2789 699 3030 753 nonnulli
3072 706 3329 752 aeternam
3372 709 3491 751 esse

236 774 428 846 θήσεις
461 777 574 845 (71)
602 777 663 830 τὸ
692 779 1080 849 ἀμφίκρημνον
1102 780 1261 834 τοῦτο
1287 783 1580 856 ἐρώτημα;
1619 787 1683 838 Τί
1714 787 1772 856 γό

1956 791 2244 862 onﬁngant.
2272 796 2339 846 At
2370 794 2455 846 hic
2488 793 2760 863 generatio
2790 806 2912 846 cum
2943 789 3179 846 essentia
3213 789 3326 859 ipsa
3358 802 3492 843 eon-

236 866 330 920 τοῦ
357 869 451 920 ἀπ’
483 869 657 939 ἀρχῆς
683 869 1069 942 πρεσϐύτερον,
1119 873 1186 926 ἵν’
1214 874 1332 927 ἐκεῖ
1360 874 1542 946 Θῶμεν
1586 877 1644 930 τὸ
1683 873 1772 932 εἷνι

1956 883 2110 947 ιιιϊίι,
2139 891 2301 953 atque
2332 899 2360 937 a
2397 883 2665 953 principio
2695 883 2924 939 exstitit.
2966 880 3065 935 Ubi
3119 894 3251 950 ergo
3289 893 3490 947 anceps

236 976 369 1012 ποτε
398 958 493 1011 τοῦ
520 959 673 1026 Υίοῦ,
710 961 743 1033 ἢ
771 961 832 1013 τὸ
879 962 954 1034 μὴ
987 959 1164 1030 silvai;
1211 967 1557 1040 Ἀμφοτέρως
1599 970 1708 1041 γὰρ
1739 989 1772 1024 τι

1955 971 2054 1026 ξιιιά
2091 981 2260 1036 tuum,
2314 982 2476 1041 atque
2526 972 2777 1042 utrinque
2827 984 3065 1040 praeceps
3113 978 3491 1038 argumentum

233 1047 338 1102 ἀπ’
368 1047 579 1117 ἀρχῆς,
612 1050 938 1121 λυθήσεται·
967 1055 1015 1106 εί
1043 1056 1117 1125 μή
1153 1073 1233 1109 σοι
1253 1057 1346 1110 καὶ
1367 1060 1394 1111 ό
1426 1061 1635 1132 Πατὴρ,
1660 1063 1766 1116 πάλ

1959 1060 2123 1115 ones?
2157 1060 2297 1127 Quid
2332 1062 2475 1115 enim
2510 1076 2596 1124 eo,
2628 1061 2769 1130 quod
2802 1076 2831 1112 a
2875 1058 3141 1129 principio
3179 1066 3316 1123 erat,
3348 1056 3491 1111 anti-

233 1139 565 1209 ὲρωτώντων
590 1142 767 1214 ἡμῶν,
805 1144 864 1209 ἐξ
898 1144 1087 1209 ὄντων,
1122 1147 1155 1217 ἢ
1185 1146 1245 1212 ἐξ
1273 1151 1372 1202 οὐκ
1404 1149 1593 1215 ὄντων,
1638 1153 1769 1206 κινδι

1961 1152 2079 1205 nius
2122 1166 2242 1207 esse
2281 1161 2479 1221 potest,
2531 1162 2589 1206 ιιι
2628 1152 2736 1207 illic
2773 1161 2986 1222 tempus
3019 1149 3368 1212 collocemus,
3405 1147 3490 1203 vel

232 1231 530 1304 νεύσειενῆ
560 1233 641 1299 δίς
673 1232 832 1301 εἶναι,
869 1237 897 1289 ὃ
930 1238 1028 1308 μὲν
1050 1238 1254 1309 προὼν,
1287 1240 1315 1293 ὂ
1347 1241 1404 1293 δὲ
1433 1241 1526 1303 ὢν,
1562 1243 1594 1314 ἦ
1624 1245 1768 1297 ταυτὲ

1959 1257 2027 1296 no
2070 1252 2185 1297 erat
2240 1242 2427 1305 Filius,
2465 1244 2551 1298 vel
2583 1257 2688 1311 quo
2732 1257 2835 1297 non
2866 1241 3017 1297 erat?
3062 1240 3303 1311 Utroque
3344 1238 3488 1294 enim

228 1321 312 1392 τῷ
352 1324 467 1395 Υἱῷ
507 1326 722 1391 παθεῖν,
755 1329 813 1395 ἐξ
849 1332 947 1382 οὐκ
982 1330 1150 1384 ὄντων
1184 1327 1343 1399 εἶναι,
1374 1333 1465 1386 διὰ
1499 1335 1565 1388 τὰ
1601 1336 1668 1390 σά
1710 1339 1764 1391 τι]

1952 1334 2080 1387 ,ιοιιο
2118 1334 2277 1399 illttd,
2324 1352 2356 1388 a
2408 1336 2686 1403 principio,
2725 1334 3045 1389 dissolvetur
3072 1344 3127 1387 et
3174 1339 3488 1396 evertetur,

232 1414 607 1487 ἐρωτημάτων
638 1419 883 1487 παίγνια,
913 1422 1006 1475 καὶ
1036 1423 1136 1486 τὰς
1163 1424 1499 1497 ὲκοψάμμων
1526 1428 1636 1500 (72)
1661 1431 1768 1483 οίκι

1960 1425 2023 1480 isi
2055 1423 2196 1480 forte
2221 1427 2312 1480 tibi
2337 1441 2548 1496 quoque
2571 1425 2749 1490 Pater,
2777 1424 3259 1496 percunctantibus
3300 1438 3491 1479 rursus

230 1504 422 1576 δομάς,
455 1509 510 1562 αἲ
553 1510 686 1580 μηδὲ
718 1510 914 1584 αὔραις
953 1513 1215 1569 ἵστανται.
1256 1516 1398 1585 Ἐγὼ
1431 1519 1527 1589 μὲν
1572 1516 1665 1574 οὖν
1698 1523 1766 1575 of»

1955 1518 2093 1582 obis,
2139 1532 2202 1572 ex
2251 1519 2562 1582 entibusne,
2609 1532 2679 1572 an
2716 1533 2780 1574 ex
2835 1533 2942 1572 non
2983 1518 3197 1573 entibus
3249 1516 3354 1583 sit,
3402 1515 3489 1570 bis

233 1597 422 1671 έτερον
459 1601 663 1656 τούτων
696 1603 942 1676 δέχομαι,
987 1607 1079 1659 καὶ
1107 1608 1204 1679 τὴν
1257 1608 1524 1681 ὲρὼτησίν
1578 1630 1721 1684 φημι
1758 1633 1769 1647 ι

1953 1623 2036 1662 sse
2073 1608 2425 1677 periclitetur,
2459 1608 2594 1662 alter
2627 1608 2880 1663 nimirum
2921 1609 3320 1679 pmexsistens,
3353 1605 3489 1661 alter

228 1690 432 1746 ἄτοπον
464 1692 631 1763 ἔχειν,
675 1696 795 1766 οὐχὶ
835 1697 894 1749 τὸ
923 1698 1124 1770 ἄπορον
1152 1700 1250 1769 τὴν
1279 1702 1606 1773 ἀπάντησιν.
1650 1706 1713 1758 Et
1758 1709 1764 1754 t‘

1956 1700 2222 1769 ssistens;
2258 1709 2351 1755 aut
2380 1712 2529 1756 certe
2572 1710 2790 1770 propter
2827 1700 3063 1755 ludicras
3096 1710 3217 1755 tuas
3259 1700 3492 1753 interro-

234 1784 319 1835 σοὶ
353 1785 464 1849 (75)
494 1787 742 1855 φαίνεται
802 1791 1096 1858 ἀναγκαῖον
1156 1787 1294 1847 εἶναι
1350 1795 1409 1848 τὸ
1447 1771 1631 1869 ἕτερον
1680 1799 1770 1851 ἀλτ

1953 1794 2181 1861 ationes,
2216 1803 2376 1864 atque
2406 1809 2470 1847 ex
2522 1808 2685 1848 arena
2722 1800 3065 1849 constructas
3110 1792 3320 1858 domos,
3368 1804 3489 1860 quae

227 1873 410 1929 θεύειν
434 1879 525 1932 ἐπὶ
546 1881 765 1945 παντὸς,
804 1883 943 1936 κατὰ
972 1884 1069 1949 τὰς
1105 1886 1203 1950 σὰς
1232 1887 1580 1953 διαλεκτικὰς
1616 1891 1763 1944 ὑπολι

1948 1899 1984 1939 e
2027 1884 2233 1940 levibus
2274 1885 2488 1953 quidem
2520 1886 2694 1940 ventis
2745 1884 3001 1940 resistere
3051 1893 3298 1953 possunt,
3348 1883 3484 1937 idem

225 1966 374 2038 ψεις,
416 1970 565 2037 δέξαι
618 1972 717 2044 μού
757 1991 808 2027 τι
855 1976 1049 2049 μικρὸν
1079 1978 1376 2050 ἐρώτημα⁹
1433 1982 1490 2034 'O
1531 1983 1720 2052 χρόνος
1754 1986 1761 2034 t‘

1949 1975 1982 2043 i,
2022 1976 2165 2046 quod
2211 1976 2366 2041 Filio,
2407 1976 2650 2042 accidat,
2687 1978 2787 2031 hoc
2836 1984 2950 2040 est,
2982 1990 3048 2030 ex
3084 1989 3191 2030 non
3238 1982 3361 2029 ente
3395 1975 3485 2028 sit.

225 2060 429 2133 χρόνῳ,
472 2064 503 2134 ἦ
536 2066 635 2119 οὐκ
679 2067 736 2119 ὲν
769 2069 977 2140 χρόνῳ;
1006 2071 1069 2123 Ei
1119 2072 1216 2141 μὲν
1248 2068 1339 2126 οὖν
1377 2076 1434 2126 ὲν
1482 2075 1676 2146 χρόνῳ,
1707 2075 1760 2128 τί

1950 2069 2024 2140 ﬁgo
2066 2068 2284 2137 quidem
2326 2078 2573 2122 neutrum
2606 2069 2796 2122 horum
2826 2067 3075 2131 admitto,
3106 2066 3486 2137 quaestionem-

225 2154 431 2225 τούτῳ;
470 2157 563 2209 καὶ
580 2158 634 2210 τί
652 2160 800 2229 παρά
823 2160 1009 2215 τοῦτον
1033 2161 1178 2229 δντι;
1211 2164 1305 2217 καὶ
1328 2164 1446 2228 πῶς
1469 2166 1756 2238 περιέχοντ

1952 2174 2016 2214 ne
2064 2161 2205 2214 hanc
2258 2170 2404 2214 tuam
2456 2159 2805 2214 absurditatis
2854 2158 3117 2222 multum,
3159 2156 3488 2212 dillicultatis

224 2244 291 2296 Εί
320 2244 378 2297 δὲ
413 2247 513 2299 οὐκ
533 2248 589 2298 ὲν
619 2249 814 2320 χρόνῳ,
836 2251 919 2313 τίς
945 2252 978 2322 ἡ
1006 2253 1229 2322 περιττὴ
1264 2255 1441 2321 σοφία,
1476 2257 1664 2326 χρόνον
1697 2261 1760 2311 είς

1953 2253 2049 2307 ihil
2082 2252 2278 2307 habere
2308 2252 2414 2307 aio.
2444 2250 2594 2319 Quod
2627 2252 2671 2305 si
2716 2261 2771 2307 tu
2806 2253 2962 2321 juxta
3006 2260 3129 2307 tuas
3176 2251 3489 2306 dialecticas

224 2336 383 2404 ἀγειν
404 2337 674 2408 “ἄχρονον;
710 2340 816 2393 Τοῦ
860 2341 939 2405 δὲ,
973 2344 1102 2397 Νῦν
1137 2343 1251 2414 ἐγὼ
1288 2347 1604 2415 ψεύδομαι,
1633 2349 1721 2413 δὸς
1750 2369 1760 2383 ·

1949 2345 2204 2401 ententias
2247 2345 2299 2399 in
2343 2344 2494 2399 omni
2542 2354 2862 2414 argumento
2906 2346 3223 2399 alterutram
3277 2342 3485 2413 disiun-

222 2424 435 2495 ἕτερον,
479 2429 512 2500 ἦ
562 2429 918 2500 ἀληθεύεσθαι
955 2434 1068 2504 (74)
1098 2435 1276 2505 μόνον,
1321 2438 1353 2509 ἦ
1398 2439 1758 2509 ψεύδεσθαι·‹

1949 2437 2150 2491 tionum
2193 2451 2375 2491 veram
2437 2450 2559 2492 esse
2603 2445 2856 2504 oportere
2900 2437 3212 2500 existimas,
3262 2450 3485 2505 parvam

222 2515 336 2604 γὰρ
364 2519 649 2592 ἀμφότερα
679 2521 941 2593 δώσομεν.
984 2525 1121 2579 Ἀλλ’
1148 2528 1246 2580 οὐκ
1271 2527 1562 2598 ἐνδέχεται.
1602 2532 1672 2583 Ἦ
1699 2531 1758 2600 γὲ

1952 2529 2194 2581 namdam
2226 2526 2799 2598 interrogatiunculam
2832 2541 2863 2580 a
2893 2542 2980 2581 me
3011 2527 3218 2595 accipe.
3249 2524 3488 2596 Tempus

220 2603 554 2675 ψευδόμενος
594 2609 903 2680 ἀληθεύσει,
949 2613 980 2684 ἢ
1019 2614 1295 2685 ἀληθεύων
1337 2617 1628 2686 ψεύσεται·
1658 2624 1756 2675 πᾶς

1952 2627 2070 2674 stne
2115 2620 2169 2674 in
2206 2627 2466 2688 tempore,
2498 2619 2713 2674 annon?
2759 2617 2814 2674 Si
2852 2618 2905 2672 in
2945 2628 3202 2687 tempore,
3233 2630 3340 2686 quo
3369 2626 3488 2670 tan-

220 2697 460 2768 ἀνάγκη.
497 2701 561 2753 Τί
606 2698 697 2754 οὖν
727 2702 1058 2774 θαυμαστὸν,
1095 2706 1283 2780 ὥσπερ
1311 2708 1545 2764 ἐνταῦθα
1572 2713 1753 2783 συμῦα

1947 2709 2065 2764 em?
2097 2709 2344 2779 Quidque
2394 2724 2558 2779 supra
2598 2709 2701 2765 hoc
2735 2708 3067 2764 exsistente?
3101 2708 3179 2763 Ac
3213 2707 3483 2777 quomodo

219 2806 303 2843 νει
338 2792 407 2843 τὰ
445 2794 681 2858 ἐναντία,
716 2794 888 2859 οὕτως
933 2797 1111 2851 ἐκεῖσε
1163 2799 1449 2871 ἀμφότερα
1493 2801 1755 2870 ψεύδεσθα

1947 2814 2015 2854 oc
2060 2798 2410 2854 continente?
2455 2798 2513 2854 Si
2573 2807 2752 2852 autem
2804 2813 2907 2853 non
2959 2797 3012 2851 in
3054 2805 3313 2865 tempore,
3363 2809 3483 2865 quae

221 2883 320 2936 καὶ
347 2884 492 2938 οὕτω
526 2904 605 2939 σοι
653 2890 714 2940 τὸ
764 2889 925 2958 σοφὸν
958 2891 1162 2960 ἠλίθιον
1205 2893 1654 2964 ἀναφανήσεταις
1709 2898 1757 2949 Ἶ

1946 2906 2021 2946 acc
2050 2889 2252 2945 eximia
2283 2890 2571 2958 sapientia,
2606 2899 2817 2958 tempus
2867 2888 3124 2959 temporis
3161 2901 3357 2957 expers
3397 2887 3481 2940 in-

222 2974 306 3027 ἔτι
333 2993 425 3045 μοι
445 2976 603 3031 λύσον
631 2979 736 3033 τῶν
758 2983 1125 3061 αἰνιγμάτων·
1155 2983 1374 3053 Σεαυτῷ
1400 2985 1456 3038 δὲ
1486 2988 1758 3058 γεννωμὲν

1946 2984 2146 3037 ucere?
2191 2985 2321 3053 Age,
2357 2983 2516 3053 hujus
2568 2983 2857 3046 serm0nis,
2898 2980 3053 3034 Nunc
3084 2995 3178 3049 ego
3233 2980 3480 3044 mentior,

220 3068 439 3138 παρῆςς
469 3070 634 3139 πάρει
665 3071 723 3123 δὲ
752 3072 880 3137 νῡν;
918 3074 949 3144 ἢ
981 3074 1288 3145 ούδέτερον;
1329 3077 1389 3128 Εἰ
1434 3076 1533 3146 μὲν
1571 3078 1679 3149 γὰρ
1710 3097 1756 3133 ut

1936 3079 1971 3129 la
2006 3076 2256 3138 alterum,
2297 3084 2389 3130 aut
2419 3076 2679 3129 duntaxat
2713 3088 2894 3127 verum
2929 3087 3074 3136 esse,
3099 3081 3195 3126 aut
3236 3071 3429 3127 falsum
3457 3088 3472 3126 :

218 3159 429 3229 παρῆς,
476 3162 569 3214 καὶ
598 3164 783 3234 πάρει,
818 3164 894 3227 ὡς
923 3165 1028 3232 τίς,
1066 3166 1161 3219 καὶ
1197 3167 1334 3230 τίνι;
1364 3168 1457 3220 καὶ
1502 3169 1618 3231 πῶς
1655 3172 1683 3223 ὁ
1724 3168 1754 3223 ε

1945 3184 2011 3222 οη
2058 3170 2200 3223 enim
2249 3176 2539 3236 utrumque
2587 3166 2857 3219 dabimus.
2902 3164 3061 3234 Atqui
3114 3163 3263 3218 nullo
3321 3162 3479 3218 modo

218 3252 392 3322 ἄμφω
434 3254 722 3322 γεγόνατε;
764 3257 827 3309 Ei
885 3256 942 3309 δὲ
996 3256 1289 3329 μηδέτερον
1335 3259 1441 3312 τῶν
1477 3261 1596 3331 είρη
1606 3261 1752 3331 μένω

1938 3274 2008 3314 oc
2055 3258 2171 3314 ﬁeri
2203 3266 2397 3327 potest.
2441 3254 2535 3310 Vel
2574 3256 2714 3310 enim
2750 3255 3019 3309 mentiens
3070 3267 3254 3309 verum
3301 3251 3474 3317 dicet,

217 3343 340 3405 πῶς
379 3345 602 3398 σεαυτοῦ
643 3346 757 3414 (75)
796 3346 1028 3420 χωρίζη;
1061 3349 1154 3400 καὶ
1185 3349 1269 3411 τίς
1310 3351 1341 3418 ἡ
1376 3350 1523 3404 αἰτία
1571 3350 1672 3421 τῆς
1694 3351 1753 3405 διε

1944 3353 1989 3405 el
2036 3350 2324 3405 mentietur
2369 3360 2556 3402 verum
2618 3347 2824 3401 dicens.
2876 3346 2949 3399 lta
2995 3358 3215 3413 prorsus
3259 3357 3480 3398 necesse

215 3435 456 3504 ζεύξεως
485 3437 628 3509 (76);
669 3437 808 3491 Ἀλλ’
833 3439 1154 3494 ἀπαίδευτον
1177 3441 1238 3494 τὸ
1264 3441 1373 3513 (77)
1401 3443 1529 3513 περὶ
1554 3442 1649 3496 τοῦ
1669 3443 1751 3496 ὲνδ

1946 3452 2009 3499 st.
2035 3441 2172 3508 Quid
2204 3441 2368 3509 igitur
2393 3439 2613 3501 mirum,
2650 3434 3178 3504 siqucmadmodum
3221 3434 3311 3490 hic
3349 3448 3482 3488 con-

214 3528 266 3579 εί
310 3526 488 3597 ἑαυτῷ
530 3528 815 3599 πάρεστιν,
848 3529 881 3582 il
934 3530 1028 3601 wh,
1072 3531 1569 3603 πολυπραγμονεῖν.
1620 3532 1750 3587 Ταῦσ

1943 3534 2077 3587 raria
2113 3539 2470 3594 concurrunt,
2523 3530 2595 3582 ita
2639 3529 2803 3583 etiam
2857 3527 2967 3582 illic
3019 3535 3246 3595 utraque
3286 3539 3413 3595 pars
3447 3540 3479 3579 a

213 3617 327 3689 γὰρ
356 3618 444 3671 ἐπ’
469 3618 663 3685 ἄλλων,
687 3622 782 3690 οὐχ
805 3620 998 3674 ἑαυτοῦ
1028 3622 1265 3691 λέγεται.
1304 3624 1747 3697 Ἀπαιδευτότερο

1944 3641 2037 3679 ero
2078 3624 2313 3687 aberret,
2344 3632 2505 3692 atque
2552 3621 2627 3676 ita
2677 3620 2872 3674 scitum
2926 3617 3053 3672 iHud
3102 3627 3157 3672 et
3205 3618 3477 3671 eruditum

213 3703 275 3760 εὖ
305 3708 435 3773 ἴσθι,
465 3710 528 3762 τὸ
563 3711 657 3763 ἀπ’
696 3712 870 3782 ἀρχῆς
902 3713 1297 3783 γεγεννημένον
1328 3713 1462 3784 (78),
1504 3716 1552 3767 εί
1589 3710 1658 3785 ἦν
1696 3734 1749 3786 π(

1941 3729 2058 3768 unm
2118 3720 2493 3781 argumentum
2540 3709 2764 3764 stultum
2817 3716 2980 3778 atque
3030 3708 3477 3778 ineptum‘appa-

214 3800 315 3869 τῆς
350 3802 678 3871 γεννήσεως,
721 3802 754 3871 ἢ
800 3803 898 3856 ούκ
924 3799 1013 3874 ἦν,
1055 3803 1445 3860 διευθύνεσθαι.
1483 3801 1650 3870 Οὗτος
1691 3807 1750 3876 γδ

1938 3800 2060 3857 eat?
2090 3801 2168 3855 Ac
2209 3799 2366 3853 velim
2434 3798 2566 3852 Inibi
2621 3799 2724 3852 boc
2771 3798 2935 3853 etiam
2985 3797 3213 3866 aenigma
3259 3796 3474 3852 solvas:

215 3891 349 3961 περὶ
374 3891 484 3945 τῶν
513 3893 691 3963 χρόνῳ
717 3893 1002 3964 διαιρετῶν
1033 3897 1062 3947 ὁ
1088 3895 1262 3963 λόγος.

1942 3892 2185 3947 .derasne
2226 3889 2321 3943 tibi
2365 3904 2485 3944 cum
2522 3888 2858 3958 gignereris?
2897 3886 3110 3942 Adesue
3137 3887 3302 3942 etiam
3334 3899 3478 3940 nunc

218 3983 353 4039 tibi?
384 3988 463 4039 An
510 3997 759 4041 neutrum
805 3988 967 4059 53o
1008 3990 1240 4045 horum?
1284 3990 1339 4044 Si
1391 3991 1533 4045 enim
1581 3992 1796 4057 aderas,
1834 3998 1889 4048 et
1919 3991 2068 4055 ades,
2099 3986 2346 4057 quisnam
2381 3984 2617 4050 tandem,
2644 3993 2700 4040 et
2746 3983 2885 4039 cui?
2925 3983 2993 4037 Et
3031 3982 3300 4053 quomodo
3336 3996 3479 4036 unus

215 4079 328 4135 duo
370 4079 596 4137 en‘cctus
637 4084 737 4138 es?
776 4085 834 4139 Si
884 4096 1060 4139 autem
1122 4095 1373 4141 neutrum
1432 4088 1625 4142 borum
1674 4102 1793 4156 quae
1856 4086 2111 4147 diximus,
2187 4080 2468 4151 quomodo-
2522 4094 2551 4133 a
2600 4080 2769 4149 teipso
2837 4077 3200 4149 disjungeris?
3243 4078 3310 4133 Et
3357 4091 3480 4149 quae

221 4170 604 4239 disjunctionis
671 4172 898 4242 hujusce
935 4175 1138 4230 causa?
1212 4175 1316 4231 Sed
1388 4177 1630 4246 ineptum
1701 4187 1814 4243 est,
1877 4175 2124 4244 inquies,
2204 4184 2327 4225 cum
2391 4168 2458 4223 de
2517 4182 2641 4223 uno
2690 4168 3009 4236 disputatur,
3074 4166 3283 4221 adsitne
3337 4167 3474 4222 sibi.

221 4279 416 4331 necne,
452 4269 719 4324 curiosius
762 4270 1056 4338 inquirere.
1088 4270 1212 4327 Haec
1272 4274 1414 4326 enim
1445 4278 1511 4328 de
1542 4273 1683 4338 aliis,
1731 4289 1839 4329 non
1877 4272 1946 4328 de
2007 4273 2187 4341 seipso
2233 4267 2503 4321 dicuntur.
2548 4264 2805 4335 Ineptias,
2850 4262 3194 4327 mihicrede,
3239 4271 3348 4328 est,
3397 4264 3473 4327 id,

218 4360 363 4425 quod
404 4374 434 4409 a
511 4360 774 4428 principio
826 4371 978 4428 erat,
1031 4374 1211 4417 utrum
1260 4374 1385 4419 ante
1433 4365 1844 4435 generationem
1917 4371 2063 4428 erat,
2117 4374 2318 4427 necne,
2371 4359 2426 4413 in
2488 4357 2841 4427 quaestionem
2891 4369 3105 4412 vocare.
3150 4354 3277 4411 Haec
3330 4355 3477 4411 enim

216 4450 513 4516 disputatio
549 4448 617 4503 iis
647 4451 861 4505 demum
901 4453 1174 4518 convenit,
1205 4469 1324 4524 quae
1354 4464 1593 4525 tempore
1626 4455 1792 4511 dividi
1833 4464 2076 4526 possunt.

290 4562 346 4616 l'.
403 4559 541 4612 Ἀλλ’
572 4560 633 4613 ού
654 4561 870 4622 ταυτὸν,
902 4564 1055 4635 φησὶ,
1078 4565 1139 4617 τὸ
1165 4565 1457 4637 ἀγέννητον
1481 4565 1576 4620 καὶ
1601 4566 1660 4619 τὸ
1682 4583 1801 4635 γεν-

1975 4563 2043 4617 Χ.
2079 4564 2150 4618 At
2187 4564 2328 4617 enim
2355 4602 2371 4628 ,
2424 4563 2702 4633 inquiunt.
2744 4576 2849 4617 non
2898 4561 3036 4617 idem
3076 4574 3200 4619 sunt
3237 4570 3474 4635 genitum

212 4653 398 4723 νητόν.
432 4653 494 4705 Εἰ
526 4652 584 4705 δὲ
622 4653 778 4707 τοῦτο
805 4653 941 4726 (79),
977 4656 1096 4709 οὐδὲ
1136 4658 1164 4708 ὁ
1195 4657 1322 4721 Υἱὸς
1356 4657 1434 4727 τῷ
1466 4659 1642 4730 Harp).
1667 4676 1748 4713 ται

1940 4668 1958 4712 ι
1998 4656 2331 4729 ingenitum;
2389 4669 2454 4711 ac
2483 4655 2732 4725 proinde,
2780 4670 2880 4710 nec
2924 4655 3094 4711 Filius
3136 4673 3257 4711 cum
3314 4656 3474 4711 Patre

213 4746 327 4797 τόν.
367 4744 485 4796 ’Ὁτι
533 4745 630 4814 μὲν
665 4746 912 4813 φανερῶς
957 4749 985 4800 ὁ
1027 4747 1183 4816 λόγος
1222 4743 1375 4813 οὗτος
1417 4748 1666 4802 ἐκϐάλλει
1706 4750 1749 4801 τε

1935 4749 2045 4804 dem
2098 4757 2200 4803 est.
2248 4748 2386 4816 Quid
2438 4761 2575 4818 opus
2622 4756 2707 4803 est
2754 4747 2962 4813 dicere,
3004 4748 3105 4801 hoc
3155 4755 3471 4817 argumento

214 4837 347 4889 Υίὸν
374 4835 476 4904 τῆς
509 4834 780 4906 θεότητος,
813 4839 844 4909 ἢ
883 4840 973 4891 τὸν
1012 4841 1250 4912 Πατέρα,
1283 4842 1332 4894 τί
1356 4842 1461 4913 χρὴ
1490 4842 1695 4909 λέγεινς
1733 4843 1750 4894 l

1938 4838 1987 4895 el
2019 4837 2255 4904 Patrem,
2288 4837 2371 4894 vel
2413 4837 2608 4892 Filium
2650 4853 2681 4891 a
2718 4837 2998 4893 divinitate
3038 4837 3321 4893 manifeste
3353 4839 3473 4892 sub-

211 4925 324 4995 γάρ
352 4924 415 4975 τὸ
438 4924 729 4996 ἀγέννητον
756 4929 911 4981 οὐσία
937 4929 1093 4996 Θεοῦ,
1117 4930 1179 4983 τὸ
1199 4931 1454 5000 γεννητὸν
1477 4933 1576 4985 οὑκ
1608 4933 1747 4985 οὐσία

1936 4931 2150 4985 ioveri?
2181 4930 2238 4985 Si
2273 4930 2416 4985 enim
2461 4930 2758 4999 ingenitum
2788 4929 3025 4985 essentia
3070 4928 3162 4983 Dei
3201 4938 3303 4993 est,
3347 4943 3472 4999 pro-

209 5019 261 5068 εί
285 5015 342 5068 δὲ
372 5014 551 5078 τοῦτο,
583 5019 683 5071 οὐκ
713 5021 906 5074 ἐκεῖνο.
935 5019 1028 5083 Τίς
1059 5022 1273 5092 ἀντερεῖ
1298 5021 1483 5089 λόγος;
1521 5021 1672 5074 Ἑλοῦ
1692 5038 1745 5074 το

1937 5033 2046 5078 ecto
2081 5023 2318 5094 genitum
2357 5023 2591 5078 essentia
2633 5035 2737 5077 non
2772 5023 2876 5076 erit
2913 5041 2926 5076 :
2973 5030 3063 5075 aut
3108 5021 3151 5075 si
3196 5023 3315 5086 hoc,
3348 5036 3473 5089 pro-

204 5238 245 5314 ‘_
286 5240 402 5314 (68)
446 5248 628 5309 Τινες.
686 5241 838 5297 Plato
884 5242 938 5295 in
978 5241 1202 5309 Timaeo,
1252 5252 1306 5297 et
1342 5242 1657 5299 Aristoteles
1705 5244 1793 5299 hic
1900 5245 2111 5300 videtur
2143 5245 2368 5300 alterum
2400 5243 2595 5312 ubique
2618 5257 2865 5314 verum,»
2901 5251 3006 5314 etc.

210 5311 593 5381 deSigttantttr.

287 5380 401 5446 (69)
455 5383 824 5446 Ἀγέννητον.
853 5380 947 5438 Or.
976 5382 1027 5445 1,
1059 5384 1335 5446 ἀγένητον.

1968 5315 2085 5446 (74)
2127 5316 2204 5368 Ἢ
2241 5311 2656 5394 ἀληρεύεό-θαι.
2697 5312 2855 5394 Deest
2892 5314 2926 5383 ἧ
2958 5311 3255 5393 in~duobus
3299 5312 3466 5385 Regg.

1989 5385 2080 5446 75)
2118 5388 2401 5439 Σεαυτου.
2435 5382 2488 5436 in
2525 5383 2812 5446 nonnullts,
2843 5383 3054 5437 ἑαυτου.

287 5374 401 5453 (69)
455 5383 824 5453 Ἀγέφῖνητον,
853 5380 947 5438 Or.
976 5382 1027 5445 1,
1059 5384 1335 5453 ἀγένητον.
1685 5448 1709 5453 _

1685 5448 1709 5453 _
1968 5374 2080 5453 (75)
2118 5374 2401 5453 Σεαυτοῦ,
2435 5382 2488 5436 in
2525 5374 2812 5449 nonnullis,
2843 5374 3053 5453 ἑαυτοῦ.

287 5448 402 5522 (70)
447 5448 547 5535 Τῷ.
572 5448 726 5535 εἶναι
760 5452 827 5506 τὸ
864 5448 1283 5523 γεγεννῆσθαι.
1317 5453 1448 5525 Reg.
1479 5468 1533 5523 a,
1561 5453 1623 5507 τὸ
1659 5448 1797 5508 εἶναι

1928 5528 1933 5535 λ
1968 5448 2081 5527 (76)
2121 5453 2242 5535 Τῆς
2274 5452 2637 5535 διᾳζεύξεως.
2668 5453 2758 5508 Sic
2788 5448 2969 5523 plures
2998 5451 3168 5524 Regg.
3193 5462 3248 5510 et
3284 5452 3377 5510 Or.
3411 5450 3464 5507 1.

211 5524 705 5674 τῳὲἱῖεέἔὲῗὲἷῗ
726 5593 817 5674 οε·
846 5595 912 5674 ιν.
933 5592 1131 5674 eaeae-

1897 5524 2057 5579 Deest
2086 5524 2185 5586 τ”ς
2215 5526 2266 5576 in
2305 5524 2393 5578 ed.

1971 5594 2083 5674 (Π)
2119 5541 2219 5674 ἢὸ.
2259 5592 2420 5648 Deest
2443 5594 2500 5674 in
2531 5591 2773 5674 pluribus
2801 5592 2991 5674 codd.-

292 5662 410 5745 l2?)
454 5663 735 5745 ’.ξῖάιέμων-
755 5663 978 5745 ,εοιιιυον
1004 5664 1252 5745 ψάμμῳ·
1522 5734 1535 5745 .

2119 5662 2668 5745 {sWrw.nt
2692 5662 2843 5745 Quod
2866 5663 3111 5745 genitum
3137 5670 3273 5719 erat.
3291 5679 3328 5717 ι.

290 5599 406 5656 (7|)
448 5599 687 5659 Θήσεις.
726 5599 817 5648 Or.
846 5599 897 5656 1,
933 5599 1131 5657 θέσεις.

292 5662 410 5733 (72)
454 5663 735 5732 Ψάμμων.
765 5663 978 5730 C0tttb.,
1004 5664 1252 5735 ψάμμου.

290 5732 406 5801 (75)
442 5736 511 5788 El
546 5733 615 5788 δὲ
666 5734 786 5799 σοί,
831 5745 936 5793 etc.
978 5755 995 5789 ι
1025 5736 1081 5791 Si
1136 5736 1227 5792 tibi
1266 5734 1630 5791 necessarium
1680 5748 1800 5791 esse

1995 5599 2083 5664 77)
2124 5599 2219 5648 Τό.
2259 5599 2420 5648 Deest
2448 5599 2500 5645 in
2531 5599 2773 5661 pluribus
2801 5599 2958 5648 codd.

1970 5599 2081 5802 (78)
2119 5662 2601 5744 Γεγεννηιέένων.
2650 5681 2668 5714 ι
2692 5662 2843 5745 Quod
2866 5663 3109 5744 .gcnitum

1583 5749 1630 5789 m
1680 5748 1800 5791 esse
1996 5734 2084 5797 79)
2121 5737 2191 5790 Εἰ
2223 5733 2291 5787 δὲ
2323 5750 2518 5789 τουτο.
2559 5751 2577 5784 t
2603 5730 2757 5797 Quod
2785 5749 2830 5790 St
2865 5744 2936 5788 tta
2965 5744 3109 5791 εει.»
