  <div class='ocr_page' id='page_1' title='image "/cluster/home/n/w/nwhite01/storage/ocr_20150623/36/nnc1.0022377409/051.png"; bbox 0 0 3890 6214; ppageno 0'>
   <div class='ocr_carea' id='block_1_1' title="bbox 435 293 506 347">
    <p class='ocr_par' dir='ltr' id='par_1_1' title="bbox 435 293 506 347">
     <span class='ocr_line' id='line_1_1' title="bbox 435 293 506 347; baseline 0 0"><span class='ocrx_word' id='word_1_1' title='bbox 435 293 506 347; x_wconf 84' lang='grc'>87</span> 
     </span>
    </p>
   </div>
   <div class='ocr_carea' id='block_1_2' title="bbox 1149 302 3685 408">
    <p class='ocr_par' dir='ltr' id='par_1_2' title="bbox 1149 302 3685 408">
     <span class='ocr_line' id='line_1_2' title="bbox 1149 302 3685 408; baseline -0 -49"><span class='ocrx_word' id='word_1_2' title='bbox 1149 329 1185 408; x_wconf 67' lang='lat'><strong><em>\</em></strong></span> <span class='ocrx_word' id='word_1_3' title='bbox 1652 302 1710 358; x_wconf 68' lang='grc' dir='ltr'>Β.</span> <span class='ocrx_word' id='word_1_4' title='bbox 1753 302 2083 359; x_wconf 71' lang='grc' dir='ltr'>ωιεεοιιιι</span> <span class='ocrx_word' id='word_1_5' title='bbox 2124 302 2469 359; x_wconf 70' lang='grc' dir='ltr'>Τηεοιοαι</span> <span class='ocrx_word' id='word_1_6' title='bbox 3608 303 3685 358; x_wconf 74' lang='grc'><strong>88</strong></span> 
     </span>
    </p>
   </div>
   <div class='ocr_carea' id='block_1_3' title="bbox 435 410 2007 498">
    <p class='ocr_par' dir='ltr' id='par_1_3' title="bbox 435 410 1992 489">
     <span class='ocr_line' id='line_1_3' title="bbox 435 410 1992 489; baseline 0.008 -26"><span class='ocrx_word' id='word_1_7' title='bbox 435 410 520 464; x_wconf 88' lang='lat' dir='ltr'><strong>cnl</strong></span> <span class='ocrx_word' id='word_1_8' title='bbox 566 412 728 468; x_wconf 80' lang='lat' dir='ltr'><strong>dubio</strong></span> <span class='ocrx_word' id='word_1_9' title='bbox 762 430 871 470; x_wconf 89' lang='lat' dir='ltr'><strong>non</strong></span> <span class='ocrx_word' id='word_1_10' title='bbox 904 416 1057 473; x_wconf 88' lang='lat' dir='ltr'><strong>illud.</strong></span> <span class='ocrx_word' id='word_1_11' title='bbox 1083 417 1218 484; x_wconf 87' lang='lat' dir='ltr'><strong>Quis</strong></span> <span class='ocrx_word' id='word_1_12' title='bbox 1241 420 1389 475; x_wconf 87' lang='lat' dir='ltr'><strong>enim</strong></span> <span class='ocrx_word' id='word_1_13' title='bbox 1415 429 1502 476; x_wconf 90' lang='lat' dir='ltr'><strong>est</strong></span> <span class='ocrx_word' id='word_1_14' title='bbox 1542 421 1631 489; x_wconf 87' lang='lat' dir='ltr'><strong>qui</strong></span> <span class='ocrx_word' id='word_1_15' title='bbox 1662 421 1992 477; x_wconf 70' lang='lat' dir='ltr'><strong>contranium</strong></span> 
     </span>
    </p>
   </div>
   <div class='ocr_carea' id='block_1_4' title="bbox 2117 410 3686 498">
    <p class='ocr_par' dir='ltr' id='par_1_4' title="bbox 2117 412 3686 498">
     <span class='ocr_line' id='line_1_4' title="bbox 2117 412 3686 498; baseline -0.004 -23"><span class='ocrx_word' id='word_1_16' title='bbox 2117 440 2197 496; x_wconf 74' lang='grc' dir='ltr'>ῳν</span> <span class='ocrx_word' id='word_1_17' title='bbox 2216 421 2323 475; x_wconf 85' lang='grc' dir='ltr'><strong>τῶν</strong></span> <span class='ocrx_word' id='word_1_18' title='bbox 2353 420 2619 476; x_wconf 78' lang='grc' dir='ltr'>ἀσεϐειῶν</span> <span class='ocrx_word' id='word_1_19' title='bbox 2638 421 2907 493; x_wconf 80' lang='grc' dir='ltr'><strong>ὁποτέραν</strong></span> <span class='ocrx_word' id='word_1_20' title='bbox 2941 421 3142 493; x_wconf 80' lang='grc' dir='ltr'><strong>βούλει,</strong></span> <span class='ocrx_word' id='word_1_21' title='bbox 3174 412 3221 475; x_wconf 72' lang='grc' dir='ltr'><strong>ὦ</strong></span> <span class='ocrx_word' id='word_1_22' title='bbox 3242 415 3533 498; x_wconf 42' lang='grc' dir='ltr'>καινὲμ(80)</span> <span class='ocrx_word' id='word_1_23' title='bbox 3565 416 3686 470; x_wconf 85' lang='grc' dir='ltr'>θεο-</span> 
     </span>
    </p>
   </div>
   <div class='ocr_carea' id='block_1_5' title="bbox 434 501 1996 579">
    <p class='ocr_par' dir='ltr' id='par_1_5' title="bbox 434 501 1996 579">
     <span class='ocr_line' id='line_1_5' title="bbox 434 501 1996 579; baseline 0.005 -24"><span class='ocrx_word' id='word_1_24' title='bbox 434 501 755 571; x_wconf 87' lang='lat' dir='ltr'><strong>disputando</strong></span> <span class='ocrx_word' id='word_1_25' title='bbox 811 508 953 562; x_wconf 90' lang='lat' dir='ltr'><strong>tueri</strong></span> <span class='ocrx_word' id='word_1_26' title='bbox 1006 509 1213 579; x_wconf 88' lang='lat' dir='ltr'><strong>queat?</strong></span> <span class='ocrx_word' id='word_1_27' title='bbox 1266 510 1667 577; x_wconf 82' lang='lat' dir='ltr'><strong>Quamobrem,</strong></span> <span class='ocrx_word' id='word_1_28' title='bbox 1717 521 1894 566; x_wconf 88' lang='lat' dir='ltr'><strong>utram</strong></span> <span class='ocrx_word' id='word_1_29' title='bbox 1964 524 1996 563; x_wconf 91' lang='lat' dir='ltr'><strong>e</strong></span> 
     </span>
    </p>
   </div>
   <div class='ocr_carea' id='block_1_6' title="bbox 434 591 1994 673">
    <p class='ocr_par' dir='ltr' id='par_1_6' title="bbox 434 591 1994 673">
     <span class='ocr_line' id='line_1_6' title="bbox 434 591 1994 673; baseline 0.01 -25"><span class='ocrx_word' id='word_1_30' title='bbox 434 591 643 650; x_wconf 85' lang='lat' dir='ltr'><strong>duabus</strong></span> <span class='ocrx_word' id='word_1_31' title='bbox 675 596 1036 668; x_wconf 82' lang='lat' dir='ltr'><strong>impietatibus</strong></span> <span class='ocrx_word' id='word_1_32' title='bbox 1073 603 1249 667; x_wconf 87' lang='lat' dir='ltr'><strong>malis,</strong></span> <span class='ocrx_word' id='word_1_33' title='bbox 1277 603 1435 671; x_wconf 79' lang='lat' dir='ltr'><strong>elige,</strong></span> <span class='ocrx_word' id='word_1_34' title='bbox 1463 617 1497 656; x_wconf 91' lang='grc' dir='ltr'><strong>ο</strong></span> <span class='ocrx_word' id='word_1_35' title='bbox 1540 617 1677 659; x_wconf 85' lang='lat' dir='ltr'><strong>nove</strong></span> <span class='ocrx_word' id='word_1_36' title='bbox 1725 602 1994 673; x_wconf 80' lang='lat' dir='ltr'><strong>tbeologe.</strong></span> 
     </span>
    </p>
   </div>
   <div class='ocr_carea' id='block_1_7' title="bbox 431 684 1997 761">
    <p class='ocr_par' dir='ltr' id='par_1_7' title="bbox 431 684 1997 761">
     <span class='ocr_line' id='line_1_7' title="bbox 431 684 1997 761; baseline 0.007 -24"><span class='ocrx_word' id='word_1_37' title='bbox 431 684 695 753; x_wconf 71' lang='lat' dir='ltr'><strong>siquidem</strong></span> <span class='ocrx_word' id='word_1_38' title='bbox 737 686 954 756; x_wconf 83' lang='lat' dir='ltr'><strong>impiam</strong></span> <span class='ocrx_word' id='word_1_39' title='bbox 996 691 1296 746; x_wconf 74' lang='lat' dir='ltr'><strong>doctrinam</strong></span> <span class='ocrx_word' id='word_1_40' title='bbox 1345 693 1566 748; x_wconf 85' lang='lat' dir='ltr'><strong>omnino</strong></span> <span class='ocrx_word' id='word_1_41' title='bbox 1618 692 1866 761; x_wconf 85' lang='lat' dir='ltr'><strong>amplecti</strong></span> <span class='ocrx_word' id='word_1_42' title='bbox 1904 694 1997 748; x_wconf 91' lang='lat' dir='ltr'><strong>tibi</strong></span> 
     </span>
    </p>
   </div>
   <div class='ocr_carea' id='block_1_8' title="bbox 433 775 2000 852">
    <p class='ocr_par' dir='ltr' id='par_1_8' title="bbox 433 775 2000 852">
     <span class='ocr_line' id='line_1_8' title="bbox 433 775 2000 852; baseline 0.007 -27"><span class='ocrx_word' id='word_1_43' title='bbox 433 775 765 842; x_wconf 82' lang='lat' dir='ltr'><strong>propositum</strong></span> <span class='ocrx_word' id='word_1_44' title='bbox 789 786 889 832; x_wconf 90' lang='lat' dir='ltr'><strong>est.</strong></span> <span class='ocrx_word' id='word_1_45' title='bbox 925 777 1149 844; x_wconf 86' lang='lat' dir='ltr'><strong>Deinde,</strong></span> <span class='ocrx_word' id='word_1_46' title='bbox 1177 780 1446 848; x_wconf 88' lang='lat' dir='ltr'><strong>quomodo</strong></span> <span class='ocrx_word' id='word_1_47' title='bbox 1481 781 1777 851; x_wconf 82' lang='lat' dir='ltr'><strong>ingenitum</strong></span> <span class='ocrx_word' id='word_1_48' title='bbox 1811 791 1865 836; x_wconf 90' lang='lat' dir='ltr'><strong>et</strong></span> <span class='ocrx_word' id='word_1_49' title='bbox 1908 796 2000 852; x_wconf 83' lang='lat' dir='ltr'><strong>ge-</strong></span> 
     </span>
    </p>
   </div>
   <div class='ocr_carea' id='block_1_9' title="bbox 433 866 1995 942">
    <p class='ocr_par' dir='ltr' id='par_1_9' title="bbox 433 866 1995 942">
     <span class='ocr_line' id='line_1_9' title="bbox 433 866 1995 942; baseline 0.006 -25"><span class='ocrx_word' id='word_1_50' title='bbox 433 866 600 920; x_wconf 87' lang='lat' dir='ltr'><strong>nitum</strong></span> <span class='ocrx_word' id='word_1_51' title='bbox 637 882 742 923; x_wconf 91' lang='lat' dir='ltr'><strong>non</strong></span> <span class='ocrx_word' id='word_1_52' title='bbox 778 868 914 923; x_wconf 88' lang='lat' dir='ltr'><strong>idem</strong></span> <span class='ocrx_word' id='word_1_53' title='bbox 945 885 1064 926; x_wconf 86' lang='lat' dir='ltr'><strong>esse</strong></span> <span class='ocrx_word' id='word_1_54' title='bbox 1097 871 1270 927; x_wconf 89' lang='lat' dir='ltr'><strong>dicis?</strong></span> <span class='ocrx_word' id='word_1_55' title='bbox 1303 871 1359 926; x_wconf 87' lang='lat' dir='ltr'><strong>Si</strong></span> <span class='ocrx_word' id='word_1_56' title='bbox 1402 887 1499 942; x_wconf 91' lang='lat' dir='ltr'><strong>per</strong></span> <span class='ocrx_word' id='word_1_57' title='bbox 1527 873 1641 928; x_wconf 69' lang='lat' dir='ltr'><strong>haec</strong></span> <span class='ocrx_word' id='word_1_58' title='bbox 1667 873 1831 928; x_wconf 83' lang='lat' dir='ltr'><strong>verba</strong></span> <span class='ocrx_word' id='word_1_59' title='bbox 1861 873 1995 936; x_wconf 81' lang='lat' dir='ltr'><strong>nihil</strong></span> 
     </span>
    </p>
   </div>
   <div class='ocr_carea' id='block_1_10' title="bbox 431 959 1995 1036">
    <p class='ocr_par' dir='ltr' id='par_1_10' title="bbox 431 959 1995 1036">
     <span class='ocr_line' id='line_1_10' title="bbox 431 959 1995 1036; baseline 0.007 -26"><span class='ocrx_word' id='word_1_60' title='bbox 431 959 576 1012; x_wconf 82' lang='lat' dir='ltr'><strong>aliud</strong></span> <span class='ocrx_word' id='word_1_61' title='bbox 622 959 898 1031; x_wconf 77' lang='lat' dir='ltr'><strong>intelligis,</strong></span> <span class='ocrx_word' id='word_1_62' title='bbox 928 977 1087 1031; x_wconf 88' lang='lat' dir='ltr'><strong>quam</strong></span> <span class='ocrx_word' id='word_1_63' title='bbox 1132 965 1185 1019; x_wconf 92' lang='lat' dir='ltr'><strong>id</strong></span> <span class='ocrx_word' id='word_1_64' title='bbox 1211 967 1355 1035; x_wconf 82' lang='lat' dir='ltr'><strong>quod</strong></span> <span class='ocrx_word' id='word_1_65' title='bbox 1404 967 1703 1022; x_wconf 84' lang='lat' dir='ltr'><strong>increatum</strong></span> <span class='ocrx_word' id='word_1_66' title='bbox 1746 974 1805 1020; x_wconf 88' lang='lat' dir='ltr'><strong>et</strong></span> <span class='ocrx_word' id='word_1_67' title='bbox 1849 966 1995 1036; x_wconf 90' lang='lat' dir='ltr'><strong>quod</strong></span> 
     </span>
    </p>
   </div>
   <div class='ocr_carea' id='block_1_11' title="bbox 433 1052 1995 1125">
    <p class='ocr_par' dir='ltr' id='par_1_11' title="bbox 433 1052 1995 1125">
     <span class='ocr_line' id='line_1_11' title="bbox 433 1052 1995 1125; baseline 0.006 -24"><span class='ocrx_word' id='word_1_68' title='bbox 433 1058 715 1118; x_wconf 80' lang='lat' dir='ltr'><strong>creatum,</strong></span> <span class='ocrx_word' id='word_1_69' title='bbox 762 1052 816 1106; x_wconf 89' lang='lat' dir='ltr'><strong>in</strong></span> <span class='ocrx_word' id='word_1_70' title='bbox 866 1054 1051 1109; x_wconf 86' lang='lat' dir='ltr'><strong>eadem</strong></span> <span class='ocrx_word' id='word_1_71' title='bbox 1100 1054 1213 1124; x_wconf 91' lang='lat' dir='ltr'><strong>ipse</strong></span> <span class='ocrx_word' id='word_1_72' title='bbox 1267 1071 1483 1125; x_wconf 89' lang='lat' dir='ltr'><strong>quoque</strong></span> <span class='ocrx_word' id='word_1_73' title='bbox 1535 1071 1655 1111; x_wconf 87' lang='lat' dir='ltr'><strong>sum</strong></span> <span class='ocrx_word' id='word_1_74' title='bbox 1707 1058 1995 1111; x_wconf 75' lang='lat' dir='ltr'><strong>sententia.</strong></span> 
     </span>
    </p>
   </div>
   <div class='ocr_carea' id='block_1_12' title="bbox 431 1138 1998 1218">
    <p class='ocr_par' dir='ltr' id='par_1_12' title="bbox 431 1138 1998 1218">
     <span class='ocr_line' id='line_1_12' title="bbox 431 1138 1998 1218; baseline 0.005 -25"><span class='ocrx_word' id='word_1_75' title='bbox 431 1138 616 1210; x_wconf 84' lang='lat' dir='ltr'><strong>Neque</strong></span> <span class='ocrx_word' id='word_1_76' title='bbox 650 1144 791 1198; x_wconf 89' lang='lat' dir='ltr'><strong>enim</strong></span> <span class='ocrx_word' id='word_1_77' title='bbox 823 1156 1010 1200; x_wconf 90' lang='lat' dir='ltr'><strong>natura</strong></span> <span class='ocrx_word' id='word_1_78' title='bbox 1044 1147 1184 1203; x_wconf 86' lang='lat' dir='ltr'><strong>idem</strong></span> <span class='ocrx_word' id='word_1_79' title='bbox 1225 1156 1311 1202; x_wconf 90' lang='lat' dir='ltr'><strong>est</strong></span> <span class='ocrx_word' id='word_1_80' title='bbox 1355 1149 1499 1218; x_wconf 92' lang='lat' dir='ltr'><strong>quod</strong></span> <span class='ocrx_word' id='word_1_81' title='bbox 1528 1149 1796 1218; x_wconf 88' lang='lat' dir='ltr'><strong>principio</strong></span> <span class='ocrx_word' id='word_1_82' title='bbox 1828 1157 1998 1214; x_wconf 89' lang='lat' dir='ltr'><strong>caret,</strong></span> 
     </span>
    </p>
   </div>
   <div class='ocr_carea' id='block_1_13' title="bbox 432 1234 1995 1304">
    <p class='ocr_par' dir='ltr' id='par_1_13' title="bbox 432 1234 1995 1304">
     <span class='ocr_line' id='line_1_13' title="bbox 432 1234 1995 1304; baseline 0.004 -19"><span class='ocrx_word' id='word_1_83' title='bbox 432 1243 487 1286; x_wconf 91' lang='lat' dir='ltr'><strong>et</strong></span> <span class='ocrx_word' id='word_1_84' title='bbox 516 1234 662 1303; x_wconf 91' lang='lat' dir='ltr'><strong>quod</strong></span> <span class='ocrx_word' id='word_1_85' title='bbox 693 1247 1031 1304; x_wconf 78' lang='lat' dir='ltr'><strong>procreatum</strong></span> <span class='ocrx_word' id='word_1_86' title='bbox 1054 1249 1158 1294; x_wconf 90' lang='lat' dir='ltr'><strong>est.</strong></span> <span class='ocrx_word' id='word_1_87' title='bbox 1190 1240 1287 1295; x_wconf 85' lang='lat' dir='ltr'><strong>Sin</strong></span> <span class='ocrx_word' id='word_1_88' title='bbox 1319 1249 1497 1294; x_wconf 87' lang='lat' dir='ltr'><strong>autem</strong></span> <span class='ocrx_word' id='word_1_89' title='bbox 1529 1240 1616 1294; x_wconf 89' lang='lat' dir='ltr'><strong>bis</strong></span> <span class='ocrx_word' id='word_1_90' title='bbox 1642 1240 1820 1295; x_wconf 84' lang='lat' dir='ltr'><strong>verbis</strong></span> <span class='ocrx_word' id='word_1_91' title='bbox 1849 1254 1995 1303; x_wconf 92' lang='lat' dir='ltr'><strong>eum,</strong></span> 
     </span>
    </p>
   </div>
   <div class='ocr_carea' id='block_1_14' title="bbox 432 1324 1985 1400">
    <p class='ocr_par' dir='ltr' id='par_1_14' title="bbox 432 1324 1985 1400">
     <span class='ocr_line' id='line_1_14' title="bbox 432 1324 1985 1400; baseline 0.005 -24"><span class='ocrx_word' id='word_1_92' title='bbox 432 1324 523 1392; x_wconf 89' lang='lat' dir='ltr'><strong>qui</strong></span> <span class='ocrx_word' id='word_1_93' title='bbox 558 1327 762 1397; x_wconf 84' lang='lat' dir='ltr'><strong>genuit,</strong></span> <span class='ocrx_word' id='word_1_94' title='bbox 800 1338 856 1383; x_wconf 92' lang='lat' dir='ltr'><strong>et</strong></span> <span class='ocrx_word' id='word_1_95' title='bbox 883 1344 1027 1394; x_wconf 88' lang='lat' dir='ltr'><strong>eum,</strong></span> <span class='ocrx_word' id='word_1_96' title='bbox 1061 1330 1153 1400; x_wconf 88' lang='lat' dir='ltr'><strong>qui</strong></span> <span class='ocrx_word' id='word_1_97' title='bbox 1182 1332 1397 1399; x_wconf 82' lang='lat' dir='ltr'><strong>genitus</strong></span> <span class='ocrx_word' id='word_1_98' title='bbox 1422 1341 1527 1396; x_wconf 91' lang='lat' dir='ltr'><strong>est,</strong></span> <span class='ocrx_word' id='word_1_99' title='bbox 1562 1331 1785 1400; x_wconf 81' lang='lat' dir='ltr'><strong>accipis,</strong></span> <span class='ocrx_word' id='word_1_100' title='bbox 1817 1332 1985 1386; x_wconf 86' lang='lat' dir='ltr'><strong>haud-</strong></span> 
     </span>
    </p>
   </div>
   <div class='ocr_carea' id='block_1_15' title="bbox 430 1421 1997 1486">
    <p class='ocr_par' dir='ltr' id='par_1_15' title="bbox 430 1421 1997 1486">
     <span class='ocr_line' id='line_1_15' title="bbox 430 1421 1997 1486; baseline 0.007 -19"><span class='ocrx_word' id='word_1_101' title='bbox 430 1430 700 1486; x_wconf 86' lang='lat' dir='ltr'><strong>quaquam</strong></span> <span class='ocrx_word' id='word_1_102' title='bbox 770 1430 916 1476; x_wconf 88' lang='lat' dir='ltr'><strong>rccte</strong></span> <span class='ocrx_word' id='word_1_103' title='bbox 987 1421 1045 1477; x_wconf 89' lang='lat' dir='ltr'><strong>id</strong></span> <span class='ocrx_word' id='word_1_104' title='bbox 1091 1425 1191 1478; x_wconf 89' lang='lat' dir='ltr'><strong>abs</strong></span> <span class='ocrx_word' id='word_1_105' title='bbox 1253 1431 1304 1478; x_wconf 90' lang='lat' dir='ltr'><strong>te</strong></span> <span class='ocrx_word' id='word_1_106' title='bbox 1378 1423 1595 1478; x_wconf 77' lang='lat' dir='ltr'><strong>dicitur.</strong></span> <span class='ocrx_word' id='word_1_107' title='bbox 1664 1423 1805 1479; x_wconf 89' lang='lat' dir='ltr'><strong>Idem</strong></span> <span class='ocrx_word' id='word_1_108' title='bbox 1854 1425 1997 1478; x_wconf 90' lang='lat' dir='ltr'><strong>enim</strong></span> 
     </span>
    </p>
   </div>
   <div class='ocr_carea' id='block_1_16' title="bbox 430 1507 1998 1586">
    <p class='ocr_par' dir='ltr' id='par_1_16' title="bbox 430 1507 1998 1586">
     <span class='ocr_line' id='line_1_16' title="bbox 430 1507 1998 1586; baseline 0.008 -27"><span class='ocrx_word' id='word_1_109' title='bbox 430 1507 652 1562; x_wconf 77' lang='lat' dir='ltr'><strong>omnino</strong></span> <span class='ocrx_word' id='word_1_110' title='bbox 677 1522 798 1564; x_wconf 87' lang='lat' dir='ltr'><strong>esse</strong></span> <span class='ocrx_word' id='word_1_111' title='bbox 839 1525 1063 1568; x_wconf 84' lang='lat' dir='ltr'><strong>necesse</strong></span> <span class='ocrx_word' id='word_1_112' title='bbox 1103 1521 1204 1569; x_wconf 91' lang='lat' dir='ltr'><strong>est.</strong></span> <span class='ocrx_word' id='word_1_113' title='bbox 1237 1513 1363 1569; x_wconf 72' lang='lat' dir='ltr'><strong>Haec</strong></span> <span class='ocrx_word' id='word_1_114' title='bbox 1387 1514 1583 1586; x_wconf 88' lang='lat' dir='ltr'><strong>quippe</strong></span> <span class='ocrx_word' id='word_1_115' title='bbox 1611 1515 1774 1586; x_wconf 82' lang='lat' dir='ltr'><strong>geniti</strong></span> <span class='ocrx_word' id='word_1_116' title='bbox 1808 1527 1998 1571; x_wconf 87' lang='lat' dir='ltr'><strong>natura</strong></span> 
     </span>
    </p>
   </div>
   <div class='ocr_carea' id='block_1_17' title="bbox 430 1602 1993 1679">
    <p class='ocr_par' dir='ltr' id='par_1_17' title="bbox 430 1602 1993 1679">
     <span class='ocr_line' id='line_1_17' title="bbox 430 1602 1993 1679; baseline 0.006 -25"><span class='ocrx_word' id='word_1_117' title='bbox 430 1608 537 1667; x_wconf 86' lang='lat' dir='ltr'><strong>est,</strong></span> <span class='ocrx_word' id='word_1_118' title='bbox 568 1612 625 1654; x_wconf 88' lang='lat' dir='ltr'><strong>ut</strong></span> <span class='ocrx_word' id='word_1_119' title='bbox 666 1602 832 1668; x_wconf 89' lang='lat' dir='ltr'><strong>idem,</strong></span> <span class='ocrx_word' id='word_1_120' title='bbox 874 1606 920 1659; x_wconf 87' lang='lat' dir='ltr'><strong>si</strong></span> <span class='ocrx_word' id='word_1_121' title='bbox 951 1614 1199 1661; x_wconf 88' lang='lat' dir='ltr'><strong>naturam</strong></span> <span class='ocrx_word' id='word_1_122' title='bbox 1241 1617 1473 1676; x_wconf 88' lang='lat' dir='ltr'><strong>spectes,</strong></span> <span class='ocrx_word' id='word_1_123' title='bbox 1513 1608 1585 1663; x_wconf 89' lang='lat' dir='ltr'><strong>sit</strong></span> <span class='ocrx_word' id='word_1_124' title='bbox 1633 1623 1756 1664; x_wconf 84' lang='lat' dir='ltr'><strong>cum</strong></span> <span class='ocrx_word' id='word_1_125' title='bbox 1791 1623 1858 1664; x_wconf 90' lang='lat' dir='ltr'><strong>eo</strong></span> <span class='ocrx_word' id='word_1_126' title='bbox 1904 1610 1993 1679; x_wconf 88' lang='lat' dir='ltr'><strong>qui</strong></span> 
     </span>
    </p>
   </div>
   <div class='ocr_carea' id='block_1_18' title="bbox 2102 504 3679 584">
    <p class='ocr_par' dir='ltr' id='par_1_18' title="bbox 2102 504 3679 584">
     <span class='ocr_line' id='line_1_18' title="bbox 2102 504 3679 584; baseline -0.003 -21"><span class='ocrx_word' id='word_1_127' title='bbox 2102 510 2251 579; x_wconf 83' lang='grc' dir='ltr'>λόγε,</span> <span class='ocrx_word' id='word_1_128' title='bbox 2304 510 2464 584; x_wconf 81' lang='grc' dir='ltr'>εἴπερ</span> <span class='ocrx_word' id='word_1_129' title='bbox 2514 512 2732 567; x_wconf 78' lang='grc' dir='ltr'>ἀσεϐεῖν</span> <span class='ocrx_word' id='word_1_130' title='bbox 2773 512 2988 577; x_wconf 85' lang='grc' dir='ltr'>πάντως</span> <span class='ocrx_word' id='word_1_131' title='bbox 3026 504 3388 572; x_wconf 66' lang='grc' dir='ltr'>ὲσπούδακαῗς.</span> <span class='ocrx_word' id='word_1_132' title='bbox 3422 509 3679 569; x_wconf 82' lang='grc' dir='ltr'><strong>Ἔπειτα,</strong></span> 
     </span>
    </p>
   </div>
   <div class='ocr_carea' id='block_1_19' title="bbox 2104 597 3686 675">
    <p class='ocr_par' dir='ltr' id='par_1_19' title="bbox 2104 597 3686 675">
     <span class='ocr_line' id='line_1_19' title="bbox 2104 597 3686 675; baseline -0.006 -19"><span class='ocrx_word' id='word_1_133' title='bbox 2104 601 2222 666; x_wconf 84' lang='grc' dir='ltr'><strong>πῶς</strong></span> <span class='ocrx_word' id='word_1_134' title='bbox 2250 603 2313 656; x_wconf 85' lang='grc' dir='ltr'>οὐ</span> <span class='ocrx_word' id='word_1_135' title='bbox 2341 603 2536 658; x_wconf 83' lang='grc' dir='ltr'>ταυτὸν</span> <span class='ocrx_word' id='word_1_136' title='bbox 2566 603 2747 673; x_wconf 85' lang='grc' dir='ltr'>λέγεις</span> <span class='ocrx_word' id='word_1_137' title='bbox 2772 602 2885 675; x_wconf 85' lang='grc'>(81)</span> <span class='ocrx_word' id='word_1_138' title='bbox 2917 603 2984 657; x_wconf 71' lang='grc' dir='ltr'>τὸ</span> <span class='ocrx_word' id='word_1_139' title='bbox 3006 603 3300 673; x_wconf 79' lang='grc' dir='ltr'><strong>ἀγέννητον</strong></span> <span class='ocrx_word' id='word_1_140' title='bbox 3338 597 3435 652; x_wconf 75' lang='grc' dir='ltr'>καὶ</span> <span class='ocrx_word' id='word_1_141' title='bbox 3462 597 3524 650; x_wconf 82' lang='grc' dir='ltr'>τὸ</span> <span class='ocrx_word' id='word_1_142' title='bbox 3553 612 3686 664; x_wconf 83' lang='grc' dir='ltr'>γεν-</span> 
     </span>
    </p>
   </div>
   <div class='ocr_carea' id='block_1_20' title="bbox 2102 687 3690 767">
    <p class='ocr_par' dir='ltr' id='par_1_20' title="bbox 2102 687 3690 767">
     <span class='ocr_line' id='line_1_20' title="bbox 2102 687 3690 767; baseline -0.004 -21"><span class='ocrx_word' id='word_1_143' title='bbox 2102 694 2297 764; x_wconf 85' lang='grc' dir='ltr'>νητόν;</span> <span class='ocrx_word' id='word_1_144' title='bbox 2323 695 2386 747; x_wconf 76' lang='lat' dir='ltr'><strong>EE</strong></span> <span class='ocrx_word' id='word_1_145' title='bbox 2412 694 2510 765; x_wconf 81' lang='grc' dir='ltr'>μὲν</span> <span class='ocrx_word' id='word_1_146' title='bbox 2539 695 2602 748; x_wconf 78' lang='grc' dir='ltr'>τὸ</span> <span class='ocrx_word' id='word_1_147' title='bbox 2631 695 2707 767; x_wconf 79' lang='grc' dir='ltr'>μὴ</span> <span class='ocrx_word' id='word_1_148' title='bbox 2737 696 2987 765; x_wconf 66' lang='grc' dir='ltr'>ὲκτισμετ</span> <span class='ocrx_word' id='word_1_149' title='bbox 3004 712 3072 759; x_wconf 79' lang='grc' dir='ltr'>›ν,</span> <span class='ocrx_word' id='word_1_150' title='bbox 3104 692 3199 746; x_wconf 76' lang='grc' dir='ltr'>καὶ</span> <span class='ocrx_word' id='word_1_151' title='bbox 3224 688 3563 760; x_wconf 80' lang='grc' dir='ltr'>ὲκτισμένον,</span> <span class='ocrx_word' id='word_1_152' title='bbox 3587 687 3690 740; x_wconf 83' lang='grc' dir='ltr'>κά·</span> 
     </span>
    </p>
   </div>
   <div class='ocr_carea' id='block_1_21' title="bbox 2104 777 3687 858">
    <p class='ocr_par' dir='ltr' id='par_1_21' title="bbox 2104 777 3687 858">
     <span class='ocr_line' id='line_1_21' title="bbox 2104 777 3687 858; baseline -0.014 -6"><span class='ocrx_word' id='word_1_153' title='bbox 2104 784 2187 852; x_wconf 78' lang='grc' dir='ltr'><strong>γὼ</strong></span> <span class='ocrx_word' id='word_1_154' title='bbox 2213 785 2440 856; x_wconf 81' lang='grc' dir='ltr'>δέχομαι</span> <span class='ocrx_word' id='word_1_155' title='bbox 2460 804 2473 816; x_wconf 91' lang='grc'><strong>·</strong></span> <span class='ocrx_word' id='word_1_156' title='bbox 2504 787 2568 839; x_wconf 84' lang='grc' dir='ltr'>οὐ</span> <span class='ocrx_word' id='word_1_157' title='bbox 2595 786 2705 858; x_wconf 83' lang='grc' dir='ltr'>γὰρ</span> <span class='ocrx_word' id='word_1_158' title='bbox 2733 786 2931 841; x_wconf 81' lang='grc' dir='ltr'>ταυτὸν</span> <span class='ocrx_word' id='word_1_159' title='bbox 2957 788 3024 858; x_wconf 79' lang='grc' dir='ltr'>τῇ</span> <span class='ocrx_word' id='word_1_160' title='bbox 3058 784 3217 855; x_wconf 74' lang='grc' dir='ltr'>φύσει</span> <span class='ocrx_word' id='word_1_161' title='bbox 3244 782 3306 835; x_wconf 77' lang='grc' dir='ltr'>τὸ</span> <span class='ocrx_word' id='word_1_162' title='bbox 3326 781 3559 853; x_wconf 79' lang='grc' dir='ltr'>ἄναρχον</span> <span class='ocrx_word' id='word_1_163' title='bbox 3587 777 3687 830; x_wconf 77' lang='grc' dir='ltr'>καὶ</span> 
     </span>
    </p>
   </div>
   <div class='ocr_carea' id='block_1_22' title="bbox 2103 873 3687 949">
    <p class='ocr_par' dir='ltr' id='par_1_22' title="bbox 2103 873 3687 949">
     <span class='ocr_line' id='line_1_22' title="bbox 2103 873 3687 949; baseline -0.001 -20"><span class='ocrx_word' id='word_1_164' title='bbox 2103 876 2164 929; x_wconf 90' lang='grc' dir='ltr'>τὸ</span> <span class='ocrx_word' id='word_1_165' title='bbox 2192 876 2527 947; x_wconf 78' lang='grc' dir='ltr'>κτιζὸμενον.</span> <span class='ocrx_word' id='word_1_166' title='bbox 2552 879 2615 931; x_wconf 79' lang='lat' dir='ltr'><strong>Ei</strong></span> <span class='ocrx_word' id='word_1_167' title='bbox 2646 879 2703 932; x_wconf 82' lang='grc' dir='ltr'>δὲ</span> <span class='ocrx_word' id='word_1_168' title='bbox 2741 878 2803 933; x_wconf 84' lang='grc' dir='ltr'>τὸ</span> <span class='ocrx_word' id='word_1_169' title='bbox 2828 876 3176 949; x_wconf 81' lang='grc' dir='ltr'>γεγεννηκὸς,</span> <span class='ocrx_word' id='word_1_170' title='bbox 3205 875 3300 930; x_wconf 81' lang='grc' dir='ltr'>καὶ</span> <span class='ocrx_word' id='word_1_171' title='bbox 3322 873 3385 927; x_wconf 80' lang='grc' dir='ltr'>τὸ</span> <span class='ocrx_word' id='word_1_172' title='bbox 3419 887 3687 941; x_wconf 81' lang='grc' dir='ltr'>γεγεννη-</span> 
     </span>
    </p>
   </div>
   <div class='ocr_carea' id='block_1_23' title="bbox 2108 956 3685 1037">
    <p class='ocr_par' dir='ltr' id='par_1_23' title="bbox 2108 956 3685 1037">
     <span class='ocr_line' id='line_1_23' title="bbox 2108 956 3685 1037; baseline -0.008 -17"><span class='ocrx_word' id='word_1_173' title='bbox 2108 966 2291 1037; x_wconf 85' lang='grc' dir='ltr'>μένον,</span> <span class='ocrx_word' id='word_1_174' title='bbox 2325 967 2386 1020; x_wconf 87' lang='grc' dir='ltr'>οὐ</span> <span class='ocrx_word' id='word_1_175' title='bbox 2412 967 2607 1022; x_wconf 83' lang='grc' dir='ltr'>ταυτὸν</span> <span class='ocrx_word' id='word_1_176' title='bbox 2646 967 2849 1037; x_wconf 86' lang='grc' dir='ltr'>λέγεις,</span> <span class='ocrx_word' id='word_1_177' title='bbox 2876 969 2977 1021; x_wconf 83' lang='grc' dir='ltr'>οὐκ</span> <span class='ocrx_word' id='word_1_178' title='bbox 3000 964 3178 1037; x_wconf 79' lang='grc' dir='ltr'>ὀρθῶς</span> <span class='ocrx_word' id='word_1_179' title='bbox 3204 963 3445 1032; x_wconf 84' lang='grc' dir='ltr'>λέγεται.</span> <span class='ocrx_word' id='word_1_180' title='bbox 3472 956 3685 1012; x_wconf 77' lang='grc' dir='ltr'>Ταυτδν</span> 
     </span>
    </p>
   </div>
   <div class='ocr_carea' id='block_1_24' title="bbox 2105 1051 3686 1131">
    <p class='ocr_par' dir='ltr' id='par_1_24' title="bbox 2105 1051 3686 1131">
     <span class='ocr_line' id='line_1_24' title="bbox 2105 1051 3686 1131; baseline 0.008 -22"><span class='ocrx_word' id='word_1_181' title='bbox 2105 1056 2214 1129; x_wconf 85' lang='grc' dir='ltr'><strong>γὰρ</strong></span> <span class='ocrx_word' id='word_1_182' title='bbox 2236 1051 2376 1112; x_wconf 83' lang='grc' dir='ltr'>εἶναι</span> <span class='ocrx_word' id='word_1_183' title='bbox 2402 1060 2551 1112; x_wconf 80' lang='grc' dir='ltr'>πᾶσα</span> <span class='ocrx_word' id='word_1_184' title='bbox 2583 1059 2797 1131; x_wconf 82' lang='grc' dir='ltr'><strong>ἀνάγκη</strong></span> <span class='ocrx_word' id='word_1_185' title='bbox 2815 1075 2829 1090; x_wconf 88' lang='grc'><strong>·</strong></span> <span class='ocrx_word' id='word_1_186' title='bbox 2864 1058 3006 1130; x_wconf 86' lang='grc' dir='ltr'>αῦτη</span> <span class='ocrx_word' id='word_1_187' title='bbox 3029 1058 3139 1128; x_wconf 81' lang='grc' dir='ltr'><strong>γάρ</strong></span> <span class='ocrx_word' id='word_1_188' title='bbox 3170 1055 3333 1127; x_wconf 81' lang='grc' dir='ltr'><strong>φύσις</strong></span> <span class='ocrx_word' id='word_1_189' title='bbox 3358 1052 3686 1122; x_wconf 73' lang='grc' dir='ltr'>γεννήτορας</span> 
     </span>
    </p>
   </div>
   <div class='ocr_carea' id='block_1_25' title="bbox 2106 1138 3685 1219">
    <p class='ocr_par' dir='ltr' id='par_1_25' title="bbox 2106 1138 3685 1219">
     <span class='ocr_line' id='line_1_25' title="bbox 2106 1138 3685 1219; baseline -0.015 -6"><span class='ocrx_word' id='word_1_190' title='bbox 2106 1146 2200 1200; x_wconf 64' lang='grc' dir='ltr'><strong>καὶ</strong></span> <span class='ocrx_word' id='word_1_191' title='bbox 2231 1149 2567 1219; x_wconf 81' lang='grc' dir='ltr'><strong>γεννήματος</strong></span> <span class='ocrx_word' id='word_1_192' title='bbox 2599 1148 2735 1219; x_wconf 60' lang='grc'>(88),</span> <span class='ocrx_word' id='word_1_193' title='bbox 2780 1149 2978 1202; x_wconf 81' lang='grc' dir='ltr'>ταυτὸν</span> <span class='ocrx_word' id='word_1_194' title='bbox 3012 1143 3152 1201; x_wconf 76' lang='grc' dir='ltr'>εἶναι</span> <span class='ocrx_word' id='word_1_195' title='bbox 3211 1144 3291 1215; x_wconf 83' lang='grc' dir='ltr'>τῷ</span> <span class='ocrx_word' id='word_1_196' title='bbox 3329 1138 3685 1211; x_wconf 72' lang='grc' dir='ltr'><strong>γεγεννηκότι</strong></span> 
     </span>
    </p>
   </div>
   <div class='ocr_carea' id='block_1_26' title="bbox 2106 1228 3685 1311">
    <p class='ocr_par' dir='ltr' id='par_1_26' title="bbox 2106 1228 3685 1311">
     <span class='ocr_line' id='line_1_26' title="bbox 2106 1228 3685 1311; baseline -0.005 -20"><span class='ocrx_word' id='word_1_197' title='bbox 2106 1237 2249 1293; x_wconf 81' lang='grc' dir='ltr'><strong>κατά</strong></span> <span class='ocrx_word' id='word_1_198' title='bbox 2287 1237 2386 1310; x_wconf 78' lang='grc' dir='ltr'>τὴν</span> <span class='ocrx_word' id='word_1_199' title='bbox 2430 1239 2596 1308; x_wconf 81' lang='grc' dir='ltr'>φύσιν</span> <span class='ocrx_word' id='word_1_200' title='bbox 2636 1238 2699 1292; x_wconf 79' lang='grc' dir='ltr'>τὸ</span> <span class='ocrx_word' id='word_1_201' title='bbox 2742 1239 2989 1311; x_wconf 78' lang='grc' dir='ltr'>γέννημα</span> <span class='ocrx_word' id='word_1_202' title='bbox 3027 1237 3164 1311; x_wconf 84' lang='grc'>(85).</span> <span class='ocrx_word' id='word_1_203' title='bbox 3205 1237 3277 1289; x_wconf 86' lang='grc' dir='ltr'><strong>’Ἠ</strong></span> <span class='ocrx_word' id='word_1_204' title='bbox 3306 1231 3450 1287; x_wconf 73' lang='grc' dir='ltr'>οὕτω</span> <span class='ocrx_word' id='word_1_205' title='bbox 3482 1228 3685 1284; x_wconf 85' lang='grc' dir='ltr'>πάλιν·</span> 
     </span>
    </p>
   </div>
   <div class='ocr_carea' id='block_1_27' title="bbox 2104 1319 3687 1402">
    <p class='ocr_par' dir='ltr' id='par_1_27' title="bbox 2104 1319 3687 1402">
     <span class='ocr_line' id='line_1_27' title="bbox 2104 1319 3687 1402; baseline -0.006 -19"><span class='ocrx_word' id='word_1_206' title='bbox 2104 1328 2230 1393; x_wconf 86' lang='grc' dir='ltr'><strong>Πῶς</strong></span> <span class='ocrx_word' id='word_1_207' title='bbox 2275 1330 2456 1400; x_wconf 87' lang='grc' dir='ltr'>λέγεις</span> <span class='ocrx_word' id='word_1_208' title='bbox 2503 1331 2566 1384; x_wconf 87' lang='grc' dir='ltr'>τὸ</span> <span class='ocrx_word' id='word_1_209' title='bbox 2611 1331 2908 1402; x_wconf 75' lang='grc' dir='ltr'>ἀγέννητον</span> <span class='ocrx_word' id='word_1_210' title='bbox 2947 1330 3045 1384; x_wconf 67' lang='grc' dir='ltr'><strong>κα)⁸</strong></span> <span class='ocrx_word' id='word_1_211' title='bbox 3074 1329 3136 1382; x_wconf 85' lang='grc' dir='ltr'><strong>τὺ</strong></span> <span class='ocrx_word' id='word_1_212' title='bbox 3164 1324 3454 1398; x_wconf 84' lang='grc' dir='ltr'>γεννητόν;</span> <span class='ocrx_word' id='word_1_213' title='bbox 3483 1323 3546 1376; x_wconf 88' lang='lat' dir='ltr'><strong>El.</strong></span> <span class='ocrx_word' id='word_1_214' title='bbox 3585 1319 3687 1392; x_wconf 79' lang='grc' dir='ltr'>μὲν</span> 
     </span>
    </p>
   </div>
   <div class='ocr_carea' id='block_1_28' title="bbox 2107 1411 3687 1496">
    <p class='ocr_par' dir='ltr' id='par_1_28' title="bbox 2107 1411 3687 1496">
     <span class='ocr_line' id='line_1_28' title="bbox 2107 1411 3687 1496; baseline -0.015 -8"><span class='ocrx_word' id='word_1_215' title='bbox 2107 1420 2216 1492; x_wconf 79' lang='grc' dir='ltr'><strong>γὰρ</strong></span> <span class='ocrx_word' id='word_1_216' title='bbox 2250 1420 2369 1493; x_wconf 73' lang='grc'>(84)</span> <span class='ocrx_word' id='word_1_217' title='bbox 2394 1422 2495 1496; x_wconf 80' lang='grc' dir='ltr'>τὴν</span> <span class='ocrx_word' id='word_1_218' title='bbox 2516 1423 2842 1494; x_wconf 82' lang='grc' dir='ltr'>ἀγεννησίαν</span> <span class='ocrx_word' id='word_1_219' title='bbox 2873 1421 3041 1493; x_wconf 83' lang='grc' dir='ltr'>αὐτὴν</span> <span class='ocrx_word' id='word_1_220' title='bbox 3071 1421 3167 1475; x_wconf 75' lang='grc' dir='ltr'>καὶ</span> <span class='ocrx_word' id='word_1_221' title='bbox 3191 1419 3291 1491; x_wconf 79' lang='grc' dir='ltr'><strong>τὴν</strong></span> <span class='ocrx_word' id='word_1_222' title='bbox 3316 1416 3593 1486; x_wconf 76' lang='grc' dir='ltr'>γέννησιν,</span> <span class='ocrx_word' id='word_1_223' title='bbox 3617 1411 3687 1465; x_wconf 77' lang='grc' dir='ltr'>οὐ</span> 
     </span>
    </p>
   </div>
   <div class='ocr_carea' id='block_1_29' title="bbox 2103 1507 3692 1586">
    <p class='ocr_par' dir='ltr' id='par_1_29' title="bbox 2103 1507 3692 1586">
     <span class='ocr_line' id='line_1_29' title="bbox 2103 1507 3692 1586; baseline -0.006 -20"><span class='ocrx_word' id='word_1_224' title='bbox 2103 1516 2300 1568; x_wconf 84' lang='grc' dir='ltr'>ταυτόν</span> <span class='ocrx_word' id='word_1_225' title='bbox 2330 1514 2442 1586; x_wconf 82' lang='grc'>(85)</span> <span class='ocrx_word' id='word_1_226' title='bbox 2466 1532 2482 1548; x_wconf 79' lang='grc' dir='ltr'><strong><em>ο</em></strong></span> <span class='ocrx_word' id='word_1_227' title='bbox 2520 1516 2571 1569; x_wconf 83' lang='grc' dir='ltr'><strong>εί</strong></span> <span class='ocrx_word' id='word_1_228' title='bbox 2607 1515 2665 1569; x_wconf 72' lang='grc' dir='ltr'>δὲ</span> <span class='ocrx_word' id='word_1_229' title='bbox 2701 1512 2785 1580; x_wconf 78' lang='grc' dir='ltr'>οἷς</span> <span class='ocrx_word' id='word_1_230' title='bbox 2812 1515 3049 1586; x_wconf 84' lang='grc' dir='ltr'>ὑπάρχει</span> <span class='ocrx_word' id='word_1_231' title='bbox 3088 1511 3285 1577; x_wconf 87' lang='grc' dir='ltr'>ταῦτα,</span> <span class='ocrx_word' id='word_1_232' title='bbox 3313 1508 3430 1571; x_wconf 81' lang='grc' dir='ltr'><strong>πῶς</strong></span> <span class='ocrx_word' id='word_1_233' title='bbox 3463 1507 3524 1560; x_wconf 77' lang='grc' dir='ltr'>οὐ</span> <span class='ocrx_word' id='word_1_234' title='bbox 3552 1521 3692 1558; x_wconf 80' lang='grc' dir='ltr'>ταυ-</span> 
     </span>
    </p>
   </div>
   <div class='ocr_carea' id='block_1_30' title="bbox 2106 1596 3689 1679">
    <p class='ocr_par' dir='ltr' id='par_1_30' title="bbox 2106 1596 3689 1679">
     <span class='ocr_line' id='line_1_30' title="bbox 2106 1596 3689 1679; baseline -0.006 -20"><span class='ocrx_word' id='word_1_235' title='bbox 2106 1607 2227 1664; x_wconf 61' lang='lat' dir='ltr'><strong>16v;</strong></span> <span class='ocrx_word' id='word_1_236' title='bbox 2269 1607 2420 1661; x_wconf 74' lang='grc' dir='ltr'>Ἐπεὶ</span> <span class='ocrx_word' id='word_1_237' title='bbox 2443 1608 2540 1662; x_wconf 73' lang='grc' dir='ltr'>καὶ</span> <span class='ocrx_word' id='word_1_238' title='bbox 2568 1609 2631 1663; x_wconf 85' lang='grc' dir='ltr'>τὸ</span> <span class='ocrx_word' id='word_1_239' title='bbox 2654 1609 2876 1679; x_wconf 79' lang='grc' dir='ltr'>ἄσοφον,</span> <span class='ocrx_word' id='word_1_240' title='bbox 2899 1608 2993 1661; x_wconf 71' lang='grc' dir='ltr'>καὶ</span> <span class='ocrx_word' id='word_1_241' title='bbox 3013 1607 3074 1659; x_wconf 82' lang='grc' dir='ltr'>τὸ</span> <span class='ocrx_word' id='word_1_242' title='bbox 3101 1604 3288 1673; x_wconf 80' lang='grc' dir='ltr'>σοφὸν,</span> <span class='ocrx_word' id='word_1_243' title='bbox 3309 1598 3560 1670; x_wconf 81' lang='grc' dir='ltr'>ἀλλήλοις</span> <span class='ocrx_word' id='word_1_244' title='bbox 3585 1596 3689 1667; x_wconf 72' lang='grc' dir='ltr'>μὲν</span> 
     </span>
    </p>
   </div>
   <div class='ocr_carea' id='block_1_31' title="bbox 431 1686 2007 1770">
    <p class='ocr_par' dir='ltr' id='par_1_31' title="bbox 431 1691 2000 1770">
     <span class='ocr_line' id='line_1_31' title="bbox 431 1691 2000 1770; baseline 0.008 -27"><span class='ocrx_word' id='word_1_245' title='bbox 431 1691 634 1761; x_wconf 85' lang='lat' dir='ltr'><strong>genuit.</strong></span> <span class='ocrx_word' id='word_1_246' title='bbox 659 1691 756 1747; x_wconf 82' lang='lat' dir='ltr'><strong>Vel</strong></span> <span class='ocrx_word' id='word_1_247' title='bbox 793 1695 861 1750; x_wconf 87' lang='lat' dir='ltr'><strong>ad</strong></span> <span class='ocrx_word' id='word_1_248' title='bbox 897 1697 1039 1753; x_wconf 90' lang='lat' dir='ltr'><strong>hunc</strong></span> <span class='ocrx_word' id='word_1_249' title='bbox 1081 1714 1273 1755; x_wconf 83' lang='lat' dir='ltr'><strong>rursus</strong></span> <span class='ocrx_word' id='word_1_250' title='bbox 1307 1701 1521 1755; x_wconf 86' lang='lat' dir='ltr'><strong>modum</strong></span> <span class='ocrx_word' id='word_1_251' title='bbox 1565 1714 1832 1770; x_wconf 87' lang='lat' dir='ltr'><strong>agamus:</strong></span> <span class='ocrx_word' id='word_1_252' title='bbox 1860 1700 2000 1769; x_wconf 90' lang='lat' dir='ltr'><strong>Quid</strong></span> 
     </span>
    </p>
   </div>
   <div class='ocr_carea' id='block_1_32' title="bbox 2117 1686 3693 1770">
    <p class='ocr_par' dir='ltr' id='par_1_32' title="bbox 2117 1686 3693 1770">
     <span class='ocr_line' id='line_1_32' title="bbox 2117 1686 3693 1770; baseline -0.006 -20"><span class='ocrx_word' id='word_1_253' title='bbox 2117 1697 2167 1750; x_wconf 66' lang='grc' dir='ltr'>οὐ</span> <span class='ocrx_word' id='word_1_254' title='bbox 2195 1697 2392 1763; x_wconf 76' lang='grc' dir='ltr'>ταῦτὰ,</span> <span class='ocrx_word' id='word_1_255' title='bbox 2421 1699 2551 1770; x_wconf 81' lang='grc' dir='ltr'>περὶ</span> <span class='ocrx_word' id='word_1_256' title='bbox 2577 1699 2771 1754; x_wconf 85' lang='grc' dir='ltr'>ταυτὸν</span> <span class='ocrx_word' id='word_1_257' title='bbox 2803 1699 2862 1752; x_wconf 80' lang='grc' dir='ltr'>δὲ</span> <span class='ocrx_word' id='word_1_258' title='bbox 2892 1698 2982 1752; x_wconf 85' lang='grc' dir='ltr'>τὸν</span> <span class='ocrx_word' id='word_1_259' title='bbox 3001 1696 3286 1767; x_wconf 77' lang='grc' dir='ltr'>ἄνθρωπον</span> <span class='ocrx_word' id='word_1_260' title='bbox 3303 1710 3319 1726; x_wconf 76' lang='grc' dir='ltr'><strong>ο</strong></span> <span class='ocrx_word' id='word_1_261' title='bbox 3350 1691 3446 1746; x_wconf 84' lang='grc' dir='ltr'>καὶ</span> <span class='ocrx_word' id='word_1_262' title='bbox 3472 1689 3575 1743; x_wconf 79' lang='grc' dir='ltr'>οὐκ</span> <span class='ocrx_word' id='word_1_263' title='bbox 3595 1686 3693 1741; x_wconf 82' lang='grc' dir='ltr'><strong>οὑ-</strong></span> 
     </span>
    </p>
   </div>
   <div class='ocr_carea' id='block_1_33' title="bbox 432 1776 2007 1858">
    <p class='ocr_par' dir='ltr' id='par_1_33' title="bbox 432 1782 2000 1858">
     <span class='ocr_line' id='line_1_33' title="bbox 432 1782 2000 1858; baseline 0.005 -24"><span class='ocrx_word' id='word_1_264' title='bbox 432 1794 528 1849; x_wconf 89' lang='lat' dir='ltr'><strong>per</strong></span> <span class='ocrx_word' id='word_1_265' title='bbox 566 1782 860 1853; x_wconf 79' lang='lat' dir='ltr'><strong>ingenitum</strong></span> <span class='ocrx_word' id='word_1_266' title='bbox 909 1800 974 1841; x_wconf 90' lang='lat' dir='ltr'><strong>ac</strong></span> <span class='ocrx_word' id='word_1_267' title='bbox 1002 1788 1242 1856; x_wconf 83' lang='lat' dir='ltr'><strong>genitum</strong></span> <span class='ocrx_word' id='word_1_268' title='bbox 1274 1786 1567 1857; x_wconf 83' lang='lat' dir='ltr'><strong>intelligis?</strong></span> <span class='ocrx_word' id='word_1_269' title='bbox 1612 1787 1668 1842; x_wconf 91' lang='lat' dir='ltr'><strong>Si</strong></span> <span class='ocrx_word' id='word_1_270' title='bbox 1717 1788 1886 1858; x_wconf 87' lang='lat' dir='ltr'><strong>ipsam</strong></span> <span class='ocrx_word' id='word_1_271' title='bbox 1916 1788 2000 1842; x_wconf 80' lang='grc' dir='ltr'><strong>ἰη-</strong></span> 
     </span>
    </p>
   </div>
   <div class='ocr_carea' id='block_1_34' title="bbox 2117 1776 3691 1858">
    <p class='ocr_par' dir='ltr' id='par_1_34' title="bbox 2117 1776 3691 1858">
     <span class='ocr_line' id='line_1_34' title="bbox 2117 1776 3691 1858; baseline -0.007 -17"><span class='ocrx_word' id='word_1_272' title='bbox 2117 1785 2223 1850; x_wconf 71' lang='lat' dir='ltr'><strong>Ila;</strong></span> <span class='ocrx_word' id='word_1_273' title='bbox 2246 1785 2461 1857; x_wconf 78' lang='grc' dir='ltr'><strong>τέμνει,</strong></span> <span class='ocrx_word' id='word_1_274' title='bbox 2489 1789 2619 1858; x_wconf 70' lang='grc' dir='ltr'>περὶ</span> <span class='ocrx_word' id='word_1_275' title='bbox 2661 1787 2718 1840; x_wconf 81' lang='grc' dir='ltr'>δὲ</span> <span class='ocrx_word' id='word_1_276' title='bbox 2745 1788 2845 1857; x_wconf 86' lang='grc' dir='ltr'>τὴν</span> <span class='ocrx_word' id='word_1_277' title='bbox 2877 1786 3045 1857; x_wconf 83' lang='grc' dir='ltr'>αὐτὴν</span> <span class='ocrx_word' id='word_1_278' title='bbox 3073 1784 3260 1838; x_wconf 83' lang='grc' dir='ltr'>οὐσίαν</span> <span class='ocrx_word' id='word_1_279' title='bbox 3288 1782 3570 1851; x_wconf 80' lang='grc' dir='ltr'>τέμνεται.</span> <span class='ocrx_word' id='word_1_280' title='bbox 3612 1776 3691 1831; x_wconf 79' lang='grc' dir='ltr'><strong>’Ἠ</strong></span> 
     </span>
    </p>
   </div>
   <div class='ocr_carea' id='block_1_35' title="bbox 430 1868 2007 1946">
    <p class='ocr_par' dir='ltr' id='par_1_35' title="bbox 430 1873 1993 1946">
     <span class='ocr_line' id='line_1_35' title="bbox 430 1873 1993 1946; baseline 0.003 -19"><span class='ocrx_word' id='word_1_281' title='bbox 430 1873 597 1939; x_wconf 83' lang='lat' dir='ltr'><strong>geniti</strong></span> <span class='ocrx_word' id='word_1_282' title='bbox 629 1882 684 1929; x_wconf 91' lang='lat' dir='ltr'><strong>et</strong></span> <span class='ocrx_word' id='word_1_283' title='bbox 712 1877 877 1944; x_wconf 90' lang='lat' dir='ltr'><strong>geniti</strong></span> <span class='ocrx_word' id='word_1_284' title='bbox 909 1879 1323 1946; x_wconf 85' lang='lat' dir='ltr'><strong>proprietatem,</strong></span> <span class='ocrx_word' id='word_1_285' title='bbox 1368 1894 1475 1932; x_wconf 90' lang='lat' dir='ltr'><strong>non</strong></span> <span class='ocrx_word' id='word_1_286' title='bbox 1517 1878 1661 1933; x_wconf 85' lang='lat' dir='ltr'><strong>idem</strong></span> <span class='ocrx_word' id='word_1_287' title='bbox 1694 1887 1847 1933; x_wconf 86' lang='lat' dir='ltr'><strong>sunt.</strong></span> <span class='ocrx_word' id='word_1_288' title='bbox 1895 1876 1993 1934; x_wconf 91' lang='lat' dir='ltr'><strong>Sin</strong></span> 
     </span>
    </p>
   </div>
   <div class='ocr_carea' id='block_1_36' title="bbox 2117 1868 3691 1946">
    <p class='ocr_par' dir='ltr' id='par_1_36' title="bbox 2117 1868 3691 1942">
     <span class='ocr_line' id='line_1_36' title="bbox 2117 1868 3691 1942; baseline -0.006 -13"><span class='ocrx_word' id='word_1_289' title='bbox 2117 1877 2200 1929; x_wconf 75' lang='grc' dir='ltr'>καὶ</span> <span class='ocrx_word' id='word_1_290' title='bbox 2232 1876 2295 1929; x_wconf 83' lang='grc' dir='ltr'>τὸ</span> <span class='ocrx_word' id='word_1_291' title='bbox 2324 1876 2611 1942; x_wconf 83' lang='grc' dir='ltr'>ἀθάνατον,</span> <span class='ocrx_word' id='word_1_292' title='bbox 2637 1877 2734 1931; x_wconf 74' lang='grc' dir='ltr'>καὶ</span> <span class='ocrx_word' id='word_1_293' title='bbox 2764 1877 2825 1930; x_wconf 86' lang='grc' dir='ltr'>τὸ</span> <span class='ocrx_word' id='word_1_294' title='bbox 2853 1876 3081 1940; x_wconf 81' lang='grc' dir='ltr'><strong>ἄκακον,</strong></span> <span class='ocrx_word' id='word_1_295' title='bbox 3113 1874 3208 1928; x_wconf 74' lang='grc' dir='ltr'>καὶ</span> <span class='ocrx_word' id='word_1_296' title='bbox 3238 1872 3299 1926; x_wconf 86' lang='grc' dir='ltr'>τὸ</span> <span class='ocrx_word' id='word_1_297' title='bbox 3327 1868 3691 1925; x_wconf 82' lang='grc' dir='ltr'>ἀναλλοίωτον</span> 
     </span>
    </p>
   </div>
   <div class='ocr_carea' id='block_1_37' title="bbox 432 1957 2007 2043">
    <p class='ocr_par' dir='ltr' id='par_1_37' title="bbox 432 1968 1998 2043">
     <span class='ocr_line' id='line_1_37' title="bbox 432 1968 1998 2043; baseline 0.004 -26"><span class='ocrx_word' id='word_1_298' title='bbox 432 1975 611 2022; x_wconf 84' lang='lat' dir='ltr'><strong>autem</strong></span> <span class='ocrx_word' id='word_1_299' title='bbox 644 1981 726 2036; x_wconf 87' lang='lat' dir='ltr'><strong>ea,</strong></span> <span class='ocrx_word' id='word_1_300' title='bbox 758 1969 955 2038; x_wconf 88' lang='lat' dir='ltr'><strong>quibus</strong></span> <span class='ocrx_word' id='word_1_301' title='bbox 998 1971 1111 2025; x_wconf 66' lang='lat' dir='ltr'><strong>haec</strong></span> <span class='ocrx_word' id='word_1_302' title='bbox 1141 1970 1343 2035; x_wconf 86' lang='lat' dir='ltr'><strong>insunt,</strong></span> <span class='ocrx_word' id='word_1_303' title='bbox 1372 1970 1501 2040; x_wconf 85' lang='lat' dir='ltr'><strong>quid</strong></span> <span class='ocrx_word' id='word_1_304' title='bbox 1534 1978 1683 2024; x_wconf 81' lang='lat' dir='ltr'><strong>vetat</strong></span> <span class='ocrx_word' id='word_1_305' title='bbox 1709 1968 1998 2043; x_wconf 82' lang='lat' dir='ltr'><strong>quominus</strong></span> 
     </span>
    </p>
   </div>
   <div class='ocr_carea' id='block_1_38' title="bbox 2117 1957 3695 2043">
    <p class='ocr_par' dir='ltr' id='par_1_38' title="bbox 2117 1957 3695 2035">
     <span class='ocr_line' id='line_1_38' title="bbox 2117 1957 3695 2035; baseline -0.004 -16"><span class='ocrx_word' id='word_1_306' title='bbox 2117 1966 2263 2020; x_wconf 63' lang='grc' dir='ltr'>ιύσία</span> <span class='ocrx_word' id='word_1_307' title='bbox 2296 1967 2434 2022; x_wconf 93' lang='grc' dir='ltr'>Θεοῦ</span> <span class='ocrx_word' id='word_1_308' title='bbox 2459 1985 2474 2035; x_wconf 93' lang='grc'>;</span> <span class='ocrx_word' id='word_1_309' title='bbox 2522 1969 2664 2022; x_wconf 79' lang='grc' dir='ltr'>Ἀλλ’</span> <span class='ocrx_word' id='word_1_310' title='bbox 2691 1970 2741 2022; x_wconf 85' lang='lat' dir='ltr'><strong>ei</strong></span> <span class='ocrx_word' id='word_1_311' title='bbox 2761 1965 2941 2031; x_wconf 85' lang='grc' dir='ltr'>τοῦτο,</span> <span class='ocrx_word' id='word_1_312' title='bbox 2971 1965 3166 2019; x_wconf 76' lang='grc' dir='ltr'>πολλαὶ</span> <span class='ocrx_word' id='word_1_313' title='bbox 3188 1964 3371 2018; x_wconf 81' lang='grc' dir='ltr'>οὐσίαι</span> <span class='ocrx_word' id='word_1_314' title='bbox 3391 1960 3554 2025; x_wconf 89' lang='grc' dir='ltr'>Θεοῦ,</span> <span class='ocrx_word' id='word_1_315' title='bbox 3590 1957 3695 2012; x_wconf 66' lang='grc' dir='ltr'>καὶ</span> 
     </span>
    </p>
   </div>
   <div class='ocr_carea' id='block_1_39' title="bbox 432 2044 2007 2132">
    <p class='ocr_par' dir='ltr' id='par_1_39' title="bbox 432 2057 2002 2131">
     <span class='ocr_line' id='line_1_39' title="bbox 432 2057 2002 2131; baseline 0.003 -21"><span class='ocrx_word' id='word_1_316' title='bbox 432 2057 573 2112; x_wconf 89' lang='lat' dir='ltr'><strong>idem</strong></span> <span class='ocrx_word' id='word_1_317' title='bbox 616 2059 758 2113; x_wconf 90' lang='lat' dir='ltr'><strong>sint?</strong></span> <span class='ocrx_word' id='word_1_318' title='bbox 804 2059 1250 2131; x_wconf 87' lang='lat' dir='ltr'><strong>Quandoquidem</strong></span> <span class='ocrx_word' id='word_1_319' title='bbox 1300 2061 1445 2131; x_wconf 89' lang='lat' dir='ltr'><strong>quod</strong></span> <span class='ocrx_word' id='word_1_320' title='bbox 1487 2060 1747 2130; x_wconf 89' lang='lat' dir='ltr'><strong>insipiens</strong></span> <span class='ocrx_word' id='word_1_321' title='bbox 1781 2069 1896 2126; x_wconf 88' lang='lat' dir='ltr'><strong>est,</strong></span> <span class='ocrx_word' id='word_1_322' title='bbox 1944 2069 2002 2115; x_wconf 87' lang='lat' dir='ltr'><strong>et</strong></span> 
     </span>
    </p>
   </div>
   <div class='ocr_carea' id='block_1_40' title="bbox 2117 2044 3695 2132">
    <p class='ocr_par' dir='ltr' id='par_1_40' title="bbox 2117 2044 3695 2132">
     <span class='ocr_line' id='line_1_40' title="bbox 2117 2044 3695 2132; baseline -0.004 -19"><span class='ocrx_word' id='word_1_323' title='bbox 2117 2060 2165 2113; x_wconf 66' lang='lat' dir='ltr'><strong>ab</strong></span> <span class='ocrx_word' id='word_1_324' title='bbox 2191 2059 2319 2131; x_wconf 74' lang='grc' dir='ltr'><strong>μὶαο</strong></span> <span class='ocrx_word' id='word_1_325' title='bbox 2347 2060 2381 2132; x_wconf 82' lang='grc' dir='ltr'>ἦ</span> <span class='ocrx_word' id='word_1_326' title='bbox 2412 2060 2667 2116; x_wconf 85' lang='grc' dir='ltr'>σύνθετον</span> <span class='ocrx_word' id='word_1_327' title='bbox 2691 2062 2759 2116; x_wconf 80' lang='grc' dir='ltr'>ἐκ</span> <span class='ocrx_word' id='word_1_328' title='bbox 2788 2060 2994 2115; x_wconf 83' lang='grc' dir='ltr'>τούτων</span> <span class='ocrx_word' id='word_1_329' title='bbox 3017 2060 3079 2113; x_wconf 83' lang='grc' dir='ltr'>τὸ</span> <span class='ocrx_word' id='word_1_330' title='bbox 3098 2044 3272 2113; x_wconf 84' lang='grc' dir='ltr'>Θεῐον·</span> <span class='ocrx_word' id='word_1_331' title='bbox 3305 2056 3366 2110; x_wconf 82' lang='grc' dir='ltr'>οὐ</span> <span class='ocrx_word' id='word_1_332' title='bbox 3391 2054 3501 2125; x_wconf 84' lang='grc' dir='ltr'>γὰρ</span> <span class='ocrx_word' id='word_1_333' title='bbox 3522 2055 3695 2109; x_wconf 87' lang='grc' dir='ltr'>ἀσυν-</span> 
     </span>
    </p>
   </div>
   <div class='ocr_carea' id='block_1_41' title="bbox 430 2149 2007 2226">
    <p class='ocr_par' dir='ltr' id='par_1_41' title="bbox 430 2149 2000 2223">
     <span class='ocr_line' id='line_1_41' title="bbox 430 2149 2000 2223; baseline 0 -18"><span class='ocrx_word' id='word_1_334' title='bbox 430 2149 673 2218; x_wconf 82' lang='lat' dir='ltr'><strong>sapiens,</strong></span> <span class='ocrx_word' id='word_1_335' title='bbox 717 2151 858 2207; x_wconf 91' lang='lat' dir='ltr'><strong>inter</strong></span> <span class='ocrx_word' id='word_1_336' title='bbox 900 2167 960 2208; x_wconf 91' lang='lat' dir='ltr'><strong>se</strong></span> <span class='ocrx_word' id='word_1_337' title='bbox 999 2153 1219 2223; x_wconf 89' lang='lat' dir='ltr'><strong>quidem</strong></span> <span class='ocrx_word' id='word_1_338' title='bbox 1265 2168 1371 2208; x_wconf 91' lang='lat' dir='ltr'><strong>non</strong></span> <span class='ocrx_word' id='word_1_339' title='bbox 1420 2152 1560 2207; x_wconf 86' lang='lat' dir='ltr'><strong>idem</strong></span> <span class='ocrx_word' id='word_1_340' title='bbox 1605 2160 1766 2217; x_wconf 83' lang='lat' dir='ltr'><strong>sunt;</strong></span> <span class='ocrx_word' id='word_1_341' title='bbox 1812 2166 2000 2206; x_wconf 84' lang='lat' dir='ltr'><strong>verum</strong></span> 
     </span>
    </p>
   </div>
   <div class='ocr_carea' id='block_1_42' title="bbox 2117 2149 2916 2226">
    <p class='ocr_par' dir='ltr' id='par_1_42' title="bbox 2117 2149 2916 2226">
     <span class='ocr_line' id='line_1_42' title="bbox 2117 2149 2916 2226; baseline 0.006 -23"><span class='ocrx_word' id='word_1_342' title='bbox 2117 2149 2276 2215; x_wconf 74' lang='grc' dir='ltr'>θέτως</span> <span class='ocrx_word' id='word_1_343' title='bbox 2303 2149 2497 2217; x_wconf 87' lang='grc' dir='ltr'>ταῦτα,</span> <span class='ocrx_word' id='word_1_344' title='bbox 2522 2152 2685 2226; x_wconf 74' lang='grc' dir='ltr'>εἴπερ</span> <span class='ocrx_word' id='word_1_345' title='bbox 2715 2152 2916 2208; x_wconf 86' lang='grc' dir='ltr'>οὐσίαι.</span> 
     </span>
    </p>
   </div>
   <div class='ocr_carea' id='block_1_43' title="bbox 437 2232 3693 2308">
    <p class='ocr_par' dir='ltr' id='par_1_43' title="bbox 437 2232 3693 2308">
     <span class='ocr_line' id='line_1_43' title="bbox 437 2232 3693 2308; baseline -0.002 -15"><span class='ocrx_word' id='word_1_346' title='bbox 437 2241 584 2295; x_wconf 86' lang='lat' dir='ltr'><strong>circa</strong></span> <span class='ocrx_word' id='word_1_347' title='bbox 658 2245 906 2298; x_wconf 86' lang='lat' dir='ltr'><strong>eumdem</strong></span> <span class='ocrx_word' id='word_1_348' title='bbox 950 2244 1224 2299; x_wconf 90' lang='lat' dir='ltr'><strong>hominem</strong></span> <span class='ocrx_word' id='word_1_349' title='bbox 1288 2243 1752 2298; x_wconf 85' lang='lat' dir='ltr'><strong>considerantur:</strong></span> <span class='ocrx_word' id='word_1_350' title='bbox 1825 2253 1927 2296; x_wconf 86' lang='lat' dir='ltr'><strong>nec</strong></span> <span class='ocrx_word' id='word_1_351' title='bbox 1978 2240 2312 2298; x_wconf 84' lang='lat' dir='ltr'><strong>substantias</strong></span> <span class='ocrx_word' id='word_1_352' title='bbox 2356 2243 2631 2308; x_wconf 89' lang='lat' dir='ltr'><strong>scindunt,</strong></span> <span class='ocrx_word' id='word_1_353' title='bbox 2702 2244 2801 2298; x_wconf 88' lang='lat' dir='ltr'><strong>sed</strong></span> <span class='ocrx_word' id='word_1_354' title='bbox 2845 2242 2986 2298; x_wconf 89' lang='lat' dir='ltr'><strong>circa</strong></span> <span class='ocrx_word' id='word_1_355' title='bbox 3037 2239 3283 2295; x_wconf 83' lang='lat' dir='ltr'><strong>eamdem</strong></span> <span class='ocrx_word' id='word_1_356' title='bbox 3327 2232 3693 2293; x_wconf 58' lang='lat' dir='ltr'><strong>substantiam</strong></span> 
     </span>
    </p>
   </div>
   <div class='ocr_carea' id='block_1_44' title="bbox 430 2324 3697 2404">
    <p class='ocr_par' dir='ltr' id='par_1_44' title="bbox 430 2324 3697 2404">
     <span class='ocr_line' id='line_1_44' title="bbox 430 2324 3697 2404; baseline -0.002 -17"><span class='ocrx_word' id='word_1_357' title='bbox 430 2332 771 2390; x_wconf 87' lang='lat' dir='ltr'><strong>scinduntur.</strong></span> <span class='ocrx_word' id='word_1_358' title='bbox 801 2334 980 2402; x_wconf 85' lang='lat' dir='ltr'><strong>Quid?</strong></span> <span class='ocrx_word' id='word_1_359' title='bbox 1007 2336 1090 2391; x_wconf 82' lang='lat' dir='ltr'><strong>An</strong></span> <span class='ocrx_word' id='word_1_360' title='bbox 1152 2335 1317 2392; x_wconf 90' lang='lat' dir='ltr'><strong>etiam</strong></span> <span class='ocrx_word' id='word_1_361' title='bbox 1354 2337 1754 2404; x_wconf 85' lang='lat' dir='ltr'><strong>immortalitas,</strong></span> <span class='ocrx_word' id='word_1_362' title='bbox 1818 2345 1874 2392; x_wconf 91' lang='lat' dir='ltr'><strong>et</strong></span> <span class='ocrx_word' id='word_1_363' title='bbox 1914 2335 2251 2401; x_wconf 87' lang='lat' dir='ltr'><strong>innocentia,</strong></span> <span class='ocrx_word' id='word_1_364' title='bbox 2288 2344 2344 2390; x_wconf 93' lang='lat' dir='ltr'><strong>et</strong></span> <span class='ocrx_word' id='word_1_365' title='bbox 2393 2334 2827 2402; x_wconf 86' lang='lat' dir='ltr'><strong>immutabilitas,</strong></span> <span class='ocrx_word' id='word_1_366' title='bbox 2896 2334 3132 2391; x_wconf 84' lang='lat' dir='ltr'><strong>essentia</strong></span> <span class='ocrx_word' id='word_1_367' title='bbox 3201 2331 3297 2387; x_wconf 90' lang='lat' dir='ltr'><strong>Dei</strong></span> <span class='ocrx_word' id='word_1_368' title='bbox 3337 2327 3503 2385; x_wconf 83' lang='lat' dir='ltr'><strong>sunt?</strong></span> <span class='ocrx_word' id='word_1_369' title='bbox 3538 2326 3614 2381; x_wconf 79' lang='lat' dir='ltr'><strong>At</strong></span> <span class='ocrx_word' id='word_1_370' title='bbox 3638 2324 3697 2381; x_wconf 75' lang='lat' dir='ltr'><strong>si</strong></span> 
     </span>
    </p>
   </div>
   <div class='ocr_carea' id='block_1_45' title="bbox 431 2414 3692 2493">
    <p class='ocr_par' dir='ltr' id='par_1_45' title="bbox 431 2414 3692 2493">
     <span class='ocr_line' id='line_1_45' title="bbox 431 2414 3692 2493; baseline -0.005 -10"><span class='ocrx_word' id='word_1_371' title='bbox 431 2427 506 2483; x_wconf 86' lang='lat' dir='ltr'><strong>ita</strong></span> <span class='ocrx_word' id='word_1_372' title='bbox 547 2433 662 2491; x_wconf 89' lang='lat' dir='ltr'><strong>est,</strong></span> <span class='ocrx_word' id='word_1_373' title='bbox 702 2426 880 2481; x_wconf 79' lang='lat' dir='ltr'><strong>multae</strong></span> <span class='ocrx_word' id='word_1_374' title='bbox 929 2425 1022 2480; x_wconf 89' lang='lat' dir='ltr'><strong>Dei</strong></span> <span class='ocrx_word' id='word_1_375' title='bbox 1068 2426 1320 2482; x_wconf 62' lang='lat' dir='ltr'><strong>essentia:</strong></span> <span class='ocrx_word' id='word_1_376' title='bbox 1355 2434 1535 2490; x_wconf 90' lang='lat' dir='ltr'><strong>erunt,</strong></span> <span class='ocrx_word' id='word_1_377' title='bbox 1603 2442 1711 2483; x_wconf 88' lang='lat' dir='ltr'><strong>non</strong></span> <span class='ocrx_word' id='word_1_378' title='bbox 1762 2441 1869 2482; x_wconf 87' lang='lat' dir='ltr'><strong>una</strong></span> <span class='ocrx_word' id='word_1_379' title='bbox 1900 2443 1919 2482; x_wconf 89' lang='lat'><strong>:</strong></span> <span class='ocrx_word' id='word_1_380' title='bbox 1981 2433 2073 2480; x_wconf 89' lang='lat' dir='ltr'><strong>aut</strong></span> <span class='ocrx_word' id='word_1_381' title='bbox 2112 2431 2262 2480; x_wconf 91' lang='lat' dir='ltr'><strong>certe</strong></span> <span class='ocrx_word' id='word_1_382' title='bbox 2301 2424 2631 2493; x_wconf 87' lang='lat' dir='ltr'><strong>compositus</strong></span> <span class='ocrx_word' id='word_1_383' title='bbox 2688 2438 2758 2479; x_wconf 74' lang='lat' dir='ltr'><strong>ex</strong></span> <span class='ocrx_word' id='word_1_384' title='bbox 2807 2422 2894 2479; x_wconf 89' lang='lat' dir='ltr'><strong>his</strong></span> <span class='ocrx_word' id='word_1_385' title='bbox 2935 2420 3074 2476; x_wconf 90' lang='lat' dir='ltr'><strong>Deus</strong></span> <span class='ocrx_word' id='word_1_386' title='bbox 3118 2428 3244 2476; x_wconf 84' lang='lat' dir='ltr'><strong>erit.</strong></span> <span class='ocrx_word' id='word_1_387' title='bbox 3303 2416 3488 2487; x_wconf 80' lang='lat' dir='ltr'><strong>Neque</strong></span> <span class='ocrx_word' id='word_1_388' title='bbox 3538 2414 3692 2470; x_wconf 78' lang='lat' dir='ltr'><strong>enim</strong></span> 
     </span>
    </p>
   </div>
   <div class='ocr_carea' id='block_1_46' title="bbox 431 2519 2449 2590">
    <p class='ocr_par' dir='ltr' id='par_1_46' title="bbox 431 2519 2449 2590">
     <span class='ocr_line' id='line_1_46' title="bbox 431 2519 2449 2590; baseline -0.002 -14"><span class='ocrx_word' id='word_1_389' title='bbox 431 2521 548 2576; x_wconf 71' lang='lat' dir='ltr'><strong>haec</strong></span> <span class='ocrx_word' id='word_1_390' title='bbox 588 2520 724 2575; x_wconf 88' lang='lat' dir='ltr'><strong>citra</strong></span> <span class='ocrx_word' id='word_1_391' title='bbox 778 2519 1225 2589; x_wconf 86' lang='lat' dir='ltr'><strong>compositionem</strong></span> <span class='ocrx_word' id='word_1_392' title='bbox 1274 2534 1396 2575; x_wconf 90' lang='lat' dir='ltr'><strong>esse</strong></span> <span class='ocrx_word' id='word_1_393' title='bbox 1453 2531 1691 2590; x_wconf 87' lang='lat' dir='ltr'><strong>queunt,</strong></span> <span class='ocrx_word' id='word_1_394' title='bbox 1738 2520 1787 2576; x_wconf 89' lang='lat' dir='ltr'><strong>si</strong></span> <span class='ocrx_word' id='word_1_395' title='bbox 1836 2519 1996 2576; x_wconf 89' lang='lat' dir='ltr'><strong>modo</strong></span> <span class='ocrx_word' id='word_1_396' title='bbox 2032 2519 2281 2574; x_wconf 64' lang='lat' dir='ltr'><strong>essentia</strong></span> <span class='ocrx_word' id='word_1_397' title='bbox 2307 2528 2449 2573; x_wconf 88' lang='lat' dir='ltr'><strong>sunt.</strong></span> 
     </span>
    </p>
   </div>
   <div class='ocr_carea' id='block_1_47' title="bbox 502 2608 2007 2688">
    <p class='ocr_par' dir='ltr' id='par_1_47' title="bbox 502 2613 2002 2688">
     <span class='ocr_line' id='line_1_47' title="bbox 502 2613 2002 2688; baseline 0.001 -17"><span class='ocrx_word' id='word_1_398' title='bbox 502 2615 594 2671; x_wconf 79' lang='lat' dir='ltr'><strong>XI.</strong></span> <span class='ocrx_word' id='word_1_399' title='bbox 626 2613 754 2671; x_wconf 69' lang='lat' dir='ltr'><strong>Haec</strong></span> <span class='ocrx_word' id='word_1_400' title='bbox 784 2616 999 2685; x_wconf 87' lang='lat' dir='ltr'><strong>quidem</strong></span> <span class='ocrx_word' id='word_1_401' title='bbox 1034 2616 1177 2670; x_wconf 88' lang='lat' dir='ltr'><strong>haud</strong></span> <span class='ocrx_word' id='word_1_402' title='bbox 1199 2615 1408 2671; x_wconf 90' lang='lat' dir='ltr'><strong>dicunt.</strong></span> <span class='ocrx_word' id='word_1_403' title='bbox 1439 2615 1757 2673; x_wconf 81' lang='lat' dir='ltr'><strong>Communia</strong></span> <span class='ocrx_word' id='word_1_404' title='bbox 1803 2617 2002 2688; x_wconf 88' lang='lat' dir='ltr'><strong>quippe</strong></span> 
     </span>
    </p>
   </div>
   <div class='ocr_carea' id='block_1_48' title="bbox 2117 2608 3697 2688">
    <p class='ocr_par' dir='ltr' id='par_1_48' title="bbox 2176 2608 3697 2685">
     <span class='ocr_line' id='line_1_48' title="bbox 2176 2608 3697 2685; baseline -0.003 -18"><span class='ocrx_word' id='word_1_405' title='bbox 2176 2613 2281 2667; x_wconf 82' lang='lat' dir='ltr'><strong>IA&#39;.</strong></span> <span class='ocrx_word' id='word_1_406' title='bbox 2319 2614 2506 2668; x_wconf 84' lang='grc' dir='ltr'>Ταῦτα</span> <span class='ocrx_word' id='word_1_407' title='bbox 2564 2615 2665 2685; x_wconf 82' lang='grc' dir='ltr'>μὲν</span> <span class='ocrx_word' id='word_1_408' title='bbox 2719 2612 2783 2667; x_wconf 79' lang='grc' dir='ltr'><strong>οῦ</strong></span> <span class='ocrx_word' id='word_1_409' title='bbox 2843 2628 3007 2683; x_wconf 69' lang='grc' dir='ltr'>φασιν</span> <span class='ocrx_word' id='word_1_410' title='bbox 3062 2610 3221 2666; x_wconf 76' lang='grc' dir='ltr'>κοινὰ</span> <span class='ocrx_word' id='word_1_411' title='bbox 3284 2611 3395 2682; x_wconf 78' lang='grc' dir='ltr'><strong>γάρ</strong></span> <span class='ocrx_word' id='word_1_412' title='bbox 3445 2609 3542 2663; x_wconf 70' lang='grc' dir='ltr'>καὶ</span> <span class='ocrx_word' id='word_1_413' title='bbox 3595 2608 3697 2664; x_wconf 73' lang='grc' dir='ltr'><strong>ἄλο</strong></span> 
     </span>
    </p>
   </div>
   <div class='ocr_carea' id='block_1_49' title="bbox 430 2699 2007 2780">
    <p class='ocr_par' dir='ltr' id='par_1_49' title="bbox 430 2706 1997 2778">
     <span class='ocr_line' id='line_1_49' title="bbox 430 2706 1997 2778; baseline 0.001 -15"><span class='ocrx_word' id='word_1_414' title='bbox 430 2710 660 2765; x_wconf 87' lang='lat' dir='ltr'><strong>aliorum</strong></span> <span class='ocrx_word' id='word_1_415' title='bbox 699 2722 913 2778; x_wconf 88' lang='lat' dir='ltr'><strong>quoque</strong></span> <span class='ocrx_word' id='word_1_416' title='bbox 932 2717 1080 2763; x_wconf 88' lang='lat' dir='ltr'><strong>sunt.</strong></span> <span class='ocrx_word' id='word_1_417' title='bbox 1122 2706 1276 2775; x_wconf 88' lang='lat' dir='ltr'><strong>Quod</strong></span> <span class='ocrx_word' id='word_1_418' title='bbox 1325 2717 1503 2762; x_wconf 87' lang='lat' dir='ltr'><strong>autem</strong></span> <span class='ocrx_word' id='word_1_419' title='bbox 1548 2709 1713 2764; x_wconf 87' lang='lat' dir='ltr'><strong>solius</strong></span> <span class='ocrx_word' id='word_1_420' title='bbox 1743 2709 1841 2764; x_wconf 89' lang='lat' dir='ltr'><strong>Dei</strong></span> <span class='ocrx_word' id='word_1_421' title='bbox 1892 2720 1997 2778; x_wconf 89' lang='lat' dir='ltr'><strong>est,</strong></span> 
     </span>
    </p>
   </div>
   <div class='ocr_carea' id='block_1_50' title="bbox 2117 2699 3688 2780">
    <p class='ocr_par' dir='ltr' id='par_1_50' title="bbox 2117 2699 3688 2780">
     <span class='ocr_line' id='line_1_50' title="bbox 2117 2699 3688 2780; baseline -0.003 -20"><span class='ocrx_word' id='word_1_422' title='bbox 2117 2711 2210 2761; x_wconf 71' lang='grc' dir='ltr'><strong>ιων</strong></span> <span class='ocrx_word' id='word_1_423' title='bbox 2245 2704 2376 2780; x_wconf 85' lang='grc'>(86).</span> <span class='ocrx_word' id='word_1_424' title='bbox 2413 2708 2478 2760; x_wconf 88' lang='grc' dir='ltr'><em>Ὃ</em></span> <span class='ocrx_word' id='word_1_425' title='bbox 2516 2705 2574 2761; x_wconf 84' lang='grc' dir='ltr'>δὲ</span> <span class='ocrx_word' id='word_1_426' title='bbox 2619 2706 2785 2778; x_wconf 84' lang='grc' dir='ltr'>μόνου</span> <span class='ocrx_word' id='word_1_427' title='bbox 2821 2705 2956 2760; x_wconf 86' lang='grc' dir='ltr'>Θεοῦ</span> <span class='ocrx_word' id='word_1_428' title='bbox 2989 2706 3085 2759; x_wconf 78' lang='grc' dir='ltr'>καὶ</span> <span class='ocrx_word' id='word_1_429' title='bbox 3126 2705 3278 2771; x_wconf 77' lang='grc' dir='ltr'>ἴδιον,</span> <span class='ocrx_word' id='word_1_430' title='bbox 3309 2702 3466 2756; x_wconf 86' lang='grc' dir='ltr'>τοῦτο</span> <span class='ocrx_word' id='word_1_431' title='bbox 3504 2699 3688 2755; x_wconf 66' lang='grc' dir='ltr'>οὐσία»</span> 
     </span>
    </p>
   </div>
   <div class='ocr_carea' id='block_1_51' title="bbox 434 2794 2007 2873">
    <p class='ocr_par' dir='ltr' id='par_1_51' title="bbox 434 2798 1996 2872">
     <span class='ocr_line' id='line_1_51' title="bbox 434 2798 1996 2872; baseline 0.001 -17"><span class='ocrx_word' id='word_1_432' title='bbox 434 2801 646 2872; x_wconf 83' lang='lat' dir='ltr'><strong>ipsique</strong></span> <span class='ocrx_word' id='word_1_433' title='bbox 682 2801 898 2869; x_wconf 82' lang='lat' dir='ltr'><strong>proprie</strong></span> <span class='ocrx_word' id='word_1_434' title='bbox 929 2798 1089 2870; x_wconf 79' lang='lat'><strong>531</strong></span> <span class='ocrx_word' id='word_1_435' title='bbox 1134 2799 1405 2867; x_wconf 83' lang='lat' dir='ltr'><strong>convenit,</strong></span> <span class='ocrx_word' id='word_1_436' title='bbox 1468 2800 1575 2856; x_wconf 87' lang='lat' dir='ltr'><strong>hoc</strong></span> <span class='ocrx_word' id='word_1_437' title='bbox 1616 2800 1714 2872; x_wconf 86' lang='lat' dir='ltr'><strong>ipsi</strong></span> <span class='ocrx_word' id='word_1_438' title='bbox 1761 2802 1996 2858; x_wconf 77' lang='lat' dir='ltr'><strong>essentia</strong></span> 
     </span>
    </p>
   </div>
   <div class='ocr_carea' id='block_1_52' title="bbox 2117 2794 3691 2873">
    <p class='ocr_par' dir='ltr' id='par_1_52' title="bbox 2117 2794 3691 2873">
     <span class='ocr_line' id='line_1_52' title="bbox 2117 2794 3691 2873; baseline -0.008 -15"><span class='ocrx_word' id='word_1_439' title='bbox 2117 2804 2218 2859; x_wconf 74' lang='lat' dir='ltr'><strong>)th</strong></span> <span class='ocrx_word' id='word_1_440' title='bbox 2233 2802 2299 2857; x_wconf 83' lang='grc' dir='ltr'>ἂν</span> <span class='ocrx_word' id='word_1_441' title='bbox 2324 2802 2421 2873; x_wconf 82' lang='grc' dir='ltr'>μὲν</span> <span class='ocrx_word' id='word_1_442' title='bbox 2443 2799 2697 2871; x_wconf 79' lang='grc' dir='ltr'>συγχωρή</span> <span class='ocrx_word' id='word_1_443' title='bbox 2706 2814 2856 2852; x_wconf 89' lang='grc' dir='ltr'>σαιεν</span> <span class='ocrx_word' id='word_1_444' title='bbox 2872 2794 3009 2853; x_wconf 75' lang='grc' dir='ltr'>εἶναι</span> <span class='ocrx_word' id='word_1_445' title='bbox 3032 2797 3194 2869; x_wconf 84' lang='grc' dir='ltr'>μόνου</span> <span class='ocrx_word' id='word_1_446' title='bbox 3218 2795 3352 2851; x_wconf 83' lang='grc' dir='ltr'>Θεοῦ</span> <span class='ocrx_word' id='word_1_447' title='bbox 3376 2795 3439 2848; x_wconf 80' lang='grc' dir='ltr'>τὸ</span> <span class='ocrx_word' id='word_1_448' title='bbox 3452 2794 3691 2864; x_wconf 77' lang='grc' dir='ltr'>ἀγέννη-</span> 
     </span>
    </p>
   </div>
   <div class='ocr_carea' id='block_1_53' title="bbox 429 2886 2007 2964">
    <p class='ocr_par' dir='ltr' id='par_1_53' title="bbox 429 2890 1997 2960">
     <span class='ocr_line' id='line_1_53' title="bbox 429 2890 1997 2960; baseline -0.001 -12"><span class='ocrx_word' id='word_1_449' title='bbox 429 2900 535 2948; x_wconf 86' lang='lat' dir='ltr'><strong>est.</strong></span> <span class='ocrx_word' id='word_1_450' title='bbox 570 2891 736 2959; x_wconf 74' lang='lat' dir='ltr'><strong>Atqui</strong></span> <span class='ocrx_word' id='word_1_451' title='bbox 788 2891 954 2946; x_wconf 89' lang='lat' dir='ltr'><strong>solius</strong></span> <span class='ocrx_word' id='word_1_452' title='bbox 1004 2890 1098 2946; x_wconf 84' lang='lat' dir='ltr'><strong>Dei</strong></span> <span class='ocrx_word' id='word_1_453' title='bbox 1142 2890 1438 2960; x_wconf 84' lang='lat' dir='ltr'><strong>ingenitum</strong></span> <span class='ocrx_word' id='word_1_454' title='bbox 1491 2905 1632 2958; x_wconf 86' lang='lat' dir='ltr'><strong>esse,</strong></span> <span class='ocrx_word' id='word_1_455' title='bbox 1665 2891 1889 2949; x_wconf 89' lang='lat' dir='ltr'><strong>minime</strong></span> <span class='ocrx_word' id='word_1_456' title='bbox 1922 2890 1997 2947; x_wconf 91' lang='lat' dir='ltr'><strong>illi</strong></span> 
     </span>
    </p>
   </div>
   <div class='ocr_carea' id='block_1_54' title="bbox 2117 2886 3690 2964">
    <p class='ocr_par' dir='ltr' id='par_1_54' title="bbox 2117 2886 3690 2964">
     <span class='ocr_line' id='line_1_54' title="bbox 2117 2886 3690 2964; baseline -0.008 -14"><span class='ocrx_word' id='word_1_457' title='bbox 2117 2913 2213 2963; x_wconf 72' lang='grc' dir='ltr'>εον,</span> <span class='ocrx_word' id='word_1_458' title='bbox 2241 2897 2291 2949; x_wconf 83' lang='grc' dir='ltr'>οἱ</span> <span class='ocrx_word' id='word_1_459' title='bbox 2319 2910 2413 2948; x_wconf 87' lang='grc' dir='ltr'><strong>και</strong></span> <span class='ocrx_word' id='word_1_460' title='bbox 2432 2904 2530 2964; x_wconf 83' lang='grc' dir='ltr'><strong>την</strong></span> <span class='ocrx_word' id='word_1_461' title='bbox 2558 2890 2688 2962; x_wconf 82' lang='grc' dir='ltr'>ὕλην</span> <span class='ocrx_word' id='word_1_462' title='bbox 2711 2889 2823 2962; x_wconf 81' lang='grc'>(8⁵7)</span> <span class='ocrx_word' id='word_1_463' title='bbox 2848 2891 2944 2943; x_wconf 78' lang='grc' dir='ltr'>καὶ</span> <span class='ocrx_word' id='word_1_464' title='bbox 2965 2889 3063 2960; x_wconf 88' lang='grc' dir='ltr'><strong>τὴν</strong></span> <span class='ocrx_word' id='word_1_465' title='bbox 3088 2888 3227 2942; x_wconf 81' lang='grc' dir='ltr'>ἰδέαν</span> <span class='ocrx_word' id='word_1_466' title='bbox 3249 2886 3690 2954; x_wconf 81' lang='grc' dir='ltr'>συνεισάγοντες,</span> 
     </span>
    </p>
   </div>
   <div class='ocr_carea' id='block_1_55' title="bbox 432 2976 2007 3057">
    <p class='ocr_par' dir='ltr' id='par_1_55' title="bbox 432 2982 2001 3053">
     <span class='ocr_line' id='line_1_55' title="bbox 432 2982 2001 3053; baseline -0.001 -15"><span class='ocrx_word' id='word_1_467' title='bbox 432 2983 823 3049; x_wconf 88' lang='lat' dir='ltr'><strong>concesserint,</strong></span> <span class='ocrx_word' id='word_1_468' title='bbox 875 2983 968 3052; x_wconf 85' lang='lat' dir='ltr'><strong>qui</strong></span> <span class='ocrx_word' id='word_1_469' title='bbox 1000 2983 1281 3038; x_wconf 87' lang='lat' dir='ltr'><strong>materiam</strong></span> <span class='ocrx_word' id='word_1_470' title='bbox 1310 2997 1524 3053; x_wconf 85' lang='lat' dir='ltr'><strong>quoque</strong></span> <span class='ocrx_word' id='word_1_471' title='bbox 1578 2991 1632 3038; x_wconf 88' lang='lat' dir='ltr'><strong>et</strong></span> <span class='ocrx_word' id='word_1_472' title='bbox 1659 2982 1911 3049; x_wconf 79' lang='lat' dir='ltr'><strong>formam,</strong></span> <span class='ocrx_word' id='word_1_473' title='bbox 1941 2990 2001 3039; x_wconf 90' lang='lat' dir='ltr'><strong>ut</strong></span> 
     </span>
    </p>
   </div>
   <div class='ocr_carea' id='block_1_56' title="bbox 2117 2976 3692 3057">
    <p class='ocr_par' dir='ltr' id='par_1_56' title="bbox 2117 2976 3692 3057">
     <span class='ocr_line' id='line_1_56' title="bbox 2117 2976 3692 3057; baseline -0.007 -16"><span class='ocrx_word' id='word_1_474' title='bbox 2117 2987 2181 3051; x_wconf 71' lang='lat' dir='ltr'><strong>ii;</strong></span> <span class='ocrx_word' id='word_1_475' title='bbox 2202 2986 2499 3057; x_wconf 76' lang='grc' dir='ltr'>ἀγέννητα.</span> <span class='ocrx_word' id='word_1_476' title='bbox 2514 2984 2588 3039; x_wconf 85' lang='grc' dir='ltr'>Τὸ</span> <span class='ocrx_word' id='word_1_477' title='bbox 2604 2984 2711 3055; x_wconf 82' lang='grc' dir='ltr'>γὰρ</span> <span class='ocrx_word' id='word_1_478' title='bbox 2747 2984 3065 3052; x_wconf 85' lang='grc' dir='ltr'>Μανιχαίων</span> <span class='ocrx_word' id='word_1_479' title='bbox 3084 2988 3415 3055; x_wconf 77' lang='grc' dir='ltr'>πορρωιερω</span> <span class='ocrx_word' id='word_1_480' title='bbox 3441 2976 3583 3051; x_wconf 57' lang='grc' dir='ltr'>ῥίψω</span> <span class='ocrx_word' id='word_1_481' title='bbox 3590 2992 3692 3049; x_wconf 86' lang='grc' dir='ltr'><strong>μεν</strong></span> 
     </span>
    </p>
   </div>
   <div class='ocr_carea' id='block_1_57' title="bbox 433 3049 2007 3150">
    <p class='ocr_par' dir='ltr' id='par_1_57' title="bbox 433 3049 2004 3144">
     <span class='ocr_line' id='line_1_57' title="bbox 433 3049 2004 3144; baseline 0.001 -17"><span class='ocrx_word' id='word_1_482' title='bbox 433 3072 725 3144; x_wconf 74' lang='lat' dir='ltr'><strong>ingenitas,</strong></span> <span class='ocrx_word' id='word_1_483' title='bbox 750 3049 1099 3126; x_wconf 56' lang='lat' dir='ltr'><strong>intluserunt.</strong></span> <span class='ocrx_word' id='word_1_484' title='bbox 1128 3049 1546 3127; x_wconf 61' lang='lat' dir='ltr'><strong>Manichaeorum</strong></span> <span class='ocrx_word' id='word_1_485' title='bbox 1574 3072 1718 3128; x_wconf 90' lang='lat' dir='ltr'><strong>enim</strong></span> <span class='ocrx_word' id='word_1_486' title='bbox 1756 3075 2004 3129; x_wconf 83' lang='lat' dir='ltr'><strong>tenebras</strong></span> 
     </span>
    </p>
   </div>
   <div class='ocr_carea' id='block_1_58' title="bbox 2117 3049 3690 3150">
    <p class='ocr_par' dir='ltr' id='par_1_58' title="bbox 2117 3049 3690 3150">
     <span class='ocr_line' id='line_1_58' title="bbox 2117 3049 3690 3150; baseline -0.006 -18"><span class='ocrx_word' id='word_1_487' title='bbox 2117 3049 2304 3142; x_wconf 52' lang='lat' dir='ltr'><strong>mea.</strong></span> <span class='ocrx_word' id='word_1_488' title='bbox 2329 3049 2463 3150; x_wconf 73' lang='lat' dir='ltr'><strong>(se).</strong></span> <span class='ocrx_word' id='word_1_489' title='bbox 2496 3049 2641 3147; x_wconf 64' lang='grc' dir='ltr'>Πλὴν</span> <span class='ocrx_word' id='word_1_490' title='bbox 2670 3049 2811 3129; x_wconf 75' lang='grc' dir='ltr'><strong>ἐστω</strong></span> <span class='ocrx_word' id='word_1_491' title='bbox 2846 3049 3010 3146; x_wconf 61' lang='grc' dir='ltr'>μόνου</span> <span class='ocrx_word' id='word_1_492' title='bbox 3043 3049 3205 3128; x_wconf 70' lang='grc' dir='ltr'>Θεοῦ.</span> <span class='ocrx_word' id='word_1_493' title='bbox 3234 3072 3299 3125; x_wconf 90' lang='grc' dir='ltr'>Τί</span> <span class='ocrx_word' id='word_1_494' title='bbox 3326 3049 3383 3125; x_wconf 81' lang='grc' dir='ltr'>δὲ</span> <span class='ocrx_word' id='word_1_495' title='bbox 3413 3049 3451 3124; x_wconf 13' lang='grc' dir='ltr'><strong>δή</strong></span> <span class='ocrx_word' id='word_1_496' title='bbox 3477 3069 3690 3140; x_wconf 81' lang='grc' dir='ltr'>Ἀδάμ;</span> 
     </span>
    </p>
   </div>
   <div class='ocr_carea' id='block_1_59' title="bbox 434 3156 2007 3241">
    <p class='ocr_par' dir='ltr' id='par_1_59' title="bbox 434 3162 2005 3235">
     <span class='ocr_line' id='line_1_59' title="bbox 434 3162 2005 3235; baseline 0.001 -15"><span class='ocrx_word' id='word_1_497' title='bbox 434 3166 646 3235; x_wconf 83' lang='lat' dir='ltr'><strong>longius</strong></span> <span class='ocrx_word' id='word_1_498' title='bbox 669 3164 847 3219; x_wconf 81' lang='lat' dir='ltr'><strong>adhuc</strong></span> <span class='ocrx_word' id='word_1_499' title='bbox 897 3163 1270 3234; x_wconf 86' lang='lat' dir='ltr'><strong>projiciamus.</strong></span> <span class='ocrx_word' id='word_1_500' title='bbox 1297 3162 1404 3218; x_wconf 88' lang='lat' dir='ltr'><strong>Sed</strong></span> <span class='ocrx_word' id='word_1_501' title='bbox 1437 3164 1510 3219; x_wconf 85' lang='lat' dir='ltr'><strong>sit</strong></span> <span class='ocrx_word' id='word_1_502' title='bbox 1552 3178 1685 3220; x_wconf 87' lang='lat' dir='ltr'><strong>sane</strong></span> <span class='ocrx_word' id='word_1_503' title='bbox 1716 3164 1884 3220; x_wconf 87' lang='lat' dir='ltr'><strong>solius</strong></span> <span class='ocrx_word' id='word_1_504' title='bbox 1911 3165 2005 3221; x_wconf 91' lang='lat' dir='ltr'><strong>Dei</strong></span> 
     </span>
    </p>
   </div>
   <div class='ocr_carea' id='block_1_60' title="bbox 2117 3156 3691 3241">
    <p class='ocr_par' dir='ltr' id='par_1_60' title="bbox 2117 3156 3691 3241">
     <span class='ocr_line' id='line_1_60' title="bbox 2117 3156 3691 3241; baseline -0.006 -17"><span class='ocrx_word' id='word_1_505' title='bbox 2117 3170 2170 3224; x_wconf 70' lang='lat' dir='ltr'><strong>at)</strong></span> <span class='ocrx_word' id='word_1_506' title='bbox 2201 3169 2361 3241; x_wconf 84' lang='grc' dir='ltr'>μόνος</span> <span class='ocrx_word' id='word_1_507' title='bbox 2392 3167 2622 3239; x_wconf 84' lang='grc' dir='ltr'>πλάσμα</span> <span class='ocrx_word' id='word_1_508' title='bbox 2648 3166 2816 3233; x_wconf 83' lang='grc' dir='ltr'>Θεοῦ;</span> <span class='ocrx_word' id='word_1_509' title='bbox 2843 3167 2956 3220; x_wconf 62' lang='grc' dir='ltr'><strong>Καὶ⁵</strong></span> <span class='ocrx_word' id='word_1_510' title='bbox 2980 3166 3143 3231; x_wconf 82' lang='grc' dir='ltr'>πάνυ,</span> <span class='ocrx_word' id='word_1_511' title='bbox 3177 3166 3390 3236; x_wconf 75' lang='grc' dir='ltr'>φήσεις.</span> <span class='ocrx_word' id='word_1_512' title='bbox 3436 3157 3562 3233; x_wconf 68' lang='grc' dir='ltr'><strong>Ἆρ’</strong></span> <span class='ocrx_word' id='word_1_513' title='bbox 3596 3156 3691 3216; x_wconf 79' lang='grc' dir='ltr'>οὖν</span> 
     </span>
    </p>
   </div>
   <div class='ocr_carea' id='block_1_61' title="bbox 435 3254 2009 3328">
    <p class='ocr_par' dir='ltr' id='par_1_61' title="bbox 435 3254 2009 3328">
     <span class='ocr_line' id='line_1_61' title="bbox 435 3254 2009 3328; baseline -0.001 -13"><span class='ocrx_word' id='word_1_514' title='bbox 435 3258 755 3328; x_wconf 84' lang='lat' dir='ltr'><strong>ingenitum.</strong></span> <span class='ocrx_word' id='word_1_515' title='bbox 803 3256 943 3323; x_wconf 81' lang='lat' dir='ltr'><strong>Quid</strong></span> <span class='ocrx_word' id='word_1_516' title='bbox 967 3256 1182 3312; x_wconf 83' lang='lat' dir='ltr'><strong>Adam?</strong></span> <span class='ocrx_word' id='word_1_517' title='bbox 1211 3254 1408 3312; x_wconf 89' lang='lat' dir='ltr'><strong>Nonne</strong></span> <span class='ocrx_word' id='word_1_518' title='bbox 1435 3256 1585 3312; x_wconf 87' lang='lat' dir='ltr'><strong>solus</strong></span> <span class='ocrx_word' id='word_1_519' title='bbox 1609 3271 1642 3311; x_wconf 85' lang='lat' dir='ltr'><strong>a</strong></span> <span class='ocrx_word' id='word_1_520' title='bbox 1670 3256 1781 3313; x_wconf 91' lang='lat' dir='ltr'><strong>Deo</strong></span> <span class='ocrx_word' id='word_1_521' title='bbox 1801 3255 2009 3314; x_wconf 76' lang='lat' dir='ltr'><strong>efﬁctus</strong></span> 
     </span>
    </p>
   </div>
   <div class='ocr_carea' id='block_1_62' title="bbox 435 3345 2011 3419">
    <p class='ocr_par' dir='ltr' id='par_1_62' title="bbox 435 3345 2011 3419">
     <span class='ocr_line' id='line_1_62' title="bbox 435 3345 2011 3419; baseline 0 -13"><span class='ocrx_word' id='word_1_522' title='bbox 435 3349 560 3406; x_wconf 84' lang='lat' dir='ltr'><strong>est?</strong></span> <span class='ocrx_word' id='word_1_523' title='bbox 605 3348 859 3415; x_wconf 80' lang='lat' dir='ltr'><strong>Maxime,</strong></span> <span class='ocrx_word' id='word_1_524' title='bbox 923 3347 1154 3417; x_wconf 87' lang='lat' dir='ltr'><strong>inquies.</strong></span> <span class='ocrx_word' id='word_1_525' title='bbox 1192 3345 1384 3403; x_wconf 89' lang='lat' dir='ltr'><strong>Utrum</strong></span> <span class='ocrx_word' id='word_1_526' title='bbox 1429 3363 1560 3418; x_wconf 84' lang='lat' dir='ltr'><strong>ergo</strong></span> <span class='ocrx_word' id='word_1_527' title='bbox 1606 3348 1755 3405; x_wconf 87' lang='lat' dir='ltr'><strong>solus</strong></span> <span class='ocrx_word' id='word_1_528' title='bbox 1796 3364 2011 3419; x_wconf 85' lang='lat' dir='ltr'><strong>quoque</strong></span> 
     </span>
    </p>
   </div>
   <div class='ocr_carea' id='block_1_63' title="bbox 436 3439 2011 3507">
    <p class='ocr_par' dir='ltr' id='par_1_63' title="bbox 436 3439 2011 3507">
     <span class='ocr_line' id='line_1_63' title="bbox 436 3439 2011 3507; baseline 0 -9"><span class='ocrx_word' id='word_1_529' title='bbox 436 3443 641 3500; x_wconf 76' lang='lat' dir='ltr'><strong>homo?</strong></span> <span class='ocrx_word' id='word_1_530' title='bbox 686 3440 927 3496; x_wconf 76' lang='lat' dir='ltr'><strong>Minime.</strong></span> <span class='ocrx_word' id='word_1_531' title='bbox 978 3439 1207 3507; x_wconf 86' lang='lat' dir='ltr'><strong>Quare?</strong></span> <span class='ocrx_word' id='word_1_532' title='bbox 1263 3439 1399 3506; x_wconf 90' lang='lat' dir='ltr'><strong>Quia</strong></span> <span class='ocrx_word' id='word_1_533' title='bbox 1448 3439 1649 3496; x_wconf 74' lang='lat' dir='ltr'><strong>ellictio</strong></span> <span class='ocrx_word' id='word_1_534' title='bbox 1701 3441 2011 3498; x_wconf 87' lang='lat' dir='ltr'><strong>humanitas</strong></span> 
     </span>
    </p>
   </div>
   <div class='ocr_carea' id='block_1_64' title="bbox 436 3531 2011 3603">
    <p class='ocr_par' dir='ltr' id='par_1_64' title="bbox 436 3531 2011 3603">
     <span class='ocr_line' id='line_1_64' title="bbox 436 3531 2011 3603; baseline -0.001 -14"><span class='ocrx_word' id='word_1_535' title='bbox 436 3550 543 3589; x_wconf 87' lang='lat' dir='ltr'><strong>non</strong></span> <span class='ocrx_word' id='word_1_536' title='bbox 572 3542 677 3588; x_wconf 91' lang='lat' dir='ltr'><strong>est.</strong></span> <span class='ocrx_word' id='word_1_537' title='bbox 706 3532 840 3587; x_wconf 83' lang='lat' dir='ltr'><strong>Nam</strong></span> <span class='ocrx_word' id='word_1_538' title='bbox 871 3532 917 3586; x_wconf 93' lang='lat' dir='ltr'><strong>is</strong></span> <span class='ocrx_word' id='word_1_539' title='bbox 942 3545 1181 3600; x_wconf 79' lang='lat' dir='ltr'><strong>quoque,</strong></span> <span class='ocrx_word' id='word_1_540' title='bbox 1226 3531 1319 3601; x_wconf 90' lang='lat' dir='ltr'><strong>qui</strong></span> <span class='ocrx_word' id='word_1_541' title='bbox 1359 3532 1675 3603; x_wconf 86' lang='lat' dir='ltr'><strong>progenitus</strong></span> <span class='ocrx_word' id='word_1_542' title='bbox 1704 3541 1811 3597; x_wconf 89' lang='lat' dir='ltr'><strong>est,</strong></span> <span class='ocrx_word' id='word_1_543' title='bbox 1850 3533 2011 3588; x_wconf 89' lang='lat' dir='ltr'><strong>homo</strong></span> 
     </span>
    </p>
   </div>
   <div class='ocr_carea' id='block_1_65' title="bbox 437 3623 2009 3694">
    <p class='ocr_par' dir='ltr' id='par_1_65' title="bbox 437 3623 2009 3694">
     <span class='ocr_line' id='line_1_65' title="bbox 437 3623 2009 3694; baseline -0.001 -13"><span class='ocrx_word' id='word_1_544' title='bbox 437 3636 542 3681; x_wconf 88' lang='lat' dir='ltr'><strong>est.</strong></span> <span class='ocrx_word' id='word_1_545' title='bbox 595 3625 797 3681; x_wconf 86' lang='lat' dir='ltr'><strong>Eodem</strong></span> <span class='ocrx_word' id='word_1_546' title='bbox 830 3625 990 3678; x_wconf 90' lang='lat' dir='ltr'><strong>modo</strong></span> <span class='ocrx_word' id='word_1_547' title='bbox 1034 3637 1136 3679; x_wconf 90' lang='lat' dir='ltr'><strong>nec</strong></span> <span class='ocrx_word' id='word_1_548' title='bbox 1168 3623 1462 3694; x_wconf 86' lang='lat' dir='ltr'><strong>ingenitum</strong></span> <span class='ocrx_word' id='word_1_549' title='bbox 1507 3624 1681 3679; x_wconf 87' lang='lat' dir='ltr'><strong>solum</strong></span> <span class='ocrx_word' id='word_1_550' title='bbox 1711 3627 1853 3682; x_wconf 87' lang='lat' dir='ltr'><strong>Deus</strong></span> <span class='ocrx_word' id='word_1_551' title='bbox 1906 3635 2009 3693; x_wconf 88' lang='lat' dir='ltr'><strong>est,</strong></span> 
     </span>
    </p>
   </div>
   <div class='ocr_carea' id='block_1_66' title="bbox 437 3713 2011 3787">
    <p class='ocr_par' dir='ltr' id='par_1_66' title="bbox 437 3713 2011 3787">
     <span class='ocr_line' id='line_1_66' title="bbox 437 3713 2011 3787; baseline -0.001 -13"><span class='ocrx_word' id='word_1_552' title='bbox 437 3718 539 3774; x_wconf 91' lang='lat' dir='ltr'><strong>etsi</strong></span> <span class='ocrx_word' id='word_1_553' title='bbox 591 3714 757 3771; x_wconf 88' lang='lat' dir='ltr'><strong>solius</strong></span> <span class='ocrx_word' id='word_1_554' title='bbox 794 3713 992 3770; x_wconf 86' lang='lat' dir='ltr'><strong>Patris.</strong></span> <span class='ocrx_word' id='word_1_555' title='bbox 1032 3714 1226 3769; x_wconf 80' lang='lat' dir='ltr'><strong>Verum</strong></span> <span class='ocrx_word' id='word_1_556' title='bbox 1271 3713 1496 3770; x_wconf 89' lang='lat' dir='ltr'><strong>admitte</strong></span> <span class='ocrx_word' id='word_1_557' title='bbox 1552 3717 1714 3771; x_wconf 88' lang='lat' dir='ltr'><strong>etiam</strong></span> <span class='ocrx_word' id='word_1_558' title='bbox 1767 3731 1891 3772; x_wconf 91' lang='lat' dir='ltr'><strong>eum</strong></span> <span class='ocrx_word' id='word_1_559' title='bbox 1919 3719 2011 3787; x_wconf 90' lang='lat' dir='ltr'><strong>qui</strong></span> 
     </span>
    </p>
   </div>
   <div class='ocr_carea' id='block_1_67' title="bbox 438 3805 2014 3879">
    <p class='ocr_par' dir='ltr' id='par_1_67' title="bbox 438 3805 2014 3879">
     <span class='ocr_line' id='line_1_67' title="bbox 438 3805 2014 3879; baseline -0.001 -15"><span class='ocrx_word' id='word_1_560' title='bbox 438 3809 651 3879; x_wconf 84' lang='lat' dir='ltr'><strong>genitus</strong></span> <span class='ocrx_word' id='word_1_561' title='bbox 678 3815 784 3874; x_wconf 88' lang='lat' dir='ltr'><strong>est,</strong></span> <span class='ocrx_word' id='word_1_562' title='bbox 815 3806 982 3862; x_wconf 89' lang='lat' dir='ltr'><strong>Deum</strong></span> <span class='ocrx_word' id='word_1_563' title='bbox 1016 3817 1154 3862; x_wconf 90' lang='lat' dir='ltr'><strong>esse.</strong></span> <span class='ocrx_word' id='word_1_564' title='bbox 1213 3805 1288 3859; x_wconf 79' lang='lat' dir='ltr'><strong>Ex</strong></span> <span class='ocrx_word' id='word_1_565' title='bbox 1320 3807 1429 3862; x_wconf 90' lang='lat' dir='ltr'><strong>Deo</strong></span> <span class='ocrx_word' id='word_1_566' title='bbox 1455 3807 1652 3877; x_wconf 90' lang='lat' dir='ltr'><strong>quippe</strong></span> <span class='ocrx_word' id='word_1_567' title='bbox 1678 3816 1782 3876; x_wconf 89' lang='lat' dir='ltr'><strong>est,</strong></span> <span class='ocrx_word' id='word_1_568' title='bbox 1824 3824 2014 3877; x_wconf 83' lang='lat' dir='ltr'><strong>quam-</strong></span> 
     </span>
    </p>
   </div>
   <div class='ocr_carea' id='block_1_68' title="bbox 438 3898 2011 3971">
    <p class='ocr_par' dir='ltr' id='par_1_68' title="bbox 438 3898 2011 3971">
     <span class='ocr_line' id='line_1_68' title="bbox 438 3898 2011 3971; baseline -0.002 -12"><span class='ocrx_word' id='word_1_569' title='bbox 438 3902 573 3959; x_wconf 74' lang='lat' dir='ltr'><strong>libet</strong></span> <span class='ocrx_word' id='word_1_570' title='bbox 601 3910 654 3956; x_wconf 88' lang='lat' dir='ltr'><strong>tu</strong></span> <span class='ocrx_word' id='word_1_571' title='bbox 677 3900 916 3971; x_wconf 77' lang='lat' dir='ltr'><strong>ingenito</strong></span> <span class='ocrx_word' id='word_1_572' title='bbox 936 3898 1136 3953; x_wconf 77' lang='lat' dir='ltr'><strong>faveas.</strong></span> <span class='ocrx_word' id='word_1_573' title='bbox 1166 3899 1248 3954; x_wconf 86' lang='lat' dir='ltr'><strong>Ad</strong></span> <span class='ocrx_word' id='word_1_574' title='bbox 1267 3899 1381 3955; x_wconf 67' lang='lat' dir='ltr'><strong>hate</strong></span> <span class='ocrx_word' id='word_1_575' title='bbox 1408 3901 1678 3971; x_wconf 85' lang='lat' dir='ltr'><strong>quomodo</strong></span> <span class='ocrx_word' id='word_1_576' title='bbox 1706 3902 1801 3957; x_wconf 81' lang='lat' dir='ltr'><strong>Dei</strong></span> <span class='ocrx_word' id='word_1_577' title='bbox 1829 3915 2011 3958; x_wconf 87' lang='lat' dir='ltr'><strong>essen-</strong></span> 
     </span>
    </p>
   </div>
   <div class='ocr_carea' id='block_1_69' title="bbox 439 3986 2011 4058">
    <p class='ocr_par' dir='ltr' id='par_1_69' title="bbox 439 3986 2011 4058">
     <span class='ocr_line' id='line_1_69' title="bbox 439 3986 2011 4058; baseline 0.002 -11"><span class='ocrx_word' id='word_1_578' title='bbox 439 3994 571 4048; x_wconf 83' lang='lat' dir='ltr'><strong>tiam</strong></span> <span class='ocrx_word' id='word_1_579' title='bbox 627 3991 786 4054; x_wconf 86' lang='lat' dir='ltr'><strong>dicis,</strong></span> <span class='ocrx_word' id='word_1_580' title='bbox 827 4003 933 4044; x_wconf 90' lang='lat' dir='ltr'><strong>non</strong></span> <span class='ocrx_word' id='word_1_581' title='bbox 967 3986 1107 4058; x_wconf 82' lang='lat' dir='ltr'><strong>ejus,</strong></span> <span class='ocrx_word' id='word_1_582' title='bbox 1162 3988 1303 4057; x_wconf 89' lang='lat' dir='ltr'><strong>quod</strong></span> <span class='ocrx_word' id='word_1_583' title='bbox 1362 3997 1466 4056; x_wconf 91' lang='lat' dir='ltr'><strong>est,</strong></span> <span class='ocrx_word' id='word_1_584' title='bbox 1513 3990 1859 4058; x_wconf 87' lang='lat' dir='ltr'><strong>positionem,</strong></span> <span class='ocrx_word' id='word_1_585' title='bbox 1916 3995 2011 4050; x_wconf 86' lang='lat' dir='ltr'><strong>sed</strong></span> 
     </span>
    </p>
   </div>
   <div class='ocr_carea' id='block_1_70' title="bbox 438 4078 2011 4154">
    <p class='ocr_par' dir='ltr' id='par_1_70' title="bbox 438 4078 2011 4154">
     <span class='ocr_line' id='line_1_70' title="bbox 438 4078 2011 4154; baseline 0.001 -14"><span class='ocrx_word' id='word_1_586' title='bbox 438 4085 579 4153; x_wconf 81' lang='lat' dir='ltr'><strong>ejus,</strong></span> <span class='ocrx_word' id='word_1_587' title='bbox 610 4083 751 4152; x_wconf 85' lang='lat' dir='ltr'><strong>quod</strong></span> <span class='ocrx_word' id='word_1_588' title='bbox 776 4096 882 4136; x_wconf 91' lang='lat' dir='ltr'><strong>non</strong></span> <span class='ocrx_word' id='word_1_589' title='bbox 915 4090 999 4135; x_wconf 87' lang='lat' dir='ltr'><strong>est</strong></span> <span class='ocrx_word' id='word_1_590' title='bbox 1019 4078 1450 4135; x_wconf 82' lang='lat' dir='ltr'><strong>detractionem?</strong></span> <span class='ocrx_word' id='word_1_591' title='bbox 1483 4079 1595 4135; x_wconf 79' lang='lat' dir='ltr'><strong>Vox</strong></span> <span class='ocrx_word' id='word_1_592' title='bbox 1612 4082 1755 4138; x_wconf 91' lang='lat' dir='ltr'><strong>enim</strong></span> <span class='ocrx_word' id='word_1_593' title='bbox 1782 4084 2011 4154; x_wconf 83' lang='lat' dir='ltr'><strong>iugeniti</strong></span> 
     </span>
    </p>
   </div>
   <div class='ocr_carea' id='block_1_71' title="bbox 442 4172 2015 4247">
    <p class='ocr_par' dir='ltr' id='par_1_71' title="bbox 442 4172 2015 4247">
     <span class='ocr_line' id='line_1_71' title="bbox 442 4172 2015 4247; baseline 0.002 -15"><span class='ocrx_word' id='word_1_594' title='bbox 442 4176 732 4247; x_wconf 79' lang='lat' dir='ltr'><strong>signiﬁcat,</strong></span> <span class='ocrx_word' id='word_1_595' title='bbox 754 4188 876 4230; x_wconf 89' lang='lat' dir='ltr'><strong>eum</strong></span> <span class='ocrx_word' id='word_1_596' title='bbox 906 4172 1122 4243; x_wconf 91' lang='lat' dir='ltr'><strong>quidem</strong></span> <span class='ocrx_word' id='word_1_597' title='bbox 1148 4173 1516 4242; x_wconf 76' lang='lat' dir='ltr'><strong>generationis</strong></span> <span class='ocrx_word' id='word_1_598' title='bbox 1563 4186 1842 4245; x_wconf 77' lang='lat' dir='ltr'><strong>expertem</strong></span> <span class='ocrx_word' id='word_1_599' title='bbox 1868 4192 2015 4246; x_wconf 83' lang='lat' dir='ltr'><strong>esse,</strong></span> 
     </span>
    </p>
   </div>
   <div class='ocr_carea' id='block_1_72' title="bbox 442 4262 2015 4337">
    <p class='ocr_par' dir='ltr' id='par_1_72' title="bbox 442 4262 2015 4337">
     <span class='ocr_line' id='line_1_72' title="bbox 442 4262 2015 4337; baseline 0.001 -15"><span class='ocrx_word' id='word_1_600' title='bbox 442 4283 550 4322; x_wconf 88' lang='lat' dir='ltr'><strong>non</strong></span> <span class='ocrx_word' id='word_1_601' title='bbox 585 4275 768 4321; x_wconf 85' lang='lat' dir='ltr'><strong>autem</strong></span> <span class='ocrx_word' id='word_1_602' title='bbox 805 4262 1047 4319; x_wconf 83' lang='lat' dir='ltr'><strong>declarat</strong></span> <span class='ocrx_word' id='word_1_603' title='bbox 1064 4263 1320 4333; x_wconf 88' lang='lat' dir='ltr'><strong>quidnam</strong></span> <span class='ocrx_word' id='word_1_604' title='bbox 1343 4273 1540 4321; x_wconf 78' lang='lat' dir='ltr'><strong>natura</strong></span> <span class='ocrx_word' id='word_1_605' title='bbox 1564 4279 1664 4320; x_wconf 82' lang='lat' dir='ltr'><strong>sua</strong></span> <span class='ocrx_word' id='word_1_606' title='bbox 1693 4266 1764 4321; x_wconf 88' lang='lat' dir='ltr'><strong>sit</strong></span> <span class='ocrx_word' id='word_1_607' title='bbox 1791 4265 1851 4322; x_wconf 80' lang='lat' dir='ltr'><strong>id</strong></span> <span class='ocrx_word' id='word_1_608' title='bbox 1868 4271 2015 4337; x_wconf 90' lang='lat' dir='ltr'><strong>quod</strong></span> 
     </span>
    </p>
   </div>
   <div class='ocr_carea' id='block_1_73' title="bbox 443 4359 2013 4431">
    <p class='ocr_par' dir='ltr' id='par_1_73' title="bbox 443 4359 2013 4431">
     <span class='ocr_line' id='line_1_73' title="bbox 443 4359 2013 4431; baseline -0.001 -13"><span class='ocrx_word' id='word_1_609' title='bbox 443 4365 792 4431; x_wconf 72' lang='lat' dir='ltr'><strong>generatione</strong></span> <span class='ocrx_word' id='word_1_610' title='bbox 823 4369 999 4416; x_wconf 84' lang='lat' dir='ltr'><strong>caret.</strong></span> <span class='ocrx_word' id='word_1_611' title='bbox 1027 4359 1286 4427; x_wconf 63' lang='lat' dir='ltr'><strong>Quaenam</strong></span> <span class='ocrx_word' id='word_1_612' title='bbox 1335 4374 1466 4431; x_wconf 85' lang='lat' dir='ltr'><strong>ergo</strong></span> <span class='ocrx_word' id='word_1_613' title='bbox 1493 4370 1576 4417; x_wconf 86' lang='lat' dir='ltr'><strong>est</strong></span> <span class='ocrx_word' id='word_1_614' title='bbox 1607 4360 1703 4418; x_wconf 91' lang='lat' dir='ltr'><strong>Dei</strong></span> <span class='ocrx_word' id='word_1_615' title='bbox 1741 4361 2013 4418; x_wconf 83' lang='lat' dir='ltr'><strong>essentia?</strong></span> 
     </span>
    </p>
   </div>
   <div class='ocr_carea' id='block_1_74' title="bbox 2105 3255 3692 3332">
    <p class='ocr_par' dir='ltr' id='par_1_74' title="bbox 2105 3255 3692 3332">
     <span class='ocr_line' id='line_1_74' title="bbox 2105 3255 3692 3332; baseline -0.006 -16"><span class='ocrx_word' id='word_1_616' title='bbox 2105 3262 2201 3317; x_wconf 76' lang='grc' dir='ltr'>καὶ</span> <span class='ocrx_word' id='word_1_617' title='bbox 2248 3261 2408 3332; x_wconf 84' lang='grc' dir='ltr'>μόνος</span> <span class='ocrx_word' id='word_1_618' title='bbox 2466 3260 2785 3332; x_wconf 83' lang='grc' dir='ltr'>ἄνθρωπος;</span> <span class='ocrx_word' id='word_1_619' title='bbox 2831 3257 3116 3329; x_wconf 78' lang='grc' dir='ltr'>Οὐδαμῶς.</span> <span class='ocrx_word' id='word_1_620' title='bbox 3166 3256 3232 3310; x_wconf 86' lang='grc' dir='ltr'>Τί</span> <span class='ocrx_word' id='word_1_621' title='bbox 3275 3255 3341 3326; x_wconf 87' lang='grc' dir='ltr'>δή</span> <span class='ocrx_word' id='word_1_622' title='bbox 3370 3255 3692 3320; x_wconf 74' lang='grc' dir='ltr'>ποτεςὍτι</span> 
     </span>
    </p>
   </div>
   <div class='ocr_carea' id='block_1_75' title="bbox 2111 3345 3692 3427">
    <p class='ocr_par' dir='ltr' id='par_1_75' title="bbox 2111 3345 3692 3427">
     <span class='ocr_line' id='line_1_75' title="bbox 2111 3345 3692 3427; baseline -0.006 -18"><span class='ocrx_word' id='word_1_623' title='bbox 2111 3355 2189 3427; x_wconf 85' lang='grc' dir='ltr'>μὴ</span> <span class='ocrx_word' id='word_1_624' title='bbox 2209 3353 2563 3426; x_wconf 79' lang='grc' dir='ltr'>ἀνθρωπότης</span> <span class='ocrx_word' id='word_1_625' title='bbox 2591 3352 2707 3424; x_wconf 88' lang='grc'>(89)</span> <span class='ocrx_word' id='word_1_626' title='bbox 2734 3352 2770 3422; x_wconf 83' lang='grc' dir='ltr'>ἡ</span> <span class='ocrx_word' id='word_1_627' title='bbox 2799 3349 2997 3413; x_wconf 89' lang='grc' dir='ltr'>πλάσις</span> <span class='ocrx_word' id='word_1_628' title='bbox 3021 3363 3034 3377; x_wconf 82' lang='lat'>&#39;</span> <span class='ocrx_word' id='word_1_629' title='bbox 3069 3346 3289 3417; x_wconf 77' lang='grc' dir='ltr'>καὶγὰρ</span> <span class='ocrx_word' id='word_1_630' title='bbox 3318 3345 3381 3399; x_wconf 85' lang='grc' dir='ltr'>τὸ</span> <span class='ocrx_word' id='word_1_631' title='bbox 3406 3345 3692 3416; x_wconf 73' lang='grc' dir='ltr'>γεννηθὲν,</span> 
     </span>
    </p>
   </div>
   <div class='ocr_carea' id='block_1_76' title="bbox 2107 3436 3694 3518">
    <p class='ocr_par' dir='ltr' id='par_1_76' title="bbox 2107 3436 3694 3518">
     <span class='ocr_line' id='line_1_76' title="bbox 2107 3436 3694 3518; baseline -0.009 -16"><span class='ocrx_word' id='word_1_632' title='bbox 2107 3446 2411 3518; x_wconf 72' lang='grc' dir='ltr'>ἄνθρωπος.</span> <span class='ocrx_word' id='word_1_633' title='bbox 2443 3444 2631 3508; x_wconf 78' lang='grc' dir='ltr'>Οὕτως</span> <span class='ocrx_word' id='word_1_634' title='bbox 2661 3443 2782 3498; x_wconf 77' lang='grc' dir='ltr'>οὐδὲ</span> <span class='ocrx_word' id='word_1_635' title='bbox 2819 3442 2882 3495; x_wconf 73' lang='grc' dir='ltr'>τὸ</span> <span class='ocrx_word' id='word_1_636' title='bbox 2915 3440 3207 3512; x_wconf 83' lang='grc' dir='ltr'>ἀγέννητον</span> <span class='ocrx_word' id='word_1_637' title='bbox 3248 3437 3406 3509; x_wconf 87' lang='grc' dir='ltr'>μόνον</span> <span class='ocrx_word' id='word_1_638' title='bbox 3438 3436 3594 3500; x_wconf 85' lang='grc' dir='ltr'>Θεὸς,</span> <span class='ocrx_word' id='word_1_639' title='bbox 3641 3437 3694 3489; x_wconf 81' lang='grc' dir='ltr'><strong>εί</strong></span> 
     </span>
    </p>
   </div>
   <div class='ocr_carea' id='block_1_77' title="bbox 2111 3522 3695 3607">
    <p class='ocr_par' dir='ltr' id='par_1_77' title="bbox 2111 3522 3695 3607">
     <span class='ocr_line' id='line_1_77' title="bbox 2111 3522 3695 3607; baseline -0.006 -17"><span class='ocrx_word' id='word_1_640' title='bbox 2111 3537 2205 3591; x_wconf 74' lang='grc' dir='ltr'>καὶ</span> <span class='ocrx_word' id='word_1_641' title='bbox 2233 3536 2397 3607; x_wconf 84' lang='grc' dir='ltr'>μόνου</span> <span class='ocrx_word' id='word_1_642' title='bbox 2420 3534 2656 3607; x_wconf 82' lang='grc' dir='ltr'>Πατρός.</span> <span class='ocrx_word' id='word_1_643' title='bbox 2704 3532 2866 3587; x_wconf 79' lang='grc' dir='ltr'>Ἀλλὰ</span> <span class='ocrx_word' id='word_1_644' title='bbox 2885 3531 3033 3599; x_wconf 81' lang='grc' dir='ltr'>δέξαι</span> <span class='ocrx_word' id='word_1_645' title='bbox 3061 3531 3154 3584; x_wconf 73' lang='grc' dir='ltr'>καὶ</span> <span class='ocrx_word' id='word_1_646' title='bbox 3180 3530 3242 3582; x_wconf 79' lang='grc' dir='ltr'><strong>τὸ</strong></span> <span class='ocrx_word' id='word_1_647' title='bbox 3268 3527 3527 3599; x_wconf 80' lang='grc' dir='ltr'>γεννητὸν</span> <span class='ocrx_word' id='word_1_648' title='bbox 3551 3522 3695 3580; x_wconf 77' lang='grc' dir='ltr'>εἶναι</span> 
     </span>
    </p>
   </div>
   <div class='ocr_carea' id='block_1_78' title="bbox 2109 3615 3691 3698">
    <p class='ocr_par' dir='ltr' id='par_1_78' title="bbox 2109 3615 3691 3698">
     <span class='ocr_line' id='line_1_78' title="bbox 2109 3615 3691 3698; baseline -0.01 -14"><span class='ocrx_word' id='word_1_649' title='bbox 2109 3629 2276 3684; x_wconf 86' lang='grc' dir='ltr'>Θεόν·</span> <span class='ocrx_word' id='word_1_650' title='bbox 2311 3631 2377 3683; x_wconf 72' lang='grc' dir='ltr'><strong>ικ</strong></span> <span class='ocrx_word' id='word_1_651' title='bbox 2423 3626 2562 3681; x_wconf 87' lang='grc' dir='ltr'>Θεοῦ</span> <span class='ocrx_word' id='word_1_652' title='bbox 2606 3626 2737 3698; x_wconf 76' lang='grc' dir='ltr'>γάρ,</span> <span class='ocrx_word' id='word_1_653' title='bbox 2787 3626 2837 3678; x_wconf 78' lang='grc' dir='ltr'>εἰ</span> <span class='ocrx_word' id='word_1_654' title='bbox 2873 3623 2975 3677; x_wconf 75' lang='grc' dir='ltr'>καὶ</span> <span class='ocrx_word' id='word_1_655' title='bbox 3010 3621 3130 3676; x_wconf 87' lang='grc' dir='ltr'>λίαν</span> <span class='ocrx_word' id='word_1_656' title='bbox 3180 3615 3233 3674; x_wconf 74' lang='grc' dir='ltr'>εἴ</span> <span class='ocrx_word' id='word_1_657' title='bbox 3277 3617 3691 3688; x_wconf 79' lang='grc' dir='ltr'>φιλαγέννητος.</span> 
     </span>
    </p>
   </div>
   <div class='ocr_carea' id='block_1_79' title="bbox 2114 3708 3697 3785">
    <p class='ocr_par' dir='ltr' id='par_1_79' title="bbox 2114 3708 3697 3785">
     <span class='ocr_line' id='line_1_79' title="bbox 2114 3708 3697 3785; baseline -0.01 -9"><span class='ocrx_word' id='word_1_658' title='bbox 2114 3723 2367 3785; x_wconf 84' lang='grc' dir='ltr'>Ἔπειτα,</span> <span class='ocrx_word' id='word_1_659' title='bbox 2405 3719 2524 3784; x_wconf 86' lang='grc' dir='ltr'><strong>πῶς</strong></span> <span class='ocrx_word' id='word_1_660' title='bbox 2557 3719 2744 3773; x_wconf 82' lang='grc' dir='ltr'>οὐσίαν</span> <span class='ocrx_word' id='word_1_661' title='bbox 2777 3715 2914 3770; x_wconf 88' lang='grc' dir='ltr'>Θεοῦ</span> <span class='ocrx_word' id='word_1_662' title='bbox 2950 3714 3153 3784; x_wconf 81' lang='grc' dir='ltr'>λέγεις,</span> <span class='ocrx_word' id='word_1_663' title='bbox 3186 3714 3249 3766; x_wconf 85' lang='grc' dir='ltr'>οὐ</span> <span class='ocrx_word' id='word_1_664' title='bbox 3295 3711 3394 3782; x_wconf 80' lang='grc' dir='ltr'>τὴν</span> <span class='ocrx_word' id='word_1_665' title='bbox 3418 3708 3514 3763; x_wconf 87' lang='grc' dir='ltr'><strong>τοῦ</strong></span> <span class='ocrx_word' id='word_1_666' title='bbox 3539 3709 3697 3772; x_wconf 74' lang='grc' dir='ltr'>ὄντος</span> 
     </span>
    </p>
   </div>
   <div class='ocr_carea' id='block_1_80' title="bbox 2111 3799 3696 3883">
    <p class='ocr_par' dir='ltr' id='par_1_80' title="bbox 2111 3799 3696 3883">
     <span class='ocr_line' id='line_1_80' title="bbox 2111 3799 3696 3883; baseline -0.011 -15"><span class='ocrx_word' id='word_1_667' title='bbox 2111 3814 2279 3879; x_wconf 85' lang='grc' dir='ltr'>θέσιν,</span> <span class='ocrx_word' id='word_1_668' title='bbox 2317 3812 2455 3868; x_wconf 86' lang='grc' dir='ltr'>ἀλλὰ</span> <span class='ocrx_word' id='word_1_669' title='bbox 2474 3812 2575 3883; x_wconf 81' lang='grc' dir='ltr'>τὴν</span> <span class='ocrx_word' id='word_1_670' title='bbox 2603 3809 2699 3865; x_wconf 89' lang='grc' dir='ltr'><strong>τοῦ</strong></span> <span class='ocrx_word' id='word_1_671' title='bbox 2737 3810 2812 3882; x_wconf 83' lang='grc' dir='ltr'><strong>μὴ</strong></span> <span class='ocrx_word' id='word_1_672' title='bbox 2831 3809 2982 3873; x_wconf 81' lang='grc' dir='ltr'>όντος</span> <span class='ocrx_word' id='word_1_673' title='bbox 3008 3805 3330 3875; x_wconf 83' lang='grc' dir='ltr'>ἀναίρεσιν;</span> <span class='ocrx_word' id='word_1_674' title='bbox 3368 3803 3443 3855; x_wconf 86' lang='grc' dir='ltr'>Τὸ</span> <span class='ocrx_word' id='word_1_675' title='bbox 3475 3801 3588 3871; x_wconf 80' lang='grc' dir='ltr'>γὰρ</span> <span class='ocrx_word' id='word_1_676' title='bbox 3619 3799 3696 3871; x_wconf 79' lang='grc' dir='ltr'>μὴ</span> 
     </span>
    </p>
   </div>
   <div class='ocr_carea' id='block_1_81' title="bbox 2115 3890 3697 3976">
    <p class='ocr_par' dir='ltr' id='par_1_81' title="bbox 2115 3890 3697 3976">
     <span class='ocr_line' id='line_1_81' title="bbox 2115 3890 3697 3976; baseline -0.011 -18"><span class='ocrx_word' id='word_1_677' title='bbox 2115 3903 2378 3976; x_wconf 80' lang='grc' dir='ltr'>ὑπάρχειν</span> <span class='ocrx_word' id='word_1_678' title='bbox 2409 3900 2560 3972; x_wconf 83' lang='grc' dir='ltr'><strong>αὐτῷ</strong></span> <span class='ocrx_word' id='word_1_679' title='bbox 2584 3900 2862 3970; x_wconf 86' lang='grc' dir='ltr'>γέννησιν,</span> <span class='ocrx_word' id='word_1_680' title='bbox 2910 3900 2941 3953; x_wconf 85' lang='grc' dir='ltr'>ὁ</span> <span class='ocrx_word' id='word_1_681' title='bbox 2981 3896 3140 3965; x_wconf 80' lang='grc' dir='ltr'>λόγος</span> <span class='ocrx_word' id='word_1_682' title='bbox 3174 3893 3344 3966; x_wconf 85' lang='grc' dir='ltr'>δηλοῖ,</span> <span class='ocrx_word' id='word_1_683' title='bbox 3372 3893 3471 3962; x_wconf 83' lang='grc' dir='ltr'>οὐχ</span> <span class='ocrx_word' id='word_1_684' title='bbox 3509 3890 3540 3944; x_wconf 81' lang='grc' dir='ltr'><strong>ὃ</strong></span> <span class='ocrx_word' id='word_1_685' title='bbox 3593 3891 3697 3961; x_wconf 77' lang='grc' dir='ltr'>τὴν</span> 
     </span>
    </p>
   </div>
   <div class='ocr_carea' id='block_1_82' title="bbox 2113 3981 3696 4065">
    <p class='ocr_par' dir='ltr' id='par_1_82' title="bbox 2113 3981 3696 4065">
     <span class='ocr_line' id='line_1_82' title="bbox 2113 3981 3696 4065; baseline -0.01 -15"><span class='ocrx_word' id='word_1_686' title='bbox 2113 3995 2275 4064; x_wconf 81' lang='grc' dir='ltr'>φύσιν</span> <span class='ocrx_word' id='word_1_687' title='bbox 2328 3994 2447 4048; x_wconf 79' lang='grc' dir='ltr'>ἐστὶ</span> <span class='ocrx_word' id='word_1_688' title='bbox 2484 3992 2836 4065; x_wconf 78' lang='grc' dir='ltr'>παρίστησιν,</span> <span class='ocrx_word' id='word_1_689' title='bbox 2880 3990 2996 4044; x_wconf 78' lang='grc' dir='ltr'>οὐδ’</span> <span class='ocrx_word' id='word_1_690' title='bbox 3042 3988 3071 4043; x_wconf 85' lang='grc' dir='ltr'><strong>ὃ</strong></span> <span class='ocrx_word' id='word_1_691' title='bbox 3110 3987 3344 4058; x_wconf 84' lang='grc' dir='ltr'>ὑπάρχει</span> <span class='ocrx_word' id='word_1_692' title='bbox 3371 3982 3482 4054; x_wconf 87' lang='grc'>(90)</span> <span class='ocrx_word' id='word_1_693' title='bbox 3524 3981 3587 4035; x_wconf 83' lang='grc' dir='ltr'>τὸ</span> <span class='ocrx_word' id='word_1_694' title='bbox 3619 3981 3696 4052; x_wconf 75' lang='grc' dir='ltr'>μὴ</span> 
     </span>
    </p>
   </div>
   <div class='ocr_carea' id='block_1_83' title="bbox 2112 4073 3699 4158">
    <p class='ocr_par' dir='ltr' id='par_1_83' title="bbox 2112 4073 3699 4158">
     <span class='ocr_line' id='line_1_83' title="bbox 2112 4073 3699 4158; baseline -0.009 -16"><span class='ocrx_word' id='word_1_695' title='bbox 2112 4087 2235 4158; x_wconf 73' lang='grc' dir='ltr'>ἔχον</span> <span class='ocrx_word' id='word_1_696' title='bbox 2263 4086 2536 4156; x_wconf 84' lang='grc' dir='ltr'>γέννησιν.</span> <span class='ocrx_word' id='word_1_697' title='bbox 2568 4084 2665 4149; x_wconf 87' lang='grc' dir='ltr'>Τίς</span> <span class='ocrx_word' id='word_1_698' title='bbox 2684 4079 2778 4138; x_wconf 81' lang='grc' dir='ltr'>οὖν</span> <span class='ocrx_word' id='word_1_699' title='bbox 2808 4081 2963 4137; x_wconf 84' lang='grc' dir='ltr'>οὐσία</span> <span class='ocrx_word' id='word_1_700' title='bbox 2986 4079 3152 4145; x_wconf 87' lang='grc' dir='ltr'>Θεοῦ;</span> <span class='ocrx_word' id='word_1_701' title='bbox 3182 4078 3293 4150; x_wconf 81' lang='grc' dir='ltr'><strong>Τῆς</strong></span> <span class='ocrx_word' id='word_1_702' title='bbox 3320 4077 3417 4147; x_wconf 83' lang='grc' dir='ltr'>σῆς</span> <span class='ocrx_word' id='word_1_703' title='bbox 3436 4073 3699 4139; x_wconf 75' lang='grc' dir='ltr'>ἀπονοίας</span> 
     </span>
    </p>
   </div>
   <div class='ocr_carea' id='block_1_84' title="bbox 2112 4168 3693 4248">
    <p class='ocr_par' dir='ltr' id='par_1_84' title="bbox 2112 4168 3693 4248">
     <span class='ocr_line' id='line_1_84' title="bbox 2112 4168 3693 4248; baseline -0.007 -15"><span class='ocrx_word' id='word_1_704' title='bbox 2112 4179 2272 4233; x_wconf 88' lang='grc' dir='ltr'>τοῦτο</span> <span class='ocrx_word' id='word_1_705' title='bbox 2308 4178 2515 4247; x_wconf 82' lang='grc' dir='ltr'>λέγειν,</span> <span class='ocrx_word' id='word_1_706' title='bbox 2548 4177 2607 4242; x_wconf 84' lang='grc' dir='ltr'>ὃς</span> <span class='ocrx_word' id='word_1_707' title='bbox 2642 4176 3118 4248; x_wconf 79' lang='grc' dir='ltr'>πολυπραγμονεῖς</span> <span class='ocrx_word' id='word_1_708' title='bbox 3147 4172 3243 4227; x_wconf 78' lang='grc' dir='ltr'>καὶ</span> <span class='ocrx_word' id='word_1_709' title='bbox 3276 4170 3374 4238; x_wconf 78' lang='grc' dir='ltr'>τὴν</span> <span class='ocrx_word' id='word_1_710' title='bbox 3408 4168 3693 4238; x_wconf 84' lang='grc' dir='ltr'>γέννησιν·</span> 
     </span>
    </p>
   </div>
   <div class='ocr_carea' id='block_1_85' title="bbox 2114 4260 3694 4343">
    <p class='ocr_par' dir='ltr' id='par_1_85' title="bbox 2114 4260 3694 4343">
     <span class='ocr_line' id='line_1_85' title="bbox 2114 4260 3694 4343; baseline -0.009 -17"><span class='ocrx_word' id='word_1_711' title='bbox 2114 4273 2246 4343; x_wconf 79' lang='grc' dir='ltr'>ἡμῖν</span> <span class='ocrx_word' id='word_1_712' title='bbox 2285 4271 2343 4325; x_wconf 86' lang='grc' dir='ltr'>δὲ</span> <span class='ocrx_word' id='word_1_713' title='bbox 2375 4264 2535 4343; x_wconf 78' lang='grc' dir='ltr'>μέγα,</span> <span class='ocrx_word' id='word_1_714' title='bbox 2581 4268 2684 4325; x_wconf 81' lang='grc' dir='ltr'>κᾶν</span> <span class='ocrx_word' id='word_1_715' title='bbox 2708 4268 2821 4342; x_wconf 90' lang='grc'>(91)</span> <span class='ocrx_word' id='word_1_716' title='bbox 2846 4267 3029 4322; x_wconf 79' lang='grc' dir='ltr'>εἴποτε</span> <span class='ocrx_word' id='word_1_717' title='bbox 3062 4266 3157 4322; x_wconf 75' lang='grc' dir='ltr'>καὶ</span> <span class='ocrx_word' id='word_1_718' title='bbox 3199 4266 3281 4328; x_wconf 81' lang='grc' dir='ltr'><strong>εἰς</strong></span> <span class='ocrx_word' id='word_1_719' title='bbox 3321 4262 3435 4334; x_wconf 75' lang='grc'>(72)</span> <span class='ocrx_word' id='word_1_720' title='bbox 3465 4260 3694 4332; x_wconf 68' lang='grc' dir='ltr'>ὕστερον</span> 
     </span>
    </p>
   </div>
   <div class='ocr_carea' id='block_1_86' title="bbox 2114 4353 3697 4436">
    <p class='ocr_par' dir='ltr' id='par_1_86' title="bbox 2114 4353 3697 4436">
     <span class='ocr_line' id='line_1_86' title="bbox 2114 4353 3697 4436; baseline -0.008 -18"><span class='ocrx_word' id='word_1_721' title='bbox 2114 4363 2276 4418; x_wconf 85' lang='grc' dir='ltr'>τοῦτο</span> <span class='ocrx_word' id='word_1_722' title='bbox 2296 4363 2583 4436; x_wconf 76' lang='grc' dir='ltr'>μάθοιμεν,</span> <span class='ocrx_word' id='word_1_723' title='bbox 2608 4362 2857 4426; x_wconf 85' lang='grc' dir='ltr'>λυθέντος</span> <span class='ocrx_word' id='word_1_724' title='bbox 2882 4361 3014 4432; x_wconf 79' lang='grc' dir='ltr'>ἡμῖν</span> <span class='ocrx_word' id='word_1_725' title='bbox 3035 4356 3126 4412; x_wconf 91' lang='grc' dir='ltr'><strong>τοῦ</strong></span> <span class='ocrx_word' id='word_1_726' title='bbox 3161 4356 3325 4426; x_wconf 79' lang='grc' dir='ltr'>ζόφου</span> <span class='ocrx_word' id='word_1_727' title='bbox 3347 4354 3441 4409; x_wconf 75' lang='grc' dir='ltr'>καὶ</span> <span class='ocrx_word' id='word_1_728' title='bbox 3464 4353 3565 4424; x_wconf 83' lang='grc' dir='ltr'>τῆς</span> <span class='ocrx_word' id='word_1_729' title='bbox 3597 4369 3697 4411; x_wconf 82' lang='grc' dir='ltr'>πα-</span> 
     </span>
    </p>
   </div>
   <div class='ocr_carea' id='block_1_87' title="bbox 444 4443 2007 4526">
    <p class='ocr_par' dir='ltr' id='par_1_87' title="bbox 444 4452 2007 4523">
     <span class='ocr_line' id='line_1_87' title="bbox 444 4452 2007 4523; baseline -0.001 -14"><span class='ocrx_word' id='word_1_730' title='bbox 444 4453 574 4510; x_wconf 78' lang='lat' dir='ltr'><strong>Tuac</strong></span> <span class='ocrx_word' id='word_1_731' title='bbox 617 4463 700 4509; x_wconf 87' lang='lat' dir='ltr'><strong>est</strong></span> <span class='ocrx_word' id='word_1_732' title='bbox 746 4453 1031 4510; x_wconf 69' lang='lat' dir='ltr'><strong>dementiae</strong></span> <span class='ocrx_word' id='word_1_733' title='bbox 1065 4453 1169 4508; x_wconf 92' lang='lat' dir='ltr'><strong>hoc</strong></span> <span class='ocrx_word' id='word_1_734' title='bbox 1211 4452 1416 4520; x_wconf 90' lang='lat' dir='ltr'><strong>dicere,</strong></span> <span class='ocrx_word' id='word_1_735' title='bbox 1462 4455 1550 4523; x_wconf 87' lang='lat' dir='ltr'><strong>qui</strong></span> <span class='ocrx_word' id='word_1_736' title='bbox 1611 4454 2007 4522; x_wconf 82' lang='lat' dir='ltr'><strong>generationem</strong></span> 
     </span>
    </p>
   </div>
   <div class='ocr_carea' id='block_1_88' title="bbox 2117 4443 3697 4526">
    <p class='ocr_par' dir='ltr' id='par_1_88' title="bbox 2117 4443 3697 4526">
     <span class='ocr_line' id='line_1_88' title="bbox 2117 4443 3697 4526; baseline -0.009 -16"><span class='ocrx_word' id='word_1_737' title='bbox 2117 4454 2366 4526; x_wconf 85' lang='grc' dir='ltr'>χύτητος,</span> <span class='ocrx_word' id='word_1_738' title='bbox 2415 4456 2492 4520; x_wconf 85' lang='grc' dir='ltr'>ὡς</span> <span class='ocrx_word' id='word_1_739' title='bbox 2526 4459 2561 4526; x_wconf 85' lang='grc' dir='ltr'>ὴ</span> <span class='ocrx_word' id='word_1_740' title='bbox 2599 4453 2693 4508; x_wconf 91' lang='grc' dir='ltr'><strong>τοῦ</strong></span> <span class='ocrx_word' id='word_1_741' title='bbox 2728 4451 2839 4525; x_wconf 86' lang='grc'>(95)</span> <span class='ocrx_word' id='word_1_742' title='bbox 2868 4447 3133 4521; x_wconf 79' lang='grc' dir='ltr'>ἀψευδοῦς</span> <span class='ocrx_word' id='word_1_743' title='bbox 3163 4448 3470 4516; x_wconf 83' lang='grc' dir='ltr'>ὑπόσχεσις.</span> <span class='ocrx_word' id='word_1_744' title='bbox 3521 4443 3697 4497; x_wconf 85' lang='grc' dir='ltr'>Τοῦτο</span> 
     </span>
    </p>
   </div>
   <div class='ocr_carea' id='block_1_89' title="bbox 443 4544 2009 4617">
    <p class='ocr_par' dir='ltr' id='par_1_89' title="bbox 443 4544 2009 4617">
     <span class='ocr_line' id='line_1_89' title="bbox 443 4544 2009 4617; baseline -0.001 -16"><span class='ocrx_word' id='word_1_745' title='bbox 443 4561 658 4617; x_wconf 87' lang='lat' dir='ltr'><strong>quoque</strong></span> <span class='ocrx_word' id='word_1_746' title='bbox 704 4546 873 4617; x_wconf 87' lang='lat' dir='ltr'><strong>ipsam</strong></span> <span class='ocrx_word' id='word_1_747' title='bbox 923 4546 1080 4601; x_wconf 72' lang='lat' dir='ltr'><strong>anxie</strong></span> <span class='ocrx_word' id='word_1_748' title='bbox 1138 4544 1493 4614; x_wconf 88' lang='lat' dir='ltr'><strong>pcrscrutaris</strong></span> <span class='ocrx_word' id='word_1_749' title='bbox 1557 4562 1571 4599; x_wconf 91' lang='lat'><strong>:</strong></span> <span class='ocrx_word' id='word_1_750' title='bbox 1624 4545 1778 4600; x_wconf 87' lang='lat' dir='ltr'><strong>nobis</strong></span> <span class='ocrx_word' id='word_1_751' title='bbox 1830 4555 2009 4601; x_wconf 79' lang='lat' dir='ltr'><strong>autem</strong></span> 
     </span>
    </p>
   </div>
   <div class='ocr_carea' id='block_1_90' title="bbox 493 4743 2010 4821">
    <p class='ocr_par' dir='ltr' id='par_1_90' title="bbox 493 4743 2010 4821">
     <span class='ocr_line' id='line_1_90' title="bbox 493 4743 2010 4821; baseline -0.006 -15"><span class='ocrx_word' id='word_1_752' title='bbox 493 4749 630 4821; x_wconf 89' lang='grc'>,(80)</span> <span class='ocrx_word' id='word_1_753' title='bbox 667 4747 873 4803; x_wconf 75' lang='grc' dir='ltr'>Καινέ.</span> <span class='ocrx_word' id='word_1_754' title='bbox 912 4745 1052 4801; x_wconf 86' lang='lat' dir='ltr'><strong>Tres</strong></span> <span class='ocrx_word' id='word_1_755' title='bbox 1081 4744 1257 4811; x_wconf 84' lang='lat' dir='ltr'><strong>Colb.,</strong></span> <span class='ocrx_word' id='word_1_756' title='bbox 1305 4744 1472 4800; x_wconf 70' lang='lat' dir='ltr'><strong>Coisl.</strong></span> <span class='ocrx_word' id='word_1_757' title='bbox 1502 4744 1527 4797; x_wconf 90' lang='grc'><strong>1</strong></span> <span class='ocrx_word' id='word_1_758' title='bbox 1566 4754 1620 4799; x_wconf 86' lang='grc' dir='ltr'><strong>ει</strong></span> <span class='ocrx_word' id='word_1_759' title='bbox 1659 4743 1758 4799; x_wconf 91' lang='lat' dir='ltr'><strong>0r.</strong></span> <span class='ocrx_word' id='word_1_760' title='bbox 1784 4744 1834 4809; x_wconf 87' lang='grc'><strong>1,</strong></span> <span class='ocrx_word' id='word_1_761' title='bbox 1865 4743 2010 4807; x_wconf 75' lang='grc' dir='ltr'>κενέ,</span> 
     </span>
    </p>
   </div>
   <div class='ocr_carea' id='block_1_91' title="bbox 452 4835 699 4875">
    <p class='ocr_par' dir='ltr' id='par_1_91' title="bbox 452 4835 699 4875">
     <span class='ocr_line' id='line_1_91' title="bbox 452 4835 699 4875; baseline -0.024 0"><span class='ocrx_word' id='word_1_762' title='bbox 452 4842 473 4875; x_wconf 68' lang='grc'><strong>1</strong></span> <span class='ocrx_word' id='word_1_763' title='bbox 499 4835 656 4875; x_wconf 83' lang='lat' dir='ltr'><strong>vane.</strong></span> <span class='ocrx_word' id='word_1_764' title='bbox 680 4837 699 4869; x_wconf 72' lang='grc' dir='ltr'><strong>ι</strong></span> 
     </span>
    </p>
   </div>
   <div class='ocr_carea' id='block_1_92' title="bbox 516 4881 2019 4961">
    <p class='ocr_par' dir='ltr' id='par_1_92' title="bbox 516 4881 2019 4961">
     <span class='ocr_line' id='line_1_92' title="bbox 516 4881 2019 4961; baseline -0.004 -17"><span class='ocrx_word' id='word_1_765' title='bbox 516 4890 630 4961; x_wconf 91' lang='grc'>(81)</span> <span class='ocrx_word' id='word_1_766' title='bbox 672 4890 766 4961; x_wconf 67' lang='grc' dir='ltr'><strong>Οὐ⁸</strong></span> <span class='ocrx_word' id='word_1_767' title='bbox 793 4882 1272 4961; x_wconf 39' lang='grc' dir='ltr'>σαυτὸν-λέγεις.</span> <span class='ocrx_word' id='word_1_768' title='bbox 1307 4881 1434 4938; x_wconf 60' lang='lat' dir='ltr'><strong>Hec</strong></span> <span class='ocrx_word' id='word_1_769' title='bbox 1462 4883 1657 4938; x_wconf 87' lang='lat' dir='ltr'><strong>desunt</strong></span> <span class='ocrx_word' id='word_1_770' title='bbox 1688 4882 1740 4937; x_wconf 90' lang='lat' dir='ltr'><strong>in</strong></span> <span class='ocrx_word' id='word_1_771' title='bbox 1774 4882 2019 4952; x_wconf 91' lang='lat' dir='ltr'><strong>pluribus</strong></span> 
     </span>
    </p>
   </div>
   <div class='ocr_carea' id='block_1_93' title="bbox 448 4954 1277 5025">
    <p class='ocr_par' dir='ltr' id='par_1_93' title="bbox 448 4954 1277 5025">
     <span class='ocr_line' id='line_1_93' title="bbox 448 4954 1277 5025; baseline -0.012 -8"><span class='ocrx_word' id='word_1_772' title='bbox 448 4954 621 5025; x_wconf 53' lang='lat' dir='ltr'><strong>Regni</strong></span> <span class='ocrx_word' id='word_1_773' title='bbox 643 4967 699 5013; x_wconf 83' lang='lat' dir='ltr'><strong>et</strong></span> <span class='ocrx_word' id='word_1_774' title='bbox 730 4955 904 5016; x_wconf 85' lang='lat' dir='ltr'><strong>Colb.,</strong></span> <span class='ocrx_word' id='word_1_775' title='bbox 932 4969 996 5010; x_wconf 91' lang='lat' dir='ltr'><strong>ac</strong></span> <span class='ocrx_word' id='word_1_776' title='bbox 1024 4955 1075 5008; x_wconf 90' lang='lat' dir='ltr'><strong>in</strong></span> <span class='ocrx_word' id='word_1_777' title='bbox 1102 4954 1197 5025; x_wconf 88' lang='lat' dir='ltr'><strong>0r.</strong></span> <span class='ocrx_word' id='word_1_778' title='bbox 1225 4954 1277 5007; x_wconf 87' lang='grc'><strong>1.</strong></span> 
     </span>
    </p>
   </div>
   <div class='ocr_carea' id='block_1_94' title="bbox 522 4974 2019 5106">
    <p class='ocr_par' dir='ltr' id='par_1_94' title="bbox 522 4974 2019 5106">
     <span class='ocr_line' id='line_1_94' title="bbox 522 4974 1277 5085; baseline -0.008 -72"><span class='ocrx_word' id='word_1_779' title='bbox 522 4974 616 5085; x_wconf 49' lang='grc' dir='ltr'>Ἧι.</span> <span class='ocrx_word' id='word_1_780' title='bbox 643 4974 699 5013; x_wconf 79' lang='lat' dir='ltr'><strong>el</strong></span> <span class='ocrx_word' id='word_1_781' title='bbox 730 4974 904 5016; x_wconf 58' lang='lat' dir='ltr'><strong>bon».</strong></span> <span class='ocrx_word' id='word_1_782' title='bbox 932 4974 996 5010; x_wconf 86' lang='lat' dir='ltr'><strong>ac</strong></span> <span class='ocrx_word' id='word_1_783' title='bbox 1024 4974 1075 5008; x_wconf 89' lang='lat' dir='ltr'><strong>III</strong></span> <span class='ocrx_word' id='word_1_784' title='bbox 1105 4974 1197 5009; x_wconf 85' lang='lat' dir='ltr'><strong>ur.</strong></span> <span class='ocrx_word' id='word_1_785' title='bbox 1225 4974 1277 5007; x_wconf 76' lang='lat'><strong>1.</strong></span> 
     </span>
     <span class='ocr_line' id='line_1_95' title="bbox 522 5022 2019 5106; baseline -0.002 2"><span class='ocrx_word' id='word_1_786' title='bbox 522 5030 632 5102; x_wconf 66' lang='grc'><strong>(2)</strong></span> <span class='ocrx_word' id='word_1_787' title='bbox 669 5027 831 5106; x_wconf 58' lang='lat' dir='ltr'><strong>At?!&quot;</strong></span> <span class='ocrx_word' id='word_1_788' title='bbox 875 5025 987 5106; x_wconf 51' lang='grc' dir='ltr'><strong>γὰρ</strong></span> <span class='ocrx_word' id='word_1_789' title='bbox 1031 5024 1218 5105; x_wconf 70' lang='grc' dir='ltr'><strong>φύοῖις</strong></span> <span class='ocrx_word' id='word_1_790' title='bbox 1261 5022 1622 5106; x_wconf 59' lang='grc' dir='ltr'><strong>πτνήτορος</strong></span> <span class='ocrx_word' id='word_1_791' title='bbox 1670 5022 1769 5106; x_wconf 51' lang='grc' dir='ltr'>καί</span> <span class='ocrx_word' id='word_1_792' title='bbox 1809 5023 2019 5106; x_wconf 63' lang='grc' dir='ltr'><strong>γεννά-</strong></span> 
     </span>
    </p>
   </div>
   <div class='ocr_carea' id='block_1_95' title="bbox 445 5092 2010 5171">
    <p class='ocr_par' dir='ltr' id='par_1_95' title="bbox 445 5092 2010 5171">
     <span class='ocr_line' id='line_1_96' title="bbox 445 5092 2010 5171; baseline -0.006 -15"><span class='ocrx_word' id='word_1_793' title='bbox 445 5092 650 5171; x_wconf 60' lang='grc' dir='ltr'>μαὶοέι.</span> <span class='ocrx_word' id='word_1_794' title='bbox 683 5118 703 5151; x_wconf 78' lang='grc' dir='ltr'><strong>ι</strong></span> <span class='ocrx_word' id='word_1_795' title='bbox 732 5092 855 5151; x_wconf 71' lang='lat' dir='ltr'><strong>Haec</strong></span> <span class='ocrx_word' id='word_1_796' title='bbox 878 5092 1078 5165; x_wconf 81' lang='lat' dir='ltr'><strong>quippe</strong></span> <span class='ocrx_word' id='word_1_797' title='bbox 1103 5092 1372 5171; x_wconf 74' lang='lat' dir='ltr'><strong>gignentia</strong></span> <span class='ocrx_word' id='word_1_798' title='bbox 1403 5104 1458 5147; x_wconf 91' lang='lat' dir='ltr'><strong>et</strong></span> <span class='ocrx_word' id='word_1_799' title='bbox 1485 5092 1648 5171; x_wconf 77' lang='lat' dir='ltr'><strong>prolis</strong></span> <span class='ocrx_word' id='word_1_800' title='bbox 1682 5092 1883 5171; x_wconf 72' lang='lat' dir='ltr'><strong>natura</strong></span> <span class='ocrx_word' id='word_1_801' title='bbox 1907 5105 2010 5159; x_wconf 91' lang='lat' dir='ltr'><strong>est,</strong></span> 
     </span>
    </p>
   </div>
   <div class='ocr_carea' id='block_1_96' title="bbox 446 5163 2017 5232">
    <p class='ocr_par' dir='ltr' id='par_1_96' title="bbox 446 5163 2017 5232">
     <span class='ocr_line' id='line_1_97' title="bbox 446 5163 2017 5232; baseline 0 -16"><span class='ocrx_word' id='word_1_802' title='bbox 446 5163 509 5227; x_wconf 68' lang='grc' dir='ltr'>ξιι</span> <span class='ocrx_word' id='word_1_803' title='bbox 539 5163 679 5227; x_wconf 79' lang='lat' dir='ltr'><strong>idem</strong></span> <span class='ocrx_word' id='word_1_804' title='bbox 711 5182 809 5232; x_wconf 84' lang='lat' dir='ltr'><strong>per</strong></span> <span class='ocrx_word' id='word_1_805' title='bbox 836 5163 1082 5221; x_wconf 74' lang='lat' dir='ltr'><strong>naturam</strong></span> <span class='ocrx_word' id='word_1_806' title='bbox 1127 5178 1247 5217; x_wconf 90' lang='lat' dir='ltr'><strong>cum</strong></span> <span class='ocrx_word' id='word_1_807' title='bbox 1290 5163 1539 5232; x_wconf 88' lang='lat' dir='ltr'><strong>gignente</strong></span> <span class='ocrx_word' id='word_1_808' title='bbox 1563 5164 1632 5217; x_wconf 92' lang='lat' dir='ltr'><strong>sit</strong></span> <span class='ocrx_word' id='word_1_809' title='bbox 1657 5180 1711 5217; x_wconf 73' lang='grc' dir='ltr'><strong>ε»</strong></span> <span class='ocrx_word' id='word_1_810' title='bbox 1743 5163 1884 5230; x_wconf 92' lang='lat' dir='ltr'><strong>quod</strong></span> <span class='ocrx_word' id='word_1_811' title='bbox 1924 5180 2017 5216; x_wconf 87' lang='lat' dir='ltr'><strong>na-</strong></span> 
     </span>
    </p>
   </div>
   <div class='ocr_carea' id='block_1_97' title="bbox 448 5232 2013 5303">
    <p class='ocr_par' dir='ltr' id='par_1_97' title="bbox 448 5232 2013 5303">
     <span class='ocr_line' id='line_1_98' title="bbox 448 5232 2013 5303; baseline -0.005 -10"><span class='ocrx_word' id='word_1_812' title='bbox 448 5253 570 5294; x_wconf 80' lang='lat' dir='ltr'><strong>tura</strong></span> <span class='ocrx_word' id='word_1_813' title='bbox 609 5232 851 5300; x_wconf 81' lang='lat' dir='ltr'><strong>scilicet,</strong></span> <span class='ocrx_word' id='word_1_814' title='bbox 902 5234 1110 5289; x_wconf 90' lang='lat' dir='ltr'><strong>ratione</strong></span> <span class='ocrx_word' id='word_1_815' title='bbox 1160 5232 1548 5303; x_wconf 81' lang='lat' dir='ltr'><strong>generationis,</strong></span> <span class='ocrx_word' id='word_1_816' title='bbox 1598 5232 1812 5300; x_wconf 86' lang='lat' dir='ltr'><strong>utrique</strong></span> <span class='ocrx_word' id='word_1_817' title='bbox 1852 5248 2013 5296; x_wconf 83' lang='lat' dir='ltr'><strong>com-</strong></span> 
     </span>
    </p>
   </div>
   <div class='ocr_carea' id='block_1_98' title="bbox 448 5303 2018 5376">
    <p class='ocr_par' dir='ltr' id='par_1_98' title="bbox 448 5303 2018 5376">
     <span class='ocr_line' id='line_1_99' title="bbox 448 5303 2018 5376; baseline -0.007 -10"><span class='ocrx_word' id='word_1_818' title='bbox 448 5311 629 5366; x_wconf 89' lang='lat' dir='ltr'><strong>munis</strong></span> <span class='ocrx_word' id='word_1_819' title='bbox 658 5310 748 5363; x_wconf 89' lang='lat' dir='ltr'><strong>sit.</strong></span> <span class='ocrx_word' id='word_1_820' title='bbox 787 5306 949 5376; x_wconf 88' lang='lat' dir='ltr'><strong>Deest</strong></span> <span class='ocrx_word' id='word_1_821' title='bbox 984 5303 1309 5376; x_wconf 70' lang='grc' dir='ltr'>γεννήτρρος</span> <span class='ocrx_word' id='word_1_822' title='bbox 1340 5303 1393 5356; x_wconf 93' lang='lat' dir='ltr'><strong>in</strong></span> <span class='ocrx_word' id='word_1_823' title='bbox 1433 5304 1606 5376; x_wconf 80' lang='lat' dir='ltr'><strong>tribus</strong></span> <span class='ocrx_word' id='word_1_824' title='bbox 1638 5303 1831 5373; x_wconf 68' lang='lat' dir='ltr'><strong>liegg.,</strong></span> <span class='ocrx_word' id='word_1_825' title='bbox 1858 5304 2018 5374; x_wconf 85' lang='lat' dir='ltr'><strong>quiu-</strong></span> 
     </span>
    </p>
   </div>
   <div class='ocr_carea' id='block_1_99' title="bbox 449 5372 1651 5451">
    <p class='ocr_par' dir='ltr' id='par_1_99' title="bbox 449 5372 1651 5451">
     <span class='ocr_line' id='line_1_100' title="bbox 449 5372 1651 5451; baseline -0.005 -18"><span class='ocrx_word' id='word_1_826' title='bbox 449 5397 554 5451; x_wconf 86' lang='lat' dir='ltr'><strong>que</strong></span> <span class='ocrx_word' id='word_1_827' title='bbox 578 5378 811 5451; x_wconf 39' lang='grc' dir='ltr'>ςοιιξ-ει</span> <span class='ocrx_word' id='word_1_828' title='bbox 841 5375 938 5451; x_wconf 80' lang='lat' dir='ltr'><strong>Qr.</strong></span> <span class='ocrx_word' id='word_1_829' title='bbox 966 5372 1018 5439; x_wconf 80' lang='grc'><strong>1,</strong></span> <span class='ocrx_word' id='word_1_830' title='bbox 1049 5372 1148 5429; x_wconf 82' lang='lat' dir='ltr'><strong>nec</strong></span> <span class='ocrx_word' id='word_1_831' title='bbox 1165 5372 1651 5451; x_wconf 47' lang='lat' dir='ltr'><strong>P‘illiusaguoscit.</strong></span> 
     </span>
    </p>
   </div>
   <div class='ocr_carea' id='block_1_100' title="bbox 525 5441 2021 5533">
    <p class='ocr_par' dir='ltr' id='par_1_100' title="bbox 525 5441 2021 5533">
     <span class='ocr_line' id='line_1_101' title="bbox 525 5441 2021 5533; baseline -0.007 -28"><span class='ocrx_word' id='word_1_832' title='bbox 525 5449 637 5533; x_wconf 70' lang='grc'>(85)</span> <span class='ocrx_word' id='word_1_833' title='bbox 678 5447 757 5533; x_wconf 61' lang='grc' dir='ltr'>Τέ</span> <span class='ocrx_word' id='word_1_834' title='bbox 796 5446 1104 5533; x_wconf 43' lang='grc' dir='ltr'>,γέν-νημαι.</span> <span class='ocrx_word' id='word_1_835' title='bbox 1165 5443 1328 5499; x_wconf 89' lang='lat' dir='ltr'><strong>Deest</strong></span> <span class='ocrx_word' id='word_1_836' title='bbox 1377 5441 1446 5497; x_wconf 53' lang='lat' dir='ltr'><strong>in&#39;</strong></span> <span class='ocrx_word' id='word_1_837' title='bbox 1487 5443 1698 5499; x_wconf 87' lang='lat' dir='ltr'><strong>duobus</strong></span> <span class='ocrx_word' id='word_1_838' title='bbox 1753 5441 1924 5515; x_wconf 80' lang='lat' dir='ltr'><strong>Regg.</strong></span> <span class='ocrx_word' id='word_1_839' title='bbox 1966 5450 2021 5497; x_wconf 91' lang='lat' dir='ltr'><strong>et</strong></span> 
     </span>
    </p>
   </div>
   <div class='ocr_carea' id='block_1_101' title="bbox 450 5516 1806 5657">
    <p class='ocr_par' dir='ltr' id='par_1_101' title="bbox 450 5516 1806 5657">
     <span class='ocr_line' id='line_1_102' title="bbox 450 5516 869 5594; baseline -0.014 -18"><span class='ocrx_word' id='word_1_840' title='bbox 450 5516 688 5594; x_wconf 82' lang='lat' dir='ltr'><strong>quinque</strong></span> <span class='ocrx_word' id='word_1_841' title='bbox 716 5516 869 5573; x_wconf 85' lang='lat' dir='ltr'><strong>Colb.</strong></span> 
     </span>
     <span class='ocr_line' id='line_1_103' title="bbox 476 5580 1806 5657; baseline -0.011 -9"><span class='ocrx_word' id='word_1_842' title='bbox 476 5612 479 5615; x_wconf 93' lang='grc'><strong>·</strong></span> <span class='ocrx_word' id='word_1_843' title='bbox 525 5590 637 5657; x_wconf 66' lang='grc'>(84)</span> <span class='ocrx_word' id='word_1_844' title='bbox 677 5587 821 5657; x_wconf 85' lang='grc' dir='ltr'>Γὰρ.</span> <span class='ocrx_word' id='word_1_845' title='bbox 857 5588 1013 5657; x_wconf 85' lang='lat' dir='ltr'><strong>Deest</strong></span> <span class='ocrx_word' id='word_1_846' title='bbox 1040 5587 1095 5657; x_wconf 87' lang='lat' dir='ltr'><strong>in</strong></span> <span class='ocrx_word' id='word_1_847' title='bbox 1122 5582 1524 5657; x_wconf 74' lang='lat' dir='ltr'><strong>duobusﬂegg.</strong></span> <span class='ocrx_word' id='word_1_848' title='bbox 1553 5592 1608 5637; x_wconf 70' lang='lat' dir='ltr'><strong>et</strong></span> <span class='ocrx_word' id='word_1_849' title='bbox 1632 5580 1726 5638; x_wconf 89' lang='lat' dir='ltr'><strong>0r.</strong></span> <span class='ocrx_word' id='word_1_850' title='bbox 1756 5582 1806 5636; x_wconf 93' lang='grc'><strong>1.</strong></span> 
     </span>
    </p>
   </div>
   <div class='ocr_carea' id='block_1_102' title="bbox 523 5652 1459 5730">
    <p class='ocr_par' dir='ltr' id='par_1_102' title="bbox 523 5652 1459 5730">
     <span class='ocr_line' id='line_1_104' title="bbox 523 5652 1459 5730; baseline -0.01 -14"><span class='ocrx_word' id='word_1_851' title='bbox 523 5652 635 5730; x_wconf 70' lang='grc'>(85)</span> <span class='ocrx_word' id='word_1_852' title='bbox 679 5652 921 5730; x_wconf 52' lang='lat' dir='ltr'><strong>Taeter.</strong></span> <span class='ocrx_word' id='word_1_853' title='bbox 945 5656 1164 5730; x_wconf 75' lang='lat' dir='ltr'><strong>_Comb_..</strong></span> <span class='ocrx_word' id='word_1_854' title='bbox 1191 5654 1259 5730; x_wconf 67' lang='grc' dir='ltr'>σεδ</span> <span class='ocrx_word' id='word_1_855' title='bbox 1278 5652 1459 5730; x_wconf 81' lang='grc' dir='ltr'>αὐτόν.</span> 
     </span>
    </p>
   </div>
   <div class='ocr_carea' id='block_1_103' title="bbox 523 5720 2026 5795">
    <p class='ocr_par' dir='ltr' id='par_1_103' title="bbox 523 5720 2026 5795">
     <span class='ocr_line' id='line_1_105' title="bbox 523 5720 2026 5795; baseline -0.005 -9"><span class='ocrx_word' id='word_1_856' title='bbox 523 5720 637 5794; x_wconf 73' lang='grc'>(86)</span> <span class='ocrx_word' id='word_1_857' title='bbox 675 5729 859 5785; x_wconf 81' lang='grc' dir='ltr'>Κοινὰ</span> <span class='ocrx_word' id='word_1_858' title='bbox 894 5728 1004 5795; x_wconf 69' lang='grc' dir='ltr'>γὰρ</span> <span class='ocrx_word' id='word_1_859' title='bbox 1044 5725 1139 5781; x_wconf 74' lang='grc' dir='ltr'>καὶ</span> <span class='ocrx_word' id='word_1_860' title='bbox 1187 5724 1409 5781; x_wconf 73' lang='grc' dir='ltr'><strong>ἄλλων.</strong></span> <span class='ocrx_word' id='word_1_861' title='bbox 1446 5742 1463 5776; x_wconf 83' lang='grc' dir='ltr'><strong>ι</strong></span> <span class='ocrx_word' id='word_1_862' title='bbox 1494 5720 1616 5780; x_wconf 71' lang='lat' dir='ltr'><strong>Hmc</strong></span> <span class='ocrx_word' id='word_1_863' title='bbox 1664 5722 1857 5791; x_wconf 86' lang='lat' dir='ltr'><strong>quippe</strong></span> <span class='ocrx_word' id='word_1_864' title='bbox 1906 5721 2026 5778; x_wconf 83' lang='lat' dir='ltr'><strong>aliis</strong></span> 
     </span>
    </p>
   </div>
   <div class='ocr_carea' id='block_1_104' title="bbox 2121 4535 3697 4618">
    <p class='ocr_par' dir='ltr' id='par_1_104' title="bbox 2121 4535 3697 4618">
     <span class='ocr_line' id='line_1_106' title="bbox 2121 4535 3697 4618; baseline -0.009 -16"><span class='ocrx_word' id='word_1_865' title='bbox 2121 4549 2219 4618; x_wconf 84' lang='grc' dir='ltr'>μὲν</span> <span class='ocrx_word' id='word_1_866' title='bbox 2246 4546 2340 4604; x_wconf 82' lang='grc' dir='ltr'><strong>οῦν</strong></span> <span class='ocrx_word' id='word_1_867' title='bbox 2381 4549 2475 4602; x_wconf 75' lang='grc' dir='ltr'>καὶ</span> <span class='ocrx_word' id='word_1_868' title='bbox 2501 4546 2747 4611; x_wconf 87' lang='grc' dir='ltr'>νοείσθω,</span> <span class='ocrx_word' id='word_1_869' title='bbox 2782 4546 2880 4599; x_wconf 76' lang='grc' dir='ltr'>καὶ</span> <span class='ocrx_word' id='word_1_870' title='bbox 2908 4539 3210 4607; x_wconf 76' lang='grc' dir='ltr'>ὲλπιξέσθω</span> <span class='ocrx_word' id='word_1_871' title='bbox 3249 4541 3361 4602; x_wconf 86' lang='grc' dir='ltr'>τοῖς</span> <span class='ocrx_word' id='word_1_872' title='bbox 3391 4536 3485 4590; x_wconf 76' lang='grc' dir='ltr'><strong>ἐπὶ</strong></span> <span class='ocrx_word' id='word_1_873' title='bbox 3516 4535 3697 4607; x_wconf 81' lang='grc' dir='ltr'>τούτῳ</span> 
     </span>
    </p>
   </div>
   <div class='ocr_carea' id='block_1_105' title="bbox 2118 4741 3699 4813">
    <p class='ocr_par' dir='ltr' id='par_1_105' title="bbox 2118 4741 3699 4813">
     <span class='ocr_line' id='line_1_107' title="bbox 2118 4741 3699 4813; baseline -0.003 -11"><span class='ocrx_word' id='word_1_874' title='bbox 2118 4749 2281 4803; x_wconf 86' lang='lat' dir='ltr'><strong>etiam</strong></span> <span class='ocrx_word' id='word_1_875' title='bbox 2321 4746 2627 4802; x_wconf 89' lang='lat' dir='ltr'><strong>communia</strong></span> <span class='ocrx_word' id='word_1_876' title='bbox 2676 4754 2827 4809; x_wconf 89' lang='lat' dir='ltr'><strong>sunt,</strong></span> <span class='ocrx_word' id='word_1_877' title='bbox 2852 4765 2872 4798; x_wconf 74' lang='grc' dir='ltr'><strong>ι</strong></span> <span class='ocrx_word' id='word_1_878' title='bbox 2914 4747 3189 4810; x_wconf 89' lang='lat' dir='ltr'><strong>nimirum,</strong></span> <span class='ocrx_word' id='word_1_879' title='bbox 3227 4741 3453 4813; x_wconf 85' lang='lat' dir='ltr'><strong>angelis,</strong></span> <span class='ocrx_word' id='word_1_880' title='bbox 3494 4741 3699 4809; x_wconf 81' lang='lat' dir='ltr'><strong>quibus</strong></span> 
     </span>
    </p>
   </div>
   <div class='ocr_carea' id='block_1_106' title="bbox 2124 4811 3699 4887">
    <p class='ocr_par' dir='ltr' id='par_1_106' title="bbox 2124 4811 3699 4887">
     <span class='ocr_line' id='line_1_108' title="bbox 2124 4811 3699 4887; baseline -0.003 -16"><span class='ocrx_word' id='word_1_881' title='bbox 2124 4819 2451 4872; x_wconf 79' lang='lat' dir='ltr'><strong>conveniunt</strong></span> <span class='ocrx_word' id='word_1_882' title='bbox 2481 4830 2696 4887; x_wconf 90' lang='lat' dir='ltr'><strong>quoque</strong></span> <span class='ocrx_word' id='word_1_883' title='bbox 2729 4816 3124 4882; x_wconf 84' lang='lat' dir='ltr'><strong>immortalitas,</strong></span> <span class='ocrx_word' id='word_1_884' title='bbox 3156 4811 3462 4869; x_wconf 78' lang='lat' dir='ltr'><strong>innocentia</strong></span> <span class='ocrx_word' id='word_1_885' title='bbox 3497 4822 3551 4866; x_wconf 90' lang='lat' dir='ltr'><strong>et</strong></span> <span class='ocrx_word' id='word_1_886' title='bbox 3590 4813 3699 4867; x_wconf 78' lang='lat' dir='ltr'><strong>im-</strong></span> 
     </span>
    </p>
   </div>
   <div class='ocr_carea' id='block_1_107' title="bbox 2119 4887 2470 4942">
    <p class='ocr_par' dir='ltr' id='par_1_107' title="bbox 2119 4887 2470 4942">
     <span class='ocr_line' id='line_1_109' title="bbox 2119 4887 2470 4942; baseline -0.011 0"><span class='ocrx_word' id='word_1_887' title='bbox 2119 4887 2470 4942; x_wconf 89' lang='lat' dir='ltr'><strong>mutabilitas.</strong></span> 
     </span>
    </p>
   </div>
   <div class='ocr_carea' id='block_1_108' title="bbox 2208 4953 3382 5024">
    <p class='ocr_par' dir='ltr' id='par_1_108' title="bbox 2208 4953 3382 5024">
     <span class='ocr_line' id='line_1_110' title="bbox 2208 4953 3382 5024; baseline -0.003 -14"><span class='ocrx_word' id='word_1_888' title='bbox 2208 4956 2297 5024; x_wconf 82' lang='lat'><strong>87)</strong></span> <span class='ocrx_word' id='word_1_889' title='bbox 2324 4958 2389 5010; x_wconf 82' lang='lat' dir='ltr'><strong>Ol</strong></span> <span class='ocrx_word' id='word_1_890' title='bbox 2413 4956 2514 5010; x_wconf 78' lang='grc' dir='ltr'>καὶ</span> <span class='ocrx_word' id='word_1_891' title='bbox 2541 4954 2659 5024; x_wconf 73' lang='grc' dir='ltr'><strong>τὴν</strong></span> <span class='ocrx_word' id='word_1_892' title='bbox 2681 4955 2858 5023; x_wconf 76' lang='grc' dir='ltr'>ὕλην.</span> <span class='ocrx_word' id='word_1_893' title='bbox 2890 4955 3163 5010; x_wconf 80' lang='lat' dir='ltr'><strong>Platonem</strong></span> <span class='ocrx_word' id='word_1_894' title='bbox 3190 4953 3382 5022; x_wconf 85' lang='lat' dir='ltr'><strong>carpit.</strong></span> 
     </span>
    </p>
   </div>
   <div class='ocr_carea' id='block_1_109' title="bbox 2207 5023 3693 5096">
    <p class='ocr_par' dir='ltr' id='par_1_109' title="bbox 2207 5023 3693 5096">
     <span class='ocr_line' id='line_1_111' title="bbox 2207 5023 3693 5096; baseline -0.004 -15"><span class='ocrx_word' id='word_1_895' title='bbox 2207 5023 2300 5096; x_wconf 77' lang='lat'><strong>88)”</strong></span> <span class='ocrx_word' id='word_1_896' title='bbox 2342 5026 2638 5096; x_wconf 70' lang='grc' dir='ltr'>’Βίψωμεν</span> <span class='ocrx_word' id='word_1_897' title='bbox 2697 5027 2942 5096; x_wconf 60' lang='grc' dir='ltr'>σκότος.</span> <span class='ocrx_word' id='word_1_898' title='bbox 2989 5025 3085 5081; x_wconf 91' lang='lat' dir='ltr'><strong>0r.</strong></span> <span class='ocrx_word' id='word_1_899' title='bbox 3120 5027 3173 5091; x_wconf 84' lang='grc'><strong>1,</strong></span> <span class='ocrx_word' id='word_1_900' title='bbox 3226 5023 3457 5081; x_wconf 87' lang='lat' dir='ltr'><strong>secunda</strong></span> <span class='ocrx_word' id='word_1_901' title='bbox 3485 5036 3693 5096; x_wconf 74' lang='lat' dir='ltr'><strong>manu.</strong></span> 
     </span>
    </p>
   </div>
   <div class='ocr_carea' id='block_1_110' title="bbox 2115 5093 3694 5168">
    <p class='ocr_par' dir='ltr' id='par_1_110' title="bbox 2115 5093 3694 5168">
     <span class='ocr_line' id='line_1_112' title="bbox 2115 5093 3694 5168; baseline -0.001 -20"><span class='ocrx_word' id='word_1_902' title='bbox 2115 5093 2361 5168; x_wconf 76' lang='grc' dir='ltr'>ῥίψομεν.</span> <span class='ocrx_word' id='word_1_903' title='bbox 2395 5093 2697 5168; x_wconf 78' lang='lat' dir='ltr'><strong>Manichaci,</strong></span> <span class='ocrx_word' id='word_1_904' title='bbox 2721 5096 2880 5166; x_wconf 75' lang='lat' dir='ltr'><strong>juata</strong></span> <span class='ocrx_word' id='word_1_905' title='bbox 2904 5095 3101 5162; x_wconf 90' lang='lat' dir='ltr'><strong>Eliam,</strong></span> <span class='ocrx_word' id='word_1_906' title='bbox 3158 5115 3176 5147; x_wconf 79' lang='grc' dir='ltr'><strong>ι</strong></span> <span class='ocrx_word' id='word_1_907' title='bbox 3208 5098 3455 5150; x_wconf 87' lang='lat' dir='ltr'><strong>tenebras</strong></span> <span class='ocrx_word' id='word_1_908' title='bbox 3484 5093 3694 5163; x_wconf 82' lang='lat' dir='ltr'><strong>ingeni-</strong></span> 
     </span>
    </p>
   </div>
   <div class='ocr_carea' id='block_1_111' title="bbox 2117 5167 2650 5235">
    <p class='ocr_par' dir='ltr' id='par_1_111' title="bbox 2117 5167 2650 5235">
     <span class='ocr_line' id='line_1_113' title="bbox 2117 5167 2650 5235; baseline -0.002 -16"><span class='ocrx_word' id='word_1_909' title='bbox 2117 5178 2194 5220; x_wconf 91' lang='lat' dir='ltr'><strong>tas</strong></span> <span class='ocrx_word' id='word_1_910' title='bbox 2213 5184 2232 5217; x_wconf 76' lang='grc' dir='ltr'><strong>ι</strong></span> <span class='ocrx_word' id='word_1_911' title='bbox 2249 5167 2650 5235; x_wconf 83' lang='lat' dir='ltr'><strong>agnoscebant.</strong></span> 
     </span>
    </p>
   </div>
   <div class='ocr_carea' id='block_1_112' title="bbox 2188 5232 3696 5308">
    <p class='ocr_par' dir='ltr' id='par_1_112' title="bbox 2188 5232 3696 5308">
     <span class='ocr_line' id='line_1_114' title="bbox 2188 5232 3696 5308; baseline -0.001 -19"><span class='ocrx_word' id='word_1_912' title='bbox 2188 5232 2421 5308; x_wconf 35' lang='lat' dir='ltr'><strong>(89)&quot;Mh</strong></span> <span class='ocrx_word' id='word_1_913' title='bbox 2451 5235 2858 5305; x_wconf 80' lang='grc' dir='ltr'>ἀνθρωπότης,</span> <span class='ocrx_word' id='word_1_914' title='bbox 2914 5246 3020 5290; x_wconf 85' lang='lat' dir='ltr'><strong>etc.</strong></span> <span class='ocrx_word' id='word_1_915' title='bbox 3087 5233 3448 5289; x_wconf 68' lang='lat' dir='ltr'><strong>«Humanitas</strong></span> <span class='ocrx_word' id='word_1_916' title='bbox 3502 5232 3558 5286; x_wconf 92' lang='lat' dir='ltr'><strong>iu</strong></span> <span class='ocrx_word' id='word_1_917' title='bbox 3588 5232 3696 5287; x_wconf 88' lang='lat' dir='ltr'><strong>hoc</strong></span> 
     </span>
    </p>
   </div>
   <div class='ocr_carea' id='block_1_113' title="bbox 2117 5308 3123 5372">
    <p class='ocr_par' dir='ltr' id='par_1_113' title="bbox 2117 5308 3123 5372">
     <span class='ocr_line' id='line_1_115' title="bbox 2117 5308 3123 5372; baseline -0.007 -8"><span class='ocrx_word' id='word_1_918' title='bbox 2117 5309 2219 5364; x_wconf 89' lang='lat' dir='ltr'><strong>sita</strong></span> <span class='ocrx_word' id='word_1_919' title='bbox 2248 5315 2478 5368; x_wconf 90' lang='lat' dir='ltr'><strong>nonest,</strong></span> <span class='ocrx_word' id='word_1_920' title='bbox 2515 5316 2572 5358; x_wconf 92' lang='lat' dir='ltr'><strong>ut</strong></span> <span class='ocrx_word' id='word_1_921' title='bbox 2607 5309 2727 5372; x_wconf 92' lang='lat' dir='ltr'><strong>quis</strong></span> <span class='ocrx_word' id='word_1_922' title='bbox 2749 5308 2960 5360; x_wconf 83' lang='lat' dir='ltr'><strong>ellictus</strong></span> <span class='ocrx_word' id='word_1_923' title='bbox 2985 5309 3075 5361; x_wconf 88' lang='lat' dir='ltr'><strong>sit.</strong></span> <span class='ocrx_word' id='word_1_924' title='bbox 3103 5326 3123 5357; x_wconf 68' lang='grc' dir='ltr'>δ</span> 
     </span>
    </p>
   </div>
   <div class='ocr_carea' id='block_1_114' title="bbox 2187 5371 3692 5448">
    <p class='ocr_par' dir='ltr' id='par_1_114' title="bbox 2187 5371 3692 5448">
     <span class='ocr_line' id='line_1_116' title="bbox 2187 5371 3692 5448; baseline -0.002 -17"><span class='ocrx_word' id='word_1_925' title='bbox 2187 5375 2300 5446; x_wconf 85' lang='grc'>(90)</span> <span class='ocrx_word' id='word_1_926' title='bbox 2327 5374 2463 5448; x_wconf 68' lang='grc' dir='ltr'><strong>ρῡδ⁹</strong></span> <span class='ocrx_word' id='word_1_927' title='bbox 2484 5371 2807 5448; x_wconf 33' lang='grc' dir='ltr'>ὃ-ὑπὰρχει.</span> <span class='ocrx_word' id='word_1_928' title='bbox 2831 5375 2922 5433; x_wconf 90' lang='lat' dir='ltr'><strong>Sic</strong></span> <span class='ocrx_word' id='word_1_929' title='bbox 2952 5376 3059 5432; x_wconf 89' lang='lat' dir='ltr'><strong>duo</strong></span> <span class='ocrx_word' id='word_1_930' title='bbox 3091 5376 3283 5448; x_wconf 55' lang='grc' dir='ltr'><strong>[ἱρείη</strong></span> <span class='ocrx_word' id='word_1_931' title='bbox 3314 5372 3477 5429; x_wconf 76' lang='lat' dir='ltr'><strong>Coisl.</strong></span> <span class='ocrx_word' id='word_1_932' title='bbox 3511 5371 3565 5440; x_wconf 83' lang='grc'><strong>1,</strong></span> <span class='ocrx_word' id='word_1_933' title='bbox 3592 5371 3692 5428; x_wconf 89' lang='lat' dir='ltr'><strong>Or.</strong></span> 
     </span>
    </p>
   </div>
   <div class='ocr_carea' id='block_1_115' title="bbox 2120 5446 2733 5509">
    <p class='ocr_par' dir='ltr' id='par_1_115' title="bbox 2120 5446 2733 5509">
     <span class='ocr_line' id='line_1_117' title="bbox 2120 5446 2733 5509; baseline 0.003 -10"><span class='ocrx_word' id='word_1_934' title='bbox 2120 5446 2179 5509; x_wconf 83' lang='grc'><strong>1,</strong></span> <span class='ocrx_word' id='word_1_935' title='bbox 2202 5456 2308 5501; x_wconf 87' lang='lat' dir='ltr'><strong>etc.</strong></span> <span class='ocrx_word' id='word_1_936' title='bbox 2345 5446 2501 5501; x_wconf 89' lang='lat' dir='ltr'><strong>Deest</strong></span> <span class='ocrx_word' id='word_1_937' title='bbox 2520 5446 2550 5498; x_wconf 83' lang='grc' dir='ltr'>ὅ</span> <span class='ocrx_word' id='word_1_938' title='bbox 2572 5448 2623 5499; x_wconf 91' lang='lat' dir='ltr'><strong>in</strong></span> <span class='ocrx_word' id='word_1_939' title='bbox 2647 5451 2733 5501; x_wconf 88' lang='lat' dir='ltr'><strong>ed.</strong></span> 
     </span>
    </p>
   </div>
   <div class='ocr_carea' id='block_1_116' title="bbox 2189 5514 3176 5652">
    <p class='ocr_par' dir='ltr' id='par_1_116' title="bbox 2189 5514 3176 5652">
     <span class='ocr_line' id='line_1_118' title="bbox 2189 5514 3176 5652; baseline -0.003 -82"><span class='ocrx_word' id='word_1_940' title='bbox 2189 5515 2302 5652; x_wconf 65' lang='grc'>(91)</span> <span class='ocrx_word' id='word_1_941' title='bbox 2324 5514 2469 5570; x_wconf 80' lang='grc' dir='ltr'>Κάν.</span> <span class='ocrx_word' id='word_1_942' title='bbox 2502 5516 2547 5570; x_wconf 85' lang='lat' dir='ltr'><strong>A</strong></span> <span class='ocrx_word' id='word_1_943' title='bbox 2567 5515 2888 5572; x_wconf 85' lang='lat' dir='ltr'><strong>Combelisio</strong></span> <span class='ocrx_word' id='word_1_944' title='bbox 2915 5515 3176 5585; x_wconf 83' lang='lat' dir='ltr'><strong>rejicitnr.</strong></span> 
     </span>
     <span class='ocr_line' id='line_1_119' title="bbox 2190 5585 3176 5652; baseline -0.004 -11"><span class='ocrx_word' id='word_1_945' title='bbox 2190 5588 2281 5652; x_wconf 73' lang='lat'><strong>(92</strong></span> <span class='ocrx_word' id='word_1_946' title='bbox 2327 5585 2437 5639; x_wconf 79' lang='grc' dir='ltr'><strong>Καὶ</strong></span> <span class='ocrx_word' id='word_1_947' title='bbox 2463 5588 2570 5652; x_wconf 78' lang='grc' dir='ltr'>θὶς.</span> <span class='ocrx_word' id='word_1_948' title='bbox 2603 5587 2760 5641; x_wconf 89' lang='lat' dir='ltr'><strong>Deest</strong></span> <span class='ocrx_word' id='word_1_949' title='bbox 2781 5589 2863 5651; x_wconf 87' lang='grc' dir='ltr'><strong>εἰς</strong></span> <span class='ocrx_word' id='word_1_950' title='bbox 2892 5588 2944 5641; x_wconf 92' lang='lat' dir='ltr'><strong>in</strong></span> <span class='ocrx_word' id='word_1_951' title='bbox 2979 5587 3106 5652; x_wconf 77' lang='lat' dir='ltr'><strong>Reg.</strong></span> <span class='ocrx_word' id='word_1_952' title='bbox 3135 5599 3176 5638; x_wconf 76' lang='grc' dir='ltr'><strong>ε.</strong></span> 
     </span>
    </p>
   </div>
   <div class='ocr_carea' id='block_1_117' title="bbox 2190 5585 3188 5657">
    <p class='ocr_par' dir='ltr' id='par_1_117' title="bbox 2190 5585 3188 5657">
     <span class='ocr_line' id='line_1_120' title="bbox 2190 5585 3188 5657; baseline 0 -16"><span class='ocrx_word' id='word_1_953' title='bbox 2190 5585 2302 5657; x_wconf 66' lang='grc'>(⁷92)</span> <span class='ocrx_word' id='word_1_954' title='bbox 2327 5585 2437 5639; x_wconf 79' lang='grc' dir='ltr'><strong>Καὶ</strong></span> <span class='ocrx_word' id='word_1_955' title='bbox 2463 5588 2570 5653; x_wconf 78' lang='grc' dir='ltr'>θὶς.</span> <span class='ocrx_word' id='word_1_956' title='bbox 2603 5587 2760 5657; x_wconf 82' lang='lat' dir='ltr'><strong>Deest</strong></span> <span class='ocrx_word' id='word_1_957' title='bbox 2781 5589 2863 5651; x_wconf 87' lang='grc' dir='ltr'><strong>εἰς</strong></span> <span class='ocrx_word' id='word_1_958' title='bbox 2892 5588 2944 5641; x_wconf 92' lang='lat' dir='ltr'><strong>in</strong></span> <span class='ocrx_word' id='word_1_959' title='bbox 2979 5587 3106 5657; x_wconf 71' lang='lat' dir='ltr'><strong>Reg.</strong></span> <span class='ocrx_word' id='word_1_960' title='bbox 3135 5599 3188 5641; x_wconf 88' lang='lat' dir='ltr'><strong>a.</strong></span> 
     </span>
    </p>
   </div>
   <div class='ocr_carea' id='block_1_118' title="bbox 2192 5650 3474 5728">
    <p class='ocr_par' dir='ltr' id='par_1_118' title="bbox 2192 5650 3474 5728">
     <span class='ocr_line' id='line_1_121' title="bbox 2192 5650 3474 5728; baseline -0.006 -14"><span class='ocrx_word' id='word_1_961' title='bbox 2192 5650 2302 5728; x_wconf 78' lang='grc'>(95)</span> <span class='ocrx_word' id='word_1_962' title='bbox 2352 5657 2444 5723; x_wconf 85' lang='grc' dir='ltr'>Ὡς</span> <span class='ocrx_word' id='word_1_963' title='bbox 2472 5650 2665 5725; x_wconf 58' lang='grc' dir='ltr'><strong>ἡτοῦ.</strong></span> <span class='ocrx_word' id='word_1_964' title='bbox 2688 5650 2853 5716; x_wconf 82' lang='lat' dir='ltr'><strong>Coisl.</strong></span> <span class='ocrx_word' id='word_1_965' title='bbox 2885 5658 2937 5725; x_wconf 89' lang='grc'><strong>1,</strong></span> <span class='ocrx_word' id='word_1_966' title='bbox 2964 5650 3269 5725; x_wconf 58' lang='grc' dir='ltr'>ὡςξφησὶν,</span> <span class='ocrx_word' id='word_1_967' title='bbox 3297 5656 3331 5725; x_wconf 78' lang='grc' dir='ltr'>ἡ</span> <span class='ocrx_word' id='word_1_968' title='bbox 3358 5650 3474 5707; x_wconf 85' lang='grc' dir='ltr'>τοῦ.</span> 
     </span>
    </p>
   </div>
  </div>
