3890 6214
182 263 249 319 89
403 263 407 267 ’
1213 266 1476 322 ORATIO
1513 267 1710 324 XXIX.
1747 301 1786 311 —

1904 268 2300 326 HEOLOGICA
2337 269 2420 323 111.
2725 323 2738 331 ,
3386 271 3458 331 9»)

2717 323 2740 362 Ι

182 378 627 450 καθαιρομένοις.
665 379 857 451 Ἡμεῖς
894 380 952 434 δὲ
987 381 1242 436 τοσοῦτον
1280 367 1776 456 εἰπεῖν’θαῤῥήσω-

1899 387 2092 442 ιὸιιηιιε
2116 402 2368 457 magnum
2391 395 2556 456 atque
2583 386 2817 457 amplum
2842 387 3021 454 fuerit,
3043 387 3088 443 si
3107 387 3159 442 in
3186 395 3458 458 posterum

185 490 282 544 μεν
320 471 459 543 (94),
510 472 592 526 ὅτι
627 473 675 525 εἰ
718 473 812 526 καὶ
851 472 992 544 μέγα
1019 473 1096 545 τῷ
1130 475 1327 546 Πατρὶ,
1361 475 1424 529 τὸ
1463 476 1776 548 μηδαμόθεν

180 565 494 638 ὡρμῆσθαι,
530 565 632 618 οὐκ
668 563 887 619 ἔλαττον
914 566 991 637 τῷ
1018 567 1152 638 Υίῷ,
1179 568 1240 622 τὸ
1273 570 1338 623 ὲκ
1376 568 1621 622 τοιούτου
1662 571 1778 622 Πα-

180 657 329 728 τρός.
363 657 477 726 Τῆς
507 674 568 709 τε
601 655 710 728 γὰρ
738 654 830 709 τοῦ
860 657 1102 710 ἀναιτίου
1133 658 1293 730 δόξης
1328 659 1544 730 μετέχοι
1581 659 1669 724 ἂν,
1696 661 1778 714 ὅτι

181 751 246 800 ὲκ
292 747 386 801 τοῦ
443 748 710 813 ἀναιτίου,
771 748 870 802 κα)⁸
917 749 1179 820 πρόσεστι
1231 751 1293 803 τὸ
1337 751 1440 821 τῆς
1469 753 1780 823 γεννήσεως

182 842 420 910 πρᾶγμα
460 838 733 905 τοσοῦτον,
789 842 884 894 καὶ
938 841 1082 896 οὕτω
1147 843 1443 915 σεϐάσμιον
1498 843 1612 916 (95)
1663 847 1776 909 τοῖς

187 931 262 1002 μὴ
322 931 500 1002 πάντη
561 933 929 1002 χαμαιπετέσι
983 933 1096 1004 (96)
1140 936 1235 990 xui.
1271 931 1476 1000 ὑλικοίς
1513 935 1613 1008 τὴν
1662 936 1779 990 διά-

185 1040 356 1076 νοιαν.

1875 493 2089 550 quoque
2123 480 2414 543 discamus,
2473 479 2646 533 soluta
2695 479 2948 534 videlicet
2994 479 3096 534 hac
3149 479 3376 548 caligine
3405 486 3462 534 et

1877 573 2126 629 crassitie
2156 573 2223 638 ³³,
2258 581 2318 627 ιιι
2351 572 2621 642 pollicitus
2653 579 2737 626 est
2767 572 2833 640 is,
2862 571 2952 641 qui
2980 587 3084 626 non
3115 569 3457 625 mentitur“.

1877 662 2018 734 Ergo
2049 664 2152 718 hoc
2189 665 2258 717 ab
2295 665 2400 728 his,
2437 663 2530 733 qui
2558 663 2625 717 ad
2648 678 2768 717 eam
2808 677 2920 718 rem
2954 675 3075 718 sese
3110 670 3461 732 perpurgant,

1879 757 2171 826 cogitetur,
2217 769 2283 810 ac
2310 764 2588 824 speretur.
2620 754 2729 809 Nos
2759 764 2937 809 autem
2967 755 3069 809 hoc
3099 754 3363 808 duntaxat
3382 752 3466 806 di-

1882 860 2008 901 cere
2041 861 2148 900 non
2179 846 2566 914 dubitabimus,
2595 845 2640 901 si
2672 861 2925 916 magnum
2969 843 3116 898 Patri
3150 851 3232 899 est
3255 858 3284 897 a
3318 842 3465 898 nullo

1881 936 2184 1007 profectum
2241 952 2383 1003 esse,
2447 952 2553 992 non
2605 939 2784 992 minus
2821 936 3026 990 illustre
3059 935 3196 990 Filio
3226 949 3365 997 esse,
3399 948 3465 987 ex

1881 1029 1974 1084 tali
2002 1029 2162 1085 Patre
2187 1031 2474 1100 prodiisse.
2528 1028 2660 1084 Nam
2693 1041 3051 1098 prmterquam
3094 1026 3237 1098 quod
3281 1026 3466 1095 gloria:

185 1115 351 1177 illius,
385 1116 475 1185 qni
510 1131 729 1172 causam
761 1133 791 1172 ε
837 1118 981 1173 ηιιΙΙο
1005 1120 1187 1184 habet,
1219 1121 1490 1191 particeps
1511 1130 1614 1186 est,
1646 1121 1770 1191 quia
1795 1135 1860 1174 ex
1902 1135 1968 1174 eo
2002 1129 2104 1186 est,
2141 1121 2350 1175 accedit
2377 1121 2538 1175 etiam
2571 1120 2936 1190 generationis
2957 1119 3145 1183 decus,
3173 1132 3259 1172 res
3291 1126 3463 1184 tanta,

190 1218 409 1276 tamque
460 1211 790 1274 veneranda,
835 1210 903 1265 iis
946 1212 1156 1281 utique,
1204 1213 1294 1282 qui
1327 1228 1432 1268 non
1456 1213 1680 1268 omnino
1721 1213 1870 1267 humi
1940 1213 2209 1282 provoluti
2261 1220 2408 1278 sunt,
2468 1227 2762 1281 crassoque
2807 1213 2987 1265 animo
3042 1210 3273 1281 praediti.

257 1385 362 1442 IB'.
409 1388 549 1442 Ἀλλ’
591 1390 642 1442 εἰ
680 1389 898 1456 ταυτὸν,
937 1392 1094 1461 φασὶ,
1137 1392 1166 1443 6
1192 1392 1322 1456 Υἱὸς
1357 1392 1436 1464 τῷ
1466 1394 1640 1465 Πατρὶ
1667 1395 1776 1464 (97)

184 1482 309 1534 κατ’
338 1482 548 1545 οὐσίαν,
589 1481 883 1553 ἀγέννητος
906 1483 962 1536 δὲ
999 1484 1027 1536 6
1065 1484 1275 1557 Πατὴρ,
1315 1484 1466 1537 ἔσται
1499 1483 1658 1537 τοῦτο
1687 1484 1782 1537 καὶ

185 1576 213 1625 6
233 1572 387 1636 Υἱός.
414 1573 634 1636 Καλῶς,
669 1573 826 1644 εἴπερ
855 1574 1012 1628 οὐσία
1045 1575 1180 1629 Θεοῦ
1207 1576 1267 1628 τὸ
1295 1577 1612 1644 ἀγέννητον,
1652 1576 1718 1628 ἵν’

183 1683 270 1728 τις
305 1665 467 1737 καινὴ
503 1665 670 1736 μίξις,
700 1667 1226 1738 γεννητοαγέννητον
1257 1667 1393 1739 (98).
1448 1670 1514 1722 Εἰ
1557 1667 1615 1721 δὲ
1648 1668 1780 1738 περὶ

185 1758 376 1810 οὐσίαν
428 1759 461 1829 ἡ
506 1757 758 1828 διαφορὰ,
803 1758 856 1811 τί
885 1758 1065 1822 τοῦτο,
1103 1759 1179 1822 ὡς
1226 1759 1463 1830 ἰσχυρὸν,
1493 1759 1703 1829 λέγεις;
1739 1760 1773 1831 ἢ

186 1851 282 1904 καὶ
315 1850 380 1903 σὺ
413 1850 595 1920 πατὴρ
625 1849 718 1903 τοῦ
748 1850 974 1922 πατρὸς,
1009 1851 1097 1904 ἵνα
1135 1852 1325 1923 μηδενὶ
1355 1851 1518 1924 λείπῃ
1561 1850 1655 1904 τοῦ
1680 1851 1776 1904 σοῦ

187 1941 416 2012 πατρὸς,
452 1941 643 2014 ἐπειδὴ
672 1942 867 1996 ταυτὸν
892 1939 943 1996 εἴ
965 1943 1085 1996 κατ’
1113 1943 1333 2009 οὐσίαν;
1361 1944 1434 1996 ’Ἦ
1469 1943 1644 2014 δῆλον,
1671 1944 1774 2008 ὅτι,

184 2032 288 2103 τῆς
321 2032 582 2104 ἰδιότητος
610 2034 720 2103 (99)
756 2034 1014 2105 ἀκινήτου
1042 2034 1328 2106 μενούσης,
1359 2034 1664 2107 ζητήσομεν
1687 2035 1779 2088 οὐ-
1811 2087 1813 2089 ,

187 2123 310 2178 σίαν
337 2125 496 2187 Θεοῦ,
522 2125 643 2196 ἥτις
671 2125 801 2178 ποτέ
837 2126 1002 2192 ἐστιν,
1036 2126 1517 2200 είπερζητήσομεν
1535 2147 1550 2193 ;
1570 2128 1694 2182 Ὅτι
1719 2127 1778 2181 δὲ

185 2216 246 2266 οὐ
305 2216 506 2268 ταυτὸν
546 2216 838 2286 ἀγέννητον
883 2217 979 2270 καὶ
1011 2216 1164 2284 Θεὸς,
1206 2212 1308 2273 ὧδε
1350 2219 1418 2275 ἂν
1463 2219 1688 2284 μάθοις-
1712 2220 1777 2274 Εἰ

187 2307 386 2360 ταυτὸν
422 2302 513 2379 ἦν,
556 2308 661 2361 ἔδει
708 2309 944 2375 πάντως,
981 2312 1170 2383 ἐπειδὴ
1199 2312 1361 2366 τινῶν
1406 2313 1536 2376 Θεὸς
1569 2315 1596 2366 6
1625 2312 1777 2377 Θεὸς,

189 2397 352 2450 τινῶν
386 2392 526 2451 εἶναι
547 2399 640 2451 καὶ
657 2399 716 2451 τὸ
737 2399 1049 2472 ἀγέννητονο
1073 2401 1106 2472 ἢ
1127 2401 1252 2454 ἐπεὶ
1281 2401 1510 2473 μηδενὸς
1537 2401 1598 2454 τὸ
1622 2401 1780 2470 ἀγέν-

189 2504 370 2560 νητον,
391 2489 525 2560 μηδὲ
544 2489 636 2544 τὸν
663 2489 792 2542 Θεὸν
816 2487 954 2544 εἶναι
975 2492 1135 2546 τινῶν
1161 2509 1176 2524 ·
1210 2495 1278 2546 τά
1309 2493 1418 2564 γὰρ
1449 2493 1625 2563 πάντη
1647 2511 1777 2546 ταυο

191 2579 278 2646 τὰ,
298 2581 394 2633 καὶ
414 2581 614 2651 ὁμοίως
631 2581 942 2653 ἐκφέρεται.
963 2583 1123 2637 Ἀλλὰ
1149 2582 1254 2655 μὴν
1273 2585 1333 2636 οὐ
1360 2583 1520 2638 τινῶν
1540 2584 1600 2637 τὸ
1617 2583 1778 2653 ἀγέν-

190 2689 374 2742 νητον,
392 2671 550 2725 τίνων
572 2672 681 2745 γάρ
701 2689 715 2739 ;
735 2674 828 2726 καὶ
849 2673 1010 2726 τινῶν
1027 2673 1159 2738 Θεὸς
1187 2676 1215 2726 6
1241 2674 1392 2740 Θεὸς,
1415 2675 1632 2728 πάντων
1649 2675 1776 2746 γάρ.

193 2765 318 2829 Πῶς
344 2761 438 2820 οὖν
468 2765 535 2819 ἂν
566 2766 651 2836 εἴη
685 2767 878 2820 ταυτὸν
908 2768 1039 2831 Θεὸς
1065 2769 1159 2821 καὶ
1181 2767 1505 2840 ἀγέννηνον;
1539 2768 1649 2821 Καὶ
1678 2768 1784 2822 πά-

192 2856 296 2923 λιν,
337 2859 525 2931 ἐπειδὴ
554 2860 614 2912 τὸ
636 2860 950 2932 ἀγέννητον,
991 2861 1085 2914 καὶ
1114 2861 1175 2914 τὸ
1201 2861 1456 2932 γεννητὸν
1487 2861 1784 2915 ἀντίκειται

191 2948 462 3020 ἀλλήλοις,
511 2949 588 3014 ὡς
628 2950 740 3016 ἕξις
780 2951 873 3004 xa‘t
905 2950 1181 3023 στέρησις,
1214 2952 1430 3022 ἀνάγκη
1467 2953 1562 3006 καὶ
1593 2952 1785 3016 οὐσίας

1961 1393 2073 1448 Xll.
2099 1391 2204 1447 Sed
2237 1391 2279 1446 si
2311 1391 2496 1457 Filius,
2528 1391 2796 1460 inquiunt,
2827 1399 3070 1445 essentia:
3091 1390 3296 1445 ratione
3325 1375 3496 1445 idem-

1888 1502 2012 1542 cum
2068 1484 2229 1538 Patre
2281 1493 2388 1547 est,
2421 1483 2684 1552 profecto,
2722 1497 2845 1536 cum
2884 1482 3154 1552 ingenitus
3190 1482 3261 1535 sit
3285 1481 3465 1550 Pater,

1890 1579 2162 1650 ingenitus
2217 1591 2432 1647 quoque
2491 1575 2662 1631 Filius
2695 1577 2822 1630 erit.
2881 1575 3067 1640 Recte,
3098 1575 3142 1630 si
3169 1576 3468 1648 ingenitum

1887 1670 2122 1725 essentia
2159 1669 2252 1724 Dei
2287 1676 2456 1736 esset,
2492 1677 2552 1722 ut
2583 1668 2663 1722 sic
2682 1682 2819 1723 nova
2851 1667 3096 1737 quaedam
3126 1667 3305 1722 mistio
3324 1676 3469 1722 esset

1884 1761 2421 1831 genito-ingenitum.
2467 1758 2602 1814 Cum
2647 1767 2825 1812 autem
2874 1758 2978 1812 hoc
3006 1757 3293 1813 discrimen
3323 1759 3468 1812 circa

1882 1855 2175 1910 essentiam
2221 1853 2622 1916 consideretur,
2656 1853 2784 1922 quid
2825 1861 2876 1904 tu
2912 1853 3014 1906 boc
3054 1850 3209 1919 quasi
3254 1849 3469 1904 firmum

1884 1945 2140 2016 quiddam
2175 1945 2434 2015 profers?
2483 1944 2567 1998 An
2600 1955 2653 1999 tu
2706 1958 2920 2013 quoque
2967 1943 3136 2013 patris
3186 1949 3339 2012 pater
3387 1956 3468 2010 es,

1888 2046 1945 2091 ut
2005 2038 2150 2091 nulla
2205 2052 2264 2094 re
2317 2052 2346 2090 a
2377 2045 2531 2106 patre
2571 2046 2662 2091 tuo
2691 2036 2986 2103 superaris,
3035 2032 3469 2103 quandoquidem

1884 2130 2120 2184 essentia
2153 2113 2293 2183 idem
2339 2144 2460 2185 cum
2495 2143 2560 2182 eo
2595 2127 2696 2182 es?
2739 2125 2928 2181 Nonne
2977 2125 3319 2196 perspicuum
3363 2133 3468 2192 est,

1885 2221 2218 2291 proprietate
2246 2219 2350 2273 ﬁxa
2378 2228 2430 2274 et
2475 2219 2655 2273 stabili
2699 2225 3068 2288 permanente,
3122 2216 3468 2284 quaerendum

1891 2313 2048 2366 nobis
2099 2327 2219 2366 esse
2269 2327 2389 2380 quae
2443 2312 2512 2366 sit
2550 2312 2640 2366 Dei
2673 2311 2929 2372 essentia,
2965 2309 3009 2362 si
3052 2315 3233 2362 tamen
3268 2321 3329 2359 ea
3364 2305 3470 2360 nllo

1889 2405 2048 2458 modo
2072 2405 2358 2473 quaerenda
2378 2403 2502 2458 est?
2531 2403 2681 2470 Quod
2710 2412 2889 2457 autem
2915 2399 3209 2470 ingenitum
3245 2407 3299 2452 et
3331 2399 3471 2462 Deus

1890 2493 2032 2548 idem
2075 2507 2180 2547 non
2231 2493 2360 2557 sint,
2411 2494 2534 2547 hinc
2565 2492 2680 2547 fere
2733 2491 3016 2560 intelliges.
3063 2490 3117 2543 Si
3147 2488 3290 2542 enim
3327 2487 3471 2541 idem

1887 2595 2092 2654 essent,
2157 2601 2383 2656 prorsus
2440 2584 2600 2656 532
2658 2593 2952 2655 oporteret,
3005 2583 3258 2653 quoniam
3330 2582 3470 2635 Deus

1888 2682 2248 2752 quorumdam
2283 2682 2426 2736 Dens
2476 2689 2578 2745 est,
2631 2679 2985 2749 quorumdam
3015 2691 3231 2747 quoque
3258 2675 3473 2744 ingeni-

1890 2784 2002 2830 tum
2035 2789 2157 2830 esse
2203 2791 2217 2827 :
2258 2783 2351 2829 aut
2378 2781 2592 2836 contra,
2641 2772 2896 2842 quoniam
2948 2771 3243 2840 ingenitum
3271 2769 3472 2823 nullius

1888 2877 1993 2933 est,
2015 2882 2114 2923 nec
2147 2867 2313 2922 Deum
2340 2881 2556 2936 quoque
2584 2865 2941 2934 quorumdam
2995 2877 3137 2918 esse.
3183 2862 3313 2915 Nam
3351 2875 3472 2932 quise

1890 2961 2112 3016 omnino
2133 2959 2324 3014 eadem
2357 2967 2502 3025 sunt,
2555 2957 2808 3012 similiter
2835 2956 2998 3012 etiam
3048 2953 3364 3010 efferuntur.
3403 2953 3474 3006 At

193 3043 511 3114 εἰσαχθῆναι
530 3042 605 3115 (1)
621 3044 1002 3115 ἀντικειμένας
1028 3045 1304 3118 ἀλλήλαις,
1324 3046 1460 3115 ὅπερ
1477 3047 1540 3099 οὐ
1554 3046 1781 3101 δέδοται.

1899 3051 2192 3120 ingenitum
2249 3064 2356 3105 non
2407 3049 2765 3120 quorumdam
2815 3057 2901 3102 est
2947 3047 3195 3117 (quorum
3238 3043 3380 3100 enim
3401 3043 3470 3115 7),

195 3133 287 3196 Ἦ,
313 3133 500 3204 ἐπειδὴ
517 3133 679 3187 πάλιν
702 3135 756 3186 αἱ
778 3133 918 3200 ἕξεις
945 3133 1052 3188 τῶν
1072 3152 1161 3188 στε
1172 3137 1379 3207 ρήσεων
1394 3135 1674 3207 πρότεραι,
1693 3137 1786 3192 καὶ

1899 3144 2035 3199 Deus
2063 3157 2191 3198 vero
2223 3143 2582 3218 quorumdam
2623 3141 2762 3198 Deus
2815 3150 2920 3205 est,
2955 3140 3196 3194 omnium
3253 3137 3473 3206 quippe.

195 3229 541 3300 ἀναιρετικαὶ
591 3229 701 3283 τῶν
722 3219 889 3297 ἕξεων
923 3231 980 3283 αἱ
1016 3233 1323 3302 στερήσεις,
1356 3229 1430 3302 μὴ
1463 3230 1622 3302 μόνον
1658 3248 1786 3303 πρε-

1899 3237 2009 3303 Quo
2040 3251 2170 3307 ergo
2197 3237 2357 3291 modo
2391 3235 2532 3290 idem
2565 3243 2727 3288 erunt
2770 3233 2911 3288 Deus
2938 3240 2991 3287 et
3020 3229 3358 3300 tngenitum?
3395 3227 3475 3282 Ac

196 3320 468 3392 σϐυτέραν
492 3317 631 3375 εῖναι
667 3322 766 3393 τῆς
798 3321 888 3375 τοῦ
926 3323 1139 3394 Πατρὸς
1163 3323 1353 3387 οὐσίας
1382 3327 1480 3394 τὴν
1509 3322 1604 3376 τοῦ
1635 3322 1786 3390 Υἰοῦ,

1899 3340 2100 3389 rursus,
2130 3324 2388 3394 quoniam
2420 3323 2719 3394 ingenitum
2762 3332 2816 3378 et
2847 3322 3085 3394 genitum
3122 3320 3268 3374 inter
3292 3333 3350 3373 se
3379 3332 3477 3389 op-

198 3411 333 3466 sm
375 3413 472 3466 καὶ
505 3414 906 3487 ἀναιρουμένην
927 3413 1034 3466 ὑπὸ
1054 3413 1149 3466 τοῦ
1169 3414 1400 3486 Πατρέκ,
1423 3414 1545 3468 ὅσον
1565 3413 1656 3467 ἐπὶ
1673 3416 1786 3478 ταῖς

1899 3423 2180 3482 ponuntur,
2211 3422 2272 3468 ut
2297 3413 2514 3468 habitus
2543 3423 2598 3468 et
2625 3412 2876 3482 privatio,
2908 3409 3238 3466 substantias
3261 3419 3478 3477 quoque

198 3506 322 3568 σαῖς
345 3504 659 3560 ὑποθέσεσι.

1899 3506 2032 3560 inter
2057 3519 2117 3560 se
2150 3505 2424 3576 Oppositas
2455 3504 2636 3560 induci
2700 3517 2922 3559 necesse
2971 3510 3072 3569 est,
3127 3499 3270 3570 quod
3320 3513 3478 3554 nemo

199 3600 556 3652 concesserit.
592 3600 698 3652 Ant
765 3613 973 3665 rursus,
1019 3595 1275 3668 quoniam
1338 3597 1560 3654 habitus
1614 3596 2003 3668 privationibus
2067 3598 2274 3667 priores
2318 3608 2466 3664 sunt,
2495 3611 2559 3652 ac
2588 3596 2920 3668 privationes
2958 3593 3175 3650 habitus
3211 3593 3357 3662 ipsos
3382 3606 3480 3646 ex-

200 3691 506 3759 stingnunt,
549 3703 654 3743 non
706 3688 876 3742 solum
904 3687 1175 3753 antiquior
1201 3687 1308 3740 erit
1352 3685 1476 3741 Filii
1521 3686 1778 3755 essentia,
1818 3701 1980 3756 quam
2036 3689 2216 3746 Patris
2248 3731 2264 3755 ,
2323 3689 2416 3744 sed
2465 3689 2632 3744 etiam
2660 3729 2676 3756 ,
2699 3686 2854 3757 juxta
2885 3685 3212 3758 bypotheses
3267 3695 3409 3751 tuas,
3446 3698 3480 3738 a

202 3784 364 3839 Patre
389 3781 788 3850 exstinguetnr,
825 3795 889 3834 ac
916 3781 981 3833 de
1008 3779 1186 3834 medio
1216 3779 1455 3835 tolletur.

275 3876 377 3929 II".
422 3873 522 3936 Τίς
559 3871 642 3925 ἑτι
671 3871 828 3940 λόγος
856 3873 1040 3937 αὐτοῖς
1071 3871 1178 3926 τῶν
1201 3869 1494 3940 ἀφύκτων;
1535 3872 1690 3943 Τάχα
1731 3873 1798 3927 ἂν

204 3969 294 4022 ἐπ’
330 3968 508 4019 ἐκεῖνο
531 3963 899 4033 καταφύγοιεν
918 3963 1248 4028 τελευταῖον,
1277 3962 1352 4026 ὡς
1380 3963 1442 4015 Εἰ
1481 3963 1580 4034 μὲν
1603 3965 1667 4016 οὐ
1700 3964 1799 4017 πέ-

206 4073 415 4112 παυται
451 4053 547 4108 τοῦ
585 4055 780 4124 γεννᾷν
815 4053 844 4106 6
882 4052 1034 4117 Θεὸς,
1074 4052 1270 4122 ἀτελὴς
1311 4053 1345 4121 ἡ
1379 4051 1651 4123 γέννησις.
1688 4052 1801 4106 Καὶ

208 4150 341 4203 πότε
373 4147 676 4211 studuerat;
703 4146 767 4198 Εἰ
789 4145 846 4197 δὲ
870 4144 1166 4206 πέπαυται,
1198 4144 1415 4208 πάντως
1447 4144 1543 4196 καὶ
1573 4143 1795 4215 ἤρξατο.

209 4240 384 4295 Πάλιν
415 4241 464 4292 οἱ
504 4239 808 4310 σωματικοὶ
848 4236 918 4290 τὰ
974 4236 1262 4307 σωματικά
1307 4235 1402 4306 (2).
1451 4234 1594 4304 Ἐγὼ
1645 4235 1723 4300 δὲ,
1751 4237 1802 4288 εί

214 4333 316 4404 μὲν
336 4331 505 4385 ἀΐδιον
532 4329 681 4401 αὐτῷ
710 4329 773 4383 τὸ
797 4327 1089 4399 γεννᾶσθαι
1119 4328 1152 4399 ἢ
1192 4328 1290 4398 μὴ,
1325 4326 1478 4381 οὔπω
1499 4326 1661 4396 λέγω,
1697 4327 1802 4391 ἕως

209 4424 278 4478 ἂν
311 4424 398 4486 τὸ,
433 4423 551 4492 Πρὸ
580 4422 821 4476 πάντων
842 4418 1096 4486 ,βουνῶν
1124 4418 1310 4490 γεννᾷ
1335 4437 1435 4488 με,
1485 4411 1806 4490 ἀκριϐέστε-

212 4533 310 4588 ρον
349 4514 424 4585 (3)
457 4513 862 4584 ὲπισκέψωμαι.
897 4513 1009 4584 Οὐχ
1039 4511 1150 4584 ὸρῶ
1171 4510 1249 4574 δὲ,
1273 4511 1358 4574 τίς
1402 4511 1435 4582 ἡ
1464 4510 1680 4580 ἀνάγκη
1709 4510 1806 4571 τοῦ

210 4609 394 4677 λόγου.
437 4607 500 4660 Εἰ
542 4606 652 4677 γὰρ
693 4601 895 4676 ἦρκται
935 4602 1058 4658 κατ’
1095 4603 1292 4667 αὐτοὺς
1338 4602 1400 4655 τὸ
1441 4603 1804 4674 παυσόμενον,

1968 3871 2112 3926 XIII.
2163 3870 2302 3938 Quid
2363 3869 2540 3925 adhuc
2601 3875 2848 3939 superest
2917 3879 2986 3921 ex
3040 3862 3478 3919 incluctabilibus

1900 3963 2158 4030 ipsorum,
2210 3967 2271 4012 ut
2295 3967 2507 4028 putant,
2539 3956 2912 4028 argumentis?
2943 3956 3201 4010 Fortasse
3243 3956 3311 4007 ad
3349 3954 3479 4009 illud

1899 4061 2228 4124 postremum
2263 4050 2573 4121 confugient
2600 4069 2613 4104 :
2644 4049 2700 4104 Si
2727 4048 2872 4104 Deus
2909 4049 3155 4120 gignendi
3181 4049 3342 4105 linem
3370 4067 3482 4106 non

1901 4143 2050 4210 fecit,
2089 4145 2406 4215 imperfecta
2457 4153 2541 4200 est
2589 4145 2888 4216 generatio.
2933 4144 2998 4199 Et
3046 4145 3260 4216 quando
3317 4147 3478 4201 finem

1900 4234 2143 4292 facturus
2174 4237 2299 4291 est?
2353 4237 2410 4291 Si
2454 4246 2636 4292 autem
2691 4238 2913 4308 gignere
2951 4237 3206 4304 cessavit,
3258 4237 3484 4291 omnino

1901 4342 2116 4398 quoque
2157 4327 2338 4396 coepit.
2375 4327 2466 4384 Sic
2488 4344 2675 4384 rursus
2726 4329 2901 4385 crassi
2961 4336 3016 4383 et
3043 4328 3288 4398 corporis
3319 4333 3480 4384 rebus

1903 4419 2046 4475 ειηκὶ
2087 4420 2339 4476 homines
2391 4436 2682 4490 corporeas
2736 4421 3176 4477 ratiocinationes
3227 4420 3481 4476 afferunt.

1903 4510 2015 4581 Ego
2045 4525 2174 4566 vero
2205 4511 2285 4566 sic
2344 4513 2644 4582 respondeo
2681 4533 2695 4568 ;
2737 4511 3205 4580 Sempiternumne
3240 4514 3311 4565 sit
3342 4510 3484 4565 Filio

1907 4603 2080 4667 nasci,
2115 4617 2310 4666 necne,
2342 4605 2576 4657 nondum
2613 4603 2753 4664 dico,
2791 4603 3144 4673 quoadusque
3176 4602 3304 4656 illud
3330 4601 3481 4656 Scri~

210 4703 316 4756 οὐκ
345 4696 550 4773 ἦρκται
573 4701 790 4762 πάντως
819 4698 881 4751 τὸ
895 4696 984 4770 ,μὴ
1005 4695 1368 4766 παυσόμενον.
1387 4694 1452 4746 Τί
1473 4694 1652 4748 τοίνυν
1673 4695 1786 4748 ἀπο

1906 4701 2077 4761 plura:
2113 4710 2126 4746 :
2158 4693 2292 4746 Ante
2335 4709 2518 4760 omnes,
2565 4694 2722 4748 colles
2750 4695 2915 4765 gignit
2947 4710 3028 4748 me
3053 4695 3119 4761 ¹⁵,
3177 4693 3483 4748 accuratius

212 4792 516 4865 φανοῦνται
545 4792 676 4861 περὶ
697 4791 896 4860 ψυχῆς,
933 4789 966 4860 ἢ
996 4790 1094 4860 τῆς
1123 4786 1422 4857 ἀγγελικῆς
1456 4787 1704 4856 φύσεως;
1736 4787 1800 4839 Εἰ

213 4887 319 4956 μὲν
340 4879 565 4954 ἦρκται,
593 4882 687 4936 καὶ
717 4880 1013 4935 παύσεται·
1052 4883 1100 4934 εἰ
1127 4879 1183 4932 δὲ
1209 4879 1270 4932 οὐ
1295 4879 1585 4942 παύσεται,
1620 4878 1800 4949 δῆλον,

211 4979 298 5031 ὅτι
342 4976 461 5029 κατ’
486 4975 683 5039 αὐτοὺς
713 4974 834 5028 οὐδὲ
856 4969 1080 5045 ἦρκται.
1113 4970 1274 5026 Ἀλλὰ
1314 4971 1420 5042 μὴν
1447 4971 1542 5024 καὶ
1577 4965 1804 5042 ἦρκται,

295 5112 382 5168 ¹³1
413 5113 571 5170 Joan.
610 5130 693 5182 ιιι,
721 5113 776 5168 2.
856 5113 902 5145 “'
930 5111 1037 5167 Tit.
1062 5127 1102 5179 ι,
1140 5111 1194 5164 2.
1263 5111 1310 5143 ”
1341 5109 1501 5166 Prov.
1535 5124 1652 5176 \‘III,
1679 5108 1771 5163 25.

295 5270 411 5336 (94)
438 5267 859 5338 Θαῤῥήσωμεν.
894 5268 1006 5323 Duo
1054 5267 1248 5339 Itegg.,
1275 5267 1369 5324 0r.
1400 5266 1419 5321 I
1478 5275 1533 5323 et
1578 5264 1791 5332 Contb.,

220 5340 593 5468 θαρεξρήσομεν.

296 5413 412 5491 (ἐξ)
439 5409 791 5491 ξεϐιίσμιως.
832 5408 980 5491 Reg:
1000 5425 1052 5491 η,
1084 5409 1300 5491 ςεμνόν,

441 5479 856 5562 ἕᾳμὲιπετέςι.
887 5478 1507 5562 ςοξε1.“1,’χαμερπέσι.

441 5547 752 5630 Τ-ᾦηατρί.
783 5552 940 5630 Deest
965 5550 1017 5603 in
1053 5547 1341 5630 Regigbin.’
1371 5621 1383 5630 _
1694 5604 1706 5620 ,ν

301 5617 416 5695 (98)
463 5617 1082 5691 Γεννηὲοαγέννητον.
1136 5621 1252 5676 Bill.
1320 5621 1386 5676 ad
1446 5635 1642 5692 marg.,
1685 5617 1808 5686 γέν-

301 5711 368 5746 τα
391 5693 669 5746 γὲννητον.
1369 5727 1384 5744 .

228 5711 368 5759 vim
391 5709 669 5765 γεννητὸν.
1369 5727 1384 5744 .

1911 4786 2243 4856 expendero.
2280 4785 2410 4840 Illud
2443 4795 2622 4841 autem
2665 4803 2770 4843 non
2816 4787 2993 4852 video,
3039 4801 3198 4856 quam
3234 4799 3485 4839 necessa-

1909 4879 2049 4932 rium
2085 4879 2156 4932 sit
2195 4879 2297 4933 hoc
2327 4894 2513 4933 eorum
2569 4885 2973 4952 argumentum.
3006 4878 3062 4933 Si
3099 4878 3266 4944 enim,
3296 4886 3356 4930 ut
3384 4876 3481 4944 ipsi

1912 4972 2085 5038 aiunt,
2118 4971 2408 5042 aliquando
2442 4974 2496 5030 id
2553 4975 2739 5046 coepit,
2765 4974 2909 5045 quod
2959 4974 3120 5029 tinem
3172 4971 3483 5028 habiturum

1975 5265 2091 5409 (99)
2136 5265 2464 5333 Ἰδιότητος.
2504 5265 2654 5331 Pan,
2680 5264 3002 5335 ἀῖδιότητος.
3055 5331 3081 5343 _

2007 5337 2056 5409 1)
2100 5336 2726 5409 Εἱσαχθῆναιεϐοηιὺη
2760 5333 3081 5409 ἀντεισαχθη

2007 5333 2078 5406 1)“
2100 5336 2488 5405 Εἱσαχθῆναι.
2513 5337 2726 5402 Comb.,
2760 5333 3178 5406 ἀντεισαχθῆνα.

1980 5403 2059 5478 (2)
2091 5409 2156 5460 Ol
2193 5403 2516 5477 σώματικοὶ
2560 5410 2632 5462 τὰ
2654 5403 3012 5478 commtde
3033 5403 3326 5475 «Corporei
3359 5416 3484 5457 cor.

1909 5493 2106 5550 porca.
2123 5497 2143 5530 ι

1980 5547 2067 5622 (3)
2098 5547 2555 5622 Ἀκριϐέστερον.
2606 5547 2740 5620 Reg.
2787 5550 2896 5619 bm,
2951 5557 3180 5620 quatuor
3225 5544 3377 5601 Colb.
3425 5550 3488 5599 et

1910 5620 2004 5677 ΟΡ.
2048 5620 2099 5689 1,
2145 5620 2408 5691 ἀκριϐῶς.
