  <div class='ocr_page' id='page_1' title='image "/cluster/home/n/w/nwhite01/storage/ocr_20150623/36/nnc1.0022377409/053.png"; bbox 0 0 3890 6214; ppageno 0'>
   <div class='ocr_carea' id='block_1_1' title="bbox 375 256 3628 321">
    <p class='ocr_par' dir='ltr' id='par_1_1' title="bbox 375 256 3628 321">
     <span class='ocr_line' id='line_1_1' title="bbox 375 256 3628 321; baseline 0 -8"><span class='ocrx_word' id='word_1_1' title='bbox 375 256 435 313; x_wconf 83' lang='lat' dir='ltr'><strong>9i</strong></span> <span class='ocrx_word' id='word_1_2' title='bbox 1587 257 1645 312; x_wconf 87' lang='lat' dir='ltr'><strong>S.</strong></span> <span class='ocrx_word' id='word_1_3' title='bbox 1689 257 2017 317; x_wconf 72' lang='lat' dir='ltr'><strong>GREGORII</strong></span> <span class='ocrx_word' id='word_1_4' title='bbox 2058 262 2399 321; x_wconf 83' lang='lat' dir='ltr'><strong>TllEOLOGl</strong></span> <span class='ocrx_word' id='word_1_5' title='bbox 3557 259 3628 315; x_wconf 76' lang='lat'><strong>9?.</strong></span> 
     </span>
    </p>
   </div>
   <div class='ocr_carea' id='block_1_2' title="bbox 371 363 1982 447">
    <p class='ocr_par' dir='ltr' id='par_1_2' title="bbox 371 363 1982 437">
     <span class='ocr_line' id='line_1_2' title="bbox 371 363 1982 437; baseline 0.002 -14"><span class='ocrx_word' id='word_1_6' title='bbox 371 379 477 432; x_wconf 88' lang='lat' dir='ltr'><strong>est,</strong></span> <span class='ocrx_word' id='word_1_7' title='bbox 516 363 758 437; x_wconf 77' lang='lat' dir='ltr'><strong>profecto</strong></span> <span class='ocrx_word' id='word_1_8' title='bbox 797 366 845 421; x_wconf 99' lang='lat' dir='ltr'><strong>id</strong></span> <span class='ocrx_word' id='word_1_9' title='bbox 876 382 979 419; x_wconf 92' lang='lat' dir='ltr'><strong>non</strong></span> <span class='ocrx_word' id='word_1_10' title='bbox 1004 368 1188 437; x_wconf 79' lang='lat' dir='ltr'><strong>ccepit,</strong></span> <span class='ocrx_word' id='word_1_11' title='bbox 1229 369 1370 437; x_wconf 89' lang='lat' dir='ltr'><strong>quod</strong></span> <span class='ocrx_word' id='word_1_12' title='bbox 1404 368 1560 423; x_wconf 87' lang='lat' dir='ltr'><strong>ﬁnem</strong></span> <span class='ocrx_word' id='word_1_13' title='bbox 1595 386 1697 423; x_wconf 90' lang='lat' dir='ltr'><strong>non</strong></span> <span class='ocrx_word' id='word_1_14' title='bbox 1735 381 1818 426; x_wconf 88' lang='lat' dir='ltr'><strong>est</strong></span> <span class='ocrx_word' id='word_1_15' title='bbox 1851 374 1949 426; x_wconf 81' lang='lat' dir='ltr'><strong>ha-</strong></span> <span class='ocrx_word' id='word_1_16' title='bbox 1981 429 1982 434; x_wconf 32' lang='grc' dir='ltr'><strong>η</strong></span> 
     </span>
    </p>
   </div>
   <div class='ocr_carea' id='block_1_3' title="bbox 2091 363 3630 447">
    <p class='ocr_par' dir='ltr' id='par_1_3' title="bbox 2092 371 3630 447">
     <span class='ocr_line' id='line_1_3' title="bbox 2092 371 3630 447; baseline -0.003 -19"><span class='ocrx_word' id='word_1_17' title='bbox 2092 378 2148 428; x_wconf 79' lang='grc' dir='ltr'><strong>αὶ</strong></span> <span class='ocrx_word' id='word_1_18' title='bbox 2201 378 2259 429; x_wconf 88' lang='lat' dir='ltr'><strong>o6</strong></span> <span class='ocrx_word' id='word_1_19' title='bbox 2315 394 2599 431; x_wconf 87' lang='grc' dir='ltr'>παυσεται.</span> <span class='ocrx_word' id='word_1_20' title='bbox 2644 380 2755 428; x_wconf 85' lang='grc' dir='ltr'><strong>υυκ</strong></span> <span class='ocrx_word' id='word_1_21' title='bbox 2792 377 2898 447; x_wconf 87' lang='grc' dir='ltr'>ἄρα</span> <span class='ocrx_word' id='word_1_22' title='bbox 2929 371 3128 447; x_wconf 81' lang='grc' dir='ltr'><strong>ἦρκται</strong></span> <span class='ocrx_word' id='word_1_23' title='bbox 3172 374 3290 427; x_wconf 81' lang='grc' dir='ltr'>κατ’</span> <span class='ocrx_word' id='word_1_24' title='bbox 3339 373 3531 435; x_wconf 76' lang='grc' dir='ltr'>αὐτοὺς</span> <span class='ocrx_word' id='word_1_25' title='bbox 3568 373 3630 425; x_wconf 86' lang='grc' dir='ltr'><strong>τὸ</strong></span> 
     </span>
    </p>
   </div>
   <div class='ocr_carea' id='block_1_4' title="bbox 373 456 1953 531">
    <p class='ocr_par' dir='ltr' id='par_1_4' title="bbox 373 456 1953 531">
     <span class='ocr_line' id='line_1_4' title="bbox 373 456 1953 531; baseline 0.004 -19"><span class='ocrx_word' id='word_1_26' title='bbox 373 459 636 513; x_wconf 90' lang='lat' dir='ltr'><strong>biturum.</strong></span> <span class='ocrx_word' id='word_1_27' title='bbox 683 456 820 524; x_wconf 87' lang='lat' dir='ltr'><strong>Quid</strong></span> <span class='ocrx_word' id='word_1_28' title='bbox 859 473 988 527; x_wconf 84' lang='lat' dir='ltr'><strong>ergo</strong></span> <span class='ocrx_word' id='word_1_29' title='bbox 1027 460 1092 512; x_wconf 86' lang='lat' dir='ltr'><strong>de</strong></span> <span class='ocrx_word' id='word_1_30' title='bbox 1131 460 1309 514; x_wconf 90' lang='lat' dir='ltr'><strong>anima</strong></span> <span class='ocrx_word' id='word_1_31' title='bbox 1354 460 1437 514; x_wconf 86' lang='lat' dir='ltr'><strong>vel</strong></span> <span class='ocrx_word' id='word_1_32' title='bbox 1478 461 1542 515; x_wconf 91' lang='lat' dir='ltr'><strong>de</strong></span> <span class='ocrx_word' id='word_1_33' title='bbox 1575 463 1814 531; x_wconf 74' lang='lat' dir='ltr'><strong>angelica</strong></span> <span class='ocrx_word' id='word_1_34' title='bbox 1857 481 1953 518; x_wconf 92' lang='lat' dir='ltr'><strong>na-</strong></span> 
     </span>
    </p>
   </div>
   <div class='ocr_carea' id='block_1_5' title="bbox 374 550 1950 622">
    <p class='ocr_par' dir='ltr' id='par_1_5' title="bbox 374 550 1950 622">
     <span class='ocr_line' id='line_1_5' title="bbox 374 550 1950 622; baseline 0.004 -19"><span class='ocrx_word' id='word_1_35' title='bbox 374 560 496 603; x_wconf 90' lang='lat' dir='ltr'><strong>tura</strong></span> <span class='ocrx_word' id='word_1_36' title='bbox 527 550 990 617; x_wconf 89' lang='lat' dir='ltr'><strong>pronuntiabunt?</strong></span> <span class='ocrx_word' id='word_1_37' title='bbox 1049 551 1105 605; x_wconf 91' lang='lat' dir='ltr'><strong>Si</strong></span> <span class='ocrx_word' id='word_1_38' title='bbox 1151 552 1474 622; x_wconf 85' lang='lat' dir='ltr'><strong>principium</strong></span> <span class='ocrx_word' id='word_1_39' title='bbox 1536 555 1742 622; x_wconf 88' lang='lat' dir='ltr'><strong>habuit,</strong></span> <span class='ocrx_word' id='word_1_40' title='bbox 1791 555 1950 610; x_wconf 89' lang='lat' dir='ltr'><strong>ﬁnem</strong></span> 
     </span>
    </p>
   </div>
   <div class='ocr_carea' id='block_1_6' title="bbox 374 638 1952 710">
    <p class='ocr_par' dir='ltr' id='par_1_6' title="bbox 374 638 1952 710">
     <span class='ocr_line' id='line_1_6' title="bbox 374 638 1952 710; baseline 0.006 -19"><span class='ocrx_word' id='word_1_41' title='bbox 374 654 592 709; x_wconf 91' lang='lat' dir='ltr'><strong>quoque</strong></span> <span class='ocrx_word' id='word_1_42' title='bbox 620 638 837 693; x_wconf 90' lang='lat' dir='ltr'><strong>habebit</strong></span> <span class='ocrx_word' id='word_1_43' title='bbox 883 656 898 693; x_wconf 88' lang='lat'><strong>:</strong></span> <span class='ocrx_word' id='word_1_44' title='bbox 932 640 977 694; x_wconf 90' lang='lat' dir='ltr'><strong>si</strong></span> <span class='ocrx_word' id='word_1_45' title='bbox 1007 650 1184 695; x_wconf 89' lang='lat' dir='ltr'><strong>autem</strong></span> <span class='ocrx_word' id='word_1_46' title='bbox 1237 641 1340 697; x_wconf 87' lang='lat' dir='ltr'><strong>ﬁne</strong></span> <span class='ocrx_word' id='word_1_47' title='bbox 1367 644 1595 710; x_wconf 89' lang='lat' dir='ltr'><strong>carebit,</strong></span> <span class='ocrx_word' id='word_1_48' title='bbox 1661 647 1952 701; x_wconf 87' lang='lat' dir='ltr'><strong>secundum</strong></span> 
     </span>
    </p>
   </div>
   <div class='ocr_carea' id='block_1_7' title="bbox 376 731 1950 802">
    <p class='ocr_par' dir='ltr' id='par_1_7' title="bbox 376 731 1950 802">
     <span class='ocr_line' id='line_1_7' title="bbox 376 731 1950 802; baseline 0.005 -20"><span class='ocrx_word' id='word_1_49' title='bbox 376 745 471 784; x_wconf 89' lang='lat' dir='ltr'><strong>eos</strong></span> <span class='ocrx_word' id='word_1_50' title='bbox 502 731 682 799; x_wconf 92' lang='lat' dir='ltr'><strong>utique</strong></span> <span class='ocrx_word' id='word_1_51' title='bbox 711 732 975 800; x_wconf 90' lang='lat' dir='ltr'><strong>principio</strong></span> <span class='ocrx_word' id='word_1_52' title='bbox 1008 747 1222 802; x_wconf 88' lang='lat' dir='ltr'><strong>quoque</strong></span> <span class='ocrx_word' id='word_1_53' title='bbox 1264 733 1406 788; x_wconf 89' lang='lat' dir='ltr'><strong>hanc</strong></span> <span class='ocrx_word' id='word_1_54' title='bbox 1441 735 1689 789; x_wconf 84' lang='lat' dir='ltr'><strong>caruisse</strong></span> <span class='ocrx_word' id='word_1_55' title='bbox 1720 744 1950 790; x_wconf 91' lang='lat' dir='ltr'><strong>constat.</strong></span> 
     </span>
    </p>
   </div>
   <div class='ocr_carea' id='block_1_8' title="bbox 378 822 1956 896">
    <p class='ocr_par' dir='ltr' id='par_1_8' title="bbox 378 822 1956 896">
     <span class='ocr_line' id='line_1_8' title="bbox 378 822 1956 896; baseline 0.004 -22"><span class='ocrx_word' id='word_1_56' title='bbox 378 822 541 891; x_wconf 87' lang='lat' dir='ltr'><strong>Atqui</strong></span> <span class='ocrx_word' id='word_1_57' title='bbox 572 831 625 875; x_wconf 92' lang='lat' dir='ltr'><strong>et</strong></span> <span class='ocrx_word' id='word_1_58' title='bbox 659 822 977 892; x_wconf 85' lang='lat' dir='ltr'><strong>principium</strong></span> <span class='ocrx_word' id='word_1_59' title='bbox 1015 824 1222 890; x_wconf 85' lang='lat' dir='ltr'><strong>habuit,</strong></span> <span class='ocrx_word' id='word_1_60' title='bbox 1274 840 1372 880; x_wconf 91' lang='lat' dir='ltr'><strong>nec</strong></span> <span class='ocrx_word' id='word_1_61' title='bbox 1401 840 1637 896; x_wconf 86' lang='lat' dir='ltr'><strong>unquam</strong></span> <span class='ocrx_word' id='word_1_62' title='bbox 1665 841 1786 882; x_wconf 88' lang='lat' dir='ltr'><strong>esse</strong></span> <span class='ocrx_word' id='word_1_63' title='bbox 1811 829 1956 883; x_wconf 86' lang='lat' dir='ltr'><strong>desi-</strong></span> 
     </span>
    </p>
   </div>
   <div class='ocr_carea' id='block_1_9' title="bbox 380 912 1956 986">
    <p class='ocr_par' dir='ltr' id='par_1_9' title="bbox 380 912 1956 986">
     <span class='ocr_line' id='line_1_9' title="bbox 380 912 1956 986; baseline 0.004 -20"><span class='ocrx_word' id='word_1_64' title='bbox 380 921 491 969; x_wconf 88' lang='lat' dir='ltr'><strong>net.</strong></span> <span class='ocrx_word' id='word_1_65' title='bbox 548 912 764 968; x_wconf 87' lang='lat' dir='ltr'><strong>Falsum</strong></span> <span class='ocrx_word' id='word_1_66' title='bbox 817 922 899 969; x_wconf 89' lang='lat' dir='ltr'><strong>est</strong></span> <span class='ocrx_word' id='word_1_67' title='bbox 923 916 1098 984; x_wconf 90' lang='lat' dir='ltr'><strong>itaque</strong></span> <span class='ocrx_word' id='word_1_68' title='bbox 1124 917 1266 985; x_wconf 90' lang='lat' dir='ltr'><strong>quod</strong></span> <span class='ocrx_word' id='word_1_69' title='bbox 1292 916 1465 980; x_wconf 91' lang='lat' dir='ltr'><strong>aiunt,</strong></span> <span class='ocrx_word' id='word_1_70' title='bbox 1505 918 1578 981; x_wconf 92' lang='lat' dir='ltr'><strong>id,</strong></span> <span class='ocrx_word' id='word_1_71' title='bbox 1607 920 1745 986; x_wconf 89' lang='lat' dir='ltr'><strong>quod</strong></span> <span class='ocrx_word' id='word_1_72' title='bbox 1796 918 1956 974; x_wconf 85' lang='lat' dir='ltr'><strong>ﬁnem</strong></span> 
     </span>
    </p>
   </div>
   <div class='ocr_carea' id='block_1_10' title="bbox 382 1005 1960 1078">
    <p class='ocr_par' dir='ltr' id='par_1_10' title="bbox 382 1005 1960 1078">
     <span class='ocr_line' id='line_1_10' title="bbox 382 1005 1960 1078; baseline 0.004 -20"><span class='ocrx_word' id='word_1_73' title='bbox 382 1005 694 1059; x_wconf 85' lang='lat' dir='ltr'><strong>habiturum</strong></span> <span class='ocrx_word' id='word_1_74' title='bbox 724 1014 835 1072; x_wconf 87' lang='lat' dir='ltr'><strong>est,</strong></span> <span class='ocrx_word' id='word_1_75' title='bbox 870 1007 1194 1076; x_wconf 88' lang='lat' dir='ltr'><strong>principium</strong></span> <span class='ocrx_word' id='word_1_76' title='bbox 1223 1023 1437 1078; x_wconf 87' lang='lat' dir='ltr'><strong>quoque</strong></span> <span class='ocrx_word' id='word_1_77' title='bbox 1468 1009 1739 1065; x_wconf 80' lang='lat' dir='ltr'><strong>habuisse.</strong></span> <span class='ocrx_word' id='word_1_78' title='bbox 1778 1011 1960 1065; x_wconf 90' lang='lat' dir='ltr'><strong>Enim-</strong></span> 
     </span>
    </p>
   </div>
   <div class='ocr_carea' id='block_1_11' title="bbox 383 1096 1962 1169">
    <p class='ocr_par' dir='ltr' id='par_1_11' title="bbox 383 1096 1962 1169">
     <span class='ocr_line' id='line_1_11' title="bbox 383 1096 1962 1169; baseline 0.005 -22"><span class='ocrx_word' id='word_1_79' title='bbox 383 1110 512 1149; x_wconf 92' lang='lat' dir='ltr'><strong>vero</strong></span> <span class='ocrx_word' id='word_1_80' title='bbox 541 1096 784 1149; x_wconf 85' lang='lat' dir='ltr'><strong>doctrina</strong></span> <span class='ocrx_word' id='word_1_81' title='bbox 814 1106 993 1150; x_wconf 88' lang='lat' dir='ltr'><strong>nostra</strong></span> <span class='ocrx_word' id='word_1_82' title='bbox 1022 1098 1137 1152; x_wconf 73' lang='lat' dir='ltr'><strong>hmc</strong></span> <span class='ocrx_word' id='word_1_83' title='bbox 1171 1108 1256 1152; x_wconf 87' lang='lat' dir='ltr'><strong>est</strong></span> <span class='ocrx_word' id='word_1_84' title='bbox 1298 1121 1311 1153; x_wconf 83' lang='lat'><strong>;</strong></span> <span class='ocrx_word' id='word_1_85' title='bbox 1351 1097 1420 1154; x_wconf 86' lang='lat' dir='ltr'><strong>Ut</strong></span> <span class='ocrx_word' id='word_1_86' title='bbox 1441 1100 1589 1168; x_wconf 88' lang='lat' dir='ltr'><strong>equi,</strong></span> <span class='ocrx_word' id='word_1_87' title='bbox 1612 1110 1667 1155; x_wconf 91' lang='lat' dir='ltr'><strong>et</strong></span> <span class='ocrx_word' id='word_1_88' title='bbox 1698 1102 1869 1169; x_wconf 82' lang='lat' dir='ltr'><strong>bovis,</strong></span> <span class='ocrx_word' id='word_1_89' title='bbox 1906 1112 1962 1155; x_wconf 89' lang='lat' dir='ltr'><strong>et</strong></span> 
     </span>
    </p>
   </div>
   <div class='ocr_carea' id='block_1_12' title="bbox 386 1184 1957 1258">
    <p class='ocr_par' dir='ltr' id='par_1_12' title="bbox 386 1184 1957 1258">
     <span class='ocr_line' id='line_1_12' title="bbox 386 1184 1957 1258; baseline 0.004 -20"><span class='ocrx_word' id='word_1_90' title='bbox 386 1184 639 1251; x_wconf 83' lang='lat' dir='ltr'><strong>hominis,</strong></span> <span class='ocrx_word' id='word_1_91' title='bbox 698 1201 760 1241; x_wconf 86' lang='lat' dir='ltr'><strong>ac</strong></span> <span class='ocrx_word' id='word_1_92' title='bbox 793 1187 1025 1256; x_wconf 84' lang='lat' dir='ltr'><strong>denique</strong></span> <span class='ocrx_word' id='word_1_93' title='bbox 1056 1188 1479 1258; x_wconf 81' lang='lat' dir='ltr'><strong>uniuscujusque</strong></span> <span class='ocrx_word' id='word_1_94' title='bbox 1531 1204 1713 1244; x_wconf 82' lang='lat' dir='ltr'><strong>earum</strong></span> <span class='ocrx_word' id='word_1_95' title='bbox 1759 1205 1957 1257; x_wconf 89' lang='lat' dir='ltr'><strong>rerum,</strong></span> 
     </span>
    </p>
   </div>
   <div class='ocr_carea' id='block_1_13' title="bbox 384 1276 1962 1346">
    <p class='ocr_par' dir='ltr' id='par_1_13' title="bbox 384 1276 1962 1346">
     <span class='ocr_line' id='line_1_13' title="bbox 384 1276 1962 1346; baseline 0.003 -16"><span class='ocrx_word' id='word_1_96' title='bbox 384 1292 504 1346; x_wconf 77' lang='lat' dir='ltr'><strong>quae</strong></span> <span class='ocrx_word' id='word_1_97' title='bbox 548 1276 649 1332; x_wconf 88' lang='lat' dir='ltr'><strong>sub</strong></span> <span class='ocrx_word' id='word_1_98' title='bbox 677 1278 815 1332; x_wconf 88' lang='lat' dir='ltr'><strong>idem</strong></span> <span class='ocrx_word' id='word_1_99' title='bbox 842 1292 1010 1346; x_wconf 82' lang='lat' dir='ltr'><strong>genus</strong></span> <span class='ocrx_word' id='word_1_100' title='bbox 1043 1281 1259 1344; x_wconf 87' lang='lat' dir='ltr'><strong>cadunt,</strong></span> <span class='ocrx_word' id='word_1_101' title='bbox 1310 1280 1497 1334; x_wconf 90' lang='lat' dir='ltr'><strong>eadem</strong></span> <span class='ocrx_word' id='word_1_102' title='bbox 1552 1289 1635 1333; x_wconf 91' lang='lat' dir='ltr'><strong>est</strong></span> <span class='ocrx_word' id='word_1_103' title='bbox 1677 1279 1962 1346; x_wconf 84' lang='lat' dir='ltr'><strong>deﬁnitio;</strong></span> 
     </span>
    </p>
   </div>
   <div class='ocr_carea' id='block_1_14' title="bbox 388 1370 1965 1440">
    <p class='ocr_par' dir='ltr' id='par_1_14' title="bbox 388 1370 1965 1440">
     <span class='ocr_line' id='line_1_14' title="bbox 388 1370 1965 1440; baseline 0.002 -17"><span class='ocrx_word' id='word_1_104' title='bbox 388 1384 453 1423; x_wconf 89' lang='lat' dir='ltr'><strong>ac</strong></span> <span class='ocrx_word' id='word_1_105' title='bbox 487 1370 745 1439; x_wconf 85' lang='lat' dir='ltr'><strong>quidquid</strong></span> <span class='ocrx_word' id='word_1_106' title='bbox 798 1370 1127 1425; x_wconf 87' lang='lat' dir='ltr'><strong>deﬁnitionis</strong></span> <span class='ocrx_word' id='word_1_107' title='bbox 1182 1370 1407 1437; x_wconf 87' lang='lat' dir='ltr'><strong>hujusce</strong></span> <span class='ocrx_word' id='word_1_108' title='bbox 1433 1371 1702 1440; x_wconf 78' lang='lat' dir='ltr'><strong>particeps</strong></span> <span class='ocrx_word' id='word_1_109' title='bbox 1731 1381 1836 1435; x_wconf 86' lang='lat' dir='ltr'><strong>est,</strong></span> <span class='ocrx_word' id='word_1_110' title='bbox 1864 1372 1965 1426; x_wconf 90' lang='lat' dir='ltr'><strong>hoc</strong></span> 
     </span>
    </p>
   </div>
   <div class='ocr_carea' id='block_1_15' title="bbox 387 1462 1967 1532">
    <p class='ocr_par' dir='ltr' id='par_1_15' title="bbox 387 1462 1967 1532">
     <span class='ocr_line' id='line_1_15' title="bbox 387 1462 1967 1532; baseline 0 -16"><span class='ocrx_word' id='word_1_111' title='bbox 387 1463 551 1516; x_wconf 89' lang='lat' dir='ltr'><strong>etiam</strong></span> <span class='ocrx_word' id='word_1_112' title='bbox 614 1464 828 1532; x_wconf 85' lang='lat' dir='ltr'><strong>proprie</strong></span> <span class='ocrx_word' id='word_1_113' title='bbox 860 1464 1095 1526; x_wconf 84' lang='lat' dir='ltr'><strong>dicitur;</strong></span> <span class='ocrx_word' id='word_1_114' title='bbox 1152 1465 1413 1532; x_wconf 88' lang='lat' dir='ltr'><strong>quidquid</strong></span> <span class='ocrx_word' id='word_1_115' title='bbox 1468 1473 1645 1517; x_wconf 91' lang='lat' dir='ltr'><strong>autem</strong></span> <span class='ocrx_word' id='word_1_116' title='bbox 1698 1462 1967 1532; x_wconf 87' lang='lat' dir='ltr'><strong>particeps</strong></span> 
     </span>
    </p>
   </div>
   <div class='ocr_carea' id='block_1_16' title="bbox 388 1555 1968 1623">
    <p class='ocr_par' dir='ltr' id='par_1_16' title="bbox 388 1555 1968 1623">
     <span class='ocr_line' id='line_1_16' title="bbox 388 1555 1968 1623; baseline 0 -16"><span class='ocrx_word' id='word_1_117' title='bbox 388 1570 495 1607; x_wconf 89' lang='lat' dir='ltr'><strong>non</strong></span> <span class='ocrx_word' id='word_1_118' title='bbox 527 1565 627 1619; x_wconf 89' lang='lat' dir='ltr'><strong>est,</strong></span> <span class='ocrx_word' id='word_1_119' title='bbox 698 1557 798 1610; x_wconf 88' lang='lat' dir='ltr'><strong>hoc</strong></span> <span class='ocrx_word' id='word_1_120' title='bbox 828 1558 910 1609; x_wconf 89' lang='lat' dir='ltr'><strong>vel</strong></span> <span class='ocrx_word' id='word_1_121' title='bbox 959 1572 1065 1610; x_wconf 92' lang='lat' dir='ltr'><strong>non</strong></span> <span class='ocrx_word' id='word_1_122' title='bbox 1102 1556 1321 1619; x_wconf 88' lang='lat' dir='ltr'><strong>dicitur,</strong></span> <span class='ocrx_word' id='word_1_123' title='bbox 1375 1555 1455 1609; x_wconf 88' lang='lat' dir='ltr'><strong>vel</strong></span> <span class='ocrx_word' id='word_1_124' title='bbox 1484 1565 1633 1611; x_wconf 90' lang='lat' dir='ltr'><strong>certe</strong></span> <span class='ocrx_word' id='word_1_125' title='bbox 1676 1555 1968 1623; x_wconf 78' lang='lat' dir='ltr'><strong>improprie</strong></span> 
     </span>
    </p>
   </div>
   <div class='ocr_carea' id='block_1_17' title="bbox 390 1644 1967 1714">
    <p class='ocr_par' dir='ltr' id='par_1_17' title="bbox 390 1644 1967 1714">
     <span class='ocr_line' id='line_1_17' title="bbox 390 1644 1967 1714; baseline -0.001 -16"><span class='ocrx_word' id='word_1_126' title='bbox 390 1644 586 1699; x_wconf 91' lang='lat' dir='ltr'><strong>dicitur</strong></span> <span class='ocrx_word' id='word_1_127' title='bbox 634 1664 646 1698; x_wconf 91' lang='lat'><strong>:</strong></span> <span class='ocrx_word' id='word_1_128' title='bbox 676 1647 862 1701; x_wconf 86' lang='lat' dir='ltr'><strong>eodem</strong></span> <span class='ocrx_word' id='word_1_129' title='bbox 894 1647 1052 1699; x_wconf 91' lang='lat' dir='ltr'><strong>modo</strong></span> <span class='ocrx_word' id='word_1_130' title='bbox 1083 1660 1242 1699; x_wconf 91' lang='lat' dir='ltr'><strong>unam</strong></span> <span class='ocrx_word' id='word_1_131' title='bbox 1271 1660 1487 1714; x_wconf 92' lang='lat' dir='ltr'><strong>quoque</strong></span> <span class='ocrx_word' id='word_1_132' title='bbox 1524 1645 1615 1699; x_wconf 87' lang='lat' dir='ltr'><strong>Dei</strong></span> <span class='ocrx_word' id='word_1_133' title='bbox 1658 1645 1967 1710; x_wconf 83' lang='lat' dir='ltr'><strong>essentiam,</strong></span> 
     </span>
    </p>
   </div>
   <div class='ocr_carea' id='block_1_18' title="bbox 2055 458 3631 534">
    <p class='ocr_par' dir='ltr' id='par_1_18' title="bbox 2055 458 3631 534">
     <span class='ocr_line' id='line_1_18' title="bbox 2055 458 3631 534; baseline -0.001 -21"><span class='ocrx_word' id='word_1_134' title='bbox 2055 462 2415 533; x_wconf 81' lang='grc' dir='ltr'>παυσόμενον.</span> <span class='ocrx_word' id='word_1_135' title='bbox 2457 465 2515 514; x_wconf 84' lang='grc'><strong>’0</strong></span> <span class='ocrx_word' id='word_1_136' title='bbox 2544 463 2641 534; x_wconf 78' lang='grc' dir='ltr'><strong>μὲν</strong></span> <span class='ocrx_word' id='word_1_137' title='bbox 2666 458 2757 515; x_wconf 80' lang='grc' dir='ltr'><strong>οῦν</strong></span> <span class='ocrx_word' id='word_1_138' title='bbox 2786 462 3049 534; x_wconf 85' lang='grc' dir='ltr'>ἡμέτερος</span> <span class='ocrx_word' id='word_1_139' title='bbox 3074 462 3229 532; x_wconf 80' lang='grc' dir='ltr'><strong>λόγος</strong></span> <span class='ocrx_word' id='word_1_140' title='bbox 3247 479 3258 491; x_wconf 72' lang='grc'><strong>⁸</strong></span> <span class='ocrx_word' id='word_1_141' title='bbox 3294 462 3506 530; x_wconf 85' lang='grc' dir='ltr'>Ὥσπερ</span> <span class='ocrx_word' id='word_1_142' title='bbox 3542 462 3631 513; x_wconf 76' lang='grc' dir='ltr'>ἶπ-</span> 
     </span>
    </p>
   </div>
   <div class='ocr_carea' id='block_1_19' title="bbox 2055 552 3632 626">
    <p class='ocr_par' dir='ltr' id='par_1_19' title="bbox 2055 552 3632 626">
     <span class='ocr_line' id='line_1_19' title="bbox 2055 552 3632 626; baseline -0.002 -19"><span class='ocrx_word' id='word_1_143' title='bbox 2055 572 2177 615; x_wconf 84' lang='grc' dir='ltr'>που,</span> <span class='ocrx_word' id='word_1_144' title='bbox 2212 556 2304 609; x_wconf 70' lang='grc' dir='ltr'><strong>καὶ</strong></span> <span class='ocrx_word' id='word_1_145' title='bbox 2345 555 2482 625; x_wconf 85' lang='grc' dir='ltr'>βοὸς,</span> <span class='ocrx_word' id='word_1_146' title='bbox 2531 556 2625 608; x_wconf 74' lang='grc' dir='ltr'>καὶ</span> <span class='ocrx_word' id='word_1_147' title='bbox 2658 554 2967 626; x_wconf 83' lang='grc' dir='ltr'>ἀνθρώπου,</span> <span class='ocrx_word' id='word_1_148' title='bbox 2994 555 3088 606; x_wconf 77' lang='grc' dir='ltr'>καὶ</span> <span class='ocrx_word' id='word_1_149' title='bbox 3120 554 3347 607; x_wconf 80' lang='grc' dir='ltr'><strong>ἑκάστου</strong></span> <span class='ocrx_word' id='word_1_150' title='bbox 3378 552 3486 605; x_wconf 82' lang='grc' dir='ltr'><strong>τῶν</strong></span> <span class='ocrx_word' id='word_1_151' title='bbox 3526 553 3632 605; x_wconf 80' lang='grc' dir='ltr'><strong>ὑπὸ</strong></span> 
     </span>
    </p>
   </div>
   <div class='ocr_carea' id='block_1_20' title="bbox 2052 642 3635 719">
    <p class='ocr_par' dir='ltr' id='par_1_20' title="bbox 2052 642 3635 719">
     <span class='ocr_line' id='line_1_20' title="bbox 2052 642 3635 719; baseline 0.003 -22"><span class='ocrx_word' id='word_1_152' title='bbox 2052 646 2113 697; x_wconf 80' lang='grc' dir='ltr'><strong>τὸ</strong></span> <span class='ocrx_word' id='word_1_153' title='bbox 2135 646 2264 698; x_wconf 81' lang='grc' dir='ltr'>αὐτὸ</span> <span class='ocrx_word' id='word_1_154' title='bbox 2289 643 2444 710; x_wconf 76' lang='grc' dir='ltr'>εἶδος,</span> <span class='ocrx_word' id='word_1_155' title='bbox 2472 642 2550 709; x_wconf 76' lang='grc' dir='ltr'>εἷς</span> <span class='ocrx_word' id='word_1_156' title='bbox 2575 646 2731 714; x_wconf 84' lang='grc' dir='ltr'>λόγος</span> <span class='ocrx_word' id='word_1_157' title='bbox 2762 647 2834 717; x_wconf 78' lang='grc'>(4)</span> <span class='ocrx_word' id='word_1_158' title='bbox 2864 645 3009 700; x_wconf 77' lang='grc' dir='ltr'>ἐστίν</span> <span class='ocrx_word' id='word_1_159' title='bbox 3025 663 3038 676; x_wconf 77' lang='grc'><em>’</em></span> <span class='ocrx_word' id='word_1_160' title='bbox 3059 647 3151 700; x_wconf 84' lang='grc' dir='ltr'><strong>καὶ</strong></span> <span class='ocrx_word' id='word_1_161' title='bbox 3170 646 3198 700; x_wconf 98' lang='lat'><strong>6</strong></span> <span class='ocrx_word' id='word_1_162' title='bbox 3226 647 3322 715; x_wconf 82' lang='grc' dir='ltr'><strong>μὲν</strong></span> <span class='ocrx_word' id='word_1_163' title='bbox 3343 646 3408 699; x_wconf 84' lang='grc' dir='ltr'>ἂν</span> <span class='ocrx_word' id='word_1_164' title='bbox 3429 646 3635 719; x_wconf 78' lang='grc' dir='ltr'><strong>μετέχῃ</strong></span> 
     </span>
    </p>
   </div>
   <div class='ocr_carea' id='block_1_21' title="bbox 2052 736 3635 810">
    <p class='ocr_par' dir='ltr' id='par_1_21' title="bbox 2052 736 3635 810">
     <span class='ocr_line' id='line_1_21' title="bbox 2052 736 3635 810; baseline 0.001 -21"><span class='ocrx_word' id='word_1_165' title='bbox 2052 736 2144 789; x_wconf 83' lang='grc' dir='ltr'><strong>τοῦ</strong></span> <span class='ocrx_word' id='word_1_166' title='bbox 2167 736 2347 805; x_wconf 89' lang='grc' dir='ltr'>λόγου,</span> <span class='ocrx_word' id='word_1_167' title='bbox 2381 737 2536 790; x_wconf 89' lang='grc' dir='ltr'>τοῦτο</span> <span class='ocrx_word' id='word_1_168' title='bbox 2565 738 2659 791; x_wconf 75' lang='grc' dir='ltr'>καὶ</span> <span class='ocrx_word' id='word_1_169' title='bbox 2691 739 2896 810; x_wconf 82' lang='grc' dir='ltr'><strong>κυρίως</strong></span> <span class='ocrx_word' id='word_1_170' title='bbox 2917 738 3170 809; x_wconf 88' lang='grc' dir='ltr'>λέγεσθαι</span> <span class='ocrx_word' id='word_1_171' title='bbox 3192 736 3299 809; x_wconf 80' lang='grc'>(5)·</span> <span class='ocrx_word' id='word_1_172' title='bbox 3335 736 3364 789; x_wconf 91' lang='lat'><strong>6</strong></span> <span class='ocrx_word' id='word_1_173' title='bbox 3393 737 3436 790; x_wconf 79' lang='grc' dir='ltr'>δ’</span> <span class='ocrx_word' id='word_1_174' title='bbox 3462 737 3529 791; x_wconf 84' lang='grc' dir='ltr'>ἂν</span> <span class='ocrx_word' id='word_1_175' title='bbox 3559 736 3635 808; x_wconf 80' lang='grc' dir='ltr'>μὴ</span> 
     </span>
    </p>
   </div>
   <div class='ocr_carea' id='block_1_22' title="bbox 2059 828 3632 903">
    <p class='ocr_par' dir='ltr' id='par_1_22' title="bbox 2059 828 3632 903">
     <span class='ocr_line' id='line_1_22' title="bbox 2059 828 3632 903; baseline 0 -22"><span class='ocrx_word' id='word_1_176' title='bbox 2059 830 2281 902; x_wconf 80' lang='grc' dir='ltr'><strong>μετέχῃ,</strong></span> <span class='ocrx_word' id='word_1_177' title='bbox 2319 830 2477 882; x_wconf 86' lang='grc' dir='ltr'>τοῦτο</span> <span class='ocrx_word' id='word_1_178' title='bbox 2503 830 2536 900; x_wconf 83' lang='grc' dir='ltr'>ἢ</span> <span class='ocrx_word' id='word_1_179' title='bbox 2568 830 2641 903; x_wconf 83' lang='grc' dir='ltr'>μὴ</span> <span class='ocrx_word' id='word_1_180' title='bbox 2673 830 2995 900; x_wconf 82' lang='grc' dir='ltr'>λέγεσθαι,ἢ</span> <span class='ocrx_word' id='word_1_181' title='bbox 3024 830 3097 901; x_wconf 82' lang='grc' dir='ltr'>μὴ</span> <span class='ocrx_word' id='word_1_182' title='bbox 3120 829 3321 901; x_wconf 83' lang='grc' dir='ltr'>κυρίως</span> <span class='ocrx_word' id='word_1_183' title='bbox 3341 828 3598 898; x_wconf 81' lang='grc' dir='ltr'>λέγεσθαι</span> <span class='ocrx_word' id='word_1_184' title='bbox 3618 846 3632 859; x_wconf 89' lang='grc'><strong>·</strong></span> 
     </span>
    </p>
   </div>
   <div class='ocr_carea' id='block_1_23' title="bbox 2055 918 3640 992">
    <p class='ocr_par' dir='ltr' id='par_1_23' title="bbox 2055 918 3640 992">
     <span class='ocr_line' id='line_1_23' title="bbox 2055 918 3640 992; baseline 0 -19"><span class='ocrx_word' id='word_1_185' title='bbox 2055 920 2197 973; x_wconf 76' lang='grc' dir='ltr'>οὕτω</span> <span class='ocrx_word' id='word_1_186' title='bbox 2211 921 2266 974; x_wconf 85' lang='grc' dir='ltr'><strong>δὲ</strong></span> <span class='ocrx_word' id='word_1_187' title='bbox 2296 923 2389 974; x_wconf 77' lang='lat' dir='ltr'><strong>xati</strong></span> <span class='ocrx_word' id='word_1_188' title='bbox 2408 921 2541 974; x_wconf 83' lang='grc' dir='ltr'><strong>Θεοῦ</strong></span> <span class='ocrx_word' id='word_1_189' title='bbox 2569 922 2698 992; x_wconf 92' lang='grc' dir='ltr'>μίαν</span> <span class='ocrx_word' id='word_1_190' title='bbox 2713 923 2895 975; x_wconf 77' lang='grc' dir='ltr'>οὐσίαν</span> <span class='ocrx_word' id='word_1_191' title='bbox 2917 918 3055 976; x_wconf 78' lang='grc' dir='ltr'>εἶναι</span> <span class='ocrx_word' id='word_1_192' title='bbox 3078 923 3173 976; x_wconf 76' lang='grc' dir='ltr'><strong>καὶ</strong></span> <span class='ocrx_word' id='word_1_193' title='bbox 3196 922 3373 990; x_wconf 75' lang='grc' dir='ltr'>φύσιν,</span> <span class='ocrx_word' id='word_1_194' title='bbox 3388 923 3482 974; x_wconf 77' lang='grc' dir='ltr'><strong>καὶ</strong></span> <span class='ocrx_word' id='word_1_195' title='bbox 3501 921 3640 992; x_wconf 87' lang='grc' dir='ltr'><strong>κλῆ-</strong></span> 
     </span>
    </p>
   </div>
   <div class='ocr_carea' id='block_1_24' title="bbox 2048 1011 3641 1083">
    <p class='ocr_par' dir='ltr' id='par_1_24' title="bbox 2048 1011 3641 1083">
     <span class='ocr_line' id='line_1_24' title="bbox 2048 1011 3641 1083; baseline 0.001 -21"><span class='ocrx_word' id='word_1_196' title='bbox 2048 1027 2163 1075; x_wconf 81' lang='grc' dir='ltr'>σιν,</span> <span class='ocrx_word' id='word_1_197' title='bbox 2186 1011 2285 1065; x_wconf 74' lang='grc' dir='ltr'>κᾶν</span> <span class='ocrx_word' id='word_1_198' title='bbox 2303 1011 2563 1074; x_wconf 76' lang='grc' dir='ltr'>ἐπινοίαις</span> <span class='ocrx_word' id='word_1_199' title='bbox 2586 1012 2696 1065; x_wconf 74' lang='grc' dir='ltr'>τισὶ</span> <span class='ocrx_word' id='word_1_200' title='bbox 2721 1011 3123 1083; x_wconf 79' lang='grc' dir='ltr'>διαιρουμέναις</span> <span class='ocrx_word' id='word_1_201' title='bbox 3152 1012 3527 1082; x_wconf 84' lang='grc' dir='ltr'>συνδιαιρῆται</span> <span class='ocrx_word' id='word_1_202' title='bbox 3547 1011 3641 1064; x_wconf 76' lang='grc' dir='ltr'>καὶ</span> 
     </span>
    </p>
   </div>
   <div class='ocr_carea' id='block_1_25' title="bbox 2057 1101 3644 1175">
    <p class='ocr_par' dir='ltr' id='par_1_25' title="bbox 2057 1101 3644 1175">
     <span class='ocr_line' id='line_1_25' title="bbox 2057 1101 3644 1175; baseline 0.001 -22"><span class='ocrx_word' id='word_1_203' title='bbox 2057 1101 2124 1154; x_wconf 78' lang='grc' dir='ltr'>τὰ</span> <span class='ocrx_word' id='word_1_204' title='bbox 2156 1101 2421 1171; x_wconf 80' lang='grc' dir='ltr'>ὀνόματα·</span> <span class='ocrx_word' id='word_1_205' title='bbox 2455 1104 2549 1155; x_wconf 81' lang='grc' dir='ltr'><strong>καὶ</strong></span> <span class='ocrx_word' id='word_1_206' title='bbox 2572 1103 2600 1156; x_wconf 92' lang='lat'><strong>6</strong></span> <span class='ocrx_word' id='word_1_207' title='bbox 2632 1104 2730 1174; x_wconf 81' lang='grc' dir='ltr'>μὲν</span> <span class='ocrx_word' id='word_1_208' title='bbox 2758 1103 2823 1157; x_wconf 88' lang='grc' dir='ltr'>ἂν</span> <span class='ocrx_word' id='word_1_209' title='bbox 2857 1105 3061 1174; x_wconf 84' lang='grc' dir='ltr'>κυρίως</span> <span class='ocrx_word' id='word_1_210' title='bbox 3085 1103 3329 1175; x_wconf 80' lang='grc' dir='ltr'><strong>λέγηται,</strong></span> <span class='ocrx_word' id='word_1_211' title='bbox 3359 1102 3519 1156; x_wconf 81' lang='grc' dir='ltr'>τοῦτο</span> <span class='ocrx_word' id='word_1_212' title='bbox 3546 1102 3644 1155; x_wconf 72' lang='grc' dir='ltr'><strong>καὶ</strong></span> 
     </span>
    </p>
   </div>
   <div class='ocr_carea' id='block_1_26' title="bbox 2060 1188 3643 1268">
    <p class='ocr_par' dir='ltr' id='par_1_26' title="bbox 2060 1188 3643 1268">
     <span class='ocr_line' id='line_1_26' title="bbox 2060 1188 3643 1268; baseline 0.001 -24"><span class='ocrx_word' id='word_1_213' title='bbox 2060 1188 2199 1246; x_wconf 81' lang='grc' dir='ltr'>εἶναι</span> <span class='ocrx_word' id='word_1_214' title='bbox 2230 1193 2360 1245; x_wconf 86' lang='grc' dir='ltr'>Θεόν</span> <span class='ocrx_word' id='word_1_215' title='bbox 2379 1211 2390 1223; x_wconf 96' lang='grc'>·</span> <span class='ocrx_word' id='word_1_216' title='bbox 2420 1194 2449 1246; x_wconf 88' lang='lat'><strong>6</strong></span> <span class='ocrx_word' id='word_1_217' title='bbox 2483 1194 2526 1246; x_wconf 86' lang='grc' dir='ltr'>δ’</span> <span class='ocrx_word' id='word_1_218' title='bbox 2557 1193 2620 1247; x_wconf 82' lang='grc' dir='ltr'><strong>ἂν</strong></span> <span class='ocrx_word' id='word_1_219' title='bbox 2726 1194 2865 1248; x_wconf 82' lang='grc' dir='ltr'>κατὰ</span> <span class='ocrx_word' id='word_1_220' title='bbox 2904 1195 3085 1263; x_wconf 75' lang='grc' dir='ltr'>φύσιν,</span> <span class='ocrx_word' id='word_1_221' title='bbox 3119 1195 3277 1248; x_wconf 89' lang='grc' dir='ltr'>τοῦτο</span> <span class='ocrx_word' id='word_1_222' title='bbox 3301 1195 3392 1247; x_wconf 77' lang='grc' dir='ltr'><strong>καὶ</strong></span> <span class='ocrx_word' id='word_1_223' title='bbox 3423 1193 3643 1264; x_wconf 75' lang='grc' dir='ltr'>ἀληθῶς</span> 
     </span>
    </p>
   </div>
   <div class='ocr_carea' id='block_1_27' title="bbox 2061 1281 3646 1356">
    <p class='ocr_par' dir='ltr' id='par_1_27' title="bbox 2061 1281 3646 1356">
     <span class='ocr_line' id='line_1_27' title="bbox 2061 1281 3646 1356; baseline 0.003 -22"><span class='ocrx_word' id='word_1_224' title='bbox 2061 1281 2444 1352; x_wconf 75' lang='grc' dir='ltr'>ὀνομάζεσθαι’</span> <span class='ocrx_word' id='word_1_225' title='bbox 2480 1286 2639 1355; x_wconf 73' lang='grc' dir='ltr'>εἴπερ</span> <span class='ocrx_word' id='word_1_226' title='bbox 2674 1285 2747 1356; x_wconf 84' lang='grc' dir='ltr'>μὴ</span> <span class='ocrx_word' id='word_1_227' title='bbox 2771 1287 2826 1337; x_wconf 82' lang='grc' dir='ltr'>ὲν</span> <span class='ocrx_word' id='word_1_228' title='bbox 2856 1286 3133 1356; x_wconf 87' lang='grc' dir='ltr'>ὀνόμασιν,</span> <span class='ocrx_word' id='word_1_229' title='bbox 3162 1286 3276 1339; x_wconf 85' lang='grc' dir='ltr'>ἀλλ’</span> <span class='ocrx_word' id='word_1_230' title='bbox 3300 1288 3356 1338; x_wconf 85' lang='grc' dir='ltr'><strong>ὲν</strong></span> <span class='ocrx_word' id='word_1_231' title='bbox 3380 1286 3646 1356; x_wconf 84' lang='grc' dir='ltr'>πράγμα-</span> 
     </span>
    </p>
   </div>
   <div class='ocr_carea' id='block_1_28' title="bbox 2067 1372 3637 1447">
    <p class='ocr_par' dir='ltr' id='par_1_28' title="bbox 2067 1372 3637 1447">
     <span class='ocr_line' id='line_1_28' title="bbox 2067 1372 3637 1447; baseline 0.003 -24"><span class='ocrx_word' id='word_1_232' title='bbox 2067 1372 2148 1424; x_wconf 89' lang='grc' dir='ltr'><strong>σίν</strong></span> <span class='ocrx_word' id='word_1_233' title='bbox 2194 1374 2341 1426; x_wconf 83' lang='grc' dir='ltr'>ὲστιν</span> <span class='ocrx_word' id='word_1_234' title='bbox 2378 1376 2508 1443; x_wconf 83' lang='grc' dir='ltr'>ἡμῖν</span> <span class='ocrx_word' id='word_1_235' title='bbox 2548 1376 2581 1443; x_wconf 85' lang='grc' dir='ltr'>ἡ</span> <span class='ocrx_word' id='word_1_236' title='bbox 2616 1374 2860 1444; x_wconf 81' lang='grc' dir='ltr'>ἀλήθεια.</span> <span class='ocrx_word' id='word_1_237' title='bbox 2899 1376 2963 1428; x_wconf 80' lang='grc' dir='ltr'><strong>Οἱ</strong></span> <span class='ocrx_word' id='word_1_238' title='bbox 2994 1375 3069 1440; x_wconf 89' lang='lat'><strong>66,</strong></span> <span class='ocrx_word' id='word_1_239' title='bbox 3107 1375 3295 1447; x_wconf 84' lang='grc' dir='ltr'>ὥσπερ</span> <span class='ocrx_word' id='word_1_240' title='bbox 3314 1375 3637 1439; x_wconf 77' lang='grc' dir='ltr'><strong>δεδοικότες,</strong></span> 
     </span>
    </p>
   </div>
   <div class='ocr_carea' id='block_1_29' title="bbox 2070 1461 3645 1537">
    <p class='ocr_par' dir='ltr' id='par_1_29' title="bbox 2070 1461 3645 1537">
     <span class='ocr_line' id='line_1_29' title="bbox 2070 1461 3645 1537; baseline 0.003 -23"><span class='ocrx_word' id='word_1_241' title='bbox 2070 1462 2142 1532; x_wconf 83' lang='grc' dir='ltr'>μὴ</span> <span class='ocrx_word' id='word_1_242' title='bbox 2171 1464 2345 1517; x_wconf 85' lang='grc' dir='ltr'>πάντα</span> <span class='ocrx_word' id='word_1_243' title='bbox 2383 1467 2551 1517; x_wconf 85' lang='grc' dir='ltr'>κινεῖν</span> <span class='ocrx_word' id='word_1_244' title='bbox 2591 1464 2728 1517; x_wconf 87' lang='grc' dir='ltr'>κατὰ</span> <span class='ocrx_word' id='word_1_245' title='bbox 2766 1466 2863 1536; x_wconf 80' lang='grc' dir='ltr'>τῆς</span> <span class='ocrx_word' id='word_1_246' title='bbox 2888 1466 3164 1536; x_wconf 73' lang='grc' dir='ltr'><strong>ἀληθείας,</strong></span> <span class='ocrx_word' id='word_1_247' title='bbox 3194 1466 3326 1519; x_wconf 86' lang='grc' dir='ltr'>Θεὸν</span> <span class='ocrx_word' id='word_1_248' title='bbox 3371 1467 3470 1537; x_wconf 80' lang='grc' dir='ltr'><strong>μὲν</strong></span> <span class='ocrx_word' id='word_1_249' title='bbox 3502 1461 3645 1520; x_wconf 75' lang='grc' dir='ltr'>εἶναι</span> 
     </span>
    </p>
   </div>
   <div class='ocr_carea' id='block_1_30' title="bbox 2064 1554 3648 1631">
    <p class='ocr_par' dir='ltr' id='par_1_30' title="bbox 2064 1554 3648 1631">
     <span class='ocr_line' id='line_1_30' title="bbox 2064 1554 3648 1631; baseline 0.004 -25"><span class='ocrx_word' id='word_1_250' title='bbox 2064 1554 2155 1607; x_wconf 88' lang='grc' dir='ltr'><strong>τὸν</strong></span> <span class='ocrx_word' id='word_1_251' title='bbox 2184 1554 2307 1608; x_wconf 87' lang='grc' dir='ltr'>Υίὸν</span> <span class='ocrx_word' id='word_1_252' title='bbox 2341 1556 3126 1627; x_wconf 83' lang='grc' dir='ltr'>ὀμολογοῦσιν,ὅτανβιασθῶσι</span> <span class='ocrx_word' id='word_1_253' title='bbox 3150 1559 3379 1631; x_wconf 84' lang='grc' dir='ltr'><strong>τῷλόγῳ</strong></span> <span class='ocrx_word' id='word_1_254' title='bbox 3409 1561 3501 1612; x_wconf 72' lang='grc' dir='ltr'><strong>καὶ</strong></span> <span class='ocrx_word' id='word_1_255' title='bbox 3522 1564 3648 1624; x_wconf 85' lang='grc' dir='ltr'>ταῖς</span> 
     </span>
    </p>
   </div>
   <div class='ocr_carea' id='block_1_31' title="bbox 2073 1646 3653 1722">
    <p class='ocr_par' dir='ltr' id='par_1_31' title="bbox 2073 1646 3653 1722">
     <span class='ocr_line' id='line_1_31' title="bbox 2073 1646 3653 1722; baseline 0.006 -26"><span class='ocrx_word' id='word_1_256' title='bbox 2073 1646 2398 1715; x_wconf 80' lang='grc' dir='ltr'>μαρτυρίαις</span> <span class='ocrx_word' id='word_1_257' title='bbox 2433 1647 2527 1719; x_wconf 87' lang='grc'>(6)·</span> <span class='ocrx_word' id='word_1_258' title='bbox 2563 1648 2850 1720; x_wconf 84' lang='grc' dir='ltr'>ὁμώνυμον</span> <span class='ocrx_word' id='word_1_259' title='bbox 2880 1649 2936 1702; x_wconf 85' lang='grc' dir='ltr'>δὲ</span> <span class='ocrx_word' id='word_1_260' title='bbox 2964 1651 3057 1703; x_wconf 74' lang='grc' dir='ltr'><strong>κα)⁸</strong></span> <span class='ocrx_word' id='word_1_261' title='bbox 3086 1651 3251 1722; x_wconf 87' lang='grc' dir='ltr'>μόνης</span> <span class='ocrx_word' id='word_1_262' title='bbox 3286 1651 3653 1706; x_wconf 76' lang='grc' dir='ltr'>κοινωνοῦντα</span> 
     </span>
    </p>
   </div>
   <div class='ocr_carea' id='block_1_32' title="bbox 390 1723 1982 1807">
    <p class='ocr_par' dir='ltr' id='par_1_32' title="bbox 390 1735 1963 1805">
     <span class='ocr_line' id='line_1_32' title="bbox 390 1735 1963 1805; baseline 0.002 -18"><span class='ocrx_word' id='word_1_263' title='bbox 390 1743 447 1788; x_wconf 90' lang='lat' dir='ltr'><strong>et</strong></span> <span class='ocrx_word' id='word_1_264' title='bbox 480 1745 748 1801; x_wconf 89' lang='lat' dir='ltr'><strong>naturam,</strong></span> <span class='ocrx_word' id='word_1_265' title='bbox 775 1746 829 1789; x_wconf 91' lang='lat' dir='ltr'><strong>et</strong></span> <span class='ocrx_word' id='word_1_266' title='bbox 858 1735 1276 1805; x_wconf 85' lang='lat' dir='ltr'><strong>appellationem</strong></span> <span class='ocrx_word' id='word_1_267' title='bbox 1311 1751 1449 1801; x_wconf 89' lang='lat' dir='ltr'><strong>esse,</strong></span> <span class='ocrx_word' id='word_1_268' title='bbox 1496 1738 1703 1790; x_wconf 89' lang='lat' dir='ltr'><strong>tametsi</strong></span> <span class='ocrx_word' id='word_1_269' title='bbox 1745 1750 1838 1805; x_wconf 90' lang='lat' dir='ltr'><strong>per</strong></span> <span class='ocrx_word' id='word_1_270' title='bbox 1866 1750 1963 1790; x_wconf 87' lang='lat' dir='ltr'><strong>co-</strong></span> 
     </span>
    </p>
   </div>
   <div class='ocr_carea' id='block_1_33' title="bbox 2091 1723 2454 1807">
    <p class='ocr_par' dir='ltr' id='par_1_33' title="bbox 2091 1734 2454 1807">
     <span class='ocr_line' id='line_1_33' title="bbox 2091 1734 2454 1807; baseline 0.011 -20"><span class='ocrx_word' id='word_1_271' title='bbox 2091 1735 2165 1806; x_wconf 71' lang='grc' dir='ltr'>ῆς</span> <span class='ocrx_word' id='word_1_272' title='bbox 2190 1734 2454 1807; x_wconf 84' lang='grc' dir='ltr'>κλήσεως.</span> 
     </span>
    </p>
   </div>
   <div class='ocr_carea' id='block_1_34' title="bbox 394 1830 3651 1906">
    <p class='ocr_par' dir='ltr' id='par_1_34' title="bbox 394 1830 3651 1906">
     <span class='ocr_line' id='line_1_34' title="bbox 394 1830 3651 1906; baseline 0.003 -24"><span class='ocrx_word' id='word_1_273' title='bbox 394 1831 685 1899; x_wconf 81' lang='lat' dir='ltr'><strong>gitationes</strong></span> <span class='ocrx_word' id='word_1_274' title='bbox 743 1833 1004 1901; x_wconf 87' lang='lat' dir='ltr'><strong>quasdam</strong></span> <span class='ocrx_word' id='word_1_275' title='bbox 1053 1830 1358 1896; x_wconf 80' lang='lat' dir='ltr'><strong>distinctas,</strong></span> <span class='ocrx_word' id='word_1_276' title='bbox 1408 1831 1625 1885; x_wconf 91' lang='lat' dir='ltr'><strong>nomina</strong></span> <span class='ocrx_word' id='word_1_277' title='bbox 1671 1844 1889 1899; x_wconf 89' lang='lat' dir='ltr'><strong>quoque</strong></span> <span class='ocrx_word' id='word_1_278' title='bbox 1913 1830 2071 1886; x_wconf 88' lang='lat' dir='ltr'><strong>simul</strong></span> <span class='ocrx_word' id='word_1_279' title='bbox 2097 1832 2534 1900; x_wconf 82' lang='lat' dir='ltr'><strong>distinguantur:</strong></span> <span class='ocrx_word' id='word_1_280' title='bbox 2563 1844 2617 1888; x_wconf 92' lang='lat' dir='ltr'><strong>et</strong></span> <span class='ocrx_word' id='word_1_281' title='bbox 2655 1834 2799 1905; x_wconf 88' lang='lat' dir='ltr'><strong>quod</strong></span> <span class='ocrx_word' id='word_1_282' title='bbox 2865 1837 3082 1905; x_wconf 85' lang='lat' dir='ltr'><strong>quidem</strong></span> <span class='ocrx_word' id='word_1_283' title='bbox 3142 1837 3361 1906; x_wconf 87' lang='lat' dir='ltr'><strong>proprie</strong></span> <span class='ocrx_word' id='word_1_284' title='bbox 3422 1837 3651 1904; x_wconf 78' lang='lat' dir='ltr'><strong>dicitur,</strong></span> 
     </span>
    </p>
   </div>
   <div class='ocr_carea' id='block_1_35' title="bbox 396 1921 3651 1999">
    <p class='ocr_par' dir='ltr' id='par_1_35' title="bbox 396 1921 3651 1999">
     <span class='ocr_line' id='line_1_35' title="bbox 396 1921 3651 1999; baseline 0.001 -20"><span class='ocrx_word' id='word_1_285' title='bbox 396 1925 447 1979; x_wconf 85' lang='lat' dir='ltr'><strong>id</strong></span> <span class='ocrx_word' id='word_1_286' title='bbox 471 1925 630 1978; x_wconf 90' lang='lat' dir='ltr'><strong>etiam</strong></span> <span class='ocrx_word' id='word_1_287' title='bbox 658 1923 825 1984; x_wconf 86' lang='lat' dir='ltr'><strong>Deum</strong></span> <span class='ocrx_word' id='word_1_288' title='bbox 854 1938 974 1978; x_wconf 86' lang='lat' dir='ltr'><strong>esse</strong></span> <span class='ocrx_word' id='word_1_289' title='bbox 998 1939 1013 1985; x_wconf 90' lang='lat'>;</span> <span class='ocrx_word' id='word_1_290' title='bbox 1050 1932 1108 1977; x_wconf 91' lang='lat' dir='ltr'><strong>et</strong></span> <span class='ocrx_word' id='word_1_291' title='bbox 1134 1938 1323 1977; x_wconf 88' lang='lat' dir='ltr'><strong>rursus</strong></span> <span class='ocrx_word' id='word_1_292' title='bbox 1346 1921 1490 1992; x_wconf 75' lang='lat' dir='ltr'><strong>quod</strong></span> <span class='ocrx_word' id='word_1_293' title='bbox 1560 1931 1748 1976; x_wconf 87' lang='lat' dir='ltr'><strong>natura</strong></span> <span class='ocrx_word' id='word_1_294' title='bbox 1783 1936 1878 1976; x_wconf 89' lang='lat' dir='ltr'><strong>sua</strong></span> <span class='ocrx_word' id='word_1_295' title='bbox 1948 1923 2041 1988; x_wconf 90' lang='lat' dir='ltr'><strong>sit,</strong></span> <span class='ocrx_word' id='word_1_296' title='bbox 2082 1924 2184 1977; x_wconf 91' lang='lat' dir='ltr'><strong>hoc</strong></span> <span class='ocrx_word' id='word_1_297' title='bbox 2229 1938 2442 1992; x_wconf 90' lang='lat' dir='ltr'><strong>quoque</strong></span> <span class='ocrx_word' id='word_1_298' title='bbox 2482 1926 2696 1994; x_wconf 90' lang='lat' dir='ltr'><strong>proprie</strong></span> <span class='ocrx_word' id='word_1_299' title='bbox 2756 1926 3053 1996; x_wconf 87' lang='lat' dir='ltr'><strong>nuncupari</strong></span> <span class='ocrx_word' id='word_1_300' title='bbox 3101 1945 3115 1980; x_wconf 92' lang='lat'><strong>:</strong></span> <span class='ocrx_word' id='word_1_301' title='bbox 3155 1927 3421 1996; x_wconf 89' lang='lat' dir='ltr'><strong>siquidem</strong></span> <span class='ocrx_word' id='word_1_302' title='bbox 3487 1927 3651 1999; x_wconf 84' lang='lat'><strong>533</strong></span> 
     </span>
    </p>
   </div>
   <div class='ocr_carea' id='block_1_36' title="bbox 397 2014 3655 2089">
    <p class='ocr_par' dir='ltr' id='par_1_36' title="bbox 397 2014 3655 2089">
     <span class='ocr_line' id='line_1_36' title="bbox 397 2014 3655 2089; baseline 0.001 -18"><span class='ocrx_word' id='word_1_303' title='bbox 397 2031 503 2071; x_wconf 91' lang='lat' dir='ltr'><strong>non</strong></span> <span class='ocrx_word' id='word_1_304' title='bbox 537 2016 589 2069; x_wconf 94' lang='lat' dir='ltr'><strong>in</strong></span> <span class='ocrx_word' id='word_1_305' title='bbox 623 2017 779 2070; x_wconf 91' lang='lat' dir='ltr'><strong>nudis</strong></span> <span class='ocrx_word' id='word_1_306' title='bbox 809 2016 1140 2080; x_wconf 88' lang='lat' dir='ltr'><strong>nominibus,</strong></span> <span class='ocrx_word' id='word_1_307' title='bbox 1171 2014 1263 2069; x_wconf 88' lang='lat' dir='ltr'><strong>sed</strong></span> <span class='ocrx_word' id='word_1_308' title='bbox 1314 2017 1365 2069; x_wconf 91' lang='lat' dir='ltr'><strong>in</strong></span> <span class='ocrx_word' id='word_1_309' title='bbox 1398 2014 1557 2068; x_wconf 88' lang='lat' dir='ltr'><strong>rebus</strong></span> <span class='ocrx_word' id='word_1_310' title='bbox 1586 2014 1742 2067; x_wconf 90' lang='lat' dir='ltr'><strong>nobis</strong></span> <span class='ocrx_word' id='word_1_311' title='bbox 1760 2014 1972 2069; x_wconf 63' lang='lat' dir='ltr'><strong>.veritas</strong></span> <span class='ocrx_word' id='word_1_312' title='bbox 2006 2014 2111 2068; x_wconf 85' lang='lat' dir='ltr'><strong>sita</strong></span> <span class='ocrx_word' id='word_1_313' title='bbox 2140 2025 2243 2069; x_wconf 87' lang='lat' dir='ltr'><strong>est.</strong></span> <span class='ocrx_word' id='word_1_314' title='bbox 2274 2016 2345 2069; x_wconf 87' lang='lat' dir='ltr'><strong>At</strong></span> <span class='ocrx_word' id='word_1_315' title='bbox 2390 2016 2474 2069; x_wconf 92' lang='lat' dir='ltr'><strong>isti</strong></span> <span class='ocrx_word' id='word_1_316' title='bbox 2543 2017 2765 2085; x_wconf 88' lang='lat' dir='ltr'><strong>perinde</strong></span> <span class='ocrx_word' id='word_1_317' title='bbox 2811 2032 2872 2071; x_wconf 92' lang='lat' dir='ltr'><strong>ac</strong></span> <span class='ocrx_word' id='word_1_318' title='bbox 2938 2019 3341 2088; x_wconf 86' lang='lat' dir='ltr'><strong>pertimescant,</strong></span> <span class='ocrx_word' id='word_1_319' title='bbox 3395 2035 3463 2074; x_wconf 90' lang='lat' dir='ltr'><strong>ne</strong></span> <span class='ocrx_word' id='word_1_320' title='bbox 3519 2022 3655 2089; x_wconf 91' lang='lat' dir='ltr'><strong>quid</strong></span> 
     </span>
    </p>
   </div>
   <div class='ocr_carea' id='block_1_37' title="bbox 399 2097 3654 2180">
    <p class='ocr_par' dir='ltr' id='par_1_37' title="bbox 399 2097 3654 2180">
     <span class='ocr_line' id='line_1_37' title="bbox 399 2097 3654 2180; baseline 0.002 -18"><span class='ocrx_word' id='word_1_321' title='bbox 399 2109 659 2162; x_wconf 87' lang='lat' dir='ltr'><strong>adversus</strong></span> <span class='ocrx_word' id='word_1_322' title='bbox 716 2108 999 2161; x_wconf 83' lang='lat' dir='ltr'><strong>veritatem</strong></span> <span class='ocrx_word' id='word_1_323' title='bbox 1062 2108 1338 2161; x_wconf 90' lang='lat' dir='ltr'><strong>immotum</strong></span> <span class='ocrx_word' id='word_1_324' title='bbox 1399 2097 1722 2175; x_wconf 75' lang='lat' dir='ltr'><strong>relinqitant,</strong></span> <span class='ocrx_word' id='word_1_325' title='bbox 1798 2107 1962 2160; x_wconf 90' lang='lat' dir='ltr'><strong>Deum</strong></span> <span class='ocrx_word' id='word_1_326' title='bbox 2004 2106 2217 2176; x_wconf 88' lang='lat' dir='ltr'><strong>quidem</strong></span> <span class='ocrx_word' id='word_1_327' title='bbox 2245 2107 2438 2161; x_wconf 87' lang='lat' dir='ltr'><strong>Filium</strong></span> <span class='ocrx_word' id='word_1_328' title='bbox 2470 2124 2589 2162; x_wconf 86' lang='lat' dir='ltr'><strong>esse</strong></span> <span class='ocrx_word' id='word_1_329' title='bbox 2624 2111 2881 2175; x_wconf 81' lang='lat' dir='ltr'><strong>fatentur,</strong></span> <span class='ocrx_word' id='word_1_330' title='bbox 2947 2124 3067 2165; x_wconf 92' lang='lat' dir='ltr'><strong>cum</strong></span> <span class='ocrx_word' id='word_1_331' title='bbox 3130 2111 3426 2180; x_wconf 60' lang='lat' dir='ltr'><strong>Scriptura;</strong></span> <span class='ocrx_word' id='word_1_332' title='bbox 3457 2128 3523 2166; x_wconf 88' lang='lat' dir='ltr'><strong>ac</strong></span> <span class='ocrx_word' id='word_1_333' title='bbox 3554 2130 3654 2168; x_wconf 89' lang='lat' dir='ltr'><strong>au-</strong></span> 
     </span>
    </p>
   </div>
   <div class='ocr_carea' id='block_1_38' title="bbox 400 2198 3654 2274">
    <p class='ocr_par' dir='ltr' id='par_1_38' title="bbox 400 2198 3654 2274">
     <span class='ocr_line' id='line_1_38' title="bbox 400 2198 3654 2274; baseline 0.002 -20"><span class='ocrx_word' id='word_1_334' title='bbox 400 2200 709 2255; x_wconf 85' lang='lat' dir='ltr'><strong>ctoritatum</strong></span> <span class='ocrx_word' id='word_1_335' title='bbox 746 2200 1064 2255; x_wconf 78' lang='lat' dir='ltr'><strong>tesﬁmouiis</strong></span> <span class='ocrx_word' id='word_1_336' title='bbox 1114 2200 1523 2270; x_wconf 87' lang='lat' dir='ltr'><strong>opprimantur;</strong></span> <span class='ocrx_word' id='word_1_337' title='bbox 1571 2200 1666 2255; x_wconf 90' lang='lat' dir='ltr'><strong>sed</strong></span> <span class='ocrx_word' id='word_1_338' title='bbox 1706 2200 1983 2269; x_wconf 77' lang='lat' dir='ltr'><strong>tequivoce</strong></span> <span class='ocrx_word' id='word_1_339' title='bbox 2022 2198 2189 2254; x_wconf 90' lang='lat' dir='ltr'><strong>Deum</strong></span> <span class='ocrx_word' id='word_1_340' title='bbox 2227 2202 2354 2268; x_wconf 90' lang='lat' dir='ltr'><strong>dici,</strong></span> <span class='ocrx_word' id='word_1_341' title='bbox 2400 2216 2464 2256; x_wconf 88' lang='lat' dir='ltr'><strong>ac</strong></span> <span class='ocrx_word' id='word_1_342' title='bbox 2491 2205 2724 2259; x_wconf 86' lang='lat' dir='ltr'><strong>nominis</strong></span> <span class='ocrx_word' id='word_1_343' title='bbox 2772 2203 2939 2259; x_wconf 89' lang='lat' dir='ltr'><strong>solius</strong></span> <span class='ocrx_word' id='word_1_344' title='bbox 3004 2205 3319 2274; x_wconf 79' lang='lat' dir='ltr'><strong>participem</strong></span> <span class='ocrx_word' id='word_1_345' title='bbox 3347 2220 3468 2262; x_wconf 90' lang='lat' dir='ltr'><strong>esse</strong></span> <span class='ocrx_word' id='word_1_346' title='bbox 3507 2222 3654 2262; x_wconf 90' lang='lat' dir='ltr'><strong>con—</strong></span> 
     </span>
    </p>
   </div>
   <div class='ocr_carea' id='block_1_39' title="bbox 404 2291 645 2346">
    <p class='ocr_par' dir='ltr' id='par_1_39' title="bbox 404 2291 645 2346">
     <span class='ocr_line' id='line_1_39' title="bbox 404 2291 645 2346; baseline -0.004 0"><span class='ocrx_word' id='word_1_347' title='bbox 404 2291 645 2346; x_wconf 88' lang='lat' dir='ltr'><strong>tendunt.</strong></span> 
     </span>
    </p>
   </div>
   <div class='ocr_carea' id='block_1_40' title="bbox 474 2387 1971 2459">
    <p class='ocr_par' dir='ltr' id='par_1_40' title="bbox 474 2387 1971 2459">
     <span class='ocr_line' id='line_1_40' title="bbox 474 2387 1971 2459; baseline 0.002 -18"><span class='ocrx_word' id='word_1_348' title='bbox 474 2389 611 2444; x_wconf 78' lang='lat' dir='ltr'><strong>XIV.</strong></span> <span class='ocrx_word' id='word_1_349' title='bbox 653 2387 787 2443; x_wconf 89' lang='lat' dir='ltr'><strong>Cum</strong></span> <span class='ocrx_word' id='word_1_350' title='bbox 811 2400 991 2443; x_wconf 88' lang='lat' dir='ltr'><strong>autem</strong></span> <span class='ocrx_word' id='word_1_351' title='bbox 1024 2390 1161 2443; x_wconf 90' lang='lat' dir='ltr'><strong>hanc</strong></span> <span class='ocrx_word' id='word_1_352' title='bbox 1196 2389 1330 2459; x_wconf 88' lang='lat' dir='ltr'><strong>ipsis</strong></span> <span class='ocrx_word' id='word_1_353' title='bbox 1354 2389 1714 2458; x_wconf 85' lang='lat' dir='ltr'><strong>objectionem</strong></span> <span class='ocrx_word' id='word_1_354' title='bbox 1747 2390 1971 2458; x_wconf 87' lang='lat' dir='ltr'><strong>subjici-</strong></span> 
     </span>
    </p>
   </div>
   <div class='ocr_carea' id='block_1_41' title="bbox 402 2480 1969 2552">
    <p class='ocr_par' dir='ltr' id='par_1_41' title="bbox 402 2480 1969 2552">
     <span class='ocr_line' id='line_1_41' title="bbox 402 2480 1969 2552; baseline 0.001 -17"><span class='ocrx_word' id='word_1_355' title='bbox 402 2496 565 2535; x_wconf 86' lang='lat' dir='ltr'><strong>ntus:</strong></span> <span class='ocrx_word' id='word_1_356' title='bbox 628 2480 768 2547; x_wconf 83' lang='lat' dir='ltr'><strong>Quid</strong></span> <span class='ocrx_word' id='word_1_357' title='bbox 818 2481 986 2549; x_wconf 79' lang='lat' dir='ltr'><strong>ergo?</strong></span> <span class='ocrx_word' id='word_1_358' title='bbox 1042 2497 1150 2537; x_wconf 89' lang='lat' dir='ltr'><strong>non</strong></span> <span class='ocrx_word' id='word_1_359' title='bbox 1214 2483 1433 2552; x_wconf 90' lang='lat' dir='ltr'><strong>proprie</strong></span> <span class='ocrx_word' id='word_1_360' title='bbox 1487 2481 1629 2537; x_wconf 78' lang='lat' dir='ltr'><strong>Deus</strong></span> <span class='ocrx_word' id='word_1_361' title='bbox 1666 2493 1749 2537; x_wconf 90' lang='lat' dir='ltr'><strong>est</strong></span> <span class='ocrx_word' id='word_1_362' title='bbox 1775 2483 1969 2546; x_wconf 88' lang='lat' dir='ltr'><strong>Filius,</strong></span> 
     </span>
    </p>
   </div>
   <div class='ocr_carea' id='block_1_42' title="bbox 402 2572 1976 2642">
    <p class='ocr_par' dir='ltr' id='par_1_42' title="bbox 402 2572 1976 2642">
     <span class='ocr_line' id='line_1_42' title="bbox 402 2572 1976 2642; baseline 0.001 -17"><span class='ocrx_word' id='word_1_363' title='bbox 402 2572 857 2642; x_wconf 84' lang='lat' dir='ltr'><strong>quemadmodum</strong></span> <span class='ocrx_word' id='word_1_364' title='bbox 891 2573 941 2625; x_wconf 90' lang='lat' dir='ltr'><strong>id</strong></span> <span class='ocrx_word' id='word_1_365' title='bbox 970 2573 1111 2640; x_wconf 92' lang='lat' dir='ltr'><strong>quod</strong></span> <span class='ocrx_word' id='word_1_366' title='bbox 1145 2573 1346 2642; x_wconf 90' lang='lat' dir='ltr'><strong>pictum</strong></span> <span class='ocrx_word' id='word_1_367' title='bbox 1376 2583 1479 2639; x_wconf 88' lang='lat' dir='ltr'><strong>est,</strong></span> <span class='ocrx_word' id='word_1_368' title='bbox 1508 2588 1612 2627; x_wconf 91' lang='lat' dir='ltr'><strong>non</strong></span> <span class='ocrx_word' id='word_1_369' title='bbox 1629 2583 1712 2627; x_wconf 85' lang='lat' dir='ltr'><strong>est</strong></span> <span class='ocrx_word' id='word_1_370' title='bbox 1740 2573 1976 2626; x_wconf 86' lang='lat' dir='ltr'><strong>animal?</strong></span> 
     </span>
    </p>
   </div>
   <div class='ocr_carea' id='block_1_43' title="bbox 405 2663 1977 2733">
    <p class='ocr_par' dir='ltr' id='par_1_43' title="bbox 405 2663 1977 2733">
     <span class='ocr_line' id='line_1_43' title="bbox 405 2663 1977 2733; baseline -0.001 -14"><span class='ocrx_word' id='word_1_371' title='bbox 405 2665 684 2730; x_wconf 81' lang='lat' dir='ltr'><strong>Quomodo</strong></span> <span class='ocrx_word' id='word_1_372' title='bbox 724 2678 853 2733; x_wconf 81' lang='lat' dir='ltr'><strong>ergo</strong></span> <span class='ocrx_word' id='word_1_373' title='bbox 888 2664 1046 2727; x_wconf 88' lang='lat' dir='ltr'><strong>Deus,</strong></span> <span class='ocrx_word' id='word_1_374' title='bbox 1078 2665 1123 2719; x_wconf 89' lang='lat' dir='ltr'><strong>si</strong></span> <span class='ocrx_word' id='word_1_375' title='bbox 1159 2665 1299 2718; x_wconf 89' lang='lat' dir='ltr'><strong>Deus</strong></span> <span class='ocrx_word' id='word_1_376' title='bbox 1327 2665 1543 2732; x_wconf 88' lang='lat' dir='ltr'><strong>proprie</strong></span> <span class='ocrx_word' id='word_1_377' title='bbox 1566 2680 1672 2718; x_wconf 92' lang='lat' dir='ltr'><strong>non</strong></span> <span class='ocrx_word' id='word_1_378' title='bbox 1698 2665 1812 2718; x_wconf 89' lang='lat' dir='ltr'><strong>est?</strong></span> <span class='ocrx_word' id='word_1_379' title='bbox 1871 2663 1977 2718; x_wconf 80' lang='lat' dir='ltr'><strong>Re-</strong></span> 
     </span>
    </p>
   </div>
   <div class='ocr_carea' id='block_1_44' title="bbox 403 2757 1977 2829">
    <p class='ocr_par' dir='ltr' id='par_1_44' title="bbox 403 2757 1977 2829">
     <span class='ocr_line' id='line_1_44' title="bbox 403 2757 1977 2829; baseline -0.001 -16"><span class='ocrx_word' id='word_1_380' title='bbox 403 2758 709 2829; x_wconf 86' lang='lat' dir='ltr'><strong>spondent:</strong></span> <span class='ocrx_word' id='word_1_381' title='bbox 736 2757 876 2824; x_wconf 91' lang='lat' dir='ltr'><strong>Quid</strong></span> <span class='ocrx_word' id='word_1_382' title='bbox 918 2759 1188 2826; x_wconf 88' lang='lat' dir='ltr'><strong>prohibet,</strong></span> <span class='ocrx_word' id='word_1_383' title='bbox 1236 2761 1544 2827; x_wconf 88' lang='lat' dir='ltr'><strong>quominus,</strong></span> <span class='ocrx_word' id='word_1_384' title='bbox 1568 2769 1622 2813; x_wconf 91' lang='lat' dir='ltr'><strong>et</strong></span> <span class='ocrx_word' id='word_1_385' title='bbox 1649 2761 1763 2814; x_wconf 63' lang='lat' dir='ltr'><strong>haec</strong></span> <span class='ocrx_word' id='word_1_386' title='bbox 1805 2759 1977 2828; x_wconf 68' lang='lat' dir='ltr'><strong>aequi-</strong></span> 
     </span>
    </p>
   </div>
   <div class='ocr_carea' id='block_1_45' title="bbox 406 2847 1976 2915">
    <p class='ocr_par' dir='ltr' id='par_1_45' title="bbox 406 2847 1976 2915">
     <span class='ocr_line' id='line_1_45' title="bbox 406 2847 1976 2915; baseline 0.001 -17"><span class='ocrx_word' id='word_1_387' title='bbox 406 2861 540 2901; x_wconf 89' lang='lat' dir='ltr'><strong>voca</strong></span> <span class='ocrx_word' id='word_1_388' title='bbox 575 2847 709 2911; x_wconf 90' lang='lat' dir='ltr'><strong>sint,</strong></span> <span class='ocrx_word' id='word_1_389' title='bbox 740 2855 795 2901; x_wconf 91' lang='lat' dir='ltr'><strong>et</strong></span> <span class='ocrx_word' id='word_1_390' title='bbox 828 2847 1044 2915; x_wconf 87' lang='lat' dir='ltr'><strong>proprie</strong></span> <span class='ocrx_word' id='word_1_391' title='bbox 1084 2856 1373 2912; x_wconf 88' lang='lat' dir='ltr'><strong>utrumque</strong></span> <span class='ocrx_word' id='word_1_392' title='bbox 1415 2847 1668 2900; x_wconf 80' lang='lat' dir='ltr'><strong>dicatur?</strong></span> <span class='ocrx_word' id='word_1_393' title='bbox 1699 2847 1775 2900; x_wconf 80' lang='lat' dir='ltr'><strong>Ac</strong></span> <span class='ocrx_word' id='word_1_394' title='bbox 1802 2849 1976 2909; x_wconf 86' lang='lat' dir='ltr'><strong>nobis,</strong></span> 
     </span>
    </p>
   </div>
   <div class='ocr_carea' id='block_1_46' title="bbox 405 2938 1974 3009">
    <p class='ocr_par' dir='ltr' id='par_1_46' title="bbox 405 2938 1974 3009">
     <span class='ocr_line' id='line_1_46' title="bbox 405 2938 1974 3009; baseline -0.003 -14"><span class='ocrx_word' id='word_1_395' title='bbox 405 2950 461 2995; x_wconf 87' lang='lat' dir='ltr'><strong>et</strong></span> <span class='ocrx_word' id='word_1_396' title='bbox 492 2946 822 3005; x_wconf 89' lang='lat' dir='ltr'><strong>terrestrem,</strong></span> <span class='ocrx_word' id='word_1_397' title='bbox 880 2949 932 2993; x_wconf 89' lang='lat' dir='ltr'><strong>et</strong></span> <span class='ocrx_word' id='word_1_398' title='bbox 972 2938 1235 2992; x_wconf 87' lang='lat' dir='ltr'><strong>marinum</strong></span> <span class='ocrx_word' id='word_1_399' title='bbox 1298 2954 1482 2992; x_wconf 76' lang='lat' dir='ltr'><strong>ratum</strong></span> <span class='ocrx_word' id='word_1_400' title='bbox 1523 2938 1819 3008; x_wconf 81' lang='lat' dir='ltr'><strong>proferent,</strong></span> <span class='ocrx_word' id='word_1_401' title='bbox 1861 2940 1974 3009; x_wconf 91' lang='lat' dir='ltr'><strong>qui,</strong></span> 
     </span>
    </p>
   </div>
   <div class='ocr_carea' id='block_1_47' title="bbox 2150 2384 3659 2462">
    <p class='ocr_par' dir='ltr' id='par_1_47' title="bbox 2150 2384 3659 2462">
     <span class='ocr_line' id='line_1_47' title="bbox 2150 2384 3659 2462; baseline 0.001 -20"><span class='ocrx_word' id='word_1_402' title='bbox 2150 2388 2245 2442; x_wconf 80' lang='lat' dir='ltr'><strong>IA&#39;.</strong></span> <span class='ocrx_word' id='word_1_403' title='bbox 2288 2390 2456 2443; x_wconf 86' lang='grc' dir='ltr'>Ὅταν</span> <span class='ocrx_word' id='word_1_404' title='bbox 2483 2390 2540 2443; x_wconf 89' lang='lat'><strong>66</strong></span> <span class='ocrx_word' id='word_1_405' title='bbox 2570 2389 3036 2462; x_wconf 80' lang='grc' dir='ltr'>ἀνθυποφέρωμεν</span> <span class='ocrx_word' id='word_1_406' title='bbox 3074 2391 3278 2456; x_wconf 75' lang='grc' dir='ltr'>αὐτοῖς,</span> <span class='ocrx_word' id='word_1_407' title='bbox 3310 2390 3375 2444; x_wconf 89' lang='grc' dir='ltr'><strong>Τί</strong></span> <span class='ocrx_word' id='word_1_408' title='bbox 3407 2384 3539 2452; x_wconf 83' lang='grc' dir='ltr'>οῦν;</span> <span class='ocrx_word' id='word_1_409' title='bbox 3595 2386 3659 2444; x_wconf 74' lang='grc' dir='ltr'>οὐ</span> 
     </span>
    </p>
   </div>
   <div class='ocr_carea' id='block_1_48' title="bbox 2079 2479 3663 2553">
    <p class='ocr_par' dir='ltr' id='par_1_48' title="bbox 2079 2479 3663 2553">
     <span class='ocr_line' id='line_1_48' title="bbox 2079 2479 3663 2553; baseline -0.001 -21"><span class='ocrx_word' id='word_1_410' title='bbox 2079 2480 2281 2551; x_wconf 86' lang='grc' dir='ltr'>κυρίως</span> <span class='ocrx_word' id='word_1_411' title='bbox 2313 2479 2389 2550; x_wconf 83' lang='grc'><strong>(7)</strong></span> <span class='ocrx_word' id='word_1_412' title='bbox 2413 2479 2545 2543; x_wconf 86' lang='grc' dir='ltr'>Θεὸς</span> <span class='ocrx_word' id='word_1_413' title='bbox 2572 2480 2601 2532; x_wconf 98' lang='lat'><strong>6</strong></span> <span class='ocrx_word' id='word_1_414' title='bbox 2630 2480 2777 2543; x_wconf 80' lang='grc' dir='ltr'>Υἱὸς,</span> <span class='ocrx_word' id='word_1_415' title='bbox 2804 2479 2991 2553; x_wconf 80' lang='grc' dir='ltr'>ὥσπερ</span> <span class='ocrx_word' id='word_1_416' title='bbox 3014 2482 3134 2535; x_wconf 87' lang='lat'><strong>0666</strong></span> <span class='ocrx_word' id='word_1_417' title='bbox 3160 2482 3296 2546; x_wconf 77' lang='grc' dir='ltr'>ζῶον</span> <span class='ocrx_word' id='word_1_418' title='bbox 3321 2479 3381 2532; x_wconf 90' lang='grc' dir='ltr'><strong>τὸ</strong></span> <span class='ocrx_word' id='word_1_419' title='bbox 3409 2496 3663 2549; x_wconf 82' lang='grc' dir='ltr'>γεγραμ-</span> 
     </span>
    </p>
   </div>
   <div class='ocr_carea' id='block_1_49' title="bbox 2085 2571 3664 2649">
    <p class='ocr_par' dir='ltr' id='par_1_49' title="bbox 2085 2571 3664 2649">
     <span class='ocr_line' id='line_1_49' title="bbox 2085 2571 3664 2649; baseline -0.003 -22"><span class='ocrx_word' id='word_1_420' title='bbox 2085 2574 2278 2645; x_wconf 83' lang='grc' dir='ltr'>μένον;</span> <span class='ocrx_word' id='word_1_421' title='bbox 2320 2572 2437 2636; x_wconf 84' lang='grc' dir='ltr'>πῶς</span> <span class='ocrx_word' id='word_1_422' title='bbox 2477 2571 2568 2627; x_wconf 84' lang='grc' dir='ltr'><strong>οῦν</strong></span> <span class='ocrx_word' id='word_1_423' title='bbox 2599 2574 2749 2639; x_wconf 87' lang='grc' dir='ltr'>Θεὸς,</span> <span class='ocrx_word' id='word_1_424' title='bbox 2782 2578 2829 2628; x_wconf 83' lang='grc' dir='ltr'><strong>εί</strong></span> <span class='ocrx_word' id='word_1_425' title='bbox 2872 2575 2945 2645; x_wconf 84' lang='grc' dir='ltr'>μὴ</span> <span class='ocrx_word' id='word_1_426' title='bbox 2990 2574 3194 2649; x_wconf 83' lang='grc' dir='ltr'>κυρίως</span> <span class='ocrx_word' id='word_1_427' title='bbox 3231 2573 3391 2637; x_wconf 86' lang='grc' dir='ltr'><strong>Θεὸς;</strong></span> <span class='ocrx_word' id='word_1_428' title='bbox 3430 2572 3495 2623; x_wconf 88' lang='grc' dir='ltr'><strong>Τί</strong></span> <span class='ocrx_word' id='word_1_429' title='bbox 3549 2571 3664 2641; x_wconf 78' lang='grc' dir='ltr'><strong>γὰρ</strong></span> 
     </span>
    </p>
   </div>
   <div class='ocr_carea' id='block_1_50' title="bbox 2084 2660 3665 2736">
    <p class='ocr_par' dir='ltr' id='par_1_50' title="bbox 2084 2660 3665 2736">
     <span class='ocr_line' id='line_1_50' title="bbox 2084 2660 3665 2736; baseline -0.002 -20"><span class='ocrx_word' id='word_1_430' title='bbox 2084 2664 2302 2727; x_wconf 84' lang='grc' dir='ltr'>κωλύει,</span> <span class='ocrx_word' id='word_1_431' title='bbox 2346 2663 2500 2733; x_wconf 71' lang='grc' dir='ltr'>φασὶ,</span> <span class='ocrx_word' id='word_1_432' title='bbox 2535 2665 2628 2717; x_wconf 76' lang='grc' dir='ltr'><strong>καὶ</strong></span> <span class='ocrx_word' id='word_1_433' title='bbox 2658 2664 2924 2736; x_wconf 84' lang='grc' dir='ltr'>ὁμώνυμα</span> <span class='ocrx_word' id='word_1_434' title='bbox 2946 2664 3119 2717; x_wconf 88' lang='grc' dir='ltr'>ταῦτα</span> <span class='ocrx_word' id='word_1_435' title='bbox 3147 2660 3305 2727; x_wconf 74' lang='grc' dir='ltr'>εἶναι,</span> <span class='ocrx_word' id='word_1_436' title='bbox 3336 2664 3429 2716; x_wconf 75' lang='grc' dir='ltr'>καὶ</span> <span class='ocrx_word' id='word_1_437' title='bbox 3454 2660 3665 2731; x_wconf 84' lang='grc' dir='ltr'>κυρίως</span> 
     </span>
    </p>
   </div>
   <div class='ocr_carea' id='block_1_51' title="bbox 2084 2752 3665 2827">
    <p class='ocr_par' dir='ltr' id='par_1_51' title="bbox 2084 2752 3665 2827">
     <span class='ocr_line' id='line_1_51' title="bbox 2084 2752 3665 2827; baseline -0.003 -18"><span class='ocrx_word' id='word_1_438' title='bbox 2084 2756 2368 2826; x_wconf 85' lang='grc' dir='ltr'>ἀμφότερα</span> <span class='ocrx_word' id='word_1_439' title='bbox 2404 2755 2685 2824; x_wconf 89' lang='grc' dir='ltr'>λέγεσθαι;</span> <span class='ocrx_word' id='word_1_440' title='bbox 2717 2757 2825 2809; x_wconf 80' lang='grc' dir='ltr'><strong>Καὶ</strong></span> <span class='ocrx_word' id='word_1_441' title='bbox 2862 2756 3240 2827; x_wconf 87' lang='grc' dir='ltr'>προσοίσουσιν</span> <span class='ocrx_word' id='word_1_442' title='bbox 3281 2757 3410 2826; x_wconf 82' lang='grc' dir='ltr'>ἡμῖν</span> <span class='ocrx_word' id='word_1_443' title='bbox 3445 2753 3536 2807; x_wconf 91' lang='grc' dir='ltr'><strong>τὸν</strong></span> <span class='ocrx_word' id='word_1_444' title='bbox 3560 2752 3665 2805; x_wconf 84' lang='grc' dir='ltr'>κύ-</span> 
     </span>
    </p>
   </div>
   <div class='ocr_carea' id='block_1_52' title="bbox 2086 2844 3671 2918">
    <p class='ocr_par' dir='ltr' id='par_1_52' title="bbox 2086 2844 3671 2918">
     <span class='ocr_line' id='line_1_52' title="bbox 2086 2844 3671 2918; baseline -0.003 -18"><span class='ocrx_word' id='word_1_445' title='bbox 2086 2864 2169 2909; x_wconf 92' lang='grc' dir='ltr'><strong>να,</strong></span> <span class='ocrx_word' id='word_1_446' title='bbox 2202 2846 2291 2900; x_wconf 91' lang='grc' dir='ltr'><strong>τὸν</strong></span> <span class='ocrx_word' id='word_1_447' title='bbox 2324 2850 2598 2918; x_wconf 85' lang='grc' dir='ltr'>χερσαῖον,</span> <span class='ocrx_word' id='word_1_448' title='bbox 2623 2849 2715 2900; x_wconf 76' lang='grc' dir='ltr'><strong>καὶ</strong></span> <span class='ocrx_word' id='word_1_449' title='bbox 2748 2848 2840 2900; x_wconf 86' lang='grc' dir='ltr'><strong>τὸν</strong></span> <span class='ocrx_word' id='word_1_450' title='bbox 2865 2846 3168 2910; x_wconf 82' lang='grc' dir='ltr'>θαλάττιον,</span> <span class='ocrx_word' id='word_1_451' title='bbox 3202 2846 3468 2917; x_wconf 85' lang='grc' dir='ltr'>ὁμώνυμά</span> <span class='ocrx_word' id='word_1_452' title='bbox 3488 2862 3547 2897; x_wconf 87' lang='grc' dir='ltr'><strong>τε</strong></span> <span class='ocrx_word' id='word_1_453' title='bbox 3585 2844 3671 2896; x_wconf 78' lang='lat' dir='ltr'><strong>6v-</strong></span> 
     </span>
    </p>
   </div>
   <div class='ocr_carea' id='block_1_53' title="bbox 2086 2932 3669 3007">
    <p class='ocr_par' dir='ltr' id='par_1_53' title="bbox 2086 2932 3669 3007">
     <span class='ocr_line' id='line_1_53' title="bbox 2086 2932 3669 3007; baseline -0.003 -19"><span class='ocrx_word' id='word_1_454' title='bbox 2086 2953 2174 2994; x_wconf 82' lang='grc' dir='ltr'><strong>τα,</strong></span> <span class='ocrx_word' id='word_1_455' title='bbox 2211 2935 2305 2987; x_wconf 73' lang='grc' dir='ltr'>καὶ</span> <span class='ocrx_word' id='word_1_456' title='bbox 2332 2936 2536 3007; x_wconf 86' lang='grc' dir='ltr'>κυρίως</span> <span class='ocrx_word' id='word_1_457' title='bbox 2565 2935 2640 3007; x_wconf 88' lang='grc'><strong>(8)</strong></span> <span class='ocrx_word' id='word_1_458' title='bbox 2675 2935 2940 3006; x_wconf 87' lang='grc' dir='ltr'>λεγόμενα</span> <span class='ocrx_word' id='word_1_459' title='bbox 2969 2935 3103 3007; x_wconf 81' lang='grc' dir='ltr'>(ἔστι</span> <span class='ocrx_word' id='word_1_460' title='bbox 3133 2936 3241 3007; x_wconf 83' lang='grc' dir='ltr'><strong>γάρ</strong></span> <span class='ocrx_word' id='word_1_461' title='bbox 3278 2953 3329 2988; x_wconf 88' lang='grc' dir='ltr'><strong>τι</strong></span> <span class='ocrx_word' id='word_1_462' title='bbox 3359 2935 3453 2987; x_wconf 76' lang='grc' dir='ltr'>καὶ</span> <span class='ocrx_word' id='word_1_463' title='bbox 3489 2932 3669 2985; x_wconf 84' lang='grc' dir='ltr'>τοιοῦ-</span> 
     </span>
    </p>
   </div>
   <div class='ocr_carea' id='block_1_54' title="bbox 409 3015 1982 3099">
    <p class='ocr_par' dir='ltr' id='par_1_54' title="bbox 409 3029 1981 3099">
     <span class='ocr_line' id='line_1_54' title="bbox 409 3029 1981 3099; baseline -0.001 -13"><span class='ocrx_word' id='word_1_464' title='bbox 409 3047 529 3086; x_wconf 89' lang='lat' dir='ltr'><strong>cum</strong></span> <span class='ocrx_word' id='word_1_465' title='bbox 562 3030 662 3086; x_wconf 88' lang='lat' dir='ltr'><strong>sub</strong></span> <span class='ocrx_word' id='word_1_466' title='bbox 707 3030 895 3085; x_wconf 85' lang='lat' dir='ltr'><strong>eodem</strong></span> <span class='ocrx_word' id='word_1_467' title='bbox 953 3030 1170 3083; x_wconf 88' lang='lat' dir='ltr'><strong>nomine</strong></span> <span class='ocrx_word' id='word_1_468' title='bbox 1217 3030 1481 3085; x_wconf 85' lang='lat' dir='ltr'><strong>diversam</strong></span> <span class='ocrx_word' id='word_1_469' title='bbox 1534 3029 1981 3099; x_wconf 75' lang='lat' dir='ltr'><strong>signiﬁcationem</strong></span> 
     </span>
    </p>
   </div>
   <div class='ocr_carea' id='block_1_55' title="bbox 2091 3015 3668 3099">
    <p class='ocr_par' dir='ltr' id='par_1_55' title="bbox 2091 3023 3668 3097">
     <span class='ocr_line' id='line_1_55' title="bbox 2091 3023 3668 3097; baseline -0.001 -19"><span class='ocrx_word' id='word_1_470' title='bbox 2091 3042 2175 3079; x_wconf 88' lang='grc' dir='ltr'><strong>τον</strong></span> <span class='ocrx_word' id='word_1_471' title='bbox 2198 3023 2335 3089; x_wconf 84' lang='grc' dir='ltr'>εἶδος</span> <span class='ocrx_word' id='word_1_472' title='bbox 2357 3027 2414 3079; x_wconf 79' lang='grc' dir='ltr'>ἐν</span> <span class='ocrx_word' id='word_1_473' title='bbox 2434 3029 2546 3091; x_wconf 86' lang='grc' dir='ltr'>τοῖς</span> <span class='ocrx_word' id='word_1_474' title='bbox 2566 3027 2905 3097; x_wconf 82' lang='grc' dir='ltr'>ὁμωνύμοις’</span> <span class='ocrx_word' id='word_1_475' title='bbox 2935 3028 3029 3080; x_wconf 71' lang='grc' dir='ltr'><strong>καὶ</strong></span> <span class='ocrx_word' id='word_1_476' title='bbox 3062 3028 3172 3081; x_wconf 76' lang='grc' dir='ltr'>εἴτε</span> <span class='ocrx_word' id='word_1_477' title='bbox 3205 3045 3256 3079; x_wconf 89' lang='grc' dir='ltr'><strong>τι</strong></span> <span class='ocrx_word' id='word_1_478' title='bbox 3284 3026 3409 3080; x_wconf 85' lang='grc' dir='ltr'>ἄλλο</span> <span class='ocrx_word' id='word_1_479' title='bbox 3431 3028 3496 3096; x_wconf 79' lang='grc' dir='ltr'>τῇ</span> <span class='ocrx_word' id='word_1_480' title='bbox 3524 3025 3668 3097; x_wconf 74' lang='grc' dir='ltr'>αὐτῇ</span> 
     </span>
    </p>
   </div>
   <div class='ocr_carea' id='block_1_56' title="bbox 410 3119 1982 3193">
    <p class='ocr_par' dir='ltr' id='par_1_56' title="bbox 410 3119 1982 3193">
     <span class='ocr_line' id='line_1_56' title="bbox 410 3119 1982 3193; baseline -0.002 -15"><span class='ocrx_word' id='word_1_481' title='bbox 410 3123 674 3188; x_wconf 90' lang='lat' dir='ltr'><strong>habeant,</strong></span> <span class='ocrx_word' id='word_1_482' title='bbox 705 3122 923 3192; x_wconf 87' lang='lat' dir='ltr'><strong>proprie</strong></span> <span class='ocrx_word' id='word_1_483' title='bbox 953 3131 1130 3176; x_wconf 89' lang='lat' dir='ltr'><strong>tamen</strong></span> <span class='ocrx_word' id='word_1_484' title='bbox 1167 3121 1439 3176; x_wconf 87' lang='lat' dir='ltr'><strong>dicuntur.</strong></span> <span class='ocrx_word' id='word_1_485' title='bbox 1466 3119 1585 3193; x_wconf 90' lang='lat' dir='ltr'><strong>(Est</strong></span> <span class='ocrx_word' id='word_1_486' title='bbox 1621 3123 1765 3176; x_wconf 90' lang='lat' dir='ltr'><strong>enim</strong></span> <span class='ocrx_word' id='word_1_487' title='bbox 1799 3122 1982 3190; x_wconf 76' lang='lat' dir='ltr'><strong>hujus—</strong></span> 
     </span>
    </p>
   </div>
   <div class='ocr_carea' id='block_1_57' title="bbox 414 3202 1981 3284">
    <p class='ocr_par' dir='ltr' id='par_1_57' title="bbox 414 3202 1981 3284">
     <span class='ocr_line' id='line_1_57' title="bbox 414 3202 1981 3284; baseline -0.001 -15"><span class='ocrx_word' id='word_1_488' title='bbox 414 3202 562 3269; x_wconf 82' lang='lat' dir='ltr'><strong>ntodi</strong></span> <span class='ocrx_word' id='word_1_489' title='bbox 585 3228 798 3284; x_wconf 92' lang='lat' dir='ltr'><strong>quoque</strong></span> <span class='ocrx_word' id='word_1_490' title='bbox 826 3213 1036 3283; x_wconf 87' lang='lat' dir='ltr'><strong>species</strong></span> <span class='ocrx_word' id='word_1_491' title='bbox 1070 3213 1314 3282; x_wconf 69' lang='lat' dir='ltr'><strong>quaedam</strong></span> <span class='ocrx_word' id='word_1_492' title='bbox 1346 3213 1489 3266; x_wconf 89' lang='lat' dir='ltr'><strong>inter</strong></span> <span class='ocrx_word' id='word_1_493' title='bbox 1515 3212 1826 3281; x_wconf 65' lang='lat' dir='ltr'><strong>atquivuca;</strong></span> <span class='ocrx_word' id='word_1_494' title='bbox 1860 3224 1911 3267; x_wconf 89' lang='lat' dir='ltr'><strong>et</strong></span> <span class='ocrx_word' id='word_1_495' title='bbox 1937 3216 1981 3268; x_wconf 91' lang='lat' dir='ltr'><strong>si</strong></span> 
     </span>
    </p>
   </div>
   <div class='ocr_carea' id='block_1_58' title="bbox 410 3307 1985 3378">
    <p class='ocr_par' dir='ltr' id='par_1_58' title="bbox 410 3307 1985 3378">
     <span class='ocr_line' id='line_1_58' title="bbox 410 3307 1985 3378; baseline 0.001 -17"><span class='ocrx_word' id='word_1_496' title='bbox 410 3307 540 3377; x_wconf 91' lang='lat' dir='ltr'><strong>quid</strong></span> <span class='ocrx_word' id='word_1_497' title='bbox 567 3307 731 3374; x_wconf 89' lang='lat' dir='ltr'><strong>aliud,</strong></span> <span class='ocrx_word' id='word_1_498' title='bbox 757 3307 899 3377; x_wconf 89' lang='lat' dir='ltr'><strong>quod</strong></span> <span class='ocrx_word' id='word_1_499' title='bbox 923 3308 1112 3361; x_wconf 88' lang='lat' dir='ltr'><strong>eadem</strong></span> <span class='ocrx_word' id='word_1_500' title='bbox 1135 3307 1500 3376; x_wconf 87' lang='lat' dir='ltr'><strong>appellatione</strong></span> <span class='ocrx_word' id='word_1_501' title='bbox 1533 3315 1734 3374; x_wconf 83' lang='lat' dir='ltr'><strong>utatur,</strong></span> <span class='ocrx_word' id='word_1_502' title='bbox 1763 3308 1985 3378; x_wconf 88' lang='lat' dir='ltr'><strong>ejusque</strong></span> 
     </span>
    </p>
   </div>
   <div class='ocr_carea' id='block_1_59' title="bbox 411 3397 1987 3468">
    <p class='ocr_par' dir='ltr' id='par_1_59' title="bbox 411 3397 1987 3468">
     <span class='ocr_line' id='line_1_59' title="bbox 411 3397 1987 3468; baseline 0.003 -17"><span class='ocrx_word' id='word_1_503' title='bbox 411 3413 665 3468; x_wconf 58' lang='lat' dir='ltr'><strong>pera‘que</strong></span> <span class='ocrx_word' id='word_1_504' title='bbox 694 3397 968 3466; x_wconf 87' lang='lat' dir='ltr'><strong>particeps</strong></span> <span class='ocrx_word' id='word_1_505' title='bbox 992 3399 1086 3462; x_wconf 90' lang='lat' dir='ltr'><strong>sit,</strong></span> <span class='ocrx_word' id='word_1_506' title='bbox 1119 3413 1241 3452; x_wconf 90' lang='lat' dir='ltr'><strong>cum</strong></span> <span class='ocrx_word' id='word_1_507' title='bbox 1275 3399 1489 3453; x_wconf 88' lang='lat' dir='ltr'><strong>interim</strong></span> <span class='ocrx_word' id='word_1_508' title='bbox 1530 3409 1735 3454; x_wconf 67' lang='lat' dir='ltr'><strong>natura:</strong></span> <span class='ocrx_word' id='word_1_509' title='bbox 1776 3403 1987 3457; x_wconf 85' lang='lat' dir='ltr'><strong>ratione</strong></span> 
     </span>
    </p>
   </div>
   <div class='ocr_carea' id='block_1_60' title="bbox 415 3489 1985 3559">
    <p class='ocr_par' dir='ltr' id='par_1_60' title="bbox 415 3489 1985 3559">
     <span class='ocr_line' id='line_1_60' title="bbox 415 3489 1985 3559; baseline 0.001 -14"><span class='ocrx_word' id='word_1_510' title='bbox 415 3489 725 3559; x_wconf 86' lang='lat' dir='ltr'><strong>dissideat.)</strong></span> <span class='ocrx_word' id='word_1_511' title='bbox 756 3489 850 3554; x_wconf 88' lang='lat' dir='ltr'><strong>At,</strong></span> <span class='ocrx_word' id='word_1_512' title='bbox 888 3490 972 3543; x_wconf 89' lang='lat' dir='ltr'><strong>vir</strong></span> <span class='ocrx_word' id='word_1_513' title='bbox 1015 3490 1242 3557; x_wconf 83' lang='lat' dir='ltr'><strong>optime,</strong></span> <span class='ocrx_word' id='word_1_514' title='bbox 1285 3505 1407 3544; x_wconf 91' lang='lat' dir='ltr'><strong>cum</strong></span> <span class='ocrx_word' id='word_1_515' title='bbox 1459 3490 1567 3546; x_wconf 91' lang='lat' dir='ltr'><strong>illic</strong></span> <span class='ocrx_word' id='word_1_516' title='bbox 1600 3493 1733 3546; x_wconf 90' lang='lat' dir='ltr'><strong>duas</strong></span> <span class='ocrx_word' id='word_1_517' title='bbox 1765 3504 1985 3547; x_wconf 90' lang='lat' dir='ltr'><strong>naturas</strong></span> 
     </span>
    </p>
   </div>
   <div class='ocr_carea' id='block_1_61' title="bbox 414 3574 1987 3650">
    <p class='ocr_par' dir='ltr' id='par_1_61' title="bbox 414 3574 1987 3650">
     <span class='ocr_line' id='line_1_61' title="bbox 414 3574 1987 3650; baseline 0.001 -13"><span class='ocrx_word' id='word_1_518' title='bbox 414 3580 517 3637; x_wconf 88' lang='lat' dir='ltr'><strong>sub</strong></span> <span class='ocrx_word' id='word_1_519' title='bbox 564 3582 756 3637; x_wconf 91' lang='lat' dir='ltr'><strong>eadem</strong></span> <span class='ocrx_word' id='word_1_520' title='bbox 796 3574 1156 3650; x_wconf 79' lang='lat' dir='ltr'><strong>appellatione</strong></span> <span class='ocrx_word' id='word_1_521' title='bbox 1200 3581 1456 3648; x_wconf 90' lang='lat' dir='ltr'><strong>collocas,</strong></span> <span class='ocrx_word' id='word_1_522' title='bbox 1523 3594 1769 3637; x_wconf 89' lang='lat' dir='ltr'><strong>neutram</strong></span> <span class='ocrx_word' id='word_1_523' title='bbox 1818 3584 1987 3639; x_wconf 88' lang='lat' dir='ltr'><strong>altera</strong></span> 
     </span>
    </p>
   </div>
   <div class='ocr_carea' id='block_1_62' title="bbox 416 3673 1984 3744">
    <p class='ocr_par' dir='ltr' id='par_1_62' title="bbox 416 3673 1984 3744">
     <span class='ocr_line' id='line_1_62' title="bbox 416 3673 1984 3744; baseline -0.001 -14"><span class='ocrx_word' id='word_1_524' title='bbox 416 3674 856 3744; x_wconf 71' lang='lat' dir='ltr'><strong>pmstautiorem</strong></span> <span class='ocrx_word' id='word_1_525' title='bbox 910 3673 1254 3739; x_wconf 84' lang='lat' dir='ltr'><strong>introducis;</strong></span> <span class='ocrx_word' id='word_1_526' title='bbox 1305 3687 1406 3728; x_wconf 92' lang='lat' dir='ltr'><strong>nec</strong></span> <span class='ocrx_word' id='word_1_527' title='bbox 1451 3674 1678 3730; x_wconf 87' lang='lat' dir='ltr'><strong>alteram</strong></span> <span class='ocrx_word' id='word_1_528' title='bbox 1727 3676 1984 3744; x_wconf 83' lang='lat' dir='ltr'><strong>priorem,</strong></span> 
     </span>
    </p>
   </div>
   <div class='ocr_carea' id='block_1_63' title="bbox 416 3766 1990 3838">
    <p class='ocr_par' dir='ltr' id='par_1_63' title="bbox 416 3766 1990 3838">
     <span class='ocr_line' id='line_1_63' title="bbox 416 3766 1990 3838; baseline 0.002 -18"><span class='ocrx_word' id='word_1_529' title='bbox 416 3767 648 3821; x_wconf 89' lang='lat' dir='ltr'><strong>alteram</strong></span> <span class='ocrx_word' id='word_1_530' title='bbox 708 3766 1111 3835; x_wconf 89' lang='lat' dir='ltr'><strong>posteriorem;</strong></span> <span class='ocrx_word' id='word_1_531' title='bbox 1162 3780 1262 3820; x_wconf 89' lang='lat' dir='ltr'><strong>nec</strong></span> <span class='ocrx_word' id='word_1_532' title='bbox 1322 3766 1555 3834; x_wconf 87' lang='lat' dir='ltr'><strong>denique</strong></span> <span class='ocrx_word' id='word_1_533' title='bbox 1594 3768 1817 3822; x_wconf 82' lang='lat' dir='ltr'><strong>alteram</strong></span> <span class='ocrx_word' id='word_1_534' title='bbox 1868 3785 1990 3838; x_wconf 85' lang='lat' dir='ltr'><strong>quae</strong></span> 
     </span>
    </p>
   </div>
   <div class='ocr_carea' id='block_1_64' title="bbox 416 3856 1989 3927">
    <p class='ocr_par' dir='ltr' id='par_1_64' title="bbox 416 3856 1989 3927">
     <span class='ocr_line' id='line_1_64' title="bbox 416 3856 1989 3927; baseline 0.002 -17"><span class='ocrx_word' id='word_1_535' title='bbox 416 3858 615 3927; x_wconf 79' lang='lat' dir='ltr'><strong>magis,</strong></span> <span class='ocrx_word' id='word_1_536' title='bbox 645 3856 869 3910; x_wconf 88' lang='lat' dir='ltr'><strong>alteram</strong></span> <span class='ocrx_word' id='word_1_537' title='bbox 899 3872 1020 3926; x_wconf 71' lang='lat' dir='ltr'><strong>qua:</strong></span> <span class='ocrx_word' id='word_1_538' title='bbox 1051 3857 1231 3911; x_wconf 90' lang='lat' dir='ltr'><strong>minus</strong></span> <span class='ocrx_word' id='word_1_539' title='bbox 1265 3856 1338 3910; x_wconf 88' lang='lat' dir='ltr'><strong>sit</strong></span> <span class='ocrx_word' id='word_1_540' title='bbox 1363 3857 1416 3911; x_wconf 88' lang='lat' dir='ltr'><strong>id</strong></span> <span class='ocrx_word' id='word_1_541' title='bbox 1456 3857 1596 3927; x_wconf 86' lang='lat' dir='ltr'><strong>quod</strong></span> <span class='ocrx_word' id='word_1_542' title='bbox 1626 3873 1746 3912; x_wconf 80' lang='lat' dir='ltr'><strong>esse</strong></span> <span class='ocrx_word' id='word_1_543' title='bbox 1772 3859 1989 3913; x_wconf 88' lang='lat' dir='ltr'><strong>dicitur.</strong></span> 
     </span>
    </p>
   </div>
   <div class='ocr_carea' id='block_1_65' title="bbox 417 3949 1994 4020">
    <p class='ocr_par' dir='ltr' id='par_1_65' title="bbox 417 3949 1994 4020">
     <span class='ocr_line' id='line_1_65' title="bbox 417 3949 1994 4020; baseline -0.002 -15"><span class='ocrx_word' id='word_1_544' title='bbox 417 3949 606 4020; x_wconf 85' lang='lat' dir='ltr'><strong>Neque</strong></span> <span class='ocrx_word' id='word_1_545' title='bbox 634 3951 780 4007; x_wconf 91' lang='lat' dir='ltr'><strong>enim</strong></span> <span class='ocrx_word' id='word_1_546' title='bbox 812 3950 1106 4020; x_wconf 89' lang='lat' dir='ltr'><strong>quidquam</strong></span> <span class='ocrx_word' id='word_1_547' title='bbox 1143 3950 1490 4018; x_wconf 72' lang='lat' dir='ltr'><strong>coniunctum</strong></span> <span class='ocrx_word' id='word_1_548' title='bbox 1531 3958 1634 4016; x_wconf 88' lang='lat' dir='ltr'><strong>est,</strong></span> <span class='ocrx_word' id='word_1_549' title='bbox 1678 3950 1823 4019; x_wconf 90' lang='lat' dir='ltr'><strong>quod</strong></span> <span class='ocrx_word' id='word_1_550' title='bbox 1855 3952 1994 4004; x_wconf 89' lang='lat' dir='ltr'><strong>hanc</strong></span> 
     </span>
    </p>
   </div>
   <div class='ocr_carea' id='block_1_66' title="bbox 420 4039 1992 4111">
    <p class='ocr_par' dir='ltr' id='par_1_66' title="bbox 420 4039 1992 4111">
     <span class='ocr_line' id='line_1_66' title="bbox 420 4039 1992 4111; baseline 0 -15"><span class='ocrx_word' id='word_1_551' title='bbox 420 4042 554 4111; x_wconf 88' lang='lat' dir='ltr'><strong>ipsis</strong></span> <span class='ocrx_word' id='word_1_552' title='bbox 584 4041 963 4097; x_wconf 86' lang='lat' dir='ltr'><strong>necessitatem</strong></span> <span class='ocrx_word' id='word_1_553' title='bbox 991 4040 1201 4095; x_wconf 76' lang='lat' dir='ltr'><strong>alferat.</strong></span> <span class='ocrx_word' id='word_1_554' title='bbox 1233 4039 1349 4094; x_wconf 89' lang='lat' dir='ltr'><strong>Non</strong></span> <span class='ocrx_word' id='word_1_555' title='bbox 1395 4040 1540 4096; x_wconf 88' lang='lat' dir='ltr'><strong>enim</strong></span> <span class='ocrx_word' id='word_1_556' title='bbox 1570 4040 1658 4095; x_wconf 90' lang='lat' dir='ltr'><strong>hic</strong></span> <span class='ocrx_word' id='word_1_557' title='bbox 1686 4041 1838 4096; x_wconf 89' lang='lat' dir='ltr'><strong>canis</strong></span> <span class='ocrx_word' id='word_1_558' title='bbox 1874 4056 1992 4096; x_wconf 86' lang='lat' dir='ltr'><strong>ma-</strong></span> 
     </span>
    </p>
   </div>
   <div class='ocr_carea' id='block_1_67' title="bbox 421 4132 1995 4204">
    <p class='ocr_par' dir='ltr' id='par_1_67' title="bbox 421 4132 1995 4204">
     <span class='ocr_line' id='line_1_67' title="bbox 421 4132 1995 4204; baseline -0.001 -18"><span class='ocrx_word' id='word_1_559' title='bbox 421 4134 502 4204; x_wconf 76' lang='lat' dir='ltr'><strong>gis</strong></span> <span class='ocrx_word' id='word_1_560' title='bbox 536 4137 689 4189; x_wconf 88' lang='lat' dir='ltr'><strong>canis</strong></span> <span class='ocrx_word' id='word_1_561' title='bbox 743 4143 847 4197; x_wconf 87' lang='lat' dir='ltr'><strong>est,</strong></span> <span class='ocrx_word' id='word_1_562' title='bbox 900 4149 1061 4202; x_wconf 87' lang='lat' dir='ltr'><strong>quam</strong></span> <span class='ocrx_word' id='word_1_563' title='bbox 1086 4133 1175 4188; x_wconf 89' lang='lat' dir='ltr'><strong>ille</strong></span> <span class='ocrx_word' id='word_1_564' title='bbox 1226 4134 1403 4197; x_wconf 92' lang='lat' dir='ltr'><strong>canis,</strong></span> <span class='ocrx_word' id='word_1_565' title='bbox 1461 4132 1562 4186; x_wconf 93' lang='lat' dir='ltr'><strong>hoc</strong></span> <span class='ocrx_word' id='word_1_566' title='bbox 1588 4142 1692 4196; x_wconf 88' lang='lat' dir='ltr'><strong>est,</strong></span> <span class='ocrx_word' id='word_1_567' title='bbox 1754 4133 1995 4185; x_wconf 88' lang='lat' dir='ltr'><strong>marinus</strong></span> 
     </span>
    </p>
   </div>
   <div class='ocr_carea' id='block_1_68' title="bbox 423 4225 1994 4297">
    <p class='ocr_par' dir='ltr' id='par_1_68' title="bbox 423 4225 1994 4297">
     <span class='ocr_line' id='line_1_68' title="bbox 423 4225 1994 4297; baseline -0.001 -16"><span class='ocrx_word' id='word_1_568' title='bbox 423 4228 594 4297; x_wconf 84' lang='lat' dir='ltr'><strong>magis</strong></span> <span class='ocrx_word' id='word_1_569' title='bbox 621 4242 783 4296; x_wconf 89' lang='lat' dir='ltr'><strong>quam</strong></span> <span class='ocrx_word' id='word_1_570' title='bbox 820 4227 1113 4293; x_wconf 90' lang='lat' dir='ltr'><strong>terrestris,</strong></span> <span class='ocrx_word' id='word_1_571' title='bbox 1147 4227 1230 4281; x_wconf 89' lang='lat' dir='ltr'><strong>vel</strong></span> <span class='ocrx_word' id='word_1_572' title='bbox 1257 4235 1472 4291; x_wconf 89' lang='lat' dir='ltr'><strong>contra,</strong></span> <span class='ocrx_word' id='word_1_573' title='bbox 1510 4226 1789 4279; x_wconf 88' lang='lat' dir='ltr'><strong>terrestris</strong></span> <span class='ocrx_word' id='word_1_574' title='bbox 1824 4225 1994 4295; x_wconf 83' lang='lat' dir='ltr'><strong>magis</strong></span> 
     </span>
    </p>
   </div>
   <div class='ocr_carea' id='block_1_69' title="bbox 423 4318 1995 4387">
    <p class='ocr_par' dir='ltr' id='par_1_69' title="bbox 423 4318 1995 4387">
     <span class='ocr_line' id='line_1_69' title="bbox 423 4318 1995 4387; baseline 0.001 -16"><span class='ocrx_word' id='word_1_575' title='bbox 423 4334 585 4387; x_wconf 87' lang='lat' dir='ltr'><strong>quam</strong></span> <span class='ocrx_word' id='word_1_576' title='bbox 620 4319 904 4385; x_wconf 87' lang='lat' dir='ltr'><strong>marinus;</strong></span> <span class='ocrx_word' id='word_1_577' title='bbox 944 4334 1043 4376; x_wconf 85' lang='lat' dir='ltr'><strong>cur</strong></span> <span class='ocrx_word' id='word_1_578' title='bbox 1093 4320 1260 4382; x_wconf 89' lang='lat' dir='ltr'><strong>enim,</strong></span> <span class='ocrx_word' id='word_1_579' title='bbox 1309 4328 1403 4373; x_wconf 89' lang='lat' dir='ltr'><strong>aut</strong></span> <span class='ocrx_word' id='word_1_580' title='bbox 1450 4332 1555 4386; x_wconf 81' lang='lat' dir='ltr'><strong>qua</strong></span> <span class='ocrx_word' id='word_1_581' title='bbox 1615 4318 1860 4371; x_wconf 87' lang='lat' dir='ltr'><strong>ratione?</strong></span> <span class='ocrx_word' id='word_1_582' title='bbox 1889 4318 1995 4372; x_wconf 84' lang='lat' dir='ltr'><strong>Sed</strong></span> 
     </span>
    </p>
   </div>
   <div class='ocr_carea' id='block_1_70' title="bbox 424 4409 1997 4481">
    <p class='ocr_par' dir='ltr' id='par_1_70' title="bbox 424 4409 1997 4481">
     <span class='ocr_line' id='line_1_70' title="bbox 424 4409 1997 4481; baseline -0.003 -14"><span class='ocrx_word' id='word_1_583' title='bbox 424 4413 479 4467; x_wconf 93' lang='lat' dir='ltr'><strong>in</strong></span> <span class='ocrx_word' id='word_1_584' title='bbox 515 4412 699 4477; x_wconf 88' lang='lat' dir='ltr'><strong>rebus,</strong></span> <span class='ocrx_word' id='word_1_585' title='bbox 744 4413 976 4467; x_wconf 87' lang='lat' dir='ltr'><strong>diversis</strong></span> <span class='ocrx_word' id='word_1_586' title='bbox 1014 4412 1230 4481; x_wconf 89' lang='lat' dir='ltr'><strong>quidem</strong></span> <span class='ocrx_word' id='word_1_587' title='bbox 1259 4410 1387 4474; x_wconf 90' lang='lat' dir='ltr'><strong>illis,</strong></span> <span class='ocrx_word' id='word_1_588' title='bbox 1424 4424 1608 4463; x_wconf 91' lang='lat' dir='ltr'><strong>verum</strong></span> <span class='ocrx_word' id='word_1_589' title='bbox 1641 4409 1755 4476; x_wconf 92' lang='lat' dir='ltr'><strong>pari</strong></span> <span class='ocrx_word' id='word_1_590' title='bbox 1792 4409 1997 4463; x_wconf 87' lang='lat' dir='ltr'><strong>honore</strong></span> 
     </span>
    </p>
   </div>
   <div class='ocr_carea' id='block_1_71' title="bbox 424 4500 1994 4574">
    <p class='ocr_par' dir='ltr' id='par_1_71' title="bbox 424 4500 1994 4574">
     <span class='ocr_line' id='line_1_71' title="bbox 424 4500 1994 4574; baseline -0.004 -17"><span class='ocrx_word' id='word_1_591' title='bbox 424 4520 523 4574; x_wconf 84' lang='lat' dir='ltr'><strong>pra</strong></span> <span class='ocrx_word' id='word_1_592' title='bbox 539 4503 690 4570; x_wconf 91' lang='lat' dir='ltr'><strong>ditis,</strong></span> <span class='ocrx_word' id='word_1_593' title='bbox 732 4503 1037 4559; x_wconf 87' lang='lat' dir='ltr'><strong>communis</strong></span> <span class='ocrx_word' id='word_1_594' title='bbox 1073 4512 1156 4558; x_wconf 91' lang='lat' dir='ltr'><strong>est</strong></span> <span class='ocrx_word' id='word_1_595' title='bbox 1185 4503 1499 4572; x_wconf 89' lang='lat' dir='ltr'><strong>appellatio.</strong></span> <span class='ocrx_word' id='word_1_596' title='bbox 1557 4500 1655 4555; x_wconf 92' lang='lat' dir='ltr'><strong>llic</strong></span> <span class='ocrx_word' id='word_1_597' title='bbox 1681 4514 1834 4564; x_wconf 90' lang='lat' dir='ltr'><strong>vero,</strong></span> <span class='ocrx_word' id='word_1_598' title='bbox 1871 4514 1994 4553; x_wconf 92' lang='lat' dir='ltr'><strong>cum</strong></span> 
     </span>
    </p>
   </div>
   <div class='ocr_carea' id='block_1_72' title="bbox 425 4594 1996 4665">
    <p class='ocr_par' dir='ltr' id='par_1_72' title="bbox 425 4594 1996 4665">
     <span class='ocr_line' id='line_1_72' title="bbox 425 4594 1996 4665; baseline -0.004 -15"><span class='ocrx_word' id='word_1_599' title='bbox 425 4597 537 4652; x_wconf 91' lang='lat' dir='ltr'><strong>Deo</strong></span> <span class='ocrx_word' id='word_1_600' title='bbox 564 4596 968 4651; x_wconf 85' lang='lat' dir='ltr'><strong>venerationem</strong></span> <span class='ocrx_word' id='word_1_601' title='bbox 992 4594 1279 4665; x_wconf 73' lang='lat' dir='ltr'><strong>adiungas,</strong></span> <span class='ocrx_word' id='word_1_602' title='bbox 1321 4607 1556 4662; x_wconf 87' lang='lat' dir='ltr'><strong>eumque</strong></span> <span class='ocrx_word' id='word_1_603' title='bbox 1581 4606 1744 4659; x_wconf 90' lang='lat' dir='ltr'><strong>supra</strong></span> <span class='ocrx_word' id='word_1_604' title='bbox 1779 4603 1996 4643; x_wconf 86' lang='lat' dir='ltr'><strong>omnem</strong></span> 
     </span>
    </p>
   </div>
   <div class='ocr_carea' id='block_1_73' title="bbox 425 4680 1999 4753">
    <p class='ocr_par' dir='ltr' id='par_1_73' title="bbox 425 4680 1999 4753">
     <span class='ocr_line' id='line_1_73' title="bbox 425 4680 1999 4753; baseline -0.008 -10"><span class='ocrx_word' id='word_1_605' title='bbox 425 4687 720 4743; x_wconf 90' lang='lat' dir='ltr'><strong>essentiam</strong></span> <span class='ocrx_word' id='word_1_606' title='bbox 757 4695 811 4740; x_wconf 91' lang='lat' dir='ltr'><strong>et</strong></span> <span class='ocrx_word' id='word_1_607' title='bbox 838 4695 1086 4740; x_wconf 90' lang='lat' dir='ltr'><strong>naturam</strong></span> <span class='ocrx_word' id='word_1_608' title='bbox 1115 4700 1235 4739; x_wconf 89' lang='lat' dir='ltr'><strong>esse</strong></span> <span class='ocrx_word' id='word_1_609' title='bbox 1276 4684 1426 4738; x_wconf 85' lang='lat' dir='ltr'><strong>dicas</strong></span> <span class='ocrx_word' id='word_1_610' title='bbox 1489 4682 1654 4753; x_wconf 88' lang='lat' dir='ltr'><strong>(quod</strong></span> <span class='ocrx_word' id='word_1_611' title='bbox 1690 4681 1781 4734; x_wconf 91' lang='lat' dir='ltr'><strong>Dei</strong></span> <span class='ocrx_word' id='word_1_612' title='bbox 1829 4680 1999 4733; x_wconf 89' lang='lat' dir='ltr'><strong>solius</strong></span> 
     </span>
    </p>
   </div>
   <div class='ocr_carea' id='block_1_74' title="bbox 426 4770 1998 4848">
    <p class='ocr_par' dir='ltr' id='par_1_74' title="bbox 426 4770 1998 4848">
     <span class='ocr_line' id='line_1_74' title="bbox 426 4770 1998 4848; baseline -0.008 -14"><span class='ocrx_word' id='word_1_613' title='bbox 426 4789 531 4848; x_wconf 88' lang='lat' dir='ltr'><strong>est,</strong></span> <span class='ocrx_word' id='word_1_614' title='bbox 566 4790 621 4834; x_wconf 91' lang='lat' dir='ltr'><strong>et</strong></span> <span class='ocrx_word' id='word_1_615' title='bbox 680 4778 826 4834; x_wconf 89' lang='lat' dir='ltr'><strong>velut</strong></span> <span class='ocrx_word' id='word_1_616' title='bbox 872 4778 1177 4833; x_wconf 84' lang='lat' dir='ltr'><strong>divinitatis</strong></span> <span class='ocrx_word' id='word_1_617' title='bbox 1228 4774 1486 4845; x_wconf 89' lang='lat' dir='ltr'><strong>natura),</strong></span> <span class='ocrx_word' id='word_1_618' title='bbox 1522 4789 1585 4829; x_wconf 87' lang='lat' dir='ltr'><strong>ac</strong></span> <span class='ocrx_word' id='word_1_619' title='bbox 1631 4773 1822 4828; x_wconf 91' lang='lat' dir='ltr'><strong>deinde</strong></span> <span class='ocrx_word' id='word_1_620' title='bbox 1851 4770 1998 4824; x_wconf 81' lang='lat' dir='ltr'><strong>Patri</strong></span> 
     </span>
    </p>
   </div>
   <div class='ocr_carea' id='block_1_75' title="bbox 428 4866 2001 4942">
    <p class='ocr_par' dir='ltr' id='par_1_75' title="bbox 428 4866 2001 4942">
     <span class='ocr_line' id='line_1_75' title="bbox 428 4866 2001 4942; baseline -0.006 -15"><span class='ocrx_word' id='word_1_621' title='bbox 428 4874 643 4942; x_wconf 84' lang='lat' dir='ltr'><strong>quidem</strong></span> <span class='ocrx_word' id='word_1_622' title='bbox 699 4873 801 4927; x_wconf 88' lang='lat' dir='ltr'><strong>hoc</strong></span> <span class='ocrx_word' id='word_1_623' title='bbox 840 4871 1070 4934; x_wconf 86' lang='lat' dir='ltr'><strong>tribuas,</strong></span> <span class='ocrx_word' id='word_1_624' title='bbox 1105 4870 1303 4924; x_wconf 88' lang='lat' dir='ltr'><strong>Filium</strong></span> <span class='ocrx_word' id='word_1_625' title='bbox 1361 4876 1541 4922; x_wconf 90' lang='lat' dir='ltr'><strong>autem</strong></span> <span class='ocrx_word' id='word_1_626' title='bbox 1583 4866 1799 4935; x_wconf 88' lang='lat' dir='ltr'><strong>prives,</strong></span> <span class='ocrx_word' id='word_1_627' title='bbox 1838 4872 2001 4933; x_wconf 90' lang='lat' dir='ltr'><strong>atque</strong></span> 
     </span>
    </p>
   </div>
   <div class='ocr_carea' id='block_1_76' title="bbox 429 4956 2004 5035">
    <p class='ocr_par' dir='ltr' id='par_1_76' title="bbox 429 4956 2004 5035">
     <span class='ocr_line' id='line_1_76' title="bbox 429 4956 2004 5035; baseline -0.007 -14"><span class='ocrx_word' id='word_1_628' title='bbox 429 4966 710 5035; x_wconf 85' lang='lat' dir='ltr'><strong>subjicias,</strong></span> <span class='ocrx_word' id='word_1_629' title='bbox 764 4966 1142 5033; x_wconf 86' lang='lat' dir='ltr'><strong>secundasque</strong></span> <span class='ocrx_word' id='word_1_630' title='bbox 1181 4963 1259 5017; x_wconf 91' lang='lat' dir='ltr'><strong>illi</strong></span> <span class='ocrx_word' id='word_1_631' title='bbox 1317 4961 1540 5016; x_wconf 87' lang='lat' dir='ltr'><strong>honoris</strong></span> <span class='ocrx_word' id='word_1_632' title='bbox 1585 4966 1642 5013; x_wconf 90' lang='lat' dir='ltr'><strong>et</strong></span> <span class='ocrx_word' id='word_1_633' title='bbox 1673 4956 2004 5010; x_wconf 89' lang='lat' dir='ltr'><strong>adorationis</strong></span> 
     </span>
    </p>
   </div>
   <div class='ocr_carea' id='block_1_77' title="bbox 432 5051 2001 5130">
    <p class='ocr_par' dir='ltr' id='par_1_77' title="bbox 432 5051 2001 5130">
     <span class='ocr_line' id='line_1_77' title="bbox 432 5051 2001 5130; baseline -0.007 -17"><span class='ocrx_word' id='word_1_634' title='bbox 432 5070 618 5129; x_wconf 88' lang='lat' dir='ltr'><strong>partes</strong></span> <span class='ocrx_word' id='word_1_635' title='bbox 646 5059 916 5130; x_wconf 81' lang='lat' dir='ltr'><strong>assignes,</strong></span> <span class='ocrx_word' id='word_1_636' title='bbox 948 5058 1197 5129; x_wconf 90' lang='lat' dir='ltr'><strong>quamvis</strong></span> <span class='ocrx_word' id='word_1_637' title='bbox 1241 5056 1534 5111; x_wconf 87' lang='lat' dir='ltr'><strong>verborum</strong></span> <span class='ocrx_word' id='word_1_638' title='bbox 1564 5051 1787 5123; x_wconf 81' lang='lat' dir='ltr'><strong>syllabis</strong></span> <span class='ocrx_word' id='word_1_639' title='bbox 1821 5065 2001 5120; x_wconf 70' lang='lat' dir='ltr'><strong>mqua-</strong></span> 
     </span>
    </p>
   </div>
   <div class='ocr_carea' id='block_1_78' title="bbox 524 5169 2007 5251">
    <p class='ocr_par' dir='ltr' id='par_1_78' title="bbox 524 5169 2007 5251">
     <span class='ocr_line' id='line_1_78' title="bbox 524 5169 2007 5251; baseline -0.007 -17"><span class='ocrx_word' id='word_1_640' title='bbox 524 5181 579 5246; x_wconf 71' lang='grc'>4)</span> <span class='ocrx_word' id='word_1_641' title='bbox 618 5182 830 5251; x_wconf 80' lang='grc' dir='ltr'><strong>Λόγος.</strong></span> <span class='ocrx_word' id='word_1_642' title='bbox 861 5181 994 5235; x_wconf 79' lang='lat' dir='ltr'><strong>Tres</strong></span> <span class='ocrx_word' id='word_1_643' title='bbox 1025 5176 1208 5251; x_wconf 76' lang='lat' dir='ltr'><strong>Golh.,_</strong></span> <span class='ocrx_word' id='word_1_644' title='bbox 1229 5176 1381 5251; x_wconf 75' lang='lat' dir='ltr'><strong>600g,</strong></span> <span class='ocrx_word' id='word_1_645' title='bbox 1444 5193 1462 5224; x_wconf 73' lang='grc' dir='ltr'><strong>ι</strong></span> <span class='ocrx_word' id='word_1_646' title='bbox 1484 5171 1746 5251; x_wconf 64' lang='lat' dir='ltr'><strong>(leﬁnitip.</strong></span> <span class='ocrx_word' id='word_1_647' title='bbox 1776 5190 1826 5251; x_wconf 51' lang='lat' dir='ltr'><strong>in</strong></span> <span class='ocrx_word' id='word_1_648' title='bbox 1842 5169 2007 5251; x_wconf 79' lang='lat' dir='ltr'><strong>Recte</strong></span> 
     </span>
    </p>
   </div>
   <div class='ocr_carea' id='block_1_79' title="bbox 433 5241 2004 5322">
    <p class='ocr_par' dir='ltr' id='par_1_79' title="bbox 433 5241 2004 5322">
     <span class='ocr_line' id='line_1_79' title="bbox 433 5241 2004 5322; baseline -0.007 -18"><span class='ocrx_word' id='word_1_649' title='bbox 433 5241 681 5320; x_wconf 64' lang='lat' dir='ltr'><strong>quidem;</strong></span> <span class='ocrx_word' id='word_1_650' title='bbox 710 5241 872 5322; x_wconf 78' lang='lat' dir='ltr'><strong>atqtte</strong></span> <span class='ocrx_word' id='word_1_651' title='bbox 894 5253 981 5306; x_wconf 91' lang='lat' dir='ltr'><strong>hic</strong></span> <span class='ocrx_word' id='word_1_652' title='bbox 1011 5248 1168 5302; x_wconf 88' lang='lat' dir='ltr'><strong>ctiam</strong></span> <span class='ocrx_word' id='word_1_653' title='bbox 1196 5241 1352 5316; x_wconf 78' lang='grc' dir='ltr'>λόγος</span> <span class='ocrx_word' id='word_1_654' title='bbox 1378 5245 1621 5300; x_wconf 89' lang='lat' dir='ltr'><strong>eamdem</strong></span> <span class='ocrx_word' id='word_1_655' title='bbox 1651 5241 2004 5311; x_wconf 87' lang='lat' dir='ltr'><strong>signiﬁcatio-</strong></span> 
     </span>
    </p>
   </div>
   <div class='ocr_carea' id='block_1_80' title="bbox 434 5322 991 5378">
    <p class='ocr_par' dir='ltr' id='par_1_80' title="bbox 434 5322 991 5378">
     <span class='ocr_line' id='line_1_80' title="bbox 434 5322 991 5378; baseline -0.013 0"><span class='ocrx_word' id='word_1_656' title='bbox 434 5337 555 5378; x_wconf 89' lang='lat' dir='ltr'><strong>nctn</strong></span> <span class='ocrx_word' id='word_1_657' title='bbox 584 5322 782 5377; x_wconf 88' lang='lat' dir='ltr'><strong>habere</strong></span> <span class='ocrx_word' id='word_1_658' title='bbox 815 5323 991 5376; x_wconf 85' lang='lat' dir='ltr'><strong>debet.</strong></span> 
     </span>
    </p>
   </div>
   <div class='ocr_carea' id='block_1_81' title="bbox 529 5387 1771 5464">
    <p class='ocr_par' dir='ltr' id='par_1_81' title="bbox 529 5387 1771 5464">
     <span class='ocr_line' id='line_1_81' title="bbox 529 5387 1771 5464; baseline 0 -19"><span class='ocrx_word' id='word_1_659' title='bbox 529 5394 583 5464; x_wconf 82' lang='grc'>5)</span> <span class='ocrx_word' id='word_1_660' title='bbox 612 5393 922 5464; x_wconf 70' lang='grc' dir='ltr'>Λέγεσθαι.</span> <span class='ocrx_word' id='word_1_661' title='bbox 950 5391 1073 5464; x_wconf 62' lang='lat' dir='ltr'><strong>Bas.</strong></span> <span class='ocrx_word' id='word_1_662' title='bbox 1104 5388 1215 5454; x_wconf 85' lang='grc' dir='ltr'>ει1.,</span> <span class='ocrx_word' id='word_1_663' title='bbox 1242 5387 1478 5464; x_wconf 78' lang='grc' dir='ltr'>λέγεται.</span> <span class='ocrx_word' id='word_1_664' title='bbox 1554 5455 1591 5464; x_wconf 81' lang='lat'>_</span> <span class='ocrx_word' id='word_1_665' title='bbox 1660 5452 1691 5464; x_wconf 49' lang='lat' dir='ltr'><strong>ﬂ</strong></span> <span class='ocrx_word' id='word_1_666' title='bbox 1760 5453 1771 5464; x_wconf 51' lang='grc'><em>,</em></span> 
     </span>
    </p>
   </div>
   <div class='ocr_carea' id='block_1_82' title="bbox 460 5452 2013 5532">
    <p class='ocr_par' dir='ltr' id='par_1_82' title="bbox 460 5452 2013 5532">
     <span class='ocr_line' id='line_1_82' title="bbox 460 5452 2013 5532; baseline -0.007 -17"><span class='ocrx_word' id='word_1_667' title='bbox 460 5460 463 5463; x_wconf 35' lang='grc' dir='ltr'><strong>λ</strong></span> <span class='ocrx_word' id='word_1_668' title='bbox 510 5452 586 5532; x_wconf 78' lang='grc'><strong>(6)</strong></span> <span class='ocrx_word' id='word_1_669' title='bbox 611 5452 778 5532; x_wconf 56' lang='grc' dir='ltr'>Λόγῳ</span> <span class='ocrx_word' id='word_1_670' title='bbox 802 5462 900 5516; x_wconf 79' lang='grc' dir='ltr'>καὶ</span> <span class='ocrx_word' id='word_1_671' title='bbox 928 5461 1052 5532; x_wconf 68' lang='grc' dir='ltr'>ταῖς</span> <span class='ocrx_word' id='word_1_672' title='bbox 1100 5452 1467 5532; x_wconf 55' lang='grc' dir='ltr'>μαρτυρίαις.</span> <span class='ocrx_word' id='word_1_673' title='bbox 1506 5455 1641 5532; x_wconf 72' lang='lat' dir='ltr'><strong>t_Ex_</strong></span> <span class='ocrx_word' id='word_1_674' title='bbox 1659 5452 1930 5522; x_wconf 87' lang='lat' dir='ltr'><strong>Scriptura</strong></span> <span class='ocrx_word' id='word_1_675' title='bbox 1957 5457 2013 5504; x_wconf 88' lang='grc' dir='ltr'><strong>ει</strong></span> 
     </span>
    </p>
   </div>
   <div class='ocr_carea' id='block_1_83' title="bbox 440 5524 2011 5591">
    <p class='ocr_par' dir='ltr' id='par_1_83' title="bbox 440 5524 2011 5591">
     <span class='ocr_line' id='line_1_83' title="bbox 440 5524 2011 5591; baseline -0.008 -5"><span class='ocrx_word' id='word_1_676' title='bbox 440 5524 874 5588; x_wconf 73' lang='lat' dir='ltr'><strong>auctoritatibus.</strong></span> <span class='ocrx_word' id='word_1_677' title='bbox 912 5551 928 5583; x_wconf 78' lang='grc' dir='ltr'><strong>ι</strong></span> <span class='ocrx_word' id='word_1_678' title='bbox 1006 5524 1407 5583; x_wconf 74' lang='grc' dir='ltr'>ΡιιιέιῐὶιιεἸιίο</span> <span class='ocrx_word' id='word_1_679' title='bbox 1468 5544 1484 5576; x_wconf 78' lang='grc' dir='ltr'><strong>ι</strong></span> <span class='ocrx_word' id='word_1_680' title='bbox 1525 5524 1857 5591; x_wconf 87' lang='lat' dir='ltr'><strong>Scripturam</strong></span> <span class='ocrx_word' id='word_1_681' title='bbox 1924 5535 2011 5574; x_wconf 86' lang='lat' dir='ltr'><strong>sa-</strong></span> 
     </span>
    </p>
   </div>
   <div class='ocr_carea' id='block_1_84' title="bbox 441 5596 2015 5670">
    <p class='ocr_par' dir='ltr' id='par_1_84' title="bbox 441 5596 2015 5670">
     <span class='ocr_line' id='line_1_84' title="bbox 441 5596 2015 5670; baseline -0.008 -16"><span class='ocrx_word' id='word_1_682' title='bbox 441 5615 591 5654; x_wconf 84' lang='lat' dir='ltr'><strong>cram</strong></span> <span class='ocrx_word' id='word_1_683' title='bbox 630 5619 649 5653; x_wconf 74' lang='grc' dir='ltr'><strong>ι</strong></span> <span class='ocrx_word' id='word_1_684' title='bbox 684 5616 777 5670; x_wconf 89' lang='lat' dir='ltr'><strong>per</strong></span> <span class='ocrx_word' id='word_1_685' title='bbox 803 5616 984 5655; x_wconf 90' lang='lat' dir='ltr'><strong>vocem</strong></span> <span class='ocrx_word' id='word_1_686' title='bbox 1015 5598 1159 5668; x_wconf 87' lang='grc' dir='ltr'>λόγῳ</span> <span class='ocrx_word' id='word_1_687' title='bbox 1183 5596 1507 5670; x_wconf 71' lang='lat' dir='ltr'><strong>signiﬁcari;</strong></span> <span class='ocrx_word' id='word_1_688' title='bbox 1541 5609 1653 5670; x_wconf 89' lang='lat' dir='ltr'><strong>non_</strong></span> <span class='ocrx_word' id='word_1_689' title='bbox 1684 5602 1859 5645; x_wconf 87' lang='lat' dir='ltr'><strong>autem</strong></span> <span class='ocrx_word' id='word_1_690' title='bbox 1884 5604 2015 5670; x_wconf 53' lang='lat' dir='ltr'><strong>cra-</strong></span> 
     </span>
    </p>
   </div>
   <div class='ocr_carea' id='block_1_85' title="bbox 452 5661 2016 5739">
    <p class='ocr_par' dir='ltr' id='par_1_85' title="bbox 452 5661 2016 5739">
     <span class='ocr_line' id='line_1_85' title="bbox 452 5661 2016 5739; baseline -0.006 -15"><span class='ocrx_word' id='word_1_691' title='bbox 452 5661 699 5738; x_wconf 70' lang='lat' dir='ltr'><strong>tionem,&#39;</strong></span> <span class='ocrx_word' id='word_1_692' title='bbox 714 5690 731 5723; x_wconf 78' lang='grc' dir='ltr'><strong>ι</strong></span> <span class='ocrx_word' id='word_1_693' title='bbox 767 5682 823 5728; x_wconf 92' lang='grc' dir='ltr'><strong>ιιι</strong></span> <span class='ocrx_word' id='word_1_694' title='bbox 843 5671 999 5726; x_wconf 75' lang='lat' dir='ltr'><strong>vertit</strong></span> <span class='ocrx_word' id='word_1_695' title='bbox 1027 5661 1169 5736; x_wconf 67' lang='lat' dir='ltr'><strong>Biill,</strong></span> <span class='ocrx_word' id='word_1_696' title='bbox 1194 5661 1311 5739; x_wconf 76' lang='lat' dir='ltr'><strong>quae</strong></span> <span class='ocrx_word' id='word_1_697' title='bbox 1334 5667 1570 5739; x_wconf 81' lang='lat' dir='ltr'><strong>profecto</strong></span> <span class='ocrx_word' id='word_1_698' title='bbox 1591 5664 1657 5720; x_wconf 89' lang='lat' dir='ltr'><strong>ad</strong></span> <span class='ocrx_word' id='word_1_699' title='bbox 1672 5661 2016 5719; x_wconf 86' lang='lat' dir='ltr'><strong>asserendam</strong></span> 
     </span>
    </p>
   </div>
   <div class='ocr_carea' id='block_1_86' title="bbox 2089 3117 3672 3191">
    <p class='ocr_par' dir='ltr' id='par_1_86' title="bbox 2089 3117 3672 3191">
     <span class='ocr_line' id='line_1_86' title="bbox 2089 3117 3672 3191; baseline -0.002 -19"><span class='ocrx_word' id='word_1_700' title='bbox 2089 3120 2425 3191; x_wconf 82' lang='grc' dir='ltr'>προσχρῆται</span> <span class='ocrx_word' id='word_1_701' title='bbox 2455 3119 2529 3191; x_wconf 92' lang='grc'>(9)</span> <span class='ocrx_word' id='word_1_702' title='bbox 2560 3120 2919 3191; x_wconf 75' lang='grc' dir='ltr'>προσηγορίᾳ,</span> <span class='ocrx_word' id='word_1_703' title='bbox 2956 3119 3047 3172; x_wconf 79' lang='grc' dir='ltr'><strong>καὶ</strong></span> <span class='ocrx_word' id='word_1_704' title='bbox 3098 3119 3311 3190; x_wconf 79' lang='grc' dir='ltr'>μετέχει</span> <span class='ocrx_word' id='word_1_705' title='bbox 3337 3117 3544 3188; x_wconf 78' lang='grc' dir='ltr'>ταύτης</span> <span class='ocrx_word' id='word_1_706' title='bbox 3570 3118 3672 3169; x_wconf 79' lang='lat' dir='ltr'><strong>61t-</strong></span> 
     </span>
    </p>
   </div>
   <div class='ocr_carea' id='block_1_87' title="bbox 2093 3200 3671 3284">
    <p class='ocr_par' dir='ltr' id='par_1_87' title="bbox 2093 3200 3671 3284">
     <span class='ocr_line' id='line_1_87' title="bbox 2093 3200 3671 3284; baseline -0.003 -19"><span class='ocrx_word' id='word_1_707' title='bbox 2093 3213 2230 3282; x_wconf 82' lang='grc' dir='ltr'>ίσης,</span> <span class='ocrx_word' id='word_1_708' title='bbox 2251 3215 2315 3284; x_wconf 77' lang='grc' dir='ltr'>τῇ</span> <span class='ocrx_word' id='word_1_709' title='bbox 2344 3212 2502 3280; x_wconf 82' lang='grc' dir='ltr'>φύσει</span> <span class='ocrx_word' id='word_1_710' title='bbox 2524 3211 2846 3282; x_wconf 81' lang='grc' dir='ltr'>διεστηκός).</span> <span class='ocrx_word' id='word_1_711' title='bbox 2885 3210 3021 3265; x_wconf 79' lang='grc' dir='ltr'>Ἀλλ’</span> <span class='ocrx_word' id='word_1_712' title='bbox 3048 3213 3165 3264; x_wconf 82' lang='grc' dir='ltr'>ἐκεῖ</span> <span class='ocrx_word' id='word_1_713' title='bbox 3187 3211 3304 3282; x_wconf 86' lang='grc' dir='ltr'>μὲν,</span> <span class='ocrx_word' id='word_1_714' title='bbox 3331 3200 3376 3263; x_wconf 83' lang='grc' dir='ltr'><strong>ὦ</strong></span> <span class='ocrx_word' id='word_1_715' title='bbox 3402 3209 3671 3281; x_wconf 87' lang='grc' dir='ltr'>βέλτιστε,</span> 
     </span>
    </p>
   </div>
   <div class='ocr_carea' id='block_1_88' title="bbox 2088 3298 3675 3372">
    <p class='ocr_par' dir='ltr' id='par_1_88' title="bbox 2088 3298 3675 3372">
     <span class='ocr_line' id='line_1_88' title="bbox 2088 3298 3675 3372; baseline -0.001 -19"><span class='ocrx_word' id='word_1_716' title='bbox 2088 3301 2183 3354; x_wconf 88' lang='grc' dir='ltr'><strong>δύο</strong></span> <span class='ocrx_word' id='word_1_717' title='bbox 2217 3301 2407 3369; x_wconf 84' lang='grc' dir='ltr'>φύσεις</span> <span class='ocrx_word' id='word_1_718' title='bbox 2426 3301 2597 3364; x_wconf 73' lang='grc' dir='ltr'>τιθεὶς</span> <span class='ocrx_word' id='word_1_719' title='bbox 2624 3300 2733 3353; x_wconf 85' lang='grc' dir='ltr'><strong>ὑπὸ</strong></span> <span class='ocrx_word' id='word_1_720' title='bbox 2762 3300 2859 3370; x_wconf 85' lang='grc' dir='ltr'>τὴν</span> <span class='ocrx_word' id='word_1_721' title='bbox 2894 3300 3061 3371; x_wconf 80' lang='grc' dir='ltr'>αὐτὴν</span> <span class='ocrx_word' id='word_1_722' title='bbox 3095 3301 3488 3372; x_wconf 85' lang='grc' dir='ltr'>προσηγορίαν,</span> <span class='ocrx_word' id='word_1_723' title='bbox 3518 3298 3675 3351; x_wconf 78' lang='grc' dir='ltr'>οὐδὲν</span> 
     </span>
    </p>
   </div>
   <div class='ocr_carea' id='block_1_89' title="bbox 2093 3390 3676 3466">
    <p class='ocr_par' dir='ltr' id='par_1_89' title="bbox 2093 3390 3676 3466">
     <span class='ocr_line' id='line_1_89' title="bbox 2093 3390 3676 3466; baseline -0.003 -19"><span class='ocrx_word' id='word_1_724' title='bbox 2093 3394 2299 3466; x_wconf 86' lang='grc' dir='ltr'>ἀμείνω</span> <span class='ocrx_word' id='word_1_725' title='bbox 2327 3393 2422 3464; x_wconf 87' lang='grc' dir='ltr'>τὴν</span> <span class='ocrx_word' id='word_1_726' title='bbox 2449 3392 2640 3463; x_wconf 81' lang='grc' dir='ltr'>ἑτέραν</span> <span class='ocrx_word' id='word_1_727' title='bbox 2667 3392 2765 3461; x_wconf 82' lang='grc' dir='ltr'><strong>τῆς</strong></span> <span class='ocrx_word' id='word_1_728' title='bbox 2795 3390 2985 3462; x_wconf 82' lang='grc' dir='ltr'>ἐτέρας</span> <span class='ocrx_word' id='word_1_729' title='bbox 3010 3393 3271 3461; x_wconf 80' lang='grc' dir='ltr'>εἰσάγεις,</span> <span class='ocrx_word' id='word_1_730' title='bbox 3299 3392 3416 3444; x_wconf 86' lang='lat'><strong>0666</strong></span> <span class='ocrx_word' id='word_1_731' title='bbox 3444 3391 3542 3461; x_wconf 84' lang='grc' dir='ltr'><strong>τὴν</strong></span> <span class='ocrx_word' id='word_1_732' title='bbox 3574 3390 3676 3461; x_wconf 82' lang='grc' dir='ltr'><strong>μὲν</strong></span> 
     </span>
    </p>
   </div>
   <div class='ocr_carea' id='block_1_90' title="bbox 2094 3482 3678 3560">
    <p class='ocr_par' dir='ltr' id='par_1_90' title="bbox 2094 3482 3678 3560">
     <span class='ocr_line' id='line_1_90' title="bbox 2094 3482 3678 3560; baseline -0.005 -21"><span class='ocrx_word' id='word_1_733' title='bbox 2094 3487 2376 3560; x_wconf 82' lang='grc' dir='ltr'>πρότερον,</span> <span class='ocrx_word' id='word_1_734' title='bbox 2411 3485 2509 3556; x_wconf 77' lang='grc' dir='ltr'>τὴν</span> <span class='ocrx_word' id='word_1_735' title='bbox 2537 3484 2594 3538; x_wconf 81' lang='grc' dir='ltr'>δὲ</span> <span class='ocrx_word' id='word_1_736' title='bbox 2627 3484 2873 3555; x_wconf 79' lang='grc' dir='ltr'>ὕστερον,</span> <span class='ocrx_word' id='word_1_737' title='bbox 2904 3483 3025 3536; x_wconf 84' lang='lat'><strong>0666</strong></span> <span class='ocrx_word' id='word_1_738' title='bbox 3047 3484 3145 3556; x_wconf 83' lang='grc' dir='ltr'>τὴν</span> <span class='ocrx_word' id='word_1_739' title='bbox 3183 3484 3280 3554; x_wconf 82' lang='grc' dir='ltr'><strong>μὲν</strong></span> <span class='ocrx_word' id='word_1_740' title='bbox 3316 3483 3538 3554; x_wconf 80' lang='grc' dir='ltr'>μᾶλλον,</span> <span class='ocrx_word' id='word_1_741' title='bbox 3573 3482 3678 3553; x_wconf 76' lang='grc' dir='ltr'>τὴν</span> 
     </span>
    </p>
   </div>
   <div class='ocr_carea' id='block_1_91' title="bbox 2093 3575 3680 3653">
    <p class='ocr_par' dir='ltr' id='par_1_91' title="bbox 2093 3575 3680 3653">
     <span class='ocr_line' id='line_1_91' title="bbox 2093 3575 3680 3653; baseline -0.006 -19"><span class='ocrx_word' id='word_1_742' title='bbox 2093 3581 2149 3634; x_wconf 83' lang='grc' dir='ltr'><strong>δὲ</strong></span> <span class='ocrx_word' id='word_1_743' title='bbox 2170 3576 2330 3653; x_wconf 81' lang='grc' dir='ltr'>ἦττον</span> <span class='ocrx_word' id='word_1_744' title='bbox 2354 3575 2518 3633; x_wconf 80' lang='grc' dir='ltr'>οὖσαν</span> <span class='ocrx_word' id='word_1_745' title='bbox 2546 3576 2688 3631; x_wconf 79' lang='grc' dir='ltr'>τοῦθ’</span> <span class='ocrx_word' id='word_1_746' title='bbox 2717 3578 2852 3649; x_wconf 85' lang='grc' dir='ltr'>ὅπερ</span> <span class='ocrx_word' id='word_1_747' title='bbox 2881 3576 3119 3645; x_wconf 89' lang='grc' dir='ltr'>λέγεται.</span> <span class='ocrx_word' id='word_1_748' title='bbox 3157 3576 3290 3629; x_wconf 82' lang='grc' dir='ltr'>Οὐδὲ</span> <span class='ocrx_word' id='word_1_749' title='bbox 3318 3575 3426 3646; x_wconf 88' lang='grc' dir='ltr'><strong>γάρ</strong></span> <span class='ocrx_word' id='word_1_750' title='bbox 3460 3593 3511 3627; x_wconf 91' lang='grc' dir='ltr'><strong>τι</strong></span> <span class='ocrx_word' id='word_1_751' title='bbox 3543 3590 3680 3626; x_wconf 83' lang='grc' dir='ltr'>συν-</span> 
     </span>
    </p>
   </div>
   <div class='ocr_carea' id='block_1_92' title="bbox 2095 3662 3678 3743">
    <p class='ocr_par' dir='ltr' id='par_1_92' title="bbox 2095 3662 3678 3743">
     <span class='ocr_line' id='line_1_92' title="bbox 2095 3662 3678 3743; baseline -0.006 -18"><span class='ocrx_word' id='word_1_752' title='bbox 2095 3673 2345 3738; x_wconf 74' lang='grc' dir='ltr'>έζευκται</span> <span class='ocrx_word' id='word_1_753' title='bbox 2369 3672 2430 3724; x_wconf 88' lang='grc' dir='ltr'><strong>τὸ</strong></span> <span class='ocrx_word' id='word_1_754' title='bbox 2456 3670 2656 3743; x_wconf 88' lang='grc' dir='ltr'>ταύτην</span> <span class='ocrx_word' id='word_1_755' title='bbox 2683 3662 2925 3743; x_wconf 85' lang='grc' dir='ltr'>παρέχον</span> <span class='ocrx_word' id='word_1_756' title='bbox 2950 3669 3141 3732; x_wconf 79' lang='grc' dir='ltr'>αὐταῖς</span> <span class='ocrx_word' id='word_1_757' title='bbox 3165 3668 3265 3739; x_wconf 82' lang='grc' dir='ltr'><strong>τὴν</strong></span> <span class='ocrx_word' id='word_1_758' title='bbox 3299 3667 3563 3736; x_wconf 81' lang='grc' dir='ltr'>ἀνάγκην.</span> <span class='ocrx_word' id='word_1_759' title='bbox 3595 3664 3678 3717; x_wconf 71' lang='lat'><strong>05</strong></span> 
     </span>
    </p>
   </div>
   <div class='ocr_carea' id='block_1_93' title="bbox 2096 3753 3679 3837">
    <p class='ocr_par' dir='ltr' id='par_1_93' title="bbox 2096 3753 3679 3837">
     <span class='ocr_line' id='line_1_93' title="bbox 2096 3753 3679 3837; baseline -0.007 -19"><span class='ocrx_word' id='word_1_760' title='bbox 2096 3766 2204 3837; x_wconf 82' lang='grc' dir='ltr'>γὰρ</span> <span class='ocrx_word' id='word_1_761' title='bbox 2227 3768 2254 3818; x_wconf 91' lang='lat'><strong>6</strong></span> <span class='ocrx_word' id='word_1_762' title='bbox 2280 3765 2378 3835; x_wconf 88' lang='grc' dir='ltr'><strong>μὲν</strong></span> <span class='ocrx_word' id='word_1_763' title='bbox 2408 3763 2604 3834; x_wconf 80' lang='grc' dir='ltr'>μᾶλλον</span> <span class='ocrx_word' id='word_1_764' title='bbox 2638 3764 2804 3829; x_wconf 84' lang='grc' dir='ltr'>κύων,</span> <span class='ocrx_word' id='word_1_765' title='bbox 2831 3765 2860 3815; x_wconf 89' lang='lat'><strong>6</strong></span> <span class='ocrx_word' id='word_1_766' title='bbox 2887 3762 2943 3815; x_wconf 90' lang='lat'><strong>66</strong></span> <span class='ocrx_word' id='word_1_767' title='bbox 2966 3756 3127 3831; x_wconf 83' lang='grc' dir='ltr'>ἦττον</span> <span class='ocrx_word' id='word_1_768' title='bbox 3155 3757 3249 3812; x_wconf 91' lang='grc' dir='ltr'><strong>τοῦ</strong></span> <span class='ocrx_word' id='word_1_769' title='bbox 3272 3758 3458 3828; x_wconf 80' lang='grc' dir='ltr'>ἐτέρου</span> <span class='ocrx_word' id='word_1_770' title='bbox 3491 3753 3679 3819; x_wconf 90' lang='grc' dir='ltr'>κυνὸς,</span> 
     </span>
    </p>
   </div>
   <div class='ocr_carea' id='block_1_94' title="bbox 2096 3846 3684 3926">
    <p class='ocr_par' dir='ltr' id='par_1_94' title="bbox 2096 3846 3684 3926">
     <span class='ocr_line' id='line_1_94' title="bbox 2096 3846 3684 3926; baseline -0.007 -17"><span class='ocrx_word' id='word_1_771' title='bbox 2096 3854 2207 3909; x_wconf 74' lang='grc' dir='ltr'>οἷον</span> <span class='ocrx_word' id='word_1_772' title='bbox 2238 3859 2266 3909; x_wconf 89' lang='lat'><strong>6</strong></span> <span class='ocrx_word' id='word_1_773' title='bbox 2289 3855 2569 3919; x_wconf 85' lang='grc' dir='ltr'>θαλάττιος</span> <span class='ocrx_word' id='word_1_774' title='bbox 2601 3854 2695 3908; x_wconf 90' lang='grc' dir='ltr'><strong>τοῦ</strong></span> <span class='ocrx_word' id='word_1_775' title='bbox 2717 3854 2993 3926; x_wconf 89' lang='grc' dir='ltr'>χερσαίου,</span> <span class='ocrx_word' id='word_1_776' title='bbox 3029 3852 3063 3923; x_wconf 78' lang='grc' dir='ltr'>ἢ</span> <span class='ocrx_word' id='word_1_777' title='bbox 3097 3854 3125 3905; x_wconf 92' lang='lat'><strong>6</strong></span> <span class='ocrx_word' id='word_1_778' title='bbox 3154 3852 3405 3922; x_wconf 87' lang='grc' dir='ltr'>χερσαῖος</span> <span class='ocrx_word' id='word_1_779' title='bbox 3438 3846 3684 3918; x_wconf 76' lang='grc' dir='ltr'>ἔμπαλιν</span> 
     </span>
    </p>
   </div>
   <div class='ocr_carea' id='block_1_95' title="bbox 2097 3938 3682 4019">
    <p class='ocr_par' dir='ltr' id='par_1_95' title="bbox 2097 3938 3682 4019">
     <span class='ocr_line' id='line_1_95' title="bbox 2097 3938 3682 4019; baseline -0.007 -18"><span class='ocrx_word' id='word_1_780' title='bbox 2097 3947 2192 4001; x_wconf 85' lang='grc' dir='ltr'><strong>τοῦ</strong></span> <span class='ocrx_word' id='word_1_781' title='bbox 2224 3947 2542 4001; x_wconf 77' lang='grc' dir='ltr'>θαλαττίουο</span> <span class='ocrx_word' id='word_1_782' title='bbox 2582 3947 2670 4001; x_wconf 81' lang='grc' dir='ltr'><strong>διὰ</strong></span> <span class='ocrx_word' id='word_1_783' title='bbox 2694 3949 2745 4001; x_wconf 90' lang='grc' dir='ltr'><strong>τί</strong></span> <span class='ocrx_word' id='word_1_784' title='bbox 2785 3948 2914 4019; x_wconf 85' lang='grc' dir='ltr'>γὰρ,</span> <span class='ocrx_word' id='word_1_785' title='bbox 2940 3946 2973 4016; x_wconf 82' lang='grc' dir='ltr'>ἢ</span> <span class='ocrx_word' id='word_1_786' title='bbox 3011 3943 3150 3999; x_wconf 85' lang='grc' dir='ltr'>κατὰ</span> <span class='ocrx_word' id='word_1_787' title='bbox 3168 3942 3288 3995; x_wconf 92' lang='grc' dir='ltr'>τίνα</span> <span class='ocrx_word' id='word_1_788' title='bbox 3315 3942 3499 4010; x_wconf 88' lang='grc' dir='ltr'>λόγον;</span> <span class='ocrx_word' id='word_1_789' title='bbox 3536 3938 3682 3992; x_wconf 79' lang='grc' dir='ltr'>Ἀλλ’</span> 
     </span>
    </p>
   </div>
   <div class='ocr_carea' id='block_1_96' title="bbox 2100 4030 3685 4111">
    <p class='ocr_par' dir='ltr' id='par_1_96' title="bbox 2100 4030 3685 4111">
     <span class='ocr_line' id='line_1_96' title="bbox 2100 4030 3685 4111; baseline -0.006 -19"><span class='ocrx_word' id='word_1_790' title='bbox 2100 4042 2158 4092; x_wconf 84' lang='grc' dir='ltr'><strong>ἐν</strong></span> <span class='ocrx_word' id='word_1_791' title='bbox 2198 4040 2483 4110; x_wconf 87' lang='grc' dir='ltr'>ὁμοτίμοις</span> <span class='ocrx_word' id='word_1_792' title='bbox 2537 4040 2823 4111; x_wconf 85' lang='grc' dir='ltr'>πράγμασι</span> <span class='ocrx_word' id='word_1_793' title='bbox 2861 4039 2956 4092; x_wconf 71' lang='grc' dir='ltr'><strong>καὶ</strong></span> <span class='ocrx_word' id='word_1_794' title='bbox 2991 4034 3288 4106; x_wconf 79' lang='grc' dir='ltr'>διαφόροις,</span> <span class='ocrx_word' id='word_1_795' title='bbox 3333 4034 3366 4103; x_wconf 82' lang='grc' dir='ltr'>ἡ</span> <span class='ocrx_word' id='word_1_796' title='bbox 3423 4030 3685 4084; x_wconf 87' lang='grc' dir='ltr'>κοινωνία</span> 
     </span>
    </p>
   </div>
   <div class='ocr_carea' id='block_1_97' title="bbox 2101 4125 3687 4203">
    <p class='ocr_par' dir='ltr' id='par_1_97' title="bbox 2101 4125 3687 4203">
     <span class='ocr_line' id='line_1_97' title="bbox 2101 4125 3687 4203; baseline -0.005 -19"><span class='ocrx_word' id='word_1_797' title='bbox 2101 4132 2200 4201; x_wconf 84' lang='grc' dir='ltr'><strong>τῆς</strong></span> <span class='ocrx_word' id='word_1_798' title='bbox 2233 4132 2497 4203; x_wconf 85' lang='grc' dir='ltr'>κλήσεως.</span> <span class='ocrx_word' id='word_1_799' title='bbox 2546 4131 2810 4186; x_wconf 81' lang='grc' dir='ltr'>Ἐνταῦθα</span> <span class='ocrx_word' id='word_1_800' title='bbox 2844 4130 2899 4183; x_wconf 82' lang='grc' dir='ltr'><strong>δὲ</strong></span> <span class='ocrx_word' id='word_1_801' title='bbox 2933 4129 3012 4201; x_wconf 80' lang='grc' dir='ltr'><strong>τῷ</strong></span> <span class='ocrx_word' id='word_1_802' title='bbox 3047 4127 3166 4198; x_wconf 86' lang='grc' dir='ltr'><strong>Θεῷ</strong></span> <span class='ocrx_word' id='word_1_803' title='bbox 3204 4126 3584 4199; x_wconf 78' lang='grc' dir='ltr'>παραζευγνὺς</span> <span class='ocrx_word' id='word_1_804' title='bbox 3617 4125 3687 4177; x_wconf 82' lang='grc' dir='ltr'><strong>τὸ</strong></span> 
     </span>
    </p>
   </div>
   <div class='ocr_carea' id='block_1_98' title="bbox 2104 4214 3684 4295">
    <p class='ocr_par' dir='ltr' id='par_1_98' title="bbox 2104 4214 3684 4295">
     <span class='ocr_line' id='line_1_98' title="bbox 2104 4214 3684 4295; baseline -0.006 -17"><span class='ocrx_word' id='word_1_805' title='bbox 2104 4225 2419 4295; x_wconf 79' lang='grc' dir='ltr'>σεϐάσμιον,</span> <span class='ocrx_word' id='word_1_806' title='bbox 2444 4223 2538 4275; x_wconf 75' lang='grc' dir='ltr'>καὶ</span> <span class='ocrx_word' id='word_1_807' title='bbox 2560 4224 2619 4276; x_wconf 86' lang='grc' dir='ltr'><strong>τὸ</strong></span> <span class='ocrx_word' id='word_1_808' title='bbox 2646 4223 2783 4293; x_wconf 79' lang='grc' dir='ltr'>ὑπὲρ</span> <span class='ocrx_word' id='word_1_809' title='bbox 2808 4223 2986 4275; x_wconf 80' lang='grc' dir='ltr'>πᾶσαν</span> <span class='ocrx_word' id='word_1_810' title='bbox 3008 4220 3194 4274; x_wconf 81' lang='grc' dir='ltr'>ούσίαν</span> <span class='ocrx_word' id='word_1_811' title='bbox 3219 4214 3356 4272; x_wconf 82' lang='grc' dir='ltr'>εἶναι</span> <span class='ocrx_word' id='word_1_812' title='bbox 3380 4218 3473 4271; x_wconf 77' lang='grc' dir='ltr'><strong>καὶ</strong></span> <span class='ocrx_word' id='word_1_813' title='bbox 3495 4217 3684 4285; x_wconf 82' lang='grc' dir='ltr'>φύσιν,</span> 
     </span>
    </p>
   </div>
   <div class='ocr_carea' id='block_1_99' title="bbox 2102 4306 3687 4387">
    <p class='ocr_par' dir='ltr' id='par_1_99' title="bbox 2102 4306 3687 4387">
     <span class='ocr_line' id='line_1_99' title="bbox 2102 4306 3687 4387; baseline -0.005 -18"><span class='ocrx_word' id='word_1_814' title='bbox 2102 4316 2129 4369; x_wconf 91' lang='lat'><strong>6</strong></span> <span class='ocrx_word' id='word_1_815' title='bbox 2160 4316 2320 4387; x_wconf 88' lang='grc' dir='ltr'>μόνου</span> <span class='ocrx_word' id='word_1_816' title='bbox 2359 4314 2493 4369; x_wconf 83' lang='grc' dir='ltr'>Θεοῦ</span> <span class='ocrx_word' id='word_1_817' title='bbox 2524 4316 2617 4369; x_wconf 70' lang='grc' dir='ltr'>καὶ</span> <span class='ocrx_word' id='word_1_818' title='bbox 2642 4315 2803 4369; x_wconf 73' lang='grc' dir='ltr'>οἱονεὶ</span> <span class='ocrx_word' id='word_1_819' title='bbox 2832 4312 2991 4381; x_wconf 78' lang='grc' dir='ltr'>φύσις</span> <span class='ocrx_word' id='word_1_820' title='bbox 3017 4311 3289 4381; x_wconf 83' lang='grc' dir='ltr'>θεότητος,</span> <span class='ocrx_word' id='word_1_821' title='bbox 3321 4306 3439 4363; x_wconf 83' lang='grc' dir='ltr'>εἷτα</span> <span class='ocrx_word' id='word_1_822' title='bbox 3463 4308 3540 4378; x_wconf 87' lang='grc' dir='ltr'><strong>τῷ</strong></span> <span class='ocrx_word' id='word_1_823' title='bbox 3570 4310 3687 4362; x_wconf 65' lang='grc' dir='ltr'><strong>Παη</strong></span> 
     </span>
    </p>
   </div>
   <div class='ocr_carea' id='block_1_100' title="bbox 2102 4401 3687 4479">
    <p class='ocr_par' dir='ltr' id='par_1_100' title="bbox 2102 4401 3687 4479">
     <span class='ocr_line' id='line_1_100' title="bbox 2102 4401 3687 4479; baseline -0.006 -18"><span class='ocrx_word' id='word_1_824' title='bbox 2102 4410 2191 4479; x_wconf 73' lang='grc' dir='ltr'>τρὶ</span> <span class='ocrx_word' id='word_1_825' title='bbox 2215 4409 2310 4478; x_wconf 86' lang='grc' dir='ltr'><strong>μὲν</strong></span> <span class='ocrx_word' id='word_1_826' title='bbox 2340 4407 2497 4460; x_wconf 88' lang='grc' dir='ltr'>τοῦτο</span> <span class='ocrx_word' id='word_1_827' title='bbox 2518 4406 2718 4470; x_wconf 83' lang='grc' dir='ltr'>διδοὺς,</span> <span class='ocrx_word' id='word_1_828' title='bbox 2744 4405 2834 4458; x_wconf 91' lang='grc' dir='ltr'><strong>τὸν</strong></span> <span class='ocrx_word' id='word_1_829' title='bbox 2861 4405 2988 4458; x_wconf 89' lang='grc' dir='ltr'>Υίὸν</span> <span class='ocrx_word' id='word_1_830' title='bbox 3010 4403 3066 4457; x_wconf 89' lang='lat'><strong>66</strong></span> <span class='ocrx_word' id='word_1_831' title='bbox 3085 4402 3402 4473; x_wconf 81' lang='grc' dir='ltr'>ἀποστερῶν</span> <span class='ocrx_word' id='word_1_832' title='bbox 3430 4402 3524 4454; x_wconf 71' lang='grc' dir='ltr'><strong>καὶ</strong></span> <span class='ocrx_word' id='word_1_833' title='bbox 3545 4401 3687 4452; x_wconf 85' lang='grc' dir='ltr'>ὑπο-</span> 
     </span>
    </p>
   </div>
   <div class='ocr_carea' id='block_1_101' title="bbox 2101 4488 3688 4567">
    <p class='ocr_par' dir='ltr' id='par_1_101' title="bbox 2101 4488 3688 4567">
     <span class='ocr_line' id='line_1_101' title="bbox 2101 4488 3688 4567; baseline -0.008 -15"><span class='ocrx_word' id='word_1_834' title='bbox 2101 4499 2292 4564; x_wconf 74' lang='grc' dir='ltr'>τιθεὶς,</span> <span class='ocrx_word' id='word_1_835' title='bbox 2318 4499 2410 4551; x_wconf 74' lang='grc' dir='ltr'><strong>καὶ</strong></span> <span class='ocrx_word' id='word_1_836' title='bbox 2431 4497 2499 4550; x_wconf 82' lang='grc' dir='ltr'>τὰ</span> <span class='ocrx_word' id='word_1_837' title='bbox 2524 4496 2750 4567; x_wconf 87' lang='grc' dir='ltr'>δεύτερα</span> <span class='ocrx_word' id='word_1_838' title='bbox 2775 4493 2955 4565; x_wconf 89' lang='grc' dir='ltr'>νέμων</span> <span class='ocrx_word' id='word_1_839' title='bbox 2976 4492 3125 4563; x_wconf 79' lang='grc' dir='ltr'>αὐτῷ</span> <span class='ocrx_word' id='word_1_840' title='bbox 3146 4492 3246 4561; x_wconf 79' lang='grc' dir='ltr'>τῆς</span> <span class='ocrx_word' id='word_1_841' title='bbox 3275 4493 3439 4560; x_wconf 81' lang='grc' dir='ltr'>τιμῆς</span> <span class='ocrx_word' id='word_1_842' title='bbox 3468 4489 3563 4542; x_wconf 77' lang='grc' dir='ltr'><strong>καὶ</strong></span> <span class='ocrx_word' id='word_1_843' title='bbox 3585 4488 3688 4559; x_wconf 81' lang='grc' dir='ltr'>τῆς</span> 
     </span>
    </p>
   </div>
   <div class='ocr_carea' id='block_1_102' title="bbox 2104 4580 3686 4660">
    <p class='ocr_par' dir='ltr' id='par_1_102' title="bbox 2104 4580 3686 4660">
     <span class='ocr_line' id='line_1_102' title="bbox 2104 4580 3686 4660; baseline -0.006 -19"><span class='ocrx_word' id='word_1_844' title='bbox 2104 4588 2548 4660; x_wconf 86' lang='grc' dir='ltr'>προσκυνήσεως,</span> <span class='ocrx_word' id='word_1_845' title='bbox 2581 4586 2684 4639; x_wconf 80' lang='grc' dir='ltr'><strong>κᾶν</strong></span> <span class='ocrx_word' id='word_1_846' title='bbox 2714 4587 2830 4649; x_wconf 89' lang='grc' dir='ltr'>ταῖς</span> <span class='ocrx_word' id='word_1_847' title='bbox 2861 4583 3147 4646; x_wconf 75' lang='grc' dir='ltr'>συλλαϐαῖς</span> <span class='ocrx_word' id='word_1_848' title='bbox 3169 4580 3367 4652; x_wconf 78' lang='grc' dir='ltr'>χαρίζῃ</span> <span class='ocrx_word' id='word_1_849' title='bbox 3389 4580 3448 4633; x_wconf 91' lang='grc' dir='ltr'><strong>τὸ</strong></span> <span class='ocrx_word' id='word_1_850' title='bbox 3475 4582 3686 4650; x_wconf 82' lang='grc' dir='ltr'>ὅμοιον,</span> 
     </span>
    </p>
   </div>
   <div class='ocr_carea' id='block_1_103' title="bbox 2103 4669 3690 4750">
    <p class='ocr_par' dir='ltr' id='par_1_103' title="bbox 2103 4669 3690 4750">
     <span class='ocr_line' id='line_1_103' title="bbox 2103 4669 3690 4750; baseline -0.008 -17"><span class='ocrx_word' id='word_1_851' title='bbox 2103 4679 2182 4750; x_wconf 81' lang='grc' dir='ltr'><strong>τῷ</strong></span> <span class='ocrx_word' id='word_1_852' title='bbox 2207 4680 2492 4749; x_wconf 84' lang='grc' dir='ltr'>πράγματι</span> <span class='ocrx_word' id='word_1_853' title='bbox 2519 4677 2616 4748; x_wconf 81' lang='grc' dir='ltr'>τὴν</span> <span class='ocrx_word' id='word_1_854' title='bbox 2645 4676 2876 4745; x_wconf 87' lang='grc' dir='ltr'>θεότητα</span> <span class='ocrx_word' id='word_1_855' title='bbox 2899 4674 3267 4745; x_wconf 83' lang='grc' dir='ltr'>περικόπτεις,</span> <span class='ocrx_word' id='word_1_856' title='bbox 3297 4672 3391 4725; x_wconf 76' lang='grc' dir='ltr'><strong>καὶ</strong></span> <span class='ocrx_word' id='word_1_857' title='bbox 3422 4669 3655 4741; x_wconf 76' lang='grc' dir='ltr'>μεταΰαί</span> <span class='ocrx_word' id='word_1_858' title='bbox 3675 4702 3690 4711; x_wconf 76' lang='grc' dir='ltr'><strong>ο</strong></span> 
     </span>
    </p>
   </div>
   <div class='ocr_carea' id='block_1_104' title="bbox 2106 4761 3689 4840">
    <p class='ocr_par' dir='ltr' id='par_1_104' title="bbox 2106 4761 3689 4840">
     <span class='ocr_line' id='line_1_104' title="bbox 2106 4761 3689 4840; baseline -0.007 -16"><span class='ocrx_word' id='word_1_859' title='bbox 2106 4789 2216 4834; x_wconf 89' lang='grc' dir='ltr'>νεις</span> <span class='ocrx_word' id='word_1_860' title='bbox 2245 4771 2568 4840; x_wconf 84' lang='grc' dir='ltr'>κακούργως</span> <span class='ocrx_word' id='word_1_861' title='bbox 2595 4767 2702 4821; x_wconf 86' lang='grc' dir='ltr'>ἀπὸ</span> <span class='ocrx_word' id='word_1_862' title='bbox 2731 4768 2829 4835; x_wconf 79' lang='grc' dir='ltr'>τῆς</span> <span class='ocrx_word' id='word_1_863' title='bbox 2856 4764 2914 4818; x_wconf 88' lang='grc' dir='ltr'><strong>τὸ</strong></span> <span class='ocrx_word' id='word_1_864' title='bbox 2941 4764 3053 4818; x_wconf 81' lang='grc' dir='ltr'>ἴσον</span> <span class='ocrx_word' id='word_1_865' title='bbox 3082 4764 3312 4834; x_wconf 73' lang='grc' dir='ltr'>ἐχούσης</span> <span class='ocrx_word' id='word_1_866' title='bbox 3341 4764 3524 4832; x_wconf 81' lang='grc' dir='ltr'>όμωνυ</span> <span class='ocrx_word' id='word_1_867' title='bbox 3534 4761 3689 4831; x_wconf 82' lang='grc' dir='ltr'>μίας,</span> 
     </span>
    </p>
   </div>
   <div class='ocr_carea' id='block_1_105' title="bbox 2106 4849 3687 4930">
    <p class='ocr_par' dir='ltr' id='par_1_105' title="bbox 2106 4849 3687 4930">
     <span class='ocr_line' id='line_1_105' title="bbox 2106 4849 3687 4930; baseline -0.008 -15"><span class='ocrx_word' id='word_1_868' title='bbox 2106 4861 2199 4915; x_wconf 74' lang='grc' dir='ltr'>ἐπὶ</span> <span class='ocrx_word' id='word_1_869' title='bbox 2228 4860 2324 4930; x_wconf 80' lang='grc' dir='ltr'>τὴν</span> <span class='ocrx_word' id='word_1_870' title='bbox 2356 4858 2425 4912; x_wconf 88' lang='grc' dir='ltr'><strong>τὰ</strong></span> <span class='ocrx_word' id='word_1_871' title='bbox 2461 4858 2534 4929; x_wconf 88' lang='grc' dir='ltr'>μὴ</span> <span class='ocrx_word' id='word_1_872' title='bbox 2565 4857 2657 4911; x_wconf 83' lang='grc' dir='ltr'><strong>ἴσα</strong></span> <span class='ocrx_word' id='word_1_873' title='bbox 2683 4856 3026 4909; x_wconf 89' lang='grc' dir='ltr'>συνδέουσαν.</span> <span class='ocrx_word' id='word_1_874' title='bbox 3064 4855 3223 4907; x_wconf 87' lang='grc' dir='ltr'>Ὥστε</span> <span class='ocrx_word' id='word_1_875' title='bbox 3245 4855 3272 4905; x_wconf 91' lang='lat'><strong>6</strong></span> <span class='ocrx_word' id='word_1_876' title='bbox 3300 4849 3544 4922; x_wconf 89' lang='grc' dir='ltr'>γραπτός</span> <span class='ocrx_word' id='word_1_877' title='bbox 3579 4866 3687 4915; x_wconf 88' lang='grc' dir='ltr'>σοι,</span> 
     </span>
    </p>
   </div>
   <div class='ocr_carea' id='block_1_106' title="bbox 2111 4943 3693 5020">
    <p class='ocr_par' dir='ltr' id='par_1_106' title="bbox 2111 4943 3693 5020">
     <span class='ocr_line' id='line_1_106' title="bbox 2111 4943 3693 5020; baseline -0.009 -11"><span class='ocrx_word' id='word_1_878' title='bbox 2111 4958 2207 5009; x_wconf 81' lang='grc' dir='ltr'><strong>καὶ</strong></span> <span class='ocrx_word' id='word_1_879' title='bbox 2237 4955 2267 5005; x_wconf 84' lang='lat'><strong>6</strong></span> <span class='ocrx_word' id='word_1_880' title='bbox 2306 4952 2412 5017; x_wconf 83' lang='grc' dir='ltr'><strong>ζῶν</strong></span> <span class='ocrx_word' id='word_1_881' title='bbox 2440 4950 2723 5020; x_wconf 80' lang='grc' dir='ltr'>ἅνθρωπος</span> <span class='ocrx_word' id='word_1_882' title='bbox 2755 4948 2974 5019; x_wconf 80' lang='grc' dir='ltr'>μᾶλλον,</span> <span class='ocrx_word' id='word_1_883' title='bbox 3015 4947 3048 5017; x_wconf 85' lang='grc' dir='ltr'>ἢ</span> <span class='ocrx_word' id='word_1_884' title='bbox 3081 4948 3129 5000; x_wconf 82' lang='grc' dir='ltr'>οἱ</span> <span class='ocrx_word' id='word_1_885' title='bbox 3159 4944 3252 4998; x_wconf 88' lang='grc' dir='ltr'><strong>τοῦ</strong></span> <span class='ocrx_word' id='word_1_886' title='bbox 3291 4943 3693 5013; x_wconf 87' lang='grc' dir='ltr'>ὑποδείγματος</span> 
     </span>
    </p>
   </div>
   <div class='ocr_carea' id='block_1_107' title="bbox 2112 5034 3693 5117">
    <p class='ocr_par' dir='ltr' id='par_1_107' title="bbox 2112 5034 3693 5117">
     <span class='ocr_line' id='line_1_107' title="bbox 2112 5034 3693 5117; baseline -0.009 -16"><span class='ocrx_word' id='word_1_887' title='bbox 2112 5047 2273 5111; x_wconf 88' lang='grc' dir='ltr'>κύνες</span> <span class='ocrx_word' id='word_1_888' title='bbox 2301 5048 2367 5117; x_wconf 79' lang='grc' dir='ltr'>τῇ</span> <span class='ocrx_word' id='word_1_889' title='bbox 2396 5044 2609 5114; x_wconf 86' lang='grc' dir='ltr'>θεότητι</span> <span class='ocrx_word' id='word_1_890' title='bbox 2644 5041 3052 5115; x_wconf 76' lang='grc' dir='ltr'>πλησιάζουσιν.</span> <span class='ocrx_word' id='word_1_891' title='bbox 3088 5041 3161 5093; x_wconf 81' lang='grc' dir='ltr'>’Ἡ</span> <span class='ocrx_word' id='word_1_892' title='bbox 3189 5038 3277 5102; x_wconf 84' lang='grc' dir='ltr'><strong>δὸς</strong></span> <span class='ocrx_word' id='word_1_893' title='bbox 3312 5037 3422 5109; x_wconf 87' lang='grc'>(10)</span> <span class='ocrx_word' id='word_1_894' title='bbox 3449 5034 3693 5107; x_wconf 75' lang='grc' dir='ltr'>ἀμφοτέ-</span> 
     </span>
    </p>
   </div>
   <div class='ocr_carea' id='block_1_108' title="bbox 2118 5157 3151 5220">
    <p class='ocr_par' dir='ltr' id='par_1_108' title="bbox 2118 5157 3151 5220">
     <span class='ocr_line' id='line_1_108' title="bbox 2118 5157 3151 5220; baseline -0.012 0"><span class='ocrx_word' id='word_1_895' title='bbox 2118 5165 2275 5220; x_wconf 76' lang='lat' dir='ltr'><strong>Verbi</strong></span> <span class='ocrx_word' id='word_1_896' title='bbox 2314 5163 2648 5217; x_wconf 86' lang='lat' dir='ltr'><strong>divinitatem</strong></span> <span class='ocrx_word' id='word_1_897' title='bbox 2679 5175 2785 5214; x_wconf 89' lang='lat' dir='ltr'><strong>non</strong></span> <span class='ocrx_word' id='word_1_898' title='bbox 2819 5167 2903 5213; x_wconf 89' lang='lat' dir='ltr'><strong>est</strong></span> <span class='ocrx_word' id='word_1_899' title='bbox 2939 5157 3151 5212; x_wconf 85' lang='lat' dir='ltr'><strong>idonea.</strong></span> 
     </span>
    </p>
   </div>
   <div class='ocr_carea' id='block_1_109' title="bbox 2187 5218 3685 5321">
    <p class='ocr_par' dir='ltr' id='par_1_109' title="bbox 2187 5218 3685 5321">
     <span class='ocr_line' id='line_1_109' title="bbox 2187 5218 3685 5321; baseline -0.009 -33"><span class='ocrx_word' id='word_1_900' title='bbox 2187 5235 2265 5321; x_wconf 61' lang='grc' dir='ltr'>(Ζ)</span> <span class='ocrx_word' id='word_1_901' title='bbox 2312 5235 2378 5321; x_wconf 54' lang='grc' dir='ltr'>Τί</span> <span class='ocrx_word' id='word_1_902' title='bbox 2415 5229 2684 5295; x_wconf 73' lang='grc' dir='ltr'>οὖνςοὺ.</span> <span class='ocrx_word' id='word_1_903' title='bbox 2734 5230 2825 5285; x_wconf 88' lang='lat' dir='ltr'><strong>Sic</strong></span> <span class='ocrx_word' id='word_1_904' title='bbox 2857 5228 2988 5296; x_wconf 77' lang='lat' dir='ltr'><strong>Reg.</strong></span> <span class='ocrx_word' id='word_1_905' title='bbox 3032 5227 3087 5289; x_wconf 92' lang='lat' dir='ltr'><strong>b,</strong></span> <span class='ocrx_word' id='word_1_906' title='bbox 3119 5223 3330 5285; x_wconf 81' lang='lat' dir='ltr'><strong>Comb.,</strong></span> <span class='ocrx_word' id='word_1_907' title='bbox 3353 5230 3457 5276; x_wconf 87' lang='lat' dir='ltr'><strong>etc.</strong></span> <span class='ocrx_word' id='word_1_908' title='bbox 3485 5218 3540 5275; x_wconf 86' lang='lat' dir='ltr'><strong>1n</strong></span> <span class='ocrx_word' id='word_1_909' title='bbox 3571 5220 3685 5283; x_wconf 84' lang='lat' dir='ltr'><strong>ed.,</strong></span> 
     </span>
    </p>
   </div>
   <div class='ocr_carea' id='block_1_110' title="bbox 2111 5306 3692 5445">
    <p class='ocr_par' dir='ltr' id='par_1_110' title="bbox 2111 5306 3692 5445">
     <span class='ocr_line' id='line_1_110' title="bbox 2111 5306 3692 5445; baseline 0.016 -3"><span class='ocrx_word' id='word_1_910' title='bbox 2111 5306 2489 5445; x_wconf 39' lang='grc' dir='ltr'><strong>τιῖδθλνω,</strong></span> <span class='ocrx_word' id='word_1_911' title='bbox 2532 5371 2630 5425; x_wconf 77' lang='grc' dir='ltr'>καὶ</span> <span class='ocrx_word' id='word_1_912' title='bbox 2662 5370 2896 5445; x_wconf 54' lang='grc' dir='ltr'>κυρίως·</span> <span class='ocrx_word' id='word_1_913' title='bbox 2945 5366 3037 5421; x_wconf 71' lang='grc' dir='ltr'><strong>δίο</strong></span> <span class='ocrx_word' id='word_1_914' title='bbox 3075 5364 3169 5421; x_wconf 64' lang='lat'><strong>0&quot;</strong></span> <span class='ocrx_word' id='word_1_915' title='bbox 3208 5363 3263 5428; x_wconf 57' lang='lat' dir='ltr'><strong>i’</strong></span> <span class='ocrx_word' id='word_1_916' title='bbox 3307 5360 3503 5430; x_wconf 64' lang='lat' dir='ltr'><strong>aliique</strong></span> <span class='ocrx_word' id='word_1_917' title='bbox 3529 5357 3692 5415; x_wconf 49' lang='lat' dir='ltr'><strong>eo“.</strong></span> 
     </span>
    </p>
   </div>
   <div class='ocr_carea' id='block_1_111' title="bbox 2120 5441 2818 5512">
    <p class='ocr_par' dir='ltr' id='par_1_111' title="bbox 2120 5441 2818 5512">
     <span class='ocr_line' id='line_1_111' title="bbox 2120 5441 2818 5512; baseline -0.011 -12"><span class='ocrx_word' id='word_1_918' title='bbox 2120 5446 2177 5501; x_wconf 82' lang='lat' dir='ltr'><strong>in</strong></span> <span class='ocrx_word' id='word_1_919' title='bbox 2201 5441 2317 5508; x_wconf 34' lang='lat' dir='ltr'><strong>&quot;ed.,</strong></span> <span class='ocrx_word' id='word_1_920' title='bbox 2346 5445 2415 5498; x_wconf 82' lang='grc' dir='ltr'>τὰ</span> <span class='ocrx_word' id='word_1_921' title='bbox 2430 5443 2559 5497; x_wconf 73' lang='grc' dir='ltr'>ὄντα</span> <span class='ocrx_word' id='word_1_922' title='bbox 2594 5441 2818 5512; x_wconf 87' lang='grc' dir='ltr'>κυρίως.</span> 
     </span>
    </p>
   </div>
   <div class='ocr_carea' id='block_1_112' title="bbox 2214 5505 3376 5581">
    <p class='ocr_par' dir='ltr' id='par_1_112' title="bbox 2214 5505 3376 5581">
     <span class='ocr_line' id='line_1_112' title="bbox 2214 5505 3376 5581; baseline -0.009 -15"><span class='ocrx_word' id='word_1_923' title='bbox 2214 5516 2268 5579; x_wconf 86' lang='grc'>9)</span> <span class='ocrx_word' id='word_1_924' title='bbox 2287 5505 2684 5581; x_wconf 65' lang='grc' dir='ltr'>Προσχρῆταιξ</span> <span class='ocrx_word' id='word_1_925' title='bbox 2714 5508 2926 5581; x_wconf 74' lang='lat' dir='ltr'><strong>Comb._,</strong></span> <span class='ocrx_word' id='word_1_926' title='bbox 2949 5505 3376 5581; x_wconf 72' lang='grc' dir='ltr'>προσκέχρηται.</span> 
     </span>
    </p>
   </div>
   <div class='ocr_carea' id='block_1_113' title="bbox 2192 5517 3690 5656">
    <p class='ocr_par' dir='ltr' id='par_1_113' title="bbox 2192 5517 3690 5656">
     <span class='ocr_line' id='line_1_113' title="bbox 2214 5517 3376 5581; baseline -0.009 -15"><span class='ocrx_word' id='word_1_927' title='bbox 2214 5517 2268 5579; x_wconf 86' lang='grc'>9)</span> <span class='ocrx_word' id='word_1_928' title='bbox 2287 5517 2684 5581; x_wconf 74' lang='grc' dir='ltr'>Προσχρῆται.</span> <span class='ocrx_word' id='word_1_929' title='bbox 2714 5517 2926 5570; x_wconf 77' lang='lat' dir='ltr'><strong>Uomb.,</strong></span> <span class='ocrx_word' id='word_1_930' title='bbox 2951 5517 3376 5577; x_wconf 85' lang='grc' dir='ltr'>προσκεχρηται.</span> 
     </span>
     <span class='ocr_line' id='line_1_114' title="bbox 2192 5517 3690 5656; baseline -0.014 -17"><span class='ocrx_word' id='word_1_931' title='bbox 2192 5517 2307 5656; x_wconf 47' lang='grc'>(10)</span> <span class='ocrx_word' id='word_1_932' title='bbox 2346 5587 2428 5656; x_wconf 19' lang='grc' dir='ltr'><strong>Ἢλ</strong></span> <span class='ocrx_word' id='word_1_933' title='bbox 2450 5583 2576 5656; x_wconf 70' lang='grc' dir='ltr'>δός,</span> <span class='ocrx_word' id='word_1_934' title='bbox 2612 5592 2718 5636; x_wconf 83' lang='lat' dir='ltr'><strong>etc.</strong></span> <span class='ocrx_word' id='word_1_935' title='bbox 2753 5600 2771 5632; x_wconf 81' lang='grc' dir='ltr'><strong>ι</strong></span> <span class='ocrx_word' id='word_1_936' title='bbox 2821 5579 2911 5634; x_wconf 89' lang='lat' dir='ltr'><strong>Vel</strong></span> <span class='ocrx_word' id='word_1_937' title='bbox 2949 5576 3150 5656; x_wconf 70' lang='lat' dir='ltr'><strong>largire</strong></span> <span class='ocrx_word' id='word_1_938' title='bbox 3179 5566 3690 5656; x_wconf 10' lang='lat' dir='ltr'><strong>utriqueit‘equalem</strong></span> 
     </span>
    </p>
   </div>
   <div class='ocr_carea' id='block_1_114' title="bbox 2127 5639 3695 5727">
    <p class='ocr_par' dir='ltr' id='par_1_114' title="bbox 2127 5639 3695 5727">
     <span class='ocr_line' id='line_1_115' title="bbox 2127 5639 3695 5727; baseline -0.015 -12"><span class='ocrx_word' id='word_1_939' title='bbox 2127 5639 2331 5715; x_wconf 63' lang='lat' dir='ltr'><strong>naiurie</strong></span> <span class='ocrx_word' id='word_1_940' title='bbox 2381 5639 2716 5727; x_wconf 48' lang='lat' dir='ltr'><strong>dignitatem,</strong></span> <span class='ocrx_word' id='word_1_941' title='bbox 2755 5669 2775 5704; x_wconf 72' lang='grc' dir='ltr'><strong>ι</strong></span> <span class='ocrx_word' id='word_1_942' title='bbox 2825 5660 2932 5706; x_wconf 86' lang='lat' dir='ltr'><strong>etc.</strong></span> <span class='ocrx_word' id='word_1_943' title='bbox 2966 5639 3186 5715; x_wconf 71' lang='lat' dir='ltr'><strong>Neinpe,</strong></span> <span class='ocrx_word' id='word_1_944' title='bbox 3223 5639 3695 5708; x_wconf 36' lang='lat' dir='ltr'><strong>ex’suppositione</strong></span> 
     </span>
    </p>
   </div>
  </div>
