3890 6214
177 311 249 366 95
1210 308 1470 365 ORATIO
1512 309 1707 367 XXIX.
1745 343 1818 352 —
1856 313 2292 372 THEOLOGICA
2329 315 2417 370 lll.
3369 322 3440 378 91

180 448 316 501 ροις,
348 428 539 497 ὥσπερ
560 443 656 498 την
684 426 968 479 κοινωνίαν
988 428 1086 499 τῆς
1113 427 1378 501 κλήσεως,
1409 428 1552 482 οὕτω
1591 428 1647 482 δὲ
1678 430 1755 482 κα⁴

1876 431 2081 487 litatem
2115 432 2216 502 ipsi
2242 432 2513 503 largiaris,
2554 446 2613 488 re
2642 432 2752 503 ipsa
2787 439 2967 487 tamen
3014 433 3351 490 divinitatem
3384 439 3434 492 ei

175 528 277 594 τὴν
310 520 604 592 ὁμοτιμίαν
651 519 759 572 τῶν
808 518 1023 587 φύσεων
1065 519 1199 589 (Η),
1240 522 1288 573 εἰ
1340 522 1434 575 καὶ
1478 519 1767 593 διαφόρους

174 614 384 675 ταύτας
413 614 680 680 εἰσάγειςο
716 610 812 664 καὶ
852 610 1222 675 καταλέλυκάς
1263 629 1356 664 σου
1401 612 1524 675 τοὺς
1574 613 1762 678 κύνας,

176 704 271 767 οὓς
309 704 529 775 ἐξεῦρες
559 702 701 757 κατὰ
728 704 828 773 τῆς
856 705 1191 774 ἀνισότητος.
1224 705 1289 757 Τί
1313 705 1421 776 γὰρ
1445 704 1637 774 ὄφελος
1664 706 1763 777 τῆς

176 796 522 866 ὁμωνυμίας,
556 796 685 848 εἰτὸ
723 796 963 867 ἰσότιμον
995 795 1069 867 μὴ
1099 796 1273 867 ἔχοιεν
1296 797 1405 867 (12)
1424 800 1472 850 οἱ
1489 797 1639 869 παρὰ
1665 798 1760 851 σοῦ

175 887 568 958 διαιρούμενοι.
611 890 687 940 Οὐ
742 888 852 956 γὰρ
887 889 952 941 ἵν’
989 889 1100 961 (15)
1144 890 1358 959 ἰσότιμα
1402 889 1601 959 δείξῃς,
1648 889 1761 943 ἀλλ’

179 980 268 1031 ἵνα
302 979 613 1051 ἀνισότιμα,
651 980 787 1050 πρὸς
819 982 918 1053 τὴν
941 982 1281 1053 ὁμωνυμίαν,
1315 983 1407 1035 καὶ
1440 984 1566 1046 τοὺς
1596 982 1764 1045 κύνας

177 1073 506 1140 κατέφυγες.
536 1073 660 1138 Πῶς
689 1073 755 1127 ἄν
775 1092 857 1138 τις
897 1074 1175 1146 ἐλεγχθείη
1215 1074 1434 1144 μᾶλλον,
1467 1075 1561 1128 καὶ
1586 1075 1764 1145 ἑαυτῷ

180 1164 510 1236 μαχόμενος,
542 1166 637 1218 καὶ
669 1165 913 1245 οεότητι;

1877 536 2147 592 amputas,
2172 540 2236 578 ac
2265 524 2589 579 veteratorie
2606 525 2675 580 ab
2704 524 2805 579 hoc
2832 524 3193 595 homonymia:
3214 541 3436 597 genere,

1873 615 2017 682 quod
2069 614 2433 684 aequalitatem
2495 614 2900 683 complectitur,
2956 616 3022 668 ad
3072 629 3241 684 genus
3303 616 3434 672 illud

1873 706 2096 770 transis,
2129 706 2277 775 quod
2334 721 2421 760 res
2474 706 2711 775 aequales
2765 706 2986 760 minime
3032 709 3324 762 connectit.
3358 708 3436 762 Ac

1870 797 2117 866 proinde,
2171 806 2231 851 ut
2286 798 2510 866 quidem
2544 800 2912 867 argumentari
2950 797 3213 865 instituis,
3260 800 3439 870 pictus

1870 889 1960 943 ille
1983 904 2047 941 ac
2077 889 2232 942 vivus
2265 889 2449 952 homo,
2499 889 2565 942 ad
2612 889 2952 943 divinitatem
3008 889 3437 946 adumbrandam

1870 982 2093 1050 propius
2128 982 2418 1047 accedunt,
2454 997 2618 1051 quam
2646 996 2831 1046 canes,
2856 996 2993 1052 quos
3019 983 3254 1051 exempli
3272 998 3437 1038 causa

1871 1071 2223 1141 proposuisti.
2263 1072 2475 1141 Alioqui
2513 1074 2751 1141 utrique,
2802 1082 2862 1125 ut
2894 1087 3089 1128 nomen
3127 1088 3436 1141 commune,

1870 1163 1952 1218 sic
1983 1164 2146 1218 etiam
2179 1178 2361 1233 parem
2390 1173 2597 1217 natura:
2640 1163 2955 1233 dignitatem
2994 1165 3188 1229 tribue,
3223 1166 3438 1220 etiamsi

181 1258 430 1309 diversas
459 1271 551 1310 eas
587 1257 835 1320 inducis;
868 1267 1032 1326 atque
1069 1257 1142 1311 ita
1171 1272 1332 1312 canes
1357 1258 1475 1313 illos
1503 1266 1623 1312 tuos
1654 1253 1939 1317 deleveris,
1971 1267 2107 1322 quos
2165 1254 2229 1306 ad
2268 1254 2602 1321 probandam
2669 1250 2844 1306 Patris
2884 1268 2949 1308 ac
3016 1253 3135 1308 Filii
3196 1255 3438 1324 inaequa-

180 1347 393 1401 litatem
427 1346 589 1419 535
622 1348 967 1417 exwgitasti.
1024 1349 1153 1416 Quis
1197 1352 1343 1405 enim
1402 1346 1760 1419 homonymia:
1796 1346 2023 1407 fructus,
2048 1344 2093 1399 si
2129 1344 2390 1413 dignitate
2422 1358 2578 1411 pares
2638 1344 2764 1406 sint,
2798 1343 2943 1412 quia
2977 1352 3028 1397 te
3076 1344 3424 1401 dividuntur?

178 1442 288 1496 Nec
317 1442 487 1506 enim,
515 1453 573 1495 ut
624 1457 717 1497 eos
769 1443 970 1497 honore
1009 1445 1266 1512 aequales,
1293 1444 1387 1499 sed
1419 1453 1476 1497 ut
1504 1443 1749 1511 dispares
1788 1437 2128 1502 ostenderes,
2182 1438 2249 1491 ad
2294 1436 2693 1507 homonymiam
2745 1434 2913 1499 illam,
2950 1444 3006 1489 et
3070 1451 3233 1492 canes
3297 1453 3431 1493 con-

178 1532 393 1600 fugisti.
457 1532 703 1599 Quonam
759 1536 919 1589 modo
982 1536 1248 1605 quispiam
1302 1536 1471 1604 magis
1509 1531 1756 1588 convinci
1798 1539 1983 1601 queat,
2017 1539 2067 1584 et
2092 1544 2274 1584 secum
2316 1530 2450 1598 ipse,
2487 1538 2541 1583 et
2568 1544 2691 1582 cum
2716 1528 2995 1583 divinitate
3021 1532 3298 1600 pugnare?

251 1625 352 1676 IE'.
406 1623 532 1678 Ἐὰν
560 1625 616 1677 δὲ
650 1625 916 1694 λεγόντων
945 1627 1119 1698 ἡμῶν,
1154 1629 1235 1682 ὃτι
1264 1628 1340 1699 τῷ
1371 1628 1527 1697 αἰτίῳ
1564 1627 1755 1698 μείζων

1941 1624 2056 1679 XV.
2093 1624 2212 1679 Jam
2252 1624 2298 1677 si
2338 1624 2641 1679 dicentibus
2677 1624 2852 1688 nobis,
2903 1623 3146 1690 Patrem,
3174 1637 3436 1698 quantum

174 1714 203 1765 ὁ
246 1713 440 1786 Πατὴρ
464 1714 559 1768 τοῦ
587 1713 741 1779 Υἱού,
776 1716 1172 1787 προσλαϐόντες
1193 1717 1312 1788 τὴν,
1341 1717 1414 1769 Τὸ
1445 1717 1503 1770 δὲ
1533 1716 1645 1783 (14)
1674 1714 1762 1770 αἶ-

172 1819 292 1856 τιον
329 1804 510 1871 φύσει,
547 1805 842 1875 ’πρότασιν⁹
893 1805 1101 1872 ἔπειτα,
1139 1806 1211 1859 Τὸ
1248 1805 1433 1879 μεῖξον
1466 1808 1533 1877 τῇ
1577 1804 1762 1874 φύσει,

176 1897 511 1965 συνάγωσιν·
561 1898 660 1950 οὐκ
693 1895 809 1951 οἶδα
848 1900 1074 1970 πότερον
1102 1899 1327 1962 ἑαυτοὺς
1369 1896 1762 1969 παραλογίζον-

173 2005 288 2053 ται,
316 1989 350 2056 ἢ
377 1989 505 2052 τοὺς
532 1988 667 2059 πρὸς
696 1987 789 2053 οὓς
813 1991 841 2041 ὁ
863 1989 1039 2058 λόγος.
1068 1990 1141 2042 Οὐ
1165 1990 1272 2061 γὰρ
1291 1988 1476 2053 ἁπλῶς
1502 1988 1634 2059 (l5),
1661 1989 1760 2041 ὅσα

174 2080 319 2132 κατά
340 2096 484 2143 τινος
508 2079 745 2149 λέγεται,
777 2080 950 2135 ταῦτα
974 2081 1067 2133 καὶ
1098 2081 1239 2134 κατὰ
1276 2081 1369 2134 τοῦ
1399 2081 1759 2151 ὑποκειμένου

170 2171 349 2241 τούτῳ
382 2170 714 2241 ῥηθήσεται·
743 2169 877 2223 ἀλλὰ
919 2170 1074 2241 δῆλον
1119 2172 1257 2225 κατὰ
1283 2172 1444 2236 τίνος,
1481 2172 1575 2226 καὶ
1616 2172 1757 2225 τίνα.

185 2261 343 2313 Ἐπεὶ
365 2261 418 2312 τί
446 2260 643 2313 κωλύει
675 2260 817 2329 κάμὲ
843 2259 1049 2329 ταύτην
1078 2259 1337 2330 πρότασιν
1372 2259 1757 2329 ποιησάμενον,

170 2354 298 2424 τὴν,
348 2354 431 2407 ὅτι
473 2354 530 2406 ’0
564 2352 753 2423 Πατὴρ
780 2351 981 2423 μείζων
1003 2354 1069 2423 τῇ
1102 2351 1283 2421 φύσει,
1314 2351 1501 2404 ἔπειτα
1526 2351 1762 2422 προσλα-

172 2446 340 2500 ϐόντα
376 2445 456 2506 τὸ,
511 2446 674 2497 Φύσει
709 2446 766 2499 δὲ
796 2446 856 2497 οὐ
898 2445 1115 2508 πάντως
1154 2444 1353 2516 μείζων
1394 2444 1515 2497 οὐδὲ
1540 2444 1754 2513 Πατήρ·

169 2536 426 2591 ἐντεῦθεν
463 2540 811 2605 συναγαγεῖν·
849 2537 922 2591 Τὸ
985 2535 1168 2607 μεῖζον
1197 2537 1259 2589 οὐ
1295 2536 1511 2599 πάντως
1544 2534 1756 2604 μεῖζον·

167 2627 229 2697 ἦ,
264 2629 323 2681 Ὀ
353 2627 542 2698 Πατὴρ
575 2629 636 2681 οὐ
672 2628 887 2690 πάντως
915 2628 1126 2698 Πατήρ.
1158 2628 1221 2679 Ei
1252 2626 1430 2696 βούλει
1459 2625 1515 2678 δὲ
1552 2624 1753 2689 οὕτως·

181 2717 244 2771 ⁹0
298 2717 454 2782 Θεὸς,
487 2718 672 2771 οὐσία·
723 2716 785 2770 Ἠ
818 2717 975 2770 οὐσία
1035 2717 1111 2781 δὲ,
1142 2718 1204 2770 ού
1258 2718 1474 2780 πάντως
1508 2716 1669 2779 Θεός·
1700 2715 1761 2768 τὸ

171 2807 304 2877 ἑξῆς
329 2808 489 2871 αὐτὸς
519 2809 790 2877 συνάγαγε
819 2809 960 2879 (16)·
1007 2809 1068 2863 '0
1094 2808 1226 2873 Θεὸς
1262 2809 1323 2861 οὐ
1362 2809 1577 2871 πάντως
1606 2806 1757 2870 Θεὸς.

183 2900 325 2953 Ἀλλ’
353 2896 525 2971 οἶμαι,
555 2903 706 2972 παρὰ
729 2902 789 2955 τὸ
816 2902 891 2972 πῆ
921 2902 1031 2972 (i7)
1062 2901 1154 2955 καὶ
1181 2900 1367 2965 ἁπλῶς
1399 2903 1427 2954 ό
1462 2900 1757 2972 παραλογι-

1872 1716 1940 1770 ad
1966 1730 2211 1782 causam,
2240 1715 2376 1769 Filio
2407 1716 2668 1785 majorem
2696 1731 2837 1781 esse,
2875 1716 2974 1784 ipsi
3018 1716 3157 1771 hanc
3190 1720 3435 1787 proposi-

1863 1807 2061 1862 tionem
2093 1812 2409 1895 assumanttE
2437 1807 2506 1860 At
2528 1821 2689 1861 causa
2729 1816 2917 1861 natura
2945 1824 2958 1873 ;
2984 1817 3278 1878 posteaque
3304 1825 3438 1865 con-

1862 1898 2166 1955 clusionem
2204 1899 2344 1953 hanc
2404 1900 2774 1954 mihnectant:
2819 1899 2959 1970 Ergo
3001 1899 3174 1968 major
3207 1910 3434 1968 natura;

1836 1991 2010 2045 haud
2039 1991 2177 2054 scio,
2217 1991 2498 2057 seipsosne
2552 1991 2750 2060 potius,
2805 2007 2871 2046 an
2929 2005 3044 2054 eos,
3095 2007 3215 2046 cum
3241 1993 3440 2061 quibus

1861 2083 2163 2152 disputant,
2190 2083 2436 2154 captiosa
2492 2083 2595 2138 bac
2625 2084 3101 2154 argumentatione
3128 2083 3438 2139 circumve-

1865 2175 2036 2229 niant.
2072 2164 2433 2243 Neque'enim
2483 2174 2827 2245 simpliciter,
2878 2190 3212 2245 quaecunque
3245 2176 3310 2230 de
3336 2176 3439 2230 ali-

1861 2280 1967 2334 quo
1993 2266 2264 2331 dicuntur,
2302 2265 2468 2321 etiam
2491 2266 2556 2320 de
2581 2280 2669 2331 eo,
2703 2268 2845 2331 quod
2875 2266 2974 2335 ipsi
3003 2267 3307 2336 subjectum
3331 2276 3436 2334 est,

1862 2358 2157 2421 dicuntur;
2190 2357 2285 2411 sed
2344 2356 2685 2425 perspicuum
2730 2366 2814 2410 est
2850 2360 2917 2411 du
2944 2372 3074 2427 quo,
3103 2366 3158 2411 et
3187 2373 3438 2428 quamam

1860 2448 2131 2502 dicantur.
2192 2448 2405 2516 Alioqui
2457 2449 2587 2517 quid
2644 2449 2918 2516 prohibet,
2977 2450 3267 2517 quominus
3323 2448 3440 2519 ipse

1861 2554 2079 2609 quoque
2111 2539 2271 2594 allata
2322 2540 2425 2594 hac
2469 2539 2841 2609 propositione
2880 2558 2892 2593 :
2942 2538 3103 2594 Pater
3130 2539 3302 2608 major
3345 2554 3439 2595 na-

1863 2639 1983 2684 tura
2011 2640 2133 2699 est;
2166 2646 2230 2686 ac
2279 2630 2474 2686 deinde
2524 2640 2801 2701 assumpta
2856 2632 3021 2686 altera
3054 2647 3068 2683 :
3106 2630 3307 2689 Natura
3341 2647 3439 2686 au-

1863 2734 1970 2778 tem
1997 2738 2101 2777 non
2131 2723 2353 2778 omnino
2381 2721 2573 2791 major,
2604 2738 2778 2793 neque
2806 2722 3001 2790 Pater;
3034 2723 3107 2777 ita
3164 2732 3437 2793 postremo

1861 2816 2216 2872 concludam:
2249 2814 2421 2886 Majus
2479 2815 2646 2885 igitur
2689 2830 2796 2870 non
2820 2815 3039 2869 omnino
3086 2815 3299 2884 majus;
3329 2813 3435 2878 vel,

1863 2905 2026 2960 Pater
2046 2920 2153 2960 non
2200 2906 2423 2960 omnino
2470 2903 2653 2959 Pater.
2702 2903 2811 2958 Aut
2876 2904 2922 2958 si
2970 2903 3161 2970 mavis,
3190 2904 3256 2958 ad
3293 2904 3439 2958 hunc

172 2994 312 3065 σμὸς
335 2989 511 3059 οὗτος,
536 2994 611 3059 ὡς
641 2997 753 3059 τοῖς
777 2997 903 3067 περὶ
932 2994 1104 3049 ταῦτα
1130 2994 1469 3065 τεχνολογεῖν
1504 2991 1752 3063 σύνηθες.

1870 2997 2082 3052 modum
2139 3010 2341 3067 agam:
2380 2995 2530 3055 ,Deus
2576 3002 2659 3049 est
2710 2995 2985 3050 essentia:
3034 2994 3280 3050 Essentia
3325 3010 3433 3050 non

181 3085 375 3156 Ἢμῶν
411 3084 519 3157 γὰρ
551 3086 617 3139 τὸ
646 3084 849 3157 μεῖζον
872 3089 937 3157 τῇ
962 3086 1053 3139 τοῦ
1084 3086 1255 3140 αίτίου
1291 3085 1450 3153 φύσει
1488 3084 1756 3149 διδόντων,

170 3178 329 3233 αὐτοὶ
350 3177 411 3230 τὸ
432 3180 497 3248 τῇ
534 3177 691 3246 φύσει
728 3176 911 3248 μεῖζον
933 3177 1256 3245 ἐπάγουσιν·
1288 3177 1476 3248 ὥσπερ
1503 3177 1568 3230 ἂν
1591 3175 1757 3247 (18)εί

169 3268 268 3321 καὶ
326 3267 593 3336 λεγόντων
627 3267 804 3339 ἡμῶν,
840 3270 922 3322 ὅτι
950 3270 978 3320 ὁ
1005 3267 1149 3321 δεῖνα
1201 3267 1393 3339 νεκρὸς
1451 3267 1753 3339 ἄνθρωπος,

170 3361 361 3425 ἀτελῶς
384 3362 591 3432 ἐπῆγον
608 3361 762 3414 αὐτοὶ
793 3360 886 3415 τόν
915 3360 1220 3432 ἄνθρωπον.

1865 3088 2086 3143 omnino
2118 3095 2202 3141 est
2253 3086 2427 3153 Deus;
2483 3085 2626 3154 quod
2677 3084 2913 3154 sequitut
2978 3085 3091 3155 ipse
3130 3085 3429 3142 conclude:

1865 3182 2007 3252 Ergo
2041 3181 2185 3235 Dens
2219 3195 2325 3235 non
2357 3179 2580 3235 omnino
2620 3179 2779 3233 Deus.
2822 3177 3043 3243 Verum,
3078 3179 3132 3233 ni
3167 3178 3343 3245 fallor,
3364 3180 3432 3235 ab

1862 3281 1949 3329 eo,
1983 3266 2128 3335 quod
2160 3268 2456 3321 secundum
2491 3266 2759 3321 rationem
2796 3266 3083 3334 quamdam
3115 3266 3333 3329 dicitur,
3365 3268 3433 3322 ad

1864 3358 1915 3413 id
1946 3358 2087 3428 quod
2111 3357 2428 3426 simpliciter
2443 3358 2661 3423 dicitur,
2685 3360 2925 3427 captiose
2947 3359 3291 3429 progreditur
3316 3359 3434 3415 hzec

168 3451 597 3522 argumentatio,
628 3450 769 3519 quod
801 3449 935 3503 artis
984 3449 1141 3516 hujus
1175 3447 1437 3503 studiosis
1478 3447 1737 3501 usitatum
1779 3456 1858 3501 εει
1885 3455 1939 3501 et
1977 3446 2265 3501 familiare.
2297 3445 2433 3500 Nam
2497 3461 2621 3501 cum
2683 3460 2781 3501 nos
2817 3448 2957 3501 hanc
2986 3462 3192 3513 vocem,
3224 3447 3421 3519 majus,

167 3559 351 3599 causa:
402 3552 611 3597 natura:
660 3544 981 3607 tribuamus,
1055 3540 1298 3597 inferunt
1353 3541 1475 3610 ipsi,
1518 3555 1739 3595 causam
1782 3542 1970 3592 natura
2006 3539 2262 3609 majorem
2318 3552 2456 3593 esse.
2494 3538 2649 3605 Quod
2694 3538 2919 3609 perinde
2949 3548 3052 3606 est,
3112 3554 3177 3594 ac
3241 3541 3288 3595 si
3331 3541 3415 3595 di-

170 3638 427 3692 centibus
454 3637 609 3690 nobis
634 3653 648 3689 :
682 3636 782 3690 Hic
811 3645 1055 3690 mortuus
1079 3634 1274 3701 homo;
1303 3635 1569 3690 inferrent
1604 3636 1704 3703 ipsi
1729 3649 1742 3687 :
1787 3634 1926 3704 Ergo
1955 3635 2137 3688 homo.

237 3729 359 3797 Iq".
417 3730 621 3782 Ἐκεῖνο
644 3729 701 3782 δὲ
724 3729 839 3793 πῶς
864 3727 1334 3800 παραδρὰμωμεν,
1362 3728 1574 3792 οὐδενὸς
1601 3724 1762 3800 ἧττον

163 3823 275 3877 τῶν
305 3821 616 3893 εἰρημένων
642 3820 702 3873 ὃν
735 3820 1063 3889 ἀξιάγαστον
1088 3838 1102 3887 ;
1144 3820 1201 3874 Ὀ
1223 3820 1435 3893 Πατὴρ,
1470 3820 1654 3891 φησὶν,
1673 3821 1763 3873 οὐ-

167 3916 314 3980 σίας,
355 3915 389 3986 ἢ
425 3912 708 3985 ἐνεργείας
736 3914 936 3984 ὄνομα·
962 3914 1037 3977 ὡς
1069 3913 1459 3984 ἀμφοτέρωθεν
1494 3916 1642 3984 ἡμᾶς
1670 3913 1764 3984 δή·

1939 3724 2081 3781 Χνι.
2113 3724 2395 3792 Quomodo
2429 3734 2610 3781 autem
2642 3725 2805 3791 istud,
2835 3726 2977 3793 quod
3015 3736 3161 3780 certe
3189 3742 3295 3781 non
3331 3727 3435 3782 mi-

1864 3820 1982 3874 nori
2015 3819 2376 3873 admiratione
2408 3820 2629 3888 dignum
2684 3828 2791 3884 est,
2837 3834 2999 3889 quam
3031 3834 3152 3886 quae
3187 3821 3438 3889 superius

1869 3911 2013 3965 dicta
2043 3920 2193 3978 sunt,
2242 3911 2759 3980 prtetermittcmus?
2798 3908 2956 3965 Pater
2980 3950 2995 3974 ,
3051 3911 3323 3981 inquiunt,
3354 3912 3438 3967 vel

166 4025 378 4073 σοντες.
412 4009 477 4060 Εἰ
506 4007 606 4073 μὲν
630 4006 818 4070 οὐσίας
835 4010 1099 4077 φήσομεν,
1126 4006 1566 4077 συνθησομένους
1582 4008 1755 4078 ἑτερο-

1870 4005 2136 4068 essentirr,
2202 4004 2287 4057 vel
2338 4004 2572 4058 actionis
2625 4017 2821 4058 nomen
2878 4010 2991 4056 est:
3051 4002 3130 4056 sic
3170 4003 3315 4057 enim
3340 4018 3439 4059 nos

162 4101 350 4157 ούσιον
373 4096 513 4154 εἶναι
541 4100 632 4153 τὸν
656 4100 782 4152 Υἰόν
802 4117 814 4129 ·
843 4100 1028 4170 ἐπειδὴ
1051 4101 1146 4170 μία
1167 4100 1265 4171 μὲν
1280 4099 1437 4152 οὐσία
1458 4099 1617 4163 Θεοῦ,
1636 4100 1762 4153 ταύ-

161 4213 267 4266 την
300 4194 380 4257 δὲ,
413 4192 490 4256 ὡς
515 4187 680 4255 οὗτοι,
700 4191 1135 4261 προκατείληφεν
1157 4193 1184 4243 ό
1215 4193 1432 4261 Πατήρ
1468 4192 1517 4243 εί
1545 4190 1599 4243 δὲ
1617 4193 1759 4262 ἐνερι

161 4288 347 4357 τείας,
362 4285 573 4355 ποίημα
591 4283 779 4353 σαφῶς
799 4283 1032 4353 όμολογή
1041 4300 1253 4347 σοντας,
1268 4282 1383 4335 ἀλλ’
1405 4282 1466 4335 ού
1487 4283 1754 4353 γέννημα*

161 4374 227 4434 οὗ
257 4378 370 4450 γὰρ
396 4379 425 4431 ὁ
453 4376 716 4448 ἐνεργῶν,
742 4378 857 4429 ἐκεῖ
882 4377 1100 4439 πάντως
1133 4377 1227 4428 καὶ
1251 4375 1313 4428 τὸ
1345 4375 1753 4446 ὲνεργούμενον.

1863 4094 2117 4164 utrinque
2149 4095 2224 4148 ita
2277 4096 2540 4150 astrictos
2597 4103 2806 4164 putant,
2842 4105 2902 4149 ut
2949 4093 3092 4148 nulla
3129 4096 3339 4149 ratione
3366 4111 3434 4150 ex

1861 4200 2049 4239 eorum
2091 4184 2322 4240 vinculis
2349 4186 2490 4241 elabi
2532 4188 2822 4257 possimus.
2876 4187 2932 4243 Si
2974 4189 3121 4243 enim
3182 4191 3436 4246 essentia

1866 4292 2062 4331 nomen
2089 4291 2209 4331 esse
2235 4278 2555 4342 dixerimus,
2580 4280 2960 4343 assentieinur,
3013 4286 3073 4333 ut
3097 4279 3434 4348 existimant,

1866 4370 2065 4423 Filiqu
2107 4369 2377 4423 diversam
2406 4386 2435 4423 a
2477 4370 2636 4425 Patre
2665 4370 2956 4425 essentiam
2986 4371 3225 4428 habere:
3255 4388 3432 4442 quan-

162 4471 278 4525 Καὶ
291 4467 411 4532 πῶς
426 4465 505 4537 τῷ
520 4466 841 4535 πεποιηκότι
860 4464 1052 4519 ταυτὸν
1071 4464 1132 4517 τὸ
1146 4463 1530 4533 πεποιημένον,
1549 4462 1649 4517 οαυ
1658 4462 1755 4533 μά·

1870 4461 2156 4531 doquidem
2216 4476 2320 4515 una
2368 4463 2440 4518 sit
2488 4462 2581 4519 Dei
2629 4462 2888 4529 essentia,
2933 4478 3096 4533 quam
3149 4464 3331 4531 Pater,
3373 4476 3436 4522 ut

162 4685 653 4748 Eunomianorum,
691 4691 744 4737 et
796 4680 1041 4750 exemplo
1098 4695 1291 4735 canum
1360 4680 1501 4749 quod
1558 4678 1750 4735 affere-

160 4760 318 4813 bant.

235 4827 353 4896 (Η)
394 4825 681 4896 Φύσεωνη
707 4821 854 4887 Par.,
891 4821 1089 4893 aliique
1134 4820 1375 4877 nonnulli
1416 4821 1650 4887 codices,
1697 4828 1752 4875 et

160 4894 289 4953 Bas.
335 4894 581 4964 ⁷θιΙ.,τῆς
615 4894 851 4963 φύσεως.

239 4969 356 5039 (lg)
379 4969 450 5039 Ei
469 4962 825 5039 τόὶσότιμον
846 4963 933 5033 μὴ
963 4964 1180 5039 ἔχοιεν.
1219 4983 1248 5039 Δ(
1280 4963 1510 5019 Delenda
1542 4969 1647 5039 est,
1676 4962 1751 5039 in-

162 5032 284 5108 quit
312 5037 524 5102 Billins,
563 5032 1127 5108 particula'_ncg_ativa
1164 5034 1428 5108 umqum
1465 5032 1642 5087 exsta't
1695 5032 1749 5086 in

166 5103 512 5176 Hervagiano
543 5103 747 5161 codice.
782 5124 800 5156 ι
834 5103 1187 5176 Conrbetisius
1216 5103 1447 5176 primum
1477 5116 1745 5176 repugna-

164 5181 265 5243 vit,
288 5173 382 5232 sed
409 5178 603 5231 deinde
626 5176 916 5229 consensit.
959 5173 1066 5229 Nos
1095 5191 1223 5229 vero
1258 5174 1561 5242 ncgativam
1607 5174 1747 5243 hanc

164 5241 488 5316 particulam
531 5246 753 5300 minime
784 5245 1063 5316 delendam
1115 5241 1427 5316 censemus.
1456 5241 1747 5316 Gregorius

162 5313 310 5373 enim
345 5317 711 5371 Eunomianos
736 5315 1006 5380 refellens,
1034 5315 1270 5369 ostendit
1305 5314 1637 5382 propositum
1677 5313 1744 5366 ab

164 5391 297 5456 ipsis
325 5387 648 5457 ὁμωνυμίας
676 5387 1029 5457 exemplum,
1050 5386 1116 5439 ad
1145 5387 1507 5457 aequalitatem
1552 5396 1744 5450 qnam-

162 5462 288 5513 dam
319 5458 501 5527 specie
522 5456 690 5510 tenus
717 5458 768 5510 in
820 5456 1067 5525 personis
1119 5456 1745 5527 servandatn,_iueptum

161 5542 320 5591 esse;
353 5523 433 5592 et,
452 5527 710 5597 quidquid
737 5523 1025 5596 augentur,
1057 5540 1241 5594 parem
1269 5541 1373 5579 non
1410 5523 1748 5597 habereha—

165 5600 318 5654 noris
353 5591 693 5667 dignitatem,
720 5596 770 5649 id
810 5591 951 5665 quod
978 5591 1491 5667 itaidividuntanec
1516 5591 1748 5659 denique

162 5684 230 5723 eo
258 5666 444 5724 animo
469 5683 664 5721 canum
688 5666 1006 5737 ὁμωνυμίαν
1033 5666 1101 5720 ab
1142 5666 1270 5733 ipsis
1301 5666 1570 5737 inductam
1606 5677 1745 5737 esse,

166 5751 225 5793 ut
258 5740 375 5797 uari
414 5738 676 5797 diauitatc
720 5733 837 5794 esse
870 5733 1130 5799 personas
1169 5735 1541 5801 ostenderent,
1572 5733 1665 5791 sed
1692 5742 1749 5789 ut

1859 4683 2095 4751 impares
2134 4685 2449 4752 probarent.

1925 4753 2035 4824 (15)
2069 4756 2151 4809 οὐ
2181 4754 2293 4823 γὰρ
2319 4756 2420 4809 ἵν’.
2476 4753 2569 4812 Sic
2595 4754 2761 4811 Coisl.
2810 4754 2836 4808 1
2887 4763 2941 4809 et
2971 4753 3027 4819 5,
3066 4752 3159 4809 Or.
3194 4753 3245 4820 1,
3283 4752 3434 4822 Par.,

1851 4831 1957 4878 etc.
1986 4824 2141 4878 Deest
2177 4824 2263 4879 ἵνα
2300 4826 2351 4878 in
2392 4826 2479 4880 ed.

1955 4893 2035 4961 l4)
2064 4893 2155 4948 Δέ.
2198 4896 2356 4949 Decst
2381 4897 2431 4947 in
2463 4894 2753 4949 nonnullis.

1950 4963 2034 5032 15)
2094 4966 2177 5019 Οὐ
2236 4966 2347 5034 γὰρ
2401 4963 2628 5036 ἁπλῶς,
2693 4974 2798 5019 etc.
2866 4962 3049 5036 Schol.
3114 4978 3129 5036 ς
3187 4962 3290 5036 Οὑῌ
3326 4964 3434 5036 γὰρ

1850 5032 1950 5088 ὅσα
1985 5036 2125 5089 κατὰ
2186 5032 2279 5088 τοῦ
2310 5032 2508 5088 ήαίτίου
2561 5034 2799 5104 λέγεται,
2862 5035 2957 5087 καὶ
3002 5032 3144 5087 κατὰ
3196 5032 3292 5085 τοῦ
3328 5032 3433 5102 cpti-

1854 5122 1956 5157 σει·
1994 5123 2012 5155 ι
2049 5106 2165 5161 Νοη
2201 5106 2345 5159 enim
2382 5121 2716 5174 quaecunque
2753 5106 2820 5158 de
2858 5119 3020 5159 causa
3050 5105 3324 5169 dicuntur,
3366 5106 3434 5159 de

1853 5191 1917 5230 eo
1939 5176 2099 5229 etiam
2130 5176 2270 5244 quod
2301 5184 2383 5229 est
2412 5185 2604 5244 natura
2632 5176 2905 5244 dicuntur.

1924 5244 2037 5313 (16)
2072 5241 2403 5315 Σύνάγαγε.
2439 5243 2555 5315 [luo
2596 5244 2730 5313 Reg.
2764 5255 2817 5297 ct
2843 5241 2937 5297 Or.
2973 5244 3026 5306 1,
3067 5241 3288 5315 σύναγε.

1922 5311 2034 5385 (l7)
2076 5311 2257 5382 Παρὰ
2289 5311 2353 5368 τὸ
2387 5312 2493 5381 πῆ.
2519 5313 2654 5384 Reg.
2683 5311 2740 5378 ο,
2770 5315 3119 5385 παρατροπῇ.
3164 5311 3329 5367 Coisl.
3376 5312 3429 5379 1,

1852 5388 2236 5457 παρατροπήν.

1917 5450 2290 5526 (’18)’ᾭσίπερ
2307 5453 2536 5526 ἀνέξω.
2569 5453 2660 5526 Sic
2682 5452 2904 5526 exponit
2929 5452 3073 5526 Eligis
3109 5467 3123 5503 :
3158 5470 3177 5502 ί
3201 5450 3434 5526 Perinde

1845 5519 2052 5580 scilicet
2090 5519 2355 5579 faciebant
2392 5519 2775 5595 (Eunomiani),
2822 5537 2885 5595 ac
2913 5523 2958 5578 si
2998 5521 3282 5577 dicerent:
3329 5519 3431 5595 llic

1849 5596 1931 5649 vel
1967 5596 2052 5650 ille
2086 5597 2248 5650 homo
2297 5592 2540 5649 mortuus
2590 5610 2694 5647 non
2735 5592 3045 5663 respirat:
3074 5608 3202 5663 ergo
3244 5592 3423 5663 omnis

1849 5670 2011 5721 homo
2048 5682 2153 5720 non
2203 5667 2449 5735 respirat.
2490 5663 2608 5727 Vel,
2642 5663 2893 5735 {Ethiops
2946 5662 3099 5719 albus
3135 5662 3221 5720 est
3248 5662 3427 5718 deuti-

1846 5738 1987 5794 bus:
2016 5752 2143 5806 ergo
2184 5747 2327 5793 totus
2366 5738 2518 5795 albus
2544 5746 2644 5796 est.
2683 5754 2703 5787 ι
