3890 6214
489 291 562 348 95
1729 310 1785 365 S.
1827 311 2155 371 GREGORII
2193 315 2540 375 THEOLOGI
3110 348 3115 352 ν
3670 330 3744 388 96

488 416 870 474 ceusent,1am
926 420 1055 470 ante
1109 419 1411 485 occuparit.
1449 421 1546 477 Sin
1578 434 1759 480 autem
1807 429 2033 484 actionis

2161 434 2279 499 ζειν
2291 436 2573 507 φήσουσιν.
2601 436 2811 508 Σφόδρα
2826 436 2892 493 ἂν
2907 438 3137 511 ᾐδέσθην
3167 439 3320 511 ὐμῶν
3346 441 3440 495 καὶ
3463 443 3628 509 αὐτὸς
3640 448 3748 515 τὴν

483 506 728 553 creatum
759 514 881 556 esse
936 502 1251 573 fatebimur,
1307 509 1466 582 535
1514 530 1620 571 non
1657 519 1919 587 genitum.
1957 523 2056 577 Ubi

482 592 627 645 enim
657 600 742 647 est
770 609 956 663 agens,
988 597 1101 654 illic
1128 615 1345 671 quoque
1375 606 1603 662 omnino
1639 609 1693 662 id
1718 612 1859 680 quod
1883 614 2059 683 agitur

479 699 603 739 esse
629 700 851 744 necesse
897 701 1001 745 est.
1063 694 1142 749 Ac
1169 696 1357 752 mirari
1421 712 1481 754 se
1512 701 1713 766 dicent,
1763 720 1868 774 quo
1901 717 2058 775 pacto

482 776 679 832 factum
730 795 853 836 cum
908 783 1119 843 factore
1164 788 1306 844 idem
1359 806 1483 849 esse
1511 806 1697 866 queat.
1724 797 1806 853 Me
1843 816 2058 870 quoque

480 866 656 935 ipsum
690 874 1042 931 vehementer
1097 879 1209 936 haec
1245 884 1519 940 distinctio
1562 898 1739 944 vestra
1776 866 2058 960 permove-

479 971 582 1022 ret,
608 961 654 1015 si
684 964 815 1021 mihi
834 967 1061 1023 duorum
1088 970 1410 1030 alterutrum
1438 982 1747 1036 necessario
1769 983 2057 1041 admitten~

486 1048 611 1101 dum
640 1063 804 1117 esset,
865 1068 927 1109 ac
982 1072 1088 1111 non
1142 1062 1345 1128 potius,
1399 1073 1629 1134 utraque
1682 1067 2055 1136 disjunctiouis

478 1151 632 1205 parte
662 1143 851 1209 vitata,
886 1148 1104 1203 tertium
1145 1152 1349 1222 aliquid
1391 1159 1577 1213 verius
1624 1159 1811 1216 dicere
1844 1161 2051 1219 liceret.

475 1228 588 1285 Nec
612 1233 753 1289 enim
795 1240 1047 1295 essentia:
1076 1257 1269 1299 nomen
1325 1258 1415 1302 est
1450 1247 1629 1316 Pater,
1664 1267 1699 1307 o
1731 1255 1830 1310 viri
1857 1257 2055 1311 acutis-

475 1324 620 1388 simi,
654 1342 751 1382 nec
803 1331 1067 1399 actionis;
1114 1337 1208 1392 sed
1270 1339 1588 1396 relationem
1644 1360 1763 1401 eam
1826 1346 2049 1412 indicat,

473 1430 638 1485 quam
660 1417 820 1475 Pater
850 1439 978 1495 erga
1018 1424 1214 1481 Filium
1250 1429 1433 1497 habet,
1469 1433 1549 1486 vel
1585 1434 1761 1492 Filius
1784 1454 1912 1508 erga
1952 1440 2051 1495 Pa-

479 1516 636 1562 trem.
683 1511 753 1568 Ut
792 1514 935 1569 euim
969 1519 1110 1585 apud
1170 1536 1269 1576 nos
1304 1521 1421 1577 hmc
1460 1525 1678 1581 nomina
1738 1544 2049 1599 germanam

486 1602 774 1669 quamdam
807 1607 1247 1676 eonjunctionem
1282 1622 1337 1668 et
1384 1618 1838 1674 necessitudinem
1862 1621 2046 1678 decla-

472 1699 638 1746 rant:
674 1694 741 1748 ad
764 1699 1013 1751 eumdem
1065 1704 1283 1754 modum
1335 1702 1447 1758 illic
1482 1720 1699 1775 quoque
1750 1711 2047 1779 genitorem

2163 523 2445 595 διαίρεσιν,
2464 528 2512 579 εί
2526 525 2634 579 τῶν
2647 526 2740 581 δύο
2762 527 2822 581 τὸ
2848 528 3033 602 ἕτερον
3055 530 3303 595 δέξασθαι
3336 527 3404 604 ἦν
3422 534 3743 603 ἀναγκαῖον,

2165 614 2301 668 ἀλλὰ
2330 615 2405 687 μὴ
2430 616 2499 670 τὰ
2528 616 2622 670 δύο
2647 618 2999 687 διαφυγόντα,
3024 620 3205 690 τρίτον
3245 623 3419 676 εἰπεῖν
3446 623 3715 698 ἀληθέστε

2166 723 2259 777 ρον
2280 725 2294 738 ο
2329 708 2411 761 ὅτι
2443 707 2566 761 οὔτε
2604 710 2793 774 οὐσίας
2826 711 2998 782 ὄνομα
3029 714 3061 765 ὁ
3089 714 3298 783 Πατὴρ,
3345 708 3390 768 ὧ
3417 715 3741 786 σοερώτατοι,

2161 796 2284 851 οὔτε
2315 799 2624 870 ὲνεργείαςυ
2662 801 2899 872 σχέσεως
2932 802 2989 855 δὲ
3033 804 3128 857 καὶ
3171 804 3265 858 τοῦ
3305 806 3422 870 πῶς
3453 806 3567 879 ἔχει
3607 810 3745 881 πρὸς

2159 888 2252 940 τὸν
2283 888 2408 942 Υἱὸν
2453 892 2483 943 ὁ
2531 890 2743 961 Πατὴρ,
2776 890 2808 962 ἢ
2844 893 2877 944 ὁ
2906 892 3029 955 Υἱὸς
3064 894 3203 964 πρὸς
3248 895 3338 949 τὸν
3377 899 3618 970 Πατέρα.
3656 901 3747 966 Ὠς

2160 979 2271 1051 γὰρ
2298 983 2428 1051 παρ’
2456 984 2586 1054 ἡμῖν
2616 986 2672 1036 αἱ
2707 983 2930 1054 κλήσεις
2969 980 3128 1040 αὗται
3165 988 3227 1040 τὸ
3258 991 3479 1061 γνήσιον
3523 993 3622 1046 καὶ
3662 995 3746 1046 oi-

2160 1074 2306 1126 κεῖον
2328 1074 2707 1144 γνωρίζουσιν,
2731 1074 2875 1128 οὔτω
2897 1077 3059 1130 κάκεῖ
3083 1078 3183 1149 τὴν
3211 1079 3305 1133 τοῦ
3337 1085 3745 1155 γεγεννημένου

2160 1162 2296 1232 πρὸς
2321 1163 2381 1216 τὸ
2405 1166 2732 1236 γεγεννηκὸς
2759 1167 3035 1238 ὁμοφυῒαν,
3057 1171 3433 1240 σημαίνουσιν.
3462 1175 3646 1228 Ἔστω
3661 1176 3742 1241 δὲ,

2158 1251 2314 1320 ὑμῶν
2342 1253 2519 1323 χάριν,
2550 1254 2645 1307 καὶ
2667 1255 2857 1321 οὐσίας
2886 1257 2998 1330 (19)
3023 1276 3105 1323 τις
3125 1260 3154 1312 ὁ
3174 1262 3396 1334 Πατήρο
3434 1266 3744 1333 πνεισάξει

2156 1343 2248 1396 τὸν
2298 1343 2447 1408 Υἰὸν,
2501 1346 2602 1399 οὐκ
2643 1345 3012 1419 ἀλλοτριώσει,
3068 1351 3208 1405 κατὰ
3252 1353 3354 1417 τὰς
3405 1355 3594 1420 κοινὰς
3657 1360 3744 1411 ὲν-

2155 1435 2305 1498 νοίας
2334 1435 2471 1504 (20),
2501 1437 2596 1490 καὶ
2653 1437 2753 1509 τὴν
2808 1439 2917 1493 τῶν
2959 1442 3205 1512 κλήσεων
3246 1444 3452 1498 τούτων
3484 1445 3739 1516 δύναμιν.

2159 1528 2341 1581 Ἔστω
2373 1531 2467 1582 καὶ
2496 1531 2794 1602 ἐνεργείας,
2827 1533 2875 1586 εί
2898 1534 3057 1588 τοῦτο
3074 1535 3248 1589 δοκεῖ’
3281 1538 3400 1591 οὐδὲ
3422 1538 3566 1593 οὓτω
3589 1542 3622 1611 ἠ
3633 1542 3742 1609 μᾶς

2155 1620 2409 1690 αἱρήσετε
2446 1620 2576 1691 (21).
2610 1622 2751 1676 Αὐτὸ
2782 1623 2839 1677 δὲ
2870 1624 2981 1696 (22)
3013 1624 3171 1679 τοῦτο
3196 1629 3522 1700 ὲνηργηκὼς
3551 1631 3622 1684 ἂν
3651 1632 3740 1701 εἴη

2153 1709 2215 1762 τὸ
2254 1710 2560 1781 ὁμοούσιον,
2601 1712 2633 1783 ἥ
2673 1715 2767 1767 καὶ
2801 1714 2911 1785 (25)
2941 1716 3142 1780 ἄτοπος
3179 1718 3356 1784 ἄλλως
3393 1724 3426 1791 ἠ
3460 1723 3563 1792 τῆς
3605 1725 3741 1793 περὶ

472 1798 538 1836 ac
577 1787 816 1849 genitum
861 1790 1105 1843 eamdem
1168 1802 1417 1848 naturam
1472 1795 1674 1851 habere
1726 1800 2038 1868 significant

2155 1802 2313 1855 τοῦτο
2335 1804 2614 1875 ἐνεργείας
2644 1806 2927 1877 ὑπόληψις.
2969 1810 3132 1882 Ὁρᾷς
3150 1812 3296 1877 ὅπως
3324 1787 3498 1884 ὑμὼν,
3519 1787 3626 1868 ⁷καὶ
3642 1787 3744 1869 κα-

473 1871 581 1928 Sed
617 1875 688 1929 sit
727 1892 879 1943 sane,
913 1878 965 1933 in
999 1882 1161 1937 vestri
1188 1884 1443 1953 gratiam,
1477 1885 1637 1943 Pater
1681 1891 1933 1946 essentia:
1957 1906 2054 1949 no-

390 1974 396 1982 ·
472 1977 639 2020 men:
681 1964 880 2021 Filiqu
932 1970 1116 2040 utique
1153 1974 1316 2028 siu‘tul
1369 1976 1690 2044 introducet,
1738 1996 1842 2036 non
1871 1990 2050 2038 autem

472 2059 793 2125 removebit,
847 2069 903 2116 et
954 2063 1228 2131 alienabit,
1268 2076 1327 2120 ut
1368 2078 1421 2122 et
1451 2085 1764 2129 communes
1791 2075 2037 2130 notiones

473 2146 679 2213 ferunt,
703 2161 757 2205 et
793 2152 906 2222 ipsa
937 2155 1130 2209 horum
1166 2157 1447 2214 nominum
1478 2165 1559 2217 vis
1587 2176 1651 2217 ac
1684 2162 1931 2220 facultas.
1960 2164 2047 2220 Sit

468 2241 633 2294 etiam
663 2243 914 2308 actionis,
946 2246 991 2299 si
1025 2246 1096 2300 ita
1123 2248 1371 2305 videtur:
1417 2267 1516 2306 nec
1543 2253 1627 2308 sic
1664 2255 1880 2323 quidem
1919 2271 2044 2312 cau-

2151 1898 2414 1965 κομαχεῖν
2469 1896 2797 1966 ἐθελόντων,
2855 1900 2957 1964 τὰς
3032 1904 3272 1975 στροφὰς
3327 1905 3737 1979 διαφεύγομεν;

2148 1985 2302 2038 Ἐπεὶ
2354 1986 2413 2039 δέ
2465 2004 2560 2040 σου
2607 1988 2669 2042 τὸ
2721 1991 2779 2043 ὲν
2825 1993 2937 2053 τοῖς
2980 1992 3256 2065 λογισμοῖς
3290 1998 3385 2050 καὶ
3420 2003 3541 2061 ταῖς
3574 2016 3742 2071 στρο-

2149 2078 2277 2144 φαίς
2322 2077 2532 2148 ἄμαχον
2578 2078 2842 2149 ἔγνωμεν,
2876 2083 3074 2154 ἴδωμέν
3114 2103 3208 2139 σου
3245 2089 3340 2141 καὶ
3382 2090 3480 2157 τὴν
3516 2092 3581 2143 ἐκ
3625 2091 3739 2146 τῶν

2144 2163 2302 2218 θείων
2341 2166 2535 2236 λογίων
2573 2169 2749 2239 ἰσχὺν,
2792 2170 2858 2225 ἂν
2887 2171 2994 2226 ἄοα
3023 2173 3151 2247 δέξῃ
3188 2179 3482 2235 κάντεῦθεν
3513 2180 3732 2236 πείθειν

2142 2258 2313 2329 ἡμᾶς·

468 2345 585 2385 sam
618 2332 952 2391 obtinebitis.
986 2337 1185 2392 Eodem
1253 2341 1402 2396 enim
1453 2344 1610 2398 modo
1664 2346 1907 2402 dicemus
1938 2347 2040 2402 hoc
2080 2347 2255 2416 ipsum
2279 2350 2456 2419 egisse
2485 2352 2725 2419 Patrem,
2779 2364 2839 2410 ut
2876 2359 3355 2417 consubstantnalis
3413 2362 3519 2429 ipsi
3553 2363 3736 2421 Filius

466 2434 648 2494 esset;
677 2431 781 2484 etsi
811 2431 1009 2500 alioqui
1042 2433 1378 2491 absurditate
1402 2453 1505 2491 non
1541 2449 1693 2494 caret
1731 2440 2037 2510 hujusmodi
2080 2442 2312 2497 aetionis
2341 2446 2545 2512 opinio.
2610 2446 2846 2504 Videsne
2886 2465 2993 2519 quo
3037 2462 3215 2520 pacto,
3260 2457 3556 2524 quamlibet
3621 2457 3728 2511 im-

466 2526 634 2585 probe
657 2535 721 2575 ac
752 2521 983 2594 maligne
1014 2539 1255 2595 pugnare
1307 2530 1622 2600 studeatis,
1678 2534 1953 2603 captiones
2012 2543 2192 2590 tamen
2255 2549 2462 2591 vestras
2517 2538 2877 2610 effugiamus?
2932 2527 3195 2609 Quoniam
3234 2521 3409 2601 autem
3466 2548 3729 2605 invictum

467 2613 598 2669 illud
636 2622 782 2670 tuum
831 2616 886 2671 in
954 2620 1459 2680 ratiocinationibus
1502 2637 1557 2681 et
1626 2628 1855 2696 argutiis
1918 2629 2085 2684 robur
2121 2631 2498 2701 cognovimus,
2549 2634 2826 2690 videamus
2874 2635 2987 2704 jam
3037 2654 3198 2707 quam
3251 2641 3361 2696 vim
3410 2643 3463 2697 in
3528 2643 3726 2699 divini:

466 2708 702 2766 oraculis
729 2711 956 2780 positam
986 2714 1206 2784 habeas,
1233 2717 1280 2772 si
1311 2722 1470 2773 modo
1513 2721 1637 2775 hinc
1688 2736 1905 2792 quoque
1943 2722 2100 2779 nobis
2127 2725 2319 2791 dogma
2354 2734 2502 2780 tuum
2535 2729 2859 2794 persuadere
2885 2746 2988 2785 nou
3018 2748 3185 2803 grave
3205 2734 3389 2791 ducas.

540 2803 706 2860 XVII.
744 2804 855 2861 Nos
879 2807 1075 2878 quippe
1147 2825 1216 2866 ex
1253 2813 1463 2882 magnis
1521 2822 1575 2870 et
1624 2816 1855 2873 excelsis
1886 2818 2034 2873 voci-

462 2899 565 2951 bus
589 2896 714 2952 Filii
746 2899 1087 2955 divinitatem
1122 2905 1486 2974 percepimus,
1544 2922 1607 2961 ac
1650 2909 2033 2977 praedicamus.

459 2987 669 3056 Quibus
699 2989 959 3046 tandem?
987 2991 1085 3048 His
1109 2995 1391 3063 nimirum,
1420 2998 1581 3065 Deus,
1611 3000 1870 3067 Verbum,
1893 3005 2034 3073 quod
2065 3034 2105 3091 ο

459 3080 517 3134 in
548 3080 815 3150 principio
847 3091 986 3147 erat,
1025 3093 1078 3139 et
1116 3100 1237 3140 cum
1265 3089 1553 3158 principio,
1582 3098 1638 3146 et
1671 3093 2033 3162 principium:

459 3177 522 3224 ut
556 3170 609 3225 itt
646 3172 731 3227 bis
760 3171 927 3227 locis:
965 3172 1035 3229 In
1058 3174 1316 3245 principio
1348 3187 1462 3232 erat
1524 3178 1767 3247 Verbum,
1819 3192 1869 3237 et
1913 3181 2039 3238 Ver-

458 3262 582 3319 bum
612 3274 725 3319 erat
753 3268 893 3335 apud
930 3265 1114 3333 Deum,
1147 3276 1195 3320 et
1252 3267 1388 3323 Deus
1421 3282 1534 3324 erat
1587 3271 1810 3327 Verbum
1849 3275 1929 3340 “';
1960 3285 2034 3343 et,

462 3353 654 3410 Tecum
687 3358 1001 3427 principium
1036 3360 1115 3427 ‘7;
1147 3368 1223 3424 et,
1266 3360 1368 3424 Qui
1403 3373 1546 3416 vocat
1601 3381 1714 3419 eam
1748 3383 1781 3419 a
1820 3381 2038 3436 genera—

461 3446 691 3501 tionibus
716 3447 1031 3515 principium
1052 3449 1114 3502 ⁸⁸.
1142 3451 1222 3504 Atl
1264 3452 1379 3506 lucc
1407 3450 1578 3508 Filius
1623 3455 1932 3524 uuigeuitus
1956 3457 2037 3511 di-

456 3537 637 3591 citur:
671 3535 980 3607 Unigeuitus
1005 3539 1202 3608 Filius,
1229 3543 1318 3613 qui
1347 3554 1422 3597 est
1463 3544 1517 3598 in
1551 3545 1671 3599 sinu
1708 3544 1903 3613 Patris,
1930 3548 2036 3615 ipse

457 3630 722 3682 enarravit
756 3629 819 3681 ¹⁹.
853 3630 972 3695 Via,
1007 3629 1244 3700 Veritas,
1272 3632 1415 3699 Vita,
1444 3638 1595 3693 Lux:
1637 3636 1747 3706 Ego
1792 3654 1907 3691 sum
1932 3639 2032 3701 via,

456 3719 649 3773 veritas
677 3729 727 3773 et
754 3722 859 3774 vita
887 3721 970 3787 ’°;
1003 3732 1075 3787 et,
1110 3722 1221 3792 Ego
1241 3743 1358 3779 sum
1382 3726 1481 3781 lus:
1510 3729 1692 3781 nmudi
1716 3731 1781 3782 “.
1808 3728 2035 3798 Sapien-

455 3810 552 3875 tia,
579 3810 854 3879 Potentia;
877 3812 1116 3869 Christus
1137 3816 1231 3870 Dei
1245 3820 1477 3886 potentia
1497 3828 1544 3872 et
1574 3819 1669 3874 Dei
1686 3822 1942 3889 sapientia
1964 3821 2029 3873 ".

460 3903 750 3973 Splendor,
815 3906 1138 3975 Character,
1175 3909 1377 3979 Imago,
1420 3911 1692 3982 Sigillum,
1747 3922 1807 3966 ut
1860 3912 1914 3965 in
1951 3911 2033 3966 liis

455 3997 677 4052 verbis:
713 3997 956 4064 Quicum
991 4001 1058 4054 sit
1107 4001 1354 4070 splendor
1396 4003 1579 4073 gioriw
1622 4004 1716 4070 ¹³;
1774 4014 1850 4069 et,
1893 4002 2033 4059 Cha-

454 4097 630 4139 racter
675 4088 982 4144 substantia:
1017 4091 1185 4160 ipsius
1208 4092 1296 4160 ";
1347 4101 1426 4159 et,
1463 4092 1646 4163 Imago
1679 4094 1924 4149 bonitatis
1946 4094 2029 4160 ²⁸;

453 4185 511 4229 et
556 4177 663 4232 alio
689 4177 839 4234 loco:
871 4179 1032 4245 Quem
1078 4181 1246 4237 Pater
1298 4184 1520 4254 signavit
1580 4184 1723 4238 Deus
1748 4185 1816 4240 ".
1852 4184 2030 4239 Domi-

453 4283 581 4334 nus,
610 4270 747 4334 Rex,
776 4270 903 4339 Ens,
934 4272 1291 4345 Omnipotens
1322 4293 1336 4330 :
1379 4275 1527 4330 l’luit
1581 4275 1744 4347 536
1779 4276 2028 4330 Dominus

2210 2820 2307 2872 lZ’.
2358 2820 2550 2891 Ἡμεῖς
2582 2821 2679 2893 μὲν
2706 2821 2816 2894 γὰρ
2856 2825 2920 2877 ἐκ
2957 2826 3211 2895 μεγάλων
3235 2828 3328 2881 καὶ
3354 2828 3574 2901 ὑψηλῶν
3620 2835 3719 2887 τῶι

2141 2910 2356 2980 φωνῶν,
2384 2911 2477 2965 τοῦ
2506 2911 2637 2964 Υίοῦ
2669 2912 2768 2984 τὴν
2797 2913 3027 2986 θεότητα
3056 2917 3148 2970 καὶ
3172 2918 3601 2992 κατειλήφαμεν,
3634 2941 3741 2977 κα.

2141 2997 2509 3069 κηρύσσομεν.
2546 3000 2718 3054 Τίνων
2734 3001 2991 3067 ’τούτωπ
3016 3006 3126 3077 Τῆς
3157 3006 3307 3071 Θεὸς,
3337 3009 3435 3079 τῆς
3470 3011 3666 3079 Λόγος,
3698 3020 3716 3065 ὁ

2140 3090 2198 3142 ὲν
2225 3089 2389 3162 ἀρχῇ,
2421 3092 2450 3144 ὁ
2487 3091 2625 3160 μετά
2650 3092 2749 3163 τῆς
2773 3094 2968 3165 ἀρχῆς,
2998 3097 3031 3167 ἡ
3066 3096 3239 3168 ἀρχή·
3274 3099 3377 3152 Ἐν
3394 3099 3554 3171 ἀρχῆ
3583 3099 3666 3172 ἦν
3693 3126 3721 3156 σε

2138 3180 2350 3250 Λόγος,
2380 3182 2478 3235 καὶ
2503 3184 2536 3235 ό
2570 3183 2761 3252 Λόγος
2798 3178 2879 3253 ἦν
2915 3185 3065 3253 πρὸς
3094 3185 3201 3239 τὸν
3240 3188 3408 3254 Θεὸν,
3439 3192 3538 3244 καὶ
3576 3194 3712 3250 Θεὸι

2135 3264 2217 3339 ἦν
2249 3272 2284 3324 ό
2310 3273 2502 3341 Λόγος
2524 3288 2539 3302 ο
2580 3272 2695 3336 καὶ,
2726 3275 2889 3329 Μετὰ
2931 3273 3049 3329 σοῦ
3082 3277 3121 3344 ἡ
3152 3277 3308 3348 ἀρχή
3332 3295 3344 3309 ο
3377 3281 3490 3347 καὶ,
3533 3281 3587 3334 '0
3621 3301 3700 3338 κα

2135 3360 2264 3416 λῶν
2289 3361 2487 3432 αὐτὴν
2510 3363 2627 3417 ἀπὸ
2666 3364 2887 3433 γενεῶν
2908 3366 3106 3435 ἀρχήν
3143 3369 3276 3437 (24).
3329 3370 3544 3444 Ἐπειδὴ
3590 3374 3729 3440 Υίδς

2137 3450 2455 3523 μονογενὴς,
2504 3452 2567 3505 '0
2582 3453 2921 3522 μονογενὴς
2953 3456 3105 3522 Υἱὸς,
3136 3460 3171 3511 ὀ
3196 3454 3282 3511 ὢν
3308 3460 3395 3525 εἰς
3431 3461 3540 3515 τὸν
3575 3466 3728 3519 κόλ-

2135 3561 2255 3599 πον
2294 3544 2400 3600 τοῦ
2429 3544 2678 3613 Πατρὸς,
2710 3546 2941 3611 ἐκεῖνος
2963 3546 3325 3617 ἐξηγήσατο.
3356 3552 3524 3618 Ὁδὸς,
3561 3554 3727 3627 Ἀλή-

2136 3636 2274 3701 θεια,
2319 3636 2465 3709 Ζωὴ,
2502 3637 2623 3701 Φῶς
2648 3653 2661 3666 ·
2709 3636 2856 3706 Ἐγώ
2897 3640 3014 3707 εἰμι
3054 3640 3092 3707 ἡ
3139 3638 3300 3705 ὁδὸς,
3353 3642 3451 3695 καὶ
3497 3643 3535 3711 ὴ
3566 3644 3728 3712 ἀλή-

2139 3730 2292 3791 θεία,
2341 3726 2440 3780 καὶ
2467 3727 2508 3793 ἢ
2555 3725 2696 3794 ζωή·
2746 3726 2856 3791 καὶ,
2904 3726 3047 3798 Ἐγώ
3077 3731 3192 3797 ειμι
3222 3729 3288 3781 τὸ
3315 3730 3442 3798 φῶς
3477 3733 3585 3786 τοῦ
3616 3737 3720 3788 κό-

2134 3834 2312 3888 σμου.
2348 3817 2537 3887 Σοφία,
2568 3817 2803 3884 Δύναμις
2824 3834 2837 3848 ·
2869 3818 3122 3886 Χριστὸς
3146 3817 3294 3872 Θεοῦ
3319 3819 3591 3890 δύναμις,
3626 3825 3726 3878 καὶ

2134 3910 2284 3965 Θεοῦ
2304 3910 2509 3978 σοφία.
2551 3908 2937 3978 Ἀπαύγασμα,
2967 3910 3287 3980 Χαρακτὴρ,
3313 3910 3506 3979 Είκὼν,
3535 3915 3726 3985 Σερρα-

2131 4001 2246 4071 γίς·
2298 4002 2395 4066 Ὃς
2437 3997 2525 4052 ὢν
2582 3999 2949 4068 ἀπαύγασμα
3001 3998 3112 4068 τῆς
3156 4000 3370 4070 δόξηςο
3431 4004 3546 4069 καὶ,
3603 4008 3723 4059 Xa—

2123 4091 2357 4163 ριικτὴρ
2402 4090 2515 4159 τῆς
2544 4090 2938 4157 ὑποστάσεως
2982 4091 3171 4146 αὐτοῦ
3190 4110 3204 4125 ⁸
3243 4095 3356 4157 καὶ,
3382 4094 3577 4149 Εἰπὼν
3602 4097 3721 4168 τῆς

2130 4186 2526 4257 ἀγαθότητοςο
2583 4183 2953 4249 καὶ,⁹Τοῦτον
2995 4185 3105 4257 γὰρ
3137 4188 3170 4239 ό
3206 4186 3407 4256 Πατὴρ
3427 4188 3720 4262 ἐσφράγι-

2130 4292 2244 4332 σεν
2271 4280 2305 4333 ὁ
2332 4277 2497 4340 Θεός.
2538 4274 2763 4346 Κύριος,
2796 4276 3079 4346 Βασιλεὺς,
3120 4279 3149 4331 ὁ
3184 4278 3298 4339 Ὧν,
3332 4280 3360 4332 ὁ
3395 4279 3717 4353 Παντοκρά-

453 4359 628 4428 ignem
655 4378 686 4414 a
715 4361 938 4419 Domino
960 4367 1040 4434 ²⁷;
1072 4378 1145 4434 et,
1182 4366 1345 4438 Virga
1389 4369 1692 4423 directionis
1717 4369 1862 4439 virga
1878 4371 2021 4439 regni

2144 4385 2268 4441 :top°
2298 4366 2535 4436 Ἐ’ὄρεξε
2548 4368 2764 4436 Κύριος
2791 4368 2911 4437 πῦρ
2943 4368 3104 4437 παρὰ
3133 4368 3356 4437 Κυρίου
3375 4386 3389 4401 ο
3425 4370 3540 4439 καὶ,
3585 4373 3716 4427 ’Pd—

455 4451 534 4505 tui
564 4452 611 4484 ²⁸
644 4462 719 4519 et,
754 4453 857 4519 Qui
882 4468 1016 4523 erat,
1036 4461 1125 4529 qui
1149 4470 1248 4527 est,
1273 4470 1321 4515 et
1348 4462 1439 4532 qui
1490 4469 1734 4515 venturus
1760 4471 1834 4516 est
1858 4463 2028 4515 omni-

452 4552 632 4608 potens
663 4544 750 4598 itle
781 4546 847 4598 ²⁹.
880 4547 1009 4613 ριιιε
1032 4552 1315 4619 perspicue
1338 4554 1403 4607 de
1425 4551 1564 4607 Filio
1580 4555 1855 4618 dicuntur,
1885 4555 2027 4609 sicut

453 4640 509 4686 et
532 4634 636 4688 alia
660 4636 836 4706 plura,
893 4655 1014 4710 qua:
1056 4647 1303 4699 eamdem
1361 4647 1472 4700 vim
1520 4647 1744 4713 habent,
1796 4662 2024 4715 quorum

526 4747 754 4825 f°_Joan.
788 4753 910 4825 1,}.
990 4757 1031 4789 ¹⁷
1065 4757 1208 4813 Psal.
1244 4776 1357 4825 cur,
1413 4761 1467 4815 5.

2129 4461 2268 4527 ϐδος
2302 4459 2649 4527 εὐθύτητος,
2691 4460 2731 4528 ἡ
2769 4459 2992 4529 ῥάϐδος
3031 4458 3144 4529 τῆς
3173 4460 3499 4526 βασιλείας
3544 4478 3667 4518 σου
3695 4483 3709 4496 ·

2130 4552 2225 4605 καὶ
2242 4590 2257 4616 ,
2301 4550 2365 4603 '0
2391 4547 2496 4616 ὢν,
2523 4549 2623 4602 καὶ
2656 4551 2691 4603 ό
2711 4544 2807 4620 ἦν,
2835 4550 2930 4603 καὶ
2956 4550 2989 4602 ὁ
3012 4550 3353 4636 ἐρχόμενος,
3384 4552 3483 4606 καὶ
3505 4556 3539 4607 ό
3558 4566 3710 4608 παν-

2132 4641 2452 4713 τοκράτωρ.
2515 4641 2713 4710 Σαφῶς
2774 4642 2902 4713 περὶ
2958 4641 3053 4694 τοῦ
3123 4641 3251 4695 Υίοῦ
3283 4641 3572 4715 λεγόμενα,
3613 4649 3713 4701 καὶ

1548 4761 1592 4792 ⁸⁸
1623 4760 1726 4815 lsa.
1751 4777 1862 4825 xu,
1885 4763 1938 4815 4.
2020 4761 2035 4791 ¹

2144 4755 2442 4820 )au.t,18.
2522 4757 2567 4787 ὀ
2619 4753 2945 4825 ιιοιιηηκιν,
3002 4755 3057 4809 6.
3150 4758 3194 4789 ’ί
3262 4755 3418 4810 Joau.
3464 4774 3557 4819 vn,
3616 4761 3705 4813 12.

452 4817 544 4900 gi
567 4818 690 4873 Cor.
723 4837 759 4887 ι,
783 4821 873 4900 ει.
950 4826 1174 4884 "Ilebr.
1207 4817 1355 4895 1,55
1395 4831 1441 4862 ιδ
1467 4831 1599 4888 ibid.
1675 4817 2038 4900 "sapisan

2195 4829 2243 4859 “
2259 4817 2414 4882 Joan.
2447 4840 2521 4889 Vl,
2552 4825 2643 4879 27.
2717 4826 2759 4856 "
2784 4824 2919 4880 Gen.
2953 4827 3173 4894 xu,‘24.
3249 4826 3453 4881 "Psal.
3484 4817 3628 4895 xciv,
3655 4830 3705 4886 7.

451 4890 497 4920 ⁸⁸
517 4889 683 4956 Apoc.
709 4906 749 4954 ι,
781 4893 832 4946 8.

526 5003 638 5072 (l9)
668 5005 911 5071 Οὐσίας.
940 5024 959 5057 ι
989 5004 1139 5070 Esto,
1166 5004 1326 5061 Pater
1348 5005 1420 5060 sit
1445 5004 1695 5060 essentia:
1738 5021 1952 5061 nomen.
1997 5024 2016 5058 ι

455 5072 546 5125 Sic
612 5072 745 5145 Reg.
801 5075 966 5147 Cypr.
993 5143 1014 5147 Α,
1040 5075 1133 5130 Sic
1190 5076 1353 5147 etiam
1429 5076 1707 5147 legendum
1772 5077 2021 5147 suadent,

450 5157 570 5218 qua:
596 5143 932 5218 sequuntur,
989 5143 1130 5218 ἔστω
1181 5146 1272 5218 καὶ
1316 5143 1616 5218 ἐνεργείας.
1662 5144 1721 5201 In
1761 5146 1873 5214 ed.,
1929 5147 2024 5201 οὐ-

454 5211 566 5284 σία.
594 5211 715 5284 ΒὶιΙ.
748 5232 763 5267 :
800 5232 818 5265 ι
849 5216 1080 5270 essentia
1101 5217 1365 5284 quaedam.
1407 5211 1431 5268 Β

525 5282 637 5353 (‘20)
665 5284 824 5338 Κατὰ
852 5285 958 5351 τὰς
991 5282 1198 5352 κοινὰς
1221 5284 1478 5352 ἐννοίας.
1516 5304 1536 5339 s
1575 5286 1706 5353 Quis
1732 5287 1899 5352 enim,
1937 5287 2021 5341 iu-

452 5355 570 5419 quit
605 5353 926 5428 Elias,_tam
955 5354 1157 5420 fatuus,
1217 5366 1276 5428 ut
1308 5359 1506 5428 cogitet
1545 5357 1737 5413 Filium
1798 5359 2022 5413 alterius

451 5438 572 5475 esse
597 5439 757 5488 quam
789 5424 962 5480 Patris
1001 5424 1250 5480 naturae?
1286 5445 1309 5478 ι

2194 5008 2306 5077 (9.5)
2332 5010 2540 5063 Ἠκαί.
2576 5009 2708 5065 Tres
2738 5010 2905 5079 Regg.
2924 5019 2977 5064 et
2998 5010 3091 5066 Or.
3113 5011 3163 5076 l,
3193 5013 3240 5065 sl
3269 5011 3383 5065 καί.

2193 5080 2309 5163 £24)
2355 5080 2417 5163 '9
2707 5079 2920 5163 αὐεὴν.
2940 5081 3058 5162 de!)
3103 5079 3326 5163 γενεῶν
3367 5081 3588 5163 ἀρχήν·
3642 5083 3702 5139 ιιι

2121 5148 2500 5234 [ΧΧΙεείριη
2539 5149 2648 5234 duro
2667 5148 3152 5233 yevstiwﬁpx‘qqft
3193 5151 3297 5218 Qui
3348 5148 3696 5234 vocateanm

2121 5218 2357 5292 nempe,’
2395 5218 2762 5292 δικαιοσύνην,
2816 5240 2835 5274 ι
2867 5218 3156 5292 justitiam,
3210 5236 3239 5274 a
3291 5224 3700 5290 generationum

2122 5289 2405 5370 principio.
2438 5308 2457 5341 ι
2494 5289 2898 5374 Vulgata-sero
2944 5291 3264 5374 sicAhabet‘:
3297 5289 3559 5374 _vocau_s
3598 5308 3695 5374 ge:

2123 5359 2427 5413 nerationes
2461 5359 2527 5413 ab
2579 5361 2823 5416 exordio.
2860 5378 2983 5413 s—s
3018 5361 3251 5415 Aduolat
3302 5361 3467 5424 Elias,
3524 5359 3700 5428 inquit

2120 5428 2324 5500 Billius,
2364 5447 2382 5479 ι
2410 5428 2728 5500 inpluribus
2769 5430 3165 5498 exemplaribus
3188 5430 3362 5500 ἀρχῆς
3395 5430 3519 5495 legi,
3572 5448 3680 5486 nou

526 5490 958 5570 (Ξυᾼίρήσετε.
987 5494 1076 5570 Sic
1105 5497 1281 5562 plures
1305 5496 1472 5567 Regg.
1493 5508 1549 5553 et
1578 5497 1753 5565 Colb.,
1784 5496 1878 5554 Or.
1909 5497 1946 5551 2
1968 5506 2021 5552 et
2117 5490 2319 5568 ἀρχήν,
2340 5507 2398 5551 ut
2434 5490 2571 5570 idem
2596 5499 2687 5561 sit,
2720 5504 2861 5568 quod
2885 5490 3380 5570 a'generatioiiibus
3405 5490 3695 5570 sempiter-

449 5559 637 5635 Cotub}
666 5559 732 5615 lu
750 5559 834 5618 ed.
846 5605 858 5622 .
876 5564 1063 5635 ὲναιρή
1072 5559 1212 5620 σὲτε.
1387 5559 1449 5567 ﬂ
1738 5559 1749 5565 ⁷
1802 5616 1803 5619 η

533 5629 816 5756 ’ἓῇἆὰὺτὸ
841 5636 927 5691 δέ.
984 5629 1116 5707 Reg.
1143 5638 1326 5707 Cypra,
1367 5637 1566 5713 aliique
1603 5638 1735 5707 Reg.
1769 5649 1820 5694 et
1864 5637 2017 5694 Cnlb.

448 5718 553 5757 αυτ
614 5719 648 5748 ν
691 5720 740 5765 ρ.

2122 5570 2225 5621 uis.
2248 5570 2415 5621 Porro
2454 5568 2506 5621 in
2532 5570 2618 5622 ed.
2655 5570 2778 5624 Bas.
2815 5571 3126 5624 inseruntur
3169 5583 3263 5622 sex
3309 5568 3463 5624 linea:
3494 5568 3615 5637 uitae
3640 5572 3694 5625 in

2125 5638 2285 5711 nullis
2313 5638 2434 5692 aliis
2470 5639 2630 5711 codd.
2672 5641 3041 5709 reperiuntur;
3084 5650 3310 5711 etgsaue
3346 5640 3698 5711 interpretem

2120 5708 2294 5777 patius
2329 5724 2488 5779 quam
2511 5708 2830 5780 Gregorium
2866 5711 3036 5780 ipsum
3078 5709 3337 5766 redolent.
3388 5727 3408 5763 ι
