3890 6214
219 246 294 304 97

1245 251 1504 309 ORATIO
1543 230 1743 312 XXIX.
1777 284 1847 296 -—
1884 259 2328 320 THEOLOGICA
2370 264 2474 324 Ill.

3410 277 3490 340 98

217 362 321 415 ὅσα
347 361 448 431 τῆς
475 362 649 432 αὐτῆς
676 363 885 429 τούτοις
918 365 1034 419 ἐστὶ
1059 367 1361 441 δυνάμεως,
1403 365 1479 427 ὧν
1508 373 1659 428 οὐδὲν
1687 378 1776 430 ἐπι

1882 428 1885 441 λ
1919 382 2052 436 nihil
2094 385 2389 440 ascititium
2415 393 2519 450 est,
2554 400 2657 443 nec
2702 387 2864 454 Filio,
2913 400 3009 447 aut
3040 392 3266 462 Spiritui
3296 408 3489 457 sancto

215 470 439 523 κτητσν,
479 455 601 508 οὐδὲ
632 456 862 528 ὕστερον
903 457 981 529 τῷ
1014 458 1130 530 Υἱῷ
1168 464 1623 536 προσγενόμενον,
1665 468 1698 539 ἢ
1730 472 1776 522 τι

1908 475 2182 541 posterius
2209 477 2466 542 accessit,
2496 479 2949 548 quemadmodum
2976 455 3268 542 uec-Palri.
3295 455 3484 559 Neque

216 544 522 614 Πνεύματι,
567 546 758 618 ὥσπερ
804 548 926 601 οὐδὲ
968 548 1116 621 αὐτῷ
1146 550 1225 622 τῷ
1262 552 1465 626 Harp!“
1508 556 1570 610 οὐ
1601 557 1709 628 γὰρ
1742 560 1808 612 ὲκ

216 634 543 707 προσθήκης
579 637 643 690 τὸ
669 638 873 692 τέλειον
905 639 1039 710 (25).
1068 641 1144 694 Οὐ
1181 643 1290 713 γὰρ
1336 639 1425 715 ἦν,
1464 645 1554 699 ὅτε
1608 647 1805 717 ἄλογος

211 719 286 796 ἦν
302 742 317 757 ·
342 728 465 781 οὐδὲ
494 724 582 799 ἦν,
615 729 704 783 ὅτε
736 731 796 783 ού
822 732 1014 803 Πατήρ
1033 748 1048 762 ο
1074 733 1196 786 οὐδὲ
1221 730 1307 805 ἦν,
1340 736 1427 789 ὅτε
1451 738 1553 792 οὐκ
1577 738 1803 811 ἀληθὴς,

212 813 248 883 ἢ
291 815 511 883 ἄσοφος,
540 816 575 888 ἢ
601 817 881 887 ἀδύνατος,
921 820 955 891 ἢ
987 821 1134 893 ζωῆς
1160 824 1369 895 ἐνδεὴς,
1410 825 1443 897 ἢ
1486 825 1804 899 λαμπρότη-

210 919 327 968 τος,
364 904 398 977 ἢ
423 905 785 979 ἀγαθότητος.

289 994 391 1049 ΙΗ’.
418 996 488 1050 Σὺ
512 996 570 1050 δέ
590 1015 679 1068 μοι
700 999 1026 1072 καταρίθμει
1050 1001 1188 1074 πρὸς
1202 1000 1399 1069 ταῦτα,
1421 1004 1490 1060 τὰ
1510 1005 1609 1078 τῆς
1629 1008 1805 1078 ἀγνω-

214 1084 457 1158 μοσύνης
480 1086 592 1158 (26)
615 1090 859 1161 ῥήματα,
879 1091 961 1159 τὸ,
982 1092 1114 1157 Θεός
1140 1111 1265 1161 μου,
1283 1097 1379 1149 καὶ
1399 1095 1531 1161 Θεὸς
1554 1099 1583 1151 ὑ
1591 1100 1728 1170 μῶν.
1742 1102 1803 1157 τὸ

212 1176 440 1247 μείζων,
464 1178 524 1231 τὸ
564 1178 765 1247 ἔκτισε,
794 1182 855 1235 τὸ
870 1183 1112 1255 ἐποίησε,
1136 1184 1200 1237 τὸ
1228 1185 1476 1257 ἡγίασεν.
1517 1190 1581 1243 El
1616 1190 1799 1261 βούλει

206 1266 286 1332 δὲ,
323 1269 499 1322 καὶτὸ
518 1270 721 1337 δοῦλον,
751 1273 846 1325 καὶ
872 1272 934 1327 τὺ
959 1275 1197 1346 ὑπήκοον
1213 1293 1227 1308 ·
1252 1277 1313 1331 τὸ
1335 1276 1555 1348 δέδωκε,
1584 1281 1644 1335 τὸ
1668 1282 1802 1354 ἔμα-

207 1359 295 1419 θε,
328 1362 389 1415 τὸ
420 1363 731 1419 ἐντέταλται
762 1365 897 1437 (27),
944 1367 1006 1420 τὸ
1037 1369 1395 1436 ἀπέσταλται,
1438 1373 1499 1429 τὸ
1527 1374 1603 1447 μὴ
1638 1376 1800 1432 δύνα-

206 1452 337 1506 σθαι
359 1454 454 1522 ἀφ’
479 1455 674 1508 ἑαυτοῦ
707 1474 759 1510 τι
784 1461 982 1524 ποιεῖν,
1010 1458 1042 1531 ἢ
1081 1459 1280 1530 λέγειν,
1308 1462 1342 1535 ἢ
1372 1466 1599 1534 κρίνειν,
1635 1467 1669 1539 ἢ
1695 1470 1800 1523 δω-

210 1544 446 1616 ρεῖσθαι,
504 1547 538 1617 ἢ
597 1547 903 1617 βούλεσθαι.
981 1552 1101 1605 Ἔτι
1164 1554 1221 1607 δὲ
1278 1556 1371 1609 καὶ
1437 1558 1640 1612 ταῦτα’
1698 1562 1797 1627 τὴν

205 1637 450 1705 ἄγνοιαν,
482 1638 579 1710 τὴν
600 1640 898 1714 ὑποταγὴν,
922 1642 1021 1714 τὴν
1048 1645 1234 1716 εὐχὴν,
1260 1648 1361 1719 τὴν
1385 1649 1673 1722 ἐρώτησιν,
1698 1656 1795 1726 τὴν

1910 564 2055 618 enim
2088 580 2156 621 ex
2200 568 2517 624 accessione
2559 570 2821 639 perfectio
2858 573 2990 642 ipsis
3033 588 3345 647 comparata
3375 591 3482 638 est.

1905 653 2024 709 Non
2054 655 2198 711 enim
2259 656 2427 712 Pater
2456 659 2619 715 Verbi
2679 677 2919 733 unquam
2966 681 3162 736 expers
3194 670 3331 735 fuit;
3382 688 3485 730 nec

1907 753 2143 809 unquam
2179 740 2279 797 fuit
2304 745 2438 813 quin
2470 744 2631 801 Pater
2657 759 2835 817 esset;
2867 767 2966 808 nec
2997 756 3227 826 denique
3245 774 3480 829 unquam

1904 833 2155 901 veritate,
2196 835 2485 906 sapientia,
2510 839 2736 907 viribus,
2761 841 2893 910 vita,
2925 845 3232 917 splendore,
3262 861 3355 905 aut
3383 851 3481 907 bo-

1904 920 2077 977 nitate
2097 924 2296 982 caruit.

1975 1015 2157 1073 XVIII.
2189 1018 2269 1074 Tu
2317 1020 2448 1076 mihi
2503 1031 2720 1089 contra,
2768 1025 2890 1083 illas
2942 1028 3140 1100 ingrati
3187 1032 3353 1087 animi
3400 1033 3477 1089 tui

1903 1123 2067 1165 voces
2103 1124 2384 1181 enumera,
2410 1114 2512 1171 has
2562 1116 2848 1174 videlicet:
2881 1119 3018 1178 Deus
3058 1138 3210 1180 meus
3241 1135 3297 1181 et
3333 1127 3478 1185 Deus

1901 1207 2080 1254 vester
2096 1202 2185 1265 η’,
2223 1200 2395 1270 major
2427 1204 2493 1270 '°,
2531 1206 2737 1262 creavit
2762 1208 2831 1276 ³¹,
2891 1211 3021 1267 fecit
3054 1213 3124 1281 ",
3168 1216 3476 1271 sanctiﬁca-

1899 1291 1977 1345 vit
2011 1291 2077 1358 ⁸³;
2098 1308 2313 1349 servum
2346 1293 2391 1327 ³⁸
2438 1296 2623 1362 etiam,
2648 1299 2692 1353 si
2710 1299 2782 1353 ita
2802 1298 2968 1368 lubet,
2987 1312 3041 1358 et
3060 1305 3401 1362 obedientem
3426 1308 3476 1342 ³⁸

1896 1380 2163 1454 adiunge;
2212 1396 2379 1455 atque
2429 1387 2544 1443 haec
2578 1390 2768 1455 etiam,
2850 1394 3001 1449 dedit
3049 1394 3116 1461 ³⁸,
3168 1395 3361 1453 didicit
3401 1399 3474 1463 ⁸⁷.

1897 1473 2210 1528 mandatum
2238 1486 2324 1530 est
2351 1475 2421 1543 ³⁸,
2460 1478 2660 1535 missus
2688 1492 2775 1537 est
2795 1484 2843 1517 ³⁹
2876 1501 2891 1538 :
2938 1484 3069 1540 illud
3113 1489 3304 1555 etiam,
3327 1493 3473 1561 quod

1901 1576 1930 1616 a
1954 1563 2132 1633 seipso
2160 1566 2453 1637 quidquam
2491 1568 2675 1626 facere
2704 1588 2809 1627 non
2840 1576 3009 1645 possit
3035 1577 3081 1613 ιο
3119 1586 3210 1634 aut
3232 1578 3375 1652 loqui
3402 1582 3473 1649 ",

1898 1661 1994 1708 aut
2043 1656 2295 1725 judicare
2343 1659 2412 1727 δ’,
2448 1670 2542 1716 aut
2578 1662 2894 1732 donare“,
2944 1677 3038 1723 aut
3060 1669 3195 1726 velle
3240 1670 3307 1725 “.
3352 1672 3469 1730 Hoc

204 1727 511 1799 προκοπὴν,
563 1728 664 1800 τὴν
714 1731 1012 1787 τελείωσιν.
1065 1735 1331 1806 Πρόσθες,
1362 1740 1412 1792 ει
1456 1739 1656 1809 βούλει,
1695 1744 1776 1797 κατ

1895 1746 2032 1802 adde
2058 1748 2476 1819 ignorationem,
2511 1753 2929 1825 subiectionem,
2963 1775 3203 1829 precem,
3236 1763 3473 1821 interro.

201 1818 306 1873 ὅσα
339 1818 544 1875 τούτων
581 1823 960 1896 τλπεινότερα,
1003 1826 1065 1879 τὸ
1106 1826 1329 1894 ὑπνοῦν,
1375 1830 1439 1884 τὸ
1490 1836 1699 1905 πεινῇν,
1731 1836 1793 1889 τὸ

201 1914 423 1984 κοπιᾷν,
450 1913 811 1985 τὸδακρύειν,
842 1918 904 1970 τὸ
926 1917 1166 1990 ἀγωνιᾷν
1190 1919 1326 1991 (28),
1353 1921 1415 1977 τὸ
1442 1922 1789 1981 ὑποδύεσθαι.

201 2001 361 2073 Τάχα
391 2003 435 2055 δ’
463 2003 530 2057 ἂν
559 2006 846 2072 ὁνειδίσαις
864 2009 960 2062 καὶ
988 2010 1080 2063 τὸν
1107 2012 1359 2086 σταυρὸν,
1388 2016 1592 2071 καὶτὸν
1617 2016 1791 2074 θάνα-

198 2110 317 2149 τον.
348 2095 462 2166 Τὴν
497 2095 610 2170 γὰρ
648 2097 888 2171 ἔγερσιν,
922 2101 1022 2155 καὶ
1056 2102 1156 2174 τὴν
1202 2104 1471 2178 ἀνάληψιν
1519 2110 1790 2182 παρήσειν

200 2202 295 2256 μοι
328 2186 525 2255 δοκεξ,
547 2189 730 2262 ἐπειδή
762 2207 814 2244 τι
844 2193 1099 2266 καὶπρὸς
1130 2194 1290 2266 ἡμῶν
1318 2197 1376 2250 ὲν
1400 2198 1612 2265 τούτοις
1642 2202 1791 2274 stipi-

200 2294 416 2333 σκεται.
454 2281 632 2336 Πολλὰ
664 2282 710 2336 δ’
742 2282 809 2337 ἂν
846 2284 927 2338 ἔτι
977 2286 1113 2358 πρὸς
1146 2287 1359 2354 τούτοις
1407 2293 1787 2367 σπερμολογή-

200 2388 346 2437 σαις,
385 2373 435 2424 εἰ
471 2372 680 2443 βούλοιο
717 2374 1021 2430 συντιθέναι
1071 2377 1163 2432 τὸν
1215 2379 1501 2451 ὁμώνυμόν
1546 2400 1631 2438 σοι
1674 2384 1785 2457 (29)

192 2461 334 2515 Θεὸν
363 2464 457 2517 καὶ
487 2465 935 2538 παρέγγραπτον,
963 2468 1098 2539 ⁴ἡμῖν
1139 2469 1198 2523 δὲ
1229 2471 1506 2543 ἀληθινὸν,
1536 2476 1632 2530 καὶ
1655 2477 1785 2548 ὀμό-

194 2570 358 2625 τιμον
413 2554 492 2625 τῷ
535 2555 711 2629 Πατρξ
741 2558 873 2628 (50).
903 2560 1123 2613 Τούτων
1144 2560 1254 2634 γὰρ
1282 2563 1397 2635 (51)
1433 2564 1687 2634 ἕκαστον,
1719 2568 1781 2621 οὐ

195 2647 435 2719 χαλεπὸν
460 2647 584 2719 μὲν,
618 2650 714 2703 καὶ
757 2650 900 2705 κατὰ
940 2651 1111 2724 μέρος
1153 2655 1439 2722 ἐπεξιόντα
1470 2656 1784 2730 ἐξηγεῖσθαι

196 2755 282 2791 σοι
336 2739 474 2810 πρὸς
512 2740 572 2793 τὸ
619 2741 1028 2809 εὐσεϐέστατον,
1075 2745 1169 2798 καὶ
1206 2746 1595 2821 ἀνακαθαίρειν
1637 2751 1698 2805 τὸ
1723 2752 1783 2805 ἐν

192 2830 311 2893 τοῖς
357 2830 650 2901 γράμμασι
708 2834 1061 2906 πρόσκομμα,
1106 2835 1250 2905 εἴγε
1295 2841 1659 2908 προσπταίεις
1691 2843 1780 2897 ὃν·

190 2938 324 2985 τως,
347 2922 488 2976 ἀλλὰ
511 2922 586 2995 μὴ
622 2922 765 2978 ἑκὼν
795 2930 1143 2998 κακουργεῖς.
1175 2929 1287 2983 Ἐν).
1305 2930 1364 2983 δὲ
1388 2932 1688 3004 κεφαλαίῳ,
1709 2934 1780 2989 τὰ

195 3013 299 3083 μὲν
337 3012 643 3085 ὑψηλότερα
676 3017 921 3087 πρόσαγε
951 3021 1018 3088 τῇ
1055 3013 1291 3091 Θεδτητι,
1319 3022 1413 3076 καὶ
1439 3026 1510 3094 τῇ
1532 3025 1779 3095 κρείττο-

1892 1837 2184 1907 gationem,
2208 1841 2533 1911 profectum,
2558 1851 3103 1905 consummationem.
3123 1853 3471 1924 Addeetiam,

1890 1929 1936 1983 si
1965 1929 2039 1983 ita
2066 1929 2266 1998 placet,
2306 1948 2429 2002 quae
2460 1935 2545 1991 his
2592 1937 2771 1992 adhuc
2826 1939 3119 2008 abjectiora
3146 1955 3309 1998 sunt:
3343 1945 3469 2001 Dur-

1889 2020 2028 2077 mire
2054 2022 2125 2088 “',
2148 2025 2361 2080 esurire
2387 2026 2456 2092 “,
2492 2027 2706 2099 fatigari
2740 2028 2806 2098 ",
2841 2031 3132 2104 Iacrymari
3176 2035 3242 2101 ⁸⁸,
3276 2042 3470 2096 mortis

1888 2125 2089 2180 pavore
2142 2114 2282 2171 allici
2337 2117 2403 2185 δ’,
2460 2132 2526 2173 ac
2550 2119 2762 2188 deiecto
2815 2125 2999 2179 animo
3028 2141 3167 2183 esse.
3210 2126 3468 2188 Fortasse

1888 2203 2047 2257 etiam
2072 2206 2253 2274 probri
2284 2222 2446 2264 causa
2474 2226 2691 2267 crucem
2719 2228 2934 2285 quoque
2957 2216 3129 2285 ipsam
3155 2230 3208 2274 et
3236 2233 3466 2278 mortem

1886 2293 2134 2363 objicies.
2196 2296 2679 2359 Resurrectionem
2722 2305 2891 2369 enim,
2942 2306 3220 2379 ipsiusque
3256 2311 3308 2366 in
3347 2327 3463 2368 cce-

1885 2383 1994 2440 lum
2048 2389 2449 2456 ascensionem,
2511 2394 2760 2451 consulto
2808 2397 2938 2452 mihi
2998 2402 3463 2469 praetermissurus

1886 2475 2090 2533 videris
2137 2495 2153 2533 :
2199 2482 2456 2549 quoniam
2489 2484 2543 2539 in
2590 2486 2677 2541 his
2726 2488 3027 2556 quidpiam,
3088 2494 3231 2561 quod
3283 2507 3466 2551 causa

1883 2575 2082 2621 nostrae
2104 2568 2305 2638 faveat,
2368 2574 2657 2643 reperitur.
2700 2575 2866 2632 Multa
2914 2580 3079 2634 etiam
3122 2582 3228 2636 alia
3259 2598 3459 2656 conge-

1883 2671 2004 2713 rere
2039 2674 2230 2729 queas,
2270 2662 2315 2717 si
2338 2677 2665 2735 componere
2695 2666 2828 2723 vel-is
2850 2670 3186 2740 aequivocum
3214 2674 3363 2729 illum
3386 2676 3461 2732 de

1880 2754 1971 2800 tua
2000 2752 2276 2804 sententia
2301 2760 2357 2806 et
2384 2753 2743 2823 ascriptitium
2784 2756 2973 2824 Deum,
3023 2768 3081 2812 ut
3124 2769 3303 2816 autem
3346 2764 3449 2832 ipsi

1886 2836 2201 2903 statuimus,
2235 2854 2446 2907 verum,
2476 2840 2737 2914 Patrique
2775 2846 2982 2902 honore
3020 2849 3304 2918 avqnalem.
3347 2852 3458 2907 llo-

1879 2941 1998 2980 rum
2029 2927 2175 2983 enim
2204 2935 2632 3003 unumquodque
2659 2936 2941 3005 sigillatim
2965 2942 3237 3009 persequi,
3262 2943 3461 3013 pioque

1882 3032 2043 3074 sensu
2064 3019 2341 3089 explicare
2389 3023 2614 3080 minime
2657 3025 2873 3084 ditIicile
2902 3039 3005 3095 est,
3034 3042 3194 3101 atque
3232 3032 3459 3089 olfendi-

190 3122 243 3158 νι
274 3107 435 3175 φύσει
474 3106 665 3160 παθῶν
693 3108 786 3161 καὶ
815 3107 1069 3180 σώματος
1092 3127 1106 3140 ο
1135 3090 1209 3165 cdt
1228 3111 1286 3165 δὲ
1312 3090 1671 3186 ταπεινότερα
1703 3114 1776 3186 τῷ

1884 3107 2065 3164 culum
2094 3111 2254 3179 illud,
2289 3114 2434 3183 quod
2463 3114 2519 3169 in
2564 3114 2764 3173 litteris
2794 3120 3034 3187 exsistit,
3083 3090 3374 3193 repurgare
3398 3134 3456 3181 et

192 3199 455 3270 συνθέτῳ,
497 3199 695 3271 καὶτῷ
722 3200 812 3254 διὰ
846 3201 907 3253 σὲ
947 3201 1234 3256 κενωθέντι
1277 3204 1370 3257 καὶ
1411 3204 1769 3276 σαρκωθέντι,

187 3291 344 3344 οὐδὲν
386 3290 442 3345 δὲ
476 3296 655 3365 χεῖρον
682 3296 879 3360 εἰπεῖν,
911 3296 1007 3349 καὶ
1040 3296 1490 3368 ἀνθρωπισθέντι,
1519 3295 1636 3354 εἶτα
1672 3304 1773 3355 καὶ

190 3381 479 3451 ὁψωθέντι,
509 3386 596 3438 ἵνα
629 3388 694 3440 σὺ
718 3385 780 3439 τὸ
805 3386 913 3440 τῶν
936 3387 1220 3459 δογμάτων
1262 3406 1354 3442 σου
1382 3391 1645 3461 σαρκικὺν
1674 3394 1771 3446 καὶ

189 3475 479 3546 χαμερπὲς
508 3476 620 3548 (5‘2)
653 3478 981 3544 καταλύσας,
1024 3480 1206 3554 μάθῃς
1238 3480 1571 3554 ὑψηλότερος
1615 3479 1775 3550 εἶναι,

188 3567 286 3622 καὶ
308 3568 612 3623 συνανιέναι
640 3568 876 3641 θεότητι,
898 3572 993 3624 καὶ¹
1021 3571 1095 3643 μὴ
1128 3574 1240 3636 τοῖς
1263 3573 1563 3644 ὁρωμένοις
1584 3574 1777 3629 ἐναπο-

188 3659 397 3731 μένοις,
439 3661 575 3715 ἀλλά
614 3662 922 3737 συνεπαίρῃ
963 3666 1076 3727 τοῖς
1113 3664 1445 3736 νοουμένοις,
1477 3666 1573 3719 καὶ
1613 3665 1775 3736 γινώ-

188 3766 325 3822 σκῃς
351 3750 485 3821 (55),
518 3752 602 3817 τίς
630 3753 734 3824 μὲν
766 3753 981 3823 φύσεως
1007 3755 1121 3828 (54)
1150 3756 1327 3825 λόγος,
1380 3755 1464 3820 τίς
1516 3756 1573 3810 δὲ
1617 3753 1774 3827 λόγος

183 3842 519 3913 οἰκονομίας.

1875 3202 2141 3268 eximere,
2175 3205 2222 3261 si
2253 3206 2413 3262 modo
2446 3223 2573 3263 vere
2612 3208 2866 3277 otTendis,
2910 3228 2974 3267 ac
3002 3228 3108 3269 non
3171 3218 3350 3285 potius
3384 3219 3455 3272 de

1879 3296 2140 3350 industria
2166 3313 2377 3367 peccas.
2416 3299 2482 3355 Ut
2538 3310 2716 3357 autem
2762 3301 2922 3373 537
2973 3319 3087 3360 rem
3135 3311 3454 3365 summatim

1875 3388 2216 3452 contraham,
2252 3390 2353 3444 hoc
2393 3392 2485 3446 tibi
2524 3390 2833 3448 faciendum
2868 3404 2974 3460 est,
3010 3405 3071 3451 ut
3105 3399 3455 3456 sublimiores

1877 3492 2039 3534 voces
2070 3479 2365 3547 divinitati,
2403 3496 2469 3537 ac
2496 3482 2572 3538 illi
2615 3493 2849 3550 natura},
2875 3487 3213 3556 passionibus
3252 3499 3450 3545 eteor-

1878 3582 2011 3639 pore
2038 3572 2429 3639 prtestantiori,
2466 3573 2730 3629 attribuas
2760 3576 3450 3647 :humiliores'vero,com-

1880 3659 2076 3729 posito,
2105 3669 2162 3716 et
2192 3670 2282 3715 tua
2335 3677 2501 3718 causa
2555 3664 2762 3718 inanito
2797 3674 2961 3734 atque
2984 3667 3286 3738 incarnato,
3339 3670 3453 3726 imo

1876 3751 2043 3807 etiam
2098 3750 2232 3823 (non
2258 3754 2410 3809 enim
2437 3755 2619 3811 minus
2648 3756 2933 3813 commode
2974 3759 3080 3813 hoc
3125 3774 3155 3813 a
3190 3775 3276 3815 me
3300 3762 3447 3817 dice-

1876 3840 1990 3911 tur)
2036 3841 2355 3909 humanato,
2384 3857 2448 3899 ac
2484 3844 2682 3901 deinde
2704 3846 2966 3913 exaltato,
2999 3858 3057 3903 ut
3088 3857 3141 3903 tn
3176 3850 3448 3919 videlicet,

254 3996 326 4066 ’ξ’
356 3994 508 4051 10m.
548 4013 642 4057 xx.
674 3998 763 4052 l7.
844 4000 889 4031 ³ο
929 3998 1085 4054 Joan.
1145 4014 1257 4063 xlv,
1281 4001 1372 4057 28.
1451 4003 1492 4034 ³⁸
1524 4001 1685 4057 Prov.
1720 4020 1768 4058 vt

1882 3997 1953 4054 £2.
2017 3996 2077 4066 f’
2112 3996 2233 4050 Act.
2267 4011 2328 4061 ιι,
2354 3996 2449 4051 56.
2528 3998 2575 4030 ³³
2596 3995 2754 4052 Joan.
2781 3999 2944 4065 x,56.
3024 4001 3069 4034 "‘
3090 4000 3195 4056 Isa.
3226 4019 3356 4066 uti.
3387 4006 3439 4059 l.

182 4063 231 4137 ’ξ
280 4065 421 4137 Phil.
489 4084 549 4133 II,
603 4067 657 4122 8.
733 4069 781 4101 ’°
827 4067 981 4124 Joan.
1031 4071 1285 4137 xvm,9;
1345 4071 1537 4126 Matth.
1608 4090 1701 4135 xx,
1766 4077 1776 4128 ε

1938 4064 2274 4137 "199...".
2326 4067 2414 4121 ts.
2496 4068 2755 4137 ιηιςοιο.
2800 4063 3010 4133 χνλε.
3090 4063 3442 4137 "hamis.

188 4133 247 4188 ι.
281 4109 550 4212 Vitas;
575 4109 657 4212 _;:
685 4138 773 4212 ιθ.
827 4109 1319 4212 ’έῖᾷᾮηῆἶξὶῖᾅέλ
1345 4109 1776 4197 "tranant

1882 4109 2224 4212 ;.-ξο⁷ιῐξᾷξί.’
2239 4109 2310 4198 'i,
2327 4109 2451 4190 "io.
2464 4208 2494 4212 _
2508 4109 2781 4212 piant.
2800 4109 3092 4207 ἶένῖξᾞς).
3165 4109 3435 4202 δ’ἲὶζίιᾶ

182 4217 308 4269 νιιι,
332 4206 422 4260 24.
498 4206 544 4238 ⁵³
571 4206 762 4261 Matth.
794 4225 867 4270 ιν,
910 4209 966 4261 2.
1045 4209 1091 4243 ⁸⁷
1122 4204 1282 4265 Joan.
1327 4226 1404 4275 tv,
1433 4211 1484 4266 6.
1567 4212 1611 4245 δ’
1635 4213 1767 4268 Joau

1885 4207 2005 4276 ,55.
2083 4204 2313 4283 “Marc.
2330 4223 2445 4274 xlv,
2462 4208 2550 4263 55.

253 4298 371 4367 (25)
402 4299 487 4352 Οὐ
523 4297 633 4370 γὰρ
653 4300 721 4353 ἐκ
749 4299 1100 4370 προσθήκης
1126 4299 1194 4353 τὸ
1225 4300 1479 4355 τέλειον.
1527 4318 1549 4354 ι
1573 4301 1759 4369 Neque

1866 4296 2274 4367 resplendeant;
2312 4297 2477 4351 nolite
2522 4297 2815 4367 quidquam
2880 4300 3152 4355 ascribere
3191 4301 3438 4364 falsitati.

178 4365 360 4432 enim,
392 4388 411 4421 ι
438 4365 802 4439 inquitElias,
824 4388 843 4421 ι
877 4365 1113 4444 Pateret
1151 4370 1319 4425 Filius
1353 4387 1450 4444 per
1475 4365 1754 4444 accessio-
1790 4389 1833 4444 ι)
1866 4365 2121 4444 tanquam
2157 4371 2210 4419 In
2234 4365 2450 4444 Christo
2475 4365 2564 4421 aut
2596 4365 2707 4444 sola
2737 4369 2809 4444 sit
2839 4369 3167 4444 humanitas,
3195 4384 3290 4427 aut
3318 4377 3438 4430 sola

178 4456 306 4496 nem
329 4450 385 4495 ct
414 4442 825 4511 incrementum,
857 4441 950 4494 sed
981 4450 1198 4504 natura,
1238 4452 1294 4496 et
1318 4442 1386 4495 ab
1416 4441 1591 4509 initio,
1633 4457 1757 4511 per-

175 4511 468 4566 fectionem
499 4525 653 4562 suam
676 4509 894 4567 habent.
920 4530 941 4562 ι

247 4579 363 4651 (26)
429 4579 911 4649 ’Ᾱγνωμοσύγιηᾳ
954 4579 1105 4635 Unus
1161 4579 1353 4645 codex,
1399 4580 1754 4651 εὐγνωμοσύ-

174 4668 297 4722 νης,
330 4670 349 4702 ι
380 4661 517 4720 grati
567 4652 768 4715 animi;
820 4667 842 4701 ι
906 4652 999 4704 sed
1039 4664 1344 4720 perperam,
1383 4652 1486 4705 nisi
1548 4652 1754 4707 ironice

174 4724 406 4775 dictum.

214 4732 406 4776 Ictum.

245 4790 362 4858 (27)
396 4787 792 4858 Ἐντέταλται.
827 4787 990 4842 Coisl.
1024 4788 1398 4849 1.ὲντέταλκε.

238 4860 446 4931 (28)Τό
461 4857 835 4931 (imaginet)
871 4858 1256 4931 ὑποδύεσθαι.
1293 4878 1313 4910 ι
1353 4858 1514 4931 ᾼιιεί,
1541 4857 1751 4931 deiecto

169 4927 300 4986 esse
330 4927 568 5000 aui_mo.»_
603 4930 692 4984 SIC
721 4930 901 4997 plures
918 4930 1107 5000 R_egg.,
1132 4927 1323 4984 Par.et
1344 4927 1531 4984 Comb.
1560 4929 1616 4982 In
1635 4932 1744 4997 ed.,

171 4998 520 5053 ὑποδέεσθαι.
552 4998 670 5055 Bill.
712 5017 726 5052 :
756 5018 775 5050 ι
806 5014 869 5053 ac
891 4997 1056 5068 velttt'
1075 5000 1438 5068 tergiversari.
1481 5017 1502 5051 ι

243 5070 360 5139 (29)
388 5071 513 5139 Σοι.
548 5070 684 5124 Tres
716 5073 872 5139 Iteg..
901 5066 1072 5125 Cois].
1099 5068 1134 5121 9.
1161 5066 1214 5123 et
1254 5068 1468 5139 Comb.,
1488 5085 1603 5121 σου.

241 5136 355 5208 (50)
394 5136 479 5204 Τῷ
511 5141 713 5207 Πατρι.
748 5136 870 5194 llaec
903 5140 1097 5208 desunt
1126 5139 1179 5192 in
1210 5138 1449 5207 pluribus
1479 5139 1634 5193 codd.

238 5206 356 5280 (51)
386 5210 615 5280 Τούτων
634 5206 772 5279 γάρ,
798 5206 1196 5280 etc.__Pr:eclara
1227 5220 1353 5263 sunt
1373 5209 1423 5262 in
1461 5224 1579 5262 eam
1627 5223 1742 5263 rem

166 5275 343 5333 verba
363 5279 420 5332 ὃ.
445 5275 662 5344 Leonis,
686 5294 851 5333 serm.
887 5277 976 5341 45,
1028 5276 1101 5329 De
1133 5275 1573 5346 Quadragesima,
1618 5293 1740 5346 pag.

163 5349 313 5404 228:
351 5368 371 5401 ι
409 5349 642 5416 Duplicis
680 5350 731 5402 in
766 5347 987 5402 Christo
1020 5347 1211 5401 [erutae
1240 5363 1342 5401 una
1379 5358 1463 5401 est
1487 5362 1740 5416 persona,

161 5418 425 5498 et_Filius.
443 5419 846 5498 Dei,.idemque
864 5417 1004 5498 ﬁlius
1048 5417 1507 5498 botninis..._§um
1531 5418 1737 5498 itaque,

162 5486 834 5557 dilectissimi,legentes,
893 5487 1312 5557 vel_audientes
1356 5487 1735 5557 Evangelium,

1863 4438 2135 4513 divinitas,
2179 4441 2274 4513 sed
2309 4446 2595 4513 utrumqge
2638 4438 2864 4513 lidelitcr
2890 4439 3111 4513 credite,
3132 4452 3436 4513 utrumque

1865 4506 2473 4577 ImmiliterAadorate.._.
2523 4506 2599 4559 Da
2646 4508 2870 4573 homini,
2928 4510 3070 4577 quod
3113 4511 3179 4566 de
3209 4506 3436 4569 muliere

1861 4591 1995 4646 puer
2019 4574 2298 4647 nascitur:
2332 4577 2397 4630 da
2433 4575 2563 4641 Deo,
2599 4578 2741 4645 quod
2781 4592 2883 4647 ngc
2919 4574 3176 4647 conceptu
3218 4579 3437 4637 laeditur

1860 4646 2146 4717 virginitas
2174 4658 2442 4717 materna,
2475 4660 2573 4701 nec
2604 4655 2779 4714 partu.
2810 4646 3059 4702 Formam
3088 4646 3232 4705 servi
3258 4651 3430 4707 obvoo

1857 4715 2024 4771 lutam
2054 4716 2267 4788 pannis,
2301 4715 2570 4788 iacentem
2599 4720 2651 4771 in
2670 4717 2943 4788 praesepio
2963 4733 3262 4788 cognosce:
3326 4724 3425 4778 sed

1858 4784 2230 4840 annuntiatam
2261 4784 2339 4857 _a_b
2384 4786 2612 4857 angelis,
2648 4784 2971 4839 declaratum
2999 4784 3093 4857 ab,
3118 4788 3429 4857 elementis,

1856 4858 2140 4924 adoratam,
2187 4869 2216 4906 a
2261 4854 2428 4924 Magis
2468 4854 2692 4910 formam
2728 4856 2937 4910 Domini
2964 4856 3286 4912 conﬁtere...
3318 4854 3426 4915 Νοὲ

1856 4936 1969 4979 stra
2006 4924 2101 4977 tibi
2131 4923 2429 4979 innotescat
2460 4924 2694 4984 allectio.
2736 4941 2858 4978 cum
2890 4936 3103 4980 mortuo
3126 4930 3300 4984 amico
3325 4928 3425 4984 lle-

1857 5004 1942 5048 tus
1968 4993 2328 5064 impenditur;
2356 4994 2534 5064 divina
2556 4996 2793 5064 potentia
2815 4995 3104 5059 sentiatur,
3121 5011 3243 5050 cum
3277 4999 3423 5052 idem

1854 5073 1976 5133 post
2025 5063 2437 5133 quatriduanam
2491 5063 2602 5132 jam
2650 5065 2846 5120 fetidus
2904 5066 3252 5133 sepulturam,
3303 5069 3423 5121 solo

1850 5135 2000 5188 vocis
2055 5134 2280 5201 imperio
2310 5134 2615 5188 viviticatns
2642 5135 2938 5204 erigitur...
2970 5134 3090 5188 Veri
3121 5145 3205 5189 est
3239 5137 3411 5189 homi-

1852 5205 1955 5266 nis,
1991 5204 2354 5271 Iatigationem
2381 5218 2696 5273 corpoream
2729 5205 2900 5258 somni
2926 5204 3105 5270 quiete
3138 5205 3414 5260 relevare.-

1850 5274 1941 5327 sed
1968 5275 2076 5344 veri
2109 5273 2200 5325 Dei
2237 5284 2339 5344 est,
2382 5274 2490 5327 vim
2517 5274 2850 5327 saevientium
2893 5273 3247 5340 procellarum
3277 5290 3418 5344 prte—

1848 5343 1989 5410 cepti
2021 5342 2387 5409 increpatione
2413 5357 2772 5411 compescere,
2801 5361 2820 5393 o
2852 5351 2958 5398 etc.

1916 5411 2027 5482 (52)
2061 5412 2386 5479 Χαμερπές.
2417 5412 2607 5466 Plures
2634 5412 2814 5482 codd.,
2846 5411 3204 5482 χαμαιπετές.

1916 5481 2029 5551 (55)
2047 5482 2388 5551 Γινώσκῃς.
2416 5482 2505 5537 Sic
2534 5491 2643 5537 tres
2655 5481 2842 5550 llegg.,
2871 5481 2978 5536 duo
3002 5482 3154 5538 Colb.
3172 5493 3226 5538 et
3247 5482 3413 5542 Coisl.

165 5559 414 5627 quaedam
446 5550 756 5611 in’Domiuo
776 5566 960 5611 nostro
985 5554 1109 5627 Jesu
1150 5555 1380 5627 Christo
1410 5550 1737 5625 cognoscitis
1843 5551 1899 5605 2.
1925 5550 2452 5627 ξμιᾼοάῃγινῴσκεις.

164 5626 683 5707 Subiectajnjuriis,
718 5628 963 5694 quaedam
999 5626 1266 5680 illustrata
1299 5626 1733 5707 ‘miraculis.;.ila

164 5709 224 5752 ut
257 5700 313 5753 in
340 5698 529 5753 eodem
560 5710 700 5751 nunc
742 5704 976 5750 humana
1021 5704 1336 5765 appareant,
1378 5711 1518 5751 nunc
1552 5696 1731 5751 divina

1913 5623 2027 5692 (54)
2066 5620 2161 5687 Τίς
2176 5621 2296 5690 μὲν
2326 5623 2585 5691 φύσεως,
2615 5630 2789 5692 etc_._At_
2834 5620 2964 5688 Qum
3007 5630 3212 5676 natura:
3250 5624 3412 5688 ratio,

1842 5688 1961 5760 quae
1989 5688 2125 5747 ratio
2161 5688 2598 5763 dispensationis.
2641 5710 2661 5742 ι
2693 5688 2917 5747 Videtur
2944 5693 3239 5763 Gregorius
3267 5693 3413 5751 idem
