3890 6214
423 190 495 247 75
1616 184 1672 240 S.
1713 181 2043 241 GREGORII
2084 182 2435 239 THEOLOGI
2800 210 2807 215 λ
3600 181 3665 240 76

422 303 624 361 timus:
667 318 767 359 nos
815 317 1064 374 quoque,
1125 313 1475 376 posteaquam
1537 302 1836 357 doctrinam
1900 315 1984 353 no-

2102 316 2190 353 ται
2213 299 2325 372 (12)
2357 301 2425 354 τὰ
2449 302 2715 373 λεγόμενα
2743 303 2952 375 (ὥσπερ
2981 303 3039 357 ὃν
3069 303 3223 357 αὑτοὶ
3263 301 3416 371 λόγον
3445 302 3669 370 εἰσαγω-

419 406 590 452 stram
641 394 820 466 potius
862 398 1302 462 exposuerimus,
1348 393 1420 447 ita
1465 392 1683 446 demum
1729 391 1989 443 adversa-

421 487 631 542 riorum
686 486 884 557 placita
924 485 1207 541 confutare
1230 501 1293 540 ac
1314 482 1598 554 proﬂigare
1630 480 1949 535 conabimur
1975 499 1988 533 :

421 589 477 634 et
527 581 741 650 quidem
800 590 1107 648 utrumque,
1156 592 1316 646 quam
1364 576 1476 630 fieri
1524 574 1742 644 poterit,
1797 572 1997 627 brevis—

421 672 585 739 sime,
620 681 698 740 ut,
732 687 853 740 qua:
891 686 920 724 a
954 670 1110 725 nobis
1139 670 1405 735 dicentur,
1443 667 1593 736 quasi
1624 680 1730 720 uno
1762 667 1994 734 quodam

2102 392 2255 460 γικὸν
2283 394 2584 465 ἐπενόησαν
2611 397 2743 468 πρὸς
2775 397 3057 468 ἐξαπάτην
3087 396 3195 449 τῶν
3224 394 3603 465 ἁπλουστέρων
3638 393 3671 455 ἢ

2105 483 2519 554 εὐηθεστέρων),
2560 489 2654 540 καὶ
2687 489 2761 559 μὴ
2807 487 2884 558 τῷ
2920 490 3085 559 μήκει
3127 487 3222 540 τοῦ
3257 486 3416 554 λόγου
3460 485 3670 556 διαχεθῇ

2102 573 2170 627 τὰ
2196 574 2609 647 νοούμενα(15),
2646 579 2899 651 καθάπερ
2932 578 3077 651 ὕδωρ
3109 580 3168 632 οὐ
3213 578 3414 648 σωλῆνι
3462 575 3666 645 σφιγγὰ

2108 682 2288 736 μενον,
2314 667 2451 720 ἀλλὰ
2477 669 2616 722 κατὰ
2642 671 2824 724 πεδίου
2854 673 3110 743 χεόμενον
3145 673 3237 725 καὶ
3258 671 3541 740 λυόμενον.

420 765 610 821 obtutu
656 764 885 835 perspici
921 762 1078 818 facile
1129 761 1339 833 possint
1386 758 1858 831 (quemadmodum
1910 772 2067 827 quem
2102 758 2175 811 illi
2227 759 2550 829 isagogicum
2586 761 2848 830 libellum,
2918 763 2985 817 ad
3032 762 3417 832 simpliciorum
3459 759 3542 814 vel
3578 765 3669 814 sto‘

426 856 682 913 lidiorum
718 857 901 929 potius
958 853 1200 910 fraudem
1260 851 1678 922 echgitarunt),
1718 865 1781 905 ac
1814 865 1919 905 non
1956 851 2025 906 ob
2064 852 2330 906 sermonis
2359 852 2722 921 prolixitatem
2747 869 2905 909 sensa
2936 856 3265 918 dilabantur,
3327 852 3470 908 haud
3528 864 3670 907 secus

427 959 588 1019 atque
635 963 796 1019 aqua,
855 962 974 1017 quae
1017 962 1124 1002 non
1170 946 1344 1000 canali
1394 953 1703 1010 coercetur,
1743 942 1855 998 sed
1913 957 2006 1011 per
2041 959 2259 1013 campos
2289 944 2602 999 dilTunditur
2633 962 2696 1000 ac
2722 947 2963 1001 solvitur.

490 1042 551 1095 ll.
601 1039 669 1095 Ut
712 1041 873 1109 igitur
916 1038 983 1092 ad
1031 1050 1144 1090 rem
1185 1036 1529 1098 accedamus,
1580 1045 1691 1089 tres
1722 1033 1987 1103 antiquis-

416 1137 569 1192 sima}
608 1134 673 1187 de
725 1133 832 1187 Deo
856 1130 1139 1186 sententia:
1170 1137 1318 1194 sunt,
1352 1127 1631 1192 anarchia,
1676 1126 1991 1195 polyarchia

416 1236 473 1281 et
518 1223 850 1280 monarchia.
899 1223 977 1277 Ac
1019 1222 1137 1276 duae
1169 1221 1385 1290 quidem
1432 1219 1642 1289 priores
1664 1218 1731 1273 ab
1757 1218 1991 1272 ethnicis

418 1319 550 1374 lusa:
585 1326 735 1380 sunt,
764 1327 816 1371 et
842 1328 974 1371 sane
1017 1315 1295 1368 ludantur.
1332 1310 1490 1375 Nam,
1528 1321 1584 1367 et
1614 1312 1759 1381 quod
1793 1310 1994 1365 nullius

416 1407 647 1479 imperio
685 1407 1038 1477 gubernatur,
1069 1401 1357 1459 confusum
1383 1409 1469 1456 est
1491 1416 1554 1456 ac
1577 1401 1986 1468 perturbatum:

416 1510 472 1554 et
511 1499 653 1569 quod
691 1514 721 1553 a
756 1496 1002 1568 pluribus
1046 1493 1281 1551 dominis
1320 1502 1376 1549 et
1423 1493 1763 1564 principibus
1814 1493 1988 1546 admi-

2170 1032 2243 1085 B'.
2272 1034 2433 1107 Τρείς
2452 1038 2507 1089 αἱ
2525 1036 2784 1090 ἀνωτάτω
2808 1036 2955 1101 δόξαι
2978 1039 3105 1109 περὶ
3120 1037 3277 1099 Θεοῦ,
3297 1038 3531 1109 ἀναρχία
3546 1037 3671 1107 (14).

2109 1126 2202 1178 καὶ
2265 1126 2606 1199 πολυαρχία,
2667 1128 2761 1182 καὶ
2819 1129 3105 1201 μοναρχία.
3171 1130 3237 1181 Αἰ
3298 1131 3395 1201 μὲν
3449 1125 3540 1182 οὖν
3589 1130 3670 1182 δύ(

2109 1216 2297 1269 παισὶν
2353 1215 2622 1287 Ἑλλήνων
2687 1206 3027 1287 ἔπαίχθησαν
3069 1218 3200 1289 (15),
3239 1221 3333 1272 καὶ
3379 1217 3652 1283 παιζέσθω

2104 1324 2219 1361 σαν.
2278 1308 2351 1361 Τό
2401 1325 2461 1361 τε
2520 1310 2629 1381 γὰρ
2680 1310 2935 1381 ἄναρχον,
2975 1310 3239 1364 ἄτακτον·
3291 1309 3351 1363 τό
3404 1328 3462 1363 τε
3520 1310 3651 1364 πολύ

2108 1416 2293 1471 αρχον,
2346 1402 2660 1466 στασιῶδες,
2734 1404 2826 1455 καὶ
2866 1402 3037 1466 οὕτως
3090 1403 3346 1474 ἄναρχον,
3384 1404 3478 1456 καὶ
3509 1403 3671 1456 οὕτως

2099 1492 2351 1546 ἄτακτον.
2394 1494 2489 1558 Εἰς
2519 1494 2712 1548 ταυτὸν
2753 1496 2859 1568 γὰρ
2888 1495 3174 1566 ἀμφότερα
3204 1495 3381 1563 φέρει,
3414 1495 3512 1566 τὴν
3546 1496 3647 1548 ἄτα

412 1591 712 1657 nistratur,
767 1587 1094 1643 factionibus
1138 1584 1483 1655 dissidiisque
1530 1583 1826 1639 obnoxium
1877 1591 1984 1647 est,

2096 1584 2245 1651 ξίαν·
2277 1588 2310 1656 ἡ
2359 1585 2415 1639 δὲ
2457 1587 2535 1649 είς
2573 1588 2759 1641 λύσιν·
2809 1586 3009 1652 ἀταξία
3041 1586 3149 1659 γὰρ
3205 1586 3401 1658 μελέτη
3452 1585 3655 1651 λύσεως

415 1699 480 1738 ac
502 1681 747 1754 proinde
790 1695 891 1736 nec
915 1694 946 1732 a
977 1691 1250 1748 quoquam
1281 1678 1637 1748 gubernatur,
1672 1690 1773 1730 nec
1798 1674 1990 1731 ordine

416 1777 525 1831 ullo
554 1785 609 1831 et
637 1772 923 1845 disciplina
970 1771 1305 1826 continetur.
1351 1769 1526 1824 Ambo
1566 1769 1733 1823 etiam
1775 1769 1877 1823 ista
1905 1784 1992 1823 eo-

414 1866 537 1921 dem
584 1865 837 1932 tendunt,
875 1863 1133 1917 nimirum
1168 1863 1236 1916 ad
1258 1860 1469 1916 ordinis
1499 1860 1985 1928 perturbationem,

418 1957 534 2013 haec
605 1965 785 2011 autem
836 1956 904 2011 ad
958 1954 1329 2020 sdlutionem;
1394 1954 1735 2024 perturbatio
1791 1954 1988 2023 quippe

415 2050 699 2104 solutionis
745 2047 1024 2104 meditatio
1053 2055 1158 2102 est.
1196 2047 1266 2100 At
1293 2060 1390 2101 nos
1420 2046 1578 2100 unius
1605 2045 1970 2116 principatum

419 2141 688 2205 colimus;
719 2139 879 2195 unius
905 2148 1084 2194 autem
1116 2137 1483 2208 principatum
1519 2138 1661 2202 dico,
1693 2152 1799 2192 non
1825 2152 1984 2206 quem

412 2246 647 2303 persona
697 2246 803 2285 una
853 2228 1256 2284 circumscribit
1310 2227 1449 2299 (ﬁeri
1493 2228 1638 2283 enim
1694 2237 1871 2298 potest
1929 2236 1987 2283 ut

411 2322 557 2394 quod
585 2337 749 2378 unum
785 2319 948 2392 524
973 2328 1076 2383 est,
1109 2320 1155 2373 si
1194 2333 1225 2373 a
1256 2318 1433 2389 seipso
1467 2319 1748 2383 dissideat,
1780 2333 1988 2374 secum-

410 2430 518 2486 que
556 2414 847 2477 discordet,
895 2410 1063 2466 multa
1106 2407 1241 2481 ﬁat),
1294 2410 1392 2465 sed
1436 2423 1597 2479 quem
1636 2408 1860 2479 aequalis
1890 2424 1988 2464 na-

412 2521 546 2564 tura:
592 2507 826 2576 dignitas
880 2502 1181 2567 constituit,
1234 2510 1288 2556 et
1337 2501 1629 2557 voluntatis
1677 2502 1983 2567 consensio,

419 2609 706 2667 motusque
750 2596 1029 2658 identitas,
1069 2602 1232 2661 atque
1267 2592 1333 2645 ad
1373 2605 1562 2653 unum,
1609 2605 1823 2652 eorum,
1866 2604 1987 2658 qua:

416 2712 484 2753 ex
524 2694 645 2763 ipso
685 2700 832 2757 sunt,
889 2686 1223 2759 conspiratio
1269 2686 1343 2753 (id
1381 2685 1527 2755 quod
1559 2685 1611 2738 in
1647 2685 1810 2739 rebus
1857 2699 1985 2753 pro-

411 2787 611 2842 creatis
643 2784 757 2840 lieri
786 2781 1018 2852 nequit),
1048 2781 1121 2835 ita
1167 2789 1248 2845 ut,
1296 2778 1509 2833 etiamsi
1556 2791 1785 2831 numero
1831 2775 1985 2831 ditl'e-

409 2887 554 2936 rant.
589 2876 825 2931 essentia
862 2883 1040 2927 tamen
1074 2880 1129 2925 et
1169 2879 1361 2924 natura
1400 2868 1621 2922 minime
1646 2867 1982 2937 distinguan-

2111 1677 2271 1747 Ἡμῖν
2296 1676 2353 1729 δὲ
2384 1678 2672 1749 μοναρχία,
2704 1678 2765 1731 τὸ
2799 1679 3135 1749 τιμώμενον’
3174 1677 3443 1748 μοναρχία
3474 1677 3551 1741 δὲ,
3580 1678 3673 1747 οὐχ

2099 1771 2166 1841 ἣν
2192 1768 2252 1822 ἓν
2278 1772 2607 1841 περιγράφει
2634 1772 2921 1842 πρόσωπον
2951 1770 3088 1841 (ἔστι
3118 1770 3227 1842 γὰρ
3258 1771 3353 1824 καὶ
3379 1769 3438 1822 τὸ
3464 1769 3522 1823 ἓν
3552 1786 3671 1822 στα-

2099 1861 2283 1926 σιάζον
2320 1862 2456 1932 πρὸς
2485 1862 2645 1915 ἑαυτὸ
2704 1862 2873 1917 πολλὰ
2907 1862 3309 1935 καθίστασθαι),
3339 1861 3451 1916 ἀλλ’
3484 1861 3549 1933 ἢν
3579 1861 3680 1930 φῦ-

2097 1970 2235 2016 σεως
2264 1955 2525 2024 ὁμοτιμία
2550 1956 2849 2026 συνίστησι,
2881 1956 2976 2009 καὶ
3006 1956 3231 2027 γνώμης
3259 1954 3552 2027 σύμπνοια,
3581 1953 3679 2008 καὶ

2092 2046 2361 2117 ταυτότης
2392 2047 2662 2116 κινήσεως
2691 2047 2824 2116 (16),
2858 2048 2952 2100 καὶ
2981 2048 3118 2119 πρὸς
3152 2046 3213 2100 τὸ
3240 2046 3298 2100 ἓν
3334 2044 3443 2098 τῶν
3485 2044 3540 2112 ἐξ
3580 2047 3679 2099 αὐ-

2093 2136 2186 2190 τοῦ
2203 2137 2478 2200 σύννευσις
2491 2138 2645 2211 (ὅπερ
2664 2140 2940 2210 ἀμήχανον
2956 2140 3048 2192 ἐπὶ
3062 2140 3160 2210 τῆς
3176 2138 3437 2209 γεννητῆς
3456 2137 3565 2209 (17)
3584 2138 3678 2208 φύε

2096 2229 2276 2299 σεως),
2318 2228 2456 2282 ὥστε
2501 2230 2604 2283 κᾶν
2638 2230 2854 2301 ἀριθμῷ
2883 2230 3134 2301 διαφέρῃ,
3166 2233 3231 2300 τῇ
3273 2246 3337 2297 γε
3366 2230 3524 2301 οὐσίᾳ
3561 2230 3674 2301 (18)

2097 2319 2170 2390 μὴ
2208 2320 2519 2391 τέμνεσθαι.
2555 2322 2653 2375 Διὰ
2685 2321 2842 2374 τοῦτο
2875 2321 3041 2391 μονὰς
3075 2322 3168 2374 ἀπ’
3203 2321 3377 2392 ἀρχῆς
3402 2322 3481 2384 εἰς
3505 2320 3676 2374 δυάδα

2093 2414 2404 2484 κινηθεῖσα,
2463 2413 2625 2484 μέχρι
2675 2414 2903 2485 Τριάδος
2954 2415 3105 2485 ἔστη.
3162 2414 3274 2467 Καὶ
3318 2414 3474 2468 τοῦτό
3525 2416 3678 2468 ἐστιν

2093 2507 2226 2576 ἡμῖν
2257 2508 2285 2558 ὁ
2313 2505 2525 2576 Πατὴρ,
2565 2504 2658 2557 καὶ
2691 2507 2719 2557 ὁ
2756 2504 2903 2567 Υἱὸς,
2933 2507 3026 2558 καὶ
3066 2505 3127 2558 τὸ
3170 2505 3323 2573 ἆγιον
3354 2503 3579 2574 Πνεῦμα
3599 2521 3610 2533 ·
3645 2509 3676 2557 ὸ

2095 2596 2195 2666 μὲν
2218 2598 2496 2668 γεννήτωρ
2528 2597 2621 2650 καὶ
2665 2596 2981 2665 προϐολευς,
3022 2597 3165 2664 λέγω
3210 2597 3266 2649 δὲ
3291 2583 3538 2659 ἀπαθῶς,
3575 2595 3677 2649 καὶ

2093 2689 2354 2759 ἀχρόνως,
2399 2688 2495 2743 καὶ
2540 2688 2876 2757 ἀσωμάτωςο
2913 2688 3021 2741 τῶν
3054 2689 3131 2749 δὲ,
3160 2688 3221 2742 τὸ
3270 2690 3367 2761 μὲν
3397 2689 3673 2759 γέννημα,

2091 2778 2150 2832 τὸ
2177 2779 2233 2832 δὲ
2261 2779 2573 2851 πρόϐλημα,
2602 2781 2635 2851 ἢ
2668 2783 2768 2834 οὐκ
2796 2777 2890 2834 οἶδ’
2922 2783 3069 2845 ὅπως
3098 2782 3161 2836 ἄν
3187 2800 3271 2845 τις
3302 2781 3473 2835 ταῦτα
3511 2780 3677 2837 καλέ-

2091 2886 2256 2936 σειεν,
2312 2870 2526 2939 ἀφελὼν
2574 2871 2748 2943 πάντη
2798 2872 2904 2925 τῶν
2956 2874 3267 2943 ὁρωμένων.
3326 2875 3399 2926 Οὐ
3448 2873 3557 2945 γὰρ
3604 2874 3675 2945 δὴ

410 2979 519 3025 tur.
553 2967 821 3034 Quocirca
868 2964 1073 3028 unitas,
1109 2960 1378 3030 principio
1412 2959 1464 3012 in
1508 2958 1777 3011 binarium
1811 2967 1976 3023 mota,

2096 2964 2385 3035 ὒπέρχυσιν
2407 2940 2747 3036 ἀγαθότητος-
2765 2968 2937 3019 εἰπεῖν
2967 2940 3313 3039 θαρρήσομεν
3327 2967 3375 3038 (ὃ
3399 2940 3509 3019 τῶν
3526 2940 3674 3040 amp;

409 3060 463 3116 in
514 3058 778 3113 Trinitate
813 3053 1078 3111 constitit.
1117 3053 1293 3119 Atque
1324 3052 1428 3104 hoc
1458 3049 1615 3103 nobis
1657 3058 1740 3104 est
1781 3048 1964 3114 Pater,

408 3161 464 3207 et
491 3150 684 3215 Filius;
724 3156 780 3202 et
819 3144 1056 3217 Spiritus
1093 3150 1350 3207 sanctus;
1381 3139 1544 3194 Pater
1582 3137 1798 3208 quidem
1829 3140 1981 3208 geni-

410 3254 515 3309 tor,
565 3251 620 3297 et
669 3239 977 3311 productor,
1029 3236 1164 3290 citra
1213 3241 1392 3287 tamen
1441 3230 1602 3285 ullam
1650 3229 1978 3300 passionem,

408 3351 472 3392 ac
502 3343 736 3402 tempus,
767 3340 930 3399 atque
960 3328 1283 3395 incorporeo
1312 3321 1469 3376 modo
1496 3339 1509 3373 :
1544 3321 1737 3375 horum
1770 3329 1975 3382 autem,

407 3427 547 3481 alter
596 3422 827 3488 soboles,
868 3421 1006 3475 alter
1046 3416 1359 3489 processio,
1406 3421 1497 3468 aut
1543 3413 1740 3480 quibus
1796 3411 1980 3465 verbis

406 3518 521 3573 haec
542 3515 810 3586 quispiam
834 3526 1030 3566 vocare
1056 3517 1241 3580 queat,
1280 3505 1484 3569 nescio,
1527 3504 1597 3558 ab
1640 3502 1706 3557 iis
1753 3517 1979 3572 prorsus

409 3610 751 3671 abstrahens,
788 3619 911 3675 quae
938 3603 1038 3658 sub
1065 3607 1343 3668 aspectum
1371 3594 1597 3651 cadunt.
1625 3592 1811 3658 Neque
1835 3594 1978 3647 enim

407 3696 666 3753 bonitatis
695 3691 1129 3764 superfusionem
1161 3690 1346 3744 dicere
1384 3685 1702 3740 audebimus
1740 3682 1977 3753 (tametsi

407 3792 675 3863 quispiam
730 3804 941 3853 eorum,
987 3786 1078 3855 qui
1124 3782 1267 3853 apud
1323 3780 1574 3835 ethnicos
1621 3777 1977 3848 philosophiae

403 3885 564 3939 laude
604 3882 916 3947 ﬂoruerunt,
960 3876 1066 3932 hoc
1110 3872 1370 3929 vocabulo
1417 3872 1493 3925 uti
1544 3885 1648 3925 non
1679 3869 1968 3935 dubitarit,

2084 3056 2308 3126 Ἕλλησι
2338 3054 2815 3126 φιλοσοφησάντων
2841 3058 3014 3110 εἰπεῖν
3052 3075 3137 3121 τις
3166 3057 3489 3128 ἐτόλμησεν,
3518 3054 3669 3112 Οἷον

2081 3145 2308 3215 κρατήρ
2335 3165 2426 3213 τις
2452 3150 2719 3216 ὺπεῤῥύη
2745 3148 2877 3220 (19),
2921 3148 3108 3218 σαφῶς
3141 3150 3341 3202 οὑτωσὶ
3382 3149 3579 3217 λέγων,
3610 3153 3676 3203 ἐν

2081 3232 2164 3301 οἷς
2195 3255 2263 3290 πε
2274 3239 2326 3309 ρ),
2354 3238 2570 3310 πρώτου
2596 3239 2707 3312 (20)
2734 3240 2906 3294 αἰτίου
2937 3242 3031 3295 καὶ
3055 3241 3309 3313 δευτέρου
3338 3241 3671 3313 φιλοσοφεῖ),

2084 3330 2297 3400 μήποτε
2344 3330 2597 3383 ἀκούσιον
2648 3331 2743 3403 τὴν
2795 3334 3046 3404 γέννησιν
3094 3333 3480 3405 εἰσαγάγωμεν
3524 3334 3672 3405 (ΞΙ),

2080 3420 2173 3472 καὶ
2219 3413 2330 3472 οἷον
2376 3421 2698 3492 περίττωμα
2734 3439 2785 3474 τι
2849 3422 3075 3490 φυσικὸν
3128 3424 3221 3475 καὶ
3271 3422 3672 3489 δυσκάθεκτον,

2077 3510 2277 3579 ἥκιστα
2322 3513 2442 3573 ταῖς
2486 3512 2614 3582 περὶ
2658 3510 2909 3581 θεότητος
2954 3512 3230 3577 ὑπονοίαις
3270 3512 3385 3583 (22)
3428 3514 3671 3585 πρέπον.

2076 3602 2177 3655 Διὰ
2224 3600 2382 3655 τοῦτο
2426 3605 2519 3656 ἐπὶ
2557 3603 2665 3658 τῶν
2712 3605 2995 3675 ἡμετέρων
3053 3605 3194 3675 ὅρων
3250 3606 3549 3675 ἱστάμενοι,
3603 3607 3675 3660 τὸ

2085 3693 2380 3765 ἀγέννητον
2410 3696 2723 3766 εἰσάγομεν,
2747 3697 2842 3750 καὶ
2866 3697 2928 3749 τὸ
2956 3698 3236 3769 γεννητὸν,
3268 3698 3364 3750 καὶ
3386 3698 3445 3750 τὸ
3474 3700 3539 3751 ὲκ
3567 3700 3670 3752 τοῦ

2084 3787 2296 3856 Πατρὸς
2334 3789 2782 3859 ἐκπορευόμενον,
2816 3789 2892 3853 ὥς
2921 3789 3022 3843 πού
3064 3807 3231 3860 φησιν
3270 3791 3431 3855 αὐτὸς
3463 3793 3491 3845 ὁ
3527 3791 3673 3857 Θεὸς

2088 3877 2179 3929 καὶ
2207 3878 2397 3947 Λόγος.

404 3993 528 4034 cum
560 3979 624 4032 de
653 3976 827 4047 prima
890 3980 944 4026 et
1001 3968 1234 4025 secunda
1273 3980 1437 4022 causa
1522 3964 1835 4026 dissereret,
1872 3964 2175 4032 perspicuis
2215 3971 2394 4024 verbis
2444 3971 2515 4024 ita
2568 3971 2835 4041 loquens:
2906 3971 3061 4026 Velut
3097 3972 3343 4037 poculum
3389 3974 3672 4044 quoddam

395 4070 805 4141 superﬂuxit”),
848 4082 915 4123 ne
941 4074 1182 4121 coactam
1227 4062 1517 4130 quamdam
1572 4057 1999 4127 generationem,
2071 4074 2135 4116 ac
2178 4064 2324 4118 velut
2372 4068 2676 4122 naturalem
2722 4068 3009 4137 quamdam
3057 4068 3476 4133 superﬂuitatem
3527 4085 3659 4139 quae

406 4164 626 4220 retineri
676 4169 930 4231 nequeat,
979 4158 1307 4223 minimeque
1359 4150 1628 4208 divinitati
1671 4160 1955 4221 congruat,
2030 4152 2366 4213 invehamus.
2430 4159 2662 4227 Prqhtde
2712 4161 2908 4214 ﬁnibus
2973 4161 3177 4216 nostris
3227 4170 3437 4216 nosmet
3473 4165 3669 4217 comi-

392 4267 617 4323 nentes,
664 4255 959 4325 ingenitum
1006 4260 1060 4306 et
1103 4249 1341 4320 geniture
1384 4244 1725 4311 inducimus,
1798 4254 1853 4300 ct
1903 4260 1967 4301 ex
2040 4245 2199 4306 Patre
2252 4255 2631 4323 procedentem
2676 4265 2736 4310 ut
2778 4257 3009 4326 quodam
3077 4256 3238 4312 loco'
3277 4257 3417 4313 Deus
3446 4258 3562 4329 ipse
3597 4275 3671 4316 ac

405 4350 642 4407 Verbum
670 4345 1058 4417 pronuntiavit.

466 4482 499 4515 ’⁸
528 4481 698 4537 Plato.
778 4481 798 4511 ⁹
832 4479 988 4535 Joan.
1017 4492 1108 4544 xv,
1135 4477 1224 4532 26.

470 4638 586 4710 (12)
624 4639 988 4710 Εὐοζύνοπτα
1013 4636 1274 4710 γένηται.
1303 4633 1434 4710 Reg.
1458 4630 1645 4710 Qypr.,
1669 4629 1972 4710 εὐσύνοπτοι

2151 4630 2262 4710 (ΥΞ)
2301 4629 2628 4710 {manic-
2647 4631 2809 4710 398:.
2836 4631 3027 4710 bene!
3055 4631 3148 4710 0!-
3178 4631 3514 4710 ίιγενηῐτῆς-

398 4699 687 4783 γένωνται.
730 4709 932 4783 Gloss...
981 4699 1199 4777 εὔδηλα,
1248 4704 1340 4757 καὶ
1376 4699 1649 4782 γνώριμα,
1686 4700 1783 4783 καί(
1825 4699 1971 4783 σοιφῆ

2101 4772 2110 4782 .
2150 4700 2260 4783 (18)
2308 4699 2385 4783 Τῇ
2417 4718 2483 4769 γε
2514 4701 2711 4783 ρρσιζᾳ.
2755 4700 2846 4783 Sic
2875 4701 3037 4783 Quis].
3077 4703 3102 4755 1
3127 4712 3192 4783 Δ(ξι
3216 4699 3278 4783 75,
3312 4699 3510 4783 aliique
3540 4720 3666 4760 me-

403 4771 650 4852 γένηται,
687 4797 707 4831 ι
750 4771 1138 4852 manifesta,_et
1167 4784 1322 4852 nota,
1349 4783 1408 4852 et_
1434 4771 1716 4839 perspicua
1754 4771 1909 4825 liant.
1943 4791 1962 4822 ›
2078 4771 2227 4826 lioris
2255 4782 2394 4852 notae
2428 4771 2582 4852 codd.
2622 4771 2752 4837 Quae
2799 4771 2962 4852 lectio
3021 4772 3262 4852 profecto
3302 4771 3505 4852 _nielior
3552 4788 3665 4846 est,

400 4838 547 4913 D'iox',
588 4838 972 4918 εἰσαγωγικόν,
1005 4838 1583 4918 ιὶηιτοιιιιοιοιξυιιι.)
1749 4907 1772 4918 Δ
1907 4909 1965 4918 Μ

2096 4838 2512 4918 μιιιηὶὲξουσίᾳ,
2555 4841 2867 4918 «potentia,
2894 4859 2927 4918 ,ι
2965 4838 3083 4918 qua:
3137 4844 3188 4895 in
3248 4843 3420 4918 editis
3450 4848 3635 4914 reperi

477 4907 588 4993 (13)
613 4907 880 4993 ,Διάχεθῇ
914 4916 989 4971 τὰ
1023 4915 1339 4982 νοούμενα.
1371 4911 1502 4980 Reg.
1531 4908 1724 4979 Cypr.,
1745 4907 1970 4982 διαχυθῇ

2096 4907 2187 4964 fur.
2224 4909 2355 4963 Nam
2397 4907 2851 4991 Nicmni‘Patres,
2883 4907 3186 4993 ὁμοούσιον,
3226 4931 3242 4963 ι
3270 4907 3527 4993 ejusdenf
3564 4932 3660 4968 na»

402 4981 786 5062 τὰλεγόμενᾶ.
1539 5048 1550 5062 _
1693 5049 1704 5062 I
1779 5050 1791 5060 '
1947 4981 1966 4982 η

2096 4995 2213 5035 .urte
2246 5000 2278 5062 ι.
2301 4996 2395 5035 seu
2424 4981 2735 5062 (“essentia-2.
2763 4999 2780 5031 ι
2820 4996 2923 5034 non
2954 4982 3319 5062 ὁμοεξούσιον,
3360 5002 3378 5035 r
3408 4983 3662 5053 ejusdem

477 5048 589 5135 (14)
631 5048 1071 5135 ’ᾎναρχίαηθια
1120 5073 1139 5107 t
1166 5053 1391 5116 Nullius,
1422 5070 1440 5101 ι
1470 5048 1554 5105 vel
1600 5066 1619 5100 ι
1654 5049 1908 5119 plurium,
1949 5069 1967 5102 ι

2096 5052 2349 5135 ωιςριξιρλ
2378 5070 2395 5102 ι
2437 5050 2578 5135 Patri
2608 5048 2808 5135 Pr‘ilium‘
2836 5064 2956 5105 esse
2978 5048 3324 5135 definierunt.

402 5119 498 5188 vel
521 5150 540 5182 ί
573 5119 739 5185 huius
769 5119 1074 5197 imperium.
1113 5144 1155 5197 ι-
1541 5187 1583 5197 __
1778 5188 1789 5197 _
1935 5189 1949 5197 -

2096 5192 2098 5197 λ
2145 5119 2589 5197 (19)ςΥπεῤῥύη.
2624 5120 2735 5197 ptio
2772 5121 2962 5190 ltegg.,
2999 5122 3234 5192 quinque
3268 5121 3446 5186 Colb.,
3482 5121 3659 5179 Coisl.

479 5201 592 5271 (15)
647 5187 1073 5271 Ἰιῖίινιῖαίχῦησιιιιιἶ
1124 5194 1277 5271 [insae
1301 5202 1443 5247 sunt.
1479 5210 1497 5241 ‹
1528 5187 1653 5271 _Hoc
1682 5188 1850 5271 verbo
1875 5189 1976 5271 uti-

2096 5192 2128 5253 ἱ,
2152 5187 2428 5271 ειλριξμ·
2449 5190 2784 5271 ὑπεριερρύη.

403 5258 498 5325 tur
517 5258 1102 5339 Gregoriu_s,'r'inquit
1146 5264 1313 5339 Elias,
1354 5261 1598 5339 cqttoda
1639 5259 1974 5339 rebusludi-
2103 5331 2115 5339 ‘
2146 5259 2255 5339 (20)
2294 5261 2433 5339 Περὶ
2486 5258 2870 5339 ﬁnitionem.
2912 5260 3099 5339 Plato,
3136 5276 3362 5330 primam
3405 5277 3656 5339 causam.

405 5342 514 5395 cris
544 5330 678 5393 nihil
708 5330 1096 5397 dill‘errent'ea,
1136 5349 1255 5403 quae
1282 5334 1384 5395 ipsi
1422 5331 1845 5403 introducerent,
1888 5339 1973 5381 at-
2070 5331 2129 5382 τὸ
2158 5330 2254 5396 ἓν,
2288 5348 2307 5380 ι
2345 5330 2517 5384 Unum
2555 5348 2574 5381 ι
2634 5332 2862 5395 statuit;
2922 5333 3147 5387 alteram
3209 5348 3373 5399 vero,
3433 5332 3495 5386 τὸ
3557 5334 3656 5397 ὃν,

404 5425 511 5479 que
543 5408 597 5464 in
637 5409 859 5462 deorum
907 5398 1187 5479 numerum
1229 5404 1529 5479 referrent;
1567 5399 1649 5453 vel
1684 5398 1824 5467 quod
1853 5414 1971 5454 om-
2075 5419 2093 5451 ι
2135 5403 2266 5479 Ens.
2298 5418 2357 5479 1-
2499 5450 2512 5479 ,_

404 5469 537 5534 nino
566 5482 725 5548 digna
754 5480 881 5541 sint,
914 5478 1105 5548 quibus
1134 5474 1412 5548 illudatur._
1441 5491 1459 5524 ι
1747 5542 1781 5548 __
2287 5470 2731 5548 @igctrdrtouer.
2770 5471 3316 5548 lSicet.,_eiqiyogtev.

475 5549 586 5619 (16)
624 5540 1280 5619 Ὺαυτότηςῖκινήσεως.
1319 5562 1338 5594 ‹
1371 5542 1567 5619 Motum
1611 5542 1842 5614 appellat
1871 5553 1967 5611 ρον

2096 5614 2097 5619 η
2301 5541 2663 5619 ’.Υπονοηζαςᾳ
2707 5559 2725 5592 ι
2763 5540 3212 5610 Cogitationibus,
3251 5562 3267 5593 ι
3305 5558 3424 5609 seu,
3458 5562 3475 5595 ι
3513 5545 3655 5602 idcis

406 5611 627 5676 tentiam
661 5628 714 5676 et
744 5611 1139 5685 ellicacitatem,
1174 5634 1192 5666 ι
1238 5614 1413 5685 inquit
1449 5612 1611 5668 Elias.
1645 5611 1695 5614 ”
2065 5611 2131 5668 de
2149 5611 2442 5669 divinitate
2474 5612 2696 5667 minime
2726 5624 3131 5681 congruentem.
3169 5631 3187 5663 ι
