3890 6214
244 231 308 288 ’Π
1268 231 1526 288 ORATK)
1560 233 1757 288 XXIX.
1800 262 1867 275 --
1908 231 2351 289 THEOLOGICA
2394 233 2484 289 Ill.
3417 248 3483 302 73

306 349 378 403 Γ.
408 348 544 401 Πότε
575 345 668 401 οὖν
692 347 804 419 (25)
853 348 1053 413 ταῦτα;
1113 348 1285 420 Ὑπὲρ
1322 350 1383 401 τὸ
1420 350 1564 402 πότε
1601 349 1810 403 ταῦτα·

1991 349 2080 405 111.
2124 350 2229 404 Sed
2277 354 2494 419 quando
2532 352 2686 407 hmc?
2722 353 2980 423 inquient.
3060 356 3318 413 Nimirum
3371 361 3485 416 luce

238 442 283 493 εί
301 440 355 493 δὲ
376 440 527 493 δεῖτι
548 441 641 493 καὶ
665 439 1177 513 νεανικώτερονβιίι)
1205 443 1399 503 εἰπεῖν,
1427 442 1514 494 ὅτε
1551 442 1579 494 6
1599 441 1809 512 Πατήρ.

238 532 372 585 Πότε
394 531 450 585 δὲ
474 533 502 583 ὁ
532 533 752 603 Πατὴρ;
784 532 897 585 Οὐκ
925 528 1014 601 ἦν,
1040 534 1131 586 ὅτε
1157 533 1257 585 οὐκ
1280 528 1368 603 ἦν.
1406 530 1576 585 Τοῦτο
1598 527 1690 585 οῦν
1720 532 1813 585 καὶ

235 625 259 677 6
291 623 435 687 Υἱὸς,
484 623 578 676 καὶ
613 622 672 674 τὸ
704 621 926 687 Πνεῦμα
965 622 1026 674 τὸ
1078 622 1251 690 ἅγιον.
1300 621 1469 674 Πάλιν
1513 619 1693 691 ἐρώτα
1723 637 1810 691 με,

236 715 327 766 καὶ
351 713 511 766 πάλιν
535 711 935 783 ἀποκρινοῦμαί
959 728 1060 765 σοι.
1090 712 1228 765 Πότε
1253 713 1283 763 ὁ
1308 711 1432 774 Υἱὸς
1458 710 1811 781 γεγέννηταις

237 804 364 857 Ὅτε
387 804 416 855 6
443 801 632 874 Πατὴρ
655 803 717 854 οὐ
748 803 1095 872 γεγέννηται.
1120 803 1259 855 Πότε
1287 802 1343 855 δὲ
1367 802 1429 854 τὸ
1454 800 1682 870 Πνεῦμα
1698 800 1812 871 (εδ)

234 895 663 967 ἐκπεπόρευται;
709 895 835 947 Ὅτε
866 896 894 947 6
923 895 1051 959 Υἱὸς
1090 896 1191 947 οὐκ
1232 894 1654 966 ὲκπεπὸρευται,
1679 894 1815 948 ἀλλὰ

235 988 552 1056 γεγέννηται
581 987 845 1059 ἀχρόνως,
878 989 974 1040 καὶ
1007 986 1148 1058 ὑπὲρ
1175 986 1331 1054 λόγον
1350 1002 1363 1015 ·
1399 989 1447 1039 εἰ
1475 988 1569 1040 καὶ
1613 986 1686 1057 μὴ
1726 986 1815 1039 δυ-

233 1077 441 1147 νάμεθα
463 1079 521 1130 τὸ
553 1078 694 1149 ὑπὲρ
724 1079 915 1149 χρόνον
946 1078 1320 1149 παραστῆσαι,
1359 1078 1607 1142 θέλοντες
1634 1095 1813 1150 χρονι-

233 1167 332 1238 κὴν
365 1169 627 1238 ἐκφυγεῖν
662 1168 923 1238 ἔμφασιν.
958 1169 1031 1222 Τὸ
1063 1169 1173 1241 γὰρ
1202 1169 1322 1235 ὅτε,
1353 1169 1446 1222 καὶ
1475 1169 1590 1237 πρὸ
1616 1165 1813 1235 τοῦδε,

232 1261 325 1313 καὶ
369 1259 520 1329 μετὰ
562 1260 769 1324 ταῦτα,
812 1261 908 1313 καὶ
952 1259 1388 1329 ἀπιφχῆςθϐ),
1441 1261 1539 1313 οὐκ
1590 1260 1813 1331 ἄχρονα,

232 1349 335 1403 κᾶν
358 1351 439 1403 ὅτι
468 1350 702 1420 μάλιστα
736 1348 1054 1421 βιαζὼμεθα
1073 1367 1087 1379 ο
1124 1350 1264 1420 πλὴν
1295 1353 1343 1403 εἰ
1371 1350 1430 1404 τὸ
1451 1351 1562 1421 (27)
1594 1368 1804 1421 παρεκ-

233 1442 539 1512 τεινόμενον
586 1441 700 1511 (28)
745 1445 861 1504 τοῖς
914 1442 1107 1506 ἀϊδίοις
1166 1440 1443 1511 διάστημα
1498 1441 1590 1494 τὸν
1644 1442 1816 1495 αἰῶνα

231 1531 625 1602 λαμϐάνωμεν,
671 1532 734 1585 τὸ
775 1532 849 1603 μὴ
890 1533 1100 1602 κινήσει
1151 1532 1276 1594 τινὶ,
1321 1531 1453 1602 μηδὲ
1498 1532 1646 1602 ήλίον
1676 1535 1817 1605 φορᾷ

236 1624 590 1694 μεριζόμενον
637 1625 730 1676 καὶ
781 1623 1169 1695 μετρούμενον,
1202 1623 1340 1691 ὅπερ
1380 1623 1409 1674 ὁ
1445 1622 1655 1692 χρόνος.
1688 1623 1817 1688 Πῶς

1915 455 2075 507 supra
2101 442 2319 511 quando
2341 451 2485 497 sunt.
2513 442 2663 509 Quod
2694 444 2737 499 si
2770 446 2933 500 etiam
2967 449 3345 506 audaciuscule
3370 452 3473 507 ali-

1913 532 2042 599 quid
2098 532 2385 586 dicendum
2437 542 2541 597 est,
2602 543 2709 586 tum
2765 535 2880 589 htec
2923 547 3101 603 erant,
3149 554 3271 593 cum
3317 541 3481 596 Pater

1919 632 2057 677 eral.
2104 620 2330 691 Quando
2378 637 2557 679 autem
2610 625 2807 681 Pater?
2864 628 3145 698 Nunquam
3197 647 3302 685 non
3362 632 3484 690 fuit.

1915 713 2057 767 Idem
2101 714 2167 767 de
2213 712 2371 777 Filio,
2416 715 2557 768 idem
2610 715 2676 770 de
2724 715 2925 786 Spiritu
2958 725 3147 773 sancto
3181 731 3485 790 promptum

1916 812 2000 858 est
2045 804 2246 858 dicere.
2293 804 2445 871 Quod
2493 807 2536 859 si
2581 821 2768 861 rursus
2816 821 2901 861 me
2955 808 3272 880 interroges,
3299 826 3488 867 rursus

1919 895 2012 950 tibi
2064 895 2427 965 respondebo.
2461 896 2685 964 Quando
2730 898 2900 953 Filius
2953 901 3166 970 genitus
3205 903 3325 956 est?
3351 902 3483 957 Cum

1919 987 2077 1043 Pater
2120 988 2335 1057 genitus
2378 1003 2484 1043 non
2545 999 2647 1044 est.
2678 989 2901 1056 Quando
2930 989 3161 1060 Spiritus
3189 996 3490 1063 processit?

1917 1077 2051 1131 Tum
2101 1092 2218 1131 cum
2269 1077 2437 1133 Filius
2482 1094 2585 1133 non
2631 1082 2916 1149 processit,
2961 1084 3054 1138 sed
3098 1085 3235 1138 citra
3275 1096 3487 1155 tempus

1917 1168 2107 1234 ullum,
2160 1184 2224 1224 ac
2255 1184 2417 1241 supra
2446 1185 2662 1226 omnem
2711 1173 2939 1228 rationis
2982 1175 3229 1231 humanae
3271 1186 3485 1247 captum

1916 1261 2130 1329 genitus
2178 1269 2297 1315 est:
2327 1263 2489 1316 etiam
2536 1263 2578 1317 si
2630 1263 2705 1348 id.
2736 1264 2878 1333 quod
2934 1281 3093 1335 supra
3138 1275 3347 1337 tempus
3379 1278 3483 1336 est,

1919 1348 2201 1403 declarare
2239 1350 2539 1418 cupientes,
2574 1352 2921 1421 temporalem
2956 1355 3191 1423 speciem
3217 1372 3281 1411 ac
3315 1356 3486 1427 signi-

1920 1439 2227 1495 ficationem
2276 1440 2462 1509 fugere
2509 1456 2857 1512 nequeamus.
2910 1443 3121 1498 Etenim
3168 1447 3250 1500 hae
3304 1462 3483 1510 voces,

1915 1531 2144 1599 quando,
2196 1532 2436 1597 antehac,
2494 1532 2729 1599 posthac,
2780 1549 2813 1585 a
2862 1534 3158 1602 principio,
3229 1538 3485 1606 temporis

1918 1623 2227 1691 neutiquam
2306 1632 2553 1691 expertes
2600 1634 2745 1690 sunt,
2797 1639 3170 1695 quamcunque
3228 1627 3333 1681 vim
3382 1629 3488 1683 illis

229 1712 323 1770 οῦν
344 1717 404 1770 οὐ
436 1716 765 1788 συνάναρχα,
795 1719 842 1769 εί
871 1716 1150 1781 συναῖδια;
1186 1715 1306 1768 Ὅτι
1349 1715 1576 1780 ἐκεῖθεν,
1629 1718 1677 1768 εί
1726 1718 1819 1769 καὶ

1932 1710 2259 1775 inferamus;
2320 1712 2422 1765 nisi
2456 1712 2596 1766 forte
2644 1728 2816 1769 aevum
2865 1717 3213 1786 accipiamus,
3250 1719 3352 1773 hoc
3379 1730 3487 1784 est,

235 1806 309 1878 μὴ
343 1809 459 1877 μετ’
476 1809 681 1861 ἐκεῖνον
706 1807 840 1876 (29).
866 1808 941 1861 Τὸ
969 1808 1067 1878 μὲν
1090 1808 1199 1879 γὰρ
1222 1808 1474 1878 ἄναρχον,
1503 1809 1595 1860 καὶ
1624 1808 1811 1862 ἀΐδιον*

230 1898 291 1952 τὸ
321 1898 379 1951 δὲ
402 1899 594 1961 ἀΐδιον,
637 1900 697 1951 οὐ
747 1898 965 1962 πάντως
998 1899 1253 1971 ἄναρχον,
1285 1899 1390 1962 ἕως
1429 1899 1495 1951 ἂν
1524 1901 1604 1962 εἰς
1643 1899 1815 1970 ἀρχὴν

230 1991 569 2061 ἀναφέρηται
590 1991 680 2044 τὸν
710 1991 948 2063 Πατέρα.
982 1992 1096 2046 Οὐκ
1126 1991 1338 2062 ἄναρχα
1384 1987 1477 2045 οῦν
1509 1991 1586 2062 τῷ
1615 1993 1772 2063 αἰτίῳ
1798 2010 1811 2023 ·

227 2081 387 2150 δῆλον
420 2081 478 2134 δὲ
515 2081 576 2134 τὸ
612 2081 810 2145 αἴτιον,
837 2081 914 2144 ὡς
941 2081 1003 2133 οὐ
1052 2081 1271 2143 πάντως
1307 2079 1674 2151 πρεσϐύτερον
1703 2081 1812 2133 τῶν

228 2167 306 2229 ὧν
332 2175 478 2226 ἐστιν
503 2173 615 2245 (50)
645 2173 818 2227 αἴτιον
838 2189 851 2201 ·
879 2172 1002 2228 οὐδὲ
1026 2172 1135 2243 γὰρ
1158 2172 1252 2226 τοῦ
1277 2171 1472 2240 φωτὸς,
1503 2172 1672 2242 ἥλιος.
1700 2175 1811 2226 Καὶ

226 2266 443 2337 ἄναρχά
493 2284 609 2331 πως
657 2265 737 2336 τῷ
778 2266 975 2336 χρόνῳ,
1019 2265 1120 2319 κᾶν
1165 2266 1229 2318 σὺ
1282 2263 1629 2336 μορμολύττῃ
1680 2269 1809 2330 τοὺς

228 2356 657 2428 ἁπλουστέρουςο
690 2357 751 2409 οὐ
775 2356 884 2426 γὰρ
913 2355 1019 2409 ὑπὸ
1046 2353 1236 2426 χρόνον
1263 2353 1331 2405 τὰ
1384 2351 1441 2419 ἐξ
1489 2351 1564 2405 ὧν
1606 2354 1634 2404 ὁ
1682 2353 1812 2424 χρό-

232 2464 341 2512 νος.

1923 1803 2263 1857 intervallum
2317 1803 2467 1869 illud,
2517 1806 2659 1873 quod
2692 1806 2848 1861 simul
2886 1821 3006 1862 cum
3063 1809 3223 1864 rebus
3273 1814 3485 1865 mternis

1870 1964 1875 1971 ι
1921 1896 2253 1960 οχιοιιᾰῐιυν,
2303 1909 2403 1950 nec
2452 1896 2563 1951 ullo
2611 1906 2782 1961 motu,
2821 1907 2913 1952 aut
2956 1899 3086 1954 solis
3127 1915 3286 1955 cursu
3325 1902 3487 1971 (quod

1922 1990 2140 2057 quidem
2181 1997 2392 2055 tempus
2438 1988 2562 2059 est),
2609 1989 2881 2045 delinitur.
2933 1990 3072 2059 Quid
3129 1991 3291 2064 525
3334 2008 3485 2065 ergo,

1918 2079 2150 2148 inquies,
2194 2079 2238 2133 si
2268 2078 2436 2134 Filius
2471 2089 2525 2133 et
2556 2078 2790 2149 Spiritus
2822 2091 3040 2136 sanctus
3066 2081 3210 2136 Patri
3238 2084 3489 2137 coaeterni

1917 2180 2062 2235 sunt,
2104 2171 2234 2240 quid
2283 2170 2465 2226 aﬂ'erri
2512 2181 2713 2240 potest,
2764 2173 2893 2241 quin
2945 2173 3196 2243 principii
3246 2188 3486 2243 quoque,

1919 2261 2370 2330 quemadmodum
2410 2270 2465 2315 et
2504 2261 2613 2324 ille,
2651 2263 2761 2316 sint
2790 2264 3074 2332 expertes?
3111 2262 3245 2331 Quia
3277 2264 3346 2317 ab
3377 2265 3491 2331 ipso

1919 2364 2068 2418 sunt,
2116 2353 2243 2407 licet
2288 2368 2396 2407 non
2443 2362 2566 2422 post
2606 2353 2802 2422 ipsum.
2850 2354 3001 2420 Quod
3042 2356 3184 2409 enim
3225 2356 3492 2425 principio

1919 2453 2087 2508 caret,
2123 2451 2382 2497 aeternum
2410 2457 2623 2511 quoque
2657 2452 2781 2497 est:
2827 2444 2969 2511 quod
3004 2454 3180 2498 autem
3216 2459 3481 2502 mternum

233 2548 337 2604 est,
370 2554 476 2594 uon
505 2539 752 2608 protinus
780 2552 996 2608 quoque
1053 2536 1319 2607 principio
1353 2546 1532 2604 vacat,
1568 2536 1806 2607 quandiu
1847 2536 1913 2588 ad
1949 2534 2193 2599 Patrem,
2236 2533 2387 2589 velut
2444 2536 2511 2587 ad
2551 2534 2873 2604 principium
2912 2544 2966 2589 et
3005 2535 3289 2605 originem,
3321 2537 3493 2593 refer-

233 2646 343 2691 tur.
396 2635 539 2705 Ergo
578 2632 672 2697 illi,
712 2644 970 2702 quantum
1010 2633 1077 2686 ad
1110 2645 1351 2696 causam,
1390 2630 1657 2701 principio
1696 2630 1914 2685 minime
1966 2638 2177 2684 carent.
2249 2628 2601 2697 Perspicuum
2682 2636 2860 2681 autem
2917 2635 3032 2691 est,
3103 2643 3318 2682 causam
3385 2645 3491 2686 non

230 2723 490 2780 continuo
522 2722 879 2791 antiquiorem
926 2734 1048 2775 esse
1095 2721 1185 2778 iis.
1230 2735 1457 2789 quorum
1494 2734 1657 2776 causa
1692 2729 1806 2785 est;
1847 2733 2023 2788 neque
2048 2719 2189 2774 enim
2256 2718 2334 2773 sol
2400 2718 2572 2773 lucem
2601 2729 2838 2788 tempore
2904 2720 3192 2773 antecedit.
3222 2719 3490 2785 Quantum

232 2831 417 2874 autem
445 2818 510 2872 ad
542 2828 774 2887 tempus,
817 2818 1065 2887 principii
1113 2827 1365 2886 expertes
1435 2825 1580 2875 sunt.
1648 2816 1772 2871 licet
1842 2826 1894 2869 tu
1936 2817 2223 2871 verborum
2270 2815 2438 2870 larvis
2473 2814 2828 2885 simpliciores
2858 2817 3066 2877 animos
3094 2816 3326 2872 territes.
3370 2816 3478 2873 Nec

231 2908 377 2965 enim
401 2907 626 2979 tempori
647 2906 872 2962 subsunt
894 2921 977 2971 ea,
1000 2922 1063 2962 ex
1090 2906 1281 2974 quibus
1300 2919 1509 2976 tempus
1530 2907 1795 2976 originem
1835 2907 2084 2976 sumpsit.

305 3043 381 3096 A'.
419 3028 545 3104 Πῶς
568 3032 661 3094 οῦν
694 3040 794 3093 οὐκ
829 3039 1081 3110 ἐμπαθὴς
1120 3041 1153 3111 ἡ
1192 3041 1478 3112 γέννησιςς
1515 3043 1637 3095 Ὅτι
1675 3041 1817 3094 ἀσώ-
1846 3053 1888 3110 (ι

237 3154 426 3210 ματος.
453 3136 519 3189 Εἰ
545 3135 653 3206 γὰρ
675 3136 708 3204 ἡ
732 3132 1043 3205 ὲνσώματος
1071 3134 1343 3205 ἐμπαθὴς,
1377 3134 1594 3207 ἀπαθὴς
1621 3137 1652 3204 ἡ
1676 3133 1821 3188 ἀσώ-

239 3245 433 3300 ματος.
509 3220 651 3294 Ἐγὼ
700 3225 759 3278 δέ
814 3242 874 3278 σε
927 3226 1293 3296 ἀντερήσομαι
1322 3243 1334 3255 ο
1380 3225 1504 3289 Πῶς
1553 3226 1704 3290 Θεὸς,
1773 3226 1821 3277 εἰ

235 3318 479 3390 κτίσμα;
525 3317 598 3371 Οὐ
634 3317 743 3388 γὰρ
773 3316 905 3380 Θεὸς
951 3316 1013 3368 τὸ
1054 3314 1398 3386 κτιζόμενονο
1432 3317 1517 3368 ἵνα
1550 3317 1625 3386 μὴ
1657 3314 1819 3384 λέγω,

235 3412 322 3464 ὃτι
356 3407 632 3463 κάνταῦθα
660 3408 851 3473 πάθος,
875 3409 940 3462 ἂν
966 3407 1294 3479 σωματικῶς
1321 3408 1686 3478 λαμϐάνηται,
1712 3404 1821 3461 οἷον

237 3503 433 3576 χρόνος
455 3542 470 3565 ,
498 3501 701 3571 ἔφεσις,
753 3500 1132 3567 ἀνατύπωσις,
1166 3499 1419 3570 φροντὶς,
1454 3498 1626 3561 ἐλπὶς,
1656 3498 1820 3566 λύπη,

235 3596 519 3658 κίνδυνος,
549 3593 848 3663 ἁποτυχία,
883 3592 1197 3665 διόρθωσις·
1231 3591 1267 3646 ἃ.
1307 3590 1485 3645 πάντα
1523 3592 1617 3644 καὶ
1654 3591 1823 3643 πλείω

234 3687 445 3742 τούτων
476 3687 604 3759 περὶ
635 3686 733 3756 τὴν
758 3687 935 3741 κτίσιν
963 3686 1096 3755 (51),
1120 3684 1194 3747 ὡς
1222 3685 1386 3738 πᾶσιν
1414 3682 1654 3755 εὔδηλον.
1679 3684 1821 3737 Θαυ-

239 3776 402 3848 μάζω
439 3776 517 3844 δὲ,
547 3777 628 3829 δτι
662 3777 740 3848 μὴ
770 3778 863 3831 καὶ
894 3775 1048 3830 τοῦτο
1078 3776 1300 3848 τολμᾷς,
1338 3775 1708 3847 συνδυασμούς
1746 3794 1825 3829 τι-

237 3887 338 3933 νας
371 3870 574 3922 ἐννοεῖν
607 3870 744 3942 (52),
791 3871 887 3923 καὶ
928 3869 1154 3941 χρόνους
1206 3871 1478 3941 κυήσεως,
1514 3870 1608 3923 καὶ
1646 3868 1825 3922 κινδύ-

237 3978 366 4025 νους
422 3960 779 4031 ἀμῦλὼσεως,
810 3961 896 4036 ὡς⁸
926 3961 1049 4014 οὐδὲ
1080 3963 1274 4032 γεννᾷν
1307 3960 1604 4032 ἐγχωροῦν,
1657 3961 1705 4013 εἰ
1750 3959 1824 4032 μὴ

239 4052 386 4107 οὕτω
420 4053 747 4125 γεγέννηκεν
771 4070 783 4084 ·
826 4053 860 4124 ἢ
905 4054 1066 4107 πάλιν
1098 4052 1315 4123 πτηνῶν
1347 4069 1520 4116 τινας,
1578 4052 1671 4105 καὶ
1695 4068 1824 4123 χερ-

240 4145 414 4199 σαίων
451 4146 545 4198 καὶ
582 4144 817 4216 ἐνύδρων
855 4144 1137 4214 γεννήσεις
1161 4141 1663 4214 ἀπαριθμούμενος,
1697 4139 1825 4192 τού-

238 4251 353 4291 των
380 4236 510 4308 ('53).
528 4238 635 4290 τινὶ
674 4236 781 4291 τῶν
809 4238 1113 4307 γεννήσεων
1147 4232 1375 4303 ὑπάγειν
1412 4233 1510 4305 τὴν
1548 4232 1696 4287 θείαν
1733 4233 1827 4286 καὶ

240 4327 647 4398 ἀνεκλάλητον,
690 4327 722 4400 ἢ
754 4328 846 4380 καὶ
892 4326 983 4380 τὸν
1024 4327 1152 4381 Υἱὺν
1209 4328 1453 4401 ἀναιρεῖν
1491 4325 1601 4397 (⁸54)
1632 4325 1696 4377 ὲκ
1728 4324 1826 4394 τῆς

1994 3045 2080 3099 IV.
2124 3043 2404 3111 Quomodo
2434 3060 2561 3115 ergo
2601 3059 2628 3097 a
2662 3044 2913 3112 passione
2961 3044 3216 3098 immunis
3260 3055 3343 3100 est
3377 3047 3495 3103 haec

1935 3132 2254 3201 generatio?
2280 3132 2416 3199 Quia
2450 3135 2784 3203 incorporea.
2817 3132 2873 3186 Si
2903 3134 3045 3188 enim
3086 3138 3347 3204 corporea
3394 3153 3491 3200 ge-

1928 3225 2137 3279 neratio
2166 3226 2470 3294 passionem
2500 3225 2838 3293 conjunctam
2865 3226 3049 3290 habet,
3081 3241 3274 3294 expers
3303 3231 3494 3300 utique

1926 3315 2198 3383 passionis
2224 3314 2328 3370 crit
2353 3316 2667 3383 incorporea
2693 3316 2981 3386 generandi
3013 3317 3170 3372 ratio.
3194 3321 3369 3388 Atque
3391 3336 3493 3392 ego

1925 3424 1989 3462 ex
2045 3417 2095 3462 te
2128 3407 2366 3461 vicissim
2412 3423 2647 3475 quaeram
2689 3426 2700 3460 :
2754 3406 3032 3474 Quomodo
3083 3408 3223 3465 Deus
3253 3412 3399 3479 erit,
3449 3417 3494 3468 si

1927 3509 2175 3554 creatura
2231 3499 2357 3553 est?
2406 3497 2522 3553 Non
2572 3499 2713 3553 enim
2764 3499 2902 3553 Deus
2946 3514 3065 3554 esse
3104 3511 3310 3569 potest,
3355 3506 3495 3574 quod

1928 3601 2175 3653 creatur;
2213 3605 2280 3644 ne
2311 3591 2506 3657 dicam,
2540 3592 2682 3660 quod
2713 3590 2799 3644 hic
2842 3606 3058 3661 quoque
3100 3593 3281 3662 passio
3308 3595 3399 3660 sit,
3451 3597 3495 3649 si

1927 3697 2187 3751 corporeo
2219 3681 2378 3736 modo
2404 3682 2456 3735 id
2486 3682 2804 3751 accipiatur,
2843 3683 2945 3736 hoc
2977 3692 3059 3736 est
3085 3722 3100 3747 ,
3140 3691 3372 3753 tempus,
3403 3701 3498 3739 cu-

1926 3773 2144 3842 piditas,
2183 3769 2512 3833 informatio,
2549 3785 2701 3836 cura,
2737 3784 2878 3838 spes,
2914 3784 3139 3833 maeror,
3175 3771 3496 3840 periculum,

1929 3865 2045 3933 spei
2079 3863 2394 3928 frustratio,
2447 3863 2715 3918 correctio
2745 3884 2757 3918 :
2806 3877 2925 3931 quae
2962 3862 3142 3916 omnia
3166 3901 3182 3926 ,
3216 3870 3380 3931 atque
3414 3862 3499 3917 his

1929 3956 2103 4024 plura,
2135 3956 2278 4011 circa
2321 3964 2624 4015 creaturam
2655 3953 2905 4007 accidere
2944 3968 3101 4027 nemo
3147 3962 3233 4006 est
3260 3954 3351 4021 qui
3387 3968 3495 4006 non

1930 4046 2087 4101 facile
2118 4045 2431 4116 perspiciat.
2474 4043 2721 4097 Demiror
2752 4052 2955 4106 autem,
3007 4045 3134 4112 quin
3174 4052 3227 4096 tu
3261 4057 3326 4097 eo
3364 4058 3499 4113 quo-

1928 4153 2032 4206 que
2086 4137 2323 4191 audaciae
2375 4149 2716 4205 prorumpas,
2771 4143 2830 4187 ut
2881 4135 3054 4188 coitus
3097 4136 3382 4203 quosdam,
3436 4148 3493 4190 ct

1929 4231 2311 4301 prteguationis
2346 4238 2625 4299 tempora,
2656 4237 2712 4282 et
2749 4227 2970 4283 abortus
3001 4228 3237 4295 pericula
3272 4229 3496 4298 cogites,

1929 4324 2154 4392 perinde
2182 4337 2245 4377 ac
2271 4338 2377 4377 non
2407 4320 2561 4374 aliter
2593 4319 2815 4387 gignere
2841 4320 3079 4387 potuerit
3105 4318 3283 4382 Pater,
3316 4319 3358 4373 si
3392 4334 3497 4373 non

240 4417 442 4487 καινῆς
622 4416 714 4470 σοῦ
751 4416 1079 4480 ὑποθέσεως.
1114 4417 1225 4470 Καὶ
1255 4415 1362 4468 οὐδ’
1394 4417 1572 4469 ἐκεῖνο
1602 4413 1819 4466 δύνασαι

1934 4417 2004 4470 ita
2039 4414 2286 4484 genuerit
2321 4432 2333 4466 :
2385 4421 2477 4466 aut
2510 4425 2699 4465 rursus
2737 4409 2915 4463 avium
2952 4411 3330 4479 quarumdam,
3367 4410 3500 4464 alio~

243 4511 496 4573 συνιδεῖν.
530 4512 611 4564 ὅτι
644 4504 688 4579 ᾧ
713 4510 965 4581 διάφορος
992 4511 1024 4579 ὴ
1058 4509 1199 4566 κατὰ
1227 4509 1403 4579 σάρκα
1435 4508 1686 4578 γέννησις
1710 4505 1824 4576 (56)

323 4754 437 4824 (25)
480 4754 629 4807 Πότε
654 4749 788 4817 οὖν,
817 4761 923 4807 etc.
956 4751 1414 4824 Interrogantilius
1443 4749 1816 4824 Eunomianis,

242 4837 307 4881 ut
337 4822 714 4893 designaretur
746 4833 974 4891 tempus,
1000 4823 1051 4875 in
1084 4838 1211 4892 quo,
1257 4822 1635 4893 viequuando
1672 4837 1691 4869 ι
1723 4834 1817 4887 ge—

245 4898 396 4953 nitus
434 4891 505 4947 sit
553 4892 737 4953 Filius.
781 4907 844 4946 ac
892 4891 1217 4960 processerit
1269 4891 1504 4960 Spiritus
1561 4898 1817 4960 sanctus,

246 4976 410 5021 acute
455 4964 742 5030 respondet
785 4957 1096 5030 Gregorius,
1138 4957 1374 5032 genitum
1408 4957 1816 5032 fuisseFilium.

245 5046 303 5091 et
360 5029 690 5102 proceSsisse
760 5029 1021 5101 Spiritum
1096 5029 1356 5102 sanctum!
1406 5040 1529 5102 ante
1578 5029 1818 5098 ipsorum

252 5125 273 5157 ι
308 5100 550 5174 quando.
586 5120 604 5154 ι
651 5100 815 5161 Sive;
839 5112 896 5154 ut
928 5103 978 5154 in
1016 5103 1187 5168 prima
1228 5100 1464 5174 editione
1500 5101 1824 5174 interpreta-

250 5169 343 5229 tur
361 5173 547 5226 Billius
584 5195 597 5227 ;
631 5191 649 5223 ‹
683 5174 1227 5241 ρι’ἱιιεψιςιιιιέοηιριις
1263 5170 1427 5222 ullum
1452 5169 1767 5241 exstitisset.
1801 5186 1818 5217 ι

323 5243 438 5313 (24)
477 5237 932 5313 Νεανιξέώτερὸν.
988 5237 1144 5295 ’ἤρε’
1176 5240 1368 5310 Regg.,
1421 5254 1516 5294 sex
1559 5237 1734 5301 Colb.,
1774 5248 1829 5290 et

244 5310 349 5371 Ου’.
379 5310 431 5376 1,
459 5310 741 5373 νεανικῶς.

325 5381 440 5454 (25)
480 5382 742 5451 Πνεῦμα.
798 5380 948 5436 Colb.
990 5382 1013 5436 1
1067 5381 1249 5445 addit,
1299 5380 1359 5433 τὸ
1405 5380 1590 5450 ἅγιον,
1643 5396 1661 5428 ‹
1703 5394 1826 5434 san-

248 5463 410 5516 σωκ
443 5471 463 5506 ι
1344 5514 1346 5516 ,
1496 5506 1499 5511 .

326 5514 443 5604 ςεϐ)
474 5521 811 5604 ιἈπίιρχῆς.
847 5520 941 5577 Or.
992 5521 1044 5590 l,
1092 5514 1346 5588 divisitn,‘
1373 5523 1466 5576 ἀπ’
1501 5521 1695 5593 ἀρχῆς,
1739 5539 1755 5570 ι
1799 5536 1829 5575 a

248 5593 546 5668 principia:
585 5614 605 5644 ι

331 5663 446 5735 (27)
475 5665 545 5718 Et
583 5663 670 5718 τό.
707 5662 871 5719 Coisl.
899 5664 951 5729 5,
986 5664 1035 5719 εί
1061 5662 1135 5735 μὴ
1161 5663 1239 5716 τό.

1933 4518 2162 4572 rmnque
2194 4503 2528 4563 animalium,
2561 4514 2682 4569 quae
2715 4499 2798 4554 vel
2829 4500 2883 4553 in
2914 4509 3055 4554 terra
3078 4541 3092 4568 ,
3134 4500 3219 4554 vel
3251 4500 3304 4554 in
3340 4502 3497 4570 aquis

1970 4817 1981 4833 '
1999 4744 2112 4815 (28)
2151 4748 2712 4815 Παρεκτεινόμενον.
2738 4744 2871 4816 Reg.
2890 4744 3075 4816 Cypr.,
3098 4761 3503 4815 συμπαρεκτει·

1927 4834 1984 4871 νο
1991 4832 2169 4872 μενον.

1990 4834 2443 4954 ῗξὸἵνζεκεῖνον.
2477 4885 2571 4941 Or.
2613 4885 2667 4949 1,
2707 4883 2906 4953 aliique
2943 4899 3049 4939 non
3089 4884 3264 4953 pauci,
3303 4885 3500 4938 ἐκεῖνο.

2025 4957 2114 5023 50)
2162 4956 2380 5010 Ἐστίν.
2421 4957 2579 5010 Deest
2618 4956 2669 5007 in
2706 4955 2969 5023 pluribus.

2002 5022 2113 5094 (51)
2152 5026 2294 5094 Περὶ
2350 5024 2464 5093 τὴν
2514 5025 2734 5078 κτίσιν.
2769 5022 2925 5077 Circa
2980 5032 3302 5094 creaturam.
3367 5022 3500 5094 Cum

1932 5084 2138 5150 scilicet
2187 5084 2472 5165 «gignitur
2515 5104 2607 5148 aut
2658 5094 2907 5164 parturit.
2948 5113 2966 5144 ι
3023 5084 3244 5157 Billius,
3309 5110 3328 5144 ‹
3357 5093 3505 5147 circa

1934 5165 2285 5221 creationem.
2323 5184 2341 5215 ι

2026 5233 2114 5304 52)
2167 5234 2451 5288 Ἐννοεῖν.
2490 5234 2621 5301 Reg.
2657 5233 2845 5304 Cypr.,
2888 5232 3109 5302 aliique,
3140 5233 3392 5288 ἐπινοεῖν.

2030 5305 2117 5373 55)
2160 5304 2410 5358 Τούτων.
2440 5304 2532 5358 0r.
2568 5305 2592 5356 1
2621 5308 2788 5373 addit,
2817 5303 2901 5373 δή.

2006 5372 2117 5443 (Eii)
2170 5373 2473 5443 Ἀναιρεῖν.
2513 5375 2642 5441 Reg.
2676 5372 2875 5442 Cypr.,’
2901 5374 3155 5443 ὲναιρεῖν.

2006 5441 2119 5515 (⁸55)
2156 5443 2397 5510 Καινῆς.
2432 5441 2567 5512 Reg.
2607 5441 2795 5512 Cypr.,
2830 5441 3035 5510 aliique
3078 5443 3278 5511 plures,
3320 5443 3500 5512 κενῆς,

1944 5532 1963 5566 ι
1998 5529 2211 5566 vanam.
2256 5531 2273 5562 ι

2009 5573 2119 5653 (56)
2164 5582 2233 5636 Ἡ
2260 5581 2407 5635 κατὰ
2428 5579 2624 5649 σάρκα
2645 5579 2947 5651 γέννησις.
2975 5580 3135 5649 Elias,
3162 5582 3196 5650 ἡ
3216 5578 3366 5632 κάτω
3386 5579 3489 5647 γένι
3541 5590 3547 5596 ‘

1940 5671 2117 5726 νησις,
2156 5672 2174 5705 ι
2217 5662 2429 5708 terrena
2467 5654 2764 5722 generatio.
2802 5672 2821 5702 ι
