3890 6214
433 189 504 245 75
1627 182 1683 239 S.
1724 179 2054 239 GREGORII
2095 180 2443 237 THEOLOGI
2811 208 2817 214 -
3613 180 3682 239 76

432 301 634 360 timus:
677 317 776 357 nos
825 316 1074 372 quoque,
1134 311 1485 374 posteaquam
1548 300 1847 355 doctrinam
1911 313 1993 352 no-

2113 315 2200 351 ται
2223 297 2334 369 (19)
2367 298 2435 352 τὰ
2459 300 2724 371 λεγόμενα
2753 302 2962 373 (ὥσπερ
2992 301 3049 355 ὃν
3079 301 3233 355 αὐτοὶ
3272 300 3426 369 λόγον
3455 301 3686 369 εἰσαγω-

429 405 601 450 etram
650 394 830 465 potius
873 397 1313 461 exposuerimus,
1359 392 1431 445 ita
1475 391 1694 445 demum
1740 390 1999 442 adversa-

431 486 640 541 riorum
696 485 893 556 placita
933 483 1216 540 confutare
1240 500 1303 539 ac
1324 481 1609 553 proﬂigare
1641 479 1959 534 conabimur
1985 497 1998 531 :

430 587 487 633 et
536 579 752 648 quidem
810 588 1117 647 utrumque,
1166 591 1326 646 quam
1374 575 1487 628 ﬁeri
1535 570 1777 644 poterit,
1807 571 2007 626 brevis-

431 672 594 737 sime,
630 679 708 738 ut,
742 686 863 739 qua:
901 686 930 724 a
965 669 1119 725 nobis
1149 669 1416 735 dicentur,
1454 666 1604 735 quasi
1635 679 1741 719 uno
1772 666 2004 733 quodam

2112 391 2264 458 γικὸν
2292 392 2594 462 ἐπενόησαν
2620 396 2753 467 πρὸς
2785 395 3067 466 ὲξαπάτην
3097 394 3206 447 τῶν
3234 392 3616 464 ἁπλουστέρων
3653 392 3687 454 ἢ

2114 481 2529 553 εὐηθεστέρων),
2570 486 2664 537 καὶ
2697 487 2771 558 μὴ
2817 486 2894 556 τῷ
2930 489 3095 557 μήκει
3138 486 3232 539 τοῦ
3268 485 3427 553 λόγου
3470 484 3686 555 διαχεθῇ

2112 571 2179 625 τὰ
2205 572 2619 646 νοούμενα(15),
2656 577 2909 650 καθάπερ
2942 577 3087 649 ὕδωρ
3119 579 3178 631 οὐ
3223 577 3423 646 σωλῆνι
3471 574 3682 644 σφιγγός

2117 681 2297 734 μενον,
2324 665 2460 719 ἀλλὰ
2486 668 2625 721 κατὰ
2652 670 2834 723 πεδίου
2864 671 3120 741 χεόμενον
3155 672 3247 724 καὶ
3268 670 3550 739 λυόμενυν.

430 763 620 819 obtutu
666 763 895 834 perspici
930 762 1087 817 facile
1138 760 1349 832 possint
1395 756 1868 830 (quemadmodum
1920 770 2077 826 quem
2112 757 2185 809 illi
2236 758 2560 828 isagogicum
2596 760 2858 829 libellum,
2928 762 2995 816 ad
3042 762 3428 831 simpliciorum
3469 758 3552 813 vel
3589 765 3685 812 sto~

436 855 692 911 lidiorum
728 855 911 928 potius
968 852 1210 909 fraudem
1270 850 1688 921 excogitarent),
1728 864 1791 904 ac
1824 863 1928 904 non
1966 849 2035 904 ob
2074 850 2339 905 sermonis
2368 851 2732 921 prolixitatem
2757 869 2915 909 sensa
2946 855 3275 917 dilabantur,
3337 851 3479 907 haud
3538 864 3685 907 secus

437 957 599 1017 atque
645 962 806 1017 aqua,
865 961 985 1016 quae
1027 960 1134 1001 non
1180 946 1354 999 canali
1403 952 1713 1009 coercetur,
1753 941 1865 997 sed
1922 956 2016 1011 per
2051 958 2269 1012 campos
2298 944 2612 999 diﬂunditur
2643 962 2705 999 ac
2732 946 2973 1001 solvitur.

500 1040 561 1094 ll.
611 1038 678 1094 Ut
721 1039 883 1108 igitur
927 1037 993 1090 ad
1041 1049 1154 1089 rem
1195 1036 1538 1098 accedamus,
1589 1045 1701 1088 tres
1731 1032 1997 1103 antiquis-

425 1135 579 1191 simae
617 1133 683 1186 de
735 1131 843 1185 Deo
866 1129 1149 1185 sententiae
1180 1137 1328 1193 sunt,
1362 1127 1640 1190 anarchia,
1685 1125 2001 1195 polyarcbia

424 1235 483 1280 et
528 1221 860 1278 monarcbia.
909 1221 987 1275 Ac
1030 1221 1147 1275 duae
1180 1219 1395 1289 quidem
1442 1219 1651 1288 priores
1674 1217 1741 1272 ab
1766 1217 2001 1272 ethnicis

428 1318 560 1372 lusa:
594 1325 745 1378 sunt,
773 1326 827 1370 et
852 1327 985 1369 sane
1027 1313 1305 1367 ludantur.
1342 1309 1500 1374 Nam,
1538 1320 1594 1366 et
1624 1310 1769 1380 quod
1803 1310 2004 1365 nullius

428 1406 656 1477 imperio
695 1405 1048 1475 gubernatur,
1079 1399 1366 1458 confusum
1393 1409 1479 1455 est
1500 1415 1564 1455 ac
1587 1400 1996 1467 perturbatum:

426 1508 482 1552 et
520 1497 662 1567 quod
701 1512 731 1551 a
766 1495 1012 1566 pluribus
1056 1492 1291 1549 dominis
1330 1501 1385 1547 et
1432 1492 1773 1562 principibus
1824 1492 1998 1545 admi-

2180 1032 2253 1085 B'.
2281 1034 2442 1107 Τρεῖς
2463 1037 2517 1088 αἱ
2535 1035 2794 1090 ἀνωτάτω
2818 1036 2965 1100 δόξαι
2988 1038 3115 1109 περὶ
3130 1036 3286 1099 Θεοῦ,
3307 1037 3540 1108 ἀναρχία
3556 1037 3684 1106 (14).

2118 1126 2211 1178 καὶ
2274 1126 2615 1199 πολυαρχία,
2677 1128 2771 1181 καὶ
2829 1129 3114 1200 μοναρχία.
3180 1129 3247 1180 Αἱ
3308 1130 3405 1200 μὲν
3459 1124 3550 1182 οὖν
3601 1130 3684 1182 δύ(

2119 1215 2306 1268 παισὶν
2363 1215 2632 1286 Ἑλλήνων
2697 1206 3036 1287 ἔπαίχθησαν
3079 1217 3210 1288 (15),
3248 1220 3343 1271 καὶ
3388 1217 3667 1283 παιζέσθω

2114 1323 2229 1360 σαν.
2287 1307 2360 1360 Τό
2410 1324 2471 1360 τε
2530 1309 2638 1380 γὰρ
2689 1310 2944 1381 ἄναρχον,
2984 1309 3249 1363 ἄτακτονο
3301 1309 3361 1363 τό
3414 1327 3471 1362 τε
3529 1310 3665 1363 πολύ

2117 1416 2302 1470 αρχον,
2355 1401 2669 1465 στασιῶδες,
2744 1405 2836 1455 καὶ
2875 1401 3046 1466 οὕτως
3099 1402 3356 1474 ἄναρχον,
3393 1403 3487 1455 καὶ
3518 1402 3684 1456 οὕτως

2108 1490 2361 1546 ἄτακτον.
2403 1494 2498 1557 Et;
2529 1494 2722 1547 ταυτὸν
2763 1496 2868 1568 γὰρ
2898 1495 3183 1566 ἀμφότερα
3214 1495 3391 1563 φέρει,
3424 1496 3522 1566 τὴν
3556 1496 3661 1548 ἅτα

421 1589 722 1655 nistratur,
777 1585 1104 1641 factionibus
1148 1583 1493 1653 dissidiisque
1540 1582 1836 1638 obnoxium
1887 1591 1993 1646 est,

2107 1583 2319 1655 ξίανοή
2369 1585 2424 1638 δὲ
2466 1586 2545 1649 είς
2583 1587 2769 1640 λύσιν⁵
2818 1586 3018 1651 ἀταξία
3050 1586 3158 1658 γὰρ
3214 1586 3410 1659 μελέτη
3461 1586 3668 1651 λύσεως

425 1697 490 1736 ac
512 1679 756 1752 proinde
800 1693 901 1734 nec
925 1692 956 1730 a
986 1690 1259 1746 quoquam
1291 1676 1647 1746 gubernatur,
1682 1689 1783 1729 nec
1808 1673 1999 1730 ordine

425 1774 535 1829 ullo
562 1783 618 1829 et
647 1770 933 1843 disciplina
980 1769 1314 1824 continetur.
1360 1768 1535 1822 Ambo
1576 1767 1743 1821 etiam
1784 1768 1887 1822 ista
1914 1782 2002 1822 eo-

423 1864 546 1918 dem
592 1863 848 1930 tendunt,
885 1860 1143 1915 nimirum
1178 1861 1245 1914 ad
1267 1859 1479 1915 ordinis
1509 1858 1994 1927 perturbationem,

427 1956 544 2011 hate
615 1963 794 2009 autem
846 1954 914 2009 ad
967 1953 1338 2018 sdlutionem;
1403 1952 1745 2022 perturbatio
1801 1953 1997 2021 quippe

424 2048 709 2103 solutionis
755 2045 1033 2102 meditatio
1063 2053 1167 2100 est.
1206 2045 1275 2098 At
1302 2059 1399 2100 nos
1429 2044 1588 2099 unius
1614 2044 1980 2115 principatum

429 2139 697 2203 colimus;
729 2138 889 2193 unius
914 2146 1094 2192 autem
1124 2135 1493 2206 principatum
1529 2136 1671 2201 dico,
1702 2150 1809 2191 non
1835 2151 1993 2205 quem

421 2244 655 2301 persona
706 2244 811 2283 una
862 2226 1266 2282 circumscribit
1319 2225 1458 2297 (ﬁeri
1502 2226 1648 2281 enim
1704 2235 1881 2296 potest
1939 2235 1996 2281 ut

420 2321 567 2392 quod
594 2335 757 2376 unum
793 2317 958 2390 524
983 2326 1086 2382 est,
1117 2318 1163 2371 si
1203 2331 1234 2371 a
1266 2317 1442 2387 seipso
1476 2317 1758 2381 dissideat,
1790 2332 1997 2372 secum-

419 2428 527 2485 que
565 2412 856 2475 discordet,
904 2408 1073 2464 multa
1115 2406 1250 2479 ﬁat),
1303 2408 1401 2463 sed
1445 2422 1606 2477 quem
1646 2407 1870 2477 aequalis
1900 2422 1998 2462 na-

422 2518 555 2561 tura:
601 2505 836 2574 dignitas
889 2500 1190 2565 constituit,
1243 2508 1297 2554 et
1346 2499 1638 2555 voluntatis
1687 2500 1992 2566 consensio,

429 2607 714 2665 motusque
759 2594 1039 2656 identitas,
1078 2600 1241 2660 atque
1276 2591 1342 2644 ad
1383 2603 1571 2651 unum,
1619 2603 1833 2651 eorum,
1876 2603 1996 2656 quae

426 2709 493 2751 ex
533 2692 654 2760 ipso
694 2698 841 2754 sunt,
898 2685 1232 2757 conspiratio
1278 2684 1352 2752 (id
1391 2683 1536 2754 quod
1568 2684 1620 2737 iu
1656 2683 1820 2737 rebus
1868 2697 1995 2751 pro-

420 2785 620 2840 creatis
652 2782 766 2838 ﬁeri
795 2780 1027 2850 nequit),
1058 2779 1130 2833 ita
1176 2787 1257 2843 ut,
1305 2777 1518 2832 etiamsi
1565 2789 1795 2829 numero
1841 2774 1995 2830 diffe-

418 2885 563 2933 rant.
597 2874 833 2929 essentia
872 2881 1050 2925 tamen
1083 2878 1138 2924 et
1178 2877 1370 2922 natura
1409 2866 1630 2920 minime
1656 2866 1992 2935 distinguan-

2120 1675 2280 1746 Ἡμῖν
2305 1675 2363 1729 δὲ
2393 1678 2682 1749 μοναρχία,
2714 1678 2774 1731 τὸ
2808 1678 3144 1749 τιμώμενον·
3183 1677 3453 1749 μοναρχία
3483 1678 3561 1742 δὲ,
3591 1679 3686 1748 οὐχ

2109 1770 2175 1840 ἣν
2202 1767 2261 1820 ἓν
2287 1772 2616 1841 περιγράφει
2644 1772 2931 1842 πρόσωπον
2960 1770 3097 1841 (ἔστι
3128 1770 3237 1842 γὰρ
3268 1771 3362 1824 καὶ
3389 1769 3448 1822 τὸ
3473 1769 3531 1823 ἓν
3562 1786 3684 1822 στα·

2108 1859 2292 1925 σιάζον
2330 1861 2466 1931 πρὸς
2494 1862 2654 1914 ἑαυτὸ
2713 1861 2883 1916 πολλά
2917 1862 3318 1934 καθίστασθαι),
3348 1861 3461 1916 ἀλλ’
3493 1861 3560 1932 ἣν
3591 1862 3693 1930 (p5—

2107 1969 2245 2015 σεως
2273 1954 2534 2022 ὁμοτιμία
2559 1955 2858 2025 συνίστησι,
2891 1956 2985 2008 καὶ
3016 1955 3241 2027 γνώμης
3268 1954 3562 2026 σύμπνοια,
3592 1953 3693 2009 καὶ

2102 2044 2370 2115 ταυτότης
2401 2045 2672 2115 κινήσεως
2701 2046 2834 2115 (16),
2867 2048 2961 2099 καὶ
2991 2047 3127 2118 πρὸς
3162 2046 3222 2099 τὸ
3249 2045 3307 2099 ἓν
3344 2044 3452 2098 τῶν
3493 2044 3550 2111 ἐξ
3591 2047 3691 2099 αὐ-

2103 2134 2195 2188 τοῦ
2213 2136 2487 2199 σύννευσις
2501 2136 2655 2209 (ὅπερ
2674 2139 2950 2210 ἀμήχανον
2966 2140 3057 2192 ἐπὶ
3071 2139 3169 2209 τῆς
3185 2138 3446 2209 γεννητῆς
3464 2137 3576 2209 (17)
3596 2137 3690 2207 φύ-

2105 2228 2285 2298 σεως),
2327 2226 2466 2281 ὥστε
2511 2228 2614 2281 κᾶν
2648 2229 2864 2300 ἀριθμῷ
2893 2229 3143 2301 διαφέρῃ,
3174 2233 3240 2300 τῇ
3282 2246 3345 2297 γε
3375 2230 3533 2301 οὐσίᾳ
3571 2230 3686 2300 (18)

2106 2318 2179 2389 μὴ
2217 2319 2529 2390 τέμνεσθαι.
2565 2321 2663 2374 Διά
2695 2320 2851 2373 τοῦτο
2885 2320 3050 2390 μονὰς
3084 2322 3177 2374 ἀπ’
3212 2321 3385 2392 ἀρχῆς
3411 2322 3490 2383 είς
3514 2320 3689 2373 δυάδα

2103 2413 2413 2483 κινηθεῖσα,
2473 2412 2634 2483 μέχρι
2685 2414 2913 2484 Τριάδος
2964 2414 3114 2485 ἔστη.
3171 2414 3283 2467 Καὶ
3326 2413 3483 2467 τοῦτό
3534 2416 3690 2468 ἐστιν

2102 2505 2235 2575 ἡμῖν
2266 2506 2294 2556 6
2323 2504 2535 2575 Πατὴρ,
2574 2504 2668 2556 καὶ
2701 2506 2729 2556 6
2766 2504 2913 2567 Υἱὸς,
2943 2505 3035 2557 καὶ
3076 2505 3136 2558 τὸ
3179 2505 3332 2572 ἅγιον
3362 2503 3589 2574 Πνεῦμα
3609 2522 3622 2534 ·
3657 2508 3688 2557 6

2104 2594 2204 2665 μὲν
2227 2596 2506 2666 γεννήτωρ
2538 2596 2630 2649 καὶ
2675 2595 2990 2664 προϐολευς,
3032 2597 3174 2664 λέγω
3219 2596 3275 2649 δὲ
3300 2596 3547 2660 ἀπαθῶς,
3585 2595 3687 2649 καὶ

2102 2687 2363 2758 ἀχρόνως,
2409 2687 2505 2742 καὶ
2550 2687 2886 2756 ἀσωμάτως·
2923 2688 3031 2741 τῶν
3064 2689 3141 2749 δὲ,
3170 2688 3230 2742 τὸ
3279 2690 3376 2761 μὲν
3405 2689 3683 2759 γέννημα,

2101 2777 2159 2831 τὸ
2186 2778 2242 2831 δὲ
2270 2778 2582 2850 πρόϐλημα,
2612 2780 2645 2850 ἦ
2678 2782 2778 2834 οὐκ
2806 2776 2900 2833 οἶδ’
2932 2783 3079 2845 ὅπως
3107 2782 3170 2835 ἄν
3197 2800 3281 2845 τις
3311 2781 3482 2835 ταῦτα
3520 2779 3686 2834 καλέ-

2101 2886 2265 2935 σειεν,
2322 2869 2536 2939 ἀφελὼν
2584 2871 2758 2943 πάντη
2807 2871 2914 2924 τῶν
2966 2874 3276 2943 ὁρωμένων.
3335 2875 3408 2927 Οὐ
3457 2874 3566 2945 γὰρ
3614 2874 3685 2945 δὴ

419 2978 529 3023 tur.
562 2964 830 3032 Quocirca
877 2962 1082 3026 unitas,
1118 2958 1388 3028 principio
1420 2957 1473 3010 in
1518 2956 1787 3010 binarium
1821 2966 1986 3021 mota,

2107 2963 2394 3035 ὃπέρχυσιν
2416 2939 2757 3035 ἀγαθότητοςν
2775 2967 2947 3018 εἰπεῖν
2977 2939 3323 3038 θαρρήσομεν
3336 2967 3384 3038 (ὃ
3408 2939 3517 3019 τῶν
3536 2939 3682 3040 amp;

418 3058 473 3113 in
524 3056 788 3111 Trinitate
823 3051 1087 3109 constitit.
1126 3051 1302 3117 Atque
1333 3051 1436 3102 hoc
1468 3048 1624 3102 nobis
1667 3056 1750 3103 est
1791 3047 1975 3112 Pater,

417 3159 473 3205 et
500 3148 694 3213 Filius;
733 3154 789 3200 et
828 3142 1065 3215 Spiritus
1102 3148 1359 3206 sanctus;
1390 3137 1553 3193 Pater
1591 3136 1808 3206 quidem
1838 3139 1991 3208 geni-

418 3251 525 3307 tor,
574 3249 629 3295 et
679 3237 986 3309 productor,
1038 3234 1173 3288 citra
1222 3240 1401 3286 tamen
1450 3228 1611 3283 ullam
1660 3228 1988 3298 passionem,

418 3349 482 3390 ac
511 3341 746 3400 tempus,
776 3338 939 3397 atque
969 3326 1292 3393 incorporeo
1320 3320 1478 3374 modo
1505 3337 1518 3371 :
1553 3320 1746 3373 horum
1780 3328 1985 3381 autem,

416 3425 556 3479 alter
605 3420 837 3486 soboles,
877 3419 1015 3473 alter
1055 3414 1368 3487 processio,
1414 3420 1507 3466 aut
1552 3412 1750 3479 quibus
1806 3410 1990 3464 verbis

415 3517 531 3571 haec
552 3512 819 3584 quispiam
843 3524 1039 3564 vocare
1065 3515 1250 3578 queat,
1289 3504 1493 3567 nescio,
1537 3502 1606 3556 ab
1650 3501 1716 3556 iis
1762 3515 1989 3571 prorsus

417 3607 761 3669 abstrahens,
797 3617 920 3673 quae
947 3600 1047 3656 sub
1074 3606 1352 3667 aspectum
1380 3593 1607 3649 cadunt.
1634 3591 1821 3656 Neque
1844 3593 1987 3645 enim

416 3694 675 3751 bonitatis
705 3689 1138 3762 superfusionem
1170 3687 1355 3742 dicere
1392 3683 1711 3738 audebimus
1749 3680 1987 3751 (tametsi

416 3789 685 3861 quispiam
739 3801 950 3852 eorum,
996 3784 1087 3853 qui
1133 3780 1276 3851 apud
1332 3778 1584 3833 ethnicos
1631 3776 1986 3846 philosophiae

412 3883 573 3937 laude
613 3880 925 3945 ﬂoruerunt,
968 3875 1074 3930 hoc
1119 3870 1379 3928 vocabulo
1425 3870 1503 3924 uti
1553 3884 1658 3923 non
1688 3867 1977 3934 dubitarit,

2094 3055 2317 3125 Ἕλλησι
2348 3054 2825 3125 φιλοσοφησάντων
2851 3058 3024 3109 εἰπεῖν
3062 3074 3147 3120 τις
3176 3058 3497 3128 ἐτόλμησεν,
3527 3053 3678 3111 Οἶον

2090 3144 2318 3215 κρατήρ
2344 3164 2436 3212 τις
2462 3149 2729 3215 ὺπερῤὑη
2755 3147 2887 3219 (19),
2931 3148 3118 3217 σαφῶς
3151 3149 3350 3202 οὑτωσὶ
3391 3149 3586 3217 λέγων,
3620 3152 3684 3202 ὲν

2090 3231 2173 3299 οἷς
2205 3238 2335 3307 περ).
2364 3236 2579 3309 πρώτου
2605 3238 2716 3311 (20)
2744 3239 2916 3293 αἰτίου
2947 3241 3040 3294 καὶ
3065 3240 3318 3312 δευτέρου
3347 3240 3679 3311 φιλοσοφεῖ),

2094 3329 2306 3399 μήποτε
2354 3329 2606 3382 ἀκούσιον
2657 3330 2753 3402 τὴν
2805 3333 3056 3403 γέννησιν
3105 3332 3489 3404 εἰσαγάγωμεν
3532 3334 3680 3404 (2-1),

2089 3418 2183 3470 καὶ
2228 3412 2340 3471 οἷον
2386 3419 2707 3491 περίττωμά
2744 3438 2795 3473 τι
2859 3421 3085 3490 φυσικὸν
3138 3422 3231 3474 καὶ
3280 3422 3679 3488 δυσκάθεκτον,

2087 3508 2286 3578 ἥκιστα
2331 3512 2452 3571 ταῖς
2496 3511 2624 3581 περὶ
2667 3510 2919 3580 θεότητος
2964 3512 3240 3576 ὑπονοίαις
3280 3511 3394 3582 (22)
3438 3513 3678 3584 πρέπον.

2086 3600 2186 3654 Διά
2233 3599 2392 3653 τοῦτο
2436 3603 2528 3655 ἐπὶ
2567 3602 2674 3657 τῶν
2721 3604 3004 3674 ἡμετέρων
3062 3604 3203 3674 ὅρων
3260 3604 3557 3674 ἱστάμενοι,
3613 3607 3682 3660 τὸ

2095 3692 2390 3764 ἀγέννητον
2420 3695 2732 3765 εἰσάγομεν,
2756 3697 2851 3749 καὶ
2875 3696 2937 3748 τὸ
2965 3697 3246 3768 γεννητὸν,
3277 3697 3374 3749 καὶ
3395 3697 3455 3749 τὸ
3483 3699 3547 3750 ὲκ
3574 3700 3678 3752 τοῦ

2094 3785 2306 3855 Πατρός
2344 3788 2792 3859 ἐκπορευόμενον,
2825 3788 2901 3852 ὣς
2930 3788 3031 3842 πού
3073 3806 3240 3860 φησιν
3279 3790 3441 3854 αὐτὸς
3473 3792 3501 3844 6
3536 3791 3680 3857 Θεὸς

2097 3876 2188 3928 καὶ
2216 3876 2407 3946 Λόγος.

410 3991 537 4032 cum
569 3976 633 4030 de
662 3974 836 4045 prima
899 3978 953 4024 et
1010 3967 1243 4023 secunda
1282 3978 1446 4020 causa
1531 3962 1844 4025 dissereret,
1881 3962 2185 4031 perspicuis
2224 3969 2403 4023 verbis
2453 3971 2525 4023 ita
2577 3970 2844 4040 loquens:
2915 3970 3071 4025 Velut
3106 3971 3352 4036 poculum
3399 3973 3683 4043 quoddam

412 4068 814 4140 superﬂuxit”),
857 4080 924 4121 ne
950 4073 1191 4119 coactam
1236 4061 1526 4129 quamdam
1582 4056 2008 4125 generationem,
2081 4073 2144 4115 ac
2187 4062 2333 4117 velut
2382 4067 2685 4121 naturalem
2732 4067 3018 4137 quamdam
3066 4067 3485 4133 superﬂuitatem
3536 4085 3670 4138 qua:

414 4162 635 4219 retineri
686 4167 939 4229 nequeat,
988 4156 1316 4221 minimeque
1368 4149 1637 4207 divinitati
1680 4159 1964 4220 congruat,
2039 4151 2375 4212 invehamus.
2440 4158 2672 4225 Proinde
2722 4160 2916 4214 ﬁnibus
2982 4161 3186 4215 nostris
3236 4170 3446 4217 nosmet
3482 4165 3680 4217 couti-

402 4265 626 4322 ‘nentes,
674 4253 968 4323 ingenitum
1015 4258 1069 4304 et
1112 4248 1349 4319 genitum
1392 4243 1734 4309 inducimus,
1808 4253 1862 4298 et
1912 4260 1977 4300 ex
2048 4245 2208 4304 Patre
2262 4254 2641 4322 procedentem
2686 4265 2745 4309 ut
2787 4256 3018 4326 quodam
3087 4256 3247 4312 loco’
3286 4257 3427 4313 Deus
3456 4258 3570 4329 ipse
3606 4276 3681 4316 ac

412 4348 651 4405 Verbum
680 4344 1067 4415 pronuntiavit.

482 4481 508 4513 ³
537 4480 707 4535 Plato.
786 4480 806 4509 ³
840 4477 997 4533 Joan.
1026 4492 1116 4543 xv,
1144 4475 1232 4531 26.

2310 4629 2637 4705 ξεν-θνητῆς.
2656 4630 2817 4705 _Reg.
2845 4630 3036 4705 bn_1,Ae_t
3063 4630 3156 4705 0r.
3187 4631 3524 4705 1ζγενητῆς.

2159 4699 2269 4769 (18)
2318 4698 2394 4767 Τῇ
2426 4718 2491 4768 γε
2523 4700 2720 4772 οὐσίᾳ.
2764 4699 2855 4772 Sic
2884 4700 3046 4755 Cuisl.
3086 4703 3111 4755 1
3147 4712 3201 4755 et
3228 4698 3287 4766 5,
3321 4698 3520 4772 aliique
3547 4720 3674 4760 me-

412 4770 658 4851 γένηται,
696 4796 716 4830 ι
758 4770 1145 4851 manifesta,_et
1176 4784 1330 4851 nota,
1358 4770 1417 4851 et_
1442 4770 1724 4838 perspicua
1762 4770 1918 4824 tiant.
1952 4790 1971 4821 ι
2087 4770 2236 4825 lioris
2265 4781 2403 4851 notae
2437 4770 2591 4851 codd.
2631 4770 2761 4851 Quae
2808 4770 2971 4851 lectio
3030 4772 3271 4851 proiecto
3311 4770 3515 4851 _i_uelior
3558 4788 3673 4847 est,

410 4838 556 4912 ﬁlex;
596 4838 981 4917 εἰσαγωγικόν,
1014 4864 1033 4897 ι
1071 4842 1592 4917 ἰηιτοάιιυιοῄυηι.)
1757 4907 1781 4917 Α
1916 4908 1974 4917 Η

2107 4838 2521 4917 luam-sgougtq,
2564 4840 2876 4917 «potentia,
2902 4859 2935 4917 _i
2974 4838 3092 4917 qum
3147 4844 3197 4895 in
3257 4844 3429 4917 editis
3458 4848 3643 4914 reperi

485 4907 597 4991 (l3)
623 4907 888 4991 _Atdxsbﬁ
922 4915 997 4969 τὰ
1032 4914 1347 4981 νοούμενα.
1380 4910 1510 4980 Reg.
1539 4907 1733 4979 Cypr.,
1753 4907 1979 4981 διαχυθῇ

2108 4907 2196 4963 ur.
2232 4908 2363 4963 Nam
2406 4907 2860 4990 Nicmni‘Patres,
2892 4907 3195 4991 opoodorov,
3235 4931 3251 4963 ι
3280 4907 3535 4980 εἱυειιειιί
3571 4931 3667 4968 na--

410 4980 794 5060 τὰλεγόμενᾶ.
1546 5048 1559 5060 _
1701 5048 1712 5060 _
1788 5049 1799 5059 _
1956 4980 1975 4981 η

2107 4994 2222 5060 ηιιιέαξ
2255 4998 2287 5060 ι.
2310 4995 2404 5034 seu
2433 4980 2744 5060 «ﬁessen'tiae.
2772 4999 2790 5031 ι
2829 4996 2933 5033 non
2963 4982 3327 5060 ὁμοεξούσιον,
3369 5002 3387 5035 ‹
3416 4983 3669 5053 ejusdem

486 5047 598 5133 (14)
640 5047 1080 5133 ’ᾎναρχίαηθια
1129 5072 1148 5105 ί
1175 5052 1399 5115 Nullius,
1431 5069 1448 5101 ι
1478 5048 1562 5104 vel
1609 5065 1628 5099 ι
1662 5048 1917 5118 plurium,
1958 5068 1976 5101 ι

2107 5051 2357 5133 totentite:
2387 5069 2404 5101 ι
2446 5049 2587 5133 Patri
2617 5047 2817 5133 [filiuni
2845 5064 2966 5104 esse
2987 5047 3333 5107 deﬁnierunt.

411 5118 506 5187 vel
530 5149 548 5181 ι
582 5118 747 5183 unius
777 5118 1083 5196 imperium.
1122 5144 1164 5196 ι-
1549 5186 1591 5196 __
1786 5187 1798 5196 _
1943 5188 1957 5196 _

2154 5118 2598 5196 (19)ςΥῖζερῤὑη.
2633 5120 2744 5196 Duo
2781 5121 2971 5190 Itegg.,
3008 5123 3243 5192 quinque
3277 5122 3455 5187 Colb.,
3490 5122 3665 5179 Coisl.

488 5199 601 5269 (15)
656 5186 1081 5269 Fama-angar.
1133 5193 1285 5269 [ταξίε
1310 5202 1451 5246 sunt.
1487 5208 1505 5240 ‹
1537 5186 1661 5269 _Hoc
1690 5187 1858 5269 verba
1883 5188 1984 5269 uti-

2107 5228 2137 5253 ,,
2162 5186 2436 5269 ﬁtnpill,
2458 5189 2793 5269 ὑπερερῤύη.

412 5258 506 5323 tur
526 5258 1110 5337 Gregoriups'fr'inquit
1153 5264 1322 5337 Elias,
1362 5260 1607 5337 rquodti
1647 5259 1805 5311 rebus
1847 5258 1982 5312 ludi-
2112 5330 2123 5337 _
2155 5258 2264 5337 (20)
2303 5260 2442 5337 Περὶ
2495 5258 2879 5337 mammam.
2921 5259 3109 5337 Plato,
3146 5276 3371 5330 primam
3413 5278 3661 5337 causam.

413 5340 523 5394 cris
554 5328 687 5392 nihil
717 5328 1105 5396 dilferrent'ea,
1145 5347 1264 5402 qua:
1291 5333 1393 5395 ipsi
1430 5328 1853 5402 introducerent,
1896 5338 1981 5381 ato
2079 5330 2138 5382 τὸ
2165 5328 2263 5395 έν,
2297 5347 2316 5379 ι
2353 5328 2526 5383 Unum
2564 5348 2584 5381 ι
2643 5331 2872 5394 statuit;
2933 5328 3157 5385 alteram
3218 5348 3382 5399 vero,
3442 5332 3503 5385 τὸ
3561 5334 3661 5397 ὃν,

413 5423 520 5478 que
552 5407 605 5462 in
646 5407 867 5461 deorum
916 5398 1196 5478 numerum
1238 5403 1537 5478 referrent;
1575 5398 1657 5451 vel
1692 5398 1833 5466 quod
1861 5413 1979 5453 om-

2144 5403 2275 5478 E‘ns‘.
2312 5418 2331 5450 ι
2354 5471 2365 5478 .
2509 5449 2520 5478 τ

414 5468 546 5533 ιῖὶηο
575 5480 733 5547 digna
762 5478 889 5539 sint,
922 5477 1113 5547 quibus
1143 5472 1421 5547 illudatur._
1450 5490 1467 5522 ι
1756 5541 1789 5547 __

2296 5469 2739 5547 ςὶρναγυάχοωμεν.
2778 5470 3324 5547 Ιδῑοίςιηείσάγομεν.

484 5548 594 5619 (16)
632 5540 1289 5619 Ταυτρτηςῖκινήσεως.
1328 5560 1347 5593 ι
1379 5541 1575 5619 Motum
1619 5541 1850 5613 appellat
1879 5553 1976 5611 ρον

2310 5540 2671 5619 ’,Υπονοζαζςι
2714 5558 2733 5591 (
2771 5540 3221 5609 Cogitationibtts,
3260 5561 3277 5591 ι
3314 5556 3432 5608 seu,
3467 5561 3484 5594 ι
3521 5544 3658 5601 (dcis

414 5610 635 5675 tentiam
669 5628 722 5675 et
753 5610 1147 5685 ellicacitatem,
1183 5633 1201 5665 ι
1246 5612 1422 5684 inquit
1458 5611 1619 5667 Elias.
1652 5610 1703 5613 ”
2074 5611 2139 5667 de
2158 5610 2451 5668 divinitate
2483 5611 2704 5666 minime
2734 5623 3139 5681 congruentem.
3178 5630 3196 5662 ›

1171 4650 1283 4688 ται.
1312 4632 1443 4698 Reg.
1466 4630 1654 4700 Cypr.,
1678 4629 1981 4700 εὐσύνοπτα
2015 4635 2059 4690 D

480 4637 595 4709 (i2)
632 4638 996 4692 Εὺσύνοπτα
1019 4637 1283 4758 ἔένηται.
1312 4637 1443 4698 Reg.
1466 4637 1654 4700 Cypr.,
1678 4637 1980 4681 εὐσύνοπτα

480 4726 695 4767 νωνται.
739 4708 940 4770 Gloss,
989 4724 1013 4759 ε
1052 4705 1208 4776 δηλα,
1256 4703 1349 4756 καὶ
1384 4700 1658 4776 γνώριμα,
1694 4700 1792 4776 καί.
1834 4698 1980 4769 σαφῆ

408 4712 695 4782 γένωνται.
739 4708 940 4782 Gloss.)
989 4724 1013 4759 ε
