3890 6214
269 303 335 358 8!
1296 308 1561 364 omne
1599 306 1792 361 xm.
1830 334 1899 345 -
1938 300 2381 357 ’l‘liEOLOGICA
2421 298 2508 354 ut.
3454 296 3529 356 se

270 435 393 473 τινα
428 420 644 493 μητέρα
668 420 767 490 τὴν
802 419 1023 491 θέλησιν
1061 421 1182 474 ἀντὶ
1215 418 1306 474 τοῦ
1342 419 1553 491 Πατρὸς
1588 417 1858 472 ἀναπλάτ-

1972 415 2260 486 quomodo,
2306 413 2393 467 cui
2436 411 2518 466 vis
2549 409 2715 465 allata-
2742 419 2856 475 est,
2895 409 3036 466 Deus
3082 425 3199 467 esse
3225 413 3441 479 potest?
3468 414 3524 468 Si

269 525 475 562 τουσιν.
522 511 620 563 Ἐν
671 511 771 581 μὲν
802 507 896 565 οὖν
926 510 1084 564 τοῦτο
1116 511 1306 582 χάριεν
1333 509 1514 563 αὐτῶν
1536 549 1550 573 ,
1599 508 1665 562 ἂν
1698 506 1856 561 τοῦτο

269 599 526 668 λέγωσιν,
551 601 635 654 ὅτι
667 601 760 656 τοῦ
792 600 995 665 πάθους
1021 600 1378 665 ἀποστάντες,
1414 602 1508 654 ἐπὶ
1534 599 1633 670 τὴν
1668 597 1858 669 βούλη-

272 707 355 742 σιν
386 689 853 759 καταφεύγουσινο
892 691 952 743 ού
993 689 1103 761 γὰρ
1136 690 1308 754 πάθος
1339 689 1449 761 (46)
1504 691 1538 759 ἡ
1580 687 1853 758 βούλησις.

270 780 535 850 Δεύτερον
562 781 641 845 δὲ,
668 781 863 853 ἴδωμεν
884 782 947 834 τὸ
982 781 1198 852 ἰσχυρὸν
1227 781 1430 845 αὐτῶν,
1452 782 1481 834 ὃ
1503 797 1556 834 τι
1584 779 1853 848 λέγουσιν’

270 874 493 942 ἄριστον
532 874 589 926 δὲ
618 874 804 938 αὐτοῖς
842 874 1228 945 συμπλακῆναι
1266 873 1531 945 πρότερον
1557 870 1853 942 ἐγγυτέρω.

269 964 342 1016 Σὺ
374 964 430 1016 δὲ
457 964 619 1027 αὐτὸς
646 967 674 1018 6
714 965 886 1034 λέγων
912 965 1151 1037 εὐχερῶς
1181 966 1209 1018 ὅ
1249 982 1301 1018 τι
1335 964 1401 1019 ἂν
1432 963 1590 1037 θέλῃς
1632 962 1766 1036 (47),
1794 963 1859 1014 ἐκ

270 1053 519 1118 θέλοντος
557 1056 800 1128 ὑπέστης
829 1057 922 1109 τοῦ
951 1056 1047 1110 σοῦ
1073 1057 1299 1128 πατρὸς,
1323 1055 1355 1126 ἢ
1388 1054 1462 1127 μὴ
1493 1054 1765 1119 θέλοντος;
1793 1054 1857 1106 Εἰ

276 1145 377 1214 μὲν
423 1146 533 1216 γὰρ
577 1146 635 1212 ἐξ
676 1147 737 1199 οὐ
783 1146 1048 1212 θέλοντος,
1097 1146 1508 1218 τετυράννηται.
1551 1146 1661 1216 Τῆς
1710 1144 1854 1214 βίαςῐ

274 1237 386 1289 Καὶ
415 1237 501 1300 τίς
531 1239 560 1291 6
604 1240 946 1310 τυραννήσας
983 1238 1176 1304 αὑτόν;
1208 1240 1284 1292 06
1318 1238 1427 1311 γὰρ
1458 1238 1523 1311 δὴ
1566 1238 1665 1310 τὴν
1699 1236 1858 1307 φύσιν

274 1327 420 1398 ἐρεῖς
442 1346 454 1359 ·
501 1328 684 1400 ἐκείνη
731 1331 842 1401 γὰρ
875 1329 987 1401 ἔχει
1020 1332 1115 1384 καὶ
1150 1331 1213 1384 τὸ
1240 1332 1558 1401 σωφρονεῖν.
1591 1330 1653 1382 Εἰ
1691 1328 1746 1382 δὲ
1774 1327 1861 1381 θέι

274 1421 484 1487 λοντος,
534 1423 785 1479 ἀπόλωλέ
829 1442 911 1478 σοι
951 1425 1018 1477 δι’
1050 1424 1236 1493 ὀλίγας
1271 1423 1540 1486 συλλαϐὰς
1584 1424 1612 1476 6
1641 1422 1855 1492 πατήρ·

274 1515 548 1587 θελήσεως
572 1516 687 1587 (48)
718 1516 826 1589 γὰρ
857 1517 992 1581 υἱὸς,
1020 1516 1133 1569 ἀλλ’
1163 1517 1224 1569 ού
1256 1516 1460 1588 πατρὸς
1483 1513 1857 1583 ἀναπέφηνας.

287 1607 428 1660 Ἀλλ’
477 1608 567 1661 ἐπὶ
617 1609 711 1663 τὸν
753 1608 884 1662 Θεὸν
924 1608 1144 1680 μέτειμι
1188 1608 1284 1662 καὶ
1327 1608 1396 1662 τὰ
1435 1605 1732 1675 κτίσματα,
1769 1605 1862 1657 καὶ

270 1699 334 1752 τὸ
360 1699 452 1752 σὸν
496 1698 759 1771 ἐρώτημα
788 1701 1055 1772 προσάγω
1081 1703 1148 1771 τῇ
1196 1702 1261 1771 σῇ
1309 1698 1472 1770 σοφίᾳ
1501 1697 1633 1766 (49)
1682 1696 1862 1749 Θέλων

1959 514 2142 559 autem
2167 504 2373 566 volens,
2395 516 2525 572 ergo
2546 500 2736 567 Filius,
2761 499 3053 555 voluntatis
3075 510 3160 554 est
3185 500 3373 555 Filius.
3405 501 3524 569 Quo

1960 593 2123 664 igitur
2164 593 2321 648 modo
2370 608 2435 647 ex
2484 591 2645 646 Patre
2693 592 3004 663 progenitus
3047 590 3174 645 est?
3220 591 3297 645 ita
3337 607 3527 647 novam

1957 686 2244 755 quamdam
2280 695 2530 749 matrem,
2567 684 2917 749 voluntatem,
2961 684 3131 754 patris
3164 677 3282 739 lo'co
3307 685 3531 740 commi-

1958 778 2259 833 niscuntur.
2312 778 2369 832 In
2422 778 2523 832 hoc
2554 778 2769 848 quidem
2802 786 3141 846 argumento,
3170 776 3400 847 primum
3429 778 3531 831 hoc

1958 872 2152 927 scitum
2178 884 2243 926 ac
2285 870 2519 940 lepidum
2569 878 2672 935 est,
2701 874 2845 940 quod
2875 887 2904 924 a
2934 871 3185 941 passione
3221 870 3333 934 illa,
3367 885 3528 937 quant

1961 970 2239 1034 tantopere
2285 963 2593 1033 urgebant,
2639 963 3025 1031 abscedentes,
3082 964 3147 1017 ad
3199 963 3529 1019 voluntatem

1958 1056 2308 1128 confugiunt;
2349 1072 2454 1110 non
2494 1057 2638 1111 enim
2677 1057 2856 1125 passio
2897 1065 2982 1111 est
3010 1059 3283 1110 voluntas.
3325 1055 3532 1109 Deinde

1960 1149 2120 1220 527
2155 1148 2463 1213 videamus,
2498 1148 2749 1213 obsecro,
2793 1163 2956 1217 quam
3007 1149 3113 1200 vim
3148 1146 3347 1201 habeat
3389 1145 3532 1215 quod

1961 1240 2166 1296 dicunt.
2218 1237 2489 1307 Optimum
2546 1247 2724 1291 autem
2773 1237 2972 1302 fuerit,
3020 1237 3173 1308 prius
3227 1252 3348 1290 cum
3403 1237 3532 1307 ipsis

1961 1330 2149 1399 pedem
2178 1331 2400 1401 propius
2429 1331 2701 1385 conferre.
2737 1330 2829 1384 Dic
2853 1345 2981 1400 ergo
3006 1330 3140 1399 ipse,
3171 1331 3417 1401 quisquis
3445 1344 3526 1395 es,

1962 1423 2052 1491 qui
2081 1431 2317 1490 temere,
2352 1423 2615 1493 quidquid
2650 1422 2815 1476 libido
2847 1432 2933 1475 tua
2967 1421 3187 1486 tulerit,
3224 1421 3422 1478 elIutis.
3453 1421 3529 1476 Ex

1963 1518 2173 1572 volente
2212 1526 2362 1585 patre
2402 1527 2490 1570 tuo
2527 1524 2842 1584 procreatus
2865 1531 2946 1582 es,
2989 1531 3056 1568 an
3094 1516 3351 1571 nolente?
3377 1515 3434 1570 Si
3464 1531 3531 1570 ex

1966 1605 2203 1675 nolente,
2235 1607 2315 1661 vis
2341 1622 2468 1676 ergo
2502 1608 2549 1661 ei
2584 1605 2743 1660 allata
2778 1616 2880 1660 est.
2905 1602 2950 1661 Ο
2978 1607 3255 1677 indignum
3285 1605 3530 1659 facinus!

1963 1698 2029 1752 Ει
2050 1698 2173 1768 quis
2202 1699 2419 1754 tandem
2465 1700 2513 1754 ei
2553 1699 2656 1752 vim
2691 1698 2904 1753 attulit?
2950 1698 3066 1753 Non
3102 1700 3246 1753 enim
3288 1697 3535 1767 profecto

275 1792 584 1864 ὑπέστησεν
634 1795 663 1846 6
707 1771 843 1857 Θεὸς
885 1791 995 1862 (50)
1042 1792 1112 1844 τὰ
1152 1791 1351 1857 πάντα,
1393 1790 1431 1861 ἢ
1486 1789 1760 1860 βιασθείς;
1796 1789 1859 1842 Ei

1972 1800 2210 1846 naturam
2244 1793 2466 1848 dixeris.
2504 1792 2635 1848 Nam
2668 1794 2715 1848 ei
2753 1809 2966 1865 quoque
2991 1809 3089 1850 sua
3130 1793 3535 1850 constatcasti-

280 1883 381 1954 μὲν
412 1884 674 1954 βιασθεὶς,
694 1884 973 1939 κάνταῦθα
996 1886 1029 1955 ἡ
1049 1886 1304 1956 τυραννὶς
1326 1884 1420 1936 καὶ
1445 1885 1472 1936 6
1498 1883 1855 1953 τυραννήσας

273 1974 325 2026 εξ
359 1973 419 2026 δὲ
457 1973 797 2044 βουλόμενος,
831 1975 1119 2046 ἐστέρηται
1158 1973 1251 2025 τοῦ
1284 1972 1456 2034 Θεοῦ,
1501 1972 1595 2024 καὶ
1637 1970 1705 2023 τὰ
1746 1969 1861 2023 κτί-

274 2078 481 2134 σματα,
528 2065 621 2118 καὶ
653 2065 717 2119 σὺ
755 2065 852 2135 μὲν
880 2065 988 2136 πρὸ
1014 2064 1120 2119 τῶν
1150 2065 1325 2119 ἄλλων
1350 2062 1460 2136 (51)
1479 2106 1493 2128 ,
1518 2066 1546 2117 6
1588 2062 1859 2127 τοιούτους

273 2154 615 2225 ἀνευρίσκων
639 2155 950 2227 λογισμοὺς,
982 2156 1076 2209 καὶ
1109 2156 1334 2210 τοιαῦτα
1363 2154 1712 2224 σοφιζόμενος
1731 2173 1743 2185 ·
1778 2154 1857 2207 θε-

275 2244 431 2313 λήσει
490 2245 601 2316 (5‘2)
666 2245 776 2317 γὰρ
831 2247 975 2319 μέσῃ
1027 2245 1121 2299 τοῦ
1182 2247 1399 2300 κτίστου
1455 2244 1853 2317 διατειχίζεται.

286 2336 430 2389 Ἀλλ’
476 2335 684 2406 ²ἕτερον,
735 2332 910 2407 οἶμαι,
950 2336 1121 2392 θέλων
1166 2337 1281 2390 ἐστὶ
1323 2335 1435 2407 (55)
1477 2336 1572 2390 καὶ
1618 2335 1857 2407 θέλησις,

272 2427 483 2497 γεννῶν
511 2429 605 2482 καὶ
634 2428 907 2499 γέννησις,
935 2429 1109 2498 λέγων
1142 2430 1239 2483 καὶ
1264 2430 1450 2497 λόγος,
1481 2431 1530 2482 εἰ
1561 2428 1634 2500 μὴ
1668 2429 1856 2499 μεθύο-

279 2537 410 2590 μεν·
449 2519 519 2571 τὰ
545 2520 641 2590 μὲν
668 2520 697 2572 6
722 2520 1040 2589 κινούμενος
1065 2518 1201 2587 (54).
1226 2519 1294 2572 τὰ
1323 2520 1382 2572 δὲ
1407 2514 1519 2571 οἷον
1558 2521 1593 2589 ἡ
1625 2519 1856 2588 κίνησις.

276 2610 488 2665 Οὔκουν
526 2610 827 2680 θελήσεως,
863 2611 927 2664 τὸ
947 2610 1168 2682 θεληθὲν
1199 2609 1314 2681 (55)
1343 2611 1362 2678 (
1385 2609 1504 2663 οὐδὲ
1533 2608 1642 2680 γὰρ
1673 2610 1861 2662 ἕπεται

278 2700 578 2771 πάντως
619 2701 741 2754 οὐδὲ
796 2700 858 2752 τὸ
904 2700 1192 2771 γεννηθὲν,
1246 2701 1586 2770 γεννήσεως·
1637 2699 1757 2775 ούδὲ
1802 2699 1862 2753 τὸ

275 2794 566 2857 ἀκουσθὲν,
607 2795 970 2866 ἐκφωνήσεως
990 2811 1003 2826 ·
1032 2793 1168 2847 ἀλλὰ
1215 2793 1306 2847 τοῦ
1346 2792 1610 2857 θέλοντος,
1645 2790 1858 2845 καὶτοῦ

277 2882 575 2952 γεννῶντος
612 2882 749 2954 (56),
788 2883 885 2936 καὶ
918 2882 1013 2935 τοῦ
1055 2882 1325 2951 λέγοντος.
1367 2880 1448 2934 Τὰ
1483 2880 1577 2934 τοῦ
1624 2879 1760 2933 Θεοῦ
1804 2879 1860 2932 δὲ

277 2975 376 3028 καὶ
401 2974 543 3045 ὑπὲρ
574 2973 749 3028 ταῦτα
782 2974 978 3033 πάντα,
1084 2973 1334 3045 γέννησίς
1374 2974 1524 3027 ἐστιν
1552 2973 1680 3036 ἴσως
1709 2973 1740 3042 ἡ
1766 2971 1859 3024 τοῦ

1964 1894 2067 1938 tas.
2096 1882 2154 1938 Si
2200 1893 2378 1937 autem
2411 1898 2476 1939 ex
2516 1885 2731 1939 volente
2763 1894 2914 1954 patre
2936 1926 2951 1951 ,
2991 1895 3144 1953 pater
3177 1885 3273 1940 tibi
3315 1893 3535 1955 propter

1960 1988 2161 2044 paucas
2205 1974 2438 2046 syllabas
2483 1976 2680 2046 periit:
2730 1976 3023 2032 voluntatis
3052 1977 3317 2047 siquidem
3352 1976 3529 2041 (ilius,

1962 2081 2027 2121 ac
2060 2080 2165 2120 non
2198 2067 2369 2134 patris
2395 2069 2674 2123 exstitisti.
2706 2068 2810 2123 Sed
2852 2072 2917 2122 ad
2965 2069 3130 2123 Deum
3162 2082 3214 2123 et
3256 2079 3534 2125 creaturas

1965 2166 2226 2219 transeo.
2276 2173 2340 2211 ac
2391 2168 2653 2213 tuammet
2694 2161 3048 2228 quaestionem
3103 2160 3377 2229 sapientiae
3429 2167 3533 2215 tua:

1962 2248 2242 2302 admoveo.
2298 2248 2567 2303 'Volensne
2626 2249 2767 2304 Deus
2815 2251 3119 2305 universam
3168 2252 3303 2305 hanc
3348 2266 3530 2305 rerum

1963 2340 2156 2395 molem
2185 2341 2455 2398 condidit.
2487 2357 2554 2395 an
2600 2342 2784 2397 nolens
2809 2351 2862 2397 et
2895 2344 3158 2397 coactus?
3196 2341 3252 2397 Si
3284 2353 3531 2406 coactus.

1963 2430 2052 2486 hic
2078 2445 2292 2501 quoque
2320 2434 2400 2485 vis
2433 2433 2708 2496 adhibita,
2757 2444 2814 2487 et
2845 2433 3062 2504 quidam
3099 2435 3189 2503 qui
3235 2435 3340 2488 vim
3378 2434 3533 2489 adhi-

1961 2523 2094 2576 buit.
2149 2522 2203 2578 Si
2245 2533 2422 2577 autem
2473 2524 2688 2587 volens,
2739 2525 3002 2579 cibantur
3059 2527 3203 2594 Deo”,
3259 2537 3369 2580 tum
3417 2525 3536 2581 alite

1962 2623 2254 2680 creaturae,
2305 2625 2413 2669 tum
2446 2626 2497 2669 tu
2542 2631 2652 2685 pm
2681 2618 2927 2676 caeteris.
2958 2617 3049 2686 qui
3084 2618 3218 2672 tales
3247 2617 3539 2674 ratiocina-

1964 2704 2172 2769 tiones,
2201 2706 2438 2774 talesque
2467 2707 2750 2760 verborum
2786 2707 3061 2776 captiones
3111 2707 3535 2778 excogitas.,1n-

1966 2795 2225 2849 termedia
2255 2797 2450 2865 quippe
2480 2796 2756 2851 voluntate
2789 2812 2818 2851 a
2848 2797 3109 2853 Creatore
3131 2798 3531 2868 disjuugentur.

1967 2882 2163 2938 Verum
2197 2885 2343 2940 aliud
2364 2927 2379 2953 ,
2409 2885 2461 2939 ni
2498 2885 2788 2950 [δήιοι-,εει
2818 2887 3025 2951 volens,
3063 2888 3208 2943 aliud
3239 2887 3485 2943 voluntas
3514 2908 3527 2945 :

1965 2975 2109 3029 aliud
2136 2975 2384 3045 gignens,
2417 2976 2559 3030 aliud
2604 2978 2881 3045 generatio
2914 2995 2928 3031 :
2957 2978 3102 3032 aliud
3143 2978 3234 3048 qui
3267 2977 3525 3046 loquitur,

277 3068 479 3138 γεννᾷν
518 3065 769 3137 θέλησις⁸
802 3065 917 3120 ἀλλ’
941 3066 1092 3119 οὐδὲν
1131 3065 1315 3136 μέσον,
1356 3064 1409 3117 εἴ
1450 3080 1514 3130 γε
1557 3065 1653 3117 καὶ
1705 3063 1861 3117 τοῦτο

1972 3067 2112 3121 aliud
2157 3083 2371 3135 sermo,
2416 3069 2518 3122 nisi
2564 3068 2702 3124 forte
2760 3070 3037 3124 temulenti
3086 3071 3277 3125 simus.
3327 3068 3521 3123 llorun

276 3156 564 3228 δεξώμεθα
587 3159 700 3228 (57)
724 3157 881 3222 ὅλως,
914 3156 1050 3210 ἀλλὰ
1083 3156 1157 3227 μὴ
1181 3157 1275 3210 καὶ
1301 3154 1568 3227 θελήσεως
1601 3154 1863 3227 κρείττων

1972 3161 2113 3216 enim
2154 3161 2381 3215 alterum
2410 3170 2528 3228 est,
2557 3162 2601 3215 is
2625 3163 2714 3232 qui
2744 3171 2953 3226 movet,
2978 3162 3205 3216 alterum
3237 3161 3380 3217 velut
3414 3177 3536 3216 mo-

277 3252 313 3322 ή
361 3251 634 3320 γέννησις.

1973 3259 2057 3306 tus
2087 3252 2218 3320 ipse.
2259 3251 2375 3307 Non
2406 3266 2532 3323 ergo
2563 3253 2854 3309 voluntatis
2887 3262 3007 3318 est,
3062 3252 3285 3307 velitum
3332 3253 3540 3325 (neque

279 3345 426 3398 enim
480 3343 583 3398 hoc
635 3358 857 3413 prorsus
909 3340 1218 3410 sequitur);
1295 3354 1396 3395 nec
1447 3340 1857 3409 generationis,
1899 3342 2040 3410 quod
2086 3344 2325 3413 genitum
2396 3352 2519 3412 est,
2564 3359 2663 3399 nec
2738 3344 3058 3409 locutionis,
3109 3347 3250 3414 quod
3296 3346 3539 3401 auditum

282 3443 389 3501 est,
419 3436 515 3489 sed
548 3434 799 3500 volentis,
831 3444 885 3490 et
916 3434 1207 3505 gignentis,
1232 3443 1288 3487 et
1319 3431 1610 3501 loquentis.
1646 3433 1715 3486 At
1777 3448 1898 3502 quas
1936 3434 1988 3487 in
2022 3435 2153 3489 'Deo
2204 3436 2656 3502 considerantur,
2700 3452 2862 3508 supra
2928 3437 3042 3491 haec
3080 3451 3296 3506 quoque
3351 3440 3538 3493 omnia

281 3543 434 3596 sunt,
469 3540 659 3601 utpote
687 3534 770 3587 cui
801 3531 1079 3602 generatio
1110 3531 1341 3584 fortasse
1407 3529 1476 3583 sit
1536 3528 1651 3597 ipsa
1685 3529 1935 3599 gignendi
1970 3529 2255 3598 voluntas;
2307 3546 2494 3586 verum
2530 3532 2661 3589 nihil
2707 3540 2791 3588 est
2830 3532 3205 3588 intermedium
3231 3571 3248 3598 ,
3296 3533 3340 3587 si
3382 3539 3541 3591 modo

281 3630 387 3682 hoc
433 3640 649 3697 quoque
692 3625 915 3681 omnino
954 3624 1327 3688 admittimus,
1356 3638 1421 3676 ac
1452 3637 1558 3675 non
1628 3622 1806 3689 potius
1871 3622 2157 3679 statuimus
2226 3627 2630 3696 generationem
2680 3626 2819 3681 hanc
2855 3627 3132 3683 voluntate
3165 3625 3535 3683 sublimiorem

279 3731 339 3776 et
369 3719 798 3788 przestantiorem
828 3732 969 3772 esse.

355 3814 429 3866 Ζ’.
471 3810 661 3864 Βούλει
700 3827 754 3862 τι
800 3807 1122 3880 προσπαίξω
1160 3808 1250 3860 καὶ
1296 3822 1385 3860 τον
1417 3806 1668 3877 Πατέρα;
1710 3803 1869 3876 Παρὰ

287 3906 383 3960 σοῦ
416 3905 527 3977 γὰρ
553 3904 662 3975 ἔχω
688 3902 758 3957 τὰ
786 3900 1014 3955 τοιαῦτα
1056 3898 1288 3970 τολμᾷν·
1323 3898 1505 3952 Θέλων
1533 3897 1663 3960 Θεὸς
1694 3898 1723 3949 6
1752 3898 1868 3949 Πα-

286 3997 413 4063 τὴρ,
447 3993 480 4065 ἢ
520 3992 594 4064 μὴ
626 3991 816 4045 θέλων.
862 3990 973 4043 Καὶ
1004 3990 1151 4052 ὅπως
1188 3988 1471 4059 ἀποφεύξῃ
1498 3988 1560 4041 τὸ
1595 3986 1685 4040 σὸν
1717 4004 1872 4058 περι-

284 4085 483 4150 δέξιον.
513 4085 577 4137 Ei
619 4082 717 4154 μὲν
756 4082 821 4152 δὴ
855 4080 1045 4143 θέλων,
1064 4080 1195 4132 πότε
1226 4078 1322 4132 τοῦ
1354 4078 1529 4132 θέλειν
1561 4078 1871 4149 ἡργμένος;

289 4179 369 4233 Οὐ
394 4176 504 4247 γὰρ
536 4175 667 4244 πρὶν
698 4169 869 4227 εἶναι·
915 4171 1036 4224 οὐδὲ
1071 4170 1182 4241 γὰρ
1209 4165 1277 4242 ἦν
1311 4187 1362 4222 τι
1394 4170 1676 4241 πρότερον.
1719 4170 1790 4222 Ἦ
1815 4168 1874 4221 τὸ

293 4270 394 4341 μὲν
426 4267 592 4321 αὐτοῦ
631 4264 901 4335 θελῆσαν,
953 4262 1014 4315 τὸ
1041 4262 1097 4315 δὲ
1147 4261 1411 4333 θεληθέν;
1452 4260 1718 4332 Μεριστὸς
1758 4255 1871 4314 οὖν.

2047 3805 2153 3861 νιι.
2209 3804 2371 3861 Visne
2425 3806 2477 3860 in
2542 3804 2757 3860 Patrem
2827 3820 3040 3876 quoque
3102 3804 3273 3874 ipsmn
3330 3802 3543 3860 cavillis

1974 3898 2219 3954 nonnihil
2274 3898 2499 3953 ludam?
2546 3897 2626 3952 Tu
2681 3897 2813 3953 mihi
2867 3913 3051 3953 ansam
3130 3897 3255 3951 talia
3312 3886 3541 3951 audendi

1974 3991 2201 4059 praebes.
2238 3989 2397 4044 Pater
2437 3989 2618 4059 itaque
2649 3989 2734 4043 vel
2773 3989 2957 4044 volens
2999 3989 3141 4043 Deus
3173 3997 3276 4051 est,
3317 3986 3403 4042 vel
3438 4000 3537 4041 no—

1975 4081 2112 4136 lens.
2142 4081 2221 4136 Ae
2250 4081 2370 4136 vide
2403 4097 2508 4152 qua
2541 4081 2752 4136 tandem
2781 4082 2992 4135 ratione
3017 4080 3208 4135 scitum
3240 4079 3368 4134 illud
3393 4088 3541 4133 tuum

1979 4180 2033 4225 et
2063 4182 2273 4227 acutum
2306 4181 2682 4238 argumentum
2711 4171 2953 4241 ell'ugies.
2994 4172 3048 4227 Si
3086 4172 3293 4240 volens,
3323 4172 3545 4241 quando

1980 4262 2117 4318 velle
2163 4265 2364 4333 erepit?
2410 4264 2527 4319 Non
2582 4265 2724 4319 enim
2773 4264 3088 4334 priusquam
3137 4274 3307 4319 esset.
3354 4261 3545 4332 Neque

291 4361 416 4425 Πῶς
442 4360 500 4413 δὲ
525 4360 587 4412 οὐ
617 4358 885 4429 θελήσεως
918 4357 1013 4408 xa‘t
1040 4348 1215 4419 οὗτος,
1247 4354 1389 4407 κατὰ
1424 4354 1484 4406 σὲ
1503 4394 1517 4417 ,
1549 4353 1863 4424 πρόϐλημας

1979 4358 2122 4411 enim
2158 4357 2307 4426 prius
2339 4357 2631 4426 quidquam
2674 4365 2813 4414 erat.
2849 4356 2928 4409 Au
2979 4356 3172 4426 partim
3208 4355 3261 4409 in
3293 4370 3357 4410 eo
3381 4355 3542 4424 quid-

292 4457 357 4509 Εἰ
380 4454 436 4508 δὲ
462 4453 525 4506 οὐ
563 4451 766 4512 θέλων,
807 4448 862 4501 τί
901 4447 963 4501 τὸ
990 4446 1319 4517 βιασάμενον
1358 4447 1437 4511 εἰς
1463 4446 1525 4499 τὸ
1555 4441 1729 4509 εἶναις
1766 4447 1876 4499 Καὶ

294 4549 414 4611 πῶς
443 4545 607 4608 Θεὸς,
636 4543 686 4597 εἰ
725 4539 1029 4611 βεϐίασται,
1072 4539 1167 4592 καὶ
1203 4535 1379 4593 ταῦτα
1420 4538 1521 4591 οὐκ
1548 4537 1678 4591 ἄλλο
1713 4554 1787 4600 τι,
1841 4536 1874 4608 ἢ

294 4639 432 4696 αὐτὸ
466 4638 528 4690 τὸ
561 4631 702 4689 εἶναι
733 4632 894 4698 Θεός;
926 4631 1049 4695 Πῶς
1092 4625 1217 4696 οὗν,
1262 4630 1397 4701 φησὶ
1434 4629 1569 4701 (58),
1615 4629 1876 4699 γεγέννη-

291 4747 418 4795 ταις
463 4727 586 4790 Πῶς
633 4725 910 4787 ἔκτισται,
950 4721 1109 4792 εἴπερ
1144 4720 1388 4775 ἔκτισται
1428 4720 1570 4774 κατὰ
1623 4721 1716 4787 σέ;
1765 4718 1877 4772 Καὶ

293 4825 407 4895 γὰρ
438 4821 534 4877 καὶ
568 4817 726 4874 τοῦτο
750 4815 850 4887 τῆς
880 4816 1048 4886 αὐτῆς
1091 4812 1342 4885 ἀπορίας.
1380 4813 1535 4884 Τάχα
1566 4812 1632 4866 ἂν
1680 4814 1875 4877 εἴποις,

370 5039 486 5107 (46)
526 5041 740 5107 Πόθος.
784 5039 871 5096 Sit
929 5048 1038 5095 tres
1087 5038 1280 5108 Regg.,
1329 5050 1424 5091 sex
1466 5034 1642 5100 Colb.,
1678 5033 1771 5091 Or.
1817 5034 1871 5103 i,

295 5108 423 5164 Par.
460 5113 515 5164 lu
546 5113 656 5175 ed.,
687 5117 912 5177 πάθους,
946 5130 964 5161 ι
994 5107 1334 5178 passiottis._t_

372 5179 487 5246 (47)
529 5179 741 5247 eum.
771 5175 1018 5246 Quinque
1046 5177 1219 5242 Colb.,
1249 5175 1457 5249 ἐθέλῃς.

374 5243 488 5318 (48)
530 5243 863 5316 Θελῆὰεῶς.
916 5243 1053 5305 'l‘res
1095 5249 1286 5318 Begg.,
1338 5243 1571 5316 qiiatuor
1611 5243 1792 5309 Colb.,
1822 5252 1876 5298 et

298 5319 919 5400 0':.1*°“‘_7‘§l"°‘3°".
1014 5387 1058 5400 ..
1174 5386 1186 5399 .
1298 5386 1309 5398 .
1426 5383 1458 5400 ..

375 5389 492 5457 (49)
559 5385 755 5458 Τῆ’σῇ
773 5389 977 5458 σοφίᾳ.
1014 5387 1140 5443 Haec
1174 5386 1377 5441 ironice
1407 5385 1575 5458 dicta.

375 5455 489 5529 (.50)
540 5455 802 5529 'Oneedc.
840 5455 998 5513 Deest
1024 5460 1055 5510 6
1080 5459 1131 5510 in
1149 5459 1399 5529 pluribus
1420 5455 1578 5529 codd.

379 5528 490 5598 (51)
530 5529 648 5597 ΙΙρό
694 5528 815 5584 τῶν
863 5530 1089 5582 ἄλλων.

300 5599 463 5669 (ἔθη)1
488 5599 642 5652 Deest
672 5599 777 5669 πρό
805 5600 968 5669 inAed.

379 5667 496 5732 (52)
537 5667 809 5736 Θελήάει.
845 5667 1010 5737 CAoisl.
1043 5667 1281 5737 θέλησις.

382 5737 501 5810 (53)
543 5732 811 5809 Ἕτερον,
845 5734 1026 5807 οἶμαι,
1051 5732 1241 5793 θέλων
1265 5734 1418 5789 ἐστί.
1445 5732 1534 5790 Sic
1561 5743 1670 5790 tres
1691 5733 1882 5802 Regg.,

1186 5527 1235 5582 ie
1289 5534 1401 5581 tres
1449 5523 1643 5599 Regg.,
1691 5533 1746 5579 et
1786 5538 1881 5579 sex

1978 4449 2097 4502 dam
2131 4448 2230 4503 fuit
2258 4451 2398 4518 quod
2430 4449 2617 4516 voluit,
2647 4450 2843 4518 partim
2889 4449 3145 4516 quiddam
3180 4448 3323 4517 quod
3358 4447 3409 4501 in
3445 4460 3544 4500 vo-

1976 4539 2234 4597 luntatem
2266 4542 2504 4597 cecidit?
2534 4541 2829 4597 Divisibilis
2859 4541 3022 4612 igitur
3042 4541 3168 4597 erit.
3195 4541 3333 4607 Quid
3355 4547 3536 4593 autem

1979 4630 2154 4687 all‘erri
2188 4633 2419 4703 poterit.
2469 4635 2597 4703 quin
2629 4636 2781 4707 juxta
2827 4643 2972 4688 tuam
3004 4630 3415 4703 argumentandi
3457 4644 3545 4683 ra-

1977 4725 2195 4787 tionem,
2239 4726 2351 4794 ipse
2395 4742 2609 4796 quoque
2641 4726 2935 4780 voluntatis
2966 4724 3109 4778 fetus
3144 4723 3254 4778 sit?
3305 4721 3458 4788 Quod
3497 4721 3545 4775 st

1979 4814 2191 4881 nolens,
2221 4817 2345 4885 quis
2376 4834 2498 4873 euut
2532 4819 2705 4887 coegit
2758 4824 2813 4870 ut
2841 4827 2985 4870 esset
3003 4816 3037 4868 ?‘
3054 4814 3168 4882 Qun
3195 4813 3355 4868 etiam
3387 4812 3546 4866 modo

1978 5044 2031 5089 et
2064 5033 2156 5088 0r.
2188 5033 2239 5086 Ι.
2274 5033 2328 5086 In
2363 5034 2472 5093 ed.,
2514 5030 2699 5100 ἕτερόν
2743 5029 2912 5093 ἐστιν,
2943 5023 3117 5097 οἶμαι,
3150 5023 3335 5100 θέλων.

2049 5104 2161 5188 (ὅᾷ)
2213 5104 2276 5156 '0
2311 5093 2682 5171 κινούμενος.
2725 5100 2814 5152 Sic
2847 5093 3034 5151 omnes
3067 5096 3220 5148 codd.
3255 5093 3311 5145 ln
3350 5093 3459 5159 ed.,
3482 5095 3544 5147 οὑ

1977 5191 2316 5245 κινουμενος.

1988 5313 2016 5317 Α
2053 5246 2164 5317 (55)
2210 5238 2650 5317 Τὸθελῃθξνηι
2673 5236 2929 5317 Volitum.
2971 5233 3302 5317 {Hac‘voce
3326 5240 3547 5317 utuntur

1984 5304 2329 5372 Scholastici,
2376 5304 2452 5364 ad
2480 5310 2890 5379 signiﬁcandum
2929 5305 3220 5379 voluntatis
3251 5304 3542 5372 objectum.

1984 5384 2100 5439 Bill.
2130 5400 2167 5455 7r
2197 5383 2252 5436 ΙιΙ
2280 5380 2421 5455 quo_d
2458 5379 2509 5432 in
2531 5375 2865 5455 Voluptatem
2895 5375 3155 5455 ceciditg.»

2056 5454 2167 5541 (56)
2207 5443 2572 5515 Γεᾶενῶντος.
2627 5449 2716 5501 Sic
2763 5446 2897 5515 Reg.
2951 5460 3002 5509 a,
3046 5443 3262 5514 aliique.
3330 5444 3388 5499 ln
3435 5443 3549 5508 ed.,

1984 5539 2351 5598 γεννησοντος.

2058 5594 2170 5667 (δῖ)
2210 5590 2532 5667 Δεξώμεθα.
2574 5588 2665 5667 O_t‘.
2699 5589 2752 5667 Ι,
2785 5585 2935 5667 Bas,
2962 5592 3088 5667 etc"
3125 5582 3405 5667 δεξύμεθα.

2211 5651 2387 5731 «ﬁniri.
2420 5661 2578 5716 Deest
2607 5661 2659 5713 in
2699 5657 2940 5729 pluribus
2967 5653 3156 5724 Regg.,
3191 5651 3259 5711 et
3280 5652 3373 5713 ΘΓ.
3408 5651 3464 5712 1,
