3890 6214
401 297 471 353 85
1627 307 1685 360 S.
1721 305 2048 361 GREGORII
2090 303 2440 361 TIIEOLOGI
3597 304 3676 358 ει

402 414 582 482 Deus,
630 415 675 470 si
716 424 935 472 coactus
970 426 1093 484 est;
1140 427 1195 473 et
1229 429 1446 476 coactus
1492 422 1707 489 quidem
1754 435 1859 475 non
1902 420 1967 473 ad

2078 422 2152 474 ὅτι
2186 422 2299 490 (59)
2322 420 2570 491 βουλήσει
2594 420 2687 471 καὶ
2714 418 2878 489 λόγῳ.
2912 419 3051 472 Ἀλλ’
3077 417 3230 474 οῦπω
3249 417 3426 485 λέγεις
3446 416 3507 470 τὸ
3528 418 3666 474 πᾶν.

401 505 545 559 aliud
571 506 885 576 quidquam,
907 524 1068 578 quam
1103 510 1168 563 ad
1194 508 1358 580 5-28
1377 512 1500 578 hoc,
1528 519 1588 563 ut
1620 510 1759 565 Deus
1782 511 1965 565 esset?

2078 512 2200 574 Πῶς
2229 511 2338 583 γάρ
2368 510 2530 580 ἔργου
2566 510 2794 580 δύναμιν
2827 509 2984 580 ἔσχεν
3018 512 3051 581 ὴ
3094 509 3349 580 βούλησις
3388 508 3481 561 καὶ
3520 512 3549 561 ὁ
3582 508 3677 562 λό-

402 596 699 662 Quomodo,
753 599 954 668 inquis,
1002 600 1172 656 Filius
1214 602 1431 670 genitus
1481 602 1601 658 est?
1650 602 1870 666 Verum,
1913 612 1968 656 tu

2078 620 2165 672 γος
2187 620 2202 668 ;
2241 603 2362 654 Ἔτι
2388 600 2500 672 (60)
2527 600 2770 653 λείπεται
2791 599 2988 668 λέγειν.
3022 601 3095 652 Οὐ
3117 598 3226 670 γὰρ
3248 598 3421 662 οὕτως
3449 599 3667 671 ἄνθρω-

402 700 614 755 quoque
640 691 924 758 responde,
964 691 1236 761 quomodo
1259 702 1476 747 creatus
1510 693 1644 747 est?
1677 692 1970 761 siquidem,
2074 711 2193 757 πος.

402 777 599 846 utipse
628 782 851 844 asset-is,
896 793 1114 837 creatus
1143 793 1247 838 est.
1275 783 1407 837 Nam
1442 785 1494 838 id
1526 799 1741 854 quoque
1806 785 1996 838 eadem
2084 782 2399 837 difﬁcultate
2459 781 2692 836 laborat.
2746 781 2902 836 Dices
2950 780 3208 841 fortasse,
3270 780 3548 835 voluntate
3607 790 3666 835 et

401 886 668 927 sermone.
698 877 768 928 At
800 875 1034 929 nondum
1065 890 1179 929 rem
1210 886 1375 930 totam
1406 878 1649 946 expedis.
1687 877 1970 943 Quomodo
2008 876 2150 930 enim
2185 876 2363 944 operis
2397 875 2503 927 vim
2570 873 2817 927 voluntas
2853 882 2909 926 et
2940 886 3121 927 sermo
3186 872 3512 928 habuerint?
3540 872 3659 929 Hoc

398 963 774 1032 explicandum
797 966 971 1021 adhuc
1002 966 1094 1020 tibi
1124 977 1392 1035 superest.
1425 967 1609 1037 Neque
1632 969 1776 1023 enim
1804 969 1967 1022 homo
2007 967 2078 1020 ita
2113 966 2428 1021 fabricatur.

469 1054 602 1112 VIII.
644 1058 921 1125 Quomodo
946 1075 1100 1130 ergo,
1131 1061 1366 1129 inquies,
1407 1063 1622 1132 genitus
1651 1063 1775 1118 est?
1808 1063 1963 1117 Haud

397 1163 590 1217 magna
620 1158 765 1204 esset
794 1151 905 1203 hanc
940 1152 1221 1220 generatio
1240 1192 1255 1217 ,
1285 1153 1328 1207 si
1358 1168 1386 1206 a
1419 1165 1471 1206 te
1499 1154 1704 1222 percipi
1745 1163 1965 1223 posset,

396 1242 589 1310 quippe
631 1240 720 1309 qui
762 1255 830 1294 ne
872 1250 1018 1294 tuam
1071 1243 1287 1311 quidem
1334 1245 1503 1309 noris,
1548 1254 1640 1298 aut
1684 1255 1832 1299 certe
1856 1245 1970 1299 exi-

396 1342 551 1399 guam
588 1333 876 1401 quamdam
910 1343 1116 1401 partem
1152 1336 1440 1405 percepisti
1469 1378 1484 1404 ,
1517 1346 1887 1406 quantumque
1919 1349 1971 1391 te

396 1419 574 1472 dicere
607 1421 821 1488 pudeat.
865 1421 932 1474 Et
964 1433 1149 1490 postea
1188 1437 1308 1477 eam
1348 1426 1505 1493 plene
1553 1426 1648 1479 tibi
1691 1427 1965 1496 cognitam

392 1525 515 1565 esse
544 1513 770 1567 censes?
796 1513 1023 1582 Magnus
1051 1515 1144 1570 tibi
1174 1516 1327 1571 labor
1353 1518 1506 1587 prius
1529 1519 1837 1573 subeundus
1859 1528 1963 1582 est,

392 1616 554 1670 quam
583 1612 641 1658 ut
668 1605 908 1660 rationes
937 1621 1031 1661 eas
1060 1607 1305 1662 invenias
1325 1646 1341 1672 ,
1373 1606 1569 1676 quibus
1595 1608 1925 1663 constitutus
1947 1648 1963 1673 ,

393 1694 692 1763 formatus,
747 1714 809 1753 ac
865 1698 1243 1756 manifestatus
1290 1700 1460 1756 fueris
1488 1740 1504 1766 ,
1550 1702 1748 1770 quibus
1797 1701 1961 1756 etiam

394 1788 570 1840 anima
604 1803 726 1842 cmn
760 1804 987 1858 corpore
1011 1831 1027 1856 ,
1069 1806 1220 1845 mens
1251 1806 1370 1846 cum
1403 1793 1577 1845 anima
1606 1834 1622 1859 ,
1668 1792 1806 1846 ratio
1839 1807 1962 1847 cum

394 1891 572 1934 tuente
610 1883 768 1951 quasi
813 1882 1036 1937 vinculis
1068 1883 1388 1953 quibusdam
1439 1885 1814 1952 astu-iugatur:
1854 1892 1963 1936 tum

392 1973 658 2038 quomodo
691 1987 887 2042 corpus
919 1985 1221 2039 moveatur,
1251 1985 1305 2027 et
1339 1986 1620 2046 augeatur,
1658 1986 1821 2044 atque
1856 1976 1958 2030 ali-

393 2070 633 2115 mentum
675 2062 774 2132 ipsi
804 2063 1129 2118 assimiletur
1156 2078 1171 2117 :
1202 2066 1267 2118 ad
1304 2066 1420 2119 bare
1459 2081 1577 2134 qua:
1607 2067 1677 2120 sit
1706 2080 1964 2120 sensuum

390 2158 533 2212 ratio
558 2199 572 2217 .
601 2174 719 2227 quae
755 2159 1025 2214 memoriae
1047 2200 1062 2224 ,
1093 2175 1212 2230 quae
1256 2160 1671 2215 reminiscentiae
1694 2203 1710 2227 ,
1752 2176 1964 2214 rerum-

392 2263 498 2316 que
552 2260 903 2315 eazterarum,
990 2267 1054 2304 ex
1115 2252 1310 2320 quibus
1361 2264 1581 2304 consms
1633 2269 1644 2304 :
1708 2266 1772 2305 ac
1830 2266 1965 2320 prae-

396 2351 539 2394 terea
573 2358 691 2410 quae
735 2341 1060 2408 conjunctim
1114 2342 1400 2410 utriusque
1443 2343 1612 2411 partis
1657 2344 1802 2410 sint,
1847 2358 1993 2417 quae,

318 2480 319 2483 η
392 2432 563 2485 divisa
599 2441 654 2487 et
687 2442 930 2501 separata
953 2474 966 2498 ,
995 2448 1115 2502 quae
1154 2448 1343 2487 rursus
1374 2450 1402 2486 a
1445 2448 1503 2487 se
1546 2433 1777 2488 invicem
1823 2435 1967 2489 acci-

393 2522 560 2589 piant.
593 2522 724 2589 Qu:e
767 2525 909 2578 enim
961 2523 1216 2590 temporis
1249 2538 1535 2594 progressu
1574 2523 1964 2594 perfectionem

395 2632 546 2672 suam
604 2626 1030 2684 consequuntur,
1091 2631 1279 2671 eorum
1338 2626 1487 2671 certe
1540 2617 1779 2672 rationes
1839 2618 1968 2686 ipsae

392 2706 549 2761 simul
581 2722 701 2760 cum
746 2708 1090 2777 generatione
1124 2708 1473 2762 exstiterunt.
1530 2709 1719 2771 Dicas,
1769 2707 1964 2773 velim,

392 2810 511 2870 qua:
545 2799 654 2853 sint
684 2799 768 2853 hac
808 2800 1084 2864 rationes;
1138 2801 1232 2854 sed
1271 2816 1337 2854 ne
1379 2810 1487 2854 tum
1520 2801 1737 2869 quidem
1773 2801 1839 2856 de
1873 2801 1966 2855 Dei

392 2892 741 2962 generatione
770 2901 1066 2960 pertracta.
1103 2889 1215 2946 Nec
1247 2893 1392 2946 enim
1420 2892 1473 2945 id
1515 2892 1757 2961 periculo
1792 2902 1964 2947 vacat.

394 2983 451 3037 Si
478 2982 620 3037 enim
649 2991 795 3034 tuam
818 2981 1123 3050 cognoscis,
1154 2995 1257 3035 non
1290 2978 1534 3049 protinus
1568 2981 1839 3048 sequitur,
1873 2979 1963 3032 Dei

2140 1062 2224 1115 H'.
2270 1058 2396 1122 Πῶς
2446 1054 2538 1112 οὖν
2594 1073 2948 1129 γεγεννηται;
2995 1058 3110 1111 Οὐκ
3160 1056 3226 1111 ἂν
3259 1053 3326 1129 ἦν
3372 1058 3581 1129 μεγάλη
3628 1060 3667 1130 ή

2074 1154 2351 1223 γέννησις,
2388 1154 2436 1204 εἰ
2484 1153 2565 1205 σοὶ
2599 1150 3073 1221 κατελαμϐάνετο,
3124 1151 3182 1215 ὃς
3228 1152 3349 1204 οὐδὲ
3377 1152 3475 1224 τὴν
3528 1153 3668 1207 ἰδίαν

2072 1246 2270 1317 ἐπίστῃ
2297 1244 2570 1313 γέννησιν,
2604 1242 2636 1313 ἢ
2669 1241 2862 1313 μικρόν
2881 1260 2934 1295 τι
2956 1242 3157 1313 ταύτης
3186 1243 3539 1315 κατείληφας,
3567 1245 3667 1298 καὶ

2070 1338 2193 1388 ὅσον
2230 1334 2461 1406 αἰσχύνῃ
2497 1334 2709 1402 λέγειν*
2745 1333 2934 1386 ἔπειτα
2966 1335 3067 1386 οῐει
3104 1333 3167 1386 τὸ
3198 1336 3306 1388 πᾶν
3341 1334 3661 1404 γινώσκειν;

2076 1427 2252 1481 Πολλὰ
2292 1426 2357 1479 ἂν
2391 1425 2588 1497 κάμοις
2628 1425 2912 1496 πρότερον,
2941 1425 2975 1496 ἢ
3003 1424 3184 1496 εῦροις
3211 1425 3401 1493 λόγους
3434 1430 3664 1498 συμπή-

2076 1519 2210 1582 ξεως
2230 1561 2244 1585 ,
2275 1516 2629 1589 μορφώσεως,
2646 1515 3026 1588 φανερώσεως,
3043 1516 3217 1587 ψυχῆς
3241 1517 3377 1588 πρὸς
3395 1517 3554 1588 σῶμα
3569 1518 3665 1571 δε-

2075 1609 2231 1678 σμὸν,
2249 1608 2340 1660 νοῦ
2359 1608 2493 1680 πρὸς
2512 1606 2711 1677 ψυχὴν,
2733 1607 2890 1676 λόγου
2914 1607 3051 1677 πρὸς
3075 1606 3222 1673 νοῦν,
3239 1607 3471 1678 κίνησιν,
3490 1608 3665 1681 αὔξη-

2075 1717 2178 1763 σιν,
2200 1699 2755 1771 τροφῆςὲξομοὶωσιν,
2775 1699 3046 1770 αἴσθησιν,
3067 1700 3307 1771 μνήμην,
3327 1700 3660 1772 ἀνάμνησιν,

2066 1791 2235 1846 τᾶλλα
2266 1791 2324 1858 ἐξ
2347 1786 2421 1845 ὧν
2449 1791 2804 1861 συνέστηκας·
2832 1792 2926 1843 καὶ
2950 1792 3070 1844 τίνα
3089 1793 3186 1862 μὲν
3209 1791 3304 1845 τοῦ
3329 1793 3664 1862 συναμφοτέ-

2072 1900 2186 1956 ρου,
2215 1882 2413 1953 ψυχῆς,
2430 1884 2524 1935 καὶ
2543 1882 2815 1953 σώματος’
2832 1882 2954 1936 τίνα
2969 1883 3024 1935 δὲ
3043 1885 3109 1936 τά
3130 1885 3664 1956 μεμερισμένα,τίνα

2068 1975 2123 2028 δὲ
2138 1976 2173 2029 ἃ
2197 1975 2326 2045 παρ’
2352 1974 2599 2044 ἀλλήλων
2614 1973 3000 2044 λαμϐάνουσιν.
3018 1971 3119 2027 Ὤν
3142 1976 3250 2047 γὰρ
3275 1975 3400 2028 ῦστε
3411 1992 3501 2047 ρον
3521 1978 3553 2046 ἡ
3573 1993 3666 2030 τε-

2068 2067 2304 2132 λείωσις,
2325 2064 2527 2118 τούτων
2550 2067 2599 2117 οἱ
2620 2065 2766 2134 λόγοι
2792 2065 2930 2135 μετὰ
2950 2066 3050 2136 τῆς
3072 2069 3398 2137 γεννήσεως.
3428 2068 3562 2120 Εἰπὲ
3583 2065 3668 2119 τι-

2069 2177 2180 2223 νες·
2215 2159 2307 2212 καὶ
2341 2157 2477 2229 μηδὲ
2514 2160 2634 2211 τότε
2670 2157 3037 2229 φιλοσοφήσῃς
3073 2158 3184 2228 (61)
3218 2158 3352 2212 Θεοῦ
3385 2159 3661 2229 γέννησιν⁹

2069 2249 2129 2301 ού
2144 2248 2251 2319 γάρ
2277 2248 2534 2316 ἀσφαλές.
2555 2248 2618 2301 Εἰ
2644 2247 2742 2318 μὲν
2756 2247 2864 2318 γὰρ
2882 2246 2979 2317 τὴν
3003 2246 3101 2317 σὴν
3117 2249 3427 2315 γινώσκεις,
3445 2249 3504 2301 οὐ
3529 2248 3667 2302 πάν-

2068 2358 2176 2403 τως
2208 2340 2301 2393 καὶ
2335 2343 2431 2410 τὴν
2463 2339 2556 2393 τοῦ
2585 2339 2720 2393 Θεοῦ
2742 2355 2753 2366 ·
2790 2342 2838 2391 εἰ
2865 2338 2922 2390 δὲ
2968 2338 3103 2409 μηδὲ
3127 2339 3226 2411 τὴν
3257 2340 3383 2411 σὴν,
3416 2340 3532 2403 πῶς
3562 2339 3666 2410 τὴν

2069 2431 2162 2486 τοῦ
2193 2431 2328 2484 Θεοῦ
2354 2450 2368 2497 ;
2406 2433 2554 2502 Ὅσῳ
2579 2432 2688 2503 γὰρ
2720 2430 2852 2494 Θεὸς
2886 2429 3176 2502 ἀνθρώπου
3199 2431 3667 2504 δυστεκμαρτότε-

2076 2542 2163 2595 ρος
2198 2525 2333 2595 (62),
2381 2524 2621 2595 τοσούτῳ
2671 2524 2765 2578 καὶ
2802 2524 2902 2594 τῆς
2944 2524 3043 2594 σῆς
3083 2525 3392 2595 γεννήσεως
3424 2524 3667 2596 άληπτο-

2069 2616 2203 2686 τέρα
2234 2618 2264 2686 ἡ
2297 2615 2409 2669 ἄνω
2439 2615 2714 2684 γέννησις.
2752 2615 2814 2667 Εἰ
2843 2614 2899 2667 δὲ
2924 2615 3006 2667 ὅτι
3036 2614 3109 2684 μή
3158 2630 3241 2666 σοι
3279 2613 3662 2682 κατείληπται,

2072 2706 2159 2759 διὰ
2188 2706 2346 2759 τοῦτο
2373 2706 2495 2759 οὐδὲ
2524 2705 2848 2776 γεγέννηται
2882 2706 2993 2777 (65)
3014 2748 3029 2771 ,
3062 2705 3181 2777 ὥρα
3213 2722 3297 2758 σοι
3339 2705 3513 2759 πολλὰ
3544 2705 3665 2758 δια-

2072 2803 2305 2871 γράφειν
2336 2799 2442 2852 τῶν
2475 2798 2666 2865 ὄντων,
2712 2797 2747 2851 ὃ.
2793 2798 2867 2868 μὴ
2908 2797 3266 2869 κατείληφας,
3322 2798 3417 2850 καὶ
3462 2798 3567 2868 πρό
3597 2814 3664 2863 γε

2075 2894 2294 2946 πάντων
2331 2893 2441 2964 (64)
2474 2893 2563 2945 τὸν
2592 2892 2726 2946 Θεὸν
2757 2892 2948 2946 αὐτόν·
2982 2893 3042 2945 οὐ
3084 2891 3192 2963 γὰρ
3232 2891 3345 2960 (65)
3376 2892 3404 2944 ὅ
3426 2892 3481 2943 τί
3530 2892 3665 2944 ποτέ

2074 2986 2219 3036 ἐστιν
2269 2986 2441 3035 εἰπεῖν
2466 2982 2630 3052 ἔχεις,
2677 2984 2771 3036 καὶ
2815 2985 2864 3035 εἰ
2902 2983 3022 3036 λίαν
3055 2982 3324 3055 τολμηρὸς
3371 2977 3440 3046 εὶ,
3472 2980 3566 3033 καὶ
3594 2981 3667 3034 τὰ

353 3145 356 3148 ῃ
393 3089 609 3145 quoque
646 3073 1047 3142 generationem
1089 3070 1185 3125 tibi
1219 3070 1487 3140 cognitam
1538 3079 1589 3123 et
1631 3071 1967 3138 exploratam

2078 3071 2306 3142 περιττά
2352 3072 2751 3142 μεγαλόψυχος.
2803 3071 3094 3126 Κατάεαλέ
3143 3089 3235 3124 σου
3280 3070 3382 3135 τὰς
3429 3070 3663 3142 ῥεύσεις,

348 3156 349 3159 “
396 3180 535 3220 esse.
588 3164 644 3218 Si
679 3172 858 3219 autem
912 3172 999 3217 tua
1053 3160 1149 3217 tibi
1201 3163 1382 3229 ignota
1430 3173 1555 3227 est,
1602 3178 1709 3231 quo
1764 3164 1974 3218 tandem

395 3261 555 3314 modo
595 3258 688 3313 Dei
738 3258 1017 3326 generatio
1051 3255 1146 3311 tibi
1197 3266 1323 3310 nota
1374 3254 1521 3309 erit?
1574 3254 1787 3321 Quanto
1831 3257 1975 3309 enim

395 3351 661 3407 difﬁcilius
683 3360 768 3407 est
799 3351 893 3407 Dei
923 3360 1193 3417 naturam,
1226 3363 1385 3418 quam
1415 3348 1670 3410 hominis,
1701 3348 1972 3418 indagare,

398 3454 547 3498 tanto
579 3458 794 3514 quoque
843 3440 1113 3497 difﬁcilius
1141 3441 1345 3510 percipi
1394 3450 1573 3509 potest
1603 3454 1838 3508 superna
1886 3441 1973 3494 illa

2078 3165 2170 3217 καὶ
2209 3163 2306 3227 τὰς
2350 3162 2678 3235 διαιρέσεις,
2716 3164 2939 3227 καὶτὰς
2964 3162 3157 3232 τομὰς,
3195 3162 3290 3215 καὶ
3327 3162 3388 3214 τὸ
3417 3161 3494 3224 ὡς
3537 3161 3667 3231 περ).

2078 3256 2328 3327 σώματος
2383 3256 2712 3309 διανοεῖσθαι
2771 3259 2870 3327 τῆς
2920 3257 3213 3326 ἀσωμάτου
3270 3254 3513 3324 φύσεωςο
3571 3255 3666 3307 καὶ

2076 3348 2217 3417 τάχα
2251 3347 2317 3400 ἂν
2351 3347 2500 3411 ἄξιόν
2533 3365 2587 3401 τι
2634 3348 2975 3419 διανοηθειης
3011 3348 3145 3401 Θεοῦ
3190 3346 3301 3417 (66)
3337 3348 3664 3416 γεννήσεως.

2075 3439 2199 3502 Πῶς
2251 3439 2615 3508 γεγέννηταις
2672 3440 2840 3492 Πάλιν
2889 3440 2998 3511 γάρ
3049 3439 3108 3493 τὸ
3175 3439 3307 3493 αὐτὸ
3362 3437 3667 3507 φθέγξομαι

402 3544 458 3587 et
491 3535 670 3588 divina
699 3533 997 3604 generatio,
1039 3548 1200 3603 quam
1234 3542 1343 3586 tua.
1381 3531 1535 3597 Quod
1568 3532 1651 3597 si,
1694 3533 1817 3600 quia
1850 3548 1970 3586 eam

398 3625 703 3695 cognitione
732 3625 942 3694 assequi
990 3625 1205 3693 nequis,
1240 3624 1442 3680 idcirco
1476 3638 1543 3678 ne
1574 3624 1816 3695 genitum
1848 3626 1971 3693 qui-

396 3716 519 3771 dem
554 3731 675 3771 esse
702 3716 1008 3781 contendis,
1042 3727 1251 3785 tempus
1273 3715 1384 3782 jam
1415 3716 1506 3770 tibi
1546 3716 1729 3783 fuerit,
1762 3716 1928 3769 multa
1954 3756 1969 3781 ,

395 3824 516 3878 qua:
545 3818 599 3860 tu
632 3808 853 3861 minime
877 3806 1185 3876 percepisti,
1225 3814 1388 3873 atque
1426 3814 1553 3858 ante
1578 3805 1763 3858 omnia
1800 3804 1968 3857 Deum

2076 3531 2475 3602 δυσχεραίνων*
2517 3530 2653 3583 Θεοῦ
2694 3532 2947 3602 γέννησις
2993 3533 3172 3602 σιωπῇ
3207 3529 3479 3601 τιμάσθω.
3506 3528 3669 3596 Μέγα

2074 3641 2157 3676 σοι
2183 3624 2244 3676 τὸ
2277 3623 2486 3693 μαθεῖν,
2517 3625 2597 3677 ὅτι
2622 3624 2965 3694 γεγέννηται.
2998 3624 3073 3677 Τὸ
3096 3624 3152 3676 δὲ
3187 3624 3325 3689 πῶς,
3347 3622 3470 3675 οὐδὲ
3499 3620 3668 3690 ἀγγέ-

2075 3715 2211 3777 λοις,
2274 3716 2348 3785 μὴ
2396 3715 2478 3767 ὅτι
2522 3731 2584 3781 γε
2650 3715 2732 3767 σοὶ
2795 3715 2995 3768 ἐννοεῖν
3042 3716 3486 3786 συγχωρήσωμεν
3528 3714 3663 3783 (67).

2073 3805 2263 3858 Βούλει
2323 3807 2659 3877 παραστήσω
2694 3806 2767 3872 τὸ,
2806 3806 2952 3870 πῶς;
3010 3807 3099 3868 Ὠς
3137 3802 3277 3858 οἶδεν
3327 3809 3355 3859 ὁ
3397 3807 3668 3875 γεννήσας

397 3916 614 3970 quoque
645 3902 841 3970 ipsum,
891 3915 923 3953 e
964 3913 1142 3952 rerum
1184 3907 1377 3951 natura
1428 3895 1607 3950 delere
1641 3907 1805 3965 atque
1838 3895 1968 3949 obli-

2078 3895 2293 3967 Πατὴρ,
2348 3898 2443 3950 καὶ
2485 3898 2513 3948 ὁ
2553 3896 2834 3966 γεννηθεὶς
2876 3895 3036 3958 Υἱός·
3083 3896 3141 3948 τὸ
3190 3896 3248 3949 δὲ
3296 3897 3437 3967 ὑπὲρ
3468 3895 3666 3959 ταῦτα,

399 4003 598 4050 terare.
649 3991 834 4061 Neque
870 3990 1055 4054 enim,
1101 3988 1231 4058 quid
1273 3987 1487 4041 tandem
1541 3988 1645 4049 sit,
1695 3984 1968 4055 explicare

2081 3988 2234 4057 νέφει
2269 3989 2593 4058 κρύπτεται,
2622 3988 2720 4058 τὴν
2757 3988 2855 4058 σὴν
2888 3987 3179 4058 διαφεῦγον
3214 3988 3594 4058 ἀμϐλυωπίαν.

400 4098 574 4157 potes,
606 4085 901 4157 quamlibet
932 4084 1108 4139 audax
1143 4084 1240 4148 sis,
1275 4081 1520 4151 atque-in
1557 4080 1975 4148 supervacaneis
2017 4081 2177 4136 rebus
2224 4082 2477 4137 strenuus
2520 4092 2575 4136 et
2640 4081 3057 4149 magnanimus._
3094 4079 3239 4134 Tuas
3285 4079 3407 4135 illas
3472 4078 3668 4133 ﬂuxio-

400 4198 517 4247 nes,
553 4192 607 4234 et
640 4180 963 4241 divisiones,
998 4187 1055 4232 et
1098 4175 1365 4230 sectiones
1398 4175 1545 4244 prius
1580 4171 1773 4240 abjice,
1802 4188 1866 4228 ac
1899 4173 1966 4227 de
2001 4174 2320 4243 incorporea
2352 4174 2441 4228 illa
2468 4183 2687 4239 natura,
2715 4175 2869 4242 quasi
2934 4172 3000 4228 de
3029 4185 3314 4241 corporea,
3378 4170 3671 4241 disputare

400 4276 617 4340 desine;
658 4284 820 4344 atque
854 4274 926 4327 ita
962 4271 1193 4326 fortasse
1225 4272 1444 4340 dignum
1497 4268 1697 4338 aliquid
1732 4270 2078 4338 generatione
2123 4269 2307 4325 divina
2378 4270 2666 4340 concipere
2731 4270 2915 4323 animo
2960 4282 3148 4338 queas.
3219 4266 3502 4333 Quomodo
3569 4282 3666 4337 ge—

402 4372 553 4425 nitus
589 4368 709 4423 est?
755 4368 902 4422 Idem
966 4367 1108 4421 enim
1145 4365 1578 4436 indignabundus
1644 4373 1847 4433 repeto.
1892 4364 2058 4436 529
2096 4366 2189 4420 Dei
2238 4367 2515 4437 generatio
2569 4364 2770 4420 silentii
2818 4365 3026 4419 honore
3078 4363 3382 4418 decoretur.
3440 4361 3672 4417 Abunde

400 4480 655 4535 magnum
700 4464 793 4518 tibi
823 4471 904 4518 est
940 4463 1099 4529 scire,
1132 4478 1254 4516 eum
1288 4462 1525 4533 genitum
1555 4477 1695 4516 esse.
1733 4461 1850 4528 Quo
1885 4472 2064 4516 autem
2097 4463 2256 4518 modo
2285 4464 2501 4534 genitus
2538 4464 2630 4529 sit,
2672 4478 2739 4517 ne
2804 4463 2939 4532 ipsis
2999 4461 3218 4531 quidem
3284 4458 3527 4541 angelis,
3576 4474 3670 4513 ne-

400 4564 527 4615 dum
591 4558 686 4613 tibi
736 4558 1033 4628 intelligere
1102 4559 1484 4614 concesserim.
1554 4559 1647 4613 Vis
1696 4559 1961 4614 declarent
2002 4561 2304 4629 quomodo?
2339 4560 2405 4617 Ut
2437 4560 2541 4616 scit
2586 4559 2766 4626 Pater,
2837 4560 2930 4629 qui
2995 4558 3211 4627 genuit,
3251 4566 3307 4612 et
3366 4556 3536 4612 Filius
3577 4556 3671 4627 qui

401 4652 611 4724 genitus
656 4664 760 4709 est.
807 4653 958 4720 Quod
1002 4669 1164 4722 supra
1201 4655 1315 4707 haec
1347 4662 1460 4718 est,
1503 4656 1645 4709 nube
1675 4656 1972 4725 obtegitur,
2013 4657 2289 4726 animique
2319 4658 2392 4710 tui
2425 4658 2803 4710 bebetudiuem
2838 4656 2990 4726 fugit.

470 4744 562 4798 IX.
605 4745 713 4800 Sed
749 4746 985 4815 argutari
1030 4753 1278 4814 pergunt.
1316 4745 1697 4811 Exsistentem,
1743 4748 1827 4803 vel
1864 4764 1968 4803 non

2148 4749 2223 4803 8'.
2277 4752 2445 4803 Ὄντα
2470 4746 2562 4803 οῦν
2595 4751 2947 4822 γεγέννηκεν,
2977 4750 3009 4821 ἢ
3034 4751 3134 4803 οὐκ
3158 4749 3306 4802 ὅντα.
3349 4748 3469 4802 Τῶν
3498 4749 3670 4821 ληρη-

402 4837 753 4893 exsistentem
798 4836 984 4905 genuit
1033 4837 1209 4891 Pater.
1258 4834 1302 4891 Ο
1352 4835 1536 4893 futiles
1588 4837 1787 4908 nugas!
1848 4839 1968 4894 Hinc

2092 4841 2310 4893 ιιάτωνῑ
2353 4840 2488 4911 Περὶ
2523 4840 2624 4910 ἐμὲ
2661 4841 2752 4892 καὶ
2778 4840 2836 4893 σὲ
2870 4839 3062 4904 ταῦτα,
3097 4839 3145 4892 οἳ
3189 4839 3251 4892 τὸ
3281 4839 3377 4909 μέν
3412 4856 3465 4890 τι
3503 4834 3670 4909 ἦμεν,

401 4930 543 4982 enim
575 4929 707 4983 mihi
751 4944 815 4983 ac
857 4928 953 4982 tibi
986 4928 1336 4995 conveniunt,
1363 4930 1453 4995 qui
1488 4930 1683 4996 partim
1717 4946 1968 4994 eramus,

2087 4930 2275 5004 ὥσπερ
2302 4935 2358 4984 ἐν
2386 4935 2452 5003 τῇ
2485 4931 2648 5000 ὀσφύϊ
2679 4930 2771 4984 τοῦ
2811 4930 3084 5001 Ἀϐραὰμ,
3108 4933 3137 4984 ὁ
3157 4929 3288 4984 Λευῖ
3307 4948 3320 4961 ·
3349 4929 3410 4982 τὸ
3430 4929 3487 4982 δὲ
3512 4929 3674 4997 γεγό-

404 5031 462 5075 ut
487 5020 618 5074 Levi
648 5019 761 5083 ille,
809 5019 863 5072 in
897 5018 1097 5074 lumbis
1127 5020 1358 5074 Abraba:
1383 5021 1446 5086 ¹³,
1479 5019 1674 5089 partim
1708 5023 1968 5091 procreati

2085 5039 2275 5076 νααεν.
2313 5023 2474 5076 Ὥστε
2502 5022 2559 5088 ἐξ
2591 5021 2779 5083 ὄντων,
2806 5021 3003 5073 τρόπον
3030 5019 3153 5073 τινὰ
3177 5021 3237 5073 τὸ
3264 5020 3554 5089 ἡμέτερον,
3580 5019 3673 5072 καὶ

475 5131 518 5161 ι’
558 5130 722 5185 Ilebr.
758 5145 853 5193 vit,
881 5129 950 5184 10
978 5146 1096 5200 sqq.

474 5223 587 5293 (59)
629 5226 771 5279 Ὅτι.
813 5228 971 5280 Deest
1015 5227 1067 5279 in
1098 5226 1191 5281 Or.
1227 5228 1280 5293 I,
1314 5227 1542 5295 aliisque
1578 5227 1839 5296 pluribus.

474 5298 586 5369 (66)
621 5297 774 5369 _"E_tt.
810 5298 902 5350 Sic
936 5310 1055 5369 tres
1089 5298 1280 5369 Hegg.,
1328 5294 1775 5368 quinque'ljolb”
1803 5294 1896 5353 Or.
1929 5300 1979 5364 l,

404 5378 457 5420 et
481 5367 671 5419 Comb.
699 5366 754 5419 In
785 5369 896 5431 ed.,
932 5368 990 5419 ἓν
1022 5385 1096 5421 τι.

477 5436 589 5508 (6i)
647 5437 1098 5508 Φιλοσορήσῃς.
1179 5438 1306 5508 Reg.

403 5503 497 5578 ΟΥ.
530 5503 582 5570 I,
610 5503 1010 5578 φιλοσοφήσας.

477 5576 591 5645 (62)
630 5576 1241 5647 Δυστεχμαρτόῖερος.
1292 5599 1313 5630 ι
1344 5580 1557 5647 Quanto
1605 5584 1746 5636 enim
1794 5579 1982 5638 (1ίῶϋὶ-

408 5647 511 5723 lius
539 5657 624 5701 est
653 5649 820 5701 Deum
856 5665 948 5723 per
984 5652 1245 5723 quasdam
1292 5651 1654 5723 conjecturas,
1681 5669 1839 5723 quam
1885 5653 1985 5709 bo-

410 5719 605 5773 niinem
634 5721 1114 5789 comprehendere.
1145 5740 1168 5773 ι
1207 5730 1313 5776 etc.

2167 5228 2280 5297 (65)
2313 5227 2466 5297 Οὐδὲ
2493 5226 2863 5297 γεγέννηται.
2890 5224 3113 5293 Nempe,
3135 5222 3455 5297 _r_Filins._t

2166 5291 2279 5365 (64)
2318 5291 2584 5351 Πάντων.
2615 5291 2746 5365 Reg.
2776 5313 2828 5361 ι),
2854 5291 3091 5365 quinque
3114 5294 3293 5365 liolb.,
3317 5291 3596 5345 ἁπάντων.

2165 5364 2277 5437 (65)
2312 5370 2394 5419 Οὐ
2430 5367 2562 5435 γάρ.
2595 5364 2784 5420 Plures
2829 5364 3162 5437 (ιοιιιιηλούδὲ
3186 5364 3315 5435 γάρ.

2163 5434 2276 5507 (66)
2317 5434 2484 5492 Θεοῦ.
2514 5437 2727 5509 Comb.,
2770 5434 3081 5509 περὶ-Θεοῦ.

2165 5501 2278 5581 (67)
2321 5501 2871 5581 Συγχωρήσωμεγς
2898 5507 3014 5561 Duo
3064 5504 3243 5581 Begg.
3266 5544 3281 5567 ,
3314 5501 3465 5581 ⁸01⁸.Δ
3494 5505 3517 5560 1
3546 5510 3675 5581 .-__et

2095 5575 2304 5643 Coinb.,
2356 5580 2801 5649 συγχωρήσομεν.
2849 5577 3024 5649 Locus
3062 5576 3164 5649 iste
3192 5578 3263 5649 “in
3305 5575 3398 5631 Οι·.
3444 5577 3495 5635 1.
3523 5575 3674 5649 aliis:

2094 5665 2199 5716 que
2238 5642 2490 5717 pluribus
2517 5642 2861 5717 sic'legitur;
2904 5647 3024 5701 οὐδὲ
3065 5646 3315 5715 ἀγγέλοις
3341 5649 3561 5709 ἐννοεῖν,
3600 5642 3686 5717 μὴ

2094 5721 2172 5773 ὅτι
2214 5720 2274 5789 γέ
2319 5737 2396 5772 30'.
2428 5722 2566 5772 νοεῖν
2608 5720 3053 5790 συγχιιιρήσομεν.

1394 5454 1502 5506 nm,
1580 5442 1979 5512 φιλοσοφήσεις.
