3890 6214
249 308 324 366 85
1282 302 1544 368 ORATIO
1579 309 1767 368 XXIX.
1808 347 1876 357 —-
1916 314 2355 374 THEOLOGICA
2394 316 2485 371 Ill.
3437 312 3506 372 86

248 422 355 475 οὐκ
389 422 592 477 ὄντων·
629 424 886 489 ἐναντίως
919 426 1046 497 περὶ
1082 426 1180 498 τὴν
1207 427 1501 499 ἀρχέγονον
1533 429 1666 502 ὕλην
1704 433 1825 486 ὑπο-

1943 451 2162 503 sumus;
2201 452 2265 492 ac
2310 436 2537 508 proinde
2568 434 2764 505 partim
2807 448 2873 490 ex
2918 433 3154 492 entibus.
3199 430 3393 501 partim
3439 446 3505 485 ex

253 516 461 566 στᾶσαν
493 514 678 583 σαφῶς
719 516 777 582 ἐξ
802 518 901 570 οὐκ
924 518 1113 581 ὄντων,
1143 518 1245 572 κᾶν
1282 538 1425 584 τινες
1463 521 1573 594 (68)
1608 522 1836 594 ἀγέννη-

250 620 344 656 τον
384 603 494 674 (69)
525 605 956 661 ἁναπλάττωσιν.
1025 606 1288 662 Ἐνταῦθα
1330 611 1386 663 δὲ
1428 612 1725 684 σύνδρομον
1758 614 1835 685 τῷ

251 692 394 749 εἶναι
417 696 480 749 τὸ
510 697 868 769 γεγεννῆσθαι
894 699 1028 770 (70),
1059 701 1155 754 καὶ
1183 701 1278 754 ἀπ’
1309 703 1504 774 ἀρχῆς.
1536 706 1697 759 Ὥστε
1731 709 1832 761 ποῦ

252 787 443 859 θήσεις
476 788 588 857 (71)
616 789 677 842 τὸ
706 790 1094 862 ἀμφίκρημνον
1116 792 1275 846 τοῦτο
1301 794 1594 866 ὲρώτημα;
1633 798 1697 849 Τί
1727 799 1834 870 γὰρ

253 879 346 933 τοῦ
372 881 465 932 ἀπ’
498 881 672 951 ἀρχῆς
697 881 1083 953 πρεσϐύτερον,
1133 884 1200 937 ἵν’
1229 886 1347 938 ἐκεῖ
1375 886 1557 956 θῶμεν
1600 888 1659 941 τὸ
1697 885 1835 943 εἷναί

252 988 384 1023 ποτε
414 971 507 1024 τοῦ
534 971 688 1038 Υὲοὖ,
725 972 758 1044 ἢ
786 973 846 1025 τὸ
894 973 969 1045 μὴ
1002 971 1179 1042 εἶναις
1225 978 1570 1052 Ἀμφοτέρως
1614 981 1722 1052 γὰρ
1753 984 1832 1047 τὸ,

249 1060 354 1115 ἀπ’
383 1059 594 1129 ἀρχῆς,
628 1062 953 1132 λυθήσεται·
981 1067 1030 1118 εἰ
1058 1068 1131 1136 μή
1167 1084 1247 1120 σοι
1267 1068 1360 1121 καὶ
1381 1072 1409 1122 ὁ
1440 1072 1649 1143 Πατὴρ,
1674 1074 1834 1127 πάλιν

249 1151 580 1222 ἐρωτώντων
605 1153 782 1225 ἡμῶν,
819 1156 879 1220 ἐξ
913 1155 1101 1221 ὄντων,
1137 1159 1169 1229 ἢ
1199 1157 1259 1223 ἐξ
1287 1162 1387 1213 οὐκ
1418 1160 1607 1227 ὄντων,
1652 1164 1833 1217 κινδυ-

247 1243 545 1316 νεύσειενῆ
575 1246 654 1310 δὶς
688 1244 847 1313 εἶναι,
883 1248 912 1300 ὃ
944 1249 1043 1319 μὲν
1065 1249 1269 1321 προὼν,
1302 1251 1330 1304 ὂ
1362 1253 1418 1305 δὲ
1448 1252 1541 1315 ὢν,
1576 1255 1609 1325 ἢ
1639 1256 1834 1308 ταυτὸν

244 1333 328 1405 τῷ
368 1335 482 1407 Υἱῷ
523 1337 737 1403 παθεῖν,
770 1340 828 1406 ἐξ
864 1344 962 1394 οὐκ
997 1341 1165 1395 ὄντων
1198 1339 1358 1410 εἷναι,
1389 1344 1480 1398 διὰ
1513 1346 1579 1399 τὰ
1616 1347 1683 1401 σὰ
1725 1349 1834 1402 τῶν

246 1426 622 1499 ἐρωτημάτων
652 1431 899 1499 παίγνια,
928 1433 1020 1486 καὶ
1050 1434 1151 1498 τὰς
1177 1436 1514 1508 ἐκοψάμμων
1541 1438 1651 1511 (72)
1676 1442 1834 1494 οἰκο-

246 1517 437 1589 δομὰς,
471 1522 526 1574 αἶ
568 1522 702 1593 μηδὲ
732 1522 930 1596 αὔραις
967 1525 1229 1580 ἵστανται.
1271 1527 1412 1596 Ἐγὼ
1446 1530 1542 1600 μὲν
1587 1527 1679 1586 οὖν
1712 1532 1831 1586 οὐδ-

247 1611 437 1684 έτερον
474 1614 678 1667 τούτων
711 1615 958 1687 δέχομαι,
1002 1619 1094 1671 καὶ
1122 1619 1219 1691 τὴν
1272 1620 1539 1693 ἐρώτησίν
1593 1641 1736 1696 φημι
1772 1625 1832 1679 τὸ

228 1703 447 1757 ’ἄτοπον
479 1704 646 1775 ἔχειν,
690 1709 811 1777 οὐχὶ
851 1709 909 1761 τὸ
938 1710 1140 1782 ἄπορον
1167 1711 1265 1781 τὴν
1294 1713 1620 1784 ἀπάντησιν.
1666 1718 1728 1769 El
1773 1717 1829 1770 δὲ

249 1796 336 1848 σο).
369 1796 479 1862 (75)
511 1800 758 1868 φαίνεται
817 1802 1111 1870 ἀναγκαῖον
1171 1798 1309 1858 εἶναι
1365 1807 1424 1859 τὸ
1461 1782 1646 1880 ἕτερον
1695 1809 1828 1882 ἀλη-
1861 1782 1900 1834 Β

242 1886 425 1943 θεύειν
450 1892 540 1944 ἐπὶ
561 1894 780 1957 παντὸς,
819 1895 958 1948 κατὰ
987 1896 1085 1960 τὰς
1121 1898 1218 1961 σάς
1247 1898 1594 1964 διαλεκτικὰς
1631 1902 1829 1973 ὑπολή-

240 1979 389 2050 ψεις,
431 1982 580 2049 δέξαι
633 1984 732 2056 μού
772 2004 823 2039 τι
870 1988 1064 2061 μικρὸν
1094 1989 1391 2060 ἐρώτημαο
1449 1993 1506 2045 '0
1546 1994 1734 2063 χρόνος
1770 1995 1827 2046 ἐν

239 2073 445 2145 χρόνῳ,
487 2076 519 2147 ἢ
551 2078 649 2130 οὐκ
694 2079 750 2130 ὲν
783 2081 993 2152 χρόνῳ;
1022 2082 1084 2134 El
1134 2083 1231 2152 μὲν
1263 2079 1354 2137 οὖν
1392 2087 1449 2137 ὲν
1497 2086 1691 2157 χρόνῳ,
1721 2086 1827 2140 τίνι

240 2167 447 2238 τούτῳ;
485 2168 577 2221 καὶ
595 2171 648 2223 τί
666 2166 816 2242 παρὰ
838 2171 1025 2226 τοῦτον
1049 2173 1194 2240 δντι;
1227 2175 1321 2228 καὶ
1343 2175 1461 2239 πῶς
1485 2177 1823 2249 περιέχοντι;

238 2256 308 2308 Εἰ
336 2255 393 2309 δὲ
429 2259 529 2310 οὐκ
548 2260 604 2309 ἐν
634 2260 829 2331 χρόνῳ,
851 2263 935 2324 τίς
961 2263 993 2333 ἡ
1021 2265 1244 2333 περιττὴ
1279 2266 1456 2333 σοφία,
1491 2268 1679 2338 χρόνον
1712 2271 1824 2322 εἰσ-

239 2348 399 2417 άγειν
436 2350 689 2420 ἄχρονον;
726 2351 831 2404 Τοῦ
876 2353 954 2416 δὲ,
988 2355 1117 2408 Νῦν
1152 2355 1267 2425 ἐγὼ
1304 2358 1619 2426 ψεύδομαι,
1649 2360 1736 2425 δὸς
1766 2362 1825 2415 τὺ

237 2436 451 2508 ἕτερον,
495 2441 528 2512 ἥ
577 2441 934 2512 ἀληθεύεσθαι
970 2446 1083 2516 (74)
1114 2447 1292 2517 μόνον,
1336 2449 1369 2520 ἢ
1413 2450 1734 2520 ψεύδεσθαιο
1763 2454 1823 2507 ού

237 2528 352 2601 γὰρ
380 2531 663 2604 ἀμφότερα
694 2533 956 2604 δώσομεν.
999 2537 1137 2590 Ἀλλ’
1163 2539 1262 2591 οὐκ
1287 2539 1577 2609 ἐνδέχεται.
1618 2543 1688 2594 Ἦ
1715 2541 1823 2615 γὰρ

236 2616 570 2687 ψευδόμενος
610 2621 919 2692 ἀληθεύσει,
964 2625 995 2694 ἢ
1034 2626 1311 2697 ἀληθεύων
1353 2628 1645 2697 ψεύσεται·
1674 2635 1823 2686 πᾶσα

236 2709 475 2780 ἀνάγκη.
512 2713 576 2765 Τί
622 2709 712 2766 οὖν
742 2713 1073 2785 θαυμαστὸν,
1111 2718 1299 2791 ὥσπερ
1327 2719 1561 2774 ἐνταῦθα
1589 2724 1821 2793 συμϐαί-

235 2818 319 2856 νει
354 2804 422 2855 τὰ
460 2806 696 2869 ἐναντία,
732 2806 903 2871 οὕτως
950 2808 1126 2862 ἐκεῖσε
1179 2810 1465 2883 ἀμφότερα
1509 2811 1819 2881 ψεύδεσθαι,

238 2895 337 2947 καὶ
363 2895 508 2950 οὕτω
541 2915 621 2951 σοι
667 2902 729 2952 τὸ
780 2901 941 2969 σοφὸν
973 2902 1178 2971 ἠλίθιον
1220 2905 1670 2975 ἀναφανήσεται;
1725 2909 1821 2961 Ἓν

238 2985 323 3039 ἔτι
350 3005 440 3057 μοι
461 2989 619 3043 λύσον
647 2991 752 3044 τῶν
774 2994 1141 3072 αἰνιγμάτων
1172 2994 1390 3065 Σεαυτῷ
1416 2996 1472 3049 δὲ
1502 2999 1821 3070 γεννωμένῳ

238 3080 454 3150 παρῆςς
484 3082 649 3151 πάρει
681 3083 738 3135 δὲ
768 3083 896 3148 vim;
934 3086 966 3154 ἢ
997 3085 1304 3156 ούδέτερον;
1345 3088 1405 3140 Εἰ
1450 3088 1549 3157 μὲν
1588 3089 1696 3159 γὰρ
1726 3091 1821 3143 ῑιια)⁵

1937 542 2041 581 non
2075 528 2295 583 entibus
2331 542 2515 583 sumus
2547 543 2560 581 :
2592 537 2783 581 contra
2813 539 2975 596 quam
3003 523 3057 578 in
3089 523 3383 595 prlmigena
3417 521 3507 575 illa

1938 619 2163 673 materia
2197 619 2411 683 accidit,
2437 633 2558 688 quae
2591 616 2738 672 haud
2766 617 2930 673 dubie
2971 632 3039 672 ex
3090 630 3194 670 non
3220 621 3346 670 ente
3379 627 3510 683 pro-

1936 718 2116 765 creata
2170 720 2286 776 est,
2332 720 2606 781 utcunque
2638 724 2757 765 eam
2804 708 3043 763 nonnulli
3086 717 3343 762 aeternam
3387 718 3505 761 esse

1935 802 2258 873 contingant.
2285 807 2353 856 At
2384 804 2469 856 hic
2502 803 2774 873 generatio
2804 816 2926 857 eum
2957 799 3193 856 essentia
3227 799 3341 868 ipsa
3372 812 3507 852 eon-

1936 894 2124 958 currit,
2154 902 2315 964 atque
2346 910 2374 948 a
2411 894 2680 964 principio
2709 893 2938 948 exstitit.
2980 889 3079 945 Ubi
3133 904 3265 959 ergo
3303 902 3505 957 anceps

1938 982 2068 1037 illud
2105 992 2274 1047 tuum,
2329 992 2490 1053 atque
2540 982 2791 1052 utrinque
2841 994 3079 1050 praeceps
3127 986 3506 1047 argumentum

1935 1072 2137 1140 pones?
2171 1071 2310 1138 Quid
2346 1073 2490 1126 enim
2524 1086 2610 1135 eo,
2641 1071 2784 1140 quod
2817 1085 2844 1122 a
2888 1068 3154 1139 principio
3193 1074 3330 1133 erat,
3362 1066 3506 1120 anti-

1936 1164 2093 1230 quius
2136 1176 2257 1218 esse
2296 1171 2493 1232 potest,
2545 1172 2603 1216 ut
2642 1162 2750 1217 illic
2787 1171 3000 1232 tempus
3033 1160 3382 1222 collocemus,
3418 1157 3506 1213 vel

1935 1268 2041 1322 quo
2085 1263 2200 1308 erat
2254 1253 2441 1317 Filius,
2480 1255 2564 1308 vel
2598 1268 2702 1321 quo
2746 1268 2848 1307 non
2880 1251 3031 1307 erat?
3077 1251 3316 1321 Utroque
3357 1248 3503 1304 enim

1933 1345 2095 1398 modo
2132 1345 2291 1410 illud,
2338 1362 2370 1398 a
2422 1346 2700 1414 principio,
2739 1344 3059 1399 dissolvetur
3087 1353 3141 1398 et
3189 1348 3503 1405 evertetur,

1933 1436 2038 1490 nisi
2070 1434 2210 1491 forte
2235 1438 2326 1491 tibi
2352 1451 2562 1506 quoque
2585 1436 2763 1501 Pater,
2792 1435 3273 1506 percunctantibus
3314 1446 3506 1488 rursus

1933 1529 2108 1592 nobis,
2154 1543 2216 1582 ex
2266 1530 2576 1593 entibusne,
2623 1543 2692 1582 an
2730 1544 2794 1584 ex
2849 1542 2956 1583 non
2996 1528 3211 1582 entibus
3263 1526 3368 1592 sit,
3417 1524 3504 1580 bis

1931 1634 2051 1673 esse
2088 1619 2440 1688 periclitetur,
2474 1619 2609 1672 alter
2642 1618 2894 1673 nimirum
2935 1619 3334 1688 praeexsistens,
3367 1615 3505 1671 alter

1931 1712 2237 1780 exsistens;
2273 1719 2366 1766 aut
2395 1722 2543 1766 certe
2586 1720 2805 1781 propter
2842 1710 3078 1765 ludicras
3111 1720 3231 1765 tuas
3274 1709 3508 1763 interro-

1929 1805 2196 1874 gationes,
2230 1814 2391 1874 atque
2421 1819 2485 1857 ex
2537 1819 2699 1859 arena
2737 1810 3080 1859 constructas
3125 1802 3334 1868 domos,
3383 1814 3504 1870 quae

1928 1910 1999 1950 ne
2041 1895 2248 1950 levibus
2289 1896 2502 1964 quidem
2535 1895 2708 1950 ventis
2759 1895 3016 1950 resistere
3065 1902 3313 1963 possunt,
3363 1892 3500 1946 idem

1927 1987 1997 2053 ei,
2037 1987 2179 2056 quod
2226 1987 2380 2052 Filio,
2421 1987 2664 2053 accidat,
2702 1988 2802 2041 hoc
2850 1994 2965 2049 est,
2997 1999 3063 2040 ex
3099 1999 3207 2040 non
3253 1992 3376 2038 ente
3410 1985 3500 2037 sit.

1926 2079 2038 2150 Ego
2081 2079 2299 2148 quidem
2342 2088 2587 2132 neutrum
2621 2079 2811 2132 horum
2841 2077 3089 2140 admitto,
3121 2076 3502 2146 quaestionem-

1927 2185 2030 2241 que
2079 2171 2221 2225 hanc
2273 2181 2419 2224 tuam
2471 2169 2820 2223 absurditatis
2868 2167 3132 2232 multum,
3174 2166 3504 2221 dillicultatis

1927 2264 2063 2318 nihil
2096 2263 2293 2318 habere
2322 2263 2430 2317 aio.
2459 2261 2609 2328 Quod
2641 2263 2686 2315 si
2730 2271 2786 2316 tu
2821 2262 2977 2331 juxta
3022 2270 3144 2317 tuas
3191 2260 3505 2315 dialecticas

1927 2356 2219 2412 sententias
2262 2355 2314 2409 in
2358 2355 2509 2409 omni
2556 2363 2877 2424 argumento
2922 2355 3238 2409 alterutram
3292 2351 3501 2423 disiun-

1926 2447 2164 2502 ctionum
2208 2461 2389 2501 veram
2453 2459 2575 2502 esse
2618 2455 2871 2514 oportere
2914 2446 3227 2509 existimas,
3277 2459 3501 2514 parvam

1925 2540 2210 2607 quamdam
2242 2536 2814 2609 interrogatiunculam
2847 2550 2878 2590 a
2908 2551 2995 2591 me
3027 2537 3233 2605 accipe.
3264 2533 3504 2605 Tempus

1928 2638 2086 2685 estne
2131 2630 2184 2684 in
2221 2637 2481 2698 tempore,
2513 2629 2728 2683 annon?
2774 2627 2829 2683 Si
2867 2627 2919 2681 in
2959 2637 3218 2695 tempore,
3249 2640 3356 2697 quo
3385 2634 3504 2679 tan-

1924 2719 2081 2774 dem?
2113 2719 2359 2789 Quidque
2410 2734 2574 2788 supra
2614 2719 2717 2775 hoc
2750 2716 3082 2774 exsistente?
3117 2717 3195 2771 Ac
3228 2716 3499 2786 quomodo

1925 2812 2030 2865 hoc
2075 2808 2425 2864 continente?
2471 2808 2529 2864 Si
2588 2817 2768 2863 autem
2819 2823 2923 2863 non
2974 2806 3027 2860 in
3070 2814 3328 2874 tempore,
3379 2818 3500 2874 quae

1925 2902 2037 2957 haec
2066 2899 2267 2955 eximia
2299 2900 2587 2969 sapientia,
2622 2909 2833 2968 tempus
2883 2899 3140 2968 temporis
3177 2910 3372 2966 expers
3413 2896 3499 2948 in-

1923 2994 2162 3048 ducere?
2207 2995 2337 3063 'Age,
2373 2993 2532 3063 hujus
2583 2992 2872 3055 sermOnis,
2913 2989 3069 3044 Nunc
3100 3004 3194 3059 ego
3249 2989 3497 3053 mentior,

1923 3086 1987 3140 da
2023 3087 2272 3149 alterum,
2313 3094 2405 3141 aut
2435 3086 2696 3139 duntaxat
2728 3098 2910 3137 verum
2944 3097 3089 3145 esse,
3115 3090 3211 3135 aut
3252 3080 3445 3135 falsum
3474 3097 3489 3135 :

235 3171 445 3241 παρῆς,
491 3174 585 3225 καὶ
615 3176 799 3246 πάρει,
834 3176 910 3239 ὡς
939 3177 1045 3243 τίς,
1082 3178 1176 3230 καὶ
1214 3177 1351 3242 citat;
1380 3180 1473 3231 καὶ
1519 3180 1635 3242 πῶς
1671 3183 1699 3234 ό
1740 3177 1821 3245 εἷς

1930 3194 2027 3233 non
2074 3181 2216 3233 enim
2265 3186 2554 3246 utrumque
2603 3176 2874 3229 dabimus.
2917 3173 3078 3243 Atqui
3130 3172 3280 3227 nullo
3337 3171 3497 3227 modo

236 3264 408 3334 ἄμφω
449 3266 738 3334 γεγόνατες
780 3269 843 3320 El
901 3267 958 3320 δὲ
1013 3268 1305 3340 μηδέτερον
1351 3270 1456 3323 τῶν
1493 3271 1821 3342 εἰρημένων,

1922 3271 2025 3326 hoc
2071 3269 2187 3324 ﬁeri
2219 3276 2413 3338 potest.
2456 3265 2552 3320 Vel
2591 3266 2730 3320 enim
2766 3264 3036 3319 mentiens
3085 3277 3270 3318 verum
3317 3260 3490 3327 dicet,

235 3354 356 3418 πῶς
395 3357 618 3409 σεαυτοῦ
658 3358 773 3426 (³75)
812 3358 1045 3431 χωρίζῃς
1077 3360 1171 3411 καὶ
1202 3360 1287 3423 τίς
1326 3363 1358 3430 ή
1393 3361 1540 3415 αἰτία
1588 3362 1689 3431 τῆς
1711 3362 1825 3415 δια-

1930 3363 2006 3416 vel
2052 3360 2340 3415 mentietur
2385 3371 2572 3412 verum
2634 3357 2840 3411 dicens.
2892 3356 2965 3409 lta
3011 3367 3231 3423 prorsus
3276 3366 3498 3408 necesse

234 3447 471 3516 ζεύξεως
500 3449 644 3522 (76);
685 3449 824 3503 Ἀλλ’
850 3451 1171 3505 ἀπαίδευτον
1194 3452 1255 3505 τὸ
1280 3451 1390 3524 (77)
1418 3454 1545 3524 περὶ
1571 3452 1665 3507 τοῦ
1686 3453 1822 3521 ἑνὸς,

1930 3463 2026 3509 εει.
2051 3451 2188 3518 Quid
2220 3451 2384 3519 igitur
2409 3449 2630 3511 mirum,
2666 3447 2711 3500 si
2746 3443 3194 3514 quemadmodum
3237 3444 3328 3499 hic
3365 3456 3500 3497 con-

231 3541 283 3591 εἰ
326 3537 506 3609 ἑαυτῷ
548 3540 831 3610 πάρεστιν,
865 3541 898 3593 ἢ
951 3542 1045 3613 μὴ,
1089 3543 1586 3615 πολυπραγμονεῖν.
1636 3542 1823 3598 Ταῦτα

1930 3545 2094 3598 traria
2130 3548 2487 3604 concurrunt,
2539 3539 2611 3592 ita
2656 3539 2820 3593 etiam
2872 3537 2983 3591 illic
3035 3545 3262 3604 utraque
3302 3549 3429 3604 pars
3464 3550 3497 3588 a

231 3630 344 3700 γὰρ
373 3630 459 3682 ἐπ’
485 3629 679 3696 ἄλλων,
702 3634 799 3702 οὐχ
822 3632 1016 3685 ἑαυτοῦ
1046 3634 1282 3702 λέγεται.
1321 3635 1815 3707 Ἀπαιδευτότερον,

1930 3651 2053 3690 vero
2095 3635 2329 3697 aberret,
2361 3642 2521 3702 atque
2568 3631 2643 3685 ita
2693 3630 2888 3683 scitum
2941 3626 3069 3681 illud
3118 3635 3173 3680 et
3220 3627 3494 3680 eruditum

232 3716 293 3773 εὖ
322 3721 451 3784 ἴσθι,
481 3721 544 3774 τὸ
579 3723 673 3774 ἀπ’
712 3723 888 3793 ἀρχῆς
919 3725 1314 3794 γεγεννημένον
1344 3724 1478 3795 (78),
1521 3726 1569 3778 εἰ
1607 3721 1675 3795 ἦν
1712 3725 1818 3796 πρὸ

1930 3734 2075 3778 tuum
2135 3730 2509 3791 argumentum
2556 3718 2782 3774 stultum
2834 3727 2996 3787 atque
3047 3717 3494 3787 ineptumxappa-

231 3812 333 3881 τῆς
367 3814 695 3883 γεννήσεως,
738 3814 771 3883 ἢ
817 3815 915 3867 οὐκ
942 3810 1030 3884 ἦν,
1072 3815 1462 3871 διευθύνεσθαι.
1500 3811 1667 3881 Οὗτος
1708 3817 1816 3890 γὰρ

1930 3811 2077 3868 reat?
2106 3810 2184 3864 Ac
2226 3809 2382 3863 velim
2451 3807 2583 3862 mibi
2638 3808 2741 3862 hoc
2788 3808 2951 3862 etiam
3001 3806 3229 3875 aenigma
3276 3805 3491 3860 solvas:

232 3904 366 3973 περὶ
391 3903 501 3957 τῶν
531 3904 707 3975 χρόνῳ
734 3903 1019 3976 διαιρετῶν
1050 3908 1078 3958 ὁ
1105 3906 1280 3975 λόγος.

1930 3902 2201 3957 Aderasne
2242 3899 2338 3953 tibi
2382 3914 2502 3953 cum
2538 3897 2874 3968 gignereris?
2914 3895 3126 3951 Adesne
3153 3896 3318 3951 etiam
3350 3907 3495 3950 nunc

237 3995 371 4051 tibi?
400 4000 480 4051 An
527 4008 777 4053 neutrum
822 3999 984 4071 53o
1025 4002 1258 4056 horum?
1301 4001 1356 4055 Si
1408 4002 1551 4056 enim
1598 4003 1813 4068 aderas,
1852 4009 1905 4058 et
1936 4002 2085 4066 ades,
2116 3995 2363 4067 quisnam
2398 3995 2634 4059 tandem,
2661 4002 2717 4049 et
2763 3992 2886 4048 cui?
2942 3992 3010 4047 Et
3048 3991 3317 4062 quomodo
3353 4005 3496 4044 unus

233 4091 345 4147 duo
387 4091 613 4149 elfectus
653 4096 754 4150 es?
794 4096 851 4150 Si
901 4106 1078 4151 autem
1138 4107 1390 4152 neutrum
1449 4098 1642 4153 borum
1691 4112 1811 4166 quae
1873 4096 2128 4158 diximus,
2204 4089 2483 4162 quomodo
2538 4103 2568 4143 a
2616 4090 2787 4159 teipso
2854 4086 3227 4158 disjungeris?
3260 4087 3327 4142 Et
3374 4100 3496 4157 quae

238 4182 621 4251 disjunctionis
688 4184 915 4254 hujusce
953 4187 1155 4242 causa?
1229 4186 1334 4242 Sed
1405 4187 1647 4257 ineptum
1718 4197 1831 4253 est,
1895 4185 2141 4255 inquies,
2221 4194 2344 4236 cum
2408 4178 2474 4233 de
2534 4191 2659 4232 uno-
2706 4177 3027 4246 disputatur,
3091 4175 3300 4230 adsitne
3354 4176 3491 4230 sibi:

238 4292 433 4343 necne,
470 4281 736 4335 curiosius
778 4281 1074 4349 inquirere.
1106 4282 1229 4338 Haec
1289 4286 1432 4337 enim
1462 4289 1529 4338 de
1559 4283 1701 4348 aliis,
1749 4299 1857 4339 non
1894 4283 1963 4338 de
2024 4283 2204 4351 seipso
2249 4277 2520 4331 dicuntur.
2565 4274 2822 4344 Ineptias,
2867 4272 3003 4326 mihi
3028 4271 3211 4336 crede,
3256 4280 3365 4337 est,
3413 4272 3490 4335 id,

237 4373 380 4437 quod
422 4386 452 4421 a
529 4371 792 4440 principio
844 4383 995 4439 erat,
1048 4384 1229 4428 utrum
1277 4385 1402 4429 ante
1450 4376 1862 4446 generationem
1934 4382 2079 4438 erat,
2134 4384 2335 4437 necne,
2389 4368 2443 4423 in
2505 4366 2859 4436 quaestionem
2908 4378 3122 4421 vocare.
3167 4362 3294 4420 Haec
3347 4363 3494 4419 enim

235 4461 531 4528 disputatio
566 4460 634 4515 iis
664 4463 879 4516 demum
918 4464 1191 4529 convenit,
1222 4481 1341 4535 qua:
1371 4475 1611 4536 tempore
1644 4466 1809 4521 dividi
1850 4473 2093 4536 possunt.

308 4574 364 4628 l'.
420 4571 559 4624 Ἀλλ’
589 4573 650 4625 οὐ
671 4573 887 4634 ταυτὸν,
919 4576 1073 4646 φησὶ,
1096 4575 1156 4628 τὸ
1183 4576 1475 4648 ἀγέννητον
1499 4576 1594 4631 καὶ
1618 4577 1678 4630 τὸ
1700 4593 1818 4645 γεν-

1994 4572 2061 4627 Χ.
2096 4574 2167 4626 At
2204 4573 2345 4626 enim
2373 4611 2388 4637 ,
2441 4572 2720 4642 inquiunt.
2760 4585 2866 4625 non
2915 4570 3054 4626 idem
3094 4583 3217 4628 sunt
3254 4578 3492 4644 genitum

232 4666 416 4736 νητόν.
450 4665 512 4717 Εἰ
544 4664 602 4717 δὲ
639 4666 795 4718 τοῦτο
822 4664 959 4738 (79),
994 4667 1114 4719 οὐδὲ
1154 4669 1182 4719 ό
1213 4668 1341 4731 Υἱὸς
1374 4668 1452 4738 τῷ
1485 4669 1659 4741 Πατρὶ
1685 4685 1815 4723 ταυ-

234 4759 346 4809 τόν.
384 4756 503 4808 Ὅτι
552 4756 648 4825 μὲν
682 4758 930 4825 φανερῶς
975 4760 1002 4811 ό
1044 4758 1200 4827 λόγος
1239 4754 1393 4824 οὗτος
1435 4758 1684 4813 ἐκϐάλλει
1724 4760 1815 4814 τὸν

234 4849 364 4901 Υἰὺν
392 4846 494 4916 τῆς
528 4846 797 4918 θεότητος,
830 4851 862 4921 ἢ
900 4851 990 4903 τὸν
1029 4852 1268 4922 Πατέρα,
1300 4853 1350 4904 τί
1375 4852 1480 4923 χρὴ
1508 4851 1713 4920 λέγειν;
1751 4853 1819 4906 Εἰ

232 4936 343 5007 γὰρ
370 4936 432 4988 τὸ
456 4936 746 5009 ἀγέννητον
774 4941 929 4993 ούσία
953 4940 1111 5007 Θεοῦ,
1135 4941 1197 4994 τὸ
1217 4942 1472 5011 γεννητὸν
1496 4944 1595 4995 οὐκ
1627 4943 1782 4995 οὐσία
1799 4960 1811 4972 ·

231 5028 361 5081 εἰδὲ
390 5026 569 5091 τοῦτο,
601 5031 699 5083 οὑκ
729 5032 923 5085 ἐκεῖνο.
952 5030 1047 5094 Τίς
1076 5033 1291 5103 ἀντερεῖ
1316 5031 1501 5100 λόγος;
1540 5031 1690 5085 Ἑλοῦ
1710 5032 1816 5085 τοι·

224 5252 262 5325 '_
304 5252 420 5325 (68)
465 5260 646 5321 Τινες.
703 5253 855 5309 Plato
903 5254 956 5307 in
996 5252 1221 5319 Timavo,
1270 5263 1325 5308 et
1360 5253 1675 5308 Aristoteles
1724 5254 1811 5309 hic

229 5323 612 5392 deSigitantttr.

305 5394 420 5463 (69)
475 5394 841 5464 Ἀγὲιςνητον.
870 5392 966 5450 Or.
994 5394 1046 5457 1,
1077 5395 1353 5464 ἀγένητον.

306 5458 421 5535 (70)
467 5458 551 5530 Τῷ
591 5458 743 5518 εἶναι
778 5463 845 5517 τὸ
882 5458 1301 5535 γεγεννῆσθαι.
1336 5463 1466 5535 Reg.
1498 5478 1552 5533 τι,
1579 5464 1642 5517 τὸ
1677 5458 1816 5517 εἶναι

227 5531 313 5603 τῷ
342 5531 723 5605 γεγεννῆσθαι.
892 5531 900 5534 ⁷
1122 5531 1133 5535 ’
1254 5576 1257 5577 ν

308 5604 425 5669 (71)
468 5603 705 5670 Θήὰεις.
744 5605 835 5659 Or.
865 5606 915 5667 l,
951 5603 1149 5668 θέσεις.

474 5674 755 5746 Ψάμμων.
784 5674 997 5741 Comb.,
1022 5675 1271 5746 ψάμμου.

309 5744 426 5814 (73)
463 5747 532 5799 El
566 5744 634 5800 δὲ
684 5746 805 5811 σοί,
850 5755 955 5803 etc.
996 5765 1013 5799 ι
1038 5744 1115 5801 Si
1153 5744 1246 5801 tibi
1284 5744 1649 5801 necessarium
1700 5758 1819 5801 esse

1922 4678 1976 4723 et
2016 4665 2349 4738 ingenitum;
2406 4679 2471 4720 ac
2501 4664 2749 4734 proinde,
2798 4679 2898 4720 nec
2942 4663 3112 4720 Filius
3154 4681 3274 4720 cum
3330 4665 3492 4720 Patre

1923 4759 2063 4814 idem
2115 4766 2217 4813 est.
2265 4757 2404 4825 Quid
2455 4771 2592 4827 opus
2640 4766 2725 4812 est
2771 4757 2980 4821 dicere,
3022 4757 3122 4811 hoc
3173 4763 3490 4825 argumento

1922 4848 2005 4904 vel
2036 4847 2272 4914 Patrem,
2306 4847 2389 4903 vel
2431 4846 2626 4902 Filium
2669 4862 2698 4900 a
2736 4847 3016 4903 divinitate
3057 4845 3338 4901 manifeste
3370 4847 3491 4901 sub-

1923 4940 2168 4995 moveri?
2199 4940 2256 4995 Si
2291 4940 2435 4995 enim
2480 4940 2776 5008 ingenitum
2806 4938 3043 4995 essentia
3088 4937 3180 4991 Dei
3218 4947 3320 5001 est,
3365 4952 3490 5008 pro»

1922 5032 2064 5088 lecto
2100 5033 2336 5104 genitum
2375 5032 2608 5087 essentia
2652 5045 2755 5086 non
2790 5032 2894 5085 erit
2931 5050 2944 5085 :
2991 5039 3082 5085 aut
3126 5029 3169 5083 si
3214 5032 3333 5094 hoc,
3365 5044 3492 5097 ιιι-οη

1918 5255 2129 5310 videtur
2161 5254 2387 5309 alterum
2419 5252 2613 5321 ubique
2637 5266 2844 5314 verum,
2864 5270 2883 5304 ι
2919 5260 3024 5306 etc.

1990 5325 2104 5395 (74)
2145 5325 2221 5377 Ἢ
2260 5319 2674 5395 ἀληρεύεὰθαι.
2714 5321 2879 5395 Deest
2911 5322 2944 5392 ἤ
2977 5319 3273 5395 in_duobus
3316 5320 3484 5393 Regg.

1987 5389 2098 5462 (75)
2136 5391 2427 5462 Scaevam).
2453 5390 2510 5462 lu
2543 5389 3072 5462 nonnullis,réaturo§.

1987 5458 2099 5537 (76)
2145 5462 2260 5531 Τῆς
2292 5460 2656 5527 διαζεύξεως.
2686 5461 2776 5516 Sic
2806 5461 2988 5530 plures
3016 5460 3186 5532 Regg.
3211 5469 3266 5517 et
3302 5460 3395 5518 Or.
3429 5458 3482 5514 1.

1916 5534 2076 5589 Deest
2104 5533 2204 5589 τῆς
2234 5535 2284 5585 in
2323 5533 2411 5587 ed.

1963 5544 2076 5588 eest
2104 5549 2204 5595 της
2234 5544 2284 5585 in
2323 5544 2411 5587 ea.

1990 5603 2102 5674 (77)
2143 5598 2238 5656 Τό.
2278 5600 2439 5657 Deest
2465 5602 2519 5674 in
2550 5598 2791 5674 pluribus
2819 5601 2977 5674 codd.

2013 5670 2099 5737 78)
2138 5675 2189 5725 Γ
2190 5671 2687 5742 εγεννημένωνκι
2711 5670 2861 5742 Quod
2892 5671 3130 5741 genitum
3156 5677 3292 5725 erat.
3311 5687 3347 5724 ι

2014 5743 2102 5807 79)
2140 5746 2211 5799 Εἰ
2231 5738 2310 5796 ’δὲ
2343 5738 2537 5797 τοῦτο.
2578 5759 2596 5794 ι
2622 5738 2777 5805 Quod
2804 5740 2849 5795 si
2884 5738 2956 5795 ita
2983 5751 3129 5798 est.)
