3890 6214
429 287 499 340 87

1144 323 1178 401 \
1646 297 1704 353 5.
1747 297 1999 353 GREGOI

2119 298 2462 354 THEOLOGI
3602 298 3669 352 88

428 405 513 459 cul
560 407 721 462 dubio
757 425 865 464 non
899 411 1050 466 illud.
1078 412 1212 479 Quis
1236 415 1381 468 enim
1410 425 1495 470 est
1537 417 1624 484 qui
1657 417 1986 470 contrarium

2111 435 2190 490 Ipv
2210 417 2316 470 τῶν
2347 416 2612 470 ἀσεϐειῶν
2632 417 2900 488 ὁποτέραν
2936 416 3136 488 βούλει,
3169 407 3214 468 ὦ
3237 410 3526 492 χαψε-,(80)
3558 411 3671 464 θεο-

427 496 748 566 disputando
805 503 946 557 tueri
1001 504 1207 573 queat?
1261 505 1660 571 Quamobrem,
1711 517 1888 561 utram
1959 520 1990 559 e

427 587 636 645 duabus
669 591 1030 662 impietatibus
1067 597 1242 661 malis,
1271 597 1428 666 elige,
1457 613 1490 651 ο
1534 613 1671 653 nove
1719 598 1988 668 theologe,

424 680 688 748 siquidem
731 682 949 751 impiam
991 687 1290 740 doctrinam
1340 689 1559 742 omnino
1613 688 1859 756 amplecti
1898 689 1990 742 tibi

427 771 758 836 propositum
783 782 882 826 cst.
919 773 1140 839 Deinde,
1171 775 1440 842 quomodo
1476 776 1770 844 ingenitum
1805 786 1858 830 et
1901 791 1993 847 ge-

427 861 594 914 nitum
631 879 735 917 nou
772 863 908 918 idem
939 880 1058 921 esse
1091 866 1263 921 dicis?
1298 866 1352 921 Si
1397 882 1492 936 per
1521 869 1635 922 haec
1662 869 1824 922 verba
1855 869 1988 931 nihil

425 955 570 1007 aliud
616 955 892 1026 intelligis,
922 973 1080 1026 quam
1127 960 1178 1014 id
1206 962 1348 1029 quod
1399 962 1696 1017 increatum
1740 970 1798 1015 et
1843 962 1988 1031 quod

426 1055 708 1114 creatum,
757 1047 809 1101 iu
860 1050 1045 1104 eadem
1094 1051 1206 1118 ipse
1262 1067 1477 1121 quoque
1529 1068 1648 1106 sum
1702 1053 1988 1106 sententia.

425 1133 609 1205 Neque
643 1141 784 1194 enim
817 1152 1002 1196 natura
1039 1143 1178 1198 idem
1219 1153 1305 1198 est
1349 1144 1492 1214 quod
1523 1144 1790 1214 principio
1823 1153 1990 1209 caret,

426 1239 479 1281 et
510 1230 655 1299 quod
687 1243 1024 1299 procreatum
1048 1245 1151 1290 est.
1185 1236 1280 1289 Sin
1313 1244 1490 1288 autem
1524 1236 1610 1289 his
1637 1236 1814 1290 verbis
1842 1249 1988 1298 eum,

425 1321 515 1388 qui
552 1324 755 1393 genuit,
794 1334 848 1379 et
877 1341 1021 1389 eum,
1055 1327 1146 1395 qui
1177 1328 1390 1394 genitus
1417 1337 1520 1391 est,
1557 1327 1778 1394 accipis,
1811 1327 1978 1380 haud-

424 1426 693 1482 quaquam
765 1427 909 1470 rccte
981 1418 1036 1472 id
1085 1421 1184 1473 abs
1247 1427 1298 1473 te
1372 1419 1588 1473 dicitur.
1658 1419 1798 1474 Idem
1848 1420 1990 1472 enim

425 1502 645 1557 omnino
671 1518 791 1559 esse
833 1521 1056 1562 necesse
1097 1517 1198 1564 est.
1232 1509 1354 1564 Haec
1382 1510 1576 1580 quippe
1605 1511 1767 1580 geniti
1802 1522 1990 1564 natura

424 1604 528 1661 est,
562 1607 618 1648 ut
661 1597 825 1663 idem,
868 1601 912 1654 si
946 1609 1193 1656 naturam
1235 1613 1466 1671 spectes,
1507 1604 1578 1657 sit
1627 1618 1749 1658 cum
1784 1617 1850 1658 eo
1897 1605 1986 1672 qui

425 1687 627 1755 genuit.
654 1687 748 1742 Vel
787 1690 854 1744 ad
891 1693 1033 1748 hunc
1075 1709 1266 1749 rursus
1301 1696 1515 1749 modum
1559 1709 1825 1763 agamus:
1855 1695 1992 1763 Quid

2097 506 2244 574 λόγε,
2298 506 2458 578 εἴπερ
2508 508 2725 562 ἀσεϐεῖν
2767 509 2982 571 πάντως
3021 499 3380 566 ὲσπούδακεῖς.
3415 505 3665 564 Ἔπειτα,

2097 597 2214 661 πῶς
2244 598 2305 651 οὐ
2335 597 2529 652 ταυτὸν
2560 599 2739 668 λέγεις
2766 598 2876 670 (81)
2912 599 2976 651 τὸ
3000 598 3293 668 ἀγέννητον
3332 593 3427 646 καὶ
3455 592 3516 644 τὸ
3547 607 3670 658 γεν-

2096 689 2290 759 νητόν;
2317 690 2379 742 Εἰ
2405 690 2504 760 μὲν
2533 689 2595 743 τὸ
2625 690 2700 761 μὴ
2731 691 2980 760 ὲκτισμετ
2997 707 3065 753 δν,
3098 687 3192 741 καὶ
3218 683 3556 754 ὲκτισμένον,
3582 681 3676 733 κά-

2098 779 2180 848 γὼ
2207 781 2466 850 δέχομαι·
2498 783 2560 834 οὐ
2589 782 2698 852 γὰρ
2727 783 2924 836 ταυτὸν
2951 783 3017 853 τῇ
3052 780 3210 849 φύσει
3237 778 3298 830 τὸ
3319 777 3552 847 ἄναρχον
3581 772 3674 825 καὶ

2097 872 2156 924 τὸ
2186 872 2520 942 κτιζόμενον.
2545 875 2607 926 Εἰ
2640 874 2696 927 δὲ
2735 874 2796 928 τὸ
2822 872 3168 944 γεγεννηκὺς,
3198 870 3292 924 καὶ
3316 869 3378 921 τὸ
3413 882 3673 936 γεγεννη⁹

2102 962 2282 1032 μένον,
2319 963 2379 1015 οὐ
2405 963 2600 1016 ταυτὸν
2639 963 2841 1032 λέγεις,
2869 965 2970 1016 οὐκ
2994 960 3170 1032 ὀρθῶς
3197 959 3437 1027 λέγεται.
3466 952 3672 1007 Ταυτὸν

2099 1051 2206 1124 γὰρ
2230 1047 2369 1106 εἶναι
2395 1055 2544 1107 πᾶσα
2576 1055 2790 1126 ἀνάγκη
2809 1072 2822 1084 ·
2858 1053 2999 1125 αῦτη
3023 1053 3132 1122 γὰρ
3164 1051 3326 1122 φύσις
3352 1047 3673 1118 γεννήτορος

2099 1143 2193 1195 καὶ
2224 1144 2560 1214 γεννήματος
2593 1144 2727 1214 (8‘2),
2774 1143 2969 1198 ταυτὸν
3005 1139 3144 1196 εῖναι
3205 1139 3284 1210 τῷ
3323 1134 3672 1206 γεγεννηκότι

2099 1233 2240 1287 κατὰ
2281 1232 2378 1304 τὴν
2423 1234 2588 1302 φύσιν
2630 1234 2691 1288 τὸ
2736 1235 2981 1306 γέννημα
3021 1233 3156 1305 (85).
3198 1233 3270 1284 Ἢ
3300 1227 3444 1282 οὕτω
3476 1225 3672 1280 πάλιν·

2098 1323 2223 1388 Πῶς
2269 1325 2449 1394 λέγεις
2497 1327 2558 1379 τὸ
2605 1327 2900 1397 ἀγέννητον
2941 1325 3128 1379 καὶτὸ
3158 1321 3446 1393 γεννητόν;
3476 1320 3539 1371 Εἰ
3578 1316 3675 1387 μὲν

2101 1416 2208 1486 γὰρ
2244 1415 2361 1486 (84)
2389 1417 2488 1490 τὴν
2511 1418 2835 1490 ἀγεννησίαν
2867 1416 3034 1489 αὐτὴν
3065 1418 3160 1470 καὶ
3186 1415 3284 1486 τὴν
3311 1413 3584 1482 γέννησιν,
3611 1407 3675 1461 οὐ

2097 1511 2293 1562 ταυτόν
2324 1510 2435 1581 (85)
2461 1528 2476 1543 ·
2515 1512 2564 1564 εἰ
2601 1511 2658 1564 δὲ
2695 1507 2778 1574 οἷς
2805 1511 3042 1581 ὑπάρχει
3083 1507 3277 1573 ταῦτα,
3307 1505 3422 1567 πῶς
3457 1504 3516 1555 οὐ
3545 1517 3679 1553 ταυ-

2100 1602 2220 1659 τόν;
2264 1602 2413 1655 Ἐπεὶ
2438 1605 2533 1657 καὶ
2563 1604 2623 1658 τὸ
2648 1605 2868 1674 ἄσοφον,
2893 1604 2986 1656 καὶ
3008 1602 3067 1654 τὸ
3096 1599 3281 1668 σοφὸν,
3303 1594 3552 1665 ἀλλήλοις
3578 1592 3678 1663 μὲν

2099 1691 2160 1744 οὐ
2189 1693 2386 1758 ταυτά,
2416 1695 2544 1764 περὶ
2571 1695 2764 1749 ταυτὸν
2797 1695 2854 1747 δὲ
2885 1695 2975 1747 τὸν
2995 1691 3312 1762 ἄνθρωπονο
3345 1687 3438 1740 καὶ
3466 1685 3566 1738 οὐκ
3587 1682 3680 1736 οὐ·

427 1789 522 1843 per
560 1777 854 1847 ingenitum
903 1795 967 1835 ac
997 1782 1236 1850 genitum
1268 1781 1559 1850 intelligis?
1605 1781 1661 1836 Si
1711 1783 1880 1851 ipsam
1910 1783 1993 1836 in~

2111 1780 2217 1844 ria;
2241 1781 2454 1852 τέμνει,
2484 1784 2612 1853 περὶ
2655 1783 2712 1835 δὲ
2739 1783 2838 1852 τὴν
2871 1781 3039 1853 αὐτὴν
3067 1780 3253 1834 οὐσίαν
3283 1777 3562 1846 τέμνεται.
3605 1772 3678 1824 ’Ἡ

424 1868 590 1932 geniti
624 1877 678 1922 et
706 1872 870 1938 geniti
903 1875 1317 1941 proprietatem,
1363 1889 1468 1926 non
1512 1873 1654 1927 idem
1688 1882 1842 1927 sunt.
1890 1871 1986 1927 Sin

2103 1872 2194 1923 καὶ
2227 1872 2288 1923 τὸ
2319 1872 2604 1937 ἀθάνατον,
2630 1872 2726 1926 κα)¹
2758 1873 2819 1924 τὸ
2847 1872 3074 1936 ἄκακον,
3107 1871 3201 1924 καὶ
3232 1868 3292 1921 τὸ
3322 1864 3680 1921 ἀναλλοίωτον

427 1969 604 2016 autem
639 1976 720 2029 ea,
752 1963 948 2032 quibus
992 1966 1104 2019 haec
1136 1965 1337 2029 insunt,
1367 1965 1494 2034 quid
1529 1972 1676 2018 vetat
1703 1963 1992 2037 quominus

2111 1961 2257 2015 λύσία
2290 1962 2427 2017 Θεοῦ
2453 1980 2468 2029 ;
2517 1964 2657 2017 Ἀλλ’
2685 1965 2734 2016 εἰ
2755 1962 2934 2026 τοῦτο,
2966 1962 3159 2014 ’πολλαὶ⁴
3183 1960 3364 2014 οὐσίαι
3385 1956 3546 2020 Θεοῦ,
3582 1952 3682 2008 καὶ

427 2052 566 2105 idem
610 2053 752 2107 sint?
797 2054 1243 2126 Quandoquidem
1295 2056 1438 2124 quod
1480 2055 1741 2124 insipiens
1775 2064 1888 2120 est,
1938 2064 1995 2110 et

2111 2055 2158 2107 >ὑ
2185 2055 2312 2125 μία·
2341 2055 2374 2126 ἦ
2407 2055 2660 2110 σύνθετον
2685 2057 2752 2110 ἐκ
2782 2056 2988 2110 τούτων
3011 2056 3073 2108 τὸ
3093 2042 3265 2108 Θεῖον·
3298 2053 3359 2106 οὐ
3385 2050 3493 2120 γάρ
3515 2051 3684 2104 ἀσυν-

425 2144 664 2213 sapiens,
712 2147 852 2201 inter
895 2163 954 2203 se
993 2148 1211 2218 quidem
1259 2163 1364 2202 non
1414 2147 1552 2202 idem
1599 2155 1760 2211 sunt;
1807 2161 1992 2200 verum

2111 2144 2270 2210 Βέτως
2297 2145 2491 2212 ταῦτα,
2518 2147 2678 2220 εἴπερ
2709 2148 2910 2203 οὐσίαι.

431 2237 578 2290 circa
653 2241 900 2292 eumdem
946 2239 1217 2292 hominem
1282 2238 1745 2292 considerantur:
1819 2249 1919 2290 nec
1971 2235 2304 2292 subetantias
2351 2238 2625 2302 scindunt,
2697 2239 2794 2293 sed
2839 2238 2980 2293 circa
3031 2235 3275 2290 eamdem
3319 2227 3683 2288 substantiam

425 2327 765 2384 scinduntur.
796 2329 973 2396 Quid?
1002 2332 1084 2385 An
1147 2330 1310 2386 etiam
1348 2333 1748 2398 immortalitas,
1813 2340 1868 2386 et
1909 2330 2244 2395 innocentia,
2281 2338 2337 2384 et
2387 2329 2820 2396 immutabilitas,
2891 2330 3126 2385 essentia
3195 2327 3290 2382 Dei
3331 2323 3496 2379 sunt?
3531 2321 3604 2376 At
3631 2320 3686 2375 si

426 2421 500 2477 ita
541 2428 656 2486 est,
697 2421 874 2476 multa:
924 2420 1015 2475 Dei
1062 2422 1313 2477 essentia:
1349 2429 1528 2484 erunt,
1598 2437 1704 2476 non
1757 2436 1862 2476 una
1893 2437 1912 2476 :
1975 2428 2065 2474 aut
2105 2426 2254 2474 certe
2295 2419 2625 2488 compositus
2683 2434 2750 2473 ex
2802 2417 2888 2474 his
2930 2416 3069 2471 Deus
3113 2423 3238 2471 erit.
3297 2412 3481 2482 Neque
3531 2409 3682 2465 enim

425 2516 541 2570 hac
583 2515 718 2570 citra
773 2514 1219 2583 compositionem
1268 2529 1389 2570 esse
1447 2525 1685 2584 queunt,
1733 2515 1780 2570 si
1830 2514 1988 2570 modo
2026 2514 2272 2568 essentia:
2301 2523 2442 2568 sunt.

496 2611 587 2666 XI.
622 2609 746 2665 Hice
779 2611 994 2680 quidem
1030 2612 1171 2665 haud
1193 2610 1400 2666 dicunt.
1433 2611 1751 2668 Communia
1797 2612 1995 2682 quippe

2170 2609 2273 2662 IA’.
2313 2609 2499 2662 Ταῦτα
2559 2610 2658 2680 μὲν
2715 2607 2778 2662 οὔ
2838 2623 3001 2677 φασι·
3058 2605 3214 2661 κοινά
3279 2606 3388 2676 γὰρ
3438 2605 3533 2658 καὶ
3586 2603 3689 2658 ἄλ-

425 2705 654 2759 aliorum
694 2717 908 2772 quoque
927 2713 1073 2757 sunt.
1117 2702 1268 2770 Quod
1319 2712 1497 2757 autem
1541 2704 1706 2759 solius
1737 2704 1833 2758 Dei
1886 2715 1990 2773 est,

2111 2708 2203 2755 ιων
2239 2700 2369 2775 (86).
2407 2703 2471 2756 Ὃ
2511 2701 2567 2755 δὲ
2614 2701 2779 2772 μόνου
2815 2700 2950 2755 Θεοῦ
2983 2701 3078 2753 κα)⁵
3121 2700 3271 2765 ῐδιον,
3304 2697 3460 2751 τοῦτο
3498 2695 3680 2750 οὐσία.

428 2796 640 2867 ipsique
677 2795 892 2863 proprie
925 2794 1084 2865 531
1128 2795 1398 2862 convenit,
1462 2795 1567 2851 hoc
1609 2796 1708 2866 ipsi
1755 2798 1989 2853 essentia

2111 2800 2210 2854 )th
2227 2797 2292 2852 ἂν
2319 2798 2414 2868 μὲν
2438 2795 2850 2865 συγχωρήσαιεν
2868 2789 3002 2847 εἶναι
3027 2792 3187 2863 μόνου
3213 2790 3346 2845 Θεοῦ
3371 2790 3431 2842 τὸ
3446 2790 3683 2860 ἀγέννη-

424 2895 530 2943 εει.
565 2886 730 2954 Atqui
783 2886 949 2940 solius
999 2885 1092 2940 Dei
1137 2886 1432 2954 ingenitum
1485 2901 1626 2953 esse,
1659 2887 1881 2944 minime
1916 2887 1990 2942 illi

2111 2909 2206 2958 τον,
2235 2893 2284 2944 οἱ
2314 2905 2406 2943 και
2427 2901 2524 2959 την
2553 2885 2681 2957 ὕλην
2705 2884 2817 2957 (87)
2843 2886 2938 2938 καὶ
2960 2884 3057 2954 τὴν
3083 2883 3220 2937 ἰδέαν
3244 2881 3684 2948 συνεισάγοντες,

426 2979 817 3043 concesserint,
871 2978 963 3047 qui
995 2977 1275 3032 materiam
1305 2993 1518 3047 quoque
1572 2986 1626 3033 et
1653 2977 1904 3044 formam,
1935 2986 1993 3034 ut

2111 2983 2173 3046 bc;
2195 2983 2486 3052 ἀγέννητα.
2508 2980 2581 3034 Τὸ
2599 2979 2705 3050 γὰρ
2742 2979 3058 3048 Μανιχαιων
3079 2984 3408 3050 πορρωτέρω
3434 2971 3573 3045 ῥίψω
3581 2987 3685 3043 μεν

427 3067 718 3138 ingenitas,
745 3046 1094 3120 induserunt.
1123 3046 1540 3122 Manichaeorum
1569 3067 1711 3122 enim
1751 3071 1997 3124 tenebras

2111 3046 2298 3137 σκότος
2324 3046 2457 3145 (88).
2490 3046 2635 3142 Πλὴν
2665 3046 2804 3124 έστω
2841 3046 3004 3141 μόνου
3038 3046 3198 3123 Θεοῦ.
3229 3069 3292 3120 Τί
3320 3067 3376 3120 δὲ
3406 3068 3435 3119 ὀ
3470 3065 3684 3134 Ἀδάμς

429 3161 638 3230 longius
663 3159 840 3212 adhuc
893 3157 1264 3228 projiciamus.
1291 3157 1398 3213 Sed
1431 3158 1502 3213 sit
1546 3173 1678 3214 sane
1711 3159 1878 3214 solius
1907 3161 1998 3215 Dei

2111 3165 2163 3218 at)
2195 3165 2354 3235 μόνος
2386 3163 2615 3234 πλάσμα
2642 3162 2810 3228 Θεοῦ;
2838 3162 2950 3214 Καὶ
2975 3162 3135 3225 πάνυ,
3171 3161 3383 3231 φήσεις.
3429 3153 3554 3228 'Ap’
3587 3151 3686 3210 οὖν

430 3254 747 3322 ingenitum.
797 3251 936 3317 Quid
963 3251 1176 3306 Adam?
1206 3249 1401 3306 Nonne
1429 3251 1577 3307 solus
1603 3266 1634 3306 a
1664 3251 1774 3307 Deo
1795 3251 1999 3307 eﬂictus

2111 3257 2194 3310 καὶ
2242 3257 2402 3326 μόνος
2461 3255 2778 3326 ἄνθρωποςς
2826 3252 3110 3323 Οὐδαμῶς.
3160 3251 3225 3304 Τί
3269 3251 3333 3320 δή
3364 3249 3688 3314 ποτε;”οτι

429 3344 553 3400 cst?
599 3343 852 3409 Maxime,
917 3342 1148 3410 inquies.
1186 3341 1377 3397 Utrum
1423 3358 1552 3412 ergo
1600 3343 1748 3398 solus
1790 3359 2004 3412 quoque

431 3437 635 3494 homo?
681 3435 920 3490 Minime.
972 3433 1200 3500 Quare?
1257 3433 1392 3499 Quia
1442 3434 1641 3490 eﬂictio
1695 3437 2005 3492 humanitas

431 3545 536 3582 non
567 3537 670 3581 est.
700 3527 834 3580 Nam
865 3527 910 3579 is
936 3539 1172 3594 quoque,
1220 3526 1312 3595 qui
1353 3527 1668 3597 progenitus
1699 3534 1804 3591 est,
1845 3528 2005 3583 homo

432 3630 537 3675 est.
590 3619 791 3674 Eodem
825 3619 983 3672 modo
1029 3632 1129 3672 nec
1162 3618 1456 3688 ingenitum
1501 3619 1674 3674 solum
1705 3622 1846 3676 Deus
1901 3631 2004 3686 est,

432 3713 533 3768 etsi
586 3708 751 3765 solius
789 3708 984 3765 Patris.
1027 3709 1218 3764 Verum
1265 3708 1489 3764 admitte
1547 3712 1706 3764 etiam
1761 3726 1885 3766 eum
1915 3714 2005 3781 qui

434 3804 645 3872 genitus
673 3810 777 3869 est,
810 3801 975 3857 Deum
1009 3813 1147 3856 esse.
1206 3800 1281 3854 Ex
1314 3801 1422 3856 Deo
1449 3802 1645 3872 quippe
1673 3811 1776 3870 est,
1819 3819 2008 3870 quam—

433 3897 567 3953 libet
595 3905 648 3950 tu
671 3894 908 3966 ingenito
930 3893 1128 3948 l‘aveas.
1160 3894 1241 3949 Ad
1261 3893 1375 3949 hare
1402 3895 1670 3964 quomodo
1701 3897 1795 3951 Dei
1823 3910 2005 3952 essen-

435 3989 564 4042 tiam
621 3986 778 4048 dicis,
821 3999 925 4039 non
961 3981 1099 4053 ejus,
1155 3983 1296 4052 quod
1357 3992 1459 4050 est,
1507 3985 1852 4052 positionem,
1910 3990 2004 4044 sed

433 4080 572 4147 ejus,
604 4078 743 4147 quod
770 4092 876 4130 non
908 4085 991 4130 est
1013 4074 1444 4130 detractionem?
1477 4074 1589 4130 Vox
1605 4076 1748 4132 euim
1776 4079 2004 4148 i-ngeniti

436 4171 724 4241 signiﬁcat,
748 4184 870 4224 eum
900 4169 1115 4239 quidem
1141 4169 1509 4238 generationis
1557 4181 1834 4240 expertem
1862 4188 2009 4240 esse,

436 4278 542 4318 non
579 4272 762 4316 autem
799 4258 1039 4314 declarat
1059 4259 1312 4328 quidnam
1338 4269 1533 4315 natura
1557 4275 1656 4315 sua
1687 4261 1757 4315 sit
1785 4261 1844 4317 id.
1863 4266 2008 4332 quod

437 4361 784 4426 generatione
817 4365 991 4412 caret.
1025 4356 1278 4423 Quaznam
1329 4371 1458 4426 ergo
1488 4365 1569 4410 est
1601 4356 1694 4412 Dei
1735 4356 2006 4412 essentia?

2105 3349 2182 3420 μὴ
2203 3348 2557 3420 ἀνθρωπότης
2587 3346 2700 3418 (89)
2730 3347 2764 3416 ἡ
2793 3345 2991 3407 πλάσις
3015 3358 3028 3371 ⁸
3064 3343 3156 3396 καὶ
3175 3342 3283 3410 γὰρ
3313 3341 3374 3393 τὸ
3401 3339 3686 3410 γεννηθὲν,

2101 3441 2405 3512 ἄνθρωπος.
2438 3438 2625 3502 Οὕτως
2656 3437 2776 3492 οὐδὲ
2814 3437 2876 3489 τὸ
2911 3435 3200 3504 ἀγέννητον
3243 3433 3400 3503 μόνον
3431 3432 3584 3494 Θεὸς,
3636 3433 3689 3484 ει

2105 3532 2198 3585 καὶ
2227 3531 2390 3601 μόνου
2414 3529 2650 3601 Πατρός.
2699 3527 2860 3580 Ἀλλά
2880 3526 3027 3593 δέξαι
3057 3525 3148 3577 καὶ
3175 3524 3235 3576 τὸ
3262 3522 3518 3592 γεννητὸν
3544 3517 3690 3574 εἶναι

2103 3625 2269 3678 Θεόνο
2305 3626 2370 3677 ἐκ
2418 3621 2556 3675 Θεοῦ
2601 3621 2731 3691 γὰρ,
2782 3620 2830 3671 εἰ
2869 3617 2966 3671 καὶ
3006 3615 3126 3669 λίαν
3175 3610 3227 3667 εἴ
3272 3611 3687 3681 φιλαγέννητος.

2109 3718 2361 3780 Ἔπειτα,
2400 3714 2518 3778 πῶς
2551 3713 2739 3767 οὐσίαν
2772 3709 2908 3764 Θεοῦ
2945 3709 3146 3778 λέγεις,
3181 3709 3242 3760 οὐ
3289 3705 3386 3776 τὴν
3411 3702 3506 3757 τοῦ
3531 3703 3692 3768 ὄντος

2106 3809 2273 3872 θέσιν,
2311 3807 2449 3862 ἀλλά
2469 3807 2569 3877 τὴν
2597 3804 2693 3859 τοῦ
2732 3804 2806 3876 μὴ
2826 3803 2976 3866 ὄντος
3005 3801 3323 3870 ἀναίρεσιν;
3361 3797 3435 3849 Τὸ
3469 3795 3578 3865 γάρ
3610 3794 3692 3866 μὴ

2109 3897 2372 3970 ὑπάρχειν
2403 3895 2554 3966 αὐτῷ
2579 3895 2855 3964 γέννησιν,
2906 3894 2936 3946 ὁ
2977 3890 3134 3959 λόγος
3169 3888 3337 3960 δηλοῖ,
3367 3887 3463 3956 οὐχ
3502 3885 3530 3938 ὃ
3585 3885 3692 3956 τὴν

2108 3990 2268 4059 φύσιν
2323 3989 2440 4042 ἐστὶ
2479 3987 2829 4058 παρίστησιν,
2875 3984 2991 4038 οὐδ’
3038 3983 3066 4036 ὃ
3105 3981 3336 4052 ὑπάρχει
3365 3977 3475 4047 (90)
3517 3975 3577 4028 τὸ
3611 3976 3692 4047 μὴ

2107 4082 2229 4152 ἕχον
2257 4081 2530 4150 γέννησιν.
2563 4080 2659 4142 Τίς
2679 4075 2771 4132 οὖν
2802 4077 2956 4131 οὐσία
2981 4074 3146 4139 Θεοῦ;
3176 4073 3286 4143 Τῆς
3314 4071 3410 4140 σῆς
3430 4067 3694 4133 ἀπονοίας

2107 4173 2266 4227 τοῦτο
2303 4173 2508 4242 λέγειν,
2543 4172 2600 4237 ὃς
2636 4171 3112 4242 πολυπραγμονεῖς
3142 4166 3236 4220 καὶ
3270 4164 3367 4231 τὴν
3402 4161 3689 4232 γέννησιν·

2109 4268 2240 4338 ἡμῖν
2281 4266 2336 4320 δὲ
2369 4263 2528 4337 μέγα,
2575 4264 2677 4319 κᾶν
2702 4264 2813 4336 (91)
2839 4263 3022 4317 εἴποτε
3056 4260 3150 4316 καὶ
3193 4260 3274 4321 εἰς
3315 4256 3428 4327 (72)
3459 4254 3690 4324 ὕστερον

2108 4358 2268 4412 τοῦτο
2290 4359 2574 4430 μάθοιμεν,
2601 4357 2849 4420 λυθέντος
2876 4357 3007 4426 ἡμῖν
3029 4351 3119 4406 τοῦ
3155 4351 3318 4419 ζόφου
3342 4348 3435 4402 καὶ
3458 4347 3555 4418 τῆς
3589 4363 3692 4400 πα-

437 4449 566 4505 Τιιίε
611 4459 694 4505 est
741 4449 1024 4505 dementia
1058 4450 1162 4503 hoc
1205 4449 1409 4515 dicere,
1456 4449 1544 4517 qui
1605 4449 1999 4516 generationem

2111 4449 2359 4520 χύτητος,
2409 4451 2484 4514 ὡς
2520 4454 2553 4522 ή
2593 4449 2686 4503 τοῦ
2721 4447 2831 4520 (95)
2862 4442 3125 4515 ἀψευδοῦς
3157 4442 3464 4510 ὑπόσχεσις.
3514 4436 3693 4490 Τοῦτο

437 4557 651 4611 quoque
698 4542 866 4612 ipsam
917 4542 1074 4596 anxie
1133 4541 1486 4609 perscrutari-5
1550 4558 1564 4592 :
1618 4540 1771 4594 nobis
1823 4550 2002 4595 autem

487 4745 623 4817 ,(80)
661 4742 864 4799 Καινέ.
907 4741 1044 4796 Tres
1076 4740 1250 4805 (1011).,
1299 4739 1464 4794 Coisl.
1496 4739 1520 4792 1
1559 4749 1613 4793 et
1653 4738 1753 4793 Or.
1778 4739 1827 4804 1,
1859 4738 2003 4801 κενέ,

446 4838 466 4870 1
493 4831 650 4870 vane.
673 4833 692 4865 ι

510 4886 622 4957 (81)
666 4887 760 4957 Οῠ-
787 4879 1265 4957 (ambularem.
1302 4877 1427 4933 Haec
1456 4879 1649 4933 desunt
1682 4878 1732 4931 in
1767 4877 2012 4947 pluribus

443 4950 613 5027 Begu.
637 4964 692 5009 et
724 4952 898 5027 Qolbu
919 4965 989 5027 ac
1017 4950 1068 5004 in
1090 4950 1190 5027 _0r.
1219 4951 1271 5002 1.

517 5017 626 5097 (82)
664 5024 825 5100 Αῷτη
869 5021 980 5100 γὰρ
1025 5020 1211 5100 φύσις
1256 5017 1616 5100 γεγνήτορος
1801 5019 2012 5088 rem-

440 5088 644 5166 μαεοέι.
677 5114 697 5146 ‹
727 5088 849 5146 llaec
873 5088 1071 5160 quippe
1097 5088 1366 5166 gignentis
1397 5101 1451 5142 et
1479 5088 1641 5166 prolis
1677 5097 1874 5166 natura
1899 5101 2002 5154 est,

441 5159 502 5222 Ξνι
534 5159 673 5222 idem
706 5177 802 5234 per
831 5159 1076 5234 naturam
1121 5175 1240 5212 eum
1284 5160 1532 5234 gignente
1557 5159 1624 5212 sit
1650 5176 1664 5212 :
1683 5176 1704 5234 ρ
1735 5159 1875 5225 quod
1917 5176 2009 5211 na-

443 5249 564 5288 tura
603 5228 844 5293 scilicet,
897 5231 1104 5284 ratione
1155 5228 1541 5298 generationis.
1592 5229 1804 5294 utrique
1856 5244 2005 5282 com-

444 5306 623 5359 munis
653 5305 742 5358 sit.
783 5301 942 5371 Deest
979 5299 1302 5371 γεννήτορος
1334 5299 1386 5351 in
1427 5299 1598 5371 tribus
1632 5298 1822 5368 [ὶεεεη
1850 5299 2009 5369 quin-

443 5374 806 5446 quefolium
836 5370 932 5446 ΘΓ.
961 5367 1012 5433 1,
1044 5367 1142 5424 nec
1160 5367 1642 5446 p‘illiusaguoscit.

520 5444 631 5526 (83)
673 5441 751 5526 T2
791 5441 1099 5526 ¹ςγοέιντκοημα.
1160 5439 1321 5494 Deest
1372 5437 1434 5492 in
1481 5440 1689 5493 duobus
1746 5438 1915 5510 Regg.
1959 5447 2012 5492 et

445 5511 682 5588 quinque
711 5511 863 5567 Coll).

470 5607 474 5610 ·
519 5585 631 5649 (84)
671 5582 815 5650 Γάρ.
852 5583 1007 5637 Deest
1035 5582 1086 5634 iu
1117 5579 1320 5650 duobus
1347 5577 1516 5650 Regg.
1546 5588 1600 5632 et
1625 5576 1718 5632 0r.
1749 5579 1798 5632 1.

517 5647 628 5724 (85')
673 5647 915 5707 Ταὺτόν.
942 5652 1158 5724 Comhp
1273 5647 1453 5724 αὐτόν.

518 5716 631 5790 (86)
670 5724 852 5780 Κοινὰ
889 5723 998 5790 γὰρ
1039 5720 1134 5775 καὶ
1181 5719 1401 5776 ἄλλων.
1440 5739 1457 5772 ι
1488 5716 1608 5775 lianc
1657 5718 1848 5786 quippe
1897 5718 2016 5809 aliis

2116 4543 2213 4612 μὲν
2241 4541 2333 4598 οὖν
2375 4544 2468 4596 καὶ
2495 4541 2738 4606 νοείσθω,
2775 4542 2872 4594 καὶ
2902 4534 3202 4601 ὲλπιζέσθω
3242 4537 3354 4597 τοῖς
3385 4531 3478 4584 ἐπὶ
3510 4529 3690 4600 τούτῳ

2113 4743 2275 4796 etiam
2315 4741 2620 4796 communia
2669 4750 2820 4804 sunt,
2845 4760 2864 4793 ›
2907 4742 3182 4805 nimirum,
3221 4737 3446 4808 angelis,
3487 4736 3690 4808 quibus

2117 4814 2445 4866 conveniunt
2476 4825 2688 4881 quoque
2723 4811 3118 4878 immortalitas,
3151 4807 3454 4864 innocentia
3489 4817 3542 4860 et
3585 4807 3690 4860 im-

2112 4882 2464 4936 mulahilitas.

2201 4951 2290 5018 87)
2317 4954 2383 5004 Οἱ
2408 4951 2508 5004 καὶ
2536 4949 2652 5018 τὴν
2675 4949 2852 5017 ὕλην.
2884 4951 3156 5005 Platonem
3183 4948 3374 5016 carpit.

2200 5018 2293 5090 88)
2337 5021 2631 5090 Ῥίψωμεν·
2690 5023 2936 5090 σκότος.
2983 5020 3076 5074 0r.
3114 5022 3165 5084 1,
3220 5018 3448 5076 secunda
3479 5031 3684 5090 manu,

2107 5087 2355 5163 ῥίψομεν.
2389 5087 2691 5163 Μιιηίριιωῑ,
2715 5089 3094 5160 ,Ῑυδιε-Ειὶειιι,
3151 5110 3169 5141 ι
3201 5093 3447 5144 tenebras
3478 5087 3686 5157 ingeni-

2109 5173 2187 5215 tas
2207 5180 2224 5212 ι
2242 5162 2246 5163 ν
2261 5162 2644 5229 agnoscebant.

2183 5226 2414 5303 (89)"Mh
2446 5231 2851 5298 ἁνθρωπότης,
2909 5241 3013 5284 etc.
3081 5249 3098 5281 ι
3129 5228 3440 5284 llumauitas
3494 5227 3548 5280 iu
3581 5226 3688 5280 hoc

2110 5306 2212 5360 sita
2242 5310 2472 5362 nonest,
2509 5312 2566 5352 ut
2601 5304 2720 5366 quis
2745 5303 2953 5355 eﬂictus
2980 5304 3067 5355 sit.
3098 5321 3116 5351 ι

2180 5371 2292 5440 (90)
2320 5370 2455 5424 Οὐδ’
2477 5370 2800 5441 ὃύπάρχει.
2825 5371 2916 5427 Sic
2947 5371 3052 5426 duo
3085 5371 3276 5442 Regg.,
3307 5367 3468 5423 Coisl.
3503 5366 3555 5434 1,
3584 5366 3683 5423 0r.

2113 5443 2164 5504 1,
2195 5452 2301 5496 etc.
2338 5442 2494 5496 Deest
2513 5442 2542 5494 ὃ
2566 5443 2616 5494 in
2641 5446 2726 5495 ed.

2182 5511 2294 5647 (9|)
2317 5509 2462 5564 Κάν.
2495 5512 2540 5565 Α
2560 5511 2882 5566 Combeltsio
2909 5510 3170 5578 rejicitur.

2183 5583 2273 5647 (92
2320 5580 2430 5634 Καὶ
2457 5584 2562 5647 εἰς.
2595 5582 2752 5636 Deest
2774 5584 2856 5646 εἰς
2886 5583 2936 5636 in
2973 5583 3100 5647 Reg.
3129 5595 3170 5633 a.

2183 5580 2293 5652 ('92)
2320 5580 2430 5634 Καὶ
2457 5584 2562 5648 εἰς.
2595 5582 2752 5636 Deest
2774 5584 2856 5646 εἰς
2886 5583 2936 5636 in
2973 5583 3100 5651 Reg.
3129 5595 3181 5635 a.

2185 5645 2294 5724 (95)
2346 5652 2438 5717 Ὡς
2466 5645 2657 5720 ἡεοῦ.
2682 5645 2846 5710 Coisl.
2879 5653 2930 5720 1,
2957 5645 3262 5719 ὼςξφησὶν,
3291 5651 3324 5720 ἡ
3351 5645 3465 5701 τοῦ.
