3890 6214
202 264 276 322 89
430 264 437 269 ’
1239 267 1503 325 ORATIO
1539 269 1737 327 XXIX.
1773 301 1845 314 -—-—
1882 270 2328 329 THEOLOGICA
2364 271 2448 326 III.
2743 325 2768 366 ρ
3413 273 3486 334 9»)

205 380 654 452 καθαιρομένοις.
692 381 884 454 Ἡμεῖς
920 381 980 436 δὲ
1013 383 1270 439 τοσοῦτον
1307 369 1805 459 εἰπεῖν’θαρῤήσω-

1932 389 2120 446 .hunde
2143 404 2396 461 magnum
2419 396 2584 459 atque
2610 387 2845 459 amplum
2868 388 3049 457 fuerit,
3070 389 3116 446 si
3135 390 3187 444 in
3213 396 3485 461 posteram

209 492 311 546 μεν
348 473 486 546 (94),
536 474 619 528 ὅτι
653 474 703 528 εἰ
744 475 840 529 καὶ
878 474 1020 546 μέγα
1045 475 1124 547 τῷ
1157 477 1354 550 Πατρὶ,
1387 477 1451 532 τὸ
1490 478 1803 551 μηδαμόθεν

1932 495 2117 552 [neque
2149 482 2442 546 discamus,
2500 481 2674 536 soluta
2722 481 2976 537 videlicet
3021 481 3125 537 hac
3176 481 3404 551 caligine
3433 488 3490 537 et

203 566 521 640 ὡρμῆσθαι,
557 567 659 620 οὐκ
695 565 914 622 ἔλαττον
942 568 1019 639 τῷ
1045 569 1180 641 Υἱῷ,
1206 570 1268 624 τὸ
1299 571 1366 625 ὲκ
1402 570 1648 625 τοιούτου
1689 573 1805 625 Πα-

1932 575 2153 631 :rassitie
2184 575 2251 640 ¹³,
2285 583 2346 630 ιιι
2379 574 2649 645 pollicitus
2681 581 2765 628 est
2794 574 2861 643 is,
2889 573 2980 643 qui
3007 588 3112 628 non
3142 571 3484 628 mentitur".

205 658 358 730 τρός.
389 658 505 728 Τῆς
533 675 595 711 τε
628 656 738 730 γὰρ
765 656 858 711 τοῦ
887 659 1129 713 ἀναιτίου
1159 660 1320 733 δόξης
1355 660 1572 732 μετέχοι
1608 661 1696 727 ἂν,
1723 663 1806 717 ὅτι

1932 664 2046 737 Ergo
2075 666 2179 721 ltoc
2216 667 2286 720 ab
2321 666 2427 730 ltis,
2464 664 2557 735 qui
2585 664 2653 720 ad
2676 679 2795 721 eam
2834 678 2949 721 rem
2981 677 3103 720 sese
3137 672 3488 735 perpurgant,

207 752 274 803 ὲκ
320 748 413 803 τοῦ
468 749 738 815 ἀναιτίου,
798 750 897 804 κα)⁴
943 751 1206 823 πρόσεστι
1258 752 1320 805 τὸ
1363 752 1467 825 τῆς
1495 755 1808 826 γεννήσεως

1932 759 2198 829 :ogitetur,
2244 771 2311 813 ac
2337 766 2614 827 speretur.
2646 756 2756 812 Nos
2785 766 2965 812 autem
2994 756 3097 812 ltoc
3126 756 3391 811 duntaxat
3409 754 3494 808 di-

208 843 447 912 πρᾶγμα
485 840 761 908 τοσοῦτον,
816 843 912 897 καὶ
964 843 1109 898 οὕτω
1174 845 1471 917 σεϐάσμιον
1525 845 1639 919 (95)
1689 849 1804 912 τοῖς

1932 862 2034 904 :ere
2068 863 2175 903 non
2205 848 2594 917 dubitabimus,
2622 847 2668 904 si
2699 862 2954 918 magnum
2995 846 3144 901 Patri
3177 853 3260 901 est
3283 860 3312 900 a
3345 844 3493 901 nullo

212 932 291 1004 μὴ
350 932 526 1004 πάντη
586 933 957 1005 χαμαιπετέσι
1011 936 1123 1007 (96)
1167 938 1263 992 καὶ
1298 932 1504 1002 ὑλικοῖς
1539 937 1640 1011 τὴν
1689 938 1806 993 διά-

1932 939 2212 995 iroiectum
2268 954 2410 1006 esse,
2473 955 2580 995 non
2632 940 2812 994 minus
2848 938 3054 993 illustre
3086 937 3224 992 Filio
3253 950 3393 1000 esse,
3426 950 3493 991 ex

210 1041 384 1078 νοιαν.
1908 1031 2001 1086 tali
2029 1031 2189 1088 Patre
2215 1033 2501 1103 prodiisse.
2554 1030 2687 1087 Nam
2720 1043 3079 1101 praeterquam
3121 1028 3264 1101 quod
3307 1027 3494 1098 gloriae

211 1116 378 1180 illius,
411 1117 502 1187 qni
536 1133 756 1175 causam
787 1134 819 1175 ι
863 1120 1009 1175 nullo
1032 1122 1214 1187 habet,
1245 1122 1517 1193 particeps
1537 1131 1642 1189 est,
1672 1122 1798 1194 quia
1822 1137 1889 1177 ex
1928 1137 1997 1178 eo
2028 1131 2133 1189 εει,
2168 1123 2377 1178 accedit
2404 1122 2567 1178 etiam
2597 1122 2963 1192 generationis
2983 1121 3172 1186 decus,
3200 1134 3286 1175 res
3317 1128 3490 1186 tanta,

215 1219 436 1277 tamque
486 1212 817 1276 veneranda,
863 1212 931 1267 iis
973 1213 1184 1284 utique,
1230 1213 1322 1284 qui
1354 1229 1459 1270 non
1483 1215 1708 1271 omnino
1749 1215 1897 1270 humi
1967 1215 2237 1286 provoluti
2287 1222 2435 1282 sunt,
2495 1229 2789 1284 crassoque
2835 1215 3014 1269 animo
3069 1212 3300 1283 pratditi.

282 1387 389 1444 IB’.
435 1389 575 1444 Ἀλλ’
618 1391 669 1445 εἰ
706 1391 925 1458 ταυτὸν,
964 1393 1123 1462 φασὶ,
1164 1394 1193 1445 ὁ
1219 1393 1350 1459 Υἱὸς
1383 1394 1464 1467 τῷ
1493 1395 1668 1467 Πατρὶ
1693 1397 1804 1467 (97)

1987 1394 2101 1450 xu.
2126 1393 2232 1450 Sed
2262 1394 2306 1449 si
2336 1393 2523 1459 Filius,
2554 1393 2824 1463 inquiunt,
2854 1400 3097 1448 essentia:
3118 1392 3324 1448 ratione
3351 1366 3523 1448 idctn‘

207 1482 338 1536 κατ’
365 1483 576 1547 οὐσίαν,
615 1483 910 1555 ἀγέννητος
933 1484 990 1538 δὲ
1026 1485 1054 1538 ὁ
1090 1485 1303 1560 Πατὴρ,
1342 1485 1495 1540 ἔσται
1526 1485 1686 1540 τοῦτο
1714 1485 1810 1540 κα)⁸

1932 1503 2043 1546 rum
2093 1486 2257 1541 Patre
2308 1495 2416 1550 est,
2448 1485 2712 1555 profecto,
2748 1499 2873 1539 cum
2910 1484 3182 1555 ingenitus
3216 1484 3288 1538 sit
3311 1483 3493 1553 Pater,

208 1576 239 1627 ὁ
259 1573 414 1637 Υἱός.
441 1574 660 1639 Καλῶς,
696 1574 854 1647 εἴπερ
881 1575 1040 1630 οὐσία
1071 1576 1209 1631 Θεοῦ
1233 1577 1294 1631 τὸ
1321 1578 1640 1647 ἀγέννητον,
1679 1578 1745 1630 ἵν’

1938 1581 2189 1652 ngenitus
2244 1593 2460 1649 quoque
2517 1577 2688 1634 Filius
2722 1578 2849 1633 erit.
2907 1577 3095 1643 Recte,
3125 1577 3170 1633 si
3195 1577 3495 1650 ingenitum

206 1684 297 1731 τις
333 1665 493 1738 καινή
529 1666 701 1738 μίξις,
726 1668 1253 1741 γεννητοαγέννητον
1283 1669 1421 1741 (98).
1474 1672 1543 1724 Ei
1583 1670 1642 1723 δὲ
1674 1670 1807 1741 περὶ

1932 1672 2150 1727 essentia
2186 1671 2279 1726 Dei
2314 1678 2483 1739 esset,
2519 1679 2579 1725 ut
2610 1670 2691 1724 sic
2708 1684 2846 1725 nova
2878 1668 3123 1739 quaedam
3153 1669 3332 1725 mistio
3350 1678 3496 1725 esset

208 1759 403 1813 οὐσίαν
454 1761 487 1831 ή
532 1758 786 1830 διαφορὰ,
830 1760 883 1813 τί
911 1759 1093 1826 τοῦτο,
1130 1760 1206 1825 ὡς
1253 1761 1491 1833 ἰσχυρὸν,
1520 1761 1732 1831 λέγεις;
1766 1762 1800 1834 ἢ

1932 1763 2448 1833 genito-ingenitum.
2494 1761 2629 1816 Cum
2674 1768 2852 1815 autem
2901 1759 3006 1814 hoc
3033 1758 3320 1817 discrimen
3349 1760 3496 1815 circa

210 1852 310 1905 καὶ
342 1852 407 1905 σὺ
438 1851 621 1923 πατὴρ
650 1850 745 1905 τοῦ
775 1851 1002 1924 πατρὸς,
1035 1852 1124 1906 ἴνα
1162 1853 1353 1925 μηδενὶ
1382 1853 1545 1927 λείπῃ
1587 1851 1683 1907 τοῦ
1707 1852 1802 1907 σοῦ

1932 1857 2202 1912 :ssentiam
2248 1855 2648 1919 consideretur,
2683 1855 2811 1925 quid
2851 1862 2904 1908 tu
2938 1855 3042 1907 hoc
3081 1852 3236 1922 quasi
3280 1851 3497 1906 lirmutn

212 1943 443 2015 πατρὸς,
477 1943 670 2015 ἐπειδὴ
698 1943 894 1998 ταυτὸν
918 1941 971 1998 εἴ
991 1944 1112 1998 κατ’
1139 1944 1361 2011 οὐσίαν;
1388 1945 1462 1998 Ἦ
1496 1944 1672 2016 δῆλον,
1698 1945 1800 2011 ὅτι,

1932 1947 2167 2019 Iuiddam
2201 1946 2461 2017 profers?
2510 1947 2594 2001 An
2626 1957 2680 2002 tu
2732 1960 2946 2016 quoque
2993 1945 3164 2016 patris
3213 1951 3367 2015 pater
3412 1958 3496 2013 es,

208 2033 317 2104 τῆς
348 2033 609 2106 ἰδιότητος
635 2035 746 2105 (99)
782 2035 1041 2107 ἀκινήτου
1069 2035 1356 2108 μενούσης,
1386 2035 1691 2109 ζητήσομεν
1714 2037 1806 2091 οὐ-

1932 2047 1973 2093 ιι
2032 2040 2177 2094 nulla
2231 2054 2292 2097 re
2343 2054 2373 2094 a
2404 2046 2558 2109 patre
2598 2047 2690 2093 tuo
2717 2038 3013 2106 supereris,
3062 2034 3495 2106 quandoquidem

212 2125 340 2179 σίαν
364 2126 522 2189 Θεοῦ,
548 2127 669 2198 ἥτις
696 2127 829 2181 ποτέ
864 2128 1029 2194 ἐστιν,
1062 2127 1219 2199 εἴπερ
1236 2129 1545 2203 ζητήσομεν
1563 2148 1578 2196 ;
1596 2130 1722 2184 Ὀτι
1746 2129 1805 2183 δὲ

1932 2132 2148 2186 :ssentia
2180 2114 2320 2185 idem
2365 2146 2487 2187 cum
2522 2144 2587 2185 eo
2621 2128 2723 2184 es?
2766 2127 2955 2184 Nonne
3004 2127 3346 2199 perspicuum
3389 2135 3495 2194 est,

211 2216 274 2269 οὐ
334 2217 533 2270 ταυτὸν
571 2218 866 2287 ἀγέννητον
909 2218 1006 2271 καὶ
1038 2217 1191 2286 Θεὸς,
1232 2213 1336 2275 ὧδε
1377 2220 1445 2277 ἂν
1490 2220 1716 2286 μάθοις·
1739 2222 1804 2277 Ei

1911 2222 2245 2293 proprietate
2272 2221 2376 2275 lixa
2404 2230 2457 2276 et
2502 2221 2682 2275 stabili
2726 2228 3095 2290 permanente,
3148 2218 3495 2288 quaerendum

212 2307 414 2362 ταυτὸν
450 2303 539 2381 ἦν,
581 2309 688 2363 ἔδει
733 2311 971 2377 πάντως,
1007 2313 1197 2384 ἐπειδὴ
1226 2313 1389 2368 τινῶν
1434 2313 1564 2378 Θεὸς
1595 2317 1624 2368 ὁ
1651 2313 1804 2379 Θεὸς,

214 2397 380 2452 τινῶν
413 2393 553 2452 εἶναι
572 2400 667 2453 καὶ
682 2399 742 2453 τὸ
762 2401 1076 2474 ἀγέννητονο
1099 2402 1134 2473 ἢ
1154 2402 1279 2456 ἐπεὶ
1308 2402 1537 2474 μηδενὸς
1563 2402 1625 2456 τὸ
1648 2402 1807 2472 ἀγέν-

215 2505 397 2561 νητον,
417 2490 552 2562 μηδὲ
571 2490 663 2546 τὸν
689 2490 819 2545 Θεὸν
843 2488 980 2546 εἶναι
1002 2493 1163 2548 τινῶν
1188 2510 1203 2526 ·
1237 2495 1306 2548 τά
1336 2494 1445 2567 γὰρ
1474 2494 1652 2564 πάντη
1673 2512 1805 2548 ταυ·

216 2580 306 2646 τὰ,
327 2582 421 2635 καὶ
440 2581 641 2653 ὁμοίως
657 2582 969 2656 ἐκφέρεται.
990 2584 1151 2639 Ἀλλά
1176 2583 1282 2658 μὴν
1300 2586 1361 2639 οὐ
1386 2584 1547 2640 τινῶν
1566 2585 1628 2639 τὸ
1643 2584 1806 2656 ἀγέν-

217 2690 401 2743 νητον,
419 2672 577 2727 τίνων
598 2673 707 2747 γάρ
726 2691 741 2741 ;
761 2676 855 2728 καὶ
875 2675 1037 2729 τινῶν
1053 2675 1186 2740 Θεὸς
1214 2677 1243 2729 ό
1268 2675 1420 2742 Θεὸς,
1441 2676 1660 2731 πάντων
1676 2676 1803 2749 γάρ.

219 2767 348 2831 Πῶς
371 2762 465 2822 οὖν
495 2765 562 2821 ἂν
592 2767 678 2839 εἴη
711 2769 906 2823 ταυτὸν
934 2769 1067 2833 Θεὸς
1091 2771 1187 2824 tutati.
1207 2769 1533 2842 ἀγέννηνον;
1564 2770 1677 2824 Καὶ
1706 2770 1812 2824 πά-

218 2857 326 2926 λιν,
365 2860 553 2933 ἐπειδὴ
580 2861 641 2915 τὸ
662 2861 978 2934 ἀγέννητον,
1017 2863 1113 2916 καὶ
1141 2862 1203 2916 τὸ
1228 2862 1484 2934 γεννητὸν
1513 2863 1810 2917 ἀντίκειται

219 2948 490 3021 ἀλλήλοις,
537 2951 615 3016 ὡς
654 2950 767 3018 ἕξις
807 2953 902 3006 καὶ
933 2952 1208 3025 στέρησις,
1241 2954 1459 3025 ἀνάγκη
1494 2954 1589 3008 καὶ
1619 2953 1812 3018 οὐσίας

1917 2314 2076 2368 nobis
2126 2328 2247 2368 esse
2295 2328 2416 2382 quae
2469 2314 2539 2368 sit
2564 2314 2667 2373 Dei
2700 2313 2956 2375 essentia,
2992 2311 3036 2365 si
3079 2319 3261 2365 tamen
3294 2323 3356 2362 ea
3390 2307 3498 2363 ullo

1915 2406 2076 2460 modo
2099 2406 2386 2474 quaerenda
2404 2405 2529 2460 est?
2557 2404 2709 2472 Quod
2737 2414 2916 2459 autem
2941 2402 3236 2472 ingenitum
3272 2409 3327 2455 et
3356 2401 3498 2465 Deus

1917 2494 2060 2550 idem
2101 2509 2208 2550 non
2257 2495 2387 2559 sint,
2437 2495 2562 2550 ltinc
2592 2493 2707 2549 fere
2759 2493 3043 2563 intelliges.
3089 2491 3145 2546 Si
3174 2490 3317 2545 enim
3352 2490 3498 2544 idem

1914 2597 2119 2656 essent,
2183 2602 2411 2659 prorsus
2466 2586 2627 2658 532
2684 2595 2979 2657 Oporteret’,
3033 2585 3286 2655 quoniam
3356 2584 3497 2638 Deus

1914 2683 2275 2754 quorumdam
2309 2684 2453 2739 Deus
2502 2690 2606 2747 est,
2658 2680 3013 2752 quorumdam
3042 2693 3259 2750 quoque
3284 2678 3500 2747 ingeni-

1917 2786 2029 2832 tum
2061 2791 2183 2832 esse
2229 2793 2244 2830 :
2283 2785 2377 2831 aut
2404 2783 2619 2839 contra,
2668 2773 2923 2844 quoniam
2975 2773 3270 2844 ingenitum
3298 2771 3499 2826 nullius

1884 2916 1887 2919 .
1915 2878 2020 2936 est,
2041 2884 2142 2925 nec
2173 2869 2340 2924 Deum
2366 2882 2583 2939 quoque
2610 2866 2968 2937 quorumdam
3021 2879 3165 2921 esse.
3209 2864 3339 2918 Nam
3377 2876 3500 2934 quae

1916 2963 2140 3019 omnino
2159 2961 2351 3016 eadem
2383 2968 2528 3027 sunt,
2582 2958 2835 3015 similiter
2862 2958 3027 3014 etiam
3074 2955 3391 3012 eli'eruntur.
3430 2953 3502 3009 At

221 3044 538 3116 εἰσαχθῆναι
556 3043 632 3117 (Ι)
647 3046 1029 3117 ἀντικειμένας
1055 3047 1332 3120 ἀλλήλαις,
1351 3048 1488 3118 ὅπερ
1504 3048 1567 3102 οὐ
1581 3047 1808 3103 δέδοται.

1932 3052 2220 3124 ingenitum
2276 3066 2383 3107 non
2433 3051 2792 3122 quorumdam
2841 3058 2928 3105 est
2973 3050 3222 3120 (quorum
3264 3044 3408 3102 enim
3427 3045 3496 3118 τ),

222 3135 317 3198 Ἢ,
342 3133 527 3207 ἐπειδὴ
544 3134 706 3189 πάλιν
727 3137 783 3188 αἰ
805 3135 946 3202 ἕξεις
972 3135 1080 3189 τῶν
1099 3153 1189 3191 στε
1198 3138 1407 3210 ρήσεων
1421 3136 1701 3209 πρότεραι,
1720 3139 1816 3194 καὶ

1932 3145 2063 3200 Deus
2088 3159 2218 3200 vero
2249 3145 2609 3220 quorumdam
2649 3143 2790 3200 Deus
2842 3153 2947 3207 est,
2982 3141 3223 3197 omnium
3280 3139 3500 3209 quippe.

222 3230 569 3302 ἀναιρετικαὶ
617 3230 727 3286 τῶν
748 3220 917 3299 ἕξεων
951 3232 1009 3285 αἱ
1042 3234 1351 3305 στερήσεις,
1383 3231 1458 3304 μὴ
1489 3232 1649 3303 μόνον
1684 3249 1821 3305 πρε-

224 3321 496 3394 ώυτέραν
519 3318 658 3377 εἶναι
692 3323 793 3394 τῆς
825 3322 916 3377 τοῦ
952 3323 1167 3396 Πατρὸς
1190 3324 1380 3389 οὐσίας
1408 3327 1508 3395 τὴν
1535 3322 1632 3378 τοῦ
1661 3322 1818 3391 Υἱοῦ,

1917 3239 2037 3305 Quo
2066 3252 2198 3309 ergo
2223 3239 2384 3292 modo
2418 3236 2559 3293 idem
2591 3244 2754 3291 erunt
2796 3235 2938 3291 Deus
2964 3241 3018 3289 et
3046 3230 3386 3303 ingenitum?
3421 3229 3502 3284 Ac

1916 3341 2128 3392 rursus,
2156 3325 2415 3397 quoniam
2446 3325 2746 3396 ingenitum
2789 3334 2843 3380 et
2874 3324 3112 3396 genitum
3149 3322 3295 3376 inter
3319 3335 3378 3376 se
3405 3335 3503 3391 op-

226 3411 363 3468 me
404 3414 501 3467 καὶ
532 3415 656 3469 ἀναι
664 3432 759 3488 ρου
767 3415 933 3489 μένην
954 3415 1061 3469 ὑπὸ
1081 3414 1177 3469 τοῦ
1196 3415 1427 3487 Πατρὸς,
1449 3415 1572 3469 ὅσον
1592 3413 1683 3468 ἐπὶ
1700 3418 1818 3481 ταῖς

1932 3425 2208 3482 Jonuntur,
2238 3424 2299 3470 ut
2324 3415 2541 3470 habitus
2569 3423 2625 3470 et
2651 3414 2903 3484 privatio,
2935 3411 3265 3469 substantias
3288 3420 3506 3480 quoque

226 3507 351 3569 σαῖς
372 3506 686 3561 ὑποθέσεσι.

1917 3507 2060 3562 ἱιιιει·
2084 3521 2144 3562 se
2176 3507 2451 3578 Oppositas
2481 3506 2663 3563 induci
2726 3518 2950 3561 necesse
2998 3511 3100 3572 est,
3153 3501 3297 3573 quod
3345 3514 3506 3557 nemo

227 3601 584 3654 concesserit.
619 3601 725 3655 Aut
790 3614 1000 3668 rursus,
1045 3597 1302 3670 quoniam
1365 3598 1587 3655 habitus
1641 3598 2030 3670 privationibus
2093 3599 2301 3669 priores
2344 3609 2492 3666 sunt,
2522 3613 2586 3654 ac
2614 3598 2947 3670 privationes
2985 3595 3202 3652 habitus
3238 3594 3384 3665 ipsos
3408 3608 3507 3649 ex-

228 3692 534 3761 stinguunt,
576 3705 681 3745 non
731 3689 903 3745 solum
931 3688 1202 3756 antiquior
1227 3688 1336 3742 erit
1379 3686 1504 3743 Filii
1548 3687 1806 3757 essentia,
1845 3702 2008 3758 quam
2062 3691 2243 3748 Patris
2274 3732 2291 3757 ,
2348 3690 2443 3746 sed
2491 3691 2659 3746 etiam
2686 3731 2703 3759 ,
2725 3688 2880 3760 juxta
2911 3687 3239 3760 bypotheses
3293 3696 3436 3753 tuas,
3473 3700 3507 3741 a

231 3785 393 3842 Patre
416 3782 816 3852 exstinguetur,
851 3796 916 3835 ac
943 3782 1009 3835 de
1035 3780 1212 3835 medio
1243 3780 1481 3836 tolletur.

303 3877 406 3931 II".
449 3874 549 3938 Τίς
585 3873 669 3927 ἔτι
697 3873 856 3943 λόγος
882 3874 1067 3938 αὐτοῖς
1096 3873 1206 3928 τῶν
1227 3871 1521 3943 ἀφύκτων;
1561 3873 1718 3946 Τάχα
1757 3874 1825 3929 ἂν

232 3970 324 4025 ἐπ’
358 3968 536 4021 ὲκεῖνο
557 3964 926 4035 καταφύγοιεν
945 3964 1276 4029 τελευταῖον,
1303 3963 1380 4028 ὡς
1406 3964 1470 4018 Ei
1507 3964 1607 4036 μὲν
1629 3966 1695 4019 οὺ
1726 3966 1826 4019 πέ-

235 4074 443 4114 παυται
477 4054 575 4110 τοῦ
611 4056 807 4127 γεννᾷν
842 4054 871 4107 ὁ
908 4053 1062 4119 Θεὸς,
1100 4053 1297 4124 ἀτελὴς
1336 4054 1372 4123 ἡ
1406 4052 1678 4125 γέννησις.
1714 4053 1828 4108 Καὶ

236 4150 370 4204 πότε
400 4149 702 4213 παύσεται;
729 4147 794 4200 Ei
816 4146 873 4199 δὲ
897 4145 1193 4209 πέπαυται,
1225 4145 1442 4211 πάντως
1472 4145 1571 4199 καὶ
1599 4144 1822 4217 ἤρξατο.

236 4242 412 4296 Πάλιν
442 4241 492 4294 οἱ
531 4239 836 4312 σωματικαὶ
874 4237 945 4292 τὰ
1001 4237 1289 4308 σωματικά
1334 4236 1430 4307 (9).
1478 4235 1622 4305 Ἐγὼ
1671 4236 1750 4303 δὲ,
1778 4237 1829 4290 εἰ

241 4334 344 4404 μὲν
364 4332 532 4386 ἀΐδιον
558 4329 709 4402 αὐτῷ
737 4330 801 4385 τὸ
822 4328 1116 4400 γεννᾶσθαι
1145 4328 1179 4400 ἢ
1218 4328 1317 4400 μὴ,
1351 4326 1505 4382 οὔπω
1525 4327 1689 4397 λέγω,
1723 4328 1829 4393 ἓως

237 4425 308 4480 ἀν
339 4424 425 4489 τὸ,
460 4423 579 4493 Πρὸ
606 4423 848 4478 πάντων
868 4419 1122 4489 βουνῶν
1149 4419 1337 4493 γεννᾷ
1361 4437 1462 4490 με,
1511 4409 1833 4492 ἀκριϐέστε-

241 4534 338 4590 ρον
377 4515 451 4587 ('5)
484 4513 889 4586 ὲπισκέψωμαι.
923 4513 1036 4586 Οὐχ
1065 4512 1177 4586 ὁρῶ
1197 4511 1276 4575 δὲ,
1299 4512 1385 4575 τίς
1428 4513 1462 4584 ή
1490 4511 1706 4582 ἀνάγκη
1736 4511 1833 4573 τοῦ

238 4609 421 4679 λόγου.
462 4608 527 4661 Εἰ
568 4607 680 4678 γὰρ
720 4602 922 4678 ἦρκται
962 4603 1085 4659 κατ’
1121 4605 1319 4668 αὐτοὺς
1364 4603 1427 4657 τὸ
1467 4603 1831 4676 παυσόμενον,

1994 3872 2139 3929 XIII.
2189 3871 2329 3940 Quid
2389 3870 2567 3926 adhuc
2627 3876 2875 3941 superest
2944 3880 3013 3923 ex
3067 3863 3506 3922 ineluctabilibus

1926 3964 2186 4032 ipsorum,
2236 3969 2299 4015 ut
2321 3967 2534 4031 putant,
2565 3947 2940 4030 argumentis?
2969 3957 3229 4012 Fortasse
3270 3958 3338 4010 ad
3375 3956 3507 4011 illud

1925 4063 2256 4125 postremum
2288 4052 2601 4123 confugient
2626 4070 2641 4106 :
2670 4051 2727 4107 Si
2753 4049 2898 4106 Deus
2935 4050 3182 4122 gignendi
3208 4050 3369 4107 tinem
3396 4068 3510 4109 non

1926 4144 2077 4212 fecit,
2115 4146 2432 4217 imperfecta
2483 4155 2567 4202 est
2615 4146 2915 4218 generatio.
2960 4145 3026 4201 Et
3073 4147 3287 4218 quando
3343 4148 3505 4203 linem

1926 4235 2170 4293 facturus
2201 4238 2326 4293 est?
2378 4238 2437 4293 Si
2480 4246 2665 4293 autem
2717 4239 2940 4310 gignere
2977 4239 3233 4306 cessavit,
3284 4239 3512 4294 omnino

1927 4343 2142 4399 quoque
2182 4329 2365 4399 coepit.
2401 4329 2492 4386 Sic
2514 4345 2702 4385 rursus
2752 4330 2928 4386 crassi
2988 4337 3043 4385 et
3070 4329 3315 4400 corporis
3345 4334 3507 4387 rebus

1929 4419 2072 4477 εἰθιί
2112 4421 2366 4478 homines
2417 4436 2709 4492 corporeas
2762 4422 3203 4479 ratiocinationes
3253 4421 3507 4478 afferunt.

1930 4511 2042 4583 Ego
2072 4526 2202 4567 vero
2232 4512 2312 4568 sic
2369 4514 2673 4584 respondeo
2707 4535 2722 4570 :
2763 4512 3232 4582 Sempiternumne
3266 4514 3337 4566 sit
3368 4511 3512 4567 Filio

1932 4604 2107 4669 nasci,
2141 4618 2336 4668 necne,
2368 4606 2604 4660 nondum
2639 4605 2780 4666 dico.
2818 4604 3171 4675 quoadusque
3202 4604 3331 4658 illud
3356 4602 3508 4659 Scri~

239 4704 345 4758 0°32:
373 4696 577 4774 ἦρκται
600 4701 818 4763 πάντως
846 4697 1012 4771 τὸμὴ
1032 4696 1396 4768 παυσόμενον.
1413 4695 1479 4748 Τί
1499 4695 1678 4751 τοίνυν
1699 4696 1818 4750 ἀπο-

1932 4702 2105 4763 ptum
2139 4711 2154 4748 :
2183 4694 2320 4749 Ante
2361 4710 2545 4763 omnes,
2591 4696 2750 4750 colles
2777 4697 2942 4780 gignit
2974 4711 3055 4750 me
3079 4696 3145 4763 ³⁸,
3202 4695 3511 4750 accuratius

241 4793 542 4866 φανοῦνται
572 4793 703 4863 περὶ
724 4792 923 4862 ψυχῆς,
959 4789 994 4862 ἢ
1022 4791 1121 4862 τῆς
1149 4787 1449 4858 ἀγγελικῆς
1483 4788 1730 4858 φύσεως;
1762 4788 1826 4841 Ei

241 4886 347 4958 μὲν
369 4880 593 4955 ἦρκται,
619 4883 714 4937 καὶ
743 4880 1040 4936 παύσεταιο
1078 4883 1128 4936 εἰ
1152 4880 1210 4935 δὲ
1235 4880 1297 4933 οὐ
1321 4879 1612 4944 παύσεται,
1647 4879 1826 4951 δῆλον,

240 4981 327 5032 ὅτι
370 4976 489 5030 κατ’
512 4976 710 5041 αὐτοὺς
739 4974 861 5029 οὐδὲ
882 4969 1106 5046 ἦρκται.
1140 4971 1301 5027 Ἀλλά
1339 4972 1446 5045 μὴν
1474 4972 1569 5026 καὶ
1603 4967 1833 5044 ἦρκται,

324 5113 411 5169 ¹³1
439 5114 598 5170 .Ioan.
636 5130 720 5184 ιιι,
747 5114 803 5170 2.
881 5113 929 5147 ¹⁸
956 5111 1065 5168 Tit.
1088 5128 1129 5181 ι,
1165 5113 1221 5166 2.
1290 5113 1337 5145 "
1366 5110 1528 5167 Prov.
1561 5125 1678 5178 γιιι,
1705 5109 1798 5166 25.

323 5271 438 5337 (94)
465 5268 887 5340 Θαρῤήσωμεν.
920 5268 1032 5325 Duo
1080 5268 1275 5341 Regg.,
1301 5268 1396 5326 Or.
1426 5267 1446 5322 Ι
1505 5276 1560 5324 ει
1604 5266 1818 5335 Comb.,

247 5340 621 5482 θαρξήσομεν.
1205 5340 1215 5341 ί

332 5413 440 5494 mai)
467 5409 819 5494 ξεϐἀσμιοφς.
859 5409 1006 5494 Reg.
1025 5426 1079 5494 ιι,
1110 5409 1326 5494 σεμνόν.

336 5479 430 5538 ’96⁷
468 5480 884 5550 Χαμαιπετέσι.
914 5479 1078 5537 Οοίει.
1118 5479 1534 5554 1,’χαμερπέσι.

324 5487 444 5623 I97)
468 5551 555 5618 Τῷ
577 5552 781 5620 Πατρι.
810 5553 967 5623 Deest
991 5552 1044 5605 iu
1078 5551 1208 5623 Reg.
1249 5555 1359 5607 bm.
1398 5621 1405 5623 Α

330 5569 417 5623 (ω
468 5569 555 5618 ιφ
577 5569 781 5620 ιιατρι.
810 5569 967 5606 υεεει
991 5569 1044 5605 ιιι
1078 5569 1208 5617 ueg.
1249 5569 1359 5607 um.
1730 5606 1733 5609 ,

330 5569 445 5693 (98)
488 5621 1109 5693 Γεννητοαγέννητον.
1163 5622 1280 5678 Bill.
1346 5621 1412 5678 atl
1472 5636 1670 5693 tnarg.,
1711 5615 1834 5688 γέν-

254 5710 399 5760 νητα
421 5693 697 5766 γεννητον.
1394 5726 1411 5747 ι

1936 5621 2030 5679 Or.
2065 5621 2126 5691 'I,

1937 4788 2270 4858 expendere.
2306 4787 2437 4843 Illud
2469 4797 2649 4844 autem
2692 4805 2798 4846 non
2842 4788 3020 4854 video.
3065 4802 3225 4858 quam
3260 4800 3512 4841 necessa-

1936 4881 2076 4934 rium
2111 4880 2183 4935 sit
2221 4880 2324 4936 ltoc
2354 4895 2540 4936 eorum
2595 4885 2999 4955 argumentum.
3031 4879 3088 4935 Si
3125 4880 3292 4946 enim,
3323 4888 3383 4932 ut
3410 4878 3508 4948 ipsi

1938 4972 2111 5040 aiunt,
2144 4973 2435 5045 aliquando
2468 4975 2523 5032 id
2579 4976 2766 5048 coepit,
2792 4975 2936 5047 quod
2983 4974 3147 5031 finem
3197 4972 3509 5029 habiturum

2026 5265 2118 5338 99)
2162 5266 2490 5338 Ἰδιότητος.
2529 5266 2679 5332 Par.,
2705 5265 3029 5336 ἀῖδιότητος.

2026 5266 2118 5338 99)
2162 5266 2490 5335 Ἰδιότητος.
2529 5266 2679 5332 Par.,
2705 5266 3029 5336 ἀῖδιότητος.

2001 5266 2083 5411 II)
2126 5336 2752 5411 Eia'axdﬁrat._Comh.,
2786 5331 3204 5411 ἀντεισαχθῆνα.

2006 5403 2086 5480 (2)
2117 5411 2183 5463 οι
2219 5403 2542 5478 animum:
2585 5409 2658 5463 τὰ
2680 5403 3038 5478 aquatde
3058 5403 3352 5476 «Corporei
3384 5417 3510 5458 coro

1934 5495 2121 5551 porea.
2149 5498 2170 5532 ι

2006 5549 2098 5676 (2‘)i
2125 5548 2582 5676 Ἀξιριϐέςτερον.
2632 5547 2766 5621 Reg.
2812 5550 2922 5620 bm,
2976 5556 3206 5620 quatuor
3250 5543 3403 5602 Colb.
3450 5551 3515 5601 et

2006 5639 2030 5676 '.
2112 5663 2126 5676 .
2172 5638 2300 5676 ακοι
2340 5638 2435 5676 ως.

2172 5638 2435 5693 ακριοιος.
