3890 6214
379 256 439 313 91
1590 258 1648 312 S.
1692 258 2020 318 GREGORII
2059 264 2402 322 TIIEOLOGI
3564 260 3642 316 9?.

374 380 480 432 εει,
520 364 761 438 profecto
801 366 849 419 id
879 382 983 420 non
1008 370 1191 438 cmpit,
1232 369 1373 438 quod
1408 369 1563 424 ﬁnem
1598 387 1700 424 non
1736 382 1821 427 est
1854 375 1951 427 ha-

2094 379 2151 429 αἱ
2204 379 2261 430 οὐ
2318 395 2602 432 παύσεται.
2647 381 2758 429 Ουκ
2795 378 2901 448 ἄρα
2932 373 3131 448 ἦρκται
3174 375 3292 429 κατ’
3341 374 3533 436 αὐτοὺς
3574 374 3643 426 τὸ

375 459 639 514 biturum.
686 458 823 524 Quid
862 474 992 528 ergo
1031 460 1095 512 de
1134 461 1312 515 anima
1357 460 1441 515 vel
1481 462 1545 516 de
1577 464 1816 532 angelica
1860 481 1955 519 na-

379 560 499 604 tura
532 550 993 618 pronuntiabunt?
1051 551 1108 607 Si
1154 554 1477 623 principium
1538 555 1744 623 habuit,
1793 556 1952 611 ﬁnem

377 654 596 709 quoque
623 639 840 693 habebit
886 641 981 695 :si
1009 650 1187 696 autem
1240 642 1342 697 ﬁne
1370 645 1599 711 carebit,
1663 648 1955 702 secundum

379 746 475 785 eos
505 732 685 799 utique
714 733 978 801 principio
1012 748 1225 802 quoque
1267 734 1408 789 hanc
1444 737 1691 790 caruisse
1723 745 1952 791 constat.

381 822 544 891 Atqui
575 832 628 876 et
661 823 980 892 principium
1018 824 1225 891 habuit,
1276 841 1375 881 nec
1403 841 1640 897 unquam
1668 842 1788 883 esse
1813 830 1957 883 desi-

383 921 495 969 net.
551 912 767 968 Falsum
819 922 902 969 cst
927 917 1101 983 itaque
1128 917 1268 986 quod
1295 917 1468 980 aiunt,
1508 918 1581 983 id,
1609 921 1748 987 quod
1799 919 1958 974 ﬁnem

385 1005 696 1059 habiturum
727 1015 837 1072 est,
873 1008 1197 1077 principium
1225 1024 1440 1078 quoque
1471 1011 1742 1066 habuisse.
1779 1011 1962 1066 Enim-

386 1110 516 1149 vero
544 1097 787 1150 doctrina
817 1106 996 1150 nostra
1025 1098 1140 1152 haec
1174 1108 1258 1153 est
1301 1122 1313 1154 :
1354 1098 1423 1154 Ut
1444 1102 1592 1169 equi,
1615 1111 1669 1156 et
1700 1102 1871 1170 bovis,
1909 1113 1965 1156 et

390 1185 642 1251 hominis,
700 1201 763 1240 ac
795 1187 1029 1256 denique
1058 1188 1482 1258 uniuscujusque
1533 1205 1716 1244 earum
1761 1206 1959 1258 rerum,

387 1292 507 1346 qua:
551 1276 652 1332 sub
680 1279 817 1332 idem
844 1293 1014 1346 genus
1045 1281 1261 1343 cadunt,
1312 1281 1500 1334 eadem
1555 1289 1638 1334 est
1680 1280 1963 1347 deﬁnitio;

391 1384 455 1422 ac
490 1370 748 1439 quidquid
801 1370 1130 1425 deﬁnitionis
1185 1371 1409 1438 hujusce
1435 1372 1704 1440 particeps
1733 1382 1837 1435 est,
1866 1372 1967 1426 hoc

390 1463 553 1516 etiam
617 1464 831 1532 proprie
863 1463 1097 1526 dicitur;
1155 1465 1415 1532 quidquid
1471 1473 1647 1517 autem
1700 1463 1969 1532 particeps

390 1570 498 1607 non
528 1566 629 1618 est,
699 1556 801 1610 hoc
830 1559 913 1609 vel
962 1572 1068 1610 non
1106 1557 1324 1619 dicitur,
1378 1555 1457 1610 vel
1487 1565 1635 1611 certe
1678 1556 1971 1624 imprOprie

393 1644 589 1699 dicitur
636 1664 649 1699 :
679 1647 866 1700 eodem
897 1647 1055 1699 modo
1086 1661 1244 1699 unam
1273 1660 1490 1714 quoque
1526 1646 1617 1700 Dei
1660 1646 1968 1711 essentiam,

2057 464 2417 534 παυσόμενον.
2460 466 2518 515 '0
2547 464 2644 535 μὲν
2670 459 2760 517 οὖν
2789 463 3052 535 ἡμέτερος
3077 464 3231 533 λόγος
3249 480 3260 492 ·
3296 463 3507 532 Ὥσπερ
3546 464 3643 513 ἰπ-

2057 573 2179 616 που.
2215 557 2307 610 καὶ
2348 556 2485 626 βοὸς,
2534 557 2628 609 καὶ
2661 555 2970 628 ἀνθρώπου,
2996 556 3090 608 καὶ
3123 555 3349 608 ἑκάστου
3380 553 3488 607 τῶν
3527 555 3641 606 ὑπὸ

2054 648 2114 699 τὸ
2136 647 2267 699 αὐτὸ
2291 644 2447 711 εἶδος,
2475 643 2553 711 εἷς
2578 648 2734 715 λόγος
2765 648 2837 719 (4)
2866 647 3012 701 ἐστίν
3027 664 3041 678 ·
3061 648 3153 701 καὶ
3172 648 3200 701 ὃ
3229 648 3324 716 μὲν
3345 648 3410 701 ἂν
3430 647 3641 721 μετέχῃ

2054 737 2146 790 τοῦ
2169 737 2350 807 λόγου,
2383 738 2539 791 τοῦτο
2568 739 2662 793 καὶ
2694 740 2899 811 κυρίως
2919 739 3172 810 λέγεσθαι
3194 738 3301 810 (5r
3337 738 3366 790 ὃ
3396 739 3437 792 δ’
3464 739 3530 792 ἂν
3563 739 3640 810 μὴ

2061 831 2283 903 μετέχῃ,
2322 831 2480 883 τοῦτο
2507 831 2539 902 ἢ
2571 831 2644 904 μὴ
2676 830 2997 901 λέγεσθαι,ἢ
3027 831 3099 902 μὴ
3123 830 3323 902 κυρίως
3343 830 3603 899 λέγεσθαι
3623 847 3637 860 ·

2058 921 2199 974 οὕτω
2214 922 2269 974 δὲ
2299 923 2392 975 καὶ
2410 922 2544 975 Θεοῦ
2572 923 2701 993 μίαν
2716 923 2897 976 οὐσίαν
2921 919 3057 977 εἶναι
3081 925 3176 977 καὶ
3198 923 3375 991 φύσιν,
3390 924 3484 975 καὶ
3504 923 3645 993 κλῆ⁹

2050 1028 2165 1075 σιν,
2188 1011 2286 1066 κᾶν
2305 1013 2567 1075 ἐπινοίαις
2589 1013 2699 1065 τισὶ
2725 1013 3125 1084 διαιρουμέναις
3154 1014 3527 1084 συνδιαιρῆται
3547 1013 3646 1066 καὶ

2060 1102 2125 1154 τὰ
2159 1103 2424 1172 ὀνόματα·
2458 1105 2551 1157 καὶ
2575 1105 2603 1157 ὃ
2635 1105 2732 1174 μὲν
2760 1104 2826 1158 ἂν
2860 1105 3063 1175 κυρίως
3087 1105 3331 1175 λέγηται,
3360 1104 3520 1157 τοῦτο
3546 1103 3648 1156 καὶ

2062 1189 2202 1247 εἶναι
2231 1194 2362 1246 Θεόν
2381 1212 2393 1225 ·
2423 1195 2451 1247 ὃ
2486 1195 2529 1248 δ’
2559 1194 2623 1249 ἂν
2728 1196 2868 1249 κατὰ
2907 1196 3087 1264 φύσιν,
3122 1196 3279 1248 τοῦτο
3302 1196 3394 1248 καὶ
3424 1195 3647 1265 ἀληθῶς

2063 1282 2447 1353 ὀνομάζεσθαι·
2483 1286 2641 1356 εἴπερ
2676 1287 2749 1357 μὴ
2774 1288 2829 1338 ἐν
2859 1286 3135 1357 ὀνόμασιν,
3165 1287 3277 1340 ἀλλ’
3302 1289 3358 1339 ἐν
3382 1287 3649 1356 πράγμα-

2068 1372 2151 1424 σίν
2196 1375 2343 1426 ἐστιν
2380 1377 2511 1444 ἡμῖν
2551 1376 2584 1444 ή
2619 1375 2862 1446 ἀλήθεια.
2902 1377 2965 1429 Οἱ
2997 1377 3071 1441 δὲ,
3110 1376 3297 1448 ὥσπερ
3316 1376 3641 1440 δεδοικότες,

2071 1463 2144 1533 μὴ
2173 1465 2347 1517 πάντα
2385 1468 2553 1519 κινεῖν
2594 1465 2731 1519 κατὰ
2768 1467 2866 1537 τῆς
2890 1467 3167 1537 ἀληθείας,
3197 1467 3328 1520 Θεὸν
3372 1468 3470 1538 μὲν
3502 1462 3650 1521 εἶναι

2067 1555 2157 1607 τὸν
2185 1555 2308 1609 Υίὸν
2343 1557 3128 1628 ὀμολογοῦσιν,ὅτανβιασθῶσι
3152 1560 3229 1631 τῷ
3240 1560 3381 1632 λόγῳ
3410 1562 3502 1614 καὶ
3522 1565 3652 1625 ταῖς

2075 1647 2399 1717 μαρτυρίαις
2435 1648 2529 1720 (6)·
2565 1648 2852 1721 ὁμώνυμον
2882 1650 2939 1703 δὲ
2966 1652 3059 1704 καὶ
3088 1652 3253 1724 μόνης
3288 1653 3656 1708 κοινωνοῦντα

393 1743 449 1788 et
482 1745 750 1801 naturam,
777 1747 832 1790 et
861 1735 1278 1806 appellationem
1313 1751 1451 1802 esse,
1499 1739 1704 1791 tametsi
1746 1751 1840 1806 per
1868 1751 1964 1790 eo-

2093 1735 2167 1806 ἧς
2192 1736 2457 1807 κλήσεως.

398 1830 687 1899 gitationes
745 1834 1007 1901 quasdam
1055 1831 1361 1896 distinctas,
1411 1832 1626 1885 nomina
1674 1845 1891 1899 quoque
1915 1832 2074 1887 simul
2099 1833 2535 1902 distinguantur:
2565 1845 2620 1889 et
2658 1835 2802 1907 quod
2867 1838 3084 1906 quidem
3144 1838 3362 1907 preprie
3424 1838 3655 1905 dicitur,

398 1924 450 1978 id
474 1924 633 1978 etiam
660 1923 828 1984 Deum
856 1938 1015 1986 esse;
1053 1933 1110 1977 et
1138 1938 1325 1978 rursus
1348 1922 1492 1992 quod
1562 1932 1750 1976 natura
1785 1937 1880 1976 sua
1951 1924 2042 1989 sit,
2084 1925 2186 1978 hoc
2231 1940 2444 1994 quoque
2485 1928 2698 1996 proprie
2757 1928 3056 1997 nuncupari
3103 1946 3116 1981 :
3157 1928 3423 1998 siquidem
3487 1929 3655 2000 533

400 2031 505 2071 non
540 2016 591 2069 in
626 2017 781 2070 nudis
812 2017 1142 2081 nominibus,
1174 2014 1266 2069 sed
1316 2017 1367 2069 in
1401 2015 1559 2069 rebus
1589 2015 1744 2069 nobis
1762 2015 1974 2070 veritas
2008 2015 2112 2068 sita
2142 2027 2245 2070 est.
2277 2018 2347 2070 At
2392 2017 2476 2070 isti
2545 2018 2767 2087 perinde
2813 2034 2874 2072 ac
2941 2020 3342 2089 pertimescant,
3397 2037 3464 2075 ne
3520 2023 3659 2091 quid

401 2109 661 2163 adversus
718 2109 1001 2161 veritatem
1065 2108 1341 2161 immotum
1402 2097 1725 2176 relinqitant,
1800 2108 1963 2160 Deum
2005 2108 2219 2176 quidem
2247 2108 2439 2162 Filium
2472 2125 2590 2163 esse
2627 2112 2884 2175 fatentur,
2950 2126 3069 2166 cum
3132 2113 3428 2181 Scripturze
3459 2128 3525 2168 ac
3555 2132 3657 2169 au-

403 2200 712 2255 ctoritatum
749 2200 1066 2254 tesﬁmoniis
1116 2200 1525 2270 opprimantur;
1573 2201 1667 2255 sed
1708 2201 1984 2269 mquivoce
2022 2199 2191 2255 Deum
2228 2203 2356 2271 dici,
2402 2218 2466 2258 ac
2492 2206 2726 2260 nominis
2774 2190 2958 2261 solius~
3005 2206 3320 2276 participem
3349 2221 3470 2263 esse
3508 2224 3658 2264 con-

405 2291 648 2346 tendunt.

476 2389 613 2444 XIV.
655 2387 789 2443 Cum
813 2400 993 2443 autem
1026 2390 1163 2444 hanc
1199 2389 1332 2459 ipsis
1357 2389 1716 2458 objectiouem
1749 2391 1973 2458 subjici-

404 2496 567 2535 mus:
629 2480 770 2546 Quid
821 2481 988 2550 ergo?
1045 2497 1153 2537 non
1216 2482 1435 2552 proprie
1488 2482 1631 2536 Deus
1668 2493 1751 2538 est
1777 2483 1971 2547 Filius,

403 2572 858 2641 quemadmodum
894 2573 943 2626 id
973 2573 1113 2641 quod
1148 2573 1347 2642 pictum
1378 2582 1481 2639 est,
1510 2583 1714 2628 nonest
1742 2574 1978 2627 animal?

407 2664 686 2729 Quomodo
726 2678 854 2733 ergo
890 2665 1048 2727 Deus,
1081 2665 1125 2718 si
1160 2665 1301 2718 Deus
1329 2664 1545 2732 proprie
1568 2680 1673 2718 non
1700 2666 1815 2719 est?
1872 2664 1979 2719 Re-

405 2758 711 2827 spondent:
738 2757 878 2823 Quid
920 2759 1190 2826 prohibet,
1238 2761 1545 2827 quominus,
1570 2769 1624 2813 et
1651 2761 1765 2814 haec
1807 2760 1979 2829 aequi-

408 2860 542 2901 voca
577 2847 711 2910 sint,
743 2855 797 2900 et
830 2847 1045 2914 proprie
1086 2857 1375 2912 utrumque
1417 2847 1670 2900 dicatur?
1700 2848 1777 2901 Ac
1803 2850 1978 2910 nobis,

406 2949 463 2994 et
493 2946 824 3004 terrestrem,
881 2949 933 2992 et
975 2939 1237 2992 marinum
1300 2954 1485 2993 catum
1524 2938 1821 3008 profereut,
1862 2941 1977 3009 qui,

2152 2390 2247 2443 IA'.
2290 2392 2458 2445 Ὅταν
2484 2391 2542 2444 δὲ
2572 2392 3038 2464 ἀνθυποφέρωμεν
3076 2392 3279 2457 αὐτοῖς,
3311 2392 3377 2446 Τί
3408 2385 3501 2444 οῦν
3527 2406 3540 2453 ;
3592 2388 3662 2446 οὐ

2081 2481 2283 2552 κυρίως
2315 2481 2391 2551 (7)
2414 2481 2547 2545 Θεὸς
2574 2482 2602 2533 6
2632 2481 2778 2545 Υίὸς.
2805 2481 2993 2554 ὥσπερ
3016 2484 3135 2536 οὐδὲ
3162 2483 3297 2548 ζῶον
3323 2481 3383 2534 τὸ
3411 2497 3665 2551 γεγραμ-

2087 2575 2279 2646 μένους
2322 2574 2439 2637 πῶς
2478 2572 2570 2628 οὖν
2600 2576 2751 2641 Θεὸς,
2784 2578 2831 2630 εί
2874 2576 2947 2647 μὴ
2992 2575 3195 2650 κυρίως
3233 2575 3392 2639 Θεός;
3430 2574 3495 2625 Τί
3549 2572 3665 2642 γὰρ

2086 2665 2304 2728 κωλύει,
2347 2664 2501 2734 φασὶ,
2536 2666 2629 2718 καὶ
2660 2665 2925 2737 ὁμώνυμα
2948 2665 3120 2719 ταῦτα
3148 2661 3307 2729 εἶναι,
3338 2666 3429 2718 καὶ
3455 2662 3667 2734 κυρίως

2086 2757 2369 2826 ἀμφότερα
2406 2756 2687 2825 λέγεσθαι;
2719 2759 2826 2810 Καὶ
2864 2758 3242 2829 προσοίσουσιν
3281 2759 3412 2828 ἡμῖν
3446 2756 3536 2809 τὸν
3561 2754 3666 2807 κύ-

2087 2866 2171 2910 να,
2203 2847 2292 2900 τὸν
2325 2850 2599 2918 χερσαῖον,
2624 2850 2717 2901 καὶ
2749 2849 2841 2901 τὸν
2866 2848 3169 2912 θαλάττιον,
3204 2847 3469 2919 ὁμώνυμά
3488 2864 3547 2899 τε
3584 2845 3671 2898 6v-

2088 2954 2176 2994 τα,
2212 2936 2307 2988 καὶ
2333 2937 2538 3008 κυρίως
2566 2936 2641 3008 (8)
2677 2936 2941 3007 λεγόμενα
2970 2936 3104 3008 (ἔστι
3134 2937 3242 3009 γάρ
3279 2955 3330 2990 τι
3360 2937 3454 2989 καὶ¹
3490 2933 3670 2987 τοιοῦ-

410 3047 530 3085 cum
563 3030 664 3086 sub
709 3030 898 3084 eodem
955 3030 1172 3083 nomine
1219 3030 1483 3084 diversam
1535 3030 1983 3099 signiﬁcationem

2093 3043 2178 3079 τον
2200 3024 2337 3089 εἶδος
2359 3028 2416 3080 ὲν
2435 3030 2548 3092 τοῖς
2568 3028 2878 3099 ὀμωνύμοις
2893 3045 2906 3059 ο
2937 3030 3031 3082 καὶ
3064 3030 3174 3083 εἴτε
3206 3047 3257 3082 τι
3285 3029 3411 3083 ἄλλο
3433 3031 3497 3099 τῇ
3523 3027 3668 3097 αὐτῇ

411 3123 676 3187 habeant,
707 3122 925 3192 proprie
954 3131 1133 3176 tamen
1168 3121 1440 3176 dicuntur.
1467 3120 1586 3193 (Est
1622 3123 1766 3175 enim
1801 3122 1984 3190 hujus-

414 3202 563 3269 modi
587 3228 800 3284 quoque
828 3213 1038 3283 species
1072 3213 1315 3283 quaedam
1348 3212 1490 3266 inter
1516 3213 1828 3281 aaquivoca;
1861 3225 1913 3268 et
1939 3216 1982 3269 si

411 3307 542 3377 quid
569 3307 733 3374 aliud,
759 3308 901 3377 quod
924 3308 1114 3362 eadem
1137 3306 1501 3377 appellatione
1535 3316 1735 3375 utatur,
1764 3308 1987 3379 ejusque

412 3412 667 3468 peraeque
696 3397 969 3466 particeps
993 3398 1087 3463 sit,
1121 3413 1242 3453 cum
1276 3399 1491 3453 interim
1531 3409 1736 3454 naturae
1778 3403 1988 3457 ratione

417 3489 727 3558 dissideat.)
759 3489 852 3554 At,
889 3490 973 3543 vir
1017 3490 1244 3558 optimc,
1287 3505 1408 3544 cum
1460 3490 1569 3546 illic
1601 3494 1735 3546 duas
1767 3505 1987 3548 naturas

415 3580 518 3637 sub
566 3581 758 3636 eadem
798 3574 1157 3650 appellatione
1200 3582 1457 3648 collocas,
1524 3594 1771 3637 neutram
1820 3584 1989 3639 altera

417 3675 857 3744 praestantiorem
912 3674 1255 3739 iutroducis;
1306 3687 1407 3729 nec
1452 3674 1679 3730 alteram
1728 3677 1986 3744 priorem,

417 3766 650 3820 alteram
710 3766 1112 3835 posteriorem;
1164 3781 1263 3820 nec
1322 3767 1556 3835 denique
1594 3769 1819 3823 alteram
1871 3786 1992 3839 quae

418 3857 616 3926 magis,
647 3855 871 3910 alteram
901 3871 1021 3926 qua:
1053 3857 1232 3911 minus
1267 3856 1340 3910 sit
1364 3856 1417 3911 id
1457 3857 1597 3927 quod
1627 3873 1748 3912 esse
1773 3859 1991 3914 dicitur.

418 3948 607 4020 Neque
636 3951 781 4007 enim
814 3950 1108 4020 quidquam
1144 3950 1492 4018 conjunctutu
1533 3959 1635 4016 est,
1680 3951 1825 4020 quod
1857 3952 1996 4005 hanc

421 4041 555 4111 ipsis
584 4040 964 4097 necessitatem
992 4039 1202 4095 afferat.
1235 4039 1350 4094 Non
1396 4041 1542 4096 enim
1572 4041 1660 4095 hic
1688 4042 1840 4095 canis
1876 4056 1994 4095 ma-

422 4134 503 4204 gis
536 4137 690 4189 canis
745 4143 849 4198 est,
900 4149 1062 4202 quam
1088 4133 1176 4188 ille
1227 4135 1405 4197 canis,
1462 4133 1563 4186 hoc
1590 4142 1693 4196 est,
1756 4133 1997 4185 marinus

424 4228 595 4298 magis
621 4243 784 4297 quam
821 4227 1114 4293 terrestris,
1148 4227 1231 4281 vel
1258 4235 1473 4291 contra,
1511 4225 1791 4279 terrestris
1826 4225 1996 4294 magis

424 4334 586 4387 quam
621 4319 904 4385 marinus;
945 4334 1043 4377 cur
1094 4320 1262 4383 enim,
1311 4328 1405 4372 aut
1452 4332 1556 4386 qua
1617 4317 1862 4371 ratione?
1892 4317 1996 4372 Sed

425 4413 480 4467 in
516 4413 700 4478 rebus,
745 4412 977 4467 diversis
1015 4412 1231 4481 quidem
1260 4410 1388 4475 illis,
1425 4424 1609 4463 verum
1642 4408 1757 4477 pari
1794 4408 1999 4462 honore

426 4520 523 4574 pra
540 4503 691 4570 ditis,
732 4503 1038 4559 communis
1074 4512 1157 4558 est
1186 4502 1500 4572 appellatio.
1558 4499 1656 4554 llic
1683 4513 1835 4563 vero,
1873 4514 1994 4552 cum

426 4597 538 4652 Deo
565 4595 969 4652 venerationem
994 4594 1280 4665 adjungas,
1322 4607 1557 4662 eumque
1582 4605 1745 4659 supra
1781 4603 1997 4644 omnem

426 4687 721 4743 essentiam
757 4695 813 4740 et
839 4696 1087 4740 naturam
1116 4699 1237 4739 esse
1277 4684 1427 4738 dicas
1490 4682 1655 4754 (quod
1690 4680 1782 4735 Dei
1830 4680 2000 4733 solius

427 4789 532 4848 est,
567 4790 621 4833 et
680 4778 827 4835 velut
873 4778 1178 4834 divinitatis
1229 4774 1487 4846 natura),
1523 4790 1586 4829 ac
1632 4773 1823 4828 deinde
1852 4770 1998 4825 Patri

429 4874 644 4943 quidem
699 4873 802 4927 hoc
841 4871 1070 4934 tribuas,
1106 4870 1303 4925 Filium
1362 4876 1542 4921 autem
1584 4866 1799 4936 prives,
1839 4871 2002 4933 atque

430 4966 711 5035 subjicias,
765 4966 1142 5034 secandasque
1182 4963 1259 5017 illi
1318 4962 1541 5017 honoris
1586 4968 1642 5013 et
1673 4956 2005 5011 adorationis

433 5070 619 5128 partes
648 5060 917 5130 assignes,
949 5058 1198 5129 quamvis
1243 5057 1534 5111 verborum
1565 5052 1788 5124 syllabis
1822 5065 2002 5120 mqua-

525 5181 581 5246 4)
620 5183 830 5252 Λόγος.
862 5181 995 5236 Tres
1026 5177 1209 5252 C_olb.,_
1230 5177 1381 5252 696;,
1445 5194 1463 5225 ι
1485 5172 1746 5252 deﬁnitio.
1777 5170 2006 5252 inﬂecte

434 5242 682 5320 quidem;
710 5242 872 5321 atqtte
894 5253 981 5305 hic
1011 5248 1168 5301 etiam
1196 5242 1353 5316 λόγος
1379 5246 1621 5300 eamdem
1650 5242 2004 5312 signiﬁcatio-

436 5337 556 5378 nem
586 5321 783 5376 hahere
815 5322 991 5375 debet.

530 5394 584 5451 5)
612 5392 923 5459 Λέγεσθαι.
951 5390 1074 5443 Bas.
1104 5388 1215 5453 ed.,
1242 5386 1479 5455 λέγεται.

530 5394 584 5451 5)
612 5393 923 5459 Λέγεσθαι.
951 5393 1074 5443 Bas.
1104 5393 1215 5453 ed.,
1243 5393 1479 5455 λέγεται.

460 5460 463 5463 ’
508 5393 586 5531 ἓϋ)
611 5464 778 5531 Λόγῳ
802 5461 900 5515 καί
929 5460 1052 5531 ταῖς
1100 5459 1467 5531 μαρτυρίαις.
1506 5454 1642 5531 «ΑΕκ-
1660 5453 1931 5523 Scriptura
1958 5458 2014 5505 et

440 5524 874 5588 auctoritatibus.
912 5551 928 5583 ι
1006 5524 1406 5583 Ρυιὶιηὶυείιὶο
1468 5544 1485 5576 ι
1525 5524 1857 5592 Scripturatn
1925 5535 2012 5575 sa-

441 5614 591 5654 cram
630 5619 648 5653 I
682 5616 778 5670 per
802 5616 984 5655 vocem
1015 5599 1158 5669 λόγῳ
1183 5596 1507 5670 signiﬁcari;
1542 5610 1654 5670 non
1685 5603 1859 5646 autem
1885 5604 2016 5670 cra-

452 5661 698 5738 tiouem,'
713 5690 730 5723 ι
766 5682 823 5728 ιιι
842 5672 998 5727 vertit
1027 5661 1169 5737 Dilll,
1194 5661 1310 5740 quae
1334 5667 1571 5738 profecto
1591 5664 1658 5720 ad
1672 5661 2015 5720 assercudam

2092 3121 2426 3191 προσχρῆται
2457 3120 2531 3191 (9)
2562 3121 2921 3192 προσηγορίᾳ,
2957 3121 3049 3173 καὶ
3099 3121 3311 3192 μετέχει
3338 3119 3544 3190 ταύτης
3570 3120 3672 3171 ὲπ-
3778 3180 3783 3183 _

2095 3214 2232 3283 ίσης,
2253 3216 2317 3284 τῇ
2346 3213 2503 3281 φύσει
2526 3213 2847 3283 διεστηκός).
2886 3212 3022 3266 Ἀλλ’
3049 3214 3166 3266 ἐκεῖ
3188 3212 3305 3283 μὲν,
3332 3202 3377 3265 ὦ
3404 3211 3670 3283 βέλτιστε,

2091 3301 2184 3355 δύο
2219 3301 2409 3370 φύσεις
2428 3302 2598 3365 τιθεὶς
2627 3301 2736 3354 ὑπὸ
2764 3301 2861 3371 τὴν
2896 3301 3062 3372 αὐτὴν
3096 3303 3490 3373 προσηγορίαν,
3517 3299 3674 3353 οὐδὲν

2095 3395 2301 3466 ἀμείνω
2329 3394 2424 3465 τὴν
2450 3393 2641 3464 ἑτέραν
2669 3393 2767 3463 τῆς
2796 3392 2986 3463 ἐτέρας
3011 3393 3272 3461 εἰσάγεις,
3299 3393 3417 3445 οὐδὲ
3445 3393 3542 3463 τὴν
3576 3392 3675 3463 μὲν

2096 3489 2379 3561 πρότερον,
2413 3486 2511 3557 τὴν
2539 3485 2595 3539 δὲ
2629 3485 2875 3555 ὕστερον,
2906 3484 3026 3537 οὐδὲ
3048 3484 3146 3556 τὴν
3183 3485 3281 3555 μὲν
3317 3483 3538 3554 μᾶλλον,
3574 3482 3675 3554 τὴν

2095 3582 2151 3635 δὲ
2172 3577 2333 3652 ἦττον
2356 3575 2520 3633 οὖσαν
2547 3576 2689 3632 τοῦθ’
2718 3579 2854 3649 ὅπερ
2882 3577 3120 3646 λέγεται.
3158 3576 3290 3630 Οὐδὲ
3318 3575 3427 3646 γάρ
3461 3593 3512 3627 τι
3543 3592 3675 3627 συν-

2098 3673 2347 3738 έζευκται
2370 3672 2432 3724 τὸ
2458 3671 2658 3743 ταύτην
2685 3670 2921 3744 παρέχον
2948 3669 3141 3732 ἀὐταῖς
3166 3668 3265 3739 τὴν
3299 3668 3563 3737 ἀνάγκην.
3597 3665 3674 3719 0'3

2098 3766 2206 3836 γὰρ
2229 3767 2256 3818 6
2282 3765 2379 3835 μὲν
2409 3763 2606 3834 μᾶλλον
2639 3764 2806 3829 κύων,
2832 3765 2861 3816 6
2888 3763 2944 3815 δὲ
2967 3756 3128 3832 ἦττον
3156 3758 3250 3812 τοῦ
3272 3758 3459 3830 ἐτέρου
3491 3755 3674 3819 κυνὸς,

2098 3854 2208 3909 οἷον
2239 3858 2268 3909 6
2290 3856 2571 3919 θαλάττιος
2604 3854 2696 3909 τοῦ
2719 3854 2994 3926 χερσαίου,
3030 3852 3064 3924 ἢ
3098 3855 3125 3906 6
3154 3853 3405 3923 χερσαῖος
3439 3848 3679 3919 ἔμπαλιν

2099 3947 2194 4001 τοῦ
2225 3947 2544 4001 θαλαττίου*
2584 3947 2671 4001 διὰ
2696 3949 2747 4001 τί
2786 3947 2915 4020 γὰρ,
2941 3946 2975 4016 ἦ
3012 3944 3150 3999 κατὰ
3169 3943 3288 3996 τίνα
3314 3942 3498 4010 λόγον;
3537 3940 3675 3993 Ἀλλ’

2102 4042 2160 4093 ἐν
2199 4041 2485 4110 ὁμοτίμοις
2538 4040 2824 4111 πράγμασι
2862 4039 2957 4092 καὶ
2992 4035 3287 4107 διαφόροις,
3333 4035 3366 4103 ή
3424 4030 3678 4085 κοινωνία

2102 4132 2200 4202 τῆς
2233 4132 2498 4203 κλήσεως.
2546 4130 2811 4186 Ἐνταῦθα
2845 4131 2900 4183 δὲ
2934 4129 3013 4200 τῷ
3047 4127 3167 4198 Θεῷ
3204 4127 3585 4199 παραζευγνὺς
3618 4124 3679 4178 τὸ

2106 4225 2420 4294 σεϐάσμιον,
2444 4223 2539 4275 κα)⁸
2560 4223 2620 4276 τὸ
2648 4223 2785 4293 ὑπὲρ
2809 4224 2987 4275 πᾶσαν
3009 4220 3195 4274 οὐσίαν
3219 4214 3356 4273 εἶναι
3381 4219 3473 4271 καὶ
3494 4218 3675 4285 φύσιν,

2103 4316 2131 4368 ὃ
2161 4316 2320 4386 μόνου
2360 4314 2494 4369 Θεοῦ
2525 4316 2618 4369 καὶ
2643 4316 2804 4369 οἱονεὶ
2834 4313 2992 4381 φύσις
3018 4312 3290 4381 θεότητος,
3321 4306 3440 4363 εἶτα
3464 4308 3540 4379 τῷ
3570 4310 3678 4363 Πα-

2103 4409 2191 4478 τρὶ
2216 4408 2311 4478 μὲν
2341 4406 2498 4460 τοῦτο
2520 4406 2719 4471 διδοὺς,
2745 4406 2835 4459 τὸν
2863 4405 2988 4459 Υίὸν
3010 4404 3066 4456 δὲ
3086 4402 3403 4473 ἀποστερῶν
3430 4402 3524 4455 καὶ
3546 4401 3678 4453 ὑπο-

2102 4499 2293 4564 τιθεὶς,
2318 4500 2411 4551 καὶ
2432 4498 2501 4551 τὰ
2525 4496 2752 4568 δεύτερα
2776 4494 2956 4569 νέμων
2977 4492 3125 4564 αύτῷ
3146 4492 3246 4562 τῆς
3274 4493 3439 4561 τιμῆς
3468 4489 3563 4542 καὶ
3584 4489 3679 4560 τῆς

2106 4588 2549 4660 προσκυνήσεως,
2582 4586 2685 4640 κᾶν
2715 4588 2831 4649 ταῖς
2862 4584 3147 4646 συλλαϐαῖς
3169 4580 3367 4652 χαρίζῃ
3389 4580 3449 4634 τὸ
3475 4582 3677 4650 ὅμοιον,

2104 4680 2183 4750 τῷ
2207 4680 2492 4749 πράγματι
2520 4678 2617 4748 τὴν
2646 4677 2876 4746 θεότητα
2900 4675 3267 4745 περικόπτεις,
3296 4672 3391 4725 καὶ
3422 4670 3651 4742 μεταϐαί
3669 4702 3681 4711 -

2107 4789 2217 4835 νεις
2246 4771 2570 4840 κακούργως
2595 4768 2703 4821 ἀπὸ
2732 4767 2829 4835 τῆς
2856 4765 2914 4818 τὸ
2941 4765 3053 4817 ἴσον
3082 4764 3311 4834 ἐχούσης
3341 4761 3680 4833 ὁμωνυμίας,

2107 4861 2200 4915 ἐπὶ
2229 4861 2325 4931 τὴν
2357 4859 2426 4913 τὰ
2462 4859 2535 4930 μὴ
2567 4857 2658 4911 ἴσα
2683 4855 3026 4909 συνδέουσαν.
3064 4855 3224 4907 Ὥστε
3244 4856 3273 4906 6
3300 4850 3544 4923 γραπτός
3578 4867 3678 4915 σοι,

2112 4957 2208 5008 καὶ¹
2239 4956 2268 5005 6
2307 4952 2413 5017 ζῶν
2440 4950 2723 5020 ἄνθρωπος
2756 4948 2975 5019 μᾶλλον,
3016 4947 3048 5017 ἢ
3081 4949 3130 5000 oi
3159 4944 3253 4999 τοῦ
3291 4943 3684 5013 ὑποδείγματος

2113 5046 2274 5111 κύνες
2302 5048 2368 5117 τῇ
2398 5044 2610 5114 θεότητι
2645 5040 3052 5114 πλησιάζουσιν.
3089 5041 3161 5093 Ἢ
3189 5039 3278 5103 δὸς
3312 5038 3423 5109 (10)
3449 5035 3682 5107 ἀμφοτέ-

2119 5165 2276 5221 Verbi
2315 5164 2648 5217 divinitatem
2680 5174 2786 5214 non
2820 5167 2903 5213 est
2939 5157 3152 5212 idonea.

2189 5235 2266 5321 ('1)
2313 5235 2379 5321 Τί
2415 5229 2684 5295 οὗνςού.
2735 5229 2826 5284 Sic
2857 5228 2989 5296 Reg.
3032 5227 3087 5289 b,
3119 5224 3330 5286 Comb.,
3353 5230 3456 5276 etc.
3485 5219 3539 5275 In
3570 5221 3677 5283 ed.,

2112 5306 2490 5445 τιῖἕῖέὲίντας
2533 5372 2630 5425 καί
2663 5370 2898 5445 κιφίωςο
2945 5367 3037 5422 Sic
3076 5364 3169 5421 οῖ’
3208 5364 3263 5428 ¹’
3306 5360 3503 5430 aliique
3529 5359 3683 5416 mdd.

2121 5447 2177 5501 In
2200 5440 2319 5507 ’θύη
2347 5444 2415 5497 τὰ
2431 5443 2559 5496 ὄντα
2594 5440 2818 5512 κυρίως.

2215 5515 2270 5579 9)
2288 5503 2685 5581 Προσχρῆταιξ
2715 5508 2926 5570 Comb.,
2952 5503 3376 5583 προσκέχρηται.

2192 5518 2307 5655 ξω)
2347 5587 2422 5639 ’Ἡ
2450 5583 2576 5655 δός,
2612 5592 2718 5635 etc.
2753 5599 2772 5631 ι
2821 5579 2911 5633 Vel
2949 5576 3149 5655 largire
3179 5584 3376 5640 utrique

2220 5567 2307 5651 ιῡ)
2332 5567 2422 5639 ’Ἦ
2450 5567 2576 5648 δῖός,
2612 5592 2718 5635 etc.
2753 5599 2772 5631 ι
2821 5567 2924 5633 Vel
2949 5567 3389 5651 lajrgire'iitrique
3431 5567 3681 5651 aequalem

2128 5647 2332 5715 natura:
2381 5647 2716 5727 dignitatem,
2755 5668 2775 5704 ι
2825 5659 2932 5706 etc.
2966 5647 3186 5716 Nempe,
3222 5657 3290 5699 ex
3327 5647 3684 5708 suppositione
