3890 6214
185 302 256 357 95
1220 300 1479 356 ORATIO
1521 301 1717 358 XXIX.
1754 335 1827 344 ——
1865 304 2301 364 THEOLOGICA
2339 307 2427 363 lli.
3378 314 3450 370 91

188 438 326 491 ροες,
357 419 548 488 ὥσπερ
570 435 667 489 την
697 417 977 471 κοινωνίαν
996 419 1095 489 τῆς
1122 418 1387 491 κλήσεως,
1419 420 1561 473 οὓτω
1600 420 1657 473 δὲ
1686 423 1763 474 κα

1885 422 2090 479 litatem
2124 425 2225 493 ipsi
2250 424 2522 496 largiaris,
2563 439 2622 479 re
2651 425 2762 494 ipsa
2796 431 2977 479 tamen
3023 425 3361 482 divinitatem
3393 432 3443 484 ei

182 518 285 584 τὴν
319 512 615 583 ὁμοτιμία-θ
662 510 771 563 τῶν
818 509 1032 578 φύσεων
1073 510 1208 581 (11),
1249 514 1297 563 εἰ
1349 513 1443 565 καὶ
1487 510 1776 584 διαφόρους

180 604 393 667 ταύτας
422 605 691 672 εἰσάγεις·
727 602 823 655 καὶ
862 601 1232 666 καταλέλυκάς
1272 620 1366 656 σου
1410 604 1534 666 τοὺς
1583 604 1771 669 κύνας,

182 695 279 758 οὓς
317 694 539 766 ἐξεῦρες
568 694 712 747 κατὰ
739 695 839 765 τῆς
867 696 1200 766 ἀνισότητος.
1234 696 1298 748 Τί
1322 696 1430 767 γὰρ
1454 696 1646 765 ὄφελος
1673 698 1772 768 τῆς

182 787 532 857 ὁμωνυμίας,
565 787 696 839 εἰτὸ
734 787 972 857 ἰσότιμον
1003 787 1078 858 μὴ
1108 787 1283 858 ἔχοιεν
1305 789 1414 858 (12)
1434 791 1481 841 οἱ
1498 789 1649 860 παρὰ
1674 789 1770 842 σοῦ

180 878 578 949 διαιρούμενοι.
621 880 698 931 Οὐ
753 879 861 947 γὰρ
896 880 961 932 ἵν’
998 880 1109 952 (15)
1153 881 1367 950 ἰσότιμα
1411 880 1610 950 δείξῃς,
1658 881 1771 933 ἀλλ’

184 970 275 1022 ἵνα
311 970 623 1041 ἀνισότιμα,
661 972 798 1041 πρὸς
829 973 928 1044 τὴν
950 973 1290 1044 ὁμωνυμίαν,
1324 974 1416 1026 καὶ
1450 975 1576 1037 τοὺς
1605 973 1773 1037 κύνας

183 1064 515 1131 κατέφυγες.
546 1064 670 1128 Πῶς
699 1064 764 1118 ἄν
785 1083 867 1129 τις
906 1066 1185 1138 ἐλεγχθείη
1224 1065 1443 1135 μᾶλλον,
1476 1066 1570 1119 καὶ
1595 1066 1773 1136 ἑαυτῷ

158 1144 161 1145 ν
186 1155 519 1226 μαχόμενος,
551 1157 645 1209 καὶ
679 1156 923 1236 Θεότητι;

1886 527 2156 584 amputas,
2182 532 2245 570 ac
2273 516 2598 571 veteratorie
2616 517 2684 572 ab
2713 516 2814 571 lioc
2842 516 3202 587 homonymiae
3223 534 3446 589 genere,

1883 607 2026 674 quod
2078 606 2442 677 mqualitatem
2504 606 2908 675 complectitur,
2966 608 3031 661 ad
3081 621 3250 677 genus
3312 609 3444 665 illud

1882 698 2105 761 transis,
2138 698 2287 767 quod
2344 713 2431 752 res
2483 699 2720 766 aequales
2774 698 2995 752 minime
3041 701 3333 755 connectit.
3367 701 3446 755 Ac

1879 789 2126 858 proinde,
2180 798 2240 842 ut
2294 790 2519 858 quidem
2553 792 2921 860 argumentari
2960 789 3221 857 instituis,
3269 792 3449 862 pictus

1879 880 1969 934 ille
1992 896 2056 933 ac
2086 880 2241 934 vivus
2274 881 2458 945 homo,
2508 881 2574 935 ad
2621 881 2961 935 divinitatem
3017 881 3445 938 adumbrandam

1879 973 2102 1041 prapius
2136 973 2427 1039 accedunt,
2463 988 2626 1043 quam
2654 988 2840 1038 canes,
2865 988 3002 1044 quos
3028 975 3263 1043 exempli
3281 991 3445 1030 causa

1880 1063 2233 1132 proposuisti.
2272 1063 2484 1132 Alioqui
2522 1065 2760 1133 utrique,
2811 1074 2871 1117 ut
2902 1080 3098 1120 nomen
3136 1080 3445 1132 commune,

1879 1154 1960 1210 sic
1992 1155 2155 1209 etiam
2188 1170 2370 1224 parem
2399 1164 2606 1209 natura:
2648 1155 2964 1225 dignitatem
3002 1157 3197 1222 tribue,
3232 1158 3446 1212 etiamsi

188 1248 440 1300 diversas
469 1261 560 1301 eas
596 1247 845 1313 inducis;
878 1259 1040 1318 atque
1078 1248 1151 1302 ita
1180 1264 1341 1303 canes
1366 1249 1484 1305 illos
1512 1257 1632 1303 tuos
1663 1244 1948 1309 deleveris,
1980 1259 2116 1313 quos
2173 1245 2238 1297 ad
2277 1246 2610 1313 probandam
2678 1243 2853 1298 Patris
2893 1260 2957 1299 ac
3024 1245 3144 1300 Filii
3204 1247 3447 1316 inaequa-

185 1338 403 1392 litatem
437 1336 598 1409 534
631 1339 976 1409 excogitasti.
1033 1340 1161 1407 Quis
1206 1343 1352 1396 enim
1411 1338 1769 1410 homonymia:
1805 1338 2032 1399 l'ructus,
2057 1335 2101 1390 si
2138 1335 2398 1403 dignitate
2431 1350 2587 1403 pares
2647 1335 2773 1398 sint,
2806 1336 2952 1404 quia
2987 1344 3036 1390 te
3085 1336 3434 1394 dividuntur?

184 1432 296 1487 Nec
328 1433 496 1496 enim,
524 1445 582 1486 ut
633 1448 727 1487 eos
778 1434 979 1488 honore
1018 1436 1275 1503 acquales,
1302 1436 1396 1490 sed
1428 1444 1485 1488 ut
1514 1435 1758 1502 dispares
1797 1429 2137 1493 ostenderes,
2192 1430 2258 1483 ad
2302 1428 2702 1498 homonymiam
2754 1427 2923 1491 illam,
2959 1436 3014 1481 et
3078 1443 3242 1484 canes
3305 1445 3439 1485 con-

184 1523 402 1591 fugisti.
466 1523 713 1589 Quonam
769 1527 927 1579 modo
991 1527 1257 1596 quispiam
1311 1526 1480 1595 magis
1517 1522 1765 1580 convinci
1807 1530 1992 1592 queat,
2026 1531 2076 1575 et
2101 1536 2282 1575 secum
2324 1522 2459 1590 ipse,
2496 1530 2550 1575 et
2576 1536 2699 1575 cum
2724 1520 3004 1575 divinitate
3030 1524 3306 1592 pugnare?

258 1616 361 1667 lE'.
416 1614 541 1668 Ἐὰν
569 1616 625 1668 δὲ
660 1616 925 1685 λεγόντων
953 1618 1127 1689 ἡμῶν,
1162 1620 1243 1673 ὅτι
1273 1619 1349 1690 τῷ
1381 1619 1536 1689 αἰτίῳ
1572 1618 1763 1690 μείζων

1950 1615 2064 1671 XV.
2102 1615 2220 1671 Jam
2261 1615 2306 1669 si
2346 1616 2648 1671 dicentibus
2685 1616 2861 1681 nobis,
2912 1615 3154 1683 Patrem,
3183 1629 3444 1690 quantum

179 1705 211 1756 ό
254 1704 449 1776 Πατὴρ
473 1705 568 1758 τοῦ
597 1704 750 1770 Υίοῦ,
785 1707 1180 1778 προσλαϐόντες
1202 1708 1321 1779 τὴν,
1350 1708 1423 1761 Τὸ
1454 1708 1512 1761 δὲ
1542 1707 1654 1775 (14)
1683 1705 1770 1761 αί-

178 1811 301 1846 τιον
338 1795 520 1862 φύσει,
556 1796 850 1866 πρότασιν·
903 1796 1110 1863 ἔπειτα,
1148 1798 1221 1850 Τὸ
1257 1796 1443 1870 μεῖζον
1475 1799 1542 1868 τῇ
1586 1796 1771 1865 φύσει,

182 1888 521 1955 συνάγωσιν·
569 1889 670 1941 οὐκ
702 1885 818 1942 οἶδα
857 1891 1083 1961 πότερον
1110 1891 1335 1953 ἑαυτοὺς
1378 1887 1770 1960 παραλογίζον-

179 1996 295 2043 ται,
324 1979 358 2047 ἥ
386 1979 514 2042 τοὺς
541 1979 676 2050 πρὸς
704 1978 798 2043 οὓς
823 1982 851 2032 ὁ
872 1979 1048 2049 λόγος.
1076 1982 1149 2033 Οὐ
1174 1981 1281 2051 γὰρ
1300 1979 1485 2043 ἁπλῶς
1511 1979 1642 2050 (l5),
1670 1981 1768 2033 ὅσα

179 2070 328 2123 κατά
348 2087 492 2133 τινος
516 2069 755 2138 λέγεται,
785 2071 959 2125 ταῦτα
982 2072 1076 2124 κα)¹
1107 2072 1249 2125 κατὰ
1285 2072 1378 2125 τοῦ
1408 2073 1768 2143 ὑποκειμένου

176 2160 358 2231 τούτῳ
391 2161 723 2232 ῥηθήσεται·
752 2160 886 2214 ἀλλὰ
928 2162 1083 2232 δῆλον
1127 2162 1266 2216 κατὰ
1291 2163 1452 2227 τίνος,
1489 2164 1583 2217 καὶ
1625 2164 1765 2216 τίνα.

190 2251 351 2303 Ἐπεὶ
374 2251 427 2303 τί
454 2250 652 2303 κωλύει
684 2250 826 2320 κάμὲ
852 2249 1058 2320 ταύτην
1086 2250 1346 2320 πρότασιν
1380 2250 1765 2321 ποιησάμενον,

175 2344 306 2414 τὴν,
357 2345 440 2397 ὅτι
481 2344 538 2396 ’0
572 2344 762 2414 Πατὴρ
789 2342 990 2413 μείζων
1012 2346 1077 2414 τῇ
1110 2342 1292 2412 φύσει,
1323 2342 1510 2395 ἔπειτα
1534 2342 1770 2413 προσλα-

177 2436 349 2490 ϐόντα
385 2435 464 2497 τὸ,
520 2436 683 2488 Φύσει
718 2437 775 2489 δὲ
805 2436 865 2488 οὑ
907 2435 1124 2499 πάντως
1162 2435 1361 2507 μείζων
1402 2435 1523 2488 οὐδὲ
1548 2435 1761 2503 Πατήρ·

174 2527 435 2581 ἐντεῦθεν
472 2530 821 2596 συναγαγεῖν·
858 2528 931 2581 Τὸ
994 2526 1177 2598 μεῖζον
1206 2528 1268 2579 οὐ
1304 2527 1519 2590 πάντως
1552 2525 1764 2595 μεῖζον·

171 2617 237 2688 ἦ,
271 2620 333 2671 ’0
362 2618 551 2689 Πατὴρ
583 2620 644 2671 οὐ
680 2618 897 2680 πάντως
924 2618 1135 2689 Πατήρ.
1167 2619 1230 2670 Εἰ
1260 2617 1439 2687 βούλει
1467 2616 1522 2668 δὲ
1560 2616 1761 2680 οὕτως·

187 2709 251 2761 '0
308 2708 462 2772 Θεὸς,
495 2708 681 2761 οὐσία·
732 2707 794 2760 Ἡ
827 2707 984 2760 οὐσία
1044 2708 1120 2771 δὲ,
1152 2709 1212 2761 οὐ
1266 2708 1482 2771 πάντως
1516 2708 1677 2770 Θεός·
1708 2706 1768 2759 τὸ

175 2798 313 2868 ἑξῆς
338 2798 496 2861 αὐτὸς
527 2799 799 2867 συνάγαγε
827 2800 969 2869 (16)·
1015 2800 1076 2853 ’0
1103 2799 1234 2863 Θεὸς
1271 2800 1331 2852 οὐ
1370 2800 1584 2862 πάντως
1613 2797 1765 2862 Θεὸς.

188 2890 335 2943 Ἀλλ’
362 2886 533 2961 οἶμαι,
563 2894 714 2963 παρὰ
738 2893 797 2945 τὸ
824 2893 900 2963 πῆ
930 2893 1039 2963 (17)
1070 2892 1163 2945 καὶ
1190 2891 1376 2955 ἁπλῶς
1408 2895 1435 2945 ὁ
1470 2891 1765 2963 παραλογια

1880 1708 1949 1762 ad
1975 1722 2220 1773 causam,
2249 1707 2384 1761 Filio
2416 1708 2676 1778 majorem
2704 1723 2845 1773 esse,
2883 1708 2983 1777 ipsi
3027 1708 3166 1763 hanc
3199 1712 3444 1779 proposi-

1871 1798 2070 1854 tionem
2102 1804 2417 1877 assumanti
2446 1799 2514 1851 At
2536 1814 2698 1853 causa
2737 1809 2925 1853 natura
2953 1816 2967 1865 ;
2994 1809 3286 1869 posteaque
3312 1817 3445 1857 con-

1871 1890 2175 1946 clusionem
2212 1891 2353 1945 hanc
2413 1892 2783 1945 subuectant:
2827 1891 2967 1962 Ergo
3011 1892 3182 1961 major
3215 1902 3443 1961 natura;

1874 1982 2018 2036 baud
2048 1982 2186 2045 scio,
2225 1983 2505 2049 seipsosne
2561 1983 2758 2052 potius,
2813 2000 2879 2037 an
2938 1998 3053 2046 eos,
3103 2000 3223 2038 cum
3250 1985 3449 2054 quibus

1869 2075 2171 2143 disputant,
2198 2075 2444 2146 captiosa
2500 2075 2604 2130 bac
2634 2076 3109 2146 argumentatione
3136 2076 3446 2131 circumve-

1874 2166 2045 2220 niant.
2080 2154 2441 2235 Neque'enim
2492 2166 2836 2237 simpliciter,
2886 2182 3220 2237 quaecunque
3253 2169 3319 2223 de
3344 2168 3447 2222 ali-

1869 2271 1975 2325 quo
2001 2258 2273 2322 dicuntur,
2310 2257 2476 2312 etiam
2499 2257 2564 2313 de
2589 2272 2677 2323 eo,
2711 2260 2854 2324 quod
2883 2258 2982 2327 ipsi
3012 2258 3315 2328 subjectum
3339 2269 3445 2327 est,

1870 2349 2165 2412 dicuntur;
2199 2348 2293 2403 sed
2352 2348 2693 2417 perspicuum
2738 2358 2822 2402 est
2858 2352 3082 2419 dequo,
3111 2358 3165 2403 et
3195 2365 3445 2419 quaenam

1869 2439 2139 2493 dicantur.
2199 2439 2414 2508 Alioqui
2465 2440 2596 2509 quid
2653 2441 2927 2508 prohibet,
2986 2442 3276 2510 quominus
3331 2441 3447 2511 ipse

1870 2546 2087 2600 quoque
2119 2531 2279 2586 allata
2330 2533 2433 2585 bac
2477 2531 2849 2601 propositione
2889 2550 2901 2585 :
2950 2531 3110 2587 Pater
3138 2531 3311 2600 major
3352 2547 3447 2587 na-

1871 2630 1991 2675 tura
2020 2631 2141 2690 est;
2174 2638 2238 2678 ac
2288 2622 2482 2678 deinde
2533 2632 2809 2693 assumpta
2864 2624 3029 2678 altera
3063 2640 3076 2675 :
3115 2623 3315 2680 Natura
3349 2640 3447 2679 au-

1871 2725 1977 2770 tem
2004 2729 2109 2769 nou
2139 2714 2360 2769 omnino
2389 2712 2581 2783 major,
2612 2729 2786 2784 neque
2814 2714 3009 2782 Pater;
3042 2714 3116 2769 ita
3173 2724 3445 2785 postremo

1868 2808 2224 2863 concludam:
2255 2806 2428 2878 Majus
2487 2807 2654 2877 igitur
2698 2823 2804 2861 non
2827 2807 3048 2862 omnino
3093 2807 3306 2876 majus;
3337 2805 3443 2871 vel,

1870 2896 2034 2951 Pater
2054 2911 2160 2952 non
2208 2898 2430 2951 omnino
2478 2894 2661 2950 Pater.
2710 2895 2819 2950 Aut
2884 2896 2930 2950 si
2978 2895 3169 2961 mavis,
3198 2897 3263 2950 ad
3301 2897 3446 2950 hunc

176 2984 323 3055 σμὸς
343 2980 519 3049 οὗτος,
544 2985 620 3049 ὡς
649 2988 762 3049 τοῖς
786 2988 912 3058 περὶ
940 2985 1112 3040 ταῦτα
1138 2985 1477 3055 τεχνολογεῖν
1511 2982 1760 3054 σύνηθες.

1880 2988 2090 3043 modum
2147 3002 2348 3058 agam:
2387 2987 2538 3046 ,Deus
2584 2994 2667 3041 est
2718 2987 2994 3042 essentia:
3042 2986 3288 3043 Essentia
3333 3002 3441 3042 non

185 3077 257 3129 Ἥ
265 3075 384 3147 μῶν
421 3074 527 3147 γὰρ
558 3076 625 3129 τὸ
655 3074 857 3147 μεῖζον
880 3079 946 3148 τῇ
970 3077 1062 3129 τοῦ
1093 3077 1264 3131 αἰτίου
1299 3076 1458 3144 φύσει
1495 3075 1764 3139 διδόντων,

172 3168 338 3224 αὐτοὶ
360 3168 420 3220 τὸ
440 3171 506 3238 τῇ
542 3168 700 3237 φύσει
737 3166 919 3239 μεῖζον
941 3168 1265 3236 ἐπάγουσιν·
1296 3168 1484 3240 ὥσπερ
1511 3168 1576 3221 ἂν
1599 3166 1764 3236 (18)εἰ

173 3258 277 3312 καὶ
336 3258 602 3325 λεγόντων
636 3257 812 3329 ἡμῶν,
848 3261 930 3312 ὅτι
958 3260 985 3311 ὁ
1013 3258 1157 3312 δεῖνα
1209 3258 1400 3330 νεκρὸς
1459 3258 1761 3330 ἄνθρωπος,

174 3351 370 3415 ἁπλῶς
393 3352 599 3423 ἐπῆγον
616 3351 771 3404 αὐτοὶ
802 3350 894 3405 τόν
923 3350 1228 3422 ἄνθρωπον.

1872 3079 2094 3134 omnino
2126 3087 2209 3133 est
2261 3078 2434 3145 Deus;
2491 3077 2633 3146 quod
2685 3076 2921 3146 sequitut
2986 3077 3099 3147 ipse
3139 3078 3437 3134 conclude:

1873 3173 2015 3243 Ergo
2049 3173 2192 3226 Deus
2227 3186 2333 3226 non
2365 3171 2588 3226 omnino
2627 3171 2786 3226 Deus.
2830 3168 3051 3236 Verum,
3087 3171 3139 3225 ni
3175 3171 3351 3237 fallor,
3372 3173 3439 3227 ab

1870 3272 1956 3321 eo,
1990 3257 2135 3326 quod
2168 3259 2464 3313 secundum
2499 3258 2766 3312 rationem
2804 3259 3091 3327 quamdam
3122 3259 3341 3322 dicitur,
3372 3261 3441 3315 ad

1872 3350 1923 3403 id
1953 3350 2094 3419 quod
2119 3349 2436 3418 simpliciter
2451 3349 2668 3415 dicitur,
2693 3352 2932 3419 captiose
2955 3351 3298 3420 progreditur
3323 3351 3441 3407 haec

173 3441 605 3512 argumentatio,
637 3440 777 3509 quod
809 3439 943 3493 artis
992 3439 1148 3507 hujus
1184 3438 1445 3493 studiosis
1485 3438 1745 3492 usitatum
1786 3446 1946 3492 estet
1985 3438 2273 3492 familiare.
2304 3437 2441 3491 Nam
2505 3453 2628 3493 cum
2691 3452 2789 3493 nos
2824 3439 2965 3493 hanc
2993 3453 3199 3506 vocem,
3231 3439 3428 3511 majus,

172 3550 359 3589 causa:
412 3543 620 3587 natura:
669 3534 989 3597 tribuamus,
1063 3531 1305 3587 inferunt
1361 3532 1483 3601 ipsi,
1525 3546 1746 3585 causam
1788 3540 1978 3583 natura
2013 3530 2269 3599 majorem
2325 3544 2463 3584 esse.
2502 3529 2656 3597 Quod
2702 3531 2926 3600 perinde
2956 3541 3060 3598 est,
3119 3546 3185 3587 ac
3249 3533 3296 3587 si
3338 3533 3423 3588 di-

177 3628 435 3682 centibus
462 3628 656 3681 nobis:
690 3626 790 3680 llic
820 3636 1064 3680 mortuus
1087 3624 1281 3692 homo;
1311 3625 1576 3681 inferrent
1611 3628 1749 3694 ipsi:
1794 3626 1933 3695 Ergo
1963 3626 2144 3679 homo.

248 3720 368 3787 Iq'.
426 3720 629 3773 Ἐκεῖνο
653 3719 710 3773 δὲ
733 3719 848 3783 πῶς
872 3718 1341 3791 παραδράμωμεν,
1369 3719 1582 3783 οὐδενὸς
1608 3716 1770 3791 ἧττον

171 3813 286 3867 τῶν
316 3811 624 3883 εἰρημένων
651 3810 710 3864 ὃν
743 3810 1071 3880 άξιάγαστον
1096 3829 1110 3877 ;
1152 3810 1209 3865 ’0
1230 3811 1443 3883 Πατὴρ,
1476 3811 1661 3882 φησὶν,
1680 3812 1771 3864 οὑ-

177 3906 324 3970 σίας,
364 3905 398 3976 ἢ
433 3903 717 3975 ἐνεργείας
744 3905 913 3974 ὄνομα
931 3923 943 3935 ·
970 3904 1046 3967 ὡς
1077 3904 1467 3975 ἀμφοτέρωθεν
1501 3907 1649 3975 ἡμᾶς
1677 3904 1771 3975 δή-

1946 3715 2089 3772 XVI.
2121 3716 2403 3784 Quomodo
2437 3726 2618 3772 autem
2649 3716 2812 3783 istud,
2842 3718 2985 3785 quod
3023 3728 3169 3772 certe
3197 3734 3302 3773 non
3338 3720 3443 3774 mi-

1871 3811 1989 3865 nori
2022 3811 2383 3865 admiratione
2414 3811 2637 3880 dignum
2691 3820 2799 3876 est,
2845 3826 3006 3880 quam
3038 3826 3159 3879 quae
3195 3813 3445 3880 superius

1876 3902 2021 3957 dicta
2050 3911 2201 3970 sunt,
2250 3903 2767 3972 prmtcrmittcmus?
2806 3900 2963 3956 Pater
2987 3942 3002 3965 ,
3058 3903 3331 3973 inquiunt,
3360 3904 3445 3959 vel

176 4014 387 4063 σοντες.
419 3999 485 4051 Εἰ
514 3998 614 4063 μὲν
638 3997 826 4060 οὐσίας
843 4000 1107 4068 φήσομεν,
1134 3997 1573 4069 συνθησομένους
1588 4000 1763 4068 ἑτερου

1880 3996 2143 4059 εεεειιιίσ»,
2210 3995 2294 4049 vel
2345 3995 2579 4050 actionis
2632 4009 2828 4049 nomen
2885 4002 2998 4047 est:
3058 3994 3137 4048 sic
3177 3995 3322 4048 enim
3347 4010 3445 4050 nos

173 4091 359 4146 ούσιον
382 4086 520 4144 εἶναι
548 4091 639 4143 τὸν
664 4090 790 4143 Υἰόν
810 4108 821 4119 ·
850 4091 1035 4161 ἐπειδὴ
1059 4092 1154 4161 μία
1174 4091 1271 4161 μὲν
1287 4090 1444 4143 οὐσία
1465 4090 1625 4154 Θεοῦ,
1642 4091 1769 4144 ταύ-

171 4202 278 4255 την
311 4184 390 4248 δὲ,
422 4182 498 4247 ὡς
522 4177 687 4246 οὗτοι,
708 4182 1143 4252 προκατείληφεν
1165 4184 1191 4234 ό
1222 4183 1438 4252 Πατήρ·
1475 4183 1523 4234 εἰ
1552 4182 1606 4234 δὲ
1624 4184 1766 4253 ἐνερ-

172 4279 356 4346 γείας,
371 4276 581 4346 ποίημα
599 4273 787 4343 σαφῶς
807 4274 1260 4344 ὁμολογήσοντας,
1276 4273 1390 4326 ἀλλ’
1412 4273 1473 4326 οὐ
1494 4274 1761 4344 γέννημα·

172 4364 238 4423 οὗ
269 4368 380 4440 γὰρ
404 4369 433 4421 ό
461 4367 723 4439 ἐνεργῶν,
750 4368 864 4420 ἐκεῖ
889 4368 1107 4430 πάντως
1140 4368 1234 4419 καὶ
1258 4366 1320 4418 τὸ
1352 4367 1761 4437 ὲνεργούμενον.

1870 4085 2123 4155 utrinque
2156 4086 2231 4140 ita
2284 4087 2546 4142 astrictos
2604 4095 2813 4156 putant,
2849 4096 2910 4141 ut
2955 4085 3099 4140 nulla
3136 4088 3346 4141 ratione
3373 4103 3442 4142 ex

1868 4191 2056 4230 eorum
2099 4176 2329 4231 vinculis
2356 4177 2497 4233 elabi
2540 4180 2829 4248 possimus.
2883 4179 2940 4234 Si
2981 4181 3129 4235 enim
3189 4184 3443 4238 essentia:

1873 4283 2068 4323 nomen
2096 4282 2217 4322 esse
2241 4269 2562 4334 dixerimus,
2587 4272 2967 4335 assentiemur,
3020 4279 3081 4325 ut
3104 4271 3441 4341 existimant,

1873 4361 2072 4415 Filium
2114 4360 2384 4414 diversam
2414 4377 2443 4415 a
2484 4361 2643 4416 Patre
2673 4362 2963 4418 essentiam
2993 4363 3231 4420 habere:
3262 4381 3439 4434 quan-

172 4461 290 4515 Καί
303 4457 420 4522 πῶς
433 4456 513 4528 τῷ
527 4456 849 4526 πεποιηκότι
868 4455 1059 4509 ταυτὸν
1079 4454 1139 4508 τὸ
1154 4470 1349 4524 πεποιη
1359 4454 1536 4524 μένον,
1556 4454 1656 4508 θαυ
1665 4454 1763 4524 μά-

1880 4452 2162 4522 doquidem
2222 4468 2327 4507 una
2375 4454 2448 4509 sit
2495 4454 2588 4511 Dei
2636 4454 2895 4521 essentia,
2940 4470 3102 4525 quam
3156 4455 3339 4523 Pater,
3381 4468 3443 4514 ut

172 4675 660 4739 Eunomianorum,
697 4681 751 4728 et
803 4670 1049 4741 exemplo
1105 4685 1298 4726 canum
1366 4671 1507 4740 quod
1564 4669 1757 4727 affere-

171 4750 326 4802 bant.

245 4817 361 4886 (ii)
402 4816 688 4886 Φύσεων.
714 4812 861 4878 Pan,
899 4812 1097 4883 aliique
1141 4812 1382 4868 nonnulli
1422 4812 1657 4879 codices,
1704 4819 1759 4866 et

170 4886 300 4943 Bas.
342 4884 347 4886 ⁷
365 4888 451 4941 ed.
464 4928 477 4949 ,
490 4889 588 4956 τῆς
621 4884 858 4954 φύσεως.

248 4952 832 5029 (12)Εἱτὸ’ἰσὸτιμον
853 4954 940 5023 μὴ
970 4954 1187 5029 ἔχοιεν.
1226 4974 1254 5029 Δ(
1288 4954 1517 5009 Delenda
1549 4960 1653 5029 est,
1683 4952 1758 5029 i_n-

172 5023 294 5098 quit
322 5028 532 5092 Billius,
570 5023 1133 5098 particulamegativa
1171 5025 1434 5098 μήνψιω
1471 5023 1649 5078 exstat
1701 5023 1755 5078 in

175 5094 519 5166 Hervagiano
550 5094 754 5151 codice.
788 5114 807 5147 ι
840 5094 1194 5166 Combeiisius
1223 5094 1453 5166 primum
1483 5107 1752 5166 repugna-

172 5171 274 5233 vit,
297 5164 390 5222 sed
417 5168 610 5221 deinde
633 5167 923 5221 consensit.
966 5164 1073 5220 Nos
1103 5181 1229 5220 vero
1265 5165 1567 5233 ncgativam
1612 5165 1754 5233 banc

170 5232 496 5306 particulam
538 5237 759 5291 minime
790 5236 1070 5289 delendam
1122 5232 1433 5291 censemus.
1463 5232 1753 5306 Gregorius

170 5304 318 5363 enim
351 5308 717 5362 Eunomianos
742 5306 1013 5371 refellens,
1041 5306 1277 5360 ostendit
1312 5305 1643 5374 propositum
1682 5304 1750 5357 ab

172 5381 305 5446 ipsis
332 5378 654 5448 ὁμωνυμίας
683 5378 1035 5448 exemplum,
1057 5378 1123 5430 ad
1152 5378 1522 5448 aequalitatem
1558 5387 1751 5441 quam-

171 5452 296 5503 dam
327 5446 696 5517 specie‘tenus
723 5448 775 5501 in
827 5447 1074 5516 personis
1126 5446 1752 5517 servandam,_ineptum

169 5532 327 5581 esse;
359 5515 1031 5588 et,quidquidimgentur,
1063 5531 1248 5588 parem
1275 5531 1379 5571 non
1416 5515 1755 5588 habere_ho-

172 5590 325 5644 noris
360 5583 700 5657 dignitatem,
726 5587 777 5640 id
816 5583 958 5656 quod
984 5583 1367 5644 ita—dividunt:
1400 5600 1498 5639 nec
1522 5583 1755 5650 denique

168 5675 237 5713 eo
265 5656 450 5715 animi)
476 5674 671 5711 canum
695 5658 1013 5728 ὁμωνυμίαν
1040 5656 1108 5710 ab
1149 5657 1277 5723 ipsis
1307 5657 1577 5728 inductam
1612 5669 1751 5728 esse,

173 5741 231 5785 ut
264 5730 383 5788 uari
421 5729 683 5787 dignitate
726 5724 844 5784 esse
877 5724 1136 5790 ucisuuas
1176 5726 1547 5793 ostenderent,
1578 5724 1671 5781 sed
1699 5734 1755 5780 ut

1865 4674 1937 4728 im
1946 4690 2007 4743 pa
2017 4688 2103 4729 res
2141 4676 2456 4744 probarent.

1931 4744 2042 4816 (15)
2076 4743 2158 4800 Οὐ
2188 4746 2300 4815 γὰρ
2326 4747 2427 4800 ἵν’.
2483 4744 2575 4803 Sic
2602 4745 2769 4803 Coisl.
2818 4746 2843 4800 1
2894 4754 2948 4801 et
2978 4746 3033 4811 5,
3073 4744 3165 4801 0r.
3200 4745 3251 4812 1,
3289 4743 3440 4813 Pan,

1857 4822 1963 4869 etc.
1992 4815 2148 4870 Deest
2183 4816 2270 4869 ἵνα
2306 4818 2358 4869 in
2398 4818 2485 4871 ed.

1961 4884 2041 4953 l4)
2071 4884 2161 4939 Δέ.
2205 4887 2363 4940 Deest
2387 4888 2437 4939 in
2469 4886 2759 4941 nonnullis.

1957 4954 2041 5023 15)
2100 4957 2183 5010 Οὐ
2242 4957 2354 5026 γὰρ
2408 4955 2635 5027 ἁπλῶς,
2700 4965 2805 5011 etc.
2873 4954 3055 5011 Scbol.
3120 4970 3136 5027 ς
3193 4953 3296 5027 Οὑῷ
3331 4954 3439 5027 γάρ

1856 5023 1957 5079 ὅσα
1992 5027 2132 5080 κατὰ
2192 5023 2286 5079 τοῦ
2316 5023 2515 5080 ἀἰτίου
2567 5026 2806 5095 λέγεται,
2869 5027 2963 5079 καὶ
3008 5023 3151 5079 κατὰ
3202 5023 3298 5076 τοῦ
3334 5023 3438 5093 (pti-

1861 5112 1963 5148 σει·
2000 5114 2018 5147 ι
2056 5097 2172 5153 Non
2207 5098 2352 5151 enim
2389 5113 2723 5165 quaecunque
2760 5098 2827 5150 de
2865 5111 3027 5151 causa
3056 5097 3330 5160 dicuntur,
3372 5097 3440 5151 de

1860 5182 1923 5221 eo
1945 5167 2105 5221 etiam
2137 5168 2276 5236 quod
2307 5176 2390 5221 est
2419 5176 2610 5236 natura
2638 5167 2911 5236 dicuntur.

1931 5236 2044 5304 (16)
2079 5232 2409 5306 summa.
2446 5235 2562 5306 Duo
2603 5236 2737 5305 Reg.
2771 5247 2824 5289 et
2850 5232 2944 5289 Or.
2979 5236 3032 5297 1,
3074 5232 3314 5306 σύναγεη
3393 5254 3396 5306 ς

1928 5308 2040 5376 (i7)
2083 5304 2262 5374 Παρὰ
2296 5304 2360 5360 τὸ
2393 5304 2500 5374 πῆ.
2526 5305 2661 5376 Reg.
2694 5304 2747 5371 a,
2776 5306 3125 5378 παρατροπῇ.
3171 5304 3336 5359 Coisl.
3383 5304 3436 5372 Ι,

1858 5379 2243 5448 παρατροπήν.

1924 5442 2297 5517 (’18)”Ὠοέπερ
2313 5445 2542 5517 cincto.
2576 5445 2667 5502 Sic
2689 5445 2910 5517 exponit
2936 5444 3080 5517 Elias
3115 5460 3129 5496 :
3164 5462 3183 5495 «
3207 5442 3440 5517 Perinde

1851 5512 2058 5588 scilicet
2097 5512 2363 5572 iaciebant
2399 5512 2781 5588 (Eunomiani),
2829 5530 2892 5588 ac
2919 5516 2964 5570 si
3005 5515 3288 5570 dicerent:
3336 5512 3438 5588 llic

1855 5588 1937 5641 vel
1973 5587 2058 5642 ille
2093 5589 2255 5642 homo
2304 5584 2547 5656 mortuus
2596 5603 2709 5656 non
2741 5584 3051 5656 respirat:
3080 5601 3208 5656 ergo
3250 5584 3430 5656 omnis

1855 5661 2016 5712 homo
2054 5674 2159 5712 non
2209 5659 2456 5725 respirat.
2498 5655 2615 5718 Vel,
2648 5655 2899 5727 Ethiops
2952 5655 3106 5713 albus
3142 5654 3227 5712 est
3254 5654 3433 5710 denti-

1852 5729 1993 5786 bus:
2022 5743 2149 5798 ergo
2190 5738 2333 5785 totus
2372 5729 2525 5786 albus
2550 5738 2650 5787 est.
2689 5746 2709 5779 ι
