3890 6214
471 314 544 371 95
1711 320 1767 375 S.
1808 319 2137 378 GREGORll
2174 321 2521 379 THEOLOGI
3653 322 3729 380 98

471 437 719 492 censent,
740 444 853 495 1am
909 438 1037 486 ante
1092 434 1394 501 occuparit.
1431 435 1529 490 Sin
1560 445 1742 490 autem
1790 438 2037 505 actionis,

2152 440 2202 506 ξε
2211 457 2259 494 ιν
2274 441 2555 512 φήσουσιν.
2584 437 2795 508 Σφόδρα
2810 436 2875 491 ἂν
2890 436 3121 509 ᾐδέσθην
3151 435 3304 507 ὑμῶν
3330 436 3423 490 καὶ
3448 436 3612 501 αὐτὸς
3626 439 3734 507 τὴν

467 529 712 575 creatum
743 534 865 577 esse
920 520 1235 589 fatebimur,
1290 524 1451 596 535
1497 543 1604 583 non
1641 530 1902 599 genitum.
1940 531 2041 585 Ubi

466 615 612 668 enim
641 622 728 669 est
756 629 941 683 agens,
972 616 1087 672 illic
1113 632 1330 687 quoque
1360 619 1586 674 omnino
1624 620 1678 674 id
1702 622 1844 690 quod
1868 622 2045 692 agitur

465 722 589 762 esse
615 721 837 764 necesse
882 719 987 764 est.
1049 710 1127 765 Ac
1156 711 1343 766 mirari
1407 726 1466 767 se
1498 713 1699 777 dicent,
1748 729 1854 784 quo
1887 725 2044 783 pacto

469 800 665 854 factum
717 816 840 856 cum
896 802 1105 860 factore
1150 805 1293 860 idem
1345 820 1470 862 esse
1498 816 1684 878 queat.
1711 807 1793 863 Me
1829 824 2044 879 quoque

468 890 644 958 ipsum
677 894 1030 949 vehementer
1085 897 1197 952 haec
1232 899 1507 954 distinctio
1550 910 1726 955 vestra
1764 915 2045 970 permove-

468 994 570 1043 rel,
597 983 643 1036 si
673 984 803 1040 mihi
823 987 1050 1041 duorum
1077 986 1399 1044 alterutrum
1427 992 1736 1047 necessario
1757 993 2046 1049 admitten~

475 1071 600 1124 dum
630 1084 794 1138 esset,
854 1088 917 1128 ac
971 1089 1077 1129 non
1131 1078 1335 1145 potius,
1388 1087 1618 1146 utraque
1671 1077 2045 1147 disjunctionis

468 1173 623 1228 parte
652 1165 842 1229 vitata,
876 1167 1094 1220 tertium
1135 1168 1340 1239 aliquid
1383 1172 1567 1226 verius
1615 1170 1801 1226 dicere
1834 1170 2042 1226 liceret.

467 1252 579 1307 Nec
603 1254 745 1309 enim
786 1258 1039 1313 essentia:
1067 1274 1261 1315 nomen
1316 1272 1406 1317 est
1440 1261 1620 1329 Pater,
1655 1278 1690 1318 o
1722 1264 1821 1319 viri
1848 1265 2046 1320 acutis-

467 1346 612 1409 simi,
646 1362 743 1403 nec
795 1351 1059 1417 actionis;
1106 1354 1200 1408 sed
1262 1353 1581 1410 relationem
1636 1372 1755 1410 eam
1817 1356 2041 1420 indicat,

466 1453 631 1507 quam
653 1439 813 1495 Pater
844 1457 972 1513 erga
1010 1442 1207 1498 Filium
1244 1445 1425 1511 habet,
1461 1446 1542 1499 vel
1578 1446 1754 1504 Filius
1777 1464 1905 1517 erga
1946 1448 2045 1502 Pa-

473 1539 631 1585 trem.
676 1531 747 1589 Ut
786 1534 929 1588 enim
964 1536 1105 1603 apud
1164 1552 1263 1591 nos
1299 1536 1415 1591 lucc
1454 1537 1672 1593 nomina
1732 1555 2043 1610 germanam

480 1623 769 1691 quamdam
802 1625 1243 1694 eonjunctiouem
1277 1637 1331 1683 et
1379 1630 1833 1684 necessitudinem
1857 1631 2041 1686 decla-

468 1721 633 1767 rant:
669 1714 737 1769 ad
760 1718 1008 1770 eumdem
1062 1720 1279 1770 modum
1331 1716 1443 1772 illic
1478 1732 1695 1787 quoque
1746 1721 2043 1789 genitorem

2147 530 2429 600 διαίρεσιν,
2447 526 2618 582 είτῶν
2630 527 2723 582 δύο
2746 527 2806 581 τὸ
2832 528 3017 600 ἕτερον
3039 526 3287 592 δέξασθαι
3321 522 3389 599 ἦν
3406 528 3729 597 ἀναγκαῖον,

2150 619 2286 673 ἀλλὰ
2315 620 2389 691 μὴ
2414 620 2484 673 τὰ
2512 618 2606 672 δύο
2631 618 2984 687 διαφυγόντα,
3009 618 3190 688 τρίτον
3230 618 3404 671 εἰπεῖν
3432 617 3702 691 ἀληθέστε

2152 729 2245 783 ρον
2265 730 2279 742 ·
2315 713 2396 766 ὃτι
2429 710 2551 764 οὔτε
2589 711 2779 774 οὐσίας
2812 710 2984 781 ὄνομα
3015 712 3046 763 ὁ
3074 711 3285 779 Πατὴρ,
3332 703 3377 763 ὧ
3403 709 3729 780 σοφώτατοι,

2147 802 2270 856 οὔτε
2301 802 2610 874 ἐνεργείαςο
2649 802 2885 873 σχέσεως
2918 800 2976 854 δὲ
3020 802 3115 855 καὶ
3158 800 3251 853 τοῦ
3292 801 3410 864 πῶς
3441 801 3555 871 ἔχει
3593 802 3734 873 πρὸς

2147 894 2240 946 τὸν
2269 892 2396 946 Υἰὸν
2441 895 2470 946 ὁ
2519 891 2730 963 Πατὴρ,
2763 891 2796 962 ἢ
2832 893 2865 944 ὁ
2893 891 3017 953 Υἱὸς
3052 890 3191 962 πρὸς
3235 891 3325 945 τὸν
3365 893 3605 963 Πατέρα.
3646 893 3735 957 Ὠς

2147 985 2259 1056 γὰρ
2286 987 2415 1056 παρ’
2444 987 2574 1057 ἡμῖν
2604 987 2660 1038 αἱ
2696 984 2919 1054 κλήσεις
2958 978 3117 1038 αὗται
3153 984 3215 1037 τὸ
3246 985 3468 1056 γνήσιον
3512 986 3610 1039 καὶ
3652 987 3734 1038 οἰ-

2150 1080 2296 1131 κεῖον
2317 1077 2695 1148 γνωρίζουσιν,
2720 1075 2865 1129 οὕτω
2886 1077 3049 1129 κάκεῖ
3073 1075 3173 1146 τὴν
3200 1074 3295 1129 τοῦ
3327 1077 3734 1148 γεγεννημένου

2150 1168 2287 1238 πρὸς
2312 1167 2371 1221 τὸ
2396 1168 2722 1237 γεγεννηκὸς
2749 1168 3025 1238 ὁμοφυῒαν,
3048 1166 3424 1237 σημαίνουσιν.
3452 1168 3636 1221 Ἔστω
3653 1167 3732 1233 δὲ,

2149 1256 2305 1327 ὑμῶν
2332 1257 2511 1327 χάριν,
2542 1256 2636 1309 καὶ
2658 1256 2849 1320 οὐσίας
2878 1257 2989 1328 (19)
3014 1273 3097 1321 τις
3117 1258 3145 1309 ὁ
3166 1258 3387 1329 Πατήρο
3425 1258 3734 1324 πνεισάξει

2149 1349 2240 1402 τὸν
2291 1348 2439 1411 Υίὸν,
2493 1349 2594 1401 οὐκ
2635 1347 3005 1419 ἀλλοτριώσει,
3059 1348 3201 1402 κατὰ
3246 1348 3347 1412 τὰς
3398 1348 3585 1413 κοινὰς
3648 1351 3734 1403 ὲν-

2148 1441 2298 1503 νοίας
2328 1439 2463 1508 (20),
2493 1439 2589 1492 καὶ
2646 1437 2746 1510 τὴν
2801 1439 2910 1493 τῶν
2952 1440 3199 1509 κλήσεων
3238 1439 3444 1493 τούτων
3478 1438 3730 1508 δύναμιν.

2153 1534 2335 1586 Ἔστω
2367 1534 2461 1585 καὶ
2490 1532 2789 1603 ἐνεργείας,
2821 1533 2869 1585 εί
2892 1532 3051 1585 τοῦτο
3068 1533 3242 1585 δοκεῖ·
3275 1532 3395 1585 οὐδὲ
3416 1531 3559 1585 οὕτω
3581 1534 3734 1603 ἡμᾶς

2150 1625 2403 1696 αἱρήσετε
2441 1623 2571 1694 (2|).
2604 1623 2746 1676 Αὐτὸ
2777 1622 2833 1676 δὲ
2865 1623 2975 1694 (22)
3008 1622 3166 1677 τοῦτο
3192 1622 3516 1695 ὲνηργηκὼς
3545 1623 3613 1677 ἂν
3644 1624 3732 1692 εἴη

2148 1715 2211 1767 τὸ
2250 1714 2556 1786 ὀμοούσιον,
2596 1714 2630 1785 ἢ
2669 1714 2763 1767 καὶ
2796 1714 2907 1785 (25)
2937 1714 3138 1776 ἄτοπος
3175 1715 3351 1779 ἄλλως
3388 1718 3422 1785 ἡ
3456 1715 3559 1784 τῆς
3597 1715 3734 1784 περὶ

468 1820 534 1859 ac
574 1807 813 1871 genitum
857 1808 1102 1861 eamdem
1164 1816 1414 1862 naturam
1468 1809 1672 1863 habere
1723 1810 2047 1879 signiﬁcant.

2152 1807 2310 1861 τοῦτο
2332 1806 2611 1879 ἐνεργείας
2641 1806 2924 1876 ὑπόληψις.
2966 1807 3128 1878 Ὁρᾷς
3146 1808 3292 1872 ὅπως
3320 1807 3494 1879 ὑμῶν,
3523 1807 3619 1860 καὶ
3635 1824 3735 1861 κα-

470 1894 579 1951 Sed
614 1896 686 1951 sit
724 1911 876 1962 sane,
910 1897 962 1951 in
996 1898 1159 1953 vestri
1186 1898 1440 1968 gratiam,
1474 1899 1634 1955 Pater
1679 1900 1931 1956 essentia:
1955 1914 2047 1957 no-

2152 1901 2412 1971 κομαχεῖν
2467 1898 2795 1966 ἐθελόντων,
2853 1898 2955 1962 τὰς
3030 1900 3270 1972 στροφὰς
3323 1900 3730 1971 διαφεύγομενς

388 1998 395 2005 ’
471 2000 638 2041 men:
680 1985 878 2041 Filium
930 1988 1114 2058 utique
1152 1989 1314 2043 simul
1367 1990 1689 2056 introducet,
1737 2006 1842 2046 non
1870 1999 2047 2046 autem

2152 1991 2300 2043 Ἐπεὶ
2352 1989 2412 2042 δέ
2464 2006 2558 2043 σου
2606 1990 2668 2043 τὸ
2720 1991 2778 2043 ἐν
2824 1992 2936 2052 τοῖς
2978 1989 3254 2062 λογισμοῖς
3288 1993 3383 2045 καὶ
3419 1996 3539 2054 ταῖς
3573 2008 3736 2063 στρο-

471 2080 793 2145 removebit,
847 2087 903 2135 et
953 2080 1228 2147 alienabit,
1267 2091 1325 2135 ut
1367 2092 1420 2137 et
1450 2098 1763 2139 communes
1791 2085 2037 2138 notiones

2152 2084 2276 2150 φαῖς
2322 2081 2532 2151 ἄμαχον
2578 2080 2842 2151 ἔγνωμεν,
2876 2081 3073 2152 ἴδωμέν
3114 2099 3208 2135 σου
3245 2083 3341 2136 καὶ
3381 2083 3480 2151 τὴν
3516 2085 3581 2136 ὲκ
3621 2083 3733 2137 τῶν

474 2169 679 2234 ferunt,
702 2181 757 2226 et
793 2173 907 2242 ipsa
937 2173 1130 2226 borum
1166 2172 1447 2228 nominum
1478 2177 1559 2229 vis
1588 2189 1652 2228 ac
1686 2173 1932 2229 facultas.
1961 2172 2047 2228 Sit

2152 2169 2303 2223 θείων
2341 2170 2536 2239 λογίων
2574 2170 2750 2241 ἰσχὺν,
2793 2170 2859 2225 ἂν
2887 2171 2995 2226 an.
3023 2171 3152 2243 δέξῃ
3189 2172 3482 2228 κάντεῦθεν
3512 2172 3729 2227 πείθειν

470 2263 634 2316 etiam
664 2262 915 2326 actionis,
948 2264 992 2318 si
1026 2263 1097 2317 ita
1124 2264 1373 2318 videtur:
1419 2280 1516 2319 nec
1545 2265 1628 2320 sic
1665 2265 1881 2335 quidem
1920 2279 2046 2320 cau-
2143 2265 2314 2334 ἡμᾶς.

470 2368 587 2408 sam
621 2353 955 2409 obtinebitis.
988 2355 1188 2409 Eodem
1256 2355 1403 2410 enim
1456 2357 1613 2411 modo
1666 2356 1909 2411 dicemus
1940 2355 2043 2410 hoc
2082 2354 2257 2422 ipsum
2281 2354 2458 2424 egisse
2487 2355 2727 2420 Patrem,
2782 2364 2841 2410 ut
2879 2355 3357 2412 consubstantialis
3415 2356 3521 2423 ipsi
3556 2355 3734 2412 Filius

469 2459 651 2515 esset;
681 2451 784 2505 etsi
815 2450 1013 2519 alioqui
1046 2450 1381 2506 absurditate
1406 2466 1508 2504 non
1544 2460 1697 2505 caret
1735 2450 2041 2519 hujusmodi
2083 2448 2315 2503 actionis
2344 2449 2549 2516 Opinio.
2613 2448 2850 2504 Videsne
2889 2464 2997 2518 quo
3040 2458 3218 2517 pacto,
3263 2450 3560 2519 quamlibet
3621 2450 3728 2503 im-

470 2548 638 2608 probe
661 2556 725 2595 ac
756 2540 987 2612 maligne
1019 2556 1259 2612 pugnare
1311 2543 1626 2611 studentis,
1682 2544 1958 2614 captiones
2016 2551 2196 2596 tamen
2259 2554 2467 2595 vestras
2521 2540 2882 2612 eﬂtigiamus?
2936 2542 3200 2607 Quoniam
3238 2552 3414 2596 autem
3470 2542 3731 2597 invictum

472 2636 604 2691 illud
640 2644 788 2690 tuum
836 2636 891 2690 iu
960 2637 1464 2694 ratiocinationibus
1507 2648 1561 2693 et
1630 2638 1860 2707 argutiis
1923 2636 2090 2692 robur
2126 2635 2503 2707 cognovimus,
2554 2636 2831 2690 videamus
2879 2633 2992 2704 iam
3041 2651 3203 2704 quam
3256 2636 3366 2690 vim
3415 2637 3468 2691 in
3532 2636 3728 2690 divini:

472 2729 708 2786 oraculis
735 2730 962 2801 positam
992 2731 1212 2800 habeas,
1239 2732 1286 2787 si
1316 2736 1476 2786 modo
1518 2734 1643 2787 hinc
1694 2746 1911 2802 quoque
1949 2730 2106 2785 nobis
2132 2732 2325 2797 dOgma
2360 2739 2508 2784 tuum
2541 2730 2866 2796 persuadere
2890 2745 2995 2783 non
3024 2745 3191 2800 grave
3210 2730 3395 2785 ducas.

547 2825 713 2880 XVll.
751 2823 862 2881 Nos
886 2825 1081 2895 quippe
1155 2840 1222 2881 ex
1259 2827 1470 2896 magnis
1527 2833 1582 2882 et
1631 2826 1862 2883 excelsis
1893 2826 2041 2882 voci-

2217 2826 2314 2878 IZ'.
2365 2823 2557 2894 Ἡμεῖς
2589 2823 2686 2895 μὲν
2714 2821 2824 2894 γὰρ
2863 2824 2927 2876 ὲκ
2964 2823 3217 2893 μεγάλων
3242 2823 3335 2876 καὶ
3360 2823 3581 2895 ὑψηλῶν
3624 2828 3724 2878 τῶι
3772 2822 3779 2827 ’

470 2922 573 2975 bus
596 2918 722 2974 Filii
754 2918 1095 2973 divinitatem
1130 2919 1494 2988 percepimus,
1552 2933 1615 2973 ac
1658 2918 2041 2988 praedicamus.

2152 2915 2364 2987 φωνῶν,
2392 2914 2485 2968 τοῦ
2514 2911 2645 2966 Υἱοῦ
2677 2913 2776 2985 τὴν
2805 2912 3035 2985 θεότητα
3063 2914 3156 2967 καὶ
3179 2913 3609 2985 κατειλήφαμεν,
3638 2933 3733 2969 και

466 3010 677 3079 Quibus
707 3008 967 3065 tandem?
996 3008 1094 3064 His
1118 3010 1399 3077 nimirum,
1428 3011 1589 3076 Deus,
1619 3011 1879 3075 Verbum,
1902 3012 2042 3081 quod

2152 3002 2518 3073 κηρύσσομεν.
2554 3002 2727 3055 Τίνων
2744 3000 2999 3065 ’τούτωπ
3025 3004 3134 3074 Τῆς
3165 3003 3316 3067 Θεὸς,
3345 3004 3443 3074 τῆς
3479 3003 3673 3072 Λόγος,
3708 3011 3723 3055 c’

468 3102 526 3157 in
558 3101 825 3172 principio
856 3109 996 3165 erat,
1035 3109 1088 3156 et
1125 3116 1247 3155 cum
1275 3102 1562 3171 principio.
1591 3110 1648 3158 et
1680 3102 2043 3172 principium:

471 3199 533 3247 ut
566 3193 619 3247 in
656 3192 741 3247 bis
769 3191 937 3246 locis:
976 3189 1045 3246 In
1069 3190 1326 3261 principio
1358 3199 1472 3245 erat
1534 3190 1777 3257 Verbum,
1829 3201 1879 3247 et
1923 3190 2050 3247 Ver-

469 3285 593 3341 bum
624 3294 736 3341 erat
764 3286 904 3355 apud
941 3284 1126 3350 Deum,
1158 3291 1206 3336 et
1264 3282 1399 3337 Deus
1432 3295 1545 3337 erat
1599 3282 1821 3338 Verbum
1860 3284 1940 3349 ¹⁶;
1972 3293 2045 3350 et,

474 3376 666 3431 Tecum
699 3377 1014 3447 principium
1048 3377 1128 3443 ";
1159 3383 1236 3439 et,
1278 3375 1381 3440 Qui
1415 3385 1557 3429 vocat
1613 3393 1727 3430 eam
1760 3393 1793 3430 a
1833 3390 2050 3445 genera—

474 3468 703 3523 tionibus
729 3467 1045 3534 principium
1064 3466 1128 3519 “.
1156 3466 1236 3519 Ad
1277 3467 1393 3520 hac
1421 3464 1591 3520 Filius
1636 3465 1946 3535 unigenitus
1969 3466 2051 3519 di-

470 3560 650 3614 citur:
685 3556 994 3625 Unigenitus
1019 3556 1216 3625 Filius,
1242 3557 1332 3628 qui
1362 3568 1436 3611 est
1476 3557 1531 3610 in
1564 3558 1685 3611 sinu
1723 3555 1917 3622 Patris,
1944 3557 2050 3623 ipse

472 3651 736 3704 enarravit
770 3649 833 3701 ¹⁹.
867 3648 987 3714 Via,
1022 3647 1259 3714 Verilas,
1287 3648 1430 3712 Vita,
1459 3652 1611 3707 Lux:
1651 3648 1761 3717 Ego
1807 3664 1922 3701 sum
1946 3648 2047 3708 uia.

471 3741 665 3795 veritas
692 3750 742 3794 et
769 3742 875 3794 vita
902 3740 985 3805 '°;
1018 3749 1091 3804 et,
1126 3738 1237 3808 Ego
1257 3757 1374 3794 sum
1398 3740 1497 3795 lus:
1526 3740 1708 3793 mundi
1731 3741 1797 3792 ²¹.
1824 3738 2050 3807 Sapien-

472 3832 569 3897 tia,
595 3832 870 3897 Potentia;
893 3830 1132 3886 Christus
1154 3831 1247 3885 Dei
1262 3834 1493 3901 potentia
1514 3841 1560 3885 et
1591 3831 1685 3886 Dei
1702 3832 1959 3899 sapientia
1981 3829 2046 3880 ³⁸.

478 3925 768 3995 Splendor,
832 3925 1156 3993 Character,
1193 3925 1395 3993 Imago,
1438 3924 1711 3994 Sigillum,
1764 3932 1825 3976 ut
1878 3922 1931 3974 in
1968 3919 2051 3973 liis

474 4018 695 4074 verbis:
731 4018 975 4084 Quicum
1009 4018 1076 4071 sit
1125 4017 1372 4086 splendor
1414 4016 1598 4087 gloria:
1641 4015 1735 4080 “;
1793 4024 1869 4079 et,
1911 4010 2052 4068 Cha-

474 4119 649 4161 racter
694 4108 1001 4162 substantia?
1036 4108 1204 4177 ipsius
1227 4107 1315 4175 “;
1366 4116 1446 4172 et,
1483 4105 1665 4175 Imago
1699 4103 1944 4158 bonitatis
1966 4102 2049 4168 ²³;

473 4207 531 4252 et
576 4198 683 4253 alio
709 4198 859 4254 loco:
891 4198 1053 4264 Quem
1099 4197 1266 4253 Pater
1318 4197 1541 4268 signavit
1601 4195 1743 4249 Deus
1768 4195 1836 4249 “.
1873 4193 2051 4247 Domi-

474 4305 602 4355 nus,
631 4291 768 4354 Res,
797 4290 924 4357 Eas,
955 4291 1311 4362 Omnipotens
1343 4308 1357 4344 :
1400 4288 1548 4343 l’luit
1603 4287 1765 4358 536
1800 4285 2049 4338 Dominus

2149 3096 2208 3148 ὲν
2235 3095 2398 3166 ἀρχῇ,
2431 3095 2460 3147 ὁ
2497 3093 2635 3163 μετὰ
2660 3092 2759 3164 τῆς
2783 3093 2978 3163 ἀρχῆςς
3007 3095 3041 3165 ἡ
3076 3094 3248 3165 ἀρχή·
3284 3094 3386 3146 Ἐν
3404 3092 3563 3163 ἀρχῇ
3592 3091 3675 3164 ἦν
3704 3117 3723 3147 ι

2149 3186 2361 3256 Λόγος,
2391 3185 2488 3238 καί
2513 3187 2546 3237 ό
2581 3184 2772 3253 Λόγος
2809 3178 2889 3253 ἦν
2926 3183 3075 3251 πρὸς
3104 3183 3212 3235 τὸν
3249 3183 3418 3247 Θεὸν,
3449 3184 3547 3237 καί
3587 3185 3721 3241 Θεὸι

2147 3271 2228 3346 ἦν
2261 3278 2295 3330 ό
2322 3276 2514 3345 Λόγος
2535 3290 2550 3306 ο
2591 3273 2706 3336 καὶ,
2738 3274 2901 3329 Μετὰ
2943 3272 3060 3327 σοῦ
3094 3274 3132 3341 ἠ
3164 3273 3319 3342 ἀρχή
3342 3289 3355 3303 ⁸
3387 3274 3502 3340 καὶ,
3543 3275 3599 3326 Ὀ
3632 3292 3712 3330 κα

2148 3366 2276 3422 λῶν
2301 3365 2499 3435 αὐτὴν
2522 3365 2639 3419 ἀπὸ
2678 3363 2899 3434 γενεῶν
2921 3364 3118 3432 ἀρχήν
3154 3365 3287 3431 (24).
3340 3365 3556 3436 Ἐπειδὴ
3602 3366 3743 3431 Υἱὸς

2152 3454 2468 3529 μονογενὴς,
2517 3455 2580 3508 '0
2596 3452 2935 3523 μονογενὴς
2966 3454 3118 3518 Υἱὸς,
3149 3456 3183 3506 ὀ
3209 3449 3294 3504 ὢν
3321 3454 3408 3518 είς
3444 3454 3552 3507 τὸν
3588 3457 3738 3510 κόλ-

2150 3567 2269 3605 πον
2308 3549 2414 3604 τοῦ
2443 3546 2693 3615 Πατρὸς,
2724 3545 2954 3610 ἐκεῖνος
2977 3542 3338 3613 ἐξηγήσατο.
3370 3544 3538 3610 Ὁδὸς,
3575 3546 3738 3618 Ἀλή-

2152 3642 2289 3706 θεια,
2334 3640 2479 3712 Ζωὴ,
2517 3639 2638 3702 Φῶς
2663 3654 2675 3668 ⁸
2723 3636 2871 3705 Ἐγώ
2912 3638 3028 3705 ειμι
3068 3636 3107 3703 τι
3154 3634 3314 3699 ὁδὸς,
3366 3635 3466 3689 καὶ
3512 3636 3550 3703 ἡ
3581 3635 3739 3703 ἀλή-

2154 3736 2307 3796 θεια,
2356 3729 2456 3784 καί
2483 3730 2524 3797 ἡ
2570 3727 2712 3796 ζωή·
2762 3725 2872 3790 καὶ,
2920 3723 3063 3795 Ἐγώ
3093 3727 3207 3793 είμι
3238 3724 3303 3776 τὸ
3330 3723 3457 3793 φῶς
3493 3724 3602 3778 τοῦ
3631 3727 3734 3779 κό-

2151 3841 2329 3894 σμου.
2365 3821 2553 3891 Σοφία,
2584 3818 2820 3885 Δύναμις
2840 3833 2854 3848 ο
2886 3815 3138 3883 Χριστὸς
3162 3812 3310 3868 Θεοῦ
3335 3813 3608 3882 δύναμις,
3640 3815 3740 3869 καὶ

2152 3916 2301 3972 Θεοῦ
2322 3914 2525 3982 σοφία.
2567 3908 2955 3977 Ἀπαύγασμα,
2984 3906 3305 3977 Χαρακτὴρ,
3330 3904 3523 3971 Είκὼν,
3552 3907 3740 3977 Σφρα-

2149 4008 2264 4077 γίς·
2316 4007 2413 4071 Ὃς
2455 4001 2542 4056 ὢν
2600 4000 2967 4069 ἀπαύγασμα
3019 3996 3130 4065 τῆς
3173 3996 3387 4064 δόξης·
3449 3998 3563 4061 καὶ,
3621 4000 3740 4051 Χα-

2142 4097 2376 4169 ρακτὴρ
2422 4095 2534 4163 τῆς
2562 4091 2957 4156 ὑποστάσεως
3001 4087 3189 4143 αὐτοῦ
3208 4105 3222 4121 ο
3261 4089 3374 4151 καὶ,
3401 4087 3596 4142 Είκὼν
3622 4088 3739 4158 τῆς

2151 4191 2545 4262 ἀγαθότητος·
2602 4183 2972 4251 καὶ,’Τοῦτον
3014 4181 3125 4253 γὰρ
3157 4184 3190 4235 ό
3224 4181 3427 4249 Πατὴρ
3448 4181 3739 4252 ἐσφράγι-

2152 4298 2265 4339 σεν
2292 4286 2326 4338 ό
2353 4281 2518 4343 Θεός.
2560 4277 2784 4348 Κύριος,
2817 4274 3099 4342 Βασιλεὺς,
3140 4275 3170 4327 ὁ
3204 4274 3319 4333 Ὧν,
3352 4274 3381 4326 ὁ
3415 4273 3737 4345 Παντοκρά-

475 4382 650 4451 ignem
677 4400 708 4436 α
736 4382 960 4437 Domino
981 4385 1061 4451 '7;
1093 4395 1167 4450 et,
1204 4382 1366 4453 Virga
1410 4382 1714 4435 directionis
1739 4380 1884 4448 virga
1899 4379 2043 4447 regni

2152 4390 2290 4446 τωρ·
2320 4369 2557 4439 Ἕόρεξε
2570 4370 2785 4438 Κύριος
2812 4367 2933 4434 πῦρ
2965 4364 3126 4434 παρὰ
3154 4363 3378 4431 Κυρίου
3396 4380 3410 4395 ο
3446 4363 3563 4431 καὶ,
3607 4364 3736 4419 Ῥά-

478 4475 557 4528 tui
587 4473 633 4506 ⁸⁸
666 4483 741 4540 ει,
777 4472 880 4539 Qui
904 4486 1039 4541 erat,
1058 4478 1147 4547 qui
1172 4486 1271 4542 est,
1296 4486 1343 4530 et
1371 4475 1461 4546 qui
1512 4481 1757 4528 venturus
1783 4480 1856 4525 est
1882 4471 2051 4525 omni-

476 4574 655 4631 potens
686 4564 774 4619 itte
804 4566 870 4618 ’³.
903 4566 1033 4633 Qua:
1055 4569 1338 4636 perspicue
1361 4568 1426 4622 de
1448 4565 1588 4620 Filio
1604 4566 1879 4628 dicuntur,
1908 4563 2051 4617 sicut

477 4663 534 4708 et
556 4656 660 4710 alia
685 4657 860 4727 plura,
918 4674 1039 4728 qua:
1080 4663 1328 4715 eamdem
1385 4661 1497 4714 vim
1544 4660 1769 4723 habent,
1821 4669 2049 4726 quorum

552 4771 595 4801 ⁸⁸
623 4769 779 4827 Joau.
817 4788 854 4835 ι,
884 4772 936 4829 1.
1015 4775 1057 4806 ¹⁷
1091 4774 1234 4829 Psal.
1269 4791 1383 4839 (ιιι,
1439 4775 1492 4828 5.

1573 4772 1617 4804 ¹⁸
1649 4772 1752 4826 lsa.
1777 4788 1888 4833 xu,
1910 4772 1965 4824 4.
2046 4769 2088 4801 ¹⁹
2121 4766 2276 4820 .Ioau.
2298 4778 2348 4833 il,
2383 4758 2468 4813 18.

2152 4466 2291 4532 ϐδος
2325 4462 2670 4530 εὐθύτητος,
2712 4461 2752 4527 ἡ
2791 4456 3014 4528 ῥάϐδος
3054 4454 3166 4525 τῆς
3196 4454 3521 4519 ,ϐασιλείας
3567 4470 3687 4509 σου
3716 4473 3730 4487 ·

2154 4558 2282 4621 καὶ,
2324 4554 2388 4607 '0
2415 4551 2519 4618 ὢν,
2547 4550 2646 4605 καὶ
2679 4552 2712 4603 ό
2733 4544 2829 4619 ἦν,
2858 4549 2954 4601 καί
2980 4548 3013 4600 ὁ
3036 4546 3376 4631 ἐρχόμενος,
3406 4544 3507 4599 καὶ
3529 4549 3562 4599 ό
3582 4558 3727 4600 παν-

2156 4646 2477 4718 τοκράτωρ.
2539 4641 2735 4711 Σαψῶς
2798 4640 2927 4711 ’περῖ⁸
2982 4638 3078 4691 τοῦ
3148 4635 3276 4690 Υίοῢ
3307 4636 3597 4708 λεγόμενα,
3639 4638 3735 4691 καὶ

2546 4757 2591 4788 ²⁰
2642 4754 2799 4808 Joan.
2860 4770 2971 4814 tttv,
3028 4752 3083 4805 6.
3176 4753 3220 4783 ἰ
3288 4749 3444 4804 Joau.
3490 4767 3583 4811 vn.
3644 4752 3728 4804 l2.

478 4841 526 4872 "
549 4840 567 4893 Ι
593 4820 786 4906 (Σοί-ί,
976 4820 1383 4910 "11.36.33"
1421 4820 1625 4900 ’ζ’ἱὺίᾶ.
1649 4820 1752 4874 "iii
1920 4820 1993 4894 vit
2014 4880 2029 4907 ,
2053 4838 2143 4892 9.6.
2221 4834 2269 4865 “
2285 4820 2440 4886 Joan.
2472 4842 2547 4891 Vl,
2577 4827 2668 4880 27.
2742 4825 2785 4856 "
2810 4822 2946 4879 Gen.
2979 4822 3199 4889 “3,24.
3275 4821 3322 4852 "
3343 4820 3479 4873 Psal.
3511 4837 3655 4887 thv,
3679 4820 3728 4875 7.

477 4913 523 4943 "
544 4913 710 4978 Apoc.
737 4927 776 4975 l,
808 4913 859 4966 8.

554 5024 666 5094 (l9)
695 5025 939 5091 Οὐσίας.
968 5043 987 5076 ι
1017 5023 1167 5094 Esto,
1194 5019 1354 5094 Pater
1376 5016 1723 5094 sit_essen_tia3
1766 5030 1981 5094 nomen.
2025 5033 2045 5066 ι

483 5087 575 5148 Sic
640 5087 774 5166 Reg.
830 5087 1161 5166 (Σίρι-κείς
1219 5091 1382 5166 etiam
1458 5089 1736 5166 legendum
1801 5087 2050 5166 suadent,

479 5179 599 5229 qua:
645 5155 961 5233 seqvuuntu'r,
1018 5161 1159 5215 ἔστω
1209 5161 1302 5233 καὶ
1346 5155 1646 5232 ἐνεργείας.
1692 5156 1751 5212 In
1790 5157 1902 5223 ed.,
1958 5155 2053 5209 οὐ·-

484 5233 593 5286 σία.
626 5232 745 5295 ΒὶιΙ.
778 5252 793 5288 :
830 5252 849 5285 ι
879 5234 1110 5289 essentia
1131 5232 1413 5301 quautam.
1442 5249 1462 5282 ι

556 5304 668 5374 (20)
695 5304 855 5359 Κατὰ
883 5296 1228 5374 saginata-lit;
1251 5300 1510 5374 ἐννοίας.
1547 5298 1736 5374 t_Quis
1762 5296 1929 5374 enim,
1965 5296 2051 5374 in-

484 5367 601 5442 quit
636 5367 802 5439 Elias,
838 5367 1211 5436 tam'fatuus,‘
1248 5381 1308 5442 ut
1340 5373 1538 5442 cogitet
1576 5370 1768 5425 Filium
1829 5367 2052 5421 alterius

483 5440 789 5510 essequam
820 5443 993 5499 Patris
1032 5440 1282 5497 natura?
1318 5460 1342 5495 ›

559 5505 669 5585 (21)
686 5514 991 5585 ᾼῐρήσετε.
1020 5512 1109 5585 Sic
1137 5514 1313 5580 plures
1338 5512 1504 5581 Regg.
1525 5520 1581 5566 et
1610 5508 1785 5575 (3011).,
1816 5505 1911 5563 Or.
1941 5506 1978 5560 2
2000 5513 2053 5560 et

482 5581 671 5653 Comb}
700 5581 760 5636 lu
783 5587 892 5641 εει..
908 5582 1245 5653 ὲναιρήσετε.

568 5650 667 5776 ἓξ)
686 5655 850 5777 fere
875 5654 961 5709 δέ.
1018 5646 1150 5724 Reg.
1177 5654 1360 5723 (ἔγρῃ,
1401 5650 1599 5727 aliique
1636 5651 1768 5717 Reg.
1802 5659 1854 5704 et
1897 5646 2050 5703 Colb.

568 5740 587 5776 r
649 5740 682 5769 ν
726 5740 775 5777 ο.

484 5740 618 5779 auro
649 5740 775 5787 γαρ.

2222 5013 2333 5082 (23)
2359 5012 2567 5066 Ἠκαί.
2603 5010 2736 5082 Tres
2764 5009 2933 5082 Begg.
2952 5016 3005 5082 et
3026 5006 3119 5082 0r.
3141 5006 3192 5071 l,
3221 5003 3412 5082 είμαί.

2220 5072 2337 5205 (‘24?
2479 5081 2682 5137 καλῶν
2736 5072 2931 5161 αὐζὴῖ·
2969 5077 3087 5159 ἀπὸ
3132 5073 3354 5156 γενεῶν
3397 5072 3617 5144 ἀρχήν.
3673 5073 3729 5128 In

2220 5152 2292 5205 KX
2333 5163 2529 5205 cuntur.
2567 5150 2677 5205 ἀπὸ
2696 5166 2899 5205 γενεων
2925 5149 3121 5205 ἀργῆς.
3162 5165 3182 5199 ι
3222 5145 3327 5205 Qut
3377 5153 3725 5205 vocateaum

2149 5145 2529 5229 LXXIegitur,
2567 5150 2677 5229 ἀπὸ
2696 5145 3182 5229 γενεῶνάρχῆςζι
3222 5145 3327 5212 Qui
3377 5153 3725 5229 vocateanm

2150 5215 2392 5292 nempe:
2425 5215 2793 5292 δικαιοσύνην,
2846 5238 2865 5272 ι
2897 5215 3187 5292 justitiam,
3239 5230 3269 5269 a
3321 5215 3729 5283 generatiouum

2152 5287 2436 5364 principio.
2468 5311 2487 5344 ι
2524 5287 2929 5364 Vulgata__vero
2976 5289 3075 5364 sic_
3095 5287 3295 5364 habet:
3328 5298 3591 5364 Lvocans
3630 5298 3725 5364 ge:

2154 5354 2458 5418 iterationes
2491 5361 2558 5415 ab
2610 5354 2855 5415 e'xordio.
2891 5375 3015 5411 s—t
3050 5357 3283 5411 Aduolat
3331 5354 3499 5415 Elias,
3556 5354 3731 5419 inquit

2150 5433 2355 5497 Billius,
2395 5449 2413 5482 ι
2441 5430 2760 5503 ἱηίριιιτὶμυε
2801 5423 3395 5503 exemplaribusﬁpxﬁc
3426 5423 3551 5487 legi,
3594 5439 3712 5503 ,μου

2149 5504 2345 5572 ἀρχήν,
2372 5511 2431 5555 ut
2466 5497 2604 5573 idem
2620 5500 2720 5573 rsit_.
2753 5502 2894 5573 quod
2918 5514 2949 5551 a
2975 5497 3414 5573 generationibus
3438 5497 3728 5573 sempiter-

2154 5562 2258 5626 nis:
2280 5562 2447 5643 'l’orrro
2487 5571 2539 5624 in
2565 5572 2651 5643 ed.
2687 5562 2811 5623 Bas.
2848 5562 3159 5643 inseruntur
3202 5579 3296 5618 ses
3343 5562 3496 5643 lignea:
3528 5579 3651 5643 qua:
3676 5563 3726 5615 in

2158 5644 2319 5696 nullis
2347 5642 2467 5695 aliis
2503 5641 2663 5697 codd.
2705 5639 3076 5709 reperiuntur;
3119 5646 3344 5709 ets-aue
3379 5639 3730 5702 interpretem

2155 5713 2329 5783 petius
2364 5727 2522 5783 quam
2545 5705 2864 5780 Gregorium
2901 5709 3071 5779 ipsum
3114 5705 3372 5761 redolent.
3400 5719 3442 5775 Δι
