3890 6214
415 280 488 341 99
1612 267 1671 323 S.
1714 261 2043 320 GREGORII
2084 258 2431 316 TIIEOLOGI

3556 254 3663 310 100

420 393 634 466 abiecta
664 390 767 445 hac
806 389 1116 460 dogmatum
1159 387 1462 443 humilitate
1525 395 1579 439 et
1615 382 1883 448 crassitie,
1948 379 2231 435 sublimior
2298 393 2458 443 esse,
2512 377 2779 446 simulque
2829 390 2951 430 cum
3009 373 3288 428 divinitate
3336 373 3655 435 ascendere,

420 464 528 542 non
580 491 757 537 autem
804 482 965 536 rebus
1020 480 1073 534 in
1110 487 1383 548 aspectum
1431 474 1749 531 cadentibus
1808 472 2206 531 inhzerescere;
2252 469 2556 534 condiscas,
2593 468 2701 521 imo
2764 467 2941 536 potius
3007 480 3129 520 cum
3191 464 3661 520 intellectibilibus

420 579 583 631 rebus
610 589 882 646 assurgas,
921 582 1081 642 atque
1112 570 1403 637 intelligas,
1442 582 1561 637 qua:
1593 574 1798 619 naturae
1822 563 1982 630 ratio,
2024 578 2142 630 quae
2178 562 2313 616 ratio
2349 559 2757 613 lncarnationis.

494 665 634 723 XIX.
670 664 768 719 llic
790 664 957 726 enim,
990 676 1149 731 quem
1178 675 1319 714 nunc
1348 657 1681 728 aspernaris,
1714 654 1983 725 quondam

2158 652 2260 708 18'.
2290 645 2458 714 Οὗτος
2486 650 2593 718 γάρ
2621 652 2649 702 ὁ
2690 649 2786 702 νῦν
2817 665 2896 701 σοι
2932 645 3455 717 καταφρονούμενος,
3484 638 3556 715 ἦν
3580 643 3671 696 ὅτε

424 770 564 827 erat,
600 767 655 813 et
676 772 836 825 supra
865 765 916 810 te
938 765 1091 809 erat:
1117 753 1207 822 qui
1245 766 1391 805 nunc
1433 750 1596 803 homo
1635 758 1741 811 est,
1771 761 1991 816 compo-

434 851 649 907 sitionis
677 862 872 916 expers
904 855 1042 900 erat.
1078 844 1231 910 Quod
1276 849 1413 905 erat,
1475 839 1778 909 permansit
1809 857 1822 892 :
1851 835 1993 906 quod

429 959 535 998 non
568 949 707 1007 erat,
744 936 1056 1004 assumpsit.
1090 934 1147 988 ln
1188 931 1454 1001 principio
1486 930 1604 983 sine
1660 941 1820 981 causa
1850 933 1991 981 erat.

426 1035 557 1100 Quae
578 1033 721 1087 enim
757 1030 848 1084 Dei
875 1042 1037 1083 causa
1066 1024 1244 1079 afferri
1276 1022 1481 1092 queat?
1531 1022 1602 1075 At
1633 1030 1820 1090 postea
1856 1031 1993 1086 qun-

426 1139 533 1195 que
563 1132 710 1178 certa
740 1122 806 1175 de
835 1134 995 1174 causa
1031 1126 1190 1171 natus
1222 1123 1324 1169 est.
1352 1114 1428 1168 Ea
1465 1122 1642 1166 autem
1670 1119 1808 1174 erat,
1840 1118 1994 1170 uttu,

427 1215 666 1273 insolens
714 1226 779 1267 ac
829 1219 1098 1278 proterve,
1155 1207 1381 1262 salutem
1430 1202 1867 1273 cousequereris,
1904 1200 1994 1268 qui

426 1308 682 1362 deitatem
719 1303 924 1358 idcirco
973 1297 1296 1362 contemnis,
1334 1296 1458 1367 quia
1504 1293 1812 1348 crassitiem
1849 1300 1994 1344 tuam

428 1397 685 1466 suscepit,
715 1410 812 1466 per
835 1390 1208 1448 intermediam
1241 1398 1474 1443 mentem
1507 1402 1627 1442 cum
1668 1399 1835 1440 carne
1866 1397 1998 1437 con-

423 1490 835 1560 junctus,atque
858 1483 1081 1539 inferior
1106 1481 1194 1536 hic
1214 1481 1377 1536 homo
1407 1479 1546 1534 Deus
1578 1476 1824 1540 effectus,
1852 1484 1998 1545 post-

429 1596 657 1651 eaquam
711 1594 834 1634 cum
886 1577 998 1631 Deo
1048 1573 1269 1641 coaluit,
1317 1570 1792 1644 prmstantiorique
1843 1577 1999 1638 parte

431 1681 741 1742 superante,
775 1683 916 1724 unus
944 1668 1116 1722 factus
1143 1675 1244 1731 εει,
1292 1671 1352 1718 ιιι
1401 1663 1517 1733 ipse
1554 1674 1770 1732 quoque
1793 1667 1996 1713 tantum

431 1766 565 1820 deus
613 1761 833 1827 emciar,
856 1770 1113 1830 quantum
1130 1748 1228 1810 ille
1257 1756 1442 1810 homo.
1467 1752 1635 1807 Natus
1655 1751 1870 1822 quidem
1893 1760 1997 1817 est,

432 1855 529 1911 sed
564 1854 727 1908 etiam
760 1851 973 1922 genitus
1037 1859 1188 1903 erat:
1248 1862 1313 1902 ex
1361 1846 1588 1900 muliere
1630 1844 1868 1913 quidem,
1906 1841 1998 1895 sed

434 1949 599 2003 etiam
629 1940 857 2015 virgine.
890 1941 1018 1995 Illud
1062 1943 1375 2001 humanum,
1408 1937 1510 1990 hoc
1533 1935 1788 1989 divinum.
1825 1933 1999 1987 Patris

440 2050 633 2106 expers
669 2034 780 2095 hic,
813 2032 999 2086 matris
1044 2042 1239 2099 expers
1286 2026 1416 2081 illic.
1465 2024 1765 2092 Utrumque
1805 2024 1997 2077 horum

433 2127 733 2183 divinitatis
758 2133 857 2179 est.
892 2122 1134 2177 Materno
1161 2120 1374 2191 quidem
1425 2126 1580 2171 utero
1614 2124 1858 2187 gestatus
1888 2123 1998 2179 est,

432 2234 620 2272 verum
645 2235 672 2271 a
696 2216 953 2287 propheta
985 2212 1232 2281 cognitus
1257 2220 1343 2265 est
1379 2209 1526 2273 '°-”,
1571 2216 1626 2262 et
1672 2207 1890 2277 quidem
1943 2206 1996 2259 in

435 2312 588 2357 utero
612 2304 789 2356 adhuc
815 2302 1147 2364 exsisteute,
1183 2308 1344 2367 atque
1397 2312 1578 2353 coram
1615 2294 1812 2361 Verbo,
1856 2294 2006 2363 cujus

438 2409 604 2449 causa
634 2403 952 2463 procreatus
984 2391 1182 2455 fuerat,
1210 2387 1760 2444 exsultante.Pannis
1789 2388 2003 2456 quidem

438 2487 711 2540 involutus
744 2495 847 2548 est,
887 2493 942 2536 at
999 2482 1290 2552 sepultura:
1344 2480 1540 2534 fascias
1587 2479 1861 2533 redivivus
1906 2494 2004 2532 εις

438 2581 632 2634 cussit.
666 2576 723 2631 lu
757 2575 1020 2647 praesepio
1048 2573 1265 2644 quidem
1297 2571 1590 2625 reclinatus
1623 2579 1726 2635 est,
1749 2579 2004 2624 cancrum

439 2670 511 2722 ab
540 2668 747 2738 angelis
773 2665 1078 2721 celebratus
1105 2671 1188 2717 est
1212 2661 1279 2727 “‘,
1312 2671 1363 2715 et
1404 2676 1433 2714 a
1465 2660 1619 2714 stella
1644 2659 1935 2725 indicatus,
1955 2668 2009 2712 et

440 2772 471 2811 a
498 2757 666 2829 Magis
697 2759 952 2812 adoratus
976 2755 1043 2807 ⁸⁷.
1075 2753 1183 2808 Cur
1219 2763 1272 2805 tu
1309 2753 1373 2803 ad
1419 2751 1492 2812 id,
1530 2750 1672 2819 quod
1698 2748 1869 2802 oculis
1890 2765 2010 2803 cer-

441 2848 607 2909 nitur,
635 2844 887 2908 offendis,
909 2846 1035 2898 dum
1064 2858 1170 2897 non
1204 2843 1256 2896 id
1295 2851 1534 2909 Spectas,
1579 2838 1721 2907 quod
1753 2838 1933 2891 animo
1957 2848 2012 2893 et

441 2937 797 3007 intelligentia
827 2934 1161 3004 percipitur?
1197 2932 1255 2987 ln
1305 2930 1602 3002 [Egyptum
1644 2930 1861 2998 quidem
1895 2931 2012 2998 pul-

441 3040 537 3086 sus
566 3034 685 3080 est:
714 3040 898 3079 verum
924 3023 1297 3095 Egyptiorum
1317 3037 1533 3076 errores
1551 3021 1604 3073 in
1625 3020 1803 3090 fugam
1828 3021 2007 3075 vertit.

2095 744 2191 797 καὶ
2224 743 2364 813 ὑπὲρ
2391 743 2449 795 σὲ
2480 738 2549 812 ἦν
2571 757 2584 770 ·
2615 743 2643 794 ὁ
2672 740 2767 794 νῦν
2806 739 3111 811 ἄνθρωπος,
3143 739 3237 791 καὶ
3265 737 3554 799 ἀσύνθετος
3578 731 3668 805 ἦν.

2101 837 2166 888 Ὃ
2196 835 2291 905 μὲν
2316 831 2404 904 ἦν,
2436 834 2700 904 διέμεινεν
2721 851 2734 865 ο
2765 833 2793 886 ὃ
2840 832 2896 886 δὲ
2919 834 3019 886 οὐκ
3053 829 3143 903 ἦν,
3174 830 3530 903 προσέλαϐεν.
3582 831 3673 884 Ἐν

2093 927 2235 996 ἀρχῇ
2269 921 2335 996 ἦν
2385 925 2640 988 ἀναιτίως
2673 925 2821 994 (55)⁶
2869 925 2953 986 τίς
2996 924 3103 993 γὰρ
3155 923 3304 976 αἰτία
3337 921 3503 987 Θεοῦ;
3536 920 3675 975 ἀλλά

2096 1018 2188 1071 καὶ
2217 1017 2440 1087 ὕστερον
2462 1017 2652 1085 γέγονε
2676 1016 2741 1069 δι’
2771 1016 2970 1069 αἰτίαν.
3012 1017 3073 1068 Ἦ
3116 1016 3171 1069 δὲ
3201 1011 3294 1086 ἦν,
3324 1015 3385 1067 τὸ
3406 1015 3464 1067 σὲ
3495 1013 3675 1084 σωθῆ-

2095 1126 2181 1163 ναι
2211 1110 2301 1161 τὸν
2334 1109 2614 1179 ὑϐριστὴν,
2647 1107 2704 1173 ὃς
2732 1109 2818 1161 διὰ
2845 1106 3002 1160 τοῦτο
3041 1109 3388 1179 περιφρονεῖς
3420 1105 3672 1177 θεότητα,

2095 1203 2175 1255 ὅτι
2220 1201 2319 1273 τὴν
2353 1200 2451 1272 σὴν
2483 1199 2770 1272 παχύτητα
2819 1199 3156 1265 κατεδέξατο,
3193 1200 3280 1252 διὰ
3340 1198 3505 1268 μέσου
3552 1197 3678 1261 νοὸς

2095 1290 2363 1361 ὁμιλήσας
2399 1290 2582 1362 σαρκὶ,
2617 1291 2712 1344 καὶ
2764 1291 3052 1361 γενόμενος
3098 1290 3382 1361 ἄνθρωπος
3429 1292 3458 1343 ὁ
3522 1290 3679 1343 κάτω

2099 1383 2234 1451 (56),
2265 1383 2416 1448 Θεὸς,
2451 1382 2637 1453 ἐπειδὴ
2693 1382 3064 1453 συνανειράθη
3126 1383 3265 1454 Θεῷ,
3327 1383 3422 1436 καὶ
3449 1383 3679 1451 γέγονεν

2097 1471 2177 1539 εἷς
2207 1476 2340 1547 (57),
2364 1475 2458 1529 τοῦ
2491 1477 2800 1548 κρείττονος
2851 1478 3258 1547 ἐκνικήσαντος,
3315 1477 3402 1531 ἵνα
3427 1477 3679 1545 γένωμαι

2101 1565 2209 1636 ('58)
2236 1566 2487 1621 τοσοῦτον
2545 1569 2695 1631 Θεὸς,
2731 1570 2852 1621 ὅσον
2912 1570 3115 1632 ἐκεῖνος
3152 1568 3452 1640 ἅνθρωπος.
3492 1570 3680 1637 Ἐγεν-

2099 1655 2235 1727 νήθη
2263 1657 2380 1727 μὲν,
2441 1658 2573 1712 ἀλλά
2619 1660 2712 1712 καὶ
2763 1660 3119 1731 ἐγεγέννητο·
3171 1661 3235 1713 ἐκ
3266 1661 3521 1729 γυναικὸς
3554 1661 3679 1732 μὲν,

2100 1746 2235 1799 ἀλλά
2264 1747 2355 1800 καὶ
2392 1748 2684 1818 παρθένου.
2717 1749 2887 1802 Τοῦτο
2921 1749 3276 1822 ἀνθρώπινον,
3316 1754 3490 1804 έκεῖνο
3512 1751 3679 1805 θεῖον.

2114 1836 2368 1907 Ἀπάτωρ
2401 1837 2667 1902 ἐντεῦθεν,
2701 1838 2835 1891 ἀλλά
2859 1840 2958 1891 οιαὶ
2991 1840 3221 1911 ἀμήτωρ
3246 1839 3473 1894 ἐκεῖθεν.
3519 1840 3685 1893 Ὅλον

2101 1926 2259 1979 τοῦτο
2314 1926 2586 1999 θεότητος.
2660 1930 3028 2001 Ἐκυοφορήθη
3091 1932 3207 2001 μὲν,
3257 1930 3370 1985 ἀλλ’
3434 1931 3685 2003 ἐγνώσθη

2033 2002 2073 2055 Β
2105 2019 2377 2091 προφήτῃ,
2413 2020 2506 2073 καὶ
2528 2019 2676 2089 αὐτῷ
2711 2021 3146 2092 κυοφορουμένῳ,
3170 2023 3262 2075 καὶ
3285 2002 3687 2092 προσκιρτῶντι

2105 2109 2198 2161 τοῦ
2228 2108 2421 2177 Λόγου,
2474 2109 2541 2163 δι’
2597 2110 2655 2162 ὃν
2687 2110 2923 2179 ἐγένετο.
2959 2112 3385 2183 Ἐσπαργανώθη
3416 2112 3537 2182 μὲν,
3566 2112 3686 2165 ἀλλ’

2106 2200 2624 2272 ἀποσπαργανοῦται
2679 2203 2747 2254 τὰ
2790 2204 2888 2271 τῆς
2938 2204 3117 2275 ταφῆς
3173 2204 3545 2275 ἀνιστάμενος.
3594 2205 3689 2258 Ἐν

2104 2293 2279 2367 φάτνῃ
2308 2294 2405 2364 μὲν
2436 2294 2711 2366 ἀνεκλίθη,
2744 2296 2854 2349 ἀλλ’
2885 2298 2976 2349 ὑπ’
3004 2298 3249 2366 ἀγγέλων
3280 2297 3560 2367 ἐδοξάσθη,
3591 2299 3690 2350 καὶ

2104 2385 2208 2437 ὑπὸ
2236 2385 2463 2455 ἀστέρος
2484 2387 2749 2459 ἐμηνύθη,
2779 2390 2871 2442 καὶ
2901 2388 3006 2441 ὑπὸ
3033 2390 3238 2457 Μάγων
3278 2390 3686 2461 προσεκυνήθη.

2106 2475 2229 2539 Πῶς
2264 2478 2329 2529 σὺ
2355 2478 2710 2548 προσπταίεις
2754 2479 2832 2550 τῷ
2880 2480 3214 2553 βλεπομένῳ,
3280 2482 3354 2553 μὴ
3386 2484 3602 2537 σκοπῶν
3624 2484 3690 2537 τὸ

2104 2567 2428 2637 νοούμενον;
2479 2570 2850 2640 Ἐφυγαδεύθη
2901 2573 2998 2641 μὲν
3064 2574 3143 2637 εἰς
3197 2575 3491 2643 Αἴγυπτον,
3549 2576 3692 2630 ἀλλά

2105 2656 2440 2723 ἐφυγάδευσε
2470 2656 2539 2709 τὰ
2560 2659 2891 2725 Αἰγυπτίων.
2922 2661 3035 2714 Οὐκ
3060 2656 3203 2732 εἶχεν
3230 2660 3388 2729 εἶδος,
3420 2667 3541 2719 οὐδὲ
3564 2667 3692 2720 κάλ-

2105 2748 2194 2813 λος
2219 2749 2369 2820 παρὰ
2414 2750 2715 2814 Ἰουδαίοις·
2745 2750 2881 2804 ἀλλά
2910 2750 2986 2823 τῷ
3035 2754 3197 2806 Δαὸὶδ
3224 2755 3425 2827 ὡραῖος
3460 2755 3529 2829 ἦν
3558 2759 3695 2811 κά).-

2107 2838 2190 2892 λει
2252 2840 2401 2913 παρὰ
2433 2840 2561 2904 τοὺς
2590 2843 2741 2906 υἱοὺς
2802 2843 2909 2897 τῶν
2945 2845 3269 2917 ἀνθρώπων,
3325 2849 3439 2904 ἀλλ’
3465 2853 3557 2904 ἐπὶ
3591 2852 3693 2905 τοῦ

2107 2932 2266 3004 ὅρους
2290 2934 2612 3006 ἀστράπτει,
2667 2935 2760 2989 καὶ
2787 2937 3413 3015 ήλίουφωτοειδέστερος
3457 2945 3693 3013 γίνεται,

2108 3025 2169 3077 τὸ
2196 3024 2388 3094 μέλλον
2425 3028 2819 3096 μυσταγωγῶν.

441 3114 559 3172 Non
586 3125 704 3173 erat
735 3116 811 3169 illi
839 3117 1048 3187 species
1082 3129 1259 3184 neque
1292 3116 1456 3169 decor
1473 3112 1521 3145 ⁸⁸
1574 3114 1715 3181 apud
1785 3109 2041 3167 Judzeos:
2080 3117 2174 3169 sed
2211 3118 2350 3185 apud
2419 3118 2697 3184 Davidem,
2750 3121 3023 3187 speciosus
3060 3132 3175 3176 erat
3211 3125 3380 3181 forma
3433 3144 3542 3197 prae
3570 3129 3699 3184 filiis

443 3213 722 3268 hominum
759 3213 826 3278 δ’,
856 3224 1020 3282 atque
1046 3213 1209 3266 etiam
1269 3210 1324 3265 in
1348 3218 1550 3276 monte,
1588 3208 1817 3279 fulguris
1857 3210 2051 3276 instar,
2092 3211 2255 3279 lucet,
2298 3230 2362 3270 ac
2389 3217 2503 3271 sole
2551 3215 2750 3272 clarior
2783 3218 3012 3273 elhcitur
3037 3218 3127 3284 ⁸³⁸,
3159 3218 3397 3273 futurum
3444 3221 3700 3276 videlicet

447 3305 784 3375 splendorem
820 3305 1169 3360 adumbrans.

517 3396 681 3467 538
704 3396 822 3451 XX.
852 3395 1164 3467 Baptizatus
1185 3394 1232 3427 ⁸ο
1265 3394 1481 3464 quidem
1516 3404 1595 3450 est
1621 3405 1680 3449 ut
1710 3396 1871 3449 homo
1892 3412 1905 3449 :
1927 3396 2009 3450 sed

2193 3396 2270 3449 K'.
2314 3396 2646 3467 Ἐϐαπτίσθη
2691 3399 2788 3469 μὲν
2829 3399 2901 3462 ὡς
2930 3399 3232 3471 ἅνθρωπος,
3268 3378 3399 3453 ἀλλ”
3422 3402 3701 3473 ἁμαρτίας

449 3500 670 3556 peccata
702 3486 920 3541 sustulit
957 3496 1014 3540 ut
1052 3487 1223 3550 Deus;
1282 3500 1387 3538 non
1431 3487 1573 3555 quod
1610 3484 2020 3538 lustrationibus

450 3582 739 3649 indigeret,
774 3581 865 3633 scd
904 3590 962 3633 ut
1020 3578 1177 3647 aquis
1226 3576 1359 3646 ipsis
1392 3569 1735 3629 sanctitatem
1778 3574 2017 3629 afferret.

452 3671 713 3727 Teutalus
748 3681 831 3725 est
887 3679 943 3725 ut
984 3670 1147 3724 homo
1186 3686 1199 3722 :
1240 3678 1297 3722 at
1337 3669 1621 3722 victoriam
1663 3668 1891 3737 adeptus
1936 3677 2020 3722 est

452 3774 513 3818 ut
545 3765 718 3828 Deus;
750 3777 939 3816 verum
973 3760 1248 3815 c0nfidere
1287 3775 1385 3814 nos
1412 3760 1585 3828 jubet,
1621 3769 1682 3813 ut
1730 3759 1822 3827 qui
1863 3773 2020 3811 mun-

454 3857 582 3911 dum
609 3854 820 3909 vicerit.
863 3854 1026 3909 Fame
1054 3853 1278 3908 afl‘ectus
1305 3852 1447 3906 est“
1485 3870 1499 3905 :
1531 3852 1623 3906 sed
1657 3851 1825 3905 multa
1852 3849 2020 3903 homi-

455 3963 586 4003 num
614 3946 783 4002 millia
837 3946 970 4000 aluit
996 3945 1066 4013 “,
1113 3945 1333 4014 ipseque
1376 3944 1530 4012 panis
1577 3951 1659 3997 est
1686 3940 1931 3996 vivificus
1957 3954 2018 3993 ac

456 4036 698 4093 cmlestis
717 4036 787 4089 ⁸⁸.
823 4035 924 4090 Siti
960 4034 1227 4089 laboravit
1253 4033 1322 4097 “,
1363 4032 1456 4087 sed
1491 4031 1746 4086 clamavit
1776 4048 1790 4084 :
1826 4028 1883 4083 Si
1905 4029 2021 4098 quis

455 4130 589 4197 sitit,
617 4129 788 4182 veniat
817 4128 885 4180 ad
911 4136 1078 4191 me,“
1105 4126 1241 4178 bibat
1259 4124 1306 4156 ³⁵⁸
1332 4143 1346 4178 :
1373 4132 1536 4192 atque
1563 4122 1724 4176 etiam
1753 4120 2020 4174 facturum

458 4235 519 4275 se
555 4221 827 4289 pollicitus
853 4227 956 4283 est,
981 4228 1042 4272 ut
1062 4219 1154 4287 qui
1185 4219 1288 4272 fide
1310 4215 1521 4287 prmditi
1556 4224 1707 4279 sunt,
1736 4212 1902 4267 fontis
1932 4212 2019 4264 in-

457 4322 594 4378 star,
614 4311 932 4366 scaturiant.
970 4308 1252 4380 Fatigatus
1306 4317 1385 4363 εει
1432 4307 1480 4339 ⁸⁸
1515 4306 1652 4361 :sed
1689 4319 1901 4367 eorum,
1931 4302 2024 4370 qui

459 4404 771 4474 fatigantur,
800 4413 960 4473 atque
985 4402 1195 4458 onerati
1225 4412 1370 4465 sunt,
1390 4409 1474 4455 est
1510 4394 2025 4469 requies".Somuo

540 4574 801 4632 ἐν-Ἥλιε.
825 4594 866 4643 ι,
898 4577 985 4632 ﬂ.
1060 4576 1107 4609 ⁸⁸
1135 4574 1265 4629 Luc.
1299 4591 1360 4637 ll,
1393 4575 1424 4626 7
1457 4588 1575 4642 ετιιιι

461 4664 595 4712 xvn,
624 4649 679 4702 2.
785 4648 832 4681 ⁸ο
866 4647 1051 4700 Matth.
1084 4662 1168 4710 ιιι,
1202 4646 1287 4700 16.
1393 4646 1437 4677 ⁵¹
1482 4643 1672 4698 Matth.
1698 4660 1773 4707 ιν,
1800 4645 1852 4707 l,
1897 4644 1950 4696 2.

460 4722 507 4753 ⁵⁵
533 4718 926 4784 Joan.vtt,37.
1004 4717 1314 4781 “Joau.|v,
1337 4715 1389 4769 6.
1468 4714 1511 4745 ⁵⁷
1560 4713 1751 4767 Matth.
1811 4730 1891 4782 xl,
1944 4714 2031 4768 28.

1654 4575 1697 4606 "
1716 4572 1905 4627 Matth.
1934 4590 1993 4637 ιι,
2033 4575 2068 4628 2
2102 4590 2223 4644 sqq.
2327 4576 2372 4608 ’⁵⁸
2403 4576 2506 4631 lsa.
2541 4592 2579 4629 ιλ

1658 4645 1852 4707 .tv,l,
1897 4644 1950 4696 2.
2049 4646 2095 4677 ⁸³
2120 4645 2311 4701 Matth.
2359 4662 2469 4712 xxv,
2514 4647 2579 4700 21

2129 3489 2316 3542 ἔλυσεν
2342 3490 2418 3553 ὡς
2443 3490 2573 3554 Θεός
2593 3506 2609 3520 ⁸
2633 3492 2692 3543 οὐ
2722 3491 3037 3562 καθαρσίων
3090 3492 3250 3556 αὐτὸς
3277 3492 3549 3563 δεόμενος,
3582 3495 3701 3549 ἀλλ’

2130 3583 2196 3635 ἵν’
2225 3582 2427 3654 ἁγιάσῃ
2458 3582 2527 3635 τὰ
2562 3582 2749 3637 ὕδατα.
2790 3582 3118 3654 Ἑπειράσθη
3137 3582 3212 3647 ὡς
3241 3584 3540 3654 ἄνθρωπος,
3582 3586 3702 3639 ἀλλ’

2129 3673 2379 3743 ἐνίκησεν
2416 3673 2491 3736 ὡς
2519 3673 2681 3735 Θεόςο
2725 3673 2861 3726 ἀλλὰ
2916 3673 3136 3748 θαρρεῖν
3176 3674 3567 3739 διακελεύεται,
3622 3678 3704 3741 ὡς

2129 3766 2331 3835 κόσμον
2359 3764 2675 3836 νενικηκώς.
2721 3766 3036 3836 Ἐπείνησεν
3083 3768 3213 3840 (59),
3240 3770 3355 3823 ἀλλ’
3386 3771 3581 3842 ἔθρεψε
3617 3791 3705 3843 χι-

2126 3852 2333 3915 λιάδας,
2376 3852 2490 3905 ἀλλ’
2521 3852 2683 3924 ἄρτος
2716 3856 2832 3907 ἐστὶ
2861 3854 3086 3919 ζωτικὸς
3128 3859 3221 3909 καὶ
3246 3859 3511 3930 οὐράνιος.
3558 3862 3705 3915 Ἐδί--

2125 3942 2317 4012 ψητεν,
2377 3943 2490 3996 ἀλλ’
2551 3944 2810 4016 ἐϐόησεν’
2881 3947 3014 3999 Ἐάν
3068 3965 3158 4014 τις
3213 3948 3379 4018 διψᾷ,
3436 3952 3707 4020 ἐρχέσθω

2128 4034 2277 4101 πρός
2300 4051 2397 4103 με,
2434 4036 2531 4088 καὶ
2573 4039 2788 4091 πινέτω
2807 4055 2819 4068 ·
2855 4038 2990 4092 ἀλλά
3025 4040 3116 4092 καὶ
3146 4040 3412 4111 πηγάζειν
3434 4044 3709 4114 ὑπέσχετο

2126 4125 2253 4186 τοὺς
2279 4125 2650 4189 πιστεύοντας.
2705 4128 3045 4192 Ἐκοπίασεν,
3094 4130 3230 4185 ἀλλά
3264 4131 3369 4184 τῶν
3388 4133 3708 4187 κοπιώντων

2128 4215 2223 4267 καὶ
2247 4219 2691 4288 πεφορτισμένων
2713 4221 2860 4272 ἐστὶν
2883 4221 3205 4286 ἀνάπαυσις.
3258 4222 3557 4294 Ἐὅαρύνθη
3588 4225 3705 4296 (4οὶ

2134 4307 2233 4377 μὲν
2259 4309 2428 4379 ὕπνῳ,
2460 4309 2575 4362 ἀλλ’
2603 4312 2695 4362 ἐπὶ
2726 4311 2995 4379 πελάγους
3045 4313 3378 4381 κουφίζεται,
3433 4313 3548 4367 ἀλλ’
3580 4316 3707 4367 ἐπιο

2131 4398 2265 4468 τιμᾷ
2296 4398 2616 4469 πνεύμασιν,
2689 4399 2825 4453 ἀλλά
2852 4400 3054 4471 Πέτρον
3103 4401 3346 4470 κουφίζει
3378 4401 3707 4474 βαπτιζόμεο

2327 4576 2372 4608 ἰλ
2403 4576 2506 4631 lsa.
2541 4592 2633 4630 Llll
2657 4616 2672 4641 ,
2710 4575 2766 4629 2.
2871 4576 2913 4607 ἰθ
2946 4574 3084 4629 Psal.
3115 4591 3258 4639 πων,
3291 4579 3343 4631 5.
3419 4577 3487 4610 *θ’
3513 4578 3706 4635 Matth.

2688 4646 2732 4677 ⁸⁸
2756 4644 2972 4710 Joan.v,
3008 4646 3099 4703 41.
3195 4648 3240 4688 ⁵³
3283 4648 3438 4702 Joan.
3465 4664 3579 4717 XIX,
3611 4651 3707 4708 28.

463 4877 555 4931 hic
585 4874 911 4944 significare,
938 4872 1079 4940 quod
1119 4881 1300 4939 postea
1349 4869 1603 4944 Cyrillus.
1643 4884 1765 4944 cum
1803 4887 1821 4919 (
1856 4884 2017 4921 unam
2052 4872 2095 4927 D
2125 4883 2368 4944 persona:
2395 4868 2518 4944 _sibi
2571 4865 2866 4944 conjunxit.
2893 4864 2987 4944 _S_ic
3016 4867 3159 4921 enim
3191 4866 3488 4924 locutiones
3518 4869 3653 4925 istas
3696 4891 3710 4925 :

466 4946 559 4999 Dei
594 4937 739 4998 νειϋί
762 4937 1007 4995 naturain
1043 4937 1374 4995 incarnatam
1396 4937 1430 4990 ἰ
1488 4939 1642 4991 dixit.
1676 4937 1778 4991 Per
1814 4957 1832 4988 ι
1868 4948 2019 4992 natu-

468 5026 579 5072 tam
616 5031 635 5064 ι
665 5013 807 5066 enim
838 5011 1084 5077 intelligit
1104 5012 1300 5079 id,quo
1323 5020 1404 5063 est
1431 5008 1745 5076 simpliciter
1771 5019 1824 5061 et
1843 5023 2024 5076 :rqua-

467 5084 533 5140 iis
562 5081 742 5149 Patri;
783 5096 878 5149 per
904 5100 922 5132 ι
952 5081 1406 5148 dispensationem
1437 5097 1455 5129 ι
1485 5092 1633 5144 vero,
1664 5093 1883 5133 carnem
1918 5093 2024 5148 qua

468 5152 658 5207 similis
691 5151 842 5206 nobis
873 5153 1030 5205 homo
1059 5149 1286 5203 exstitit.

539 5222 649 5294 (35)
682 5221 987 5284 Ἀναιτίως.
1027 5220 1169 5283 Par.,
1204 5218 1456 5281 ἀναίτιος.
1495 5238 1513 5269 ι
1548 5218 1675 5273 Sine
1704 5234 1884 5282 causa,
1909 5232 2029 5285 pro-

469 5301 590 5362 pter
613 5306 774 5362 quam
805 5302 969 5343 esset.
1001 5311 1019 5338 ι

543 5355 653 5431 (56)
684 5362 1025 5428 Ἀνθρωπος
1054 5359 1087 5411 ὁ
1115 5355 1315 5431 κάτω.-
1337 5368 1442 5431 etc.
1498 5377 1516 5409 ι
1554 5358 1720 5411 llomo
1779 5368 2027 5431 terrenus

473 5428 647 5488 factus
680 5440 761 5484 est
795 5431 965 5482 Deus:
1004 5446 1024 5479 ι
1053 5443 1156 5481 non
1179 5428 1317 5497 quod
1355 5430 1536 5489 homo,
1575 5431 1628 5480 in
1661 5428 1875 5496 propria
1908 5441 2030 5495 per-

475 5516 603 5570 sona
640 5502 748 5570 jam
783 5499 1105 5570 subsistens,
1131 5498 1462 5552 divinitatem
1503 5499 1573 5570 sit
1599 5507 1942 5570 consecutus,
1976 5503 2033 5547 ut

477 5587 509 5625 a
541 5567 783 5624 Nes’torio
834 5579 1016 5639 postea
1058 5569 1257 5621 dictum
1311 5577 1424 5635 est;
1473 5568 1567 5622 sed
1626 5570 1748 5636 quia
1796 5567 2033 5620 Verbum

478 5641 766 5700 humanam
793 5650 1036 5694 naturam
1076 5640 1381 5708 assumpsit,
1421 5653 1652 5709 eamque
1681 5639 1734 5691 in
1774 5639 2033 5692 unitatem

2136 4936 2155 4990 ι
2194 4939 2364 4994 Homo
2395 4938 2535 4992 Deus
2592 4937 2848 4990 effectus:
2893 4936 3060 4991 Homo
3112 4950 3442 5005 assumptus,
3487 4956 3506 4989 ι
3543 4942 3715 4992 inter;

2131 5019 2409 5078 pretantur
2430 5007 2684 5079 theologi.
2718 5006 2844 5079 Vide
2876 5005 3079 5079 Est_ium
3111 5006 3206 5059 lib.
3240 5022 3321 5067 ιιι,
3356 5009 3481 5061 dist.
3516 5025 3569 5068 v,
3599 5010 3627 5079 §
3656 5010 3714 5063 4.

2201 5079 2314 5149 (57)
2338 5078 2444 5131 Καὶ
2477 5071 2722 5149 γέγοὶρεν
2755 5071 2860 5141 εἷς.
2889 5093 2907 5125 ι
2945 5075 3011 5129 Ει
3040 5076 3212 5130 factus
3241 5084 3323 5130 est
3367 5094 3540 5143 unus;
3586 5071 3626 5130 »ν
3663 5082 3715 5133 id

2131 5158 2234 5210 est,
2275 5148 2301 5199 r
2318 5163 2453 5200 unus
2483 5148 2861 5199 Deus-homo.»

2204 5217 2315 5285 (38)
2342 5215 2784 5287 Ἴναγτὲνωμιιι.
2827 5216 2957 5284 Reg.
2993 5213 3179 5285 Cypr.,
3224 5215 3533 5287 γενώμεθα,
3574 5238 3597 5269 ‹
3659 5226 3718 5271 ut

2134 5303 2230 5342 nos
2265 5289 2335 5340 dii
2368 5286 2680 5339 elﬁciatnur.
2724 5304 2741 5335 ι

2206 5357 2314 5428 (59)
2381 5356 2754 5436 ’Errst'rnasr.
2814 5353 2868 5408 In
2927 5354 3120 5410 Matth.
3179 5372 3261 5420 tv,
3318 5355 3388 5419 2,

2138 5443 2249 5487 σεν,
2280 5444 2299 5476 ι
2341 5429 2550 5480 esuriil.
2590 5444 2607 5476 ι

2188 5495 2320 5619 ﬂigi)
2352 5496 2697 5564 Ἐϐαρύνθηο
2714 5495 2849 5551 Tres
2871 5495 3039 5568 Regg.
3064 5503 3117 5552 et
3144 5505 3377 5566 quatuor
3391 5493 3572 5562 Colb.,
3601 5495 3716 5551 ἐδα-

3464 5355 3718 5409 Ἐπεὶνασ
