3890 6214
227 205 324 260 illi

1255 198 1515 261 ORATIO
1552 197 1744 255 XXIX.
1789 232 1857 243 —
1896 198 2337 259 THEOLOGICA
2379 201 2448 257 lll

3393 200 3529 255 101

227 338 338 376 νον.
380 318 571 372 Δίδωσι
629 316 801 381 τέλος,
831 316 945 369 ἀλλ’
980 315 1039 383 ἐξ
1084 317 1287 387 ἰχθύος,
1344 318 1481 372 ἀλλά
1536 319 1821 390 βασιλεύει

1950 323 2219 391 lepressus
2241 331 2325 376 est
2355 324 2401 354 ⁵⁸
2427 339 2441 376 :
2476 335 2572 377 sea
2593 335 2648 375 tn
2680 320 2817 374 mari
2843 319 2978 375 levis
3024 320 3242 384 .needit,
3278 334 3342 375 ac
3370 335 3499 377 ven-

230 413 337 466 τῶν
363 410 757 466 ἀπαιτούντων.
793 408 1140 479 Σαμαρείτης
1184 409 1374 463 ἀκούει
1409 413 1504 464 καὶ
1530 410 1822 482 δαιμονῶν,

233 505 373 575 πλὴν
420 503 581 567 σώζει
612 502 706 554 τὸν
733 501 844 554 ἀπὸ
886 500 1240 571 Ἰερουσαλὴμ
1282 500 1703 566 καταϐαίνοντα,
1733 504 1826 556 καὶ

231 595 456 666 λῃσταῖς
510 593 896 664 περιπεσόντα,
952 591 1091 662 πλὴν
1137 592 1243 645 ὑπὸ
1274 592 1546 663 δαιμόνων
1570 593 1827 662 ἐπιγινώ-

235 703 446 749 σκεται,
479 686 575 739 καὶ
629 682 922 737 ἀπελαύνει
972 684 1256 755 δαίμονας,
1292 686 1386 738 καὶ
1411 684 1685 754 λεγεῶνας
1714 684 1826 755 (41)

234 778 561 849 πνευμάτων
588 776 816 848 βυθίζει,
870 776 967 830 καὶ
995 774 1072 839 ὡς
1099 776 1387 847 ἀστραπὴν
1425 778 1528 848 ὁρᾷ
1553 775 1822 829 πίπτοντα

232 871 326 924 τὸν
352 870 592 941 ἀρχηγὸν
618 869 726 923 τῶν
757 869 1049 939 δαιμόνων.
1079 867 1393 934 Λιθάζεται,
1436 868 1549 922 ἀλλ’
1576 868 1673 938 οὐχ
1706 868 1818 921 ἀλί-

236 984 445 1021 σκεται.
474 965 867 1037 Προσεύχεται,
899 963 1018 1017 ἀλλ’
1054 963 1355 1017 ἐπακούει·
1390 963 1639 1033 δακρύει,
1691 960 1827 1015 ἀλλὰ

236 1057 402 1111 παύει
434 1055 703 1126 δάκρυον⁸
751 1055 932 1125 ἐρωτᾷ
969 1052 1074 1106 ποῦ
1112 1053 1353 1106 τέθειται
1406 1053 1682 1123 Λάζαρος,
1731 1053 1825 1107 ἄν-

237 1150 456 1222 θρωπος
479 1148 589 1220 γὰρ
616 1143 685 1218 ἦν
704 1165 716 1176 ·
749 1145 863 1199 ἀλλ’
898 1146 1101 1216 ἐγείρει
1131 1144 1401 1217 Λάζαρον,
1435 1144 1567 1208 Θεὸς
1600 1143 1707 1213 γάρ
1737 1139 1824 1214 ἦν.

238 1236 509 1289 Πωλείται
566 1235 660 1288 καὶ
705 1232 827 1286 λίαν
875 1232 1111 1298 εὐώνως,
1155 1233 1452 1305 τριάκοντα
1507 1231 1617 1304 γὰρ
1661 1233 1830 1304 ἀργυ-

240 1329 408 1401 ρίωνο
457 1327 571 1381 ἀλλ’
619 1325 940 1397 ἐξαγοράζει
978 1326 1184 1396 κόσμον
1235 1324 1373 1396 (42),
1431 1326 1526 1378 καὶ
1587 1325 1830 1395 μεγάλης

237 1418 430 1489 τιμῆς,
488 1415 580 1471 τοῦ
641 1416 768 1469 ἰδίου
821 1415 930 1488 γὰρ
985 1415 1235 1485 αἵματος.
1284 1414 1372 1478 Ὠς
1428 1414 1700 1485 πρόϐατον
1738 1414 1832 1466 ἐπὶ

242 1511 458 1581 σφαγὴν
485 1509 698 1577 ἄγεται,
746 1507 884 1562 ἀλλά
934 1506 1213 1578 ποιμαίνει
1243 1506 1334 1559 τὸν
1374 1505 1608 1577 Ἰσραὴλ,
1651 1504 1746 1559 νῦν
1775 1504 1831 1558 δὲ

240 1603 337 1656 καὶ
362 1603 540 1655 πᾶσαν
569 1601 670 1672 τὴν
713 1599 1058 1671 οἰκουμένην.
1108 1599 1197 1662 Ὠς
1220 1597 1391 1668 ἀμνὸς
1417 1599 1652 1667 ἄφωνος,
1698 1597 1833 1650 ἀλλά

1930 420 2011 466 tos
2044 412 2306 481 increpat,
2338 410 2687 480 Petrumque,
2711 425 2834 464 cum
2867 410 2978 477 jam
2999 411 3501 478 mergeretur,suh—

1938 503 2078 557 levat
2136 504 2205 557 ⁸⁸.
2248 502 2496 573 Vectigal
2559 503 2784 571 pendit,
2825 502 2919 557 sed
2969 515 3035 555 ex
3073 503 3224 571 pisce
3298 503 3364 566 '°,
3406 501 3503 556 sed

1925 594 2254 662 exigentium
2285 591 2400 648 Rex
2421 602 2524 647 est.
2558 593 2937 648 Samaritanus
2958 602 3183 648 vocatur
3216 601 3273 647 et
3306 593 3508 646 daemo-

1938 688 2126 740 niacus
2151 686 2192 717 ⁸¹
2224 705 2236 740 :
2279 695 2334 739 at
2381 686 2453 754 ei,
2477 686 2566 756 qui
2619 686 2687 739 ab
2725 685 3026 740 Jerusalem
3091 684 3428 739 descendens
3458 682 3505 714 "

1928 774 1981 829 in
2009 774 2244 829 latrones
2276 774 2561 840 inciderat,
2595 775 2822 830 salutem
2855 773 3031 840 affert,
3054 782 3218 842 atque
3250 788 3278 826 a
3308 774 3508 827 daemo-

1931 865 2092 920 nibus
2144 867 2459 935 agnoscitur
2488 865 2552 930 ⁸³,
2616 875 2668 919 et
2704 865 2980 919 daemones
3026 864 3203 934 fugat,
3247 871 3301 918 et
3348 862 3509 933 spiri-

1930 956 2343 1027 t‘uumlegiones
2375 957 2428 1011 in
2453 973 2606 1012 mare
2637 959 2943 1027 praecipites
2959 956 3070 1027 agit
3096 956 3161 1021 “,
3183 957 3510 1026 principem-

1931 1064 2037 1118 que
2075 1049 2398 1112 daamonum,
2428 1050 2581 1117 quasi
2614 1048 2812 1120 fulgur,
2830 1049 3114 1104 cadentem
3143 1047 3289 1102 videt
3312 1047 3376 1101 ⁸⁸.
3401 1047 3508 1102 La-

1933 1139 2148 1209 pidibus
2176 1140 2396 1209 petitur,
2425 1141 2517 1193 sed
2549 1152 2654 1192 non
2686 1139 2946 1208 arripitur
2973 1139 3040 1191 ⁸⁸.
3073 1137 3224 1203 Orat,
3253 1137 3346 1192 sed
3373 1137 3512 1191 alios

1935 1243 2157 1286 orantes
2191 1231 2436 1285 exaudit.
2463 1229 2840 1301 Collacrymat,
2881 1232 2974 1284 sed
3025 1230 3295 1301 lacrymas
3319 1229 3507 1297 sedat;

1933 1322 2128 1391 quaerit
2163 1321 2251 1375 ubi
2281 1321 2495 1390 positus
2517 1322 2586 1375 sit
2609 1319 2852 1376 Lazarus
2888 1322 2954 1388 ⁸⁷,
2992 1323 3152 1376 homo
3176 1322 3320 1376 enim
3356 1330 3508 1387 erat;

1935 1415 2027 1467 sed
2044 1412 2310 1466 Lazarum
2342 1428 2370 1466 a
2409 1423 2582 1468 morte
2631 1414 2696 1467 ad
2724 1415 2889 1467 vitam
2939 1416 3162 1481 excitat,
3188 1414 3328 1469 Deus
3364 1413 3511 1467 enim

1936 1514 2074 1558 erat.
2103 1502 2390 1571 Venditur,
2436 1514 2491 1560 et
2550 1506 2768 1575 quidem
2811 1505 2899 1559 vili
2939 1507 3136 1574 pretio,
3188 1521 3383 1575 nempe
3419 1505 3512 1559 tri-

1942 1596 2088 1665 ginta
2121 1597 2396 1665 argenteis
2424 1596 2502 1650 ":
2539 1597 2632 1651 sed
2658 1595 2878 1651 interim
2906 1597 3163 1651 mundum
3194 1598 3369 1665 pretio
3400 1612 3516 1650 ma-
3576 1620 3577 1623 η

241 1691 417 1760 Λόγος
461 1691 600 1755 ἐστὶ,
633 1693 785 1762 φωνῇ
814 1690 926 1761 (45)
961 1689 1189 1759 βοῶντος
1225 1690 1281 1740 ἐν
1313 1690 1380 1758 τῇ
1408 1689 1600 1759 ἐρήμῳ
1630 1704 1835 1756 καταγ-

1950 1689 2132 1756 gno“,
2168 1689 2270 1743 hoc
2313 1698 2396 1744 est
2442 1705 2637 1745 cruore
2676 1706 2799 1758 suo,
2863 1690 3113 1745 redemit.
3174 1688 3246 1745 Ut
3292 1691 3408 1745 ovis
3444 1690 3515 1745 ad

240 1784 588 1854 γελλόμενος.
601 1781 1046 1854 Μεμαλάκισται,
1063 1781 1159 1834 καὶ
1184 1780 1668 1853 τετραυμάτισται,
1700 1779 1839 1832 ἀλλὰ

241 1875 540 1948 θεραπεύει
574 1877 755 1930 πᾶσαν
798 1876 973 1940 νόσον,
1021 1875 1115 1927 καὶ
1164 1875 1345 1928 πᾶσαν
1380 1872 1672 1944 μαλακίαν.
1718 1872 1839 1924 Ἐπὶ

240 1969 306 2023 τὸ
355 1967 511 2033 ξύλον
558 1967 844 2035 ἀνάγεται,
894 1968 1308 2038 προσπήγνυται
1334 1982 1345 1994 ⁸
1392 1964 1529 2018 ἀλλὰ
1572 1964 1649 2036 τῷ
1698 1962 1841 2034 ξύλῳ

239 2060 346 2129 τῆς
403 2059 549 2131 ζωῆς
594 2058 1048 2129 ἀποκαθίστησιν,
1097 2057 1233 2111 ἀλλά
1288 2054 1450 2121 σώζει
1494 2058 1591 2110 καὶ
1637 2056 1840 2128 λῃστὴν

243 2147 739 2220 συσταυρούμενον,
802 2146 938 2200 ἀλλά
982 2147 1219 2211 σκοτίζει
1272 2147 1380 2200 πᾶν
1412 2146 1473 2197 τὸ
1521 2144 1799 2216 ὁρώμενον
1825 2161 1837 2173 ·

242 2241 368 2308 ὅξος
394 2241 694 2305 ποτίζεται,
728 2240 891 2312 χολὴν
924 2239 1326 2312 βρωματίζεται
1349 2255 1362 2269 ·
1398 2239 1481 2301 τίς
1509 2255 1521 2303 ;
1548 2240 1576 2291 ό
1608 2239 1669 2289 τὸ
1695 2236 1840 2307 ὕδωρ

244 2340 329 2401 εἰς
370 2331 511 2390 οἶνον
551 2333 888 2407 μεταϐαλὼν,
930 2334 960 2385 ό
982 2334 1080 2404 τῆς
1104 2334 1307 2403 πικρᾶς
1331 2331 1571 2401 γεύσεως
1608 2331 1840 2384 καταλυ-

243 2430 366 2501 τὴς,
399 2430 429 2483 ό
464 2428 802 2498 γλυκασμὸς,
863 2425 957 2479 καὶ
994 2426 1115 2489 ὅλος
1156 2424 1443 2494 ἐπιθυμία.
1498 2422 1840 2493 Παραδίδωσι

243 2523 349 2593 τὴν
392 2521 592 2592 ψυχὴν,
624 2519 741 2574 ἀλλ’
788 2519 1038 2584 ἐξουσίαν
1075 2516 1189 2588 ἔχει
1230 2516 1392 2571 πάλιν
1424 2516 1608 2569 λαϐεῖν
1644 2515 1834 2587 αὐτὴν,

244 2613 386 2668 ἀλλὰ
421 2611 826 2681 καταπέτασμα
859 2610 1123 2682 ῥήγνυται
1161 2607 1249 2678 (τὰ
1282 2607 1390 2679 γάρ
1431 2607 1545 2661 ἄνω
1576 2605 1839 2677 παραδεί-

247 2705 487 2776 κνυται),
545 2702 682 2758 ἀλλά
716 2702 915 2769 πέτραι
952 2699 1249 2772 σχίζονται,
1299 2699 1435 2754 ἀλλά
1480 2700 1664 2770 νεκροὶ
1701 2698 1843 2767 ἐγεί-

250 2813 440 2871 ρονται
483 2796 616 2867 (44).
675 2793 1056 2864 Ἀποθνήσκει,
1117 2792 1374 2857 ζωοποιεῖ
1417 2790 1494 2854 δὲ,
1535 2791 1631 2843 καὶ
1671 2807 1843 2843 κατα-

248 2888 371 2942 λύει
407 2887 488 2960 «ne
535 2887 753 2957 θανάτῳ
786 2886 876 2939 τὸν
925 2883 1172 2939 θάνατον.
1226 2884 1500 2938 Θάπτεται
1527 2923 1541 2949 ,
1590 2884 1703 2937 ἀλλ’
1749 2885 1844 2937 ἀν-

253 2982 496 3035 ίσταται.
551 2980 646 3043 Εἰς
674 2978 803 3050 ᾅδου
839 2978 1105 3040 κάτεισιν,
1131 2976 1244 3030 ἀλλ’
1279 2976 1469 3041 ἀνάγει
1495 2976 1692 3046 ψυχὰς,
1728 2977 1841 3030 ἀλλ’

251 3073 338 3135 εἰς
381 3069 646 3141 οὐρανοὺς
694 3068 920 3132 ἄνεισιν,
961 3066 1220 3138 ἀλλ’ἦξει
1275 3069 1457 3138 κρῖναι
1491 3066 1698 3131 ζῶντας
1749 3069 1844 3121 καὶ

250 3163 507 3231 νεκροὺς,
538 3161 634 3215 καὶ
670 3161 797 3223 τοὺς
845 3158 1118 3222 τοιούτους
1173 3157 1462 3229 βασανίσαι
1513 3158 1724 3226 λόγους.
1778 3160 1842 3212 Εἰ

249 3254 431 3308 ταῦτα
462 3253 680 3323 ἐμποιεῖ
719 3268 799 3304 σοι
838 3250 939 3321 τῆς
970 3249 1179 3319 πλάνης
1202 3248 1302 3318 τὴν
1334 3248 1609 3320 ἀφορμὴν,
1659 3250 1844 3303 ἐκεῖνά

255 3361 353 3398 σου
381 3342 557 3396 λυέτω
595 3339 709 3413 (45)
737 3341 836 3412 τὴν
862 3339 1089 3410 πλάνην.

254 3451 377 3492 sum
411 3436 581 3502 ducit,
637 3444 801 3504 atque
860 3436 911 3489 in
986 3434 1157 3489 ccelos
1229 3433 1498 3497 ascendit,
1559 3442 1926 3504 venturusque

257 3530 360 3581 dos
400 3524 710 3595 hujusmodi
785 3539 1086 3579 sermones.
1126 3522 1281 3589 Quod
1346 3523 1390 3576 si
1446 3522 1536 3577 illa
1588 3524 1683 3577 tibi
1713 3526 1919 3580 erroris

257 3619 417 3673 tiant.

325 3708 461 3764 KA'.
506 3709 691 3763 Ταῦτα
725 3711 837 3772 τοῖς
881 3709 1318 3778 αἰνιγματισταῖς
1353 3704 1465 3778 (46)
1502 3704 1631 3777 παρ’
1669 3707 1845 3778 ἡμῶν,

254 3803 359 3873 οὐχ
385 3801 617 3854 ἑκόντων
644 3800 744 3871 μὲν
782 3800 864 3871 (οὐ
898 3799 1008 3869 γάρ
1044 3798 1144 3867 ἡδὺ
1164 3799 1277 3859 τοῖς
1321 3797 1531 3858 πιστοῖς
1563 3794 1851 3866 ἀδολεσχία

256 3895 357 3948 καὶ
384 3893 561 3960 λόγων
596 3891 889 3956 ἀντίθεσις,
921 3889 1082 3960 ἀρκεῖ
1099 3888 1207 3959 γὰρ
1242 3888 1335 3941 καὶ
1358 3881 1439 3950 εἷς
1471 3887 1850 3956 ἀντικείμενος

259 3986 399 4055 (47),
431 3984 569 4056 πλὴν
625 3983 939 4051 ἀναγκαίως
986 3979 1073 4033 διὰ
1124 3980 1250 4043 τοὺς
1297 3979 1691 4049 ἐμπίπτοντας,
1728 3978 1850 4031 ἐπεὶ

258 4080 358 4133 καὶ
388 4076 480 4132 διὰ
503 4075 603 4140 τὰς
631 4076 819 4138 νόσους
845 4073 915 4127 τὰ
944 4074 1231 4145 φάρμακα,
1263 4070 1328 4124 ἵν’
1353 4070 1534 4124 εἰδῶσι
1565 4070 1639 4140 μὴ
1671 4069 1848 4123 πάντα

259 4168 416 4230 ὄντες
441 4167 616 4234 σοφοὶ,
644 4165 779 4237 μηδὲ
809 4162 1157 4234 ἀήττητοιτά
1184 4163 1430 4233 περιττὰ,
1459 4162 1553 4213 καὶ
1586 4160 1849 4213 κενοῦντα

1941 1779 2272 1834 occisionem
2300 1781 2516 1835 ducitur
2539 1782 2586 1812 ⁷⁰
2612 1798 2626 1834 :
2661 1797 2847 1836 verum
2880 1782 3136 1837 lsraelem
3162 1783 3354 1853 pascit,
3374 1795 3517 1836 nunc

1941 1880 2120 1924 autem
2147 1871 2459 1925 universum
2481 1888 2696 1943 quoque
2724 1883 2992 1928 terrarum
3021 1875 3229 1928 orbem.
3258 1872 3326 1928 Ut
3344 1887 3518 1944 agnus

1942 1972 2124 2018 mutus
2158 1973 2242 2018 est
2268 1965 2336 2030 ⁷³,
2374 1966 2467 2020 sed
2495 1966 2633 2019 idem
2667 1965 2901 2021 Verbum
2928 1974 3032 2029 est,
3053 1967 3193 2021 illius
3222 1966 3275 2020 in
3305 1966 3519 2021 deserto

1943 2052 2227 2109 clamantis
2266 2069 2397 2110 voce
2420 2057 2465 2087 "
2524 2059 2922 2112 annuntiatum.
2978 2056 3261 2127 Languere
3295 2055 3519 2113 allectus

1942 2160 2006 2199 ac
2026 2145 2342 2202 vulneratus
2373 2156 2456 2203 est
2484 2148 2550 2213 ⁷³,
2588 2165 2774 2203 verum
2811 2151 3058 2204 morbum
3089 2165 3305 2205 omnem
3330 2159 3385 2206 et
3403 2151 3522 2204 lan-

1943 2253 2167 2310 guorem
2200 2240 2351 2308 pellit
2380 2241 2442 2295 7‘.
2476 2239 2532 2295 In
2565 2241 2770 2311 lignum
2819 2243 3046 2310 tollitur,
3097 2243 3316 2314 illieque
3349 2241 3520 2314 afﬁgi-

1944 2342 2052 2398 tur,
2090 2333 2183 2387 sed
2205 2348 2303 2388 nos
2322 2335 2443 2388 vitae
2466 2335 2613 2405 ligno
2642 2336 2907 2401 restituit,
2938 2336 3032 2390 sed
3061 2335 3324 2391 latronem
3356 2335 3519 2389 etiam

1944 2422 2103 2476 simul
2129 2423 2452 2492 pendentem
2483 2425 2656 2478 salute
2681 2424 2861 2490 allicit,
2919 2425 3015 2479 sed
3074 2426 3124 2480 id
3166 2440 3348 2493 omne,
3377 2425 3523 2494 quod

1944 2516 2208 2581 cernitur,
2240 2516 2582 2570 obtenebrat.
2626 2517 2796 2573 Aceto
2828 2526 3062 2584 potatur,
3097 2532 3160 2571 ac
3190 2516 3316 2571 felle
3340 2516 3520 2586 pasci-

1948 2616 2033 2659 tur
2059 2607 2104 2638 "
2136 2626 2149 2661 :
2182 2607 2277 2661 sed
2304 2607 2461 2677 quis?
2496 2608 2542 2662 Is
2591 2623 2808 2678 nempe,
2843 2610 2935 2678 qui
2994 2624 3189 2678 aquam
3247 2611 3303 2663 in
3335 2610 3521 2664 vinum

1945 2701 2303 2753 commutavit
2331 2700 2401 2764 ⁷⁸,
2435 2710 2601 2769 atque
2654 2700 3049 2755 amarulentum
3097 2700 3247 2754 illum
3307 2710 3526 2771 gustum

1945 2789 2186 2854 sustulit,
2222 2791 2471 2860 ipsamet,
2500 2793 2720 2862 inquam
2744 2833 2760 2859 ,
2807 2793 3057 2857 dulcedo,
3090 2800 3344 2862 totusque
3381 2792 3525 2849 desi-

1947 2880 2155 2935 derium
2183 2881 2251 2935 '7.
2283 2884 2534 2937 Animam
2589 2884 2753 2937 tradit
2789 2900 2803 2937 :
2859 2886 2953 2939 sed
3005 2884 3120 2951 ejus
3171 2899 3361 2940 rursus
3390 2886 3528 2939 acci-

1947 2974 2154 3041 piendae
2177 2982 2502 3042 potestatem
2539 2976 2702 3031 habet
2733 2976 2822 3043 73;
2869 2977 2962 3031 sed
3036 2977 3210 3031 velum
3256 2977 3528 3046 rumpitur

1951 3064 2169 3136 (supera
2199 3066 2344 3120 enim
2370 3066 2687 3137 pateﬁunt);
2734 3069 2827 3124 sed
2868 3078 3034 3138 petra:
3062 3070 3412 3136 scinduntur;
3432 3071 3527 3126 sed

1952 3159 2151 3211 mortui
2182 3168 2473 3230 resurgunt
2505 3160 2574 3214 '9.
2604 3158 2854 3225 Moritur,
2874 3160 2967 3215 sed
2996 3161 3164 3214 vitam
3194 3161 3526 3230 impertitur,

1952 3264 2013 3304 ac
2044 3257 2219 3306 morte
2248 3267 2342 3306 sua
2359 3261 2584 3307 mortem
2618 3254 2933 3324 exstinguit.
2960 3252 3247 3322 Sepultura
3275 3253 3525 3319 allicitur,

1953 3342 2049 3395 sed
2077 3345 2333 3413 resurgit.
2362 3344 2417 3398 In
2444 3346 2712 3402 infernum
2737 3346 3033 3413 descendit,
3051 3347 3146 3400 sed
3173 3346 3384 3401 animas
3403 3360 3529 3400 sur-

1963 3444 2047 3490 est
2081 3440 2148 3492 ad
2178 3436 2502 3507 iudicandos
2537 3444 2689 3496 vivos
2735 3451 2790 3497 et
2839 3453 3104 3510 mortuos,
3133 3451 3186 3497 et
3215 3441 3526 3511 expenden-

1957 3524 2121 3598 539
2155 3544 2342 3585 ausam
2397 3531 2652 3600 aﬂ'erunt,
2710 3535 2824 3590 haec
2877 3548 3119 3590 errorem
3162 3545 3313 3590 tuum
3347 3535 3525 3590 discu-

2024 3706 2166 3762 XXl.
2206 3708 2385 3780 Atque
2413 3709 2527 3765 haec
2553 3712 2620 3765 ad
2648 3712 2994 3782 aanigmatum
3028 3712 3301 3768 studiosos
3320 3729 3349 3767 a
3375 3714 3531 3771 nobis

1953 3798 2096 3854 dicta
2126 3800 2258 3868 sint,
2299 3817 2401 3856 non
2461 3803 2712 3859 lubenter
2756 3805 2973 3874 quidem
3022 3804 3146 3877 (nec
3228 3806 3370 3861 enim
3426 3806 3530 3873 piis

1954 3890 2536 3960 hominibusjucunda
2591 3907 2677 3951 est
2727 3898 2906 3967 inepta
2957 3897 3281 3967 loquacitas,
3332 3900 3528 3954 verbo-

1956 3994 2186 4049 rumque
2220 3986 2533 4051 contentio;
2590 3987 2724 4042 satis
2780 3988 2924 4043 enim
2957 4003 3226 4058 superque
3274 3998 3357 4043 est
3387 4003 3529 4044 unus

1955 4071 2356 4145 adversarius);
2392 4088 2648 4133 caeterum
2682 4080 3008 4143 necessario,
3034 4088 3255 4150 propter
3283 4094 3397 4144 eos,
3433 4080 3530 4149 qui

1956 4161 2009 4214 in
2044 4162 2159 4218 haec
2187 4164 2426 4221 incidunt
2471 4166 2926 4240 (quandoquidem
2957 4171 3026 4225 ob
3062 4170 3280 4225 morbos
3315 4185 3532 4239 quoque

259 4259 325 4312 τὸ
350 4258 703 4328 Εὐαγγέλιον.
738 4257 907 4310 Ὅταν
931 4254 1041 4327 γὰρ
1072 4254 1131 4307 τὸ
1157 4253 1252 4307 τοῦ
1282 4252 1440 4321 λόγου
1469 4252 1693 4307 δυνατὸν
1721 4269 1835 4322 προ⁴

1960 4257 2352 4339 medicamenta
2383 4239 2828 4333 comparantur),
2886 4274 2945 4318 ut
2990 4264 3294 4332 intelligant
3331 4278 3391 4319 se
3423 4278 3531 4318 non

302 4427 351 4458 ⁵⁸
404 4424 594 4479 Matth.
647 4439 767 4485 VIII,
793 4423 884 4476 24.
959 4421 1005 4454 ⁸⁹
1032 4420 1221 4476 Matth.
1260 4417 1458 4482 xrv,25
1498 4432 1619 4486 sqq.

265 4498 312 4528 “
350 4495 516 4551 Marc.
543 4510 582 4558 t,
615 4494 719 4557 24;
742 4493 869 4547 Luc.
894 4492 1076 4551 tv.’54.
1157 4490 1204 4523 “
1230 4488 1396 4542 Marc.
1435 4504 1486 4551 v,
1520 4488 1551 4540 7
1578 4503 1697 4557 sqq.

1692 4418 1735 4449 ⁶⁰
1777 4418 1966 4490 Matth.
2006 4434 2139 4473 xvu.
2170 4419 2242 4474 9.5
2272 4434 2393 4490 sqq.

2475 4423 2517 4454 ⁶¹
2540 4421 2698 4479 Joan.
2738 4438 2856 4490 vm,
2883 4421 2973 4477 48.
3054 4424 3097 4455 ⁶¹
3128 4421 3258 4477 Luc.
3284 4422 3393 4492 x,75
3410 4436 3528 4492 sqq.

1950 4505 2067 4562 :._'x,
2108 4490 2196 4545 18.
2256 4489 2329 4562 7“
2357 4491 2517 4546 Joan.
2553 4508 2674 4554 vm,
2727 4493 2816 4548 59.
2894 4494 2938 4524 ⁸⁷
2967 4492 3122 4548 Joan.
3181 4509 3258 4556 XI,
3293 4491 3366 4545 24
3406 4489 3528 4562 sqq.

264 4567 312 4599 ⁸⁸
358 4565 549 4619 Matth.
594 4581 746 4629 xxu,
787 4563 876 4618 15.
942 4562 986 4595 ⁸⁸
1025 4561 1188 4616 lPet.
1225 4575 1263 4622 ι,
1292 4558 1580 4629 19;lllor.
1619 4576 1700 4622 vr,
1733 4558 1824 4612 20.

1982 4559 2082 4614 lsa.
2114 4577 2233 4625 LIII,
2254 4561 2307 4616 7.
2379 4563 2424 4593 ⁷¹
2453 4562 2598 4617 Psal.
2636 4579 2842 4619 Lxxvtt.
2883 4563 2972 4618 71.
3048 4564 3093 4595 ⁷³
3130 4562 3289 4618 Joau.
3355 4563 3407 4621 1.
3438 4558 3526 4615 ‘23.

263 4638 313 4668 ⁷³
346 4635 448 4689 lsa.
496 4650 613 4697 LIII,
635 4635 689 4697 4,
711 4634 764 4689 5.
841 4630 1090 4704 "Matth.
1117 4630 1302 4704 13,55.
1362 4630 1407 4660 ⁷⁸
1444 4628 1765 4704 Luc_._xxm,
1796 4630 1835 4683 5:

1950 4646 2019 4700 ιιι.
2051 4646 2066 4697 ;
2108 4631 2295 4686 Matth.
2318 4647 2493 4699 xxvii,
2526 4633 2595 4689 54
2621 4648 2737 4704 sqq.

263 4722 322 4776 ν,
342 4705 428 4760 16.
509 4705 556 4736 ⁷⁸
594 4704 751 4759 Joan.
784 4718 842 4768 π,
880 4703 969 4757 18.
1046 4702 1090 4734 ⁷⁹
1121 4701 1505 4765 Matth.xxvu,
1539 4698 1601 4754 51
1630 4715 1749 4769 sqq.

342 4862 456 4931 (41)
489 4858 817 4927 Λεγεῶγας.
842 4857 977 4911 Tres
1001 4855 1194 4927 Regg.,
1226 4854 1742 4923 totidemqueColb.,
1761 4854 1852 4907 λε-

304 4948 449 4986 εωνα
456 4970 470 4983 .

266 4951 470 5073 78(23)-
486 4998 902 5073 Kdo‘yprLDuO
925 4995 1119 5073 Begg”
1144 4997 1233 5073 τὸν
1261 4999 1484 5073 κόσμον.

342 5067 456 5142 (ll-5)
497 5067 690 5142 Φωνῇ.
721 5069 811 5123 Sic
840 5067 1087 5142 coddfln
1115 5069 1226 5142 ed.,
1256 5067 1428 5141 φωνή,
1469 5089 1487 5121 ι
1519 5082 1644 5142 vox.
1685 5084 1703 5142 ξ

343 5135 476 5212 (44)
507 5135 883 5212 Ἑτεῲονται.
926 5135 1278 5212 ίὸἱοῄοριὶιηαέ
1326 5135 1464 5212 no'tae
1518 5138 1649 5204 Reg.
1686 5135 1848 5206 Cypr.

270 5208 626 5279 llanc'hujus
676 5211 878 5266 codicis
925 5210 1210 5279 lectionem
1259 5208 1613 5279 pra'tulimus,
1656 5220 1845 5279 quani-

267 5285 352 5337 vis
390 5275 552 5345 editi;
597 5295 662 5334 ac
716 5279 958 5348 plerique
1007 5278 1220 5334 codices
1262 5275 1543 5340 'habeant,
1593 5275 1843 5348 προεγεί-

270 5368 481 5424 ρονται,
507 5350 633 5419 quia
667 5345 1127 5424 sacro_t'extui,_ut_.
1156 5349 1338 5424 videre
1376 5359 1460 5424 est
1489 5347 1624 5424 apud
1641 5345 1840 5424 Matth.

268 5415 439 5486 il,‘5,
467 5415 561 5473 aut
588 5435 761 5481 xxv".
789 5419 879 5485 53,
916 5419 1170 5475 concinit.
1208 5419 1396 5474 Billius
1419 5418 1566 5486 legit,
1592 5415 1844 5486 προεγεί-

272 5507 482 5563 ρονται,
513 5505 579 5563 ac
610 5490 839 5563 reddidit
864 5507 883 5563 ς
918 5508 936 5541 ι
983 5490 1128 5557 prius
1157 5490 1417 5563 σιξ-,νίψω
1456 5495 1836 5549 revocantum.

269 5557 367 5616 sed
391 5562 442 5614 in
472 5561 617 5615 uotis
633 5560 709 5613 ait
734 5577 746 5612 :
779 5576 797 5610 ι
826 5559 879 5614 id
910 5569 1015 5620 est.
1044 5568 1168 5611 ante
1189 5557 1462 5623 Christum
1481 5564 1836 5625 resurguntp

270 5631 416 5693 quod
442 5630 663 5686 quidem
694 5639 912 5685 sanctus
973 5628 1209 5684 Thomas
1242 5637 1298 5685 et
1340 5627 1565 5697 the010gi
1622 5635 1840 5695 negant.

2822 4634 2868 4666 ⁷⁸
2887 4632 3128 4699 Joan.tt,
3157 4636 3210 4688 7.
3290 4634 3333 4665 ⁷⁷
3370 4633 3526 4688 Cant.

1959 4855 2092 4911 Nam
2118 4858 2274 4928 juxta
2316 4858 2503 4927 Apost.
2563 4860 2630 4913 ad
2665 4859 2872 4914 Coloss.
2934 4874 2976 4922 ι,
3010 4858 3099 4923 18,
3139 4858 3390 4912 Christus
3451 4864 3536 4910 est

1965 4945 1985 4980 ι
2027 4929 2416 4999 primogenitus
2443 4944 2509 4984 ex
2545 4931 2793 4985 mortuis.
2835 4948 2855 4981 ι
2886 4928 2965 4982 Illi
3002 4944 3131 4998 ergo
3162 4928 3372 4984 dicendi
3406 4937 3536 4982 sunt

1960 5000 2194 5053 revocati
2225 5002 2291 5054 ad
2315 5002 2480 5054 vitam
2515 5017 2533 5049 ι
2562 5009 2691 5055 ante
2712 5015 3051 5054 communem
3081 5006 3415 5053 mortuorum
3450 5013 3535 5052 re-

1960 5070 2350 5123 surrectioncm
2370 5087 2439 5135 ς.»
2477 5073 2571 5124 sed
2603 5085 2707 5123 non
2732 5080 2857 5124 ante
2884 5066 3182 5133 Christum,
3208 5069 3296 5135 qui
3328 5070 3533 5137 primus

1959 5152 2027 5191 ex
2082 5140 2303 5193 mortuis
2345 5140 2604 5204 surrexit,
2637 5150 2691 5195 et
2715 5141 2848 5195 istos
2890 5140 3168 5202 excitavit,
3207 5148 3263 5192 ut
3296 5139 3397 5194 sibi
3434 5154 3529 5193 co-

1961 5207 2119 5262 mites
2143 5218 2326 5263 essent
2354 5211 2677 5277 resurgenti.
2796 5256 2797 5263 η

2022 5277 2134 5417 (45)
2169 5277 2389 5332 Λυέτω.
2429 5280 2558 5347 Reg.
2593 5281 2702 5346 bm,
2730 5279 2867 5341 λύει,
2905 5297 2925 5330 ι
2983 5279 3303 5334 dissolvunt.
3337 5298 3356 5330 ι

2046 5348 2112 5401 46
2188 5348 2690 5417 Αἱνιγ-ματισταῖς.
2741 5350 2924 5404 Schol.
2967 5366 2981 5402 :
3031 5349 3211 5417 Ὑμῖν·
3276 5352 3356 5404 «Α

2046 5348 2134 5417 46)
2188 5348 2690 5417 Αἱνιγ-ματισταῖς.
2741 5350 2924 5404 Schol.
2967 5366 2981 5402 :
3031 5349 3211 5419 Ὑμῖν·
3276 5369 3295 5402 ι
3333 5350 3409 5404 Ad
3438 5363 3532 5404 vos
3596 5408 3597 5411 η

1948 5419 2290 5474 mnimnatum
2321 5421 2609 5474 studiosos.
2649 5438 2668 5471 ι

2020 5435 2047 5470 n
2092 5435 2290 5471 tllalllm
2321 5435 2609 5474 studiosos.
2649 5438 2668 5471 ι

2020 5435 2161 5559 (ἕῖ)-
2186 5483 2289 5552 Εἷς
2351 5488 2778 5559 ἀντικείμενος.
2815 5487 2997 5543 Schol.
3036 5506 3050 5542 :
3105 5488 3279 5558 Λόγος
3310 5487 3529 5559 ,δηλον-

1947 5557 2050 5611 ότι·
2093 5578 2110 5611 ι
2139 5557 2329 5615 Sermo
2362 5558 2586 5616 scilicet.
2625 5577 2643 5611 ι
2684 5558 2805 5613 Btll.
2870 5560 2922 5611 in
2980 5558 3122 5614 notis
3163 5557 3247 5612 τι
3293 5557 3526 5613 Saturi.»
