3890 6214
445 249 550 306 405

1629 244 1686 299 S.
1726 240 2059 300 GREGORII
2097 241 2449 300 THEOLOGI

3585 239 3692 293 104

441 373 826 430 usquequaque
859 358 1133 428 sapientes
1159 367 1214 412 et
1244 365 1432 412 acutos
1461 370 1607 421 esse,
1631 372 1729 411 nec
1751 357 1805 411 in
1824 371 2006 426 super-

2126 356 2454 428 Ξαλλὼμεθα,
2499 357 2556 410 τὸ
2590 355 2864 409 πιστεύειν
2899 355 3149 424 ἀφέντες,
3177 355 3271 408 καὶ
3307 354 3366 407 τὸ
3394 352 3487 406 τοῦ
3521 353 3692 406 Πνεύ-

441 453 696 508 vacaueis
741 452 1196 521 disputationibus
1256 459 1421 519 atque
1483 447 1832 517 Evangelium
1888 462 2014 502 eva-

442 544 735 599 cuantihus
792 543 994 596 invicto
1037 543 1268 611 quodam
1322 540 1516 594 robore
1541 546 1818 608 praestare.
1877 536 2010 592 Cum

442 635 608 699 enim,
625 633 807 688 relicta
825 635 959 698 ,lide,
987 631 1093 684 vim
1121 630 1536 697 facultatemque
1567 626 1861 681 disserendi
1876 642 2014 697 prm-

445 727 758 789 tendimus,
816 725 1158 793 Spit-ilusque
1219 729 1428 775 certam
1486 719 1863 773 auctoritatem
1919 731 2014 786 per

443 817 770 885 quaestiones
807 815 1069 876 dolemus,
1123 827 1187 866 ac
1223 819 1409 880 postea
1468 809 1650 864 oratio
1682 823 1860 863 rerum
1896 823 2013 861 ma-

444 908 710 979 gnitudini
774 908 917 962 cedit
967 907 1144 978 (cedet
1192 913 1370 959 autem
1425 902 1669 966 omnino,
1726 910 1910 970 utpote
1945 903 2015 956 ab

445 996 630 1050 infimo
657 1009 882 1066 organo,
937 995 989 1050 id
1019 1005 1101 1050 est
1150 995 1334 1048 animo
1369 1001 1575 1058 nostro,
1614 991 2012 1062 proficiscens),

444 1087 574 1156 quid
607 1086 834 1140 efﬁcitur
857 1086 879 1138 ?
900 1083 1174 1140 Orationis
1207 1083 1464 1137 nimirum
1517 1081 1862 1137 imbecillitas
1887 1083 2013 1135 reli-

445 1178 589 1248 gioni
618 1188 815 1233 nostra:
842 1177 1172 1242 aserihitnr;
1205 1183 1370 1244 atque
1409 1174 1480 1226 ita
1509 1175 1777 1228 sermonis
1817 1182 2013 1228 ornatu

445 1269 784 1338 etelegantia
816 1268 993 1323 erucis
1037 1267 1324 1326 evacuatio
1373 1263 1681 1320 declaratur
1721 1262 1790 1328 ⁸⁸,
1826 1277 2016 1332 quem-

449 1363 737 1416 admodum
773 1362 872 1432 ipsi
901 1376 1114 1431 quoque
1153 1359 1320 1414 Paulo
1351 1359 1581 1413 videtur.
1619 1356 1780 1410 Fides
1798 1355 2011 1425 quippe,

455 1455 718 1508 doctrinae
746 1465 946 1508 nosme
975 1452 1428 1522 complementum
1476 1458 1578 1504 est.
1608 1447 1708 1514 Qui
1741 1458 1918 1502 autem
1953 1447 2017 1501 li-

447 1556 570 1617 gata
613 1547 856 1615 exponit,
882 1554 937 1599 et
967 1560 1136 1598 nexus
1165 1543 1430 1607 dissolvit,
1487 1556 1551 1595 ac
1580 1540 1733 1594 nobis
1763 1538 1814 1591 in
1865 1553 2016 1594 men-

450 1646 555 1690 tem
589 1637 820 1702 induxit,
856 1645 915 1690 ut
940 1637 1295 1691 violentorum
1330 1635 1640 1704 dogmatum
1670 1631 2015 1702 obliquitates

2117 464 2286 518 ματος
2311 447 2622 514 ἀξιόπιστον
2646 450 2766 510 ταῖς
2798 447 3055 518 ζητήσεσι
3086 445 3356 514 λύσωμεν,
3389 439 3504 496 εἶτα
3524 445 3694 514 ἡττη-

2108 537 2180 608 θῇ
2202 538 2296 590 τοῦ
2327 538 2591 608 μεγέθους
2617 537 2722 590 τῶν
2755 537 3094 608 πραγμάτων
3130 539 3158 589 ό
3181 536 3338 603 λόγος
3371 533 3695 604 (ἡττηθήσε-

2110 647 2199 683 ται
2219 631 2275 683 δὲ
2303 631 2539 696 πάντως,
2569 633 2678 686 ἀπὸ
2709 630 2968 693 ἀσθενοῦς
3022 629 3252 701 ὀργάνου
3291 629 3391 698 τῆς
3419 627 3695 697 ἡμετέρας

2111 721 2347 786 διανοίας
2373 721 2736 794 ὁρμώμενος),
2758 722 2812 774 τί
2847 722 3056 790 γίνεται
3081 737 3096 786 ;
3132 719 3205 772 Τὸ
3232 719 3456 782 ἀσθενὲς
3477 717 3572 770 τοῦ
3603 717 3695 769 λό-

2113 828 2232 880 γου,
2268 813 2364 865 τοῦ
2405 814 2704 885 μυστηρίου
2735 815 2982 883 φαίνεται
3003 831 3016 844 ο
3053 814 3148 866 καὶ
3179 813 3322 866 οὕτω
3345 813 3574 874 κένωσις
3597 811 3695 864 τοῦ

2114 902 2366 974 σταυροῦ,
2400 903 2462 956 τὸ
2489 903 2583 956 τοῦ
2609 903 2768 972 λόγου
2802 904 3009 974 κομψὸν
3052 903 3448 965 ἀναδείκνυται,
3493 902 3567 965 ὼς
3597 902 3696 954 καὶ

2111 995 2310 1066 Παύλῳ
2339 995 2502 1048 δοκεῖ.
2559 996 2623 1048 Ἦ
2673 995 2784 1066 γάρ
2815 996 3015 1061 πίστις,
3070 996 3164 1049 τοῦ
3211 995 3330 1049 καθ’
3360 995 3507 1064 ἡμᾶς
3533 993 3695 1060 λόγου

2113 1083 2412 1155 πλήρωσις.
2457 1087 2515 1138 Ὀ
2569 1087 2626 1139 δὲ
2655 1087 3002 1156 ἀναγγέλλων
3051 1086 3162 1155 (48)
3200 1085 3545 1156 συνδέσμους,
3601 1084 3700 1137 καὶ

2111 1174 2253 1229 λύων
2308 1177 2670 1248 κρατούμενα,
2709 1181 2738 1232 ό
2795 1179 2890 1232 καὶ
2927 1181 3059 1249 ἡμῖν
3115 1177 3210 1231 ἐπὶ
3260 1177 3384 1231 νοῦν
3447 1174 3695 1244 ἀγαγὼν,

2111 1268 2358 1324 διαλῦσαι
2421 1273 2792 1343 στραγγαλιὰς
2845 1273 3036 1344 βιαίων
3069 1272 3176 1342 (49)
3233 1271 3516 1342 δογμάτων
3557 1269 3694 1340 (50),

2116 1361 2350 1431 μάλιστα
2384 1363 2482 1433 μὲν
2521 1365 2615 1418 καὶ
2659 1352 2882 1428 τούτους
2916 1363 3235 1436 μεταϐαλὼν
3266 1365 3540 1434 ποιήσειεν
3571 1362 3689 1429 (51)

2111 1455 2338 1517 πιστοὺς
2375 1457 2495 1510 ἀντὶ
2537 1458 2888 1528 τεχνολόγων,
2934 1458 3030 1512 καὶ
3071 1457 3430 1528 Χριστιανοὺς
3454 1457 3571 1509 ἀνθ’
3619 1448 3696 1510 ὧν

2115 1543 2228 1615 (52)
2263 1546 2356 1600 νῦν
2383 1547 2758 1619 ὀνομάζονται.
2805 1550 2976 1603 Τοῦτο
3023 1549 3086 1619 δὴ
3115 1550 3209 1602 καὶ
3242 1549 3695 1620 παρακαλοῦμεν,

2112 1633 2362 1705 δεόμεθα,
2391 1637 2530 1708 ὑπὲρ
2564 1638 2800 1710 Χριστοῦ
2821 1656 2834 1669 °
2878 1639 3276 1710 Καταλλάγητε
3320 1637 3398 1708 τῷ
3428 1637 3568 1707 Θεῷ,
3602 1639 3700 1690 καὶ

449 1727 798 1793 solveremus,
835 1727 1068 1783 maxime
1094 1727 1312 1796 quidem
1333 1725 1589 1795 optarim,
1614 1732 1673 1778 ut
1695 1724 1790 1776 hos
1820 1725 2014 1776 immu-

2126 1727 2174 1780 τὸ
2207 1727 2432 1799 Πνεῦμα
2495 1729 2571 1800 μὴ
2605 1730 2893 1784 σϐέννυτε·
2953 1731 3152 1802 μᾶλλον
3207 1730 3285 1794 δὲ,
3333 1727 3696 1800 καταλλαγείη

448 1829 546 1884 tet,
583 1835 646 1874 ac
676 1833 773 1886 pro
802 1820 1206 1890 argutatorihus
1237 1817 1377 1886 pios,
1409 1826 1464 1870 et
1501 1831 1599 1884 pro
1627 1815 1715 1877 iis,
1757 1813 1847 1883 qui
1873 1826 2014 1867 nunc

445 1910 808 1980 appellantur,
835 1910 1177 1964 Christianos
1209 1906 1424 1962 ellieiat.
1465 1905 1577 1960 Hoc
1625 1914 1826 1968 autem,
1859 1918 2011 1974 roga-

447 2015 587 2065 mus,
637 2015 700 2056 ae
759 2015 856 2070 pro
907 2000 1121 2055 Christo
1154 1992 2014 2054 obsecramus:Reconeiliamini

447 2091 558 2146 Deo
589 2093 656 2155 ⁸³,
697 2107 760 2148 ac
808 2091 1068 2163 Spiritum
1124 2091 1293 2146 nolite
1333 2087 1677 2156 exstinguere
1699 2086 1780 2139 ⁸¹;
1808 2083 1890 2138 vel
1920 2097 2016 2152 po—

449 2183 576 2247 tius,
603 2183 878 2238 vobiscum
918 2181 1167 2238 Christus
1201 2183 1253 2236 in
1287 2179 1516 2250 gratiam
1560 2178 1768 2240 redeat,
1813 2183 1867 2230 et
1891 2174 2015 2244 Spi-

454 2273 593 2326 ritus
641 2272 928 2344 aliquando
981 2274 1196 2328 laudent
1235 2272 1387 2326 vobis
1435 2271 1734 2325 illucescat.
1784 2267 1936 2335 Quod
1967 2267 2014 2321 si

450 2362 614 2415 nimia
657 2363 1012 2418 contendendi
1070 2364 1294 2418 libidine
1321 2361 1581 2432 flagratis,
1631 2370 1686 2414 at
1739 2375 1837 2414 nos
1870 2367 2016 2413 certe

2119 1818 2354 1887 Χριστὸς
2386 1819 2536 1890 ὑμῖν,
2564 1822 2736 1875 καὶτὸ
2765 1820 2989 1892 Πνεῦμα
3012 1821 3110 1890 ὀψὲ
3141 1819 3272 1889 γοῦν
3300 1819 3697 1888 ἀναλάμψειεν.

2119 1908 2182 1960 Εἰ
2204 1908 2260 1960 δὲ
2289 1908 2410 1962 λίαν
2447 1909 2618 1980 ἔχοιτε
2640 1911 2749 1982 (55)
2781 1912 3118 1980 φιλονείκως,
3165 1910 3280 1965 ἀλλ’
3307 1913 3465 1981 ἡμεῖς
3492 1927 3556 1978 γε
3588 1907 3699 1961 σώ-

2120 1997 2305 2069 ζοιμεν
2331 2001 2463 2072 ἡμῖν
2489 2003 2672 2065 αὐτοῖς
2701 2004 2801 2073 τὴν
2830 2004 3056 2074 Τριάδα,
3089 2003 3183 2056 καὶ
3213 2001 3317 2056 ὑπὸ
3343 2005 3444 2072 τῆς
3467 2001 3702 2071 Τριάὸος

2122 2089 2447 2162 σωζοίμεθα,
2515 2093 2767 2162 μένοντες
2814 2095 3126 2165 εἰλικρινεῖς
3182 2095 3277 2148 καὶ
3332 2094 3699 2166 ἀπρόσκοποι,

2123 2179 2314 2250 μέχρις
2345 2181 2662 2249 ἀναδείξεως
2693 2183 3030 2256 τελεωτέρας
3075 2185 3184 2238 τῶν
3229 2184 3598 2255 ποθουμένων,
3639 2184 3702 2235 ἐν

2119 2270 2267 2341 αὐτῷ
2318 2273 2538 2346 Χριστῷ
2565 2275 2644 2346 τῷ
2689 2276 2881 2348 Κυρίῳ
2914 2276 3091 2348 ἡμῶν,
3140 2269 3185 2345 ᾧ
3215 2277 3249 2347 ἡ
3296 2276 3420 2341 δόξα
3450 2277 3532 2339 εἰς
3571 2275 3702 2337 τοὺς

2120 2359 2342 2424 αἰῶνας.
2389 2363 2448 2416 ’Δ
2455 2365 2558 2435 μήν

445 2447 768 2507 Trinitatem
799 2455 952 2509 nobis
983 2455 1112 2524 ipsis
1142 2469 1446 2518 servemus,
1479 2462 1642 2522 atque
1673 2467 1702 2507 a
1731 2450 1996 2506 Triuitate
2029 2464 2334 2519 serventur,
2377 2465 2659 2512 manentes
2692 2460 2808 2528 puri
2835 2469 2896 2515 et
2923 2458 3170 2516 inoffensi
3206 2474 3376 2529 usque
3412 2459 3479 2514 ad
3515 2457 3702 2528 perfe-

446 2547 670 2600 ctiorem
689 2561 896 2608 eorum.
915 2562 1033 2616 qua:
1057 2549 1320 2614 cupimus,
1345 2547 1737 2610 ostensionem,
1765 2544 1818 2596 in
1836 2543 1951 2612 ipso
1978 2540 2196 2597 Christo
2219 2543 2346 2600 Jesu
2373 2545 2826 2615 Dominouostro,
2855 2552 2942 2606 cui
2971 2553 3141 2622 gloria
3165 2553 3219 2608 in
3245 2551 3462 2608 saecula.
3499 2554 3697 2605 Amen.

508 2659 554 2692 '°
586 2659 606 2715 Ι
641 2659 766 2714 Cor.
791 2675 830 2724 ι,
877 2660 958 2714 l7.
1035 2659 1080 2692 ⁸¹
1116 2659 1160 2713 ll
1199 2659 1326 2716 Cor.
1361 2675 1413 2728 ν,
1437 2659 1529 2716 20.
1603 2659 1649 2692 ⁸³
1679 2658 1703 2716 ι
1739 2657 2005 2721 Thessnv,
2033 2653 2126 2709 l9.

516 2772 630 2844 (48)
665 2773 1092 2845 Ἀναγ-γέλλων.
1133 2793 1153 2828 t
1183 2773 1290 2842 Qui
1321 2777 1626 2842 annuntiat,
1670 2792 1690 2826 ι
1736 2774 2011 2844 nimirum,

445 2860 478 2900 ϐ
503 2846 658 2900 Deus.
707 2864 724 2896 ι

518 2915 628 2986 (45)
658 2915 892 2986 Βιαίων.
924 2913 1057 2986 Reg:
1090 2915 1200 2986 hm,
1230 2915 1571 2986 'rt'bvptaiwv.

519 2984 629 3057 (50)
658 2984 987 3054 Δογμάτων.
1013 2984 1177 3040 Coisl.
1208 2987 1235 3040 1
1268 2997 1322 3042 et
1343 2985 1493 3055 Par.,
1525 2986 2008 3058 συναλλαγμάτων.

2192 2773 2304 2850 (Si)
2330 2775 2666 2850 HOIﬁO'EISV.
2689 2775 2980 2850 Siepplures
3007 2777 3198 2850 Regg.,
3226 2776 3393 2834 Coisl.
3433 2778 3460 2832 1
3490 2784 3544 2832 et
3567 2775 3697 2832 Par.

2121 2841 2176 2896 In
2401 2847 2458 2912 2,
2479 2849 2756 2920 πριήσειε.
2781 2841 2834 2900 In
2868 2851 2980 2910 ed.,
3007 2841 3272 2920 ﬁofﬁ'oetg.

2217 2918 2305 2986 52)
2336 2917 2488 2973 ’Art)‘
2512 2912 2618 2970 ὦνζ
2644 2937 2661 2968 ‹
2687 2917 2793 2972 Pro
2819 2920 2904 2982 iis,
2933 2938 2952 2970 ι
2980 2912 3201 2988 nempe,
3235 2939 3254 2971 ι
3286 2918 3641 2974 Eunomiams
3675 2937 3699 2972 ι

2221 2990 2308 3063 55)
2349 2991 2602 3059 Ἔχοιτε.
2627 2988 2684 3042 In
2709 2990 2998 3053 nonnullis,
3030 2989 3202 3059 ἔχετε.

464 3115 3689 3155 m

894 3285 1278 3362 ORATIO
1316 3283 1576 3363 XXX“.

718 3441 883 3515 διο
931 3438 1401 3496 TIIEOLOGICA
1447 3438 1756 3506 QUARTA.

1113 3575 1189 3631 De
1212 3573 1378 3632 Filio.

522 3715 567 3770 l.
585 3712 848 3780 Quoniam
866 3711 959 3766 tibi
979 3711 1449 3765 ratiocinationum
1469 3709 1735 3764 versutias
1750 3723 2026 3778 nexusque

455 3808 509 3861 vi
540 3805 772 3876 Spiritus
798 3803 1010 3857 abunde
1041 3803 1413 3868 discussimus,
1445 3816 1540 3856 eas
1567 3813 1748 3856 ant-em
1775 3816 1803 3854 a
1828 3801 2026 3856 divinis

455 3896 761 3966 Scripturis
785 3894 984 3964 petitas
1041 3893 1394 3962 obiectiones,
1447 3893 1645 3963 quibus
1693 3893 1793 3960 illi,
1831 3892 2024 3946 litterae

460 3986 736 4056 sacrilegi,
764 3995 828 4040 ac
855 3983 1150 4054 Scriptura:
1183 3996 1402 4038 sensum
1436 3981 1782 4044 sull'urantes,
1817 3979 2024 4050 pleros—

453 4094 565 4150 que
595 4079 662 4132 ad
685 4092 815 4132 suas
843 4086 1029 4146 partes
1054 4075 1298 4140 trahunt,
1346 4088 1408 4128 ac
1447 4072 1692 4128 veritatis
1731 4071 1874 4124 viam
1916 4079 2027 4124 lur-

457 4167 611 4231 bant,
637 4165 946 4220 summatim
973 4165 1190 4233 quidem
1214 4203 1230 4226 ,
1285 4162 1700 4232 perspicueque,
1756 4169 1812 4214 ut
1843 4161 2028 4214 candi-

458 4259 685 4314 dissimo
713 4259 910 4326 cuique
943 4259 1118 4310 visum
1161 4256 1226 4309 iri
1259 4269 1579 4325 persuasum
1613 4254 1805 4317 habeo,
1831 4252 2026 4308 dissol-

457 4354 636 4407 vimus
698 4351 847 4418 (dum
920 4348 1172 4403 videlicet
1213 4346 1563 4401 sublimiores
1613 4361 1794 4412 voces,
1820 4355 1874 4400 et
1909 4359 2028 4414 qua:

458 4441 570 4496 Deo
599 4440 772 4511 magis
810 4441 1158 4503 conveniunt,
1210 4437 1481 4493 divinitati
1529 4438 1894 4502 altribuimus,
1928 4438 2030 4491 hu-

465 4532 713 4587 miliores
746 4540 948 4595 autem,
979 4541 1032 4586 et
1058 4546 1177 4600 quae
1203 4531 1444 4585 hominis
1476 4537 1684 4583 naturae
1711 4528 1880 4599 magis
1899 4543 2028 4583 eon-

458 4633 682 4694 gruunt,
713 4638 851 4678 novo
880 4624 954 4677 illi
1006 4635 1192 4678 nostra
1251 4636 1411 4677 causa
1442 4621 1670 4685 Adamn,
1699 4635 1762 4676 ac
1787 4620 1898 4675 Deo
1928 4621 2025 4674 ad-

458 4732 651 4771 versus
703 4727 981 4786 peceatum
1056 4714 1347 4786 patibili);
1397 4724 1692 4778 caeterum,
1740 4713 2029 4769 festinante

2671 3280 3036 3366 ΛΟΓΟΣ
3073 3280 3189 3364 Λ.

2469 3440 2930 3492 ΘΕΟΛΟΓΙΚΟΣ
2973 3440 3360 3492 ΤΕΤΑΡΤΟΣ.

2728 3573 2866 3640 Περὶ
2909 3574 3066 3628 Υιοῦ.

2195 3707 2278 3759 A'.
2325 3705 2540 3777 Ἐπειδή
2568 3723 2648 3760 σοι
2671 3705 2768 3770 τὰς
2798 3708 2895 3778 μὲν
2927 3709 2991 3761 ἐκ
3029 3711 3137 3764 τῶν
3170 3711 3443 3781 λογισμῶν
3467 3727 3706 3782 στροφάς

2126 3799 2222 3852 καὶ
2251 3797 2458 3861 πλοκὰς
2497 3799 2696 3862 ἱκανῶς
2729 3799 3071 3872 διεσείσαμεν
3113 3806 3179 3874 τῇ
3209 3803 3436 3874 δυνάμει
3467 3804 3578 3875 (54)
3607 3804 3708 3857 τοῦ

2125 3888 2463 3960 Πνεύματος,
2497 3889 2597 3953 τὰς
2624 3889 2680 3943 δὲ
2732 3893 2881 3963 παρὰ
2911 3893 3018 3946 τῶν
3059 3893 3218 3948 θείων
3249 3894 3480 3965 Γραφῶν
3507 3897 3708 3950 ἐνστά-

2129 4001 2242 4048 σεις
2271 4001 2328 4037 τε
2351 3984 2443 4037 καὶ
2465 3983 2766 4048 ἀντιθέσεις
2802 3988 2818 4043 ί
2827 3987 2936 4052 55),
2963 3982 3050 4052 αἷς
3079 3991 3126 4041 oi
3151 3989 3243 4042 τοῦ
3269 3990 3595 4060 γράμματος
3627 3993 3677 4044 is

2127 4075 2364 4147 ρόσυλοι,
2395 4076 2488 4129 καὶ
2519 4077 2610 4130 τὸν
2638 4076 2762 4130 νοῦν
2787 4077 2893 4132 τῶν
2933 4082 3330 4152 γεγραμμένων
3355 4083 3710 4151 κλέπτοντες,

2127 4168 2252 4231 τοὺς
2277 4167 2507 4232 πολλοὺς
2565 4170 2991 4241 σφετερίζονται,
3028 4173 3122 4226 καὶ
3149 4175 3246 4244 τὴν
3275 4175 3394 4230 ὁδὸν
3441 4176 3538 4246 τῆς
3570 4176 3706 4249 ἁλη-

2128 4254 2278 4319 θείας
2331 4258 2686 4328 ταράσσουσι,
2739 4259 3037 4331 συλλήϐδην
3085 4261 3186 4332 μὲν
3239 4264 3338 4334 ἤδη
3373 4264 3708 4337 λελύκαμεν,

2128 4346 2224 4399 καὶ
2248 4346 2348 4399 οὐκ
2376 4348 2651 4418 ἀμυδρῶς,
2689 4349 2764 4412 ὡς
2793 4351 3026 4420 ἐμαυτὸν
3062 4353 3252 4417 πείθω,
3289 4359 3403 4419 τοῖς
3428 4358 3704 4430 εὐγνωμο-

2128 4435 2402 4508 νεστέροις
2436 4438 2556 4507 (τὰς
2587 4441 2686 4510 μὲν
2734 4441 3073 4513 ὑψηλοτέρας
3115 4445 3208 4498 καὶ
3234 4445 3706 4520 θεοπρεπεστέρας

2129 4527 2314 4597 φωνὰς
2354 4531 2784 4601 προσνείμαντες
2829 4536 2894 4604 τῇ
2932 4534 3161 4607 θεότητι,
3199 4538 3298 4600 τὰς
3352 4538 3409 4590 δὲ
3439 4556 3704 4593 ταπεινω-

2129 4617 2292 4689 τέρας
2320 4621 2414 4673 καὶ
2462 4621 2959 4694 ἀνθρωπικωτέρας
2983 4625 3060 4694 τῷ
3081 4626 3186 4696 νέῳ
3213 4627 3281 4680 δι’
3313 4629 3461 4698 ἡμᾶς
3507 4629 3706 4700 Ἀδὰμ,

2128 4711 2223 4762 καὶ
2245 4711 2364 4782 Θεῷ
2411 4713 2636 4784 παθητῷ
2672 4715 2782 4784 (56)
2813 4716 2952 4769 κατὰ
3002 4717 3098 4788 τῆς
3121 4717 3414 4788 ἁμαρτίας)
3438 4734 3452 4748 ο
3516 4722 3629 4782 τοῖς
3649 4719 3707 4771 δὲ

458 4811 747 4872 oratione,
800 4808 1072 4877 sigillatim
1141 4821 1231 4860 eas
1282 4807 1697 4875 haudquaquam
1753 4804 2017 4873 prosecuti

2131 4801 2254 4854 καθ’
2295 4802 2524 4856 ἕκαστον
2557 4807 2658 4858 οὐκ
2692 4807 3183 4879 ὲπεξεληλύθαμεν,
3229 4808 3581 4880 ἐπειγομένου
3610 4812 3708 4865 τοῦ

455 4916 683 4967 sumus;
717 4916 780 4955 ac
819 4909 876 4953 tu
905 4914 1094 4954 earum
1141 4912 1355 4969 quoque
1399 4896 1696 4952 solutiones
1724 4894 1964 4948 breviter
1994 4908 2024 4947 a

457 4993 614 5046 nobis
652 4989 835 5046 afferri
883 4989 1144 5061 postulas,
1197 5005 1268 5044 ne
1317 4987 1577 5056 speciosis
1620 4995 1676 5040 et
1701 4983 1768 5038 ad
1801 4999 2025 5054 persna-

457 5083 690 5136 dendum
732 5079 1154 5135 accommodatis
1179 5079 1515 5134 sermonibus
1549 5077 1601 5131 in
1637 5089 1878 5130 errorem
1913 5076 2030 5128 abs-

456 5173 690 5226 traharis
721 5189 735 5226 :
765 5173 970 5227 idcirco
1033 5186 1131 5225 nos
1162 5172 1258 5226 has
1283 5184 1493 5238 quoque
1527 5168 1674 5224 brevi
1706 5167 2030 5237 complecte-

2130 4895 2290 4963 λόγου
2310 4912 2326 4925 ·
2387 4896 2452 4948 σὺ
2484 4895 2542 4948 δὲ
2597 4896 2915 4949 καὶτούτων
2957 4901 3233 4972 ἐπιζητεῖς
3281 4901 3340 4953 ὲν
3369 4900 3563 4971 βραχεῖ
3589 4901 3706 4971 (57)

2130 4989 2232 5052 τὰς
2256 4988 2456 5054 λύσεις,
2485 4987 2578 5040 τοῦ
2623 4987 2698 5058 μὴ
2748 4989 3154 5059 παρασύρεσθαι
3204 4993 3382 5062 λόγοις
3415 4993 3681 5063 πιθανότη

2131 5095 2252 5143 τοςο
2289 5081 2447 5150 ἡμεῖς
2481 5079 2574 5130 καὶ
2603 5078 2714 5149 (58)
2743 5079 2946 5141 ταύτας
2991 5080 3454 5150 κεφαλαιώσομεν,
3483 5085 3562 5144 είς
3587 5085 3704 5152 ἀρι-

2137 5168 2304 5240 θμοὺς
2331 5169 2593 5232 διελόντες
2616 5168 2704 5220 διὰ
2726 5168 2784 5220 τὸ
2815 5169 3268 5240 εὐμνημόνευτον.

458 5281 602 5330 mur,
631 5274 814 5334 atque,
839 5280 898 5318 ut
935 5265 1148 5319 facilius
1182 5263 1456 5317 memoria:
1481 5263 1740 5327 haereant,
1784 5262 2026 5317 numeris
2063 5261 2476 5334 distinguemus.

530 5411 557 5440 ι
589 5400 735 5453 Alias
765 5397 1010 5464 XXXVI,

459 5466 653 5522 Habita
677 5484 820 5522 anno
849 5470 973 5523 580.

553 5539 642 5609 54)
676 5538 751 5607 Τῇ
766 5537 1031 5607 δυνάμει.
1063 5538 1192 5606 Reg.
1227 5553 1278 5602 a,
1309 5539 1366 5590 ὲν
1389 5541 1455 5609 τῇ
1475 5537 1718 5609 δυνάμει.

553 5542 642 5608 54)
676 5542 751 5607 Τῇ
766 5542 1031 5607 δυνάμει.
1063 5542 1192 5606 Reg.
1227 5553 1278 5602 a,
1309 5542 1366 5590 ὲν
1389 5542 1455 5609 τῆ
1475 5542 1718 5607 δυνάμει.

529 5542 644 5680 ί55)
671 5610 1044 5680 ,Ἐνστάσεις
1069 5626 1133 5662 τε
1161 5609 1257 5662 καὶ
1294 5591 1646 5672 ἀντιῦἐσεις.
1688 5625 1731 5680 (μ
1752 5605 2028 5674 Pugnaces

457 5675 746 5735 ins'l'antias
785 5689 839 5734 et
864 5681 1250 5749 oppositiones,
1285 5699 1303 5731 ι
1335 5695 1452 5744 seu,
1495 5678 1892 5742 «obiectiones.
1933 5698 1954 5727 ι

1039 5414 1159 5469 quae
1185 5406 1365 5453 autem
1401 5396 1470 5452 30
1498 5405 1637 5463 erat,
1671 5412 1819 5452 nunc
1847 5397 1934 5450 l5.
1952 5425 2003 5436 ——

2200 5397 2310 5469 (56)
2343 5397 2464 5461 Θεῷ
2483 5393 2747 5460 παθητῷ.
2788 5415 2810 5449 ι
2837 5397 2945 5453 Deo

2132 5467 2198 5524 sti
2211 5467 2410 5522 natura
2440 5469 2526 5524 hic
2559 5469 2898 5536 intelligitur.

2203 5539 2315 5608 (57)
2356 5539 2451 5589 Ἐν
2481 5537 2720 5605 βραχεῖ.
2749 5543 2861 5592 Duo
2876 5538 3139 5607 Regg.,év
3172 5536 3416 5608 βραχέσι,

2355 5603 2550 5678 Ἡμεῖς
2587 5603 2708 5662 καί.
2752 5608 2807 5661 ln
2849 5603 3132 5672 nonnullis,
3173 5603 3353 5677 ’ἡμεῖς
3402 5603 3595 5660 δὲκαί.

2983 5395 3205 5467 patibili.
3241 5414 3259 5448 ι
3286 5395 3494 5449 Ηυιιιοη
3549 5394 3706 5450 131τὶ-
