3890 6214
181 257 280 313 .05
1201 254 1460 311 ORATIO
1498 255 1664 310 XXX.
1713 284 1782 297 -—
1820 251 2262 309 THEOLOGICA
2300 253 2392 308 Ν.

3328 256 3432 310 106

247 371 324 426 Β.
358 372 515 425 Ἐστι
560 372 666 444 γὰρ
699 373 757 427 ἐν
792 374 888 444 μὲν
928 374 1110 435 αὐτοῖς
1142 374 1319 428 ἐκεῖνο
1347 358 1589 428 καὶλίαν
1624 371 1757 444 πρό-

1930 370 1992 425 ll.
2027 371 2158 426 Illud
2190 372 2407 440 quidem
2433 383 2598 426 unum
2635 371 2769 439 ipsis
2793 371 2906 426 fere
2940 371 2994 425 in
3032 379 3281 440 promptu
3313 381 3436 428 est:

175 477 361 534 χειρον
377 462 461 526 τὸ,
493 464 708 532 Κύριος
737 464 940 519 ἐκτισέ
959 481 1038 533 με
1067 464 1266 533 ἀρχὴν
1291 464 1450 519 ὁδῶν
1471 464 1659 521 αὐτοῦ
1681 465 1769 529 εὶς

1870 460 2123 515 Dominus
2137 462 2325 516 creavit
2343 478 2423 515 me
2435 463 2745 531 principium
2763 462 2963 514 uiarum
2975 476 3187 514 suarum
3200 462 3268 514 ad
3285 478 3437 529 opera

179 546 325 616 ἔργα
354 549 565 603 αὐτοῦ.
610 550 756 622 Πρὸς
786 551 814 604 ὃ
850 550 967 615 πῶς
1000 551 1460 622 ἁπαντησόμεθα;
1494 552 1570 605 Οὐ
1616 549 1771 603 Σολο-

1890 568 1966 606 :ua
1992 553 2058 606 ⁸³.
2094 552 2191 608 Cui
2213 562 2533 623 argumento
2564 570 2673 624 quo
2717 554 2935 609 tandem
2988 552 3149 609 modo
3189 567 3442 609 occurre-

183 639 391 707 μῶντος
439 644 927 721 κατηγορήσομεν;
989 644 1049 697 οὐ
1093 643 1164 696 τὰ
1219 644 1350 715 πρὶν
1409 643 1768 716 ἀθετήσομεν,

180 729 270 783 διὰ
313 730 411 801 τὴν
451 731 763 785 τελευταίαν
816 733 1214 804 παράπτωσιν;
1268 734 1390 804 οὐχὶ
1429 734 1545 803 τῆς
1581 732 1770 801 σοφίας

182 821 353 891 αὐτῆς
379 822 614 893 ἐροῦμεν
651 819 792 878 εἶναι
842 824 934 877 τὸν
980 824 1158 894 λόγον,
1181 825 1283 894 τῆς
1313 819 1426 878 οἷον
1459 825 1770 895 ἐπιστήμης

183 910 398 964 καὶτοῦ
423 914 667 983 τεχνίτου
703 914 813 987 (59)
868 914 1049 984 λόγου,
1088 914 1213 969 καθ’
1249 915 1307 969 ὃν
1334 915 1403 969 τὰ
1437 914 1614 968 πάντα
1648 930 1773 967 συν-

184 1003 352 1075 ἐστη;
410 1005 590 1060 Πολλὰ
620 1007 731 1080 γὰρ
763 1009 796 1080 ἡ
841 1008 1033 1081 Γραφὴ
1061 1011 1493 1080 προσωποποιεῑν
1532 1003 1638 1060 οἶδε
1681 1008 1774 1061 καὶ

182 1097 293 1150 τῶν
319 1098 561 1168 ἀψύχων,
582 1099 655 1162 ὡς
670 1100 750 1165 τὸ,
766 1100 838 1154 Ἡ
863 1099 1147 1155 θάλασσα
1177 1097 1307 1154 εἷπε
1326 1099 1465 1154 τάδε
1488 1100 1584 1154 καὶ
1608 1099 1769 1155 τάδε.

185 1187 319 1250 Καὶ,
359 1188 430 1242 Ἦ
460 1189 731 1256 ἄϐυσσος
759 1185 929 1243 εἶπεν
952 1206 966 1218 ·
1005 1192 1127 1243 Οὐκ
1163 1189 1334 1243 ἐστιν
1363 1190 1432 1242 ἐν
1455 1190 1585 1259 ἐμοί
1609 1205 1624 1220 ο
1656 1190 1771 1251 καὶ,

192 1278 261 1328 Ol
293 1278 535 1345 οὐρανοὶ
568 1278 949 1349 διηγούμενοι
984 1279 1094 1351 (60)
1122 1279 1311 1344 δόξαν
1335 1280 1501 1333 Θεοῦ.
1531 1281 1641 1333 Καὶ
1672 1280 1777 1333 πά-

183 1367 272 1420 λιν
304 1370 552 1441 ῥομφαίᾳ
592 1388 644 1423 τι
690 1371 1088 1437 διακελεύεται,
1117 1371 1213 1424 καὶ
1236 1371 1335 1442 ὅρη
1371 1371 1467 1424 καὶ
1488 1369 1666 1441 βουνοὶ
1697 1371 1777 1425 λόο

183 1478 317 1528 γους
366 1460 679 1532 ἐρωτῶνται
718 1463 1076 1533 σκιρτήσεως.
1125 1460 1341 1514 Τούτων
1373 1459 1527 1513 οὐδέν
1572 1477 1772 1532 φαμεν,

187 1550 234 1602 εί
265 1549 359 1603 καί
386 1567 493 1602 τισι
522 1551 632 1602 τῶν
669 1550 775 1621 πρὸ
812 1550 969 1621 ἡμῶν
993 1550 1069 1613 ὡς
1103 1548 1298 1621 ἰσχυρὰ
1334 1548 1592 1602 τέθειται.
1638 1548 1775 1602 Ἀλλ’

185 1641 330 1694 ἔστω
353 1642 448 1694 τοῦ
472 1642 725 1712 Σωτῆρος
751 1642 939 1702 αὑτοῦ,
970 1643 1068 1712 τῆς
1095 1640 1353 1713 ἀληθινῆς
1380 1640 1597 1710 Σοφίας,
1631 1643 1659 1694 ὁ
1692 1641 1779 1693 λό-

1873 644 2031 698 mus?
2056 642 2196 697 Num
2229 644 2572 699 Salomonem
2604 642 3027 698 accusabimus?
3052 641 3188 697 Num
3212 644 3439 713 pristina

1874 736 2043 803 ipsius
2075 736 2216 789 dicta
2246 737 2316 791 ob
2336 744 2670 804 pustremum
2698 735 2869 803 ipsius
2917 735 3121 805 lapsum
3152 735 3440 803 abrogabi-

1875 828 2036 882 unus?
2059 828 2197 882 Num
2231 829 2512 898 ipsiusmet
2539 829 2819 897 sapientiae
2839 868 2855 893 ,
2908 843 2972 882 ac
3002 829 3151 882 velut
3178 828 3438 893 scientize,

1874 917 2212 986 artiﬁcisque
2228 917 2478 984 rationis,
2495 916 2788 972 secundum
2815 932 2979 986 quam
3019 919 3201 971 omnia
3226 918 3442 971 condiia

1874 1020 2021 1072 sunt,
2053 1010 2193 1064 hunc
2216 1023 2520 1063 sermonem
2548 1022 2672 1062 esse
2702 1009 2984 1063 dicemus?
3016 1007 3279 1076 Pleraque
3298 1011 3441 1062 enim

1874 1115 1940 1152 ex
1970 1099 2075 1160 his,
2110 1113 2232 1165 quae
2262 1098 2443 1151 anima
2475 1107 2686 1161 carent,
2736 1086 3025 1167 Scriptura
3051 1112 3146 1165 per
3183 1110 3446 1165 pl‘OSOpO-

1878 1191 2071 1259 pariam
2106 1190 2377 1259 loquentia
2439 1190 2698 1244 inducere
2760 1191 3067 1254 consuevit,
3092 1188 3246 1257 juxta
3276 1189 3443 1243 illud:

1878 1279 2028 1333 Mare
2059 1281 2170 1334 Ιιίιτ
2220 1290 2376 1348 atque
2401 1278 2495 1331 illa
2511 1278 2706 1333 dixit“
2727 1295 2742 1345 ;
2767 1289 2840 1345 et,
2872 1278 3105 1348 Abyssus
3125 1280 3260 1332 dixit
3287 1277 3447 1332 :Non

1876 1381 1948 1425 eu
1977 1372 2032 1424 in
2061 1388 2142 1424 me
2164 1371 2209 1403 ⁸³
2234 1389 2248 1438 ;
2286 1381 2360 1434 et,
2389 1368 2519 1425 Caeli
2567 1381 2813 1425 enarrant
2873 1371 3096 1440 gloriam
3133 1370 3229 1424 Dei
3257 1370 3339 1437 ⁸⁶;
3396 1380 3450 1422 et

1881 1479 2086 1528 rursus,
2118 1464 2338 1519 framea:
2371 1463 2572 1533 aliquid
2616 1464 2912 1531 imperatur
2940 1463 3009 1528 ⁸⁷,
3042 1473 3097 1518 et
3131 1470 3341 1518 montes
3386 1478 3449 1514 ac

1878 1554 2042 1610 colles
2069 1554 2444 1608 exsultationis
2488 1554 2535 1587 ⁸⁸
2568 1569 2786 1608 causam
2828 1564 3215 1623 exposcuntur.
3241 1553 3445 1609 Horum

1880 1645 2013 1698 nihil
2042 1644 2287 1714 proferre
2313 1644 2464 1708 libet,
2496 1645 2713 1698 etiamsi
2744 1645 2946 1715 alioqui
2985 1664 3015 1700 a
3057 1646 3328 1701 nonnullis
3358 1662 3447 1701 eo-

187 1747 304 1799 γος.
362 1731 572 1802 Μικρὸν
616 1730 673 1783 δέ
721 1729 1272 1802 συνδιασκεψὼμεθαο
1322 1729 1389 1782 Τί
1437 1729 1546 1782 τῶν
1611 1729 1777 1809 ὅντων

1890 1753 2031 1803 rum,
2063 1738 2155 1807 qui
2180 1747 2308 1791 ante
2332 1754 2430 1792 nos
2470 1739 2819 1805 exstiterunt,
2846 1753 2943 1808 pro
2976 1738 3147 1794 ﬁrmis
3176 1750 3232 1794 et
3259 1738 3449 1795 validis
3521 1803 3530 1814 .

189 1821 431 1878 ἀναίτιον
451 1841 466 1889 ;
488 1822 711 1893 Θεότης.
733 1822 921 1886 Οὐδεὶς
941 1822 1051 1893 γὰρ
1075 1823 1253 1876 αἰτίαν
1274 1824 1449 1876 εἰπεῖν
1473 1822 1586 1893 ἔχει
1607 1821 1743 1876 Θεοῦ
1765 1838 1778 1852 ·

188 1918 222 1989 ἢ
254 1915 415 1970 τοῦτο
441 1915 508 1969 ἆν
535 1914 619 1987 εἴη
650 1915 783 1968 Θεοῦ
827 1914 1218 1987 πρεσὸύτερον.
1246 1914 1342 1978 Τίς
1364 1914 1419 1967 δὲ
1445 1914 1547 1984 τῆς
1573 1912 1784 1984 ἀνθρω-

190 2009 449 2079 πὸτητος,
473 2008 539 2080 ἣν
568 2007 632 2060 δι’
658 2009 802 2078 ἡμᾶς
854 2007 1063 2078 ὑπέστη
1089 2007 1242 2070 Θεὸς,
1273 2005 1457 2071 αἰτίας
1498 2005 1571 2059 Τὸ
1606 2004 1784 2073 σωθῆ-

190 2119 281 2154 ναι
310 2099 530 2162 πάντως
558 2098 670 2170 (6-1)
696 2100 864 2169 ἡμᾶς.
916 2099 982 2151 Τί
1017 2098 1126 2169 γὰρ
1152 2097 1342 2171 ἕτερον
1367 2115 1382 2163 ;
1429 2096 1646 2169 Ἐπειδὴ
1676 2096 1786 2148 τοί-

190 2209 289 2245 νυν
318 2189 578 2255 ἐνταῦθα,
628 2191 724 2243 καὶ
761 2190 823 2243 τὸ
848 2190 1075 2256 ἔκτισε,
1109 2190 1205 2244 καὶ
1252 2191 1315 2242 τὸ
1354 2187 1539 2260 γεννᾷ
1557 2205 1657 2258 με,
1686 2204 1784 2240 σα-

192 2282 311 2352 φῶς
337 2281 690 2353 εὑρίσκομεν,
715 2279 919 2349 ἁπλοῦς
940 2282 969 2334 ὁ
1003 2280 1185 2348 λόγος.
1220 2281 1284 2333 Ὃ
1311 2280 1409 2350 μὲν
1437 2279 1503 2333 ἂν
1528 2278 1667 2350 μετὰ
1686 2279 1789 2349 τῆς

192 2376 379 2438 αἰτίας
406 2373 775 2444 εὑρίσκωμεν,
820 2371 1152 2444 προσθῶμεν
1200 2374 1265 2443 τῇ
1309 2371 1723 2442 ἀνθρωπότητι·
1758 2370 1788 2424 ὃ

187 2466 249 2521 δὲ
280 2465 488 2520 ἁπλοῦν
517 2465 612 2518 καὶ
634 2465 899 2529 ἀναίτιον,
926 2467 993 2536 τῇ
1024 2462 1238 2534 θεότητι
1267 2461 1636 2533 λογισώμεθα.
1660 2457 1786 2532 ’Ἆρ’

190 2538 303 2611 οὖν’
345 2556 409 2610 οὒ
453 2556 517 2608 τδ
563 2555 666 2626 μὲν
715 2554 958 2608 ἔκτισεν
1002 2553 1220 2626 εἴρηται
1258 2553 1397 2624 μετὰ
1446 2553 1549 2624 τῆς
1572 2553 1785 2618 αἰτίας;

198 2651 448 2703 Ἕκτισε
489 2648 597 2719 γάρ
646 2664 743 2716 με,
795 2648 980 2716 φησὶν,
1032 2640 1237 2715 ἀρχὴν
1271 2645 1428 2700 ὁδῶν
1476 2644 1662 2699 αὐτοῦ
1702 2646 1789 2709 εὶς

196 2743 345 2812 ἔργα
374 2742 583 2797 αὐτοῦ.
630 2741 806 2811 Ἔργα
848 2740 905 2792 δέ
942 2739 1143 2811 χειρῶν
1191 2737 1379 2803 αὐτοῦ,
1427 2736 1653 2808 ἀλήθεια
1694 2736 1790 2789 κα)⁸

196 2836 404 2908 κρίσις,
444 2829 518 2888 ὧν
546 2834 734 2889 ἕνεκεν
765 2832 999 2905 ἐχρίσθη
1018 2832 1250 2904 θεότητι.
1283 2830 1477 2903 Χρίσις
1500 2829 1607 2902 γὰρ
1649 2830 1789 2903 αὕτη

196 2929 297 3000 τῆς
354 2925 802 2998 ὰνθρωπότητος.
853 2923 931 2977 Τὸ
974 2922 1032 2976 δὲ
1053 2920 1238 2992 γεννᾷ
1258 2939 1357 2992 με,
1407 2922 1576 2993 χωρὶς
1609 2922 1790 2985 αἰτίας

200 3019 315 3090 (62)
339 3038 354 3050 ·
386 3017 614 3090 ἢδεϊξὸν
645 3035 697 3072 τι
729 3017 908 3087 τούτῳ
954 3017 1374 3087 προσκείμενον.
1410 3015 1508 3079 Τίς
1535 3010 1629 3069 οὖν
1657 3015 1788 3068 ἀντ-

347 3071 553 3181 λόγος,.
573 3112 779 3184 κτίσμα
813 3071 911 3185 μὲν
968 3071 1227 3178 λέγεσθαι
1270 3108 1368 3180 τὴν
1403 3071 1615 3176 σοςξίαν,
1647 3106 1789 3161 κατὰ
1817 3071 1858 3129 C

194 3204 298 3277 τὴν
338 3203 493 3259 κάτω
525 3202 801 3275 γέννησιν,
854 3203 1103 3273 γέννημα
1131 3200 1207 3267 δὲ,
1261 3199 1404 3254 κατὰ
1437 3198 1534 3272 τὴν
1564 3197 1789 3271 πρώτην

201 3298 301 3352 καὶ
330 3296 497 3351 πλέον
532 3296 775 3369 ἄληπτον
792 3313 807 3363 ;

1883 1829 2048 1884 allata
2081 1840 2231 1884 sunt.
2266 1827 2370 1883 Sed
2402 1829 2590 1883 demus
2619 1828 2723 1884 hoc
2779 1844 2909 1884 sane
2932 1829 3229 1885 Salvatoris
3254 1831 3445 1900 ipsius.

1884 1921 1985 1975 hoc
2014 1929 2118 1987 est,
2157 1935 2298 1975 verae
2325 1919 2636 1987 Sapientiae,
2673 1921 2788 1975 haec
2810 1921 2972 1975 verba
3001 1934 3144 1977 esse.
3164 1921 3297 1975 Illud
3317 1936 3445 1976 vero

1885 2012 2280 2083 aliquantisper
2310 2029 2414 2067 una
2445 2012 2872 2068 consideremus.
2914 2011 3052 2079 Quid
3104 2023 3188 2070 est
3226 2028 3290 2068 ex
3327 2028 3447 2067 om-

1887 2104 2044 2159 nibus
2061 2104 2222 2159 rebus
2236 2105 2376 2172 quod
2407 2119 2587 2159 causa:
2618 2104 2690 2158 sit
2720 2105 2951 2174 expers?
2983 2106 3262 2161 Divinitas.
3283 2106 3454 2162 Nemo

1884 2193 2029 2248 enim
2059 2205 2164 2257 est,
2200 2194 2289 2263 qui
2321 2193 2413 2249 Dei
2447 2209 2665 2250 causam
2691 2196 2871 2250 dicere
2901 2194 3058 2268 551
3088 2208 3250 2266 queat
3279 2214 3293 2252 :
3319 2197 3453 2252 alio-

1885 2285 1977 2353 qui
2009 2285 2060 2338 id
2093 2283 2204 2340 Deo
2234 2285 2511 2354 antiquius
2534 2294 2700 2341 esset.
2733 2284 2864 2351 Quae
2890 2296 3070 2340 autem
3096 2288 3452 2347 humanitatis

1888 2390 1918 2430 a
1946 2376 2056 2431 Deo
2101 2385 2319 2444 propter
2375 2390 2476 2430 nos
2528 2384 2795 2445 susceptae
2836 2391 3001 2431 causa
3031 2379 3283 2434 exstitit?
3315 2379 3453 2435 Pro-

1887 2468 2030 2523 fecto
2059 2477 2118 2521 ut
2157 2466 2313 2522 nobis
2369 2466 2518 2522 salus
2567 2476 2871 2535 pararetur.
2931 2468 3070 2536 Quid
3126 2471 3271 2525 enim
3310 2474 3454 2528 aliud

1888 2573 2064 2614 causa:
2098 2558 2278 2613 aﬂ‘erri
2311 2558 2521 2627 possit?
2544 2558 2686 2628 Ergo
2727 2559 2983 2628 quoniam
3031 2560 3120 2616 hic
3153 2572 3360 2633 aperte,
3399 2576 3456 2619 et.

1889 2650 2107 2715 creavit,
2155 2658 2211 2703 et
2239 2650 2405 2719 gignit
2449 2666 2553 2715 me,
2615 2651 2938 2719 reperimus,
2986 2651 3088 2707 hoc
3141 2652 3457 2723 simpliciter

1888 2742 2094 2795 dictum
2120 2735 2457 2796 censeamus.
2484 2740 2636 2808 Quod
2672 2730 2816 2795 enim
2850 2755 2972 2796 cun:
3013 2757 3177 2798 causa
3235 2746 3459 2815 c0njun-

1891 2842 2038 2885 ctum
2100 2830 2429 2895 invenimus,
2455 2830 2507 2884 id
2557 2828 2878 2884 humanitati
2933 2831 3315 2903 assignandum
3337 2845 3455 2888 eSt:

1892 2922 2033 2990 quod
2090 2931 2272 2978 autem
2324 2921 2551 2990 simplex
2592 2936 2878 2993 causaeque
2930 2938 3152 2993 expers,
3188 2924 3457 2980 divinitati

1894 3014 2292 3070 ascribendum.
2321 3014 2432 3083 Age
2461 3013 2647 3083 igitur,
2704 3029 2882 3075 annon
2923 3015 3050 3070 illud
3073 3054 3091 3081 ,
3124 3018 3341 3082 creavit,
3371 3017 3462 3071 ad-

1890 3120 2083 3161 nexam
2137 3120 2355 3161 causam
2408 3105 2608 3160 habet?
2654 3103 2865 3161 Creaoit
2921 3107 3064 3162 enim
3120 3124 3222 3170 me.
3263 3107 3458 3176 inquit,

1887 3200 2211 3269 principium
2233 3201 2436 3254 viarum
2489 3216 2706 3255 suarum
2753 3201 2823 3254 ad
2852 3215 3010 3269 opera
3047 3216 3145 3254 sua
3186 3200 3256 3258 ⁸³.
3285 3197 3462 3270 Opera

1892 3299 2075 3346 autem
2102 3291 2294 3361 ipsius,
2320 3293 2523 3347 veritas
2554 3302 2608 3347 et
2627 3292 2890 3362 judicium
2921 3291 2992 3359 9°,
3033 3306 3263 3362 quorum
3288 3306 3454 3347 causa

199 3389 488 3446 divinitate
544 3388 815 3445 delibutus
871 3396 974 3444 est.
1031 3386 1158 3442 Haec
1217 3385 1361 3441 enim
1432 3385 1784 3442 humanitatis
1821 3384 2003 3439 unctio
2028 3391 2131 3439 est.
2172 3384 2242 3438 At
2277 3383 2428 3448 illud,
2486 3384 2650 3456 gignit
2708 3401 2811 3450 me,
2843 3397 3062 3440 causam
3127 3398 3237 3438 non
3273 3384 3454 3439 habet.

201 3480 422 3549 Alioqui
454 3480 678 3536 ostende
726 3480 983 3549 quidnam
1034 3479 1136 3546 ipsi
1161 3476 1471 3546 adiunctum
1522 3478 1611 3531 sit.
1681 3477 1813 3544 Quis
1849 3475 2017 3545 igitur
2068 3475 2279 3532 inﬁcias
2336 3478 2475 3543 ibit,
2509 3480 2639 3547 quin
2694 3478 2981 3546 sapientia,
3024 3478 3319 3533 secundum
3382 3476 3461 3530 in-

200 3571 459 3629 feriorem
490 3574 706 3643 quidem
735 3571 1139 3644 generationem
1163 3612 1180 3638 ,
1235 3578 1438 3637 creata,
1474 3569 1770 3626 secundum
1808 3579 1987 3625 autem
2014 3571 2247 3641 primam
2279 3569 2422 3625 illam
2493 3571 2776 3639 magisque
2838 3568 3447 3640 iucompreheusibilem

201 3665 387 3735 genita
420 3662 671 3718 dicatur?

271 3753 350 3806 I".
383 3751 575 3822 Τούτῳ
626 3751 683 3804 δὲ
741 3751 935 3804 ἕπεται
996 3750 1092 3802 καὶ
1123 3749 1204 3812 τὸ,
1235 3748 1419 3801 δοῦλον
1460 3747 1681 3802 ἀκούειν
1735 3742 1795 3801 εὖ

201 3841 525 3896 δουλεύοντα
573 3840 810 3904 πολλοῖς.
840 3840 953 3893 Καὶ
983 3839 1064 3902 τὺ,
1096 3839 1237 3909 μέγα
1261 3833 1402 3891 εἶναι
1425 3836 1573 3907 αὐτῷ
1593 3836 1798 3908 κληθῆ-

204 3955 295 3991 ναι
337 3936 516 3992 Παῖδα
543 3933 681 3988 Θεοῦ
722 3932 855 4005 (65).
889 3931 983 4002 Τῷ
1012 3932 1124 3985 ὄντι
1167 3931 1277 4003 γὰρ
1304 3931 1587 3984 ἐδούλευσε
1613 3931 1799 4003 σαρκὶ,

205 4034 305 4086 καὶ
332 4030 571 4100 γενέσει,
599 4027 694 4081 καὶ
719 4025 919 4080 πάθεσι
943 4027 1056 4088 τοῖς
1081 4023 1395 4096 ἡμετέροις,
1425 4022 1516 4077 διὰ
1536 4023 1635 4092 τὴν
1666 4025 1804 4095 ἡμε-

1965 3745 2050 3802 lll.
2091 3744 2228 3800 Huic
2282 3745 2431 3800 velut
2485 3746 2880 3801 consectarium
2945 3757 3049 3813 est,
3108 3747 3249 3815 quod
3299 3747 3462 3801 etiam

1892 3854 2083 3895 servus
2116 3838 2314 3892 dicitur
2342 3838 2411 3903 ",
2446 3848 2503 3894 et
2526 3838 2711 3894 multis
2740 3839 2879 3895 bene
2922 3839 3165 3895 serviens
3190 3840 3274 3905 ";
3303 3840 3465 3895 illud-

1899 3945 2005 3998 que
2036 3929 2162 3984 item
2193 3970 2208 3992 ,
2260 3928 2405 3998 quod
2458 3945 2708 4004 magnum
2759 3942 2922 3999 atque
2978 3930 3215 4000 amplum
3266 3932 3368 4001 ipsi
3394 3932 3468 3988 sit

1900 4021 2098 4075 Filium
2135 4020 2228 4076 Dei
2257 4021 2440 4076 vocari
2467 4020 2534 4074 ⁸³.
2564 4020 2721 4075 Haud
2760 4021 2935 4078 dubie-
2969 4024 3166 4092 quippe
3201 4023 3371 4088 carni,
3406 4032 3462 4078 et

1900 4111 2255 4182 generationi,
2311 4119 2366 4166 et
2407 4109 2782 4167 affectionibus
2806 4113 3029 4176 nostris,
3079 4112 3345 4170 libertatis
3365 4128 3464 4170 no-

1901 4212 2028 4255 stra:
2066 4215 2231 4255 causa
2258 4201 2502 4266 servivit,
2552 4215 2618 4256 ac
2643 4202 2875 4272 denique
2925 4203 3177 4259 omnibus
3209 4203 3338 4267 illis,
3374 4219 3470 4277 per

1898 4306 2018 4361 quae
2044 4305 2163 4358 eos,
2195 4290 2288 4363 qui
2327 4307 2357 4346 a
2391 4301 2615 4363 peccato
2662 4293 3042 4349 detinebantur
3067 4335 3083 4363 ,
3145 4296 3198 4351 in
3234 4296 3464 4352 salutem

1897 4385 2149 4438 asseruit.
2184 4384 2324 4451 Quid
2361 4395 2544 4441 autem
2594 4390 2767 4457 majus
2812 4395 2868 4441 et
2905 4387 3348 4444 bonorillcentius
3375 4389 3472 4444 bo-

1905 4476 2068 4532 miuis
2100 4476 2393 4533 humilitati
2413 4479 2731 4549 contingere
2758 4486 2942 4547 queat,
2970 4493 3134 4548 quam
3162 4478 3275 4535 Deo
3302 4492 3472 4548 copu-

204 4124 375 4197 τέραν
426 4120 761 4192 ἐλευθερίαν,
802 4117 899 4171 καὶ
943 4118 1110 4170 πᾶσιν
1147 4110 1229 4179 οἷς
1262 4116 1502 4169 σέσωκεν
1550 4115 1657 4168 ὑπὸ
1706 4118 1804 4187 τῆς

207 4215 489 4287 ἁμαρτίας
512 4209 907 4283 κατεχομένοις
940 4206 1077 4279 (64).
1114 4206 1179 4259 Τί
1202 4207 1260 4260 δὲ
1299 4207 1484 4277 μεῖζον
1512 4205 1802 4276 ἀνθρώπου

201 4306 575 4376 ταπεινότητι,
608 4304 642 4375 ἢ
676 4300 796 4372 Θεῷ
827 4298 1124 4369 πλακῆναι,
1150 4299 1246 4353 καὶ
1278 4297 1535 4366 γενέσθαι
1572 4298 1704 4352 Θεὸν
1735 4300 1799 4351 ἐκ

202 4403 305 4471 τῆς
342 4397 562 4469 μίξεως,
595 4395 690 4450 καὶ
716 4393 967 4449 τοσοῦτον
991 4390 1392 4460 ἐπισκεφθῆναι
1432 4391 1690 4462 ’Δνατολῇ
1735 4391 1797 4457 ἐξ

205 4489 399 4559 ὕψους,
438 4488 581 4542 ὥστε
614 4486 712 4540 καὶ
738 4485 800 4539 τὸ
825 4481 1164 4553 γεννώμενον
1200 4481 1356 4548 ἅγιον
1386 4480 1514 4533 Υἱδν
1544 4479 1799 4549 Ὑψίστου

205 4583 495 4654 κληθῆναι,
521 4582 616 4635 καὶ
660 4577 988 4650 χαρισθῆναι
1038 4574 1190 4646 αὐτῷ
1236 4573 1407 4644 ὄνομα
1437 4571 1551 4645 (65)
1570 4573 1631 4625 τὸ
1661 4572 1785 4644 ὑπὲρ

1898 4570 2020 4635 lari,
2050 4578 2214 4640 atque
2236 4586 2302 4625 ex
2334 4570 2423 4625 illa
2457 4571 2709 4626 mistione
2735 4571 2903 4627 Deum
2933 4570 3098 4636 eﬂici,
3148 4580 3469 4641 tantumque

206 4677 318 4729 πᾶν
350 4674 550 4745 ὅνομας
600 4670 773 4726 Τοῦτο
824 4669 881 4723 δέ
914 4669 967 4721 τί
1001 4685 1134 4721 ποτε
1189 4665 1318 4721 ἄλλο
1356 4665 1505 4718 ἐστὶν
1549 4664 1583 4735 ἢ
1620 4666 1785 4730 Θεός,

1897 4661 1965 4713 ab
1987 4659 2208 4714 Oriente
2233 4676 2297 4715 ex
2318 4661 2426 4716 alto
2446 4663 2652 4717 visitari
2681 4662 2746 4727 ⁸⁸,
2772 4673 2831 4716 ut
2849 4661 2978 4717 illud
3000 4663 3163 4718 etiam
3190 4671 3465 4725 sanctum,

205 4764 319 4818 Καὶ
351 4733 582 4827 τὸ,’πᾶν
627 4759 757 4829 γόνυ
791 4756 1007 4828 κάμψαι
1048 4754 1127 4826 τῷ
1162 4753 1458 4808 κενωθέντι
1515 4733 1583 4806 δις
1620 4753 1785 4823 ἡμᾶς,

1904 4755 2046 4818 quod
2070 4751 2414 4820 gignebatur,
2448 4751 2711 4807 Altissimi
2741 4751 2914 4807 Filius
2947 4761 3237 4808 vocaretur
3277 4751 3348 4817 ⁸⁵,
3376 4765 3470 4806 eo-

193 4855 304 4909 ικαὶ
332 4854 433 4926 τὴν
481 4851 629 4906 θείαν
654 4850 838 4904 εἰκόνα
868 4848 1086 4919 δουλικῇ
1142 4847 1324 4918 μορφῇ
1369 4843 1785 4917 συγκεράσαντι,

1902 4860 2007 4914 que
2038 4844 2253 4899 nomine
2283 4845 2595 4912 donaretur,
2645 4844 2787 4914 quod
2839 4854 2922 4899 est
2980 4858 3144 4911 super
3179 4857 3338 4897 omne
3371 4856 3473 4897 no-

204 4945 307 4999 καὶ
338 4942 561 5015 γνῶναι
597 4941 793 4995 πάντα
828 4935 998 4994 οἶκον
1032 4936 1291 5007 Ἰσραὴλ,
1323 4934 1412 4988 ὅτι
1454 4933 1553 4987 καὶ
1577 4933 1785 5002 Κύριον

1907 4950 2031 5008 men
2060 4936 2145 4989 "‘2
2170 4936 2323 5004 Quod
2362 4950 2526 5006 porro
2582 4937 2727 4990 aliud
2763 4950 2957 4989 nomen
3001 4933 3133 4989 illud
3165 4942 3267 4997 est,
3308 4947 3470 5002 quam

282 5061 333 5094 ⁸³
358 5060 523 5115 Prov.
563 5074 680 5123 rm,
717 5056 805 5111 22.
882 5056 939 5127 7“
961 5053 1062 5127 Jfob
1098 5068 1309 5127 xxym,
1334 5051 1421 5127 14.
1504 5050 1549 5082 ⁸⁸
1579 5048 1714 5127 ibid1

1890 5049 2028 5127 _P_sal.
2080 5067 2244 5127 xvni,
2304 5053 2352 5107 Ι.
2378 5050 2645 5127 ΑΔὲῘΖεοΙι.
2678 5065 2798 5127 Ely,
2830 5048 2916 5127 η.
2955 5046 3208 5127 ..θῇΡξει
3234 5044 3473 5127 criti-n41.

208 5133 257 5167 ⁸⁸
286 5131 450 5187 Prov.
487 5115 719 5191 vm,2‘2.
796 5128 843 5159 ³⁸
878 5126 1019 5181 Psal.
1045 5141 1135 5188 cx,
1161 5125 1215 5178 7.
1283 5115 1333 5154 7"
1369 5123 1478 5176 lsa.
1502 5136 1650 5184 xux,
1684 5120 1735 5175 6.

207 5204 301 5257 52.
375 5202 422 5233 ’⁸
453 5201 682 5269 Philipp.
705 5213 766 5262 ιι,
801 5199 856 5253 9.

1890 5123 2018 5181 'lsa.
2048 5139 2167 5187 Lm,
2187 5115 2275 5177 ﬂ.
2375 5122 2422 5155 ”
2451 5120 2584 5176 Luc.
2610 5135 2649 5185 l,
2682 5115 2789 5174 35.
2880 5119 2926 5150 "
2955 5118 3085 5173 ibid.
3111 5116 3199 5171 78.
3274 5115 3323 5148 ³⁸
3341 5115 3473 5170 ibid.

281 5294 396 5364 (59)
436 5292 734 5363 Τεχνίτου.
768 5287 861 5344 Sic
902 5285 1067 5343 Coisl.
1117 5285 1143 5339 1
1194 5292 1251 5339 et
1290 5281 1416 5338 Bas.
1449 5280 1508 5335 In
1552 5281 1663 5347 ed.,
1697 5298 1787 5333 τε-

207 5364 454 5438 7am?
626 5431 637 5438 .
874 5427 1072 5438 _._.
1152 5424 1177 5438 -
1310 5419 1334 5432 -

230 5429 245 5440 ’
281 5436 397 5502 (60)
429 5427 1032 5502 Διηγούμενοιηϐοἰξι.
1059 5435 1112 5489 1,
1147 5424 1480 5502 διηγοῦνται.
1519 5424 1638 5502 ΑΠ’.

282 5489 399 5579 ξω)
427 5489 689 5579 uetita}.
718 5502 809 5556 sn:
830 5499 935 5554 duo
961 5489 1282 5567 ltegg..~tres
1304 5492 1456 5548 Colb.
1477 5489 1710 5548 etCoisl.
1737 5489 1787 5543 1.
1897 5492 2002 5579 δαί.

207 5578 267 5635 In
283 5548 409 5638 ‘edf,
445 5548 669 5634 πάνταςῖ
881 5636 906 5638 Α
948 5637 974 5638 η
1042 5548 1119 5638 υσ-
1438 5631 1472 5638 __

1969 5561 2082 5636 (65)
2148 5562 2386 5631 "Oropo.
2441 5558 2558 5616 Duo
2608 5555 2777 5629 Regg.
2817 5562 2872 5609 et
2911 5561 3020 5610 tres
3059 5550 3236 5622 Colb.,
3270 5550 3331 5604 τὸ
3357 5548 3475 5605 ὅνο-

277 5631 406 5716 (οειγ
434 5631 850 5716 Χῳρίςάζτίας.
878 5636 1002 5716 sui.
1029 5655 1048 5687 ι
1078 5635 1197 5689 sine
1224 5647 1387 5688 causa
1422 5631 1622 5716 dictum
1651 5638 1785 5716 est.)

1899 5631 2072 5705 μα;’
2396 5672 2407 5683 .

281 5697 399 5793 ξθὸ)
431 5697 621 5770 ndica}
674 5697 841 5764 Θεοῦ.
879 5708 1126 5778 Vulgata,
1159 5724 1176 5755 ι
1220 5718 1434 5760 servum
1475 5702 1591 5757 Dei.
1623 5720 1641 5752 ι
1683 5697 1791 5756 No-

540 5806 817 5867 PATBOL.
864 5773 1010 5865 Gn:
1029 5798 1304 5861 XXXVI

3117 5773 3150 5835 ἦ

1893 5282 2074 5346 bilius,
2109 5300 2128 5333 ι
2164 5294 2386 5348 puerum
2415 5278 2543 5348 Dei,
2572 5296 2592 5329 ι
2627 5277 2720 5348 sed
2747 5275 2935 5348 eodem
2969 5286 3155 5348 se_ns_u_.

1970 5337 2080 5425 (64)
2124 5337 2808 5425 Κατεχομένοιξκ-Βοε..
2840 5345 2952 5425 bm,
2981 5341 3181 5425 -Coisl..'
3231 5338 3301 5425 1,.
3323 5337 3470 5425 Pan,

1897 5409 2074 5487 Βοὲς
2102 5409 2547 5490 κατεχομένους.’
2581 5416 2706 5472 Mox
2729 5409 2808 5468 ’τί
2853 5413 2932 5468 δέ.
2980 5411 3039 5467 In
3072 5410 3391 5481 quibusdam
3419 5409 3472 5462 τί
