3890 6214
456 313 557 370 m7
1642 315 1698 370 S.
1742 316 2073 373 GllEGORll
2114 317 2458 374 THEOLOGI
3577 327 3682 380 168

445 429 830 496 Deus?Atque
881 428 1044 491 istud,
1086 441 1242 481 omne
1296 441 1433 495 genu
1489 438 1614 482 ante
1659 444 1779 482 eum
1827 429 1991 484 ﬂecta-

2111 431 2299 483 αὑτὸν
2327 431 2421 483 καὶ
2455 432 2712 498 Χριστὸν
2741 436 2772 485 ό
2799 432 2942 498 Θεὸς
2990 432 3295 498 ἐποίησεν.
3345 434 3537 502 Γέγονε
3573 437 3686 503 γὰρ

445 532 532 578 ιιιι·
563 522 629 584 ⁸⁷,
663 521 755 589 qui
793 529 970 574 nostra
1005 535 1167 574 causa
1205 521 1512 574 exinanitus
1541 528 1642 581 est,
1679 533 1742 573 ac
1768 520 1991 572 divinatr

2113 521 2300 583 ταῦτα,
2335 523 2583 593 ἐνεργείᾳ
2616 523 2712 592 μὲν
2748 524 2840 576 τοῦ
2872 525 3222 594 γεννήματος,
3261 525 3478 598 εὑδοκίᾳ
3500 527 3557 580 δὲ
3584 529 3684 582 τοῦ

445 615 735 680 imaginem
776 612 958 665 servili
989 611 1174 665 forma:
1219 610 1520 678 conjunxit,
1568 611 1798 678 sciatque
1837 611 1991 663 omni:

2111 613 2446 683 γεννήτορος.

439 690 627 761 domus
658 705 850 768 Israel,
881 707 1003 774 quia
1033 717 1079 759 et
1138 705 1418 758 Dominum
1481 721 1619 768 eum,
1666 715 1713 759 et
1746 703 2010 758 Christum
2055 707 2176 774 fecit
2212 706 2352 761 Deus
2384 709 2449 760 ⁸⁸.
2507 709 2631 764 llaec
2673 710 2815 763 enim
2868 709 3042 764 factus
3091 717 3192 774 est,
3241 725 3404 780 Opera
3464 711 3685 780 quidem

441 799 581 866 ejus,
611 800 701 867 qui
757 799 966 867 genitus
1013 808 1117 861 est,
1156 799 1294 851 bona
1339 809 1517 851 autem
1552 798 1824 854 voluntate
1850 802 2126 870 genitoris.

511 887 604 942 IV.
632 888 770 954 Quid
803 889 1038 942 secundo
1074 889 1213 952 loco,
1277 902 1531 958 tanquam
1582 891 1800 944 maximi
1837 902 1991 960 atque

2181 897 2253 946 A'.
2285 895 2542 966 Δεύτερον
2572 896 2627 948 δὲ
2655 896 2708 948 τί
2736 895 2841 949 τῶν
2893 897 3160 966 μεγίστων
3190 896 3372 958 αὑτοῖς
3416 895 3508 947 καὶ
3534 895 3683 964 ἀμά-

446 979 630 1033 invicti
661 977 936 1045 cujusdam
969 981 1200 1043 roboris,
1232 981 1554 1050 opponunt?
1599 967 1991 1050 Oportet'enitr

2104 999 2212 1051 χων
2241 999 2254 1046 ;
2292 985 2382 1036 Δεῖ
2411 983 2518 1055 γὰρ
2564 985 2724 1037 αὑτὸν
2760 984 3060 1054 βασιλεύειν
3113 986 3238 1054 ἄχρι
3265 984 3433 1047 τοῦδε,
3462 985 3555 1037 καὶ
3586 985 3684 1038 ὑπ’

448 1071 591 1123 illum
621 1085 847 1139 regnare
870 1069 915 1101 ⁹⁹
955 1070 1060 1125 huc
1093 1087 1282 1141 usque,
1313 1081 1365 1126 et
1393 1087 1421 1126 a
1452 1073 1592 1128 caelo
1614 1074 1812 1143 suscipi
1842 1090 1991 1142 usqut

2104 1075 2330 1146 ούρανοῦ
2359 1077 2609 1146 δεχθῆναι
2643 1078 2769 1148 ἄχρι
2805 1077 3008 1146 χρόνων
3040 1077 3551 1141 ἀποκαταστάσεως,
3585 1081 3685 1130 καὶ

446 1163 510 1214 ad
569 1161 930 1216 restitutionis
983 1170 1228 1230 tempora
1262 1163 1301 1228 ¹,
1357 1174 1411 1217 ct
1443 1179 1472 1216 a
1523 1164 1724 1218 dextris
1755 1165 1984 1218 sedere'

2104 1167 2201 1238 τὴν
2234 1169 2298 1221 ἐκ
2345 1168 2532 1232 δεξιῶν
2573 1169 2838 1239 καθέδραν
2871 1169 3034 1238 ἔχειν,
3077 1170 3180 1233 ἓως
3206 1171 3305 1240 τῆς
3331 1170 3438 1223 τῶν
3468 1171 3684 1242 ἐχθρῶν

447 1253 614 1305 donec
647 1252 831 1307 hostes
893 1252 944 1306 in
981 1260 1302 1321 potestatem
1353 1255 1644 1325 redegerit.
1693 1254 1830 1320 Quid
1882 1269 1991 1308 vert

2107 1259 2537 1330 ἐπικρατήσεως.
2573 1261 2646 1312 Τὸ
2682 1261 2816 1331 μετά
2847 1262 3004 1314 τοῦτο
3034 1262 3090 1315 δὲ
3121 1263 3174 1314 τί
3198 1279 3212 1327 ;
3257 1263 3428 1332 Λῆξαι
3454 1265 3549 1334 τῆς
3580 1264 3682 1333 βα-

447 1344 673 1411 postea?
705 1343 986 1414 Regnandi
1041 1343 1202 1398 ﬁnem
1251 1344 1453 1408 lacere,
1514 1355 1606 1398 aut
1656 1360 1686 1398 e
1741 1346 1894 1399 caelis
1917 1359 1991 1398 ext

2109 1351 2328 1418 σιλείας,
2355 1353 2386 1422 ἢ
2417 1353 2526 1405 τῶν
2559 1353 2802 1424 οὐρανῶν
2843 1355 3139 1424 ἀποστῆναι
3177 1353 3288 1424 (66)
3314 1371 3328 1418 ;
3361 1355 3514 1418 Τίνος
3540 1356 3683 1407 παύ-

443 1433 693 1497 pelli?Et
719 1435 992 1504 quisnam,
1049 1434 1301 1498 obsecro,
1346 1450 1464 1488 eum
1515 1449 1546 1490 e
1593 1451 1758 1505 regno
1796 1435 1991 1501 (‘jiCict'

2108 1457 2291 1504 σοντος
2316 1441 2386 1510 ;ἣ
2419 1441 2484 1493 δι’
2531 1442 2718 1511 ἥντινα
2753 1442 2851 1512 τὴν
2894 1443 3072 1495 αἰτίαν
3101 1443 3210 1512 (67)
3239 1460 3252 1506 ;
3293 1443 3379 1506 Ὠς
3405 1445 3682 1516 τολμηρδς

443 1528 552 1578 Aut
581 1540 741 1593 quam
784 1524 852 1578 ob
879 1523 1139 1578 causam?
1189 1523 1358 1589 Quam
1401 1524 1574 1578 audax
1617 1535 1903 1578 enarrator
1929 1540 1985 1577 es

2105 1528 2376 1602 ἐξηγητὴς
2433 1529 2544 1599 (68)
2589 1531 2674 1594 σὺ,
2721 1532 2814 1583 καὶ
2847 1531 2965 1585 λίαν
3010 1531 3527 1594 ἀϐασίλευτοςῑΚαὶ
3572 1536 3682 1604 μὴν

445 1617 776 1684 nimiumque
809 1631 838 1669 a
871 1616 1018 1685 regio
1062 1615 1190 1683 jugo
1234 1615 1562 1669 abhorrens!
1595 1615 1664 1668 At
1692 1616 1838 1684 regni
1869 1616 1991 1668 illius

2104 1621 2322 1683 ἀκούεις
2372 1621 2472 1690 τῆς
2511 1622 2782 1691 βασιλείας
2812 1623 2974 1675 αὑτοῦ
3019 1625 3091 1694 μὴ
3123 1619 3259 1677 εἷναι
3289 1625 3478 1695 πέρας.
3519 1625 3682 1678 Ἀλλὰ

444 1708 644 1762 nullum
687 1711 846 1763 tinem
871 1708 892 1739 ³
928 1706 1086 1779 542
1115 1707 1231 1761 fore
1301 1707 1473 1760 audis.
1526 1707 1722 1762 Verum
1755 1707 1869 1761 haec
1909 1708 1991 1762 tibi

2104 1710 2260 1766 τοῦτο
2285 1714 2530 1783 πάσχεις,
2587 1714 2736 1784 παρά
2764 1715 2825 1766 τὸ
2859 1715 2932 1786 μὴ
2974 1715 3276 1782 γινώσκειν,
3313 1716 3393 1768 ὅτι
3425 1715 3504 1780 τὸ,
3543 1717 3679 1782 ἕως,

439 1799 646 1853 erroris
668 1813 828 1853 causa
855 1805 957 1863 est,
989 1799 1129 1866 quod
1177 1812 1282 1851 non
1330 1797 1584 1867 intelligis
1617 1797 1756 1852 hanc
1794 1812 1991 1865 vocem,

2105 1804 2167 1856 οὑ
2195 1805 2410 1868 πάντως
2457 1805 2774 1875 ἀντιδιαιρεῖ
2797 1805 2874 1876 τῷ
2929 1805 3189 1876 μέλλοντι,
3246 1807 3380 1860 ἀλλά
3420 1809 3479 1862 τὸ
3513 1810 3682 1879 μέχρι

443 1887 550 1951 ἕως
608 1887 683 1958 (id
737 1898 839 1950 est,
886 1891 1109 1956 usque),
1153 1902 1260 1941 non
1315 1900 1527 1955 semper
1557 1885 1736 1940 futuro
1777 1889 1991 1956 tempori

2111 1896 2210 1966 μὲν
2243 1896 2393 1948 τοῦδε
2432 1895 2562 1967 (69),
2593 1896 2808 1966 τίθησι·
2871 1897 2931 1948 τὸ
2964 1897 3100 1968 ὑπὲρ
3151 1897 3308 1950 τοῦτο
3340 1899 3450 1969 (70)
3473 1899 3550 1964 δέ,
3577 1904 3682 1954 οὑκ

443 1980 660 2048 opponi,
701 1979 791 2032 sed
819 1979 889 2031 ita
915 1976 1250 2044 interiectum
1281 1971 1491 2047 tempus
1521 1986 1780 2042 statuere,
1826 1986 1881 2031 ut
1927 1977 2003 2031 in-

445 2073 602 2127 terim
634 2086 866 2140 sequens
892 2081 1100 2140 tempus
1150 2085 1254 2123 non
1308 2069 1574 2124 excludat.
1618 2066 1751 2122 Nam
1786 2069 1887 2123 nisi
1931 2070 2002 2123 ita

442 2181 530 2219 res
554 2179 611 2218 se
635 2165 849 2228 habeat,
880 2179 1111 2232 quonam
1138 2164 1296 2217 modo
1339 2161 1491 2226 illud,
1525 2172 1582 2215 ut
1631 2161 1732 2215 alia
1782 2171 2004 2231 praeter-

441 2272 583 2321 eam,
622 2256 880 2324 intelliges
915 2274 926 2308 :
969 2253 1074 2307 Ero
1105 2253 1366 2307 vobiscum
1391 2270 1552 2325 usque
1581 2255 1648 2306 ad
1673 2270 2004 2307 consumma-

439 2346 829 2400 tioncmswculi
869 2345 928 2398 ‘?
965 2347 1044 2398 An
1081 2345 1235 2413 quasi
1276 2354 1459 2412 postea
1514 2345 1732 2400 minime
1789 2344 2002 2400 futurus

442 2439 641 2492 sit?Et
674 2453 792 2506 qua:
827 2439 939 2490 haec
972 2437 1108 2489 ratio
1148 2435 1326 2490 esset?
1367 2434 1474 2489 Nec
1524 2451 1648 2490 vero
1697 2436 1796 2490 hac
1830 2436 2001 2491 solum

440 2533 507 2584 de
530 2545 691 2585 causa
723 2530 774 2583 in
803 2543 1042 2584 errorem
1075 2528 1265 2582 incidis
1285 2567 1301 2592 ,
1357 2526 1452 2580 sed
1484 2527 1646 2580 etiam
1677 2528 1802 2595 quia
1835 2528 2002 2596 signi—

431 2625 718 2678 ﬁcationes
747 2624 890 2692 ipsas
921 2637 1025 2676 non
1082 2622 1391 2690 distinguis.
1435 2619 1685 2688 Regnare
1725 2621 1868 2674 enim
1906 2620 1999 2674 du-

443 2715 567 2784 plici
594 2715 752 2769 modo
789 2713 1003 2776 dicitur,
1055 2728 1182 2777 uno,
1227 2723 1286 2766 ut
1312 2711 1682 2780 Omnipotens,
1734 2726 1796 2763 ac
1821 2709 2002 2765 volen-

2106 1985 2401 2038 ἀναίνεται.
2441 1986 2510 2037 Ἢ
2548 1985 2664 2048 πῶς
2697 1987 2929 2057 νοήσεις,
2976 1987 3061 2039 ἵνα
3091 1987 3162 2059 μὴ
3194 1988 3358 2042 τᾶλλα
3383 1989 3546 2058 λέγω,
3581 1992 3641 2043 τό
3664 2010 3676 2020 '

2110 2075 2362 2142 Ἔσομαι
2387 2076 2515 2143 μεθ’
2537 2073 2702 2143 ὑμῶν
2727 2075 2838 2140 ἓως
2878 2075 2988 2143 τῆς
3030 2077 3388 2142 συντελείας
3421 2078 3525 2132 τοῦ
3544 2079 3684 2132 αἰῶ-

2104 2181 2245 2229 νος;
2272 2160 2398 2235 ⁷Αρ’
2424 2163 2498 2227 ὡς
2553 2165 2690 2234 μετά
2730 2165 2886 2216 τοῦτο
2944 2166 3042 2217 οὑκ
3090 2165 3170 2219 ἔτι
3201 2166 3315 2236 (71)
3366 2168 3626 2237 ἐσομένου
3660 2189 3674 2233 ;

2104 2255 2214 2306 Καὶ
2244 2253 2374 2316 τίςό
2401 2254 2583 2322 λόγος;
2617 2255 2691 2307 Οὑ
2737 2255 2894 2321 μόνον
2926 2255 3004 2318 δὲ,
3035 2255 3171 2308 ἀλλὰ
3196 2256 3287 2308 καὶ
3318 2257 3467 2328 παρά
3510 2258 3571 2309 τὸ
3601 2259 3681 2328 μὴ

2103 2349 2328 2419 διαιρεῖν
2379 2347 2448 2400 τὰ
2483 2347 2869 2417 σημαινόμενα.
2928 2345 3240 2400 Βασιλεύειν
3281 2347 3388 2418 γὰρ
3438 2347 3678 2417 λέγεται.

2105 2441 2224 2493 καθ’
2285 2441 2341 2494 ἓν
2373 2440 2488 2510 μέν,
2538 2441 2614 2502 ὡς
2646 2437 3066 2509 Παντοκράτωρ,
3123 2440 3216 2492 καὶ
3263 2439 3539 2504 θελόντων,
3581 2441 3682 2492 καὶ

2107 2527 2201 2598 μὴ,
2233 2526 2480 2597 βασιλεύς
2503 2544 2514 2556 ο
2548 2526 2665 2578 καθ’
2694 2526 2876 2596 ἕτερον
2915 2526 2992 2589 δὲ,
3026 2526 3100 2589 ὡς
3144 2527 3380 2598 ἐνεργῶν
3408 2529 3506 2598 τὴν
3545 2529 3680 2581 ὑπο-

2102 2617 2274 2686 ταγὴν
2319 2616 2451 2686 (72),
2511 2617 2606 2668 καὶ
2638 2615 2741 2667 ὑπὸ
2783 2615 2881 2684 τὴν
2941 2617 3131 2668 ἑαυτοῦ
3182 2617 3456 2686 βασιλείαν
3506 2618 3678 2681 τιθεὶς

2101 2708 2270 2776 ἡμᾶς,
2298 2706 2520 2767 ἑκόντας
2544 2704 2861 2774 δεχομένους
2884 2704 2946 2757 τὸ
2995 2705 3391 2774 βασιλεύεσθαι.
3433 2707 3543 2778 Τῆς
3576 2708 3678 2776 μὲν

440 2807 572 2859 tium
600 2805 1003 2872 nolentiumque
1037 2803 1152 2856 Rex
1181 2820 1193 2855 :
1223 2802 1413 2868 altero,
1441 2811 1499 2856 ut
1533 2801 1918 2871 subjectionem
1949 2802 1991 2853 in

2104 2791 2194 2848 οὖν
2225 2795 2446 2857 ἐκείνως
2469 2794 2763 2864 νοουμένης
2821 2794 3094 2864 βασιλείας
3117 2796 3216 2848 οὑκ
3267 2796 3417 2848 ἔσται
3457 2796 3632 2868 πέρας
3661 2814 3674 2825 ·

440 2896 596 2949 nobis
621 2896 864 2965 gignens,
893 2904 946 2950 et
991 2894 1090 2948 sub
1139 2893 1421 2963 imperium
1458 2907 1612 2947 suum
1650 2907 1714 2946 ac
1743 2891 1991 2945 diti0nem

2104 2890 2200 2956 τῆς
2223 2886 2480 2957 δευτέρας
2506 2885 2582 2951 δέ,
2605 2886 2658 2938 τί
2691 2886 2804 2956 (75)
2835 2905 2849 2952 ;
2885 2887 2956 2939 Τὸ
2989 2887 3172 2940 λαϐεῖν
3197 2888 3344 2958 ἡμᾶς
3381 2887 3483 2940 ὑπὸ
3514 2893 3677 2960 χεῖρα

437 3002 537 3041 nos
570 2989 833 3057 redigens,
860 2996 1044 3056 utpote
1078 2987 1166 3053 qui
1201 2985 1448 3040 lubenter
1470 2984 1642 3054 ipsius
1671 2998 1834 3053 regno
1865 2984 1991 3037 colla

2104 2976 2216 3048 (74)
2253 2976 2610 3047 σωζομένους.
2656 2977 2719 3029 Τί
2749 2977 2856 3048 γὰρ
2885 2978 2967 3030 δεῖ
2996 2977 3094 3049 τ’ὴν
3127 2979 3400 3050 ὑποταγὴν
3429 2982 3676 3052 ἐνεργεῖν

441 3079 830 3132 submittimus.
858 3076 1013 3143 Quod
1037 3089 1164 3147 ergo
1191 3077 1255 3130 ad
1278 3076 1512 3143 priorem
1548 3074 1991 3144 signiﬁcationem

2104 3068 2551 3138 ὑποτεταγμένων
2577 3085 2590 3134 ;
2620 3069 2752 3122 Μεθ’
2786 3069 2851 3140 ἢν
2877 3069 3158 3123 ἀνίσταται
3191 3071 3390 3141 κρίνων
3410 3071 3509 3142 τὴν
3540 3071 3673 3141 γῆν,

435 3169 644 3230 attinet,
680 3168 829 3238 regni
855 3168 1022 3238 ipsius
1048 3167 1168 3223 linis
1195 3166 1372 3221 nullus
1395 3166 1518 3221 erit.
1539 3164 1690 3232 Quod
1724 3175 1905 3220 autem
1930 3165 1991 3219 ad

2105 3159 2196 3212 καὶ
2215 3157 2433 3229 διαιρῶν
2455 3157 2517 3209 τὸ
2544 3157 2866 3229 σωζόμενον,
2899 3160 2992 3212 καὶ
3020 3161 3079 3212 τὸ
3109 3161 3476 3231 ἀπολλύμενον
3500 3178 3513 3192 ·
3551 3162 3672 3233 μεθ’

435 3258 745 3325 secundum,
775 3257 894 3326 quis
923 3257 1030 3312 erit
1061 3254 1220 3310 ﬁnis?
1242 3251 1314 3308 Ut
1343 3268 1442 3308 nos
1496 3251 1770 3319 subjectos
1793 3260 1991 3317 teneat,

2104 3251 2170 3320 ἢν
2227 3251 2438 3304 ἵσταται
2486 3250 2617 3313 Θεὸς
2667 3252 2724 3302 ὲν
2771 3251 2919 3322 μέσῳ
2971 3251 3128 3318 θεῶν,
3175 3253 3282 3306 τῶν
3326 3253 3670 3324 σωζομένων,

434 3357 735 3418 servetque.
778 3347 915 3414 Quid
965 3347 1108 3402 enim
1159 3360 1292 3415 opus
1347 3345 1450 3398 erit
1495 3342 1886 3413 subjectionem
1945 3343 1991 3397 in

2104 3339 2390 3410 διακρίνων
2421 3339 2516 3392 καὶ
2544 3339 2886 3402 διαστέλλων,
2917 3340 3059 3403 τίνος
3110 3341 3338 3406 ἕκαστος
3372 3343 3536 3414 τιμῆς
3575 3345 3676 3398 καὶ

434 3441 586 3494 nobis
619 3440 825 3520 moliri,
849 3454 970 3494 cum
996 3438 1106 3507 jam
1140 3438 1242 3506 ipsi
1277 3435 1501 3504 subjecti
1524 3433 1996 3500 fuerimus?Quod

2107 3438 2272 3506 μονῆς
2293 3433 2457 3498 ἄξιος.

430 3544 716 3603 postquam
747 3516 1024 3598 eilbcerit,
1055 3541 1396 3586 surrecturus
1418 3537 1503 3585 est
1535 3529 1601 3584 ad
1635 3529 1897 3599 judicium
1962 3527 2029 3582 de
2069 3537 2212 3583 terra
2263 3527 2563 3594 ferendum,
2611 3537 2665 3584 et
2718 3527 3077 3584 secernendos
3127 3541 3242 3593 eos,
3295 3529 3385 3598 qui
3437 3530 3668 3586 salutem

431 3633 853 3693 consequuntur,
893 3623 962 3678 ab
991 3622 1057 3677 iis
1092 3622 1182 3692 qui
1224 3631 1491 3690 pereunt;
1549 3621 1820 3691 stabitque
1844 3621 1986 3678 Deus
2023 3621 2075 3675 in
2100 3619 2274 3676 medio
2296 3621 2520 3675 deorum
2548 3621 2591 3686 ⁵,
2624 3622 2727 3676 hoc
2759 3630 2860 3686 est,
2927 3621 3202 3676 beatorum
3233 3621 3510 3677 hominum
3535 3664 3550 3689 ,
3610 3635 3671 3678 ut

433 3715 775 3784 dijudicetac
817 3715 1128 3783 distinguat,
1162 3727 1268 3782 quo
1298 3715 1525 3783 quisque
1552 3713 1769 3768 honoris
1795 3713 1988 3784 gradu,
2029 3725 2241 3782 quaque
2276 3710 2555 3765 mansione
2606 3711 2796 3780 dignus
2835 3710 2922 3766 sit.

500 3806 567 3860 ν.
601 3805 736 3861 Huic
764 3805 1150 3877 subjectionem
1181 3820 1395 3874 quoque
1425 3805 1582 3860 istam
1608 3806 1859 3874 adiunge,
1883 3819 1989 3872 qua

428 3901 622 3958 Filium
677 3899 826 3956 Patri
878 3897 1121 3967 subjicis.
1167 3897 1306 3963 Quid
1357 3898 1460 3960 ais,
1515 3899 1802 3965 quasijam
1851 3911 1991 3949 nunc

429 3990 700 4058 subjectus
735 4004 838 4043 non
879 3989 951 4042 sit
983 3988 1041 4041 '?
1067 3987 1171 4040 Aut
1192 3987 1353 4041 etiam
1378 3987 1600 4041 omnino
1638 4001 1773 4054 opus
1808 3996 1910 4052 est,
1934 3995 1992 4039 ut

433 4082 544 4133 Deo
577 4077 913 4146 subjiciatur,
955 4077 1047 4145 qui
1084 4085 1138 4129 et
1174 4077 1286 4142 ipse
1340 4075 1479 4130 Deus
1504 4076 1619 4129 est?
1651 4076 1795 4145 Ergo
1837 4076 1989 4144 quasi

429 4169 497 4224 de
532 4169 742 4223 latrone
765 4167 1022 4236 quodam,
1055 4177 1150 4221 aut
1178 4166 1271 4220 Dei
1299 4167 1475 4231 hoste,
1510 4167 1672 4221 verba
1701 4167 1851 4220 facis.
1895 4165 1994 4220 Ve-

423 4275 549 4313 rum
583 4260 656 4313 ita
693 4275 806 4313 rem
823 4257 1087 4327 expende.
1135 4256 1598 4322 Quemadmodum
1639 4256 1828 4310 salutis
1863 4271 1992 4310 mea:

424 4365 588 4406 causa
615 4351 956 4405 maledictum
995 4360 1218 4404 vocatus
1243 4349 1392 4414 est’,
1433 4348 1524 4418 qui
1551 4348 1988 4403 maledictionem

2169 3804 2242 3855 E'.
2275 3802 2460 3872 Τούτῳ
2495 3802 2728 3855 σύναπτε
2763 3803 2858 3855 καὶ
2884 3802 2982 3873 τὴν
3011 3802 3309 3874 ὑποταγὴν,
3337 3805 3402 3874 ἣν
3425 3805 3666 3858 ὑποτάσ-

2101 3911 2212 3957 σεις
2241 3895 2318 3964 τῷ
2347 3896 2518 3966 Πατρὶ
2549 3895 2639 3948 τὸν
2664 3896 2809 3948 Υίόν.
2847 3895 2912 3947 Τί
2949 3895 3142 3963 λέγεις,
3177 3896 3250 3959 ὡς
3283 3896 3376 3949 νῦν
3407 3898 3505 3967 οὑχ
3531 3899 3668 3951 ὑπο-

2095 3983 2466 4052 τεταγμένου;
2525 3984 2691 4036 δεῖται
2723 3983 2836 4054 (75)
2893 3983 2950 4036 δὲ
2982 3984 3119 4047 ὅλως
3161 3986 3494 4057 ὑποταγῆναι
3545 3987 3667 4056 Θεῴ

2091 4073 2222 4136 Θεὸς
2247 4073 2354 4140 div;
2413 4076 2501 4138 Ὠς
2557 4076 2682 4146 περὶ
2715 4075 2912 4147 λῃστοῦ
2967 4091 3131 4139 τινος,
3160 4075 3192 4146 ἦ
3238 4075 3504 4139 ἀντιθέου,
3532 4085 3662 4146 ποι)

2089 4166 2179 4218 τὸν
2208 4166 2382 4235 λόγον.
2448 4167 2586 4219 Ἀλλ’
2624 4167 2765 4220 οὑτω
2794 4169 2982 4222 σκόπει
3009 4183 3022 4196 °
3086 4169 3168 4220 ὅτι
3221 4167 3407 4238 ὥσπερ
3444 4169 3665 4240 κατάρα

2090 4256 2289 4324 ἤκουσε
2357 4257 2426 4309 δι’
2467 4257 2588 4328 ἐμὲ,
2641 4260 2668 4310 ὁ
2697 4259 2795 4328 τὴν
2855 4259 2993 4328 ἐμὴν
3031 4257 3173 4311 λύων
3233 4259 3507 4328 κατάραν·
3567 4263 3663 4313 καὶ

2090 4349 2353 4418 ἁμαρτία.
2387 4351 2415 4403 ὁ
2448 4349 2616 4420 αἴρων
2666 4350 2765 4420 τὴν
2822 4351 3090 4420 ἁμαρτίαν
3136 4350 3229 4402 τοῦ
3290 4351 3528 4422 κόσμου’
3567 4354 3663 4404 καὶ

412 4457 598 4498 meam
626 4441 815 4507 solvit;
847 4449 903 4498 et
949 4450 1250 4510 peccatum,
1309 4442 1402 4512 qui
1459 4439 1646 4495 mundi
1699 4449 1981 4508 peccatum

2106 4439 2274 4510 Ἀδὰμ
2305 4441 2426 4494 ἀντὶ
2451 4441 2545 4493 τοῦ
2600 4440 2827 4494 παλαιοῦ
2857 4441 3060 4510 γίνεται
3105 4442 3256 4504 νέος·
3314 4440 3455 4494 οὕτω
3483 4443 3579 4495 καὶ
3601 4443 3664 4494 τὸ

421 4531 565 4586 delet
596 4532 652 4595 ες
681 4546 741 4585 ac
767 4545 863 4600 pro
891 4531 1058 4585 veteri
1088 4531 1320 4596 Adamo,
1353 4545 1523 4585 novus
1545 4529 1784 4583 Adamus
1811 4528 1980 4583 ellici-

423 4624 545 4675 tur'
575 4641 586 4675 :
614 4623 680 4676 ad
710 4622 963 4675 eumdem
991 4635 1204 4691 quoque
1242 4621 1459 4676 modum
1487 4621 1879 4676 contumaciam
1929 4629 1981 4672 et

413 4711 764 4767 rebellionem
791 4727 964 4767 meam
990 4713 1092 4767 sibi
1131 4713 1370 4780 asciscit,
1424 4723 1482 4767 ut
1521 4713 1688 4767 totius
1733 4711 1980 4783 corporis

489 4854 532 4884 ⁹⁷
559 4851 767 4922 Philipp

2090 4530 2222 4600 ἐμὸν
2260 4531 2630 4585 ἀνυπότακτον
2660 4534 2851 4586 ἑαυτοῦ
2895 4538 3146 4600 ποιεῖται,
3176 4535 3252 4597 ὡς
3305 4533 3512 4604 κεφαλὴ
3563 4531 3660 4586 τοῦ

2090 4621 2291 4684 παντὸς
2315 4622 2580 4692 σώματος.
2615 4622 2758 4685 Ἕως
2788 4626 2885 4693 μὲν
2913 4619 3004 4676 οὖν
3033 4625 3400 4686 ἀνυπότακτος
3426 4622 3537 4690 ἐγὼ
3565 4623 3661 4675 καὶ

2092 4713 2408 4786 στασιώδης,
2443 4717 2508 4785 τῇ
2542 4731 2602 4767 τε
2653 4717 2874 4786 ἀρνήσει
2901 4715 2992 4768 τοῦ
3035 4715 3191 4780 Θεοῦ,
3229 4715 3458 4778 καὶτοῖς
3489 4715 3660 4768 πάθε-

774 4894 786 4908 .
810 4865 871 4915 ιι,
899 4849 985 4906 10.
1062 4852 1107 4882 ⁸³
1133 4852 1250 4906 Act.
1275 4853 1441 4915 11,56.
1516 4853 1560 4884 ⁸³
1587 4851 1744 4906 lCor.
1767 4867 1854 4918 xv,
1883 4853 1972 4906 25.

2104 4854 2210 4908 Act.
2239 4870 2317 4916 Ill,
2341 4853 2430 4907 21.
2507 4853 2528 4883 ¹
2551 4850 2689 4905 Psal.
2716 4867 2823 4914 etx,
2854 4853 2906 4906 1.
2986 4856 3007 4886 ³
3031 4853 3159 4907 Luc.
3193 4868 3230 4914 t,
3252 4852 3340 4905 52.
3420 4851 3650 4906 I*Matth.

415 4936 607 4986 xxvtu,
629 4919 750 4975 20f
793 4923 814 4953 ⁸
849 4919 986 4974 Psal.
1017 4924 1276 4982 uan.
1353 4924 1373 4954 ⁸
1395 4925 1411 4975 Ι
1435 4922 1561 4977 Cor.
1591 4923 1784 4986 xv,28.
1857 4924 1876 4954 "
1907 4922 1991 4977 Ga'

2117 4938 2199 4988 ιιι,
2240 4923 2326 4977 15.
2402 4923 2424 4954 ⁸
2450 4921 2489 4976 ll
2515 4920 2641 4976 Cor.
2670 4922 2835 4987 v,21.
2913 4923 2934 4954 ’
2969 4923 2988 4976 l
3027 4923 3150 4977 Cor.
3209 4938 3298 4989 xv,
3331 4921 3419 4976 45.

483 5076 594 5148 (66)
646 5080 1024 5150 ’Λποστῆναα
1058 5080 1168 5134 lluo
1189 5078 1379 5150 Regg.,
1415 5078 1736 5148 ἀποσθῆναι.

475 5149 595 5219 (67)
627 5149 744 5216 Τὴν
767 5153 980 5202 αἰτίαν.
1013 5150 1168 5202 Deest
1187 5150 1284 5219 τήν
1313 5149 1364 5203 in
1399 5152 1565 5219 tribus
1597 5149 1764 5219 Regg.

483 5153 573 5217 (67
627 5153 744 5216 Τὴν
767 5153 980 5202 αἰτίαν.
1013 5153 1168 5202 Deest
1187 5153 1284 5219 τήν
1313 5156 1364 5203 ιιι
1399 5153 1499 5202 trib

482 5153 595 5288 (68)
642 5219 984 5288 Ἐξηγητής.
1020 5219 1206 5273 Contb.
1237 5219 1403 5282 addit,
1435 5214 1502 5288 εἶ.

481 5287 593 5356 (69)
624 5290 813 5356 Μέχρι
839 5287 956 5355 μὲν
988 5288 1182 5342 τοῦδε.
1222 5289 1312 5343 Sic
1337 5301 1447 5344 tres
1476 5287 1645 5358 Regg.
1668 5289 1720 5342 In
1748 5291 1855 5352 ed.,
1879 5287 1978 5359 μέ·-

410 5373 500 5408 γοι
521 5356 669 5408 τοῦδε
691 5359 809 5408 μέν.

408 5373 500 5426 χρι
521 5373 669 5408 τουοε
690 5373 809 5427 μεν.

449 5426 599 5505 ’(70)
623 5428 691 5478 Τὸ
714 5427 866 5494 ὑπὲρ
892 5426 1084 5481 τοῦτο.
1114 5427 1303 5482 Plures
1326 5427 1488 5498 Regg.
1523 5437 1576 5481 et
1596 5427 1772 5493 Colb.,
1792 5430 1852 5481 τὸ
1879 5443 1978 5498 με-

414 5493 824 5636 ἷὰᾰῗῖτὲίοῦτο
857 5568 967 5620 οὐκ
995 5567 1099 5621 ἐτι.
1137 5566 1291 5636 Deest
1321 5565 1400 5620 ἔτι
1425 5566 1478 5622 in
1533 5566 1699 5622 tribus
1726 5567 1889 5636 Regg.
1923 5575 1978 5622 et

408 5630 578 5706 (ἴσον.
605 5635 695 5704 qui
727 5637 905 5702 habet,
929 5635 1197 5706 τοῦτομὴ.

475 5704 590 5766 (72)
622 5709 717 5770 Ὠς
762 5705 1018 5774 ἐνεργῶν
1041 5704 1516 5778 τὴν-ὑποταγὴν.
1563 5706 1832 5763 Leuvenk.
1891 5707 1971 5762 sic

2085 5083 2294 5138 vertit:
2339 5100 2358 5133 ι
2397 5081 2546 5145 Quod
2585 5079 2969 5147 subjectionem
3018 5086 3251 5147 praestet,
3294 5093 3496 5147 nosque
3548 5095 3574 5134 s
3618 5081 3651 5133 b

2086 5165 2310 5221 regnum
2352 5167 2529 5221 sumn
2562 5161 2746 5217 ponat,
2780 5157 3041 5219 quotquot
3069 5148 3308 5204 volentes
3345 5149 3512 5216 ipsius
3550 5151 3650 5202 im-

2084 5220 2290 5291 periurii
2325 5220 2678 5275 admittimus.
2712 5239 2730 5270 ι

2180 5290 2268 5356 75)
2306 5292 2384 5344 Τί.
2424 5291 2664 5358 Deestin
2687 5295 2918 5358 quatuor
2943 5286 3091 5358 Colb.

2180 5293 2268 5356 75)
2306 5293 2384 5344 Τί.
2424 5293 2577 5343 Deest
2600 5293 2650 5342 in
2687 5295 2918 5358 quatuor
2943 5293 3091 5342 Colb.

2157 5293 2270 5428 (74)
2301 5359 2518 5414 Λαϐεῖν
2555 5357 2712 5428 ἡμᾶς
2736 5357 2856 5412 ὑπὸ
2890 5355 3346 5428 χεῖραηριιιιιιιοιι
3371 5353 3522 5410 Coll).
3552 5356 3647 5406 ad-

2085 5425 2391 5493 dunt,'xa£,
2423 5429 2562 5499 quod
2583 5425 2870 5483 commode
2893 5425 3420 5492 redditLeuvenk.,'¢
3458 5434 3514 5477 ut
3547 5440 3647 5477 nos

2085 5499 2291 5566 scilicet
2310 5503 2356 5553 ei
2380 5499 2746 5568 subjiciuntur,
2782 5507 2835 5551 et
2856 5511 3155 5551 servemur.
3199 5514 3218 5547 ι

2148 5562 2260 5640 (75)
2291 5562 2500 5633 Δεῖταῐ,
2522 5578 2628 5622 etc.
2665 5562 2799 5640 uel;
2812 5583 2908 5640 per
2939 5565 3410 5635 interrogationem
3457 5562 3643 5633 legen-

2082 5638 2169 5708 da,
2205 5638 2302 5697 etsi
2329 5640 2484 5696 aliter
2498 5646 2733 5708 exponat
2763 5638 2925 5694 Elias.
