3890 6214
220 183 321 237 109

1242 180 1499 237 ORATIO
1539 180 1707 236 XXX.
1749 212 1817 223 —
1855 181 2286 240 THEOLOGICA
2329 184 2419 239 ιν.

3340 192 3443 245 lli!

222 308 325 357 σιν,
351 291 726 355 ἀνυπότακτος
752 289 863 362 (76)
882 291 943 345 τὸ
965 308 1068 345 κατ
1111 293 1211 363 ἐμὲ
1237 294 1332 346 καὶ
1359 295 1388 345 ὁ
1413 285 1647 365 Χριστὸς
1676 293 1787 361 (77)

1895 306 2072 362 caput.
2102 294 2333 351 Proinde
2360 296 2593 365 quandin
2631 296 2941 351 inobcdicns
2963 299 3074 367 ipse
3101 317 3217 355 sum
3254 318 3317 358 ac
3342 315 3453 356 tur-

218 382 434 450 λέγεται
455 399 470 413 ·
503 384 633 440 ὅταν
652 383 710 436 δὲ
743 384 986 454 ὑποταγῇ
1021 382 1168 453 αὐτῷ
1187 383 1256 437 τά
1284 383 1483 446 πάντα,
1518 385 1794 454 ὑποταγή-

221 490 372 527 σεται
404 474 463 528 se
484 475 577 530 καὶ
597 479 665 546 τῇ
693 474 1002 544 ἐπιγνώσει,
1046 475 1141 528 καὶ
1160 478 1227 547 τῇ
1269 478 1646 546 μεταποιήσει.
1675 476 1797 529 τότε

220 564 312 620 καὶ
337 564 499 629 αὐτὸς
518 566 618 637 τὴν
663 565 939 636 ὑποταγὴν
992 565 1342 636 πεπλήρωκε,
1380 565 1671 637 προσάγων
1697 566 1798 636 ἐμὲ

220 656 310 710 τὸν
341 658 703 728 σεσωσμένον.
750 657 921 711 Τοῦτο
980 658 1088 730 γὰρ
1144 658 1180 729 ἡ
1242 655 1488 727 ὑποταγὴ
1534 656 1794 726 Χριστοῦ,

221 751 363 805 κατά
389 768 452 819 γε
490 752 580 803 τδν
609 751 739 815 ἐμὸν
767 751 946 818 λόγον,
1000 753 1033 819 ἡ
1067 750 1161 803 τοῦ
1193 748 1466 820 Πατρικοῦ
1497 749 1798 820 θελήματος

222 842 521 913 πλήρωσις.
563 843 885 896 Ύποτάσσει
930 843 987 895 δέ
1020 842 1114 896 καὶ
1149 842 1277 904 Υἱὸς
1310 841 1506 911 Πατρὶ,
1561 842 1654 895 καὶ
1683 840 1798 911 Υἱῷ

222 935 440 1005 Πατήρ·
466 933 497 985 ὁ
523 933 622 1004 μὲν
654 932 913 1004 ἐνεργῶν,
945 933 975 985 ὁ
993 932 1049 985 δὲ
1078 932 1332 995 εὐδοκῶν,
1360 932 1388 985 ὃ
1413 932 1506 984 καὶ
1534 932 1798 1004 πρότερον

219 1024 445 1094 εἴπομεν
471 1041 484 1053 ·
523 1025 619 1077 καὶ
662 1022 804 1076 οὕτω
833 1022 896 1075 τὸ
938 1020 1378 1091 ὑποτεταγμένον
1439 1023 1468 1074 ὁ
1524 1021 1797 1086 ὑποτάξας

221 1114 340 1185 Θεῷ
385 1115 735 1186 παρίστησιν,
786 1113 982 1167 ἑαυτοῦ
1041 1111 1363 1182 ποιούμενος
1409 1113 1471 1165 τὸ
1509 1113 1791 1185 ἡμέτερον.

221 1205 475 1260 Τοιοῦτον
508 1201 646 1259 εἷναί
672 1223 761 1277 μοι
784 1205 1036 1273 φαίνεται
1067 1205 1161 1258 καὶ⁹
1193 1204 1253 1257 τό
1276 1220 1289 1233 ·
1326 1203 1392 1255 '0
1410 1204 1575 1269 Θεὸς.
1600 1207 1633 1257 ὁ
1653 1205 1796 1269 Θεός

215 1313 357 1363 μου,
385 1298 652 1365 πρόσχες
667 1313 789 1364 μοι,
816 1295 917 1349 ἵνα
955 1296 1012 1347 τί
1032 1293 1410 1362 ἐγκατέλιπές
1440 1311 1551 1363 με;
1577 1295 1654 1347 οὐ
1687 1295 1795 1366 γάρ

224 1388 388 1450 αὐτὸς
424 1387 932 1457 ἐγκαταλέλειπται,
992 1386 1026 1457 ἢ
1058 1386 1163 1439 ὑπὸ
1197 1386 1292 1439 τοῦ
1339 1385 1578 1456 Πατρὺς,
1616 1386 1656 1453 ἢ
1691 1386 1795 1439 ὑπὸ

224 1479 326 1548 τῆς
349 1477 543 1531 ἐαυτοῦ
572 1477 842 1547 θεότητος,
868 1476 896 1529 ὃ
914 1476 1060 1531 δοκεί
1082 1493 1243 1539 τισιν,
1267 1475 1341 1538 ὡς
1367 1475 1432 1529 ἂν
1458 1475 1794 1546 φοϐουμένης

221 1569 282 1622 τὸ
335 1569 527 1631 πάθος,
586 1568 680 1621 καὶ
737 1567 826 1621 διὰ
867 1567 1025 1620 τοῦτο
1065 1566 1486 1637 συστελλομένης
1555 1567 1663 1620 ἀπὸ
1696 1565 1791 1620 τοῦ

1903 386 2176 451 bulentus,
2213 397 2324 441 tum
2351 401 2447 456 per
2468 387 2561 442 Dei
2578 389 3010 458 abnegatiunem.
3035 399 3145 444 tum
3169 405 3264 461 per
3288 394 3449 448 vitio-

1899 492 1990 533 sas
2013 479 2181 533 animi
2212 480 2599 549 permotiones.
2646 482 2830 535 tandiu
2876 482 3189 538 inobediens
3216 498 3448 553 quoque,

1897 580 2159 638 quantum
2184 571 2252 626 ad
2275 571 2594 635 meattinet,
2627 571 2873 627 Christus
2896 572 3114 628 dicitur.
3129 572 3260 628 Cum
3276 584 3451 629 autem

1896 660 1943 712 ei
1966 661 2146 714 omnia
2180 660 2415 728 subjecta
2442 660 2642 716 fuerim
2668 662 3045 732 (Subjieientur
3066 672 3265 730 autem,
3292 673 3346 719 et
3362 680 3449 734 per

1896 750 2244 820 agnitionem,
2277 762 2332 805 et
2378 767 2473 821 per
2510 753 2981 825 immutationem),
3030 765 3140 811 tum
3177 755 3287 825 ipse
3317 772 3451 826 quo-

1901 856 2010 908 que
2049 838 2435 908 subiectionem
2498 843 2824 913 impleverit,
2861 845 3133 900 adducens
3183 861 3289 911 me,
3313 847 3452 901 salu-

1886 939 2006 983 .tem
2028 941 2398 986 consecutum.
2436 931 2545 988 Nec
2564 935 2706 987 enim
2730 936 3023 1003 quidquam
3045 936 3187 991 aliud
3205 947 3307 1003 est,
3330 954 3447 994 mea

1901 1021 2116 1089 quidem
2151 1023 2439 1090 senlentia,
2469 1024 2671 1079 Christi
2695 1026 2977 1091 subjectio,
3018 1040 3177 1094 quam
3217 1038 3454 1094 paterna:

1894 1113 2190 1168 voluntatis
2206 1114 2461 1183 expletio.
2505 1115 2734 1178 Subiicit
2764 1117 2923 1189 5&3
2972 1128 3173 1183 autem,
3211 1129 3265 1172 et
3284 1118 3452 1172 Filius

1894 1202 2064 1266 Patri,
2095 1212 2150 1259 et
2183 1204 2418 1259 vicissim
2444 1204 2579 1261 Filio
2616 1205 2815 1261 Pater:
2867 1209 2956 1261 ille
3003 1222 3165 1277 opera
3199 1223 3317 1270 sua.
3363 1210 3454 1262 Ιιίσι

1893 1293 2244 1361 beneplacito,
2297 1297 2747 1363 quemadmodum
2805 1308 2928 1354 ante
2958 1315 2987 1354 a
3028 1300 3182 1355 nobis
3246 1302 3451 1356 dictum

1890 1396 1993 1439 est.
2023 1387 2200 1455 Atque
2228 1385 2300 1440 ita
2329 1401 2445 1451 eos,
2465 1388 2556 1455 qui
2607 1388 2837 1457 subjecti
2878 1398 3024 1454 sunt,
3070 1390 3181 1445 Deo
3211 1390 3358 1446 sistit
3386 1407 3452 1446 ac

1894 1485 2250 1544 repraesentat
2304 1477 2373 1541 is,
2414 1478 2503 1544 qui
2542 1477 2792 1544 subjecit,
2834 1488 3014 1533 nostra
3064 1478 3313 1534 videlicet
3345 1479 3446 1535 sibi

1894 1566 2195 1621 vindicans.
2228 1567 2426 1623 Eodem
2458 1569 2510 1621 in
2528 1583 2731 1637 genere
2753 1569 2884 1624 mihi
2910 1568 3039 1625 illud
3080 1585 3292 1640 quoque
3330 1585 3448 1625 esse

222 1658 552 1729 πάσχοντοςο
603 1658 706 1728 (τίς
748 1657 855 1728 γὰρ
898 1654 1304 1727 ἢγεννηθῆναι
1356 1654 1506 1708 κάτω
1538 1654 1635 1726 τὴν
1690 1655 1787 1726 άρ-

1897 1655 2144 1711 videtur:
2176 1655 2336 1720 Deus,
2373 1657 2510 1712 Deus
2543 1674 2708 1724 meus,
2731 1659 2926 1728 respice
2949 1661 3005 1714 in
3026 1676 3126 1725 me,
3167 1678 3331 1728 quare
3366 1679 3449 1717 me

220 1750 345 1819 χὴν,
402 1748 436 1820 ἢ
468 1750 561 1803 ἐπὶ
612 1749 704 1801 τὸν
757 1747 986 1819 σταυρὸν
1017 1747 1258 1800 ἀνελθεῖν
1290 1746 1598 1815 ἠνάγκασεν
1622 1746 1659 1813 ;)
1703 1745 1790 1799 Ἐν

220 1840 404 1910 ἐαυτῴ
433 1840 511 1903 δὲ,
545 1840 683 1910 ὅπερ
730 1834 902 1903 εἷπον,
958 1840 1119 1891 τυποῖ
1173 1838 1236 1892 τὸ
1264 1838 1550 1910 ἡμέτερον.
1601 1840 1792 1909 Ἡμεῖς

219 1929 332 2001 γὰρ
354 1926 496 2001 ἦμεν
542 1931 591 1982 οἱ
640 1929 1187 2001 ἐγκαταλελειμμένα
1234 1929 1328 1982 καὶ
1378 1930 1789 2000 παρεωραμένοι

219 2023 508 2093 πρότερον,
540 2017 659 2075 εἶτα
690 2022 783 2075 νῦν
826 2021 1284 2093 προσειλημμένοι
1316 2020 1410 2075 καὶ
1460 2021 1787 2092 σεσωσμένοι

217 2114 331 2175 τοῖς
374 2112 469 2165 τοῦ
497 2112 736 2176 ἀπαθοῦς
764 2111 989 2166 πάθεσιν
1013 2129 1026 2141 ·
1077 2113 1265 2184 ὥσπερ
1305 2113 1398 2165 καὶ
1426 2113 1522 2181 τὴν
1552 2111 1787 2183 ἀφροσύ-

216 2220 319 2273 νην
353 2203 535 2273 ήμῶν,
571 2206 665 2258 καὶ
688 2205 748 2257 τὸ
798 2204 1115 2275 πλημμελὲς
1140 2203 1528 2275 οἰκειούμενος,
1559 2202 1627 2255 τὰ
1659 2203 1785 2274 ἑξῆς

215 2292 309 2346 διὰ
326 2292 420 2346 τοῦ
457 2293 673 2364 ψαλμοῦ
696 2310 859 2363 φησιν
877 2309 890 2323 ·
923 2293 1110 2363 ἐπειδὴ
1144 2292 1424 2363 προδήλως
1451 2293 1528 2354 εἰς
1551 2292 1784 2362 Χριστὸν

214 2386 246 2437 ὁ
272 2372 517 2449 εἰκοστὸς
546 2385 758 2457 πρῶτος
787 2384 997 2455 ψαλμὺς
1031 2383 1376 2453 ἀναφέρεται.

1896 1747 2221 1817 dereliquisli
2245 1749 2323 1802 ‘°?
2379 1746 2563 1815 Neque
2588 1750 2757 1815 enim,
2790 1751 2929 1819 quod
2978 1751 3199 1820 quidam
3231 1752 3450 1822 opinan-

1898 1848 2003 1904 tur,
2037 1839 2172 1909 ipse,
2206 1841 2346 1895 vela
2392 1840 2578 1903 Patre.
2633 1843 2716 1903 vel
2753 1857 2783 1896 a
2812 1857 2915 1900 sua
2958 1844 3258 1910 divinitate,
3293 1845 3448 1914 quasi

1895 1929 2196 1996 passionem
2228 1930 2590 1993 extimuisset,
2627 1947 2691 1985 ac
2726 1941 3006 2001 prapterea
3050 1947 3169 1987 sese
3197 1947 3224 1986 a
3256 1947 3447 2001 perpe—

1896 2019 2063 2073 tiente
2091 2032 2317 2088 corpore
2346 2021 2666 2090 collegisset,
2689 2021 2974 2077 derelictus
3001 2032 3102 2077 est.
3128 2021 3280 2092 (Quis
3304 2023 3445 2078 enim

1895 2124 2040 2172 eum,
2070 2110 2152 2164 vel
2195 2111 2430 2180 primum
2466 2111 2776 2166 humanitus
2816 2113 2980 2183 gigni,
3033 2112 3115 2167 vel
3148 2113 3199 2167 in
3235 2128 3443 2170 crucem

1897 2200 2194 2255 ascendere
2229 2202 2466 2271 coegit?)
2507 2199 2702 2255 Verum
2732 2203 2784 2257 in
2812 2206 3013 2272 seipso,
3044 2204 3320 2260 utdictum
3342 2215 3443 2267 est,

1890 2300 2072 2344 nostra
2100 2294 2521 2359 repraesentavit.
2546 2292 2654 2348 Nos
2685 2293 2828 2349 enim
2870 2309 3085 2371 eramus
3113 2295 3352 2355 derelicti
3371 2296 3446 2350 illi

1893 2382 2043 2450 prius
2070 2394 2231 2453 atque
2262 2384 2592 2453 contempti;
2642 2399 2782 2440 nunc
2815 2402 2941 2440 vero
2995 2402 3091 2457 per
3133 2386 3447 2457 impalibilis

218 2475 369 2529 illius
387 2477 687 2541 passiones,
712 2479 972 2545 assumpti
1008 2490 1071 2530 ac
1137 2475 1338 2529 servati
1404 2489 1588 2528 sumus
1613 2478 1645 2539 ;'.
1679 2473 2125 2542 quemadmodum
2184 2487 2424 2529 nostram
2477 2490 2692 2544 quoque
2733 2476 3094 2545 insipientiam
3151 2493 3215 2534 ac
3258 2493 3445 2548 pecca~

225 2578 347 2622 tum
368 2566 471 2622 sibi
504 2566 811 2636 arrogavit,
858 2576 916 2619 ut
964 2580 1050 2630 ea,
1078 2579 1198 2634 qua
1219 2565 1473 2633 deinceps
1530 2565 1583 2618 in
1647 2562 1855 2633 psalmo
1891 2573 2208 2629 sequuntur,
2264 2566 2630 2635 pronuntiant.
2691 2565 2966 2622 Siuuidem
3010 2569 3300 2625 vicesimus
3341 2571 3448 2639 pri-

224 2675 350 2718 mus
380 2660 621 2730 psalmus
643 2660 928 2714 manifeste
952 2660 1018 2712 ad
1047 2656 1323 2712 Christum
1357 2658 1610 2712 refertur.

289 2757 385 2822 (Γ.
420 2754 531 2824 Τῆς
573 2754 630 2807 δὲ
668 2753 837 2823 αὐτῆς
868 2752 1051 2823 ἔχεται
1083 2751 1336 2824 θεωρίας,
1367 2752 1462 2805 καὶ
1498 2751 1560 2803 τὸ
1591 2748 1787 2821 μαθεῖν

216 2847 384 2901 αὐτὸν
408 2848 507 2918 τὴν
536 2845 781 2917 ὑπακοὴν
811 2843 872 2910 ἐξ
899 2839 974 2898 ὧν
1002 2844 1202 2898 ἔπαθεν
1226 2861 1242 2875 ·
1272 2845 1311 2915 ἧ
1338 2861 1397 2897 τε
1427 2843 1665 2916 κραυγὴ,
1694 2843 1789 2895 καὶ

214 2935 289 2990 τὰ
313 2936 543 3008 δάκρυα,
571 2936 666 2988 καὶ
694 2935 755 2988 τὸ
786 2932 1081 2997 ἱκετεῦσαι,
1116 2934 1223 2986 καὶ.
1257 2932 1318 2985 τὸ
1349 2931 1785 3001 εἰσαωυσθῆναι,

218 3027 317 3083 καὶ
346 3026 408 3079 τὸ
436 3025 660 3088 εὐλαϐές
679 3042 692 3055 ·
727 3024 764 3078 δι
794 3024 1289 3095 δραματουργεὴαι
1315 3022 1426 3093 (78)
1467 3022 1562 3075 καὶ
1594 3020 1790 3074 πλέκε-

213 3135 310 3177 ται
343 3116 661 3188 θαυμασίως
691 3116 830 3186 ὑπὲρ
858 3113 1168 3185 ήμῶνϋθ).
1201 3114 1289 3177 Ὠς
1329 3113 1426 3184 μὲν
1456 3113 1563 3184 γὰρ
1595 3111 1787 3180 Λόγος,

214 3208 343 3263 οὔτε
373 3209 613 3279 ὑπήκοος
644 3203 731 3278 ἦν,
766 3204 891 3259 οὔτε
933 3207 1181 3276 ἀνήκοος.
1213 3205 1333 3257 Τῶν
1365 3203 1474 3273 γάρ
1502 3202 1606 3255 ὑπὸ
1634 3205 1789 3274 χεῖρα

212 3302 412 3367 ταῦτα,
439 3300 533 3355 καὶ
558 3300 663 3353 τῶν
684 3300 948 3371 δευτέρων
967 3316 981 3329 ·
1011 3297 1073 3351 τὸ
1105 3297 1203 3369 μὲν
1227 3298 1335 3351 τῶν
1358 3294 1790 3365 εὐγνωμονεστέ-

218 3412 351 3465 ρων,
390 3393 453 3446 τὸ
507 3392 563 3445 δὲ
620 3391 725 3446 τῶν
782 3390 949 3455 ἀξίων
1004 3389 1297 3451 κολάσεως.
1357 3386 1445 3449 Ὠς
1499 3385 1556 3438 δὲ
1601 3384 1787 3439 δούλου

217 3480 428 3552 μορφὴ,
463 3477 884 3547 συγκαταϐαίνει
928 3479 1038 3540 τοῖς
1068 3474 1376 3547 ὁμοδούλοις
1422 3475 1518 3528 καὶ
1561 3473 1787 3538 δούλοις,

216 3573 313 3628 καὶ
334 3571 633 3643 μορφοῦται
657 3570 723 3623 τὸ
737 3570 1034 3641 ἀλλότριον,
1059 3568 1178 3621 ὅλον
1198 3570 1255 3621 ἐν
1280 3567 1459 3636 ἐαυτῷ
1483 3566 1583 3637 ἐμὲ
1608 3565 1789 3637 φέρων

218 3662 375 3735 μετά
402 3662 510 3715 τῶν
558 3661 707 3732 ἐμῶν
728 3661 864 3731 (80),
915 3660 1004 3715 ἵνα
1058 3661 1116 3713 ἐν
1160 3657 1341 3728 ἑαυτῷ
1392 3657 1676 3728 δαπανήσῃ
1728 3656 1789 3709 τὸ

212 3760 397 3827 χεῖρον
416 3754 549 3826 (81),
584 3754 660 3816 ὡς
894 3752 1024 3823 πῦρ,
1055 3752 1088 3822 ἦ
1124 3752 1200 3815 ὠς
1228 3749 1426 3821 ἀτμίδα
1478 3750 1580 3820 γῆς
1617 3748 1785 3819 ἣλιος,

214 3846 373 3915 κάγὼ
408 3845 693 3918 μεταλάϐω
716 3845 825 3898 τῶν
855 3844 1063 3898 ἐκείνου
1091 3843 1178 3895 διὰ
1210 3840 1309 3912 τὴν
1340 3842 1662 3912 σύγκρασιν.
1690 3840 1789 3893 Διὰ

211 3938 375 3993 τοῦτο
418 3938 565 4009 ἔργῳ
606 3937 741 4007 τιμᾷ
787 3935 886 4006 τὴν
921 3933 1189 4004 ὑπακοὴν,
1236 3931 1620 4002 καὶπειρᾶται
1653 3929 1785 3982 ταύ-

211 4049 317 4104 της
330 4032 471 4103 (82),
507 4033 572 4084 ἐκ
613 4028 708 4082 τοῦ
743 4027 964 4081 παθεῖν’
1008 4027 1068 4079 οὑ
1100 4025 1210 4095 γάρ
1245 4022 1427 4077 ἱκανὸν
1457 4024 1491 4093 ή
1526 4020 1784 4083 διάθεσις,

214 4123 406 4195 ὥσπερ
435 4122 557 4175 οὐδὲ
584 4122 754 4191 -ήμῖν,
804 4120 854 4172 εἰ
898 4117 973 4189 μὴ
1016 4118 1111 4170 καὶ
1157 4115 1245 4169 διὰ
1293 4115 1400 4167 τῶν
1450 4113 1787 4183 πραγμάτων

208 4214 589 4285 χωρήσαιμενο
621 4211 779 4282 ἔργον
797 4209 925 4281 γάρ,
948 4208 1219 4273 ἀπόδειξις
1244 4204 1557 4267 διαθέσεως.
1581 4202 1655 4255 Οὐ
1685 4204 1790 4273 χεῖ-

211 4322 312 4367 ρον
332 4305 530 4367 δέῐσως
555 4305 775 4357 κάκεῖνο
798 4299 1108 4364 ὑπολαϐεῖν,
1130 4300 1214 4352 ὅτι
1229 4294 1514 4366 δοκιμάζει
1540 4293 1641 4365 τὴν
1654 4295 1788 4364 ήμεο
1817 4302 1861 4355 ι)

206 4393 652 4466 τέρανὺπακοὴν,
668 4392 763 4445 καὶ
787 4391 962 4445 πάντα
985 4391 1174 4461 μετρεῖ
1196 4386 1307 4459 (85)
1331 4388 1444 4448 τοῖς
1462 4382 1652 4439 ἑαυτοῦ
1668 4382 1778 4453 (84)

209 4486 414 4541 πάθεσι
456 4484 620 4556 τέχνῃ
635 4481 745 4555 (85)
777 4480 1207 4552 φιλανθρωπίας
1240 4478 1378 4531 ὥστε
1408 4475 1552 4546 ἔχειν
1582 4474 1779 4527 εἰδέναι

293 4685 337 4727 ⁷⁸
356 4683 498 4742 Psal.
526 4701 641 4750 ut,
672 4685 728 4738 Ι.
802 4683 846 4714 ⁸⁸
866 4678 1031 4737 Hebr.
1059 4695 1111 4747 v,
1139 4676 1194 4743 8,
1220 4675 1271 4732 7.
1306 4696 1309 4697 '

281 4867 401 4941 (76)
425 4869 904 4941 __’Arv:_toraxtoc.
924 4860 1227 4941 garpebant
1254 4856 1614 4941 Monothelitm
1642 4855 1784 4941 _h:ec

204 4929 458 5009 Grégorii
512 4938 696 5009 verba,
734 4935 886 5009 quasi
941 4929 1212 4986 Christum
1269 4929 1548 5009 divideret,
1587 4934 1660 5009 ‘ut
1690 4940 1781 5009 rex

205 4996 367 5064 sext?
428 5006 632 5077 synodo
675 4996 1013 5071 perspicuum
1064 5009 1182 5065 est;
1229 5003 1324 5052 sed
1372 4996 1622 5051 audiendi
1673 5008 1777 5046 non

281 5146 400 5215 (77)
436 5145 498 5197 '0
516 5146 790 5215 Χριστός.
825 5141 979 5215 Deest
1003 5137 1102 5192 bin
1134 5134 1425 5215 nonnullis.

281 5202 398 5288 (78)
440 5217 511 5288 Ἀ
539 5202 1079 5288 δραμαέουργξεῖτᾳι,
1110 5218 1214 5260 etc.
1233 5204 1455 5288 _Comb.:
1481 5222 1500 5254 ι
1534 5202 1664 5288 Quae
1680 5219 1778 5258 ηο-

202 5275 300 5342 bis
316 5275 473 5352 quasi
500 5275 742 5337 itfscéna
785 5275 1077 5347 productis,
1126 5285 1417 5344 nostroque
1452 5275 1665 5327 nomine
1714 5289 1777 5327 ac

203 5370 449 5425 persona
497 5352 813 5407 mirabiliter
849 5357 1111 5425 geruntur
1140 5361 1203 5425 ac
1250 5353 1558 5425 nectuntur,
1598 5358 1780 5425 t'par-

204 5414 305 5479 iim
359 5424 566 5478 scilicet
616 5435 763 5484 vere,
791 5414 981 5488 partim
1008 5415 1278 5488 οἰκειώσει
1311 5423 1366 5467 ει
1402 5414 1771 5488 οιιτίΙιιιιὶιιηε.

278 5495 395 5562 (79)
448 5480 816 5561 'rxch.
869 5488 960 5543 Sic
998 5486 1161 5543 Coisl.
1194 5488 1244 5546 1.,
1276 5493 1380 5539 etc.
1412 5480 1468 5536 in
1498 5483 1608 5548 ed.,
1635 5481 1775 5551 ὑπὲρ

201 5563 384 5634 ὑμῶν.

1971 2742 2054 2799 Vl.
2095 2743 2351 2813 Ejusdem
2387 2744 2771 2813 speculationis
2815 2745 2941 2801 illud
2969 2746 3130 2805 etiam
3167 2756 3270 2812 est,
3305 2748 3446 2819 quod

1890 2852 1955 2891 ex
1982 2837 2228 2905 bis,qu:e
2271 2851 2462 2905 passus
2498 2847 2601 2902 est,
2648 2836 3007 2893 obedientiam
3044 2838 3259 2906 didicit;
3307 2841 3448 2908 quod

1892 2944 2014 2982 cum
2044 2926 2280 2982 clamore
2303 2938 2356 2982 et
2413 2927 2662 2999 lacrymis
2709 2928 3057 2997 supplicarit;
3098 2931 3237 2998 quod
3291 2945 3449 2985 exau-

1895 3020 2038 3073 ditus
2075 3018 2142 3073 sit
2168 3034 2262 3085 pru
2292 3033 2387 3072 sua
2424 3019 2725 3072 reverentia
2764 3019 2803 3049 “
2834 3034 2993 3088 ηυδε
3020 3019 3200 3072 omnia
3235 3021 3450 3077 nomine

1888 3117 2072 3161 nostro
2102 3106 2421 3162 mirabiliter
2443 3105 2746 3161 elliciuntur
2776 3117 2831 3162 et
2872 3119 3255 3166 contexuntur.
3284 3110 3441 3174 Nam,

1866 3210 1948 3253 -ιιι
1973 3198 2222 3262 Verbum,
2260 3213 2359 3253 nec
2389 3199 2645 3255 obcdiens
2670 3210 2809 3265 erat,
2838 3215 2936 3255 nec
2966 3201 3299 3258 inobediens.
3319 3201 3443 3258 Haec

1890 3306 2123 3362 namque
2155 3291 2242 3357 iis,
2272 3291 2361 3357 qui
2402 3290 2630 3345 aliorum
2667 3292 2893 3360 imperio
2931 3301 3203 3356 tenentur,
3247 3295 3446 3365 quique

1889 3380 2137 3434 secundae
2156 3379 2347 3433 classis
2379 3389 2525 3441 sunt,
2545 3380 2874 3435 conveniunt
2892 3396 2909 3446 ;
2927 3380 3056 3436 illud
3080 3382 3304 3446 scilicet,
3325 3398 3450 3452 pro—

1889 3471 1971 3527 bis
1996 3484 2157 3540 atque
2193 3471 2456 3536 honestis,
2495 3470 2634 3525 istud
2664 3485 2816 3535 vero,
2870 3471 3127 3542 improbis
3149 3488 3221 3528 ac
3255 3474 3450 3544 suppli-

1889 3564 1974 3618 cio
1993 3564 2188 3632 dignis.
2228 3562 2297 3617 Ut
2337 3572 2514 3615 autem
2567 3562 2707 3616 servi
2762 3561 2950 3626 forma,
3014 3564 3081 3616 ad
3131 3578 3444 3628 conservos.

1890 3655 1996 3708 imo
2023 3655 2089 3708 ad
2113 3668 2300 3733 servos
2327 3667 2448 3708 sese
2477 3654 2727 3721 demittit,
2752 3663 2915 3724 atque
2957 3654 3185 3709 alienam
3215 3654 3445 3711 lormam

1889 3745 2131 3813 suscipit,
2164 3753 2330 3798 totum
2360 3761 2444 3799 me
2499 3746 2681 3806 simul.
2716 3761 2838 3800 cum
2893 3746 2958 3800 iis
2998 3762 3118 3816 qua:
3146 3763 3261 3801 mea
3293 3758 3441 3812 sunt,

1890 3837 1942 3890 in
1982 3837 2160 3903 seipso
2195 3835 2394 3897 ferens,
2442 3845 2519 3901 ut,
2577 3835 2716 3904 quod
2752 3836 2989 3890 deterius
3032 3845 3135 3899 est,
3186 3837 3238 3890 in
3270 3837 3447 3906 seipso

1889 3925 2156 3990 absumat,
2179 3936 2232 3979 et
2252 3925 2531 3991 conﬁciat,
2560 3940 2663 3979 non
2691 3939 2849 3978 secus
2879 3940 2943 3978 ac
2972 3939 3152 3979 ceram
3182 3925 3338 3993 ignis,
3357 3937 3452 3978 aut

1892 4024 2046 4070 terrae
2078 4030 2331 4084 vaporem
2369 4015 2498 4069 solis
2539 4015 2744 4079 radius,
2788 4029 2947 4085 atque
2999 4016 3112 4085 ipse
3149 4017 3218 4070 ob
3264 4014 3447 4083 hujus-

1890 4108 2030 4160 tnodi
2073 4106 2507 4174 conjunctionem
2536 4106 2796 4160 bonorum
2825 4107 2970 4161 illius
3005 4106 3276 4175 particeps
3296 4106 3441 4161 (iam.

1889 4197 2153 4263 Quocirca
2186 4212 2243 4249 re
2304 4197 2416 4265 ipsa
2465 4197 2825 4251 obedientiam
2863 4200 3064 4252 bonore
3091 4196 3276 4261 aiiicit,
3310 4213 3448 4251 eain-

1890 4302 1997 4356 que
2028 4288 2390 4356 perpetiendis
2414 4287 2693 4342 doloribus
2733 4291 3051 4357 experitur;
3087 4304 3260 4358 neque
3304 4290 3447 4344 enim

1889 4378 2183 4433 suﬂiciebat
2204 4379 2365 4432 animi
2394 4378 2629 4445 aliectio,
2660 4380 3108 4447 quemadmodum
3143 4396 3245 4437 nec
3273 4362 3445 4443 nobis,

1888 4469 1991 4523 nisi
2029 4484 2245 4524 manum
2273 4485 2485 4539 quoque
2520 4471 2774 4541 operibus
2813 4475 3198 4528 admoveamus
3244 4492 3258 4528 :
3307 4487 3446 4540 opus

1959 4852 2071 4934 (βο)
2103 4849 2262 4906 Μετὰ
2292 4848 2410 4904 τῶν
2428 4848 2606 4918 ἐμῶν.
2634 4847 2753 4903 Bill.
2782 4865 2796 4902 :
2830 4867 2849 4901 ‹
2890 4863 3012 4905 cum
3043 4849 3445 4906 inﬁrmitatibus

1889 4939 2178 5063 m‘ilfibi)’Tb
2220 4989 2439 5059 χεῖρον.
2485 5005 2503 5038 ‹
2536 4986 2688 5053 Quod
2739 4989 2975 5044 deterius
3021 4998 3121 5054 est,
3160 5007 3180 5042 ι
3237 4989 3288 5045 id
3341 5000 3444 5057 est,

1893 5082 1911 5113 ι
1941 5068 2236 5129 peccatum.
2252 5079 2290 5129 γ»

1911 5127 2064 5214 ,⁷(8ᾷ)
2090 5128 2366 5214 μειρᾶται
2400 5127 2639 5195 ταύτης.
2675 5146 2694 5179 ι
2747 5127 2981 5197 Ejusque
3009 5127 3302 5197 periculum
3350 5143 3446 5198 pa-

1888 5202 2061 5255 tienda
2088 5202 2233 5253 facit.
2269 5219 2287 5249 ι

1951 5272 2063 5342 (8-5)
2103 5269 2232 5342 Kal_
2257 5266 2452 5319 πάντα
2491 5265 2709 5342 μετρεῖ,
2733 5275 2838 5342 etc.
2871 5264 3139 5342 yeuvenk.
3166 5283 3233 5342 _:__t
3267 5266 3444 5342 Atque

1881 5335 2066 5421 omnia
2109 5338 2360 5390 metiatur
2387 5350 2451 5388 ex
2509 5336 2619 5388 suis
2652 5335 2994 5405 passionibus
3051 5350 3142 5390 ars
3165 5335 3252 5390 illa
3279 5338 3445 5392 Ἰ)ευὶ-

1880 5419 2120 5480 gititatts.
2153 5425 2170 5480 ι

1949 5478 2058 5544 (84)
2088 5475 2214 5539 Τοῖς
2238 5471 2476 5544 ἑαυτοῦ.
2503 5472 2668 5544 Coisi.
2698 5473 2750 5536 1,
2782 5474 2893 5536 τοῖς
2917 5472 3158 5535 οἰκείοις.

1950 5479 2038 5544 (84
2088 5478 2214 5539 Τοῖς
2238 5478 2476 5527 ἑαυτοῦ.
2503 5478 2668 5528 Coisl.
2698 5478 2750 5536 1,
2782 5478 2893 5536 τοῖς
2917 5478 3016 5525 οικε

1950 5478 2060 5620 (85;
2097 5545 2300 5615 Τέχνη.
2333 5542 2559 5610 Hervag.
2592 5542 2776 5614 τέχνη,
2799 5560 2818 5592 t
2850 5557 2957 5595 ars.
2997 5560 3016 5594 ι
