3890 6214
232 310 338 365 HS

1258 314 1518 372 ORATIO
1554 318 1726 376 XXX.
1763 349 1831 360 —-
1871 318 2308 375 THEOLOGICA
2347 316 2432 371 IV.

3358 313 3473 371 HE

229 428 328 499 γὰρ
350 427 446 481 τοῦ
475 427 714 497 ἀνάρχου
738 426 896 499 δόξης
931 428 1147 499 μετέχοι
1175 430 1264 495 ἂν,
1289 432 1371 486 ὅτι
1400 435 1464 488 ἐκ
1505 430 1600 506 τοῦ
1630 437 1794 508 ἀνάρ-

1907 439 2098 494 dixerit
2129 438 2266 492 alius
2292 436 2592 507 quispiam,
2645 447 2954 489 sermonem
3010 431 3170 505 55,5
3216 443 3459 491 nostrum

220 533 313 585 χου
329 533 342 548 ·
366 516 465 570 καὶ
484 516 773 587 πρόσεστιν
796 520 829 588 ἡ
853 517 1124 590 γέννησις,
1154 523 1385 593 πρᾶγμα
1412 524 1634 579 τοσοῦτο
1657 525 1790 597 (97),

228 608 331 670 τοῖς
358 624 424 675 γε
471 606 599 661 νοῦν
649 606 850 677 ἔχουσι,
901 609 997 662 καὶ
1046 609 1188 664 οὕτω
1210 612 1322 683 (98)
1377 614 1687 687 σεϐάσμιον.
1721 617 1794 670 Τὸ

222 697 331 768 γὰρ
361 697 425 768 δὴ
458 697 660 766 λέγειν,
686 699 767 753 ὅτι
791 699 886 753 τοῦ
912 700 1051 755 κατά
1078 702 1168 756 τὸν
1191 702 1475 777 ἄνθρωπον
1504 708 1792 779 νοουμένου

222 790 422 858 μείζων
444 789 581 860 (99),
616 788 811 860 ἀληθὲς
855 792 974 861 μὲν,
1014 794 1077 847 οὐ
1124 794 1267 863 μέγα
1301 795 1387 847 δέ’
1421 795 1474 849 τί
1509 797 1618 869 γὰρ
1660 797 1793 852 θαυ-

222 879 445 948 μαστὸν,
472 881 522 932 εί
549 880 747 951 μείζων
766 880 1053 954 ἀνθρώπου
1078 883 1210 948 Θεὸς
1233 903 1247 949 ;
1273 885 1456 939 Ταῦτα
1478 888 1576 958 μὲν
1600 884 1692 942 οὖν
1710 887 1788 960 (1)

218 970 456 1041 εἰρήσθω
488 971 625 1043 πρὸς
649 973 775 1035 τοὺς
800 973 863 1025 τὸ
882 973 1084 1042 μεῖζον
1112 976 1508 1045 κομπάζοντας.

1901 530 2097 586 acriori
2125 529 2288 583 animi
2323 526 2669 582 contentione
2715 538 3065 595 prosequens,
3114 524 3336 582 inferius
3363 526 3459 582 ha-

1901 621 2135 676 bendum
2168 634 2270 674 non
2303 632 2444 684 esse,
2480 618 2546 671 ab
2571 614 2877 685 huiusmodi
2916 630 3102 680 causa,
3141 630 3317 671 causae
3341 631 3460 671 om-

1900 712 1986 766 nis
2015 720 2257 779 experte,
2280 706 2572 779 prollcisci.
2596 704 2728 760 Nam
2756 714 2813 761 et
2843 705 2970 774 quia
2998 706 3066 760 ab
3088 719 3172 770 eo,
3200 704 3292 775 qui
3308 706 3461 776 prin-

1903 801 2043 869 cipio
2068 808 2257 866 caret,
2316 797 2579 866 originem
2635 795 2821 860 trahit,
2861 794 2978 862 ejus
3029 809 3243 865 quoque
3278 792 3461 866 gloi'ia:

1900 900 2107 959 partem
2148 890 2246 945 sibi
2282 889 2553 943 vindicat:
2582 894 2638 943 et
2663 885 2873 941 accedit
2900 887 3122 957 insuper
3154 886 3463 957 generatio-

1903 984 1989 1036 nis
2024 981 2403 1052 praarogativa,
2433 993 2519 1034 res
2554 986 2727 1040 tanta,
2792 987 3008 1046 tamque
3040 976 3365 1041 veneranda,
3394 976 3463 1033 iis

219 1062 439 1129 quidem
475 1074 642 1127 certe,
686 1065 776 1133 qui
830 1076 1008 1121 mente
1038 1067 1243 1135 praediti
1278 1079 1423 1125 sunt.
1466 1069 1625 1137 Nam,
1654 1073 1796 1141 quod
1839 1074 2049 1129 ratione
2073 1072 2424 1128 humanitatis
2454 1070 2614 1125 Pater
2676 1068 2814 1124 Filio
2876 1068 3050 1139 major
3086 1067 3464 1140 intelligendus

219 1154 313 1219 sit,
345 1168 472 1208 vere
509 1155 727 1222 quidem
756 1156 862 1210 dici
897 1166 1094 1226 potest,
1132 1160 1222 1213 sed
1284 1175 1388 1214 nou
1435 1163 1654 1231 perinde
1689 1164 1987 1221 honoriﬁce
2014 1187 2025 1221 :
2057 1165 2183 1234 quid
2251 1165 2393 1219 enim
2423 1164 2640 1226 mirum,
2699 1161 2867 1217 Deum
2936 1160 3148 1217 homine
3203 1159 3465 1231 majorem

220 1246 382 1301 esse?
416 1246 594 1314 Atque
633 1248 746 1303 hzec
778 1248 909 1302 mihi
941 1248 1085 1303 dicta
1110 1252 1216 1305 sint
1264 1251 1522 1308 adversus
1550 1269 1661 1317 eos,
1695 1257 1789 1325 qui
1830 1258 2054 1327 majoris
2088 1272 2272 1313 vocem
2298 1253 2615 1311 insolentius
2638 1251 2864 1321 iactant.

293 1339 374 1388 H'.
402 1334 533 1399 Θεὸς
564 1336 622 1389 δὲ
652 1336 864 1405 λέγοιτο
890 1338 976 1405 ἂν,
1010 1340 1072 1394 οὐ
1100 1340 1194 1394 τοῦ
1238 1343 1434 1413 Λόγου,
1461 1346 1554 1399 τοῦ
1580 1348 1794 1418 ὁρωμέ-

218 1444 316 1481 νου
341 1425 398 1478 δέ
420 1443 433 1455 ·
469 1427 587 1490 πῶς
615 1428 725 1499 γὰρ
749 1429 816 1483 ἂν
842 1429 929 1500 εἴη
950 1430 1046 1484 τοῦ
1078 1432 1283 1506 κυρίως
1317 1434 1451 1488 Θεοῦ
1480 1435 1639 1503 Θεός;
1669 1438 1799 1490 Ὠσ-

223 1535 329 1589 περ
376 1518 468 1571 καὶ
506 1519 717 1591 Πατὴρ,
763 1520 825 1573 οὐ
871 1520 967 1576 τοῦ
1006 1523 1302 1595 ὁρωμένου,
1346 1524 1440 1578 τοῦ
1470 1506 1652 1596 ’Λόγου
1700 1528 1758 1582 δέ
1781 1545 1795 1560 ’

221 1610 458 1681 καὶγὰρ
498 1606 566 1681 ἦν
611 1611 866 1676 διπλοῦς·
908 1613 1049 1667 ὥστε
1089 1615 1150 1668 τὸ
1183 1616 1282 1686 μὲν
1322 1617 1526 1688 κυρίως
1568 1620 1655 1672 ἐπ’
1688 1620 1798 1690 ἀμ-

102 1772 109 1785 ,
224 1706 343 1772 φοίν
367 1702 466 1773 (2),
496 1702 558 1756 τὸ
583 1703 641 1756 δὲ
666 1705 727 1758 οὐ
757 1705 983 1776 κυρίως,
1017 1706 1274 1771 ἐναντίως
1306 1709 1339 1780 ἢ
1370 1709 1455 1778 ἐφ’
1480 1708 1638 1781 ἡμῶν
1660 1709 1791 1781 ἔχει.

236 1795 428 1866 Ἡμῶν
454 1794 561 1866 γὰρ
587 1795 791 1867 κυρίως
825 1797 921 1866 μὲν
957 1796 1089 1861 Θεὸς
1129 1799 1156 1851 ὁ
1193 1798 1325 1862 Θεὸς
1349 1800 1446 1872 (5),
1489 1801 1549 1853 οὐ
1593 1801 1796 1873 κυρίως

222 1886 282 1939 δὲ
328 1887 537 1956 Πατήρ.
582 1887 692 1942 Καὶ
731 1888 889 1941 τοῦτό
932 1890 1077 1943 ἐστιν
1105 1888 1133 1942 ὃ
1165 1893 1310 1943 ποιεῖ
1345 1894 1458 1956 τοϊς
1501 1894 1799 1964 αἱρετικοίς

221 1977 325 2048 τὴν
355 1977 585 2050 πλάνην,
616 1980 650 2049 ἡ
678 1977 788 2032 τῶν
818 1980 1098 2051 ὀνομάτων
1130 1980 1425 2048 ἐπίζευξις,
1469 1984 1798 2038 ἐπαλλαττο-

227 2067 406 2139 μένων
438 2067 547 2121 τῶν
575 2069 851 2138 ὀνομάτων
870 2069 957 2123 διὰ
980 2073 1079 2141 τῂν
1113 2069 1433 2141 σύγκρασιν.
1462 2072 1693 2142 Σημεῖον
1718 2073 1797 2138 δὲ,

222 2158 390 2229 ἡνίκα
426 2160 483 2212 αἱ
522 2157 712 2227 φύσεις
746 2159 821 2230 (ι)
864 2161 1161 2215 διίστανται
1192 2165 1312 2225 ταῖς
1352 2164 1637 2227 ἐπινοίαις,
1676 2181 1800 2217 συν-

221 2252 516 2322 διαιρεῖῖαι
545 2252 640 2305 καὶ
666 2250 735 2305 τὰ
754 2252 1012 2322 ὀνόματα.
1037 2253 1524 2321 Παύλουιλέγοντος
1546 2255 1796 2311 ἄκουσον⁸

224 2342 355 2395 Ἵνα
386 2344 419 2395 ό
450 2341 596 2409 Θεὸς
626 2342 732 2397 τοῦ
765 2345 985 2413 Κυρίου
1017 2343 1185 2413 ήμῶν
1222 2345 1418 2412 Ἰησοῦ
1460 2348 1739 2414 Χριστοῦ,
1769 2352 1803 2404 ὁ

224 2430 429 2500 Πατὴρ
465 2432 576 2500 τῆς
606 2432 809 2501 δόξης.
855 2434 1092 2505 Χριστοῦ
1124 2434 1222 2505 μέν
1246 2434 1400 2498 Θεὸς,
1435 2435 1536 2505 τῆς
1563 2438 1620 2491 δὲ
1645 2438 1803 2510 δόξης

206 2520 449 2592 Πατήρ·
486 2523 536 2575 εί
568 2522 678 2593 γὰρ
716 2524 810 2577 καὶ
838 2524 902 2576 τὸ
936 2524 1343 2595 συναμφότερον
1372 2524 1430 2579 ἓν
1464 2525 1565 2597 (5),
1596 2527 1710 2582 ἀλλ’
1739 2531 1800 2583 οὐ

220 2612 291 2681 τῇ
324 2610 507 2679 φύσει,
539 2614 605 2682 τῇ
646 2611 704 2664 δέ
746 2613 946 2685 συνόδῳ
972 2614 1197 2668 τούτων.
1229 2613 1293 2667 Τί
1324 2614 1389 2667 ἂν
1419 2614 1631 2682 γένοιτο
1661 2634 1801 2687 γνω-

222 2700 531 2772 ριμώτερον
552 2718 567 2767 ;

1966 1348 2098 1405 Vlll.
2140 1348 2291 1416 Quod
2333 1355 2513 1404 autem
2566 1346 2634 1401 ad
2696 1344 2918 1398 alteram
2973 1350 3180 1412 partem
3226 1343 3441 1406 attinet,

1904 1441 2045 1494 Deus
2086 1439 2304 1503 dicitur,
2338 1452 2442 1492 non
2471 1436 2682 1491 ratione
2710 1432 2895 1497 Verbi,
2946 1431 3041 1488 sed
3069 1431 3238 1502 partis
3264 1446 3385 1502 quae
3408 1432 3463 1487 in

1894 1530 2174 1585 oculorum
2216 1542 2432 1583 sensum
2504 1526 2651 1582 cadit
2710 1525 2840 1596 (quo
2885 1523 3029 1579 enim
3094 1521 3254 1578 modo
3298 1521 3460 1589 illius,

1898 1621 1986 1690 qui
2021 1618 2232 1687 proprie
2264 1617 2401 1672 Deus
2431 1624 2533 1679 est,
2566 1614 2707 1669 Deus
2736 1613 2840 1667 dici
2893 1622 3054 1683 queat
3075 1610 3142 1682 ?).
3196 1611 3465 1680 Quemad-

1893 1709 2113 1763 modum
2137 1707 2324 1772 Pater,
2352 1721 2456 1760 non
2483 1703 2855 1767 humanitatis,
2879 1703 2971 1758 sed
3007 1700 3168 1757 Verbi
3190 1709 3459 1773 respectu;

1899 1800 2097 1870 duplici
2133 1799 2330 1869 quippe
2354 1807 2544 1852 natura
2570 1797 2892 1863 constabat;
2927 1810 3051 1865 quo-
3074 1795 3133 1849 lit
3155 1803 3212 1850 ut
3240 1795 3465 1852 alterum

1896 1895 1963 1948 de
1992 1908 2056 1948 eo
2088 1893 2304 1963 proprie
2337 1891 2573 1957 dicatur,
2628 1890 2856 1945 alterum
2908 1889 3234 1959 improprie:
3275 1895 3465 1944 contra

1897 1999 2058 2054 quam
2086 1984 2138 2038 in
2173 1982 2326 2037 nobis
2350 1997 2408 2038 se
2433 1996 2519 2036 res
2551 1981 2729 2036 habet.
2760 1980 2901 2035 Deus
2927 1981 3072 2034 enim
3089 1977 3306 2048 proprie
3322 1977 3466 2033 Deus

1897 2084 2080 2129 uoster
2113 2082 2215 2139 est,
2257 2087 2360 2127 non
2396 2082 2575 2126 autem
2604 2070 2818 2141 proprie
2837 2071 3021 2125 Pater.
3060 2069 3238 2139 Atque
3261 2068 3365 2126 hoc
3383 2076 3469 2124 est

1896 2168 2038 2236 quod
2073 2166 2351 2221 haereticos
2409 2165 2463 2218 iu
2506 2177 2746 2219 errorem
2797 2163 3021 2228 inducit,
3063 2174 3256 2231 nempe
3292 2159 3466 2216 nomi-

1901 2270 2027 2309 num
2056 2256 2249 2309 horum
2308 2252 2649 2321 coniunctio,
2690 2251 3012 2321 permutatis
3039 2250 3291 2307 videlicet
3326 2250 3467 2304 inter

1898 2362 1959 2402 se
1988 2345 2301 2401 nominibus
2338 2353 2554 2414 propter
2591 2345 2879 2413 utriusque
2930 2351 3135 2401 natura:
3175 2340 3466 2401 connexio-

1902 2453 2047 2493 ncm.
2086 2437 2417 2508 Argumento
2453 2443 2555 2499 est,
2596 2435 2740 2503 quod
2784 2449 2906 2489 cum
2960 2444 3165 2489 natura:
3184 2422 3365 2489 animo
3412 2442 3468 2487 et

1899 2529 2228 2599 cogitatione
2261 2528 2671 2597 distinguuntur
2700 2565 2716 2590 ,
2757 2524 2914 2580 simul
2974 2539 3186 2595 quoque
3247 2524 3465 2579 nomina

1898 2617 2237 2672 dividuntur.
2286 2617 2424 2670 Audi
2484 2614 2709 2670 Paulum
2762 2615 2846 2669 his
2904 2615 3089 2669 verbis
3119 2613 3462 2684 loquentem.

1901 2709 1965 2764 Ut
1996 2710 2137 2764 Deus
2163 2709 2375 2764 Domini
2406 2708 2571 2763 nostri
2594 2708 2722 2762 Jesu
2770 2704 2989 2772 Christi,
3038 2705 3200 2766 Pater
3241 2703 3331 2759 ille
3354 2703 3466 2775 glo-

224 2794 322 2846 ria:
354 2792 418 2847 ".
439 2793 598 2867 \‘ides
635 2796 905 2865 quomodo
939 2795 1141 2851 Christi
1169 2798 1388 2867 quidem
1422 2798 1584 2863 Deus,
1606 2798 1792 2869 gloriae
1823 2809 2002 2861 autem
2037 2801 2198 2856 Pater
2235 2801 2481 2857 dicatur:
2517 2799 2762 2869 quamvis
2793 2799 2936 2853 enim
2967 2798 3081 2852 haec
3140 2797 3246 2852 duo
3298 2811 3471 2852 unum.

224 2880 479 2947 etIiciant,
522 2884 573 2938 id
612 2894 790 2940 tamen
836 2901 942 2939 non
984 2895 1173 2940 natura
1200 2888 1280 2955 fit,
1339 2889 1434 2944 sed
1464 2904 1646 2944 eorum
1680 2889 1928 2948 coitione.
1963 2894 2098 2960 Quid
2145 2893 2231 2948 his
2259 2892 2499 2964 apertius
2550 2899 2604 2946 et
2646 2890 2982 2947 manifestius
3007 2888 3338 2959 essequeat?

295 2975 375 3027 8'.
407 2974 663 3045 Πέμπτον
707 2974 949 3043 λεγέσθω
982 2975 1061 3040 τὸ,
1105 2975 1401 3048 λαμϐάνειν
1430 2979 1594 3032 αὐτὸν
1631 2977 1797 3049 ζωὴν,

1977 2982 2071 3037 ΙΧ.
2100 2981 2357 3048 Quintum
2388 2991 2728 3048 numeretur,
2766 2980 2909 3050 quod
2950 2979 3112 3033 vitam
3161 2978 3224 3046 ⁸⁸,
3253 2984 3354 3033 aut
3378 2975 3467 3047 ju-

222 3063 257 3134 ἢ
294 3063 496 3136 κρίσιν,
538 3066 570 3136 ἢ
617 3064 978 3137 κληρονομίαν
1020 3067 1210 3132 ἐθνῶν,
1246 3070 1278 3140 ἢ
1331 3068 1579 3133 ἐξουσίαν
1622 3070 1801 3140 πάσης

223 3156 449 3224 σαρκὸς,
478 3155 511 3226 ἢ
536 3154 712 3221 δόξαν,
736 3156 770 3228 ἢ
802 3156 1066 3227 μαθητὰς,
1097 3158 1130 3228 ἢ
1165 3159 1265 3212 ὅσα
1292 3159 1529 3228 λέγεται,
1563 3160 1658 3213 καὶ
1683 3159 1804 3214 τοῦ-

221 3262 287 3298 το
313 3246 389 3317 (6)
415 3246 513 3317 τῆς
543 3247 979 3319 ἀνθρωπότητος.
1009 3249 1069 3302 Εἰ
1094 3248 1150 3301 δὲ
1176 3251 1268 3303 καὶ
1291 3250 1369 3321 τῷ
1393 3250 1511 3322 Θεῷ
1538 3251 1684 3323 δοίης
1701 3251 1798 3322 (7),

223 3338 328 3389 οὐκ
371 3337 608 3391 άτοπονο
634 3339 694 3391 οὐ
744 3339 853 3412 γὰρ
900 3340 975 3403 ὡς
1026 3339 1296 3412 ἐπίκτητα
1333 3340 1544 3407 δώσεις,
1583 3342 1695 3398 ἀλλ’
1728 3343 1804 3406 ὡς

223 3428 326 3484 ἀπ’
374 3431 550 3501 ἀρχῆς
602 3432 1017 3504 συνυπάρχοντα
1063 3433 1162 3506 (8)»
1220 3436 1312 3490 καὶ
1366 3435 1510 3507 λόγῳ
1561 3435 1801 3507 φύσεως»

225 3522 345 3575 ἀλλ’
374 3522 436 3574 οὐ
469 3522 709 3594 χάριτος.

300 3798 356 3851 l'.
388 3797 585 3851 Ἕκτον
634 3798 864 3853 τιθέσθω
909 3801 971 3854 τὸ
1012 3802 1099 3870 μὴ
1164 3802 1456 3857 δύνασθαι
1511 3805 1617 3857 τὸν
1670 3803 1805 3857 Υἱὸν

226 3890 330 3958 ἀφ’
371 3888 589 3943 ἑαυτοῦ
631 3890 824 3943 ποιεῖν
866 3891 1060 3961 μηδὲν
1088 3892 1189 3963 (9),
1235 3893 1343 3947 ἐὰν
1386 3893 1471 3962 μή
1513 3911 1565 3946 τι
1595 3894 1801 3965 βλέπῃ

225 3980 336 4033 τὸν
363 3980 596 4049 Πατέρα
619 3983 924 4037 ποιοῦντα.
958 3984 1127 4038 Τοῦτο
1158 3985 1214 4039 δὲ
1250 3985 1487 4039 τοιοῦτόν
1531 3989 1706 4039 ἐστιν’
1742 3988 1802 4040 οὐ

225 4072 336 4126 τῶν
362 4072 481 4126 καθ’
513 4073 609 4126 ἕνα
636 4074 836 4145 τρόπον
858 4075 1188 4148 λεγομένων,
1220 4077 1280 4130 τὸ
1309 4077 1624 4142 δύνασθαι,
1656 4077 1689 4149 ἢ
1715 4078 1801 4148 μὴ

226 4164 551 4220 δύνασθαι·
605 4166 917 4239 πολύσημον
962 4168 1039 4223 δέ.
1092 4168 1164 4221 Τὸ
1216 4170 1314 4239 μὲν
1356 4170 1464 4239 γάρ
1492 4187 1545 4223 τι
1587 4170 1804 4239 λέγεται

227 4256 375 4313 κατά
404 4256 687 4329 δυνάμεως
723 4258 977 4328 ἔλλειψιν,
1020 4260 1114 4313 καὶ
1158 4260 1310 4322 ποτὲ,
1343 4262 1436 4314 καὶ
1465 4261 1602 4331 πρός
1627 4277 1700 4325 τι,
1731 4260 1806 4322 ὼς

1903 3071 2100 3126 dicium
2128 3072 2192 3135 ¹⁹,
2217 3082 2311 3126 aut
2351 3072 2587 3143 gentium
2616 3071 2985 3126 haereditalem
3030 3070 3099 3132 ¹⁰,
3150 3077 3243 3123 aut
3279 3068 3463 3124 carnis

1902 3163 2080 3217 omnis
2121 3170 2444 3230 potestatem
2470 3162 2538 3226 ἰ,
2564 3169 2656 3214 aut
2680 3161 2904 3231 gloriam
2928 3161 2995 3224 ³³,
3025 3168 3120 3213 aut
3154 3158 3466 3231 discipulos,

1903 3226 2204 3319 caeteraque
2234 3249 2475 3318 ejusdem
2532 3226 2767 3320 generis,
2802 3249 3050 3319 accipere
3099 3226 3469 3315 dicitur—{hoc

1903 3357 2119 3414 quoque
2155 3343 2222 3397 ad
2264 3341 2652 3399 humanitatem
2679 3350 2904 3413 spectat.
2929 3340 3248 3410 Quanquam
3275 3349 3335 3395 ut
3352 3341 3469 3397 haec

1904 3436 2071 3491 etiam
2106 3434 2214 3491 Deo
2250 3436 2573 3500 tribuamus,
2607 3434 2752 3491 nulla
2781 3434 2905 3491 inde
2936 3435 3242 3492 absurdius
3280 3448 3475 3491 conse-

1903 3536 2099 3596 quetur
2123 3544 2136 3580 :
2161 3542 2268 3581 non
2296 3528 2438 3582 enim
2467 3526 2613 3582 velut
2661 3526 2890 3583 ascititia
2922 3526 2969 3581 ei
3026 3526 3345 3591 tribuemus,
3374 3526 3469 3581 sed

1904 3620 2049 3673 velut
2074 3633 2195 3689 qua:
2216 3634 2245 3673 a
2273 3619 2538 3687 principio
2563 3633 2667 3674 una
2696 3633 2817 3672 cum
2847 3619 2963 3688 ipso
3004 3617 3331 3686 exstiterint,
3360 3631 3467 3672 non

1906 3709 2119 3763 ratione
2146 3708 2355 3778 gratiae,
2385 3710 2481 3763 sed
2503 3716 2732 3762 naturae.

1977 3800 2044 3856 X.
2085 3798 2251 3875 Sexto
2291 3799 2409 3854 loco
2440 3808 2694 3868 ponatur,
2721 3798 2862 3867 quod
2897 3795 3018 3851 Non
3050 3807 3213 3864 potest
3236 3790 3409 3850 Filius
3436 3812 3469 3849 a

1903 3893 2076 3960 seipso
2100 3890 2273 3959 facere
2296 3890 2603 3960 quidquam,
2628 3889 2730 3943 nisi
2746 3888 2801 3953 id
2829 3888 3010 3941 viderit
3031 3885 3245 3941 Patrem
3273 3885 3469 3954 facien-

1904 3994 2006 4038 tem
2037 3984 2103 4036 ”.
2135 3981 2266 4049 Quae
2294 3981 2453 4037 verba
2479 3979 2741 4049 ejusmodi
2770 3994 2928 4036 sensu
2959 3978 3273 4048 esplicanda
3295 3987 3423 4032 sunt
3450 3995 3466 4029 :

1907 4074 2091 4139 Posse,
2123 4075 2205 4130 vel
2223 4091 2324 4129 non
2346 4090 2516 4144 posse,
2546 4086 2654 4128 non
2684 4088 2790 4127 uno
2825 4072 2983 4127 modo
3005 4070 3204 4125 dicitur
3227 4086 3243 4136 ;
3268 4069 3469 4124 variam

1905 4169 2049 4223 enim
2083 4183 2146 4222 ac
2208 4166 2556 4236 multiplicem
2594 4164 3071 4236 signiﬁcationem.
3105 4163 3284 4219 habet.
3326 4160 3472 4217 Non-

1906 4273 2182 4328 nunquam
2212 4256 2377 4329 546
2408 4258 2552 4312 enim
2610 4255 2904 4311 secundum
2946 4254 3143 4309 virium
3199 4253 3471 4310 defectum

228 4349 309 4410 τὸ,
345 4348 420 4419 μὴ
448 4349 706 4404 δύνασθαι
754 4351 815 4404 τὸ
861 4352 1074 4405 παιδίον
1100 4352 1303 4414 ἀθλεῖν,
1338 4352 1370 4422 ῆ
1410 4352 1469 4405 τὸ
1515 4352 1800 4406 σκυλάκιον

1913 4352 2135 4415 dicitur,
2160 4358 2215 4403 et
2252 4351 2386 4404 certi
2421 4347 2678 4416 temporis
2709 4361 2772 4400 ac
2821 4359 3067 4414 personae
3131 4344 3338 4399 ratione
3376 4344 3473 4398 ba-

230 4437 472 4506 βλέπειν,
503 4439 537 4510 ῆ
572 4441 711 4512 πρὸς
755 4443 908 4496 τόνδε
941 4441 1388 4511 διαγωνίζεσθαι·
1430 4442 1654 4516 ἀθλήσει
1696 4442 1805 4515 γὰρ

230 4532 365 4594 ἴσως
401 4533 549 4595 ποτὲ,
586 4533 679 4586 καὶ
703 4533 913 4603 ὄψεται,
942 4536 1037 4589 καὶ
1075 4535 1440 4604 διαγωνιεῖται
1469 4534 1605 4604 πρὸς
1633 4535 1804 4601 τόνδε,

230 4622 337 4676 κᾶν
361 4622 497 4695 πρὸς
519 4625 705 4694 ἕτερον
735 4626 1010 4690 ἀδυνάτως
1037 4626 1157 4699 ἔχη.
1188 4628 1260 4680 Τὸ
1288 4627 1364 4693 δέ,
1401 4626 1476 4689 ὼς
1516 4628 1606 4679 ἐπὶ
1652 4624 1805 4679 πλεῖ-

230 4732 382 4782 στον,
414 4716 490 4779 ὡς
514 4717 604 4770 τόδ
651 4720 733 4773 Οὐ
757 4719 1006 4774 δύναται
1040 4721 1217 4787 πόλις
1250 4718 1539 4788 κρυϐῆναι
1561 4717 1654 4772 ἐπ’
1686 4717 1807 4771 ἄνω

229 4806 413 4875 ὄρους
440 4808 704 4878 κειμένη.
734 4811 889 4881 Τάχα
912 4811 1019 4883 γὰρ
1051 4811 1116 4865 ἂν
1144 4811 1238 4865 καὶ⁵
1259 4810 1523 4882 κρυφθείη
1556 4827 1660 4875 τις,
1691 4813 1807 4864 ἐπι-

1906 4436 2016 4493 bita
2044 4455 2056 4490 :
2095 4436 2327 4507 utquod
2361 4450 2493 4505 puer
2538 4433 2735 4489 luctari
2767 4448 2873 4488 non
2906 4435 3094 4503 possit,
3142 4442 3235 4488 aut
3265 4433 3474 4488 catulus

1905 4544 2157 4595 cernere,
2192 4540 2430 4583 autcum
2452 4527 2633 4597 aliquo
2665 4527 2959 4582 dimicare:
3007 4525 3301 4581 luctabitur
3328 4525 3470 4581 enim

1904 4621 2140 4676 fortasse
2169 4619 2479 4689 aliquando,
2518 4628 2576 4673 et
2606 4629 2812 4687 cernet,
2852 4627 3059 4673 etcum
3100 4618 3202 4673 hoc
3242 4617 3471 4672 dimica-

1906 4714 2009 4777 bit,
2044 4712 2259 4767 etiarnsi
2299 4726 2419 4765 cum
2475 4709 2649 4764 altero
2681 4719 2934 4779 nequeat.
2985 4706 3259 4764 Interdum
3310 4709 3375 4766 de
3407 4721 3474 4763 eo

1907 4807 2126 4868 dicitur,
2150 4803 2292 4872 quod
2332 4814 2709 4872 smpenumero
2732 4801 3015 4870 contingit,
3054 4809 3114 4853 ut
3156 4798 3312 4854 illud:
3347 4794 3474 4851 Non

300 4922 345 4952 ¹⁷
371 4920 565 4989 Ephes.
593 4939 634 4988 I,
664 4922 752 4978 17.
824 4908 873 4956 λθ
903 4922 1118 4988 Joau.v,
1153 4922 1243 4977 9.6.
1324 4923 1365 4954 ¹⁹
1407 4924 1535 4977 ibid.
1567 4922 1655 4975 27.
1735 4923 1800 4974 ὀλ

1907 4921 1938 4974 l.
1979 4934 2041 4981 ll,
2074 4916 2127 4973 8.
2204 4919 2249 4949 ¹¹
2275 4916 2427 4972 Joau.
2456 4929 2591 4981 xvii,
2614 4914 2669 4970 2.
2744 4915 2970 4985 “Apoc.
2996 4931 3047 4981 ν,
3082 4915 3168 4969 η.
3244 4915 3291 4947 ⁸³
3313 4912 3470 4970 Joan.

225 5007 285 5057 ν,
333 4990 426 5045 25.

301 5082 418 5153 (97)
446 5081 724 5153 Τοσοῦτρ.
766 5081 899 5137 Tres
920 5081 1084 5153 Begg.
1108 5080 1380 5135 τοσοῦτον.

304 5151 420 5221 (98)
444 5151 625 5221 Οὕτω.
659 5151 789 5221 Reg.
820 5153 929 5214 bm,
946 5151 1138 5216 οὕτως.

303 5220 420 5304 (99)
447 5220 691 5304 Μεὶςων.
724 5222 838 5276 Duo
879 5221 1043 5293 ltegg.
1078 5221 1281 5293 μεῖζον.
1325 5220 1417 5277 Sic
1442 5221 1605 5274 etiam
1641 5221 1692 5275 iu
1722 5234 1808 5274 sc-

227 5291 420 5363 qucnti
452 5291 672 5363 μείζωνἒ

301 5362 384 5433 (1)
445 5357 590 5416 Οὖν.
655 5360 789 5431 Reg.
851 5360 939 5414 bm
971 5401 988 5428 ,
1039 5360 1205 5418 Coisl.
1258 5359 1326 5428 l,
1382 5368 1514 5427 etc.,
1587 5360 1806 5424 addunt,

424 5501 549 5556 Ἐπ’
575 5499 819 5573 ἀμφοῒγ.
855 5519 874 5552 ι
908 5499 982 5554 De
1005 5508 1256 5573 utroque,
1300 5518 1318 5552 ι
1348 5499 1399 5555 id
1424 5510 1530 5573 est,
1565 5499 1631 5554 de
1678 5498 1810 5555 \‘er-

229 5571 321 5635 bo,
361 5583 624 5639 quatenus
651 5579 733 5626 est
768 5571 926 5633 Deus,
946 5571 1026 5624 vel
1055 5578 1317 5638 quatenus
1338 5578 1425 5639 est
1449 5571 1629 5626 homo.

303 5640 720 5765 'eo‘meedg.
775 5640 981 5695 Deestb
1027 5639 1081 5694 in
1142 5650 1373 5709 quatuor
1404 5638 1599 5709 Regg.,
1637 5641 1806 5695 tribus

232 5711 747 5850 Ουέῗίίξιωςὲύσεις.
778 5778 867 5837 Sic
903 5788 1012 5836 tres
1039 5777 1206 5853 Regg.
1226 5779 1383 5835 Deest
1412 5778 1469 5834 αἱ
1495 5778 1547 5833 in
1577 5779 1662 5834 ed.

1975 5082 2053 5151 (5)
2071 5082 2202 5135 Ἕν.
2221 5080 2363 5151 Βίης
2394 5098 2413 5131 ι
2444 5093 2726 5151 personam
2750 5092 2930 5133 unam.
2959 5095 2978 5129 ι

1972 5148 2051 5221 (6)
2081 5152 2280 5206 Τοῦτο.
2304 5148 2759 5221 *ϐοηιὸη-ταῦτα.
2828 5218 2858 5221 ν
3114 5214 3119 5219 ,

1975 5217 2052 5293 (7)
2079 5222 2273 5288 Δοίης.
2302 5219 2431 5293 Reg.
2458 5222 2513 5281 Ι),
2539 5217 2703 5293 δῴῃς,
2729 5236 2748 5270 ι
2776 5218 3045 5293 tribuas.)

1977 5285 2563 5414 (smtmadpx'ma.
2584 5285 2752 5370 'Billa
2789 5305 2808 5339 ι
2845 5287 2947 5356 ipsi
2977 5286 3135 5369 sim-ul
3160 5301 3281 5373 cum
3314 5285 3479 5340 Patre

2002 5369 2196 5414 ueriut.
2234 5379 2253 5410 ›
2289 5360 2404 5413 Non
2440 5367 2583 5413 recte
2609 5359 2858 5414 quidem:
2887 5373 3005 5411 cum
3036 5358 3124 5411 hic
3147 5356 3270 5412 l'ilti
3297 5358 3468 5414 dotes.

1907 5363 2196 5417 adfuerint.
2234 5379 2253 5410 ι
2289 5363 2404 5413 Non
2440 5367 2583 5413 recte
2609 5363 2858 5427 quidem;
2887 5373 3005 5411 cum
3037 5363 3124 5411 hic
3147 5363 3270 5412 Filii
3297 5363 3468 5424 dotes,

1911 5446 2014 5485 uou
2049 5446 2168 5486 cum
2211 5429 2405 5493 Patris,
2438 5430 2528 5482 sed
2556 5442 2680 5497 cum
2712 5428 2938 5497 ipsumet
2976 5425 3099 5481 Filii
3137 5427 3472 5497 exsistentia,

1915 5512 2042 5581 sunt
2078 5500 2479 5581 componendae.
2529 5496 2697 5553 Filius
2733 5494 2908 5579 enim,
2937 5511 3046 5553 non
3092 5498 3276 5581 gratia:
3308 5494 3469 5578 dono,

1916 5573 2007 5626 sed
2046 5588 2074 5624 a
2108 5572 2413 5631 nativitate,
2450 5572 2670 5637 ipsaque
2709 5572 2759 5622 vi
2810 5578 3034 5634 uaturte,
3069 5572 3209 5638 quod
3258 5572 3473 5636 genitus

1914 5647 2005 5704 sit,
2026 5658 2056 5695 a
2088 5640 2243 5694 Patre
2267 5639 2492 5706 accepit.

1985 5712 2059 5782 (9)
2085 5708 2302 5778 Μηδέν.
2322 5707 2450 5777 Reg.
2471 5724 2521 5775 ιι,
2546 5706 2696 5764 οὐδέν
