3890 6214
420 297 523 353 H5

1586 302 1643 358 S.
1685 305 2021 363 GREGOPJI
2061 308 2408 366 THEOLOGI

3574 308 3679 362 liG

414 423 586 484 potest
614 416 799 472 civitas
828 418 1079 474 abscondi
1104 436 1263 489 supra
1292 431 1518 477 montem
1551 424 1722 492 posita
1752 424 1822 481 “.
1840 425 1987 480 Fieri
2014 462 2027 488 Α

2128 426 2452 499 ιροσθοῦντος
2488 426 2750 497 μείζονος.
2784 424 2856 478 Τὸ
2879 424 2955 490 δὲ,
2981 423 3055 488 ὡς
3088 424 3186 477 οὐκ
3215 421 3456 490 εὔλογον,
3485 421 3562 486 ὡς
3591 422 3654 474 τό

420 507 563 562 enim
600 517 797 577 potest,
825 520 882 563 ιιι
909 513 1158 579 quaedam
1200 514 1400 567 civitas
1437 514 1803 569 abscondatur
1826 557 1847 583 ,
1872 532 1988 570 ma-

416 599 523 668 jori
552 600 806 656 nimirum
843 602 1024 673 aliquo
1076 614 1257 659 monte
1303 607 1470 673 Ipsius
1516 615 1798 677 aspectum
1824 608 1990 678 impe-

421 690 620 745 diente.
645 690 986 761 fmpossibile
1010 695 1174 749 etiam
1220 695 1438 760 dicitur,
1497 699 1639 766 quod
1672 698 1896 757 minime
1916 713 1991 752 a2-

421 796 588 850 quum
619 790 724 850 est,
749 785 1055 854 rationique
1089 798 1546 853 consentaneum;
1589 790 1744 858 cujus
1778 790 1992 858 generis

424 882 511 930 est
542 874 704 930 illud:
740 876 863 931 Non
884 889 1097 945 possunt
1127 879 1229 946 ﬁlii
1254 881 1432 947 sponsi
1447 880 1714 948 jejtmare,
1759 881 1994 950 quandiu

422 983 651 1034 prtesens
698 976 774 1022 est
825 985 1052 1036 sponsus
1071 970 1157 1035 ²⁸’;
1208 972 1322 1023 sive
1374 984 1496 1024 eum
1563 970 1851 1038 intelligas,
1899 971 1993 1041 qui

424 1058 704 1128 corporeis
741 1060 917 1116 oculis
960 1062 1202 1116 cernitur
1231 1062 1428 1133 (neque
1465 1064 1607 1116 enim
1635 1077 1888 1118 :erumna:
1917 1072 1999 1115 at-

428 1164 538 1219 que
571 1147 878 1206 amictionis
911 1160 1122 1220 tempus
1155 1161 1273 1206 erat
1298 1152 1424 1205 illud
1455 1161 1685 1222 tempus,
1710 1166 1819 1221 quo
1839 1151 2000 1205 Chri-

429 1251 547 1296 stus
568 1255 689 1296 cum
715 1242 994 1311 discipulis
1036 1244 1402 1313 versabatur),
1461 1245 1575 1297 sive
1597 1259 1720 1299 eum
1757 1252 1817 1297 ut
1861 1241 1998 1297 Ver-

428 1332 557 1386 bum
580 1342 792 1404 spectes
817 1354 829 1388 :
861 1334 988 1403 quid
1010 1334 1159 1388 enim
1184 1349 1280 1389 eos
1300 1348 1562 1402 corporeo
1580 1334 1739 1387 modo
1753 1335 2003 1403 jejunare

432 1440 659 1481 necesse
690 1436 793 1490 est,
834 1427 927 1497 qui
953 1442 983 1480 a
1009 1425 1189 1481 Verbo
1221 1425 1553 1495 purgantur?
1587 1424 1789 1493 Quarta
1838 1424 2003 1494 signi—

432 1518 689 1575 ﬁcatione
713 1519 815 1575 hoc
846 1518 962 1573 ﬁeri
998 1534 1102 1572 non
1141 1532 1300 1588 posse
1330 1517 1551 1581 dicitur,
1602 1532 1629 1569 a
1677 1532 1786 1583 quo
1821 1527 2005 1570 nostra

432 1612 687 1666 voluntas
711 1612 1001 1674 abhorret;
1032 1610 1333 1678 cuiusmodi
1352 1618 1435 1664 est
1457 1609 1623 1663 illud:
1653 1607 1779 1663 Non
1802 1619 2008 1676 poterat

2086 522 2169 572 Οὐ
2219 518 2506 573 δύνανται
2554 521 2608 572 οἱ
2650 518 2768 573 υίολ
2808 516 2915 571 τοῦ
2955 515 3277 585 νυμφῶνος
3325 515 3675 582 νηστεύειν,

2091 608 2182 677 ἐφ’
2222 608 2372 662 ὅσον
2415 607 2673 676 ἔνδημος
2715 610 2748 660 ό
2793 606 3085 675 νυμφίος·
3116 604 3225 656 είτε
3275 606 3305 655 ό
3348 600 3680 672 σωματικῶς

2094 699 2368 771 ὁρώμενος
2385 700 2467 770 (οὐ
2488 699 2597 770 γὰρ
2622 697 3011 760 κακοπαθείας,
3045 697 3160 750 ἀλλ’
3187 694 3526 767 εὐφροσύνης
3553 710 3683 746 και-

2100 793 2192 863 ρὸς
2216 793 2245 842 ὁ
2270 790 2373 859 τῆς
2415 790 2759 860 ἐπιδημίας),
2807 791 2915 842 εἴτε
2950 789 3026 853 ὡς
3068 791 3098 842 ό
3140 790 3311 856 Λόγος
3351 786 3679 856 νοούμενος⁹

2096 883 2149 935 τί
2182 880 2291 952 γὰρ
2326 880 2407 933 δεῖ
2445 878 2725 950 νηστεύειν
2767 877 3094 948 σωματικῶς
3138 878 3264 940 τοὺς
3294 876 3454 946 Λόγῳ
3481 873 3682 928 γαθαι-

2104 974 2361 1045 ρόμενους
2384 970 2529 1043 (“10);
2560 971 2632 1024 Τὸ
2654 971 2732 1035 δὲ,
2766 971 2841 1033 ὡς
2876 970 3195 1041 ἀϐούλητον,
3229 968 3306 1032 ὡς
3342 968 3426 1030 τὸ,
3449 967 3545 1033 Μὴ
3575 966 3684 1020 δύ·
3794 1013 3800 1017 .

2101 1068 2318 1120 νασθαι
2340 1065 2466 1119 ἐκεῖ
2479 1064 2698 1134 σημεῖα
2716 1062 2983 1133 ποιῆσαι,
3003 1063 3101 1117 διὰ
3123 1062 3237 1130 τὴν
3257 1062 3544 1116 ἀπιστίαν
3560 1059 3688 1114 τῶν

2101 1156 2457 1226 δεχομένων·
2474 1156 2660 1228 ἐπειδὴ
2676 1156 2786 1227 γὰρ
2804 1154 2899 1209 τοῦ
2926 1155 3335 1226 συναμφοτέρου
3361 1152 3518 1225 χρεία
3544 1154 3688 1224 πρὸς

2103 1249 2200 1312 τὰς
2232 1248 2424 1312 ἰάσεις,
2448 1249 2543 1303 καὶ
2565 1249 2664 1319 τῆς
2685 1249 2793 1301 τῶν
2814 1246 3267 1318 θεραπευομένων
3300 1245 3557 1308 πίστεως,
3585 1246 3690 1297 καὶ

2105 1342 2204 1410 τῆς
2231 1340 2326 1393 τοῦ
2357 1339 2693 1413 θεραπευτοῦ
2711 1340 2823 1411 (Η)
2855 1339 3157 1410 δυνάμεως,
3199 1337 3300 1390 οὐκ
3328 1336 3599 1406 ἐνεδέχετο
3624 1336 3690 1389 τὸ

2107 1432 2291 1502 ἓτερον
2316 1432 2413 1484 τοῦ
2438 1431 2670 1500 συζύγου
2716 1430 3071 1494 ἐλλείποντος.
3099 1431 3210 1483 Οὐκ
3257 1426 3367 1482 οἶδα
3390 1428 3499 1501 (ίῖ)
3525 1429 3607 1491 δὲ,
3640 1430 3690 1481 εξ

2112 1522 2185 1593 μὴ
2220 1523 2315 1576 καὶ
2345 1522 2502 1575 τοῦτο
2530 1523 2607 1594 τῷ
2662 1522 2866 1593 εὐλόγῳ
2909 1520 3262 1594 προσθετέον⁸
3299 1522 3358 1575 οὐ
3393 1520 3499 1593 γὰρ
3529 1519 3690 1572 εὔλο-

2110 1628 2206 1680 γος
2255 1612 2397 1675 ἴασις
2436 1615 2553 1675 τοῖς
2606 1611 3024 1683 βλαϐησομένοις
3070 1611 3128 1677 ἐξ
3174 1611 3449 1674 ἀπιστίας.
3494 1609 3603 1663 Τοῦ
3632 1609 3690 1662 δὲ

434 1702 547 1755 illic
575 1703 727 1773 signa
748 1701 920 1771 facere
939 1709 1150 1770 propter
1165 1700 1584 1754 incredulitatem
1610 1716 1789 1754 eorum
1824 1702 1892 1766 '°,
1916 1703 2004 1770 qui

2128 1704 2276 1757 ιὺτοῦ
2314 1704 2494 1772 λόγου,
2525 1705 2619 1757 καὶ
2649 1705 2710 1757 τό
2731 1722 2746 1736 ο
2781 1706 2865 1758 Οὐ
2893 1704 3141 1758 δύναται
3176 1706 3209 1756 ό
3232 1704 3459 1771 κόσμος
3482 1700 3692 1771 μισεῖν

436 1808 501 1848 ea
526 1794 905 1861 excipiebant:
957 1792 1220 1862 quoniam
1271 1793 1415 1846 enim
1465 1793 1530 1846 ad
1566 1793 1872 1846 morborum
1908 1794 2005 1847 de—

2128 1793 2260 1864 ὓμᾶς
2286 1811 2300 1828 ο
2344 1770 2460 1855 καὶ,
2485 1794 2616 1859 Πῶς
2662 1794 2926 1848 δύνασθε
2958 1792 3155 1862 ἀγαθὰ
3178 1770 3410 1853 λαλεῖν,
3437 1770 3688 1858 πονηροὶ

440 1885 717 1954 pulsiones
744 1894 1033 1963 utrumque
1061 1888 1583 1959 accederenecesse
1604 1891 1715 1948 est,
1749 1898 1941 1954 nempe
1954 1893 2013 1938 ut

439 1984 496 2031 et
511 1977 696 2048 aegroti
727 1975 907 2045 fidem,
934 1986 987 2032 et
1012 1976 1204 2031 medici
1231 1977 1339 2030 vim
1364 1987 1418 2031 et
1437 1975 1743 2029 facultatem
1769 1976 2014 2030 medendi

442 2056 926 2132 aﬂ'erant,idcirco
958 2068 1208 2135 alterum,
1235 2070 1520 2125 deﬁciente
1560 2069 1751 2133 altero,
1796 2067 2016 2121 minime

444 2160 816 2230 contingebat.
837 2158 991 2214 Haud
1022 2162 1135 2215 scio
1170 2173 1370 2225 autem,
1428 2175 1492 2214 au
1536 2161 1636 2215 hoc
1662 2173 1882 2229 quoque
1910 2173 2014 2211 non

445 2252 847 2322 adjungendum
870 2251 962 2315 sit,
991 2251 1057 2306 ad
1086 2252 1140 2307 id
1168 2254 1309 2322 quod
1364 2251 1559 2305 rationi
1590 2258 2015 2305 consentaneum

444 2354 531 2399 est
555 2362 569 2397 :
602 2357 778 2414 neque
801 2343 947 2397 enim
970 2344 1039 2397 iis
1069 2343 1393 2397 medicinam
1421 2342 1614 2397 afferre
1641 2341 2018 2401 conveniebat.

2108 1888 2315 1951 ortae;
2342 1887 2464 1951 Πῶς
2493 1886 2611 1958 γὰρ»
2627 1887 2889 1940 ἀδύνατόν
2920 1903 2971 1939 τι
3000 1885 3225 1947 τούτων,
3258 1884 3291 1954 ἢ
3334 1884 3420 1936 ὅτι
3451 1882 3690 1951 ἀϐούλη-

2108 1996 2231 2044 τον;
2264 1979 2417 2031 Ἔστι
2457 1978 2514 2031 δέ
2550 1995 2603 2030 τι
2641 1979 2736 2031 καὶ
2767 1975 3006 2030 τοιοῦτον
3041 1976 3098 2026 ἐν
3140 1976 3252 2037 τοῖς
3278 1972 3616 2043 λεγομένοις,
3664 1972 3694 2025 ὅ

2111 2073 2174 2141 τῇ
2204 2070 2316 2139 (15)
2351 2069 2511 2138 φύσει
2546 2070 2649 2136 μὲν
2679 2069 2958 2131 ἀδύνατον,
2988 2067 3108 2137 Θεῷ
3136 2066 3193 2119 δὲ
3228 2065 3452 2119 δυνατὸν
3498 2063 3682 2134 βουλη-

2112 2161 2277 2229 θέντι,
2312 2160 2387 2224 ὡς
2422 2162 2505 2223 τὸ,
2543 2162 2616 2232 μὴ
2638 2158 2899 2214 δύνασθαι
2925 2159 3016 2211 τὸν
3032 2158 3195 2211 αὐτὸν
3223 2155 3550 2228 γεννηθῆναι
3576 2154 3699 2208 δεύ-

2112 2267 2289 2322 τερον,
2336 2252 2430 2304 καὶ
2480 2253 2643 2322 ῥαφὶς
2670 2252 2771 2304 οὐκ
2801 2249 3150 2321 είσδεχομένη
3177 2246 3423 2318 κάμηλον
3443 2262 3456 2275 ’
3496 2246 3551 2299 τί
3587 2245 3701 2319 γὰρ

2122 2340 2187 2395 ἂν
2226 2342 2320 2395 καὶ
2366 2342 2630 2396 κωλύσειε
2657 2342 2912 2411 γενέσθαι
2951 2339 3142 2403 ταῦτα,
3177 2339 3313 2392 Θεοῦ
3339 2339 3696 2410 θελήσαντοςς

446 2440 646 2511 quibus
686 2438 1038 2495 incredulitas
1071 2437 1448 2492 detrimentum
1493 2436 1717 2490 allatura
1739 2444 1879 2490 erat.
1943 2434 2062 2501 Quo
2099 2436 2262 2491 etiam
2325 2436 2378 2489 in
2414 2438 2602 2489 ordine
2646 2436 2949 2503 ponendum
2996 2442 3079 2489 est
3116 2432 3301 2487 illud:
3347 2430 3470 2486 Non
3530 2443 3700 2502 potest

446 2534 675 2589 mundus
705 2534 877 2588 odisse
903 2550 991 2588 vos
1037 2534 1081 2564 ³⁷
1107 2550 1122 2597 ;
1150 2541 1243 2598 et,
1298 2531 1571 2597 Quomodo
1617 2532 1829 2598 potestis
1884 2533 2021 2584 bona
2058 2530 2219 2601 loqui.
2244 2547 2363 2584 cum
2389 2531 2505 2585 sitis
2531 2532 2661 2585 mali
2691 2531 2777 2583 "3
2841 2532 2960 2597 Quo
2994 2531 3137 2585 enim
3183 2537 3342 2601 pacto
3406 2526 3700 2597 quidquam

448 2627 642 2683 borum
695 2626 1028 2694 impossibile
1087 2636 1188 2691 est,
1252 2624 1356 2679 nisi
1418 2625 1544 2692 quia
1605 2623 1854 2677 voluntas
1914 2624 2216 2694 repugnat?
2279 2622 2396 2676 Jam
2425 2623 2551 2678 illud
2596 2638 2809 2693 quoque
2863 2622 3194 2693 impossibile
3264 2620 3490 2682 dicitur,
3558 2616 3704 2687 quod

453 2731 647 2791 natura
681 2719 897 2789 quidem
929 2716 1261 2788 impossibile
1288 2725 1393 2778 est,
1449 2717 1557 2770 Deo
1605 2723 1784 2768 autem
1818 2715 2018 2768 volenti
2060 2715 2477 2784 possibile;quo
2501 2716 2553 2769 in
2585 2731 2783 2787 genere
2850 2724 2932 2770 est
2989 2714 3120 2769 illud
3150 2730 3165 2745 ⁸
3214 2714 3472 2768 Eumdem
3528 2712 3713 2768 homiv

451 2827 576 2867 nem
608 2811 694 2867 bis
720 2812 867 2866 nasci
906 2826 1011 2864 non
1048 2824 1205 2879 posse
1240 2809 1310 2876 ι’,
1355 2822 1453 2862 nec
1488 2823 1586 2861 acu
1635 2806 1898 2861 camelum
1928 2807 2140 2862 admitti
2169 2809 2214 2842 ⁸ο
2248 2827 2263 2865 :
2295 2810 2422 2879 quid
2483 2810 2626 2864 enim
2692 2808 2974 2877 prohibeat
3032 2807 3323 2878 quominus
3388 2807 3503 2861 haec
3550 2805 3707 2870 flant,

453 2907 498 2963 si
535 2906 631 2961 Dei
667 2904 920 2959 voluntas
949 2905 1020 2955 ita
1055 2902 1279 2957 tulerit?

530 2996 621 3052 XI.
646 2996 851 3052 Praeter
874 2997 973 3050 hos
1007 3009 1200 3049 omnes
1226 2994 1413 3049 modos
1447 2992 1779 3061 impossibile
1827 2993 2020 3049 dicitur

2195 2996 2298 3048 IA'.
2328 2992 2543 3046 Τούτων
2572 2992 2629 3045 δὲ
2652 2990 2868 3044 πάντων
2901 2988 3077 3053 ἐκτὸς,
3109 2987 3169 3040 τὸ
3192 2985 3473 3048 παντελῶς
3506 2982 3711 3038 ἀδύνα-

455 3091 598 3163 quod
625 3089 767 3144 nulla
818 3088 1039 3144 omnino
1087 3087 1297 3141 ratione
1346 3084 1463 3140 lleri
1521 3093 1735 3155 potest,
1799 3086 2027 3156 utquod

461 3195 621 3241 nunc,
640 3178 997 3249 exquirimus.
1044 3176 1114 3233 Ut
1141 3176 1283 3232 enim
1310 3175 1641 3245 impossibile
1656 3191 1778 3232 esse
1804 3177 2035 3232 dicimus

458 3275 627 3329 Deum
684 3272 886 3327 malum
950 3285 1091 3335 esse,
1154 3279 1247 3324 aut
1294 3270 1517 3323 omnino
1580 3285 1686 3325 non
1739 3285 1859 3325 esse
1912 3271 2036 3342 (hoc

461 3367 605 3420 enim
669 3364 760 3417 Dei
826 3362 1194 3429 impotentiam
1253 3360 1431 3429 potius
1509 3369 1671 3428 atque
1756 3360 2038 3416 imbecilli—

464 3468 668 3521 tatem,
719 3470 880 3525 qttam
936 3455 1230 3524 potentiam
1277 3453 1595 3524 arguerit);
1678 3462 1769 3506 aut
1819 3463 1880 3506 ut
1942 3454 2037 3516 sit,

462 3552 605 3617 quod
654 3565 758 3602 non
810 3557 915 3610 est,
964 3556 1146 3602 autut
1199 3547 1283 3601 bis
1333 3548 1440 3601 duo
1494 3546 1654 3599 simul
1710 3557 1765 3601 et
1807 3555 2041 3614 quatuor

464 3642 624 3715 547
655 3643 765 3695 sint
791 3650 845 3695 et
866 3643 1086 3695 decem:
1117 3640 1190 3694 ita
1223 3655 1323 3695 nec
1355 3639 1468 3693 lierl
1513 3639 1622 3691 ttllo
1655 3639 1811 3692 modo
1844 3648 2037 3706 potest,

468 3745 526 3788 ut
548 3733 717 3788 Filius
741 3733 943 3800 aliquid
981 3730 1169 3797 faciat,
1211 3732 1352 3799 quod
1381 3731 1542 3785 Pater
1573 3745 1678 3784 non
1704 3728 1887 3784 faciat.
1916 3729 2044 3783 0m-

467 3831 558 3881 m‘a
588 3828 728 3882 enim
774 3843 891 3892 qua:
929 3824 1090 3879 Pater
1133 3824 1304 3888 habet,
1346 3837 1466 3877 sunt
1516 3821 1644 3876 Filii
1673 3823 1715 3853 ³¹
1743 3839 1756 3875 :
1788 3822 2044 3891 quemad-

465 3918 686 3973 modum
718 3933 908 3972 rursus
938 3918 1141 3981 omnia,
1167 3930 1285 3983 qua:
1307 3915 1498 3979 Filius,
1529 3912 1728 3969 Patris.
1758 3912 2045 3984 Nihilergo

467 4011 757 4079 peculiare,
790 4011 915 4080 quia
969 4007 1275 4064 communia
1334 4008 1553 4069 omnia,
1608 4005 2042 4075 quandoquidem

468 4106 646 4172 ipsum
675 4116 890 4172 quoque
912 4115 1055 4161 esse,
1086 4114 1370 4154 commune
1409 4107 1572 4166 atque
1601 4096 1806 4165 aequale
1830 4107 1907 4152 est
1944 4096 2045 4166 ipsi

470 4211 592 4249 cum
630 4195 810 4255 Patre,
850 4194 976 4248 licet
1003 4192 1203 4261 alioqui
1242 4192 1342 4246 hoc
1380 4205 1408 4242 a
1445 4190 1604 4243 Patre
1642 4188 1808 4242 Filius
1826 4189 2043 4245 haheat.

472 4289 590 4355 Quo
614 4288 779 4342 etiam
809 4302 968 4342 sensu
997 4286 1201 4339 dictum
1231 4292 1340 4337 est:
1378 4282 1487 4353 Ego
1538 4282 1647 4336 vivo
1682 4292 1897 4350 propter
1933 4284 2047 4336 Pa-

473 4392 604 4434 trem
635 4381 838 4446 ”;nou
868 4377 1008 4448 quod
1041 4378 1109 4430 ab
1142 4376 1229 4429 illo
1253 4375 1420 4444 ipsius
1477 4376 1585 4429 vita
1624 4384 1788 4444 atque
1810 4375 2046 4429 essentia

473 4473 826 4533 sustineatur,
860 4486 1045 4526 verum
1071 4470 1213 4538 quod
1243 4484 1309 4524 ex
1340 4468 1431 4522 illo
1455 4468 1588 4522 citra
1637 4476 1849 4533 tempus
1880 4466 2047 4519 ultum

2124 3106 2227 3142 ·τον
2254 3088 2348 3141 καὶ
2378 3084 2745 3143 ἀνεπίδεκτον,
2772 3083 2849 3146 ὡς
2894 3081 2923 3135 ὃ
2954 3081 3047 3135 νῦν
3084 3079 3432 3148 ἐξετάζομεν.
3485 3075 3573 3139 Ὠς
3599 3076 3709 3147 γὰρ

2136 3180 2396 3235 ἀδύνατον
2444 3173 2583 3231 εἶναι
2614 3176 2865 3246 λέγομεν,
2909 3173 3145 3245 πονηρὸν
3193 3165 3332 3223 εἶναι
3372 3167 3525 3230 Θεὸν,
3562 3166 3596 3237 ἢ
3637 3168 3710 3237 μὴ

2137 3268 2274 3324 εἶναι
2297 3287 2311 3300 ·
2343 3269 2499 3323 τοῦτο
2517 3268 2626 3339 γὰρ
2652 3266 2950 3336 ἀδυναμίας
2976 3264 3041 3317 ἂν
3065 3262 3150 3334 εἴη
3180 3261 3376 3333 μᾶλλον
3392 3258 3551 3322 Θεοῦ,
3569 3258 3712 3328 ἥπερ

2136 3361 2416 3432 δυνάμεως
2525 3359 2584 3411 τὸ
2610 3358 2684 3430 μὴ
2706 3357 2766 3411 ὂν
2786 3352 2946 3418 εἶναι,
2975 3356 3009 3427 ἢ
3039 3355 3107 3408 τὰ
3131 3355 3213 3417 δὶς
3235 3352 3327 3406 δύο
3354 3352 3447 3405 καὶ
3470 3344 3715 3421 τέσσαρα

2139 3447 2275 3504 εἶναι
2302 3451 2396 3504 καὶ
2422 3448 2682 3519 δέκα(Η)
2703 3466 2718 3480 ο
2752 3446 2924 3510 οὕτως
2958 3444 3216 3499 ἀδύνατον
3258 3444 3353 3496 καὶ
3394 3439 3716 3511 ἁνεγχώρη-

2138 3562 2230 3599 τον
2265 3548 2437 3598 ποιεῖν
2468 3562 2519 3597 τι
2552 3542 2642 3595 τὸν
2670 3540 2817 3604 Υίὸν,
2846 3533 2922 3593 ὧν
2945 3540 3005 3591 οὐ
3042 3539 3184 3590 ποιεῖ
3213 3539 3242 3590 ό
3269 3536 3479 3606 Πατήρ.
3512 3533 3717 3587 Πάντα

2140 3638 2250 3707 γὰρ
2279 3637 2395 3690 ὅσα
2415 3636 2537 3705 ἔχει
2557 3638 2589 3687 ό
2610 3633 2828 3702 Πατὴρ,
2862 3632 2969 3686 τοῦ
3003 3629 3149 3701 Υἱοῦ.
3159 3628 3357 3681 ἐστιν’
3390 3627 3463 3689 ὡς
3480 3624 3718 3696 ἔμπαλιν

2140 3730 2210 3782 τὰ
2237 3728 2330 3782 τοῦ
2364 3727 2512 3790 Υἱοῦ,
2540 3725 2634 3780 τοῦ
2665 3724 2897 3799 Πατρός.
2925 3723 3090 3777 Οὐδὲν
3120 3716 3211 3775 οὖν
3242 3720 3392 3783 ίδιον,
3419 3719 3501 3772 ὅτι
3529 3718 3689 3772 κοινά

2146 3820 2270 3873 ἐπεὶ
2292 3822 2387 3872 καὶ
2413 3819 2545 3872 αὐτὸ
2586 3819 2646 3871 τὸ
2686 3813 2822 3870 εἶναι
2855 3816 3030 3869 κοινὸν
3078 3815 3171 3869 καὶ
3218 3813 3502 3883 ὁμότιμον,
3533 3811 3583 3863 εί
3625 3809 3720 3863 καὶ

2144 3912 2222 3981 τῷ
2249 3912 2365 3982 Υἱῷ
2410 3912 2560 3983 παρὰ
2604 3910 2696 3963 τοῦ
2741 3909 2972 3980 Πατρός.
3014 3908 3152 3960 Καθ’
3184 3905 3212 3959 ὃ
3254 3905 3345 3958 καὶ
3378 3904 3596 3972 λέγεται
3624 3920 3722 3957 και

2144 4005 2205 4057 τό
2229 4023 2241 4036 ·
2286 4002 2432 4073 Ἐγὼ
2459 4002 2529 4063 ζῶ
2551 4001 2647 4056 διὰ
2666 4001 2772 4054 τὸν
2796 3999 3026 4069 Πατέρα
3045 4018 3057 4029 ·
3111 3999 3211 4068 οὐχ
3242 3997 3316 4059 ὡς
3343 3994 3551 4048 ἐκεῖθεν
3572 3995 3721 4065 αὐτῷ

2146 4096 2239 4150 τοῦ
2265 4095 2386 4166 ζῇν,
2426 4094 2520 4147 καὶ
2554 4092 2649 4146 τοῦ
2684 4088 2821 4145 εἶναι
2858 4090 3234 4161 συνεχομένου,
3276 4088 3389 4141 ἀλλ’
3414 4087 3489 4150 ὡς
3513 4085 3723 4140 ἐκεῖθεν

2149 4189 2485 4260 ὑπάρχοντος
2536 4185 2779 4257 ἀχρόνως
2826 4185 2920 4238 καὶ
2966 4181 3238 4245 ἀναιτίως.
3292 4179 3486 4232 Βλέπει
3529 4177 3587 4229 δὲ
3631 4176 3723 4229 τὸν

2150 4282 2370 4354 Πατέρα
2406 4279 2678 4343 ποιοῦντα,
2719 4278 2851 4342 πῶς,
2876 4276 2972 4329 καλ⁸
3019 4274 3160 4328 οῦτω
3204 4275 3374 4337 ποιεῖ;
3427 4267 3535 4342 ἆρα
3574 4269 3651 4332 ὼς
3675 4271 3724 4321 οἱ

2148 4371 2248 4433 τὰς
2278 4369 2491 4441 μορφὰς
2511 4368 2831 4439 γράφοντες,
2864 4367 2960 4419 καὶ
2986 4364 3055 4416 τὰ
3086 4364 3406 4436 γράμματα,
3444 4360 3531 4413 διὰ
3556 4359 3617 4411 τὸ
3650 4359 3725 4429 μὴ

2154 4460 2293 4518 εἶναι
2346 4464 2441 4534 τῆς
2483 4463 2737 4534 ἀληθείας
2780 4459 2953 4521 ἄλλως
3004 4457 3300 4526 ἐπιτυχεῖν,
3351 4455 3399 4506 εἱ
3461 4452 3536 4522 μὴ
3590 4450 3727 4522 πρὸς

473 4575 636 4634 atque
663 4577 885 4620 causam
946 4563 1194 4617 exsistat.
1256 4560 1360 4616 Sed
1393 4560 1663 4630 quomodo
1723 4557 1851 4611 illud
1906 4557 2027 4610 acci

2154 4556 2215 4609 τὸ
2259 4556 2561 4627 ἀρχέτυπον
2609 4553 2923 4624 βλέποντας,
2974 4548 3227 4603 κάκεῖθεν
3280 4543 3729 4617 χειραγωγουμέ-

546 4727 593 4759 ²δ
614 4725 803 4781 Matth.
838 4725 1003 4789 v.14.
1079 4726 1125 4756 “
1157 4722 1344 4776 Matth.
1375 4737 1454 4782 Ix,
1486 4719 1571 4773 l5.

476 4798 521 4830 ”
538 4796 726 4855 Matth.
750 4812 885 4867 aut,
905 4795 998 4849 24.
1074 4795 1116 4826 ³³
1143 4792 1296 4847 Joau.
1327 4807 1439 4855 1m,
1464 4791 1550 4845 lii.

545 4908 658 4981 (ιθ)
692 4909 841 4975 Τοὺς
866 4909 1035 4977 Λόγῳ
1054 4903 1540 4981 κᾳθᾳιρομένοιις.
1572 4900 1691 4981 Bill.
1718 4918 1771 4981 ελ
1812 4899 1904 4967 qui
1937 4915 2047 4981 ser-

473 4970 1031 5049 mdne'purgantttrIi
1050 4970 1500 5049 Atldilfetiamju
1532 4972 1695 5034 uotis,
1726 4970 2045 5049 Gregorium

479 5038 719 5105 alludere
739 5038 806 5102 aud
837 5048 951 5102 haec
973 5046 1171 5102 Christi
1201 5046 1391 5099 verba.
1420 5040 1575 5095 Joau.
1617 5057 1703 5104 xv,
1744 5041 1777 5093 5
1823 5055 1836 5090 :
1876 5058 1893 5089 ι
1927 5038 2046 5092 Jam

475 5135 575 5175 vos
621 5118 805 5173 mundi
853 5119 987 5172 estis
1033 5123 1251 5182 propter
1297 5126 1597 5165 sermonem
1640 5126 1813 5182 quem
1841 5109 2049 5182 locugts

478 5205 599 5244 sum
656 5189 828 5243 vobis.
871 5206 890 5238 s
932 5178 1159 5241 Fatetur
1197 5194 1374 5237 tamen
1407 5183 1575 5235 Eliam
1613 5178 1707 5247 per
1742 5180 1937 5248 Λόγον,
1962 5178 2050 5232 Fi-

477 5261 610 5314 lium
660 5258 754 5313 Dei
804 5257 1132 5326 intelligere;
1185 5254 1341 5324 cujus
1382 5251 1649 5307 sententia
1695 5252 1848 5306 nobis
1879 5252 2046 5304 etiam

478 5329 653 5393 magis
687 5328 907 5383 arridet.

554 5388 665 5470 (ll)
698 5398 809 5452 Τοῦ
838 5393 1223 5466 θερωευτοῦ.
1256 5393 1329 5470 De
1360 5392 1744 5470 Christoenim
1768 5388 2049 5470 singulari-

481 5462 572 5524 ter'
597 5462 685 5522 hic
711 5462 1014 5530 sermo'est,
1044 5482 1149 5520 non
1196 5465 1446 5518 universe
1471 5466 1536 5518 de
1574 5463 1641 5516 iis
1665 5477 1783 5527 quae
1817 5462 1881 5513 ad
1904 5473 2051 5530 mor-

481 5542 674 5595 borum
704 5529 1045 5605 depulsiones
1067 5552 1132 5591 ex
1159 5544 1316 5604 parte
1363 5545 1688 5604 aegrotorum
1722 5546 1785 5586 ac
1815 5529 2053 5584 medico-

483 5624 602 5663 rum
626 5610 1000 5676 requiruntur.

558 5677 671 5750 (12)
708 5670 828 5731 ὸὺκ
854 5673 1008 5740 οἴδα,
1035 5684 1143 5732 etc.
1170 5674 1315 5750 Bill.:
1347 5692 1365 5724 ι
1403 5672 1719 5750 Quanquam
1753 5670 1893 5750 haud
1915 5670 2049 5727 scio.

486 5741 694 5805 an'ho'c
735 5761 948 5820 quoque
971 5761 1140 5819 genus
1170 5744 1330 5799 tertio
1364 5743 1763 5813 adjungendum
1798 5741 1890 5807 sit,
1943 5755 2049 5809 quo

1647 4719 1694 4751 "
1729 4716 1914 4770 Matth.
1941 4732 2016 4770 χιι

2128 4717 2188 4772 L8.
2264 4716 2309 4746 ³⁷
2326 4712 2677 4778 Joau.v:t,7.
2752 4711 2798 4743 "
2829 4710 3020 4765 Matth.
3042 4707 3245 4772 “1.5!.
3321 4708 3365 4738 ⁵⁸
3396 4703 3725 4766 Ιοιιιι.ιιι,4.

1628 4790 1672 4820 ³³
1692 4787 1847 4843 Joau.
1895 4803 1967 4853 vr,
1992 4787 2082 4842 58.

2155 4896 2485 4964 impossibile
2510 4891 2643 4946 nihil
2673 4890 2812 4944 aliud
2842 4887 3129 4964 significat,
3158 4883 3476 4964 quamqmd
3506 4882 3732 4964 minime

2154 4952 2346 5023 rat'ioni
2368 4973 2788 5019 consentaneum
2825 4952 2927 5013 est'.
2965 4977 2983 5009 ι
3019 4952 3200 5012 δεπεῙί
3230 4953 3417 5007 Billius
3447 4952 3731 5024 legendum

2153 5054 2293 5100 esse,
2328 5036 2429 5089 οὐκ
2454 5033 2680 5101 εὐλόγῳ,
2724 5049 2743 5081 ι
2775 5028 2970 5101 rationi
2999 5028 3223 5101 minime
3248 5032 3727 5101 consentaneum,»

2131 5093 2297 5177 *(111οᾶ
2335 5105 2492 5177 nobis
2533 5093 2749 5177 quoque
2791 5100 2961 5177 visum
3001 5107 3103 5177 est.
3138 5097 3270 5150 Cum
3306 5109 3435 5148 vero
3465 5093 3732 5177 particula

2160 5163 2384 5247 negans.
2421 5163 2932 5247 compti-omnibus
2963 5168 3267 5247 codd-tum
3298 5163 3572 5245 exaratis,
3623 5174 3733 5247 tum

2159 5233 2292 5302 mss.
2320 5233 2481 5307 absit,
2535 5233 2777 5314 religioni
2830 5238 2937 5293 fuit
2978 5254 3095 5294 eam
3135 5238 3188 5291 in
3236 5244 3443 5289 textum
3490 5233 3739 5287 introdu-

2145 5333 2332 5472 ῗθῑῗὲ)
2372 5388 2441 5439 Ὃ
2459 5383 2554 5454 τῇ.
2582 5383 2674 5441 Sic
2698 5392 2807 5437 tres
2829 5381 2998 5451 Regg.
3028 5386 3084 5433 et
3110 5385 3341 5447 quatuor
3366 5372 3520 5428 Colb.
3545 5370 3604 5424 lu
3628 5375 3739 5440 ed.,

2147 5475 2333 5599 οτῖἰι)
2383 5527 2493 5581 Καὶ
2535 5542 2825 5599 τεσσαρα-
2854 5537 3006 5576 ειναι
3034 5518 3134 5599 aut
3156 5514 3319 5599 dem.
3364 5514 3522 5599 Reg.,
3549 5515 3742 5599 Cypra

2150 5588 2412 5671 τέσσαρες
2462 5599 2557 5651 καὶ⁷
2603 5588 2740 5652 δέκα
2776 5595 2935 5648 εἶναι·
2972 5611 2989 5643 ι
3037 5591 3121 5645 bis
3163 5590 3292 5652 duo,
3333 5588 3745 5654 qttatuordeCitn

2152 5686 2289 5725 esse.
2334 5690 2352 5721 ι
