3890 6214
327 275 434 329 11⁸1

1357 282 1618 339 ORATIO
1655 284 1824 338 XXX.
1868 315 1936 324 —-
1975 285 2412 342 TIIEOLOGICA
2453 284 2542 340 IV.

3465 287 3565 341 118

328 413 453 459 νους
486 397 636 465 (l5);
672 398 779 451 Καὶ
806 399 921 462 πῶς
956 402 988 471 ἡ
1036 402 1203 471 Σοφία
1247 402 1415 456 δεῖται
1441 404 1532 457 τοῦ
1560 405 1893 470 διδάξοντος;

2004 407 2253 475 piendum
2280 448 2295 473 ,
2333 407 2474 477 quod
2527 405 2742 460 Patrem
2799 404 3084 460 facientem
3119 406 3303 460 videre
3353 406 3565 470 dicitur,

329 487 360 554 ἢ
389 487 450 538 οὐ
474 489 688 557 ποιήσει
716 505 768 540 τι
804 490 877 560 μὴ
908 491 1296 563 διδασκομένη;
1324 495 1474 547 Ποιεῖ
1499 495 1555 549 δὲ
1587 496 1704 559 πῶς
1729 499 1756 548 ὁ
1791 498 1899 548 Πα-

328 579 454 647 τὴρ,
483 579 517 649 ἢ
549 581 879 650 πεποίηκεν;
914 579 1056 654 Ἆρα
1087 585 1242 640 ἄλλον
1281 588 1660 658 προὺπέστησε
1699 589 1901 660 κόσμον

331 670 451 722 ἀντὶ
471 671 566 723 τοῦ
595 674 881 743 παρόντος,
927 675 1021 726 καὶ
1056 677 1346 748 ὑποστήσει
1372 679 1460 732 τὸν
1498 680 1777 750 μέλλοντα,
1808 683 1902 734 καὶ

331 761 467 828 πρὸς
506 762 687 815 ἐκεῖνα
724 764 936 834 βλέπων
963 769 990 818 6
1032 768 1178 832 Υἱὸς,
1229 769 1317 822 τὸν
1365 772 1464 840 μὲν
1495 773 1787 843 ὑπέστησε,
1810 773 1900 826 τὸν

329 850 386 902 δὲ
419 853 746 924 ὑποστήσει;
783 857 1055 928 Τέσσαρες
1094 855 1186 912 οὖν
1240 861 1434 931 κόσμοι
1479 863 1590 931 (16)
1629 863 1768 916 κατὰ
1809 865 1900 916 τὸν

331 944 488 1010 λόγον
514 944 720 1009 τοῦτον,
760 950 809 999 οἱ
847 949 944 1018 μὲν
989 950 1220 1020 Πατρὸς,
1258 954 1306 1004 οἱ
1346 952 1404 1004 δὲ
1440 953 1568 1005 Υἱοῦ
1598 956 1896 1024 ποιήματα.

333 1035 397 1086 ’Ὠ
422 1035 522 1104 τῆς
555 1037 776 1104 ἀλογίας
810 1039 957 1109 (l7)!
1003 1040 1272 1112 Καθαίρει
1314 1043 1370 1094 δὲ
1398 1042 1623 1114 λέπρας,
1656 1045 1750 1098 καὶ
1783 1045 1898 1098 δαι-

333 1127 530 1195 μόνων,
558 1128 652 1180 καὶ
683 1129 852 1183 νόσων
876 1130 1204 1187 ἀπαλλάττει
1233 1131 1367 1202 (18),
1407 1135 1499 1186 καὶ
1531 1133 1782 1197 ζωοποιεί
1810 1151 1898 1188 νε-

330 1215 518 1286 κροὺς,
571 1217 665 1270 καὶ
705 1212 846 1288 ὑπἐρ
889 1218 1162 1291 θαλάσσης
1191 1220 1384 1284 ὁδεύει,
1426 1223 1520 1276 καὶ
1558 1223 1726 1276 τᾶλλα
1759 1225 1901 1277 ποιεῖ

329 1307 430 1358 ὃσα
465 1309 784 1378 πεποίηκεν,
805 1311 911 1362 ἐπὶ
942 1311 1104 1372 τίνος,
1139 1311 1171 1382 ἣ
1207 1312 1333 1364 πότε
1371 1312 1462 1365 τοῦ
1491 1313 1900 1382 Πατρὸςταῦτα

329 1398 864 1467 προενεργήσαντος;
894 1401 964 1451 Ἦ
991 1400 1167 1468 δῆλον,
1200 1401 1408 1454 ὅτιτῶν
1447 1401 1622 1454 αὐτῶν
1645 1403 1897 1472 πραγμά-

328 1505 436 1539 των
474 1489 600 1551 τοὺς
630 1489 834 1554 τύπους
862 1493 1245 1562 ἐνσημαίνεται
1276 1492 1373 1562 μὲν
1412 1495 1439 1546 6
1471 1492 1680 1564 Πατὴρ,
1717 1494 1898 1546 ἐπιτε-

329 1579 414 1631 λεῖ
436 1579 494 1632 δὲ
524 1583 554 1633 6
586 1582 782 1650 Λόγος,
812 1583 872 1635 οὐ
901 1584 1181 1648 δουλικῶς,
1207 1585 1328 1638 οὐδὲ
1351 1583 1600 1655 ἀμαθῶς,
1638 1585 1750 1638 ἀλλ’
1775 1587 1892 1638 ἐπι-

329 1672 672 1740 στημονικῶς
716 1691 775 1726 τε
827 1676 922 1727 καὶ
957 1675 1309 1740 δεσποτικῶς,
1338 1677 1431 1728 καὶ
1469 1677 1792 1748 οἰκειότερον
1821 1679 1896 1730 εί-

2001 507 2160 568 atque
2220 502 2291 554 ita
2347 499 2526 553 facere
2554 496 2638 548 ³³⁸1
2687 511 2753 551 an
2812 497 2987 566 utqui
3019 497 3221 552 formas
3269 512 3332 551 ac
3362 497 3568 552 litteras

2001 591 2248 660 pingunt,
2287 603 2350 644 eo
2379 589 2520 659 quod
2542 589 2819 642 veritatem
2843 587 3000 641 aliter
3030 588 3246 658 assequi
3275 597 3563 656 nequeant,

2003 682 2104 736 nisi
2155 681 2432 748 exemplar
2481 695 2634 733 suum
2688 679 3017 743 intueantur,
3051 688 3210 746 atque
3257 678 3378 732 inde
3425 678 3568 732 velut

2003 787 2161 825 manu
2187 770 2487 825 ducantur?
2519 769 2617 836 Qui
2645 784 2772 824 vero
2793 770 3042 837 quadrat,
3077 777 3134 821 ut
3159 767 3432 836 Sapientia
3453 781 3566 820 ma-

2000 863 2166 930 gistro
2211 876 2342 928 opus
2393 861 2624 915 habeat?
2695 861 2898 914 nihilne
2946 859 3156 923 elliciet,
3205 858 3310 911 nisi
3339 859 3567 913 edocta?

2001 950 2444 1021 Quid,ﬂPaterne
2511 949 2714 1018 aliquid
2779 949 2927 1012 facit,
3003 958 3096 1001 aut
3137 947 3301 1002 fecit?
3369 945 3558 1004 Utrum

2003 1041 2214 1096 tandem
2275 1039 2436 1092 alium
2523 1038 2777 1092 mundum
2847 1046 2969 1090 ante
3050 1038 3193 1089 hunc
3277 1047 3567 1102 coagmen-

2004 1131 2156 1194 tavit,
2195 1137 2360 1196 atque
2393 1125 2554 1179 alium
2591 1141 2780 1180 rursus
2810 1126 2861 1179 in
2894 1133 3170 1194 posterum
3222 1132 3566 1192 coagmenta-

1999 1221 2102 1282 bit,
2131 1234 2266 1288 quos
2291 1217 2460 1270 Filius
2482 1216 2586 1271 sibi
2614 1226 2739 1271 ante
2764 1215 2948 1270 oculos
2971 1228 3299 1284 proponens,
3334 1213 3562 1266 alterum

1999 1311 2214 1379 quidem
2234 1310 2342 1374 jam
2375 1307 2768 1376 procreaverit,
2798 1305 3024 1359 alterum
3048 1313 3224 1358 autem
3247 1312 3562 1373 procreatu-

2003 1415 2095 1456 rus
2129 1400 2235 1455 sit?
2271 1401 2514 1468 Quatuor
2541 1413 2670 1468 ergo
2701 1397 2802 1451 hac
2828 1397 3038 1450 ratione
3063 1395 3437 1460 mundierunt,
3459 1397 3564 1451 duo

1999 1509 2028 1546 a
2061 1492 2239 1556 Patre,
2301 1494 2408 1547 duo
2449 1509 2478 1546 a
2535 1491 2671 1544 Filio
2737 1487 2954 1544 cll‘ecti?
2993 1487 3038 1541 Ο
3073 1489 3317 1558 supinam
3378 1501 3564 1542 vecor-

1998 1588 2177 1642 diam!
2211 1590 2344 1653 Age,
2383 1601 2505 1640 cum
2551 1585 2726 1654 lepras
2777 1589 2988 1652 purgat,
3033 1581 3303 1634 daemones
3335 1591 3389 1634 et
3414 1595 3558 1634 mor-

2002 1682 2098 1736 bos
2125 1679 2394 1748 proﬂigat,
2433 1686 2676 1730 mortuos
2706 1675 2771 1728 ad
2817 1675 2977 1726 vitam
3025 1683 3263 1736 revocat,
3297 1688 3443 1728 mare
3473 1688 3566 1743 pe-

326 1766 470 1827 πείν,
503 1767 782 1838 πατρικῶς
799 1785 813 1834 ;
841 1769 996 1823 Οῦτω
1025 1770 1132 1840 γὰρ
1147 1769 1256 1838 ἐγὼ
1271 1770 1494 1841 δέχομαι
1516 1769 1595 1831 τὸ,
1615 1770 1762 1838 ἅπερ
1781 1768 1893 1824 ὑπὸ

2004 1771 2160 1826 dibus
2190 1778 2469 1842 peragrat,
2532 1768 2746 1835 aliaque
2776 1765 2957 1819 omnia
3012 1763 3159 1826 facit,
3211 1765 3262 1816 in
3295 1779 3402 1833 quo
3440 1773 3563 1818 tan-

326 1855 434 1908 τοῦ
463 1858 692 1925 Πατρός
723 1859 974 1928 γίνεται,
1015 1860 1200 1915 ταῦτα
1235 1862 1334 1916 καὶ
1371 1862 1476 1915 τὸν
1514 1861 1650 1914 Υἱὸν
1683 1862 1897 1930 ὁμοίως

326 1947 523 2001 ποιεῖν
543 1966 558 1980 ’
590 1950 650 2002 οὐ
679 1950 818 2004 κατὰ
845 1951 942 2022 τὴν
971 1952 1079 2008 τῶν
1121 1954 1418 2024 γινομένων
1457 1953 1732 2023 ὁμοίωσιν,
1762 1952 1899 2005 ἀλλὰ

326 2039 468 2092 κατὰ
503 2040 602 2111 τὴν
632 2041 742 2111 (19)
776 2045 874 2113 τῆς
900 2043 1147 2110 ἐξουσίας
1173 2046 1461 2116 ὁμοτιμίαν
1482 2062 1494 2070 ·
1535 2047 1628 2098 καὶ
1655 2045 1811 2098 τοῦτο
1833 2044 1898 2098 ἂν

324 2130 412 2199 εἴη
436 2131 514 2195 τὸ,
537 2133 643 2196 ἕως
675 2136 798 2204 ἄρτι
824 2135 919 2188 καὶ
949 2136 1042 2190 τὸν
1068 2137 1288 2208 Πατέρα
1313 2137 1660 2208 ἐργάζεσθαι,
1693 2137 1787 2192 καὶ
1807 2138 1898 2190 τὸν

327 2219 454 2274 Υίόν
473 2237 487 2250 ·
518 2223 578 2274 οὑ
613 2223 768 2293 μόνον
801 2225 877 2288 δὲ,
903 2226 1039 2280 ἀλλὰ
1069 2229 1162 2280 καὶ
1185 2229 1306 2298 τὴν,
1334 2222 1408 2280 ὧν
1439 2229 1733 2299 πεποίηκεν
1760 2229 1895 2300 (20),

323 2313 636 2382 οἰκονομίαν
657 2333 716 2368 τε
727 2318 832 2383 ,καὶ
857 2319 1202 2390 συντήρησιν,
1225 2319 1297 2383 ὡς
1321 2320 1470 2390 δηλοί
1497 2320 1576 2385 τὸ,
1605 2321 1896 2374 ποιεῖσθαι

324 2403 469 2469 τοὺς
483 2405 776 2474 ἀγγέλους
793 2409 977 2462 αὐτοῦ
999 2411 1324 2479 πνεύματα,
1347 2411 1462 2472 καὶ,
1481 2412 1895 2480 astrum-500m

324 2493 440 2560 τὴν
453 2495 571 2564 γῆν
583 2497 681 2550 ἐπὶ
696 2499 811 2566 τὴν
827 2498 1167 2567 ἀσφάλειαν
1185 2500 1376 2568 αὐτῆς
1395 2519 1408 2531 °
1430 2501 1574 2566 ἅπαξ
1589 2501 1899 2572 ἡδρασμένα

322 2600 383 2635 τε
420 2584 515 2637 καὶ
542 2588 808 2657 γενόμενα
831 2606 843 2620 ’
880 2591 974 2642 καὶ
998 2589 1347 2661 στερεοῦσθαι
1387 2589 1632 2661 βροντὴν,
1659 2589 1751 2643 καὶ
1782 2590 1898 2643 κτί-

324 2673 514 2738 ζεσθαι
547 2679 780 2750 πνεῦμα,
811 2676 887 2736 ὧν
931 2680 1077 2746 ἅπαξ
1128 2681 1226 2753 μὲν
1273 2685 1302 2735 6
1326 2681 1481 2750 λόγος
1517 2682 1744 2753 ὑπέστη,
1776 2699 1898 2735 συν-

321 2768 456 2840 εχὴς
484 2770 541 2824 δὲ
566 2773 659 2825 καὶ
683 2772 776 2827 νῦν
815 2777 847 2846 ἡ
878 2776 1140 2847 ἐνέργεια.

2005 1863 2144 1926 dem,
2175 1871 2265 1915 aut
2287 1861 2501 1930 quando
2535 1858 2696 1922 Pater
2727 1858 2844 1913 haec
2869 1865 2991 1911 ante
3019 1856 3184 1910 fecit?
3223 1855 3408 1911 Nonne
3445 1871 3564 1925 per-

2007 1957 2251 2026 spicuum
2285 1962 2390 2018 est,
2417 1953 2734 2006 earumdem
2763 1963 2942 2003 rerum
2969 1948 3170 2002 formas
3199 1962 3227 2000 a
3259 1947 3412 2001 Patre
3438 1946 3562 2016 qui-

2003 2051 2123 2102 dem
2157 2045 2300 2101 velut
2328 2044 2618 2114 designari,
2652 2057 2680 2094 a
2710 2040 2846 2095 Filio
2888 2050 3065 2094 autem
3093 2040 3564 2108 peragi,nonser—

2001 2139 2181 2193 viliter
2211 2150 2375 2207 atque
2406 2138 2640 2201 indocte,
2670 2135 2762 2189 sed
2792 2135 2964 2202 perite
2993 2143 3046 2187 et
3077 2132 3344 2196 heriliter,
3377 2142 3558 2201 atque,

2002 2238 2060 2284 ut
2087 2228 2264 2297 aptius
2291 2226 2502 2295 loquar,
2535 2225 2806 2293 paterno?
2845 2222 2901 2276 In
2935 2224 3078 2277 hunc
3121 2222 3316 2292 quippe
3344 2236 3559 2276 sensum

2002 2320 2164 2374 verba
2192 2318 2306 2372 haec
2336 2315 2584 2384 accipio:
2623 2314 2955 2379 Qutccunque
2997 2312 3158 2366 Pater
3189 2313 3338 2379 facit,
3381 2311 3561 2364 eadem

1996 2415 2044 2460 et
2067 2403 2241 2458 Filius
2266 2403 2508 2457 similiter
2525 2403 2656 2467 facit
2673 2403 2760 2466 3‘";
2787 2417 2891 2456 non
2916 2401 3056 2470 quod
3076 2401 3266 2456 similia
3287 2401 3392 2456 sint
3424 2402 3559 2455 utri-

1996 2512 2168 2566 usque
2189 2509 2378 2563 opera,
2413 2494 2506 2548 sed
2539 2494 2680 2562 quod
2737 2506 2832 2562 par
2892 2493 2962 2546 sit
3014 2492 3296 2561 utriusque
3321 2499 3561 2561 potestas

1996 2600 2161 2658 atque
2189 2587 2520 2652 auctoritas;
2577 2592 2740 2654 atque
2781 2584 2886 2638 hoc
2943 2583 3172 2639 fortasse
3225 2598 3347 2637 esse
3375 2593 3556 2651 queat,

1997 2680 2138 2750 quod
2176 2691 2230 2734 et
2266 2679 2424 2733 Pater
2460 2691 2629 2746 usque
2655 2675 2814 2731 modo
2845 2677 3052 2744 operari
3105 2675 3319 2740 dicitur,
3371 2683 3425 2729 et
3468 2674 3561 2727 Fi-

1996 2773 2100 2827 lius
2130 2772 2174 2803 ³⁷⁵
2200 2789 2214 2837 ;
2246 2785 2348 2825 non
2376 2781 2557 2824 autem
2590 2769 2692 2823 hoc
2721 2769 2982 2822 duntaxat
3013 2767 3249 2833 nomine,
3281 2767 3374 2821 sed
3392 2766 3554 2820 etiam

336 2865 548 2917 ratione
581 2865 987 2931 gubernationis
1010 2877 1065 2921 et
1087 2867 1514 2922 conservationis
1537 2883 1886 2936 eorum,quaa
1927 2868 2065 2920 facta
2093 2874 2240 2926 sunt,
2300 2871 2358 2915 ut
2409 2862 2616 2916 indicat
2644 2861 2812 2916 illud:
2854 2861 2956 2925 Qui
3005 2860 3128 2929 facit
3176 2859 3384 2928 angelos
3436 2874 3560 2912 suos

325 2957 646 3023 spiritus”;
681 2966 757 3022 et,
799 2957 902 3023 Qui
949 2958 1138 3027 fundat
1188 2968 1380 3012 terram
1420 2976 1574 3024 super
1622 2960 1958 3013 stabilitatem
1995 2958 2067 3009 ³⁶ε
2135 2969 2256 3008 cum
2313 2952 2478 3007 semel
2545 2962 2597 3006 et
2639 2953 2753 3006 haec
2830 2953 3040 3005 firmata
3095 2959 3255 3018 atque
3306 2949 3552 3005 stabilita.

327 3050 422 3111 sit,
458 3061 513 3104 et
542 3049 616 3104 illi
643 3049 934 3119 procreati.
969 3049 1086 3115 Quo
1108 3050 1270 3106 etiam
1317 3051 1588 3118 pertinet:
1653 3051 1796 3118 quod
1867 3049 2082 3103 firmare
2140 3045 2342 3099 tonitru
2404 3043 2692 3110 dicitur”,
2723 3052 2777 3098 et
2827 3054 3042 3097 ventum
3073 3058 3262 3098 creare
3306 3043 3384 3095 '3:
3424 3057 3558 3112 quo-

325 3155 445 3208 rum
473 3141 586 3207 ipsa
613 3139 828 3206 quidem
855 3140 996 3193 ratio
1029 3141 1197 3195 semel
1225 3143 1437 3196 condita
1487 3152 1593 3205 est,
1639 3150 1890 3196 ca‘terum
1931 3155 2073 3193 nunc
2097 3150 2310 3207 quoque
2331 3145 2600 3219 perpetua.
2629 3136 2710 3190 vis
2739 3145 2823 3189 est
2857 3150 2919 3189 ac
2952 3134 3203 3188 facultas.

395 3230 492 3282 IB'.
532 3229 795 3300 Ἕϐδομον
847 3230 1090 3298 λεγέσθω
1121 3231 1183 3284 τὸ
1221 3232 1653 3302 καταϐεϐηκέναι
1697 3234 1762 3286 ὲκ
1802 3230 1893 3284 τοῦ

2071 3227 2184 3283 Xll.
2217 3229 2517 3300 Septimum
2551 3227 2876 3296 proferatur,
2935 3227 3074 3294 quod
3120 3226 3285 3282 Filius
3310 3242 3362 3305 .e
3421 3230 3559 3284 caelo

323 3317 552 3388 οὐρανοῦ
584 3318 674 3370 τὸν
707 3319 855 3381 Υίὸν,
889 3320 986 3388 οὑχ
1030 3319 1118 3373 ἵνα
1156 3323 1282 3390 ποιῇ
1325 3320 1384 3372 τὸ
1417 3319 1626 3390 θέλημα
1669 3321 1728 3373 τὸ
1771 3321 1896 3374 ἐαυ-

322 3405 440 3472 τοῦ,
477 3406 612 3460 ἀλλὰ
651 3408 712 3460 τὸ
753 3406 848 3460 τοῦ
899 3409 1010 3476 (2|)
1042 3409 1373 3479 πέμψαντος.
1425 3411 1487 3462 El
1535 3411 1633 3480 μὲν
1680 3408 1773 3464 οὖν
1821 3411 1894 3482 μὴ

322 3497 480 3567 παρὰ
501 3497 596 3551 τοῦ
630 3497 1054 3570 κατεληλυθότος
1082 3498 1246 3552 αὐτοῦ
1275 3498 1446 3553 ταῦτα
1477 3500 1713 3568 ἐλέγετο,
1749 3501 1895 3554 εἴπο-

327 3607 427 3660 μεν
455 3589 520 3642 ἂν
548 3589 623 3650 ὡς
647 3591 797 3662 παρὰ
825 3591 918 3643 τοῦ
952 3589 1240 3661 ἀνθρώπου
1279 3591 1580 3645 τυποῦσθαι
1602 3592 1692 3644 τὸν
1715 3591 1890 3660 λόγον,

322 3681 384 3732 οὐ
424 3679 516 3732 τοῦ
545 3682 687 3733 κατὰ
724 3681 814 3732 τὸν
845 3681 1073 3750 Σωτῆρα
1097 3681 1383 3751 νοουμένου
1417 3681 1509 3751 (τὸ
1537 3682 1645 3752 γὰρ
1685 3682 1892 3734 ἐκείνου

323 3770 498 3824 εέλειν
528 3770 648 3823 οὑδὲ
684 3769 998 3824 ὑπεναντίον
1027 3769 1165 3841 Θεῷ,
1202 3770 1400 3824 θεωθὲν
1441 3771 1579 3842 ὅλον)
1626 3771 1760 3824 ἀλλὰ
1798 3771 1891 3824 τοῦ

323 3861 446 3915 καθ’
473 3863 638 3932 ἡμᾶς,
685 3861 760 3924 ὡς
811 3861 904 3914 τοῦ
954 3861 1290 3932 ἀνθρωπίνου
1327 3863 1439 3934 (22)
1487 3863 1784 3934 θελήματος
1829 3864 1889 3915 οὑ

321 3953 540 4015 πάντως
593 3953 856 4022 ἑπομένου
895 3953 971 4024 τῷ
1013 3953 1160 4025 θείῳ,
1206 3955 1319 4008 ἀλλ’
1353 3955 1782 4019 ἀντιπίπτοντος,
1817 3957 1892 4018 ὡς

320 4044 391 4096 τὰ
419 4043 609 4107 πολλὰ,
641 4045 735 4098 καὶ
764 4045 1223 4108 ἁντιπαλαίοντος.
1252 4047 1361 4098 Καὶ
1383 4047 1490 4118 γὰρ
1525 4049 1699 4100 ἐκεῖνο
1722 4046 1891 4109 οὕτως

321 4135 623 4204 ὲνοήσαμεν
659 4134 718 4186 τό
742 4152 755 4164 ο
784 4134 999 4202 Πάτερ,
1034 4137 1088 4188 εί
1117 4135 1364 4189 δυνατὸν
1384 4177 1396 4198 ,
1425 4135 1759 4204 παρελθέτω
1789 4137 1889 4190 ἀπ’

320 4223 467 4290 ἐμοῦ
491 4222 556 4276 τὸ
587 4222 873 4290 ποτήριον
903 4224 1080 4278 τοῦτο
1101 4241 1113 4253 ·
1143 4223 1311 4292 πλὴν
1350 4227 1461 4292 οὺχ
1499 4224 1529 4276 ὃ
1563 4224 1677 4293 ἐγὼ
1716 4225 1886 4287 θέλω,

319 4314 484 4369 ἀλλὰ
516 4315 581 4369 τὸ
612 4317 728 4370 σὸν
750 4315 1006 4384 ὶσχυέτω
1029 4316 1272 4385 θέλημα.
1311 4315 1447 4368 Οὔτε
1485 4317 1612 4387 γὰρ,
1652 4319 1700 4368 εἰ
1735 4317 1883 4370 δυνα-

319 4406 434 4472 τὸν,
463 4408 496 4477 ἢ
532 4409 630 4478 μὴ,
669 4408 829 4460 τοῦτο
865 4409 1078 4476 ἀγνοεῖν
1109 4409 1311 4460 ἐκεῖνον
1344 4407 1509 4470 εἰκὸς,
1545 4407 1666 4460 οὔτε
1693 4409 1770 4478 τῷ
1801 4409 1886 4461 θε-

318 4499 521 4569 λήματι
566 4500 939 4570 ἀντεισφέρειν
983 4499 1043 4551 τὸ
1081 4499 1309 4570 θέλημα.
1361 4499 1512 4551 Ἐπεὶ
1551 4500 1606 4552 δὲ
1642 4499 1774 4568 (23).
1814 4501 1888 4564 ὡς

1998 3323 2343 3377 descendisse
2373 3321 2594 3385 dicitur,
2635 3334 2738 3374 non
2767 3328 2825 3372 ut
2847 3319 3177 3372 voluntatem
3215 3319 3379 3391 548
3403 3337 3555 3376 suam

1999 3412 2178 3478 faciat,
2209 3411 2304 3467 sed
2333 3409 2450 3480 ejus
2509 3425 2538 3462 a
2579 3424 2685 3477 quo
2744 3407 2942 3463 missus
2970 3416 3052 3463 est
3081 3409 3146 3460 ³⁸.
3193 3407 3338 3465 Sane
3360 3411 3464 3465 nisi
3491 3413 3558 3467 ab

1996 3503 2086 3557 illo
2113 3503 2251 3572 ipso,
2278 3502 2370 3571 qui
2393 3501 2687 3564 descendit,
2722 3501 2808 3554 hic
2832 3515 3010 3554 sermo
3039 3499 3348 3567 haberetur,
3375 3502 3558 3558 dicere

1994 3607 2292 3660 possemus,
2326 3591 2440 3644 haec
2471 3588 2632 3643 verba
2665 3587 2811 3642 velut
2844 3592 2910 3642 ab
2942 3589 3161 3644 homine
3183 3593 3556 3660 exprimi,non

2011 3683 2100 3751 qui
2131 3683 2197 3736 de
2228 3680 2506 3736 Salvatore
2537 3679 2868 3750 intelligatur
2902 3679 3066 3748 (illius
3111 3681 3251 3734 enim
3283 3681 3551 3746 voluntas,

1995 3789 2115 3828 cum
2150 3782 2259 3827 tota
2295 3772 2546 3826 deiﬁcata
2569 3772 2660 3834 sit,
2704 3771 2813 3824 Deo
2842 3772 3027 3840 procul
3052 3772 3212 3828 dubio
3234 3788 3339 3828 non
3366 3777 3558 3830 adver-

1994 3862 2195 3935 satur);
2236 3865 2330 3917 sed
2389 3862 2479 3932 qui
2539 3870 2736 3916 nostra:
2803 3863 3130 3917 conditionis
3173 3865 3262 3918 sit.
3310 3864 3554 3920 Humana

1993 3957 2188 4024 quippe
2208 3953 2454 4008 voluntas
2487 3951 2721 4006 divinam
2751 3966 2855 4005 non
2886 3953 3144 4008 continuo
3172 3955 3436 4023 sequitur,
3461 3971 3554 4010 ve-

1994 4062 2109 4099 rum
2129 4053 2184 4098 ut
2199 4045 2481 4113 plurimum
2499 4043 2546 4098 ei
2563 4043 2933 4112 resistitatque
2946 4043 3406 4100 obluctatur.Nam
3425 4047 3554 4102 illud

1999 4151 2216 4205 quoque
2247 4135 2437 4190 eodem
2467 4132 2626 4187 modo
2650 4132 3039 4202 intelligimus:
3076 4133 3264 4201 Pater,
3304 4138 3350 4191 si
3382 4141 3554 4206 possi-

1993 4229 2095 4281 bile
2132 4239 2226 4292 ρει,
2255 4235 2490 4280 transeat
2527 4243 2558 4279 a
2582 4240 2662 4278 me
2707 4225 2848 4279 calix
2897 4227 3028 4290 iste;
3073 4238 3421 4284 verumtamen
3453 4247 3555 4285 non

1992 4335 2126 4384 mea,
2158 4320 2248 4371 sed
2279 4328 2368 4370 tua
2403 4317 2641 4371 voluntas
2669 4319 2840 4370 vincat
2867 4317 2935 4370 "°.
2975 4317 3158 4387 Neque
3184 4320 3327 4374 enim
3379 4326 3555 4390 possi-

1998 4409 2106 4464 bile
2139 4419 2302 4470 esset,
2335 4423 2506 4462 necne
2555 4408 2729 4475 ipsum
2780 4407 3061 4475 ignorasse
3107 4411 3402 4465 verisimile
3449 4423 3552 4479 εει,

2000 4513 2098 4552 nec
2122 4496 2384 4552 voluntati
2419 4495 2746 4549 voluntatem
2774 4497 3108 4565 opposuisse.
3161 4497 3265 4555 Sed
3302 4501 3555 4570 quoniam

318 4564 473 4658 παρὰ
501 4587 594 4641 τοῦ
626 4564 1020 4658 προσλαϐόντος
1052 4589 1080 4640 6
1104 4564 1259 4656 λόγος
1298 4587 1476 4652 (τοῦτο
1509 4586 1618 4657 γὰρ
1651 4564 1888 4638 ’τὸκατ-

2002 4589 2172 4658 partis
2196 4588 2360 4651 illius,
2386 4601 2506 4656 qua:
2552 4564 2861 4654 assumpsit
2898 4587 3024 4657 (hoc
3071 4591 3215 4644 enim
3256 4564 3359 4655 esi,
3413 4593 3556 4660 quod

315 4679 687 4750 εληλυθὸς),οὐ
703 4677 794 4730 τοῦ
813 4678 1014 4750 προσλή
1024 4695 1251 4748 μματος,
1266 4676 1436 4740 οὔτως
1447 4677 1888 4747 ἁπαντησόμεθασ

313 4772 415 4839 οὐχ
446 4769 521 4833 ὡς
552 4769 704 4833 ὄντος
757 4769 885 4822 ἰδίου
935 4768 1027 4821 τοῦ
1081 4768 1209 4821 Υἰοῦ
1260 4769 1371 4838 (24)
1412 4767 1710 4839 θελήματος
1741 4769 1891 4840 παρὰ

391 4925 438 4958 ³⁸
467 4924 624 4982 Joan.
682 4941 734 4989 ν,
801 4926 886 4980 19.
963 4925 1029 4956 ³³⁸
1075 4925 1206 4980 ibid.
1261 4926 1351 4978 '55.
1450 4925 1494 4955 ”
1527 4926 1653 4980 ibid.
1705 4925 1790 4978 17.

390 5149 503 5218 (15)
541 5148 1014 5220 βλέποντας-..ης
1066 5150 1668 5220 χειραγωγουμένους.
1730 5147 1884 5220 Reg,

312 5221 503 5292 (ἴξιν-ε,
533 5218 882 5292 βλέποντες...
909 5219 1246 5292 χειραγωγοῦ
1254 5236 1421 5289 μενοι.

389 5289 503 5360 (16)
529 5291 774 5360 κόσμοι.
798 5288 943 5360 Reg.
984 5288 1353 5360 ιι,ᾐοίίκόσμοι.

390 5357 503 5429 (lj)
537 5359 600 5412 Ὤ
634 5357 746 5426 τῆς
774 5357 1052 5427 ἀλογίας]
1072 5377 1090 5410 ι
1112 5359 1156 5414 O
1173 5357 1462 5429 amentiam
1486 5358 1876 5428 singularem!»

315 5426 412 5483 Sic
436 5426 570 5496 Reg.
613 5443 664 5491 ιι,
694 5440 748 5480 et
777 5426 1149 5482 Combelisius.
1181 5429 1340 5482 Deest
1375 5426 1420 5479 ὢ
1450 5428 1502 5482 in
1528 5426 1706 5484 editis.

389 5497 938 5568 (18)Ἀπαλλάττει.
963 5497 1122 5552 Deest
1156 5498 1207 5550 in
1233 5499 1362 5565 Reg.
1398 5513 1449 5550 a.

390 5567 502 5635 (l9)
529 5569 687 5623 Κατὰ
707 5567 837 5633 τήν.
869 5567 1026 5620 Deest
1055 5568 1195 5621 κατά
1221 5568 1272 5620 in
1296 5568 1424 5636 lteg.
1461 5582 1510 5620 a.

390 5637 503 5709 (20)
529 5638 884 5709 Πεποίῃκεν.
920 5636 1033 5709 Duo
1059 5637 1246 5709 Ἆρες,
1281 5638 1661 5709 πεποιήκασιν.

390 5643 482 5709 (20
529 5643 884 5703 Πεποίηκεν.
920 5643 1033 5690 Duo
1060 5643 1246 5706 ltegg.,
1281 5643 1661 5708 πεποιήκασιν.

390 5643 503 5778 (ειί
536 5709 604 5764 Τὸ
631 5705 756 5762 τοῦ.
782 5708 871 5765 Sic
901 5705 1078 5776 plures
1107 5705 1294 5778 Regg,
1312 5708 1491 5776 plures
1515 5707 1663 5764 Colb.
1701 5716 1755 5765 et
1787 5707 1879 5764 Or.

1893 4927 1936 4959 ³⁵
1971 4926 2111 4982 Psal.
2163 4945 2281 4993 cm,
2339 4931 2392 4983 4.
2505 4931 2548 4961 ³⁶

314 4997 362 5028 ³⁸
391 4998 558 5052 Amos
583 5012 660 5063 tv,
695 4997 784 5052 15.
860 4993 1075 5049 "Joan.
1113 5011 1184 5062 vt,
1229 4996 1318 5050 58.
1396 4995 1440 5026 ⁸³
1461 4995 1648 5049 Matth.
1684 5010 1830 5062 xxvr,
1854 4997 1941 5051 59.

1995 4679 2317 4748 descendit),
2351 4693 2456 4733 non
2486 4686 2665 4731 autem
2692 4678 2865 4747 partis
2893 4690 3198 4750 assumptae,
3255 4683 3340 4737 hic
3371 4698 3550 4737 sermo

2004 4778 2110 4836 est,
2145 4771 2211 4824 ad
2252 4772 2394 4826 hunc
2425 4773 2638 4828 modum
2671 4774 3108 4843 respondebimus
3142 4791 3155 4827 :
3195 4776 3308 4830 haec
3346 4791 3450 4832 non
3482 4779 3558 4832 ita

2605 4931 2734 4985 ibid.
2786 4931 2840 4984 5.
2944 4931 2989 4966 ⁸⁷
3037 4929 3137 4987 Job
3191 4947 3418 4998 xxxvtlt,
3461 4932 3562 4989 25.

1997 5150 2050 5206 1.
2074 5151 2230 5205 Deest
2259 5152 2319 5204 τό
2346 5151 2395 5205 in
2429 5154 2514 5206 ed.

2191 5221 2612 5293 ’Arﬁpwqurov.
2647 5222 2857 5293 Comb.,
2890 5223 3254 5293 ἀνθρωπικοῦ.

2083 5291 2175 5360 ‘23)
2209 5291 2372 5344 Ἐπεὶ
2405 5290 2492 5356 δέ,
2522 5302 2626 5346 etc.
2669 5310 2688 5342 ι
2737 5292 2840 5346 Sed
2870 5290 3120 5358 quoniam
3154 5296 3268 5346 litec
3303 5299 3553 5360 tanquam

1993 5359 2173 5424 abeo,
2232 5360 2323 5428 qui
2356 5362 2645 5428 assumpsit
2681 5361 2776 5431 (is
2805 5362 2950 5414 enim
2985 5370 3067 5415 est
3097 5363 3188 5429 qui
3231 5359 3552 5431 descendit),

1995 5444 2096 5481 non
2123 5438 2298 5480 autem
2328 5431 2396 5482 ab
2423 5440 2698 5496 assumpto
2730 5430 2999 5492 dicuntur,
3026 5449 3044 5481 ι
3069 5441 3175 5484 etc.

2065 5497 2382 5568 (24)]Ιδίου
2407 5497 2514 5550 τοῦ
2555 5498 2708 5550 Υὶοῦ.
2735 5498 2865 5568 Reg.
2883 5499 2943 5568 rb,
2969 5499 3062 5553 Or.
3088 5500 3139 5565 1,
3167 5510 3223 5554 et
3245 5499 3394 5559 Bas.,
3421 5499 3549 5552 ἰδιου

1993 5567 2069 5637 τῷ
2103 5567 2236 5637 Υἱῷ.
2272 5585 2292 5618 ι
2330 5568 2604 5636 Tanquam
2637 5567 2923 5635 peculiaris
2947 5570 3017 5624 sit
3039 5573 3284 5625 voluntas
3329 5569 3482 5634 Filio,
3519 5587 3552 5623 ι

1993 5637 2164 5694 Patris
2203 5636 2472 5692 voluntate
2501 5636 2769 5694 distincta.
2794 5655 2810 5686 ›

2034 5651 2164 5694 ιιιιιδ
2203 5651 2472 5692 votuntate
2501 5651 2769 5694 (llSllnCliI.
2794 5655 2810 5686 )
