3890 6214
382 269 483 326 “9

1592 283 1648 337 S.
1693 284 2019 340 GREGORII
2063 284 2405 343 THEOLOGI

3506 300 3610 354 120

376 390 507 458 dici,
548 393 700 486 quasi
731 395 1002 464 propriam
1028 397 1359 454 voluntatem
1400 399 1569 456 Filius
1612 403 1827 469 habeat,
1855 412 1936 456 at-

2047 408 2099 458 τὸ
2127 405 2221 460 τοῦ
2249 409 2483 477 Πατρὸς,
2515 407 2628 461 ἀλλ’
2652 409 2727 471 ὡς
2761 410 2860 463 οὐκ
2885 409 3037 474 ὄντος
3068 413 3097 464 6
3120 411 3305 479 λόγος’
3335 412 3401 465 ἵν’
3493 415 3640 483 (25)“

375 500 485 554 que
513 501 541 539 a
576 485 754 542 Patris
780 489 1058 546 voluntate
1087 500 1414 561 separatam,
1443 494 1537 548 sed
1585 495 1764 564 potius
1796 496 1938 565 quod

371 590 479 629 non
510 576 701 631 habeat
723 589 831 643 ;ut,
856 580 997 644 quod
1025 580 1317 650 colligitur,
1347 582 1418 636 sit
1447 571 1789 651 bttjusmodi':
1815 584 1939 639 Non

371 673 432 716 ut
464 666 656 734 faciam
687 668 1002 723 voluntatem
1032 687 1198 725 meam
1228 671 1271 703 δι
1303 690 1317 725 :
1367 687 1466 729 nec
1494 675 1639 729 enim
1690 677 1938 730 voluntas

373 770 493 809 mea
523 771 552 808 a
590 766 676 810 tua
710 758 973 828 disjuncta
1009 771 1112 825 est,
1163 764 1257 817 sed
1310 764 1613 819 communis
1657 765 1940 834 utriusque

370 858 640 913 nostrum,
676 863 925 917 quorum,
956 862 1014 905 ut
1043 868 1146 906 una
1177 864 1262 908 est
1305 855 1498 922 deitas,
1539 857 1611 910 ita
1659 871 1763 910 una
1794 866 1928 927 quo-

371 954 478 1005 que
517 940 786 995 voluntas.
837 942 1108 997 Permulta
1166 945 1311 999 enim
1347 963 1414 1002 ex
1468 949 1573 1012 his,
1608 963 1728 1017 qua:
1754 950 1827 1003 ita
1858 950 1939 1005 di-

372 1041 591 1096 cuntur,
648 1047 678 1085 a
737 1036 1009 1090 communi
1068 1038 1341 1104 dicuntur,
1405 1055 1507 1095 nec
1564 1040 1937 1098 ailirmationis

371 1123 552 1186 modo,
580 1123 672 1177 sed
703 1122 1069 1189 inﬁciationis,
1093 1137 1150 1181 ut
1177 1126 1338 1183 illud:
1371 1130 1495 1183 Non
1538 1134 1675 1185 enim
1699 1136 1766 1186 ad
1788 1149 1935 1188 men-

370 1231 550 1267 suram
583 1216 673 1269 dat
704 1216 844 1270 Deus
876 1216 1130 1285 Spiritum
1183 1219 1270 1273 δ”.
1298 1219 1482 1291 Neque
1524 1224 1665 1277 enim
1695 1225 1807 1292 dat,
1837 1240 1938 1280 nec

372 1321 627 1362 mensura
655 1308 976 1364 definitum":
1006 1326 1107 1366 nec
1133 1313 1277 1366 enim
1307 1312 1452 1369 Deus
1477 1314 1642 1370 Deum
1692 1318 1932 1373 metitur.

366 1396 447 1452 ’Ut
474 1398 600 1452 item
629 1398 756 1453 illud
786 1414 802 1450 :
839 1397 1019 1470 Neque
1039 1401 1289 1471 iniquitas
1313 1420 1448 1466 mea,
1477 1422 1637 1470 neque
1668 1415 1935 1474 peccatum

369 1498 539 1536 meum
569 1482 637 1541 ".
661 1483 777 1539 Non
816 1488 985 1552 enim,
1016 1490 1161 1557 quod
1193 1490 1246 1543 in
1295 1507 1362 1546 eo
1388 1504 1672 1560 peccatum
1711 1494 1800 1559 sit,
1832 1495 1937 1549 hoc

369 1591 619 1631 sermone
653 1579 840 1645 utitur,
877 1581 970 1635 sed
1006 1583 1285 1651 quodnon
1314 1584 1406 1638 sit.
1454 1586 1531 1639 Ac
1567 1602 1787 1641 rursus:
1812 1586 1935 1641 Non

2038 515 2096 551 τε
2127 497 2365 552 τοιοῦτον
2392 500 2454 553 τὸ
2487 502 2845 571 συναγόμενον
2866 519 2879 532 °
2917 506 3042 572 Οὐχ
3087 505 3189 558 ἵνα
3221 506 3370 558 ποιῶ
3403 508 3471 560 τὸ
3508 506 3608 560 θέ-

2036 594 2200 659 λημα
2226 593 2291 645 τό
2313 593 2478 660 ἐμόν·
2505 593 2625 646 οὐδὲ
2661 593 2771 665 γάρ
2807 596 2923 646 ἐστι
2956 595 3018 647 τὸ
3043 595 3175 664 ἐμὸν
3199 596 3292 648 τοῦ
3318 596 3410 649 σοῦ
3434 615 3611 667 κεχω-

2040 683 2312 752 ρισμένον,
2338 684 2473 736 ἀλλὰ
2500 683 2561 736 τὸ
2590 682 2764 736 κοινὸν
2793 683 2929 755 ἐμοῦ
2955 702 3016 737 τε
3046 686 3138 738 καὶ
3166 685 3279 748 σοῦ,
3298 682 3372 740 ὧν
3405 687 3481 752 ὡς
3506 690 3609 758 μία

2039 775 2247 842 θεότης,
2283 775 2425 829 οὕτω
2456 777 2550 829 καὶ
2577 776 2848 846 βούλησις.
2880 775 3057 829 Πολλὰ
3078 777 3187 847 γὰρ
3214 778 3321 830 τῶν
3345 780 3488 833 οὕτω
3521 780 3609 833 λε-

2037 862 2280 929 γομένων
2325 863 2434 915 ἀπὸ
2475 862 2654 915 κοινοῦ
2704 862 2919 930 λέγεται
2960 864 3092 933 (26),
3129 865 3223 918 καὶ
3249 868 3311 918 οὐ
3354 867 3606 932 θετικῶς,

2037 951 2340 1021 ἀρνητικῶς
2381 952 2456 1016 δὲ,
2502 953 2578 1016 ὡς
2604 953 2684 1005 τό·
2709 955 2793 1006 Οὐ
2824 952 2935 1021 γὰρ
2956 953 3067 1024 (27)
3101 954 3170 1008 ἐκ
3192 955 3410 1023 μέτρου
3438 957 3609 1012 δίδω-

2035 1054 2138 1095 σιν
2157 1045 2188 1094 ὀ
2207 1042 2348 1108 Θεὸς
2369 1044 2433 1096 τὸ
2459 1043 2718 1113 Πνεῦμα.
2741 1043 2875 1097 Οῠτε
2895 1044 3002 1115 γὰρ
3026 1045 3256 1108 δίδωσιν,
3280 1045 3403 1100 οὔτε
3434 1066 3610 1119 μεμε-

2033 1133 2321 1202 τρημένον
2338 1135 2400 1187 οὐ
2419 1134 2526 1205 γὰρ
2551 1138 2831 1204 μετρεῖται
2861 1136 3012 1207 παρὰ
3034 1137 3171 1189 Θεοῦ
3197 1138 3349 1202 Θεός.
3378 1140 3493 1192 Kal
3518 1141 3603 1194 τόο

2039 1225 2186 1278 Οὔτε
2218 1225 2256 1292 ἡ
2284 1225 2539 1293 ἁμαρτία
2560 1242 2702 1294 μου,
2735 1227 2874 1279 οὔτε
2902 1229 2940 1295 τ)
2973 1213 3191 1297 ἀνομία
3214 1246 3355 1297 μου.
3386 1231 3464 1283 Οὐ
3495 1230 3609 1302 γὰρ

2035 1315 2109 1378 ὡς
2136 1314 2302 1386 οὔσης
2323 1319 2351 1370 6
2372 1316 2550 1384 λόγος,
2579 1316 2695 1369 ἀλλ’
2725 1317 2800 1381 ὡς
2829 1318 2929 1370 οὐκ
2956 1317 3141 1389 οὔσης.
3187 1320 3297 1373 Καὶ
3327 1321 3488 1373 πάλιν
3507 1321 3603 1373 τό·

2039 1408 2120 1460 Οὐ
2156 1405 2255 1460 διὰ
2294 1407 2400 1473 τὰς
2434 1406 2822 1472 δικαιοσύνας
2862 1407 3050 1476 ἡμῶν,
3092 1408 3167 1474 ἅς
3197 1409 3605 1479 ἐποιήσαμεν·

2033 1499 2095 1551 οὐ
2128 1498 2235 1567 γὰρ
2267 1500 2621 1569 ἐποιήσαμεν.
2658 1499 2827 1569 Δῆλον
2866 1500 2922 1553 δὲ
2953 1499 3108 1553 τοῦτο
3153 1502 3255 1554 κάν
3287 1503 3399 1563 τοῖς
3435 1500 3564 1571 ἑξῆς
3587 1519 3605 1532 ⁸

2039 1592 2100 1645 Τί
2130 1590 2258 1659 γὰρ,
2282 1592 2434 1660 φησὶ,
2470 1591 2535 1643 τὸ
2573 1591 2800 1659 θέλημα
2832 1592 2938 1645 τοῦ
2977 1592 3238 1660 Πατρός;
3288 1593 3388 1644 ἵνα
3420 1590 3540 1657 πᾶς
3570 1595 3609 1645 δ

366 1679 580 1737 propter
599 1669 837 1739 justitias
871 1682 1099 1736 nostras,
1119 1689 1246 1743 quas
1266 1675 1482 1744 fecimus
1496 1676 1561 1728 ⁸³.
1591 1676 1771 1747 Neque
1789 1677 1932 1731 enim

2047 1682 2335 1734 πιστεύων
2383 1682 2470 1745 εις
2510 1681 2618 1734 τὸν
2649 1682 2782 1735 nor
2810 1680 3080 1747 σώζηται,
3116 1684 3208 1734 καὶ
3237 1681 3476 1754 τυγχάνῃ
3505 1683 3609 1753 τῆς

368 1758 615 1815 fecimus.
642 1760 795 1827 Quod
824 1765 986 1816 etiam
1016 1769 1298 1834 perspicue
1324 1766 1500 1838 colligi
1538 1778 1715 1837 potest
1741 1784 1806 1824 ex
1852 1769 1935 1823 his

2047 1772 2346 1835 τελευταίας
2396 1772 2743 1831 ἀναστάσεως
2796 1772 2926 1840 (28).
2963 1768 3086 1843 ’Ἆρ’
3126 1769 3216 1825 οὖν
3250 1772 3342 1826 τοῦ
3391 1774 3609 1844 [ἰατρὸς

367 1866 489 1920 qua:
515 1864 835 1923 sequuntur.
863 1854 996 1920 Quae
1018 1866 1091 1909 est
1134 1858 1291 1925 enim,
1346 1857 1542 1928 inquit,
1568 1860 1804 1914 voluntas
1828 1859 1936 1913 Pa-

368 1943 464 1997 tris
492 1944 636 1998 mei?
671 1944 741 1997 Ut
775 1947 942 2000 omnis
973 1948 1063 2016 qui
1092 1949 1259 2001 credit
1298 1950 1351 2002 in
1379 1965 1518 2013 eum,
1563 1951 1784 2005 salutem
1814 1967 1939 2007 con-

372 2034 713 2104 sequatur“,
752 2051 815 2090 ac
872 2049 1160 2106 postrema:
1221 2041 1637 2096 resurrectionis
1716 2056 1938 2111 compos

366 2127 482 2180 liat.
510 2126 593 2180 An
622 2126 785 2197 igitur
806 2126 982 2184 Patris
1009 2130 1226 2198 quidem
1250 2130 1367 2185 haec
1396 2141 1479 2186 est
1502 2132 1753 2187 voluntas
1773 2171 1790 2197 ,
1821 2132 1935 2186 Filii

369 2226 549 2271 autem
585 2219 846 2274 minime?
876 2237 941 2274 an
1004 2222 1204 2277 invitus
1269 2222 1620 2292 Evangelium
1662 2227 1934 2295 praedicat,

362 2308 640 2380 iidemque
671 2311 811 2380 apud
840 2314 1086 2368 homines
1114 2315 1488 2370 nanciscitur?
1515 2314 1645 2383 Quis
1678 2332 1805 2372 vero
1837 2319 1937 2373 hoc

368 2404 597 2457 credat?
618 2406 1053 2476 quandoquidem
1082 2407 1209 2462 illud
1229 2422 1464 2479 quoque,
1483 2410 1623 2479 quod
1652 2410 1726 2463 ait
1746 2409 1935 2477 Filius,

367 2508 694 2562 sermonem,
721 2498 811 2566 qui
835 2497 907 2552 ab
927 2501 1264 2556 auditoribus
1290 2501 1618 2570 excipiatur,
1645 2516 1801 2555 suum
1825 2516 1929 2555 non

367 2600 509 2652 esse,
537 2589 631 2643 sed
668 2587 844 2644 Patris
899 2590 969 2658 ⁸⁸,
1011 2595 1254 2647 eamdem
1316 2594 1537 2648 omnino
1583 2594 1688 2646 vim
1747 2592 1931 2648 habet.

2036 1865 2132 1934 μὲν
2164 1862 2321 1915 τοῦτο
2368 1861 2600 1931 θέλημα,
2638 1861 2729 1914 τοῦ
2772 1860 2901 1913 Υἱοῦ
2951 1861 3007 1913 δὲ
3055 1860 3329 1932 οὐδαμῶς
3371 1862 3404 1932 ἢ
3455 1863 3609 1917 ἄκων

2033 1952 2437 2022 εὐαγγελίζεται
2490 1952 2584 2005 καὶ
2635 1951 2981 2017 πιστεύεται;
3035 1953 3145 2005 Kal
3188 1951 3272 2015 τίς
3326 1953 3391 2006 ἂν
3445 1952 3609 2006 τοῦτο

2034 2043 2402 2107 πιστεύσειενς
2442 2043 2565 2095 ἐπεὶ
2595 2043 2688 2095 καὶ
2714 2042 2796 2107 τὸ,
2827 2041 2918 2094 τὸν
2959 2042 3114 2109 λόγον
3143 2041 3234 2097 τὸν
3274 2043 3609 2112 ἀκουόμενου

2038 2133 2111 2203 μὴ
2145 2129 2282 2185 εἷναι
2313 2131 2407 2185 τοῦ
2438 2131 2590 2189 Υἰοῦ.
2640 2130 2736 2183 τοῦ
2776 2130 2989 2202 Πατρὸς
3023 2129 3100 2195 δὲ,
3141 2131 3241 2200 τὴν
3282 2132 3451 2203 αὐτὴν
3492 2131 3611 2202 ἔχει

2035 2225 2281 2294 δύναμιν.
2338 2223 2465 2287 Πῶς
2510 2223 2619 2294 γὰρ
2667 2222 2796 2276 ἴδιόν
2830 2241 2973 2287 τινος
3021 2222 3082 2276 τὸ
3121 2223 3316 2283 κοινὸν,
3350 2223 3382 2293 ἢ
3412 2225 3607 2294 μόνου,

2035 2315 2196 2368 τοῦτο
2252 2314 2480 2368 συνιδεῖν
2521 2314 2621 2366 οὐκ
2660 2312 2787 2382 ἔχω,
2836 2311 3007 2365 πολλὰ
3056 2310 3302 2365 σκοπῶν·
3341 2308 3494 2382 οἶμαι
3526 2312 3610 2379 δὲ,

2036 2406 2156 2460 οὐδὲ
2190 2405 2344 2469 ἄλλος
2371 2422 2475 2468 τις.
2515 2407 2610 2458 Ἂν
2646 2403 2789 2457 οὕτω
2823 2404 3037 2474 διανοῇς
3071 2403 3180 2473 (9.9)
3218 2402 3346 2475 περὶ
3388 2402 3481 2455 τοῦ
3519 2403 3613 2457 θέ-

2036 2496 2170 2561 λειν,
2204 2494 2378 2568 ὀρθῶς
2405 2495 2617 2565 νοήσεις
2645 2494 2756 2563 (50)
2785 2495 2878 2547 καὶ
2898 2493 3014 2547 λίαν
3043 2492 3300 2557 εὐσεϐῶς,
3326 2493 3401 2558 ὡς
3423 2495 3451 2547 6
3474 2494 3613 2566 ὲμδς

2037 2590 2209 2656 λόγος,
2232 2588 2325 2642 καὶ
2358 2586 2554 2650 παντὸς
2582 2586 2676 2638 τοῦ
2712 2583 3073 2655 εὐγνώμονος.

366 2679 644 2746 Quomodo
671 2687 813 2741 enim
844 2687 947 2743 hoc
968 2686 1285 2758 cujusquam
1313 2689 1609 2760 proprium,
1671 2697 1763 2741 aut
1818 2687 1982 2742 solius
2018 2701 2136 2739 esse
2165 2695 2345 2753 queat,
2379 2683 2521 2751 quod
2553 2696 2838 2736 commune
2884 2689 2989 2745 est,
3020 2682 3160 2745 :licet
3202 2681 3312 2745 diu,
3355 2680 3613 2734 multum-

368 2788 469 2844 que
493 2789 705 2831 mecum
770 2780 1131 2848 considaem,
1168 2782 1475 2851 perspicere
1535 2796 1763 2849 nequeo,
1802 2797 1866 2836 ac
1923 2795 1989 2835 ne
2031 2778 2166 2831 alius
2194 2775 2407 2845 quidem
2447 2775 2753 2844 quisquam,
2788 2774 2894 2829 nisi
2948 2788 3065 2828 mea
3116 2788 3200 2827 me
3238 2773 3421 2843 opinio
3449 2771 3609 2832 fallit.

368 2865 533 2940 549
558 2866 618 2924 Si
653 2852 754 2926 hoc
780 2870 939 2925 modo
999 2870 1333 2925 voluntatem
1396 2871 1671 2942 intelligis,
1715 2878 1862 2925 recte
1921 2868 2177 2935 intelligis
2229 2865 2422 2933 pieque
2475 2863 2759 2917 admodum
2810 2871 2864 2918 et
2909 2864 3228 2929 orthodoxe,
3287 2872 3340 2918 ut
3390 2862 3608 2931 quidem

368 2975 487 3015 mea
514 2971 595 3017 est
623 2963 919 3029 sententia,
949 2964 1061 3019 imo
1088 2964 1255 3019 etiam
1296 2962 1567 3033 cujusvis,
1621 2961 1792 3017 ~modo
1856 2972 2003 3016 recto
2033 2959 2235 3030 judicio
2269 2956 2526 3025 praeditus
2550 2955 2644 3010 sit.

440 3051 579 3108 XIII.
608 3052 814 3108 Octavo
841 3053 971 3108 illud
1003 3052 1237 3108 all'erunt
1273 3072 1286 3107 :
1326 3052 1395 3107 Ut
1427 3061 1742 3122 cognoscant
1773 3060 1820 3104 te
1853 3068 1933 3104 so-

2112 3048 2209 3102 lI".
2246 3046 2467 3114 Ὀγδοόν
2501 3047 2648 3098 ἐστιν
2694 3044 2876 3107 αὐτοῖς
2900 3043 2981 3096 τό·
3015 3044 3140 3097 Ἵνα
3171 3045 3505 3113 γινώσκωσι
3531 3043 3615 3099 σὸ

371 3143 481 3196 lum
531 3142 696 3196 Deum
756 3160 955 3208 verum,
1005 3154 1051 3197 et
1109 3158 1260 3213 quem
1322 3142 1513 3197 misisti
1565 3140 1745 3195 Iesum
1782 3140 1936 3197 Chri-

369 3244 508 3289 stum
535 3233 621 3299 “;
663 3243 737 3300 et,
779 3232 944 3287 Nemo
976 3233 1165 3297 bonus,
1193 3233 1294 3285 nisi
1321 3232 1464 3286 solus
1504 3231 1641 3286 Deus
1672 3232 1737 3285 "7.
1771 3231 1937 3301 Cujus

371 3323 673 3395 argumenti
705 3322 979 3393 perfacilis
1007 3324 1136 3376 mihi
1187 3323 1402 3376 videtur
1436 3336 1557 3377 esse
1591 3323 1810 3376 solutio.
1874 3321 1934 3377 Si

370 3415 514 3469 enim
549 3415 662 3469 haec
688 3415 875 3477 verba,
912 3412 1098 3469 Solum
1124 3426 1325 3475 verum,
1355 3411 1501 3465 Patri
1541 3412 1804 3466 duntaxat
1838 3412 1936 3465 tri-

369 3505 578 3569 bueris,
633 3505 724 3560 ubi
780 3505 994 3559 tandem
1051 3505 1349 3559 Veritatem
1391 3503 1562 3571 ipsam
1614 3502 1939 3558 collocabis?

371 3594 584 3650 Etenim
616 3595 661 3650 si
691 3595 842 3662 illud,
876 3595 989 3650 Soli
1015 3597 1239 3665 sapienti
1273 3595 1375 3649 Deo
1409 3594 1489 3661 ‘3;
1523 3604 1614 3649 aut
1649 3594 1800 3658 illud,
1821 3594 1936 3650 Soli

371 3685 822 3741 immortalitatem
846 3686 1078 3752 habenti,
1106 3687 1372 3757 lucemque
1415 3686 1821 3740 inaccessibilem
1843 3686 1938 3738 Ita-

373 3774 564 3829 bitanti
597 3774 798 3839 ";aut
849 3775 978 3829 illud
1037 3776 1291 3839 denique,
1329 3774 1458 3843 Regi
1508 3775 1939 3829 steculorumim-

373 3866 609 3933 mortali,
633 3866 903 3932 invisibili,
931 3866 1029 3922 soli
1054 3868 1276 3935 sapienti
1306 3866 1415 3920 Deo
1436 3867 1504 3933 ⁵ο,
1540 3868 1605 3921 ad
1634 3867 1780 3920 hunc
1823 3880 1941 3920 mo-

375 3960 503 4014 dum
557 3957 909 4023 intellexeris,
974 3957 1174 4027 peribit
1237 3959 1423 4026 utique
1477 3956 1572 4011 tibi
1620 3955 1829 4018 Filius;
1862 3953 1941 4007 vel

375 4056 572 4115 morte,
611 4049 696 4103 vel
720 4049 965 4105 tenebris
993 4047 1274 4115 multatus,
1328 4047 1415 4103 vel
1458 4048 1510 4101 in
1548 4051 1649 4101 hoc
1679 4046 1940 4100 condem-

373 4151 557 4206 natus,
589 4150 648 4195 nt
676 4156 779 4196 nec
805 4140 1021 4209 sapiens
1049 4140 1143 4206 sit,
1182 4154 1286 4195 nec
1327 4154 1418 4194 rex
1437 4178 1454 4205 ,
1484 4152 1584 4193 nec
1634 4134 1937 4198 invisibilis,

375 4234 485 4289 imo
514 4248 615 4290 nec
653 4232 878 4289 omnino
905 4233 1065 4297 Deus,
1092 4232 1237 4302 quod
1262 4240 1424 4300 caput
1452 4238 1534 4284 est
1577 4241 1788 4291 eorum,
1822 4240 1942 4295 quae

377 4312 635 4381 diximus.
657 4327 795 4392 Quid
820 4335 1000 4380 autem
1031 4323 1211 4379 all'erri
1243 4323 1456 4393 poterit,
1481 4322 1608 4391 quin
1638 4319 1798 4374 simul
1818 4334 1939 4373 cum

2038 3141 2145 3196 τὸν
2181 3140 2372 3210 μόνον
2421 3136 2713 3205 ἀληθινὸν
2751 3136 2917 3198 Θεὸν,
2974 3136 3073 3189 καὶ
3118 3136 3190 3188 ὃν
3245 3135 3614 3201 ἀπέστειλας

2050 3231 2292 3300 Ἰησοῦν
2316 3229 2603 3297 Χριστόν*
2675 3226 2768 3279 καὶ
2790 3225 2869 3300 τό·
2906 3225 3113 3290 Οὐδεὶς
3149 3226 3385 3293 ἀγαθὸς,
3430 3227 3483 3279 εὶ
3520 3226 3611 3295 μὴ

2036 3320 2124 3390 εἷς
2149 3327 2181 3377 ὁ
2211 3323 2371 3387 Θεός.
2405 3319 2574 3373 Τοῦτο
2623 3319 2680 3372 δὲ
2724 3318 2818 3371 καὶ
2857 3319 3030 3388 πάντη
3073 3319 3276 3389 ῥᾴστην
3318 3317 3459 3388 ἔχειν
3509 3318 3614 3388 τὴν

2037 3415 2190 3468 λύσιν
2222 3430 2311 3483 μοι
2336 3412 2603 3480 φαίνεται.
2637 3410 2701 3462 Εἰ
2730 3409 2838 3479 γὰρ
2875 3409 2936 3461 τὸ
2965 3411 3157 3478 μόνον
3195 3410 3485 3476 ἀληθινὸν
3516 3409 3615 3461 ἐπὶ

2037 3504 2131 3558 τοῦ
2164 3503 2378 3574 Πατρός
2418 3500 2627 3571 θήσεις,
2671 3499 2775 3552 ποῦ
2824 3499 3005 3569 θήσεις
3046 3499 3145 3569 τὴν
3184 3498 3609 3569 αὐτοαλήθειαν,

2038 3598 2150 3651 Καὶ
2177 3596 2285 3666 γὰρ
2314 3596 2363 3648 εἰ
2393 3591 2475 3658 τῷ
2490 3592 2656 3662 μόνῳ
2679 3589 2847 3659 σοφῷ
2880 3588 3074 3659 Θεῷ,ἢ
3110 3588 3189 3654 τῷ
3215 3591 3381 3659 μόνῳ
3407 3589 3614 3657 ἔχοντι

2038 3687 2394 3748 ἀθανασίαν,
2436 3682 2561 3753 φῶς
2595 3681 2855 3736 οἰκοῦντι
2888 3682 3232 3748 ἀπρόσιτον,
3281 3681 3315 3751 ἢ
3363 3679 3621 3744 ,βασιλεῖ

2040 3777 2158 3832 τῶν
2206 3774 2433 3830 αἰώνων
2486 3771 2781 3841 ἀφθάρτῳ,
2819 3769 3079 3837 ἀοράτῳ,
3137 3769 3232 3822 καὶ
3286 3769 3396 3839 (5i)
3443 3769 3620 3837 μόνῳ

2042 3866 2183 3934 Θεῷ,
2219 3868 2432 3937 νοήσεις
2458 3864 2651 3928 οὕτως,
2679 3861 2954 3933 οἰχήσεταί
2984 3878 3066 3913 σοι
3096 3860 3320 3914 θάνατον
3345 3877 3615 3932 κατακριο

2041 3961 2154 4025 θεὶς
2178 3963 2207 4013 6
2240 3959 2387 4021 Υἱὸς,
2418 3956 2451 4026 ἦ
2484 3956 2694 4021 σκότος,
2724 3954 2842 4024 ἥτὺ
2870 3953 2943 4024 μὴ
2980 3953 3140 4022 σοφὸς
3162 3948 3320 4017 εἶναι,
3355 3953 3491 4024 μηδὲ
3515 3952 3617 4022 βα-

2044 4051 2242 4113 σιλεὺς,
2276 4048 2409 4119 μηδὲ
2444 4046 2695 4116 ἀόρατος,
2735 4043 2868 4115 μηδὲ
2906 4043 3041 4107 ὅλως
3075 4043 3228 4108 Θεὸς,
3261 4042 3290 4096 ὃ
3316 4042 3426 4097 τῶν
3456 4045 3615 4115 εἰρη-

2046 4142 2222 4212 μένων
2251 4139 2560 4208 κεφάλαιον.
2596 4137 2721 4200 Πῶς
2752 4137 2838 4189 δαὶ
2859 4137 2958 4189 οὐκ
2988 4135 3099 4206 (52)
3129 4136 3319 4188 ἀπολεῖ
3345 4134 3481 4207 μετὰ
3504 4135 3617 4189 τῶν

2044 4230 2218 4285 ἄλλων
2246 4229 2338 4282 καὶ
2374 4228 2473 4298 τὴν
2511 4226 2843 4296 ἁγαθότητα,
2882 4226 2917 4296 ἡ
2965 4224 3200 4295 μάλιστα
3244 4224 3404 4295 μόνου
3432 4225 3609 4287 Θεοῦ;

2057 4321 2198 4375 Ἀλλ’
2227 4316 2380 4391 οἶμαι
2421 4319 2481 4372 τὸ
2515 4318 2632 4389 μὲν,
2674 4319 2800 4372 Ἵνα
2831 4317 3166 4387 γινώσκωσι
3193 4312 3270 4369 σὲ
3292 4315 3400 4369 τὸν
3418 4316 3619 4384 μόνον

376 4418 588 4473 caeteris
610 4417 796 4483 rebus,
819 4417 1079 4472 bonitatis
1105 4431 1343 4485 quoque,
1368 4429 1489 4484 quae
1519 4412 1752 4467 maiime
1772 4410 1936 4465 solius

2047 4390 2336 4484 ἀληθινὸν
2392 4412 2560 4478 Θεὸν,
2611 4412 2696 4463 ἐπ’
2747 4410 3019 4481 ἀναιρέσει
3060 4408 3313 4477 λέγεσθαι
3355 4407 3462 4461 τῶν
3513 4409 3615 4461 οὐκ

380 4510 471 4563 Dei
495 4517 597 4573 est,
649 4508 917 4579 iacturam
961 4508 1157 4578 faciat?
1216 4509 1416 4563 Verum
1472 4508 1585 4560 haec
1629 4505 1834 4559 verba:
1870 4501 1941 4556 Ut

264 4648 267 4649 ν
377 4613 689 4671 cognoscant
716 4614 764 4657 te
802 4602 975 4657 solum
1028 4619 1204 4656 verum
1264 4601 1449 4665 Deum,
1485 4599 1549 4652 ad
1583 4612 1794 4662 eorum,
1826 4596 1940 4665 qui,

378 4710 688 4766 quanquam
718 4695 877 4760 falso,
915 4694 988 4748 dii
1031 4703 1210 4748 tamen
1267 4691 1627 4761 appellantur,
1678 4688 1941 4744 sublatio-

448 4831 495 4865 “
517 4833 674 4892 Joan.
706 4850 782 4900 v1,
799 4834 891 4889 58.

1000 4832 1071 4865 δι’
1101 4831 1261 4886 Joan.
1298 4846 1381 4894 Ill,
1407 4828 1496 4885 54.
1575 4829 1621 4861 ⁸³
1651 4826 1792 4882 Psal.
1822 4825 2032 4888 Lvttt,5.

2046 4509 2215 4561 ὄντων
2253 4505 2353 4576 μὲν
2387 4503 2546 4568 θεῶν,
2578 4501 2887 4571 λεγομένων
2924 4499 3015 4552 δέ·
3066 4499 3126 4552 οὐ
3173 4500 3283 4571 γὰρ
3323 4499 3389 4552 ἂν
3432 4516 3618 4572 προσ..

2034 4582 2241 4660 ἔκειτο,
2260 4598 2358 4651 καὶ
2371 4596 2444 4649 ὃν
2458 4594 2817 4657 ἀπέστειλας
2845 4590 3086 4657 Ἰησοῦν
3106 4588 3379 4657 Χριστὸν,
3403 4589 3453 4641 εἰ
3478 4589 3616 4658 πρὸς

2046 4692 2249 4743 ἐκεῖνον
2284 4687 2393 4755 (55)
2426 4683 2766 4753 ἁντιδιῄρήτο
2797 4681 2877 4744 τὸ,
2910 4680 3101 4749 μόνον
3140 4677 3450 4747 ἀληθινὸν,
3477 4677 3619 4732 ἀλλὰ

2140 4821 2187 4853 ⁸⁸
2214 4821 2349 4875 Dan.
2377 4834 2451 4880 ix,
2484 4817 2570 4872 l8.
2667 4816 2715 4848 δε
2741 4814 2896 4871 Joan.
2928 4829 3002 4875 vi,
3042 4812 3132 4866 40.
3237 4811 3284 4845 “
3317 4811 3475 4866 Joan.
3497 4827 3615 4873 xlv,

378 4906 470 4965 24.
517 4881 921 4969 Tiiéanliitl,
952 4903 1004 4958 '5.
1078 4881 1496 4964 ﬁliifilii",
1547 4881 1662 4953 19.7
1705 4897 1751 4928 ⁸⁸
1776 4896 1931 4950 Joan.

2047 4910 2077 4958 I,
2105 4893 2196 4946 27.
2271 4890 2314 4921 ‘9
2347 4888 2531 4943 lTint.
2566 4902 2640 4950 γι,
2676 4886 2766 4939 16.
2841 4885 2887 4915 ⁸ο
2917 4885 2930 4936 Ι
2957 4881 3262 4945 Tim.l,i7.

451 5043 565 5116 (25)
597 5043 706 5116 τιν’
727 5034 790 5112 ᾖ.
817 5041 908 5116 S_ic_
931 5048 1037 5116 tres
1050 5038 1490 5110 Begg.,quatuor
1508 5035 1687 5102 Colb.,
1707 5033 1801 5090 0r.
1820 5035 1870 5099 ι,
1892 5042 1947 5089 et

379 5104 1072 5192 οοὼὲέ-ἓηθέίηῖνῆτῗ,
1137 5104 1194 5110 ’⁷
1276 5104 1376 5192 ⁷....

453 5181 566 5254 (26)
601 5181 747 5254 ’ᾼίπὸ
772 5173 980 5254 ποια-οῗ]
1000 5181 1256 5254 λέγεται.
1299 5177 1461 5241 Elias,
1498 5193 1518 5228 ι
1562 5174 1771 5230 ratione
1804 5173 1946 5228 illius

382 5249 540 5326 quod
548 5249 820 5326 colligitur
848 5260 903 5305 et
932 5249 1262 5326 intelligitur.
1276 5267 1309 5326 _s

451 5322 564 5390 (27)
586 5313 816 5391 Οὐῆαάρ,
852 5329 957 5376 etc.
995 5338 1014 5371 ι
1054 5313 1168 5374 Non
1204 5319 1363 5391 enirn
1389 5316 1456 5371 ad
1490 5329 1795 5391 m_en_suram
1852 5313 1945 5391 d_at

385 5384 524 5447 Deus
547 5384 848 5460 Spiritum,
896 5409 917 5442 ι
950 5402 1159 5460 nempe,
1206 5408 1226 5440 ι
1266 5386 1426 5460 Filio.
1467 5384 1756 5460 )_Spiritus
1799 5384 1942 5438 enim

384 5455 773 5532 δειιιρθιῆοᾱεει
799 5459 956 5532 Filio.
995 5455 1110 5532 Non
1160 5472 1288 5532 ergo
1330 5455 1427 5525 ipsi
1477 5455 1638 5509 datur
1685 5462 1938 5532 tanquam

386 5522 777 5596 non.habenti;
804 5531 999 5600 quippe
1022 5530 1111 5599 qui
1139 5522 1377 5597 ejusdem
1412 5533 1726 5600 est'naturaa
1751 5538 1815 5577 ac
1838 5522 1941 5576 Pa—

386 5610 507 5657 ter:
537 5615 710 5669 neque
739 5596 913 5654 etiam'
934 5596 1177 5667 Spiritus
1197 5616 1216 5648 ι
1257 5596 1549 5669 secundum
1584 5607 1888 5669 mensuram
1918 5610 1936 5643 ι

391 5670 548 5725 datur
577 5662 648 5735 ei,
676 5670 766 5739 qui
792 5662 1095 5725 mensuram
1120 5682 1314 5739 capere
1341 5665 1543 5736 nequit,
1568 5678 1689 5719 cum
1720 5662 1791 5719 sit
1828 5663 1944 5732 ipse

391 5739 529 5798 Deus
561 5748 613 5797 et
649 5741 912 5796 inﬁnitus.

2119 5031 2231 5101 (28)
2259 5025 2684 5101 ’Λναστάσεῳς.
2702 5023 2828 5101 puq
2842 5020 3036 5088 Regg.,
3070 5016 3235 5101 qusl.
3264 5016 3320 5082 2,
3341 5017 3524 5100 οη),

2046 5088 2238 5157 Coinb.
2271 5099 2491 5159 addunt,
2528 5088 2763 5148 εἰτ’ίοῦν
2804 5089 3319 5159 ἀποκαταστάσεως,
3333 5107 3379 5159 γι
3415 5089 3528 5143 sive
3563 5091 3616 5144 in

2050 5173 2314 5233 integrum
2344 5157 2717 5221 restitutionis.
2748 5163 2895 5233 [δίο
2921 5161 3084 5233 etiam
3114 5158 3239 5233 legit
3267 5157 3474 5233 yillius.

2110 5225 2230 5327 1‘29)
2251 5234 2521 5304 Διανοῇς.
2550 5234 2741 5288 Plures
2764 5231 2932 5299 ηερε.
2961 5237 3017 5281 et
3040 5225 3222 5293 δοκι,
3256 5225 3352 5281 0r.
3386 5228 3443 5294 1,
3482 5238 3613 5293 etc.,

2254 5375 2532 5450 Νοήσεις.
2559 5373 2651 5429 0r.
2666 5443 2678 5450 _
2692 5372 2719 5425 l
2733 5411 2747 5437 ,
2787 5374 2947 5450 νοεῖς.

2122 5435 2234 5519 (51)
2264 5435 2394 5503 Καὶ.
2450 5435 2612 5500 Deest
2664 5435 2740 5496 in'
2774 5443 3009 5512 quinque
3059 5439 3249 5510 Regg.,
3294 5435 3388 5493 0r.
3460 5436 3514 5499 l,
3558 5445 3615 5490 et

2048 5520 2391 5659 Οᾛὲἳηῷς
2436 5584 2531 5659 δαὶ
2579 5586 2710 5639 οὐκ·
2756 5581 2886 5659 Reg-
2936 5579 3194 5659 b3“.j_'~'66
3229 5578 3411 5659 6_’_oo_x.
3454 5575 3617 5659 ερας

2053 5646 2157 5715 non
2193 5646 2647 5716 simulamina,»
2685 5662 2790 5705 etc.
2818 5646 2936 5705 ﬂox
2961 5651 3017 5721 if.
3050 5648 3140 5721 Sic
3166 5649 3319 5721 codd.
3341 5649 3394 5700 In
3411 5650 3497 5702 ed.
3523 5646 3585 5716 ἦ.

2124 5727 2233 5797 (55)
2265 5724 2420 5794 Πρὸς
2447 5724 2697 5780 ἐκεῖνον.
2732 5720 2895 5779 Coisl.
2922 5716 3139 5791 nam;
3172 5716 3376 5772 τοῦτον.
