3890 6214
247 319 342 374 121

1272 316 1531 374 ORATIO
1569 315 1742 372 XXX.
1788 348 1858 359 —
1897 314 2340 373 THEOLOGICA
2381 317 2469 372 IV.

3381 304 3484 363 l22

251 439 326 508 μὴ
363 438 503 490 κατὰ
549 435 727 491 κοινοῦ
770 437 870 506 τῆς
915 436 1164 506 θεότητος
1216 432 1285 507 ἦν
1331 439 1359 489 ὁ
1405 437 1582 504 λόγος.
1629 434 1702 487 Τὸ
1744 434 1813 497 δὲ,

1928 450 2049 489 nem
2079 435 2183 488 dici
2239 436 2524 489 existimo:
2554 449 2728 502 neque
2774 433 2916 488 enim
2971 434 3234 503 adjectum
3268 433 3481 498 fuisset,

252 527 465 593 Οὐδεὶς
488 527 725 597 ἀγαθὸς.
758 526 1058 597 ἀπάντησιν
1077 525 1190 596 ἔχει
1212 525 1347 595 πρὸς
1368 524 1461 577 τὸν
1492 521 1819 595 πειράζοντα

252 617 472 687 νομικὸν
491 654 506 677 ,
557 616 633 679 ὼς
680 614 976 686 ἀνθρώπῳ,
1033 615 1132 685 τὴν
1184 614 1493 682 ἀγαθότητα
1545 613 1820 684 μαρτυρή-

252 724 438 759 σαντα.
471 706 545 758 Τὸ
563 705 673 776 γὰρ
692 707 873 775 ἄκρως
897 704 1118 773 ἀγαθὸν,
1149 705 1282 774 φησὶ
1313 703 1447 774 (54),
1477 703 1637 773 μόνου
1660 702 1814 767 Θεοῦ,

252 799 353 853 κᾶν
381 797 539 851 τοῦτο
580 799 674 851 κο).
721 797 1004 867 ἅνθρωπος
1035 796 1366 866 ὀνομάζηται
1417 795 1552 864 (55),
1606 794 1680 858 ὡς
1721 794 1814 857 τὸ,

265 890 327 942 ’0
366 888 594 956 ἀγαθὸς
630 888 936 954 ἅνθρωπος
974 887 1042 939 ἐκ
1087 886 1193 939 τοῦ
1237 885 1461 954 ἀγαθοῦ
1512 884 1817 953 θησαυροῦ

252 978 575 1044 προϐάλλει
601 975 666 1029 τὸ
698 977 920 1043 ἀγαθόν
941 992 954 1004 ·
1002 977 1116 1037 καὶ,
1157 974 1331 1027 Δώσω
1359 973 1474 1042 τὴν
1494 975 1820 1037 ,βασιλείαν
1871 1010 1874 1014 ι

249 1066 333 1132 τῷ
362 1064 561 1134 ἀγαθῷ
598 1065 748 1133 ὑπὲρ
782 1064 875 1126 σὲ,
907 1063 1001 1116 τοῦ
1052 1062 1185 1116 Θεοῦ
1228 1062 1383 1130 λόγος
1416 1063 1526 1133 (56)
1560 1063 1695 1133 πρὸς
1727 1063 1818 1114 τὸν

251 1158 426 1212 Σαοὺλ
449 1157 576 1228 περὶ
601 1156 693 1208 τοῦ
729 1154 890 1207 Δαϐὶδ
926 1154 1200 1221 λέγοντος·
1234 1156 1328 1207 καὶ
1361 1154 1441 1216 τὸ,
1483 1154 1815 1222 Ἀγάθυνον,

251 1251 451 1316 Κύριε,
477 1246 603 1312 τοῖς
639 1246 908 1315 ἀγαθοῖς⁹
936 1245 1029 1298 καὶ
1061 1246 1160 1297 ὅσα
1191 1244 1325 1298 ἄλλα
1356 1244 1579 1297 τοιαῦτα
1603 1242 1818 1311 λέγεται

253 1337 517 1409 περὶτῶν
548 1337 606 1388 ἐν
629 1338 761 1405 ἡμῖν
794 1333 1217 1404 ἐπαινουμένων,
1255 1336 1338 1402 ἐφ’
1367 1332 1459 1397 οὒς
1488 1337 1521 1404 ἡ
1551 1334 1817 1404 ἁπόρῥοια

250 1429 344 1482 τοῦ
377 1426 594 1498 πρώτου
625 1423 812 1489 καλοῦ,
839 1425 933 1479 κα).
958 1424 1098 1478 κατὰ
1116 1424 1364 1496 δεύτερον
1388 1425 1541 1493 λόγον
1565 1424 1814 1492 ἔφθασεν.

250 1520 316 1571 Εἰ
354 1520 452 1589 μὲν
476 1513 568 1571 οὖν
597 1516 876 1587 πείθοιμεν
901 1515 1012 1586 (57)
1039 1514 1215 1579 τοῦτο,
1239 1515 1486 1587 ἄριστον·
1514 1516 1563 1567 εί
1581 1515 1637 1568 δὲ
1659 1517 1817 1586 μὴ,τί

251 1611 448 1681 φήσεις
472 1609 608 1680 πρὸς
641 1608 766 1671 τοὺς
803 1606 1056 1675 λέγοντας
1093 1606 1339 1678 ἑτέρωθι,
1373 1608 1466 1660 τὸν
1498 1607 1624 1660 Υἱὸν
1661 1608 1817 1677 μόνον

251 1700 500 1772 είρῆσθαι
548 1699 702 1762 Θεὸν,
746 1698 886 1752 κατὰ
931 1697 1029 1761 τὰς
1080 1697 1176 1760 σὰς
1214 1698 1514 1761 ὑποθέσεις.
1577 1697 1663 1750 Ἑν
1707 1699 1816 1750 τίσι

1921 537 1969 579 et
2000 542 2148 596 quem
2174 527 2386 592 misisti,
2418 525 2600 579 Jesum
2630 524 2919 589 Christum,
2955 525 3022 589 si,
3057 526 3121 578 ad
3157 539 3278 578 eum
3310 537 3479 591 oppo-

1923 620 2026 674 sita
2050 618 2398 673 distinctione
2420 617 2865 677 submovendum,
2917 615 3040 676 illa,
3090 613 3260 668 solum
3284 613 3481 678 rerum,

1923 710 2281 779 pertinerent,
2305 724 2372 763 ac
2401 723 2508 762 non
2547 709 2615 762 de
2645 708 2918 762 communi
2956 709 3235 774 utriusque
3283 704 3484 760 divini-

1923 808 2034 854 tate
2073 815 2254 855 sermo
2284 810 2447 854 esset.
2489 799 2580 853 Illa
2634 807 2813 857 autem
2847 797 3048 853 Christi
3088 797 3273 860 verba,
3316 793 3484 848 Nemo

1927 890 2112 954 bonus,
2145 904 2210 944 eo
2238 890 2577 957 spectabant,
2628 898 2687 942 ut
2717 889 2969 942 tentatori
3015 887 3345 955 legisperito,
3394 884 3482 953 qui

1929 982 2223 1035 bonitatem
2256 982 2377 1047 ipsi,
2414 991 2668 1047 tanquam
2694 979 2932 1042 homini,
2981 978 3487 1039 tribuebat,occur-

1924 1081 2087 1126 reret.
2125 1070 2345 1127 Summe
2381 1071 2521 1125 enim
2557 1071 2754 1124 bonum
2781 1083 2922 1133 esse,
2974 1067 3166 1137 inquit,
3200 1065 3365 1123 solius
3393 1063 3485 1118 Dei

1924 1174 2008 1218 est
2036 1164 2080 1196 ⁸¹
2110 1181 2126 1219 :
2162 1164 2375 1218 tametsi
2408 1165 2509 1217 hoc
2542 1177 2756 1231 quoque
2778 1162 2995 1216 nomine
3021 1161 3180 1215 homo
3208 1171 3478 1226 nuncupeo

1925 1263 2031 1316 tur,
2074 1265 2130 1306 ut
2156 1254 2284 1307 illttd
2318 1271 2331 1306 :
2362 1252 2539 1306 Bonus
2562 1254 2714 1305 homo
2741 1252 2804 1304 de
2831 1254 2962 1304 bono
2992 1250 3235 1304 thesauro
3284 1247 3487 1316 profert

1922 1345 2111 1399 bonum
2142 1345 2208 1407 ⁸³,
2238 1354 2293 1398 et
2324 1344 2466 1398 Deus
2525 1346 2587 1396 ad
2618 1343 2833 1397 Saulem
2868 1344 2933 1395 tle
2977 1341 3175 1394 Davide
3197 1340 3362 1395 verba
3404 1339 3486 1391 fa—

1921 1437 2070 1490 ciens
2097 1452 2111 1487 :
2146 1436 2286 1488 Dabo
2318 1451 2532 1505 regnum
2573 1446 2719 1488 tuum
2760 1433 2964 1488 meliori
2993 1443 3039 1487 te
3064 1432 3131 1485 ⁵³.
3161 1430 3296 1484 Tum
3327 1431 3483 1484 illud:

1921 1526 2165 1595 Benefac,
2197 1524 2433 1589 Domine,
2468 1526 2613 1578 bonis
2642 1524 2727 1590 ⁸²⁵;
2764 1538 2827 1578 ac
2860 1524 3094 1591 denique
3127 1538 3189 1576 ea
3219 1523 3270 1574 id
3304 1536 3479 1591 genus

1921 1618 2120 1679 omnia,
2156 1631 2273 1685 qua:
2312 1616 2378 1669 de
2405 1617 2488 1670 his
2538 1618 2814 1680 dicuntur,
2864 1616 2952 1683 qui
3013 1614 3288 1668 hominum
3331 1611 3488 1665 laude

1924 1722 1987 1761 ac
2018 1708 2401 1777 praedicatione
2428 1706 2641 1771 ﬂorent,
2675 1707 2740 1759 ad
2773 1721 2908 1774 quos
2961 1705 3119 1775 primi
3174 1705 3317 1760 illius
3360 1705 3487 1759 boni

249 1795 365 1856 τοῖς
409 1792 677 1864 ρήμασινς
723 1793 781 1845 ὲν
823 1790 1069 1853 ἐκείνοις·
1122 1786 1310 1855 Οὗτός
1353 1808 1468 1844 σου
1507 1791 1652 1856 Θεὸς
1686 1792 1813 1860 (58),

1927 1800 2073 1854 rivus
2102 1800 2423 1853 secundario
2461 1814 2623 1853 cursu
2655 1798 2974 1851 dimanavit.
3011 1797 3133 1852 Haec
3160 1797 3206 1850 si
3244 1796 3338 1850 tibi
3365 1809 3489 1863 per-

249 1887 325 1938 οὐ
365 1882 792 1953 λογισθήσεται
841 1882 1041 1949 ἕτερος
1090 1884 1237 1949 πρές
1281 1883 1484 1935 αὐτόν.
1537 1883 1648 1935 Καὶ
1703 1886 1818 1951 μετ’

248 1975 434 2043 ὀλίγα·
475 1973 632 2029 Μετὰ
672 1973 847 2027 τοῦτο
886 1973 985 2025 ἐπὶ
1026 1971 1132 2040 τῆς
1182 1972 1288 2041 Γῆς
1334 1973 1521 2041 ὤφθη,
1566 1973 1663 2026 καὶ
1695 1973 1818 2039 τοῖς

248 2065 586 2134 ἀνθρώποις
603 2063 1092 2133 συνανεστράφη.
1123 2065 1244 2116 ’Ότι
1297 2066 1394 2134 μὲν
1443 2064 1552 2136 γὰρ
1598 2065 1659 2116 οὺ
1695 2067 1822 2137 περ).

248 2156 346 2210 τοῦ
398 2155 630 2227 Πατρδς,
688 2154 824 2208 ἀλλὰ
852 2153 946 2206 τοῦ
1004 2153 1115 2223 (59)
1160 2153 1290 2206 Υίοῦ
1316 2154 1399 2207 ετὸ
1435 2154 1743 2224 λεγόμενον,
1788 2157 1820 2226 ή

248 2248 538 2319 προσθήκη
572 2247 758 2315 σαφῶς
784 2248 1128 2317 παρίστησιν.
1159 2239 1338 2309 Οὗτος·
1354 2248 1462 2317 γάρ
1484 2249 1628 2299 ἐστιν
1658 2249 1685 2300 ὁ
1720 2263 1823 2299 σω-

164 2374 171 2381 ν
251 2338 501 2408 ματικῶς
535 2338 800 2408 ὁμιλήσας
827 2339 979 2408 ἡμῖν,
1014 2339 1110 2390 καὶ
1151 2338 1289 2407 μετὰ
1325 2338 1432 2390 τῶν
1474 2337 1626 2390 κάτω
1656 2339 1824 2405 γενό-

251 2446 431 2498 μενος.
460 2430 523 2481 Εἰ
572 2428 631 2480 δὲ
679 2429 944 2498 νικήσειε,
974 2427 1116 2481 κατὰ
1166 2427 1256 2480 τοῦ
1313 2429 1521 2499 [ἰατρὸς
1566 2428 1816 2497 λέγεσθαι

245 2517 429 2582 τοῦτο,
471 2517 547 2588 μὴ
570 2518 679 2571 τῶν
706 2517 1073 2588 νομιζομένων
1104 2518 1261 2582 Θεῶν,
1286 2519 1563 2589 ἡττήμεθα
1589 2520 1679 2572 τὸν
1707 2521 1818 2573 Πα-

243 2609 403 2677 ⁶τέρα,
439 2609 507 2661 δι’
540 2602 614 2661 ὧν
662 2606 755 2661 τοῦ
814 2608 942 2660 Υἱοῦ
987 2608 1098 2677 (40)
1134 2609 1663 2679 κατεσπουδάσαμεν.
1708 2610 1818 2663 Καὶ

244 2700 302 2753 τί
330 2700 443 2771 (41)
483 2700 549 2754 ἂν
596 2701 694 2770 τῆς
726 2700 880 2771 νίκης
911 2700 1114 2771 ταύτης
1169 2702 1379 2769 γένοιτο
1429 2702 1749 2774 ἀθλιώτερον
1781 2705 1814 2774 ἢ

245 2789 684 2865 ζημιωδέστερον
707 2811 722 2860 ;

1924 1890 2212 1955 suasimus,
2249 1888 2689 1943 commodissime
2716 1902 2776 1941 se
2798 1900 2882 1940 res
2917 1887 3097 1941 habet.
3147 1884 3241 1940 Sin
3285 1885 3487 1946 minus,

1922 1982 2047 2050 quid
2070 1983 2315 2034 dicturus
2343 1995 2404 2035 es
2444 1980 2510 2035 ad
2547 1993 2659 2040 eos.
2699 1978 2790 2046 qui
2821 1993 2889 2032 ex
2936 1977 3104 2030 altera
3137 1983 3307 2044 parte,
3335 1976 3486 2040 juxta

1919 2072 1991 2133 id,
2025 2070 2167 2139 quod
2202 2086 2299 2140 pro
2328 2086 2504 2125 causae
2531 2081 2633 2124 tute
2655 2069 3010 2123 fundamento
3035 2064 3490 2136 posuisti,Filium

1918 2164 2088 2217 solum
2124 2162 2292 2216 Deum
2344 2162 2548 2216 dictum
2598 2174 2722 2215 esse
2770 2159 3122 2215 contendunt.
3179 2156 3238 2211 In
3291 2156 3488 2224 quibus

1920 2266 2097 2309 autem
2133 2254 2354 2308 verbis?
2391 2255 2442 2306 in
2473 2253 2593 2307 istis
2625 2253 2882 2306 nimirum
2924 2265 2939 2302 :
3004 2248 3108 2303 llic
3168 2248 3308 2302 Deus
3344 2257 3486 2310 tuus,

1918 2357 1965 2400 et
2000 2362 2103 2399 non
2136 2346 2482 2400 wstimabitur
2511 2343 2652 2396 alius
2696 2354 2886 2410 prtrter
2944 2357 3064 2394 eum
3091 2339 3160 2394 ⁸⁸.
3208 2339 3277 2394 Ει
3302 2338 3489 2406 paucis

1924 2436 2261 2504 interjectis:
2321 2435 2448 2488 Post
2487 2437 2597 2488 luet:
2661 2435 2714 2485 in
2771 2442 2913 2486 terra
2958 2434 3101 2487 visus
3150 2440 3245 2493 est,
3277 2440 3324 2482 et
3371 2444 3488 2481 cum

1922 2525 2215 2580 hominibus
2244 2534 2576 2579 conversatus
2605 2533 2679 2578 est
2707 2523 2778 2578 ⁵⁸.
2808 2521 2941 2576 Nam
2986 2520 3148 2592 550
3186 2520 3351 2589 quod,
3381 2533 3486 2572 non

1923 2617 1989 2671 de
2012 2616 2197 2683 Patre,
2232 2619 2324 2671 sed
2358 2617 2423 2670 de
2482 2615 2638 2679 Filio,
2696 2629 2877 2669 sermo
2935 2615 3216 2677 habeatur,
3255 2609 3487 2676 adjectio

1931 2708 2045 2762 haec
2077 2719 2263 2777 aperte
2298 2708 2559 2763 declarat.
2589 2707 2688 2761 Hic
2713 2707 2855 2761 enim
2884 2713 3000 2769 est,
3041 2704 3130 2772 qui
3166 2715 3481 2771 corpoream

1924 2798 2201 2853 nobiscum
2232 2798 2673 2853 consuetudinem
2711 2796 2917 2859 habuit,
2951 2794 3288 2861 terrenisque
3317 2792 3477 2845 rebus

244 2882 567 2951 coniunctus
598 2893 702 2937 est.
732 2881 885 2949 Quod
909 2882 955 2937 si
985 2881 1110 2937 illud
1129 2883 1458 2949 obtineatur,
1482 2885 1596 2939 haec
1619 2886 1801 2951 verba,
1823 2884 1886 2939 Et
1918 2904 2022 2942 non
2042 2890 2384 2943 testimabitur
2407 2889 2566 2953 alius,
2592 2887 2852 2942 adversus
2882 2886 3100 2941 Patrem
3117 2884 3244 2948 dici,
3270 2898 3373 2937 non
3391 2883 3487 2935 ad'

243 2986 439 3045 versus
458 2987 570 3034 eos,
594 2974 685 3047 qui
719 2973 851 3028 falsa
873 2975 1184 3029 mortalium
1211 2975 1464 3045 opiniOne
1489 2977 1562 3031 dii
1588 2977 1874 3043 habentur,
1903 2981 2045 3049 quod
2082 2981 2150 3035 ad
2176 2980 2390 3035 Patrem
2430 2981 2643 3041 attinet,
2668 2993 2766 3049 per
2790 2993 2852 3034 ea
2876 2979 3060 3047 utique
3099 2976 3222 3031 victi
3262 2989 3449 3031 sumus
3467 3014 3483 3039 ,

244 3063 442 3132 quibus
504 3065 760 3119 adversus
789 3064 983 3119 Filium
1033 3065 1228 3120 obnixe
1262 3068 1657 3121 contendimus‘
1687 3069 1801 3134 Qua
1847 3070 2071 3125 victoria
2095 3072 2222 3140 quid
2265 3071 2631 3128 calamitosius
2659 3080 2715 3125 et
2748 3069 3106 3140 perniciosius
3130 3083 3252 3124 esse
3288 3067 3487 3138 queat?

320 3157 416 3208 Μ’.
453 3155 711 3209 Ἔννατον
754 3156 931 3211 ἐκεῖνο
976 3157 1207 3226 φήσουσι
1262 3147 1639 3220 τὺ,“Πάντοτε
1690 3157 1813 3223 ζῶν,

1998 3161 2132 3217 XIV.
2176 3160 2330 3216 Nono
2397 3161 2527 3215 illud
2561 3163 2856 3232 producent
2889 3179 2901 3214 :
2934 3158 3146 3229 Semper
3192 3159 3364 3213 vivens
3418 3159 3489 3210 ad

241 3249 337 3312 εὶς
356 3246 422 3299 τὸ
440 3244 830 3315 ἐντυγχάνειν
858 3246 969 3316 (42)
1003 3246 1153 3314 ὑπὲρ
1173 3246 1359 3316 ἡμῶν.
1390 3244 1463 3302 Εὖ
1490 3266 1552 3317 γε
1581 3251 1673 3302 καὶ
1700 3250 1817 3303 λίαν

245 3337 528 3408 μυστικῶς
559 3354 618 3389 τε
657 3337 751 3390 καὶ
799 3336 1212 3407 φιλανθρώπως.
1249 3339 1322 3391 Τὸ
1356 3339 1476 3412 ’,γὰρ
1525 3341 1816 3409 ἐντυγχὰ-

242 3445 397 3491 retr,
440 3429 561 3499 οὐχ,
602 3429 742 3499 ὡςή
789 3427 896 3481 τῶν
931 3428 1137 3482 πολλῶν
1197 3430 1471 3501 συνήθεια,
1516 3430 1579 3484 τὸ
1636 3431 1817 3502 ζητεῖν

243 3520 523 3590 ἐκδίκησιν
548 3520 660 3589 ἔχει
677 3536 690 3549 ⁸
713 3520 870 3588 τοῦτο
892 3520 1000 3589 γάρ
1014 3539 1130 3585 πως
1154 3523 1247 3576 καὶ
1273 3523 1659 3594 ταπεινότητος
1684 3523 1812 3595 (45)·

242 3612 383 3666 ἀλλὰ
414 3614 476 3666 τὸ
508 3613 828 3682 πρεσϐεύειν
864 3614 1002 3683 ὑπὲρ
1038 3614 1191 3684 ἡμῶν
1234 3615 1312 3684 τῷ
1348 3615 1491 3684 λόγῳ
1526 3617 1624 3687 τῆς
1667 3633 1817 3686 μεσι-

240 3705 425 3768 τείας·
457 3705 532 3767 ὡς
578 3704 767 3757 καὶτὸ
813 3704 1037 3774 Πνεῦμα
1089 3705 1229 3775 ὑπὲρ
1285 3707 1440 3776 ἡμῶν
1471 3708 1816 3777 ἐντυγχάνειν

242 3793 481 3861 λέγεται.
514 3789 617 3859 Εἷς
645 3796 752 3863 γὰρ
792 3794 956 3875 Osric,
988 3790 1077 3860 εἷς
1106 3797 1205 3848 καὶ
1238 3796 1493 3871 μεσίτης
1534 3797 1682 3851 Θεοῦ
1716 3797 1815 3851 καὶ

206 3908 215 3919 ε
241 3885 589 3954 ἀνθρώπων,
616 3885 934 3955 ἄνθρωποςι
956 3887 1187 3955 Ἰησοῦς
1215 3889 1486 3955 Χριστός.
1517 3887 1816 3957 Πρεσϐεύει

242 3977 352 4048 γὰρ
391 3977 472 4029 ἔτι
511 3977 607 4030 καὶ
634 3976 748 4037 νῦν,
783 3976 861 4040 ὡς
905 3977 1207 4047 ἄνθρωπος,
1247 3978 1385 4049 ὑπὲρ
1414 3981 1511 4049 τῆς
1539 3980 1679 4049 ὲμῆς
1712 3998 1817 4034 σω-

241 4069 458 4140 τηρίας,
482 4069 564 4121 ὅτι
602 4066 739 4137 μετὰ
766 4067 859 4120 τοῦ
891 4068 1141 4139 σώματός
1173 4071 1337 4129 ἐστιν,
1369 4063 1429 4139 οὗ
1457 4071 1811 4140 προσέλαϐεν,

204 4202 208 4209 .
241 4160 348 4223 ἕως
380 4159 446 4212 ἂν
467 4160 570 4229 ἐμὲ
597 4160 797 4229 ποιήσῃ
829 4158 959 4211 Θεὸν
981 4161 1051 4229 τῇ.
1083 4158 1306 4230 δυνάμει
1336 4159 1434 4230 τῆς
1466 4158 1815 4230 ὲνανθρωπή-

241 4268 383 4313 σεως
417 4251 550 4322 (44),
590 4250 694 4303 κᾶν
729 4251 923 4320 μηκέτι
967 4249 1109 4303 κατὰ
1152 4250 1329 4320 σάρκα
1365 4249 1717 4321 γινώσκηται.
1746 4252 1813 4305 τά

241 4341 484 4411 σαρκικὰ
512 4341 655 4409 λέγω
679 4340 845 4411 πάθη,
878 4341 994 4405 καὶ,
1026 4341 1194 4411 χωρὶς
1231 4340 1330 4410 τῆς
1354 4342 1647 4411 ἁμαρτίας,
1678 4342 1804 4412 ἡμέ-

238 4446 393 4500 τερα.
446 4429 602 4482 Οὕτω
651 4429 709 4483 δὲ
750 4432 845 4483 καὶ
893 4430 1282 4499 παράκλητον
1324 4430 1543 4499 ἔχομεν
1569 4432 1812 4497 Ἰησοῦν

1919 3254 2358 3321 interpellandum
2407 3270 2502 3320 pro
2551 3254 2700 3308 nobis
2726 3254 2793 3306 ⁵⁷.
2845 3250 3062 3320 Optime
3106 3264 3240 3304 sane
3266 3264 3331 3303 ac
3360 3263 3485 3319 per-

1918 3360 2076 3413 quam
2107 3345 2331 3415 mystice
2359 3354 2414 3398 et
2447 3345 2695 3415 benigne.
2713 3342 3080 3412 lnterpellatio
3101 3354 3335 3410 namque
3356 3354 3483 3403 non,

1917 3436 2057 3507 rulgi
2100 3451 2270 3501 more,
2302 3437 2355 3490 id
2387 3444 2565 3497 sonat,
2589 3435 2733 3505 quod
2758 3444 2841 3490 est
2901 3433 3192 3487 vindictam
3241 3443 3487 3500 quaerere

1918 3528 2044 3597 (hoc
2096 3529 2241 3584 enim
2300 3528 2622 3583 humilitatis
2674 3526 3073 3596 quodammodo
3121 3521 3333 3594 esset);
3391 3521 3486 3576 sed

1917 3618 2056 3673 idem
2120 3616 2431 3688 signiﬁcat,
2492 3616 2632 3686 quod
2716 3631 2816 3686 pro
2889 3615 3070 3678 nobis,
3148 3611 3489 3667 mediationis

1918 3709 2172 3773 ratione,
2262 3707 2602 3778 supplicare;
2683 3706 3132 3776 quemadmodum
3212 3711 3265 3756 et
3314 3701 3487 3771 Spiri-

1919 3807 2002 3852 tus
2032 3813 2129 3867 pro
2164 3799 2320 3853 nobis
2343 3799 2676 3853 intercedere
2705 3798 2922 3852 dicitur.
2961 3794 3107 3849 Unus
3148 3796 3285 3848 enim
3326 3782 3516 3857 Deus,'

1916 3907 2051 3944 unus
2098 3892 2256 3945 etiam
2307 3891 2567 3945 mediator
2623 3889 2721 3943 Dei
2748 3898 2795 3943 et
2817 3888 3109 3951 hominum,
3156 3885 3307 3938 homo
3328 3882 3489 3939 Iesus

1915 3981 2153 4037 Christus
2183 3983 2251 4035 ⁸⁸.
2276 3982 2567 4036 Intercedit
2590 3981 2732 4036 enim
2762 3993 2905 4033 nunc
2944 3990 3182 4046 quoque,
3219 3985 3271 4028 ut
3298 3974 3481 4036 homo,

1915 4087 2013 4144 pro
2037 4087 2156 4127 mea
2192 4072 2411 4137 salute;
2434 4071 2694 4142 quoniam
2722 4084 2842 4124 cum
2872 4081 2938 4121 eo
2965 4080 3191 4135 corpore
3220 4073 3321 4128 est,
3344 4065 3493 4133 quod

1915 4164 2227 4232 assumpsit,
2278 4164 2451 4217 donec
2486 4176 2591 4227 me,
2636 4168 2927 4228 assumpta:
2978 4155 3335 4210 humanitatis
3372 4154 3483 4207 viro

1918 4261 2048 4316 tute,
2075 4251 2239 4307 Deum
2293 4251 2556 4317 ell'ecerit,
2601 4250 2811 4304 tametsi
2859 4262 2967 4302 non
3011 4246 3125 4315 jam
3187 4245 3492 4299 secundum

1916 4356 2134 4397 carnem
2191 4351 2579 4413 cognoscatur,
2631 4344 2733 4395 hoc
2777 4348 2880 4403 est,
2916 4336 3209 4392 secundum
3238 4333 3491 4389 carnales

1917 4430 2253 4500 aﬂectiones,
2312 4448 2406 4497 ac,
2466 4433 2602 4487 citra
2652 4441 2961 4499 peccatum,
3015 4436 3249 4481 nostras.
3283 4425 3491 4480 Eodem

238 4518 501 4585 Χριστὸν
525 4518 659 4589 (45),
686 4518 784 4589 οὐχ
810 4519 886 4583 ὡς
926 4519 1066 4590 ὑπὲρ
1097 4519 1252 4590 ήμῶν
1288 4520 1809 4591 προκαλινδούμενον

1924 4524 2069 4578 nodo
2086 4525 2395 4580 advocatum
2414 4537 2627 4593 quoque
2645 4521 2893 4575 habemus
2919 4519 3100 4573 Jesum
3131 4516 3397 4572 Christum
3413 4516 3482 4580 ",

239 4610 337 4664 τοῦ
358 4611 589 4683 Πατρὸς,
619 4612 711 4665 καὶ
743 4613 1149 4683 προσπίπτοντα
1172 4612 1447 4676 δουλικῶς.
1474 4614 1686 4679 ’Ἄπαγε
1711 4614 1809 4681 τὴν

313 4722 359 4755 ⁸⁸
384 4719 526 4794 1,.ιιιίζ
559 4736 711 4794 svnt,
737 4721 852 4794 iQ.__
898 4720 1159 4794 "itlatth.
1194 4723 1421 4794 3:11.755.
1465 4721 1586 4794 ξ’]
1614 4722 1746 4794 Reg.
1780 4742 1811 4778 ιι

1924 4727 1991 4782 28.
2034 4729 2081 4760 ⁵⁵
2118 4728 2263 4783 Psal.
2292 4743 2475 4792 cxxtv,
2512 4727 2565 4781 4.

221 4790 329 4865 58.
407 4791 450 4821 ⁵⁷
481 4788 644 4844 Hebr.
667 4806 760 4855 vlt,
786 4789 876 4844 ‘25.
952 4790 1356 4863 “l'l‘itu.tt,5.
1432 4788 1722 4848 "lJoan:
1748 4812 1805 4860 Il,
1843 4797 1893 4859 1.

1916 4625 2111 4681 nonut
2165 4628 2349 4670 nostra
2389 4631 2550 4671 causa
2607 4628 2728 4669 sese
2775 4614 2841 4668 ad
2871 4611 3053 4666 Patris
3103 4613 3266 4679 pedes
3296 4607 3480 4662 advol-

2661 4727 2707 4759 ⁵³
2735 4725 2944 4779 Baruch
2982 4737 3064 4789 tu,
3092 4721 3180 4776 56.
3285 4719 3332 4752 ⁵⁸
3352 4718 3483 4773 ibid.

312 4880 428 4951 (54)
451 4882 626 4954 φησιζ
651 4848 863 4954 Comh.,
899 4859 1079 4950 φύσει.
1100 4901 1118 4932 ι
1146 4848 1345 4938 Natura
1386 4899 1592 4940 summe
1611 4848 1807 4940 bonum

1924 4885 2055 4939 stud
2105 4891 2875 4954 retorquere“argumentum,
2907 4880 2999 4954 sed
3044 4876 3486 4954 inuPatremero

237 4949 381 5008 esse.
408 4949 572 5004 Solius
595 4949 688 5003 Dei
721 4960 823 5004 est.
855 4971 872 5000 ι

310 5019 427 5092 (55)
459 5018 863 5092 Ὄνομάζηται.
882 5020 1102 5092 Comi»,
1134 5021 1479 5092 ὀνομάζεται.

237 5088 427 5213 Ofb?)
453 5089 665 5212 3:70;»
688 5089 847 5143 Deest
880 5091 931 5142 in
965 5091 1133 5146 tribus
1162 5088 1349 5161 ne“,
1373 5102 1603 5162 quatuor
1625 5093 1802 5159 συιδ..

290 5175 334 5211 1⁵.
371 5174 426 5217 ‘I.
453 5174 557 5212 Βιϐ-

309 5226 426 5298 (57)
454 5229 781 5301 lleMouter.
815 5229 926 5282 Duo
958 5229 1146 5300 ch‘g.,
1169 5241 1401 5301 quatuor
1428 5230 1602 5295 Colh.,
1629 5233 1722 5288 Or.
1754 5234 1803 5299 1,

235 5295 369 5367 ete.,
399 5295 677 5367 πείθομεν.

247 5439 252 5442 _
307 5366 423 5442 (ἕξ)
451 5363 642 5442 modo
677 5368 988 5442 σου-Θεός.
1024 5369 1139 5442 Duo
1170 5368 1360 5442 εἴρξας..
1392 5364 1544 5442 οὗτος
1575 5370 1776 5442 ὀῂΘεός.

249 5439 252 5488 ξ
450 5436 629 5511 ’ᾼμὰ
652 5436 782 5511 τοῦς
809 5439 867 5489 In
902 5439 1358 5511 nonttttllis,_ait).d
1387 5438 1658 5511 περὶτοῦ.

240 5530 250 5571 χ
306 5505 422 5574 (40)
450 5506 530 5558 Δι’
554 5500 642 5558 ὧν
672 5506 800 5574 τοῦ,
835 5516 941 5562 etc.
975 5500 1402 5562 Leuvenklaius:
1500 5510 1705 5574 Quibus
1732 5511 1797 5564 ad

233 5575 648 5645 Oppugnandum
686 5573 886 5628 Filium
938 5577 1242 5631 utebamur.
1275 5597 1297 5628 ι
1333 5573 1689 5634 Combeﬂsius
1710 5595 1802 5633 ve-

234 5661 345 5697 m:
402 5662 423 5695 ι
474 5643 677 5711 Quibus
721 5644 857 5713 Filio
917 5645 1156 5713 impense
1207 5650 1528 5702 studuimus.
1580 5666 1599 5699 ι
1648 5648 1801 5702 Putat

232 5714 381 5768 enim
421 5714 505 5769 vir
561 5716 770 5780 doctus,
824 5712 1143 5786 Gregorium
1198 5718 1304 5785 hic,
1360 5734 1463 5792 nep
1504 5720 1555 5773 in
1602 5716 1801 5773 Filium

1913 4955 2070 5019 Filio,
2101 4963 2155 5007 ut
2185 4944 2288 5008 hac
2308 4944 2676 5014 similitudine,
2711 4966 2830 5017 seu,
2850 4950 2914 5005 .in
2957 4947 3158 5011 simili,
3198 4944 3482 4998 haeretico—

1917 5041 2033 5077 rum
2063 5024 2458 5077 cavillationem
2487 5022 2666 5075 elidat.

1985 5091 2095 5159 (M)
2128 5093 2258 5147 Kal.
2288 5093 2442 5146 Deest
2482 5092 2532 5143 in
2567 5089 2660 5142 Or.
2697 5091 2748 5151 1,
2785 5088 3011 5157 aliisque
3038 5082 3297 5159 pluribus.

1988 5149 2098 5235 (42)
2138 5162 2208 5216 Τὸ
2239 5160 2644 5235 ἐχτυγχάνειιςτ
2675 5179 2693 5210 ι
2722 5149 2818 5235 Ad
2841 5149 3305 5235 interpellandum.
3341 5168 3360 5201 ι
3391 5149 3484 5204 Sic

1915 5223 2141 5298 Vulgata
2178 5242 2226 5285 et
2254 5223 2528 5283 Erasinus.
2547 5229 2663 5283 Bill.
2700 5249 2716 5278 t
2743 5232 2818 5281 At!
2845 5223 3335 5298 interCedettdum.)

1985 5288 2098 5373 (is)
2134 5301 2579 5373 Ταπεινρτητρς.
2619 5316 2639 5349 ι
2678 5297 3027 5373 Humilitalis.
3061 5312 3080 5346 ι
3108 5293 3166 5345 Id
3195 5300 3299 5358 est,
3325 5297 3383 5344 ιιι
3403 5288 3480 5343 ait

1913 5368 2089 5427 Elias.’
2108 5390 2127 5422 t
2155 5369 2534 5423 imbecillitatis
2563 5378 2645 5422 est
2674 5368 2931 5420 auxilium
2969 5376 3263 5433 qttmcerea

1980 5441 2093 5563 (44)
2123 5437 2673 5506 Ἐνανθρωπήσεως.
2724 5436 2814 5489 Sic
2848 5444 2956 5488 tres
2989 5429 3193 5500 'ﬂeggq
3240 5429 3481 5498 quinque

1908 5510 1984 5565 C0
2009 5514 2086 5572 b.,
2117 5510 2209 5565 Or.
2246 5510 2299 5569 1,
2330 5518 2435 5561 ειρ.
2471 5507 2526 5560 ln
2550 5510 2659 5571 ed.,
2680 5505 3101 5574 ἀνθρωπήσεως.
3135 5571 3160 5574 _
3342 5568 3385 5574 __

1982 5523 2086 5572 10.,
2117 5523 2209 5565 Ur.
2246 5523 2299 5569 1,
2330 5523 2435 5561 etc.
2471 5523 2526 5560 ιιι
2550 5523 2659 5571 ed.,
2680 5523 3101 5575 ανυρωπησεως.

1982 5580 2094 5651 (45)
2126 5578 2368 5648 Ἰησοῦν
2407 5578 2683 5646 Χριστόν.
2744 5574 2833 5629 Sic
2875 5571 2969 5627 Or.
3030 5575 3080 5626 1.
3134 5571 3292 5625 Deest
3342 5568 3480 5640 Χρι-

1910 5651 2030 5704 στόν
2057 5651 2107 5705 in
2134 5651 2220 5709 οιι.
