3890 6214
443 280 550 335 Γὶὸ

1675 285 1734 340 S.
1775 286 2103 345 GKEGORII
2144 288 2489 349 TIIEOLOGI

3608 309 3715 365 126

439 401 679 458 ventem,
759 394 1051 464 servilique
1095 397 1257 452 modo
1288 398 1653 467 abjicientem.
1715 403 1906 459 Procul
1953 405 2030 459 sit

2160 408 2321 480 οὑλην
2352 411 2522 475 ὅντως
2551 413 2828 480 ὑπόνοιαν,
2865 415 2960 468 καὶ
2990 400 3216 481 ἀναξίαν
3248 417 3341 470 τοῦ
3369 418 3712 489 Πνεὺματος.

442 491 545 543 ista
576 487 790 543 servilis
824 503 957 543 sane
992 490 1250 558 suspicio,
1286 490 1604 561 Spirituque
1633 494 1874 565 indigna.
1914 494 2024 550 Ne-

442 593 550 648 que
578 582 724 635 enim
752 578 929 635 Patris
950 589 1034 634 est
1085 581 1187 635 hoc
1236 595 1554 652 exposcere,
1590 594 1684 639 aut
1725 586 1846 640 Filii
1877 587 2021 656 pati:

447 686 549 725 nec
580 673 647 725 de
704 671 816 726 Deo
848 672 951 727 hoc
985 672 1227 742 cogitare
1265 672 1415 743 pittm
1464 684 1626 745 atque
1654 692 1870 746 aequum
1912 688 2018 733 est.

445 762 553 818 Sed
583 777 649 818 ex
682 764 789 831 his,
848 778 967 833 quae
1020 763 1333 819 humanitus
1367 780 1659 837 perpessus
1708 779 1815 835 est,
1839 771 1905 825 ad
1939 779 2016 826 to-

445 853 733 908 lerantiam
763 868 868 920 me,
927 862 987 907 nt
1034 852 1269 907 Verbum
1326 862 1381 909 et
1430 858 1770 925 exhortator,
1798 859 2021 914 inducit.

448 944 539 999 Sic
568 959 669 1008 ego
706 944 1113 1000 advocationem
1145 946 1286 1000 hanc
1327 946 1726 1018 intelligendam
1764 951 2021 1005 arbitror.

517 1033 637 1090 XV.
669 1035 891 1090 Decimo
921 1036 1041 1090 loco
1070 1036 1432 1105 ignorantiam
1479 1048 1710 1106 ponunt,
1758 1039 2022 1110 illudque,

449 1127 595 1196 quod
623 1136 926 1182 extremum
952 1128 1092 1182 diem
1165 1139 1329 1198 atque
1372 1131 1563 1185 horam
1613 1146 1774 1187 nemo
1826 1149 2025 1204 cogno-

451 1230 593 1287 scat,
623 1233 687 1273 ac
716 1234 783 1273 ne
818 1218 984 1272 Filius
1035 1221 1248 1289 quidem
1280 1222 1413 1289 ipse,
1444 1223 1538 1276 sed
1573 1224 1717 1278 solus
1763 1224 1922 1279 Pater
1952 1226 2019 1277 ⁸⁸.

2126 498 2264 551 Οὑτε
2292 499 2401 572 γὰρ
2423 501 2517 554 τοῦ
2546 503 2758 574 Πατρὸς
2782 504 2939 558 τοῦτο
2965 505 3263 577 ἐπιζητεῖν,
3294 508 3420 561 οὔτε
3458 510 3552 563 τοῦ
3575 512 3716 565 Υἱοὺ

2127 592 2376 664 πάσχειν,
2406 596 2439 666 ἢ
2476 595 2551 659 ὡς
2587 595 2700 667 (46)
2731 597 2859 668 περὶ
2903 597 3038 651 Θεοῦ
3086 598 3415 653 διανοεῖσθαι
3467 601 3712 655 δίκαιον·

2125 685 2239 739 ἀλλ’
2271 680 2353 749 οἷς
2381 686 2671 751 πέπονθεν,
2714 687 2789 750 ὡς
2821 688 3131 759 ἄνθρωπος,
3186 690 3362 743 πείθει
3395 696 3713 762 καρτερεῖν.

2124 774 2202 839 ὡς
2224 776 2397 844 Λόγος
2426 775 2520 829 καὶ
2550 776 2898 847 παραινέτης.
2929 777 3098 830 Τοῦτο
3124 778 3322 831 νοεῖταί
3356 796 3445 849 μοι
3473 782 3505 850 ή
3533 782 3721 849 παρά-

2127 867 2336 939 κλησις.

2197 1051 2297 1105 IE'.
2321 1053 2553 1107 Δέκατον
2573 1072 2757 1119 αυτοις
2778 1072 2926 1109 εστιν
2953 1058 2985 1126 ἡ
3021 1056 3231 1123 ἄγνοια,
3258 1070 3354 1108 και
3381 1069 3443 1108 το
3501 1055 3713 1127 μηδενα

2125 1142 2413 1211 γινώσκειν
2442 1145 2540 1216 τὴν
2568 1147 2885 1200 τελευταίαν
2913 1146 3151 1217 ἡμέραν,
3178 1146 3212 1217 ἢ
3241 1144 3412 1218 ὤραν.
3454 1145 3589 1217 μηδὲ
3618 1145 3716 1198 τὸν

2129 1233 2255 1286 Υἱδν
2288 1234 2470 1298 αὑτὸν,
2515 1236 2563 1287 εί
2611 1237 2685 1306 μὴ
2723 1236 2813 1289 τὸν
2840 1237 3077 1308 Πατέρα.
3132 1236 3324 1289 Καίτοι
3376 1234 3495 1298 πῶς
3524 1237 3718 1303 ἀγνοεῖ

449 1310 641 1379 Atqui
669 1309 785 1365 ﬁeri
820 1320 1019 1379 potest,
1073 1323 1132 1366 ιιι
1171 1311 1448 1380 Sapientia
1490 1315 1783 1384 quidquam
1812 1330 2023 1382 eorum,

2163 1340 2179 1374 ι
2206 1321 2315 1375 τῶν
2346 1322 2515 1377 ὄντων
2545 1327 2578 1396 ἠ
2630 1325 2818 1393 Σοφία,
2853 1328 2881 1378 6
2925 1325 3153 1396 ποιητὴς
3185 1324 3297 1396 (47)
3331 1323 3440 1376 τῶν
3473 1323 3714 1387 αἰώνων,

451 1418 573 1471 quae
602 1410 750 1468 sunt,
791 1403 1020 1472 ignoret,
1061 1402 1172 1467 ille,
1203 1403 1446 1473 inquam,
1484 1406 1801 1460 saeculorum
1834 1407 2022 1468 factor,

2181 1411 2535 1483 συντελεστὴς
2564 1414 2658 1468 καὶ⁹
2695 1414 3086 1486 μεταποιητὴς,
3115 1415 3176 1466 τὸ
3211 1414 3385 1485 πέρας
3417 1414 3527 1467 τῶν
3553 1432 3717 1483 γενο-

453 1493 545 1549 ille
570 1503 979 1549 consummator
1005 1503 1169 1565 atque
1201 1496 1533 1560 immutator,
1563 1496 1651 1551 ille
1680 1512 1866 1552 eorum
1908 1512 2027 1566 quae

2160 1504 2329 1570 ιένων,
2362 1507 2391 1558 6
2435 1505 2579 1559 οὑτω
2611 1506 2680 1559 τά
2728 1506 2822 1559 τοῦ
2855 1506 2990 1561 Θεοῦ
3031 1506 3144 1577 (48)
3179 1505 3485 1574 γινώσκων,
3534 1506 3613 1570 ὡς
3654 1507 3721 1559 τὸ

455 1585 595 1639 facta
626 1585 913 1651 suntﬁnis,
939 1586 1141 1654 quique
1165 1600 1251 1651 ea,
1274 1600 1395 1654 quae
1415 1586 1506 1640 Dei
1540 1594 1688 1651 sunt,
1717 1586 1876 1657 551
1902 1602 2027 1654 per-

2160 1595 2349 1666 τνεῦμα
2373 1596 2465 1650 τοῦ
2493 1596 2780 1669 ἀνθρώπου
2813 1598 2881 1651 τὰ
2917 1597 3029 1669 (49)
3061 1600 3118 1650 ἐν
3140 1598 3322 1668 αὑτῷς
3356 1598 3421 1652 Τί
3445 1599 3556 1671 γὰρ
3582 1600 3721 1654 ταὺ-

452 1676 580 1730 inde
639 1677 830 1744 novit,
885 1690 950 1730 ac
987 1676 1208 1747 Spiritus
1258 1676 1498 1732 hominis
1550 1692 1636 1740 ea,
1674 1693 1795 1748 quae
1827 1680 1879 1732 in
1913 1679 2028 1747 ipso

2160 1704 2229 1758 ης
2250 1689 2348 1759 τῆς
2375 1688 2628 1754 γνώσεως
2662 1690 3020 1760 τελεώτερον;
3067 1691 3192 1755 Πῶς
3224 1692 3310 1744 δαὶ
3339 1692 3452 1761 (50)
3499 1692 3568 1745 τὰ
3607 1692 3711 1763 μὲν

453 1766 689 1822 sunt“?
717 1765 858 1832 Quid
889 1766 1032 1822 enim
1075 1768 1178 1822 hac
1215 1760 1520 1838 cognitione
1561 1770 1774 1839 plenius
1826 1785 1888 1824 ac
1911 1785 2032 1840 per-

2160 1754 2240 1849 :pb
2277 1754 2376 1847 τῆς
2431 1777 2581 1850 ὥρας
2622 1778 2864 1850 ἀκριϐῶς
2899 1754 3219 1842 artiora-tat,
3267 1754 3363 1833 xui.
3396 1754 3466 1833 τά
3499 1754 3619 1833 οἷον
3659 1781 3721 1834 ἐν

456 1860 692 1914 tectius?
716 1859 819 1927 Qui
846 1874 978 1915 vero
1016 1868 1269 1926 constat,
1310 1860 1508 1931 ipsum,
1544 1876 1605 1916 ea
1639 1862 1876 1931 quidem,
1915 1877 2034 1932 qua:

2160 1868 2308 1938 ςρόνῳ
2339 1866 2433 1920 τοῦ
2471 1866 2678 1931 τέλους,
2701 1867 2872 1939 αὑτὴν
2911 1867 2968 1921 δὲ
3007 1869 3194 1937 ἀγνοεῖ
3227 1869 3341 1939 (5i)
3377 1869 3477 1940 τὴν
3522 1868 3718 1941 ὥραν;

456 1952 647 2007 horam
675 1952 819 2006 illam
844 1953 1198 2018 antecedunt,
1222 1968 1285 2007 ac
1306 1969 1428 2023 qua:
1469 1953 1616 2009 velut
1666 1955 1717 2008 in
1763 1955 1881 2024 ipso
1913 1954 2035 2011 linis

2160 1957 2555 2028 ιίνίγματιγάρ
2582 1956 2645 2009 τὸ
2679 1958 2911 2027 πρᾶγμα
2965 1957 3176 2027 ὅμοιον,
3216 1955 3404 2027 ὥσπερ
3426 1956 3493 2010 ἂν
3528 1957 3583 2009 εί
3631 1973 3721 2018 τις

455 2044 685 2098 articulo
747 2056 894 2109 sunt,
959 2045 1305 2100 exactissime
1333 2047 1492 2112 scire,
1539 2046 1708 2116 ipsam
1734 2054 1915 2101 autem
1939 2046 2037 2100 lto-

2160 2049 2200 2102 ’ἀ
2227 2049 2327 2118 μὲν
2363 2048 2470 2120 πρὸ
2497 2046 2591 2100 τοῦ
2633 2047 2848 2117 τείχους
2890 2046 3134 2119 ἀκριϐῶς
3187 2046 3514 2101 ἐπίστασθαι
3547 2047 3719 2116 λέγοι,

461 2151 579 2191 ram
615 2137 905 2205 ignorare?
926 2138 1224 2208 jEuigmati
1251 2138 1447 2207 quippe
1462 2152 1548 2192 res
1576 2138 1691 2193 tunc
1711 2138 1906 2193 similis
1931 2148 2032 2194 est:

2160 2138 2267 2192 ιὺτὸ
2286 2138 2344 2191 δὲ
2370 2139 2584 2207 ἀγνοεῖν
2608 2138 2669 2191 τὸ
2698 2141 2878 2208 τεῖχος
2897 2155 2911 2168 ο
2943 2137 2977 2209 ἢ
3019 2136 3082 2191 τὸ
3104 2124 3205 2208 τῆς
3232 2137 3447 2209 ἡμέρας
3470 2138 3623 2202 τέλος
3657 2135 3721 2191 εὖ

458 2229 680 2299 perinde
730 2228 978 2284 videlicet
1014 2244 1079 2284 ac
1100 2230 1146 2284 si
1204 2230 1329 2299 quis
1371 2246 1457 2294 ea,
1507 2245 1627 2299 quae
1652 2241 1777 2284 ante
1804 2247 2021 2285 murum

2160 2231 2517 2299 .πιστάμενος,
2547 2228 2645 2298 τὴν
2680 2228 2856 2300 ἀρχὴν
2884 2231 2985 2300 τῆς
3030 2228 3225 2291 νυκτὸς
3267 2227 3341 2299 μὴ
3383 2228 3677 2297 γινώσκειν
3704 2247 3719 2259 ·

459 2330 608 2383 sunt,
631 2321 944 2376 certissime
990 2336 1050 2376 se
1109 2335 1273 2377 nosse
1320 2320 1570 2387 aﬂirmct,
1603 2338 1815 2375 murum
1854 2332 2036 2376 autem

2160 2321 2264 2374 ,vﬂa
2297 2323 2330 2391 ή
2357 2319 2452 2373 τοῦ
2484 2321 2670 2393 ἑτέρου
2702 2320 2925 2387 γνῶσις,
2970 2320 3283 2387 ἀναγκαίως
3315 2320 3629 2389 συνεισάγει
3660 2320 3729 2373 τὸ

461 2412 640 2479 ipsum
694 2412 945 2482 ignorare
989 2428 1048 2468 se
1084 2412 1318 2468 fateatur
1351 2430 1366 2467 :
1401 2424 1495 2468 aut
1525 2414 1629 2468 dici
1668 2413 1827 2470 ﬁnem
1869 2416 2039 2485 probe

2160 2429 2341 2487 τερον.
2371 2413 2443 2465 Ἦ
2495 2416 2659 2467 πᾶσιν
2708 2411 2960 2483 εὔδηλον,
3014 2413 3098 2466 ὅτι
3150 2413 3410 2481 γινώσκει
3471 2413 3593 2483 μὲν,
3645 2414 3726 2478 ὡς

458 2503 658 2569 sciens,
689 2504 865 2560 noctis
907 2505 1233 2573 principium
1294 2504 1518 2561 minime
1567 2515 1857 2576 cognoscat
1894 2525 1907 2560 :
1948 2506 2037 2560 ubi

2160 2504 2289 2567 356;,
2322 2505 2534 2573 ἀγνοεῖν
2554 2504 2611 2556 δέ
2634 2520 2818 2573 φησιν,
2855 2503 2931 2567 ὡς
2967 2504 3275 2574 ἄνθρωπος,
3303 2504 3368 2557 ἀν
3397 2521 3481 2567 τις
3503 2503 3566 2557 τὸ
3592 2521 3726 2573 (pat—

464 2595 692 2650 alterius
724 2596 964 2665 cognitio
1009 2597 1241 2651 alterum
1298 2599 1611 2653 necessario
1651 2612 1838 2653 secum
1870 2598 2036 2652 ducit.

2160 2596 2365 2666 νόμενον
2408 2594 2618 2665 χωρίσῃ
2653 2594 2749 2648 τοῦ
2799 2596 3125 2666 νοουμένου;
3168 2595 3242 2647 Τὸ
3291 2594 3401 2666 γὰρ
3452 2595 3728 2649 ἀπόλυτον

461 2686 629 2742 Eccui
659 2688 826 2758 igitur
860 2688 1080 2744 dubium
1107 2704 1231 2747 esse
1270 2700 1472 2761 potest,
1524 2691 1655 2759 quin
1689 2691 1878 2745 horam
1916 2690 2038 2758 qui-

2160 2683 2277 2740 Ivat
2306 2686 2400 2738 τοῦ
2429 2686 2559 2739 Υἱοῦ
2581 2687 2682 2756 τὴν
2707 2686 3076 2756 προσηγορίαν
3104 2687 3199 2739 καὶ
3237 2686 3464 2756 ἄσχετον
3490 2686 3630 2757 (52),
3662 2687 3728 2740 οὑ

458 2778 605 2844 dem,
637 2788 699 2833 ut
727 2779 889 2847 Deus,
923 2783 1194 2851 cognitam
1231 2782 1450 2846 habeat,
1497 2782 1712 2852 ignoret
1767 2790 1948 2835 autem
1985 2790 2043 2833 nt

2160 2779 2539 2850 προσκειμένου
2580 2778 2658 2849 τῷ
2695 2777 2810 2849 Υἱῷ
2848 2778 2955 2833 τοῦ
2998 2778 3166 2844 τινὸς
3193 2777 3328 2848 (5'5).
3364 2776 3569 2848 ταύτην
3591 2779 3729 2849 ἡμῖν

462 2871 649 2935 homo,
677 2871 721 2926 si
753 2873 877 2939 quis
905 2883 1114 2941 partem
1141 2872 1527 2942 aspcctabilem
1561 2872 1629 2925 ab
1653 2887 1717 2926 ea
1745 2870 2038 2939 disiungat,

2160 2870 2320 2923 ἱίδωσι
2349 2869 2447 2941 τὴν
2473 2869 2748 2935 ὑπόνοιαν,
2779 2858 2918 2924 ὥστε
2945 2870 3045 2942 τὴν
3072 2870 3292 2938 ἄγνοιαν
3321 2869 3730 2939 ὑπολαμϐάνειν

462 2976 589 3028 qua:
623 2972 807 3016 mente
832 2962 944 3016 sola
975 2964 1208 3033 perspici
1252 2972 1432 3031 potest
1469 2963 1492 3015 ’ί
1525 2960 1659 3016 Nam
1708 2962 1833 3031 quia
1885 2963 2042 3016 abso-

2160 2964 2237 3016 ἰπὶ
2262 2963 2322 3015 τὸ
2344 2962 2751 3032 εὐσεϐέστερον,
2773 2962 2852 3034 τῷ
2871 2962 3219 3033 ἀνθρωπίνῳ,
3248 2962 3322 3033 μὴ
3343 2960 3422 3032 τῷ
3441 2961 3572 3032 θείῳ
3592 2961 3731 3014 ταὺ-

462 3050 575 3105 lute
608 3052 708 3107 hoc
738 3051 859 3108 loco
887 3066 952 3108 ac
975 3053 1093 3108 sine
1118 3053 1385 3109 relatione
1407 3094 1422 3117 ,
1486 3052 1608 3107 Filii
1658 3068 1850 3108 nomen
1887 3053 2041 3121 poni-

2160 3071 2242 3124 εην
2272 3052 2671 3124 λογιζομένους.

465 3158 575 3213 tur,
602 3164 705 3205 nec
737 3150 1071 3221 adiungitur,
1096 3151 1270 3219 cujus,
1298 3152 1498 3206 idcirco
1537 3150 1668 3206 hinc
1711 3151 1870 3206 nobis
1933 3165 2065 3206 ansa
2138 3150 2434 3219 porrigitur
2486 3150 2556 3203 ita
2612 3149 2996 3211 existimandi,
3054 3159 3113 3202 ut
3160 3149 3520 3220 ignorantiam
3577 3149 3729 3203 bare

464 3260 624 3299 sensu
652 3247 886 3302 maxime
911 3248 999 3316 pio
1026 3248 1467 3317 interpretemur,
1500 3260 1732 3316 eamque
1782 3246 2126 3312 humanitati,
2152 3259 2258 3299 non
2294 3245 2571 3299 divinitati
2605 3242 2961 3329 ascribamus.

533 3334 675 3391 XVI.
712 3336 769 3391 Si
821 3338 985 3406 igitur
1029 3338 1143 3393 ιιωο
1200 3339 1337 3394 ratio
1383 3338 1712 3393 adversariis
1745 3337 2040 3399 satisfacit,

2219 3338 2339 3402 ις’.
2377 3337 2441 3388 Εἰ
2479 3336 2576 3407 μὲν
2611 3329 2704 3389 οὖν
2742 3328 2897 3397 οὗτος
2921 3333 3206 3405 αὐτάρκης
3229 3335 3258 3387 6
3282 3330 3736 3402 λόγος,·ὲνταῦθα

464 3428 554 3482 hic
586 3430 777 3498 pedem
817 3430 1062 3499 ligemus,
1100 3444 1201 3485 nec
1230 3432 1524 3500 quidquam
1562 3431 1795 3501 amplius
1820 3446 1848 3484 a
1889 3430 2045 3484 nobis

469 3519 796 3588 inquiratur.
826 3520 921 3575 Sin
951 3535 1128 3585 secus,
1156 3523 1297 3577 hanc
1326 3524 1618 3577 secundam
1651 3522 2045 3592 expositionem

468 3607 793 3676 ali‘erentus;
839 3612 982 3679 quod
1028 3612 1483 3680 quemadmodum
1535 3613 1749 3683 singula
1798 3613 1923 3676 alia,
1974 3614 2047 3666 ita

469 3717 653 3756 rerum
702 3717 918 3772 quoque
976 3705 1338 3758 maximarum
1375 3706 1612 3775 cognitio
1663 3706 1735 3759 iul
1772 3705 2051 3762 Genitoris

470 3795 730 3851 honorem
769 3796 835 3850 ad
866 3812 1088 3853 causam
1141 3798 1311 3866 ipsam
1356 3798 1641 3854 referenda
1674 3808 1778 3853 est.
1812 3798 1950 3866 Quin
1983 3812 2052 3851 ne

469 3888 722 3959 exiguum
763 3889 979 3957 quidem
1016 3890 1145 3943 mibi
1183 3888 1560 3945 intellecturus
1591 3891 1824 3953 videtur,
1854 3889 2052 3959 quisic

469 3979 685 4052 legerit,
715 3990 774 4035 ut
818 3991 1022 4036 nostrae
1056 3982 1331 4037 memoriae
1357 3982 1445 4037 vir
1473 3982 1697 4054 quidam
1745 3982 2048 4038 litterarum

470 4068 765 4136 studiesus,
798 4086 991 4139 nempe
1021 4069 1216 4126 Filium
1256 4087 1361 4126 non
1391 4073 1548 4128 aliter
1585 4074 1733 4129 diem
1789 4074 1935 4127 illum
1970 4074 2053 4128 vel

473 4162 665 4216 horam
694 4176 875 4229 nosse,
904 4177 1066 4232 quam
1103 4172 1160 4216 ut
1186 4163 1367 4222 Pater.
1393 4164 1532 4231 Quid
1565 4165 1709 4219 enim
1749 4165 1878 4219 hinc
1902 4165 2055 4218 colli-

472 4252 663 4323 gitur?
683 4254 953 4320 Quoniam
985 4252 1144 4309 Pater
1161 4257 1463 4324 cognoscit,
1504 4257 1626 4311 ideo
1650 4255 1817 4311 etiam
1840 4255 2010 4311 Filius
2037 4274 2050 4309 :

473 4352 731 4411 tanquam
779 4345 1031 4400 videlicet
1064 4362 1225 4402 nemo
1260 4347 1364 4402 hoc
1402 4362 1730 4418 cognoscere
1769 4362 1835 4403 ac
1882 4347 2054 4415 perci-

472 4447 602 4503 pere
624 4444 811 4503 queat,
839 4448 1034 4502 praater
1058 4439 1357 4509 principem
1387 4438 1531 4493 illam
1557 4449 1827 4492 naturam.
1858 4438 2060 4507 Super-

474 4536 592 4580 erat
636 4524 750 4593 jam
813 4528 880 4583 de
933 4529 1037 4584 hoc
1110 4528 1650 4585 verbonandatum
1718 4539 1823 4593 est,
1881 4531 1948 4583 de
1993 4545 2058 4583 eo

474 4617 664 4682 etiam,
686 4619 830 4689 quod
862 4618 1043 4675 Patris
1074 4622 1327 4676 mandata
1375 4635 1646 4685 servasse,
1679 4630 1754 4684 et,
1783 4635 1906 4689 qua:
1940 4619 2053 4691 pla-

2148 3428 2463 3501 στησόμεθα
2499 3428 2647 3499 (54),
2684 3427 2779 3481 καὶ
2816 3427 2982 3499 μηδὲν
3023 3428 3184 3480 πλέον
3232 3425 3633 3497 ὲπιζητείσθωο
3683 3428 3736 3479 εἰ

2144 3525 2202 3577 δὲ
2228 3522 2322 3595 μὴ,
2346 3523 2406 3575 τό
2448 3538 2513 3589 γε
2553 3520 2825 3591 δεύτερον,
2867 3519 3053 3590 ὥσπερ
3102 3520 3210 3573 τῶν
3249 3518 3424 3573 ἄλλων
3473 3518 3732 3583 ἕκαστον,

2145 3615 2288 3669 οὕτω
2316 3614 2381 3685 δὴ
2412 3614 2523 3683 (55)
2557 3614 2649 3667 xui
2690 3615 2724 3684 ἠ
2767 3611 2969 3681 γνῶσις
3018 3611 3126 3664 τῶν
3169 3611 3461 3682 μεγίστων,
3500 3611 3596 3663 ἐπὶ
3634 3610 3737 3678 τὴν

2147 3708 2327 3761 αἰτίαν
2369 3706 2722 3776 ἀναφερέσθω
2773 3706 2907 3774 τιμῇ
2951 3703 3045 3757 τοῦ
3099 3703 3442 3774 γεννήτορος.
3492 3704 3653 3755 Δοκεῖ
3677 3702 3739 3756 δέ

2152 3799 2241 3871 μοί
2273 3815 2377 3862 τις,
2412 3797 2533 3868 μηδ’
2554 3795 2620 3849 ἂν
2650 3794 2871 3859 ἐκείνως
2893 3795 3181 3863 ἀναγνοὺς.
3207 3794 3283 3857 ὡς
3306 3793 3415 3846 τῶν
3442 3791 3566 3847 καθ’
3583 3793 3736 3864 ἡμᾶς

2149 3891 2448 3961 φιλολόγων
2472 3906 2555 3951 τις
2583 3888 2717 3958 (56),
2745 3887 2941 3959 μικρὸν
2974 3887 3245 3957 ἐννοῆσαι,
3279 3887 3361 3938 ὅτι
3388 3885 3509 3937 οὑδὲ
3538 3885 3569 3937 6
3602 3885 3739 3946 Υἱὸς

2150 3984 2323 4046 ἄλλως
2355 3978 2461 4035 οἶδε
2489 3980 2589 4050 τὴν
2624 3979 2858 4049 ἡμέραν,
2896 3978 2930 4049 ἢ
2964 3976 3063 4048 τὴν
3093 3976 3263 4048 ὥραν,
3312 3975 3345 4047 ἦ
3393 3976 3469 4039 ὡς
3509 3975 3591 4028 ὅτι
3623 3973 3741 4046 (57)

2151 4078 2180 4128 6
2218 4075 2430 4145 Πατήρ.
2468 4071 2542 4124 T6
2578 4071 2686 4143 γὰρ
2738 4068 3133 4141 συναγόμενον,
3193 4069 3409 4132 ὁποῖον;
3455 4066 3677 4138 Ἐπειδὴ
3708 4067 3743 4119 6

2153 4166 2343 4236 Πατὴρ
2401 4162 2678 4232 γινώσκει,
2717 4160 2805 4214 διὰ
2844 4158 3001 4213 τοῦτο
3046 4159 3141 4213 κα)⁸
3182 4161 3211 4211 6
3248 4158 3406 4221 Υἱὸς,
3440 4158 3518 4220 ὡς
3555 4157 3739 4227 δῆλον,

2153 4258 2235 4310 ὅτι
2274 4255 2459 4327 μηδενὶ
2495 4251 2735 4322 γνωστὸν
2770 4250 2948 4311 τοῦτο.
2992 4250 3127 4321 μηδὲ
3182 4247 3408 4320 ληπτὸν,
3452 4248 3594 4318 πλὴν
3640 4248 3743 4318 τῆς

2156 4348 2379 4420 πρώτης
2406 4346 2641 4415 φύσεως.
2689 4343 2969 4397 Ἐλείπετο
3002 4342 3129 4413 περὶ
3151 4340 3244 4395 τοῦ
3285 4339 3620 4404 ἐντετάλθαι,
3646 4342 3746 4393 καὶ

2155 4438 2515 4510 τετηρηκέναι
2551 4436 2650 4499 τὰς
2691 4433 2931 4497 ἐντολὰς,
2956 4432 3051 4486 καὶ
3079 4430 3150 4485 τά
3182 4430 3388 4503 ἀρεστά
3414 4430 3745 4498 αὑτῷ.πάν-

2157 4541 2277 4577 τοτε
2330 4521 2710 4591 πεποιηκέναι,
2755 4519 3031 4574 διαλαϐεῖν
3082 4520 3229 4591 ἡμᾶς
3255 4536 3269 4550 ·
3306 4518 3386 4572 ἔτι
3427 4518 3485 4572 δὲ
3523 4519 3745 4573 τελειώ-

2163 4633 2324 4679 σεως,
2352 4615 2448 4669 καὶ
2493 4612 2774 4684 ὑψώσεως,
2821 4611 2915 4665 καὶ
2960 4610 3056 4664 τοῦ
3104 4610 3317 4681 μαθεῖν,
3360 4608 3420 4675 ἐξ
3449 4604 3525 4664 ὧν
3545 4610 3744 4670 ἔπαθε.

470 4708 585 4761 cita
635 4718 764 4763 sunt
795 4708 866 4771 ei,
898 4723 1114 4778 semper
1150 4708 1349 4765 fecisse
1396 4708 1688 4773 dicitur";
1720 4722 1787 4763 ac
1833 4708 2043 4776 insupel

2161 4708 2260 4779 τὴν
2293 4705 2564 4778 ὑπακοὴν,
2600 4706 2694 4759 καὶ
2727 4703 3136 4777 ἀρχιερωσύνης
3167 4720 3227 4756 τε
3259 4702 3354 4756 καὶ
3398 4705 3743 4774 προσφορᾶς,

476 4797 511 4853 d
533 4817 546 4849 τ
572 4800 1041 4856 consummatione
1060 4810 1116 4856 et
1144 4800 1495 4866 exaltatione,
1524 4815 1589 4855 ac
1617 4801 1684 4856 de
1705 4814 1791 4865 eo,
1827 4801 1969 4870 quod
1990 4814 2056 4854 ex

2162 4801 2257 4855 καὶ
2283 4799 2633 4872 παραδόσεως
2658 4796 2791 4867 (58),
2816 4796 2911 4850 καὶ
2941 4795 3179 4865 δεήσεως
3222 4797 3321 4864 τῆς
3364 4794 3502 4865 πρὸς
3534 4793 3627 4847 τὸν
3656 4794 3749 4848 δυ-

547 4935 592 4967 ⁶⁰
617 4932 785 4991 Marc.
816 4952 937 5001 χιιι,
970 4937 1061 4991 59..
1149 4937 1193 4969 ⁶¹
1218 4937 1233 4991 l
1261 4935 1387 4993 Cor.
1418 4952 1475 5001 ll,
1503 4935 1589 4989 ll.
1667 4937 1710 4967 “
1733 4934 1889 4990 Joan.
1916 4952 1969 4998 ς,
2002 4936 2043 4989 Η

2160 4952 2219 5004 ,v,
2252 4935 2355 5003 10;
2380 4951 2497 4999 vnt,
2525 4934 2617 4989 9.9.

552 5068 666 5142 (ιρ)
691 5070 770 5123 Ἢ
800 5070 918 5142 diq._
933 5069 1064 5142 Duo
1100 5069 1267 5142 Regg.
1314 5080 1371 5126 et
1418 5078 1651 5141 quatuor
1697 5067 1937 5124 Colbert.
1960 5105 1977 5135 ,
2012 5070 2061 5120 ei
2168 5067 2437 5142 cujusesj
2474 5065 2671 5142 filius.
2698 5063 2836 5142 facta
2861 5062 3204 5142 mentione.)

483 5139 580 5202 ὼς.
600 5139 814 5205 Cntnb.,
835 5140 1068 5205 οὐδ’-ὡς.

556 5211 667 5282 (4⁷)
703 5211 766 5264 ὀ
798 5195 1118 5282 ἆοιηὲὴὲοο,
1150 5210 1268 5265 τῶν
1293 5209 1649 5282 γενομένων.
1683 5207 1807 5262 Haec
1826 5217 1882 5282 et
1902 5207 2065 5282 inter-

2264 5137 2353 5202 ὃὸ)
2389 5136 2504 5189 Τοῦ
2544 5136 2726 5200 τινός.
2761 5135 2919 5186 Deest
2945 5132 2997 5184 itt
3025 5132 3119 5186 υτ.
3150 5133 3207 5202 il.

2263 5207 2350 5277 54)
2374 5205 2671 5277 Ἐνταῦθα
2720 5204 3085 5272 στησόμεθα.
3134 5201 3351 5269 Comm,
3395 5201 3746 5274 στησώμεθα.

485 5276 630 5348 jccta
649 5276 849 5351 'rejicit
878 5276 1256 5344 conibeﬁsius;
1283 5276 1446 5349 atque
1464 5286 1515 5335 iu
1541 5281 1607 5334 iis
1630 5279 1902 5334 vertendis
1925 5277 2065 5332 male
2175 5295 2195 5327 ι
2240 5276 2344 5351 llic
2367 5276 2560 5351 pedem
2588 5276 2832 5351 Ιίεειριιις.
2857 5294 2875 5323 ι

489 5351 701 5405 Billiunt
729 5352 1023 5406 desndasse
1051 5353 1384 5420 pronuntiat.

560 5419 672 5492 (48)
707 5420 769 5492 Ὁ
790 5420 946 5492 οὕτω
965 5420 1039 5475 τὰ
1057 5419 1167 5477 τοῦ
1185 5421 1353 5476 Θεοῦ.
1383 5420 1508 5477 Haec
1529 5421 1595 5475 de
1624 5419 1830 5490 Spiritu
1853 5427 2062 5485 sancto,

490 5506 596 5546 non
626 5491 692 5546 de
720 5491 859 5546 Filio
882 5500 1009 5547 sunt
1038 5494 1202 5547 dicta.

565 5562 674 5629 (t9)
711 5559 808 5616 Τά.
837 5561 931 5617 Or.
960 5563 1017 5629 1,
1049 5562 1131 5615 τό.

563 5632 674 5703 (30)
711 5630 841 5699 Πῶς
861 5632 981 5686 δαί.
1008 5631 1139 5687 Tres
1172 5632 1341 5703 Ἆρες.
1367 5643 1422 5688 et
1445 5630 1538 5687 0r.
1572 5632 1625 5697 l,
1652 5631 1767 5695 πῶς
1789 5629 1861 5686 δέ.

562 5703 673 5773 (51)
705 5703 946 5771 Ἀγνοεῑ.
977 5703 1141 5759 Coisl.
1164 5704 1218 5767 3,
1247 5705 1483 5771 ἀγνοεῖν.

566 5770 679 5846 (52)
716 5770 1032 5844 "Ac/zamia
1072 5792 1090 5826 ι
1123 5770 1340 5843 Absque
1387 5774 1669 5842 relatione,
1714 5773 1850 5830 nulla
1904 5770 2068 5837 illius,

2240 5346 2353 5414 (55)
2369 5340 2484 5413 ’Δή.
2518 5340 2655 5397 Tres
2684 5343 2850 5412 Regg.
2880 5353 2936 5414 et
2963 5341 3057 5398 0r.
3094 5341 3160 5414 1,,
3172 5340 3251 5414 δέ.

2241 5410 2355 5489 (56)
2383 5410 2730 5489 Φιζλολόγωνς
2751 5410 2861 5478 τις.
2911 5412 3071 5467 Putat
3125 5410 3269 5466 Elius
3306 5410 3392 5464 hic
3422 5429 3442 5463 ι
3494 5412 3749 5467 Basilinm

2175 5484 2425 5554 magnum
2451 5504 2471 5537 ι
2507 5484 2755 5554 intelligi.

2175 5502 2261 5540 ma
2301 5503 2425 5541 num
2451 5504 2471 5537 ι
2507 5502 2755 5554 mtemgi.

2172 5502 2357 5681 cogi?)
2395 5557 2545 5609 Ὅτι.
2599 5552 2761 5609 Deest
2815 5554 2867 5607 in
2938 5552 3147 5608 duobus
3208 5550 3379 5622 Regg.
3426 5559 3483 5605 et
3542 5551 3754 5605 duobus

2218 5646 2327 5680 υΙυο

2253 5697 2368 5767 (58)
2402 5695 2815 5767 Παραὸόοξεως.
2843 5691 3046 5747 Alludit
3071 5691 3138 5745 ad
3154 5690 3271 5745 ltazc
3297 5688 3542 5767 _Ap_ostoli
3565 5689 3753 5750 verba,

2178 5761 2443 5835 Rom.'tv,
2477 5761 2568 5833 Q5,
2602 5784 2618 5817 ι
2656 5765 2907 5821 Traditus
2925 5771 3006 5818 est
3029 5770 3245 5834 propter
3279 5761 3473 5817 delicta
3496 5769 3707 5815 nostra.
3729 5773 3749 5812 ι
