3890 6214
274 281 425 339 ,195

1357 294 1615 351 ORATIO
1654 295 1824 355 XXX.
1870 328 1934 338 —
1970 298 2406 357 TliEOLOGICA
2445 300 2534 356 IV.

3453 307 3552 365 tau
3586 298 3593 301 ’

309 396 546 468 νάμενον
577 397 771 463 σώζειν
800 400 962 456 αὐτὸν
987 401 1053 457 ἐκ
1091 403 1349 471 θανάτου,
1381 409 1476 462 καὶ
1502 410 1762 477 ἀγωνίας,
1796 412 1889 465 καὶ

2007 415 2095 480 iis,
2132 430 2250 484 quae
2282 430 2470 485 passus
2516 423 2620 480 est,
2651 417 3014 473 obedientiam
3059 419 3315 476 didicisse
3360 423 3552 477 scribi-

311 487 589 559 θρόμϐων,
624 491 717 544 καὶ
763 495 1099 565 προσευχῆς,
1138 497 1235 550 καὶ
1270 498 1326 551 εἴ
1359 517 1412 552 τι
1452 501 1580 555 ἄλλο
1614 502 1885 555 τοιοῦτονυ

312 582 361 633 εἰ
387 580 463 652 μὴ
484 583 620 635 πᾶσι
653 583 916 655 πρόδηλον
941 581 1031 657 ῆν,
1071 588 1154 641 ὅτι
1184 591 1313 658 περὶ
1349 591 1460 662 (59)
1490 592 1551 645 τὸ
1588 594 1794 663 πάσχον
1821 594 1890 647 τὰ

309 673 538 727 τοιαῦτα
562 674 671 728 τῶν
704 676 1006 747 ὀνομάτων,
1036 681 1097 733 οὐ
1128 682 1256 751 περὶ
1284 681 1382 752 τὴν
1409 682 1678 754 ἄτρεπτον
1702 684 1886 753 φύσιν,

312 763 531 816 καὶτοῦ
577 764 808 837 πάσχειν
848 768 1202 840 ὑψηλοτέραν.
1250 770 1309 824 Ὀ
1351 773 1451 842 μὲν
1486 768 1579 826 οῦν
1619 774 1748 846 περὶ
1779 775 1888 829 τῶν

311 853 610 909 ἀντιθέτων
654 856 831 925 λόγος,
865 861 1137 924 τοσοῦτον,
1181 862 1303 915 ὅσον
1348 862 1472 935 ῥίζα
1503 881 1586 927 τις
1617 861 1756 919 εἶναι
1789 868 1882 920 καὶ

313 944 614 1018 ὑπόμνημα
638 946 751 1017 (60)
771 951 881 1012 τοῖς
908 949 1410 1024 ὲξεταστικωτέροις
1434 957 1533 1025 τῆς
1556 955 1883 1030 τελεωτέρας

313 1035 655 1108 ἐξεργασίας.
687 1039 868 1106 Ἀξιον
896 1040 952 1094 δὲ
995 1042 1150 1106 ἴσως,
1181 1044 1274 1096 καὶ
1311 1047 1422 1107 τοῖς
1469 1047 1883 1117 προειρημένοις

312 1128 627 1194 ἀκόλουθον,
654 1132 786 1202 μηδὲ
811 1133 910 1197 τὰς
936 1135 1303 1206 προσηγορίας
1327 1133 1422 1187 τοῦ
1445 1136 1574 1191 Υίοῦ
1597 1138 1883 1208 παρελθεῖν

313 1221 681 1294 ἀθεωρήτους,
714 1225 914 1290 πολλάς
947 1244 1009 1279 τε
1036 1226 1198 1290 οὔσας
1224 1227 1357 1292 (61),
1389 1229 1482 1282 καὶ
1511 1228 1654 1282 κατὰ
1676 1229 1885 1283 πολλῶν

315 1313 575 1383 κειμένας
600 1314 712 1368 τῶν
762 1317 892 1389 περὶ
931 1318 1093 1371 αὐτὸν
1122 1319 1432 1389 ’νοουμένων
1456 1336 1468 1349 ·
1512 1319 1625 1373 ἀλλ’
1652 1322 1887 1391 ἑκάστην

316 1405 517 1468 αὐτῶν,
539 1407 568 1460 ὅ
590 1406 641 1459 τί
668 1426 799 1461 ποτε
825 1408 1095 1478 βούλεται,
1121 1411 1490 1482 παραστῆσαι,
1512 1413 1606 1467 καὶ
1626 1413 1795 1477 δεῖξαι
1824 1414 1886 1466 τὸ

316 1497 425 1549 τῶν
456 1498 736 1569 ὀνομάτων
767 1502 1086 1573 μυστήριον.

1995 514 2080 558 tur
2100 504 2167 568 ⁸³,
2200 504 2267 558 de
2304 505 2611 561 sacerdotio
2629 504 2675 536 “
2698 507 2851 572 item,
2880 517 2933 562 et
2963 508 3236 562 oblatione
3252 511 3320 573 “,
3346 520 3401 566 et
3442 522 3553 564 tra-

1989 593 2193 647 ditione
2215 594 2282 659 ⁶⁶,
2319 603 2374 648 et
2398 594 2642 649 oratione
2667 594 2733 649 ad
2785 610 2908 651 eum
2957 597 3049 666 qui
3079 612 3108 651 a
3138 609 3310 655 morte
3332 600 3550 655 salvum

1993 698 2114 737 eum
2163 683 2342 739 facere
2386 694 2633 754 poterat;
2670 685 2736 739 ad
2771 687 2887 741 haec
2920 686 2986 741 de
3017 688 3229 759 agonia,
3262 700 3315 744 et
3343 692 3554 761 sangui-

1990 789 2091 826 neo
2121 775 2339 837 sudore,
2371 783 2534 843 atque
2562 773 2810 828 oratione
2832 774 2901 840 ⁸⁷,
2934 783 2988 830 et
3017 776 3062 830 si
3096 778 3223 846 quid
3247 779 3392 833 aliud
3410 780 3553 848 ejus-

1988 864 2108 919 dem
2151 874 2235 919 est
2279 865 2518 936 generis,
2546 876 2881 934 pertractare
2911 884 2925 921 :
2956 868 3058 923 nisi
3093 869 3266 924 cuivis
3304 870 3547 939 explora-

1989 966 2098 1009 tum
2133 968 2298 1020 esset,
2343 956 2647 1024 huiusmodi
2687 953 2902 1012 nomina
2940 960 3257 1028 perpetienti
3307 962 3556 1015 humani-

1991 1047 2085 1100 tati
2115 1047 2457 1102 attribuenda
2482 1061 2625 1109 esse,
2663 1062 2767 1101 non
2802 1056 2980 1103 autem
3018 1049 3339 1104 immutabili
3365 1050 3436 1104 illi
3458 1067 3555 1104 na-

1993 1149 2142 1197 turae,
2192 1143 2355 1204 atque
2408 1135 2552 1190 omni
2602 1136 2790 1191 dolore
2834 1147 2890 1191 et
2940 1139 3186 1192 cruciatu
3230 1138 3553 1194 sublimiori.

1987 1229 2110 1283 ll:cc
2141 1229 2327 1292 habui,
2373 1243 2493 1305 qua;
2513 1228 2579 1283 ad
2606 1228 2885 1283 diluendas
2920 1229 3357 1285 adversariorum
3392 1231 3553 1301 552

1985 1319 2316 1387 ohjectiones
2371 1318 2646 1385 afferrent,
2693 1327 2772 1385 ut,
2814 1320 2956 1374 velut
3001 1321 3200 1376 radicis
3244 1321 3550 1390 cujusdam,

1990 1427 2052 1465 ac
2080 1411 2496 1466 submonitionis
2528 1411 2718 1474 instar,
2750 1411 2814 1465 iis
2853 1412 2983 1476 sint,
3017 1413 3107 1480 qui
3144 1412 3334 1481 majori
3378 1413 3547 1481 inqui-

1986 1502 2134 1556 rendi
2175 1500 2386 1555 solertia
2432 1502 2640 1569 praediti
2692 1512 2836 1567 sunt,
2888 1503 2956 1558 ad
2993 1506 3235 1558 eamdem
3277 1505 3553 1558 materiem

317 1586 526 1655 plenius
584 1592 930 1663 exactiusquc
967 1596 1419 1663 pertractandam.
1480 1596 1669 1666 Operae
1697 1598 1924 1665 pretium
1966 1603 2144 1649 autem
2177 1594 2425 1656 fortasse,
2457 1594 2782 1664 minimeque
2806 1599 2873 1647 ah
2908 1595 2995 1662 iis,
3033 1611 3150 1665 quae
3196 1596 3343 1665 prius
3412 1596 3554 1647 dixi-

318 1694 461 1743 mus,
523 1682 757 1737 alienum
818 1683 1001 1748 fuerit,
1038 1701 1158 1740 cum
1227 1687 1392 1741 multa
1421 1687 1529 1741 sint
1565 1687 1683 1741 Filii
1736 1688 1974 1753 nomina,
2013 1695 2067 1741 et
2100 1684 2305 1746 multis,
2345 1698 2464 1752 qua:
2501 1684 2569 1739 de
2606 1698 2671 1737 eo
2712 1684 3093 1753 intelligantur,
3136 1686 3403 1754 imposita,
3443 1684 3552 1739 haec.

319 1776 439 1830 sine
500 1777 859 1844 speculatione
901 1794 1004 1833 non
1055 1782 1357 1848 praeterire;
1402 1796 1589 1836 verum
1654 1783 1779 1851 quid
1842 1795 2068 1852 qumque
2119 1779 2405 1848 appellatio
2446 1778 2547 1833 sibi
2602 1778 2748 1846 velit,
2802 1779 3094 1845 declara:e,
3167 1794 3230 1834 ac
3278 1779 3556 1850 mysticam

319 1866 430 1919 vim
461 1870 733 1922 nominum
763 1869 1051 1937 explicare.

393 1960 491 2012 lZ’.
531 1940 785 2032 ’Δρκτέον
828 1960 886 2013 δὲ
924 1962 1056 2032 ἡμῖν
1109 1961 1377 2018 ἐντεῦθεν.
1420 1962 1495 2015 Τὸ
1531 1964 1682 2016 Θείον
1733 1964 1900 2017 ἀκατ-

2073 1961 2231 2015 χγιι.
2275 1961 2410 2017 Hinc
2451 1978 2611 2033 porro
2643 1962 2853 2016 initium
2909 1962 3210 2017 ducendum
3260 1962 3384 2018 erit.
3414 1962 3557 2018 Deus

321 2049 636 2120 ονόμαστον·
663 2050 757 2103 καὶ
773 2050 928 2105 τοῦτο
946 2052 1217 2123 δηλοῦσιν,
1247 2053 1345 2124 οὐχ
1372 2056 1418 2107 oi
1441 2053 1688 2125 λογισμοὶ
1714 2054 1892 2125 μόνον,

2007 2053 2144 2107 nullo
2169 2054 2386 2108 nomine
2419 2055 2646 2122 exprimi
2685 2062 2889 2124 potest;
2921 2053 3083 2123 idque
3133 2054 3432 2118 declarant,
3454 2069 3557 2108 non

323 2140 462 2193 ἀλλὰ
501 2141 599 2194 καὶ
641 2140 905 2214 Ἐϐραίων
946 2145 996 2196 οἱ
1049 2142 1348 2212 σοφώτατοι
1399 2145 1492 2198 καὶ
1523 2145 1892 2209 παλαιότατοι,

2007 2145 2160 2199 modo
2214 2146 2673 2207 ratiocinationes,
2712 2144 2805 2199 sed
2857 2143 3198 2198 Hebrazorum
3255 2145 3555 2199 doctissimi

324 2232 448 2284 ὅσον
478 2230 718 2298 εἰκάζειν
747 2233 953 2287 ἔδωκαν
974 2233 1104 2304 (6‘2).
1133 2237 1197 2287 Οἱ
1223 2236 1329 2307 γὰρ
1350 2237 1725 2309 χαρακτῆρσιν
1749 2236 1896 2302 ἰδίοις

2007 2246 2157 2304 atque
2184 2237 2550 2303 antiquissimi
2593 2237 2816 2305 quique,
2855 2245 3117 2305 quantum
3156 2236 3372 2304 quidem
3408 2235 3557 2289 nobis

324 2322 388 2374 τὸ
428 2321 574 2375 θεῖον
609 2326 956 2394 τιμήσαντες,
990 2325 1084 2377 καὶ
1116 2324 1237 2378 οὐδὲ
1267 2327 1587 2396 γράμμασιν
1621 2326 1730 2397 (65)
1762 2328 1895 2381 ἁνα-

329 2413 580 2485 σχόμενοι
612 2417 725 2478 τοῖς
763 2415 946 2480 αὐτοῖς
984 2415 1112 2469 ἄλλο
1160 2432 1210 2469 τι
1261 2417 1566 2488 γράφεσθαι
1608 2418 1715 2470 τῶν
1758 2417 1896 2488 μετὰ

326 2503 482 2567 θεὸν,
509 2503 604 2556 καὶ
634 2503 787 2568 Θεὸν,
822 2504 899 2568 ὡς
931 2504 1049 2558 δέον
1070 2503 1429 2575 ἀκοινώνητον
1454 2501 1705 2559 εἶναικαὶ
1733 2506 1894 2577 μέχρι

324 2592 520 2647 τούτου
555 2592 617 2646 τὸ
664 2591 817 2646 Θεῖον
861 2595 973 2656 τοῖς
1009 2592 1317 2664 ἡμετέροις,
1360 2593 1489 2645 πότε
1537 2591 1604 2646 ἂν
1654 2590 1896 2655 δέξαιντο

326 2684 564 2756 λυομένη
599 2683 710 2755 (64)
738 2685 890 2755 φωνῇ
937 2681 1224 2754 δηλοῦσθαι
1262 2683 1360 2754 τὴν
1400 2683 1592 2737 ἄλυτον
1620 2683 1777 2752 φύσιν
1802 2683 1896 2735 καὶ

332 2777 678 2843 ίδιάζουσαν;
708 2775 845 2830 Οὔτε
872 2775 983 2848 γὰρ
1013 2775 1151 2848 ἀέρα
1190 2793 1274 2840 τις
1318 2776 1575 2830 έπνευσεν
1621 2777 1742 2831 ὅλον
1782 2774 1897 2829 πώ-

330 2888 486 2933 ποτε,
522 2869 647 2923 οὔτε
677 2869 864 2923 οὐσίαν
913 2868 1048 2921 Θεοῦ
1091 2868 1394 2932 παντελῶς,
1443 2868 1475 2939 ἢ
1520 2869 1643 2931 νοῦς
1686 2868 1893 2940 ἐχώρη-

1997 2326 2388 2393 conjiciendum
2442 2328 2724 2380 dederunt.
2782 2324 2918 2379 Nam
2969 2328 3057 2395 qui
3126 2326 3362 2395 propriis
3418 2328 3561 2380 notis

1996 2432 2262 2472 summurn
2318 2418 2444 2472 illtnl
2489 2435 2685 2473 nomen
2740 2420 3109 2474 honorandum
3170 2422 3462 2485 duxerunt,
3499 2436 3562 2474 ac

1997 2523 2066 2562 ne
2119 2509 2306 2564 iisdem
2362 2510 2578 2579 quidem
2628 2509 2822 2565 litteris
2855 2509 2997 2563 aliud
3047 2510 3299 2579 quiddam
3348 2525 3556 2572 eorum,

1996 2610 2117 2665 quae
2146 2606 2264 2665 post
2298 2597 2464 2652 Deum
2496 2607 2642 2660 sunt,
2674 2612 2738 2652 ac
2770 2596 2938 2652 Deum
2974 2598 3172 2665 ipsum,
3200 2599 3361 2652 scribi
3393 2600 3559 2652 susti-

1999 2698 2230 2744 nuerunt
2274 2689 2552 2760 (tanquam
2603 2690 2814 2744 scilicet
2854 2689 3022 2744 Deum
3054 2690 3159 2743 huc
3190 2690 3350 2743 etiam
3393 2705 3565 2758 usque

1997 2794 2027 2832 a
2055 2793 2231 2833 rerum
2261 2790 2562 2835 noStrarum
2585 2779 2915 2847 commercio
2937 2778 3247 2833 distinctum
3264 2793 3385 2834 esse
3403 2793 3565 2847 oper-

1954 2910 1961 2917 .
1998 2868 2148 2941 teat),
2185 2870 2462 2939 ecquando
2505 2872 2718 2939 tandem
2752 2869 2951 2924 solutili
2976 2883 3108 2924 voce
3138 2877 3386 2924 naturam
3420 2869 3565 2924 illam

331 2981 425 3018 σεν
448 2963 587 3034 (65),
616 2963 651 3036 ἢ
680 2965 831 3034 φωνὴ
874 2960 1218 3032 περιέλαϐεν.
1252 2960 1390 3013 Ἀλλ’
1419 2961 1485 3014 ὲκ
1510 2959 1618 3013 τῶν
1644 2959 1772 3030 περὶ
1802 2959 1897 3012 αὐ-

328 3056 425 3109 τὸν
468 3055 935 3127 σκιαγραφοῦντες
974 3053 1043 3107 τὰ
1094 3055 1214 3106 κατ’
1254 3053 1447 3117 αὐτὸν,
1495 3051 1740 3124 ἀμυδρὰν
1775 3068 1896 3104 τινα

1958 2994 1961 2997 ν
2001 2959 2348 3023 insolutilem,
2394 2974 2494 3015 nec
2517 2975 2637 3014 cum
2675 2958 2798 3014 aliis
2825 2972 3162 3013 communem
3188 2957 3440 3027 explicari
3468 2972 3566 3027 ρον

2001 3050 2276 3106 terentur?
2310 3049 2769 3117 Quemadmodum
2786 3049 2927 3104 enim
2953 3063 3110 3103 nemo
3143 3058 3246 3112 est,
3268 3048 3358 3117 qui
3385 3061 3564 3102 aerem

332 3150 430 3202 καὶ
476 3146 695 3218 ἀσθενῆ,
752 3146 848 3200 καὶ
883 3145 1048 3216 ἄλλην
1104 3144 1199 3197 ἀπ’
1239 3143 1399 3196 ἄλλου
1442 3140 1552 3212 (66)
1597 3141 1897 3211 φαντασίαν

2007 3150 2171 3197 totum
2223 3157 2454 3210 unquam
2511 3141 2802 3199 hauserit:
2860 3141 2933 3195 ita
2995 3139 3087 3194 Dei
3144 3148 3410 3204 naturam,
3471 3153 3568 3191 nec

333 3240 683 3309 συλλέγομεν.
710 3240 822 3293 Καὶ
848 3232 1002 3301 οὗτος
1027 3237 1243 3307 ἄριστος
1268 3237 1398 3305 ἡμῖν
1422 3233 1687 3302 θεολόγος,
1721 3234 1820 3303 οὺχ
1839 3232 1899 3296 ὃς

2007 3245 2155 3287 mens
2188 3246 2421 3301 unquam
2455 3230 2560 3285 ulla
2600 3245 2825 3299 prorsus
2854 3230 3122 3298 concepit,
3153 3242 3253 3282 nec
3297 3243 3398 3282 vox
3453 3225 3560 3280 ulla

332 3324 461 3400 εῦρε
487 3301 700 3386 ’ξδ’-πᾶν,
729 3327 851 3380 οὐδὲ
879 3327 989 3397 γὰρ
1012 3301 1225 3395 δέῇίεται
1257 3301 1320 3376 τῦ
1348 3324 1453 3375 πᾶν
1480 3324 1509 3374 ὁ
1547 3301 1742 3390 δεσμὸς
1765 3301 1897 3389 (67),

2007 3322 2274 3390 complexa
2303 3331 2403 3376 est.
2435 3320 2631 3376 Verum
2679 3322 2851 3391 ipsum
2907 3336 2971 3374 ex
3024 3321 3125 3383 his,
3161 3333 3280 3387 qua:
3339 3318 3394 3372 in
3449 3317 3565 3386 ipso

332 3421 450 3475 ἀλλ’
482 3421 542 3484 ὃς
584 3420 650 3474 ἂν
685 3419 794 3491 (68)
837 3417 997 3472 ἄλλου
1043 3417 1322 3487 φαντασθῇ
1369 3415 1550 3476 πλέον,
1588 3414 1683 3466 καὶ
1720 3412 1900 3466 πλεῖον

2007 3426 2141 3481 sunt,
2179 3417 2584 3479 adumbrautes,
2613 3418 2898 3470 obscuram
2922 3414 3209 3484 quamdam
3247 3420 3303 3466 et
3330 3410 3571 3477 imbecil-

334 3514 393 3565 ἐν
417 3511 594 3583 ἑαυτῷ
626 3509 904 3582 συναγάγῃ
927 3507 990 3560 τὸ
1015 3508 1113 3577 τῆς
1142 3505 1397 3577 ἀληθείας
1427 3502 1673 3573 ἴνδαλμα,
1699 3502 1732 3571 ἢ
1766 3501 1899 3554 ἁπο-

2007 3508 2121 3574 lem,
2157 3519 2320 3577 atque
2359 3507 2519 3563 aliam
2565 3523 2632 3560 ex
2685 3506 2798 3561 alio
2848 3505 3083 3573 speciem
3132 3503 3451 3572 colligimus.
3492 3503 3570 3555 Ac

335 3606 601 3676 σκίασμα,
630 3605 664 3675 ἦ
697 3605 726 3658 ὅ
749 3620 802 3655 τι
832 3602 927 3657 καὶ
948 3600 1286 3672 ὀνομάσομεν
1308 3598 1444 3671 (69).

2007 3597 2484 3664 prazstantissimus
2528 3597 2619 3651 hic
2668 3594 2807 3665 apud
2852 3610 2954 3650 nos
2978 3594 3259 3665 theologus
3282 3603 3553 3653 censetur,

337 3713 446 3752 non
503 3696 595 3767 qui
650 3696 704 3749 in
752 3704 947 3759 totum,
995 3694 1122 3761 quid
1160 3692 1303 3748 Deus
1351 3692 1443 3757 sit,
1473 3689 1768 3756 invenerit;
1804 3703 1902 3744 nec
1938 3690 2081 3744 enim
2144 3690 2419 3745 vinculum
2459 3704 2653 3759 capere
2701 3690 2804 3744 hoc
2846 3696 3014 3745 totum
3066 3695 3279 3757 potest;
3318 3689 3411 3741 sed
3474 3686 3567 3755 qui

336 3788 656 3858 ampliorem
702 3786 874 3856 ipsius
924 3785 1160 3854 speciem
1212 3791 1391 3837 mente
1454 3781 1787 3850 conceperit,
1853 3779 2193 3850 ampliusque
2248 3780 2495 3835 veritatis
2554 3779 2926 3844 simulacrum,
2961 3779 3047 3834 vel
3075 3778 3568 3838 adumbrationem,

339 3880 424 3934 vel
450 3894 774 3949 quocunque
803 3880 1019 3933 tandem
1048 3878 1155 3932 alio
1182 3875 1443 3932 vocabulo
1469 3876 1545 3930 uti
1581 3875 1701 3945 quis
1726 3875 1897 3939 malit,
1937 3873 1990 3928 in
2022 3875 2201 3945 seipse
2237 3875 2540 3944 collegerit.

407 3977 515 4030 ιη’.
548 3976 713 4029 Ὅσον
736 3975 781 4028 δ’
806 3969 898 4028 οὖν
930 3976 995 4028 ὲκ
1021 3973 1128 4027 τῶν
1158 3975 1288 4044 ἡμῖν
1321 3969 1576 4040 ἐφικτῶν,
1613 3973 1646 4024 ό
1681 3969 1782 4040 μὲν
1803 3967 1908 4032 ὢν,

338 4070 436 4125 καὶ
471 4071 505 4123 ό
544 4067 710 4133 Θεὸς,
758 4065 955 4137 μᾶλλόν
992 4082 1109 4128 πως
1136 4065 1253 4134 ,τῆς
1283 4064 1468 4127 οὐσίας
1509 4061 1746 4132 ὀνόματα
1766 4076 1779 4088 ·
1817 4061 1911 4113 καὶ

338 4161 544 4215 τούτων
573 4160 793 4232 μᾶλλον,
821 4163 854 4214 o’
877 4159 989 4213 ὧν·
1019 4159 1081 4211 οὺ
1118 4157 1277 4228 μόνον
1303 4158 1386 4210 ὅτι
1409 4154 1488 4225 τῷ
1520 4154 1745 4208 Μωῦσεῖ
1774 4169 1911 4224 χρη-

342 4253 585 4326 ματίζων
619 4253 712 4305 ἐπὶ
754 4251 846 4306 τοῦ
881 4252 1061 4323 ὅρους.
1097 4251 1191 4304 καὶ
1218 4249 1316 4320 τὴν
1348 4248 1538 4319 κλῆσιν
1571 4243 1907 4315 ἀπαιτούμε-

338 4361 451 4407 νος,
477 4344 512 4413 ἦ
549 4343 662 4413 (70)
708 4342 794 4407 τίς
830 4358 960 4395 ποτε
1012 4341 1119 4410 εἴη,
1165 4338 1325 4393 τοῦτο
1366 4339 1660 4408 προσεῖπεν
1696 4334 1909 4396 ἑαυτὸν,

353 4436 418 4489 '0
435 4434 522 4488 ὢν
542 4432 886 4489 ἀπέσταλκέ
908 4449 1005 4503 με,
1031 4430 1110 4502 τῷ
1137 4430 1252 4503 λαῷ
1282 4428 1544 4492 κελεύσας
1570 4428 1771 4480 εἰπεῖν’
1797 4425 1910 4480 ἀλλ’

416 4574 462 4606 ⁸⁸
480 4574 644 4628 Hebr.
675 4588 728 4638 v,
765 4573 800 4628 9
832 4581 884 4627 et
911 4586 1024 4640 seq.
1099 4570 1145 4602 “
1166 4569 1328 4624 Hebr.
1361 4584 1454 4636 vn,
1481 4569 1504 4622 l
1544 4584 1662 4638 sqq.

417 4664 533 4729 (59)
566 4663 728 4732 Περί.
756 4662 915 4716 Deest
951 4662 1003 4714 in
1038 4658 1466 4732 pluribuquegg.
1507 4668 1563 4711 et
1599 4657 1745 4712 Colb.

418 4733 532 4803 (60)
574 4729 932 4803 Ύέεόμνημα.
969 4749 1001 4803 ιΔ
1026 4729 1578 4803 Connuouitoriunng

418 4794 904 4874 (“laniﬁcich
934 4800 1145 4863 οὔσας,
1177 4810 1282 4852 etc.
1302 4797 1452 4874 _Bill.:
1482 4815 1500 4848 ι
1547 4794 1766 4874 Ne_ipsa
1792 4794 1914 4874 qni-

345 4864 470 4945 «gelu
517 4864 639 4926 Filii
696 4864 934 4945 nomina,
970 4884 1090 4945 qua:
1125 4870 1376 4945 et_tnulta
1402 4876 1479 4945 _e_t
1510 4865 1690 4945 multis
1735 4864 1914 4945 rebus,

346 4933 468 5018 dum
499 4951 677 4996 mente
706 4951 867 5010 atque
889 4933 1237 5009 intelligentia
1273 4936 1616 5006 percipimus,
1657 4933 1908 5001 imposita

348 5023 515 5070 sunt.
550 5031 569 5063 ι
597 5022 702 5064 etc.

419 5082 535 5154 (62)
563 5080 849 5135 Ἕδωκαν.
884 5077 977 5133 Sic
1029 5076 1186 5132 codd.
1242 5073 1496 5130 Mendose
1534 5074 1585 5127 in
1633 5071 1751 5136 ed.,
1805 5070 1917 5125 ἐδο-

350 5170 443 5207 κα.

421 5221 535 5292 (6⁸5)
568 5221 940 5292 Γράμμασιν.
977 5216 1278 5292 -Ηῑελπτιν,
1326 5214 1377 5269 id
1418 5221 1521 5276 est,
1566 5230 1586 5263 ι
1624 5210 1860 5273 Jehova,
1899 5229 1916 5261 ι

351 5288 701 5359 intelligitur.
732 5288 932 5342 Nomen
975 5288 1115 5341 istud
1150 5303 1169 5337 ι
1211 5292 1723 5359 tetragratnntatoli_,
1761 5294 1917 5359 lmseu

354 5382 375 5415 ι
414 5349 648 5430 quatuor
688 5359 892 5430 litteris
938 5364 1213 5430 constans,
1258 5372 1277 5404 ι
1335 5349 1577 5430 v'ocatur.
1641 5349 1920 5420 Signiﬁcat

356 5449 379 5483 ι
413 5425 536 5492 eius,
571 5447 590 5480 ι
618 5429 700 5481 vel
733 5447 753 5479 ι
783 5429 1048 5481 exsisteus
1075 5425 1142 5479 ab
1164 5434 1365 5477 :eterno
1392 5431 1448 5476 et
1481 5425 1533 5492 in
1575 5431 1858 5492 internum.
1892 5437 1911 5468 ι

354 5490 531 5555 Tanta
563 5507 681 5552 erat
711 5500 850 5566 apud
882 5495 1136 5566 Hebraeos
1172 5494 1340 5566 istius
1367 5490 1618 5566 _no_minis
1668 5503 1916 5563 reveren-
1959 5521 1965 5527 δ

354 5570 453 5631 tia,
500 5583 559 5621 ut
600 5568 669 5621 ab
699 5556 816 5635 ej'us
850 5564 1289 5635 pronuntiatione
1331 5556 1695 5635 abstinentes,
1726 5572 1917 5635 proco

356 5627 611 5707 legebant
649 5627 803 5707 mit,
841 5627 865 5685 ἱ
907 5634 1135 5707 _Adonai.
1174 5630 1387 5707 _v_llunc
1413 5631 1584 5707 locum
1616 5629 1695 5707 sic
1743 5627 1916 5707 reddit

360 5696 754 5766 Le'uveuklaius
781 5696 798 5759 ε’
836 5723 854 5756 ι
894 5705 971 5759 Ac
998 5718 1064 5759 nc
1099 5702 1310 5772 quidem
1350 5700 1676 5770 permiserit,
1714 5708 1771 5753 ut
1815 5696 1909 5749 ali-

2087 3969 2272 4025 XVlll.
2315 3971 2585 4038 Quantum
2620 3984 2749 4040 ergo
2792 3968 2948 4024 nobis
2995 3969 3210 4035 assequi
3260 3979 3574 4020 concessum

2017 4070 2121 4128 est,
2182 4060 2314 4127 Em,
2362 4070 2419 4117 et
2454 4061 2614 4127 Deus,
2677 4061 2847 4129 magis
2900 4057 3294 4128 quodammodo
3332 4057 3579 4110 essentia:

2015 4151 2233 4206 nomina
2268 4160 2431 4217 sunt;
2467 4165 2532 4205 ex
2581 4151 2754 4218 iisque
2791 4150 2954 4203 etiam
2993 4162 3115 4212 vox,
3170 4145 3300 4213 Em,
3344 4144 3409 4197 ad
3457 4159 3579 4198 eam

2016 4242 2356 4297 indicandam
2417 4243 2592 4312 aptior
2648 4252 2767 4306 est;
2800 4255 2903 4295 non
2952 4239 3054 4293 hoc
3107 4238 3279 4292 solum
3341 4237 3577 4298 nomine,

2020 4336 2162 4405 quod
2188 4335 2330 4405 ipse,
2375 4349 2497 4389 cum
2541 4333 2707 4406 Moysi
2742 4334 2795 4387 in
2837 4341 3021 4386 monte
3076 4330 3352 4385 oraculum
3376 4329 3582 4392 ederet,

2019 4422 2513 4492 quaereretqueille,
2543 4437 2650 4491 quo
2680 4421 2896 4477 nomine
2915 4429 3221 4485 vocaretur,
3253 4419 3328 4472 ita
3349 4418 3582 4486 seipsum

1741 4566 1785 4598 “
1816 4565 1971 4621 Rom.
2010 4575 2084 4621 tv,
2112 4557 2205 4612 9.5.
2281 4557 2327 4590 σε
2349 4556 2524 4611 Galat.
2551 4573 2610 4621 ll,
2642 4555 2731 4610 20.
2808 4556 2851 4587 ⁸⁷
2882 4554 3014 4609 Luc.
3039 4568 3179 4615 xm,
3199 4552 3269 4605 44
3297 4565 3411 4620 seq.

1947 4658 1990 4710 1)
2019 4647 2145 4716 quid
2175 4661 2383 4710 eorum,
2423 4661 2540 4716 quae
2567 4656 2686 4700 sunt
2719 4644 3010 4716 secundum
3037 4641 3227 4707 Deum,
3274 4640 3460 4695 iisdem
3495 4638 3583 4693 lit-

2028 4714 2158 4771 teris
2196 4714 2546 4779 scriberetur,
2583 4716 2777 4783 quibus
2812 4714 2902 4767 Dei
2923 4728 3186 4783 omnem)

2094 4786 2206 4856 (64)
2245 4776 2547 4856 Λυομένῃ.
2584 4776 2613 4856 ι’
2638 4785 2789 4856 vox,
2830 4802 2848 4834 ι
2885 4780 3056 4856 inquit
3077 4780 3248 4856 _Elias,
3284 4796 3302 4829 ι
3344 4776 3573 4856 dissolvi-

2030 4849 2115 4910 tur
2147 4849 2198 4909 in
2232 4849 2600 4925 syllabasfvel
2634 4854 2924 4915 elementa,
2955 4850 3038 4905 vel
3076 4852 3127 4903 in
3163 4862 3341 4904 aerem
3384 4849 3588 4916 spargi-

2019 4935 2204 5063 υηξδξξ)
2231 4994 2594 5071 Ἐχώρησεν.
2623 4992 2808 5047 Plures
2842 4990 3008 5062 Regg.
3049 5001 3106 5043 et
3132 4987 3392 5049 Colbert.,
3427 4983 3581 5055 κεχώ

2249 5135 2481 5201 ’Ἄλλην
2517 5132 2617 5205 ἀπ’
2641 5130 2858 5187 ἄλλου.
2907 5130 3068 5185 Coisl.
3103 5129 3159 5195 1,
3184 5125 3349 5195 ἄλλην
3370 5125 3463 5178 ἀπ’
3496 5123 3591 5178 ἄλη

2029 5202 2147 5274 λης,
2177 5202 2205 5274 «ί
2239 5205 2396 5256 aliam
2425 5219 2488 5274 rx
2514 5204 2636 5274 alia.
2668 5221 2687 5253 ι

2099 5273 2212 5343 (67)
2237 5273 2484 5343 ᾼεσμός.
2521 5290 2539 5321 ι
2562 5270 2880 5343 (Vinculum,
2918 5287 2938 5321 ι
2971 5268 3037 5343 _id
3073 5277 3189 5343 est,
3245 5283 3265 5316 ‹
3307 5278 3530 5343 corpus,
3569 5278 3592 5343 ξ

2022 5333 2204 5411 inquit
2233 5333 2399 5404 Elias,
2430 5333 2455 5391 ἱ
2488 5341 2570 5394 cui
2592 5343 2802 5394 animus
2831 5333 2984 5409 quasi
3019 5339 3249 5408 quodam
3279 5333 3489 5387 vinculo
3510 5340 3594 5385 est

2020 5411 2317 5478 copulatus.
2340 5430 2360 5462 ι

2091 5480 2206 5546 (68)
2237 5483 2342 5546 ’⁸ος
2372 5480 2467 5534 ἄν.
2493 5477 2628 5532 Tres
2654 5477 2823 5545 Regg.
2853 5491 2914 5530 ac
2955 5485 3065 5530 tres
3084 5472 3261 5546 Colb.,
3288 5469 3348 5534 ὃς
3378 5469 3494 5523 ἐάν.

2116 5482 2206 5543 68)
2237 5483 2342 5546 ’⁸ος
2372 5482 2467 5534 ἅν.
2493 5482 2628 5532 Tres
2654 5482 2823 5545 Regg.
2853 5491 2914 5530 ac
2955 5485 3065 5530 tres
3084 5482 3261 5534 Colb.,
3288 5482 3348 5534 ος
3378 5482 3466 5523 sar

2091 5482 2202 5617 (69)
2242 5548 2664 5619 ’θνομὰσομεν.
2695 5547 2830 5619 Tres
2854 5546 3043 5616 chg.,
3076 5543 3466 5613 ὀνομάσωμεν..

2090 5616 2203 5690 (70)
2233 5620 2330 5675 "H.
2364 5616 2511 5676 Unus
2538 5616 2709 5688 'ueg.,
2736 5616 2802 5670 εἰ.
