  <div class='ocr_page' id='page_1' title='image "/cluster/home/n/w/nwhite01/storage/ocr_20150623/36/nnc1.0022377409/086.png"; bbox 0 0 3890 6214; ppageno 0'>
   <div class='ocr_carea' id='block_1_1' title="bbox 288 273 395 328">
    <p class='ocr_par' dir='ltr' id='par_1_1' title="bbox 288 273 395 328">
     <span class='ocr_line' id='line_1_1' title="bbox 288 273 395 328; baseline 0.028 -3"><span class='ocrx_word' id='word_1_1' title='bbox 288 273 395 328; x_wconf 72' lang='grc'><strong>129</strong></span> 
     </span>
    </p>
   </div>
   <div class='ocr_carea' id='block_1_2' title="bbox 1317 262 2492 327">
    <p class='ocr_par' dir='ltr' id='par_1_2' title="bbox 1317 262 2492 327">
     <span class='ocr_line' id='line_1_2' title="bbox 1317 262 2492 327; baseline -0.002 0"><span class='ocrx_word' id='word_1_2' title='bbox 1317 271 1575 327; x_wconf 75' lang='lat' dir='ltr'><strong>ORATIO</strong></span> <span class='ocrx_word' id='word_1_3' title='bbox 1612 270 1783 324; x_wconf 77' lang='lat' dir='ltr'><strong>XXX.</strong></span> <span class='ocrx_word' id='word_1_4' title='bbox 1823 301 1895 312; x_wconf 93' lang='lat'>—</span> <span class='ocrx_word' id='word_1_5' title='bbox 1927 262 2367 325; x_wconf 79' lang='lat' dir='ltr'><strong>THEOLOGICA</strong></span> <span class='ocrx_word' id='word_1_6' title='bbox 2402 269 2492 325; x_wconf 76' lang='lat' dir='ltr'><strong>IV.</strong></span> 
     </span>
    </p>
   </div>
   <div class='ocr_carea' id='block_1_3' title="bbox 3443 275 3546 329">
    <p class='ocr_par' dir='ltr' id='par_1_3' title="bbox 3443 275 3546 329">
     <span class='ocr_line' id='line_1_3' title="bbox 3443 275 3546 329; baseline 0.019 -2"><span class='ocrx_word' id='word_1_7' title='bbox 3443 275 3465 327; x_wconf 98' lang='grc'><strong>1</strong></span> <span class='ocrx_word' id='word_1_8' title='bbox 3477 277 3546 329; x_wconf 68' lang='grc' dir='ltr'><strong>ὅθ</strong></span> 
     </span>
    </p>
   </div>
   <div class='ocr_carea' id='block_1_4' title="bbox 286 388 1872 463">
    <p class='ocr_par' dir='ltr' id='par_1_4' title="bbox 286 388 1866 460">
     <span class='ocr_line' id='line_1_4' title="bbox 286 388 1866 460; baseline -0.002 -17"><span class='ocrx_word' id='word_1_9' title='bbox 286 406 383 443; x_wconf 80' lang='grc' dir='ltr'><strong>νου</strong></span> <span class='ocrx_word' id='word_1_10' title='bbox 421 388 517 443; x_wconf 75' lang='grc' dir='ltr'><strong>καὶ</strong></span> <span class='ocrx_word' id='word_1_11' title='bbox 550 389 730 459; x_wconf 85' lang='grc' dir='ltr'>μόνον,</span> <span class='ocrx_word' id='word_1_12' title='bbox 768 388 881 443; x_wconf 81' lang='grc' dir='ltr'>ἀλλ’</span> <span class='ocrx_word' id='word_1_13' title='bbox 911 390 994 442; x_wconf 86' lang='grc' dir='ltr'><strong>ὅτι</strong></span> <span class='ocrx_word' id='word_1_14' title='bbox 1044 394 1137 441; x_wconf 83' lang='grc' dir='ltr'>καὶ</span> <span class='ocrx_word' id='word_1_15' title='bbox 1169 391 1536 460; x_wconf 72' lang='grc' dir='ltr'><strong>μονοτρόπως,</strong></span> <span class='ocrx_word' id='word_1_16' title='bbox 1565 391 1664 458; x_wconf 85' lang='grc' dir='ltr'><strong>ούχ</strong></span> <span class='ocrx_word' id='word_1_17' title='bbox 1691 390 1766 452; x_wconf 85' lang='grc' dir='ltr'>ὼς</span> <span class='ocrx_word' id='word_1_18' title='bbox 1799 389 1866 441; x_wconf 85' lang='grc' dir='ltr'>τὰ</span> 
     </span>
    </p>
   </div>
   <div class='ocr_carea' id='block_1_5' title="bbox 1978 388 3538 463">
    <p class='ocr_par' dir='ltr' id='par_1_5' title="bbox 1978 388 3538 463">
     <span class='ocr_line' id='line_1_5' title="bbox 1978 388 3538 463; baseline 0.004 -22"><span class='ocrx_word' id='word_1_19' title='bbox 1978 401 2076 442; x_wconf 91' lang='lat' dir='ltr'><strong>non</strong></span> <span class='ocrx_word' id='word_1_20' title='bbox 2108 388 2234 457; x_wconf 83' lang='lat' dir='ltr'><strong>quia</strong></span> <span class='ocrx_word' id='word_1_21' title='bbox 2283 388 2431 443; x_wconf 90' lang='lat' dir='ltr'><strong>solus</strong></span> <span class='ocrx_word' id='word_1_22' title='bbox 2482 402 2545 441; x_wconf 81' lang='lat' dir='ltr'><strong>ex</strong></span> <span class='ocrx_word' id='word_1_23' title='bbox 2581 388 2716 453; x_wconf 84' lang='lat' dir='ltr'><strong>solo,</strong></span> <span class='ocrx_word' id='word_1_24' title='bbox 2759 397 2812 443; x_wconf 94' lang='lat' dir='ltr'><strong>et</strong></span> <span class='ocrx_word' id='word_1_25' title='bbox 2857 388 3063 455; x_wconf 90' lang='lat' dir='ltr'><strong>solum;</strong></span> <span class='ocrx_word' id='word_1_26' title='bbox 3095 389 3187 445; x_wconf 89' lang='lat' dir='ltr'><strong>sed</strong></span> <span class='ocrx_word' id='word_1_27' title='bbox 3222 391 3384 448; x_wconf 82' lang='lat' dir='ltr'><strong>etiam</strong></span> <span class='ocrx_word' id='word_1_28' title='bbox 3416 394 3538 463; x_wconf 82' lang='lat' dir='ltr'><strong>quia</strong></span> 
     </span>
    </p>
   </div>
   <div class='ocr_carea' id='block_1_6' title="bbox 290 479 1864 552">
    <p class='ocr_par' dir='ltr' id='par_1_6' title="bbox 290 479 1864 552">
     <span class='ocr_line' id='line_1_6' title="bbox 290 479 1864 552; baseline 0 -19"><span class='ocrx_word' id='word_1_29' title='bbox 290 480 546 551; x_wconf 79' lang='grc' dir='ltr'>σώματα·</span> <span class='ocrx_word' id='word_1_30' title='bbox 582 481 753 548; x_wconf 81' lang='grc' dir='ltr'><strong>Λόγος</strong></span> <span class='ocrx_word' id='word_1_31' title='bbox 780 481 856 545; x_wconf 83' lang='grc' dir='ltr'><strong>δὲ,</strong></span> <span class='ocrx_word' id='word_1_32' title='bbox 891 481 975 533; x_wconf 84' lang='grc' dir='ltr'>ὅτι</span> <span class='ocrx_word' id='word_1_33' title='bbox 1007 479 1181 544; x_wconf 78' lang='grc' dir='ltr'>οὕτως</span> <span class='ocrx_word' id='word_1_34' title='bbox 1208 481 1321 550; x_wconf 79' lang='grc' dir='ltr'>ἔχει</span> <span class='ocrx_word' id='word_1_35' title='bbox 1346 482 1480 552; x_wconf 75' lang='grc' dir='ltr'>πρδς</span> <span class='ocrx_word' id='word_1_36' title='bbox 1513 481 1601 534; x_wconf 81' lang='grc' dir='ltr'><strong>τὸν</strong></span> <span class='ocrx_word' id='word_1_37' title='bbox 1625 479 1864 550; x_wconf 82' lang='grc' dir='ltr'><strong>Πατέρα,</strong></span> 
     </span>
    </p>
   </div>
   <div class='ocr_carea' id='block_1_7' title="bbox 288 568 1869 642">
    <p class='ocr_par' dir='ltr' id='par_1_7' title="bbox 288 568 1869 642">
     <span class='ocr_line' id='line_1_7' title="bbox 288 568 1869 642; baseline -0.001 -18"><span class='ocrx_word' id='word_1_38' title='bbox 288 568 367 634; x_wconf 85' lang='grc' dir='ltr'>ὡς</span> <span class='ocrx_word' id='word_1_39' title='bbox 391 571 527 642; x_wconf 80' lang='grc' dir='ltr'>πρὸς</span> <span class='ocrx_word' id='word_1_40' title='bbox 556 570 679 624; x_wconf 77' lang='grc' dir='ltr'>νοῦν</span> <span class='ocrx_word' id='word_1_41' title='bbox 725 570 882 636; x_wconf 83' lang='grc' dir='ltr'>λόγος</span> <span class='ocrx_word' id='word_1_42' title='bbox 924 570 1034 641; x_wconf 87' lang='grc'>(80)</span> <span class='ocrx_word' id='word_1_43' title='bbox 1060 588 1072 600; x_wconf 88' lang='grc'><strong>·</strong></span> <span class='ocrx_word' id='word_1_44' title='bbox 1116 572 1177 623; x_wconf 73' lang='grc' dir='ltr'>οὐ</span> <span class='ocrx_word' id='word_1_45' title='bbox 1225 572 1384 642; x_wconf 79' lang='grc' dir='ltr'>μόνον</span> <span class='ocrx_word' id='word_1_46' title='bbox 1428 570 1517 624; x_wconf 81' lang='grc' dir='ltr'>διὰ</span> <span class='ocrx_word' id='word_1_47' title='bbox 1549 570 1610 623; x_wconf 87' lang='grc' dir='ltr'><strong>τὸ</strong></span> <span class='ocrx_word' id='word_1_48' title='bbox 1662 570 1869 633; x_wconf 81' lang='grc' dir='ltr'>ἀπαθὲς</span> 
     </span>
    </p>
   </div>
   <div class='ocr_carea' id='block_1_8' title="bbox 288 661 1865 732">
    <p class='ocr_par' dir='ltr' id='par_1_8' title="bbox 288 661 1865 732">
     <span class='ocr_line' id='line_1_8' title="bbox 288 661 1865 732; baseline 0 -18"><span class='ocrx_word' id='word_1_49' title='bbox 288 662 391 732; x_wconf 84' lang='grc' dir='ltr'>τῆς</span> <span class='ocrx_word' id='word_1_50' title='bbox 412 663 739 732; x_wconf 78' lang='grc' dir='ltr'><strong>γεννήσεως,</strong></span> <span class='ocrx_word' id='word_1_51' title='bbox 767 661 904 716; x_wconf 85' lang='grc' dir='ltr'><strong>ἀλλά</strong></span> <span class='ocrx_word' id='word_1_52' title='bbox 930 663 1031 716; x_wconf 67' lang='grc' dir='ltr'>οιαὶ</span> <span class='ocrx_word' id='word_1_53' title='bbox 1063 663 1120 716; x_wconf 84' lang='grc' dir='ltr'>τὸ</span> <span class='ocrx_word' id='word_1_54' title='bbox 1151 663 1407 732; x_wconf 77' lang='grc' dir='ltr'>συναφὲς,</span> <span class='ocrx_word' id='word_1_55' title='bbox 1451 663 1542 715; x_wconf 67' lang='grc' dir='ltr'><strong>καὶ</strong></span> <span class='ocrx_word' id='word_1_56' title='bbox 1593 662 1652 714; x_wconf 86' lang='grc' dir='ltr'>τὸ</span> <span class='ocrx_word' id='word_1_57' title='bbox 1701 661 1865 728; x_wconf 81' lang='grc' dir='ltr'>ἐξαγ-</span> 
     </span>
    </p>
   </div>
   <div class='ocr_carea' id='block_1_9' title="bbox 290 752 1867 825">
    <p class='ocr_par' dir='ltr' id='par_1_9' title="bbox 290 752 1867 825">
     <span class='ocr_line' id='line_1_9' title="bbox 290 752 1867 825; baseline 0.001 -20"><span class='ocrx_word' id='word_1_58' title='bbox 290 753 537 820; x_wconf 84' lang='grc' dir='ltr'>γελτικόν</span> <span class='ocrx_word' id='word_1_59' title='bbox 568 752 711 824; x_wconf 83' lang='grc'>(81)·</span> <span class='ocrx_word' id='word_1_60' title='bbox 752 755 891 824; x_wconf 78' lang='grc' dir='ltr'>τάχα</span> <span class='ocrx_word' id='word_1_61' title='bbox 918 754 962 807; x_wconf 84' lang='grc' dir='ltr'>δ’</span> <span class='ocrx_word' id='word_1_62' title='bbox 994 755 1061 807; x_wconf 89' lang='grc' dir='ltr'><strong>ἂν</strong></span> <span class='ocrx_word' id='word_1_63' title='bbox 1084 753 1234 807; x_wconf 79' lang='grc' dir='ltr'>εἴποι</span> <span class='ocrx_word' id='word_1_64' title='bbox 1262 768 1366 819; x_wconf 87' lang='grc' dir='ltr'>τις,</span> <span class='ocrx_word' id='word_1_65' title='bbox 1392 754 1474 808; x_wconf 85' lang='grc' dir='ltr'>ὃτι</span> <span class='ocrx_word' id='word_1_66' title='bbox 1510 755 1602 808; x_wconf 73' lang='grc' dir='ltr'>καὶ</span> <span class='ocrx_word' id='word_1_67' title='bbox 1636 755 1712 817; x_wconf 82' lang='grc' dir='ltr'>ὡς</span> <span class='ocrx_word' id='word_1_68' title='bbox 1741 755 1867 825; x_wconf 84' lang='grc' dir='ltr'>ὅρος</span> 
     </span>
    </p>
   </div>
   <div class='ocr_carea' id='block_1_10' title="bbox 294 843 1865 916">
    <p class='ocr_par' dir='ltr' id='par_1_10' title="bbox 294 843 1865 916">
     <span class='ocr_line' id='line_1_10' title="bbox 294 843 1865 916; baseline 0.002 -21"><span class='ocrx_word' id='word_1_69' title='bbox 294 843 432 915; x_wconf 80' lang='grc' dir='ltr'>πρὸς</span> <span class='ocrx_word' id='word_1_70' title='bbox 462 844 522 896; x_wconf 83' lang='grc' dir='ltr'>τὸ</span> <span class='ocrx_word' id='word_1_71' title='bbox 546 843 878 914; x_wconf 78' lang='grc' dir='ltr'><strong>ὁριζόμενον,</strong></span> <span class='ocrx_word' id='word_1_72' title='bbox 905 845 1092 916; x_wconf 80' lang='grc' dir='ltr'>ἐπειδὴ</span> <span class='ocrx_word' id='word_1_73' title='bbox 1125 847 1219 898; x_wconf 73' lang='grc' dir='ltr'><strong>καὶ</strong></span> <span class='ocrx_word' id='word_1_74' title='bbox 1259 845 1416 898; x_wconf 81' lang='grc' dir='ltr'>τοῦτο</span> <span class='ocrx_word' id='word_1_75' title='bbox 1445 845 1664 914; x_wconf 86' lang='grc' dir='ltr'>λέγεται</span> <span class='ocrx_word' id='word_1_76' title='bbox 1688 844 1865 912; x_wconf 82' lang='grc' dir='ltr'>λόγος.</span> 
     </span>
    </p>
   </div>
   <div class='ocr_carea' id='block_1_11' title="bbox 307 933 1868 1006">
    <p class='ocr_par' dir='ltr' id='par_1_11' title="bbox 307 933 1868 1006">
     <span class='ocr_line' id='line_1_11' title="bbox 307 933 1868 1006; baseline -0.002 -19"><span class='ocrx_word' id='word_1_77' title='bbox 307 936 372 987; x_wconf 86' lang='lat'><strong>&#39;0</strong></span> <span class='ocrx_word' id='word_1_78' title='bbox 395 936 506 1004; x_wconf 79' lang='grc' dir='ltr'>γὰρ</span> <span class='ocrx_word' id='word_1_79' title='bbox 537 933 858 1002; x_wconf 78' lang='grc' dir='ltr'>νενοηκὼς,</span> <span class='ocrx_word' id='word_1_80' title='bbox 903 937 1059 1006; x_wconf 65' lang='grc' dir='ltr'>φησι,</span> <span class='ocrx_word' id='word_1_81' title='bbox 1102 935 1211 989; x_wconf 81' lang='grc' dir='ltr'><strong>τὸν</strong></span> <span class='ocrx_word' id='word_1_82' title='bbox 1249 935 1386 988; x_wconf 79' lang='grc' dir='ltr'><strong>Υἱόν</strong></span> <span class='ocrx_word' id='word_1_83' title='bbox 1418 935 1594 1004; x_wconf 80' lang='grc' dir='ltr'>(τοῦτο</span> <span class='ocrx_word' id='word_1_84' title='bbox 1617 934 1725 1005; x_wconf 85' lang='grc' dir='ltr'><strong>γάρ</strong></span> <span class='ocrx_word' id='word_1_85' title='bbox 1754 935 1868 986; x_wconf 77' lang='grc' dir='ltr'>ἐστι</span> 
     </span>
    </p>
   </div>
   <div class='ocr_carea' id='block_1_12' title="bbox 294 1022 1869 1093">
    <p class='ocr_par' dir='ltr' id='par_1_12' title="bbox 294 1022 1869 1093">
     <span class='ocr_line' id='line_1_12' title="bbox 294 1022 1869 1093; baseline -0.003 -15"><span class='ocrx_word' id='word_1_86' title='bbox 294 1026 357 1079; x_wconf 83' lang='grc' dir='ltr'>τὸ</span> <span class='ocrx_word' id='word_1_87' title='bbox 391 1024 704 1093; x_wconf 78' lang='grc' dir='ltr'>ἑωρακὼς),</span> <span class='ocrx_word' id='word_1_88' title='bbox 744 1025 996 1091; x_wconf 60' lang='lat' dir='ltr'><strong>remique</strong></span> <span class='ocrx_word' id='word_1_89' title='bbox 1016 1024 1124 1077; x_wconf 74' lang='grc' dir='ltr'><strong>τὸν</strong></span> <span class='ocrx_word' id='word_1_90' title='bbox 1163 1024 1426 1092; x_wconf 79' lang='grc' dir='ltr'><strong>Πατέρα·</strong></span> <span class='ocrx_word' id='word_1_91' title='bbox 1458 1024 1553 1076; x_wconf 73' lang='grc' dir='ltr'><strong>καὶ</strong></span> <span class='ocrx_word' id='word_1_92' title='bbox 1609 1022 1869 1091; x_wconf 84' lang='grc' dir='ltr'>σύντομος</span> 
     </span>
    </p>
   </div>
   <div class='ocr_carea' id='block_1_13' title="bbox 293 1114 1865 1188">
    <p class='ocr_par' dir='ltr' id='par_1_13' title="bbox 293 1114 1865 1188">
     <span class='ocr_line' id='line_1_13' title="bbox 293 1114 1865 1188; baseline -0.003 -17"><span class='ocrx_word' id='word_1_93' title='bbox 293 1117 570 1183; x_wconf 82' lang='grc' dir='ltr'>ἀπόδειξις</span> <span class='ocrx_word' id='word_1_94' title='bbox 597 1118 693 1170; x_wconf 77' lang='grc' dir='ltr'>καὶ</span> <span class='ocrx_word' id='word_1_95' title='bbox 717 1117 875 1188; x_wconf 74' lang='grc' dir='ltr'>ῥᾳδία</span> <span class='ocrx_word' id='word_1_96' title='bbox 905 1117 1001 1186; x_wconf 80' lang='grc' dir='ltr'>τῆς</span> <span class='ocrx_word' id='word_1_97' title='bbox 1028 1115 1123 1168; x_wconf 80' lang='grc' dir='ltr'>τοῦ</span> <span class='ocrx_word' id='word_1_98' title='bbox 1150 1117 1364 1186; x_wconf 83' lang='grc' dir='ltr'>Πατρὸς</span> <span class='ocrx_word' id='word_1_99' title='bbox 1393 1115 1631 1185; x_wconf 84' lang='grc' dir='ltr'>φύσεως,</span> <span class='ocrx_word' id='word_1_100' title='bbox 1661 1117 1690 1167; x_wconf 86' lang='grc' dir='ltr'>ὁ</span> <span class='ocrx_word' id='word_1_101' title='bbox 1717 1114 1865 1177; x_wconf 79' lang='grc' dir='ltr'>Υἱόςο</span> 
     </span>
    </p>
   </div>
   <div class='ocr_carea' id='block_1_14' title="bbox 294 1202 1866 1277">
    <p class='ocr_par' dir='ltr' id='par_1_14' title="bbox 294 1202 1866 1277">
     <span class='ocr_line' id='line_1_14' title="bbox 294 1202 1866 1277; baseline -0.003 -18"><span class='ocrx_word' id='word_1_102' title='bbox 294 1205 541 1277; x_wconf 77' lang='grc' dir='ltr'>γέννημα</span> <span class='ocrx_word' id='word_1_103' title='bbox 571 1205 678 1277; x_wconf 85' lang='grc' dir='ltr'>γὰρ</span> <span class='ocrx_word' id='word_1_104' title='bbox 708 1205 854 1259; x_wconf 77' lang='grc' dir='ltr'>ἅπαν</span> <span class='ocrx_word' id='word_1_105' title='bbox 884 1204 980 1257; x_wconf 81' lang='grc' dir='ltr'><strong>τοῦ</strong></span> <span class='ocrx_word' id='word_1_106' title='bbox 1012 1204 1419 1274; x_wconf 77' lang='grc' dir='ltr'>γεγεννηκότος,</span> <span class='ocrx_word' id='word_1_107' title='bbox 1446 1202 1666 1256; x_wconf 79' lang='grc' dir='ltr'><strong>σιωπῶν</strong></span> <span class='ocrx_word' id='word_1_108' title='bbox 1691 1202 1866 1269; x_wconf 84' lang='grc' dir='ltr'><strong>λόγος.</strong></span> 
     </span>
    </p>
   </div>
   <div class='ocr_carea' id='block_1_15' title="bbox 296 1286 1871 1362">
    <p class='ocr_par' dir='ltr' id='par_1_15' title="bbox 296 1286 1871 1362">
     <span class='ocr_line' id='line_1_15' title="bbox 296 1286 1871 1362; baseline -0.007 -14"><span class='ocrx_word' id='word_1_109' title='bbox 296 1297 361 1348; x_wconf 79' lang='lat' dir='ltr'><strong>El</strong></span> <span class='ocrx_word' id='word_1_110' title='bbox 387 1294 444 1347; x_wconf 83' lang='grc' dir='ltr'>δὲ</span> <span class='ocrx_word' id='word_1_111' title='bbox 465 1294 559 1347; x_wconf 77' lang='grc' dir='ltr'><strong>καὶ</strong></span> <span class='ocrx_word' id='word_1_112' title='bbox 590 1293 682 1347; x_wconf 80' lang='grc' dir='ltr'>διὰ</span> <span class='ocrx_word' id='word_1_113' title='bbox 711 1293 770 1346; x_wconf 83' lang='grc' dir='ltr'>τὸ</span> <span class='ocrx_word' id='word_1_114' title='bbox 801 1291 1129 1362; x_wconf 75' lang='grc' dir='ltr'>ἐνυπάρχειν</span> <span class='ocrx_word' id='word_1_115' title='bbox 1160 1293 1273 1354; x_wconf 86' lang='grc' dir='ltr'>τοῖς</span> <span class='ocrx_word' id='word_1_116' title='bbox 1301 1286 1421 1343; x_wconf 80' lang='grc' dir='ltr'>οὖσι</span> <span class='ocrx_word' id='word_1_117' title='bbox 1461 1289 1611 1357; x_wconf 78' lang='grc' dir='ltr'>λέγοι</span> <span class='ocrx_word' id='word_1_118' title='bbox 1641 1305 1746 1351; x_wconf 88' lang='grc' dir='ltr'>τις,</span> <span class='ocrx_word' id='word_1_119' title='bbox 1774 1286 1871 1356; x_wconf 81' lang='grc' dir='ltr'><strong>οὐχ</strong></span> 
     </span>
    </p>
   </div>
   <div class='ocr_carea' id='block_1_16' title="bbox 293 1379 1870 1459">
    <p class='ocr_par' dir='ltr' id='par_1_16' title="bbox 293 1379 1870 1459">
     <span class='ocr_line' id='line_1_16' title="bbox 293 1379 1870 1459; baseline -0.004 -20"><span class='ocrx_word' id='word_1_120' title='bbox 293 1386 670 1459; x_wconf 80' lang='grc' dir='ltr'><strong>ἁμαρτήσεται</strong></span> <span class='ocrx_word' id='word_1_121' title='bbox 715 1384 1030 1455; x_wconf 74' lang='grc' dir='ltr'>τοῦλόγου·</span> <span class='ocrx_word' id='word_1_122' title='bbox 1066 1383 1121 1435; x_wconf 88' lang='grc' dir='ltr'><strong>τί</strong></span> <span class='ocrx_word' id='word_1_123' title='bbox 1165 1381 1275 1453; x_wconf 82' lang='grc' dir='ltr'><strong>γάρ</strong></span> <span class='ocrx_word' id='word_1_124' title='bbox 1321 1382 1490 1446; x_wconf 81' lang='grc' dir='ltr'>ἐστιν,</span> <span class='ocrx_word' id='word_1_125' title='bbox 1526 1380 1554 1433; x_wconf 88' lang='grc' dir='ltr'>ὃ</span> <span class='ocrx_word' id='word_1_126' title='bbox 1594 1379 1669 1451; x_wconf 80' lang='grc' dir='ltr'>μὴ</span> <span class='ocrx_word' id='word_1_127' title='bbox 1715 1380 1870 1449; x_wconf 86' lang='grc' dir='ltr'>Λόγῳ</span> 
     </span>
    </p>
   </div>
   <div class='ocr_carea' id='block_1_17' title="bbox 294 1472 1871 1548">
    <p class='ocr_par' dir='ltr' id='par_1_17' title="bbox 294 1472 1871 1548">
     <span class='ocr_line' id='line_1_17' title="bbox 294 1472 1871 1548; baseline -0.004 -17"><span class='ocrx_word' id='word_1_128' title='bbox 294 1478 664 1548; x_wconf 87' lang='grc' dir='ltr'>συνέστηκεν;</span> <span class='ocrx_word' id='word_1_129' title='bbox 718 1476 889 1544; x_wconf 85' lang='grc' dir='ltr'>Σοφία</span> <span class='ocrx_word' id='word_1_130' title='bbox 931 1476 1009 1539; x_wconf 85' lang='grc' dir='ltr'>δὲ,</span> <span class='ocrx_word' id='word_1_131' title='bbox 1049 1475 1125 1539; x_wconf 85' lang='grc' dir='ltr'><strong>ὡς</strong></span> <span class='ocrx_word' id='word_1_132' title='bbox 1169 1474 1443 1546; x_wconf 79' lang='grc' dir='ltr'><strong>ἐπιστήμη</strong></span> <span class='ocrx_word' id='word_1_133' title='bbox 1487 1472 1646 1526; x_wconf 81' lang='grc' dir='ltr'>θείων</span> <span class='ocrx_word' id='word_1_134' title='bbox 1680 1489 1739 1524; x_wconf 89' lang='grc' dir='ltr'><strong>τε</strong></span> <span class='ocrx_word' id='word_1_135' title='bbox 1779 1472 1871 1525; x_wconf 76' lang='grc' dir='ltr'><strong>καὶ</strong></span> 
     </span>
    </p>
   </div>
   <div class='ocr_carea' id='block_1_18' title="bbox 292 1560 1873 1642">
    <p class='ocr_par' dir='ltr' id='par_1_18' title="bbox 292 1560 1873 1642">
     <span class='ocr_line' id='line_1_18' title="bbox 292 1560 1873 1642; baseline -0.006 -18"><span class='ocrx_word' id='word_1_136' title='bbox 292 1569 650 1642; x_wconf 80' lang='grc' dir='ltr'>ἀνθρωπίνων</span> <span class='ocrx_word' id='word_1_137' title='bbox 694 1567 1035 1639; x_wconf 78' lang='grc' dir='ltr'>πραγμάτων</span> <span class='ocrx_word' id='word_1_138' title='bbox 1055 1584 1068 1597; x_wconf 82' lang='grc'><em>’</em></span> <span class='ocrx_word' id='word_1_139' title='bbox 1107 1567 1225 1629; x_wconf 89' lang='grc' dir='ltr'><strong>πῶς</strong></span> <span class='ocrx_word' id='word_1_140' title='bbox 1260 1565 1365 1638; x_wconf 86' lang='grc' dir='ltr'>γὰρ</span> <span class='ocrx_word' id='word_1_141' title='bbox 1403 1560 1512 1619; x_wconf 83' lang='grc' dir='ltr'>οἷόν</span> <span class='ocrx_word' id='word_1_142' title='bbox 1547 1581 1607 1616; x_wconf 85' lang='grc' dir='ltr'><strong>τε</strong></span> <span class='ocrx_word' id='word_1_143' title='bbox 1646 1563 1737 1617; x_wconf 81' lang='grc' dir='ltr'><strong>τὸν</strong></span> <span class='ocrx_word' id='word_1_144' title='bbox 1782 1580 1873 1616; x_wconf 84' lang='grc' dir='ltr'>πε-</span> 
     </span>
    </p>
   </div>
   <div class='ocr_carea' id='block_1_19' title="bbox 293 1647 1870 1732">
    <p class='ocr_par' dir='ltr' id='par_1_19' title="bbox 293 1647 1870 1732">
     <span class='ocr_line' id='line_1_19' title="bbox 293 1647 1870 1732; baseline -0.007 -19"><span class='ocrx_word' id='word_1_145' title='bbox 293 1660 582 1732; x_wconf 86' lang='grc' dir='ltr'>ποιηκότα,</span> <span class='ocrx_word' id='word_1_146' title='bbox 607 1658 735 1721; x_wconf 79' lang='grc' dir='ltr'>τοὺς</span> <span class='ocrx_word' id='word_1_147' title='bbox 779 1656 970 1725; x_wconf 86' lang='grc' dir='ltr'>λόγους</span> <span class='ocrx_word' id='word_1_148' title='bbox 1004 1656 1238 1724; x_wconf 82' lang='grc' dir='ltr'>ἀγνοεῖν,</span> <span class='ocrx_word' id='word_1_149' title='bbox 1285 1647 1359 1707; x_wconf 82' lang='grc' dir='ltr'>ὧν</span> <span class='ocrx_word' id='word_1_150' title='bbox 1405 1653 1706 1723; x_wconf 83' lang='grc' dir='ltr'>πεποίηκε;</span> <span class='ocrx_word' id='word_1_151' title='bbox 1769 1650 1870 1703; x_wconf 84' lang='grc' dir='ltr'><strong>Δύ-</strong></span> 
     </span>
    </p>
   </div>
   <div class='ocr_carea' id='block_1_20' title="bbox 1972 479 3535 551">
    <p class='ocr_par' dir='ltr' id='par_1_20' title="bbox 1972 479 3535 551">
     <span class='ocr_line' id='line_1_20' title="bbox 1972 479 3535 551; baseline 0.003 -19"><span class='ocrx_word' id='word_1_152' title='bbox 1972 480 2130 533; x_wconf 88' lang='lat' dir='ltr'><strong>unico</strong></span> <span class='ocrx_word' id='word_1_153' title='bbox 2165 479 2347 544; x_wconf 83' lang='lat' dir='ltr'><strong>modo,</strong></span> <span class='ocrx_word' id='word_1_154' title='bbox 2379 495 2441 534; x_wconf 87' lang='lat' dir='ltr'><strong>ac</strong></span> <span class='ocrx_word' id='word_1_155' title='bbox 2474 494 2581 535; x_wconf 87' lang='lat' dir='ltr'><strong>non</strong></span> <span class='ocrx_word' id='word_1_156' title='bbox 2628 489 2687 534; x_wconf 90' lang='lat' dir='ltr'><strong>ut</strong></span> <span class='ocrx_word' id='word_1_157' title='bbox 2729 494 2978 549; x_wconf 84' lang='lat' dir='ltr'><strong>corpora.</strong></span> <span class='ocrx_word' id='word_1_158' title='bbox 3019 479 3252 535; x_wconf 84' lang='lat' dir='ltr'><strong>Verbum</strong></span> <span class='ocrx_word' id='word_1_159' title='bbox 3273 482 3319 515; x_wconf 78' lang='grc'><strong>⁸⁸</strong></span> <span class='ocrx_word' id='word_1_160' title='bbox 3346 497 3535 551; x_wconf 90' lang='lat' dir='ltr'><strong>porro,</strong></span> 
     </span>
    </p>
   </div>
   <div class='ocr_carea' id='block_1_21' title="bbox 1971 566 3538 639">
    <p class='ocr_par' dir='ltr' id='par_1_21' title="bbox 1971 566 3538 639">
     <span class='ocr_line' id='line_1_21' title="bbox 1971 566 3538 639; baseline 0.002 -15"><span class='ocrx_word' id='word_1_161' title='bbox 1971 571 2097 639; x_wconf 84' lang='lat' dir='ltr'><strong>quia</strong></span> <span class='ocrx_word' id='word_1_162' title='bbox 2124 570 2196 624; x_wconf 87' lang='lat' dir='ltr'><strong>ita</strong></span> <span class='ocrx_word' id='word_1_163' title='bbox 2221 584 2280 624; x_wconf 89' lang='lat' dir='ltr'><strong>se</strong></span> <span class='ocrx_word' id='word_1_164' title='bbox 2302 571 2464 624; x_wconf 87' lang='lat' dir='ltr'><strong>habet</strong></span> <span class='ocrx_word' id='word_1_165' title='bbox 2500 570 2564 623; x_wconf 85' lang='lat' dir='ltr'><strong>ad</strong></span> <span class='ocrx_word' id='word_1_166' title='bbox 2594 569 2835 636; x_wconf 88' lang='lat' dir='ltr'><strong>Patrem,</strong></span> <span class='ocrx_word' id='word_1_167' title='bbox 2876 584 2933 626; x_wconf 94' lang='lat' dir='ltr'><strong>ut</strong></span> <span class='ocrx_word' id='word_1_168' title='bbox 2963 566 3144 628; x_wconf 89' lang='lat' dir='ltr'><strong>sermo</strong></span> <span class='ocrx_word' id='word_1_169' title='bbox 3184 574 3251 627; x_wconf 91' lang='lat' dir='ltr'><strong>ad</strong></span> <span class='ocrx_word' id='word_1_170' title='bbox 3280 584 3538 639; x_wconf 90' lang='lat' dir='ltr'><strong>mentem,</strong></span> 
     </span>
    </p>
   </div>
   <div class='ocr_carea' id='block_1_22' title="bbox 1971 660 3540 732">
    <p class='ocr_par' dir='ltr' id='par_1_22' title="bbox 1971 660 3540 732">
     <span class='ocr_line' id='line_1_22' title="bbox 1971 660 3540 732; baseline 0.004 -20"><span class='ocrx_word' id='word_1_171' title='bbox 1971 673 2076 713; x_wconf 89' lang='lat' dir='ltr'><strong>non</strong></span> <span class='ocrx_word' id='word_1_172' title='bbox 2129 660 2287 713; x_wconf 86' lang='lat' dir='ltr'><strong>modo</strong></span> <span class='ocrx_word' id='word_1_173' title='bbox 2332 670 2552 729; x_wconf 82' lang='lat' dir='ltr'><strong>propter</strong></span> <span class='ocrx_word' id='word_1_174' title='bbox 2590 664 2994 730; x_wconf 80' lang='lat' dir='ltr'><strong>generationem</strong></span> <span class='ocrx_word' id='word_1_175' title='bbox 3052 665 3322 732; x_wconf 81' lang='lat' dir='ltr'><strong>passionis</strong></span> <span class='ocrx_word' id='word_1_176' title='bbox 3368 665 3540 719; x_wconf 88' lang='lat' dir='ltr'><strong>omnis</strong></span> 
     </span>
    </p>
   </div>
   <div class='ocr_carea' id='block_1_23' title="bbox 1969 754 3536 825">
    <p class='ocr_par' dir='ltr' id='par_1_23' title="bbox 1969 754 3536 825">
     <span class='ocr_line' id='line_1_23' title="bbox 1969 754 3536 825; baseline 0.003 -20"><span class='ocrx_word' id='word_1_177' title='bbox 1969 761 2243 820; x_wconf 75' lang='lat' dir='ltr'><strong>expertem</strong></span> <span class='ocrx_word' id='word_1_178' title='bbox 2283 793 2298 818; x_wconf 93' lang='lat'><strong>,</strong></span> <span class='ocrx_word' id='word_1_179' title='bbox 2352 768 2540 806; x_wconf 89' lang='lat' dir='ltr'><strong>verum</strong></span> <span class='ocrx_word' id='word_1_180' title='bbox 2601 754 2762 808; x_wconf 91' lang='lat' dir='ltr'><strong>etiam</strong></span> <span class='ocrx_word' id='word_1_181' title='bbox 2826 768 3044 823; x_wconf 83' lang='lat' dir='ltr'><strong>propter</strong></span> <span class='ocrx_word' id='word_1_182' title='bbox 3107 755 3536 825; x_wconf 75' lang='lat' dir='ltr'><strong>conjunctionetn</strong></span> 
     </span>
    </p>
   </div>
   <div class='ocr_carea' id='block_1_24' title="bbox 1972 838 3539 910">
    <p class='ocr_par' dir='ltr' id='par_1_24' title="bbox 1972 838 3539 910">
     <span class='ocr_line' id='line_1_24' title="bbox 1972 838 3539 910; baseline 0.006 -18"><span class='ocrx_word' id='word_1_183' title='bbox 1972 838 2141 907; x_wconf 84' lang='lat' dir='ltr'><strong>ipsius</strong></span> <span class='ocrx_word' id='word_1_184' title='bbox 2170 855 2292 893; x_wconf 88' lang='lat' dir='ltr'><strong>cum</strong></span> <span class='ocrx_word' id='word_1_185' title='bbox 2333 839 2516 902; x_wconf 93' lang='lat' dir='ltr'><strong>Patre,</strong></span> <span class='ocrx_word' id='word_1_186' title='bbox 2556 841 2773 910; x_wconf 84' lang='lat' dir='ltr'><strong>vimque</strong></span> <span class='ocrx_word' id='word_1_187' title='bbox 2824 844 3264 899; x_wconf 89' lang='lat' dir='ltr'><strong>cnuntiatricem.</strong></span> <span class='ocrx_word' id='word_1_188' title='bbox 3291 845 3539 902; x_wconf 77' lang='lat' dir='ltr'><strong>Fortasse</strong></span> 
     </span>
    </p>
   </div>
   <div class='ocr_carea' id='block_1_25' title="bbox 1969 929 3551 998">
    <p class='ocr_par' dir='ltr' id='par_1_25' title="bbox 1969 929 3551 998">
     <span class='ocr_line' id='line_1_25' title="bbox 1969 929 3551 998; baseline 0.005 -16"><span class='ocrx_word' id='word_1_189' title='bbox 1969 929 2130 982; x_wconf 78' lang='lat' dir='ltr'><strong>etiam</strong></span> <span class='ocrx_word' id='word_1_190' title='bbox 2176 930 2298 998; x_wconf 91' lang='lat' dir='ltr'><strong>quis</strong></span> <span class='ocrx_word' id='word_1_191' title='bbox 2336 930 2553 994; x_wconf 80' lang='lat' dir='ltr'><strong>dixerit,</strong></span> <span class='ocrx_word' id='word_1_192' title='bbox 2583 933 2771 985; x_wconf 90' lang='lat' dir='ltr'><strong>eodem</strong></span> <span class='ocrx_word' id='word_1_193' title='bbox 2813 935 2973 986; x_wconf 90' lang='lat' dir='ltr'><strong>modo</strong></span> <span class='ocrx_word' id='word_1_194' title='bbox 3007 948 3066 987; x_wconf 92' lang='lat' dir='ltr'><strong>se</strong></span> <span class='ocrx_word' id='word_1_195' title='bbox 3095 935 3161 988; x_wconf 93' lang='lat' dir='ltr'><strong>ad</strong></span> <span class='ocrx_word' id='word_1_196' title='bbox 3189 933 3402 989; x_wconf 85' lang='lat' dir='ltr'><strong>Patrem</strong></span> <span class='ocrx_word' id='word_1_197' title='bbox 3440 936 3551 998; x_wconf 85' lang='lat' dir='ltr'><strong>ha-_</strong></span> 
     </span>
    </p>
   </div>
   <div class='ocr_carea' id='block_1_26' title="bbox 1969 1016 3579 1091">
    <p class='ocr_par' dir='ltr' id='par_1_26' title="bbox 1969 1016 3579 1091">
     <span class='ocr_line' id='line_1_26' title="bbox 1969 1016 3579 1091; baseline 0.006 -21"><span class='ocrx_word' id='word_1_198' title='bbox 1969 1016 2122 1078; x_wconf 88' lang='lat' dir='ltr'><strong>bere,</strong></span> <span class='ocrx_word' id='word_1_199' title='bbox 2157 1032 2266 1086; x_wconf 89' lang='lat' dir='ltr'><strong>quo</strong></span> <span class='ocrx_word' id='word_1_200' title='bbox 2294 1017 2537 1072; x_wconf 83' lang='lat' dir='ltr'><strong>definitio</strong></span> <span class='ocrx_word' id='word_1_201' title='bbox 2563 1020 2629 1073; x_wconf 89' lang='lat' dir='ltr'><strong>ad</strong></span> <span class='ocrx_word' id='word_1_202' title='bbox 2665 1019 2967 1084; x_wconf 83' lang='lat' dir='ltr'><strong>definitum,</strong></span> <span class='ocrx_word' id='word_1_203' title='bbox 2999 1023 3252 1091; x_wconf 89' lang='lat' dir='ltr'><strong>quoniam</strong></span> <span class='ocrx_word' id='word_1_204' title='bbox 3297 1023 3538 1079; x_wconf 87' lang='lat' dir='ltr'><strong>definitio</strong></span> <span class='ocrx_word' id='word_1_205' title='bbox 3572 1016 3579 1030; x_wconf 77' lang='grc'><em>’</em></span> 
     </span>
    </p>
   </div>
   <div class='ocr_carea' id='block_1_27' title="bbox 1972 1107 3537 1186">
    <p class='ocr_par' dir='ltr' id='par_1_27' title="bbox 1972 1107 3537 1186">
     <span class='ocr_line' id='line_1_27' title="bbox 1972 1107 3537 1186; baseline 0.008 -28"><span class='ocrx_word' id='word_1_206' title='bbox 1972 1121 2189 1175; x_wconf 89' lang='lat' dir='ltr'><strong>quoque</strong></span> <span class='ocrx_word' id='word_1_207' title='bbox 2229 1107 2386 1176; x_wconf 86' lang='grc' dir='ltr'>λόγος</span> <span class='ocrx_word' id='word_1_208' title='bbox 2430 1110 2650 1164; x_wconf 86' lang='lat' dir='ltr'><strong>dicitur.</strong></span> <span class='ocrx_word' id='word_1_209' title='bbox 2693 1109 2796 1174; x_wconf 80' lang='lat' dir='ltr'><strong>Qui</strong></span> <span class='ocrx_word' id='word_1_210' title='bbox 2844 1113 2982 1165; x_wconf 79' lang='lat' dir='ltr'><strong>enim</strong></span> <span class='ocrx_word' id='word_1_211' title='bbox 3033 1111 3230 1167; x_wconf 79' lang='lat' dir='ltr'><strong>Filium</strong></span> <span class='ocrx_word' id='word_1_212' title='bbox 3279 1119 3537 1186; x_wconf 82' lang='lat' dir='ltr'><strong>cognovit,</strong></span> 
     </span>
    </p>
   </div>
   <div class='ocr_carea' id='block_1_28' title="bbox 1971 1196 3538 1279">
    <p class='ocr_par' dir='ltr' id='par_1_28' title="bbox 1971 1196 3538 1279">
     <span class='ocr_line' id='line_1_28' title="bbox 1971 1196 3538 1279; baseline 0.006 -29"><span class='ocrx_word' id='word_1_213' title='bbox 1971 1197 2048 1250; x_wconf 86' lang='lat' dir='ltr'><strong>ait</strong></span> <span class='ocrx_word' id='word_1_214' title='bbox 2095 1196 2347 1252; x_wconf 80' lang='lat' dir='ltr'><strong>Christus</strong></span> <span class='ocrx_word' id='word_1_215' title='bbox 2404 1199 2532 1263; x_wconf 87' lang='lat' dir='ltr'><strong>(hoc</strong></span> <span class='ocrx_word' id='word_1_216' title='bbox 2582 1201 2726 1253; x_wconf 91' lang='lat' dir='ltr'><strong>enim</strong></span> <span class='ocrx_word' id='word_1_217' title='bbox 2760 1202 2898 1255; x_wconf 87' lang='lat' dir='ltr'><strong>idem</strong></span> <span class='ocrx_word' id='word_1_218' title='bbox 2935 1203 3222 1271; x_wconf 82' lang='lat' dir='ltr'><strong>signiﬁcat,</strong></span> <span class='ocrx_word' id='word_1_219' title='bbox 3249 1220 3332 1270; x_wconf 88' lang='lat' dir='ltr'><strong>ac,</strong></span> <span class='ocrx_word' id='word_1_220' title='bbox 3362 1207 3538 1279; x_wconf 79' lang='lat' dir='ltr'><strong>vidit),</strong></span> 
     </span>
    </p>
   </div>
   <div class='ocr_carea' id='block_1_29' title="bbox 1972 1288 3540 1368">
    <p class='ocr_par' dir='ltr' id='par_1_29' title="bbox 1972 1288 3540 1368">
     <span class='ocr_line' id='line_1_29' title="bbox 1972 1288 3540 1368; baseline 0.008 -27"><span class='ocrx_word' id='word_1_221' title='bbox 1972 1288 2191 1343; x_wconf 79' lang='lat' dir='ltr'><strong>Patrem</strong></span> <span class='ocrx_word' id='word_1_222' title='bbox 2218 1307 2423 1360; x_wconf 85' lang='lat' dir='ltr'><strong>quoque</strong></span> <span class='ocrx_word' id='word_1_223' title='bbox 2468 1295 2703 1362; x_wconf 81' lang='lat' dir='ltr'><strong>cognovit</strong></span> <span class='ocrx_word' id='word_1_224' title='bbox 2730 1294 2776 1325; x_wconf 73' lang='grc'><strong>⁸³</strong></span> <span class='ocrx_word' id='word_1_225' title='bbox 2802 1311 2816 1346; x_wconf 89' lang='lat'><strong>:</strong></span> <span class='ocrx_word' id='word_1_226' title='bbox 2844 1309 2906 1349; x_wconf 91' lang='lat' dir='ltr'><strong>ac</strong></span> <span class='ocrx_word' id='word_1_227' title='bbox 2942 1297 3144 1362; x_wconf 81' lang='lat' dir='ltr'><strong>brevis,</strong></span> <span class='ocrx_word' id='word_1_228' title='bbox 3185 1306 3242 1352; x_wconf 83' lang='lat' dir='ltr'><strong>et</strong></span> <span class='ocrx_word' id='word_1_229' title='bbox 3285 1314 3540 1368; x_wconf 88' lang='lat' dir='ltr'><strong>compen—</strong></span> 
     </span>
    </p>
   </div>
   <div class='ocr_carea' id='block_1_30' title="bbox 1972 1381 3537 1451">
    <p class='ocr_par' dir='ltr' id='par_1_30' title="bbox 1972 1381 3537 1451">
     <span class='ocr_line' id='line_1_30' title="bbox 1972 1381 3537 1451; baseline 0.009 -17"><span class='ocrx_word' id='word_1_230' title='bbox 1972 1382 2121 1435; x_wconf 82' lang='lat' dir='ltr'><strong>diosa</strong></span> <span class='ocrx_word' id='word_1_231' title='bbox 2146 1381 2427 1451; x_wconf 80' lang='lat' dir='ltr'><strong>facilisque</strong></span> <span class='ocrx_word' id='word_1_232' title='bbox 2450 1394 2685 1451; x_wconf 75' lang='lat' dir='ltr'><strong>pateruze</strong></span> <span class='ocrx_word' id='word_1_233' title='bbox 2708 1393 2915 1440; x_wconf 70' lang='lat' dir='ltr'><strong>natura:</strong></span> <span class='ocrx_word' id='word_1_234' title='bbox 2939 1386 3234 1443; x_wconf 84' lang='lat' dir='ltr'><strong>declaratio</strong></span> <span class='ocrx_word' id='word_1_235' title='bbox 3252 1400 3335 1445; x_wconf 90' lang='lat' dir='ltr'><strong>est</strong></span> <span class='ocrx_word' id='word_1_236' title='bbox 3354 1390 3537 1447; x_wconf 83' lang='lat' dir='ltr'><strong>Filius.</strong></span> 
     </span>
    </p>
   </div>
   <div class='ocr_carea' id='block_1_31' title="bbox 1971 1472 3536 1544">
    <p class='ocr_par' dir='ltr' id='par_1_31' title="bbox 1971 1472 3536 1544">
     <span class='ocr_line' id='line_1_31' title="bbox 1971 1472 3536 1544; baseline 0.006 -17"><span class='ocrx_word' id='word_1_237' title='bbox 1971 1472 2141 1527; x_wconf 83' lang='lat' dir='ltr'><strong>Omne</strong></span> <span class='ocrx_word' id='word_1_238' title='bbox 2187 1473 2331 1527; x_wconf 90' lang='lat' dir='ltr'><strong>enim</strong></span> <span class='ocrx_word' id='word_1_239' title='bbox 2392 1478 2533 1541; x_wconf 87' lang='lat' dir='ltr'><strong>quod</strong></span> <span class='ocrx_word' id='word_1_240' title='bbox 2582 1476 2823 1544; x_wconf 86' lang='lat' dir='ltr'><strong>genitum</strong></span> <span class='ocrx_word' id='word_1_241' title='bbox 2884 1486 2985 1542; x_wconf 88' lang='lat' dir='ltr'><strong>est,</strong></span> <span class='ocrx_word' id='word_1_242' title='bbox 3028 1479 3330 1544; x_wconf 75' lang='lat' dir='ltr'><strong>genitorem</strong></span> <span class='ocrx_word' id='word_1_243' title='bbox 3380 1497 3536 1537; x_wconf 87' lang='lat' dir='ltr'><strong>suum</strong></span> 
     </span>
    </p>
   </div>
   <div class='ocr_carea' id='block_1_32' title="bbox 1974 1563 3537 1640">
    <p class='ocr_par' dir='ltr' id='par_1_32' title="bbox 1974 1563 3537 1640">
     <span class='ocr_line' id='line_1_32' title="bbox 1974 1563 3537 1640; baseline 0.007 -26"><span class='ocrx_word' id='word_1_244' title='bbox 1974 1563 2136 1617; x_wconf 87' lang='lat' dir='ltr'><strong>tacita</strong></span> <span class='ocrx_word' id='word_1_245' title='bbox 2192 1566 2424 1634; x_wconf 89' lang='lat' dir='ltr'><strong>quadam</strong></span> <span class='ocrx_word' id='word_1_246' title='bbox 2472 1580 2601 1619; x_wconf 88' lang='lat' dir='ltr'><strong>voce</strong></span> <span class='ocrx_word' id='word_1_247' title='bbox 2657 1566 2869 1620; x_wconf 85' lang='lat' dir='ltr'><strong>definit.</strong></span> <span class='ocrx_word' id='word_1_248' title='bbox 2935 1568 3089 1635; x_wconf 87' lang='lat' dir='ltr'><strong>Quod</strong></span> <span class='ocrx_word' id='word_1_249' title='bbox 3120 1572 3164 1625; x_wconf 80' lang='lat' dir='ltr'><strong>si</strong></span> <span class='ocrx_word' id='word_1_250' title='bbox 3204 1572 3325 1640; x_wconf 82' lang='lat' dir='ltr'><strong>quis</strong></span> <span class='ocrx_word' id='word_1_251' title='bbox 3352 1573 3537 1637; x_wconf 84' lang='lat' dir='ltr'><strong>etiam,</strong></span> 
     </span>
    </p>
   </div>
   <div class='ocr_carea' id='block_1_33' title="bbox 1973 1654 3536 1729">
    <p class='ocr_par' dir='ltr' id='par_1_33' title="bbox 1973 1654 3536 1729">
     <span class='ocr_line' id='line_1_33' title="bbox 1973 1654 3536 1729; baseline 0.008 -24"><span class='ocrx_word' id='word_1_252' title='bbox 1973 1654 2095 1721; x_wconf 88' lang='lat' dir='ltr'><strong>quia</strong></span> <span class='ocrx_word' id='word_1_253' title='bbox 2125 1655 2286 1708; x_wconf 83' lang='lat' dir='ltr'><strong>rebus</strong></span> <span class='ocrx_word' id='word_1_254' title='bbox 2314 1656 2569 1710; x_wconf 90' lang='lat' dir='ltr'><strong>omnibus</strong></span> <span class='ocrx_word' id='word_1_255' title='bbox 2612 1656 2760 1723; x_wconf 90' lang='lat' dir='ltr'><strong>insit,</strong></span> <span class='ocrx_word' id='word_1_256' title='bbox 2790 1657 2963 1727; x_wconf 88' lang='grc' dir='ltr'>Λόγον</span> <span class='ocrx_word' id='word_1_257' title='bbox 3009 1662 3188 1715; x_wconf 88' lang='lat' dir='ltr'><strong>vocari</strong></span> <span class='ocrx_word' id='word_1_258' title='bbox 3224 1665 3536 1729; x_wconf 85' lang='lat' dir='ltr'><strong>comendat,</strong></span> 
     </span>
    </p>
   </div>
   <div class='ocr_carea' id='block_1_34' title="bbox 292 1735 1872 1823">
    <p class='ocr_par' dir='ltr' id='par_1_34' title="bbox 292 1743 1867 1823">
     <span class='ocr_line' id='line_1_34' title="bbox 292 1743 1867 1823; baseline -0.007 -17"><span class='ocrx_word' id='word_1_259' title='bbox 292 1770 458 1823; x_wconf 88' lang='grc' dir='ltr'>ναμις</span> <span class='ocrx_word' id='word_1_260' title='bbox 489 1751 566 1814; x_wconf 80' lang='grc' dir='ltr'>δὲ,</span> <span class='ocrx_word' id='word_1_261' title='bbox 596 1751 673 1815; x_wconf 84' lang='grc' dir='ltr'><strong>ὡς</strong></span> <span class='ocrx_word' id='word_1_262' title='bbox 715 1748 1106 1821; x_wconf 81' lang='grc' dir='ltr'>συντηρητικὸς</span> <span class='ocrx_word' id='word_1_263' title='bbox 1136 1747 1245 1801; x_wconf 88' lang='grc' dir='ltr'><strong>τῶν</strong></span> <span class='ocrx_word' id='word_1_264' title='bbox 1276 1746 1603 1816; x_wconf 84' lang='grc' dir='ltr'>γενομένων,</span> <span class='ocrx_word' id='word_1_265' title='bbox 1641 1745 1735 1797; x_wconf 73' lang='grc' dir='ltr'><strong>καὶ</strong></span> <span class='ocrx_word' id='word_1_266' title='bbox 1770 1743 1867 1814; x_wconf 79' lang='grc' dir='ltr'>τὴν</span> 
     </span>
    </p>
   </div>
   <div class='ocr_carea' id='block_1_35' title="bbox 1978 1735 3535 1823">
    <p class='ocr_par' dir='ltr' id='par_1_35' title="bbox 1978 1745 3535 1822">
     <span class='ocr_line' id='line_1_35' title="bbox 1978 1745 3535 1822; baseline 0.009 -28"><span class='ocrx_word' id='word_1_267' title='bbox 1978 1758 2000 1794; x_wconf 80' lang='lat' dir='ltr'><strong>a</strong></span> <span class='ocrx_word' id='word_1_268' title='bbox 2055 1745 2264 1799; x_wconf 85' lang='lat' dir='ltr'><strong>ratione</strong></span> <span class='ocrx_word' id='word_1_269' title='bbox 2310 1759 2415 1798; x_wconf 93' lang='lat' dir='ltr'><strong>non</strong></span> <span class='ocrx_word' id='word_1_270' title='bbox 2469 1746 2764 1801; x_wconf 84' lang='lat' dir='ltr'><strong>aberrabit.</strong></span> <span class='ocrx_word' id='word_1_271' title='bbox 2796 1747 2933 1813; x_wconf 83' lang='lat' dir='ltr'><strong>Quid</strong></span> <span class='ocrx_word' id='word_1_272' title='bbox 2959 1750 3103 1803; x_wconf 90' lang='lat' dir='ltr'><strong>enim</strong></span> <span class='ocrx_word' id='word_1_273' title='bbox 3125 1759 3226 1816; x_wconf 91' lang='lat' dir='ltr'><strong>est,</strong></span> <span class='ocrx_word' id='word_1_274' title='bbox 3254 1753 3396 1822; x_wconf 90' lang='lat' dir='ltr'><strong>quod</strong></span> <span class='ocrx_word' id='word_1_275' title='bbox 3426 1768 3535 1809; x_wconf 91' lang='lat' dir='ltr'><strong>non</strong></span> 
     </span>
    </p>
   </div>
   <div class='ocr_carea' id='block_1_36' title="bbox 291 1834 1864 1913">
    <p class='ocr_par' dir='ltr' id='par_1_36' title="bbox 291 1834 1864 1913">
     <span class='ocr_line' id='line_1_36' title="bbox 291 1834 1864 1913; baseline -0.007 -16"><span class='ocrx_word' id='word_1_276' title='bbox 291 1843 389 1897; x_wconf 82' lang='grc' dir='ltr'>τοῦ</span> <span class='ocrx_word' id='word_1_277' title='bbox 426 1841 745 1913; x_wconf 84' lang='grc' dir='ltr'>συνέχεσθαι</span> <span class='ocrx_word' id='word_1_278' title='bbox 785 1838 961 1894; x_wconf 79' lang='grc' dir='ltr'>ταῦτα</span> <span class='ocrx_word' id='word_1_279' title='bbox 1010 1836 1261 1910; x_wconf 76' lang='grc' dir='ltr'>χορηγῶν</span> <span class='ocrx_word' id='word_1_280' title='bbox 1315 1837 1565 1907; x_wconf 82' lang='grc' dir='ltr'>δύναμιν.</span> <span class='ocrx_word' id='word_1_281' title='bbox 1616 1834 1864 1905; x_wconf 82' lang='grc' dir='ltr'>Ἀλήθεια</span> 
     </span>
    </p>
   </div>
   <div class='ocr_carea' id='block_1_37' title="bbox 292 1920 1862 2002">
    <p class='ocr_par' dir='ltr' id='par_1_37' title="bbox 292 1920 1862 2002">
     <span class='ocr_line' id='line_1_37' title="bbox 292 1920 1862 2002; baseline -0.006 -16"><span class='ocrx_word' id='word_1_282' title='bbox 292 1936 372 2002; x_wconf 82' lang='grc' dir='ltr'>δὲ,</span> <span class='ocrx_word' id='word_1_283' title='bbox 411 1934 488 1996; x_wconf 86' lang='grc' dir='ltr'><strong>ὡς</strong></span> <span class='ocrx_word' id='word_1_284' title='bbox 517 1932 598 1995; x_wconf 81' lang='grc' dir='ltr'><strong>ἓν,</strong></span> <span class='ocrx_word' id='word_1_285' title='bbox 642 1932 704 1984; x_wconf 87' lang='grc' dir='ltr'>οὐ</span> <span class='ocrx_word' id='word_1_286' title='bbox 755 1930 923 1984; x_wconf 80' lang='grc' dir='ltr'>πολλὰ</span> <span class='ocrx_word' id='word_1_287' title='bbox 953 1933 1018 2001; x_wconf 80' lang='grc' dir='ltr'>τῇ</span> <span class='ocrx_word' id='word_1_288' title='bbox 1052 1929 1210 1999; x_wconf 70' lang='grc' dir='ltr'>φύσει</span> <span class='ocrx_word' id='word_1_289' title='bbox 1231 1945 1243 1957; x_wconf 67' lang='grc' dir='ltr'><strong>ο</strong></span> <span class='ocrx_word' id='word_1_290' title='bbox 1277 1928 1338 1981; x_wconf 87' lang='grc' dir='ltr'>τὸ</span> <span class='ocrx_word' id='word_1_291' title='bbox 1372 1928 1470 1998; x_wconf 85' lang='grc' dir='ltr'>μὲν</span> <span class='ocrx_word' id='word_1_292' title='bbox 1503 1925 1612 1997; x_wconf 85' lang='grc' dir='ltr'>γὰρ</span> <span class='ocrx_word' id='word_1_293' title='bbox 1649 1920 1862 1995; x_wconf 77' lang='grc' dir='ltr'>ἀληθὲς,</span> 
     </span>
    </p>
   </div>
   <div class='ocr_carea' id='block_1_38' title="bbox 292 2014 1865 2095">
    <p class='ocr_par' dir='ltr' id='par_1_38' title="bbox 292 2014 1865 2095">
     <span class='ocr_line' id='line_1_38' title="bbox 292 2014 1865 2095; baseline -0.008 -14"><span class='ocrx_word' id='word_1_294' title='bbox 292 2027 386 2081; x_wconf 73' lang='grc' dir='ltr'><strong>ἓνο</strong></span> <span class='ocrx_word' id='word_1_295' title='bbox 420 2025 483 2080; x_wconf 82' lang='grc' dir='ltr'><strong>τὸ</strong></span> <span class='ocrx_word' id='word_1_296' title='bbox 512 2026 569 2078; x_wconf 86' lang='grc' dir='ltr'>δὲ</span> <span class='ocrx_word' id='word_1_297' title='bbox 606 2023 821 2095; x_wconf 79' lang='grc' dir='ltr'>ψεῦδος,</span> <span class='ocrx_word' id='word_1_298' title='bbox 880 2021 1226 2093; x_wconf 82' lang='grc' dir='ltr'>πολυσχιδές·</span> <span class='ocrx_word' id='word_1_299' title='bbox 1270 2020 1364 2073; x_wconf 69' lang='grc' dir='ltr'><strong>καὶ</strong></span> <span class='ocrx_word' id='word_1_300' title='bbox 1404 2020 1479 2083; x_wconf 82' lang='grc' dir='ltr'>ὡς</span> <span class='ocrx_word' id='word_1_301' title='bbox 1520 2016 1734 2088; x_wconf 79' lang='grc' dir='ltr'>καθαρὰ</span> <span class='ocrx_word' id='word_1_302' title='bbox 1772 2014 1865 2068; x_wconf 71' lang='grc' dir='ltr'>τοῦ</span> 
     </span>
    </p>
   </div>
   <div class='ocr_carea' id='block_1_39' title="bbox 294 2104 1866 2187">
    <p class='ocr_par' dir='ltr' id='par_1_39' title="bbox 294 2104 1866 2187">
     <span class='ocr_line' id='line_1_39' title="bbox 294 2104 1866 2187; baseline -0.008 -17"><span class='ocrx_word' id='word_1_303' title='bbox 294 2116 510 2187; x_wconf 83' lang='grc' dir='ltr'>Πατρὸς</span> <span class='ocrx_word' id='word_1_304' title='bbox 541 2114 798 2186; x_wconf 76' lang='grc' dir='ltr'>σφραγὶς,</span> <span class='ocrx_word' id='word_1_305' title='bbox 828 2114 922 2167; x_wconf 81' lang='grc' dir='ltr'><strong>καὶ</strong></span> <span class='ocrx_word' id='word_1_306' title='bbox 936 2111 1221 2185; x_wconf 83' lang='grc' dir='ltr'>χαρακτὴρ</span> <span class='ocrx_word' id='word_1_307' title='bbox 1243 2109 1651 2181; x_wconf 79' lang='grc' dir='ltr'>ἀψευδέστατος.</span> <span class='ocrx_word' id='word_1_308' title='bbox 1692 2104 1866 2159; x_wconf 80' lang='grc' dir='ltr'>Εἰκὼν</span> 
     </span>
    </p>
   </div>
   <div class='ocr_carea' id='block_1_40' title="bbox 291 2195 1867 2278">
    <p class='ocr_par' dir='ltr' id='par_1_40' title="bbox 291 2195 1867 2278">
     <span class='ocr_line' id='line_1_40' title="bbox 291 2195 1867 2278; baseline -0.009 -16"><span class='ocrx_word' id='word_1_309' title='bbox 291 2208 349 2262; x_wconf 83' lang='grc' dir='ltr'>δὲ</span> <span class='ocrx_word' id='word_1_310' title='bbox 374 2206 512 2278; x_wconf 69' lang='grc'>(82),</span> <span class='ocrx_word' id='word_1_311' title='bbox 542 2206 617 2269; x_wconf 84' lang='grc' dir='ltr'>ὡς</span> <span class='ocrx_word' id='word_1_312' title='bbox 647 2205 952 2276; x_wconf 88' lang='grc' dir='ltr'>ὁμοούσιον,</span> <span class='ocrx_word' id='word_1_313' title='bbox 1008 2204 1102 2256; x_wconf 78' lang='grc' dir='ltr'>καὶ</span> <span class='ocrx_word' id='word_1_314' title='bbox 1147 2205 1229 2256; x_wconf 87' lang='grc' dir='ltr'>ὅτι</span> <span class='ocrx_word' id='word_1_315' title='bbox 1282 2199 1440 2254; x_wconf 82' lang='grc' dir='ltr'>τοῦτο</span> <span class='ocrx_word' id='word_1_316' title='bbox 1484 2197 1710 2261; x_wconf 73' lang='grc' dir='ltr'>ἐκεῖθεν,</span> <span class='ocrx_word' id='word_1_317' title='bbox 1753 2195 1867 2250; x_wconf 80' lang='grc' dir='ltr'>ἀλλ’</span> 
     </span>
    </p>
   </div>
   <div class='ocr_carea' id='block_1_41' title="bbox 291 2286 1868 2367">
    <p class='ocr_par' dir='ltr' id='par_1_41' title="bbox 291 2286 1868 2367">
     <span class='ocr_line' id='line_1_41' title="bbox 291 2286 1868 2367; baseline -0.009 -15"><span class='ocrx_word' id='word_1_318' title='bbox 291 2300 394 2352; x_wconf 81' lang='grc' dir='ltr'><strong>οὐκ</strong></span> <span class='ocrx_word' id='word_1_319' title='bbox 427 2300 493 2350; x_wconf 84' lang='grc' dir='ltr'>ὲκ</span> <span class='ocrx_word' id='word_1_320' title='bbox 525 2296 713 2350; x_wconf 84' lang='grc' dir='ltr'>τούτου</span> <span class='ocrx_word' id='word_1_321' title='bbox 759 2296 981 2367; x_wconf 73' lang='grc' dir='ltr'><strong>Πατήρ⁸</strong></span> <span class='ocrx_word' id='word_1_322' title='bbox 1013 2293 1153 2364; x_wconf 76' lang='grc' dir='ltr'>αὕτη</span> <span class='ocrx_word' id='word_1_323' title='bbox 1199 2292 1307 2363; x_wconf 81' lang='grc' dir='ltr'><strong>γὰρ</strong></span> <span class='ocrx_word' id='word_1_324' title='bbox 1336 2290 1539 2363; x_wconf 79' lang='grc' dir='ltr'>εἰκόνος</span> <span class='ocrx_word' id='word_1_325' title='bbox 1562 2288 1740 2363; x_wconf 83' lang='grc' dir='ltr'>φύσις,</span> <span class='ocrx_word' id='word_1_326' title='bbox 1779 2286 1868 2357; x_wconf 80' lang='grc' dir='ltr'>μί-</span> 
     </span>
    </p>
   </div>
   <div class='ocr_carea' id='block_1_42' title="bbox 298 2373 1866 2461">
    <p class='ocr_par' dir='ltr' id='par_1_42' title="bbox 298 2373 1866 2461">
     <span class='ocr_line' id='line_1_42' title="bbox 298 2373 1866 2461; baseline -0.008 -18"><span class='ocrx_word' id='word_1_327' title='bbox 298 2406 457 2461; x_wconf 81' lang='grc' dir='ltr'>μημα</span> <span class='ocrx_word' id='word_1_328' title='bbox 491 2387 601 2459; x_wconf 76' lang='grc'>(85)</span> <span class='ocrx_word' id='word_1_329' title='bbox 647 2383 784 2441; x_wconf 76' lang='grc' dir='ltr'>εἶναι</span> <span class='ocrx_word' id='word_1_330' title='bbox 846 2387 941 2440; x_wconf 75' lang='grc' dir='ltr'><strong>τοῦ</strong></span> <span class='ocrx_word' id='word_1_331' title='bbox 984 2385 1316 2458; x_wconf 84' lang='grc' dir='ltr'>ἀρχετύπου,</span> <span class='ocrx_word' id='word_1_332' title='bbox 1370 2383 1465 2435; x_wconf 77' lang='grc' dir='ltr'><strong>καὶ</strong></span> <span class='ocrx_word' id='word_1_333' title='bbox 1507 2373 1569 2433; x_wconf 70' lang='grc' dir='ltr'>οὗ</span> <span class='ocrx_word' id='word_1_334' title='bbox 1617 2379 1866 2447; x_wconf 77' lang='grc' dir='ltr'>λέγεταιο</span> 
     </span>
    </p>
   </div>
   <div class='ocr_carea' id='block_1_43' title="bbox 1971 1832 3538 1906">
    <p class='ocr_par' dir='ltr' id='par_1_43' title="bbox 1971 1832 3538 1906">
     <span class='ocr_line' id='line_1_43' title="bbox 1971 1832 3538 1906; baseline 0.006 -19"><span class='ocrx_word' id='word_1_335' title='bbox 1971 1832 2146 1888; x_wconf 77' lang='lat' dir='ltr'><strong>Verbo</strong></span> <span class='ocrx_word' id='word_1_336' title='bbox 2164 1835 2446 1899; x_wconf 84' lang='lat' dir='ltr'><strong>conditum</strong></span> <span class='ocrx_word' id='word_1_337' title='bbox 2466 1835 2570 1890; x_wconf 87' lang='lat' dir='ltr'><strong>sit?</strong></span> <span class='ocrx_word' id='word_1_338' title='bbox 2596 1835 2929 1906; x_wconf 73' lang='lat' dir='ltr'><strong>Sapientia”</strong></span> <span class='ocrx_word' id='word_1_339' title='bbox 2950 1855 3093 1903; x_wconf 88' lang='lat' dir='ltr'><strong>vero,</strong></span> <span class='ocrx_word' id='word_1_340' title='bbox 3113 1849 3172 1894; x_wconf 92' lang='lat' dir='ltr'><strong>ut</strong></span> <span class='ocrx_word' id='word_1_341' title='bbox 3190 1856 3367 1896; x_wconf 87' lang='lat' dir='ltr'><strong>rerum</strong></span> <span class='ocrx_word' id='word_1_342' title='bbox 3400 1845 3538 1898; x_wconf 85' lang='lat' dir='ltr'><strong>divi-</strong></span> 
     </span>
    </p>
   </div>
   <div class='ocr_carea' id='block_1_44' title="bbox 1970 1926 3539 2002">
    <p class='ocr_par' dir='ltr' id='par_1_44' title="bbox 1970 1926 3539 2002">
     <span class='ocr_line' id='line_1_44' title="bbox 1970 1926 3539 2002; baseline 0.005 -26"><span class='ocrx_word' id='word_1_343' title='bbox 1970 1938 2159 1979; x_wconf 86' lang='lat' dir='ltr'><strong>narum</strong></span> <span class='ocrx_word' id='word_1_344' title='bbox 2176 1934 2231 1980; x_wconf 89' lang='lat' dir='ltr'><strong>et</strong></span> <span class='ocrx_word' id='word_1_345' title='bbox 2251 1926 2605 1980; x_wconf 86' lang='lat' dir='ltr'><strong>humanarum</strong></span> <span class='ocrx_word' id='word_1_346' title='bbox 2622 1928 2866 1982; x_wconf 77' lang='lat' dir='ltr'><strong>scientia.</strong></span> <span class='ocrx_word' id='word_1_347' title='bbox 2898 1930 2996 1996; x_wconf 82' lang='lat' dir='ltr'><strong>Qui</strong></span> <span class='ocrx_word' id='word_1_348' title='bbox 3025 1931 3166 1985; x_wconf 86' lang='lat' dir='ltr'><strong>enim</strong></span> <span class='ocrx_word' id='word_1_349' title='bbox 3200 1930 3311 1986; x_wconf 82' lang='lat' dir='ltr'><strong>fieri</strong></span> <span class='ocrx_word' id='word_1_350' title='bbox 3343 1943 3539 2002; x_wconf 87' lang='lat' dir='ltr'><strong>potest,</strong></span> 
     </span>
    </p>
   </div>
   <div class='ocr_carea' id='block_1_45' title="bbox 1971 2016 3541 2094">
    <p class='ocr_par' dir='ltr' id='par_1_45' title="bbox 1971 2016 3541 2094">
     <span class='ocr_line' id='line_1_45' title="bbox 1971 2016 3541 2094; baseline 0.007 -25"><span class='ocrx_word' id='word_1_351' title='bbox 1971 2025 2032 2070; x_wconf 91' lang='lat' dir='ltr'><strong>ut</strong></span> <span class='ocrx_word' id='word_1_352' title='bbox 2078 2016 2329 2073; x_wconf 87' lang='lat' dir='ltr'><strong>conditor</strong></span> <span class='ocrx_word' id='word_1_353' title='bbox 2380 2032 2558 2071; x_wconf 90' lang='lat' dir='ltr'><strong>rerum</strong></span> <span class='ocrx_word' id='word_1_354' title='bbox 2586 2032 2615 2071; x_wconf 90' lang='lat' dir='ltr'><strong>a</strong></span> <span class='ocrx_word' id='word_1_355' title='bbox 2644 2034 2702 2071; x_wconf 87' lang='lat' dir='ltr'><strong>se</strong></span> <span class='ocrx_word' id='word_1_356' title='bbox 2736 2019 3075 2074; x_wconf 86' lang='lat' dir='ltr'><strong>conditarum</strong></span> <span class='ocrx_word' id='word_1_357' title='bbox 3124 2023 3361 2078; x_wconf 82' lang='lat' dir='ltr'><strong>rationes</strong></span> <span class='ocrx_word' id='word_1_358' title='bbox 3392 2024 3541 2094; x_wconf 83' lang='lat' dir='ltr'><strong>igno-</strong></span> 
     </span>
    </p>
   </div>
   <div class='ocr_carea' id='block_1_46' title="bbox 1970 2106 3533 2181">
    <p class='ocr_par' dir='ltr' id='par_1_46' title="bbox 1970 2106 3533 2181">
     <span class='ocr_line' id='line_1_46' title="bbox 1970 2106 3533 2181; baseline 0.006 -21"><span class='ocrx_word' id='word_1_359' title='bbox 1970 2106 2449 2173; x_wconf 76' lang='lat' dir='ltr'><strong>ret?Potentia“,</strong></span> <span class='ocrx_word' id='word_1_360' title='bbox 2499 2120 2555 2163; x_wconf 90' lang='lat' dir='ltr'><strong>ut</strong></span> <span class='ocrx_word' id='word_1_361' title='bbox 2599 2124 2776 2163; x_wconf 91' lang='lat' dir='ltr'><strong>rerum</strong></span> <span class='ocrx_word' id='word_1_362' title='bbox 2828 2121 3129 2165; x_wconf 83' lang='lat' dir='ltr'><strong>creatarum</strong></span> <span class='ocrx_word' id='word_1_363' title='bbox 3162 2128 3533 2181; x_wconf 86' lang='lat' dir='ltr'><strong>conservator,</strong></span> 
     </span>
    </p>
   </div>
   <div class='ocr_carea' id='block_1_47' title="bbox 1975 2199 3536 2270">
    <p class='ocr_par' dir='ltr' id='par_1_47' title="bbox 1975 2199 3536 2270">
     <span class='ocr_line' id='line_1_47' title="bbox 1975 2199 3536 2270; baseline 0.008 -21"><span class='ocrx_word' id='word_1_364' title='bbox 1975 2199 2195 2269; x_wconf 82' lang='lat' dir='ltr'><strong>vimque</strong></span> <span class='ocrx_word' id='word_1_365' title='bbox 2236 2200 2305 2254; x_wconf 92' lang='lat' dir='ltr'><strong>iis</strong></span> <span class='ocrx_word' id='word_1_366' title='bbox 2339 2202 2691 2270; x_wconf 84' lang='lat' dir='ltr'><strong>suppeditans</strong></span> <span class='ocrx_word' id='word_1_367' title='bbox 2729 2212 2787 2255; x_wconf 89' lang='lat' dir='ltr'><strong>ut</strong></span> <span class='ocrx_word' id='word_1_368' title='bbox 2818 2205 3211 2258; x_wconf 84' lang='lat' dir='ltr'><strong>contineantur.</strong></span> <span class='ocrx_word' id='word_1_369' title='bbox 3246 2203 3454 2261; x_wconf 83' lang='lat' dir='ltr'><strong>Veritas</strong></span> <span class='ocrx_word' id='word_1_370' title='bbox 3470 2207 3536 2270; x_wconf 79' lang='lat'><strong>&quot;,</strong></span> 
     </span>
    </p>
   </div>
   <div class='ocr_carea' id='block_1_48' title="bbox 1971 2290 3540 2365">
    <p class='ocr_par' dir='ltr' id='par_1_48' title="bbox 1971 2290 3540 2365">
     <span class='ocr_line' id='line_1_48' title="bbox 1971 2290 3540 2365; baseline 0.006 -23"><span class='ocrx_word' id='word_1_371' title='bbox 1971 2297 2031 2342; x_wconf 89' lang='lat' dir='ltr'><strong>ut</strong></span> <span class='ocrx_word' id='word_1_372' title='bbox 2046 2299 2236 2359; x_wconf 88' lang='lat' dir='ltr'><strong>natura</strong></span> <span class='ocrx_word' id='word_1_373' title='bbox 2255 2304 2441 2355; x_wconf 88' lang='lat' dir='ltr'><strong>unum,</strong></span> <span class='ocrx_word' id='word_1_374' title='bbox 2461 2306 2566 2346; x_wconf 92' lang='lat' dir='ltr'><strong>non</strong></span> <span class='ocrx_word' id='word_1_375' title='bbox 2600 2290 2786 2346; x_wconf 83' lang='lat' dir='ltr'><strong>multa.</strong></span> <span class='ocrx_word' id='word_1_376' title='bbox 2809 2292 3005 2347; x_wconf 81' lang='lat' dir='ltr'><strong>Verum</strong></span> <span class='ocrx_word' id='word_1_377' title='bbox 3022 2294 3220 2365; x_wconf 88' lang='lat' dir='ltr'><strong>quippe</strong></span> <span class='ocrx_word' id='word_1_378' title='bbox 3242 2311 3402 2350; x_wconf 90' lang='lat' dir='ltr'><strong>unum</strong></span> <span class='ocrx_word' id='word_1_379' title='bbox 3421 2310 3504 2352; x_wconf 90' lang='lat' dir='ltr'><strong>est</strong></span> <span class='ocrx_word' id='word_1_380' title='bbox 3522 2314 3540 2363; x_wconf 89' lang='lat'><strong>;</strong></span> 
     </span>
    </p>
   </div>
   <div class='ocr_carea' id='block_1_49' title="bbox 1972 2383 3547 2455">
    <p class='ocr_par' dir='ltr' id='par_1_49' title="bbox 1972 2383 3547 2455">
     <span class='ocr_line' id='line_1_49' title="bbox 1972 2383 3547 2455; baseline 0.006 -20"><span class='ocrx_word' id='word_1_381' title='bbox 1972 2383 2312 2437; x_wconf 89' lang='lat' dir='ltr'><strong>mendacium</strong></span> <span class='ocrx_word' id='word_1_382' title='bbox 2332 2383 2636 2453; x_wconf 85' lang='lat' dir='ltr'><strong>multiplex:</strong></span> <span class='ocrx_word' id='word_1_383' title='bbox 2658 2396 2819 2453; x_wconf 89' lang='lat' dir='ltr'><strong>atque</strong></span> <span class='ocrx_word' id='word_1_384' title='bbox 2832 2385 2994 2439; x_wconf 90' lang='lat' dir='ltr'><strong>etiam</strong></span> <span class='ocrx_word' id='word_1_385' title='bbox 3013 2396 3069 2438; x_wconf 93' lang='lat' dir='ltr'><strong>ut</strong></span> <span class='ocrx_word' id='word_1_386' title='bbox 3081 2401 3147 2455; x_wconf 93' lang='lat' dir='ltr'><strong>pu</strong></span> <span class='ocrx_word' id='word_1_387' title='bbox 3158 2403 3270 2441; x_wconf 91' lang='lat' dir='ltr'><strong>rum</strong></span> <span class='ocrx_word' id='word_1_388' title='bbox 3285 2388 3463 2444; x_wconf 79' lang='lat' dir='ltr'><strong>Patris</strong></span> <span class='ocrx_word' id='word_1_389' title='bbox 3477 2391 3547 2444; x_wconf 88' lang='lat' dir='ltr'><strong>si—</strong></span> 
     </span>
    </p>
   </div>
   <div class='ocr_carea' id='block_1_50' title="bbox 294 2466 1872 2549">
    <p class='ocr_par' dir='ltr' id='par_1_50' title="bbox 294 2466 1868 2549">
     <span class='ocr_line' id='line_1_50' title="bbox 294 2466 1868 2549; baseline -0.008 -17"><span class='ocrx_word' id='word_1_390' title='bbox 294 2479 435 2549; x_wconf 78' lang='grc' dir='ltr'>πλὴν</span> <span class='ocrx_word' id='word_1_391' title='bbox 462 2478 543 2531; x_wconf 84' lang='grc' dir='ltr'><strong>ὅτι</strong></span> <span class='ocrx_word' id='word_1_392' title='bbox 574 2479 666 2531; x_wconf 81' lang='grc' dir='ltr'><strong>καί</strong></span> <span class='ocrx_word' id='word_1_393' title='bbox 694 2476 854 2529; x_wconf 80' lang='grc' dir='ltr'>πλέον</span> <span class='ocrx_word' id='word_1_394' title='bbox 879 2475 995 2545; x_wconf 67' lang='grc'>(8-1)</span> <span class='ocrx_word' id='word_1_395' title='bbox 1023 2473 1259 2527; x_wconf 76' lang='grc' dir='ltr'>ἐνταῦθα</span> <span class='ocrx_word' id='word_1_396' title='bbox 1279 2489 1291 2501; x_wconf 76' lang='grc' dir='ltr'><strong>ο</strong></span> <span class='ocrx_word' id='word_1_397' title='bbox 1322 2473 1440 2525; x_wconf 76' lang='grc' dir='ltr'>ἐκεῖ</span> <span class='ocrx_word' id='word_1_398' title='bbox 1469 2471 1566 2541; x_wconf 82' lang='grc' dir='ltr'>μὲν</span> <span class='ocrx_word' id='word_1_399' title='bbox 1598 2469 1708 2540; x_wconf 82' lang='grc' dir='ltr'>γὰρ</span> <span class='ocrx_word' id='word_1_400' title='bbox 1733 2466 1868 2539; x_wconf 82' lang='grc'>(85),</span> 
     </span>
    </p>
   </div>
   <div class='ocr_carea' id='block_1_51' title="bbox 1978 2466 3545 2549">
    <p class='ocr_par' dir='ltr' id='par_1_51' title="bbox 1978 2472 3545 2548">
     <span class='ocr_line' id='line_1_51' title="bbox 1978 2472 3545 2548; baseline 0.004 -21"><span class='ocrx_word' id='word_1_401' title='bbox 1978 2472 2176 2543; x_wconf 82' lang='lat' dir='ltr'><strong>gilium,</strong></span> <span class='ocrx_word' id='word_1_402' title='bbox 2221 2472 2546 2542; x_wconf 88' lang='lat' dir='ltr'><strong>minimeque</strong></span> <span class='ocrx_word' id='word_1_403' title='bbox 2584 2476 2812 2529; x_wconf 83' lang='lat' dir='ltr'><strong>mendax</strong></span> <span class='ocrx_word' id='word_1_404' title='bbox 2858 2476 3160 2532; x_wconf 83' lang='lat' dir='ltr'><strong>character.</strong></span> <span class='ocrx_word' id='word_1_405' title='bbox 3194 2478 3452 2548; x_wconf 82' lang='lat' dir='ltr'><strong>Imago”,</strong></span> <span class='ocrx_word' id='word_1_406' title='bbox 3486 2490 3545 2533; x_wconf 88' lang='lat' dir='ltr'><strong>ut</strong></span> 
     </span>
    </p>
   </div>
   <div class='ocr_carea' id='block_1_52' title="bbox 293 2557 1872 2641">
    <p class='ocr_par' dir='ltr' id='par_1_52' title="bbox 293 2557 1869 2641">
     <span class='ocr_line' id='line_1_52' title="bbox 293 2557 1869 2641; baseline -0.009 -17"><span class='ocrx_word' id='word_1_407' title='bbox 293 2569 550 2641; x_wconf 83' lang='grc' dir='ltr'>ἀκίνητος</span> <span class='ocrx_word' id='word_1_408' title='bbox 585 2567 904 2639; x_wconf 83' lang='grc' dir='ltr'>κινουμένου</span> <span class='ocrx_word' id='word_1_409' title='bbox 927 2582 942 2594; x_wconf 79' lang='grc'><strong><em>⁸</em></strong></span> <span class='ocrx_word' id='word_1_410' title='bbox 976 2563 1208 2620; x_wconf 68' lang='grc' dir='ltr'>ἐνταῦθα</span> <span class='ocrx_word' id='word_1_411' title='bbox 1235 2563 1313 2627; x_wconf 83' lang='grc' dir='ltr'><strong>δὲ,</strong></span> <span class='ocrx_word' id='word_1_412' title='bbox 1345 2562 1546 2627; x_wconf 80' lang='grc' dir='ltr'>ζῶντος</span> <span class='ocrx_word' id='word_1_413' title='bbox 1578 2561 1671 2614; x_wconf 75' lang='grc' dir='ltr'><strong>καὶ</strong></span> <span class='ocrx_word' id='word_1_414' title='bbox 1699 2557 1869 2624; x_wconf 82' lang='grc' dir='ltr'>ζῶσα,</span> 
     </span>
    </p>
   </div>
   <div class='ocr_carea' id='block_1_53' title="bbox 1978 2557 3543 2641">
    <p class='ocr_par' dir='ltr' id='par_1_53' title="bbox 1978 2561 3543 2634">
     <span class='ocr_line' id='line_1_53' title="bbox 1978 2561 3543 2634; baseline 0.005 -18"><span class='ocrx_word' id='word_1_415' title='bbox 1978 2562 2208 2632; x_wconf 88' lang='lat' dir='ltr'><strong>ejusdem</strong></span> <span class='ocrx_word' id='word_1_416' title='bbox 2226 2577 2346 2617; x_wconf 90' lang='lat' dir='ltr'><strong>cum</strong></span> <span class='ocrx_word' id='word_1_417' title='bbox 2360 2561 2517 2617; x_wconf 89' lang='lat' dir='ltr'><strong>Patre</strong></span> <span class='ocrx_word' id='word_1_418' title='bbox 2531 2564 2926 2629; x_wconf 61' lang='lat' dir='ltr'><strong>substantias”,</strong></span> <span class='ocrx_word' id='word_1_419' title='bbox 2939 2575 2992 2620; x_wconf 90' lang='lat' dir='ltr'><strong>et</strong></span> <span class='ocrx_word' id='word_1_420' title='bbox 3003 2567 3128 2634; x_wconf 89' lang='lat' dir='ltr'><strong>quia</strong></span> <span class='ocrx_word' id='word_1_421' title='bbox 3138 2581 3202 2620; x_wconf 80' lang='lat' dir='ltr'><strong>ex</strong></span> <span class='ocrx_word' id='word_1_422' title='bbox 3220 2567 3308 2622; x_wconf 91' lang='lat' dir='ltr'><strong>illo</strong></span> <span class='ocrx_word' id='word_1_423' title='bbox 3320 2579 3422 2634; x_wconf 90' lang='lat' dir='ltr'><strong>est,</strong></span> <span class='ocrx_word' id='word_1_424' title='bbox 3437 2585 3543 2624; x_wconf 89' lang='lat' dir='ltr'><strong>non</strong></span> 
     </span>
    </p>
   </div>
   <div class='ocr_carea' id='block_1_54' title="bbox 292 2648 1872 2731">
    <p class='ocr_par' dir='ltr' id='par_1_54' title="bbox 292 2648 1871 2731">
     <span class='ocr_line' id='line_1_54' title="bbox 292 2648 1871 2731; baseline -0.009 -17"><span class='ocrx_word' id='word_1_425' title='bbox 292 2663 388 2716; x_wconf 81' lang='grc' dir='ltr'><strong>καὶ</strong></span> <span class='ocrx_word' id='word_1_426' title='bbox 413 2662 573 2715; x_wconf 87' lang='grc' dir='ltr'>πλέον</span> <span class='ocrx_word' id='word_1_427' title='bbox 595 2659 703 2731; x_wconf 83' lang='grc'>(86)</span> <span class='ocrx_word' id='word_1_428' title='bbox 731 2659 929 2730; x_wconf 74' lang='grc' dir='ltr'>ἔχουσα</span> <span class='ocrx_word' id='word_1_429' title='bbox 955 2656 1017 2710; x_wconf 79' lang='grc' dir='ltr'>τὸ</span> <span class='ocrx_word' id='word_1_430' title='bbox 1045 2654 1484 2726; x_wconf 82' lang='grc' dir='ltr'>ἀπαράλλακτον,</span> <span class='ocrx_word' id='word_1_431' title='bbox 1508 2652 1540 2722; x_wconf 84' lang='grc' dir='ltr'>ἢ</span> <span class='ocrx_word' id='word_1_432' title='bbox 1568 2650 1663 2703; x_wconf 78' lang='grc' dir='ltr'>τοῦ</span> <span class='ocrx_word' id='word_1_433' title='bbox 1697 2648 1871 2711; x_wconf 78' lang='grc' dir='ltr'>Ἀδάμ</span> 
     </span>
    </p>
   </div>
   <div class='ocr_carea' id='block_1_55' title="bbox 1978 2648 3543 2731">
    <p class='ocr_par' dir='ltr' id='par_1_55' title="bbox 1978 2652 3543 2728">
     <span class='ocr_line' id='line_1_55' title="bbox 1978 2652 3543 2728; baseline 0.003 -19"><span class='ocrx_word' id='word_1_434' title='bbox 1978 2664 2149 2709; x_wconf 80' lang='lat' dir='ltr'><strong>autem</strong></span> <span class='ocrx_word' id='word_1_435' title='bbox 2179 2668 2243 2707; x_wconf 77' lang='lat' dir='ltr'><strong>ex</strong></span> <span class='ocrx_word' id='word_1_436' title='bbox 2272 2655 2371 2708; x_wconf 84' lang='lat' dir='ltr'><strong>hoc</strong></span> <span class='ocrx_word' id='word_1_437' title='bbox 2394 2652 2574 2709; x_wconf 89' lang='lat' dir='ltr'><strong>Pater.</strong></span> <span class='ocrx_word' id='word_1_438' title='bbox 2617 2652 2741 2709; x_wconf 65' lang='lat' dir='ltr'><strong>Haec</strong></span> <span class='ocrx_word' id='word_1_439' title='bbox 2769 2655 3033 2725; x_wconf 85' lang='lat' dir='ltr'><strong>siquidem</strong></span> <span class='ocrx_word' id='word_1_440' title='bbox 3070 2657 3318 2728; x_wconf 79' lang='lat' dir='ltr'><strong>imaginis</strong></span> <span class='ocrx_word' id='word_1_441' title='bbox 3352 2666 3543 2714; x_wconf 84' lang='lat' dir='ltr'><strong>natura</strong></span> 
     </span>
    </p>
   </div>
   <div class='ocr_carea' id='block_1_56' title="bbox 292 2740 1872 2823">
    <p class='ocr_par' dir='ltr' id='par_1_56' title="bbox 292 2740 1872 2823">
     <span class='ocr_line' id='line_1_56' title="bbox 292 2740 1872 2823; baseline -0.008 -17"><span class='ocrx_word' id='word_1_442' title='bbox 292 2751 452 2823; x_wconf 76' lang='grc' dir='ltr'>όΣὴθ</span> <span class='ocrx_word' id='word_1_443' title='bbox 487 2750 620 2821; x_wconf 89' lang='grc'>(87),</span> <span class='ocrx_word' id='word_1_444' title='bbox 649 2751 744 2803; x_wconf 73' lang='grc' dir='ltr'><strong>καὶ</strong></span> <span class='ocrx_word' id='word_1_445' title='bbox 786 2747 881 2802; x_wconf 82' lang='grc' dir='ltr'>τοῦ</span> <span class='ocrx_word' id='word_1_446' title='bbox 927 2746 1223 2816; x_wconf 84' lang='grc' dir='ltr'>γεννῶντος</span> <span class='ocrx_word' id='word_1_447' title='bbox 1269 2742 1470 2806; x_wconf 81' lang='grc' dir='ltr'>παντὸς</span> <span class='ocrx_word' id='word_1_448' title='bbox 1512 2743 1574 2795; x_wconf 84' lang='grc' dir='ltr'>τὸ</span> <span class='ocrx_word' id='word_1_449' title='bbox 1601 2740 1872 2811; x_wconf 88' lang='grc' dir='ltr'>γεννώμε-</span> 
     </span>
    </p>
   </div>
   <div class='ocr_carea' id='block_1_57' title="bbox 1978 2740 3544 2823">
    <p class='ocr_par' dir='ltr' id='par_1_57' title="bbox 1978 2740 3544 2817">
     <span class='ocr_line' id='line_1_57' title="bbox 1978 2740 3544 2817; baseline 0.006 -24"><span class='ocrx_word' id='word_1_450' title='bbox 1978 2749 2073 2801; x_wconf 86' lang='lat' dir='ltr'><strong>est,</strong></span> <span class='ocrx_word' id='word_1_451' title='bbox 2105 2749 2163 2795; x_wconf 90' lang='lat' dir='ltr'><strong>ut</strong></span> <span class='ocrx_word' id='word_1_452' title='bbox 2187 2740 2261 2796; x_wconf 87' lang='lat' dir='ltr'><strong>sit</strong></span> <span class='ocrx_word' id='word_1_453' title='bbox 2301 2740 2532 2795; x_wconf 88' lang='lat' dir='ltr'><strong>imitatio</strong></span> <span class='ocrx_word' id='word_1_454' title='bbox 2556 2742 2899 2812; x_wconf 79' lang='lat' dir='ltr'><strong>exemplaris,</strong></span> <span class='ocrx_word' id='word_1_455' title='bbox 2929 2743 3083 2814; x_wconf 88' lang='lat' dir='ltr'><strong>cujus</strong></span> <span class='ocrx_word' id='word_1_456' title='bbox 3117 2746 3293 2817; x_wconf 81' lang='lat' dir='ltr'><strong>imago</strong></span> <span class='ocrx_word' id='word_1_457' title='bbox 3317 2749 3544 2816; x_wconf 83' lang='lat' dir='ltr'><strong>dicitur;</strong></span> 
     </span>
    </p>
   </div>
   <div class='ocr_carea' id='block_1_58' title="bbox 292 2829 1872 2910">
    <p class='ocr_par' dir='ltr' id='par_1_58' title="bbox 292 2829 1871 2910">
     <span class='ocr_line' id='line_1_58' title="bbox 292 2829 1871 2910; baseline -0.008 -15"><span class='ocrx_word' id='word_1_458' title='bbox 292 2856 420 2895; x_wconf 76' lang='grc' dir='ltr'>νονο</span> <span class='ocrx_word' id='word_1_459' title='bbox 460 2838 683 2909; x_wconf 83' lang='grc' dir='ltr'>τοιαύτη</span> <span class='ocrx_word' id='word_1_460' title='bbox 723 2838 832 2910; x_wconf 83' lang='grc' dir='ltr'><strong>γὰρ</strong></span> <span class='ocrx_word' id='word_1_461' title='bbox 882 2840 915 2908; x_wconf 79' lang='grc' dir='ltr'>ἡ</span> <span class='ocrx_word' id='word_1_462' title='bbox 949 2835 1058 2890; x_wconf 86' lang='grc' dir='ltr'><strong>τῶν</strong></span> <span class='ocrx_word' id='word_1_463' title='bbox 1104 2833 1289 2888; x_wconf 87' lang='grc' dir='ltr'>ἁπλῶν</span> <span class='ocrx_word' id='word_1_464' title='bbox 1322 2831 1504 2901; x_wconf 81' lang='grc' dir='ltr'>φύσις,</span> <span class='ocrx_word' id='word_1_465' title='bbox 1545 2830 1620 2902; x_wconf 88' lang='grc' dir='ltr'>μὴ</span> <span class='ocrx_word' id='word_1_466' title='bbox 1650 2829 1745 2901; x_wconf 67' lang='grc' dir='ltr'>ςτῷ</span> <span class='ocrx_word' id='word_1_467' title='bbox 1773 2830 1871 2902; x_wconf 81' lang='grc' dir='ltr'><strong>μὲν</strong></span> 
     </span>
    </p>
   </div>
   <div class='ocr_carea' id='block_1_59' title="bbox 1978 2829 3547 2910">
    <p class='ocr_par' dir='ltr' id='par_1_59' title="bbox 1983 2832 3547 2908">
     <span class='ocr_line' id='line_1_59' title="bbox 1983 2832 3547 2908; baseline 0.007 -25"><span class='ocrx_word' id='word_1_468' title='bbox 1983 2846 2291 2902; x_wconf 89' lang='lat' dir='ltr'><strong>quanquam</strong></span> <span class='ocrx_word' id='word_1_469' title='bbox 2353 2832 2442 2887; x_wconf 89' lang='lat' dir='ltr'><strong>hic</strong></span> <span class='ocrx_word' id='word_1_470' title='bbox 2493 2835 2668 2903; x_wconf 85' lang='lat' dir='ltr'><strong>imago</strong></span> <span class='ocrx_word' id='word_1_471' title='bbox 2710 2836 2983 2905; x_wconf 83' lang='lat' dir='ltr'><strong>exemplar</strong></span> <span class='ocrx_word' id='word_1_472' title='bbox 3039 2851 3193 2891; x_wconf 81' lang='lat' dir='ltr'><strong>suout</strong></span> <span class='ocrx_word' id='word_1_473' title='bbox 3241 2839 3547 2908; x_wconf 66' lang='lat' dir='ltr'><strong>expressius</strong></span> 
     </span>
    </p>
   </div>
   <div class='ocr_carea' id='block_1_60' title="bbox 294 2921 1872 2999">
    <p class='ocr_par' dir='ltr' id='par_1_60' title="bbox 294 2922 1872 2999">
     <span class='ocr_line' id='line_1_60' title="bbox 294 2922 1872 2999; baseline -0.004 -16"><span class='ocrx_word' id='word_1_474' title='bbox 294 2931 553 2995; x_wconf 84' lang='grc' dir='ltr'>ἐοικέναι,</span> <span class='ocrx_word' id='word_1_475' title='bbox 605 2928 683 2999; x_wconf 84' lang='grc' dir='ltr'>τῷ</span> <span class='ocrx_word' id='word_1_476' title='bbox 712 2928 768 2981; x_wconf 81' lang='grc' dir='ltr'>δὲ</span> <span class='ocrx_word' id='word_1_477' title='bbox 811 2926 1147 2987; x_wconf 86' lang='grc' dir='ltr'>ἁπεοικέναι,</span> <span class='ocrx_word' id='word_1_478' title='bbox 1198 2924 1312 2976; x_wconf 75' lang='grc' dir='ltr'>ἀλλ’</span> <span class='ocrx_word' id='word_1_479' title='bbox 1351 2922 1468 2975; x_wconf 79' lang='grc' dir='ltr'>ὅλον</span> <span class='ocrx_word' id='word_1_480' title='bbox 1526 2923 1646 2975; x_wconf 81' lang='grc' dir='ltr'>ὅλου</span> <span class='ocrx_word' id='word_1_481' title='bbox 1704 2922 1872 2976; x_wconf 87' lang='grc' dir='ltr'>τύπον</span> 
     </span>
    </p>
   </div>
   <div class='ocr_carea' id='block_1_61' title="bbox 1978 2921 3543 2999">
    <p class='ocr_par' dir='ltr' id='par_1_61' title="bbox 1982 2921 3543 2997">
     <span class='ocr_line' id='line_1_61' title="bbox 1982 2921 3543 2997; baseline 0.004 -19"><span class='ocrx_word' id='word_1_482' title='bbox 1982 2922 2166 2979; x_wconf 88' lang='lat' dir='ltr'><strong>refert.</strong></span> <span class='ocrx_word' id='word_1_483' title='bbox 2202 2921 2314 2978; x_wconf 86' lang='lat' dir='ltr'><strong>Illic</strong></span> <span class='ocrx_word' id='word_1_484' title='bbox 2340 2924 2487 2983; x_wconf 91' lang='lat' dir='ltr'><strong>enim</strong></span> <span class='ocrx_word' id='word_1_485' title='bbox 2511 2926 2591 2980; x_wconf 86' lang='lat' dir='ltr'><strong>rei</strong></span> <span class='ocrx_word' id='word_1_486' title='bbox 2625 2926 2761 2979; x_wconf 80' lang='lat' dir='ltr'><strong>vivae</strong></span> <span class='ocrx_word' id='word_1_487' title='bbox 2781 2941 2846 2981; x_wconf 84' lang='lat' dir='ltr'><strong>ac</strong></span> <span class='ocrx_word' id='word_1_488' title='bbox 2879 2937 3024 2983; x_wconf 91' lang='lat' dir='ltr'><strong>motu</strong></span> <span class='ocrx_word' id='word_1_489' title='bbox 3065 2929 3302 2997; x_wconf 79' lang='lat' dir='ltr'><strong>praedita:</strong></span> <span class='ocrx_word' id='word_1_490' title='bbox 3334 2939 3543 2985; x_wconf 79' lang='lat' dir='ltr'><strong>mortua</strong></span> 
     </span>
    </p>
   </div>
   <div class='ocr_carea' id='block_1_62' title="bbox 293 3000 1872 3090">
    <p class='ocr_par' dir='ltr' id='par_1_62' title="bbox 293 3000 1871 3090">
     <span class='ocr_line' id='line_1_62' title="bbox 293 3000 1871 3090; baseline -0.006 -15"><span class='ocrx_word' id='word_1_491' title='bbox 293 3017 459 3086; x_wconf 78' lang='grc' dir='ltr'>εἶναι,</span> <span class='ocrx_word' id='word_1_492' title='bbox 483 3021 577 3074; x_wconf 76' lang='grc' dir='ltr'><strong>καὶ</strong></span> <span class='ocrx_word' id='word_1_493' title='bbox 603 3020 799 3074; x_wconf 88' lang='grc' dir='ltr'>ταυτὸν</span> <span class='ocrx_word' id='word_1_494' title='bbox 841 3018 1061 3090; x_wconf 77' lang='grc' dir='ltr'>μᾶλλον,</span> <span class='ocrx_word' id='word_1_495' title='bbox 1090 3017 1123 3088; x_wconf 81' lang='grc' dir='ltr'>ἢ</span> <span class='ocrx_word' id='word_1_496' title='bbox 1155 3000 1507 3086; x_wconf 76' lang='grc' dir='ltr'>άιρομοίωμα.</span> <span class='ocrx_word' id='word_1_497' title='bbox 1547 3013 1666 3077; x_wconf 83' lang='grc' dir='ltr'>Φῶς</span> <span class='ocrx_word' id='word_1_498' title='bbox 1690 3014 1768 3079; x_wconf 82' lang='grc' dir='ltr'>δὲ,</span> <span class='ocrx_word' id='word_1_499' title='bbox 1795 3013 1871 3077; x_wconf 85' lang='grc' dir='ltr'>ὡς</span> 
     </span>
    </p>
   </div>
   <div class='ocr_carea' id='block_1_63' title="bbox 1978 3000 3545 3090">
    <p class='ocr_par' dir='ltr' id='par_1_63' title="bbox 1978 3019 3545 3087">
     <span class='ocr_line' id='line_1_63' title="bbox 1978 3019 3545 3087; baseline 0.001 -17"><span class='ocrx_word' id='word_1_500' title='bbox 1978 3025 2033 3070; x_wconf 91' lang='lat' dir='ltr'><strong>et</strong></span> <span class='ocrx_word' id='word_1_501' title='bbox 2064 3026 2244 3072; x_wconf 87' lang='lat' dir='ltr'><strong>motus</strong></span> <span class='ocrx_word' id='word_1_502' title='bbox 2265 3029 2458 3085; x_wconf 83' lang='lat' dir='ltr'><strong>expers</strong></span> <span class='ocrx_word' id='word_1_503' title='bbox 2492 3019 2671 3087; x_wconf 86' lang='lat' dir='ltr'><strong>imago</strong></span> <span class='ocrx_word' id='word_1_504' title='bbox 2696 3028 2779 3072; x_wconf 90' lang='lat' dir='ltr'><strong>est</strong></span> <span class='ocrx_word' id='word_1_505' title='bbox 2811 3037 2825 3073; x_wconf 88' lang='lat'><strong>:</strong></span> <span class='ocrx_word' id='word_1_506' title='bbox 2855 3019 2944 3073; x_wconf 86' lang='lat' dir='ltr'><strong>hic</strong></span> <span class='ocrx_word' id='word_1_507' title='bbox 2974 3029 3158 3074; x_wconf 90' lang='lat' dir='ltr'><strong>autem</strong></span> <span class='ocrx_word' id='word_1_508' title='bbox 3205 3021 3311 3076; x_wconf 88' lang='lat' dir='ltr'><strong>vivi</strong></span> <span class='ocrx_word' id='word_1_509' title='bbox 3361 3037 3545 3076; x_wconf 46' lang='lat' dir='ltr'><strong>exemp</strong></span> 
     </span>
    </p>
   </div>
   <div class='ocr_carea' id='block_1_64' title="bbox 292 3093 1872 3184">
    <p class='ocr_par' dir='ltr' id='par_1_64' title="bbox 292 3106 1871 3184">
     <span class='ocr_line' id='line_1_64' title="bbox 292 3106 1871 3184; baseline -0.004 -18"><span class='ocrx_word' id='word_1_510' title='bbox 292 3112 616 3184; x_wconf 79' lang='grc' dir='ltr'>λαμπρότης</span> <span class='ocrx_word' id='word_1_511' title='bbox 643 3110 833 3182; x_wconf 81' lang='grc' dir='ltr'>ψυχῶν</span> <span class='ocrx_word' id='word_1_512' title='bbox 873 3111 966 3164; x_wconf 78' lang='grc' dir='ltr'><strong>καὶ</strong></span> <span class='ocrx_word' id='word_1_513' title='bbox 992 3108 1134 3178; x_wconf 83' lang='grc' dir='ltr'>λόγῳ</span> <span class='ocrx_word' id='word_1_514' title='bbox 1170 3106 1261 3161; x_wconf 70' lang='grc' dir='ltr'>καὶ</span> <span class='ocrx_word' id='word_1_515' title='bbox 1305 3107 1407 3177; x_wconf 78' lang='grc' dir='ltr'><strong>βίῳ</strong></span> <span class='ocrx_word' id='word_1_516' title='bbox 1441 3106 1871 3178; x_wconf 83' lang='grc' dir='ltr'>καθαιρομένων.</span> 
     </span>
    </p>
   </div>
   <div class='ocr_carea' id='block_1_65' title="bbox 1978 3093 3541 3184">
    <p class='ocr_par' dir='ltr' id='par_1_65' title="bbox 1979 3108 3541 3181">
     <span class='ocr_line' id='line_1_65' title="bbox 1979 3108 3541 3181; baseline 0.004 -21"><span class='ocrx_word' id='word_1_517' title='bbox 1979 3108 2145 3177; x_wconf 88' lang='lat' dir='ltr'><strong>plaris</strong></span> <span class='ocrx_word' id='word_1_518' title='bbox 2174 3108 2293 3162; x_wconf 88' lang='lat' dir='ltr'><strong>viva</strong></span> <span class='ocrx_word' id='word_1_519' title='bbox 2320 3122 2535 3179; x_wconf 89' lang='lat' dir='ltr'><strong>quoque</strong></span> <span class='ocrx_word' id='word_1_520' title='bbox 2578 3118 2659 3165; x_wconf 87' lang='lat' dir='ltr'><strong>est</strong></span> <span class='ocrx_word' id='word_1_521' title='bbox 2707 3109 2927 3177; x_wconf 83' lang='lat' dir='ltr'><strong>etiigies,</strong></span> <span class='ocrx_word' id='word_1_522' title='bbox 2979 3111 3275 3181; x_wconf 73' lang='lat' dir='ltr'><strong>multoque,</strong></span> <span class='ocrx_word' id='word_1_523' title='bbox 3306 3113 3485 3166; x_wconf 86' lang='lat' dir='ltr'><strong>minus</strong></span> <span class='ocrx_word' id='word_1_524' title='bbox 3510 3129 3541 3167; x_wconf 87' lang='lat' dir='ltr'><strong>a</strong></span> 
     </span>
    </p>
   </div>
   <div class='ocr_carea' id='block_1_66' title="bbox 294 3198 1874 3275">
    <p class='ocr_par' dir='ltr' id='par_1_66' title="bbox 294 3198 1874 3275">
     <span class='ocr_line' id='line_1_66' title="bbox 294 3198 1874 3275; baseline -0.004 -17"><span class='ocrx_word' id='word_1_525' title='bbox 294 3207 363 3258; x_wconf 85' lang='grc' dir='ltr'>Εί</span> <span class='ocrx_word' id='word_1_526' title='bbox 387 3204 495 3275; x_wconf 76' lang='grc' dir='ltr'>γὰρ</span> <span class='ocrx_word' id='word_1_527' title='bbox 517 3205 704 3266; x_wconf 83' lang='grc' dir='ltr'>σκότος</span> <span class='ocrx_word' id='word_1_528' title='bbox 735 3204 769 3275; x_wconf 80' lang='grc' dir='ltr'><strong>ἡ</strong></span> <span class='ocrx_word' id='word_1_529' title='bbox 801 3202 993 3270; x_wconf 80' lang='grc' dir='ltr'>ἄγνοια</span> <span class='ocrx_word' id='word_1_530' title='bbox 1041 3200 1134 3253; x_wconf 78' lang='grc' dir='ltr'><strong>καὶ</strong></span> <span class='ocrx_word' id='word_1_531' title='bbox 1177 3201 1210 3270; x_wconf 84' lang='grc' dir='ltr'><strong>ὴ</strong></span> <span class='ocrx_word' id='word_1_532' title='bbox 1251 3200 1519 3270; x_wconf 81' lang='grc' dir='ltr'>ἁμαρτία,</span> <span class='ocrx_word' id='word_1_533' title='bbox 1554 3198 1669 3268; x_wconf 76' lang='grc' dir='ltr'>φῶς</span> <span class='ocrx_word' id='word_1_534' title='bbox 1696 3199 1761 3252; x_wconf 84' lang='grc' dir='ltr'>ἂν</span> <span class='ocrx_word' id='word_1_535' title='bbox 1790 3200 1874 3271; x_wconf 77' lang='grc' dir='ltr'>εἴη</span> 
     </span>
    </p>
   </div>
   <div class='ocr_carea' id='block_1_67' title="bbox 297 3289 1876 3367">
    <p class='ocr_par' dir='ltr' id='par_1_67' title="bbox 297 3289 1876 3367">
     <span class='ocr_line' id='line_1_67' title="bbox 297 3289 1876 3367; baseline -0.003 -19"><span class='ocrx_word' id='word_1_536' title='bbox 297 3300 331 3367; x_wconf 81' lang='grc' dir='ltr'><strong>ή</strong></span> <span class='ocrx_word' id='word_1_537' title='bbox 362 3296 582 3365; x_wconf 87' lang='grc' dir='ltr'>γνῶσις,</span> <span class='ocrx_word' id='word_1_538' title='bbox 618 3295 711 3349; x_wconf 77' lang='grc' dir='ltr'><strong>καὶ</strong></span> <span class='ocrx_word' id='word_1_539' title='bbox 736 3294 764 3344; x_wconf 86' lang='grc' dir='ltr'>ὁ</span> <span class='ocrx_word' id='word_1_540' title='bbox 791 3293 901 3364; x_wconf 81' lang='grc' dir='ltr'>βίος</span> <span class='ocrx_word' id='word_1_541' title='bbox 928 3291 1040 3363; x_wconf 92' lang='grc'>(88)</span> <span class='ocrx_word' id='word_1_542' title='bbox 1073 3292 1102 3343; x_wconf 89' lang='grc' dir='ltr'><strong>ὁ</strong></span> <span class='ocrx_word' id='word_1_543' title='bbox 1130 3289 1331 3353; x_wconf 73' lang='grc' dir='ltr'>ἔνθεος.</span> <span class='ocrx_word' id='word_1_544' title='bbox 1362 3291 1484 3360; x_wconf 81' lang='grc' dir='ltr'><strong>Ζωὴ</strong></span> <span class='ocrx_word' id='word_1_545' title='bbox 1518 3289 1596 3352; x_wconf 82' lang='grc' dir='ltr'><strong>δὲ,</strong></span> <span class='ocrx_word' id='word_1_546' title='bbox 1621 3292 1704 3343; x_wconf 76' lang='grc' dir='ltr'>ὅτι</span> <span class='ocrx_word' id='word_1_547' title='bbox 1739 3290 1876 3359; x_wconf 82' lang='grc' dir='ltr'>φῶς,</span> 
     </span>
    </p>
   </div>
   <div class='ocr_carea' id='block_1_68' title="bbox 292 3380 1873 3458">
    <p class='ocr_par' dir='ltr' id='par_1_68' title="bbox 292 3380 1873 3458">
     <span class='ocr_line' id='line_1_68' title="bbox 292 3380 1873 3458; baseline -0.006 -13"><span class='ocrx_word' id='word_1_548' title='bbox 292 3389 394 3447; x_wconf 63' lang='grc' dir='ltr'><strong>καὶ</strong></span> <span class='ocrx_word' id='word_1_549' title='bbox 416 3389 597 3458; x_wconf 85' lang='grc' dir='ltr'>πάσης</span> <span class='ocrx_word' id='word_1_550' title='bbox 614 3385 840 3455; x_wconf 79' lang='grc' dir='ltr'>λογικῆς</span> <span class='ocrx_word' id='word_1_551' title='bbox 859 3384 1075 3453; x_wconf 83' lang='grc' dir='ltr'>φύσεως</span> <span class='ocrx_word' id='word_1_552' title='bbox 1091 3382 1347 3444; x_wconf 87' lang='grc' dir='ltr'>σύστασις</span> <span class='ocrx_word' id='word_1_553' title='bbox 1368 3381 1460 3435; x_wconf 75' lang='grc' dir='ltr'>καὶ</span> <span class='ocrx_word' id='word_1_554' title='bbox 1479 3380 1730 3444; x_wconf 84' lang='grc' dir='ltr'>οὑσίωσις</span> <span class='ocrx_word' id='word_1_555' title='bbox 1743 3380 1873 3452; x_wconf 87' lang='grc'><strong>(89)·</strong></span> 
     </span>
    </p>
   </div>
   <div class='ocr_carea' id='block_1_69' title="bbox 309 3472 1876 3551">
    <p class='ocr_par' dir='ltr' id='par_1_69' title="bbox 309 3472 1876 3551">
     <span class='ocr_line' id='line_1_69' title="bbox 309 3472 1876 3551; baseline -0.006 -15"><span class='ocrx_word' id='word_1_556' title='bbox 309 3480 418 3535; x_wconf 82' lang='grc' dir='ltr'><strong>Ἐν</strong></span> <span class='ocrx_word' id='word_1_557' title='bbox 443 3479 603 3546; x_wconf 84' lang='grc' dir='ltr'>αὐτῷ</span> <span class='ocrx_word' id='word_1_558' title='bbox 636 3479 747 3551; x_wconf 79' lang='grc' dir='ltr'>γὰρ</span> <span class='ocrx_word' id='word_1_559' title='bbox 787 3476 993 3547; x_wconf 75' lang='grc' dir='ltr'>ζῶμεν,</span> <span class='ocrx_word' id='word_1_560' title='bbox 1021 3475 1120 3529; x_wconf 82' lang='grc' dir='ltr'>καὶ</span> <span class='ocrx_word' id='word_1_561' title='bbox 1158 3475 1499 3544; x_wconf 79' lang='grc' dir='ltr'>κινούμεθα,</span> <span class='ocrx_word' id='word_1_562' title='bbox 1539 3474 1639 3527; x_wconf 76' lang='grc' dir='ltr'>καὶ</span> <span class='ocrx_word' id='word_1_563' title='bbox 1668 3472 1876 3542; x_wconf 81' lang='grc' dir='ltr'>ἐσμὲν,</span> 
     </span>
    </p>
   </div>
   <div class='ocr_carea' id='block_1_70' title="bbox 297 3566 1876 3644">
    <p class='ocr_par' dir='ltr' id='par_1_70' title="bbox 297 3566 1876 3644">
     <span class='ocr_line' id='line_1_70' title="bbox 297 3566 1876 3644; baseline -0.007 -15"><span class='ocrx_word' id='word_1_564' title='bbox 297 3574 444 3629; x_wconf 73' lang='grc' dir='ltr'>κατὰ</span> <span class='ocrx_word' id='word_1_565' title='bbox 467 3573 566 3644; x_wconf 80' lang='grc' dir='ltr'>τὴν</span> <span class='ocrx_word' id='word_1_566' title='bbox 591 3573 782 3642; x_wconf 84' lang='grc' dir='ltr'>διπλῆν</span> <span class='ocrx_word' id='word_1_567' title='bbox 816 3570 928 3642; x_wconf 82' lang='grc'>(90)</span> <span class='ocrx_word' id='word_1_568' title='bbox 960 3568 1052 3622; x_wconf 77' lang='grc' dir='ltr'>τοῦ</span> <span class='ocrx_word' id='word_1_569' title='bbox 1087 3568 1485 3639; x_wconf 74' lang='grc' dir='ltr'>ὲμφυσήματος</span> <span class='ocrx_word' id='word_1_570' title='bbox 1510 3566 1758 3636; x_wconf 84' lang='grc' dir='ltr'>δύναμιν,</span> <span class='ocrx_word' id='word_1_571' title='bbox 1782 3566 1876 3619; x_wconf 73' lang='grc' dir='ltr'><strong>καὶ</strong></span> 
     </span>
    </p>
   </div>
   <div class='ocr_carea' id='block_1_71' title="bbox 295 3657 1876 3737">
    <p class='ocr_par' dir='ltr' id='par_1_71' title="bbox 295 3657 1876 3737">
     <span class='ocr_line' id='line_1_71' title="bbox 295 3657 1876 3737; baseline -0.006 -18"><span class='ocrx_word' id='word_1_572' title='bbox 295 3668 496 3737; x_wconf 71' lang='grc' dir='ltr'>πνοήνο</span> <span class='ocrx_word' id='word_1_573' title='bbox 521 3663 731 3718; x_wconf 75' lang='grc' dir='ltr'>ἐκεῖθεν</span> <span class='ocrx_word' id='word_1_574' title='bbox 750 3663 861 3732; x_wconf 72' lang='grc'>(91)</span> <span class='ocrx_word' id='word_1_575' title='bbox 886 3659 1273 3732; x_wconf 79' lang='grc' dir='ltr'>ὲμφυσὼμενοι</span> <span class='ocrx_word' id='word_1_576' title='bbox 1295 3660 1513 3725; x_wconf 88' lang='grc' dir='ltr'>πάντες,</span> <span class='ocrx_word' id='word_1_577' title='bbox 1537 3659 1631 3712; x_wconf 74' lang='grc' dir='ltr'><strong>καὶ</strong></span> <span class='ocrx_word' id='word_1_578' title='bbox 1651 3657 1876 3727; x_wconf 78' lang='grc' dir='ltr'>Πνεῦμα</span> 
     </span>
    </p>
   </div>
   <div class='ocr_carea' id='block_1_72' title="bbox 291 3746 1877 3826">
    <p class='ocr_par' dir='ltr' id='par_1_72' title="bbox 291 3746 1877 3826">
     <span class='ocr_line' id='line_1_72' title="bbox 291 3746 1877 3826; baseline -0.006 -16"><span class='ocrx_word' id='word_1_579' title='bbox 291 3755 454 3826; x_wconf 62' lang='grc' dir='ltr'>ἅγιον</span> <span class='ocrx_word' id='word_1_580' title='bbox 482 3755 596 3808; x_wconf 83' lang='grc' dir='ltr'>ὅσοι</span> <span class='ocrx_word' id='word_1_581' title='bbox 626 3752 944 3825; x_wconf 73' lang='grc' dir='ltr'>χωρητικοὶ,</span> <span class='ocrx_word' id='word_1_582' title='bbox 986 3751 1081 3803; x_wconf 80' lang='grc' dir='ltr'>καὶ</span> <span class='ocrx_word' id='word_1_583' title='bbox 1106 3749 1381 3812; x_wconf 78' lang='grc' dir='ltr'>τοσοῦτον,</span> <span class='ocrx_word' id='word_1_584' title='bbox 1423 3748 1545 3802; x_wconf 83' lang='grc' dir='ltr'>καθ’</span> <span class='ocrx_word' id='word_1_585' title='bbox 1575 3749 1698 3801; x_wconf 82' lang='grc' dir='ltr'>ὅσον</span> <span class='ocrx_word' id='word_1_586' title='bbox 1726 3746 1791 3801; x_wconf 89' lang='grc' dir='ltr'><strong>ἂν</strong></span> <span class='ocrx_word' id='word_1_587' title='bbox 1816 3747 1877 3800; x_wconf 84' lang='grc' dir='ltr'><strong>τὸ</strong></span> 
     </span>
    </p>
   </div>
   <div class='ocr_carea' id='block_1_73' title="bbox 299 3838 1877 3915">
    <p class='ocr_par' dir='ltr' id='par_1_73' title="bbox 299 3838 1877 3915">
     <span class='ocr_line' id='line_1_73' title="bbox 299 3838 1877 3915; baseline -0.006 -16"><span class='ocrx_word' id='word_1_588' title='bbox 299 3845 474 3915; x_wconf 69' lang='grc' dir='ltr'>,πόμα</span> <span class='ocrx_word' id='word_1_589' title='bbox 514 3844 615 3915; x_wconf 87' lang='grc' dir='ltr'>τῆς</span> <span class='ocrx_word' id='word_1_590' title='bbox 645 3843 883 3904; x_wconf 84' lang='grc' dir='ltr'>διανοίας</span> <span class='ocrx_word' id='word_1_591' title='bbox 931 3841 1253 3910; x_wconf 80' lang='grc' dir='ltr'>ἀνοίξωμεν.</span> <span class='ocrx_word' id='word_1_592' title='bbox 1290 3839 1612 3908; x_wconf 87' lang='grc' dir='ltr'>Δικαιοσύνη</span> <span class='ocrx_word' id='word_1_593' title='bbox 1659 3838 1751 3903; x_wconf 84' lang='grc' dir='ltr'><strong>δὲ,</strong></span> <span class='ocrx_word' id='word_1_594' title='bbox 1796 3838 1877 3890; x_wconf 84' lang='grc' dir='ltr'>ὅτι</span> 
     </span>
    </p>
   </div>
   <div class='ocr_carea' id='block_1_74' title="bbox 293 3929 1877 4006">
    <p class='ocr_par' dir='ltr' id='par_1_74' title="bbox 293 3929 1877 4006">
     <span class='ocr_line' id='line_1_74' title="bbox 293 3929 1877 4006; baseline -0.006 -17"><span class='ocrx_word' id='word_1_595' title='bbox 293 3935 392 3989; x_wconf 78' lang='grc' dir='ltr'>τοῦ</span> <span class='ocrx_word' id='word_1_596' title='bbox 428 3934 565 4006; x_wconf 87' lang='grc' dir='ltr'>πρὸς</span> <span class='ocrx_word' id='word_1_597' title='bbox 596 3933 752 4000; x_wconf 78' lang='grc' dir='ltr'>ἀξίαν</span> <span class='ocrx_word' id='word_1_598' title='bbox 779 3931 1071 4003; x_wconf 78' lang='grc' dir='ltr'>διαιρέτης,</span> <span class='ocrx_word' id='word_1_599' title='bbox 1122 3930 1216 3982; x_wconf 80' lang='grc' dir='ltr'>καὶ</span> <span class='ocrx_word' id='word_1_600' title='bbox 1255 3929 1472 3983; x_wconf 86' lang='grc' dir='ltr'>διαιτῶν</span> <span class='ocrx_word' id='word_1_601' title='bbox 1509 3929 1731 3991; x_wconf 89' lang='grc' dir='ltr'>δικαίως</span> <span class='ocrx_word' id='word_1_602' title='bbox 1765 3931 1877 3991; x_wconf 86' lang='grc' dir='ltr'>τοῖς</span> 
     </span>
    </p>
   </div>
   <div class='ocr_carea' id='block_1_75' title="bbox 295 4021 1875 4098">
    <p class='ocr_par' dir='ltr' id='par_1_75' title="bbox 295 4021 1875 4098">
     <span class='ocr_line' id='line_1_75' title="bbox 295 4021 1875 4098; baseline -0.006 -16"><span class='ocrx_word' id='word_1_603' title='bbox 295 4029 403 4084; x_wconf 74' lang='grc' dir='ltr'>ὑπὸ</span> <span class='ocrx_word' id='word_1_604' title='bbox 438 4027 621 4098; x_wconf 88' lang='grc' dir='ltr'>νόμον,</span> <span class='ocrx_word' id='word_1_605' title='bbox 657 4027 752 4081; x_wconf 77' lang='grc' dir='ltr'>καὶ</span> <span class='ocrx_word' id='word_1_606' title='bbox 793 4028 904 4089; x_wconf 80' lang='grc' dir='ltr'>τοῖς</span> <span class='ocrx_word' id='word_1_607' title='bbox 948 4024 1052 4077; x_wconf 84' lang='grc' dir='ltr'>ὑπὸ</span> <span class='ocrx_word' id='word_1_608' title='bbox 1089 4024 1268 4094; x_wconf 85' lang='grc' dir='ltr'>χάριν,</span> <span class='ocrx_word' id='word_1_609' title='bbox 1310 4022 1589 4095; x_wconf 36' lang='grc' dir='ltr'>ψυχῇ-κα).</span> <span class='ocrx_word' id='word_1_610' title='bbox 1642 4021 1875 4092; x_wconf 85' lang='grc' dir='ltr'>σώματι,</span> 
     </span>
    </p>
   </div>
   <div class='ocr_carea' id='block_1_76' title="bbox 296 4112 1875 4191">
    <p class='ocr_par' dir='ltr' id='par_1_76' title="bbox 296 4112 1875 4191">
     <span class='ocr_line' id='line_1_76' title="bbox 296 4112 1875 4191; baseline -0.006 -16"><span class='ocrx_word' id='word_1_611' title='bbox 296 4120 441 4175; x_wconf 78' lang='grc' dir='ltr'>ὥστε</span> <span class='ocrx_word' id='word_1_612' title='bbox 472 4120 533 4173; x_wconf 84' lang='grc' dir='ltr'><strong>τὸ</strong></span> <span class='ocrx_word' id='word_1_613' title='bbox 563 4121 662 4191; x_wconf 85' lang='grc' dir='ltr'>μὲν</span> <span class='ocrx_word' id='word_1_614' title='bbox 688 4118 897 4191; x_wconf 83' lang='grc' dir='ltr'>ἄρχειν,</span> <span class='ocrx_word' id='word_1_615' title='bbox 925 4117 985 4170; x_wconf 86' lang='grc' dir='ltr'><strong>τὸ</strong></span> <span class='ocrx_word' id='word_1_616' title='bbox 1017 4116 1073 4170; x_wconf 86' lang='grc' dir='ltr'><strong>δὲ</strong></span> <span class='ocrx_word' id='word_1_617' title='bbox 1105 4114 1391 4187; x_wconf 83' lang='grc' dir='ltr'>ἄρχεσθαι,</span> <span class='ocrx_word' id='word_1_618' title='bbox 1424 4114 1518 4168; x_wconf 75' lang='grc' dir='ltr'><strong>καὶ</strong></span> <span class='ocrx_word' id='word_1_619' title='bbox 1546 4112 1643 4184; x_wconf 85' lang='grc' dir='ltr'>τὴν</span> <span class='ocrx_word' id='word_1_620' title='bbox 1670 4115 1875 4185; x_wconf 73' lang='grc' dir='ltr'>ἡγεμο-</span> 
     </span>
    </p>
   </div>
   <div class='ocr_carea' id='block_1_77' title="bbox 296 4205 1878 4285">
    <p class='ocr_par' dir='ltr' id='par_1_77' title="bbox 296 4205 1878 4285">
     <span class='ocr_line' id='line_1_77' title="bbox 296 4205 1878 4285; baseline -0.005 -17"><span class='ocrx_word' id='word_1_621' title='bbox 296 4214 419 4268; x_wconf 83' lang='grc' dir='ltr'>νίαν</span> <span class='ocrx_word' id='word_1_622' title='bbox 442 4212 585 4285; x_wconf 75' lang='grc' dir='ltr'>ἔχειν</span> <span class='ocrx_word' id='word_1_623' title='bbox 609 4213 671 4266; x_wconf 86' lang='grc' dir='ltr'><strong>τὸ</strong></span> <span class='ocrx_word' id='word_1_624' title='bbox 701 4215 947 4284; x_wconf 85' lang='grc' dir='ltr'>κρεῖττον</span> <span class='ocrx_word' id='word_1_625' title='bbox 974 4210 1117 4264; x_wconf 84' lang='grc' dir='ltr'>κατὰ</span> <span class='ocrx_word' id='word_1_626' title='bbox 1154 4209 1248 4262; x_wconf 79' lang='grc' dir='ltr'>τοῦ</span> <span class='ocrx_word' id='word_1_627' title='bbox 1283 4208 1547 4280; x_wconf 85' lang='grc' dir='ltr'>χείρονος,</span> <span class='ocrx_word' id='word_1_628' title='bbox 1586 4205 1662 4270; x_wconf 86' lang='grc' dir='ltr'><strong>ὡς</strong></span> <span class='ocrx_word' id='word_1_629' title='bbox 1699 4206 1773 4277; x_wconf 86' lang='grc' dir='ltr'>μὴ</span> <span class='ocrx_word' id='word_1_630' title='bbox 1816 4206 1878 4260; x_wconf 81' lang='grc' dir='ltr'>τὸ</span> 
     </span>
    </p>
   </div>
   <div class='ocr_carea' id='block_1_78' title="bbox 297 4296 1876 4374">
    <p class='ocr_par' dir='ltr' id='par_1_78' title="bbox 297 4296 1876 4374">
     <span class='ocr_line' id='line_1_78' title="bbox 297 4296 1876 4374; baseline -0.004 -18"><span class='ocrx_word' id='word_1_631' title='bbox 297 4305 483 4374; x_wconf 84' lang='grc' dir='ltr'>χεῖρον</span> <span class='ocrx_word' id='word_1_632' title='bbox 507 4301 896 4357; x_wconf 80' lang='grc' dir='ltr'>ἐπανίστασθαι</span> <span class='ocrx_word' id='word_1_633' title='bbox 932 4301 1010 4373; x_wconf 83' lang='grc' dir='ltr'>τῷ</span> <span class='ocrx_word' id='word_1_634' title='bbox 1041 4300 1269 4370; x_wconf 84' lang='grc' dir='ltr'>βελτίονι</span> <span class='ocrx_word' id='word_1_635' title='bbox 1294 4318 1307 4331; x_wconf 87' lang='grc'>·</span> <span class='ocrx_word' id='word_1_636' title='bbox 1350 4296 1668 4368; x_wconf 75' lang='grc' dir='ltr'>Ἀγιασμὸς</span> <span class='ocrx_word' id='word_1_637' title='bbox 1698 4297 1776 4361; x_wconf 85' lang='grc' dir='ltr'>δὲ,</span> <span class='ocrx_word' id='word_1_638' title='bbox 1801 4297 1876 4360; x_wconf 83' lang='grc' dir='ltr'>ὡς</span> 
     </span>
    </p>
   </div>
   <div class='ocr_carea' id='block_1_79' title="bbox 375 4391 1872 4462">
    <p class='ocr_par' dir='ltr' id='par_1_79' title="bbox 375 4392 1872 4462">
     <span class='ocr_line' id='line_1_79' title="bbox 375 4392 1872 4462; baseline -0.004 -10"><span class='ocrx_word' id='word_1_639' title='bbox 375 4396 422 4428; x_wconf 78' lang='grc'>⁸⁸</span> <span class='ocrx_word' id='word_1_640' title='bbox 461 4395 616 4452; x_wconf 78' lang='lat' dir='ltr'><strong>Joau.</strong></span> <span class='ocrx_word' id='word_1_641' title='bbox 652 4413 693 4462; x_wconf 84' lang='grc' dir='ltr'>ι,</span> <span class='ocrx_word' id='word_1_642' title='bbox 717 4398 769 4450; x_wconf 92' lang='grc'><strong>1.</strong></span> <span class='ocrx_word' id='word_1_643' title='bbox 846 4396 892 4428; x_wconf 76' lang='grc'><strong>⁸⁵</strong></span> <span class='ocrx_word' id='word_1_644' title='bbox 918 4393 1211 4460; x_wconf 81' lang='lat' dir='ltr'><strong>Joan.xtv,</strong></span> <span class='ocrx_word' id='word_1_645' title='bbox 1243 4394 1292 4455; x_wconf 87' lang='lat'><strong>7,</strong></span> <span class='ocrx_word' id='word_1_646' title='bbox 1325 4393 1381 4448; x_wconf 91' lang='lat'><strong>9.</strong></span> <span class='ocrx_word' id='word_1_647' title='bbox 1456 4392 1544 4445; x_wconf 71' lang='grc' dir='ltr'><strong>θυι</strong></span> <span class='ocrx_word' id='word_1_648' title='bbox 1573 4392 1701 4448; x_wconf 87' lang='lat' dir='ltr'><strong>Cor.</strong></span> <span class='ocrx_word' id='word_1_649' title='bbox 1736 4407 1772 4454; x_wconf 88' lang='lat' dir='ltr'><strong>I,</strong></span> <span class='ocrx_word' id='word_1_650' title='bbox 1804 4392 1872 4447; x_wconf 78' lang='grc'><strong>50</strong></span> 
     </span>
    </p>
   </div>
   <div class='ocr_carea' id='block_1_80' title="bbox 1978 4391 2974 4462">
    <p class='ocr_par' dir='ltr' id='par_1_80' title="bbox 1978 4391 2974 4462">
     <span class='ocr_line' id='line_1_80' title="bbox 1978 4391 2974 4462; baseline -0.001 -16"><span class='ocrx_word' id='word_1_651' title='bbox 1978 4393 2014 4424; x_wconf 66' lang='grc'><strong>⁵⁸</strong></span> <span class='ocrx_word' id='word_1_652' title='bbox 2043 4391 2325 4462; x_wconf 75' lang='lat' dir='ltr'><strong>Ephes._v,</strong></span> <span class='ocrx_word' id='word_1_653' title='bbox 2357 4391 2444 4445; x_wconf 86' lang='grc'><strong>19.</strong></span> <span class='ocrx_word' id='word_1_654' title='bbox 2520 4394 2565 4425; x_wconf 75' lang='grc'><strong>³³</strong></span> <span class='ocrx_word' id='word_1_655' title='bbox 2590 4391 2748 4462; x_wconf 85' lang='lat' dir='ltr'><strong>Joan.</strong></span> <span class='ocrx_word' id='word_1_656' title='bbox 2788 4407 2896 4458; x_wconf 80' lang='lat' dir='ltr'><strong>xtv,</strong></span> <span class='ocrx_word' id='word_1_657' title='bbox 2920 4393 2974 4446; x_wconf 87' lang='lat'><strong>6.</strong></span> 
     </span>
    </p>
   </div>
   <div class='ocr_carea' id='block_1_81' title="bbox 1977 3198 3546 3273">
    <p class='ocr_par' dir='ltr' id='par_1_81' title="bbox 1977 3198 3546 3273">
     <span class='ocr_line' id='line_1_81' title="bbox 1977 3198 3546 3273; baseline 0.003 -20"><span class='ocrx_word' id='word_1_658' title='bbox 1977 3198 2136 3256; x_wconf 88' lang='lat' dir='ltr'><strong>Patre</strong></span> <span class='ocrx_word' id='word_1_659' title='bbox 2166 3198 2442 3267; x_wconf 73' lang='lat' dir='ltr'><strong>differens,</strong></span> <span class='ocrx_word' id='word_1_660' title='bbox 2469 3216 2629 3269; x_wconf 83' lang='lat' dir='ltr'><strong>quam</strong></span> <span class='ocrx_word' id='word_1_661' title='bbox 2672 3202 2802 3256; x_wconf 88' lang='lat' dir='ltr'><strong>Seth</strong></span> <span class='ocrx_word' id='word_1_662' title='bbox 2837 3204 2905 3256; x_wconf 86' lang='lat' dir='ltr'><strong>ab</strong></span> <span class='ocrx_word' id='word_1_663' title='bbox 2936 3203 3141 3258; x_wconf 87' lang='lat' dir='ltr'><strong>Adatno</strong></span> <span class='ocrx_word' id='word_1_664' title='bbox 3156 3202 3204 3236; x_wconf 73' lang='lat'><strong>“</strong></span> <span class='ocrx_word' id='word_1_665' title='bbox 3224 3207 3266 3268; x_wconf 70' lang='lat'><strong>“‘,</strong></span> <span class='ocrx_word' id='word_1_666' title='bbox 3298 3203 3546 3273; x_wconf 86' lang='lat' dir='ltr'><strong>filiusque</strong></span> 
     </span>
    </p>
   </div>
   <div class='ocr_carea' id='block_1_82' title="bbox 1976 3293 3542 3365">
    <p class='ocr_par' dir='ltr' id='par_1_82' title="bbox 1976 3293 3542 3365">
     <span class='ocr_line' id='line_1_82' title="bbox 1976 3293 3542 3365; baseline 0.003 -19"><span class='ocrx_word' id='word_1_667' title='bbox 1976 3294 2152 3347; x_wconf 87' lang='lat' dir='ltr'><strong>omnis</strong></span> <span class='ocrx_word' id='word_1_668' title='bbox 2180 3308 2210 3347; x_wconf 88' lang='lat' dir='ltr'><strong>a</strong></span> <span class='ocrx_word' id='word_1_669' title='bbox 2239 3307 2466 3361; x_wconf 83' lang='lat' dir='ltr'><strong>parente</strong></span> <span class='ocrx_word' id='word_1_670' title='bbox 2507 3309 2624 3349; x_wconf 91' lang='lat' dir='ltr'><strong>suo.</strong></span> <span class='ocrx_word' id='word_1_671' title='bbox 2680 3293 2995 3362; x_wconf 85' lang='lat' dir='ltr'><strong>Hujusmodi</strong></span> <span class='ocrx_word' id='word_1_672' title='bbox 3057 3310 3291 3365; x_wconf 87' lang='lat' dir='ltr'><strong>namque</strong></span> <span class='ocrx_word' id='word_1_673' title='bbox 3331 3294 3542 3364; x_wconf 80' lang='lat' dir='ltr'><strong>simpli-</strong></span> 
     </span>
    </p>
   </div>
   <div class='ocr_carea' id='block_1_83' title="bbox 1977 3383 3545 3454">
    <p class='ocr_par' dir='ltr' id='par_1_83' title="bbox 1977 3383 3545 3454">
     <span class='ocr_line' id='line_1_83' title="bbox 1977 3383 3545 3454; baseline 0.002 -17"><span class='ocrx_word' id='word_1_674' title='bbox 1977 3383 2120 3437; x_wconf 87' lang='lat' dir='ltr'><strong>ciutn</strong></span> <span class='ocrx_word' id='word_1_675' title='bbox 2169 3398 2348 3438; x_wconf 89' lang='lat' dir='ltr'><strong>rerum</strong></span> <span class='ocrx_word' id='word_1_676' title='bbox 2403 3394 2594 3437; x_wconf 83' lang='lat' dir='ltr'><strong>natura</strong></span> <span class='ocrx_word' id='word_1_677' title='bbox 2645 3394 2746 3447; x_wconf 85' lang='lat' dir='ltr'><strong>est,</strong></span> <span class='ocrx_word' id='word_1_678' title='bbox 2791 3394 2848 3438; x_wconf 89' lang='lat' dir='ltr'><strong>ut</strong></span> <span class='ocrx_word' id='word_1_679' title='bbox 2897 3399 3000 3440; x_wconf 89' lang='lat' dir='ltr'><strong>non</strong></span> <span class='ocrx_word' id='word_1_680' title='bbox 3062 3387 3257 3454; x_wconf 87' lang='lat' dir='ltr'><strong>partim</strong></span> <span class='ocrx_word' id='word_1_681' title='bbox 3297 3385 3439 3441; x_wconf 90' lang='lat' dir='ltr'><strong>inter</strong></span> <span class='ocrx_word' id='word_1_682' title='bbox 3483 3399 3545 3440; x_wconf 81' lang='lat' dir='ltr'><strong>se</strong></span> 
     </span>
    </p>
   </div>
   <div class='ocr_carea' id='block_1_84' title="bbox 1976 3475 3540 3547">
    <p class='ocr_par' dir='ltr' id='par_1_84' title="bbox 1976 3475 3540 3547">
     <span class='ocr_line' id='line_1_84' title="bbox 1976 3475 3540 3547; baseline 0.003 -18"><span class='ocrx_word' id='word_1_683' title='bbox 1976 3475 2183 3529; x_wconf 87' lang='lat' dir='ltr'><strong>similes</strong></span> <span class='ocrx_word' id='word_1_684' title='bbox 2219 3477 2346 3541; x_wconf 85' lang='lat' dir='ltr'><strong>sint,</strong></span> <span class='ocrx_word' id='word_1_685' title='bbox 2391 3478 2586 3547; x_wconf 88' lang='lat' dir='ltr'><strong>partim</strong></span> <span class='ocrx_word' id='word_1_686' title='bbox 2639 3478 2954 3544; x_wconf 85' lang='lat' dir='ltr'><strong>dissimiles,</strong></span> <span class='ocrx_word' id='word_1_687' title='bbox 2985 3480 3080 3534; x_wconf 87' lang='lat' dir='ltr'><strong>sed</strong></span> <span class='ocrx_word' id='word_1_688' title='bbox 3132 3490 3254 3535; x_wconf 72' lang='lat' dir='ltr'><strong>totae</strong></span> <span class='ocrx_word' id='word_1_689' title='bbox 3288 3488 3428 3534; x_wconf 90' lang='lat' dir='ltr'><strong>totas</strong></span> <span class='ocrx_word' id='word_1_690' title='bbox 3455 3496 3540 3534; x_wconf 57' lang='lat' dir='ltr'><strong>re.</strong></span> 
     </span>
    </p>
   </div>
   <div class='ocr_carea' id='block_1_85' title="bbox 1976 3567 3545 3639">
    <p class='ocr_par' dir='ltr' id='par_1_85' title="bbox 1976 3567 3545 3639">
     <span class='ocr_line' id='line_1_85' title="bbox 1976 3567 3545 3639; baseline 0.001 -18"><span class='ocrx_word' id='word_1_691' title='bbox 1976 3577 2325 3636; x_wconf 70' lang='lat' dir='ltr'><strong>praesentem,</strong></span> <span class='ocrx_word' id='word_1_692' title='bbox 2369 3567 2681 3636; x_wconf 63' lang='lat' dir='ltr'><strong>eaedemque</strong></span> <span class='ocrx_word' id='word_1_693' title='bbox 2716 3568 2893 3638; x_wconf 87' lang='lat' dir='ltr'><strong>potius</strong></span> <span class='ocrx_word' id='word_1_694' title='bbox 2946 3570 3073 3634; x_wconf 87' lang='lat' dir='ltr'><strong>sint,</strong></span> <span class='ocrx_word' id='word_1_695' title='bbox 3107 3585 3267 3639; x_wconf 87' lang='lat' dir='ltr'><strong>quam</strong></span> <span class='ocrx_word' id='word_1_696' title='bbox 3318 3571 3545 3625; x_wconf 86' lang='lat' dir='ltr'><strong>similes.</strong></span> 
     </span>
    </p>
   </div>
   <div class='ocr_carea' id='block_1_86' title="bbox 1977 3657 3537 3733">
    <p class='ocr_par' dir='ltr' id='par_1_86' title="bbox 1977 3657 3537 3733">
     <span class='ocr_line' id='line_1_86' title="bbox 1977 3657 3537 3733; baseline 0.002 -20"><span class='ocrx_word' id='word_1_697' title='bbox 1977 3658 2088 3713; x_wconf 81' lang='lat' dir='ltr'><strong>Lux</strong></span> <span class='ocrx_word' id='word_1_698' title='bbox 2110 3657 2156 3688; x_wconf 81' lang='lat'><strong>&quot;</strong></span> <span class='ocrx_word' id='word_1_699' title='bbox 2186 3658 2352 3712; x_wconf 89' lang='lat' dir='ltr'><strong>etiam</strong></span> <span class='ocrx_word' id='word_1_700' title='bbox 2404 3659 2620 3723; x_wconf 88' lang='lat' dir='ltr'><strong>dicitur,</strong></span> <span class='ocrx_word' id='word_1_701' title='bbox 2658 3670 2716 3713; x_wconf 91' lang='lat' dir='ltr'><strong>ut</strong></span> <span class='ocrx_word' id='word_1_702' title='bbox 2776 3661 3084 3717; x_wconf 89' lang='lat' dir='ltr'><strong>animorum</strong></span> <span class='ocrx_word' id='word_1_703' title='bbox 3134 3664 3408 3731; x_wconf 79' lang='lat' dir='ltr'><strong>Splendor,</strong></span> <span class='ocrx_word' id='word_1_704' title='bbox 3445 3666 3537 3733; x_wconf 90' lang='lat' dir='ltr'><strong>qui</strong></span> 
     </span>
    </p>
   </div>
   <div class='ocr_carea' id='block_1_87' title="bbox 1977 3750 3548 3826">
    <p class='ocr_par' dir='ltr' id='par_1_87' title="bbox 1977 3750 3548 3826">
     <span class='ocr_line' id='line_1_87' title="bbox 1977 3750 3548 3826; baseline 0.004 -22"><span class='ocrx_word' id='word_1_705' title='bbox 1977 3759 2032 3804; x_wconf 86' lang='lat' dir='ltr'><strong>et</strong></span> <span class='ocrx_word' id='word_1_706' title='bbox 2057 3750 2165 3804; x_wconf 85' lang='lat' dir='ltr'><strong>vita</strong></span> <span class='ocrx_word' id='word_1_707' title='bbox 2192 3759 2247 3804; x_wconf 90' lang='lat' dir='ltr'><strong>et</strong></span> <span class='ocrx_word' id='word_1_708' title='bbox 2274 3764 2526 3805; x_wconf 88' lang='lat' dir='ltr'><strong>sermone</strong></span> <span class='ocrx_word' id='word_1_709' title='bbox 2575 3763 2895 3822; x_wconf 86' lang='lat' dir='ltr'><strong>purgantur.</strong></span> <span class='ocrx_word' id='word_1_710' title='bbox 2928 3753 3063 3808; x_wconf 88' lang='lat' dir='ltr'><strong>Nam</strong></span> <span class='ocrx_word' id='word_1_711' title='bbox 3089 3756 3132 3809; x_wconf 91' lang='lat' dir='ltr'><strong>si</strong></span> <span class='ocrx_word' id='word_1_712' title='bbox 3171 3756 3469 3826; x_wconf 81' lang='lat' dir='ltr'><strong>ignorantia</strong></span> <span class='ocrx_word' id='word_1_713' title='bbox 3493 3767 3548 3810; x_wconf 88' lang='lat' dir='ltr'><strong>et</strong></span> 
     </span>
    </p>
   </div>
   <div class='ocr_carea' id='block_1_88' title="bbox 1979 3843 3545 3914">
    <p class='ocr_par' dir='ltr' id='par_1_88' title="bbox 1979 3843 3545 3914">
     <span class='ocr_line' id='line_1_88' title="bbox 1979 3843 3545 3914; baseline 0.002 -19"><span class='ocrx_word' id='word_1_714' title='bbox 1979 3853 2258 3911; x_wconf 89' lang='lat' dir='ltr'><strong>peccatum</strong></span> <span class='ocrx_word' id='word_1_715' title='bbox 2309 3843 2544 3896; x_wconf 82' lang='lat' dir='ltr'><strong>tenebrae</strong></span> <span class='ocrx_word' id='word_1_716' title='bbox 2574 3851 2720 3909; x_wconf 91' lang='lat' dir='ltr'><strong>sunt,</strong></span> <span class='ocrx_word' id='word_1_717' title='bbox 2754 3843 2844 3897; x_wconf 91' lang='lat' dir='ltr'><strong>lux</strong></span> <span class='ocrx_word' id='word_1_718' title='bbox 2882 3846 3138 3914; x_wconf 75' lang='lat' dir='ltr'><strong>profecto</strong></span> <span class='ocrx_word' id='word_1_719' title='bbox 3168 3846 3271 3899; x_wconf 83' lang='lat' dir='ltr'><strong>erit</strong></span> <span class='ocrx_word' id='word_1_720' title='bbox 3295 3845 3545 3909; x_wconf 81' lang='lat' dir='ltr'><strong>scientia,</strong></span> 
     </span>
    </p>
   </div>
   <div class='ocr_carea' id='block_1_89' title="bbox 1979 3932 3547 4005">
    <p class='ocr_par' dir='ltr' id='par_1_89' title="bbox 1979 3932 3547 4005">
     <span class='ocr_line' id='line_1_89' title="bbox 1979 3932 3547 4005; baseline 0.004 -20"><span class='ocrx_word' id='word_1_721' title='bbox 1979 3941 2035 3986; x_wconf 89' lang='lat' dir='ltr'><strong>et</strong></span> <span class='ocrx_word' id='word_1_722' title='bbox 2066 3933 2173 3986; x_wconf 85' lang='lat' dir='ltr'><strong>vita</strong></span> <span class='ocrx_word' id='word_1_723' title='bbox 2205 3932 2408 3987; x_wconf 84' lang='lat' dir='ltr'><strong>divina.</strong></span> <span class='ocrx_word' id='word_1_724' title='bbox 2451 3932 2661 4000; x_wconf 78' lang='lat' dir='ltr'><strong>Vita&quot;,</strong></span> <span class='ocrx_word' id='word_1_725' title='bbox 2695 3936 2820 4003; x_wconf 85' lang='lat' dir='ltr'><strong>quia</strong></span> <span class='ocrx_word' id='word_1_726' title='bbox 2867 3935 2979 4002; x_wconf 84' lang='lat' dir='ltr'><strong>lux,</strong></span> <span class='ocrx_word' id='word_1_727' title='bbox 3022 3936 3293 4005; x_wconf 77' lang='lat' dir='ltr'><strong>totiusque</strong></span> <span class='ocrx_word' id='word_1_728' title='bbox 3334 3937 3547 3993; x_wconf 86' lang='lat' dir='ltr'><strong>ratione</strong></span> 
     </span>
    </p>
   </div>
   <div class='ocr_carea' id='block_1_90' title="bbox 1992 4023 3548 4099">
    <p class='ocr_par' dir='ltr' id='par_1_90' title="bbox 1992 4023 3548 4099">
     <span class='ocr_line' id='line_1_90' title="bbox 1992 4023 3548 4099; baseline 0.001 -23"><span class='ocrx_word' id='word_1_729' title='bbox 1992 4023 2232 4092; x_wconf 62' lang='lat' dir='ltr'><strong>praedita</strong></span> <span class='ocrx_word' id='word_1_730' title='bbox 2282 4033 2489 4078; x_wconf 72' lang='lat' dir='ltr'><strong>natura:</strong></span> <span class='ocrx_word' id='word_1_731' title='bbox 2537 4025 2957 4089; x_wconf 72' lang='lat' dir='ltr'><strong>coagmentatio,</strong></span> <span class='ocrx_word' id='word_1_732' title='bbox 3003 4034 3056 4080; x_wconf 91' lang='lat' dir='ltr'><strong>et</strong></span> <span class='ocrx_word' id='word_1_733' title='bbox 3106 4026 3445 4099; x_wconf 84' lang='lat' dir='ltr'><strong>procreatio:</strong></span> <span class='ocrx_word' id='word_1_734' title='bbox 3479 4024 3548 4079; x_wconf 83' lang='lat' dir='ltr'><strong>In</strong></span> 
     </span>
    </p>
   </div>
   <div class='ocr_carea' id='block_1_91' title="bbox 1981 4113 3548 4180">
    <p class='ocr_par' dir='ltr' id='par_1_91' title="bbox 1981 4113 3548 4180">
     <span class='ocr_line' id='line_1_91' title="bbox 1981 4113 3548 4180; baseline 0.002 -15"><span class='ocrx_word' id='word_1_735' title='bbox 1981 4114 2090 4180; x_wconf 76' lang='lat' dir='ltr'><strong>ipso</strong></span> <span class='ocrx_word' id='word_1_736' title='bbox 2125 4113 2262 4166; x_wconf 83' lang='lat' dir='ltr'><strong>enim</strong></span> <span class='ocrx_word' id='word_1_737' title='bbox 2296 4115 2531 4179; x_wconf 73' lang='lat' dir='ltr'><strong>vivimus,</strong></span> <span class='ocrx_word' id='word_1_738' title='bbox 2560 4126 2608 4168; x_wconf 80' lang='lat' dir='ltr'><strong>et</strong></span> <span class='ocrx_word' id='word_1_739' title='bbox 2642 4131 2927 4179; x_wconf 81' lang='lat' dir='ltr'><strong>movemur,</strong></span> <span class='ocrx_word' id='word_1_740' title='bbox 2965 4124 3013 4167; x_wconf 82' lang='lat' dir='ltr'><strong>et</strong></span> <span class='ocrx_word' id='word_1_741' title='bbox 3057 4131 3240 4170; x_wconf 74' lang='lat' dir='ltr'><strong>sumus</strong></span> <span class='ocrx_word' id='word_1_742' title='bbox 3258 4116 3325 4180; x_wconf 76' lang='grc'><strong>⁸⁷,</strong></span> <span class='ocrx_word' id='word_1_743' title='bbox 3352 4130 3548 4171; x_wconf 85' lang='lat' dir='ltr'><strong>secun-</strong></span> 
     </span>
    </p>
   </div>
   <div class='ocr_carea' id='block_1_92' title="bbox 1981 4204 3540 4277">
    <p class='ocr_par' dir='ltr' id='par_1_92' title="bbox 1981 4204 3540 4277">
     <span class='ocr_line' id='line_1_92' title="bbox 1981 4204 3540 4277; baseline 0.004 -22"><span class='ocrx_word' id='word_1_744' title='bbox 1981 4204 2106 4256; x_wconf 90' lang='lat' dir='ltr'><strong>dum</strong></span> <span class='ocrx_word' id='word_1_745' title='bbox 2159 4204 2427 4273; x_wconf 89' lang='lat' dir='ltr'><strong>duplicem</strong></span> <span class='ocrx_word' id='word_1_746' title='bbox 2498 4206 2646 4260; x_wconf 88' lang='lat' dir='ltr'><strong>illam</strong></span> <span class='ocrx_word' id='word_1_747' title='bbox 2702 4207 3142 4277; x_wconf 73' lang='lat' dir='ltr'><strong>inspirationis“</strong></span> <span class='ocrx_word' id='word_1_748' title='bbox 3204 4208 3540 4263; x_wconf 78' lang='lat' dir='ltr'><strong>facultatem.</strong></span> 
     </span>
    </p>
   </div>
   <div class='ocr_carea' id='block_1_93' title="bbox 1981 4294 3549 4369">
    <p class='ocr_par' dir='ltr' id='par_1_93' title="bbox 1981 4294 3549 4369">
     <span class='ocr_line' id='line_1_93' title="bbox 1981 4294 3549 4369; baseline 0 -20"><span class='ocrx_word' id='word_1_749' title='bbox 1981 4294 2113 4349; x_wconf 83' lang='lat' dir='ltr'><strong>Nam</strong></span> <span class='ocrx_word' id='word_1_750' title='bbox 2149 4305 2203 4349; x_wconf 88' lang='lat' dir='ltr'><strong>et</strong></span> <span class='ocrx_word' id='word_1_751' title='bbox 2233 4296 2381 4351; x_wconf 91' lang='lat' dir='ltr'><strong>illinc</strong></span> <span class='ocrx_word' id='word_1_752' title='bbox 2405 4312 2593 4351; x_wconf 90' lang='lat' dir='ltr'><strong>omnes</strong></span> <span class='ocrx_word' id='word_1_753' title='bbox 2625 4297 2842 4352; x_wconf 86' lang='lat' dir='ltr'><strong>vitalem</strong></span> <span class='ocrx_word' id='word_1_754' title='bbox 2874 4298 3122 4367; x_wconf 82' lang='lat' dir='ltr'><strong>spiritum</strong></span> <span class='ocrx_word' id='word_1_755' title='bbox 3156 4297 3315 4369; x_wconf 80' lang='lat'><strong>555</strong></span> <span class='ocrx_word' id='word_1_756' title='bbox 3348 4299 3549 4366; x_wconf 85' lang='lat' dir='ltr'><strong>accipi-</strong></span> 
     </span>
    </p>
   </div>
   <div class='ocr_carea' id='block_1_94' title="bbox 3080 4392 3545 4457">
    <p class='ocr_par' dir='ltr' id='par_1_94' title="bbox 3080 4392 3545 4457">
     <span class='ocr_line' id='line_1_94' title="bbox 3080 4392 3545 4457; baseline 0.002 -9"><span class='ocrx_word' id='word_1_757' title='bbox 3080 4394 3127 4425; x_wconf 74' lang='lat'>”</span> <span class='ocrx_word' id='word_1_758' title='bbox 3152 4394 3357 4448; x_wconf 86' lang='lat' dir='ltr'><strong>Coloss.</strong></span> <span class='ocrx_word' id='word_1_759' title='bbox 3380 4408 3418 4457; x_wconf 85' lang='grc' dir='ltr'>ι,</span> <span class='ocrx_word' id='word_1_760' title='bbox 3458 4392 3545 4449; x_wconf 74' lang='grc'><strong>15.</strong></span> 
     </span>
    </p>
   </div>
   <div class='ocr_carea' id='block_1_95' title="bbox 297 4459 1872 4530">
    <p class='ocr_par' dir='ltr' id='par_1_95' title="bbox 297 4459 1872 4530">
     <span class='ocr_line' id='line_1_95' title="bbox 297 4459 1872 4530; baseline -0.004 -9"><span class='ocrx_word' id='word_1_761' title='bbox 297 4465 349 4499; x_wconf 69' lang='grc' dir='ltr'>’δ</span> <span class='ocrx_word' id='word_1_762' title='bbox 377 4465 540 4521; x_wconf 86' lang='lat' dir='ltr'><strong>Hebr.</strong></span> <span class='ocrx_word' id='word_1_763' title='bbox 565 4459 688 4530; x_wconf 51' lang='lat' dir='ltr'><strong>n.5,</strong></span> <span class='ocrx_word' id='word_1_764' title='bbox 754 4464 961 4521; x_wconf 74' lang='lat' dir='ltr'><strong>&quot;‘Gen.</strong></span> <span class='ocrx_word' id='word_1_765' title='bbox 999 4480 1073 4530; x_wconf 87' lang='lat' dir='ltr'><strong>tv,</strong></span> <span class='ocrx_word' id='word_1_766' title='bbox 1108 4459 1204 4519; x_wconf 73' lang='lat'><strong>25.</strong></span> <span class='ocrx_word' id='word_1_767' title='bbox 1274 4463 1319 4496; x_wconf 76' lang='grc'><strong>⁸⁸</strong></span> <span class='ocrx_word' id='word_1_768' title='bbox 1347 4463 1500 4518; x_wconf 85' lang='lat' dir='ltr'><strong>Joan.</strong></span> <span class='ocrx_word' id='word_1_769' title='bbox 1536 4476 1655 4527; x_wconf 88' lang='lat' dir='ltr'><strong>vtu,</strong></span> <span class='ocrx_word' id='word_1_770' title='bbox 1693 4462 1779 4516; x_wconf 81' lang='grc'><strong>12.</strong></span> <span class='ocrx_word' id='word_1_771' title='bbox 1854 4464 1872 4494; x_wconf 78' lang='grc'>⁸</span> 
     </span>
    </p>
   </div>
   <div class='ocr_carea' id='block_1_96' title="bbox 1978 4459 3309 4530">
    <p class='ocr_par' dir='ltr' id='par_1_96' title="bbox 1978 4459 3309 4529">
     <span class='ocr_line' id='line_1_96' title="bbox 1978 4459 3309 4529; baseline 0.005 -18"><span class='ocrx_word' id='word_1_772' title='bbox 1978 4459 2212 4529; x_wconf 51' lang='lat' dir='ltr'><strong>tandm,</strong></span> <span class='ocrx_word' id='word_1_773' title='bbox 2241 4460 2294 4514; x_wconf 85' lang='lat'><strong>6.</strong></span> <span class='ocrx_word' id='word_1_774' title='bbox 2369 4462 2414 4493; x_wconf 76' lang='grc'><strong>⁸⁷</strong></span> <span class='ocrx_word' id='word_1_775' title='bbox 2448 4463 2568 4517; x_wconf 88' lang='lat' dir='ltr'><strong>Act.</strong></span> <span class='ocrx_word' id='word_1_776' title='bbox 2594 4459 2726 4529; x_wconf 82' lang='lat' dir='ltr'><strong>xvu,</strong></span> <span class='ocrx_word' id='word_1_777' title='bbox 2747 4463 2841 4521; x_wconf 69' lang='lat'><strong>28.</strong></span> <span class='ocrx_word' id='word_1_778' title='bbox 2914 4463 2960 4495; x_wconf 79' lang='grc'><strong>⁸⁸</strong></span> <span class='ocrx_word' id='word_1_779' title='bbox 2994 4461 3132 4518; x_wconf 75' lang='lat' dir='ltr'><strong>Gen.</strong></span> <span class='ocrx_word' id='word_1_780' title='bbox 3163 4479 3226 4527; x_wconf 85' lang='lat' dir='ltr'><strong>ll,</strong></span> <span class='ocrx_word' id='word_1_781' title='bbox 3255 4464 3309 4518; x_wconf 88' lang='lat'><strong>7.</strong></span> 
     </span>
    </p>
   </div>
   <div class='ocr_carea' id='block_1_97' title="bbox 376 4571 1872 4651">
    <p class='ocr_par' dir='ltr' id='par_1_97' title="bbox 376 4572 1872 4651">
     <span class='ocr_line' id='line_1_97' title="bbox 376 4572 1872 4651; baseline -0.007 -16"><span class='ocrx_word' id='word_1_782' title='bbox 376 4578 489 4651; x_wconf 85' lang='lat'><strong>(80)</strong></span> <span class='ocrx_word' id='word_1_783' title='bbox 538 4579 636 4644; x_wconf 80' lang='grc' dir='ltr'>Ὠς</span> <span class='ocrx_word' id='word_1_784' title='bbox 658 4576 976 4651; x_wconf 58' lang='grc' dir='ltr'>πρὸςνοῦν</span> <span class='ocrx_word' id='word_1_785' title='bbox 992 4578 1196 4651; x_wconf 54' lang='grc' dir='ltr'>λόγος.</span> <span class='ocrx_word' id='word_1_786' title='bbox 1238 4592 1269 4651; x_wconf 34' lang='grc' dir='ltr'>ι.</span> <span class='ocrx_word' id='word_1_787' title='bbox 1298 4573 1367 4630; x_wconf 90' lang='lat' dir='ltr'><strong>Ut</strong></span> <span class='ocrx_word' id='word_1_788' title='bbox 1404 4587 1583 4628; x_wconf 89' lang='lat' dir='ltr'><strong>sermo</strong></span> <span class='ocrx_word' id='word_1_789' title='bbox 1626 4572 1693 4651; x_wconf 74' lang='lat' dir='ltr'><strong>ad</strong></span> <span class='ocrx_word' id='word_1_790' title='bbox 1726 4587 1872 4627; x_wconf 90' lang='lat' dir='ltr'><strong>men-</strong></span> 
     </span>
    </p>
   </div>
   <div class='ocr_carea' id='block_1_98' title="bbox 1978 4571 3553 4651">
    <p class='ocr_par' dir='ltr' id='par_1_98' title="bbox 1981 4571 3553 4651">
     <span class='ocr_line' id='line_1_98' title="bbox 1981 4571 3553 4651; baseline 0.004 -26"><span class='ocrx_word' id='word_1_791' title='bbox 1981 4581 2037 4626; x_wconf 89' lang='lat' dir='ltr'><strong>et</strong></span> <span class='ocrx_word' id='word_1_792' title='bbox 2077 4571 2209 4626; x_wconf 86' lang='lat' dir='ltr'><strong>Setlt</strong></span> <span class='ocrx_word' id='word_1_793' title='bbox 2230 4580 2445 4651; x_wconf 59' lang='lat' dir='ltr'><strong>natura:</strong></span> <span class='ocrx_word' id='word_1_794' title='bbox 2470 4574 2717 4651; x_wconf 70' lang='lat' dir='ltr'><strong>humana:</strong></span> <span class='ocrx_word' id='word_1_795' title='bbox 2746 4573 3285 4651; x_wconf 63' lang='lat' dir='ltr'><strong>participesfuerint,</strong></span> <span class='ocrx_word' id='word_1_796' title='bbox 3326 4584 3553 4645; x_wconf 84' lang='lat' dir='ltr'><strong>uterque</strong></span> 
     </span>
    </p>
   </div>
   <div class='ocr_carea' id='block_1_99' title="bbox 305 4642 1877 4718">
    <p class='ocr_par' dir='ltr' id='par_1_99' title="bbox 305 4642 1877 4718">
     <span class='ocr_line' id='line_1_99' title="bbox 305 4642 1877 4718; baseline -0.006 -13"><span class='ocrx_word' id='word_1_797' title='bbox 305 4642 412 4705; x_wconf 77' lang='lat' dir='ltr'><strong>teut</strong></span> <span class='ocrx_word' id='word_1_798' title='bbox 431 4666 447 4715; x_wconf 91' lang='lat'><strong>;</strong></span> <span class='ocrx_word' id='word_1_799' title='bbox 469 4642 500 4702; x_wconf 74' lang='grc' dir='ltr'><strong>ἰ</strong></span> <span class='ocrx_word' id='word_1_800' title='bbox 539 4642 662 4718; x_wconf 75' lang='lat' dir='ltr'><strong>quia</strong></span> <span class='ocrx_word' id='word_1_801' title='bbox 689 4642 926 4703; x_wconf 75' lang='lat' dir='ltr'><strong>Verbum</strong></span> <span class='ocrx_word' id='word_1_802' title='bbox 944 4657 1029 4702; x_wconf 90' lang='lat' dir='ltr'><strong>est</strong></span> <span class='ocrx_word' id='word_1_803' title='bbox 1048 4642 1229 4699; x_wconf 83' lang='lat' dir='ltr'><strong>Patris</strong></span> <span class='ocrx_word' id='word_1_804' title='bbox 1255 4644 1430 4711; x_wconf 81' lang='lat' dir='ltr'><strong>imago</strong></span> <span class='ocrx_word' id='word_1_805' title='bbox 1457 4642 1735 4718; x_wconf 83' lang='lat' dir='ltr'><strong>naturalis,</strong></span> <span class='ocrx_word' id='word_1_806' title='bbox 1760 4656 1877 4710; x_wconf 58' lang='lat' dir='ltr'><strong>qua;</strong></span> 
     </span>
    </p>
   </div>
   <div class='ocr_carea' id='block_1_100' title="bbox 303 4714 1878 4784">
    <p class='ocr_par' dir='ltr' id='par_1_100' title="bbox 303 4714 1878 4784">
     <span class='ocr_line' id='line_1_100' title="bbox 303 4714 1878 4784; baseline -0.007 -8"><span class='ocrx_word' id='word_1_807' title='bbox 303 4714 476 4777; x_wconf 87' lang='lat' dir='ltr'><strong>totum</strong></span> <span class='ocrx_word' id='word_1_808' title='bbox 508 4714 745 4782; x_wconf 81' lang='lat' dir='ltr'><strong>Patrem,</strong></span> <span class='ocrx_word' id='word_1_809' title='bbox 776 4718 917 4772; x_wconf 89' lang='lat' dir='ltr'><strong>sicut</strong></span> <span class='ocrx_word' id='word_1_810' title='bbox 948 4730 1129 4771; x_wconf 87' lang='lat' dir='ltr'><strong>sermo</strong></span> <span class='ocrx_word' id='word_1_811' title='bbox 1161 4722 1326 4768; x_wconf 89' lang='lat' dir='ltr'><strong>totam</strong></span> <span class='ocrx_word' id='word_1_812' title='bbox 1355 4714 1759 4784; x_wconf 81' lang='lat' dir='ltr'><strong>cogitationem,</strong></span> <span class='ocrx_word' id='word_1_813' title='bbox 1795 4727 1878 4766; x_wconf 90' lang='lat' dir='ltr'><strong>re-</strong></span> 
     </span>
    </p>
   </div>
   <div class='ocr_carea' id='block_1_101' title="bbox 341 4796 612 4846">
    <p class='ocr_par' dir='ltr' id='par_1_101' title="bbox 341 4796 612 4846">
     <span class='ocr_line' id='line_1_101' title="bbox 341 4796 612 4846; baseline -0.018 0"><span class='ocrx_word' id='word_1_814' title='bbox 341 4803 511 4846; x_wconf 64' lang='lat' dir='ltr'><strong>resen</strong></span> <span class='ocrx_word' id='word_1_815' title='bbox 518 4796 612 4842; x_wconf 87' lang='lat' dir='ltr'><strong>tat.</strong></span> 
     </span>
    </p>
   </div>
   <div class='ocr_carea' id='block_1_102' title="bbox 299 4806 1881 4932">
    <p class='ocr_par' dir='ltr' id='par_1_102' title="bbox 299 4806 1881 4932">
     <span class='ocr_line' id='line_1_102' title="bbox 299 4806 1530 4865; baseline -0.011 -18"><span class='ocrx_word' id='word_1_816' title='bbox 299 4806 612 4862; x_wconf 61' lang='lat' dir='ltr'><strong>praesentat.</strong></span> <span class='ocrx_word' id='word_1_817' title='bbox 1279 4851 1293 4864; x_wconf 45' lang='lat'><strong><em>.</em></strong></span> <span class='ocrx_word' id='word_1_818' title='bbox 1517 4852 1530 4865; x_wconf 46' lang='lat'><em>.</em></span> 
     </span>
     <span class='ocr_line' id='line_1_103' title="bbox 378 4851 1881 4932; baseline -0.008 -18"><span class='ocrx_word' id='word_1_819' title='bbox 378 4860 489 4932; x_wconf 89' lang='grc'>(81)</span> <span class='ocrx_word' id='word_1_820' title='bbox 525 4857 1009 4932; x_wconf 46' lang='grc' dir='ltr'>Ἐξατγεξλτικόη</span> <span class='ocrx_word' id='word_1_821' title='bbox 1051 4853 1108 4909; x_wconf 89' lang='lat' dir='ltr'><strong>ld</strong></span> <span class='ocrx_word' id='word_1_822' title='bbox 1142 4859 1244 4932; x_wconf 73' lang='lat' dir='ltr'><strong>est,</strong></span> <span class='ocrx_word' id='word_1_823' title='bbox 1277 4859 1425 4932; x_wconf 69' lang='lat' dir='ltr'><strong>juxta</strong></span> <span class='ocrx_word' id='word_1_824' title='bbox 1452 4851 1643 4932; x_wconf 81' lang='lat' dir='ltr'><strong>Ellam,</strong></span> <span class='ocrx_word' id='word_1_825' title='bbox 1695 4868 1715 4903; x_wconf 71' lang='grc' dir='ltr'><strong>ι</strong></span> <span class='ocrx_word' id='word_1_826' title='bbox 1758 4865 1881 4919; x_wconf 89' lang='lat' dir='ltr'><strong>pro-</strong></span> 
     </span>
    </p>
   </div>
   <div class='ocr_carea' id='block_1_103' title="bbox 344 4921 1874 4998">
    <p class='ocr_par' dir='ltr' id='par_1_103' title="bbox 344 4921 1874 4998">
     <span class='ocr_line' id='line_1_104' title="bbox 344 4921 1874 4998; baseline -0.006 -14"><span class='ocrx_word' id='word_1_827' title='bbox 344 4921 427 4986; x_wconf 73' lang='lat' dir='ltr'><strong>ter</strong></span> <span class='ocrx_word' id='word_1_828' title='bbox 453 4921 949 4998; x_wconf 76' lang='lat' dir='ltr'><strong>interpretationem</strong></span> <span class='ocrx_word' id='word_1_829' title='bbox 974 4933 1031 4981; x_wconf 89' lang='lat' dir='ltr'><strong>et</strong></span> <span class='ocrx_word' id='word_1_830' title='bbox 1056 4921 1482 4980; x_wconf 87' lang='lat' dir='ltr'><strong>enuntiationem</strong></span> <span class='ocrx_word' id='word_1_831' title='bbox 1517 4931 1755 4991; x_wconf 69' lang='lat' dir='ltr'><strong>paternae</strong></span> <span class='ocrx_word' id='word_1_832' title='bbox 1773 4936 1874 4976; x_wconf 84' lang='lat' dir='ltr'><strong>vo-</strong></span> 
     </span>
    </p>
   </div>
   <div class='ocr_carea' id='block_1_104' title="bbox 328 5000 603 5055">
    <p class='ocr_par' dir='ltr' id='par_1_104' title="bbox 328 5000 603 5055">
     <span class='ocr_line' id='line_1_105' title="bbox 328 5000 603 5055; baseline -0.015 0"><span class='ocrx_word' id='word_1_833' title='bbox 328 5000 555 5055; x_wconf 84' lang='lat' dir='ltr'><strong>untatis.</strong></span> <span class='ocrx_word' id='word_1_834' title='bbox 582 5017 603 5051; x_wconf 72' lang='grc' dir='ltr'><strong>ι</strong></span> 
     </span>
    </p>
   </div>
   <div class='ocr_carea' id='block_1_105' title="bbox 380 5058 1879 5138">
    <p class='ocr_par' dir='ltr' id='par_1_105' title="bbox 380 5058 1879 5138">
     <span class='ocr_line' id='line_1_106' title="bbox 380 5058 1879 5138; baseline -0.006 -15"><span class='ocrx_word' id='word_1_835' title='bbox 380 5069 493 5138; x_wconf 75' lang='grc'>(82)</span> <span class='ocrx_word' id='word_1_836' title='bbox 513 5067 706 5122; x_wconf 76' lang='grc' dir='ltr'>Εικὼν</span> <span class='ocrx_word' id='word_1_837' title='bbox 729 5066 817 5121; x_wconf 77' lang='grc' dir='ltr'><strong>δέ.</strong></span> <span class='ocrx_word' id='word_1_838' title='bbox 847 5083 867 5118; x_wconf 80' lang='lat' dir='ltr'><strong>t</strong></span> <span class='ocrx_word' id='word_1_839' title='bbox 901 5062 1118 5138; x_wconf 71' lang='lat' dir='ltr'><strong>imago._</strong></span> <span class='ocrx_word' id='word_1_840' title='bbox 1146 5079 1167 5114; x_wconf 75' lang='grc' dir='ltr'><strong>ι</strong></span> <span class='ocrx_word' id='word_1_841' title='bbox 1206 5058 1346 5138; x_wconf 74' lang='lat' dir='ltr'><strong>Vere</strong></span> <span class='ocrx_word' id='word_1_842' title='bbox 1387 5059 1634 5138; x_wconf 71' lang='lat' dir='ltr'><strong>Christus</strong></span> <span class='ocrx_word' id='word_1_843' title='bbox 1666 5068 1748 5116; x_wconf 92' lang='lat' dir='ltr'><strong>est</strong></span> <span class='ocrx_word' id='word_1_844' title='bbox 1779 5060 1879 5115; x_wconf 84' lang='lat' dir='ltr'><strong>Pa-</strong></span> 
     </span>
    </p>
   </div>
   <div class='ocr_carea' id='block_1_106' title="bbox 304 5131 1606 5208">
    <p class='ocr_par' dir='ltr' id='par_1_106' title="bbox 304 5131 1606 5208">
     <span class='ocr_line' id='line_1_107' title="bbox 304 5131 1606 5208; baseline -0.011 -12"><span class='ocrx_word' id='word_1_845' title='bbox 304 5131 408 5196; x_wconf 78' lang='lat' dir='ltr'><strong>tris</strong></span> <span class='ocrx_word' id='word_1_846' title='bbox 439 5131 690 5208; x_wconf 58' lang='lat' dir='ltr'><strong>(imago,</strong></span> <span class='ocrx_word' id='word_1_847' title='bbox 711 5155 731 5189; x_wconf 73' lang='grc' dir='ltr'><strong>ι</strong></span> <span class='ocrx_word' id='word_1_848' title='bbox 769 5150 874 5192; x_wconf 92' lang='lat' dir='ltr'><strong>non</strong></span> <span class='ocrx_word' id='word_1_849' title='bbox 899 5131 1179 5208; x_wconf 64' lang='lat' dir='ltr'><strong>imitatrix,</strong></span> <span class='ocrx_word' id='word_1_850' title='bbox 1210 5131 1606 5208; x_wconf 46' lang='lat' dir='ltr'><strong>sedhnaturalis.</strong></span> 
     </span>
    </p>
   </div>
   <div class='ocr_carea' id='block_1_107' title="bbox 379 5199 1878 5291">
    <p class='ocr_par' dir='ltr' id='par_1_107' title="bbox 379 5199 1878 5291">
     <span class='ocr_line' id='line_1_108' title="bbox 379 5199 1878 5291; baseline -0.009 -25"><span class='ocrx_word' id='word_1_851' title='bbox 379 5208 491 5291; x_wconf 77' lang='lat'><strong>(83)</strong></span> <span class='ocrx_word' id='word_1_852' title='bbox 510 5199 791 5291; x_wconf 59' lang='grc' dir='ltr'>ῌίῇημα,</span> <span class='ocrx_word' id='word_1_853' title='bbox 826 5215 935 5261; x_wconf 89' lang='lat' dir='ltr'><strong>etc.</strong></span> <span class='ocrx_word' id='word_1_854' title='bbox 976 5202 1201 5257; x_wconf 80' lang='lat' dir='ltr'><strong>Bittius:</strong></span> <span class='ocrx_word' id='word_1_855' title='bbox 1238 5219 1257 5252; x_wconf 83' lang='lat' dir='ltr'><strong>t</strong></span> <span class='ocrx_word' id='word_1_856' title='bbox 1295 5199 1364 5256; x_wconf 87' lang='lat' dir='ltr'><strong>Ut</strong></span> <span class='ocrx_word' id='word_1_857' title='bbox 1400 5199 1677 5268; x_wconf 82' lang='lat' dir='ltr'><strong>exemplar</strong></span> <span class='ocrx_word' id='word_1_858' title='bbox 1723 5212 1878 5256; x_wconf 89' lang='lat' dir='ltr'><strong>suum</strong></span> 
     </span>
    </p>
   </div>
   <div class='ocr_carea' id='block_1_108' title="bbox 304 5278 851 5338">
    <p class='ocr_par' dir='ltr' id='par_1_108' title="bbox 304 5278 851 5338">
     <span class='ocr_line' id='line_1_109' title="bbox 304 5278 851 5338; baseline -0.018 0"><span class='ocrx_word' id='word_1_859' title='bbox 304 5278 572 5338; x_wconf 70' lang='lat' dir='ltr'><strong>Imitando</strong></span> <span class='ocrx_word' id='word_1_860' title='bbox 588 5278 806 5332; x_wconf 86' lang='lat' dir='ltr'><strong>referat.</strong></span> <span class='ocrx_word' id='word_1_861' title='bbox 830 5293 851 5327; x_wconf 71' lang='grc' dir='ltr'><strong>ι</strong></span> 
     </span>
    </p>
   </div>
   <div class='ocr_carea' id='block_1_109' title="bbox 403 5338 1630 5412">
    <p class='ocr_par' dir='ltr' id='par_1_109' title="bbox 403 5338 1630 5412">
     <span class='ocr_line' id='line_1_110' title="bbox 403 5338 1630 5412; baseline -0.009 -7"><span class='ocrx_word' id='word_1_862' title='bbox 403 5350 494 5406; x_wconf 73' lang='grc'>84)</span> <span class='ocrx_word' id='word_1_863' title='bbox 517 5346 735 5402; x_wconf 74' lang='grc' dir='ltr'>Πλέον.</span> <span class='ocrx_word' id='word_1_864' title='bbox 767 5346 883 5400; x_wconf 81' lang='lat' dir='ltr'><strong>Duo</strong></span> <span class='ocrx_word' id='word_1_865' title='bbox 915 5344 1086 5412; x_wconf 80' lang='lat' dir='ltr'><strong>Regg.</strong></span> <span class='ocrx_word' id='word_1_866' title='bbox 1124 5352 1179 5398; x_wconf 89' lang='lat' dir='ltr'><strong>et</strong></span> <span class='ocrx_word' id='word_1_867' title='bbox 1199 5340 1295 5398; x_wconf 89' lang='lat' dir='ltr'><strong>0r.</strong></span> <span class='ocrx_word' id='word_1_868' title='bbox 1336 5341 1392 5406; x_wconf 94' lang='grc'><strong>1,</strong></span> <span class='ocrx_word' id='word_1_869' title='bbox 1426 5338 1630 5412; x_wconf 57' lang='grc' dir='ltr'>πλεῖον.</span> 
     </span>
    </p>
   </div>
   <div class='ocr_carea' id='block_1_110' title="bbox 378 5353 1882 5490">
    <p class='ocr_par' dir='ltr' id='par_1_110' title="bbox 378 5353 1882 5490">
     <span class='ocr_line' id='line_1_111' title="bbox 403 5353 1630 5412; baseline -0.009 -7"><span class='ocrx_word' id='word_1_870' title='bbox 403 5353 494 5406; x_wconf 75' lang='grc'>84)</span> <span class='ocrx_word' id='word_1_871' title='bbox 517 5353 735 5402; x_wconf 59' lang='lat' dir='ltr'><strong>lusor.</strong></span> <span class='ocrx_word' id='word_1_872' title='bbox 767 5353 883 5400; x_wconf 81' lang='lat' dir='ltr'><strong>Duo</strong></span> <span class='ocrx_word' id='word_1_873' title='bbox 918 5353 1086 5412; x_wconf 73' lang='lat' dir='ltr'><strong>uegg.</strong></span> <span class='ocrx_word' id='word_1_874' title='bbox 1124 5353 1179 5398; x_wconf 89' lang='lat' dir='ltr'><strong>et</strong></span> <span class='ocrx_word' id='word_1_875' title='bbox 1199 5353 1295 5398; x_wconf 71' lang='grc' dir='ltr'><strong>υτ.</strong></span> <span class='ocrx_word' id='word_1_876' title='bbox 1336 5353 1392 5406; x_wconf 77' lang='grc'><strong>1,</strong></span> <span class='ocrx_word' id='word_1_877' title='bbox 1426 5353 1630 5394; x_wconf 71' lang='grc' dir='ltr'>πλεῖον.</span> 
     </span>
     <span class='ocr_line' id='line_1_112' title="bbox 378 5353 1882 5490; baseline -0.007 -15"><span class='ocrx_word' id='word_1_878' title='bbox 378 5353 495 5490; x_wconf 67' lang='grc'>(85)</span> <span class='ocrx_word' id='word_1_879' title='bbox 518 5416 810 5490; x_wconf 58' lang='grc' dir='ltr'><strong>Ἔφιεῖμὲν</strong></span> <span class='ocrx_word' id='word_1_880' title='bbox 832 5415 967 5490; x_wconf 60' lang='grc' dir='ltr'>γάρ,</span> <span class='ocrx_word' id='word_1_881' title='bbox 990 5423 1094 5490; x_wconf 78' lang='lat' dir='ltr'><strong>etc.</strong></span> <span class='ocrx_word' id='word_1_882' title='bbox 1122 5412 1229 5490; x_wconf 75' lang='lat' dir='ltr'><strong>iste</strong></span> <span class='ocrx_word' id='word_1_883' title='bbox 1255 5412 1402 5467; x_wconf 88' lang='lat' dir='ltr'><strong>locus</strong></span> <span class='ocrx_word' id='word_1_884' title='bbox 1426 5409 1669 5490; x_wconf 59' lang='grc' dir='ltr'><strong>ἱιιβυίειΣ</strong></span> <span class='ocrx_word' id='word_1_885' title='bbox 1695 5409 1722 5464; x_wconf 81' lang='grc'><strong>1</strong></span> <span class='ocrx_word' id='word_1_886' title='bbox 1746 5448 1762 5475; x_wconf 92' lang='grc'><strong>,</strong></span> <span class='ocrx_word' id='word_1_887' title='bbox 1783 5408 1882 5490; x_wconf 71' lang='lat' dir='ltr'><strong>_sjc</strong></span> 
     </span>
    </p>
   </div>
   <div class='ocr_carea' id='block_1_111' title="bbox 307 5477 1886 5559">
    <p class='ocr_par' dir='ltr' id='par_1_111' title="bbox 307 5477 1886 5559">
     <span class='ocr_line' id='line_1_113' title="bbox 307 5477 1886 5559; baseline -0.007 -16"><span class='ocrx_word' id='word_1_888' title='bbox 307 5477 540 5559; x_wconf 67' lang='lat' dir='ltr'><strong>legitur:</strong></span> <span class='ocrx_word' id='word_1_889' title='bbox 562 5477 713 5541; x_wconf 80' lang='grc' dir='ltr'>Ἐκεῗ</span> <span class='ocrx_word' id='word_1_890' title='bbox 743 5477 978 5559; x_wconf 50' lang='lat' dir='ltr'><strong>ptui-{dp</strong></span> <span class='ocrx_word' id='word_1_891' title='bbox 1008 5484 1277 5557; x_wconf 79' lang='grc' dir='ltr'>ἀκινήτως</span> <span class='ocrx_word' id='word_1_892' title='bbox 1309 5479 1621 5551; x_wconf 87' lang='grc' dir='ltr'>νοουμένου,</span> <span class='ocrx_word' id='word_1_893' title='bbox 1652 5477 1886 5534; x_wconf 73' lang='grc' dir='ltr'>ἐνταῦθα</span> 
     </span>
    </p>
   </div>
   <div class='ocr_carea' id='block_1_112' title="bbox 304 5559 1639 5697">
    <p class='ocr_par' dir='ltr' id='par_1_112' title="bbox 304 5559 1639 5697">
     <span class='ocr_line' id='line_1_114' title="bbox 304 5559 1639 5697; baseline -0.007 -13"><span class='ocrx_word' id='word_1_894' title='bbox 304 5559 740 5697; x_wconf 38' lang='grc' dir='ltr'><strong>ωἶὲἑῗιῖλέωα</strong></span> <span class='ocrx_word' id='word_1_895' title='bbox 773 5625 907 5697; x_wconf 82' lang='lat' dir='ltr'><strong>Tres</strong></span> <span class='ocrx_word' id='word_1_896' title='bbox 942 5624 1110 5697; x_wconf 82' lang='lat' dir='ltr'><strong>Regg.</strong></span> <span class='ocrx_word' id='word_1_897' title='bbox 1132 5587 1308 5697; x_wconf 18' lang='lat' dir='ltr'><strong>_et&gt;Qr.</strong></span> <span class='ocrx_word' id='word_1_898' title='bbox 1341 5623 1395 5690; x_wconf 91' lang='grc'><strong>1,</strong></span> <span class='ocrx_word' id='word_1_899' title='bbox 1438 5621 1639 5697; x_wconf 78' lang='grc' dir='ltr'>πλεῖον.</span> 
     </span>
    </p>
   </div>
   <div class='ocr_carea' id='block_1_113' title="bbox 386 5691 1882 5771">
    <p class='ocr_par' dir='ltr' id='par_1_113' title="bbox 386 5691 1882 5771">
     <span class='ocr_line' id='line_1_115' title="bbox 386 5691 1882 5771; baseline -0.003 -19"><span class='ocrx_word' id='word_1_900' title='bbox 386 5691 499 5771; x_wconf 75' lang='grc'>(87)</span> <span class='ocrx_word' id='word_1_901' title='bbox 528 5700 597 5755; x_wconf 84' lang='grc' dir='ltr'><strong><em>Ἠ</em></strong></span> <span class='ocrx_word' id='word_1_902' title='bbox 630 5698 740 5753; x_wconf 86' lang='grc' dir='ltr'>τοῦ</span> <span class='ocrx_word' id='word_1_903' title='bbox 777 5696 962 5767; x_wconf 82' lang='grc' dir='ltr'>Ἀδὰμ</span> <span class='ocrx_word' id='word_1_904' title='bbox 992 5691 1202 5765; x_wconf 64' lang='grc' dir='ltr'><strong>(ΓΣήθ.</strong></span> <span class='ocrx_word' id='word_1_905' title='bbox 1231 5693 1486 5761; x_wconf 85' lang='lat' dir='ltr'><strong>Quamvis</strong></span> <span class='ocrx_word' id='word_1_906' title='bbox 1522 5694 1669 5748; x_wconf 88' lang='lat' dir='ltr'><strong>enim</strong></span> <span class='ocrx_word' id='word_1_907' title='bbox 1713 5691 1882 5749; x_wconf 82' lang='lat' dir='ltr'><strong>Adam</strong></span> 
     </span>
    </p>
   </div>
   <div class='ocr_carea' id='block_1_114' title="bbox 1987 4641 3552 4712">
    <p class='ocr_par' dir='ltr' id='par_1_114' title="bbox 1987 4641 3552 4712">
     <span class='ocr_line' id='line_1_116' title="bbox 1987 4641 3552 4712; baseline 0.003 -18"><span class='ocrx_word' id='word_1_908' title='bbox 1987 4651 2164 4696; x_wconf 91' lang='lat' dir='ltr'><strong>tamen</strong></span> <span class='ocrx_word' id='word_1_909' title='bbox 2199 4641 2316 4712; x_wconf 87' lang='lat' dir='ltr'><strong>sibi</strong></span> <span class='ocrx_word' id='word_1_910' title='bbox 2345 4644 2613 4712; x_wconf 90' lang='lat' dir='ltr'><strong>propriam</strong></span> <span class='ocrx_word' id='word_1_911' title='bbox 2634 4684 2650 4708; x_wconf 99' lang='lat'><strong>,</strong></span> <span class='ocrx_word' id='word_1_912' title='bbox 2689 4641 2760 4700; x_wconf 57' lang='lat' dir='ltr'><strong>et&#39;</strong></span> <span class='ocrx_word' id='word_1_913' title='bbox 2787 4645 2853 4699; x_wconf 85' lang='lat' dir='ltr'><strong>ab</strong></span> <span class='ocrx_word' id='word_1_914' title='bbox 2884 4641 2989 4699; x_wconf 87' lang='lat' dir='ltr'><strong>alio</strong></span> <span class='ocrx_word' id='word_1_915' title='bbox 3007 4644 3314 4700; x_wconf 85' lang='lat' dir='ltr'><strong>distinctam</strong></span> <span class='ocrx_word' id='word_1_916' title='bbox 3362 4641 3552 4700; x_wconf 80' lang='lat' dir='ltr'><strong>essen-</strong></span> 
     </span>
    </p>
   </div>
   <div class='ocr_carea' id='block_1_115' title="bbox 1987 4711 3549 4779">
    <p class='ocr_par' dir='ltr' id='par_1_115' title="bbox 1987 4711 3549 4779">
     <span class='ocr_line' id='line_1_117' title="bbox 1987 4711 3549 4779; baseline 0.003 -14"><span class='ocrx_word' id='word_1_917' title='bbox 1987 4712 2115 4765; x_wconf 90' lang='lat' dir='ltr'><strong>tiam</strong></span> <span class='ocrx_word' id='word_1_918' title='bbox 2147 4720 2203 4766; x_wconf 88' lang='lat' dir='ltr'><strong>et</strong></span> <span class='ocrx_word' id='word_1_919' title='bbox 2240 4711 2598 4767; x_wconf 84' lang='lat' dir='ltr'><strong>substantiam</strong></span> <span class='ocrx_word' id='word_1_920' title='bbox 2614 4713 2920 4779; x_wconf 87' lang='lat' dir='ltr'><strong>habebant;</strong></span> <span class='ocrx_word' id='word_1_921' title='bbox 2955 4714 3026 4767; x_wconf 91' lang='lat' dir='ltr'><strong>ita</strong></span> <span class='ocrx_word' id='word_1_922' title='bbox 3061 4723 3246 4769; x_wconf 90' lang='lat' dir='ltr'><strong>utnon</strong></span> <span class='ocrx_word' id='word_1_923' title='bbox 3277 4729 3413 4770; x_wconf 85' lang='lat' dir='ltr'><strong>unus</strong></span> <span class='ocrx_word' id='word_1_924' title='bbox 3447 4716 3549 4769; x_wconf 91' lang='lat' dir='ltr'><strong>ho-</strong></span> 
     </span>
    </p>
   </div>
   <div class='ocr_carea' id='block_1_116' title="bbox 1985 4781 3548 4848">
    <p class='ocr_par' dir='ltr' id='par_1_116' title="bbox 1985 4781 3548 4848">
     <span class='ocr_line' id='line_1_118' title="bbox 1985 4781 3548 4848; baseline 0.004 -15"><span class='ocrx_word' id='word_1_925' title='bbox 1985 4795 2095 4846; x_wconf 90' lang='lat' dir='ltr'><strong>mo,</strong></span> <span class='ocrx_word' id='word_1_926' title='bbox 2125 4781 2219 4836; x_wconf 88' lang='lat' dir='ltr'><strong>sed</strong></span> <span class='ocrx_word' id='word_1_927' title='bbox 2243 4782 2347 4836; x_wconf 91' lang='lat' dir='ltr'><strong>duo</strong></span> <span class='ocrx_word' id='word_1_928' title='bbox 2377 4781 2620 4839; x_wconf 89' lang='lat' dir='ltr'><strong>homines</strong></span> <span class='ocrx_word' id='word_1_929' title='bbox 2650 4795 2833 4840; x_wconf 86' lang='lat' dir='ltr'><strong>essent</strong></span> <span class='ocrx_word' id='word_1_930' title='bbox 2862 4803 2875 4838; x_wconf 89' lang='lat'><strong>:</strong></span> <span class='ocrx_word' id='word_1_931' title='bbox 2907 4793 3093 4837; x_wconf 88' lang='lat' dir='ltr'><strong>contra</strong></span> <span class='ocrx_word' id='word_1_932' title='bbox 3122 4783 3177 4838; x_wconf 91' lang='lat' dir='ltr'><strong>in</strong></span> <span class='ocrx_word' id='word_1_933' title='bbox 3205 4783 3548 4848; x_wconf 84' lang='lat' dir='ltr'><strong>divinis,Pa-</strong></span> 
     </span>
    </p>
   </div>
   <div class='ocr_carea' id='block_1_117' title="bbox 1987 4850 3549 4924">
    <p class='ocr_par' dir='ltr' id='par_1_117' title="bbox 1987 4850 3549 4924">
     <span class='ocr_line' id='line_1_119' title="bbox 1987 4850 3549 4924; baseline 0.002 -20"><span class='ocrx_word' id='word_1_934' title='bbox 1987 4860 2069 4904; x_wconf 92' lang='lat' dir='ltr'><strong>ter</strong></span> <span class='ocrx_word' id='word_1_935' title='bbox 2094 4850 2351 4924; x_wconf 27' lang='lat' dir='ltr'><strong>et‘Filius</strong></span> <span class='ocrx_word' id='word_1_936' title='bbox 2388 4854 2548 4924; x_wconf 86' lang='lat' dir='ltr'><strong>unius</strong></span> <span class='ocrx_word' id='word_1_937' title='bbox 2590 4854 2935 4924; x_wconf 84' lang='lat' dir='ltr'><strong>ejusdemque</strong></span> <span class='ocrx_word' id='word_1_938' title='bbox 2976 4867 3201 4908; x_wconf 90' lang='lat' dir='ltr'><strong>numero</strong></span> <span class='ocrx_word' id='word_1_939' title='bbox 3231 4855 3549 4908; x_wconf 71' lang='lat' dir='ltr'><strong>substantia:</strong></span> 
     </span>
    </p>
   </div>
   <div class='ocr_carea' id='block_1_118' title="bbox 1986 4920 3553 5045">
    <p class='ocr_par' dir='ltr' id='par_1_118' title="bbox 1986 4920 3553 5045">
     <span class='ocr_line' id='line_1_120' title="bbox 1986 4920 3553 5044; baseline 0.003 -70"><span class='ocrx_word' id='word_1_940' title='bbox 1986 4930 2132 5044; x_wconf 52' lang='grc' dir='ltr'>ἰυηι,</span> <span class='ocrx_word' id='word_1_941' title='bbox 2158 4920 2230 5002; x_wconf 73' lang='lat' dir='ltr'><strong>ita</strong></span> <span class='ocrx_word' id='word_1_942' title='bbox 2256 4930 2314 4974; x_wconf 87' lang='grc' dir='ltr'><strong>ιιι</strong></span> <span class='ocrx_word' id='word_1_943' title='bbox 2345 4936 2451 4976; x_wconf 91' lang='lat' dir='ltr'><strong>non</strong></span> <span class='ocrx_word' id='word_1_944' title='bbox 2497 4920 2748 4988; x_wconf 44' lang='lat' dir='ltr'><strong>duo’Dii,</strong></span> <span class='ocrx_word' id='word_1_945' title='bbox 2782 4920 2877 4979; x_wconf 83' lang='lat' dir='ltr'><strong>sed</strong></span> <span class='ocrx_word' id='word_1_946' title='bbox 2907 4936 3039 4977; x_wconf 86' lang='lat' dir='ltr'><strong>vere</strong></span> <span class='ocrx_word' id='word_1_947' title='bbox 3080 4936 3144 4978; x_wconf 88' lang='lat' dir='ltr'><strong>ac</strong></span> <span class='ocrx_word' id='word_1_948' title='bbox 3171 4924 3389 4992; x_wconf 89' lang='lat' dir='ltr'><strong>proprie</strong></span> <span class='ocrx_word' id='word_1_949' title='bbox 3413 4940 3553 4979; x_wconf 89' lang='lat' dir='ltr'><strong>unus</strong></span> 
     </span>
     <span class='ocr_line' id='line_1_121' title="bbox 2033 5002 3223 5045; baseline 0.003 0"><span class='ocrx_word' id='word_1_950' title='bbox 2033 5005 2127 5045; x_wconf 91' lang='lat' dir='ltr'><strong>eus</strong></span> <span class='ocrx_word' id='word_1_951' title='bbox 2149 5002 2278 5045; x_wconf 82' lang='lat' dir='ltr'><strong>Sim.</strong></span> <span class='ocrx_word' id='word_1_952' title='bbox 3220 5024 3223 5029; x_wconf 95' lang='lat'><strong><em>-</em></strong></span> 
     </span>
    </p>
   </div>
   <div class='ocr_carea' id='block_1_119' title="bbox 2031 5005 3553 5143">
    <p class='ocr_par' dir='ltr' id='par_1_119' title="bbox 2031 5005 3553 5143">
     <span class='ocr_line' id='line_1_122' title="bbox 2031 5005 3553 5143; baseline 0.001 -27"><span class='ocrx_word' id='word_1_953' title='bbox 2031 5005 2313 5143; x_wconf 41' lang='lat' dir='ltr'><strong>i&#39;gsilﬁiu</strong></span> <span class='ocrx_word' id='word_1_954' title='bbox 2337 5062 2543 5128; x_wconf 79' lang='grc' dir='ltr'>όβίος.</span> <span class='ocrx_word' id='word_1_955' title='bbox 2574 5062 2665 5118; x_wconf 91' lang='lat' dir='ltr'><strong>Sic</strong></span> <span class='ocrx_word' id='word_1_956' title='bbox 2685 5061 2865 5132; x_wconf 91' lang='lat' dir='ltr'><strong>plures</strong></span> <span class='ocrx_word' id='word_1_957' title='bbox 2901 5060 3070 5133; x_wconf 77' lang='lat' dir='ltr'><strong>Regg.</strong></span> <span class='ocrx_word' id='word_1_958' title='bbox 3110 5067 3166 5116; x_wconf 85' lang='lat' dir='ltr'><strong>et</strong></span> <span class='ocrx_word' id='word_1_959' title='bbox 3199 5024 3349 5117; x_wconf 78' lang='lat' dir='ltr'><strong>Colb.</strong></span> <span class='ocrx_word' id='word_1_960' title='bbox 3393 5061 3553 5119; x_wconf 83' lang='lat' dir='ltr'><strong>Deest</strong></span> 
     </span>
    </p>
   </div>
   <div class='ocr_carea' id='block_1_120' title="bbox 1981 5132 3551 5282">
    <p class='ocr_par' dir='ltr' id='par_1_120' title="bbox 1981 5132 3551 5282">
     <span class='ocr_line' id='line_1_123' title="bbox 1981 5132 3551 5282; baseline 0 -25"><span class='ocrx_word' id='word_1_961' title='bbox 1981 5132 2525 5282; x_wconf 47' lang='lat' dir='ltr'><strong>6.&quot;(_|8§()L01&#39;)0&#39;lw0t9.</strong></span> <span class='ocrx_word' id='word_1_962' title='bbox 2581 5220 2600 5253; x_wconf 76' lang='grc' dir='ltr'><strong>ι</strong></span> <span class='ocrx_word' id='word_1_963' title='bbox 2652 5201 2998 5269; x_wconf 85' lang='lat' dir='ltr'><strong>Essentiatio,</strong></span> <span class='ocrx_word' id='word_1_964' title='bbox 3045 5217 3065 5251; x_wconf 75' lang='grc' dir='ltr'><strong>ι</strong></span> <span class='ocrx_word' id='word_1_965' title='bbox 3110 5200 3192 5255; x_wconf 86' lang='lat' dir='ltr'><strong>vel</strong></span> <span class='ocrx_word' id='word_1_966' title='bbox 3236 5217 3256 5251; x_wconf 74' lang='grc' dir='ltr'><strong>ι</strong></span> <span class='ocrx_word' id='word_1_967' title='bbox 3296 5201 3551 5257; x_wconf 87' lang='lat' dir='ltr'><strong>substan-</strong></span> 
     </span>
    </p>
   </div>
   <div class='ocr_carea' id='block_1_121' title="bbox 1984 5280 3557 5412">
    <p class='ocr_par' dir='ltr' id='par_1_121' title="bbox 1984 5280 3557 5412">
     <span class='ocr_line' id='line_1_124' title="bbox 1984 5280 3557 5412; baseline -0.001 -15"><span class='ocrx_word' id='word_1_968' title='bbox 1984 5280 2485 5412; x_wconf 34' lang='grc' dir='ltr'>ΗέῶίθῗΔιπλῆνα</span> <span class='ocrx_word' id='word_1_969' title='bbox 2516 5340 2810 5412; x_wconf 87' lang='lat' dir='ltr'><strong>Duplicem,</strong></span> <span class='ocrx_word' id='word_1_970' title='bbox 2851 5363 2871 5397; x_wconf 73' lang='grc' dir='ltr'><strong>ι</strong></span> <span class='ocrx_word' id='word_1_971' title='bbox 2912 5352 3019 5399; x_wconf 90' lang='lat' dir='ltr'><strong>etc.</strong></span> <span class='ocrx_word' id='word_1_972' title='bbox 3071 5343 3214 5398; x_wconf 90' lang='lat' dir='ltr'><strong>Deus</strong></span> <span class='ocrx_word' id='word_1_973' title='bbox 3250 5339 3430 5412; x_wconf 83' lang='lat' dir='ltr'><strong>primo</strong></span> <span class='ocrx_word' id='word_1_974' title='bbox 3456 5340 3557 5395; x_wconf 78' lang='lat' dir='ltr'><strong>ho-</strong></span> 
     </span>
    </p>
   </div>
   <div class='ocr_carea' id='block_1_122' title="bbox 1990 5409 3557 5484">
    <p class='ocr_par' dir='ltr' id='par_1_122' title="bbox 1990 5409 3557 5484">
     <span class='ocr_line' id='line_1_125' title="bbox 1990 5409 3557 5484; baseline -0.001 -17"><span class='ocrx_word' id='word_1_975' title='bbox 1990 5409 2123 5467; x_wconf 81' lang='lat' dir='ltr'><strong>mini</strong></span> <span class='ocrx_word' id='word_1_976' title='bbox 2145 5409 2492 5484; x_wconf 60' lang='lat' dir='ltr'><strong>&#39;spiraculum</strong></span> <span class='ocrx_word' id='word_1_977' title='bbox 2547 5409 2671 5484; x_wconf 66' lang='lat' dir='ltr'><strong>vitae</strong></span> <span class='ocrx_word' id='word_1_978' title='bbox 2700 5409 3015 5484; x_wconf 64' lang='lat' dir='ltr'><strong>inspiravit.</strong></span> <span class='ocrx_word' id='word_1_979' title='bbox 3048 5409 3265 5484; x_wconf 67' lang='lat' dir='ltr'><strong>Deinde</strong></span> <span class='ocrx_word' id='word_1_980' title='bbox 3305 5410 3557 5484; x_wconf 68' lang='lat' dir='ltr'><strong>Christus</strong></span> 
     </span>
    </p>
   </div>
   <div class='ocr_carea' id='block_1_123' title="bbox 1989 5479 3551 5552">
    <p class='ocr_par' dir='ltr' id='par_1_123' title="bbox 1989 5479 3551 5552">
     <span class='ocr_line' id='line_1_126' title="bbox 1989 5479 3551 5552; baseline 0.001 -17"><span class='ocrx_word' id='word_1_981' title='bbox 1989 5490 2113 5552; x_wconf 89' lang='lat' dir='ltr'><strong>post</strong></span> <span class='ocrx_word' id='word_1_982' title='bbox 2148 5479 2596 5538; x_wconf 82' lang='lat' dir='ltr'><strong>resurrectionem</strong></span> <span class='ocrx_word' id='word_1_983' title='bbox 2620 5479 2910 5552; x_wconf 76' lang='lat' dir='ltr'><strong>discipulos</strong></span> <span class='ocrx_word' id='word_1_984' title='bbox 2943 5483 3166 5552; x_wconf 72' lang='lat' dir='ltr'><strong>afﬂavit,</strong></span> <span class='ocrx_word' id='word_1_985' title='bbox 3199 5482 3391 5551; x_wconf 87' lang='lat' dir='ltr'><strong>eisque</strong></span> <span class='ocrx_word' id='word_1_986' title='bbox 3421 5479 3551 5552; x_wconf 71' lang='lat' dir='ltr'><strong>Spi-</strong></span> 
     </span>
    </p>
   </div>
   <div class='ocr_carea' id='block_1_124' title="bbox 1990 5551 2811 5625">
    <p class='ocr_par' dir='ltr' id='par_1_124' title="bbox 1990 5551 2811 5625">
     <span class='ocr_line' id='line_1_127' title="bbox 1990 5551 2811 5625; baseline 0.006 -21"><span class='ocrx_word' id='word_1_987' title='bbox 1990 5551 2161 5625; x_wconf 69' lang='lat' dir='ltr'><strong>ritum</strong></span> <span class='ocrx_word' id='word_1_988' title='bbox 2176 5561 2420 5625; x_wconf 72' lang='lat' dir='ltr'><strong>sanctum</strong></span> <span class='ocrx_word' id='word_1_989' title='bbox 2446 5553 2670 5625; x_wconf 88' lang='lat' dir='ltr'><strong>largitus</strong></span> <span class='ocrx_word' id='word_1_990' title='bbox 2695 5551 2811 5625; x_wconf 75' lang='lat' dir='ltr'><strong>est.</strong></span> 
     </span>
    </p>
   </div>
   <div class='ocr_carea' id='block_1_125' title="bbox 2061 5619 3183 5694">
    <p class='ocr_par' dir='ltr' id='par_1_125' title="bbox 2061 5619 3183 5694">
     <span class='ocr_line' id='line_1_128' title="bbox 2061 5619 3183 5694; baseline 0.004 -17"><span class='ocrx_word' id='word_1_991' title='bbox 2061 5620 2171 5693; x_wconf 82' lang='lat' dir='ltr'><strong>(9t)</strong></span> <span class='ocrx_word' id='word_1_992' title='bbox 2197 5619 2477 5679; x_wconf 82' lang='grc' dir='ltr'>Ἐκεῖθεν.</span> <span class='ocrx_word' id='word_1_993' title='bbox 2507 5619 2671 5681; x_wconf 70' lang='lat' dir='ltr'><strong>Deest</strong></span> <span class='ocrx_word' id='word_1_994' title='bbox 2692 5624 2745 5681; x_wconf 90' lang='lat' dir='ltr'><strong>in</strong></span> <span class='ocrx_word' id='word_1_995' title='bbox 2765 5621 3007 5694; x_wconf 88' lang='lat' dir='ltr'><strong>pluribus</strong></span> <span class='ocrx_word' id='word_1_996' title='bbox 3026 5623 3183 5681; x_wconf 89' lang='lat' dir='ltr'><strong>codd.</strong></span> 
     </span>
    </p>
   </div>
  </div>
