3890 6214
363 310 459 365 ιιι
1557 305 1615 358 S.
1658 301 1988 359 GREGORH
2029 301 2374 358 THEOLOGI
3494 298 3601 352 152

363 433 504 484 mus,
556 429 611 473 et
645 418 901 489 Spiritum
936 428 1214 483 sanctum,
1247 426 1513 488 quotquot
1548 417 1718 488 ipsius
1755 431 1920 486 capa—

2067 415 2355 486 αθαρότης,
2402 415 2490 466 ἵνα
2532 411 2778 482 χωρῆτάι
2824 409 2886 463 rb
2935 410 3174 481 καθαρὸν
3246 408 3600 480 καθαρότητι.

362 525 454 563 ces
507 525 719 576 sumus,
776 521 831 565 et
879 521 1144 580 quatenus
1177 525 1240 565 os
1275 511 1470 565 mentis
1537 509 1929 580 aperuerimus.

2067 503 2444 574 Απολύτρωσις
2497 501 2590 568 δὲ,
2652 502 2728 564 ὡς
2781 499 3080 570 ἐλευθερῶν
3139 501 3305 569 ἡμᾶς,
3345 499 3448 551 ὑπὸ
3507 499 3608 566 τῆς

360 598 661 666 Justitia”,
694 604 820 670 quia
851 617 950 671 pro
975 603 1167 656 merito
1197 603 1413 671 prmmia
1448 611 1500 656 et
1534 615 1724 670 poenas
1745 598 1930 654 distri-

2067 595 2311 665 ιμαρτίάς
2354 593 2771 663 κατεχομένους⁹
2808 591 2901 645 καὶ
2949 590 3144 661 λύτρον
3177 590 3368 644 ἑαυτὸν
3409 589 3608 642 ἀντιδι-

364 691 501 755 buit,
525 705 845 763 aquumqne
866 693 1100 759 judicem
1128 709 1185 747 se
1207 694 1409 762 praebet
1438 693 1540 757 his,
1574 691 1665 760 qui
1691 691 1790 745 sub
1819 689 1934 759 lege

2067 683 2159 746 οὺς
2207 683 2364 753 ἡμῶν
2412 683 2510 754 τῆς
2551 681 2872 752 οἰκουμένης
2909 679 3225 751 καθάρσιον.
3290 681 3609 742 Ἀνάστασις

364 791 510 846 sunt,
543 792 596 838 et
648 783 755 847 his,
794 786 881 851 qui
943 784 1044 838 sub
1088 784 1294 854 gratia;
1329 783 1650 851 corporique
1712 783 1836 836 item
1879 791 1933 834 et

2069 775 2117 836 ἐ,
2160 773 2236 837 ὡς
2288 772 2537 826 ἐντεῦθεν
2586 774 2731 843 ἡμᾶς
2784 771 3091 825 ἀπανιστῶν
3145 771 3278 842 (92),
3329 772 3423 825 καὶ
3473 771 3612 843 πρὸς

367 873 583 938 animas,
611 883 670 948 ut
703 875 830 929 illud
870 884 1078 944 pareat,
1113 875 1230 929 haec
1271 873 1455 942 praesit
1485 883 1648 942 atque
1683 873 1930 941 imperet,

2072 868 2136 938 ὴν
2177 865 2322 938 ζωὴν
2359 864 2648 934 ἐπανάγων
2681 862 3116 936 νενεκρωμένους
3159 863 3266 916 ὑπὸ
3291 865 3390 934 τῆς
3425 864 3610 933 ἀμαρ-

369 966 813 1036 praestantiorque
867 983 989 1035 pars
1034 965 1395 1036 principatum
1421 965 1682 1019 adversus
1711 962 1932 1017 inferio-

2067 961 2159 1024 ’ξας
2196 960 2326 1031 (95).

371 1081 484 1121 rem
513 1077 712 1132 teneat,
748 1082 848 1122 nec
888 1068 940 1121 id
984 1068 1126 1136 quod
1164 1066 1401 1122 deterius
1438 1074 1540 1130 est,
1570 1065 1828 1117 adversus
1857 1062 1928 1127 id,
1969 1061 2110 1128 quod
2142 1059 2334 1114 melius
2366 1067 2473 1124 est,
2507 1057 2776 1128 insurgat,
2821 1054 3192 1112 Sanctiﬁcatio
3225 1054 3265 1117 ¹,
3322 1052 3450 1123 quia
3512 1065 3610 1120 pu-

369 1159 523 1225 ritas,
546 1169 810 1228 utpurum
849 1157 971 1212 illud
999 1173 1196 1214 numen
1223 1173 1318 1227 per
1337 1158 1622 1226 puritatem
1648 1159 1910 1226 capiatur.
1967 1153 2343 1225 Redemptio’,
2371 1153 2495 1222 quia
2519 1168 2619 1206 nos
2662 1167 2690 1206 a
2725 1161 2947 1222 peccato
2979 1151 3223 1204 detentos
3278 1147 3332 1201 in
3393 1147 3610 1201 liberta-

373 1266 477 1310 tem
516 1254 730 1317 asserit,
760 1268 984 1322 seseque
1013 1268 1110 1322 pro
1153 1253 1327 1316 nobis,
1361 1262 1418 1306 ut
1462 1250 1608 1306 orbis
1655 1261 1918 1306 terrarum
1959 1251 2226 1320 expietur,
2271 1247 2604 1303 liberationis
2669 1245 2899 1315 pretium
2945 1245 3058 1299 dat.
3109 1239 3456 1298 Resurrectio
3474 1239 3515 1305 ³,
3554 1247 3616 1292 ut

371 1365 470 1404 nos
515 1349 640 1404 hinc
698 1349 958 1402 abductos
1013 1347 1306 1412 suscitans,
1337 1358 1443 1400 eta
1480 1356 1703 1414 peccato
1757 1353 1932 1399 morte
1973 1343 2194 1398 aﬂectos
2223 1343 2288 1395 ad
2328 1341 2491 1395 vitam
2522 1340 2802 1394 reducens.

441 1441 582 1496 XXI.
625 1442 800 1510 Atque
845 1442 957 1494 huic
1015 1440 1190 1494 adhuc
1219 1440 1527 1494 communia
1564 1447 1710 1500 sunt,
1742 1448 1850 1492 tam
1887 1439 1934 1491 ei

2113 1435 2238 1490 KA'.
2269 1434 2450 1488 Ταῦτα
2494 1434 2592 1504 μὲν
2617 1428 2710 1486 οὖν
2741 1432 2822 1484 ἔτι
2863 1430 3015 1484 κοινὰ
3051 1429 3146 1483 τοῦ
3174 1420 3248 1481 ’τε
3278 1426 3418 1498 ὑπὲρ
3442 1425 3613 1495 ἡμᾶς,

371 1534 460 1603 qui
497 1547 657 1602 supra
706 1545 803 1585 nos
826 1538 931 1596 est,
965 1546 1126 1599 quam
1157 1532 1248 1600 qui
1281 1540 1495 1598 propter
1527 1544 1642 1583 nos.
1681 1526 1836 1582 Nunc
1871 1529 1936 1582 ad

2067 1529 2136 1582 ια).
2161 1527 2256 1580 τοῦ
2291 1527 2357 1580 δι’
2397 1527 2543 1596 ἡμᾶς
2576 1524 2687 1595 (94)
2711 1539 2728 1557 ·
2755 1523 2790 1576 ἃ
2818 1523 2872 1576 δὲ
2907 1523 3050 1586 ἰδίως
3080 1521 3322 1592 ἡμέτερα
3342 1561 3356 1585 ,
3393 1517 3487 1570 καὶ
3512 1516 3615 1585 τῆς

372 1640 432 1678 ea
481 1622 776 1684 veniamus,
808 1635 928 1690 qua:
974 1619 1194 1688 proprie
1238 1628 1422 1672 nostra
1455 1629 1602 1682 sunt,
1633 1615 1940 1671 humanita-

2067 1617 2291 1670 ,ντεῦθεν
2323 1615 2676 1688 προσλήψεως
2709 1613 2835 1684 (95),
2879 1612 3198 1684 Ἀνθρωπος
3238 1611 3368 1681 μὲν,
3400 1607 3497 1677 οὐχ
3524 1607 3617 1660 ἵνα

374 1716 549 1784 tisque
575 1719 880 1782 assumpta.
909 1710 1118 1765 Homo“
1160 1711 1340 1779 itaque
1367 1709 1587 1773 dicitur,
1630 1723 1736 1762 non
1764 1707 1936 1762 solum

2067 1710 2263 1783 [ωρηθῇ
2298 1709 2457 1780 μόνον
2495 1708 2582 1761 διὰ
2627 1707 2872 1777 σώματος
2923 1705 3191 1776 σώμασιν,
3227 1703 3401 1765 ἄλλως
3425 1702 3524 1754 οὐκ
3547 1698 3616 1752 ἂν

375 1815 433 1860 ιιι
487 1821 582 1875 per
632 1819 833 1874 corpus
872 1819 899 1856 a
939 1802 1259 1872 corporibus
1301 1801 1567 1870 capiatur,
1599 1800 1688 1869 qui
1744 1799 1942 1869 alioqui

2067 1802 2311 1874 [ωρηθεὶς
2339 1801 2426 1854 διὰ
2453 1800 2514 1852 τὸ
2545 1800 2642 1870 τῆς
2675 1799 2888 1868 φύσεως
2935 1798 3171 1868 ἄληπτον
3201 1794 3345 1865 (96)·
3379 1792 3494 1846 ἀλλ’
3526 1792 3616 1844 ἵνα.

373 1897 443 1950 ob
485 1894 1084 1964 incomprehensibilem
1156 1901 1406 1947 naturam
1457 1906 1608 1946 suam
1661 1892 1778 1958 capi
1837 1905 1942 1944 non

2067 1897 2138 1950 ιαὶ
2161 1893 2360 1964 ἁγιάσῃ
2383 1894 2450 1947 δι’
2469 1890 2659 1945 ἑαυτοῦ
2680 1891 2768 1944 τὸν
2790 1889 3092 1961 ἄνθρωπον,
3113 1888 3302 1958 ῶσπερ
3331 1885 3477 1955 ζύμη
3503 1883 3614 1952 (97)

375 1995 615 2055 poterat;
670 1985 764 2040 sed
816 1986 978 2040 etiam
1031 1993 1091 2038 ut
1138 1998 1236 2054 per
1262 1999 1320 2038 se
1354 1983 1624 2038 hominem
1659 1981 1945 2036 sanctitate

2067 1989 2332 2058 Γενόμενος
2361 1985 2438 2056 τῷ
2465 1986 2626 2038 παντὶ
2653 1983 2953 2055 φυράματι,
2988 1982 3082 2034 καὶ
3111 1980 3243 2050 πρὸς
3272 1977 3462 2031 ἐαυτὸν
3484 1974 3618 2028 ἐνώ-

377 2077 594 2142 atIiciat,
645 2077 1002 2145 fermentique
1063 2076 1235 2130 instar
1284 2073 1549 2128 universa:
1615 2085 1808 2126 massae
1852 2071 1942 2134 sit,

2067 2098 2145 2143 ra;
2183 2080 2243 2132 rb
2298 2075 2661 2148 κατακριθὲν,
2714 2076 2833 2128 ὅλον
2875 2073 3013 2146 λύσῃ
3045 2071 3140 2124 τοῦ
3183 2070 3614 2140 κατακρίματος,

377 2169 591 2238 sibique
610 2168 812 2234 _uniens
858 2167 1002 2237 quod
1052 2165 1469 2221 condemnatum
1533 2163 1728 2226 fuerat,
1778 2170 1944 2216 totum

379 2261 509 2316 illud
551 2276 581 2314 a
614 2260 1062 2315 condemnatione
1109 2258 1324 2321 liberet,
1383 2255 1569 2310 omnia
1616 2268 1716 2325 pro
1770 2252 1942 2317 nobis,

378 2368 499 2422 qua:
565 2368 662 2407 nos
719 2367 925 2416 sumus,
953 2359 1180 2417 excepto
1232 2357 1476 2416 peccato,
1508 2347 1706 2412 factus,
1730 2359 1945 2415 corpus,

379 2445 584 2507 anirua,
643 2459 796 2498 mens
830 2443 948 2511 (per
973 2457 1092 2511 quae
1117 2439 1365 2494 videlicet
1395 2453 1538 2492 mors
1573 2437 1902 2504 pervaserat)
1929 2453 1944 2500 ;

378 2542 456 2595 et,
484 2533 628 2602 quod
655 2547 720 2586 ex
742 2533 828 2586 his
854 2545 1141 2586 commune
1163 2539 1268 2592 est,
1303 2529 1487 2592 homo,
1523 2527 1754 2582 visibilis
1785 2526 1946 2590 Deus,

379 2633 599 2693 propter
627 2623 678 2676 id
704 2623 848 2692 quod
877 2622 1060 2676 animo
1087 2629 1250 2688 atque
1279 2619 1558 2674 intellectu
1588 2619 1948 2688 comprehen-

380 2717 627 2769 debatnr.
690 2715 860 2769 Filius
927 2713 1163 2767 hominis
1184 2713 1227 2777 ',
1285 2723 1504 2782 propter
1553 2712 1838 2776 Adamum,
1889 2725 1952 2764 ac

385 2807 680 2877 Virginem,
706 2821 773 2861 ex
825 2805 1026 2875 quibus
1079 2805 1310 2869 exstitit,
1339 2803 1432 2857 illo
1464 2803 1718 2857 nimirum
1767 2811 1824 2855 ut
1863 2816 1953 2871 ge-

381 2898 529 2952 neris
579 2906 824 2960 auctore,
861 2897 964 2951 hac
996 2907 1178 2951 autem
1229 2906 1290 2950 ut
1340 2905 1535 2958 matre,
1561 2895 1712 2963 juxta
1762 2895 1952 2948 matris

383 2989 580 3057 legem,
610 2997 665 3043 et
704 3002 808 3042 non
834 2988 986 3056 juxta
1012 2986 1179 3056 legem
1211 2987 1593 3056 generationis.
1643 2985 1946 3048 Christus“,

2048 2173 2224 2226 πάντα
2257 2172 2396 2242 ὑπὲρ
2426 2169 2641 2222 πάντων
2673 2167 2979 2238 γενόμενος,
3007 2167 3107 2218 ὅσα
3137 2167 3316 2234 ἡμεῖς.
3350 2163 3488 2229 πλὴν
3514 2162 3620 2232 τῆς

2047 2261 2344 2332 ἁμαρτίας,
2371 2260 2548 2330 σῶμα,
2572 2259 2737 2329 ψυχὴ,
2763 2257 2906 2320 νοῦς,
2937 2257 3002 2310 δι’
3027 2258 3149 2310 ὅσον
3173 2255 3281 2325 (98)
3305 2256 3333 2306 ό
3365 2254 3614 2316 θάνατος·

2048 2353 2109 2406 rb
2138 2352 2312 2405 κοινὸν
2341 2353 2405 2404 ἐκ
2440 2349 2665 2414 τούτων,
2700 2350 3002 2421 ἄνθρωπος,
3041 2347 3172 2410 Θεὸς
3203 2345 3501 2417 ὁρώμενος,
3529 2343 3620 2397 διὰ

2049 2446 2110 2499 rb
2137 2445 2424 2515 νοούμενον
2449 2444 2578 2512 (99).
2644 2443 2770 2504 Υἱὸς
2818 2442 2872 2494 δὲ
2922 2440 3231 2512 ἀνθρώπου,
3274 2441 3366 2493 καὶ
3410 2439 3496 2492 διὰ
3529 2439 3624 2490 τὸν

2063 2537 2254 2607 Ἀδὰμ,
2305 2535 2397 2588 καὶ
2447 2533 2535 2587 διὰ
2567 2534 2663 2604 τὴν
2693 2533 2988 2604 Παρθένον.
3021 2531 3081 2596 ἐξ
3122 2525 3196 2585 ὧν
3242 2531 3488 2598 ἐγένετο·
3525 2528 3622 2581 τοῦ

2056 2629 2173 2700 μὲν,
2219 2627 2293 2690 ὡς
2333 2625 2698 2696 προπάτορος,
2731 2625 2831 2694 τῆς
2875 2625 2952 2690 δέ,
2992 2623 3067 2686 ὡς
3102 2622 3304 2693 μητρὸς
3333 2621 3480 2690 νόμῳ
3518 2619 3624 2690 (1),

2053 2720 2145 2772 καὶ
2177 2719 2237 2770 ού
2280 2718 2426 2788 νόμῳ
2478 2717 2810 2786 γεννήσεωςο
2853 2713 3087 2785 Χριστὸς
3126 2712 3205 2775 δὲ,
3251 2710 3336 2764 διὰ
3367 2711 3467 2782 τὴν
3501 2710 3626 2764 Θεό-

2052 2829 2228 2883 τητα·
2289 2809 2466 2881 χρίσις
2517 2807 2626 2878 γὰρ
2685 2807 2822 2878 αὕτη
2872 2808 2969 2876 τῆς
3012 2804 3470 2875 ἀνθρωπότητος,
3523 2804 3628 2857 οὐκ

2055 2903 2303 2973 ἐνεργείᾳ
2337 2901 2477 2954 κατὰ
2516 2902 2640 2962 τοὺς
2677 2899 2868 2962 ἄλλους
2907 2898 3160 2968 χριστοὺς
3191 2896 3266 2965 (2)
3300 2895 3626 2964 άγιάζουσα,

2057 2994 2328 3065 παρουσίᾳ
2356 2992 2412 3044 δὲ
2442 2993 2562 3044 ὅλου
2587 2990 2681 3044 τοῦ
2713 2989 2953 3060 χρίοντος
2972 3004 2986 3016 ’
3026 2979 3095 3059 ἦς
3127 2987 3306 3057 ἔργον,
3337 2986 3628 3058 ἄνθρωπον

383 3086 602 3147 propter
645 3077 1102 3130 divinitatem:ea
1150 3075 1294 3130 enim
1352 3075 1708 3129 humanitatis
1765 3073 1951 3127 unctio

2067 3063 2283 3140 ἑκοῦσαι
2309 3063 2395 3154 (5)
2422 3083 2482 3134 rb
2509 3082 2680 3152 χρίον,
2706 3081 2800 3134 καὶ
2830 3080 3052 3148 ποιῆσαι
3077 3078 3208 3132 Θεὸν
3232 3078 3293 3130 τὸ
3315 3078 3624 3150 χριόμενον

384 3181 486 3233 cst,
524 3184 628 3223 non
657 3167 992 3238 operatione,
1026 3176 1085 3221 ut
1114 3167 1166 3221 in
1213 3167 1332 3221 aliis
1367 3167 1609 3228 christis,
1651 3166 1744 3220 sed
1784 3166 1950 3220 totius

384 3260 642 3330 ungentis
674 3259 960 3327 praesentia
993 3259 1341 3313 sanctiﬁcans
1380 3275 1393 3310 :
1431 3257 1584 3323 cujus
1614 3257 1704 3310 hic
1725 3255 1950 3310 eﬂ‘ectus

383 3361 490 3416 est,
521 3360 580 3404 ut
606 3351 682 3416 id,
702 3352 843 3418 quod
875 3343 1050 3420 ungit,
1081 3351 1243 3404 homo
1272 3359 1516 3414 vocetur,
1547 3357 1623 3411 et,
1662 3348 1803 3416 quod
1845 3363 1947 3401 un-

385 3441 548 3509 gitur,
609 3439 750 3494 Deus
809 3440 898 3494 ﬁat
937 3459 950 3494 :
991 3439 1142 3506 Via',
1203 3449 1262 3493 ut
1313 3454 1408 3508 per
1463 3454 1522 3493 se
1581 3454 1676 3492 nos
1707 3438 1946 3505 ducens;

385 3530 596 3585 Ostium
623 3531 666 3592 ⁸,
696 3539 754 3582 ιιι
804 3530 1180 3586 introductor:
1219 3530 1411 3585 Pastor
1430 3532 1474 3597 θ,
1525 3539 1584 3582 ιιι
1618 3543 1715 3582 nos
1754 3529 1807 3581 in
1839 3528 1954 3582 loco

385 3637 601 3694 pascua:
652 3622 949 3686 collocans,
987 3633 1042 3677 et
1080 3639 1218 3692 aqua
1271 3623 1586 3679 refectionis
1631 3621 1951 3682 educans”,

386 3723 550 3782 atque
579 3712 705 3766 hinc
727 3712 882 3767 nobis
915 3713 1128 3767 itineris
1151 3714 1340 3767 ducem
1371 3727 1429 3767 se
1447 3711 1714 3781 praebens,
1749 3725 1954 3764 necnon

387 3807 645 3858 adversus
678 3803 884 3858 helluas
935 3819 1032 3872 pro
1080 3804 1234 3857 nobis
1293 3803 1596 3858 dimicans:
1626 3807 1738 3855 tum
1769 3802 1952 3859 etiam.

387 3903 448 3946 ut
496 3903 744 3946 errantes
794 3907 1070 3957 revocans,
1104 3901 1158 3946 et
1187 3891 1350 3962 556
1396 3891 1631 3960 perditos
1672 3889 1955 3953 reducens,

387 3994 442 4038 et
462 3983 766 4038 contractos
792 3983 1058 4050 obligans,
1088 3993 1141 4038 et
1176 3983 1421 4037 inﬁrmos
1469 3982 1750 4044 roborans,
1783 3989 1835 4035 et
1869 3981 1958 4032 ﬁr-

389 4089 505 4128 mos
553 4089 618 4128 ac
656 4074 862 4128 validos
914 4075 1242 4140 custodiens,
1274 4085 1434 4143 atque
1483 4073 1549 4126 ad
1599 4072 1792 4126 futurae
1836 4072 1957 4124 vitae

389 4165 623 4230 caulam,
647 4180 743 4234 per
773 4165 1058 4234 pastoralis
1090 4165 1332 4220 scientiae
1380 4164 1637 4228 rationes,
1667 4162 1954 4232 colligens:

389 4258 518 4313 Ovis
545 4260 586 4289 “
614 4273 795 4327 porro,
853 4270 912 4311 ut
954 4257 1172 4311 victima
1215 4275 1227 4310 :
1263 4256 1532 4325 Agnus",
1563 4265 1619 4308 ut
1653 4253 1959 4322 perfectus:

460 4399 504 4431 ’9
535 4398 550 4450 l
581 4399 703 4454 Cor.
738 4415 777 4462 ι,
808 4398 896 4452 '50.
975 4399 990 4426 ¹
1017 4397 1145 4452 ibid.
1235 4396 1402 4450 'ihid.
1504 4395 1525 4426 ³
1551 4393 1704 4448 Joan.
1733 4411 1808 4457 xi,
1834 4394 1925 4448 25.

390 4656 704 4718 ἐπανιστάς.

462 4727 572 4797 (95)
614 4726 946 4797 Ἀμαρζὶαςζ
974 4723 1140 4797 Coisl_.
1165 4723 1219 4779 1.
1247 4721 1508 4797 γεύσεως.

462 4791 574 4868 (94)
607 4791 686 4849 Διἶ
708 4791 885 4864 ἡμᾶς.
916 4794 1074 4864 Reg.,
1099 4793 1285 4864 Cypr.,
1305 4791 1426 4846 καθ’
1450 4793 1616 4862 ἡμᾶς,
1641 4810 1660 4844 ι
1693 4807 1854 4861 quam
1870 4791 1960 4860 qui

390 4867 547 4922 nobis
574 4868 788 4919 similis.
825 4885 842 4916 ›

463 4936 573 5004 (95)
600 4931 1191 5004 Προσλήψεωςεὶἶοε.
1221 4933 1329 4995 bm,
1363 4931 1710 5004 προλήψεως.

462 5002 575 5074 (96)
606 5002 924 5071 Ἅληπτον.
959 5002 1079 5056 Bill.
1120 5002 1158 5053 «ί
1179 5002 1673 5074 Ιιηρθιροριίὺίιθη).
1705 5019 1723 5051 ι

463 5068 576 5146 (97)
607 5068 792 5146 Ζύμη.
831 5074 1092 5146 Diviuitas
1118 5068 1452 5146 intelligitur,
1487 5085 1605 5138 qua:
1631 5071 1684 5122 in
1719 5068 1962 5134 Christo,

397 5163 416 5196 ι
459 5141 631 5199 instar
658 5141 933 5202 frumenti,
971 5159 989 5192 ι
1022 5141 1340 5202 humanitati
1362 5142 1547 5210 juncta
1583 5148 1683 5210 est.

391 5285 420 5338 δ
445 5214 574 5337 ’(98)
603 5215 679 5266 Δι’
711 5213 881 5267 ὅσον.
913 5211 1077 5266 Coisl.
1122 5211 1178 5277 2,
1228 5207 1456 5281 quatuor
1490 5208 1641 5264 Colb.
1686 5214 1741 5264 et
1783 5207 1876 5264 Or.
1911 5210 1966 5272 1,

425 5302 442 5338 ι
523 5301 650 5338 σων.

425 5285 457 5338 ι’
477 5285 650 5338 ίὸσων.

396 5424 444 5479 ὁ.
603 5352 705 5478 Alia
720 5352 786 5406 τὸ
802 5354 1148 5422 νοούμενον.
1174 5369 1192 5402 ι
1222 5349 1446 5421 Propter
1472 5351 1545 5417 id,
1569 5369 1588 5402 ι
1608 5357 1714 5404 etc.
1739 5348 1967 5404 Ratione

435 5441 557 5478 lVlnl
585 5440 613 5476 a
645 5441 710 5478 is.

435 5426 710 5478 ivinitatis.

467 5494 544 5562 (Ι)
585 5494 680 5558 Ὡς
717 5491 941 5562 μητρός
989 5491 1200 5562 νόμῳ,
1225 5491 1325 5545 καί
1345 5531 1358 5555 ,
1401 5502 1506 5546 ctc.
1543 5489 1661 5562 Bill.
1694 5489 1844 5562 legit,
1890 5489 1964 5550 ὼς

399 5560 624 5634 μητρὸς,
649 5560 798 5634 νόμῳ
825 5562 937 5626 καί,
963 5572 1122 5634 etest
1165 5561 1229 5616 Ut
1260 5573 1454 5627 matre,
1485 5570 1541 5615 et
1573 5560 1725 5628 juxta
1769 5560 1961 5626 legem,

395 5633 636 5702 et’supra
664 5633 834 5701 legem
863 5633 1243 5701 generationis.
1271 5650 1289 5682 ι

469 5699 837 5776 (2)’¹Ἀλλους
864 5699 1170 5773 χριστούς.
1211 5719 1229 5753 ι
1264 5700 1396 5760 Aliis
1447 5700 1684 5767 christis,
1712 5718 1730 5750 ι
1781 5699 1835 5754 id
1859 5708 1960 5766 est,

2022 4395 2217 4450 ‘Joan.
2250 4414 2322 4459 Ix,
2362 4398 2447 4450 Η.
2524 4400 2544 4430 ⁸
2586 4398 2770 4452 Matth.
2813 4414 2958 4462 xnv,
2993 4397 3083 4458 27,
3125 4397 3212 4450 44.

369 4467 482 4562 d6.
531 4470 550 4500 "
573 4468 726 4523 Joan.
748 4483 861 4532 xtv,
883 4468 942 4548 6.⁹
1012 4467 1034 4498 ⁸
1065 4465 1219 4520 Joan.
1252 4482 1308 4531 ι,
1345 4466 1399 4520 9.
1473 4471 1494 4502 ⁸
1525 4463 1679 4521 Joan.
1712 4481 1767 4530 ι,
1791 4465 1878 4517 il.
1955 4466 1998 4496 ¹⁰
2023 4466 2162 4522 Psal.
2199 4483 2334 4534 xxii,
2363 4469 2420 4522 2.
2500 4470 2538 4499 “
2563 4466 2664 4522 lsa.
2701 4485 2815 4532 un,
2843 4469 2893 4519 7.

2068 3176 2214 3239 Ὁδὸς
2247 3174 2323 3238 δὲ,
2374 3173 2449 3236 ῶς
2489 3173 2555 3225 δι’
2601 3170 2793 3225 ἑαυτοῦ
2831 3171 3010 3241 φέρων
3046 3171 3218 3240 ἡμᾶς·
3265 3169 3416 3240 Θύρα
3445 3168 3521 3232 δὲ,
3551 3169 3628 3233 ὡς

2058 3265 2390 3335 εἰσαγωγεύς
2415 3281 2432 3296 ·
2481 3265 2692 3333 Ποιμὴν
2723 3262 2799 3327 δὲ,
2832 3263 2906 3324 ὡς
2939 3263 3017 3325 εἰς
3054 3261 3216 3313 τόπον
3257 3260 3420 3330 χλόης
3459 3276 3632 3312 κατα-

2060 3357 2296 3426 σκηνῶν,
2330 3356 2425 3408 xui.
2454 3355 2730 3425 ἐκτρέφων
2775 3353 2864 3405 ἐπὶ
2907 3353 3098 3415 ὕδατος
3128 3351 3504 3413 ἀναπαύσεως,
3535 3350 3633 3402 καὶ

2059 3445 2306 3497 ἐντεῦθεν
2334 3443 2565 3513 ὁδηγῶν,
2595 3443 2688 3496 καὶ
2713 3441 3072 3514 προπολεμῶν
3103 3441 3242 3494 κατὰ
3266 3439 3374 3493 τῶν
3399 3439 3630 3510 θηρίων·

2057 3535 2119 3589 τὸ
2144 3533 2493 3606 πλανώμενον
2523 3535 2885 3604 ἐπιστρέφων,
2913 3534 2973 3586 rb
3006 3532 3282 3595 ἀπολωλὸς
3316 3531 3631 3598 ἐπανάγων,

2057 3629 2118 3680 rb
2164 3626 2620 3698 συντετριμμένον
2673 3625 3046 3695 καταδεσμῶν,
3085 3625 3142 3677 rb
3181 3624 3394 3695 ἰσχυρὸν
3435 3621 3639 3691 φυλάσ-

2063 3735 2192 3781 σων,
2226 3717 2320 3770 καὶ
2350 3718 2486 3788 πρὸς
2515 3718 2614 3788 τὴν
2643 3716 2852 3769 ἐκεῖθεν
2887 3716 3125 3785 μάνδραν
3166 3715 3412 3782 συνάγων
3452 3712 3638 3779 λόγοις

2063 3811 2421 3880 ποιμαντικῆς
2462 3810 2769 3878 ἐπιστήμης
2794 3823 2810 3838 ⁸
2841 3807 3117 3877 Πρόὸατον
3162 3806 3238 3871 δὲ,
3272 3807 3347 3869 ὼς
3375 3807 3635 3875 σφάγιονο

2076 3898 2271 3968 Ἀμνὸς
2307 3899 2386 3962 δὲ,
2413 3899 2487 3961 ὡς
2509 3898 2730 3951 τέλειον·
2784 3900 3098 3968 Ἀρχιερεὺς
3134 3898 3210 3969 (4)
3241 3899 3318 3960 δὲ,
3347 3899 3422 3962 ὡς
3462 3914 3640 3968 προσ-

2055 3989 2326 4057 αγωγεύς·
2390 3989 2725 4058 Μελχισεδὲκ
2753 3989 2831 4056 δὲ,
2855 3990 2929 4052 ὡς
2959 3991 3184 4060 ἀμήτωρ
3210 3989 3270 4041 rb
3298 3989 3435 4059 ὑπὲρ
3462 3990 3638 4058 ἡμᾶς,

2057 4077 2150 4133 καὶ).
2181 4083 2410 4154 ἀπάτωρ
2438 4083 2498 4135 rb
2525 4083 2642 4135 καθ’
2669 4084 2818 4154 ἡμᾶς
2837 4100 2851 4114 ο
2885 4082 2978 4134 καὶ
3007 4082 3082 4144 ὡς
3109 4080 3532 4150 ἀγενεαλόγητος
3557 4080 3641 4150 (5)

2055 4173 2116 4226 rb
2157 4173 2268 4227 ἅνω
2288 4191 2300 4204 ’
2336 4177 2456 4242 Τὴν
2486 4176 2592 4247 γὰρ
2623 4176 2826 4246 γενεὰν
2879 4175 3082 4237 αὐτοῦ,
3115 4174 3271 4244 φησὶ,
3306 4174 3396 4239 τίς
3430 4171 3644 4240 διηγή-

2070 4279 2273 4327 σεται;
2306 4267 2398 4318 καὶ
2422 4267 2496 4329 ὡς
2520 4267 2771 4336 βασιλεὺς
2797 4265 3003 4335 Σαλὴμ,
3027 4264 3232 4332 εἰρήνη
3255 4265 3310 4318 δὲ
3337 4263 3514 4329 τοῦτο,
3543 4265 3643 4316 καὶ

3309 4399 3330 4429 ⁸
3358 4396 3542 4449 Matth.
3586 4411 3630 4460 I,

3001 4469 3043 4498 ¹²
3071 4466 3227 4521 Joan.
3272 4482 3308 4530 ι,
3332 4466 3422 4522 29.

461 4585 573 4656 (92)
599 4583 984 4640 Ἀπανιστῶν.
1015 4582 1147 4639 Tres
1170 4583 1360 4656 Regg.,
1393 4561 1716 4646 ἀπανιστάς.
1745 4581 1949 4648 Oxon.,

2067 4605 2084 4638 ι
2123 4586 2338 4656 regibus
2367 4595 2422 4639 et
2445 4586 2810 4656 pontiﬁcibus,
2849 4604 2868 4636 ›
2893 4586 2993 4656 qui
3024 4584 3294 4638 unctionis
3333 4593 3640 4656 cousortes,

2069 4675 2087 4707 ι
2131 4653 2276 4709 ιιιῖοιί
2317 4675 2337 4707 ι
2381 4653 2651 4716 diciintur,
2682 4655 2836 4721 juxta
2872 4655 2996 4708 illud
3023 4669 3105 4722 ps.
3131 4669 3274 4715 κων,
3313 4673 3330 4704 ι
3367 4653 3535 4722 [luxit
3579 4665 3638 4708 te

2063 4727 2206 4779 Deus
2259 4725 2378 4780 oleo
2433 4725 2630 4779 lzetitia:
2681 4720 2789 4793 prae
2827 4720 3166 4779 consortibus
3201 4724 3322 4776 tuis.
3363 4742 3381 4774 ι
3437 4720 3642 4777 Verum

2065 4797 2153 4849 isti
2201 4810 2305 4849 non
2357 4795 2458 4848 nisi
2503 4810 2597 4862 per
2631 4795 2860 4861 gratiam
2913 4793 3341 4855 sauctiticantur,
3369 4807 3489 4846 cum
3534 4809 3646 4846 un-

2065 4866 2296 4920 ctionem
2323 4879 2531 4918 sacram
2556 4865 2858 4933 accipiunt;
2891 4881 2909 4913 ι
2947 4863 2998 4933 in
3025 4863 3240 4915 Christo
3284 4873 3486 4933 autem,
3524 4881 3542 4912 ι
3584 4873 3676 4923 ιιι,

2069 4935 2146 4988 ait
2195 4933 2402 4996 Billius,
2439 4952 2458 4984 ι
2505 4931 2771 5001 ipsissiuia
2801 4932 3094 4986 divinitatis
3119 4933 3405 5000 praesentia
3463 4931 3647 4985 locum

2068 5006 2334 5068 unctionis
2375 5005 2608 5056 tenebat.
2636 5021 2654 5052 ι

2145 5071 2219 5143 (⁸5)
2254 5074 2593 5143 Ἄνθρωπον
2626 5071 2904 5127 ἀκοῦσαι.
2940 5071 3023 5127 Ob
3061 5070 3313 5143 unionem
3358 5070 3553 5125 divinae
3581 5085 3652 5125 ac

2074 5141 2321 5196 humana.-
2350 5153 2555 5194 natura:
2584 5141 2636 5193 iu
2667 5156 2771 5194 una
2809 5157 3060 5210 persona,
3089 5151 3140 5194 et
3175 5157 3193 5190 ι
3233 5141 3396 5194 homo
3430 5158 3450 5192 ι
3477 5153 3648 5194 voca-

2077 5221 2164 5264 tur
2195 5230 2213 5261 ι
2247 5212 2402 5274 Deus,
2435 5231 2453 5260 ι
2491 5221 2544 5264 et
2578 5230 2595 5261 ι
2637 5210 2775 5265 Deus
2799 5230 2818 5262 ι
2855 5211 3152 5279 appellatur
3180 5228 3199 5260 ι
3232 5210 3410 5263 h0ino.
3441 5227 3460 5260 ι

2149 5280 2225 5351 (4)
2259 5281 2775 5351 Ἀρχιερεύς,-θιο.
2832 5279 2975 5334 Talis
3032 5290 3115 5334 est
3165 5279 3404 5348 pontifex
3459 5286 3651 5332 noster

2072 5348 2337 5414 Christus,
2373 5348 2462 5418 qui
2499 5367 2595 5402 nos
2621 5349 2766 5402 Patri
2797 5351 3072 5414 conciliat,
3105 5367 3122 5400 ι
3173 5364 3269 5418 per
3299 5363 3490 5416 quem,
3527 5365 3547 5398 ι
3589 5357 3652 5399 ut

2043 5422 2151 5499 .ait
2176 5421 2478 5499 Appstolus,
2514 5420 2669 5499 llum.
2703 5435 2754 5482 ν,
2786 5421 2856 5499 2,
2890 5439 2908 5470 ι
2945 5420 3206 5474 habemus
3235 5432 3514 5472 accessum
3551 5431 3652 5485 per

2073 5490 2234 5544 ﬁdem
2259 5492 2310 5542 in
2333 5491 2559 5558 gratiam
2589 5489 2766 5554 istam,
2799 5493 2851 5543 iu
2880 5505 2984 5558 qua
3011 5499 3238 5550 stamus,
3269 5508 3288 5540 ι
3327 5498 3432 5541 etc.

2147 5560 2224 5631 (5)
2276 5560 2784 5631 Ὰγενεαλόγητος,
2817 5569 2924 5616 etc.
2960 5577 2978 5611 ι
3009 5559 3173 5630 Cujus
3200 5559 3381 5615 divina
3407 5569 3649 5628 genera-

2073 5633 2148 5689 tio
2174 5640 2253 5686 est
2283 5630 2584 5686 itieﬂabilis.
2607 5648 2626 5682 ι
