3890 6214
220 296 325 350 135
1247 286 1508 342 ORATIO
1553 286 1749 340 XXXI.
1791 314 1818 328 -

1932 286 2338 343 ‘HEOLOGICA
2378 288 2439 344 V.
3168 290 3172 299 ’
3376 283 3482 340 134

217 413 297 477 ὡς
320 411 625 478 βασιλεὺς
650 411 1062 477 δικαιοσύνης,
1086 407 1184 462 καὶ
1209 409 1284 472 ὡς
1329 407 1681 463 ἀποδεκατῶν
1707 425 1806 463 πα-

1932 406 2158 463 ⁵οιιιῑι⁵ει
2184 409 2250 476 ⁸³,
2277 417 2337 464 ιιι
2374 408 2586 464 oblator
2613 425 2626 462 :
2665 406 3144 475 Melchisedech“,
3175 414 3232 462 ut
3286 407 3477 463 matris

219 507 489 578 τριάρχας
532 503 675 557 κατὰ
714 505 824 557 τῶν
869 501 1119 573 πονηρῶν
1152 501 1435 570 δυνάμεων
1482 499 1796 571 ἀριστεύον-

1932 513 2129 567 :xpers,
2171 501 2317 568 quod
2350 501 2416 554 ad
2449 509 2699 553 naturam
2728 497 2873 552 illam
2901 504 3086 551 nostra
3118 495 3474 555 excelsiorem

220 614 341 661 τας.
370 597 556 665 Ἔχεις
576 594 675 656 τὰς
692 593 786 648 τοῦ
805 592 936 646 Υῖοῦ
960 590 1360 662 προσηγορίας·
1395 588 1575 658 βάδιζε
1605 588 1672 642 δι’
1705 588 1803 640 αὐ-

1932 589 2138 654 utinet,
2169 601 2323 660 patre
2354 601 2532 645 autem
2559 604 2770 655 carens,
2806 598 3068 657 quantum
3101 586 3168 641 ad
3200 596 3474 641 nostram:

221 683 332 736 τῶν
352 700 366 712 ·
390 684 509 736 ὅσαι
534 699 595 735 τε
617 680 844 752 ὑψηλαὶ,
872 679 1068 742 θεῖκῶς
1085 677 1181 748 (6),
1208 677 1303 730 καὶ
1327 678 1447 730 ὅσαι
1472 676 1799 746 σωματικαὶ,

1933 696 2018 732 um
2053 682 2214 735 etiam
2274 683 2398 751 quia
2432 681 2738 738 sublimitus
2784 681 2989 749 absque
3015 677 3329 750 genealogia
3375 688 3477 731 est.

226 770 559 842 συμπαθῶς
605 770 805 841 μᾶλλον
841 769 899 823 δὲ
942 754 1063 821 ὅλον
1106 765 1325 829 θεῖκῶς,
1357 765 1449 818 ἴνα
1493 765 1626 836 γένῃ
1670 764 1803 828 Θεὸς

1934 770 2334 826 Generationem
2361 773 2497 827 enim
2536 772 2705 840 illius,
2729 772 2923 842 inquit,
2944 772 3060 841 quis
3079 768 3349 823 enarrabit
3379 767 3422 798 ¹⁸
3437 768 3481 838 ?)

224 861 472 915 κάτωθεν
492 859 752 923 ἀνελθὼν,
777 859 864 912 διὰ
892 858 984 911 τὸν
1025 855 1354 911 κατελθόντα
1380 854 1448 908 δι’
1483 855 1630 926 ἡμᾶς
1665 854 1803 908 ἄνω-

1932 874 1980 915 ιο
2003 871 2280 930 praeterea,
2309 872 2367 916 ut
2402 862 2511 917 Rea:
2534 863 2712 918 Satem
2733 864 2799 928 ¹⁶,
2840 862 2941 916 hoc
2962 868 3067 926 est,
3095 861 3261 930 pacis,
3290 866 3344 914 et
3371 856 3484 912 Rex

225 946 340 1002 θεν.
390 947 511 1001 Ἐπὶ
540 949 694 1015 πᾶσι,
729 948 824 1000 καὶ
855 947 964 1018 πρὸ
995 945 1216 999 πάντων
1237 985 1252 1008 ,
1289 947 1467 998 έκεῖνο
1498 945 1653 1016 τήρει
1671 961 1684 974 ο
1711 945 1803 997 καὶ

1932 955 2155 1019 ustilt’az,
2202 970 2266 1009 ac
2314 956 2544 1023 denique
2577 965 2694 1010 uta
2723 954 3045 1025 patriarchis
3091 953 3354 1007 adversus
3387 963 3485 1018 pe-

221 1040 328 1092 οὐκ
349 1038 417 1093 ἂν
444 1040 705 1110 σφαλείης
731 1042 789 1092 ὲν
820 1042 933 1102 τοῖς
965 1038 1318 1110 ὑψηλοτέροις
1347 1036 1380 1108 ἦ
1404 1036 1804 1107 ταπεινοτέροις

1932 1043 2124 1100 til‘eras
2153 1054 2446 1114 potestates
2475 1055 2693 1101 strenue
2734 1061 2847 1100 rem
2884 1042 3213 1114 gerentibus,
3243 1040 3481 1096 decimas

222 1132 504 1203 ὀνόμασιν.
544 1131 750 1205 Ἰησοῦς
780 1130 1037 1203 Χριστὸς,
1066 1130 1191 1200 χθὲς
1231 1130 1325 1183 καὶ
1359 1130 1597 1201 σήμερον
1619 1145 1804 1199 σωμα-

1932 1137 2201 1205 ιοοὶρῑοιιε.
2233 1135 2410 1191 Habes
2448 1137 2567 1192 Filii
2608 1136 3016 1206 appellationes.
3055 1133 3156 1188 Per
3185 1145 3280 1187 eas
3325 1131 3479 1184 ince-

222 1222 415 1286 τικῶς,
453 1225 482 1276 6
526 1223 691 1286 αὐτὸς
730 1220 1144 1292 πνευματικῶς,
1191 1221 1288 1274 καὶ
1323 1221 1404 1284 εἰς
1434 1220 1564 1284 τοὺς
1597 1219 1802 1284 αἰῶνας

1932 1226 2003 1290 Ie;
2038 1242 2279 1297 pereas,
2317 1229 2560 1297 inquam,
2596 1243 2805 1290 omnes,
2857 1242 2975 1296 qua:
3025 1225 3280 1280 sublimes
3328 1230 3478 1287 sunt,

222 1314 335 1368 τῶν
372 1315 601 1369 αἰώνων.
649 1316 705 1368 Ἀ
714 1316 842 1387 μήν.

1932 1318 2107 1383 livine,
2160 1334 2256 1388 per
2304 1334 2595 1390 corporeas
2639 1328 2841 1384 autem,
2890 1318 3168 1372 humane:
3203 1315 3314 1370 imo
3346 1329 3480 1369 vero

226 1421 455 1475 prorsus
508 1406 714 1472 divine,
754 1417 813 1461 ut
869 1421 934 1461 ex
980 1406 1103 1460 imis
1153 1406 1304 1461 hisce
1358 1406 1680 1471 ascendens,
1707 1405 1804 1461 llas
1842 1407 1982 1464 Deus
2008 1421 2227 1481 propter
2248 1427 2393 1477 eum,
2424 1412 2514 1481 qui
2540 1421 2759 1481 propter
2814 1425 2914 1464 nos
2981 1409 3046 1462 de
3108 1406 3359 1477 supernis
3388 1405 3483 1460 de-

225 1506 467 1552 scenatt.
499 1496 704 1553 Praeter
728 1499 933 1552 omnia.
968 1510 1022 1552 et
1051 1508 1175 1552 ante
1201 1498 1405 1563 omnia,
1437 1498 1565 1552 illud
1594 1513 1750 1553 serva
1779 1517 1793 1553 :
1837 1515 1936 1555 nec
1970 1512 2065 1557 aut
2087 1503 2139 1557 in
2166 1503 2592 1569 sublimioribus,
2657 1512 2750 1556 aut
2813 1499 3191 1571 abjectioribus
3250 1495 3485 1552 nomini-

230 1590 339 1645 bus
372 1592 608 1647 crrabis.
674 1591 831 1647 .Iesus
854 1592 1122 1657 Christus,
1189 1591 1306 1646 heri
1371 1603 1426 1647 et
1492 1592 1651 1647 hodie
1684 1594 2059 1662 corporaliter,
2113 1598 2362 1669 idemque
2412 1596 2786 1668 spiritualiter,
2830 1596 2975 1651 etin
3022 1594 3217 1649 saecula
3254 1591 3488 1650 saeculo.

228 1700 375 1739 rum.
400 1685 593 1738 Amen.

301 1776 348 1808 ³³
376 1775 537 1831 Hebr.
562 1792 638 1843 vr,
667 1776 757 1831 20.
835 1777 879 1808 ιι
905 1776 1067 1831 Hebr.
1096 1791 1192 1840 vu,
1227 1775 1280 1829 1.
1375 1776 1419 1808 ⁸⁵
1444 1773 1552 1830 lsa.
1586 1791 1708 1840 LIII,
1736 1774 1791 1831 8.

1932 1780 1936 1806 ί
1959 1776 2120 1832 Hebr.
2153 1792 2247 1841 vtt,
2276 1776 2330 1831 2.

302 1886 380 1958 (6)
420 1886 652 1954 Θεῶιῶς.
693 1905 712 1939 ι
739 1887 948 1952 Divitte,
978 1907 998 1941 ι
1037 1888 1087 1942 id
1119 1898 1220 1954 est,
1251 1906 1271 1939 ι
1315 1888 1525 1943 ratione
1550 1886 2060 1943 Deoconscntanea.
2097 1906 2116 1938 ι

741 2201 1107 2291 ΛΟΓΟΣ
1136 2196 1332 2289 ΛΑ’.

589 2390 674 2442 ΘΕ
682 2391 1048 2444 ΟΛΟΓΙΚΟΣ
1085 2389 1452 2442 ΠΕΜΠῚῸΣ.

589 2520 725 2589 Περὶ
757 2519 864 2573 τοῦ
894 2520 1066 2590 ἁγίου
1091 2518 1453 2587 Πνεύματος.

305 2679 383 2733 A'.
432 2678 490 2730 '0
531 2677 628 2747 μὲν
660 2677 723 2748 δὴ
754 2675 881 2748 περὶ
912 2674 1006 2728 τοῦ
1036 2672 1168 2728 Υἱοῦ
1214 2673 1393 2743 λόγος,
1426 2670 1665 2735 τοιοῦτος
1695 2669 1772 2741 (7)
1793 2688 1807 2700 ο

229 2768 332 2825 xui.
365 2767 509 2822 οὕτω
544 2767 873 2835 διαπέφευγε
911 2766 1037 2828 τοὺς
1074 2764 1421 2829 λιθάζοντας,
1464 2761 1685 2815 διελθὼν
1725 2762 1813 2816 διὰ

236 2858 410 2928 μέσου
445 2857 520 2929 (8)
561 2856 759 2910 αὐτῶν.
805 2854 866 2911 'O
899 2855 1056 2924 λόγος
1083 2854 1190 2926 γὰρ
1228 2855 1288 2907 οὐ
1332 2853 1628 2918 λιθάζεται,
1670 2851 1814 2906 λιθο-

232 2946 387 2999 ϐολεί
415 2946 491 3011 δὲ,
514 2946 641 2998 ὅταν
670 2943 847 3015 ἐθέλῃ,
875 2944 970 2997 καὶ
1003 2942 1260 3013 σφενδονᾷ
1291 2941 1474 3013 θηρία.
1497 2941 1689 3009 λόγους
1717 2956 1816 2994 κα-

237 3037 364 3101 κῶς
387 3037 463 3108 τῷ
519 3036 633 3107 ὄρει
694 3033 1122 3105 προσϐαίνοντας
1172 3033 1270 3105 (9).
1323 3033 1389 3086 Τί
1429 3032 1475 3086 δ’
1514 3031 1580 3085 ἂν
1619 3033 1813 3095 εἴποις,

237 3130 401 3200 φασὶ,
430 3129 558 3199 περὶ
581 3126 673 3181 τοῦ
713 3127 867 3196 ἁγίου
902 3125 1253 3196 Πνεύματος;
1294 3125 1458 3178 πόθεν
1483 3125 1612 3195 ἡμῖν
1634 3127 1818 3176 ἐπεισ-

237 3224 430 3291 άγεις,
468 3220 616 3285 ξένον
659 3219 779 3274 θεὸν
822 3219 918 3273 καὶ
958 3219 1246 3289 ἄγραφον;
1301 3216 1470 3270 Τοῦτο
1500 3216 1601 3287 ἤδη
1639 3215 1734 3269 κα)⁵
1769 3217 1817 3268 οἱ

237 3315 373 3385 περὶ
397 3313 488 3366 τὸν
513 3312 639 3365 Υἱὸν
668 3310 1071 3382 μετριάζοντες.
1097 3310 1275 3380 Ὅπερ
1300 3308 1409 3380 γὰρ
1434 3308 1528 3361 ἐπὶ
1553 3307 1662 3360 τῶν
1683 3305 1817 3359 ὁδῶν

239 3408 425 3476 εὑρεῖν
458 3403 573 3456 ἐστι
608 3402 695 3456 καὶ
732 3400 840 3456 τῶν
879 3401 1162 3474 ποταμῶν,
1199 3399 1472 3471 σχίζονται
1499 3415 1558 3452 τε
1597 3401 1691 3454 ἀπ’
1727 3399 1821 3452 ἀλ-

238 3497 441 3569 λήλων,
474 3496 572 3550 καὶ
610 3496 690 3558 είς
718 3494 921 3564 ἄλληλα
954 3507 1308 3563 συνάγονται·
1348 3490 1506 3544 τοῦτο
1544 3489 1821 3544 κάνταῦθα

240 3588 553 3660 συμὸαίνει,
591 3588 677 3642 διὰ
709 3588 801 3641 τὸν
842 3587 1073 3641 πλοῦτον
1115 3587 1214 3657 τῆς
1257 3590 1534 3649 ασεὸείας,
1569 3592 1663 3638 καὶ
1694 3596 1822 3647 τους

236 3680 310 3733 τὰ
343 3679 480 3732 ἄλλα
507 3678 799 3747 διεστῶτας
818 3681 876 3732 ὲν
904 3677 1084 3740 ἄλλοις
1108 3676 1498 3748 συμφέρεσθαι,
1519 3674 1659 3728 ὥστε
1686 3675 1819 3746 μηδὲ

3032 2050 3463 2066 ﬂ

2354 2202 2733 2280 ORATIO
2754 2203 3058 2279 ΧΧΧΙα.

2288 2383 2755 2440 THEOLOGICA
2798 2385 3103 2451 QUINTA.

2429 2516 2505 2571 De
2538 2515 2736 2586 Spiritu
2764 2530 2963 2574 sancto.

1985 2671 2026 2726 l.
2067 2670 2148 2727 Ac
2185 2672 2252 2727 de
2296 2671 2435 2727 Filio
2461 2673 2676 2743 quidem
2730 2672 2856 2730 talis
2906 2684 2991 2730 est
3033 2686 3218 2731 nostra
3265 2676 3481 2735 oratio:

1917 2772 2078 2833 atque
2109 2765 2177 2819 ad
2209 2764 2355 2821 hunc
2397 2765 2613 2820 modum
2658 2764 3007 2835 lapidantium
3055 2768 3315 2838 impetum
3349 2768 3483 2823 ellu-

1918 2857 2015 2925 git,
2046 2870 2143 2924 per
2186 2857 2423 2910 medium
2477 2855 2714 2926 ipsorum
2749 2858 3041 2914 transiens.
3069 2859 3257 2917 Oratio
3285 2861 3485 2931 quippe

1918 2961 2025 3003 non
2051 2946 2324 3015 lapidatur
2346 2964 2362 3001 :
2387 2961 2572 3002 verum
2606 2947 2811 3017 lapides
2834 2948 2971 3016 ipsa,
2991 2963 3114 3004 cum
3139 2949 3307 3016 lubet,
3327 2949 3483 3019 jacit,

1917 3052 1983 3093 ac
2026 3037 2260 3104 belluas,
2315 3039 2420 3094 hoc
2466 3046 2570 3105 est,
2595 3054 2899 3107 sermones,
2951 3040 3092 3096 male
3137 3042 3203 3096 ad
3246 3051 3483 3096 montem

1918 3130 2269 3186 ascendentes
2301 3131 2371 3195 ",
2418 3130 2582 3185 funda
2636 3131 2951 3188 insectatur.
3000 3133 3106 3188 Sed
3154 3134 3221 3188 de
3280 3134 3485 3204 Spiritu

1918 3228 2128 3284 sancto,
2184 3220 2454 3290 inquiunt,
2507 3220 2636 3289 quid
2693 3219 2937 3277 dixe‘ris?
2964 3221 3118 3278 Unde
3145 3223 3300 3279 nobis
3331 3239 3488 3295 pere-

1918 3310 2132 3378 grinum
2174 3310 2367 3378 Deum,
2402 3311 2655 3381 nulloque
2706 3309 2999 3383 Scriptura:
3050 3313 3168 3370 loco
3217 3316 3488 3385 proditum

1921 3401 2269 3457 introducis?
2304 3404 2483 3472 Atque
2513 3403 2616 3457 hoc
2654 3402 2727 3457 illi
2756 3418 2971 3474 quoque
2991 3404 3277 3474 objiciunt,
3308 3405 3398 3475 qui
3422 3407 3489 3461 de

1921 3491 2063 3550 Eilio
2087 3492 2422 3549 moderatius
2452 3495 2709 3559 sentiunt.
2742 3494 2874 3550 Nam
2903 3497 3139 3567 quod-iu
3183 3496 3491 3552 viis-elatiu-

1920 3584 2024 3639 viis
2072 3599 2312 3654 repertre
2342 3598 2447 3651 est,
2478 3599 2536 3640 ut
2556 3601 2586 3640 a
2614 3600 2674 3642 se
2698 3588 2928 3642 invicem
2953 3597 3227 3653 secentur,
3268 3603 3332 3643 ac
3368 3605 3491 3642 rur-

1923 3690 2016 3731 sus
2064 3676 2206 3731 inter
2257 3692 2317 3732 se
2368 3687 2602 3744 coeant;
2637 3679 2782 3733 idem
2853 3678 2943 3732 hic
2978 3692 3192 3748 quoque
3216 3677 3384 3750 (tanta
3407 3689 3491 3734 est

237 3773 532 3842 γινώσκειν
562 3770 817 3842 καθαρῶς
845 3769 1104 3824 δύνασθαι
1132 3768 1195 3822 τὸ
1222 3767 1521 3840 συμφέρον,
1559 3767 1593 3838 ἢ
1618 3766 1678 3821 τὸ
1715 3783 1818 3838 μα-

1932 3766 2217 3836 impietatis
2264 3766 2485 3824 ubertas
2537 3777 2592 3824 et
2615 3769 2767 3838 copia
2791 3768 2846 3841 ι)
2879 3784 2975 3824 usu
3001 3770 3167 3833 venit,
3204 3779 3284 3832 ut,
3310 3770 3401 3840 qui
3435 3771 3488 3824 in

236 3865 302 3937 χό
308 3880 491 3935 μενον.

1927 3857 2047 3915 aliis
2076 3859 2236 3915 rebus
2284 3861 2425 3916 inter
2445 3874 2506 3916 se
2530 3860 2815 3927 dissident,
2850 3864 2903 3915 in
2949 3861 3269 3930 quibusdam
3300 3878 3490 3917 rursus

238 3955 606 4018 consentiant,
665 3953 736 4007 ita
789 3961 849 4007 ut
902 3967 969 4007 ne
1021 3951 1179 4020 plane
1229 3950 1445 4020 quidem
1487 3948 1715 4019 intelligi
1783 3964 1848 4003 ac
1920 3950 2153 4020 perSpici
2191 3952 2384 4021 possit,
2416 3951 2498 4007 vel
2535 3966 2641 4021 qua
2696 3951 2749 4006 in
2806 3966 2865 4006 re
2913 3952 3279 4019 consentiant,
3318 3954 3403 4009 vel
3437 3955 3490 4010 in

238 4065 348 4119 qua
374 4047 719 4103 contendant.

312 4144 389 4196 B'.
426 4144 581 4213 Ἔχει
607 4142 707 4213 μὲν
733 4136 826 4195 οὖν
847 4157 900 4194 τι
927 4140 1021 4193 καὶ
1043 4138 1303 4212 δυσχερὲς
1324 4142 1353 4193 6
1380 4137 1620 4209 περὶτοῦ
1646 4136 1817 4190 Πνεύ-

243 4250 416 4306 ματος
440 4233 620 4302 λόγος,
650 4232 712 4284 οὐ
747 4233 905 4304 μόνον
941 4234 1023 4287 ὅτι
1052 4235 1111 4287 ὲν
1143 4235 1258 4295 τοῖς
1287 4230 1417 4303 περὶ
1443 4229 1539 4283 τοῦ
1567 4228 1696 4282 Υἱοῦ
1728 4227 1818 4280 λό-

240 4340 363 4394 γοις
392 4323 765 4394 ἅποκαμόντες
785 4325 835 4377 οἱ
867 4323 1160 4394 ἄνθρωποι,
1188 4321 1514 4393 θερμότερον
1541 4321 1620 4392 τῷ
1644 4319 1817 4374 Πνεύ-

245 4435 381 4489 ματι
415 4416 847 4485 προσπαλαίουσι
899 4416 1025 4488 (χρὴ
1079 4415 1187 4487 γάρ
1240 4432 1295 4468 τι
1352 4414 1568 4476 πάντως
1623 4411 1819 4474 αὐτοὺς

240 4504 484 4566 ἀσεϐεῖν,
519 4505 552 4575 ἢ
602 4505 724 4558 οὐδὲ
775 4504 971 4574 βιωτός
1015 4506 1163 4559 ἐστιν
1207 4504 1392 4566 αὐτοῖς
1429 4503 1458 4555 6
1492 4500 1662 4571 βίος),
1704 4500 1816 4554 ἀλλ’

239 4596 325 4650 ὅτι
367 4596 461 4649 καὶ
487 4597 649 4666 ἡμεῖς
681 4595 761 4666 τῷ
814 4594 1007 4666 πλήθει
1041 4595 1149 4648 τῶν
1188 4595 1518 4667 ζητημάτων
1564 4593 1825 4646 ἀποκναι-

242 4684 466 4748 σθέντες
498 4683 631 4756 (10),
656 4684 855 4739 ταυτὸν
883 4683 995 4755 (li)
1028 4683 1312 4754 πάσχομεν
1347 4684 1460 4746 τοῖς
1489 4680 1818 4744 κακοσίτοις·

241 4776 293 4830 οἳ
321 4774 541 4829 ἐπειδὰν
575 4776 712 4848 πρός
744 4793 796 4828 τι
832 4774 943 4829 τῶν
981 4774 1288 4847 βρωμάτων
1331 4771 1650 4845 άηδισθῶσι,
1687 4771 1824 4842 πρὸς

243 4869 423 4923 πάντα
451 4868 608 4937 λόγον
658 4868 880 4938 ὁμοίως,
929 4868 1118 4939 ὥσπερ
1168 4869 1366 4920 ἐκεῖνοι
1415 4865 1554 4937 πρὸς
1596 4863 1821 4936 τροφὴν,

242 4960 688 5031 δυσχεραίνομεν.
711 4961 903 5031 Ὅμως
923 4959 1114 5014 διδότω
1128 4960 1189 5012 τὸ
1210 4958 1455 5028 Πνεῦμα,
1484 4956 1579 5010 καὶ
1607 4959 1634 5009 6
1666 4955 1824 5023 λόγος

242 5052 558 5123 δραμεῖται,
606 5051 702 5105 καὶ
749 5054 779 5105 6
823 5051 955 5114 Θεὸς
1006 5049 1412 5122 δοξασθήσεται.
1466 5049 1542 5101 Τὸ
1590 5046 1691 5117 μὲν
1731 5040 1823 5099 οὖν

1995 4136 2156 4207 557
2185 4133 2248 4190 ll.
2281 4133 2347 4188 Et
2369 4132 2587 4203 quidem
2618 4132 2671 4185 in
2703 4132 2807 4187 hac
2835 4133 2901 4186 de
2928 4130 3130 4201 Spiritu
3156 4144 3345 4188 sancto
3375 4134 3490 4191 dis-

1924 4230 2233 4300 putatione,
2265 4225 2509 4282 nonnihil
2542 4224 2681 4279 inest
2716 4223 3041 4278 dilﬁcultatis
3093 4233 3149 4280 et
3204 4226 3491 4293 molestiae,

1925 4337 2030 4376 non
2065 4321 2168 4376 hoc
2186 4320 2357 4374 solum
2384 4318 2620 4383 nomine,
2643 4318 2784 4385 quod
2805 4316 3051 4370 homines
3069 4317 3121 4370 in
3149 4321 3494 4375 sermonibus

1924 4412 1993 4468 de
2014 4412 2149 4467 Filio
2178 4410 2337 4465 fracti
2374 4424 2439 4465 ac
2493 4407 2780 4471 debilitati,
2835 4407 3135 4464 acrioribus
3172 4410 3366 4465 animis
3400 4412 3498 4466 ad-

1926 4517 2117 4558 versus
2174 4501 2436 4571 Spiritum
2470 4499 2743 4553 luctantur
2796 4497 3040 4567 (omnino
3078 4500 3221 4555 enim
3272 4515 3368 4558 eos
3393 4503 3498 4556 ali-

1928 4611 2031 4665 qua
2060 4595 2114 4650 in
2146 4610 2205 4649 re
2252 4593 2447 4663 impios
2488 4606 2548 4647 se
2598 4592 2837 4661 prmbere
2890 4604 3114 4647 necesse
3169 4602 3273 4660 est,
3301 4601 3394 4648 aut
3425 4608 3496 4648 ne

1926 4686 2107 4744 vitalis
2137 4686 2376 4757 quidem,
2402 4692 2462 4740 ut
2496 4683 2600 4740 dici
2656 4684 2814 4753 solet,
2847 4685 2949 4756 ipsi
2996 4686 3104 4740 vita
3142 4684 3274 4755 est),
3310 4700 3496 4741 verum

1927 4774 2090 4828 etiam
2122 4772 2247 4843 quia
2297 4786 2396 4827 nos
2444 4787 2679 4841 quoque,
2734 4775 3091 4842 quaestionum
3151 4772 3496 4829 multitudine

1926 4863 2134 4934 fatigati
2167 4873 2221 4918 et
2242 4865 2438 4931 enecti,
2468 4862 2675 4918 similes
2718 4878 2909 4920 sumus
2959 4865 3051 4931 iis,
3102 4865 3193 4933 qui
3248 4865 3492 4919 ciborum

1930 4956 2147 5011 fastidio
2167 4956 2432 5011 laborant.
2454 4938 2912 5022 Quemadmodum
2927 4957 3068 5009 enim
3093 4955 3188 5019 illi,
3215 4963 3499 5025 postquam

1932 5047 2161 5118 alicujus
2190 5049 2296 5104 cibi
2326 5048 2599 5104 fastidium
2627 5055 3036 5112 contraxerunt,
3069 5062 3258 5101 omnes
3281 5062 3498 5116 quoque

244 5140 525 5213 ἐπιμελῶς
563 5140 837 5206 ἐξετάζειν
884 5141 978 5194 καὶ
1013 5140 1374 5214 διαιρεῖσθαι,
1412 5137 1665 5209 ποσαχῶς
1702 5136 1735 5207 ἢ
1770 5138 1818 5191 τι

1935 5142 2084 5198 cibos
2110 5150 2455 5207 aversantur,
2490 5141 2679 5196 eodem
2717 5154 2931 5210 quoque
2958 5138 3117 5194 modo
3135 5152 3231 5193 nos
3253 5153 3318 5194 ex
3345 5139 3505 5193 unius

320 5280 363 5312 ¹⁷
394 5280 569 5336 Exod.
600 5297 714 5347 xu,
756 5283 842 5340 12.

318 5448 348 5478 ι
372 5436 527 5507 Alias
553 5451 774 5502 xxxv";
824 5453 942 5507 qum
985 5445 1163 5492 autem
1191 5436 1255 5490 '51
1289 5445 1438 5499 erat,
1474 5449 1616 5490 nunc
1643 5434 1733 5491 57.
1765 5463 1828 5474 —

242 5506 439 5565 Habita
470 5523 611 5562 anno
642 5507 773 5561 ἔδει).

430 5575 727 5642 Τοιοῦτος.
756 5575 851 5631 Or.
887 5577 939 5639 1,
963 5575 1237 5642 τοσοῦτος.

344 5642 398 5717 8)
429 5646 771 5716 Διὰμέάου.
805 5646 1007 5703 Alludlt
1029 5647 1094 5703 ad
1114 5648 1228 5706 haec
1254 5646 1433 5717 Lucae,
1457 5662 1533 5715 tv,
1562 5645 1654 5716 50,
1677 5664 1696 5699 ι
1720 5642 1826 5701 Per

248 5717 495 5776 medium
517 5719 733 5776 illorum
760 5717 895 5775 ibat.
920 5734 941 5770 ι

2012 5430 2086 5503 (9)
2117 5412 2619 5498 Προσϐαίνοντας.
2682 5428 2901 5498 Vulgata
2940 5442 3152 5492 versto,
3197 5445 3218 5479 ι
3247 5427 3509 5482 δοοοᾰεη·

1938 5512 2138 5651 test-l6).
2161 5567 2699 5634 Ἀποκναισθέντες.
2738 5567 2988 5631 Budaeus,
3022 5585 3042 5620 ι
3076 5567 3274 5636 enecti,
3307 5566 3510 5633 vexati,

1933 5650 2162 5716 gravati.
2197 5658 2218 5692 ι

2005 5712 2119 5785 (ll)
2156 5709 2398 5765 Ταυτόν.
2433 5708 2548 5767 Duo
2572 5710 2765 5781 Regg.,
2791 5708 2842 5763 τ’
2856 5706 3010 5763 αὐτό.
