3890 6214
425 313 528 369 155
1645 294 1702 350 S.
1749 291 2012 349 GREGOE

2125 290 2466 348 THEOLOGI
3566 287 3673 343 136

421 424 802 498 disputationis
857 421 1012 476 taedio
1062 420 1129 473 ad
1180 432 1369 471 omnes
1416 414 1806 485 disputationes
1830 427 1984 481 usque

2125 410 2330 479 Ινεῦμα
2354 409 2488 481 (12),
2522 412 2555 482 ἢ
2580 410 2640 463 τὸ
2661 410 2869 479 "Arta?
2891 407 3023 480 (15),
3057 407 3206 479 παρά
3230 411 3296 479 τῇ
3329 406 3451 478 θείᾳ
3476 406 3671 478 Γραφῇ

425 531 767 577 transeamus.
797 516 893 569 Det
916 524 1093 567 tamen
1120 512 1397 580 Spiritus;
1442 517 1497 563 et
1549 506 1727 561 oratio
1779 511 1987 569 curret,

2125 504 2294 557 οεῖται
2341 503 2437 556 καὶ
2477 502 2713 571 λέγεται,
2752 500 2889 573 μετὰ
2935 501 3044 555 τῶν
3077 502 3190 573 (11)
3238 501 3563 573 προσφόρων
3601 502 3672 569 τῇ

425 611 628 677 Deique
653 606 820 676 gloria
874 602 1253 659 celebrabitur.
1300 599 1592 654 Enimvero
1637 604 1769 666 quot
1792 595 1988 659 modis,

2130 594 2298 665 εωρίᾳ
2333 598 2666 666 μαρτυριῶν,
2702 595 2795 648 καὶ
2826 596 2909 649 ὅτι
2946 595 3094 666 παρὰ
3136 592 3311 647 ταῦτα
3346 591 3675 663 ἰδιοτρόπως

429 698 510 752 vel
539 695 787 765 Spiritus,
829 693 915 746 vel
951 691 1201 753 Sanctus,
1235 690 1374 759 apud
1411 686 1752 756 Scripturam
1776 700 1991 741 sacram

2125 684 2157 737 ὺ
2194 683 2254 748 ἐξ
2294 686 2495 755 ἀμφοῖν
2549 686 2909 756 συνημμένον,
2950 686 3094 754 λέγω
3143 685 3200 738 δὲ
3248 682 3311 737 τὸ
3348 682 3576 753 Πνεῦμα
3610 680 3676 734 τὸ

426 785 758 853 intelligatur
805 790 862 835 et
905 781 1145 842 dicatur,
1208 786 1466 832 accurate
1519 785 1777 831 excutere
1831 783 1996 844 atque

2125 778 2274 844 ιγιον,
2300 775 2509 846 ἑτέροις
2537 776 2650 847 (15)
2695 778 3040 850 παρήσομεν,
3079 775 3128 830 οἳ
3169 776 3264 829 καὶ
3304 777 3537 838 ἑαυτοῖς,
3575 775 3676 826 καὶ

428 876 786 944 distinguere,
844 871 1298 939 commodumque
1369 869 1567 938 cuique
1645 864 1997 937 speculationi

2125 870 2232 937 ιμῖν
2267 867 2441 920 ταῦτα
2470 868 2989 941 πεφιλοσοφήκασιν,
3025 869 3147 922 ἐπεὶ
3179 869 3272 921 καὶ
3304 869 3464 937 ἡμεῖς
3497 864 3676 919 ταῦτα.

437 964 807 1035 testimonium
857 961 1117 1016 adbibere
1151 999 1166 1024 ,
1213 958 1463 1028 quodque
1514 957 1677 1013 etiam
1737 955 1998 1027 peculiari

2125 958 2331 1022 ,κείνοις
2370 956 2503 1029 (16).
2535 959 2698 1012 Αὐτοὶ
2735 960 2793 1013 δὲ
2824 962 2963 1030 πρὸς
2990 958 3057 1013 τὰ
3084 957 3211 1028 ἑξῆς
3237 957 3330 1012 τοῦ
3362 957 3521 1026 λόγου
3548 973 3676 1028 τρε-

430 1056 826 1126 quodammodo
887 1055 962 1119 id,
1012 1053 1155 1122 quod
1206 1067 1273 1106 ex
1305 1060 1533 1120 utroque
1566 1063 1870 1104 connexum
1895 1056 1996 1113 est,

2100 1051 2335 1122 ᾠόμεθα.

431 1148 687 1202 nimirum
722 1145 959 1213 Spiritus
989 1153 1233 1207 sanctus,
1268 1141 1790 1210 accipiatur,dicere
1821 1141 2318 1211 superseoebimus,
2379 1142 2644 1213 aliisque,
2679 1144 2770 1213 qui
2809 1143 2926 1198 haec
2981 1141 3348 1213 et-sibiipsis,
3382 1150 3438 1197 et
3492 1141 3674 1205 nobis,

430 1238 880 1309 quemadmodum
931 1250 1029 1288 nos
1099 1248 1313 1303 quoque
1363 1233 1464 1287 ista
1503 1233 1655 1302 ipsis,
1711 1240 2139 1300 pertractarunt,
2169 1235 2273 1289 hoc
2311 1233 2557 1290 muneris
2610 1234 3000 1304 relinquemus.
3043 1231 3154 1288 Nos
3220 1241 3400 1288 autem
3455 1233 3523 1286 ad
3587 1248 3676 1295 ea,

433 1348 550 1403 quae
577 1332 830 1400 deinceps
857 1336 1179 1396 sequuntur,
1209 1327 1510 1382 orationem
1545 1333 1944 1379 convertemus.

502 1423 587 1478 Ill.
628 1421 803 1491 Atque
856 1420 937 1474 illi
990 1420 1233 1488 quidem,
1281 1418 1373 1487 qni
1430 1418 1652 1487 perinde
1704 1431 1768 1470 ac
1832 1417 1878 1471 si
1909 1431 2006 1470 nos

432 1515 775 1585 peregrinum
805 1512 1095 1580 quemdam
1130 1520 1184 1564 et
1236 1509 1597 1578 ascriptitium
1647 1509 1813 1563 Deum
1851 1508 2005 1563 inve-

432 1609 644 1672 hamus,
677 1605 858 1658 animo
903 1601 1321 1664 discruciantur,
1359 1601 1665 1668 acriterque
1713 1612 1809 1667 pro
1832 1597 2006 1651 littera

2174 1416 2247 1470 1".
2281 1417 2345 1469 Οἱ
2390 1416 2486 1486 μὲν
2515 1410 2630 1481 οῦν,
2681 1415 2757 1478 ὥς
2804 1415 2953 1484 ξένον
2983 1415 3107 1470 τινὰ
3148 1415 3281 1469 Θεὸν
3330 1417 3426 1471 καὶ
3470 1416 3682 1489 παρέγο

2104 1524 2349 1579 γραπτον
2381 1508 2707 1577 εἰσαγόντων
2746 1508 2902 1579 ἡμῶν
2923 1508 2985 1560 τὸ
3006 1506 3231 1578 Πνεῦμα
3266 1508 3328 1560 τὸ
3349 1509 3523 1576 άγιον,
3551 1508 3683 1560 δυσ-

2107 1599 2473 1670 χεραίνοντες,
2528 1600 2622 1652 καὶ
2654 1600 2858 1671 σφόδρα
2887 1597 3356 1670 προπολεμοῦντες
3378 1597 3471 1651 τοῦ
3502 1598 3680 1669 γράμ-

430 1698 790 1763 rontendunt;
848 1694 1024 1749 sciant
1080 1707 1138 1747 se
1172 1693 1281 1748 illic
1318 1693 1532 1757 timere,
1579 1690 1669 1746 ubi
1695 1706 1801 1745 non
1828 1701 1909 1745 est
1940 1689 2002 1744 ti-

2125 1707 2304 1753 ιατος,
2349 1690 2583 1744 ἴστωσαν
2617 1692 2730 1744 ἐκεῖ
2776 1688 3097 1760 φοϐούμενοι
3140 1687 3323 1757 φόϐον,
3357 1681 3418 1742 οὗ
3453 1687 3528 1759 μὴ
3561 1687 3684 1740 ἔστι

432 1803 551 1843 mor
580 1787 648 1851 ιθ,
688 1785 1035 1851 studiumque
1064 1796 1192 1851 erga
1223 1782 1459 1836 litteram
1488 1796 1644 1835 suum
1686 1779 1819 1835 nihil
1841 1779 2004 1843 aliud,

432 1895 595 1949 quam
622 1877 916 1947 impietatis
938 1878 1217 1932 obtentum
1276 1888 1397 1929 esse
1426 1884 1614 1942 aperte
1647 1879 2004 1943 cognoscant,

431 1983 492 2026 ιιι
521 1970 677 2042 paulo
716 1979 839 2040 post
886 1970 1222 2031 ostendetur,
1276 1981 1398 2021 cum
1451 1965 1788 2035 obiectiones
1819 1978 2005 2018 eorum

436 2079 533 2133 pro
554 2062 702 2116 virili
730 2074 913 2116 nostra
948 2058 1391 2115 refutaverimus.
1430 2056 1539 2111 Nos
1569 2071 1694 2110 vero
1725 2064 1870 2109 tanta
1898 2053 2008 2109 dei-

437 2157 562 2209 tatis
599 2153 836 2224 Spiritus
856 2153 1047 2217 sancti,
1078 2166 1239 2220 quem
1262 2148 1508 2213 colimus,
1541 2148 1736 2202 liducia
1762 2147 2005 2213 nitimur,

437 2258 495 2300 ut
526 2247 653 2301 hinc
704 2247 867 2301 etiam
903 2261 932 2299 a
978 2244 1178 2299 deitate
1226 2240 1488 2297 orationis
1530 2240 1746 2294 initium
1793 2239 2005 2293 ducturi

437 2339 629 2395 simus.
687 2336 902 2390 easdem
960 2331 1215 2386 Trinitati
1294 2345 1455 2386 voces
1514 2328 2004 2392 accommodantes,

437 2432 540 2482 etsi
595 2428 647 2481 id
682 2427 941 2481 audacius
990 2425 1224 2479 fortasse
1285 2420 1555 2476 nonnullis
1609 2420 1779 2474 videri
1807 2427 2003 2488 queat:

437 2518 568 2573 Erat
594 2520 687 2574 lux
720 2535 863 2582 vera,
887 2534 1003 2586 qua:
1065 2516 1331 2570 illuminat
1366 2530 1570 2567 ontnem
1618 2513 1881 2565 hominem
1927 2527 2009 2565 ue-

438 2615 659 2665 nientem
686 2612 738 2663 in
764 2609 1035 2674 mundum,
1058 2606 1240 2662 Pater.
1274 2604 1402 2658 Erat
1431 2605 1524 2658 luas
1552 2620 1691 2667 vera,
1730 2618 1847 2668 qua:
1881 2602 2005 2655 illu-

434 2704 602 2757 minat
629 2716 831 2754 onmem
859 2701 1118 2754 hominem
1136 2699 1421 2751 venientem
1448 2696 1502 2748 in
1522 2696 1797 2761 mundum,
1817 2693 2005 2747 Filius.

442 2793 568 2846 Erat
603 2794 696 2846 lux
716 2808 859 2856 vera,
894 2808 1009 2860 qua:
1037 2789 1301 2843 illuminat
1361 2802 1563 2840 onmem
1615 2786 1879 2838 hominem
1934 2801 2012 2838 ve-

437 2887 661 2939 nientem
691 2886 745 2938 in
768 2884 1024 2937 mundum
1048 2884 1114 2946 ",
1142 2883 1277 2936 alius
1297 2878 1630 2934 Paracletus.
1659 2875 1825 2947 558
1860 2876 2009 2940 Erat,

437 2986 490 3032 ct
517 2988 657 3041 erat,
686 2986 740 3030 et
767 2985 924 3029 erat:
955 2977 1049 3030 sed
1075 2990 1237 3027 unum
1260 2964 1398 3026 erat.
1418 2971 1553 3033 Lux,
1587 2981 1640 3024 et
1679 2969 2006 3035 lux,etlux:

2109 1781 2294 1851 φόϐος,
2339 1783 2434 1836 καὶ
2479 1781 2665 1851 σαφῶς
2709 1782 3152 1851 γινωσκέτωσαν,
3202 1782 3285 1834 ὅτι
3330 1779 3536 1849 ἔνδυμα
3581 1780 3684 1851 τῆς

2108 1873 2365 1937 ἀσεϐείας
2409 1875 2556 1926 ἐστὶν
2604 1874 2786 1938 αὐτοῖς
2823 1875 2857 1945 ἡ
2901 1873 3050 1943 φιλία
3092 1872 3185 1927 τοῦ
3222 1873 3571 1944 γράμματος,
3607 1871 3686 1935 ὡς

2106 1965 2446 2036 δειχθήσεται
2480 1965 2673 2036 μικρὸν
2711 1964 2956 2036 ὕστερον,
3002 1964 3222 2017 ἐπειδὰν
3262 1964 3362 2027 τὰς
3400 1963 3686 2025 ἐνστάσεις

2108 2056 2287 2110 αὐτῶν
2319 2058 2399 2120 εἰς
2429 2055 2654 2127 δύναμιν
2692 2055 3069 2126 διελέγξωμεν.
3117 2055 3305 2126 Ἡμεῖς
3342 2055 3398 2109 δὲ
3430 2053 3686 2108 τοσοῦτον

2109 2147 2416 2220 θαρροῦμεν
2457 2151 2523 2219 τῇ
2551 2130 2764 2218 θεότητι
2806 2147 2899 2201 τοῦ
2939 2147 3274 2219 Πνεύματος,
3312 2148 3341 2200 ὃ
3385 2146 3689 2219 πρεσϐεύο-

2111 2258 2210 2311 μεν
2244 2240 2376 2313 (17),
2416 2239 2559 2294 ὥστε
2610 2241 2707 2294 καὶ
2759 2241 2855 2311 τῆς
2907 2239 3183 2308 θεολογίας
3226 2238 3470 2294 ἐντεῦθεν
3520 2239 3689 2311 ἀρξὸ-

2112 2332 2249 2403 μεθα
2269 2333 2402 2404 (18),
2426 2333 2524 2396 τάς
2551 2332 2724 2394 αὐτὰς
2748 2335 2814 2403 τῇ
2839 2331 3030 2403 Τριάδι
3058 2333 3239 2400 φωνὰς
3260 2331 3687 2403 ἐφαρμόζοντες.

2109 2424 2210 2478 κάν
2235 2441 2346 2477 τισι
2393 2424 2524 2497 δοκῇ
2554 2423 2976 2495 τολμηρότερον.
3004 2418 3124 2477 Ἦν
3152 2424 3218 2478 τὸ
3257 2423 3383 2494 φῶς
3427 2424 3493 2477 τὸ
3534 2424 3691 2491 ἀλη-

2110 2516 2295 2580 θινὸν,
2329 2516 2360 2570 ὃ
2388 2515 2617 2585 φωτίζει
2654 2516 2852 2573 πάντα
2881 2517 3195 2587 ἄνθρωπον
3241 2519 3575 2586 ἐρχόμενον
3599 2520 3690 2584 εἰς

2109 2607 2215 2659 τὸν
2242 2608 2494 2675 κόσμον,
2528 2608 2557 2659 ὁ
2592 2607 2798 2678 Πατήρ.
2830 2602 2950 2661 Ἦν
2995 2607 3063 2661 τὸ
3108 2606 3233 2677 φῶς
3266 2610 3330 2662 τὸ
3368 2607 3688 2674 ἀληθινὸν,

2111 2698 2142 2751 ὃ
2163 2696 2387 2767 φωτίζει
2413 2698 2610 2752 πάντα
2632 2699 2946 2767 ἄνθρωπον
2981 2700 3307 2768 ἐρχόμενον
3332 2701 3420 2764 εἰς
3445 2696 3555 2750 τὸν
3583 2700 3688 2751 κό-

2110 2807 2287 2860 σμον,
2323 2794 2351 2845 ὁ
2384 2792 2532 2855 Υἱός.
2563 2786 2675 2846 Ἦν
2702 2792 2769 2845 τὸ
2788 2791 2914 2861 φῶς
2947 2792 3014 2845 τὸ
3056 2791 3365 2859 ἀληθινὸν,
3392 2789 3423 2843 ὃ
3458 2787 3692 2859 φωτίζει

2110 2880 2306 2935 πάντα
2332 2880 2645 2949 ἄνθρωπον
2671 2883 2997 2952 ἐρχόμενον
3015 2885 3102 2948 εὶς
3129 2881 3237 2935 τὸν
3263 2883 3514 2951 κόσμον,
3533 2883 3562 2935 ὁ
3592 2881 3693 2936 άλ-

2110 2972 2200 3036 λος
2234 2972 2607 3043 Παράκ).ητος.
2640 2968 2770 3036 Ἦν,
2821 2975 2915 3027 καὶ
2942 2971 3029 3044 ἦν,
3081 2974 3175 3027 καὶ
3213 2969 3282 3044 ἦν
3304 2990 3317 3003 ·
3363 2973 3481 3027 ἀλλ’
3515 2973 3573 3027 ἓν
3602 2969 3692 3045 ἦν.

437 3070 531 3123 sed
560 3068 646 3122 lux
677 3083 806 3133 una,
840 3067 981 3122 Deus
1008 3081 1163 3120 unus.
1193 3066 1369 3135 Atque
1416 3066 1518 3119 hoc
1551 3064 1681 3118 illud
1735 3071 1841 3127 est,
1869 3062 2010 3132 quod

2125 3062 2253 3127 ῑιῶς,
2281 3064 2374 3117 καὶ
2400 3063 2534 3133 φῶς,
2561 3064 2655 3118 καὶ
2676 3064 2792 3133 φῶς
2815 3082 2829 3095 ’
2854 3065 2968 3118 ἀλλ’
2987 3065 3045 3117 ἓν
3073 3063 3208 3134 φῶς,
3236 3060 3317 3129 εἷς
3341 3065 3493 3129 Θεός.
3521 3065 3694 3119 Τοῦτό

437 3156 607 3211 David
631 3169 849 3225 quoque
879 3155 994 3223 ipse
1026 3164 1152 3209 ante
1196 3155 1378 3209 animo
1407 3153 1742 3218 informavit,
1768 3167 1888 3206 cum
1926 3150 2013 3206 di-

437 3257 621 3305 ceret:
682 3247 752 3302 In
801 3247 998 3302 lumine
1053 3258 1143 3301 tuo
1185 3248 1469 3301 uidebimus
1520 3245 1695 3300 lumen
1735 3246 1803 3298 '°.
1862 3243 2015 3299 Nunc

438 3349 619 3394 autem
650 3354 770 3403 uos,
801 3348 855 3391 et
880 3338 1271 3407 perspeximus,
1301 3346 1356 3391 et
1397 3337 1776 3405 praedicamus,
1804 3349 1868 3390 ex
1896 3335 2014 3389 luce

438 3432 619 3497 Patre,
644 3431 819 3486 lucem
857 3430 1075 3495 Filium,
1104 3430 1158 3484 in
1195 3431 1311 3484 luce
1359 3426 1567 3499 Spiritu
1623 3439 1809 3482 saneto
1835 3427 2011 3496 perci-

441 3523 669 3590 pientes,
706 3536 825 3590 quae
865 3529 949 3576 est.
989 3521 1390 3591 compendiaria
1440 3534 1505 3574 ac
1534 3520 1760 3589 simplex
1813 3519 2008 3573 divinae

440 3609 726 3665 Trinitatis
749 3609 1036 3665 confessio.
1066 3609 1170 3676 Qui
1202 3610 1400 3678 reiicit,
1431 3608 1678 3677 rejiciat;
1706 3608 1799 3680 qui
1829 3610 2012 3677 inique

441 3704 572 3774 agit,
605 3702 789 3771 inique
822 3712 947 3770 agat
968 3701 1052 3769 ἰς
1112 3716 1232 3767 nos,
1279 3702 1421 3770 quod
1463 3700 1844 3763 intelleximus,
1872 3715 2013 3769 prae-

444 3796 709 3849 dicamus.
754 3792 810 3847 ιιι
869 3802 1108 3849 montem
1157 3794 1429 3849 excelsum
1483 3792 1836 3848 ascendemus
1863 3792 1929 3857 ³³,
1960 3798 2016 3844 et

442 3885 814 3949 elamabimus,
848 3885 893 3938 si
924 3886 1140 3954 quidem
1168 3900 1236 3940 ex
1289 3884 1531 3940 inferiori
1580 3885 1700 3938 loco
1725 3884 1902 3938 minus
1929 3898 2020 3937 au-

2115 3160 2261 3212 ὲστιν
2287 3158 2315 3211 ὃ
2344 3160 2437 3211 καὶ
2468 3157 2632 3210 Δαϐὶδ
2661 3156 2926 3229 πρότερον
2957 3156 3291 3227 ὲφαντάσθη,
3332 3156 3541 3226 λέγων·
3590 3156 3693 3210 Ἐν

2113 3246 2195 3313 τῷ
2224 3248 2371 3317 φωτί
2398 3261 2514 3301 σου
2543 3247 2809 3316 ὀψόμεθα
2846 3246 2992 3315 φῶς.
3025 3247 3135 3300 Καὶ
3165 3245 3259 3301 νῦν
3294 3247 3454 3317 ἡμεῖς
3477 3246 3576 3300 καὶ
3607 3262 3676 3297 τερ

2114 3339 2373 3410 θεάμεθα,
2422 3339 2518 3392 καὶ
2561 3338 2929 3409 κηρύσσομεν,
2977 3341 3041 3392 ὲκ
3087 3339 3265 3408 φωτὸς
3306 3337 3402 3392 τοῦ
3453 3339 3694 3410 Πατρὺς,

2115 3430 2230 3500 φῶς
2258 3428 2765 3502 καταλαμϐάνοντες
2802 3431 2894 3484 τὸν
2932 3430 3077 3497 Υἱὺν,
3114 3433 3171 3484 ὲν
3217 3433 3357 3502 φωτὶ
3397 3432 3476 3503 τῷ
3521 3434 3687 3487 Πνεύο

2119 3539 2269 3593 ματι,
2307 3522 2568 3593 σύντομον
2606 3523 2700 3576 καὶ
2752 3524 3042 3595 ἀπέριττον
3096 3525 3196 3596 τῆς
3240 3525 3470 3595 Τριάδος
3516 3525 3696 3580 θεολοο

2117 3612 2243 3681 γίαν
2268 3611 2398 3681 (19).
2444 3612 2502 3664 '0
2526 3611 2734 3665 ἀθετῶν
2768 3612 3048 3678 ἀθετείτω,
3084 3616 3112 3667 ὁ
3142 3614 3359 3685 ἀνομῶν
3384 3615 3692 3685 ἀνομείτω”

2118 3704 2282 3774 ἡμεῖς
2330 3701 2360 3754 ὃ
2410 3703 2763 3773 νενοήκαμεν,
2792 3703 3159 3776 ’κηρύσσομεν
3216 3705 3350 3777 ('20).
3404 3706 3521 3759 Ἐπ’
3570 3707 3697 3779 ὅρος

2120 3791 2321 3862 ὑψηλὸν
2352 3792 2757 3863 ἀναϐησόμεθα,
2799 3795 2893 3847 κα)⁵
2932 3793 3219 3865 βοήσομεν,
3254 3798 3302 3849 εἱ
3347 3794 3422 3867 μὴ
3449 3797 3701 3850 κάτωθεν

2121 3881 2469 3953 ἁκουοῐμεθα.
2512 3881 2831 3955 ’Υψὼσομεν
2880 3885 2940 3938 τὸ
2977 3884 3234 3956 Πνεῦμα,
3282 3887 3343 3939 οὐ
3389 3887 3679 3960 φοϐηθησό

516 4070 560 4103 ¹⁸
588 4070 731 4125 Psal.
764 4069 958 4135 xttt,5.
1038 4069 1080 4101 ¹⁹
1103 4067 1257 4123 loan.
1291 4086 1331 4134 ι,
1360 4070 1413 4124 9.
1490 4070 1535 4100 ²⁰
1559 4067 1700 4123 Psal.
1745 4068 2013 4134 xxxv,10.
2091 4060 2132 4098 ’ί
2163 4069 2263 4122 lsa.
2299 4068 2485 4133 “52.
2561 4070 2606 4100 ²²
2639 4068 2739 4123 lsa.
2772 4082 2849 4134 xt,
2886 4068 2938 4123 9.

519 4241 628 4311 (12)
660 4240 730 4294 Τὸ
755 4240 1015 4309 Πνεῦμα.
1048 4240 1201 4295 Hunc
1223 4240 1398 4311 loctnn
1452 4241 1531 4294 sic
1554 4240 1774 4310 exponit
1824 4241 2009 4296 Elias:

453 4330 473 4364 ι
507 4309 752 4381 Spiritus
779 4324 1006 4381 vocatur
1061 4320 1115 4363 et
1137 4312 1252 4381 ipse
1284 4309 1487 4381 iPater,
1536 4322 1595 4363 ut
1626 4309 1748 4365 eum
1792 4312 2008 4375 dicitur,

447 4378 605 4439 Joan.
632 4395 707 4442 tv,
728 4378 799 4431 21
827 4396 839 4431 :
866 4399 884 4431 ι
913 4378 1251 4447 Spiritus—est
1271 4380 1431 4443 Dcus,
1452 4390 1504 4432 et
1526 4396 1638 4445 eos,
1668 4382 1762 4448 qui
1790 4382 2019 4434 adorant

450 4466 597 4513 eum,
632 4439 917 4519 iuSpiritu
943 4439 994 4503 et
1022 4451 1251 4503 veritate
1274 4439 1487 4517 oportet
1515 4439 1759 4504 adorare.
1800 4471 1822 4503 ι
1852 4450 2022 4519 Spiri-
2054 4439 2096 4492 Ι)

452 4532 538 4575 tus
560 4519 720 4573 etiam
752 4518 937 4581 Filius,
965 4519 1235 4573 utThren.
1253 4536 1328 4583 tv,
1349 4519 1451 4574 2t):
1482 4539 1500 4571 ι
1526 4522 1761 4589 Spiritus
1786 4518 1903 4573 oris
1924 4533 2021 4572 no-

449 4591 546 4646 Sll‘i
570 4589 816 4643 Christus
844 4589 1255 4659 Dominus.»_At
1291 4591 1525 4644 maxime
1554 4592 1767 4659 proprie
1790 4590 2022 4659 Spiritus

448 4671 695 4722 vocatur,
737 4669 955 4713 sanctus
1012 4659 1097 4712 ille
1154 4657 1405 4728 Spiritus,
1464 4657 1687 4728 dequo
1720 4657 1881 4715 Joan.
1927 4674 2019 4725 xv,

448 4732 519 4786 26
544 4749 558 4783 :
579 4749 597 4780 ι
619 4730 753 4800 [lum
788 4730 993 4800 venerit
1022 4727 1349 4795 Paracletus,
1372 4745 1530 4798 quem
1560 4727 1660 4800 ego
1686 4732 2020 4800 mitlautvo-

451 4801 534 4855 his
558 4815 586 4852 a
621 4797 798 4861 Patre,
824 4797 1054 4866 Spiritus
1074 4800 1338 4861 veritatis,
1370 4797 1457 4868 qui
1486 4817 1515 4852 a
1541 4797 1699 4854 Patre
1722 4798 2012 4869 procedit.»

452 4870 697 4925 Sumitur
744 4869 909 4938 etiam
974 4870 1075 4923 hoc
1133 4869 1447 4934 vocabulum
1511 4885 1610 4938 pro
1650 4872 1824 4935 dono,
1863 4870 2018 4938 juxta

454 4940 582 4995 illud
638 4938 786 4991 Pauli
814 4978 828 5002 ,
881 4936 1055 5010 Rom.
1085 4953 1213 5001 vut,
1261 4940 1328 4993 15
1356 4956 1409 4991 ει
1430 4936 1729 5008 Accepistis
1764 4936 2021 5010 Spiritum

454 5009 833 5079 adoptionis.)
872 5007 1058 5078 Augeli
1099 5011 1259 5062 etiam
1289 5010 1508 5077 spiritus
1534 5007 1819 5075 dicuntur,
1850 5019 1905 5061 ut
1937 5024 2019 5076 ps.

451 5078 581 5142 cm,
606 5080 639 5132 1
675 5095 690 5131 :
738 5097 755 5128 ι
779 5078 877 5143 Qui
904 5079 1037 5131 facis
1064 5079 1283 5146 angelos
1307 5090 1427 5133 tuos
1463 5080 1700 5148 spiritus.
1740 5099 1758 5132 ι
1801 5079 2025 5133 Animus

455 5165 668 5218 quoque
701 5150 917 5216 spiritus
958 5158 1196 5212 vocatur,
1222 5159 1279 5201 ιιι
1312 5150 1445 5218 psal.
1487 5166 1615 5215 xxx,
1650 5151 1721 5204 6:
1769 5169 1787 5202 ι
1820 5149 1875 5203 In
1905 5163 2026 5202 ma-

456 5236 559 5273 nus
598 5229 718 5272 tuas
763 5219 1079 5271 commendo
1111 5221 1355 5287 spiritum
1412 5236 1609 5273 meum.
1642 5241 1661 5272 ι
1724 5220 2021 5289 Usurpatur

456 5291 583 5345 item
628 5304 725 5357 pro
776 5299 957 5359 vento,
995 5298 1053 5341 ut
1089 5289 1225 5354 psal.
1252 5304 1451 5355 exuit,
1494 5290 1522 5340 7
1561 5306 1573 5340 :
1618 5311 1635 5342 ι
1673 5287 2024 5359 ΕΙιιὺίιὲρίι-ἰέ

458 5369 546 5413 tus
584 5356 727 5424 tuus,
757 5366 812 5411 et
843 5356 1011 5410 ﬂuent
1039 5373 1208 5427 aquae.
1245 5379 1265 5411 ι
1312 5362 1544 5428 Spiritus
1574 5363 1704 5415 item
1736 5356 1931 5415 dicitur
1974 5358 2026 5428 id

456 5431 603 5553 good
642 5428 835 5482 litterae
877 5429 1188 5509 opponitur,
1219 5439 1277 5511 ut
1314 5427 1370 5483 in
1420 5433 1524 5484 hoc
1569 5434 1753 5511 Apost.
1805 5430 1944 5495 loco,
1980 5427 2025 5480 ll

505 5514 586 5551 or.
640 5514 698 5552 ιιι
724 5539 739 5553 .
768 5496 803 5552 ϐ
834 5515 848 5551 :
884 5516 901 5548 ι
927 5497 1130 5553 Littera
1159 5514 1298 5552 enim
1332 5502 1549 5553 occidit.
1583 5501 1807 5553 soirttus
1844 5510 2025 5553 autem

505 5514 600 5570 or.
640 5514 739 5563 ιιι,
768 5496 803 5552 ϐ
827 5515 848 5570 ς
884 5516 901 5548 ι
927 5497 1130 5570 Littera
1159 5501 1298 5552 enim
1332 5502 1549 5564 occidit,
1583 5496 1807 5570 spiritus
1844 5510 2025 5554 autem

461 5568 717 5640 _v_ivilleat.
751 5587 768 5619 ι
814 5569 1070 5640 υἰίὼοιιιε
1134 5585 1346 5639 quoque
1390 5568 1629 5640 spiritus
1666 5581 1909 5635 vocatur,
1971 5576 2030 5621 ut

457 5637 771 5711 ‘Ma‘tthaxn,
798 5639 869 5711 45
896 5654 910 5692 :
947 5657 965 5689 ι
988 5638 1122 5692 Cum
1151 5637 1329 5696 autem
1360 5637 1664 5698 immundus
1691 5640 1909 5711 Spiritus
1928 5654 2026 5697 ex-

458 5708 583 5765 ierit
616 5708 683 5765 ab
710 5709 945 5778 homine,
973 5720 1078 5765 etc.
1110 5729 1130 5763 ι

2195 4239 2399 4314 (15)Τό
2423 4241 2639 4311 Ἀγιον.
2669 4261 2687 4293 ι
2719 4242 3000 4310 Spiritusa
3033 4243 3190 4299 Patre
3217 4247 3537 4314 procedens,
3566 4268 3587 4300 ι
3619 4251 3707 4303 in-

2122 4314 2238 4380 quit
2274 4312 2438 4391 ljjlias,
2498 4332 2517 4364 ι
2553 4315 2765 4391 prppria
2804 4314 3002 4391 dicitur
3057 4312 3300 4391 sanctus,
3326 4385 3339 4391 _
3366 4328 3553 4386 utpote
3607 4323 3704 4391 qui

2126 4382 2445 4459 sanctilicet,
2474 4397 2539 4437 ac
2566 4383 3018 4459 sanctitatislous
3048 4386 3261 4459 sit._Per
3292 4382 3516 4442 abusum
3547 4382 3703 4459 vero,

2126 4462 2180 4503 et
2232 4453 2458 4524 angelis,
2505 4463 2560 4507 et
2604 4454 2811 4524 sanctis
2841 4454 3114 4524 tribuitur,
3152 4457 3384 4524 itemque
3420 4460 3678 4513 omnibus

2122 4534 2239 4585 quae
2262 4503 2364 4588 pé’r'
2376 4503 2623 4591 Spiritus
2637 4503 2817 4576 ganea
2845 4503 3703 4593 ‘p.’.-.‘.‘c‘.;;.;.a'.;;.'.;..:"s'..agnita;

2124 4601 2230 4642 tur.
2269 4592 2324 4643 Id
2353 4607 2572 4664 quoque
2605 4603 2869 4664 sanctum
2910 4595 3142 4664 dicitur,
3167 4596 3311 4664 quod
3348 4612 3698 4664 segregatum

2215 4627 2230 4642 .
2269 4614 2324 4643 ru
2353 4614 2572 4660 quoque
2624 4614 2869 4660 satietur"
2922 4614 3142 4658 utCItur,
3167 4614 3311 4660 quoa
3348 4614 3698 4660 segregatum

2124 4615 2230 4642 IUI‘.
2269 4615 2324 4643 lu
2353 4615 2572 4660 quoque
2624 4615 2869 4660 sanetur"
2922 4615 3142 4658 UlCIllll‘,
3167 4615 3311 4664 quoa
3348 4615 3698 4664 segl'CKaIIIHI

2122 4672 2225 4723 est,
2274 4663 2412 4715 utin
2452 4662 2555 4716 isto
2604 4661 2719 4716 loco
2750 4663 2920 4717 Exaudi
2946 4665 3155 4728 xtx,6:
3198 4684 3217 4717 ι
3259 4665 3364 4721 Vcs
3390 4672 3541 4725 eritis
3565 4674 3707 4729 mibi

2123 4745 2255 4799 gens
2274 4742 2481 4795 Sancta,
2509 4741 2612 4786 etc.
2654 4751 2674 4782 ι
2828 4738 2837 4746 “

2196 4798 2306 4869 (ll)
2338 4802 2495 4855 Μετὰ
2530 4799 2669 4867 τῶν,
2712 4813 2815 4857 etc.
2871 4821 2889 4854 ι
2919 4801 3189 4859 Adhibitis
3249 4808 3706 4869 convenientibus

2125 4869 2248 4923 huic
2285 4871 2631 4938 disputationi
2659 4876 2995 4927 testimoniis.
3023 4893 3043 4925 ι

2125 4939 2304 5062 mgf.)
2352 4940 2618 5009 Ἑτέρως.
2669 4942 2918 4997 Basiliam
2968 4954 3024 4999 et
3066 4946 3386 5016 Gregorium
3443 4950 3703 5024 intellith

2146 5027 2288 5064 anas.

2134 5114 2137 5117 -
2197 5079 2309 5149 (16)
2353 5079 2543 5135 Ταῦτα
2570 5080 2842 5146 ἐκείνοις.
2883 5079 3032 5137 Hanc
3058 5083 3345 5140 lectionem
3382 5098 3566 5145 tuetur
3589 5092 3705 5146 Bil-

2127 5150 2531 5226 lius._Savilius
2571 5162 2750 5226 autem
2787 5153 3084 5226 legendum
3147 5159 3446 5226 contendit,
3500 5163 3701 5226 ταῦτά,

2134 5236 2153 5269 ι
2184 5221 2412 5295 cadenti
2430 5239 2448 5272 ι
2491 5229 2546 5274 et
2568 5218 3383 5295 subintelligit,_5ptloco<poﬁpsv.

2198 5290 2308 5374 (l7)
2354 5291 2422 5341 Ὃ
2455 5292 2880 5359 πρεσϐεύομεν.
2942 5291 3074 5362 Reg.
3107 5311 3137 5346 a
3169 5290 3232 5349 iet
3265 5290 3367 5351 'Or.
3392 5299 3445 5368 1,
3473 5293 3520 5370 ᾧ
3568 5320 3707 5376 πρε-

2130 5357 2411 5409 σϐευουεν.

2198 5376 2411 5412 ευουεν.

2202 5376 2688 5505 όμεθα.
2719 5429 2905 5505 Copti).
2918 5471 2933 5495 ,
2951 5434 3270 5505 ἀρχόμεθα.

2200 5500 2311 5570 (19)
2341 5501 2684 5581 Θεοξογξαν.
2743 5499 3168 5581 ιΉΤιιροιοιζ-ιεξ-..ίι
3213 5507 3376 5565 Cois].
3426 5512 3480 5579 1,
3514 5515 3708 5581 ὁμολο-

2128 5568 2330 5641 γίανίι
2363 5568 2650 5624 confessio.
2693 5589 2712 5622 ι
2746 5572 2837 5625 Sic
2865 5568 3225 5641 legit—Billius.

2130 5639 2313 5765 m(£20)
2339 5641 2756 5712 Κηρύσσομεν.
2814 5639 3002 5703 Plures
3061 5648 3274 5703 codices
3344 5653 3709 5728 praemittunt,
