3890 6214
212 224 310 280 ιω

1166 280 1175 289 ,
1237 221 1496 281 ORATIO
1529 223 1727 279 XXXI.
1769 257 1838 267 —
1877 224 2326 283 TIIEOLOGICA
2365 227 2432 282 ν.

3357 223 3460 281 158

210 338 369 411 μεθα.
414 339 477 392 Et
501 339 557 392 δὲ
590 340 680 392 καὶ
716 337 1157 411 φοϐηθησόμεθα,
1187 340 1570 413 ἡσυχάζοντες,
1596 342 1656 395 ού
1691 359 1782 414 κη-

1895 343 2124 401 diamur.
2161 343 2418 413 Spiritum
2463 342 2768 409 ederemus,
2802 357 2907 397 non
2958 351 3277 399 metuemus.
3306 341 3460 410 Quod

207 430 522 504 ρύσσοντες.

277 611 351 664 A'.
382 610 447 663 Εἰ
478 606 548 682 ἦν
597 612 686 665 ὅτε
724 614 823 666 οὐκ
865 608 933 684 ἧν
965 613 994 666 6
1034 613 1241 686 Πατὴρ,
1279 610 1348 687 ἦν
1389 615 1476 668 ὅτε
1515 615 1614 669 οὐκ
1651 612 1718 688 ἦν
1755 616 1783 669 6

208 701 358 764 Υἱός.
388 701 452 755 Ei
475 698 544 774 ἦν
573 703 663 756 ὅτε
692 704 792 757 οὐκ
812 699 882 775 ἦν
903 706 932 757 6
956 705 1105 769 Υἱὸς,
1135 701 1203 776 ἦν
1225 706 1313 758 ὅτε
1335 706 1536 760 οὐδὲτὸ
1559 707 1785 779 Πνεῦμα

204 792 269 846 τδ
300 794 455 861 ἅγιον
490 793 624 863 (21).
659 796 722 848 Ei
759 795 820 849 τὸ
858 795 916 848 ἓν
951 791 1020 867 ἦν
1060 796 1154 850 ἀπ’
1191 797 1527 869 ἀρχῆςμκαὶ
1560 797 1628 852 τὰ
1655 798 1783 871 τρία

108 954 127 967 .
204 881 276 957 ἦν
301 887 436 958 (22).
466 888 528 939 Εἰ
571 887 633 940 τὸ
670 886 728 942 ἓν
776 889 927 942 κάτω
972 889 1202 960 βάλλεις,
1241 889 1445 962 τολμῶ,
1486 891 1581 945 καὶ
1618 891 1780 961 λέγω,

210 977 347 1048 μηδὲ
379 978 447 1031 τά
467 977 561 1031 δύο
592 979 691 1049 Θῇς
716 978 829 1032 ἀνω
861 980 995 1051 (23).
1028 981 1123 1045 Τίς
1151 980 1260 1053 γὰρ
1286 981 1508 1046 ἀτελοῦς
1533 982 1783 1054 θεότητος

202 1068 392 1139 ὄνησις
417 1085 451 1147 ;¹
479 1070 701 1149 Μᾶλλον
738 1070 794 1123 δὲ
838 1071 921 1135 τίς
967 1070 1178 1144 θεότης,
1226 1076 1275 1127 εί
1315 1075 1390 1147 μὴ
1417 1074 1598 1128 τελεία
1628 1075 1780 1148 (2i);

204 1159 401 1214 Τελεία
427 1160 483 1214 δὲ
513 1161 649 1227 πῶς,
758 1163 934 1219 λείπει
978 1183 1032 1219 τι
1070 1166 1205 1237 πρὸς
1245 1166 1556 1232 τελείωσιν;
1592 1167 1783 1222 Λείπει

202 1252 263 1307 δέ
297 1272 435 1318 πως,
476 1253 550 1327 μὴ
596 1257 797 1331 ἐχούσῃ
832 1257 893 1311 τὸ
941 1259 1116 1328 ἅγιον.
1153 1259 1306 1330 Ἐχοι
1343 1259 1390 1312 δ’
1421 1259 1488 1314 ἂν
1530 1260 1670 1325 πῶς,
1708 1262 1782 1334 μὴ

201 1343 362 1399 τοῦτο
391 1345 622 1416 ἓχουσα;
657 1349 719 1401 Εἰ
759 1347 869 1420 γὰρ
914 1349 1026 1421 (ἓό)
1065 1350 1198 1422 άλλη
1251 1367 1336 1414 τις
1374 1352 1526 1423 ποιρά
1558 1351 1716 1413 τοῦτο
1748 1355 1782 1425 ἡ

204 1436 455 1508 ἁγιότης,
485 1440 578 1493 καὶ
597 1440 719 1511 ἦτις
748 1440 887 1512 αὕτη
921 1445 1143 1506 νοεῖται,
1184 1442 1389 1512 λεγέτω
1418 1462 1500 1510 τις
1523 1462 1537 1476 ·
1567 1445 1598 1517 ἢ
1624 1445 1783 1517 εῐπερ

200 1529 236 1597 ἡ
267 1527 427 1599 αὐτὴ,
461 1528 578 1593 πῶς
605 1531 707 1583 οὐκ
737 1531 832 1583 ἀπ’
858 1532 1031 1603 ἀρχῆς
1057 1550 1072 1598 ;
1108 1531 1297 1603 ὥσπερ
1325 1531 1435 1605 (26)
1471 1531 1699 1604 ἄμεινον’
1724 1534 1782 1589 ὃν

201 1615 284 1688 τῷ
310 1617 451 1689 Θεῷ,
481 1614 617 1674 εἷναί
647 1639 775 1675 ποτε
809 1621 1006 1687 ἀτελεῖ,
1041 1623 1133 1676 καὶ
1160 1622 1281 1694 δίχα
1310 1622 1404 1677 τοῦ
1440 1624 1777 1698 Πνεύματος.

1885 435 1930 491 si
1975 437 2140 490 etiam
2186 445 2510 501 metuemus,
2556 437 2608 490 id
2653 436 2724 489 ita
2750 434 2876 501 erit,
2911 442 2969 488 ut
3009 433 3311 504 quiescere,
3352 449 3462 490 non

1884 527 2198 596 praedicare,
2227 536 2553 582 metuamus.

1954 616 2042 671 IV.
2072 618 2129 672 Si
2180 617 2295 673 fuit
2347 627 2557 690 tempus
2617 632 2741 673 cum
2800 631 2906 671 non
2961 625 3104 672 esset
3134 613 3314 681 Pater,
3361 614 3462 670 fuit

1883 725 2096 781 quoque
2145 724 2269 765 cum
2332 725 2436 765 non
2495 719 2642 765 esset
2705 708 2896 763 Filius.
2953 708 3010 763 Si
3082 707 3185 764 fuit
3249 719 3461 779 tempus

1884 817 2006 855 cum
2070 817 2175 857 non
2246 809 2392 857 esset
2448 800 2666 867 Filius,
2757 801 2858 855 fuit
2937 815 3147 870 quoque
3221 814 3344 855 cum
3394 813 3463 854 ne

1886 891 2120 964 Spiritus
2148 893 2364 964 quidem
2415 903 2577 948 esset.
2637 892 2694 947 Si
2723 908 2887 946 unum
2932 907 2963 946 a
3018 891 3283 961 principio
3320 900 3458 957 erat,

1884 984 2073 1052 utique
2099 993 2155 1038 et
2189 984 2310 1037 tria.
2345 981 2400 1038 Si
2451 998 2616 1037 unum
2658 983 2866 1053 dejicis,
2916 983 3092 1037 audax
3125 984 3231 1038 hoc
3259 983 3458 1044 dicam,

1886 1090 1952 1129 ne
1977 1077 2081 1129 duo
2113 1075 2330 1144 quidem
2358 1076 2638 1145 superiore
2697 1075 2815 1129 loco
2853 1074 3102 1128 colloces.
3156 1073 3285 1141 Quae
3312 1073 3458 1128 enim

1886 1163 2218 1234 imperfeczae
2252 1165 2471 1219 deitatis
2498 1164 2738 1219 utilitas?
2767 1164 2878 1219 lmo
2905 1177 3025 1233 qua:
3050 1162 3244 1227 deitas,
3281 1163 3325 1217 si
3367 1163 3462 1216 im-

1884 1255 2429 1327 perfecta?Perl‘ecta
2467 1267 2645 1310 autem
2673 1255 2940 1326 quomodo
2995 1254 3123 1321 erit,
3167 1254 3219 1308 in
3260 1269 3366 1324 qua
3393 1255 3459 1308 ad

1881 1347 2270 1417 perfectionem
2295 1347 2498 1416 aliquid
2530 1347 2900 1401 desideretur?
2925 1346 3275 1401 Desideratur
3291 1346 3459 1409 enim,

1884 1440 1927 1494 si
1946 1440 2232 1495 sanctitate
2242 1438 2599 1494 careat.Hanc
2612 1453 2774 1508 porro
2791 1437 3063 1508 quomodo
3079 1437 3278 1491 habere
3294 1444 3460 1507 queat

1884 1530 1940 1585 ni
1970 1530 2234 1602 Spiritum
2272 1531 2508 1586 habeat?
2536 1528 2595 1585 Si
2646 1531 2789 1584 enim
2847 1530 2950 1584 alia
2983 1529 3229 1600 quedam
3267 1537 3462 1598 praeter

1887 1623 2035 1678 illum
2065 1622 2329 1679 sanctitas
2384 1632 2491 1688 est,
2523 1637 2643 1692 qua:
2698 1622 2912 1677 tandem
2975 1622 3061 1674 illa
3113 1619 3459 1690 intelligenda

204 1708 270 1762 Εἰ
303 1710 379 1782 μὴ
405 1688 499 1764 ἀπ’
528 1713 703 1784 ἀρχῆς
730 1709 821 1785 ἦν,
852 1717 968 1785 μετ’
997 1714 1132 1785 ἐμοῦ
1175 1688 1454 1782 τέτακται,
1477 1688 1654 1771 καὶ-εί
1689 1688 1781 1789 μι-

1895 1718 1958 1773 sit
1991 1718 2135 1772 dicat
2158 1718 2458 1787 quispiam:
2494 1688 2613 1781 aut,
2637 1715 2681 1770 si
2712 1714 2929 1786 quidem
2977 1714 3164 1767 eadem
3214 1688 3328 1767 hare
3355 1720 3458 1776 est,

200 1801 337 1871 χρὸν
364 1802 472 1872 πρὸ
495 1803 629 1873 ἐμοῦ
646 1822 660 1835 ’
688 1806 863 1876 χρόνῳ
886 1805 995 1877 γάρ
1020 1807 1126 1861 ἀπὸ
1147 1806 1281 1860 Θεοῦ
1309 1806 1421 1880 (27)
1444 1825 1502 1861 τε
1513 1808 1778 1879 μνὸμεθα.

1895 1807 2015 1877 quid
2080 1805 2259 1862 afferri
2311 1815 2513 1877 potest,
2564 1807 2915 1876 quamobrem
2979 1821 3086 1860 non
3127 1805 3237 1875 jam
3284 1803 3459 1859 iudea

200 1892 269 1944 Εἰ
295 1892 558 1947 τέτακται
590 1897 708 1965 μετ’
744 1894 899 1967 ἐμοῦ,
929 1895 1046 1961 πῶς
1086 1896 1185 1968 ἐμὲ
1234 1899 1376 1951 ποιεῖ
1400 1895 1560 1963 θεόν;
1597 1897 1630 1970 ἦ
1665 1897 1782 1962 πῶς

1895 1899 2149 1968 principio
2166 1897 2352 1953 fuerit?
2369 1897 2531 1964 Quasi
2547 1911 2674 1952 vero
2692 1897 3002 1967 praestiterit
3023 1896 3153 1961 Deo,
3173 1896 3462 1967 aliquando

202 1985 470 2038 συνάπτει
504 1985 748 2057 θεότητι;

1895 1988 2262 2058 imperfectum
2290 1990 2586 2056 exstitisse,
2618 2003 2680 2044 ac
2734 1979 2967 2057 Spiritus
3021 1996 3316 2057 expertem.
3340 1987 3399 2042 Si
3429 2003 3461 2041 a

202 2081 475 2151 principio
504 2098 609 2136 non
662 2094 798 2147 erat,
857 2098 991 2138 mea:
1040 2083 1235 2139 classis
1275 2092 1437 2152 atque
1462 2081 1671 2138 ordinis
1708 2090 1813 2150 est,
1850 2084 2063 2138 etiamsi
2093 2100 2181 2140 me
2211 2084 2455 2140 nonnihil
2492 2083 2792 2139 antecedat.
2824 2083 3105 2154 Temporis
3128 2084 3268 2139 enim
3299 2083 3463 2138 inter-

202 2173 360 2228 stitio
413 2191 443 2229 a
486 2175 594 2230 Deo
641 2176 969 2230 dirimimur.
1037 2173 1202 2232 l‘orro
1262 2176 1305 2231 si
1349 2176 1588 2247 ejusdem
1658 2190 1867 2231 mecum
1910 2177 2101 2234 classis
2136 2187 2240 2244 est,
2271 2193 2380 2250 quo
2399 2188 2559 2249 pacto
2605 2192 2691 2233 me
2757 2177 2917 2233 deum
2977 2176 3176 2234 eﬂicit?
3222 2185 3315 2231 aut
3355 2190 3463 2247 quo

202 2275 363 2333 pacto
398 2281 518 2321 cum
548 2266 747 2321 deitate
782 2265 1098 2337 conjungit?

273 2360 353 2415 E’.
390 2361 606 2416 Μᾶλλον
631 2362 687 2415 δὲ
729 2361 1075 2433 φιλοσοφήσω
1106 2379 1189 2415 σοι
1227 2363 1356 2433 περ)⁹
1381 2362 1545 2417 αὐτοῦ
1584 2362 1780 2435 μικρὸν

200 2454 442 2509 ἄνωθεν·
476 2456 605 2526 περὶ
631 2456 860 2527 Τριάδος
909 2454 1017 2529 γὰρ
1054 2456 1149 2510 καὶ
1206 2457 1469 2528 πρότερον
1501 2456 1781 2527 διειλήφει-

204 2562 328 2616 μεν.
395 2547 468 2599 T6
504 2545 731 2618 Πνεῦμα
782 2549 842 2600 τὸ
893 2548 1046 2616 ἆγιον
1107 2548 1448 2602 Σαδδουκαῖοι
1499 2547 1598 2619 μὲν
1661 2547 1782 2601 οὐδὲ

201 2634 343 2690 εἶναι
392 2637 451 2689 τὸ
498 2638 756 2708 παράπαν
809 2639 1099 2708 ἐνόμισανο
1153 2639 1272 2692 οὐδὲ
1330 2639 1438 2709 γὰρ
1491 2639 1780 2707 ἀγγέλους,

201 2728 327 2783 οὐδὲ
359 2730 652 2783 ἀνάστασιν
678 2747 692 2761 °
745 2731 844 2783 οὐκ
897 2726 991 2783 οἷδ’
1025 2730 1146 2783 ὅθεν
1200 2729 1298 2792 τὰς
1345 2729 1614 2794 τοσαύτας
1657 2732 1785 2803 περὶ

202 2820 375 2875 αὐτοῦ
417 2821 723 2893 μαρτυρίας
755 2823 813 2875 ὲν
867 2825 933 2894 τῇ
970 2821 1182 2893 Παλαιᾷ
1220 2821 1632 2886 διαπτύσαντες.
1674 2823 1792 2877 Ἐλ-

201 2916 386 2985 λήνων
434 2915 489 2969 δὲ
530 2916 579 2969 οἱ
615 2914 1076 2987 Θεολογικώτεροι,
1112 2917 1203 2969 καὶ
1233 2914 1431 2985 μᾶλλον
1460 2917 1594 2987 ἡμῖν
1618 2933 1789 2987 προσ-

202 3006 527 3075 εγγίσαντες
553 3047 567 3071 ,
604 3005 1019 3076 ἐφαντάσθησαν
1051 3007 1171 3077 μὲν,
1196 3006 1270 3070 ὡς
1307 3009 1430 3078 ἐμοὶ
1452 3008 1633 3061 δοκεῖ·
1659 3009 1789 3079 περὶ

1960 2363 2028 2418 ν.
2066 2364 2172 2420 Sed
2243 2379 2421 2436 operae
2465 2365 2698 2434 pretium
2743 2364 3012 2419 facturum
3078 2379 3165 2420 me
3210 2373 3360 2434 puto,
3414 2363 3462 2421 si

1892 2454 1961 2511 de
1980 2470 2052 2510 eo
2074 2455 2238 2512 altius
2264 2456 2542 2527 aliquanto
2598 2448 3015 2527 disputationem
3036 2466 3298 2525 repetam.
3325 2455 3461 2511 Nam

1888 2548 1956 2603 de
1976 2547 2241 2603 Trinitate
2272 2548 2422 2618 prius
2440 2546 2554 2616 jam
2577 2562 2606 2601 a
2635 2548 2792 2603 nobls
2812 2556 2896 2602 est
2917 2555 3321 2616 pertractatum.
3341 2545 3462 2616 Spi-

1887 2639 2053 2695 ritum
2083 2650 2329 2696 sanctum
2356 2638 2633 2696 Sadducaei
2666 2639 2884 2710 penitus
2934 2654 3041 2694 non
3071 2653 3193 2695 esse
3229 2652 3460 2694 censue-

1891 2739 2047 2798 runt;
2077 2731 2526 2802 quemadmodum
2580 2745 2680 2786 nec
2709 2729 2951 2800 angelos,
2984 2743 3084 2784 nec
3110 2730 3463 2785 resurrectio-

1888 2837 2046 2876 nem:
2082 2823 2277 2892 quibus
2329 2823 2472 2878 haud
2528 2822 2642 2877 scio
2692 2822 2820 2890 quid
2883 2820 3163 2885 acciderit,
3206 2829 3266 2874 ut
3292 2829 3369 2875 tot
3398 2835 3463 2875 ac

1888 2924 2037 2970 tanta
2080 2918 2147 2972 de
2176 2931 2241 2971 eo
2270 2916 2324 2970 in
2376 2915 2744 2971 instrumento
2788 2913 2972 2969 Veteri
3010 2913 3316 2969 testimonia
3362 2929 3462 2984 pro

1888 3006 2056 3062 nihilo
2084 3006 2369 3061 haberent.
2403 3006 2504 3074 Qui
2531 3018 2712 3061 autem
2738 3006 2878 3075 apud
2908 3004 3150 3060 ethnicos
3183 3005 3465 3075 theologia:

202 3098 264 3153 δὲ
324 3097 422 3169 τὴν
468 3097 659 3170 κλῆσιν
713 3097 1091 3171 διηνέχθησαν,
1136 3099 1260 3153 νοῦν
1301 3098 1395 3152 τοῦ
1432 3100 1654 3165 παντὸς,
1691 3100 1782 3155 καὶ

1895 3099 2049 3153 laude
2074 3099 2247 3170 magis
2269 3100 2662 3165 excelluerunt,
2705 3096 2868 3167 559
2913 3096 3238 3166 prepinsque
3271 3098 3337 3151 ad
3363 3110 3462 3151 nos

201 3191 301 3248 τὸν
335 3190 564 3262 Θύραθεν
597 3190 739 3255 νοῦν,
760 3192 853 3246 καὶ
878 3191 945 3245 τά
974 3192 1196 3245 τοιαῦτα
1223 3192 1781 3265 προσαγορεύσαντες.

202 3280 333 3335 Τῶν
379 3282 436 3336 δὲ
474 3281 596 3335 καθ’
638 3284 785 3354 ἡμᾶς
833 3282 1014 3352 σοφῶν
1053 3283 1200 3355 (28),
1247 3285 1295 3336 οἱ
1355 3284 1455 3354 μὲν
1505 3284 1786 3353 ἐνέργειαν

203 3371 367 3426 τοῦτο
398 3372 684 3434 ὑπέλαϐον,
717 3373 766 3426 οἱ
798 3372 854 3425 δὲ
894 3372 1120 3443 κτίσμα,
1164 3374 1212 3424 οἱ
1242 3372 1299 3425 δὲ
1331 3371 1486 3436 Θεὸν,
1523 3372 1571 3424 οἱ
1598 3371 1654 3425 δὲ
1686 3373 1785 3425 οὐκ

202 3462 454 3532 ἔγνωσαν
500 3463 759 3535 ὁπότερον
802 3464 1029 3527 τούτων,
1075 3462 1214 3516 αἰδοῖ
1249 3461 1349 3531 τῆς
1384 3462 1607 3532 Γραφῆς
1646 3461 1783 3534 (29),

202 3555 283 3618 ῶς
312 3570 495 3622 φασιν,
530 3553 605 3617 ὡς
643 3553 797 3607 οὐδὲν
829 3554 1012 3626 ἕτερον
1050 3552 1161 3623 (50)
1208 3552 1394 3622 σαφῶς
1441 3552 1782 3623 δηλωσάσης.

204 3648 319 3700 Καὶ
346 3646 435 3700 διὰ
466 3645 645 3710 τοῦτο,
671 3645 793 3698 οὐτε
839 3646 1106 3712 σέϐουσιν,
1143 3643 1266 3698 οὐτε
1300 3642 1648 3714 ἀτιμάζουσι,
1691 3644 1787 3715 μέ-

206 3756 319 3803 σως
349 3756 466 3803 πως
494 3737 624 3810 περὶ
644 3737 806 3791 αὐτοῦ
842 3737 1192 3807 διακείμενοι,
1227 3734 1426 3806 μᾶλλον
1451 3735 1508 3787 δὲ
1537 3734 1630 3788 καὶ
1664 3735 1785 3788 λίαν

206 3829 431 3894 ἀθλίως.
470 3831 581 3884 Καὶ
638 3828 746 3883 τῶν
790 3828 923 3882 Θεὸν
971 3827 1375 3897 ὑπειληφότων,
1423 3828 1472 3878 οἱ
1527 3825 1625 3897 μὲν
1658 3826 1785 3897 ἄχρι

203 3922 447 3985 διανοίας
488 3923 627 3975 εἰσὶν
658 3920 922 3986 εὐσεϐεῖς,
951 3920 1000 3974 οἱ
1029 3920 1087 3972 δὲ
1120 3917 1390 3988 τολμῶσιν
1421 3917 1662 3970 εὐσεϐεῖν
1691 3916 1785 3968 καὶ

203 4014 323 4075 τοῖς
351 4011 605 4082 χείλεσιν.
638 4010 844 4063 Ἀλλων
871 4010 928 4063 δὲ
955 4010 1166 4080 ἥκουσα
1191 4007 1529 4080 μετρούντων
1556 4005 1785 4076 θεότητα
1812 4034 1829 4051 ο

207 4101 535 4171 σοφωτέρων
562 4100 697 4171 (51),
732 4101 780 4153 οἳ
815 4100 941 4172 τρία
972 4100 1071 4171 μὲν
1095 4094 1234 4152 εἶναι
1261 4097 1385 4152 καθ’
1421 4098 1567 4169 ἡμᾶς
1597 4096 1788 4167 ὁμολο-

203 4191 369 4261 γοῦσι
400 4191 469 4246 τὰ
505 4192 789 4262 νοούμενα,
821 4191 1070 4245 τοσοῦτον
1112 4190 1168 4242 δὲ
1205 4188 1448 4260 ἀλλήλων
1476 4188 1785 4258 διέστησαν,

205 4284 286 4348 ὡς
316 4284 379 4337 τὸ
410 4284 528 4356 μὲν,
565 4286 660 4338 καὶ¹
701 4283 857 4355 οὐσίᾳ
899 4284 992 4337 καὶ
1032 4282 1260 4353 δυνάμει
1301 4282 1471 4334 ποιεῖν
1500 4279 1783 4350 ἀόριστον·

201 4378 267 4430 τδ
295 4377 375 4442 δὲ,
401 4377 628 4449 δυνάμει
669 4377 787 4447 μὲν,
815 4377 914 4430 οὐκ
954 4375 1110 4446 οὐσίᾳ
1141 4374 1199 4427 δέ
1221 4390 1234 4404 ⁸
1264 4373 1325 4426 τὸ
1362 4373 1420 4425 δὲ
1459 4371 1788 4443 ἀμφοτέροις

202 4471 617 4543 περιγραπτόν·
659 4470 816 4525 ἄλλον
864 4469 1061 4540 τρόπον
1117 4465 1464 4540 μιμούμενοι,
1511 4464 1636 4527 τούς
1687 4463 1782 4533 δη-

207 4582 335 4637 μιου
345 4562 494 4635 ργὸν,
521 4563 616 4617 καὶ
640 4562 919 4633 συνεργὸν,
946 4561 1039 4614 καὶ
1064 4559 1371 4629 λειτουργὸν
1396 4556 1781 4626 ὀνομάζοντας,

202 4658 305 4711 καὶ
329 4655 429 4727 τὴν
470 4656 528 4708 ἐν
557 4658 669 4719 τοῖς
705 4655 929 4724 ὀνόμασι
959 4652 1111 4717 τάξιν
1149 4652 1245 4705 καὶ
1287 4651 1465 4722 χάριν,
1505 4648 1615 4701 τῶν
1644 4665 1783 4718 πρα-

203 4748 437 4819 γμάτων
467 4746 579 4816 (32)
607 4744 923 4800 ἀκολουθίαν
953 4739 1092 4796 εἶναι
1131 4740 1450 4811 νομίζοντας
1484 4739 1616 4809 (55).

298 4884 395 4953 21)
420 4882 492 4953 Τὸ
524 4881 711 4951 ἅγιον.
735 4879 892 4953 Deest
919 4881 972 4953 in
1003 4878 1209 4953 duobus
1234 4875 1478 4953 Regg._et
1500 4871 1591 4953 Or.

438 4939 584 5075 Ἦέί
601 4952 758 5007 Deest
792 4950 846 5004 in
902 4950 1108 5006 duobus
1137 4939 1591 5016 Reggfquinqne'
1627 4939 1780 4995 Colb.

306 5040 339 5075 ιι
386 5035 477 5075 .et
546 5036 624 5075 as.

202 5024 400 5081 Cornb.
424 5035 477 5077 et
498 5024 624 5076 Bas.

277 5078 394 5165 (25)
412 5094 596 5165 γἈνω.
623 5088 865 5165 Par.__ed.
885 5084 1284 5165 οάὰἰίηλὲγειν,
1299 5082 1440 5153 quod
1464 5078 1787 5136 auctoritate

204 5157 452 5218 melioris
481 5172 622 5216 notae
662 5160 908 5213 codicum
934 5157 1220 5211 erasimus.

280 5233 396 5303 (24)
440 5233 534 5296 Τίς
581 5228 897 5303 θεότηςηεί
935 5225 1022 5303 μὴ
1060 5221 1505 5303 τελεζαλϐρίει.
1538 5221 1574 5303 in
1599 5221 1780 5303 habet,

200 5288 566 5368 τίξθεὸτητος
592 5288 900 5371 ἡμιτελεία;
925 5288 952 5348 ι’
977 5288 1104 5371 Quae
1130 5294 1344 5371 deitatis
1377 5288 1771 5371 intpeltlfeetiob

277 5303 566 5368 ςθεότητος
634 5303 900 5371 μιτελεία;
925 5316 942 5348 ‹
977 5303 1104 5360 Quae
1130 5303 1344 5349 deitatis
1377 5303 1771 5360 tmpertecuon

277 5374 395 5442 (25)
439 5303 687 5442 Earl).
747 5370 934 5442 Plures
989 5366 1158 5442 Regg.
1225 5364 1460 5442 (minque
1512 5359 1662 5442 Colb.
1724 5367 1780 5412 et

1819 4417 1866 4476 D

1889 3200 2258 3254 accesserunt,
2318 3205 2413 3260 per
2446 3189 2734 3261 imaginem
2765 3191 3052 3259 quamdam
3112 3190 3308 3259 ipsum,
3340 3204 3464 3245 meo

1890 3283 2107 3354 quidem
2154 3282 2377 3352 judicio,
2437 3289 2832 3351 conceperunt,
2882 3280 3094 3335 tametsi
3149 3279 3201 3335 in
3247 3280 3466 3335 nomine

1887 3373 2281 3438 dissenserint,
2332 3370 2711 3426 Universitatis
2763 3383 2954 3439 nempe
2999 3379 3253 3435 mentem,
3283 3378 3338 3423 et
3365 3383 3463 3422 ex-

1891 3465 2177 3518 trinsecam
2205 3472 2460 3527 mentem,
2485 3464 2712 3533 aliisque
2743 3463 2794 3517 id
2814 3476 2985 3532 genus
3010 3462 3319 3518 nominibus
3335 3478 3460 3518 eum

1889 3555 2244 3625 appellantes.
2301 3554 2580 3610 Nostrates
2633 3568 2763 3609 vero
2809 3553 3096 3622 sapientes,
3128 3552 3324 3622 partim
3352 3553 3464 3606 vim

1888 3647 2178 3715 quamdam
2209 3657 2263 3700 et
2295 3645 2606 3700 facultatem
2635 3645 2808 3715 ipsum
2831 3644 3233 3709 existimarunt,
3266 3643 3465 3715 partim

1889 3748 2238 3805 creaturam,
2295 3739 2492 3809 partim
2580 3738 2747 3793 Deum
2803 3775 2814 3796 -.
2888 3739 3085 3808 partim
3124 3777 3142 3806 ,
3190 3747 3314 3793 utro
3367 3752 3465 3809 po-

1891 3830 1997 3884 tius
2050 3830 2270 3884 nomine
2340 3828 2611 3885 vocandus
2678 3839 2880 3892 esset,
2963 3828 3183 3884 minime
3252 3839 3463 3883 certum

1889 3934 1945 3977 et
1993 3921 2330 3993 exploratum
2377 3923 2705 3989 habuerunt,
2762 3937 2861 3988 ea,
2903 3930 2962 3976 ut
3012 3921 3206 3987 aiunt,
3253 3921 3464 3976 ratione

1889 4013 2085 4082 ducti,
2164 4014 2305 4083 quod
2372 4013 2649 4083 Scriptura
2727 4024 2975 4069 neutrum
3041 4012 3235 4066 horum
3304 4010 3464 4080 plane

1890 4112 2182 4174 aperteque
2244 4106 2685 4161 demonstrasset.
2751 4106 2830 4159 Ac
2878 4105 3105 4175 proinde
3132 4117 3234 4159 nec
3284 4103 3462 4171 ipsum

1889 4203 2239 4259 venerantur,
2299 4209 2399 4249 nec
2464 4204 2844 4260 contemnunt,
2891 4195 2987 4251 sed
3022 4194 3200 4249 medio
3226 4193 3460 4264 quodam

1891 4283 2067 4347 modo,
2120 4282 2205 4337 vel
2235 4283 2416 4352 potius
2446 4284 2640 4338 misere
2666 4284 2980 4353 perditeque
3027 4297 3159 4352 erga
3185 4298 3309 4338 eum
3348 4281 3465 4337 atii-

1891 4374 2125 4429 ciuntur.
2149 4374 2225 4427 Ex
2253 4374 2340 4428 his
2367 4389 2527 4444 porro
2553 4375 2646 4443 qui
2686 4374 2853 4428 Deum
2888 4375 3062 4443 ipsum
3104 4373 3356 4438 credunt,
3371 4373 3463 4443 alii

1891 4466 2071 4520 animo
2092 4474 2248 4519 tenus
2274 4465 2345 4534 pii
2392 4475 2555 4534 atque
2604 4466 2888 4520 orthodoxi
2949 4476 3109 4533 sunt;
3165 4464 3254 4518 alii
3304 4452 3465 4519 labiis

1891 4571 2105 4626 quoque
2132 4557 2264 4626 ipsis
2292 4557 2545 4625 pietatem
2570 4557 2812 4626 proﬁteri
2863 4573 2968 4611 non
3002 4564 3276 4611 verentur.
3312 4554 3465 4611 Alios

1890 4650 2051 4702 etiam
2087 4648 2346 4718 quosdam
2382 4648 2743 4717 sapientiores
2777 4649 2976 4711 audivi,
3002 4648 3095 4716 qui
3122 4647 3460 4702 divinitatem

1892 4738 2208 4804 metiuntur,
2237 4752 2301 4792 ac
2335 4737 2434 4791 tria
2463 4737 2702 4806 quidem,
2739 4735 2961 4805 perinde
2989 4749 3054 4789 ac
3083 4748 3203 4797 nos,
3235 4730 3462 4799 intelligi

1893 4866 2120 4934 pientes.
2154 4884 2172 4917 ι
2220 4866 2339 4920 Bill.
2386 4883 2405 4917 ι
2453 4874 2650 4919 nostra:
2709 4864 2902 4919 artatis.
2946 4881 2966 4917 ›
3009 4858 3314 4934 Oregorius
3372 4856 3463 4912 hic

1890 4930 2123 4990 ethnicis
2148 4938 2370 5005 opponit
2401 4936 2691 5002 sapientes,
2727 4936 2840 5005 qui,
2874 4936 2973 4987 etsi
2993 4930 3462 5005 Christiaﬂatnre—

1889 5006 2138 5081 ligionem
2171 4997 2540 5074 proﬁteantur,
2559 4997 2831 5081 erroribus
2863 5001 3197 5081 tamencirca
3227 4997 3463 5081 Trinita-

1890 5085 1993 5129 tem
2022 5076 2361 5136 imbuuntur;
2397 5090 2500 5128 non
2527 5083 2704 5126 autem
2732 5075 2921 5141 prisca:
2967 5075 3140 5125 aetatis
3161 5075 3456 5141 sapientes.

1983 5143 2072 5214 29)
2093 5143 2262 5214 Αὶδοῖ
2290 5135 2400 5211 τῆς
2422 5141 2687 5214 Γραφῇς.
2710 5135 2839 5197 ι’οὺ
2867 5141 2924 5195 S.
3048 5135 3456 5214 reverentiam.)-

1983 5146 2072 5214 29)
2093 5146 2262 5197 Αὶδοῖ
2290 5146 2400 5211 τῆς
2422 5146 2687 5211 Γραφῆς.
2710 5163 2726 5193 ι
2760 5146 2839 5197 Ob
2867 5146 2924 5195 ὃ.
2964 5146 3022 5195 S.
3048 5146 3456 5194 reverentiam.)

1882 5283 1905 5300 η
1960 5146 2073 5283 (5C)
2106 5213 2299 5267 Οὐδὲν
2319 5214 2541 5282 ἕτερον.
2584 5213 2717 5283 Reg.
2752 5217 2785 5266 h
2808 5223 2863 5266 et
2891 5212 3131 5280 quinque
3165 5207 3319 5263 Colb.
3351 5202 3462 5257 οὐδ’

1883 5301 1941 5336 ετ
1946 5302 1970 5337 ε
1978 5300 2088 5339 ρον.

1952 5302 1970 5337 ε
2010 5301 2088 5339 ον.

1952 5301 2064 5424 (gl)
2099 5352 2474 5421 Σοφωτέρων.
2504 5352 2560 5406 1η
2591 5341 2881 5416 nonnullis,
2928 5347 3258 5420 σοφώτερον,
3314 5363 3333 5396 ι
3376 5355 3454 5398 εδδ

202 5425 397 5498 (Ζοῖἶιίί
422 5425 932 5511 ἢίγάρῘιΑιιιοιιὶιιι
958 5425 1175 5511 ρειεῖιῖιι-
1195 5425 1434 5511 quaedam
1457 5430 1771 5511 sanctitas.»
1878 5425 2183 5511 pient‘ipsgp

278 5513 395 5583 (26)
421 5500 674 5583 ξ’Ὡίτᾲε-ρ.
713 5507 993 5583 _Sic_codd.
1018 5500 1274 5583 mendose
1303 5503 1354 5581 in
1372 5501 1521 5583 Aetli,
1580 5500 1772 5568 ὅσπερ.

274 5570 390 5651 (2T)
427 5570 911 5651 'Azdéeoﬁ._Duo
924 5575 1091 5651 _Colb.
1120 5574 1226 5651 ἀτξὸ
1249 5570 1343 5625 τοῦ
1366 5570 1529 5651 θεοῦ.

282 5639 389 5723 ⁵28)
426 5651 549 5707 Τῶν
567 5649 637 5703 δὲ
665 5647 792 5703 καθ’
827 5644 985 5715 ἡμᾶς
1031 5643 1258 5712 σοφῶν.
1306 5661 1325 5695 ι
1366 5639 1646 5696 Nostrates
1684 5652 1774 5692 sa-

524 5746 799 5807 ΡΑτιιοι.
833 5744 950 5804 Gn.
989 5741 1283 5806 XXXVI.

1951 5492 2063 5563 (5‘2)
2104 5491 2228 5545 Τῶν
2250 5491 2628 5561 πραγμάτων.
2669 5510 2688 5542 ι
2723 5491 2825 5545 Per
2857 5504 2942 5542 res
2975 5509 2994 5541 ι
3031 5488 3299 5560 significat
3327 5485 3459 5541 Grc-

1882 5565 2066 5634 gorius
2097 5580 2115 5610 ‹
2147 5572 2464 5634 naturarum
2486 5564 2797 5634 discrimen.
2825 5578 2850 5634 χ

1951 5633 2062 5704 (55)
2086 5630 2464 5703 Νομίζοντας.
2487 5631 2678 5689 Comb.
2712 5627 3067 5701 νομίζοντες.,

3106 5720 3145 5781 5
