3890 6214
498 294 599 353 B9

1736 294 1791 350 ε.
1833 294 2161 353 cneconn
2203 262 2547 354 TllEOLOGl

3651 300 3764 357 140

493 416 837 478 contltentur,
866 413 960 469 sed
989 428 1052 468 ea
1085 414 1158 468 ita
1191 413 1331 469 inter
1347 428 1406 469 se
1439 413 1772 482 disjungunt,
1810 423 1871 468 ut
1899 430 2062 468 unum
2103 431 2290 471 eorum
2321 424 2375 471 et
2434 413 2667 471 essentia
2718 421 2775 469 et
2840 421 3124 484 potestate,
3170 413 3437 471 inﬁnitum
3489 424 3764 480 statuant,

491 509 718 563 alterum
753 516 1049 576 potestate,
1109 524 1215 563 non
1244 509 1370 562 item
1419 507 1678 571 essentia,
1730 517 2065 575 postremum
2107 518 2336 579 utroque
2361 506 2855 577 circumscriptum.
2887 507 2980 563 Sic
3022 507 3127 561 alio
3156 508 3389 577 quodam
3449 510 3609 562 modo
3664 524 3766 562 eos

492 587 909 673 imitantttr,,qtti
935 602 1208 671 opificem,
1268 613 1322 657 et
1354 603 1752 671 cooperarium,
1841 614 1896 658 et
1963 602 2051 656 mit

2155 604 2605 667 runtnominant,
2662 612 2825 673 atque
2882 602 3131 657 ordinem
3177 610 3233 656 et
3301 601 3556 671 gratiam,
3630 615 3760 671 quae

491 694 798 751 nominibus
826 696 985 759 inest,
1043 710 1221 749 rerum
1257 710 1472 766 quoque
1519 697 1713 750 seriem
1760 711 1880 752 esse
1919 697 2273 752 arbitrantur.

561 788 646 842 Vl.
674 788 783 843 Nos
810 804 958 852 vero,
991 804 1087 842 nec
1115 804 1236 843 cum
1266 788 1351 854 iis,
1388 789 1479 857 qui
1532 804 1598 843 ne
1650 788 1913 858 Spiritum
1939 791 2051 859 qui-

2240 792 2330 855 C.".
2374 790 2531 859 Ἡμῖν
2571 789 2626 842 δὲ
2668 788 2800 859 πρὸς
2838 788 2937 859 μὲν
2971 787 3097 851 τοὺς
3142 787 3261 839 οὑδὲ
3290 784 3427 840 εἶναι
3468 785 3764 856 ὑπειληφό-

489 881 753 936 demesse
795 891 1040 944 censent,
1095 896 1192 934 nec
1248 895 1367 933 cum
1432 881 1786 951 nugatoribus
1832 883 2067 936 ethnicis

487 970 652 1025 verba
688 970 774 1022 illa
808 969 1282 1023 commutabimus.
1340 968 1490 1023 Absit
1546 970 1686 1022 enim
1734 979 1790 1024 ut
1819 981 2068 1039 peccato-

486 1079 605 1117 rum
640 1062 762 1116 oleo
789 1076 1093 1116 sermonem
1121 1072 1364 1115 nostrum
1402 1060 1799 1130 impinguemus
1838 1062 1905 1113 ’³.
1930 1062 2064 1117 Cum

483 1154 698 1209 ueteris
732 1162 912 1208 autem
941 1153 1007 1207 ad
1049 1154 1193 1207 hunc
1218 1153 1434 1206 modum
1485 1153 1915 1222 disputabimus:
1946 1154 2067 1223 Spi-

482 1248 623 1302 ritus
651 1248 889 1313 Sanctus,
947 1246 1029 1300 vel
1064 1262 1130 1300 ex
1179 1261 1365 1301 eorum
1425 1261 1669 1311 numero,
1724 1261 1843 1314 qum
1877 1262 1975 1316 per
2006 1263 2065 1302 se

484 1342 808 1403 subsistunt,
862 1338 1082 1392 omnino
1146 1338 1469 1391 statuendus
1518 1347 1623 1401 est,
1678 1337 1764 1389 vel
1821 1336 1963 1391 inter
1995 1352 2058 1391 ea

476 1432 848 1496 collocandus,
902 1446 1021 1500 quae
1073 1431 1124 1483 in
1181 1429 1285 1483 alio
1330 1430 1784 1495 considerantur;
1822 1444 2054 1498 quorum

478 1528 710 1581 alterum
744 1523 1129 1585 substantiam,
1167 1521 1397 1575 alterum
1429 1521 1683 1575 accidens
1737 1521 2060 1587 vocant,qui

481 1617 673 1676 harum
708 1630 888 1669 rerum
930 1612 1211 1667 scientiam
1249 1610 1468 1665 callent.
1528 1611 1607 1663 Ac
1642 1611 1687 1666 si
1715 1611 1932 1680 quidem
1966 1624 2059 1664 ac-

480 1707 685 1771 cidens,
711 1706 793 1759 vis
820 1706 1006 1775 utique
1038 1716 1091 1759 et
1155 1704 1390 1757 facultas
1441 1704 1687 1771 quaedam
1755 1703 1847 1757 Dei
1876 1702 2055 1756 fuerit.

475 1800 618 1866 Quid
651 1799 793 1853 enim
831 1797 997 1860 aliud,
1055 1806 1147 1850 aut
1196 1794 1389 1866 cujus?
1449 1793 1560 1848 Hoc
1609 1794 1856 1864 profecto
1888 1794 2059 1863 magis

480 1898 925 1952 consentaneum,
983 1886 1498 1957 compositionisque
1543 1900 1757 1953 expers.
1810 1883 1866 1939 Si
1899 1886 1978 1938 vis
2005 1893 2060 1938 et

477 1981 732 2045 facultas,
770 1992 958 2051 agetur
987 1982 1126 2036 haud
1157 1982 1339 2045 dubie,
1382 1997 1487 2035 non
1541 1990 1664 2048 aget
1703 1997 1717 2033 :
1766 1978 2055 2047 simulque,

478 2084 538 2128 ut
571 2086 725 2129 actus
752 2073 936 2137 fuerit,
972 2074 1199 2129 desinet.
1248 2074 1531 2144 Ejusmodi
1589 2074 1786 2141 quippe
1837 2079 1921 2125 est
1971 2084 2057 2123 ac-

2171 898 2292 944 τας,
2318 880 2494 944 οὐδεὶς
2526 881 2638 950 (55)
2673 879 2851 948 λόγος,
2887 881 2919 950 ἢ
2964 881 3091 942 τοὺς
3134 878 3435 950 ληροῦντας
3468 880 3527 931 ἐν
3560 878 3764 949 Ἕλλη-

2171 990 2272 1025 σιν.
2322 973 2473 1042 Μηδὲ
2520 975 2629 1043 γὰρ
2668 970 3009 1043 ἁμαρτωλῶν
3054 970 3219 1041 ὲλαίῳ
3271 970 3634 1040 πιανθείημεν
3675 972 3765 1033 είς

2168 1068 2256 1117 τὸν
2291 1063 2469 1132 λόγον.
2529 1064 2673 1134 Πρὸς
2723 1063 2779 1116 δὲ
2820 1064 2947 1127 τοὺς
3003 1062 3194 1125 ἄλλους
3246 1060 3389 1115 οὑτω
3448 1060 3764 1131 διαλεξόμε-

2168 1155 2237 1209 θα
2260 1156 2373 1225 (⁸55)
2399 1172 2413 1184 '
2441 1155 2501 1208 τὸ
2544 1154 2769 1225 Πνεῦμα
2797 1154 2858 1206 τὸ
2888 1154 3062 1222 ἅγιον,
3098 1153 3131 1223 ἢ
3166 1153 3272 1207 τῶν
3306 1155 3429 1208 καθ’
3454 1152 3616 1206 ἑαυτὸ
3644 1152 3763 1223 (56)

2167 1248 2572 1319 ὑφεστηκότων,
2632 1247 2849 1309 πάντως
2897 1244 3215 1308 ὑποθετέον,
3258 1244 3291 1314 ἢ
3339 1244 3446 1297 τῶν
3484 1246 3541 1296 ἐν
3585 1244 3765 1315 ἑτέρῳ

2174 1339 2560 1411 θεωρουμένων
2588 1357 2600 1369 ·
2635 1334 2709 1393 ὧν
2750 1340 2811 1393 τὸ
2865 1339 2983 1409 μὲν,
3028 1338 3213 1391 οὑσίαν
3252 1337 3507 1392 καλοῦσιν
3541 1338 3592 1389 οἱ
3627 1339 3763 1407 περὶ

2169 1431 2343 1484 ταῦτα
2411 1431 2616 1493 δεινοὶ,
2667 1430 2729 1483 τὸ
2785 1428 2879 1495 δὲ,
2946 1428 3313 1500 συμϐεϐηκός.
3371 1428 3433 1481 Εἰ
3504 1427 3606 1498 μὲν
3663 1423 3764 1481 οῦν

2168 1522 2552 1594 συμϐέϐηκεν,
2605 1522 2854 1593 ἐνέργεια
2900 1518 3059 1573 τοῦτο
3091 1519 3155 1573 ἂν
3214 1518 3300 1591 εἴη
3334 1518 3490 1574 Θεοῦ.
3532 1519 3598 1571 Τί
3646 1517 3759 1591 γὰρ

2162 1616 2373 1687 ἕτερον,
2431 1614 2463 1685 ἢ
2499 1614 2672 1680 τίνος;
2712 1614 2867 1666 τοῦτο
2909 1612 3019 1685 γάρ
3068 1630 3185 1676 πως
3219 1612 3438 1683 μᾶλλον,
3473 1612 3568 1665 καὶ
3622 1611 3762 1681 φεύ-

2164 1726 2248 1776 γει
2316 1705 2583 1760 σύνθεσιν.
2663 1706 2773 1760 Καὶ
2833 1708 2880 1759 εί
2958 1707 3243 1777 ἐνέργεια.
3326 1705 3761 1777 ὲνεργηθήσεται

2160 1800 2406 1871 δηλονότι
2463 1800 2599 1867 (57),
2649 1800 2749 1852 οὑκ
2802 1800 3107 1870 ἐνεργήσει,
3158 1799 3251 1852 καὶ
3302 1797 3437 1869 ὁμοῦ
3478 1798 3559 1868 τῷ
3608 1800 3762 1870 ἐνερ-

2161 1888 2420 1959 γηθῆναι,
2455 1887 2741 1942 παύσεται.
2786 1887 3036 1941 Τοιοῦτον
3076 1887 3184 1960 γὰρ
3236 1889 3269 1958 ἡ
3316 1888 3588 1958 ἐνέργεια,
3628 1887 3762 1951 Πῶς

2158 1977 2250 2033 οὖν
2294 1982 2529 2051 ἐνεργεῖ,
2569 1981 2662 2033 καὶ
2706 1979 2829 2034 τάδε
2868 1979 3038 2048 λέγει,
3075 1980 3169 2033 καὶ
3203 1979 3472 2052 ἀφορίζει,
3521 1979 3616 2033 καὶ
3656 1979 3757 2033 λυ-

2159 2075 2358 2138 πεῖται,
2400 2072 2494 2125 καὶ
2529 2071 2911 2143 παροξύνεται,
2947 2072 3043 2125 καὶ
3072 2072 3172 2125 ὅσα
3205 2070 3527 2142 κινουμένου
3563 2071 3756 2141 σαφῶς

476 2173 567 2220 tus
612 2175 827 2219 natura.
887 2164 986 2231 Qui
1045 2165 1101 2219 [it
1145 2180 1310 2233 ergo,
1387 2176 1445 2217 ut
1489 2173 1614 2235 agat
1669 2164 1826 2233 ipse,
1893 2172 2051 2230 atque

2157 2165 2325 2228 ἐστιν,
2355 2166 2416 2217 οὑ
2448 2166 2711 2235 κινήσεως
2738 2182 2751 2228 ;
2784 2164 2848 2217 Εἰ
2873 2162 2929 2217 δὲ
2956 2164 3114 2217 οὑσία
3143 2181 3244 2227 τις,
3270 2162 3331 2216 οὑ
3361 2161 3468 2215 τῶν
3492 2163 3624 2233 περὶ
3653 2161 3755 2232 τὴν

478 2257 597 2311 haec
620 2266 672 2310 et
704 2256 793 2310 illa
824 2257 986 2320 dicat,
1016 2267 1069 2310 et
1120 2263 1369 2325 segreget
1407 2255 1475 2319 ²⁶,
1517 2263 1572 2310 et
1608 2253 1961 2307 contristetur
1982 2254 2054 2317 ³⁸,

480 2357 538 2403 et
558 2347 623 2401 ad
650 2349 782 2401 iram
814 2347 1088 2411 incitetur,
1161 2356 1215 2401 et
1274 2360 1611 2417 qutecunque
1660 2345 1737 2400 rei
1768 2355 1914 2400 motu
1943 2344 2057 2415 agi-

484 2447 608 2493 tata:
641 2438 924 2506 perspicue
967 2448 1114 2502 sunt,
1170 2451 1273 2491 non
1316 2447 1494 2491 autent
1546 2436 1799 2490 motionis
1854 2434 2056 2505 ipsius?

478 2529 573 2583 Sin
606 2540 782 2583 autem
810 2528 1107 2583 substantia
1133 2538 1234 2591 est,
1259 2541 1364 2581 non
1384 2526 1661 2591 accidens,
1691 2526 1776 2579 vel
1803 2534 2058 2580 creatura

473 2622 802 2686 censebitur,
861 2621 943 2676 vel
991 2621 1150 2674 Deus.
1210 2619 1444 2674 Medium
1501 2620 1645 2673 enim
1679 2618 1884 2688 aliquid
1906 2619 2053 2673 inter

472 2714 609 2777 haec,
630 2722 722 2767 aut
745 2714 885 2782 quod
918 2712 1166 2766 neutrius
1196 2714 1469 2780 particeps
1497 2711 1591 2774 sit,
1618 2719 1715 2764 aut
1736 2726 1802 2765 ex
1821 2719 2081 2783 utroque,

472 2807 827 2875 compositum
853 2803 1016 2875 560
1067 2814 1228 2872 atque
1268 2801 1592 2866 conﬂatum,
1652 2816 1719 2857 ne
1741 2802 1775 2856 ii
1811 2802 2049 2871 quidem,

471 2897 564 2966 qui
597 2896 934 2966 tragelaphos
961 2894 1366 2956 conﬁnxerunt,
1394 2892 1697 2964 intelligere
1734 2904 1955 2961 queant.
1991 2893 2049 2948 Si

472 2994 745 3047 creatura,
774 2986 1042 3054 quomodo
1077 2984 1129 3038 in
1163 2999 1285 3039 eum
1318 2984 1613 3048 credimus,
1638 2993 1732 3037 aut
1757 2984 1810 3036 in
1840 2999 1905 3038 eo
1930 2999 2052 3053 per-

2152 2258 2361 2319 οὑσίαν,
2396 2252 2543 2328 ’ἦτοι
2599 2257 2806 2328 κτίσμα
2860 2255 3304 2326 ὑποληφθήσεται
3337 2254 3468 2325 (58),
3518 2255 3551 2326 ἢ
3591 2254 3749 2318 Θεόςο

2158 2348 2319 2418 μέσον
2352 2349 2461 2419 γάρ
2493 2365 2543 2400 τι
2577 2345 2804 2411 τούτων,
2836 2346 2954 2417 ἦτοι
3004 2345 3301 2417 μηδετέρου
3339 2345 3587 2417 μετέχον,
3621 2344 3655 2416 ἦ
3692 2345 3756 2410 ἐξ

2155 2441 2359 2509 ἀμφοῖν
2392 2438 2671 2502 σύνθετον,
2703 2436 2810 2490 οὐδ’
2842 2436 2909 2490 ἂν
2930 2437 2980 2489 οἱ
3009 2437 3135 2501 τοὺς
3166 2435 3540 2509 τραγελάφους
3574 2437 3752 2491 πλάτ-

2156 2547 2341 2591 τοντες
2370 2530 2700 2600 έννοήσαιεν.
2745 2527 2883 2581 Ἀλλ’
2906 2529 2955 2581 εί
2981 2528 3079 2598 μὲν
3105 2529 3327 2602 κτίσμα,
3356 2529 3472 2594 πῶς
3501 2530 3584 2594 εἰς
3616 2530 3753 2583 αὑτὸ

2151 2621 2503 2691 πιστεύομεν,
2535 2622 2567 2693 ἢ
2600 2624 2658 2675 ὲν
2701 2619 2850 2691 αὑτῷ
2879 2620 3268 2691 τελειούμεθας
3308 2622 3369 2675 οὑ
3405 2620 3515 2693 γὰρ
3546 2623 3751 2676 ταυτόν

2152 2717 2267 2769 ὲστι
2306 2714 2581 2769 πιστεύειν
2620 2713 2700 2777 εἵς
2735 2731 2810 2777 τι,
2853 2715 2945 2767 καὶ
2981 2715 3109 2784 περὶ
3150 2712 3315 2766 αὑτοῦ
3346 2713 3646 2767 πιστεύειν.
3678 2714 3752 2766 Τὸ

2153 2805 2254 2875 μὲν
2299 2806 2407 2876 γάρ
2457 2806 2571 2857 ἐστι
2610 2802 2885 2874 θεότητος,
2933 2803 2994 2855 τὸ
3041 2802 3097 2856 δὲ
3151 2802 3351 2865 παντὸς
3390 2802 3747 2873 πράγματος.

2154 2899 2218 2951 Εἰ
2247 2898 2305 2950 δὲ
2338 2898 2491 2961 Θεὸς,
2526 2896 2641 2949 ἀλλ’
2671 2897 2732 2949 οὐ
2768 2896 2994 2965 κτίσμα,
3039 2894 3159 2949 οὑδὲ
3195 2895 3430 2965 ποίημα,
3457 2895 3582 2949 οὑδὲ
3619 2895 3749 2948 σύν-

2150 2989 2354 3051 δουλον,
2380 2988 2489 3042 οὐδ’
2519 2989 2655 3050 ὅλως
2684 2989 2739 3040 τὶ
2775 2988 2884 3041 τῶν
2917 2987 3191 3041 ταπεινῶν
3223 2987 3528 3058 ὀνομάτων.

471 3080 720 3136 (icimur?
745 3079 929 3148 Neque
957 3080 1102 3134 enim
1160 3077 1302 3132 idem
1354 3086 1457 3141 est,
1491 3077 1713 3131 credere
1763 3076 1815 3130 in
1849 3076 2071 3146 aliquid,
2107 3088 2162 3134 et
2227 3080 2449 3136 credere
2488 3080 2555 3135 de
2608 3079 2808 3147 aliquo.
2837 3078 2973 3132 Illud
3000 3078 3143 3133 enim
3177 3078 3444 3133 divinitati
3465 3079 3747 3140 convenit,

470 3176 575 3231 hoc
597 3175 817 3230 cuilibet
848 3176 946 3230 rei.
978 3173 1033 3229 Si
1058 3183 1240 3228 autem
1284 3174 1445 3237 Deus,
1493 3180 1643 3228 certe
1714 3186 1816 3226 nec
1874 3182 2124 3229 creatura
2166 3186 2271 3239 est,
2301 3192 2401 3230 nec
2434 3175 2666 3239 factura,
2702 3189 2799 3228 nec
2828 3188 3144 3240 conservus,
3174 3189 3276 3230 nec
3307 3175 3541 3245 denique
3577 3175 3746 3230 ullum

466 3272 612 3328 aliud
645 3270 845 3326 humile
875 3278 1037 3337 atque
1066 3266 1330 3336 abiectum
1357 3281 1569 3321 nomen.

539 3367 651 3424 VII.
693 3366 809 3422 Jam
876 3365 1058 3433 lingua
1116 3373 1204 3418 tua
1241 3364 1309 3418 ad
1356 3363 1734 3433 disputandum
1769 3363 2040 3433 prosiliat,

2217 3368 2291 3419 Z'.
2335 3364 2596 3419 Ἐνταῦθα
2623 3363 2714 3428 σὸς
2743 3366 2771 3418 ὁ
2801 3364 2979 3433 λόγος,
3012 3365 3068 3419 αἱ
3102 3363 3384 3433 σφενδόναι
3410 3365 3747 3436 πεμπέσθω-

471 3460 653 3514 fundae
680 3459 975 3526 jactentur,
1007 3466 1326 3525 argumenta
1360 3466 1668 3511 nectantur.
1696 3455 1803 3509 Aut
1833 3456 2045 3526 ingeni-

470 3561 561 3606 tus
593 3550 813 3604 omnino
837 3557 941 3612 est,
1000 3548 1201 3615 inquis,
1248 3557 1342 3601 aut
1386 3547 1617 3619 genitus.
1652 3547 1708 3601 Si
1748 3546 2042 3615 ingenitus,

470 3657 600 3711 ergo
630 3644 737 3697 duo
758 3649 919 3695 erunt
952 3639 1205 3708 principii
1261 3647 1530 3708 expertes.
1598 3637 1655 3691 Si
1688 3646 1867 3691 autem
1889 3638 2042 3708 geni-

466 3738 578 3795 tus,
618 3744 809 3784 rursus
858 3728 1187 3782 subdiritlis:
1246 3738 1338 3781 aut
1389 3744 1453 3781 ex
1489 3727 1646 3781 Patre
1695 3728 1907 3797 genitus
1935 3739 2041 3792 est,

466 3833 565 3878 aut
594 3837 661 3877 ex
696 3820 854 3876 Filio.
885 3820 940 3874 Si
968 3837 1030 3874 ex
1060 3820 1244 3886 Patre,
1279 3820 1385 3873 duo
1443 3820 1602 3889 igitur
1640 3831 1766 3875 sunt
1811 3819 1931 3873 Filii
1982 3835 2046 3874 ac

459 3918 685 3971 iratres.
720 3912 991 3968 Gemellos
1018 3912 1178 3965 etiam
1223 3913 1381 3981 tinge,
1418 3912 1461 3965 si
1494 3911 1663 3975 lubet,
1694 3922 1789 3964 aut
1812 3912 2042 3966 alterum

469 4014 600 4060 natu
631 4003 915 4073 majorem,
945 4002 1169 4056 alterum
1198 4003 1495 4067 minorem;
1522 4016 1644 4055 cum
1673 4002 1743 4055 ita
1764 4005 2043 4072 corporeis

458 4096 632 4151 rebus
654 4095 946 4150 immersus
984 4109 1065 4149 es.
1101 4094 1157 4149 Si
1192 4107 1369 4147 autem
1400 4110 1466 4148 ex
1512 4093 1671 4153 Filio.
1702 4094 1815 4163 jam
1864 4094 2040 4159 nobis,

467 4186 705 4255 inquies,
735 4198 902 4253 nepos
966 4182 1106 4237 Deus
1170 4184 1395 4238 exstitit.
1431 4182 1550 4250 Quo
1596 4182 1724 4251 quid
1758 4184 2044 4237 absurdius

461 4277 594 4347 ﬁngi
614 4275 829 4346 possit?
891 4275 1018 4330 Haec
1065 4276 1312 4329 homines
1346 4276 1410 4329 ad
1473 4275 1917 4329 malefaciendum
1954 4291 2040 4330 sa—

461 4367 677 4435 pientes
714 4366 760 4396 ²⁶
784 4376 839 4419 et
864 4365 1148 4436 ingeniosi,
1186 4366 1326 4419 bona
1388 4375 1565 4418 autent
1622 4367 1858 4421 scribere
1889 4384 2042 4423 recu-

460 4467 669 4510 santes.
705 4455 827 4525 Ego
856 4471 1008 4515 vero.
1064 4457 1106 4509 si
1144 4457 1464 4510 divisionem
1506 4459 1643 4511 hanc
1680 4459 2040 4511 necessariam

462 4547 726 4611 viderem,
789 4563 874 4601 res
930 4548 1071 4617 ipsas
1134 4548 1379 4618 profecto
1436 4549 2037 4617 excepissem,nomina

465 4638 601 4695 nihil
636 4641 861 4695 veritus.
890 4639 1007 4695 Non
1048 4641 1215 4703 enim,
1263 4641 1393 4709 quia
1429 4641 1730 4694 secundum
1767 4640 2038 4697 excelsio-

2151 3473 2270 3523 σαν,
2291 3457 2342 3509 οἱ
2372 3455 2720 3526 συλλογισμοὶ
2742 3455 3147 3509 πλεκέσθωσαν.
3181 3456 3251 3507 Ἢ
3277 3455 3576 3527 ἀγέννητον
3607 3459 3745 3512 πὰν-

2148 3549 2340 3620 τως,ἦ
2392 3548 2671 3619 γεννητόν.
2735 3548 2846 3601 Καὶ
2894 3549 2943 3601 εἰ
3005 3548 3104 3618 μὲν
3159 3547 3476 3620 ἀγέννητον,
3533 3549 3633 3603 δύο
3673 3551 3745 3604 τὰ

2146 3641 2378 3712 ἀναρχα.
2418 3641 2480 3693 Ei
2512 3639 2568 3692 δὲ
2605 3638 2882 3709 γεννητὸν,
2909 3638 3211 3708 ὑποδιαίρει
3237 3638 3347 3709 (59)
3382 3638 3573 3693 πάλιν
3610 3641 3645 3711 ἢ
3677 3644 3744 3695 ἐκ

2146 3731 2238 3784 τοῦ
2269 3730 2482 3801 Πατρὸς
2518 3727 2699 3793 τοῦτο,
2736 3729 2768 3799 ἢ
2806 3730 2869 3782 ὲκ
2891 3729 2984 3781 τοῦ
3020 3729 3169 3782 Υίοῦ.
3200 3730 3310 3784 Καὶ
3341 3732 3389 3784 εί
3425 3731 3526 3801 μὲν
3550 3733 3620 3785 ὲκ
3644 3733 3740 3785 τοῦ

2147 3824 2382 3895 Πατρὸς,
2422 3823 2543 3876 Υἱοὶ
2572 3822 2665 3875 δύο
2700 3822 2794 3875 καὶ
2821 3821 3059 3891 ἀδελφοί.
3091 3823 3163 3874 ΣΞ)
3192 3821 3249 3875 δέ
3285 3840 3374 3893 μοι
3407 3822 3612 3876 πλάττε
3646 3826 3743 3878 καὶ

2145 3912 2420 3984 διδύμους,
2447 3914 2496 3965 εί
2528 3912 2727 3983 βούλει,
2762 3912 2795 3983 ἦ
2844 3911 2934 3965 τὸν
2984 3911 3083 3982 μὲν
3129 3911 3518 3983 πρεσϐύτερον,
3553 3913 3653 3967 τὸν
3682 3916 3743 3968 δὲ

2145 4005 2433 4076 νεώτερον·
2468 4003 2653 4074 ἐπειδὴ
2692 4003 2813 4057 λίαν
2851 3998 2903 4056 εἴ
2940 4003 3337 4075 φιλοσώματος.
3366 4005 3429 4057 Et
3450 4005 3508 4058 δὲ
3536 4007 3605 4058 ἐκ
3637 4007 3741 4059 τοῦ

2147 4093 2297 4158 Υίοῦ,
2333 4094 2563 4163 πέφηνε,
2597 4094 2752 4165 φησὶ,
2789 4094 2882 4146 καὶ
2916 4094 3107 4157 υἱωνὸς
3138 4096 3271 4165 ἡμῖν
3302 4094 3461 4159 Θεός’
3493 4089 3554 4149 οὗ
3587 4098 3642 4149 τί
3671 4099 3743 4151 ἂν

2145 4188 2355 4256 γένοιτο
2386 4187 2815 4258 παραδοξότερον
2843 4204 2857 4250 ;
2898 4186 3071 4240 ταῦτα
3117 4188 3217 4258 μὲν
3260 4183 3351 4242 οὖν
3379 4190 3427 4241 οἱ
3454 4191 3613 4259 σοφοὶ
3640 4193 3740 4245 τοῦ

2146 4280 2530 4350 κακοποιῆσαι,
2556 4278 2625 4331 τὰ
2646 4277 2703 4330 δὲ
2732 4278 2910 4345 ἀγαθά
2940 4278 3174 4348 γράφειν
3197 4281 3258 4332 οὑ
3289 4279 3550 4344 θέλοντες.
3589 4283 3741 4350 Ἐγὼ

2142 4372 2200 4426 δὲ
2229 4374 2277 4424 εί
2308 4371 2408 4442 μὲν
2446 4370 2632 4443 ἑώρων
2674 4370 2979 4439 ἀναγκαίαν
3010 4370 3107 4441 τὴν
3140 4370 3419 4442 διαίρεσιν,
3457 4372 3740 4446 ἐδεξάμην

2142 4461 2207 4514 ἂν
2240 4466 2307 4515 τὰ
2336 4461 2658 4533 πράγματα,
2691 4462 2751 4514 οὑ
2791 4460 3047 4532 φοϐηθεὶς
3081 4462 3149 4514 τὰ
3179 4462 3444 4533 ὀνόματα.
3488 4463 3562 4515 Οὑ
3597 4465 3735 4537 γὰρ,

2142 4552 2331 4623 ἐπειδὴ
2358 4553 2500 4605 κατὰ
2517 4569 2638 4604 τινα
2669 4552 2850 4621 σχέσιν
2872 4551 3208 4623 ὑψηλοτέραν
3228 4552 3353 4617 Υἱὸς
3377 4555 3405 4606 ὁ
3431 4553 3555 4616 Υἱός
3588 4556 3734 4625 (40),

2142 4645 2201 4696 οὑ
2225 4642 2559 4713 δυνηθέντων
2581 4643 2735 4713 ἡμῶν
2758 4643 2951 4706 ἄλλως,
2977 4643 3202 4714 ἣοῦτως
3221 4645 3557 4712 ἐνδείξασθαι
3580 4648 3642 4701 τὸ
3666 4651 3737 4704 ἐκ

464 4747 577 4788 rctn
602 4731 895 4802 quamdam
962 4732 1276 4786 relationem
1328 4730 1500 4785 Filius
1537 4741 1620 4786 est
1649 4729 1821 4787 Filius
1872 4733 2040 4801 (quod

2155 4736 2238 4789 τοῦ
2264 4734 2398 4788 Θεοῦ
2425 4735 2518 4787 καὶ
2550 4733 2850 4806 όμοούσιον,
2876 4735 2976 4805 ἤδη
3001 4736 3092 4788 καὶ
3115 4738 3294 4800 πάσας
3322 4738 3531 4809 οἰητέον
3557 4739 3735 4810 ἀναγ-

462 4824 714 4879 videlicet
747 4824 924 4890 aliter,
957 4839 1116 4891 quam
1144 4825 1246 4877 hoc
1273 4824 1452 4886 modo,
1504 4822 1745 4876 iudicare
1794 4839 2038 4893 nequea-

462 4930 584 4969 mus
616 4913 669 4969 id
718 4915 861 4983 quod
912 4929 976 4967 ex
1008 4912 1118 4967 Deo
1151 4922 1254 4979 est,
1321 4913 1663 4981 essentiaque
1720 4913 1860 4967 idem
1908 4931 2035 4969 cum

461 5006 628 5077 ipso),
666 5006 870 5061 idcirco
903 5020 1118 5060 terrena
1139 5020 1352 5074 quoque
1373 5006 1558 5060 omnia
1589 5006 2035 5076 cognationisque

2148 4828 2299 4880 καῖον
2345 4822 2485 4878 εἶναι
2532 4824 2629 4888 τὰς
2675 4826 2825 4878 κάτω
2873 4824 3114 4895 κλήσεις,
3173 4828 3267 4879 καὶ
3312 4826 3412 4897 τῆς
3445 4830 3734 4903 ἡμετέρας

2146 4920 2463 4989 συγγενείας
2496 4918 2630 4987 (41),
2681 4917 3003 4987 μεταφέρειν
3049 4918 3143 4971 ἐπὶ
3193 4918 3253 4971 τὸ
3291 4916 3453 4973 θεῖον.
3478 4920 3547 4972 Ἦ
3582 4923 3729 4992 τάχα

2140 5010 2205 5064 ἂν
2236 5010 2299 5063 σύ
2323 5028 2386 5078 γε
2420 5011 2513 5063 καὶ
2539 5010 2743 5081 ἄρρενα
2774 5010 2863 5061 τὸν
2896 5008 3028 5061 Θεὸν
3068 5011 3199 5080 ἡμῖν
3235 5010 3547 5075 ὑπολάϐοις,
3580 5017 3727 5069 κατά

462 5110 665 5152 nostra:
698 5100 917 5151 nomina
974 5098 1039 5150 ad
1099 5095 1263 5150 Deum
1305 5098 1610 5151 necessario
1657 5096 2030 5153 transferenda

2155 5102 2229 5156 τὸν
2259 5102 2415 5171 λόγον
2446 5101 2655 5168 τοῦτον,
2686 5103 2768 5155 ὅτι
2798 5101 2930 5164 Θεὸς
2956 5101 3303 5173 ὀνομάζεται,
3344 5103 3439 5156 καὶ
3488 5106 3721 5178 Πατήρ;

459 5203 580 5244 esse
604 5192 899 5259 putandum
932 5199 1034 5243 est.
1084 5188 1324 5256 Alioqui,
1366 5188 1494 5258 quid
1531 5189 1775 5256 impedit,
1814 5191 2027 5258 quomi-

522 5282 570 5316 ⁸³
591 5281 732 5338 Psal.
762 5297 883 5345 ch,
914 5281 967 5337 5.
1046 5281 1093 5313 ³³
1139 5283 1259 5336 Act.
1288 5296 1407 5346 xm,
1436 5282 1493 5335 2.
1572 5282 1616 5313 ⁸⁸
1646 5281 1845 5350 Ephes.
1879 5299 1952 5350 tv,
1977 5284 2070 5342 '50.

527 5373 641 5445 (54)
663 5372 893 5439 Οὐδείς.
927 5373 1041 5427 Duo
1073 5373 1241 5445 Regg.
1264 5375 1386 5428 οὑδὲ
1416 5374 1516 5445 εἷς.

526 5444 639 5512 (55)
669 5445 1083 5514 Διαὶεξόμεθα.
1115 5447 1304 5501 ϋοιιιι).
1326 5444 1713 5514 διαλεξώμεθα.

527 5516 641 5585 (36)
680 5518 821 5568 Καθ’
850 5517 1045 5569 ἑαυτό.
1079 5515 1266 5569 Contb.
1293 5515 1414 5570 καθ’
1455 5516 1640 5568 ἑαυτά.

522 5587 963 5655 (37)Δηλονότι.
1006 5586 1197 5640 Gomb.
1230 5586 1448 5654 μᾶλλον,
1480 5604 1497 5634 ι
1540 5589 1731 5653 potius.
1787 5605 1804 5638 ι

522 5655 635 5728 (58)
665 5656 1192 5728 Ύπρληφθήσεται.
1226 5658 1319 5728 Qr.
1360 5658 1411 5719 i,
1447 5655 1919 5728 ὑπολειφθήσεται.

520 5721 634 5787 [59)
682 5721 1047 5794 ἰ’πξοδᾰιίρει.
1076 5727 1208 5796 lteg.
1242 5727 1400 5798 Cypr.
1435 5721 1834 5797 ὑποδιαιρήσει.

2137 5191 2231 5245 καὶ
2255 5191 2387 5260 θῆλύ
2423 5207 2476 5243 τι
2509 5190 2620 5261 (42)
2642 5190 2738 5260 τὴν
2763 5190 3012 5261 θεότητα,
3036 5192 3157 5245 ὅσον
3179 5192 3275 5246 ἐπὶ
3297 5195 3418 5257 ταῖς
3445 5194 3557 5266 (45)
3593 5196 3724 5269 κλῇ.

2144 5285 2192 5317 ’⁸
2216 5284 2416 5339 Jerem.
2449 5288 2522 5351 tv,
2552 5284 2643 5338 22.

2209 5377 2325 5518 (40)
2359 5378 2421 5431 '0
2451 5379 2601 5444 Υἱός.
2638 5379 2871 5435 Montac.
2907 5380 3072 5443 addit,
3106 5376 3345 5449 λέγεται.

2231 5448 2320 5518 41)
2342 5450 2718 5518 Συγνγιενείας.
2754 5470 2772 5502 ι
2803 5450 3151 5518 Coguatiouis
3176 5461 3345 5509 nostra

2231 5448 2320 5519 41)
2342 5450 2727 5523 Συηιενείας.
2754 5470 2772 5502 ι
2803 5450 3151 5523 cognationis
3176 5448 3372 5509 nostra;
3393 5454 3644 5523 nomina,
3690 5472 3712 5506 ι

2135 5527 2195 5572 ιιι
2220 5522 2627 5575 sunt-vocabula
2654 5539 2672 5570 ι
2701 5522 2891 5574 fratris
2912 5529 2966 5574 et
2988 5523 3223 5588 nepotis.
3258 5539 3279 5574 ι

2229 5589 2315 5661 42;
2345 5590 2611 5661 TLDeesl
2637 5592 2688 5645 in
2724 5591 2853 5661 lieg.
2882 5607 2934 5644 ιι.

2228 5660 2319 5730 45)
2356 5660 2509 5726 Ταῖς.
2536 5661 2699 5718 Coisl.
2734 5662 2759 5716 1
2806 5660 2975 5729 addit,
3016 5664 3158 5726 σαῖς.
