3890 6214
231 284 326 339 141

1264 283 1526 342 ORATIO
1562 284 1756 340 XXXI.
1798 319 1865 329 —
1904 287 2344 343 THEOLOGICA
2384 287 2448 343 V.

3388 291 3491 345 1-12

232 415 382 463 σεσι;
422 406 514 452 καὶ
551 400 613 453 τὸ
652 400 876 471 Πνεῦμα
901 401 1201 474 οὐδέτερον,
1237 403 1317 455 ὅτι
1353 403 1427 474 μὴ
1462 403 1805 473 γεννητικόνς

1920 419 2020 456 nus
2052 403 2237 457 eadem
2269 404 2476 459 ratione
2526 402 2848 469 masculum,
2900 403 3066 457 Deum
3105 410 3347 457 nostrum
3373 407 3493 459 exi-

227 493 276 543 εί
296 489 354 543 δέ
386 507 470 544 σοι
513 492 608 545 καὶ
638 492 795 546 τοῦτο
824 493 1103 565 παιχθείη,
1132 497 1199 566 τῇ
1249 493 1440 548 ἑαυτοῦ
1473 493 1690 566 θελήσει
1723 495 1814 546 τὸν

225 582 361 635 Θεὸν
387 585 806 655 συγγενόμενον,
837 585 979 639 κατὰ
1012 587 1138 649 τοὺς
1182 585 1446 649 παλαιοὺς
1483 586 1685 657 λήρους
1718 586 1813 640 καὶ

230 672 458 743 μύθους,
485 675 852 748 γεννήσασθαι
892 677 986 732 τὸν
1021 676 1169 741 Υἱὸν,
1201 676 1431 749 εἰσήχθη
1460 695 1541 741 τις
1564 679 1695 747 ἡμῖν
1719 678 1812 730 καὶ

224 765 575 836 Μαρκίωνος,
604 768 698 821 καὶ
730 768 1049 822 Βαλεντίνου
1097 769 1209 840 (44)
1257 770 1388 831 θεὸς
1419 768 1806 840 ἁρῥενόθηλυς,

222 856 319 910 τοῦ
346 860 474 922 τοὺς
497 859 720 923 καινοὺς
745 860 949 925 αἰῶνας
976 859 1452 925 ἀνατυπὼσαντος.

1920 497 2130 560 stimes,
2158 497 2411 565 quoniam
2438 495 2577 550 Deus
2606 504 2661 549 et
2712 495 2871 550 Pater
2905 496 3250 551 nominatur?
3301 497 3380 551 Ac
3411 495 3491 550 [ου

1917 587 2155 641 mineum
2206 588 2487 656 quiddam,
2535 588 2818 654 Deitatem,
2861 596 3122 656 quantum
3168 589 3388 659 quidem
3420 605 3490 644 ex

1913 678 2063 740 vocis
2095 691 2291 747 genere
2325 679 2584 732 mstimari
2617 679 2832 746 potest?
2859 677 2924 732 Et
2957 679 3188 749 denique
3203 677 3488 748 Spiritum,

1913 781 2186 837 neutrum,
2214 772 2469 840 quoniam
2527 772 2659 825 nihil
2705 771 2918 841 gignit?
2954 771 3108 837 Quod
3135 773 3179 826 si
3205 771 3361 842 juxta
3398 786 3493 826 ve-

1914 869 2057 914 teres
2090 859 2297 915 fabulas
2319 870 2371 913 et
2406 875 2573 929 nugas
2598 861 2699 915 hoc
2726 875 2943 930 quoque
2987 859 3145 914 modo
3179 859 3404 928 luseris,
3430 867 3491 915 ut

224 947 397 1013 dicas,
448 948 616 1003 Deum
644 964 766 1003 cum
792 949 1071 1004 voluntate
1103 964 1198 1004 sua
1227 964 1578 1019 congressum
1610 946 1806 1002 Filium
1837 947 2114 1017 genuisse,
2146 946 2440 1003 Marcionis
2471 948 2688 1018 quidem
2743 962 2809 1001 ac
2853 945 3144 1014 Valentini,
3176 949 3269 1019 qui
3319 965 3490 1007 novos

222 1058 408 1099 manas
438 1054 775 1098 commentus
804 1053 908 1108 est,
940 1044 1439 1113 hermaphroditum
1484 1043 1772 1112 quemdam
1813 1042 1979 1097 Deum
2013 1042 2307 1097 induxeris.

294 1136 376 1189 H’.
435 1135 590 1188 Ἐπεὶ
629 1135 687 1188 δέ
734 1151 827 1188 σου
870 1135 969 1206 τὴν
1012 1133 1235 1206 πρώτην
1281 1134 1544 1205 διαίρεσιν
1569 1132 1629 1185 οὐ
1662 1132 1813 1202 δεχό-

224 1226 389 1299 μεθα,
427 1226 528 1298 τὴν
554 1226 726 1298 μηδὲν
759 1227 1056 1298 ἀγεννήτου
1087 1227 1181 1279 καὶ
1204 1224 1465 1296 γεννητοῦ
1497 1224 1658 1294 μέσον
1681 1224 1812 1277 ὑπο-

222 1316 626 1389 λαμϐάνουσαν,
650 1317 852 1370 αὐτίκα
881 1315 1188 1387 οἰχήσονταῐ
1211 1332 1294 1368 σοι
1326 1313 1462 1386 μετὰ
1486 1315 1585 1386 τῆς
1607 1313 1812 1384 σεμνῆς

219 1412 537 1482 διαιρέσεως
587 1413 636 1464 οξ
669 1411 886 1482 ἀδελφοὶ
929 1411 1025 1464 καὶ
1065 1412 1113 1463 οἱ
1164 1409 1386 1474 υἱωνοὶ,
1435 1408 1623 1480 ὥσπερ
1660 1408 1807 1471 τινὸς

219 1502 424 1573 δεσμοῦ
486 1501 824 1556 πολυπλόκου
880 1502 981 1573 τῆς
1045 1500 1268 1573 πρώτης
1314 1502 1490 1572 ἀρχῆς
1544 1500 1808 1554 διαλυθεί-

223 1613 325 1666 σης
354 1593 490 1666 (45),
529 1595 993 1662 συνδιαλυθέντες,
1036 1595 1129 1647 καὶ
1157 1596 1254 1665 τῆς
1284 1593 1564 1663 θεολογίας
1592 1595 1807 1665 ὑποχω-

223 1689 506 1761 ρήσαντες.
544 1686 654 1741 Ποῦ
685 1687 795 1759 γὰρ
829 1688 1013 1759 θήσεις
1052 1687 1116 1741 τὸ
1153 1687 1504 1758 ὲκπορευτὸν,
1534 1686 1657 1739 εἰπέ
1688 1702 1802 1755 μοι,

1990 1131 2120 1186 \‘lll.
2163 1132 2424 1198 Quoniam
2481 1148 2642 1200 porro
2692 1133 3010 1188 divisionem
3047 1143 3192 1189 tuam
3227 1135 3480 1205 primam,

1916 1239 2020 1294 qua
2062 1224 2204 1277 inter
2239 1224 2535 1293 ingenitum
2564 1235 2618 1280 et
2659 1226 2899 1295 genitum
2932 1225 3067 1281 nihil
3104 1227 3340 1283 medium
3366 1242 3489 1285 esse

1918 1316 2225 1378 arbitraris,
2256 1315 2671 1385 haudquaquam
2705 1317 3062 1386 admittimus,
3111 1324 3360 1390 protinus
3389 1323 3486 1379 tibi

1914 1419 2036 1459 cum
2066 1405 2321 1474 praeclara
2371 1416 2464 1460 tua
2520 1407 2789 1462 divisione
2820 1408 3015 1467 fratres
3067 1411 3142 1466 illi
3172 1423 3228 1468 et
3261 1424 3487 1486 nepotes

1911 1497 2188 1565 peribunt,
2220 1507 2277 1552 ut
2315 1497 2431 1566 qui,
2490 1498 2664 1566 primo
2725 1498 2818 1555 illo
2844 1501 3224 1572 disputationis
3254 1513 3359 1561 tua:
3394 1521 3487 1561 ca-

1911 1588 2044 1657 pite,
2067 1587 2221 1658 quasi
2254 1588 2565 1657 multiplicis
2599 1589 2880 1658 cujusdam
2916 1608 3090 1648 nexus
3125 1595 3278 1651 initio
3309 1597 3486 1664 primo

1911 1675 2274 1739 soluto,simul
2300 1692 2513 1748 quoque
2538 1678 2698 1733 soluti
2719 1694 2780 1734 ac
2794 1679 2983 1751 dilapsi
3004 1682 3159 1755 561
3176 1685 3306 1752 sint,
3323 1695 3487 1758 atque

222 1780 392 1851 μέσον
432 1780 701 1849 ἁναφανὲν
739 1783 838 1850 τῆς
873 1780 972 1851 σῆς
1012 1779 1122 1851 (46)
1158 1778 1495 1850 διαιρέσεως,
1537 1777 1631 1831 καὶ
1662 1777 1805 1848 παρὰ

1920 1784 1944 1820 a
1985 1768 2289 1822 divinitatis
2313 1770 2559 1825 doctrina
2614 1786 2735 1826 sese
2782 1774 3155 1830 subduxerint.
3190 1776 3292 1832 Ubi
3315 1778 3481 1844 enim,

218 1869 540 1939 κρείσσονος
571 1868 604 1940 ἢ
637 1871 778 1923 κατὰ
812 1870 870 1922 σὲ
900 1867 1174 1938 θεολόγον,
1208 1866 1306 1921 τοῦ
1341 1867 1593 1938 Σωτῆρος
1623 1866 1806 1939 ἡμῶν,

218 1959 579 2030 εἰσαγόμενον
602 1960 745 2031 (4'7);
776 1959 841 2013 El
872 1960 948 2031 μὴ
975 1959 1074 2028 τὴν
1110 1958 1291 2030 φωνὴν
1321 1959 1535 2029 ἐκείνην
1559 1957 1667 2013 τῶν
1702 1958 1810 2010 σῶν

218 2049 426 2116 ἐξεῖλες
459 2052 829 2122 Εὑαγγελίων,
864 2050 953 2105 διὰ
991 2052 1091 2122 τὴν
1138 2052 1331 2123 τρίτην
1382 2068 1475 2104 σου
1513 2051 1807 2120 Διαθήκην,

215 2144 286 2197 τὸ
321 2144 566 2214 Πνεῦμα
585 2145 650 2198 τὸ
673 2144 862 2214 ἅγιον,
887 2143 918 2197 ὃ
944 2144 1103 2212 παρὰ
1123 2142 1227 2197 τοῦ
1251 2142 1483 2211 Πατρός
1497 2143 1811 2210 ἐκπορεύε-

214 2226 346 2289 ἑαι·
383 2235 412 2289 ὃ
450 2236 572 2289 καθ’
613 2237 737 2289 ὅσον
781 2238 879 2307 μὲν
916 2234 1128 2289 ἐκεῖθεν
1166 2234 1523 2306 ἐκπορεύεται
1548 2276 1559 2296 ,
1601 2233 1662 2285 οὐ
1693 2232 1809 2285 κτί-

217 2343 370 2398 σμαο
411 2326 532 2380 καθ’
572 2328 697 2381 ὅσον
721 2326 860 2381 δὲού
895 2329 1174 2398 γεννητὸν,
1214 2327 1313 2397 οὐχ
1354 2326 1481 2388 Υἱός
1501 2345 1513 2355 ·
1544 2324 1664 2378 καθ’
1687 2325 1809 2377 ὅσον

212 2417 273 2472 δὲ
292 2419 587 2489 ἀγεννήτου
612 2419 708 2473 καὶ
730 2419 988 2490 γεννητοῦ
1009 2418 1193 2490 μέσον,
1216 2417 1348 2481 Θεός
1367 2459 1379 2472 .
1400 2418 1510 2471 Καὶ
1539 2415 1681 2468 οὕτω
1698 2415 1809 2486 (48)

217 2529 316 2566 σου
342 2511 443 2577 τὰς
466 2512 574 2565 τῶν
608 2511 985 2582 συλλογισμῶν
1014 2513 1185 2581 ἄρκυς
1208 2509 1489 2579 διαφυγὼν
1511 2507 1644 2579 (49),
1676 2507 1811 2570 Θεὸς

214 2605 565 2676 ἀναπέφηνε,
610 2604 719 2658 τῶν
765 2604 873 2659 σῶν
918 2604 1236 2675 διαιρέσεων
1286 2601 1631 2672 ἰσχυρότερος
1673 2597 1806 2671 (50).

213 2697 318 2760 Τίς
346 2692 440 2750 οὖν
468 2699 502 2767 ἡ
538 2697 902 2769 ὲκπόρευσιςς
940 2694 1078 2748 Εἰπὲ
1115 2697 1179 2749 σὺ
1220 2693 1319 2765 τὴν
1352 2692 1679 2762 ἁγεννησίαν
1716 2690 1808 2745 τοῦ

214 2788 458 2860 Πατρὸς,
487 2786 645 2856 κάγὼ
669 2789 768 2858 τὴν
809 2786 1063 2856 γέννησιν
1099 2783 1194 2837 τοῦ
1234 2783 1364 2837 Υἱοῦ
1405 2782 1809 2854 φυσιολογήσω,

215 2879 316 2933 καὶ
340 2878 441 2950 τὴν
467 2878 788 2950 ἐκπόρευσιν
817 2878 912 2930 τοῦ
942 2875 1280 2946 Πνεύματος,
1310 2875 1405 2927 καὶ
1435 2872 1810 2945 παραπληκτί-

216 2988 391 3043 σομεν
413 2970 527 3039 (51)
557 2970 730 3041 ἄμφω
757 2970 836 3032 είς
855 2968 991 3021 Θεοῦ
1027 2969 1301 3039 μυστήρια
1325 2965 1774 3035 παρακύπτοντες
1793 2980 1807 2994 '

214 3061 314 3114 καὶ
344 3060 521 3115 ταῦτα
555 3059 729 3122 τίνες,
761 3059 824 3111 Οἱ
858 3056 993 3128 μηδὲ
1032 3056 1100 3110 τὰ
1134 3056 1192 3109 ὲν
1221 3056 1379 3109 ποσὶν
1422 3054 1621 3108 εἰδέναι
1650 3053 1810 3107 δυνά-

1917 1873 2122 1928 quaeso,
2149 1875 2316 1929 pones
2343 1860 2416 1927 id,
2448 1863 2591 1931 quod
2618 1864 2884 1933 procedit,
2916 1868 3061 1935 quod
3103 1869 3318 1937 quidem
3343 1871 3486 1926 inter

1912 1950 2046 2004 duas
2084 1951 2367 2006 divisionis
2416 1962 2519 2007 tua:
2568 1963 2754 2024 partes
2815 1955 3163 2027 interjectum
3210 1972 3333 2014 esse
3355 1974 3486 2016 con.-

1911 2052 2039 2108 stat,
2071 2052 2235 2112 atque
2283 2060 2314 2098 a
2357 2045 2629 2116 theologo,
2661 2047 2830 2103 multo
2884 2059 2937 2103 te
2981 2052 3368 2119 praestantiori,
3403 2054 3484 2108 ni-

1911 2130 2106 2184 mirum
2137 2146 2166 2183 a
2197 2130 2478 2188 Safvatore
2499 2135 2711 2201 nustro,
2743 2137 3137 2194 introducitur?
3164 2140 3279 2197 Nisi
3320 2142 3483 2209 forte,

1912 2233 2134 2292 propter
2161 2225 2379 2280 tertium
2434 2235 2583 2281 tuum
2644 2229 3072 2299 Testamentum,
3125 2249 3310 2289 vocem
3337 2235 3484 2292 illam

1911 2329 1976 2367 ex
2031 2314 2333 2386 Evangeliis
2392 2319 2719 2385 sustuleris,
2765 2321 2999 2392 Spiritus
3059 2336 3296 2397 sanctus,
3320 2332 3413 2401 qui
3449 2348 3485 2385 α

1909 2402 2076 2457 Patre
2108 2406 2344 2473 procedit
2378 2407 2423 2438 "’
2452 2407 2609 2478 ;qui,
2660 2418 2927 2479 quatenus
2978 2413 3045 2466 ab
3090 2412 3181 2468 illo
3215 2416 3482 2483 procedit.

1911 2507 2156 2553 creatura
2187 2513 2293 2553 non
2316 2508 2401 2555 est
2430 2518 2443 2554 :
2477 2509 2746 2570 quatenus
2784 2516 2975 2558 rursus
3004 2504 3218 2574 genitus
3251 2520 3357 2560 non
3377 2519 3480 2568 εει,

1909 2587 2078 2644 Filius
2102 2604 2210 2645 non
2234 2598 2344 2646 est:
2371 2599 2641 2661 quatenus
2673 2601 2853 2648 autem
2910 2593 3057 2649 inter
3088 2595 3388 2666 ingenitum
3427 2612 3485 2653 et

1910 2682 2149 2750 genitum
2167 2682 2379 2739 medius
2395 2691 2497 2749 est,
2517 2683 2657 2740 Deus
2680 2693 2784 2741 est.
2802 2687 2980 2754 Atque
3003 2688 3081 2745 ita
3107 2689 3291 2747 vitatis
3317 2690 3483 2761 syllo—

1912 2774 2211 2844 gismorum
2283 2782 2496 2829 tuorum
2530 2775 2759 2845 laqueis,
2811 2778 2954 2833 Deus
2997 2779 3285 2835 manifeste
3314 2796 3483 2851 appa~

1911 2864 2044 2931 ruit,
2071 2865 2427 2921 divisionibus
2457 2867 2562 2922 tuis
2587 2867 2795 2923 firmior
2818 2878 2873 2924 et
2900 2868 3184 2927 valentior.
3204 2870 3334 2940 Quae
3353 2887 3483 2943 ergo

1910 2966 1994 3012 est
2018 2956 2133 3012 haec
2162 2958 2469 3026 processio?
2497 2959 2728 3027 inquies.
2767 2959 2863 3017 Dic
2888 2969 2944 3016 tu
2971 2975 3092 3032 qua:
3132 2961 3308 3018 Patris
3333 2963 3485 3035 inge-

1910 3049 2093 3104 nitura
2123 3049 2213 3115 sit,
2238 3059 2314 3103 .et
2364 3064 2465 3120 ego
2493 3048 2617 3105 Filii
2676 3053 3103 3122 generationem,
3165 3066 3220 3110 et
3245 3053 3483 3126 Spiritus

217 3168 399 3224 μενοι,
435 3151 569 3223 μηδὲ
598 3150 826 3221 ψάμμον
861 3126 1175 3212 θαλασσῶν,
1205 3148 1301 3201 καὶ
1331 3147 1595 3216 σταγόνας
1624 3147 1803 3211 ὑετοῦ,

1920 3141 2315 3212 processionem
2349 3140 2623 3211 explicare
2647 3143 2954 3214 aggrediar,
2977 3160 3084 3216 quo
3112 3145 3204 3202 ﬁet
3235 3157 3292 3202 ut
3320 3149 3484 3205 ambo
3557 3178 3560 3181 λ

211 3243 315 3297 καὶ
346 3241 563 3315 ἡμέρας
599 3241 796 3306 αἰῶνος
843 3240 1273 3312 ἐξαριθμεῖσθαι,
1312 3239 1386 3310 μὴ
1436 3239 1517 3292 ὅτι
1559 3255 1624 3308 γε
1670 3236 1805 3292 θεοῦ

212 3333 446 3405 βάθεσιν
488 3334 844 3405 ἐμϐατεύειν,
890 3337 986 3389 καὶ
1030 3335 1189 3404 λόγον
1222 3334 1446 3405 ὑπέχειν
1494 3333 1595 3404 τῆς
1635 3332 1807 3398 οὕτως

212 3427 463 3499 ἀρρήτου
502 3427 598 3481 καὶ
620 3426 760 3499 ὑπὲρ
795 3426 952 3495 λόγον
978 3426 1213 3497 φύσεως.

1914 3231 2223 3297 deliremus,
2253 3231 2306 3285 in
2329 3229 2425 3286 Dei
2456 3233 2714 3302 mysteria
2742 3233 2926 3291 oculos
2943 3235 3259 3306 jnjicientes
3281 3255 3296 3293 :
3321 3237 3483 3308 idque

1911 3324 2003 3395 qui
2038 3322 2298 3378 tandem?
2355 3321 2557 3393 Nempe
2613 3323 2705 3392 qui
2750 3340 2816 3380 ne
2843 3341 2905 3381 ea
2959 3328 3194 3396 quidem,
3217 3344 3338 3398 quae
3359 3340 3484 3385 ante

1914 3416 2078 3486 pedes
2105 3425 2252 3482 sunt,
2285 3415 2449 3483 scire,
2503 3430 2603 3471 nec
2657 3431 2879 3474 arenam
2915 3421 3102 3488 maris,
3158 3431 3253 3478 aut
3286 3423 3484 3494 pluvia:

215 3536 427 3596 guttas,
458 3539 513 3582 et
547 3527 661 3583 dies
699 3528 883 3582 saeculi
916 3534 1239 3583 enumerare
1260 3541 1568 3597 possumus,
1599 3526 1794 3581 nedum
1835 3524 1889 3577 in
1923 3522 2017 3578 Dei
2040 3521 2307 3591 profunda
2331 3522 2649 3592 penetrare,
2710 3528 3025 3587 naturaeque
3082 3518 3218 3574 adeo
3239 3533 3478 3587 arcana,

213 3630 381 3690 atque
405 3634 625 3675 omnem
653 3620 917 3674 orationis
941 3618 1254 3673 facultatem
1284 3633 1456 3687 usque
1484 3619 1619 3673 adeo
1643 3615 1947 3686 superantis
1971 3615 2208 3670 rationes
2246 3615 2489 3669 reddere.

287 3710 367 3765 8'.
408 3710 474 3763 Τί
512 3704 605 3765 οῦν
638 3711 775 3775 ἐστι,
819 3710 1006 3779 φησιν,
1049 3708 1077 3761 ὃ
1139 3709 1314 3762 λείπει
1358 3709 1437 3780 τῷ
1488 3707 1796 3779 Πνεύματι,

214 3797 358 3871 πρὸς
387 3798 450 3851 τὺ
477 3793 617 3852 εἶναι
655 3798 785 3851 Υίόν
819 3797 966 3868 (52);
1002 3798 1066 3850 Εἰ
1109 3800 1220 3869 γὰρ
1267 3798 1340 3870 μὴ
1387 3797 1574 3850 λεῖπόν
1606 3815 1659 3850 τι
1706 3792 1796 3868 ἦν,

213 3888 348 3954 Υἱὸς
386 3888 454 3943 ἂν
502 3875 592 3960 ἦν.
641 3889 718 3942 Οὐ
765 3888 973 3942 λείπειν
1021 3889 1230 3959 φαμένο
1282 3889 1405 3942 οὐδὲ
1466 3889 1571 3958 γὰρ
1624 3887 1799 3941 ἐλλει-

212 3981 327 4053 πὴς
362 3980 476 4052 (55)
503 3980 666 4044 Θεός·
694 3981 755 4034 τὸ
784 3980 842 4033 δὲ
875 3980 977 4051 τῆς
1016 3981 1331 4049 ὲκφάνσεως
1361 3980 1497 4052 (54),
1541 3980 1606 4033 ἵν’
1630 3979 1803 4044 οὕτως

209 4072 378 4137 εἴπω,
402 4071 436 4143 ἢ
463 4073 564 4143 τῆς
590 4073 728 4146 πρὸς
752 4071 956 4142 ἄλληλα
982 4072 1219 4143 σχέσεως
1244 4071 1520 4144 διάφορον,
1543 4072 1800 4144 διάφορον

1966 3705 2058 3760 ΙΧ.
2080 3704 2218 3772 Quid
2248 3720 2378 3775 ergo
2398 3713 2502 3769 est,
2522 3704 2789 3774 inquiunt,
2813 3703 2957 3773 quod
2979 3702 3203 3773 Spiritui
3224 3705 3395 3772 deest,
3414 3710 3483 3761 ad

1897 3795 2000 3850 hoc
2030 3782 2091 3849 ut
2127 3793 2425 3849 sitFilius?
2454 3792 2567 3849 Nisi
2611 3794 2756 3849 enim
2811 3794 3011 3865 aliquid
3050 3795 3277 3862 deesset,
3312 3796 3483 3853 Filius

1898 3895 2062 3943 esset.
2089 3887 2283 3941 Deesse
2305 3885 2443 3941 nihil
2464 3885 2715 3941 dicimus.
2742 3885 2858 3941 Non
2887 3887 3029 3942 enim
3050 3886 3158 3942 Deo
3187 3888 3481 3958 quidquam

1900 3982 2071 4037 deest.
2105 3982 2305 4037 Verum
2350 3981 2828 4050 manifestationis,
2874 3992 2934 4038 ut
2985 3981 3059 4037 ita
3096 3982 3315 4050 dicam,
3358 3998 3481 4038 mu-

1902 4082 2114 4142 tuasque
2134 4088 2320 4127 eorum
2346 4072 2623 4128 relationis
2660 4072 2981 4138 diﬂerentia,
3021 4074 3233 4129 diversa
3265 4089 3481 4144 quoque

211 4164 398 4218 αὐτῶν
428 4166 524 4219 καὶ
558 4165 659 4235 τὴν
695 4164 889 4237 κλῆσιν
922 4163 1241 4235 πεποίηκεν.
1270 4163 1405 4218 Οὐδὲ
1433 4164 1543 4234 γὰρ
1577 4162 1653 4233 τῷ
1685 4162 1799 4234 Υἱῷ

1920 4165 2030 4236 psis
2068 4164 2288 4220 nomina
2329 4165 2657 4232 procreavit.
2702 4163 2888 4234 Neque
2920 4165 3063 4219 enim
3090 4164 3232 4219 Filio
3278 4165 3482 4235 aliquid

208 4255 393 4309 λείπει
416 4273 470 4309 τι
498 4256 609 4326 (55)
636 4255 776 4328 πρὸς
802 4255 864 4308 τὺ
901 4251 1041 4308 εἶναι
1073 4255 1292 4325 Πατέρα
1323 4254 1463 4325 (οὐδὲ
1495 4253 1602 4327 γὰρ
1632 4253 1800 4308 ἔλλει-

1920 4257 2070 4323 leest,
2103 4256 2167 4310 ad
2197 4255 2301 4310 hoc
2330 4265 2391 4309 ut
2438 4256 2510 4310 sit
2554 4255 2719 4309 Pater
2773 4257 2897 4325 (nec
2955 4255 3099 4311 enim
3128 4255 3369 4312 defectus
3397 4265 3483 4313 est

203 4349 307 4420 ψις
339 4351 375 4420 ἡ
421 4349 648 4419 υἱότης),
675 4348 792 4402 ἀλλ’
820 4348 882 4401 οὐ
922 4348 1075 4418 παρὰ
1103 4347 1261 4401 τοῦτο
1299 4346 1509 4418 Πατήρ.
1545 4347 1617 4398 ’Ἡ
1655 4346 1798 4400 οὕτω

1920 4346 2128 4418 lliatio),
2163 4359 2264 4400 nec
2292 4359 2576 4416 propterea
2604 4356 2783 4401 tamen
2809 4344 2970 4401 Pater
2996 4356 3103 4402 est.
3126 4346 3337 4417 Alioqui
3387 4363 3483 4403 ea-

204 4440 405 4509 γεοκαὶ
434 4439 513 4510 τῷ
546 4440 720 4511 Ila-cpi.
755 4438 932 4492 λείπει
962 4456 1015 4491 τι
1042 4438 1180 4510 πρὸς
1211 4437 1274 4491 τὸ
1304 4432 1441 4490 εἶναι
1480 4436 1610 4491 Υἱὸν
1648 4434 1793 4505 (56)·

1920 4437 2025 4492 lem
2059 4437 2268 4490 ratione
2291 4437 2436 4491 Patri
2462 4436 2663 4506 aliquid
2681 4437 2878 4504 deerit,
2895 4437 2961 4493 ad
2983 4437 3086 4494 hoc
3117 4448 3173 4492 ut
3198 4439 3270 4494 sit
3289 4439 3478 4496 Filius.

202 4530 271 4584 οὗ
305 4528 419 4600 γὰρ
466 4529 594 4593 Υἱὸς
634 4510 677 4582 όν
702 4529 916 4601 Πατήρ.
955 4527 1095 4581 Ἀλλ’
1136 4528 1239 4580 οὐκ
1290 4526 1581 4596 ἐλλείψεως
1623 4524 1797 4579 ταῦτά

1920 4526 2014 4581 Nec
2038 4527 2185 4581 enim
2220 4526 2381 4581 Pater
2423 4526 2593 4582 Filius
2629 4537 2732 4582 est.
2767 4527 2872 4582 Sed
2904 4529 3018 4583 haec
3049 4528 3316 4584 defectum
3354 4545 3481 4598 pro-

204 4621 400 4687 ποθεν,
440 4620 560 4674 οὐδὲ
592 4621 692 4692 τῆς
722 4620 865 4674 κατὰ
903 4620 1002 4691 τὴν
1045 4620 1231 4673 οὐσίαν
1263 4620 1541 4689 ὑφέσεως·
1574 4618 1705 4672 αὐτὸ
1738 4618 1795 4672 δὲ

1920 4619 1985 4674 :ul
2010 4619 2170 4682 dubio
2191 4620 2546 4689 undequaque
2567 4634 2671 4674 non
2700 4631 2950 4689 arguunt,
2970 4637 3069 4677 nec
3082 4623 3333 4678 essentire
3352 4626 3479 4679 sab-

204 4712 292 4777 τδ,
324 4709 424 4780 Μὴ
460 4710 820 4782 γεγενῆσθαι
851 4709 986 4784 (57),
1032 4711 1133 4765 καὶ
1177 4710 1246 4765 τὸ
1285 4709 1657 4782 γεγενῆσθαι,
1702 4710 1795 4764 καὶ

1920 4710 2214 4765 nissionem
2242 4728 2256 4766 :
2297 4713 2425 4780 quin
2455 4712 2632 4782 potius
2665 4727 2729 4767 ex
2766 4713 2850 4768 his
2881 4714 3062 4773 verbis
3092 4733 3107 4770 :
3145 4714 3298 4781 Quod
3334 4719 3479 4786 geni-

203 4802 270 4857 τὸ
313 4802 766 4872 ἐκπορεύεσθαι,
807 4801 899 4856 τὸν
930 4802 1030 4873 μὲν
1065 4801 1305 4874 Πατέρα,
1332 4801 1425 4856 τὸν
1452 4801 1509 4856 δὲ
1538 4802 1686 4865 Υἰὸν,
1730 4801 1793 4855 τὸ

1925 4818 1986 4857 us
2018 4818 2121 4856 non
2142 4803 2230 4868 sit,
2285 4811 2335 4857 et
2377 4805 2515 4874 quod
2555 4806 2780 4876 genitus,
2820 4813 2868 4860 et
2909 4807 3048 4877 quod
3075 4807 3340 4876 procedat,
3374 4805 3477 4863 hoc

279 4958 328 4991 ³⁷
356 4956 516 5014 Joan.
544 4972 638 5025 xv,
669 4957 764 5014 26.

278 5120 397 5195 (ᾅέ)
456 5120 848 5195 Βαλεντζνου.
878 5117 1047 5195 Eois].
1079 5118 1133 5185 1,
1156 5118 1532 5195 οῦαλεντίνου.

281 5187 395 5259 (45)
434 5192 849 5259 Διαλυθείσης.
878 5188 1064 5243 Plures
1091 5192 1249 5247 codd.
1270 5187 1543 5259 λυθείσης.

278 5254 394 5335 (4ο)
426 5259 558 5335 *Ἰζῆς
588 5258 733 5335 σῇς.
760 5254 859 5335 Sic
889 5269 1122 5335 quatuor
1142 5259 1339 5335 βοείῃ,
1366 5254 1786 5329 quatuorColb.,

202 5328 509 5405 dqugoisl.
532 5341 588 5385 et
615 5331 712 5405 0r.
753 5330 806 5384 1.
826 5329 986 5405 Deest
1015 5328 1116 5399 σῆς
1142 5331 1196 5383 in
1218 5328 1301 5384 ed.
1355 5397 1384 5405 __

276 5401 395 5472 (47)
442 5403 877 5472 Εἱσαγόμενον.
915 5399 1010 5455 Sic
1040 5396 1231 5454 omnes
1267 5397 1503 5456 codices.
1531 5396 1787 5454 Mendose

202 5472 257 5526 in
286 5470 420 5526 Par.
437 5472 550 5541 ed.,
572 5470 937 5541 είσαγόμενοι.

274 5541 390 5612 (48)
436 5540 625 5597 Οὕτω.
660 5540 1160 5612 Βοεί.γι)λιιι,ίοῦτως.

273 5609 389 5682 (49)
423 5609 767 5682 Διαφυτώνξ
781 5610 933 5682 Colb_.
950 5611 984 5665 5
1009 5622 1064 5667 et
1093 5612 1187 5682 0r.
1213 5611 1268 5676 1,
1291 5609 1573 5682 διαφυγόν.

418 5679 860 5755 τινσχυρότερος.
890 5679 1022 5737 Tres
1048 5680 1615 5755 golb.,_o¢nlétep_o;.

273 5694 368 5755 (δυ
423 5694 860 5750 ἰσχυρότερος.
890 5694 1022 5737 ἰτεε
1048 5694 1229 5747 toto,
1263 5694 1615 5752 οψηλοτερος.

272 5694 390 5821 (51)
410 5751 1018 5823 Παραπληκτίσομεν.
1060 5752 1196 5808 Tres
1222 5751 1389 5823 Begg.
1418 5761 1473 5810 et
1507 5750 1673 5809 Coisl.
1724 5751 1780 5819 2,

1902 5118 2464 5191 παραπληκτίσωμεν.

1957 5187 2071 5260 (52)
2113 5187 2272 5260 Υιόν.
2294 5187 2458 5260 (Σοί-ει.
2486 5188 2538 5260 1,
2563 5187 2696 5260 Υἱῷ.

1968 5257 2082 5331 (55)
2119 5257 2453 5331 Ἑλλι-ζιπής.
2472 5257 2709 5331 Coisl._'1.
2736 5259 2975 5331 ἐλλιπής.

1970 5328 2083 5398 (54)
2120 5327 2512 5397 Ἐκεοάνσεως.
2570 5346 2588 5379 ι
2627 5327 2957 5393 Locutinnis,
3006 5327 3417 5398 enuntiationis.
3451 5346 3470 5379 ι

1970 5397 2421 5471 (55)-Λείπειᾲτι.
2456 5399 2548 5452 Sic
2581 5410 2690 5453 tres
2719 5401 2911 5471 ltegg.,
2942 5401 3179 5469 quinque
3211 5397 3363 5453 Colb.
3422 5409 3477 5452 et

1896 5467 1991 5523 Or.
2021 5467 2073 5520 1.
2096 5468 2152 5522 In
2187 5469 2274 5522 ed.
2303 5469 2453 5521 deest
2485 5485 2558 5520 τι.

2107 5538 2375 5611 deierat...
2596 5536 2727 5608 Reg.
2771 5537 2883 5601 bm,
2915 5537 3081 5593 Coisl.
3123 5539 3176 5602 1,
3207 5537 3302 5595 0r.
3333 5537 3384 5601 1,
3421 5546 3474 5592 et

1894 5606 2364 5678 Βεὲὶ1.,λείψει.τ.
2407 5607 2576 5678 Titi»-
2684 5606 2696 5608 ⁷
2985 5676 3008 5678 μ
3062 5677 3070 5678 ί
3138 5630 3141 5633 ⁷

1969 5677 2083 5749 (57)
2122 5676 2515 5749 ιἐγενῆσθοιὶ.
2550 5676 2684 5748 Reg.
2713 5693 2763 5738 a,
2786 5676 3164 5749 γεγεννῆσθαι.
3189 5677 3331 5745 Mox,
3385 5680 3468 5749 ἐκ·

1895 5745 2248 5821 πορεύεσθαι.
2282 5745 2418 5820 Reg.
2452 5745 3115 5821 Ογρτηεκπεπορεῦσθαι.
