3890 6214
182 259 291 316 145

1209 257 1471 315 ORATIO
1512 258 1700 313 XXXI.
1746 290 1814 299 —
1853 260 2292 319 THEOLOGICA
2330 263 2380 318 V.

3332 267 3432 321 HO

179 372 425 445 φοτέρων
449 371 714 443 γέννημα.
742 366 869 443 Ἃρ)
898 367 995 426 οὖν
1024 372 1219 427 ταυτόν
1240 372 1352 443 (69)
1385 390 1468 426 σοι
1512 373 1761 443 φαίνεται

1906 392 1971 430 ue
2030 378 2271 433 soboles.
2306 379 2526 434 ldemne
2558 392 2719 447 porro
2746 378 2837 432 tibi
2886 392 3004 430 esse
3039 378 3308 444 Videntur,
3340 384 3435 449 tig-

181 467 431 537 πλάσμα.
459 465 552 519 καὶ
580 465 794 536 τμῆμα,
824 466 918 519 καὶ
955 466 1233 536 γέννημα;
1268 466 1390 529 Πῶς
1414 465 1506 530 οὓς
1546 466 1767 538 Ὁμοού-

184 576 279 614 σια
315 559 373 612 δὲ
416 557 612 623 ταῦτα,
651 557 685 629 ἢ
720 558 807 623 τί;
862 557 989 622 Πῶς
1034 558 1078 611 δ’
1121 556 1220 623 οὓς
1275 558 1629 629 Ὠμολόγηται
1673 554 1766 613 οὖν

183 655 279 708 καὶ
315 652 385 706 τὰ
425 651 697 722 διαφόρως
752 650 1062 704 ὑποστάντα
1107 649 1219 720 (70)
1260 650 1361 720 τῆς
1414 650 1584 719 αὐτῆς
1625 646 1765 703 εἶναι

182 741 373 805 οὐσίας
401 739 729 810 ἐνδέχεσθαι.
759 740 916 807 Λέγω
944 738 1000 791 δὲ
1029 740 1225 803 ταῦτα,
1258 740 1360 793 οὐκ
1392 740 1485 795 ἐπὶ
1522 740 1620 810 τὴν
1658 739 1769 793 θεό-

182 852 327 906 τητα
366 834 546 906 φέρων
584 833 684 904 τὴν
712 831 931 898 πλάσιν,
956 832 989 903 ἢ
1028 831 1127 903 τὴν
1155 832 1349 903 τομὴν,
1379 832 1413 903 ἦ
1443 849 1495 884 τι
1532 831 1638 885 τῶν
1667 833 1766 885 ὅσα

188 925 439 997 σώματος
463 926 561 996 (μή
597 924 685 995 μοί
712 941 793 987 τις
828 912 1143 993 ἐπιφυὲσθω
1188 923 1352 977 πάλιν
1385 924 1495 977 τῶν
1537 924 1769 995 λογομα-

187 1016 352 1089 χων),
391 1016 485 1069 ἐπὶ
524 1016 581 1069 δὲ
628 1014 831 1069 τούτων
874 1014 1115 1085 θεωρῶν,
1165 1014 1241 1078 ὡς
1284 1016 1377 1068 ἐπὶ
1424 1015 1649 1084 σκηνῆς,
1704 1016 1770 1069 τὰ

189 1105 475 1176 νοούμενα.
505 1104 638 1158 Οὐδὲ
686 1104 794 1176 γὰρ
822 1099 933 1158 οἶόν
975 1120 1034 1156 τε
1065 1103 1174 1158 τῶν
1218 1103 1584 1175 εἰκαζομένων
1618 1104 1768 1157 οὐδὲν

362 1199 541 1251 πᾶσαν
585 1196 917 1267 ἐξικνεῖσθαι
940 1196 1194 1267 καθαρῶς
1225 1197 1323 1267 τὴν
1357 1197 1635 1267 ἀλήθειαν.
1662 1196 1771 1248 Καὶ
1806 1239 1815 1247 .

191 1288 244 1341 τί
276 1287 473 1352 ταῦτα,
508 1287 699 1358 φασίν,
731 1288 804 1340 Οὐ
834 1288 943 1356 γὰρ
970 1285 1066 1340 τοῦ
1098 1286 1235 1350 ἐνὸς,
1275 1286 1337 1339 τὸ
1369 1286 1465 1356 μὲν
1502 1286 1769 1356 γέννημα,
1802 1312 1813 1322 ο

194 1381 255 1432 τὸ
283 1380 341 1433 δὲ
368 1379 496 1434 ἄλλο
521 1397 595 1435 τι.
642 1379 706 1431 Τί
741 1374 864 1444 οὗν;
907 1379 972 1431 Ἦ
1022 1374 1135 1431 Εὕα
1170 1380 1265 1431 καὶ
1291 1378 1319 1429 ὁ
1352 1377 1481 1447 Σὴθ,
1513 1377 1635 1447 οὐχὶ
1678 1374 1771 1429 τοῦ

196 1472 364 1527 αὑτοῦ
402 1473 497 1526 τοῦ
538 1472 739 1543 Ἀδάμ;
770 1470 924 1536 Τίνος
958 1471 1067 1543 γὰρ
1106 1470 1304 1535 ἄλλου;
1342 1467 1415 1523 τΗ
1463 1470 1557 1522 καὶ
1596 1469 1774 1540 ἀμφό-

196 1583 344 1639 τεροι
369 1566 711 1636 γεννήματα;
733 1564 1015 1636 Οὐδαμῶς.
1052 1563 1209 1618 Ἀλλὰ
1231 1565 1314 1627 τί;
1341 1564 1413 1616 Τὸ
1442 1564 1538 1633 μὲν
1559 1562 1772 1634 τμῆμα,

198 1659 260 1711 τὸ
290 1658 349 1712 δὲ
379 1658 653 1728 γέννημα·
681 1658 776 1710 καὶ
811 1656 915 1727 μὴν
942 1656 1240 1727 ἀμφότεροι
1270 1654 1465 1708 ταυτὸν
1494 1652 1770 1724 ἀλλήλοις·

1870 479 2133 534 mentum,
2160 479 2518 542 segmentum,
2537 480 2589 524 et
2605 469 2847 525 soboles?
2871 469 3104 536 Quidni?
3132 470 3261 539 Age,
3288 470 3435 537 ejus-

1867 560 2059 616 demne
2088 561 2203 616 hrec
2244 562 2491 618 essentiaa
2524 562 2663 617 inter
2692 576 2750 616 se
2783 569 2926 625 sunt,
2970 553 3232 631 an'563
3262 561 3437 614 diver-

1867 651 2286 723 sze?‘Ejusdetn.
2324 654 2382 707 In
2411 655 2660 708 confesso
2701 653 2862 722 igitur
2898 663 3002 718 est,
3034 662 3114 716 ut,
3146 667 3265 721 quae
3290 653 3439 705 varie

1867 745 2162 811 exsistunt,
2196 747 2441 799 eamdem
2472 755 2648 799 tamen
2681 745 2970 799 essentiam
3020 743 3273 798 habeant.
3331 740 3441 797 Nec

1867 849 1996 888 vero
2029 837 2140 889 tunc
2188 850 2253 889 eo
2283 850 2312 889 a
2366 849 2452 889 n:e
2502 836 2774 898 dicuntur,
2823 836 2963 902 quod
2998 834 3291 897 ﬁctionem,
3350 843 3443 886 aut

1868 926 2185 990 sectionem,
2216 934 2310 979 aut
2370 925 2571 995 aliquid
2622 926 2763 979 aliud
2806 941 2871 978 ex
2903 924 3009 990 bis,
3058 938 3175 992 qua)
3202 924 3444 992 corporis

1870 1025 2059 1068 natura
2101 1015 2224 1081 fert,
2283 1017 2336 1070 in
2391 1017 2724 1071 divinitatem
2780 1014 3052 1069 conferam
3098 1027 3234 1084 (nec
3297 1014 3441 1067 enim

1868 1110 2002 1162 mihi
2032 1126 2220 1164 rursus
2243 1124 2456 1178 pugnax
2481 1110 2744 1180 quispiam
2774 1117 3053 1178 argutator
3076 1106 3331 1161 insidiose
3353 1108 3448 1158 im-

1871 1202 2072 1254 mineat
2092 1201 2132 1269 ),
2165 1204 2257 1255 sed
2294 1216 2353 1255 ut
2385 1203 2437 1255 in
2472 1203 2555 1255 his
2582 1204 2742 1256 rebus
2761 1216 2843 1266 ea,
2869 1201 3012 1255 velut
3040 1201 3092 1254 in
3121 1214 3303 1260 scena,
3326 1212 3447 1265 spe-

1872 1299 2032 1351 ctem,
2065 1306 2186 1360 quae
2213 1307 2319 1345 non
2367 1292 2465 1345 nisi
2517 1291 2790 1345 intellectu
2830 1290 3219 1360 percipiuntur.
3270 1287 3449 1355 Neque

1872 1383 2014 1435 enim
2052 1382 2166 1437 ﬁeri
2200 1392 2395 1451 potest,
2423 1393 2481 1436 ut
2530 1384 2704 1453 imago
2757 1382 2864 1436 ulla
2913 1392 2967 1437 et
3012 1380 3324 1443 similitudo,
3371 1377 3448 1431 rei

1875 1473 2157 1527 veritatem
2192 1473 2347 1542 plane
2376 1472 2716 1543 perfectoque
2735 1484 3071 1542 assequatur.
3108 1471 3212 1525 Sed
3235 1471 3442 1539 dicunt,

1875 1578 2133 1631 quorsum
2167 1566 2319 1620 haec?
2354 1565 2464 1621 Nec
2509 1567 2654 1621 enim
2709 1567 2867 1620 unius
2914 1565 3286 1634 ejusdemque,
3317 1568 3454 1623 alter

1878 1656 2065 1719 Filius,
2101 1656 2237 1711 alter
2278 1657 2422 1711 aliud
2471 1658 2785 1727 quidquam.
2832 1656 2968 1723 Quid
3016 1657 3214 1725 igitur?
3258 1657 3364 1711 Eva
3399 1671 3456 1715 et

201 1750 476 1820 ἄνθρωποι
494 1750 646 1820 γάρ·
675 1749 851 1812 οὐδεὶς
879 1750 1116 1818 ἀντερεῖ.
1155 1746 1345 1818 Παύσῃ
1386 1745 1497 1815 (71)
1524 1740 1615 1797 οὖν
1646 1743 1781 1796 ἀπο-

1902 1749 2036 1813 Ξειιι,
2069 1763 2249 1803 nonne
2280 1763 2343 1803 ex
2376 1751 2561 1803 eodem
2593 1750 2797 1803 Adamo
2854 1749 3017 1803 sunt?
3047 1748 3121 1803 Es
3176 1765 3281 1819 quo
3309 1752 3452 1806 enim

207 1839 514 1910 μαχόμενος
564 1839 674 1909 (72)
728 1838 866 1910 πρὸς
910 1838 972 1891 τὸ
1018 1837 1279 1907 Πνεῦμα,
1329 1835 1404 1896 ὼς
1444 1833 1477 1905 ἢ
1532 1832 1778 1902 γέννημα

205 1930 448 1994 πάντως.
473 1930 507 1999 ἢ
546 1930 621 2001 μὴ
647 1929 952 2001 ὁμοούσιον.
983 1928 1115 2000 μηδὲ
1137 1927 1291 1991 Θεὸν,
1330 1926 1423 1980 καὶ
1453 1928 1518 1979 ὲκ
1549 1923 1659 1977 τῶν
1690 1924 1783 1975 ἀν-

204 2023 493 2096 θρωπίνων
531 2023 591 2076 τὸ
625 2022 846 2075 δυνατὸν
891 2019 1075 2075 λαϐὼν
1105 2020 1206 2091 τῆς
1254 2018 1529 2091 ἡμετέρας
1576 2013 1782 2086 ὑπολή-

202 2117 388 2187 ψεως;
427 2115 569 2185 Ἐγὼ
623 2115 722 2187 μὲν
778 2110 931 2184 οἶμαί
996 2130 1078 2167 σοι
1126 2111 1240 2181 (75)
1303 2108 1481 2171 καλῶς
1525 2107 1692 2179 ἔχειν,
1718 2107 1785 2159 εἰ

210 2209 288 2281 μὴ
316 2208 441 2263 λίαν
469 2208 715 2279 ἔγνωκας
742 2208 1088 2278 φιλονεικεῖν,
1121 2203 1217 2258 καὶ
1251 2201 1386 2274 πρὸς
1413 2202 1482 2255 τὰ
1521 2200 1656 2271 δῆλα
1685 2197 1787 2269 μά-

205 2300 425 2371 χεσθαι.

1886 1838 2032 1893 alio?
2066 1839 2257 1895 Utrum
2294 1847 2470 1894 autem
2503 1840 2661 1893 ambo
2680 1853 2744 1894 ex
2763 1853 2827 1893 eo
2845 1840 3011 1909 geniti
3028 1849 3153 1893 sunt
3171 1840 3195 1893 ?
3212 1839 3453 1896 Minime.

1888 1930 2026 1998 Quid
2078 1932 2246 2001 ergo?
2304 1931 2484 1985 Altera
2533 1939 2867 1999 segmentum
2919 1941 3037 1996 ρει,
3088 1930 3224 1985 alter
3273 1932 3453 1987 ﬁlius:

1890 2021 2038 2091 atqui
2062 2023 2223 2076 ambo
2268 2023 2408 2077 inter
2464 2037 2522 2077 se
2579 2023 2717 2076 idem
2769 2032 2932 2077 sunt:
2974 2023 3220 2079 homines
3263 2024 3456 2081 enim:

1893 2127 2058 2167 nemo
2099 2122 2185 2168 est
2218 2113 2308 2182 qni
2352 2113 2641 2168 inﬁcietur.
2673 2113 2965 2168 Desinesne
2997 2115 3157 2186 igitur
3204 2116 3462 2170 adversus

1894 2203 2159 2273 Spiritum
2188 2204 2470 2269 dimicare,
2500 2206 2651 2275 quasi
2685 2206 3046 2262 videlicetaut
3077 2208 3285 2277 genitus
3340 2223 3459 2261 om-

1894 2295 2022 2350 nino
2046 2296 2136 2359 sit,
2186 2307 2279 2350 aut
2319 2297 2794 2353 consubstantialis
2834 2314 2938 2354 non
2981 2300 3087 2364 sit,
3146 2315 3245 2354 nec
3301 2299 3459 2365 Deus,

225 2396 683 2463 prasertim'cum
714 2395 1040 2450 exliumana
1098 2405 1316 2462 quoque
1374 2389 1727 2445 similitudine
1782 2389 2105 2444 sententiam
2164 2400 2401 2447 nostram
2455 2393 2869 2464 haudquaquam
2925 2394 3307 2464 impossibilem
3344 2410 3464 2449 esse

212 2490 891 2560 intellexerisi-Equidem
923 2489 1018 2544 tibi
1042 2488 1153 2559 jam
1175 2486 1314 2542 belle
1345 2500 1468 2542 esse
1494 2484 1746 2540 existimo
1774 2522 1791 2547 ,
1854 2484 1957 2540 nisi
1992 2485 2345 2556 pervicaciter
2414 2488 2701 2543 admodum
2746 2490 3096 2551 contendere,
3141 2487 3466 2542 manifestis-

210 2603 323 2659 que
362 2587 523 2642 rebus
572 2584 836 2640 obluctari
863 2582 1189 2664 decreveris.

286 2682 389 2738 IB'.
440 2680 601 2735 Ἀλλὰ
636 2680 720 2744 τίς
752 2678 1129 2751 προσεκύνησε
1157 2676 1237 2748 τῷ
1272 2675 1573 2748 Πνεύματι,
1598 2677 1793 2747 φησίν;

212 2772 302 2838 τίς
339 2774 375 2843 ἢ
416 2772 525 2826 τῶν
553 2771 823 2835 παλαιῶν,
860 2769 894 2841 ἢ
943 2768 1053 2823 τῶν
1100 2768 1271 2835 νέων;
1316 2766 1400 2831 τίς
1442 2766 1501 2819 δὲ
1554 2765 1797 2836 προσηύ-

217 2868 383 2934 euro;
423 2864 527 2918 πού
560 2863 649 2917 δαὶ
701 2862 813 2933 (74)
845 2861 907 2915 τὸ
956 2862 1150 2932 χρῆναι
1188 2860 1512 2931 προσκυνεῖν
1549 2858 1582 2929 ἢ
1636 2874 1805 2929 προσ-

219 2955 483 3028 εύχεσθαι
547 2955 854 3026 γέγραπται
899 2969 915 3017 ;

1969 2669 2085 2726 XII.
2124 2669 2231 2725 Sed
2260 2669 2402 2740 quis,
2435 2666 2672 2737 inquies,
2714 2667 2969 2733 Spiritum
3000 2670 3279 2723 adoravit?
3310 2671 3465 2739 Quis,

1899 2764 1986 2820 vel
2018 2773 2282 2826 veterum,
2316 2760 2399 2816 vel
2433 2758 2765 2814 recentium?
2794 2759 2924 2826 Quis
2951 2776 3072 2828 eum
3118 2760 3330 2815 oravit?
3356 2762 3471 2828 Quo

1905 2855 2197 2925 Scriptum
2222 2852 2340 2909 loco
2372 2866 2496 2908 eum
2522 2850 2855 2906 adorandum
2895 2860 2988 2906 aut
3031 2825 3292 2906 orandum
3352 2868 3472 2908 esse

982 2952 1078 3004 καὶ
1170 2949 1335 3003 πόθεν
1391 2948 1549 3003 τοῦτο
1623 2947 1792 3002 λαϐὼν

1905 2946 2177 3017 proditum
2211 2944 2335 3000 est?
2384 2942 2540 3000 Unde
2585 2943 2690 2998 hoc
2729 2944 2989 3036 hausisti?
3019 2943 3128 2998 Nos
3177 2945 3335 3015 hujus
3396 2946 3471 2999 rei

219 3048 413 3119 ἕχεις;
478 3046 588 3117 Τὴν
654 3044 754 3116 μὲν
819 3042 1155 3114 τελεωτέραν
1215 3041 1394 3095 αἰτίαν
1454 3039 1792 3112 ἀποδώσομεν

1906 3036 2199 3107 pleniorem
2250 3049 2470 3090 causam
2515 3043 2698 3103 postea
2752 3028 3065 3098 reddemus,
3095 3049 3215 3088 cum
3270 3037 3335 3088 de
3368 3050 3474 3089 non

221 3140 474 3212 ὕστερον,
511 3138 675 3210 ἡνίκα
706 3137 771 3192 ἂν
804 3137 933 3207 περὶ
967 3134 1063 3188 τοῦ
1109 3134 1359 3204 ἀγράφου
1388 3132 1763 3204 διαλεγώμεθα
1787 3149 1800 3163 ⁸

219 3232 325 3289 νῦν
346 3231 405 3285 δὲ
440 3231 692 3285 τοσοῦτον
725 3230 899 3282 εἰπεῖν
938 3226 1252 3298 ἐξαρκέσει·
1286 3224 1361 3277 Τὸ
1401 3222 1623 3295 11νεῦμά
1660 3225 1807 3277 ἐστιν

222 3328 287 3380 ἐν
306 3316 352 3392 ᾧ
377 3321 809 3396 προσκυνοῦμεν,
833 3318 927 3373 καὶ
944 3318 1009 3371 δι’
1031 3310 1092 3371 οὗ
1114 3316 1544 3389 προσευχόμεθα.
1568 3315 1809 3385 Πνεῦμα

224 3418 364 3490 γὰρ,
395 3416 581 3487 φησιν,
610 3418 642 3469 ὁ
678 3414 844 3480 Θεὸς,
877 3412 975 3466 καὶ
1006 3410 1150 3476 τοὺς
1180 3407 1676 3479 προσκυνοῦντας
1712 3408 1810 3461 αὐ-

227 3511 361 3575 τὸν,
398 3509 471 3563 ἐν
514 3508 813 3576 Πνεύματι
844 3504 943 3559 καὶ
983 3502 1234 3569 ἀληθείᾳ
1272 3500 1369 3555 δεῖ
1403 3501 1773 3569 προσκυνεῖν
1791 3514 1808 3530 ο

190 3660 205 3671 _
229 3602 328 3656 καὶ
366 3600 528 3654 πάλιν
548 3615 563 3630 ο
617 3598 688 3652 Τὸ
729 3597 841 3667 γὰρ
874 3596 931 3649 τί
971 3591 1443 3663 προσευξόμεθα,
1481 3591 1607 3645 καθ’
1636 3589 1669 3643 ὃ
1700 3588 1808 3653 δεῖ,

230 3693 345 3747 οὐκ
382 3688 653 3758 οἴδαμεν,
698 3688 837 3741 ἀλλ’
879 3685 1025 3740 αὐτὸ
1057 3684 1122 3737 τὸ
1169 3682 1414 3751 Πνεῦμα
1451 3684 1811 3750 ὑπερεντυγ-

234 3782 407 3853 χάνει
458 3781 571 3852 (75)
618 3778 772 3847 ὑπὲρ
826 3776 997 3847 ἡμῶν
1041 3775 1398 3845 στεναγμοῖς
1445 3774 1810 3840 ἀλαλήτοις-ο

236 3870 356 3936 καὶ,
392 3868 807 3937 Προσεύξομαι
842 3865 922 3932 τῷ
954 3868 1271 3936 Πνεύματι,
1314 3864 1715 3935 προσεύξομαι
1746 3863 1816 3917 δὲ

240 3960 343 4014 καὶ
378 3958 460 4025 τῷ
488 3960 614 4013 νοτ·
654 3954 798 4010 τοῦτ’
850 3956 1016 4023 ἐστιν,
1062 3958 1121 4009 ὲν
1148 3955 1229 4008 νοῒ
1274 3957 1368 4009 καὶ
1406 3955 1705 4028 Πνεύματι.
1742 3957 1816 4010 Τὸ

239 4049 334 4107 οὖν
365 4052 691 4124 προσκυνεῖν
720 4048 798 4120 τῷ
825 4048 1127 4119 Πνεύματι,
1153 4049 1185 4119 ἢ
1220 4047 1635 4121 προσεύχεσθαι,
1665 4047 1817 4102 οὐδὲν

241 4143 373 4198 ἄλλο
416 4138 557 4195 εἷναί
594 4158 685 4212 μοι
742 4139 1013 4210 φαίνεται,
1057 4138 1092 4209 ἢ
1137 4140 1270 4193 αὐτὸ
1310 4138 1486 4210 ἑαυτῷ
1514 4140 1612 4211 τὴν
1653 4138 1818 4210 εὐχὴν

1907 3130 2127 3199 scriptis
2157 3129 2498 3198 dogmatibus
2536 3126 2885 3180 disseremus.
2918 3125 3069 3180 Nunc
3102 3141 3229 3181 vero
3272 3127 3371 3182 hoc
3394 3128 3477 3181 di-

1909 3236 2035 3277 cere
2063 3218 2310 3276 suﬂiciet.
2334 3217 2568 3289 Spiritus
2592 3227 2698 3283 est,
2733 3219 2785 3272 in
2815 3233 2923 3286 quo
2969 3218 3273 3284 adoramus,
3301 3226 3355 3272 et
3383 3232 3479 3286 per

1909 3325 2069 3379 quem
2099 3324 2341 3365 oramus.
2377 3308 2610 3377 Spiritus
2632 3308 2789 3368 enim.
2815 3307 3008 3375 inquit,
3027 3315 3102 3361 est
3131 3305 3271 3361 Deus
3290 3323 3307 3360 :
3328 3318 3481 3376 atque
3515 3299 3518 3303 ’

1910 3417 2016 3464 eos,
2059 3401 2148 3470 qui
2173 3401 2343 3469 ipsum
2374 3399 2627 3461 adorant,
2653 3401 2709 3451 in
2744 3396 2944 3467 Spiritu
2973 3408 3021 3451 et
3058 3398 3274 3452 veritate
3324 3413 3481 3466 opor-

1913 3502 1979 3547 tet
2008 3491 2232 3544 adorare
2261 3490 2328 3541 ’9.
2357 3491 2433 3543 Ac
2460 3503 2684 3554 rursus,
2717 3488 2856 3553 Quid
2883 3487 3021 3541 enim
3042 3502 3267 3550 oremus,
3301 3502 3483 3555 quem-

1912 3584 2197 3637 admodum
2246 3592 2471 3650 oportet,
2529 3582 2806 3634 nescimus.
2854 3577 2956 3633 Sed
3016 3577 3245 3644 Spiritus
3274 3579 3377 3646 ipse
3403 3578 3487 3632 in-

1915 3670 2256 3737 terpellatpro
2276 3668 2419 3721 nobis
2435 3668 2710 3736 gemitibus
2728 3665 3169 3721 iuenarrabilibus
3198 3665 3265 3721 ’°.
3287 3664 3353 3741 Et
3378 3664 3485 3717 alio

1915 3762 2073 3817 loco:
2109 3760 2285 3815 Orabo
2332 3757 2552 3829 Spiritu,
2601 3759 2760 3814 orabo
2797 3770 2842 3812 et
2873 3767 3042 3812 mente
3094 3758 3160 3822 “,
3207 3757 3257 3810 id
3291 3767 3394 3819 est,
3432 3755 3485 3808 in

1916 3860 2095 3906 mente
2124 3857 2180 3904 et
2213 3835 2443 3919 Spiritu.
2471 3848 2611 3919 Ergo
2650 3848 2852 3918 Spiritu
2897 3848 3144 3910 adorare,
3181 3847 3263 3898 vel
3305 3860 3485 3907 orare,

1916 3942 2049 3997 mihi
2082 3941 2212 3996 nihil
2236 3941 2378 3996 aliud
2405 3956 2529 3995 esse
2558 3940 2769 3994 videtur
2793 3981 2809 4005 ,
2838 3955 2998 4009 quam
3055 3939 3227 4007 ipsum
3281 3938 3486 4004 sibiipsi

1918 4035 2219 4096 orationem
2249 4033 2330 4105 vel
2364 4032 2731 4087 adorationem
2761 4030 2973 4087 oti‘erre.
3010 4032 3247 4101 Eamque
3272 4039 3490 4084 senten-

1921 4124 2048 4180 tiam
2089 4124 2210 4192 quis
2252 4135 2336 4177 est
2387 4124 2477 4193 qui
2515 4138 2620 4178 non
2658 4123 3103 4191 comprobaturus
3155 4122 3247 4186 sit,
3278 4123 3342 4175 de
3360 4136 3488 4175 'ma-

243 4236 541 4307 προσάγειν
601 4235 697 4287 καὶ
748 4232 849 4303 τὴν
899 4230 1291 4303 προσκύνησιν.
1340 4232 1406 4284 Ὃ
1459 4230 1543 4293 τίς
1607 4230 1707 4283 οὐκ
1752 4228 1792 4283 ἂε

1920 4218 2041 4288 gnis
2084 4231 2148 4271 ac
2184 4215 2383 4270 divinis
2425 4215 2556 4270 viris
2624 4214 2833 4286 loquor,
2860 4214 3061 4283 quique
3086 4214 3489 4284 probenorunt,

243 4327 553 4382 ἐπαινέσειε
581 4324 689 4379 τῶν
726 4324 945 4390 ἐνθέων,
989 4322 1214 4378 καὶτῶν
1248 4319 1307 4377 εὖ
1340 4322 1576 4390 εἰδότων,
1607 4322 1688 4375 ὅτι
1726 4338 1792 4375 κα

1927 4308 2084 4363 unius
2113 4305 2484 4361 adorationem
2519 4306 2678 4360 trium
2709 4304 3079 4374 adorationem
3107 4317 3247 4366 esse,
3278 4311 3496 4371 propter

245 4423 282 4491 ἡ
320 4418 417 4472 τοῦ
452 4418 571 4481 ἑνὸς
608 4414 1013 4488 προσκύνησις,
1057 4414 1166 4469 τῶν
1211 4413 1377 4486 τριῶν
1425 4415 1542 4466 ἐστι
1581 4410 1789 4483 προσκύ

1926 4399 2186 4469 tequalem
2217 4400 2379 4454 trium
2414 4412 2763 4467 personarum
2790 4395 3104 4465 dignitatem
3138 4408 3203 4450 ac
3246 4393 3496 4448 divinita-

249 4485 430 4581 νησις,
462 4509 554 4563 διὰ
584 4485 735 4562 τὸϋὲν
762 4485 1080 4578 τοίς-τρισὶν
1103 4485 1364 4576 ὁμότιμον
1390 4504 1488 4575 τῆς
1516 4502 1693 4570 ἀξίας,
1728 4520 1792 4556 κα

1927 4500 2036 4545 tem
2064 4491 2088 4544 ?
2118 4489 2223 4546 Sed
2253 4505 2322 4544 ne
2347 4488 2476 4544 illud
2506 4486 2723 4558 quidem
2750 4488 3122 4552 extimescam,
3149 4486 3293 4556 quod
3313 4485 3494 4539 omnia

249 4578 349 4672 τῆς
375 4601 660 4672 θεότητος;
690 4602 800 4654 Καὶ
829 4599 935 4671 μὴν
955 4598 1075 4652 οὐδὲ
1097 4599 1273 4651 ἐκεῖνο
1294 4594 1672 4666 φοϐηθήσομαι
1690 4594 1792 4663 (76]

1928 4597 2024 4652 per
2039 4581 2230 4635 Filium
2262 4580 2405 4635 facta
2436 4594 2554 4635 esse
2583 4580 2835 4635 dicuntur
2855 4580 2924 4644 ",
2954 4588 3207 4648 tanquam
3233 4578 3286 4632 in
3316 4591 3492 4631 rerum

250 4669 317 4745 rb
351 4669 536 4747 πάντα
571 4691 661 4744 διὰ
691 4688 784 4742 τοῦ
819 4669 949 4741 Ῡὶοὖ
985 4684 1266 4755 γεγονέναι
1298 4680 1573 4751 λέγεσθαι,
1602 4680 1678 4743 ὼς
1709 4680 1792 4732 ἑνὸ

1929 4673 2335 4729 universitatem
2360 4670 2595 4742 Spiritus
2619 4686 2834 4742 quoque
2880 4681 3098 4727 sanctus
3125 4669 3495 4740 aggregamlns

253 4782 366 4837 τῶν
402 4783 616 4837 πάντων
650 4781 801 4843 ὄντος
840 4780 935 4833 καὶ
963 4777 1058 4830 τοῦ
1090 4775 1245 4844 ἁγίου
1276 4772 1613 4843 Πνεύματος.
1644 4770 1790 4823 Πάντ

1933 4769 2024 4823 sit.
2052 4766 2242 4823 Omnia
2281 4766 2450 4828 enim,
2479 4778 2809 4834 quaecunque
2834 4762 2972 4817 facta
2998 4772 3142 4824 sunt,
3182 4762 3305 4815 dicit
3340 4756 3501 4830 564

255 4876 368 4947 γὰρ
393 4877 495 4929 ὅσα
527 4874 771 4944 γέγονεν,
797 4872 1035 4943 εἴρηται,
1065 4870 1163 4939 οὐχ
1201 4867 1384 4930 ἁπλῶς
1418 4867 1666 4919 ἅπαντα·
1711 4862 1792 4916 οὑξ

1936 4858 2261 4929 evangelista
2294 4857 2361 4922 ⁸³,
2397 4870 2499 4909 non
2537 4854 2718 4909 omnia
2747 4854 3081 4923 simpliciter.
3113 4851 3245 4905 Nam
3289 4865 3356 4902 ne
3389 4850 3500 4914 ipse

257 4941 369 5040 γὰρ
402 4969 433 5022 ὁ
462 4941 673 5037 Πατήρ,
709 4963 817 5019 οὐδ’
849 4941 948 5017 ὅσα
985 4960 1059 5033 μὴ
1089 4959 1328 5028 γέγονεν.
1371 4956 1550 5021 Δεῖξον
1581 4955 1690 5027 (77)
1719 4950 1792 5007 οὖπ

1941 4949 2154 5019 quidem
2181 4947 2371 5013 Pater,
2407 4961 2505 5000 nec
2551 4945 2728 4999 omnia
2780 4959 2862 5007 ea,
2893 4957 3010 5013 quae
3037 4941 3177 4997 facta
3204 4956 3309 4995 non
3354 4942 3495 4992 sunt.

331 5102 377 5137 "
431 5098 585 5155 Joan.
618 5113 690 5163 ιν,
723 5096 812 5152 24.
888 5094 933 5126 ³⁰
959 5093 1114 5147 Rom.
1154 5106 1269 5157 vm,
1302 5089 1390 5143 26.
1466 5087 1507 5119 ³¹
1533 5085 1699 5142 lCor.
1722 5102 1792 5139 χιι

1902 5085 1939 5140 5.
2016 5082 2228 5137 "10a".
2260 5101 2297 5148 ι,
2330 5084 2381 5137 5.
2459 5083 2502 5114 ³³
2529 5081 2656 5136 ibid.

2001 5222 2112 5287 (Ἡ)
2148 5219 2272 5272 Ποῦ
2297 5218 2415 5271 δαί.
2449 5217 2502 5271 In
2544 5217 2830 5287 nonnullis.
2869 5214 2971 5268 ποῦ
3000 5212 3078 5266 δέ.

2002 5279 2115 5360 (75)
2160 5285 2712 5360 ’Υπερεντυγχάνεμ
2745 5286 2837 5341 Sic
2877 5295 3051 5339 textus
3082 5295 3256 5337 sacer.
3294 5279 3351 5335 In
3388 5282 3500 5345 εει..

1935 5354 2358 5426 ὑποεντυγχάνει
2382 5354 2705 5427 [mendose].

2008 5429 2119 5497 (76)
2158 5419 2598 5495 ὠόϐηθνῖσομαι.
2620 5419 2731 5497 εἰς
2752 5426 2857 5479 duo
2891 5423 3085 5494 Regg.,
3122 5421 3216 5478 0r.
3243 5422 3295 5485 l,
3353 5419 3502 5485 Bas,

1942 5494 2165 5558 Cdiitli.,
2188 5507 2294 5550 etc.
2321 5494 2508 5565 Ined.,
2536 5494 2862 5565 φοϐήσομαι.

2014 5569 2125 5637 (77)
2155 5556 2380 5629 Δεῖξον.
2400 5556 2644 5637 Quatuor
2664 5556 2859 5632 ’Κεξζεη
2882 5571 3109 5637 quatuor
3129 5559 3305 5627 Colb.,
3331 5556 3425 5615 0r.
3452 5556 3503 5625 ‘i,

1946 5632 2288 5703 ειιὶ.,δείξας.
2327 5655 2345 5688 ι
2387 5636 2521 5690 Cum
2560 5632 3029 5689 demonstraveris.
3063 5649 3082 5681 ›

334 5237 448 5309 (69)
484 5236 727 5309 Ταυτόν.
760 5234 925 5309 Begg.
954 5248 1006 5295 a,
1039 5233 1128 5309 lim
1162 5239 1217 5284 et
1255 5228 1404 5309 Patr"
1434 5223 1627 5309 ταῦτα.
1661 5294 1672 5306 ο

339 5292 455 5381 (id)
502 5305 799 5381 Διαφόρως
813 5292 1201 5381 uiroc-nigra.
1246 5317 1289 5381 ιΔ
1311 5297 1457 5381 Quae
1478 5292 1838 5350 diversimode

266 5371 414 5442 nais,
436 5371 471 5427 ἰ
506 5371 620 5438 vel;
640 5392 659 5425 ι
679 5371 952 5444 producta
974 5371 1319 5444 exstiterunt,
1360 5386 1379 5419 ι
1412 5378 1517 5423 etc.

340 5439 455 5516 (7i)
486 5439 720 5512 Παύσῃζ
748 5443 841 5516 0r.
872 5444 926 5505 l,
956 5439 1184 5516 παξὸσαι.

341 5505 455 5584 (72)
495 5505 991 5584 Ἄξιομῖιχόμενος.
1010 5512 1159 5571 Sav.,
1184 5505 1629 5584 ρπιμαχὸμενος.

345 5571 460 5657 ῘἹΞ)
498 5571 671 5650 Οἶμαί
714 5571 848 5638 ’ὶγὸι.
896 5571 1142 5657 thiuque
1183 5571 1591 5647 Reggqnoipai
1626 5591 1709 5639 σε,
1743 5592 1758 5625 ι
1796 5583 1847 5628 te

270 5651 450 5723 bene,"
476 5676 494 5708 ι
531 5658 609 5710 vel
637 5674 654 5706 ι
696 5664 840 5710 recte
877 5651 1121 5706 aﬂ‘et‘tum
1151 5658 1300 5718 puto.
1344 5666 1362 5699 ι
