3890 6214
378 273 480 328 H7

1587 269 1645 324 S.
1688 267 2018 326 GREGORII
2056 268 2409 326 THEOLOGI

3532 272 3634 329 148

377 389 547 445 Proba
571 402 698 458 ergo
726 387 986 458 Spiritum
1018 389 1216 444 factum
1246 405 1309 444 ac
1351 399 1691 459 procreatum
1722 405 1862 453 esse,
1888 406 1952 443 ae

2064 389 2134 442 ὅτι
2170 390 2381 458 γέγονε,
2415 389 2509 442 καὶ
2540 389 2663 443 τότε
2695 391 2770 462 τῷ
2801 390 2914 461 Υίῷ
2955 390 3063 457 δὸς,
3105 390 3195 445 καὶ
3232 391 3343 453 τοῖς
3370 397 3633 459 κτισμασι

374 494 486 537 tum
508 481 645 537 Filio
667 496 788 536 eum
812 483 898 545 da,
922 491 975 537 et
999 483 1051 536 in
1074 492 1444 537 creaturarum
1473 497 1698 537 numero
1723 482 1943 536 colloca.

373 573 622 639 Quandin
680 577 857 626 autem
903 573 954 626 id
984 572 1216 642 probare
1244 580 1407 642 atque
1439 575 1727 626 ostendere
1757 571 1951 639 nequi-

373 667 545 729 veris,
570 665 703 720 nihil
734 665 830 720 tibi
886 665 951 719 ad
1005 665 1336 734 impietatem
1387 664 1681 734 adjumenti
1716 662 1952 730 comple-

373 759 465 813 x-io
497 757 585 812 illa
633 756 861 810 allatura
910 764 1012 810 est.
1051 754 1108 810 Si
1135 758 1279 810 enim
1309 755 1485 810 factus
1513 762 1630 820 est,
1669 768 1764 822 per
1790 753 1950 808 Chri-

372 860 516 901 stum
545 846 734 915 utique
769 864 783 900 :
816 860 882 899 ne
914 844 1027 914 ipse
1057 844 1275 914 quidem
1306 842 1516 897 inﬁcias
1545 844 1713 897 ivero.
1768 841 1822 896 Si
1853 857 1951 895 au-

375 949 481 992 tem
509 937 686 993 factus
710 951 818 990 non
851 945 957 997 est,
986 934 1276 1005 quomodo,
1311 942 1403 988 aut
1454 949 1635 989 rerum
1666 934 1950 987 universa-

375 1044 493 1082 rum
525 1043 754 1083 numero
783 1026 1118 1092 includetur,
1174 1034 1267 1079 aut
1319 1041 1417 1095 per
1460 1025 1738 1080 Christum
1781 1023 1953 1078 l‘actus

374 1119 514 1173 erit?
550 1117 783 1172 Proinde
811 1117 1018 1180 desine,
1040 1126 1095 1170 et
1130 1113 1371 1180 Patrem,
1426 1116 1479 1168 in
1511 1114 1631 1169 Filii
1673 1125 1951 1168 contume-

374 1210 503 1264 liam
546 1209 685 1263 male
740 1208 1012 1261 honorare
1070 1208 1089 1276 (
1138 1205 1312 1260 malus
1346 1206 1489 1259 enim
1518 1205 1691 1260 honor
1710 1216 1811 1267 εει,
1845 1206 1952 1260 Pa-

372 1312 513 1359 trem
546 1301 683 1357 Filio
715 1301 954 1370 privare,
1014 1310 1287 1368 utcunque
1346 1313 1469 1353 eum
1521 1299 1950 1368 praestantiorem

373 1402 680 1448 creaturam
705 1405 825 1444 esse
848 1387 1240 1454 concesseris),
1269 1396 1324 1441 et
1372 1386 1568 1441 Filium
1619 1387 1670 1440 in
1720 1387 1954 1454 Spiritus

374 1485 546 1540 sancti
582 1468 950 1554 ignominiam.
990 1479 1108 1535 Non
1158 1480 1302 1535 enim
1352 1472 1596 1534 conservi
1638 1478 1819 1548 opifex
1845 1488 1948 1543 est,

373 1577 467 1632 sed
492 1590 616 1631 eum
652 1589 738 1640 eo,
767 1575 859 1644 qui
888 1573 1003 1642 pari
1032 1573 1298 1642 dignitate
1340 1581 1445 1631 est.
1471 1570 1822 1641 gloriﬁcatur.
1858 1571 1951 1625 Ni-

372 1669 446 1723 hil
469 1668 720 1723 Trinitati
752 1683 818 1722 ex
848 1667 1020 1736 teipse
1053 1665 1246 1727 tribue,
1278 1678 1390 1718 nea
1418 1663 1682 1718 Trinitate
1709 1664 1947 1719 excidas.

370 1761 530 1816 Nullo
572 1761 732 1815 modo
761 1773 924 1815 unam
956 1758 1102 1813 illam
1143 1765 1389 1811 naturam
1420 1769 1484 1809 ac
1513 1768 1763 1824 peraque
1790 1770 1953 1809 vene-

2056 480 2477 551 συναρίθμησον.
2506 481 2652 544 Ἕως
2689 481 2735 534 δ’
2778 482 2843 536 ἂν
2875 483 2950 555 μὴ
2982 483 3142 536 τοῦτο
3185 481 3447 545 δεικνύεις
3494 482 3631 551 (78),

2052 568 2202 622 οὐδὲν
2226 568 2304 639 τῷ
2334 569 2715 642 περιληπτικῷ
2751 569 2918 642 βοηθῇ
2950 569 3088 641 πρὸς
3132 568 3406 623 ἀσέϐειαν.
3436 569 3498 621 Εἰ
3530 568 3634 639 μὲν

2052 661 2159 731 γὰρ
2202 661 2416 729 γέγονε,
2446 660 2535 714 διὰ
2579 660 2818 732 Χριστοῦ
2853 661 3070 725 πάντως
3096 678 3110 691 °
3146 660 3271 714 οὐδὲ
3317 660 3482 721 αὐτὸς
3529 661 3636 730 ἀρ-

2052 755 2302 824 νὴσωμαι
2341 753 2473 826 (79).
2503 755 2567 808 El
2599 754 2656 807 δὲ
2683 755 2746 807 οὐ
2779 754 2993 824 γέγονε,
3029 753 3150 818 πῶς
3190 754 3224 826 ἢ
3269 753 3377 807 τῶν
3415 753 3637 807 πάντων

2052 845 2129 909 ἓν,
2164 846 2197 917 ἢ
2235 845 2323 898 διὰ
2351 846 2621 917 Χριστοῦξ
2659 846 2873 899 Παῦσαι
2902 843 2993 900 οὖν
3021 847 3114 899 καὶ
3152 846 3243 899 τὸν
3283 844 3501 917 Πατέρα
3533 861 3636 898 κα-

2051 935 2163 999 κῶς
2209 937 2385 1006 τιμῶν
2438 936 2580 991 κατὰ
2625 937 2721 991 τοῦ
2780 937 3121 1007 Μονογενοῦς
3168 936 3337 1008 (κακὴ
3387 937 3444 990 δὲ
3492 936 3631 1007 τιμὴ

2052 1028 2256 1098 κτίσμα
2282 1028 2492 1082 διδόντα
2533 1029 2594 1081 τὸ
2636 1028 2959 1100 τιμιώτερον
2991 1029 3313 1101 ἀποστερεῖν
3337 1026 3509 1097 Υίδν).
3536 1026 3635 1079 καὶ

2052 1121 2142 1173 τὸν
2172 1120 2305 1173 Υἱὺν
2355 1121 2498 1175 κατά
2549 1121 2644 1174 τοῦ
2680 1121 3017 1193 Πνεύματος.
3059 1122 3133 1175 Οὐ
3182 1122 3291 1193 γὰρ
3340 1119 3631 1192 ὁμοδούλου

2051 1211 2399 1283 δημιουργὸς,
2452 1212 2569 1266 ἀλλ’
2614 1213 2863 1283 ὁμοτίμῳ
2923 1211 3396 1283 συνδοξαζόμενος.
3444 1211 3634 1280 Μηδὲν

2056 1302 2195 1373 μετά
2225 1305 2454 1359 σεαυτοῦ
2496 1305 2596 1377 θῇς
2643 1306 2742 1377 τῆς
2768 1306 3016 1377 Τριὰδος,
3048 1305 3123 1377 μὴ
3158 1306 3258 1372 τῆς
3285 1304 3514 1373 Τριάδος
3539 1306 3638 1357 tx-

2056 1397 2248 1469 πέσῃς.
2280 1399 2486 1469 Μηδενὶ
2530 1398 2836 1472 περικόψῃς
2876 1399 2974 1471 τὴν
3004 1398 3129 1470 μίαν
3160 1398 3269 1468 (80)
3299 1397 3500 1468 ὁμοίως
3543 1412 3636 1449 σε-

2055 1486 2303 1556 ϐάσμιον.
2343 1487 2429 1551 Ὡς
2458 1488 2540 1542 ὅτι
2573 1487 2638 1541 ἂν
2675 1488 2784 1541 τῶν
2810 1487 2977 1559 τριῶν
3008 1486 3259 1560 καθέλῃς,
3294 1485 3355 1537 τὸ
3388 1486 3497 1538 πᾶν
3531 1484 3633 1556 ἔσῃ

2053 1578 2404 1652 καθῃρηκὼς,
2429 1579 2628 1652 μᾶλλον
2647 1579 2703 1633 δὲ
2731 1579 2824 1651 τοῦ
2864 1578 3063 1642 παντὸς
3094 1575 3484 1640 ὲκπεπτωκώς.
3505 1575 3637 1627 Βέλ-

2054 1686 2167 1723 τιον
2201 1670 2401 1741 μικράν
2436 1671 2534 1741 τῆς
2574 1668 2819 1733 ἑνώσεως
2854 1669 3154 1739 φαντασίαν
3201 1667 3406 1732 λαϐεῖν,
3431 1668 3464 1739 ἢ
3494 1683 3636 1720 παν-

2047 1760 2177 1832 τελῆ
2210 1762 2481 1834 τολμῆσαι
2518 1762 2858 1817 δυσσέϐειαν.

370 1854 593 1910 raudam
631 1864 846 1909 trunca.
886 1851 1104 1923 Alioqui
1136 1851 1180 1907 si
1218 1850 1347 1920 quid
1370 1865 1433 1904 ex
1462 1849 1634 1904 tribus
1661 1850 1947 1917 everteris,
1996 1862 2163 1927 telum
2190 1860 2469 1924 everteris,
2503 1859 2611 1912 imo
2671 1874 2698 1911 a
2741 1867 2852 1911 toto
2913 1857 3201 1912 excideris.
3248 1856 3473 1910 Pratstat
3518 1854 3644 1911 exi‘.

369 1959 534 2014 gnum
573 1945 844 2016 quoddam
873 1943 1089 1999 unionis
1135 1941 1276 1997 illius
1324 1940 1671 1997 simulacrum
1723 1955 1936 2012 capere,
1976 1960 2137 2015 quam
2172 1948 2449 2020 proﬂigata
2476 1951 2708 2019 quadam
2743 1950 2966 2005 audacia
2999 1949 3051 2002 in
3105 1962 3322 2001 onmem
3386 1946 3641 2015 impieta»

370 2047 476 2092 tem
504 2050 877 2107 prorumpere.

442 2130 583 2186 X‘III.
617 2129 778 2187 Venit
799 2130 910 2199 jam
943 2131 1010 2186 ad
1035 2131 1363 2201 praecipuum
1397 2131 1776 2202 disputationis
1793 2143 1956 2204 caput

368 2224 574 2291 oratio;
606 2238 670 2277 ac
709 2223 1062 2291 quaestionem
1095 2224 1332 2292 quidem,
1368 2237 1488 2293 quae
1508 2222 1833 2294 jampridem
1858 2220 1964 2294 op?

369 2330 560 2384 pressa
594 2325 677 2371 εει
709 2322 765 2370 ει
793 2315 1085 2381 exstincta,
1117 2324 1280 2384 atque
1308 2313 1430 2369 ﬁdei
1461 2316 1646 2378 cessit,
1678 2317 1778 2370 hoc
1820 2324 1955 2371 tem-

368 2421 505 2475 pore
542 2406 793 2461 renovari
827 2405 984 2460 doleo
1014 2415 1070 2461 et
1105 2405 1447 2474 ingemisco:
1482 2407 1744 2461 adversus
1792 2408 1950 2461 rabu-

372 2501 457 2555 las
487 2509 668 2554 tamen
701 2508 848 2553 stare
872 2513 1093 2554 necesse
1122 2507 1226 2564 est,
1263 2513 1329 2553 ac
1348 2498 1651 2568 providere,
1695 2513 1762 2552 ne
1808 2498 1954 2552 velut

371 2592 584 2646 deserta
619 2604 781 2645 causa
802 2590 1108 2654 vincamur,
1138 2588 1230 2658 qui
1264 2588 1497 2644 Verbum
1523 2587 1800 2653 habemus,
1828 2588 1952 2658 Spi-

373 2682 619 2753 ritusque
645 2681 1009 2753 patrocinium
1037 2680 1381 2751 suscipimus.
1399 2678 1455 2733 Si
1489 2678 1652 2747 Deus,
1675 2680 1947 2749 inquiunt,

370 2776 427 2830 et
451 2775 614 2845 Deus,
643 2787 696 2832 et
720 2776 881 2840 Deus,
913 2777 1041 2845 quid
1062 2791 1240 2832 causa:
1271 2791 1391 2832 esse
1432 2785 1629 2847 potest,
1666 2778 1795 2847 quin
1844 2787 1954 2834 tres

373 2868 485 2924 sint
519 2869 616 2933 dii,
641 2878 731 2924 aut
758 2871 888 2940 quin
924 2868 1157 2938 plurium
1204 2869 1423 2924 deorum
1476 2868 1834 2939 principatum
1861 2884 1951 2924 co-

2126 2133 2223 2189 ll".
2269 2135 2431 2187 ’Ἡκει
2457 2133 2513 2186 δὲ
2542 2135 2673 2205 ἡμῖν
2704 2134 2732 2185 ὀ
2765 2133 2922 2202 λόγος
2950 2133 3036 2185 ἐπ’
3068 2132 3200 2185 αὐτὸ
3224 2131 3284 2183 τὸ
3312 2132 3640 2201 κεφάλαιονο

2056 2226 2149 2279 καὶ
2191 2224 2361 2301 στένω
2394 2225 2510 2295 μὲν,
2544 2227 2625 2279 ὅτι
2661 2224 2828 2279 πάλαι
2864 2223 3123 2295 τεθνηκὸς
3161 2224 3405 2295 ζήτημα,
3446 2223 3541 2276 καὶ
3569 2223 3640 2294 τῇ

2019 2337 2022 2341 ’
2056 2317 2235 2371 πίστει
2287 2318 2717 2389 παραχωρῆσαν,
2750 2318 2844 2370 νῦν
2877 2316 3315 2381 ἀνακαινίξεται·
3348 2314 3539 2386 στῆναι
3581 2314 3643 2369 δὲ

2054 2410 2204 2480 ὅμως
2266 2410 2566 2475 ἀναγκαῖον
2620 2411 2757 2481 πρὸς
2817 2410 2945 2473 τοὺς
2997 2408 3359 2480 λογολέσχας,
3413 2408 3509 2460 καὶ
3563 2408 3641 2480 μὴ

2055 2503 2270 2572 ἐρήμην
2317 2501 2541 2565 ἁλῶναι,
2583 2502 2755 2571 Λόγον
2794 2502 3038 2573 ἔχοντας,
3073 2502 3168 2556 καὶ
3202 2499 3644 2573 συνηγοροῦντας

2051 2594 2352 2664 Πνεύματι.
2414 2595 2479 2647 Εἰ
2510 2593 2663 2658 Θεὸς,
2697 2595 2829 2664 φασὶ
2874 2594 3007 2666 (8|),
3047 2595 3139 2648 καὶ
3173 2594 3326 2658 Θεὸς.
3359 2594 3454 2648 καὶ
3479 2593 3640 2658 Θεὸς,

2052 2684 2169 2748 πῶς
2199 2686 2320 2755 οὐχὶ
2358 2678 2507 2756 τρεῖς
2548 2684 2696 2753 θεοί;
2730 2686 2763 2757 ἢ
2802 2685 2919 2747 πῶς
2948 2687 3010 2738 οὐ
3050 2686 3360 2758 πολυαρχία
3386 2685 3447 2739 τὺ
3484 2685 3645 2752 δόξαι
3696 2724 3703 2729 .

2053 2776 2309 2847 ζόμενον;
2346 2777 2531 2830 Ταῦτα
2564 2778 2745 2842 τίνες;
2775 2778 2837 2831 Οἱ
2865 2776 3183 2849 τελεώτεροι
3230 2778 3340 2848 (82)
3366 2778 3468 2849 τὴν
3511 2776 3645 2830 ἀσέ-

2055 2865 2229 2930 ϐειαν,
2275 2866 2309 2937 ἦ
2347 2868 2442 2921 καὶ
2470 2869 2519 2921 οἱ
2554 2869 2652 2938 τῆς
2692 2868 2950 2939 δευτέρας
2982 2868 3094 2939 (85)
3139 2869 3377 2940 μερίδος,
3412 2868 3557 2938 λέγω
3586 2869 3647 2922 δὲ

371 2960 587 3016 lamus?
613 2960 844 3028 Quinam
876 2961 1027 3016 haec?
1051 2958 1116 3014 Hi
1152 2975 1366 3029 nempe,
1403 2961 1493 3030 qui
1525 2960 1875 3030 perfectiores
1896 2962 1951 3015 in

2064 2960 2183 3023 τοὺς
2230 2960 2357 3031 περὶ
2403 2960 2495 3012 τὸν
2544 2960 2669 3013 Υίόν
2719 2978 2835 3024 πως
2877 2961 3247 3031 εὐγνώμονας.
3289 2962 3347 3015 '0
3399 2962 3500 3032 μὲν
3529 2961 3645 3032 γὰρ

372 3053 654 3123 impietate
679 3064 826 3118 sunt,
882 3062 977 3109 aut
1022 3055 1185 3109 etiam
1236 3054 1328 3124 qui
1359 3056 1624 3111 secundas
1658 3063 1841 3125 partes
1876 3064 1952 3109 te-

2064 3048 2235 3111 κοινός
2268 3023 2357 3119 μοι
2409 3049 2545 3119 πρὸς
2596 3023 2962 3121 ἀμφοτέρους.
2988 3023 3162 3119 λόγος,
3265 3051 3323 3105 δὲ
3356 3023 3493 3122 πρὸς
3523 3023 3648 3104 τού-

374 3152 524 3212 nent,
556 3144 660 3199 hoc
686 3153 792 3208 est,
816 3144 908 3214 qui
949 3144 1016 3199 de
1042 3143 1181 3198 Filio
1233 3145 1434 3199 rectius
1464 3145 1720 3200 sentiunt.
1763 3144 1956 3202 Sermo

373 3234 516 3289 enim
540 3234 692 3300 mihi,
724 3235 920 3304 partim
950 3235 1213 3289 adversus
1267 3234 1457 3289 ambos
1507 3236 1810 3291 communis
1847 3246 1951 3301 est,

372 3324 570 3392 partim
594 3324 855 3385 adversus
886 3326 985 3380 hos
1015 3326 1264 3395 proprius
1295 3334 1350 3380 et
1386 3325 1698 3396 peculiaris.
1722 3326 1801 3381 Ac
1829 3343 1953 3382 cum

373 3414 463 3472 his
486 3415 703 3485 quidem
750 3415 818 3469 ad
869 3416 1012 3470 hunc
1065 3416 1285 3472 modum
1316 3431 1556 3486 agemus.
1592 3416 1729 3485 Quid
1772 3418 1957 3474 tridei-

376 3506 447 3562 tis
475 3507 635 3561 nobis
661 3506 860 3574 dicitis,
894 3510 983 3578 qui
1016 3507 1210 3563 Filium
1267 3508 1462 3572 colitis,
1524 3511 1626 3565 etsi
1674 3525 1704 3565 a
1754 3511 1955 3579 Spiritu

375 3595 722 3652 descivistis?
755 3597 861 3654 Vos
885 3609 1063 3658 autem
1094 3615 1199 3655 non
1230 3600 1486 3655 bideitae?
1509 3599 1641 3655 Nam
1671 3602 1718 3656 si
1764 3601 1957 3672 Unige-

374 3687 475 3742 niti
508 3701 723 3759 quoque
746 3689 950 3745 cultum
982 3699 1036 3746 et
1064 3691 1435 3747 adorationem
1481 3692 1762 3762 abjuratis,
1813 3693 1956 3749 haud

376 3776 540 3832 dubie
568 3777 636 3832 ab
657 3778 1090 3836 adversariorum
1121 3780 1370 3850 partibus
1397 3781 1553 3835 statis
1580 3799 1594 3834 :
1630 3795 1695 3835 ac
1719 3782 1944 3850 proinde

376 3868 506 3937 quid
540 3877 644 3935 est,
681 3871 1032 3940 quamobrem
1060 3871 1232 3926 lenius
1256 3871 1656 3941 humaniusque
1678 3874 1954 3934 vobiscum

375 3976 621 4029 agamus,
653 3973 910 4034 tauquam
967 3979 1077 4026 non
1126 3965 1349 4020 omnino
1396 3965 1625 4017 mortuis
1661 3973 1716 4017 et
1753 3964 1955 4020 exstin-

377 4054 522 4110 ctis?
551 4055 607 4111 Si
636 4066 816 4112 autem
845 4056 1041 4121 colitis,
1074 4068 1238 4127 atque
1267 4056 1430 4128 565
1470 4059 1731 4112 hactenus
1763 4057 1953 4112 saltem

376 4148 672 4204 salubriter
693 4148 868 4204 affecti
895 4152 1047 4213 estis,
1083 4163 1150 4203 ex
1177 4151 1329 4204 vobis
1352 4163 1656 4219 qumremus
1683 4186 1700 4214 ,
1741 4163 1846 4217 qua
1878 4164 1959 4202 ra-

378 4240 525 4293 tione
551 4254 580 4292 a
616 4239 893 4296 bideitatis
920 4242 1147 4296 crimine
1169 4251 1379 4296 vosmet
1409 4240 1690 4295 vindicare
1720 4243 1954 4310 queatis,

378 4329 424 4384 si
457 4327 579 4397 quis
603 4342 723 4383 eam
762 4330 916 4385 vobis
939 4330 1196 4400 objiciat?
1234 4329 1289 4384 Si
1325 4340 1410 4384 εει
1437 4329 1588 4384 vobis
1626 4343 1807 4385 sermo
1830 4345 1957 4398 pru-

376 4420 595 4487 dentiae,
624 4424 966 4493 respondete,
998 4425 1259 4494 nobisque
1280 4425 1442 4480 etiam
1468 4421 1828 4492 respondendi
1860 4437 1958 4475 an-

2054 3157 2180 3204 τους
2232 3141 2379 3205 ἴδιος.
2419 3142 2479 3194 '0
2512 3141 2612 3209 μὲν
2650 3134 2740 3195 οὖν
2790 3143 2926 3213 πρὸς
2974 3142 3217 3207 τούτους,
3266 3141 3528 3207 τοιοῦτος.
3574 3142 3647 3195 Τί

2060 3247 2197 3298 φατε
2238 3233 2350 3293 τοῖς
2392 3231 2688 3301 τριθεῒταις
2719 3232 2831 3303 (84)
2873 3234 3026 3303 ἡμῖν,
3068 3234 3119 3286 οἱ
3163 3233 3254 3287 τὸν
3284 3234 3411 3289 Υξὸν
3459 3234 3648 3288 σέϐον-

2056 3337 2179 3383 τες.
2224 3324 2272 3374 εἰ
2317 3322 2409 3374 καὶ
2452 3322 2547 3375 τοῦ
2580 3324 2893 3395 Πνεύματος
2936 3326 3311 3397 ἀφεστήκατες
3353 3328 3542 3398 Ὑμεῖς
3584 3327 3647 3383 δὲ

2057 3414 2117 3466 οὐ
2151 3414 2379 3468 διθεΐται
2411 3415 2559 3482 (85);
2598 3418 2663 3470 Et
2695 3417 2793 3487 μὲν
2822 3418 2930 3488 γὰρ
2971 3418 3223 3487 ἀρνεῖσθε
3253 3419 3348 3472 καὶ
3388 3419 3482 3472 τοῦ
3524 3420 3648 3473 Mo-

2057 3505 2308 3573 νογενοῦς
2337 3506 2435 3578 τὴν
2463 3508 2852 3581 προσκύνησιν,
2882 3510 3069 3579 σαφῶς
3096 3511 3323 3582 τέταχθε
3365 3511 3507 3582 μετὰ
3530 3511 3647 3565 τῶν

2057 3597 2349 3649 ἐναντίωνο
2406 3600 2500 3651 καὶ
2550 3598 2601 3651 τί
2651 3599 3213 3674 φιλανθρωπευόμεθα
3269 3603 3407 3674 πρὸς
3465 3603 3641 3673 ὑμᾶς,
3674 3642 3690 3655 .

2055 3687 2130 3751 ὡς
2168 3688 2227 3740 οὐ
2277 3689 2451 3761 πάντη
2496 3691 2958 3761 νενεκρωμένους;
3005 3694 3068 3747 Εἰ
3114 3694 3172 3746 δὲ
3228 3693 3494 3758 σέϐεσθε,
3548 3695 3647 3747 καὶ

2060 3778 2222 3849 μέχρι
2268 3779 2458 3832 τούτου
2483 3780 2756 3834 διάκεισθε
2802 3783 3086 3854 σωτηρίως
3119 3783 3253 3854 (86),
3297 3784 3442 3853 ὑμᾶς
3488 3784 3639 3854 spcu-

2056 3872 2327 3941 τήσομενο
2360 3873 2456 3936 Τίς
2498 3874 2526 3925 ὁ
2573 3874 2729 3943 λόγος
2777 3875 2878 3945 τῆς
2927 3874 3130 3938 διθεῖας
3175 3877 3321 3946 ὑμῖν,
3368 3875 3434 3934 ἂν
3485 3875 3648 3928 τοῦτο

2058 3962 2392 4034 ὲγκαλῆσθες
2445 3965 2509 4017 ΕΞ
2558 3964 2673 4018 ἔστι
2725 3966 2881 4035 λόγος
2941 3967 3228 4031 συνέσεως,
3279 3967 3646 4039 ἀποκρίθητέ,

2056 4054 2174 4108 δότε
2221 4057 2315 4109 καὶ
2355 4057 2485 4127 ἡμῖν
2537 4056 2653 4110 ὁδὸν
2700 4058 3063 4130 ἀποκρίσεως.
3102 4053 3198 4120 Οἷς
3225 4057 3334 4128 γὰρ
3376 4058 3440 4111 ἂν
3484 4058 3649 4128 ὑμεῖς

2058 4145 2154 4217 τὴν
2204 4146 2405 4200 διθεῖαν
2452 4148 2866 4220 ἀποκρούσησθε
2920 4149 3098 4218 λόγοις
3121 4188 3134 4212 ,
3182 4143 3327 4202 οὗτοι
3370 4150 3463 4202 καὶ
3508 4151 3646 4221 ἡμῖν

2059 4240 2199 4294 κατὰ
2240 4239 2338 4309 τῆς
2369 4239 2610 4312 τριθεῒας
2657 4241 2981 4312 ἀρκέσουσιν
3004 4257 3018 4269 ⁸
3058 4242 3153 4294 καὶ
3195 4240 3338 4294 οὕτω
3374 4240 3644 4311 νικῶμεν,

2063 4333 2190 4403 ὑμῖν
2231 4334 2343 4396 τοῖς
2391 4333 2736 4404 κατηγόροις,
2773 4332 3094 4405 συνηγόροις
3142 4331 3443 4404 χρώμενοι⁹
3481 4327 3542 4386 οὗ
3591 4333 3647 4386 τί

2062 4425 2433 4495 γενναιότερον
2450 4440 2464 4490 ;
2528 4444 2533 4447 ‘

377 4532 494 4571 sam
517 4517 772 4586 praebete.
808 4518 917 4573 [tlte
953 4518 1098 4573 enim
1147 4516 1408 4580 rationes,
1440 4516 1639 4586 quibus
1680 4516 1953 4572 bideitatis
1992 4514 2194 4569 crimen
2227 4516 2633 4585 propulsabitis,
2659 4515 2858 4571 eaedem
2888 4529 3101 4586 quoque
3131 4516 3287 4572 nobis
3342 4517 3408 4571 ad
3448 4518 3647 4572 tridei-

380 4611 507 4667 tatis
563 4611 767 4667 crimen
802 4608 1210 4681 propellendum
1234 4609 1717 4678 suillcient.Atque
1744 4609 1819 4663 ita
1877 4623 2101 4663 causam
2166 4609 2551 4675 obtinebimus,
2608 4622 2729 4675 vos,
2770 4608 2860 4676 qui
2892 4616 3235 4663 accusatores
3261 4609 3415 4675 estis,
3450 4619 3616 4677 patro

377 4720 478 4762 nos
505 4704 761 4760 habituri.
790 4705 907 4771 Quo
938 4706 1063 4774 quid
1104 4703 1296 4759 fortius
1324 4713 1378 4758 et
1424 4703 1777 4774 generosius?

451 4797 587 4857 XIV.
627 4800 697 4853 At
727 4813 858 4854 vero
888 4799 1159 4868 quodnam
1210 4797 1365 4852 nobis
1411 4806 1497 4851 est
1542 4812 1667 4851 cum
1699 4797 1946 4866 utrisque

377 4900 679 4957 certamen,
720 4900 776 4946 et
801 4906 1049 4960 quaenam
1077 4889 1293 4947 oratio?
1323 4887 1491 4943 Nobis
1516 4888 1657 4944 Deus
1681 4903 1819 4942 unus
1845 4898 1949 4955 est,

447 5095 562 5165 (78)
591 5095 908 5165 Δεικνύεις.
934 5091 1252 5165 TresﬁRegg.
1288 5102 1343 5148 et
1375 5093 1466 5147 Or.
1502 5094 1552 5156 1,
1578 5092 1847 5165 δεικνύῃς.

449 5095 562 5236 (78)
591 5095 908 5157 Δεικνύεις.
934 5095 1065 5147 Tres
1086 5095 1252 5164 Regg.
1288 5102 1343 5148 et
1375 5095 1466 5147 0r.
1502 5095 1552 5156 1,
1578 5095 1847 5164 δεικνύῃς.

449 5167 540 5231 (79
610 5163 1009 5243 Ἀρνήσῳμαι.
1055 5164 1187 5232 Reg.
1223 5165 1307 5218 hut
1361 5175 1414 5218 et
1473 5164 1560 5216 alii
1621 5164 1748 5230 duo,
1780 5164 1954 5235 ἀρνή-

376 5255 563 5385 fagi).
581 5302 885 5385 Μίανιβὶε
909 5314 1151 5385 quatuor
1181 5303 1372 5385 Regg?
1397 5305 1617 5360 totidem
1644 5304 1818 5368 Coll»,
1857 5302 1952 5359 Or.

373 5376 425 5437 1,
454 5374 604 5440 Puta,
637 5386 743 5429 etc.
768 5374 825 5426 In
856 5375 968 5440 ed.,
992 5374 1163 5438 θείαν,
1205 5393 1223 5424 ς
1258 5375 1511 5428 divinam.
1558 5395 1575 5426 ι

446 5446 557 5515 (8t)
618 5445 791 5499 Φασί.
853 5444 964 5499 Duo
1024 5444 1215 5515 Regg.,
1277 5445 1517 5514 quinque
1573 5444 1752 5511 Coll»,
1818 5454 1949 5504 etc.,

374 5516 559 5654 (τηᾶξέ)
595 5588 661 5640 Οἱ
690 5585 1049 5653 τελεώτερα,
1098 5595 1204 5641 etc.
1229 5602 1247 5634 ι
1289 5584 1716 5640 Perfectioresin
1766 5584 1953 5652 impie-

376 5654 559 5710 tate.)
601 5657 857 5725 Designat
885 5658 970 5709 hic
1002 5657 1292 5725 Gregorius
1331 5656 1561 5710 Arianos
1583 5665 1638 5710 et
1668 5654 1957 5725 Eunomia-j

378 5743 490 5792 nos,
521 5726 692 5797 quiin
722 5719 918 5781 Filium
971 5736 1029 5781 et
1077 5719 1139 5780 in
1181 5725 1442 5794 Spiritum
1499 5736 1747 5781 sanctum
1802 5723 1955 5795 impii

2127 4790 2228 4847 IA'.
2266 4792 2325 4845 Ὁ
2356 4790 2412 4843 δὲ
2446 4789 2620 4853 κοινὸς
2652 4790 2782 4860 ἡμῖν
2809 4786 2945 4857 πρὸς
2985 4785 3328 4857 ἀμφοτέρους
3359 4786 3444 4848 τίς
3487 4784 3646 4854 ἀγών

2060 4903 2121 4938 τε
2155 4885 2249 4939 καὶ
2281 4884 2440 4952 λόγος
2464 4884 2607 4953 (87);
2654 4883 2815 4951 Ἡμῖν
2847 4874 2928 4944 εἷς
2961 4880 3113 4946 Θεὸς,
3149 4881 3231 4933 ὅτι
3267 4880 3363 4951 μία
3404 4880 3602 4951 θεότης
3628 4896 3641 4909 ·

2060 5099 2234 5145 erant.
3318 5132 3321 5135 η

2131 5160 2247 5229 (85)
2274 5164 2335 5214 Οἱ
2368 5159 2475 5227 τῆς
2503 5153 2968 5229 δευτέραςλειρ..
2991 5171 3010 5203 ι
3035 5152 3311 5229 Secundas
3343 5163 3521 5222 partes
3563 5165 3647 5229 te-

2058 5224 2256 5284 nebant
2285 5251 2303 5282 ι
2349 5224 2667 5283 Seiuiariani
2703 5237 2757 5278 et
2788 5224 3184 5295 Macedoniani,
3222 5227 3312 5295 qui
3352 5235 3560 5278 tantum
3586 5228 3641 5279 iu

2059 5301 2317 5369 Spiritum
2344 5309 2592 5353 sanctum
2623 5293 2923 5369 blasphemi
2941 5303 3112 5369 erant,

2130 5369 2240 5440 (84)
2274 5370 2607 5438 Τριθεΐταις.
2653 5384 2672 5417 t
2703 5364 2978 5427 Trideitis,
3019 5380 3038 5412 ι
3067 5364 3118 5420 id
3141 5376 3243 5431 est,
3267 5384 3286 5417 ι
3324 5365 3484 5421 trium
3512 5365 3644 5421 deos

2059 5456 2176 5495 rum
2200 5442 2513 5495 cultoribus.
2554 5457 2572 5489 ι

2131 5509 2240 5581 (85)
2263 5511 2531 5564 Διθεΐται.
2571 5528 2589 5559 ι
2630 5507 2861 5564 Duorum
2898 5513 3116 5568 deorum
3148 5507 3400 5581 cultores.
3422 5524 3454 5581 Δι

2131 5576 2244 5650 (86⁷)
2273 5583 2578 5635 Διάκεισθε
2606 5585 2926 5650 σωτηρίωρ.
2950 5582 3070 5636 Bill.
3096 5599 3107 5633 :
3139 5597 3156 5630 ι
3183 5576 3434 5634 incolumi
3463 5576 3643 5642 salute

2061 5654 2210 5706 εειὶε.
2256 5670 2274 5702 ι

2136 5721 2247 5792 (87)
2283 5723 2490 5790 Λόγος.
2522 5719 2739 5778 Coisl.l
2784 5723 2950 5792 addit,
2991 5720 3127 5777 ιστι.
