3890 6214
199 252 304 307 H9

1223 244 1482 304 ORATIO
1520 242 1711 299 XXXI.
1739 273 1823 336 ο·-
1861 239 2304 297 THEOLOGICA
2340 241 2406 298 ν.

3344 244 3455 299 liii}

198 366 293 418 καὶ
323 363 461 434 πρὸς
494 361 553 415 ἓν
598 361 667 415 τὰ
718 360 778 426 ἐξ
825 359 990 415 αὑτοῦ
1028 361 1128 432 τὴν
1176 361 1449 432 ἀναφορὰν
1499 360 1632 430 ἔχει,
1672 358 1771 412 κᾶν

1881 358 2137 428 quoniam
2173 372 2280 411 una
2314 357 2521 422 deitas;
2561 364 2720 425 atque
2746 356 2810 411 ad
2841 372 3023 415 unum.
3051 371 3110 412 ea
3142 371 3260 426 quae
3286 371 3351 412 ex
3381 373 3446 412 eo

195 454 322 525 τρία
356 453 702 523 πιστεύηται.
734 453 809 506 Οὐ
842 452 1069 524 γὰρ,”τὺ
1108 453 1206 523 μὲν
1240 452 1437 525 μᾶλλον
1458 451 1589 520 (88),
1624 450 1683 504 τὸ
1715 451 1771 504 δὲ

197 541 361 613 ἦττον
390 544 553 608 Θεὸςο
594 545 716 598 οὐδὲ
757 543 819 597 τὸ
851 544 949 615 μὲν
992 545 1278 615 πρότερον,
1319 544 1381 596 τὸ
1423 544 1479 597 δὲ
1510 543 1767 615 ὕστερον’

196 637 317 689 οὐδὲ
344 636 592 707 βουλήσει
621 636 897 706 τέμνεται,
921 635 1041 688 οὐδὲ
1071 635 1294 706 δυνάμει
1324 635 1622 706 μερίζεται,
1649 633 1772 687 οὐδέ

197 744 252 779 τι
282 727 393 781 τῶν
424 728 524 779 ὅσα
561 729 674 790 τοῖς
720 729 997 797 μεριστοῖς
1033 725 1143 794 (89)
1190 727 1445 796 ὑπάρχει,
1497 722 1772 779 κάνταῦθα

198 818 383 871 λαϐεῖν
414 816 560 871 ἔστιν
584 836 597 848 ·
629 817 764 871 ἀλλὰ
785 817 1080 888 ἀμέριστος
1105 817 1213 889 (90)
1245 818 1302 868 ἐν
1331 814 1770 887 μεμερισμένοις,

197 912 249 964 εἰ
273 910 355 963 δεῖ
388 910 667 980 συντόμως
706 912 900 972 εἰπεῖν,
930 912 963 980 ἡ
994 910 1185 980 θεότης
1205 927 1218 939 ο
1256 908 1349 961 κα)¹
1381 902 1491 960 οἷον
1523 909 1579 959 ἐν
1607 905 1774 976 ἡλίοις

197 1003 375 1072 τρισὶν
407 1003 685 1072 ἐχομένοις
712 1001 975 1069 ἀλλήλων,
1014 1001 1114 1071 μία
1136 999 1228 1053 τοῦ
1255 999 1432 1068 φωτὸς
1453 995 1770 1068 σύγκρασις.

200 1094 371 1148 Ὅταν
401 1094 498 1164 μὲν
529 1091 623 1147 οὖν
651 1094 787 1165 πρὸς
820 1094 916 1165 τὴν
946 1092 1175 1162 θεότητα
1208 1090 1511 1161 βλέψωμεν,
1546 1089 1639 1140 καὶ
1676 1086 1773 1156 τὴν

199 1186 425 1256 πρώτην
458 1185 656 1249 αἰτίαν,
690 1185 783 1239 καὶ
808 1184 903 1255 τὴν
942 1183 1259 1254 μοναρχίαν,
1295 1182 1352 1234 ἓν
1396 1183 1526 1252 ἡμῖν
1555 1179 1613 1231 τὸ
1641 1196 1774 1246 φαν-

197 1277 494 1348 ταζόμενον
515 1292 528 1306 ·
558 1277 686 1330 ὅταν
714 1276 772 1328 δὲ
800 1276 935 1347 πρὸς
966 1274 1035 1327 τὰ
1077 1277 1133 1327 ἐν
1167 1270 1246 1337 οἷς
1281 1275 1314 1343 ἡ
1346 1273 1554 1341 θεότης,
1582 1270 1675 1324 καὶ
1707 1269 1774 1322 τὰ

199 1376 266 1422 ἐκ
293 1369 390 1438 τῆς
420 1368 642 1439 πρώτης
668 1369 847 1430 αἰτίας
872 1368 1113 1437 ἁχρόνως
1141 1366 1347 1420 ἐκεῖθεν
1375 1365 1504 1419 ὄντα
1532 1364 1624 1417 καὶ
1647 1365 1774 1434 ὁμου

198 1461 387 1528 δόξως,
418 1462 542 1533 τρία
569 1461 640 1513 τὰ
676 1460 1139 1532 προσκυνούμενα.

1875 458 2021 515 sunt,
2067 445 2393 508 referuntur,
2430 446 2639 500 etiamsi
2672 455 2780 501 tres
2839 460 3100 516 personas
3139 447 3443 502 credamus.

1873 536 2060 606 Neque
2084 537 2226 592 enim
2246 538 2348 591 hoc
2367 537 2556 607 magis,
2583 538 2711 591 illud
2731 538 2908 592 minus
2928 546 3011 592 est
3033 538 3170 591 Deus
3188 579 3202 601 ,
3231 553 3326 593 nec
3344 539 3447 592 hoc

1873 630 2042 693 prius,
2071 629 2198 683 illud
2235 628 2654 697 posterius-Nec
2676 628 2950 684 voluntate
2974 630 3314 694 scinduntur,
3348 645 3444 682 nec

1874 721 2115 789 polentia
2143 720 2477 785 dividuntur,
2508 735 2608 774 nec
2644 718 2874 789 denique
2900 721 3193 789 quidquam
3233 734 3444 783 eorum,

1873 826 1993 881 qua:
2014 810 2247 866 dividuis
2279 811 2442 866 rebus
2473 812 2814 880 contingunt,
2864 813 2951 867 hic
3000 826 3213 881 quoque
3241 812 3447 881 reperi-

1873 909 1978 956 tur.
2011 899 2117 956 Sed
2134 901 2400 956 individua
2426 902 2477 956 in
2502 902 2753 968 dividuis,
2773 911 2830 956 ιιι
2847 918 2951 958 uno
2977 906 3138 957 verbo
3157 902 3448 968 dicam,est

1874 992 2145 1058 divinitas,
2174 1007 2237 1047 ac
2254 992 2397 1047 velut
2420 993 2473 1047 in
2507 993 2677 1049 tribus
2701 994 2902 1049 solibus
2930 996 3068 1048 inter
3090 1009 3147 1048 se
3168 996 3447 1048 cohaareu-

1873 1082 2017 1137 tibus
2045 1097 2149 1135 una
2182 1082 2316 1137 lucis
2351 1084 2653 1137 commiStio
2684 1094 2739 1138 et
2772 1087 3112 1153 temperatio.
3144 1083 3275 1136 Cum
3313 1096 3446 1148 ergo

1874 1175 1940 1228 ad
1969 1174 2327 1240 divinitatem,
2354 1176 2690 1245 primamque
2733 1176 2875 1229 illam
2904 1191 3147 1241 causam,
3180 1176 3445 1241 uniusque

1874 1266 2233 1335 principatum
2269 1278 2324 1321 et
2364 1267 2643 1336 imperium
2695 1269 3115 1336 respexerimus,
3169 1281 3332 1320 unum
3360 1276 3445 1317 est

1874 1359 2014 1428 quod
2030 1359 2223 1412 mentis
2242 1367 2439 1412 nostrae
2467 1359 2638 1413 oculis
2658 1359 2993 1414 obversatur.
3018 1357 3151 1413 Cum
3179 1372 3365 1410 rursus
3377 1356 3440 1407 ad

1875 1464 1959 1514 ea,
1989 1451 2041 1504 in
2078 1449 2276 1518 quibus
2327 1459 2409 1505 est
2454 1451 2732 1513 divinitas,
2768 1460 2822 1505 et
2867 1467 2988 1520 qua:
3023 1466 3086 1504 ex
3122 1452 3295 1518 prima
3352 1447 3440 1500 illa

1875 1555 2071 1604 causa,
2125 1541 2262 1595 citra
2303 1541 2469 1596 ullam
2534 1543 2794 1611 temporis
2838 1543 3331 1612 intercapedinem,
3379 1554 3443 1592 ac

1875 1635 1989 1703 pari
2027 1634 2196 1704 gloria
2227 1644 2372 1698 sunt,
2406 1636 2509 1690 tria
2541 1647 2668 1692 sunt
2700 1653 2817 1705 quae
2844 1638 3156 1691 adorantur.

273 1734 373 1788 IE’.
405 1733 468 1787 Τί
496 1734 615 1799 δαί;
652 1733 772 1803 οὐχὶ
800 1734 891 1786 καὶ
921 1733 1050 1804 παρ’
1088 1732 1337 1803 Ἕλλησι,
1368 1735 1521 1800 φαῖεν
1552 1732 1636 1794 ἂν,
1677 1733 1769 1802 μία

1951 1724 2065 1778 XV.
2108 1724 2246 1791 Quid
2301 1735 2505 1790 autem,
2537 1728 2773 1782 dixerint
2811 1726 3062 1789 fortasse,
3096 1738 3272 1779 nonne
3300 1723 3440 1792 apud

196 1827 413 1898 θεότης,
432 1825 508 1890 ὡς
535 1827 585 1878 οἱ
611 1824 679 1878 τὰ
708 1823 1007 1895 τελεώτερα
1031 1825 1159 1894 παρ’
1179 1823 1402 1887 ἐκείνοις
1426 1823 1772 1893 φιλοσοφοῦν-

196 1937 311 1983 τες,
344 1920 438 1973 καὶ
473 1919 601 1990 παρ’
633 1919 766 1987 ἡμῖν
799 1916 1153 1988 ἁνθρωπότης
1190 1916 1307 1987 μία,
1340 1917 1400 1968 τὸ
1420 1915 1574 1984 γένος
1591 1917 1769 1980 διπανς

213 2005 357 2058 Ἀλλ’
390 2006 541 2076 ὅμως
577 2005 690 2058 θεοὶ
731 2004 934 2067 πολλοὶ,
970 2003 1063 2056 καὶ
1102 2005 1198 2073 οὐχ
1227 1999 1326 2068 εἷς,
1364 2004 1438 2067 ὡς
1468 2004 1531 2075 δὴ
1564 2005 1654 2057 καὶ
1683 2005 1775 2059 ἄν·

200 2097 444 2169 θρωποι;
482 2098 766 2151 Ἀλλ”ὲκεῖ
806 2097 903 2167 μὲν
940 2098 971 2167 ή
1004 2096 1251 2167 κοινότης
1284 2097 1344 2150 τὸ
1377 2097 1433 2149 ἓν
1471 2097 1582 2167 ἔχει
1616 2096 1774 2167 μόνον

199 2189 416 2260 ἐπινοίᾳ
446 2189 721 2260 θεωρητόν
745 2188 856 2259 (9|)
877 2205 889 2218 '
924 2187 991 2240 τὰ
1025 2187 1081 2240 δὲ
1111 2188 1232 2242 καθ’
1266 2188 1494 2241 ἕκαστον
1525 2187 1775 2241 πλεῖστον

200 2280 471 2351 ἀλλήλων,
503 2282 597 2335 καὶ
622 2280 699 2351 τῷ
730 2281 929 2352 χρόνῳ,
959 2282 1056 2335 καὶ
1082 2282 1194 2344 τοῖς
1224 2280 1440 2341 πάθεσι,
1473 2281 1565 2334 καὶ
1590 2282 1656 2350 τῇ
1687 2281 1777 2333 δυ-

196 2373 363 2444 νάμει
396 2374 794 2444 μεμερισμένα.
847 2374 1037 2441 Ἡμεῖς
1065 2390 1123 2426 τε
1154 2373 1261 2443 γὰρ
1291 2374 1351 2425 οὐ
1400 2372 1641 2425 σύνθετοι
1678 2372 1774 2442 μό-

194 2478 314 2524 νον,
368 2462 502 2516 eam
559 2463 654 2516 καὶ
701 2463 990 2528 ἀντίθετοι,
1047 2466 1139 2517 καὶ
1189 2462 1454 2533 ἀλλήλοις,
1507 2463 1599 2515 καὶ
1644 2464 1776 2532 ἡμῖν

196 2554 407 2618 αὐτοῖς,
446 2553 566 2606 οὐδὲ
612 2555 704 2607 ἐπὶ
768 2556 896 2624 μιᾶς
943 2554 1157 2625 ἡμέρας
1216 2553 1264 2606 οἱ
1317 2552 1471 2606 αὐτοὶ
1525 2551 1778 2623 καθαρῶς

179 2646 479 2714 μένοντες,
545 2644 619 2716 μὴ
675 2646 757 2699 ὅτι
826 2646 917 2699 τὸν
994 2648 1208 2700 ἅπαντα
1269 2644 1412 2714 βίον·
1483 2642 1619 2697 ἀλλὰ
1683 2643 1779 2697 καὶ

200 2735 419 2807 σώμασι
475 2737 567 2789 καὶ
602 2736 803 2807 ψυχαῖς
865 2738 951 2790 ἀεὶ
1006 2737 1223 2808 ρἐντές
1275 2753 1335 2788 τε
1393 2736 1486 2789 καὶ
1549 2736 1779 2805 μεταπί-

197 2845 449 2892 πτοντες.
491 2828 603 2881 Οὐκ
649 2825 764 2881 οἶδα
809 2828 889 2892 δὲ,
934 2830 982 2881 εἰ
1017 2828 1090 2899 μὴ
1115 2827 1209 2881 καὶ
1240 2826 1457 2895 ἄγγελοι
1501 2826 1635 2898 (92),
1685 2827 1779 2880 καὶ

197 2922 353 2974 πᾶσα
382 2919 542 2989 φύσις
587 2922 621 2990 ἡ
667 2921 799 2984 ἄνω,
845 2920 1068 2992 καὶ(95)
1113 2920 1250 2991 μετὰ
1285 2920 1381 2989 τὴν
1413 2919 1637 2990 Τριάδα,
1673 2919 1777 2972 κᾶν

195 3012 367 3065 ἁπλοῖ
395 3030 537 3075 τινες
579 3005 703 3073 ὦσι,
737 3012 832 3066 καὶ
868 3012 1004 3082 πρὸς
1032 3012 1090 3065 τὺ
1135 3011 1296 3065 καλὸν
1329 3011 1678 3082 παγιώτεροι,
1710 3013 1776 3082 τῇ

194 3104 340 3175 πρὸς
370 3106 431 3157 τὸ
460 3105 627 3175 ἄκρον
654 3103 817 3157 καλὸν
844 3104 1124 3175 ἐγγύτητι,

1871 1816 2120 1871 ethnicos
2150 1831 2368 1887 quoque
2395 1818 2572 1873 deilas
2604 1834 2708 1872 una
2746 1830 2849 1879 εει,
2895 1828 2950 1871 ιιι
2985 1820 3181 1873 docent
3216 1814 3308 1885 qui
3336 1812 3444 1884 ple-

1874 1904 1994 1960 nius
2022 1907 2160 1976 apud
2200 1907 2320 1963 illos
2350 1908 2749 1978 perfectiusque
2780 1908 3252 1978 philosophantur,
3281 1914 3441 1975 atque

1874 1999 2012 2067 apud
2055 2014 2153 2055 nos
2206 2015 2374 2071 genus
2443 2002 2777 2067 universum,
2822 2003 3129 2057 humanitas
3179 2001 3324 2055 una?
3373 2001 3439 2054 Et

1875 2099 2054 2144 tamen
2105 2091 2285 2158 plures
2328 2102 2455 2146 sunt
2488 2094 2584 2157 dii,
2639 2103 2693 2148 et
2740 2109 2846 2147 non
2883 2110 3044 2159 unus,
3081 2095 3225 2149 sicut
3272 2094 3437 2148 etiam

1875 2182 2029 2235 multi
2062 2183 2347 2237 homines?
2378 2183 2447 2236 At
2481 2184 2588 2240 illic
2638 2187 3003 2240 communitas
3036 2186 3297 2240 unitatem
3339 2184 3441 2239 ha-

1875 2272 1991 2338 bet,
2020 2290 2140 2343 quae
2182 2276 2515 2344 cogitatione
2549 2278 2661 2331 sola
2712 2280 3051 2333 considerari
3089 2278 3259 2348 possit
3290 2299 3301 2333 :
3332 2277 3446 2333 siu-

1878 2366 2084 2434 gularia
2122 2375 2329 2433 autem,
2361 2377 2417 2423 et
2453 2377 2715 2439 tempore,
2756 2380 2808 2424 et
2851 2370 3243 2436 all‘ectionibus,
3285 2378 3445 2438 atque

1878 2460 2015 2514 adeo
2051 2461 2292 2530 potentia
2319 2471 2373 2516 et
2413 2462 2665 2517 facultate
2695 2463 2987 2532 plurimum
3019 2464 3160 2517 inter
3188 2477 3247 2517 se
3271 2462 3441 2516 divisa

1878 2559 2027 2606 sunt.
2077 2550 2212 2605 Nam
2259 2566 2377 2617 nos,
2407 2567 2512 2606 non
2557 2553 2729 2607 solum
2772 2553 3053 2621 compositi
3111 2567 3316 2616 sumus,
3350 2551 3445 2606 sed

1879 2645 2067 2708 etiam“,
2103 2652 2215 2696 tum
2258 2643 2401 2696 inter
2434 2658 2530 2696 nos
2560 2652 2768 2706 mutuo,
2803 2652 2911 2697 tum
2940 2642 3093 2698 nobis
3116 2644 3279 2697 etiam
3312 2642 3445 2712 ipsis

1877 2735 2144 2806 Oppositi;
2183 2744 2240 2789 ut
2268 2735 2359 2804 qui
2386 2750 2453 2790 ne
2479 2735 2640 2806 566
2667 2737 2823 2790 unius
2850 2737 3068 2809 quidem
3105 2735 3208 2789 diei
3243 2726 3449 2804 spatio,

1878 2827 2075 2882 nedum
2111 2833 2221 2882 toto
2247 2826 2370 2880 vitae
2397 2828 2689 2892 curriculo,
2724 2827 2881 2896 plane
2907 2827 3071 2882 iidem
3105 2841 3438 2893 maneamus,

1878 2935 2090 2988 verum,
2133 2927 2190 2974 et
2223 2919 2560 2990 corporibus,
2595 2926 2651 2973 et
2692 2920 2910 2986 animis,
2944 2926 3202 2989 perpetuo
3231 2916 3442 2973 dimua-

1881 3025 2002 3064 mus
2048 3019 2102 3064 et
2140 3009 2506 3065 immutemur.
2554 3011 2729 3077 Atque
2768 3009 2911 3064 haud
2945 3010 3081 3074 scio,
3126 3024 3254 3063 num
3300 3007 3441 3061 idem

1877 3115 2094 3171 quoque
2144 3102 2196 3155 in
2243 3101 2450 3171 angelis
2508 3102 2684 3157 locum
2727 3102 2945 3167 habeat,
2976 3118 3040 3158 ac
3078 3104 3132 3157 in
3176 3104 3323 3157 omni
3352 3100 3441 3155 illa

193 3195 412 3252 ccclein
450 3206 664 3260 natura,
699 3206 754 3248 et
781 3194 1034 3249 Trinitati
1079 3194 1364 3265 proxima;
1393 3194 1606 3247 tametsi
1672 3192 1877 3261 alioqui
1915 3191 2145 3261 simplici
2188 3195 2422 3260 quadam
2488 3201 2681 3247 natura
2730 3193 2945 3262 praediti
2981 3193 3110 3257 sint,
3170 3202 3335 3261 atque
3374 3193 3442 3247 ob

194 3285 542 3341 vicinitatem
568 3300 710 3350 eam,
746 3300 908 3355 quam
945 3286 1010 3338 ad
1035 3300 1304 3339 summum
1330 3286 1528 3340 bonum
1556 3286 1777 3346 habent,
1816 3285 1867 3339 in
1906 3284 2106 3339 bonum
2132 3282 2342 3337 firmius
2375 3282 2562 3338 deﬁxi.

272 3381 392 3447 ις’.
427 3380 496 3433 Οἵ
534 3397 593 3433 τε
633 3382 762 3449 παρ’
810 3380 1071 3452 Ἐλλήνων
1127 3380 1408 3449 σεϐόμενοι
1448 3380 1560 3433 θεοί
1591 3398 1650 3433 τε
1684 3381 1773 3435 καὶ

196 3471 477 3541 δαίμονες,
524 3471 600 3535 ὼς
639 3472 794 3524 αὐτοὶ
836 3471 1117 3541 λέγουσιν,
1162 3470 1314 3525 οὐδὲν
1363 3471 1518 3542 ἡμῶν
1569 3472 1777 3525 δέονται

197 3563 546 3634 κατηγόρων,
574 3562 711 3616 ἀλλὰ
735 3566 846 3627 τοῖς
883 3563 1031 3632 σφῶν
1061 3563 1238 3617 αὐτῶν
1267 3562 1577 3617 ἁλίσκονται
1603 3562 1777 3616 θεολό-

198 3671 321 3722 γοις
345 3653 478 3723 (94),
509 3653 585 3716 ὡς
615 3654 713 3724 μὲν
750 3653 1034 3724 ἐμπαθεῖς,
1067 3653 1141 3717 ὼς
1182 3652 1241 3705 δὲ
1274 3652 1602 3717 στασιώδεις,
1635 3655 1773 3708 ὅσων

275 3862 503 3936 (88)λού
541 3864 698 3936 γᾴρ,
719 3861 785 3936 τό
808 3863 924 3936 μέν
946 3860 1205 3936 partior,
1245 3871 1348 3936 etc.
1381 3861 1437 3918 S.
1461 3862 1770 3936 Leoserm.

201 3935 261 3991 8.
285 3931 343 3987 in
378 3931 559 3987 Nativ.
574 3931 776 3988 Christi
826 3932 929 3985 ait:
962 3949 980 3981 ι
1012 3931 1223 3987 Gradus
1254 3932 1304 3986 in
1338 3948 1464 3987 vero
1493 3934 1774 3989 divinitate

201 4019 325 4058 esse
365 4018 470 4058 non
504 4011 750 4072 possunt.
810 4001 1080 4070 Quidquid
1134 4001 1242 4056 Deo
1271 4003 1446 4057 minus
1480 4011 1586 4068 est,
1631 4004 1773 4060 Deus

202 4088 309 4125 non
342 4083 444 4127 est.
491 4091 511 4122 ι

273 4142 391 4213 (89)
451 4139 786 4213 Μεριστοῖς.
845 4139 1194 4213 t_Diyiduis._
1215 4159 1234 4192 ι
1301 4140 1389 4213 Sic
1429 4150 1539 4213 tres
1582 4141 1773 4211 Regg.,

199 4208 444 4280 quinque
489 4208 663 4271 Cblb..
719 4210 814 4266 Or.
877 4211 930 4275 l,
969 4210 1118 4273 Par.,
1154 4208 1343 4266 Comb.
1371 4211 1425 4265 ln
1477 4211 1589 4278 ed.,
1621 4208 1776 4282 μερι-

202 4284 382 4352 σταῖς,
414 4300 441 4352 ι
472 4282 907 4352 ιῖιιλι·ιίι‹ιι·ἰι)ιιε.-ξΔ
934 4348 946 4352 Δ
1029 4349 1056 4352 _
1385 4349 1413 4352 _
1496 4292 1505 4301 '

1958 3376 2097 3431 XVI.
2143 3383 2260 3432 tam
2306 3384 2437 3433 deos
2458 3377 2599 3453 illos,
2626 3393 2760 3447 quos
2786 3380 2985 3434 ethnici
3012 3379 3214 3442 colunt,
3244 3393 3308 3431 ac
3328 3376 3439 3431 dte-

1882 3485 2090 3536 mones,
2134 3478 2196 3524 ut
2234 3470 2453 3541 ipsimet
2487 3480 2705 3537 vocant,
2742 3472 2878 3526 nihil
2934 3489 2963 3527 a
3013 3473 3166 3527 nobis
3198 3469 3442 3526 accusari

1879 3575 2104 3617 necesse
2134 3570 2237 3626 est,
2274 3577 2397 3616 cum
2421 3578 2453 3618 a
2483 3563 2710 3618 suismet
2734 3564 2997 3633 theologis
3030 3563 3440 3623 convincantur,

1879 3669 2040 3724 quam
2108 3654 2267 3710 foedis
2316 3653 2597 3711 aﬂ‘ectibus
2651 3656 3095 3726 obnoxii,quam
3150 3655 3441 3712 turbulenti

1882 3866 2038 3922 modo
2068 3882 2156 3922 res
2176 3882 2234 3922 se
2270 3867 2450 3922 habet.
2480 3865 2614 3920 Nam
2650 3866 2701 3918 in
2739 3881 2823 3929 ea,
2851 3867 2990 3933 quod
3025 3873 3106 3920 est
3136 3878 3438 3927 commune,

1878 3949 1938 3989 re
1985 3939 2381 4002 consideratur,
2420 3947 2641 4007 prepter
2662 3937 3082 4007 coaeternitatem
3112 3944 3167 3987 et
3194 3935 3440 4007 identita-

1877 4012 1985 4058 tem
2014 4009 2284 4071 essentite,
2318 4004 2535 4075 propter
2574 4005 2735 4059 etiam
2765 4004 3440 4075 ellicacitatis,voluntatis

1873 4082 1929 4146 e_t
1954 4078 2230 4146 sententia
2252 4074 2726 4146 conspirationem,
2743 4084 2796 4126 et
2814 4074 3060 4146 potentia:
3084 4074 3437 4146 identitatem.

1877 4144 2026 4210 Quod
2053 4161 2181 4202 vero
2215 4146 2267 4200 in
2305 4144 2492 4200 eadem
2523 4145 2808 4199 discrimen
2830 4144 3011 4209 habet,
3044 4145 3096 4197 id
3118 4144 3440 4212 cogitatione

1879 4213 2218 4283 intelligitur.
2250 4215 2385 4271 Nam
2416 4214 2583 4269 Deum
2618 4229 2781 4266 unum
2816 4215 3178 4283 agnoscimus,
3204 4225 3361 4282 atque
3385 4214 3435 4265 in

1878 4282 2010 4354 solis
2035 4282 2454 4354 proprietatibus
2487 4282 3174 4354 paternitatis,li_liationis,
3210 4293 3276 4354 et;
3313 4297 3437 4349 pro-

275 4351 394 4442 (90)
433 4348 789 4443 Ἆμξριεζτοης.
817 4348 980 4443 LVIide
999 4349 1452 4443 ΨΙὶιιιῃὲιιειιθιιλυιι
1482 4351 1773 4443 orthodroafa
1803 4388 1848 4443 Ι)
1877 4348 2458 4443 c.essiqnis"discrimen
2488 4348 2864 4420 intelligimus.
2904 4352 3011 4405 Nec
3051 4348 3437 4443 enimndistan-

200 4418 331 4488 ﬁde,
368 4418 495 4490 cap.
523 4420 660 4491 Περὶ
688 4421 787 4491 τῆς
813 4419 975 4489 ἁγίας
999 4418 1247 4489 Τριάδος.
1292 4438 1311 4471 ι
1340 4421 1414 4473 De
1435 4433 1623 4475 sancta
1647 4419 1770 4474 Tri-

200 4492 394 4546 nitate.
426 4509 445 4541 ι

274 4560 391 4631 (91)
428 4559 689 4631 ’ξπινοίᾳ
714 4560 1024 4631 θεωρητόν.
1053 4576 1071 4609 ι
1107 4558 1386 4631 Αίῑυιίέθει,
1414 4578 1437 4631 p
1477 4558 1648 4631 inquit
1674 4558 1776 4612 Bil-

197 4628 311 4684 lius
349 4628 415 4684 ex
449 4629 586 4693 Elia,
631 4646 650 4679 ι
683 4644 743 4682 re
787 4630 1058 4697 quidpiam
1093 4628 1448 4695 considerari,
1475 4630 1619 4682 aliud
1686 4645 1774 4682 ra-

200 4703 354 4754 tione
370 4708 426 4753 et
449 4699 793 4762 cogitatione.
838 4699 1016 4766 Atque
1058 4698 1108 4751 in
1148 4698 1398 4752 omnibus
1429 4699 1641 4765 quidem
1690 4714 1774 4754 re-

199 4771 310 4825 bus
365 4770 583 4832 creatis,
643 4782 993 4835 personarum
1029 4766 1223 4821 divisio
1265 4781 1324 4820 re
1375 4768 1767 4821 consideratur.

199 4838 337 4892 Nam
386 4853 447 4893 re
492 4838 683 4892 Petrus
738 4852 769 4891 a
832 4836 998 4889 Paulo
1043 4846 1323 4904 separatus
1377 4837 1768 4890 consideratur.

199 4909 578 4961 Comumnitas
600 4916 802 4970 autem,
827 4915 880 4959 et
923 4905 1252 4974 eonjunctio,
1286 4914 1341 4958 et
1383 4907 1563 4960 unitas
1592 4908 1770 4960 consi-

200 4981 467 5033 derantur
491 4978 698 5030 ratione
714 4975 974 5029 duntaxat
996 4987 1049 5028 et
1072 4974 1415 5043 cogitatione.
1443 4974 1574 5028 Nam
1592 4986 1771 5029 mente

200 5047 555 5115 intelligimus
575 5045 794 5100 Petrum
810 5054 877 5115 et,
890 5044 1109 5101 Paulum
1135 5045 1377 5115 ejusdem
1402 5059 1522 5099 esse
1546 5052 1765 5115 natum.

205 5112 449 5184 Uterque
505 5117 647 5170 enim
681 5113 879 5167 animal
930 5123 1012 5166 est
1055 5112 1336 5178 rationale,
1376 5114 1766 5184 mortale,etc.

1878 4421 2004 4475 tiam
2040 4422 2264 4478 localem
2294 4425 2347 4477 in
2378 4424 2576 4477 deitate
2606 4429 2843 4475 statuere
2864 4437 3168 4490 possumus.
3189 4421 3440 4478 Persona:

1875 4492 2019 4545 enim
2049 4494 2249 4548 suntin
2300 4508 2359 4547 se
2391 4493 2651 4554 invicem;
2700 4507 2802 4544 non
2841 4494 2981 4558 quod
3017 4492 3436 4552 conl‘umlantur,

1874 4560 1965 4613 sed
1982 4563 2136 4629 iuuod
2167 4563 2493 4621 cohmreant,
2546 4560 2697 4625 juxta
2729 4560 2853 4612 illud
2888 4560 3045 4615 Joan.
3078 4577 3130 4620 κ,
3179 4560 3267 4621 58,
3327 4562 3437 4629 Ego

1872 4630 1927 4681 in
1962 4628 2143 4694 Patre,
2168 4640 2215 4685 et
2236 4630 2396 4684 Pater
2419 4632 2473 4683 in
2504 4646 2582 4683 me
2608 4641 2704 4683 est.
2739 4629 2852 4682 Non
2886 4632 3010 4685 item
3042 4641 3280 4684 statuere
3313 4628 3438 4699 pos-

1871 4712 2058 4752 smnus
2094 4703 2144 4754 in
2203 4701 2492 4763 Trinitate,
2530 4701 2612 4754 vel
2657 4700 2968 4764 voluntatis,
3001 4701 3081 4753 vel
3136 4703 3436 4763 sententiae,

1870 4768 1953 4838 vel
1988 4768 2318 4825 eﬂicacitatis
2360 4781 2451 4823 aut
2490 4770 2742 4838 potentiae
2786 4770 3174 4834 diversitatem,
3218 4770 3299 4822 vel
3338 4785 3436 4824 cu-

1870 4837 2116 4909 iusquam
2154 4840 2288 4893 alius
2313 4841 2409 4900 rei,
2441 4837 2777 4909 qumeunque
2813 4841 3007 4893 realem
3043 4855 3106 4892 ac
3132 4840 3347 4893 totalem
3382 4841 3434 4892 in

1871 4907 2026 4962 nobis
2049 4909 2366 4962 divisionem
2391 4907 2635 4979 gignunt.
2668 4909 2978 4979 itaqueinec
3010 4918 3120 4963 tres
3146 4910 3274 4963 deos
3303 4910 3437 4964 dici-

1872 4992 2007 5037 mus,
2042 4981 2134 5031 sed
2163 4995 2351 5042 unum,
2399 4978 2799 5033 sacrosanctam
2837 4978 3176 5032 Trinitatem.
3216 4998 3236 5030 ι

1940 5046 2050 5117 (9‘2)
2080 5046 2193 5101 Καὶ
2216 5049 2475 5119 ἄγγελοι.
2507 5066 2525 5099 ι
2546 5049 2752 5117 Angeli,
2788 5067 2806 5099 ν
2839 5052 3010 5117 inquit
3036 5048 3243 5111 Billius,
3280 5065 3299 5098 ι
3360 5064 3440 5102 ra-

1872 5115 2014 5170 tione
2031 5115 2274 5182 arbitrii,
2300 5115 2510 5171 natura
2560 5115 2656 5171 sua
2719 5115 2923 5172 mutari
2959 5128 3205 5187 possunt.
3237 5119 3435 5172 Verum

200 5183 454 5241 Persona:
476 5185 719 5258 autemin
749 5200 807 5238 se
836 5184 1062 5258 invicem
1086 5199 1188 5237 non
1218 5193 1369 5258 sunt,
1394 5184 1487 5238 sed
1518 5183 1770 5258 qumlibet
1867 5199 1964 5258 per
1997 5187 2225 5255 gratiam
2251 5190 2300 5240 id
2333 5196 2457 5241 sunt
2477 5187 2733 5251 assecuti,
2763 5197 2821 5242 ut
2855 5183 2975 5257 jam
2998 5204 3066 5243 ne
3090 5188 3288 5242 mutari
3320 5191 3439 5258 qui-

201 5271 390 5309 earum
420 5255 707 5322 peculiaris
732 5263 833 5319 est,
874 5255 977 5307 hoc
1006 5262 1108 5315 est,
1135 5252 1425 5322 separatim
1452 5252 1689 5322 exsistit,
1711 5261 1767 5307 et
1867 5257 1985 5308 dem
2005 5252 2240 5320 possint.
2277 5276 2294 5306 ι

202 5326 368 5379 habet
388 5326 640 5392 plurima,
673 5339 792 5393 qua:
836 5339 955 5393 eam
1001 5323 1069 5375 ab
1098 5322 1199 5375 alia
1226 5321 1580 5390 distinguant.
1633 5321 1764 5375 Nam

202 5406 257 5449 ct
290 5390 411 5449 loco
442 5395 666 5458 distant,
688 5390 755 5447 ἐι
780 5390 1032 5446 differunt
1061 5399 1317 5458 tempore,
1354 5392 1647 5455 voluntate,
1672 5406 1766 5458 po-

203 5473 420 5530 testate,
470 5473 917 5531 temperamento,
957 5470 1062 5531 etc.
1097 5461 1170 5514 Eo
1203 5460 1256 5531 lit
1303 5469 1359 5514 ut
1389 5463 1494 5514 duo
1520 5461 1600 5513 vel
1628 5471 1765 5531 ptres

201 5529 449 5588 homines
478 5529 723 5587 dicantur
754 5541 807 5585 et
838 5531 988 5584 tnulti
1038 5530 1200 5601 (sicut
1234 5530 1291 5583 lit
1341 5531 1501 5601 etiam
1537 5530 1591 5601 in
1613 5529 1763 5584 Grae-

201 5620 386 5657 corum
420 5603 567 5672 diis),
601 5604 740 5671 quod
767 5601 919 5654 divisi
946 5599 1076 5665 sint,
1104 5611 1375 5672 tempore,
1403 5600 1543 5665 loco,
1576 5599 1760 5672 judieii

201 5676 488 5741 sententia,
526 5667 823 5743 'poicstate,
866 5681 971 5726 etc.
1013 5673 1083 5725 At
1103 5671 1154 5725 in
1190 5667 1449 5725 Trinitate
1488 5667 1761 5727 contrario

1937 5324 2048 5398 (95)
2111 5326 2250 5380 Καί.
2312 5326 2474 5380 Deest
2524 5326 2576 5379 in
2640 5326 2811 5381 tribus
2869 5326 3036 5398 Regg.
3093 5336 3149 5381 et
3201 5330 3440 5396 quinque

1864 5391 2018 5459 Colb.

1938 5462 2049 5533 (94)
2090 5464 2424 5535 Θεολόγοις.
2481 5481 2500 5515 ι
2536 5463 3159 5535 (ξνωοοιυηιιιιροιοττξί,
3202 5485 3222 5518 ι
3268 5467 3441 5535 inquit

1861 5532 2030 5598 Elias,
2066 5552 2084 5583 ι
2118 5544 2243 5587 sunt
2266 5534 2509 5600 Hermes,
2545 5533 2811 5600 Orpheus,
2851 5532 3132 5596 Homerus,
3168 5536 3317 5591 Plato
3342 5532 3354 5535 ’
3385 5546 3441 5589 et

1860 5603 2201 5657 Aristoteles.
2254 5602 2468 5655 Maximi
2504 5613 2702 5657 'tamen
2757 5605 2894 5659 inter
2952 5620 3045 5658 eos
3089 5615 3441 5660 numerantur

1863 5671 2016 5727 Plato
2048 5684 2101 5728 et
2134 5673 2474 5729 Aristoteles.
2511 5692 2529 5724 ι
