3890 6214
429 287 522 343 151

1643 288 1701 344 S.
1741 287 2070 345 GREGORII
2106 289 2456 348 THEOLOGI

3547 267 3668 351 152'

414 419 539 471 sunt,
578 413 707 475 quot
739 405 891 458 malis
917 413 1182 468 srateant,
1209 415 1340 474 quot
1373 406 1695 462 mutationes
1726 419 1973 476 subeant,

2095 410 2132 462 se
2180 410 2361 464 κακῶν
2405 411 2686 482 γέμοντες,
2737 413 2832 467 καὶ
2872 413 3213 484 μεταὸολῶνο
3257 412 3351 466 και)¹
3397 414 3456 466 οὐ
3514 414 3650 485 πρὸς

411 505 572 563 atque
601 511 707 550 non
740 507 925 550 mutuo
959 496 1133 550 solum
1179 498 1318 549 inter
1346 512 1426 561 se,
1461 500 1553 552 sed
1584 499 1748 552 etiam
1783 500 1973 568 primis

412 588 520 643 illis
549 589 730 642 causis
759 588 1131 650 adversentur,
1160 603 1296 656 quos
1318 588 1580 652 Oceanus,
1607 600 1657 643 et
1694 589 1971 655 Tethidas,

410 691 466 734 et
497 679 792 743 Phanetas,
831 690 887 735 et
934 681 1117 736 nescio
1148 696 1255 749 quo
1283 681 1391 736 alio
1415 682 1629 736 nomine
1664 683 1972 752 appellant;

412 783 477 823 ac
513 778 783 840 postremo
837 770 1001 824 Deum
1033 771 1318 838 quemdam
1359 772 1427 825 ob
1460 771 1800 840 principatus
1827 787 1979 825 amo-

417 875 530 914 rem
565 861 747 915 liberis
774 861 887 914 suis
931 860 1206 927 infestum,
1244 870 1408 930 atque
1460 861 1595 916 alios
1637 875 1826 915 omnes
1869 876 1978 930 pra:

418 951 721 1018 inexplebili
767 953 1060 1019 cupiditate
1108 952 1477 1013 devorantem,
1504 961 1561 1005 ut
1598 961 1650 1006 et
1701 953 1975 1006 hominum

415 1043 653 1096 Omnium
698 1043 858 1095 Pater
894 1042 986 1103 sit,
1015 1052 1069 1095 et
1098 1043 1347 1105 deorum,
1393 1058 1527 1112 quos
1569 1045 1765 1098 misere
1794 1058 1978 1097 come-

415 1133 576 1197 derit,
609 1142 664 1186 et
709 1131 1030 1187 emmuerit.
1078 1133 1232 1199 Quod
1267 1135 1314 1186 si
1354 1135 1470 1187 haec
1525 1133 1647 1201 ipsi,
1678 1144 1736 1186 ut
1771 1148 1974 1187 sermo.

415 1225 501 1277 nis
544 1222 932 1292 turpitudinem
982 1224 1214 1293 fugiant,
1258 1223 1525 1287 fabulosa,
1570 1234 1735 1293 alque
1784 1224 1981 1293 allego-

415 1317 529 1373 riro
579 1332 739 1373 sensu
781 1318 1190 1386 interpretanda
1234 1332 1355 1373 esse
1404 1317 1803 1382 contenderiut,
1855 1318 1980 1386 quid

418 1412 631 1465 tandem
656 1411 720 1463 ad
748 1408 877 1463 illud
896 1410 1096 1477 dicent,
1116 1409 1380 1477 trifariam
1399 1409 1576 1462 omnia
1597 1408 1761 1462 divisa
1785 1423 1894 1461 esse
1914 1406 1978 1470 “,

415 1501 691 1570 aliumque
733 1501 821 1555 alii
862 1500 1095 1568 cuipiam
1146 1500 1294 1555 orbis
1326 1501 1463 1569 parti
1516 1512 1766 1569 praeesse,
1821 1505 1983 1567 atque

415 1603 470 1647 et
498 1593 738 1648 materiis
783 1602 837 1649 et
878 1593 1232 1662 dignitatibus
1284 1592 1568 1646 distinctos
1600 1590 1760 1645 esse?
1785 1589 1855 1643 At
1882 1603 1982 1642 no-

414 1695 541 1738 strae
575 1685 832 1739 doctrinae
872 1699 975 1738 non
1022 1684 1211 1738 eadem
1256 1693 1340 1738 est
1374 1683 1546 1747 ratio;
1579 1697 1677 1737 nec
1717 1696 1842 1751 pars
1871 1682 1984 1736 haec

413 1776 604 1841 Jacob,
640 1786 699 1832 ut
749 1777 923 1846 inquit
972 1790 1125 1831 meus
1189 1776 1472 1845 theologus
1491 1774 1558 1827 ³⁵.
1624 1773 1728 1828 Sed
1787 1773 1979 1828 horum
2016 1753 2055 1810 Β

416 1870 692 1939 quodlibet
723 1870 982 1923 unitatem
1009 1869 1191 1931 habet,
1220 1882 1322 1922 non
1350 1866 1528 1921 minus
1559 1865 1698 1934 ejus,
1723 1881 1846 1920 eum
1874 1879 1983 1935 quo

414 1957 806 2027 coniungitur,
863 1973 1026 2027 quam
1093 1957 1349 2025 suiipsius
1425 1966 1707 2024 respectu,
1757 1965 1978 2025 prOpter

417 2051 667 2104 essentite
696 2059 750 2103 et
781 2050 1032 2118 potentiae
1076 2048 1436 2103 identitatem.
1478 2050 1653 2118 Atque
1680 2048 1793 2104 haec
1821 2049 1978 2102 unio-

419 2142 504 2197 nis
543 2141 702 2209 hujus
751 2141 886 2195 ratio
920 2150 1022 2203 est,
1056 2152 1319 2209 quantum
1358 2141 1575 2209 quidem
1611 2140 1710 2210 ipsi
1746 2140 1979 2208 percipi-

420 2247 561 2287 mus.
591 2233 665 2287 Ac
703 2233 748 2287 si
785 2231 1003 2301 quidem
1040 2234 1194 2286 lirma
1219 2242 1298 2287 est
1333 2232 1446 2286 haec
1471 2232 1630 2295 ratio,
1657 2230 1764 2285 Deo
1786 2232 1856 2286 ob
1887 2233 1985 2286 hu-

415 2324 652 2393 iusmodi
682 2323 1102 2392 speculationem
1155 2324 1355 2393 gratias
1380 2338 1512 2391 ago;
1538 2323 1620 2378 sin
1662 2323 1862 2388 minus,
1894 2321 1985 2375 fir-

421 2415 645 2469 miorem
679 2414 838 2468 aliam
867 2415 1269 2483 conquiremus.

490 2503 651 2560 XVII.
696 2504 810 2559 Tua
871 2520 1034 2575 porro
1096 2511 1432 2575 argumenta,
1493 2503 1691 2573 quibus
1742 2513 1984 2558 nostram

418 2599 565 2653 illam
600 2598 851 2654 unionem
898 2606 1146 2654 evertere
1195 2598 1431 2663 conaris,
1467 2606 1706 2653 statuere
1756 2610 1984 2666 nequeo,

419 2692 721 2746 ludentisne
768 2691 965 2759 potius,
1000 2704 1070 2744 an
1104 2689 1250 2744 serio
1304 2689 1515 2758 agentis
1557 2703 1678 2744 esse
1716 2687 1984 2743 dicamus.

420 2782 703 2851 Quodnam
760 2783 903 2837 enim
957 2790 1041 2835 est
1081 2781 1187 2836 hoc
1230 2780 1660 2851 argumentum?
1706 2779 1806 2846 Ea,
1867 2793 1987 2848 quae

420 2877 663 2949 ejusdem
713 2874 963 2930 essentia:
1051 2882 1212 2942 sunt,
1259 2878 1755 2938 connumerantur,
1811 2872 1990 2940 inquis

425 2965 978 3038 (connumerationem
1003 2963 1259 3018 videlicet
1297 2961 1575 3032 appellans
1621 2961 1675 3015 in
1706 2975 1989 3015 numerum

424 3058 587 3129 567
619 3072 782 3111 unum
823 3053 1302 3126 contractionem),
1334 3068 1454 3123 qua:
1486 3062 1669 3107 autem
1716 3051 1987 3121 disparem

424 3153 786 3206 substantiam
821 3151 1041 3213 habent,
1067 3147 1296 3202 minime
1325 3154 1805 3201 connumerantur.
1835 3142 1990 3198 Unde

428 3258 523 3297 vos
573 3243 789 3312 quidem
848 3257 914 3297 ex
974 3255 1039 3294 eo
1074 3238 1211 3295 elabi
1255 3252 1363 3292 non
1412 3237 1658 3307 potestis,
1687 3236 1817 3305 quin
1843 3234 1992 3304 juxta

429 3334 570 3388 hanc
617 3334 900 3396 rationem,
950 3342 1062 3386 tres
1114 3331 1244 3386 deos
1272 3329 1552 3384 asseratis.
1596 3326 1765 3384 Nobis
1811 3337 1992 3384 autem

429 3425 632 3479 nullum
669 3425 775 3478 tale
809 3423 1104 3493 periculum
1133 3424 1397 3477 imminet.
1427 3421 1543 3477 Non
1587 3422 1729 3476 enim
1759 3436 1821 3477 ea
1860 3437 1992 3477 con—

428 3514 806 3570 substantialia
856 3529 979 3567 6338
1035 3512 1371 3582 proﬁtemur.
1419 3513 1782 3581 Respondet):
1823 3510 1995 3565 Unica

429 3621 563 3661 voce
618 3608 848 3676 teipsum
908 3606 1125 3676 negotio
1167 3620 1231 3659 ac
1273 3605 1518 3660 molestia
1567 3604 1830 3671 liberasti,
1883 3620 1998 3657 ma-

431 3698 647 3767 lamque
680 3684 962 3752 victoriam
1014 3697 1241 3766 adeptus
1278 3710 1339 3751 es
1371 3713 1386 3750 :
1425 3697 1675 3765 idemque
1725 3697 1819 3751 tibi
1858 3696 1998 3750 acci-

431 3788 532 3853 dit,
563 3787 706 3857 quod
732 3787 822 3852 iis,
846 3789 937 3855 qui
986 3787 1178 3841 mortis
1212 3797 1378 3851 metu,
1413 3786 1655 3854 sibiipsis
1687 3786 1878 3854 laqueo
1910 3785 1993 3839 vi-

2076 500 2341 571 ἀλλήλους
2391 502 2572 573 μόνον,
2601 504 2733 558 ἀλλὰ
2765 505 2858 559 καὶ
2902 506 3036 575 πρὸς
3078 505 3177 568 τὰς
3212 506 3429 575 πρώτας
3471 507 3653 568 αἰτίας

2079 592 2371 655 ἀντιθέτως
2417 593 2658 664 ἔχοντεςο
2702 594 2795 658 οὒς
2833 595 2897 666 δὴ
2918 596 3027 665 (95)
3076 598 3167 650 καὶ
3213 597 3520 659 Ὠκεανοὺς,
3555 597 3650 650 καὶ

2078 681 2121 732 Τ
2126 682 2318 752 ηθύας,
2355 684 2449 736 καὶ
2495 684 2901 756 Φάνητας(9ϐ),
2947 687 3041 737 καὶ
3084 687 3185 738 οὐκ
3230 683 3346 739 οῖδα
3395 685 3652 746 οὕστινας

2078 772 2402 843 ὀνομάζουσι
2427 789 2440 802 ·
2476 774 2570 827 καὶ
2598 773 2907 827 τελευταῖόν
2940 792 3061 827 τινα
3108 774 3228 827 θεὸν
3276 774 3389 845 (97)
3433 776 3653 846 μισότεο

2079 880 2204 916 κνον
2234 863 2321 916 διὰ
2349 863 2658 936 φιλαρχίαν,
2687 865 2893 928 πάντας
2914 867 3278 919 καταπίνοντα
3305 867 3431 929 τοὺς
3456 867 3651 930 ἄλλους

2080 955 2137 1019 ἐξ
2182 956 2503 1026 ἀπληστίας,
2553 958 2636 1009 ἵνα
2682 957 2903 1027 γένηται
2946 958 3161 1011 πάντων
3187 958 3395 1029 ἀνδρῶν
3416 976 3476 1011 τε
3504 966 3651 1014 νεών

2080 1064 2139 1099 τε
2169 1048 2370 1119 πατὴρ,
2398 1048 2674 1118 ﬂatum};
2713 1049 3038 1119 ἐσθιομένων
3080 1051 3173 1103 καὶ
3219 1051 3554 1120 ἐμουμένων.
3587 1053 3653 1104 Et

2081 1138 2136 1190 δὲ
2163 1138 2332 1191 ταῦτα
2366 1139 2544 1209 μῦθοι,
2583 1142 2676 1192 καὶ
2719 1141 2963 1194 ὑπόνοιαί
2990 1159 3155 1209 τινες,
3199 1143 3276 1203 ὡς
3309 1143 3459 1196 αὐτοί
3494 1161 3653 1212 φασι,

2080 1228 2141 1280 τὸ
2186 1228 2420 1299 αἰσχρὸν.
2456 1230 2548 1282 τοῦ
2594 1230 2750 1297 λόγου
2792 1231 3279 1303 διαδιδράσκοντες,
3320 1235 3372 1287 τί
3420 1235 3654 1305 φήσουσι

2083 1319 2219 1389 πρὸς
2253 1320 2334 1383 τὸ,
2368 1321 2575 1389 Τριχθά
2611 1322 2678 1375 δὲ
2716 1322 2910 1376 πάντα
2938 1324 3244 1392 δέδασται,
3278 1326 3454 1378 καὶτὸ
3489 1326 3649 1380 ἄλλον

2083 1409 2226 1480 ἄλλῳ
2268 1412 2374 1464 τινὶ
2416 1411 2523 1464 τῶν
2575 1412 2741 1468 ὄντων
2784 1416 3113 1477 ἐπιστατεῖν,
3157 1415 3518 1486 διηρημένους
3555 1418 3654 1469 καὶ

2082 1502 2199 1564 ταῖς
2230 1499 2532 1571 ὖλαις(98),
2570 1504 2661 1557 καὶ
2686 1508 2797 1567 τοῖς
2842 1504 3148 1576 (ignotum;
3180 1508 3254 1559 Τὸ
3280 1506 3336 1559 δὲ
3365 1508 3656 1579 ἡμέτερον,

2082 1590 2143 1641 οὐ
2174 1589 2409 1642 τοιοῦτον
2428 1607 2441 1618 ·
2473 1592 2627 1645 Οὐδὲ
2650 1594 2812 1663 αὕτη
2828 1595 2992 1663 μερὶς
3009 1594 3086 1660 τῷ
3114 1595 3324 1650 Ἰακὼϐ
3340 1597 3469 1669 (99).
3490 1600 3659 1667 tgna-iv

2084 1680 2112 1731 ὁ
2165 1679 2295 1750 ἐμὸς
2340 1681 2618 1751 θεολόγος·
2670 1684 2806 1737 ἀλλὰ
2857 1685 2917 1737 τὸ
2963 1685 3021 1737 ἓν
3069 1685 3299 1741 ’ἑκαστον
3342 1686 3519 1740 αὐτῶν
3543 1687 3659 1757 ἔχει

2090 1773 2223 1844 πρὸς
2251 1774 2311 1826 τὸ
2357 1778 2734 1847 συγκείμενον,
2772 1780 2870 1849 οὐχ
2913 1775 3073 1850 ἧττον
3120 1780 3150 1850 ἢ
3193 1781 3326 1852 πρὸς
3369 1781 3547 1841 ἑαυτὸ,
3579 1782 3660 1853 τῷ

2087 1862 2270 1933 ταυτῷ
2307 1864 2407 1935 τῆς
2457 1867 2646 1930 οὐσίας
2694 1869 2786 1920 καὶ
2821 1869 2917 1939 τῆς
2955 1869 3255 1939 δυνάμεως.
3298 1871 3411 1924 Καὶ⁸
3440 1864 3596 1934 οὗτος
3629 1873 3662 1926 ὁ

2088 1954 2187 2023 τῆς
2215 1954 2459 2019 ἑνώσεως
2487 1956 2661 2026 λόγος.
2709 1960 2832 2012 ὅσον
2875 1961 2959 2028 ἐφ’
2990 1955 3071 2023 οἷς
3094 1960 3168 2031 (1)
3210 1964 3368 2032 ἡμεῖς
3406 1962 3663 2033 κατειλή-

2090 2064 2288 2117 φαμεν.
2335 2049 2398 2101 Ei
2434 2050 2531 2119 μὲν
2559 2045 2652 2103 οὖν
2685 2052 2900 2122 ἰσχυρὸς
2944 2047 3098 2116 οὗτος
3131 2054 3159 2105 ὁ
3208 2052 3386 2123 λόγος,
3426 2055 3504 2124 τῷ
3540 2053 3667 2125 Θεῷ

2089 2139 2248 2209 χάρις
2275 2141 2372 2211 τῆς
2402 2140 2663 2212 θεωρίας·
2700 2146 2748 2196 εί
2789 2144 2846 2196 δὲ
2888 2143 2985 2216 μή,
3033 2145 3285 2216 ζητῶμεν
3308 2147 3399 2201 τὸν
3441 2146 3667 2217 ἰσχυρό-

2088 2247 2264 2301 τερον.

2163 2507 2260 2560 IZ'.
2292 2505 2429 2568 Τοὺς
2459 2505 2516 2558 δὲ
2559 2506 2684 2571 σοὺς
2730 2509 2940 2576 λόγους,
2974 2511 3072 2562 οὐκ
3109 2505 3228 2563 οῖδα
3277 2511 3505 2580 πότερον
3533 2511 3669 2566 παι-

2093 2595 2277 2660 ζοντος
2308 2593 2447 2649 εἶναι
2478 2596 2723 2667 φήσομεν
2737 2598 2837 2667 (2),
2881 2598 2914 2669 ἢ
2959 2598 3367 2664 σπουδάζοντος,
3399 2595 3481 2664 οἷς
3509 2602 3667 2655 ἀναι-

2095 2692 2210 2761 ρεῖς
2235 2689 2390 2760 ἡμῶν
2430 2688 2528 2761 τὴν
2573 2690 2783 2743 ἕνωσιν.
2816 2692 2912 2756 Τίς
2954 2691 3062 2761 γὰρ
3088 2691 3150 2764 δὴ
3177 2693 3271 2745 καὶ
3307 2694 3335 2745 ὁ
3365 2693 3550 2762 λόγος;
3584 2694 3667 2748 Τὰ

2093 2781 2351 2852 ὁμοούσια
2394 2781 2804 2853 συναριθμεῖται
2825 2783 2925 2852 (5),
2970 2783 3075 2852 φῂς
3112 2782 3535 2856 (συναρίθμησιν
3578 2784 3670 2838 λέ-

2094 2891 2203 2943 γων
2233 2874 2330 2945 τὴν
2355 2876 2433 2937 εἰς
2458 2874 2691 2945 ἀριθμὸν
2711 2874 2808 2928 ἕνα
2834 2875 3162 2945 συναίρεσιν)
3183 2890 3196 2903 ·
3222 2876 3281 2928 οὐ
3315 2877 3666 2948 συναριθμεῖ-

2093 2980 2182 3016 ται
2210 2962 2266 3016 δὲ
2292 2962 2360 3016 τὰ
2392 2963 2465 3034 μὴ
2489 2962 2769 3033 ὁμοούσια.
2807 2963 2970 3014 Ὥστε
2993 2962 3149 3033 ὑμεῖς
3179 2964 3277 3034 μὲν
3306 2964 3366 3016 οὐ
3402 2965 3669 3033 φεύξεσθε

2095 3055 2155 3107 τὸ
2190 3054 2369 3122 λέγειν
2410 3056 2559 3123 τρεῖς
2599 3052 2754 3116 θεοὺς
2799 3052 2941 3106 κατὰ
2972 3054 3062 3107 τὸν
3093 3053 3248 3123 λόγον
3279 3054 3498 3108 τοῦτονο
3533 3060 3670 3127 ήμῖν

2096 3146 2152 3199 δὲ
2182 3145 2303 3198 οὐδὲ
2337 3139 2416 3208 εἷς
2444 3145 2683 3208 κίνδυνος
2704 3161 2717 3174 ⁸
2747 3146 2806 3197 οὐ
2852 3145 2962 3216 γὰρ
3005 3144 3266 3215 ὁμοούσια
3301 3146 3551 3218 λέγομεν.
3591 3148 3669 3201 Σὺ

2102 3236 2200 3307 μὲν
2224 3230 2316 3290 οὖν
2358 3235 2670 3306 ὰπήλλαξας
2703 3227 2925 3288 σεαυτὸν
2970 3237 3310 3307 πραγμάτων
3346 3240 3445 3309 μιᾷ
3487 3242 3669 3311 φωνῇ,

2098 3329 2193 3381 καὶ
2223 3326 2320 3398 τὴν
2357 3328 2531 3398 κακὴν
2566 3328 2722 3398 νίκην
2762 3326 3083 3398 νενίκηκαςο
3121 3329 3305 3399 ὅμοιόν
3336 3347 3388 3382 τι
3439 3332 3676 3402 ποιήσας

2098 3421 2210 3482 τοῖς
2250 3418 2337 3472 διὰ
2382 3417 2611 3471 θανάτου
2654 3419 2816 3487 φόϐον
2858 3419 3279 3490 ἀπαγχομένοις.
3314 3422 3432 3475 Ἵνα
3453 3422 3565 3494 γὰρ
3597 3423 3676 3493 μὴ

2096 3508 2280 3579 κάμῃς
2306 3510 2373 3579 τῇ
2409 3508 2676 3581 μοναρχίᾳ
2713 3509 3126 3580 συνιστάμενος,
3166 3513 3390 3582 ἠρνήσω
3420 3511 3675 3584 θεότητα,

2098 3601 2191 3653 καὶ
2230 3599 2566 3669 προδέδωκας
2589 3602 2702 3663 τοῖς
2726 3600 2937 3671 ἐχθροῖς
2971 3602 3031 3654 τὸ
3058 3600 3409 3672 ζητούμενον.
3451 3603 3597 3672 Ἐγὼ
3620 3604 3679 3658 δὲ

2097 3693 2198 3746 κᾶν
2221 3710 2274 3744 τι
2301 3692 2398 3764 δὲῃ
2423 3694 2642 3762 καμεῖν,
2670 3694 2730 3744 οὑ
2759 3694 3071 3764 προήσομαι
3095 3693 3156 3746 τὸ
3178 3694 3678 3765 προσκυνούμενον.

2110 3782 2372 3837 Ἐνταῦθα
2391 3784 2470 3849 δὲ,
2499 3784 2619 3837 οὐδὲ
2648 3784 2758 3855 ὁρῶ
2784 3785 2868 3849 τίς
2891 3787 2919 3838 ὁ
2953 3785 3132 3848 πόνος.

412 3884 542 3937 'tam
600 3882 863 3936 adimunt.
918 3882 1152 3947 Etenim,
1209 3896 1278 3936 ne
1334 3880 1388 3934 in
1441 3878 1780 3936 defendendo
1844 3878 2004 3937 unius
2041 3879 2343 3948 principatu
2420 3877 2668 3943 desudes,
2722 3879 2974 3932 deitatem
3023 3880 3255 3949 negasti,
3323 3878 3685 3949 hostibusque

432 3974 508 4040 id,
539 3976 683 4044 quod
715 3974 1052 4045 quaerebant,
1082 3973 1392 4043 prodidisti.
1435 3972 1543 4041 Ego
1577 3986 1727 4037 vero,
1789 3971 1952 4026 etiam
1996 3970 2042 4024 si
2075 3971 2205 4039 quid
2238 3968 2439 4022 laboris
2502 3969 2839 4029 subeundum
2870 3970 2961 4038 sit,
2999 3986 3101 4024 non
3156 3980 3336 4025 tamen
3365 3973 3595 4041 prodam
3625 3973 3684 4028 id

431 4072 574 4140 quod
636 4072 913 4126 aduratur.
964 4068 1281 4138 Quanquam
1322 4083 1392 4122 ne
1438 4068 1526 4122 hic
1558 4067 1774 4137 quidem
1826 4067 2001 4130 video,
2041 4065 2166 4136 quis
2192 4064 2345 4119 labor
2375 4064 2751 4133 suscipiendus
2781 4065 2871 4118 sit.
3384 4130 3387 4133 _

503 4160 687 4216 XVIII.
729 4160 1217 4226 Connumerantur,
1251 4159 1455 4229 inquis,
1490 4172 1578 4224 ea,
1602 4172 1721 4227 quae.
1752 4158 1987 4212 eamdem

2176 4155 2284 4210 lI-l'.
2311 4153 2754 4226 Συναριθμεῖται,
2770 4155 2896 4226 φῂς,
2914 4153 2982 4207 τὰ
3002 4154 3265 4224 ὁμοούσια
3286 4170 3301 4184 ·
3318 4154 3387 4207 τὰ
3405 4154 3460 4207 δὲ
3483 4155 3586 4227 οὐχ
3603 4156 3684 4224 (ι)

431 4256 787 4310 substantiam
838 4254 1038 4306 habent
1072 4267 1232 4321 :qute
1279 4262 1458 4304 autem
1514 4250 1812 4305 substantia
1857 4249 1987 4303 intet

2105 4245 2275 4309 οὕτως
2297 4245 2509 4325 ἔχοντα,
2533 4245 2825 4316 μοναδικὴν
2851 4244 2963 4315 ἔχει
2988 4247 3087 4316 τὴν
3112 4245 3362 4315 δήλωσιν.
3390 4245 3565 4299 Πόθεν
3598 4264 3685 4301 σοι

430 4363 490 4401 se
516 4344 792 4409 differunt,
832 4343 1162 4414 singularem
1206 4342 1591 4397 iudicationem
1628 4341 1851 4398 habent.
1887 4339 1987 4396 Un-

2103 4338 2283 4404 τοῦτο,
2312 4340 2403 4392 καὶ
2439 4339 2591 4410 παρὰ
2621 4338 2783 4391 τίνων
2817 4337 3196 4408 δογματιστῶν
3226 4337 3413 4409 καὶ(5)
3447 4337 3683 4408 μυθολόα

429 4437 500 4491 de
549 4435 672 4496 hoc,
702 4442 757 4487 et
807 4448 837 4487 a
873 4432 1070 4503 quibus
1115 4433 1425 4489 doctoribus
1471 4441 1564 4486 aut
1610 4431 1987 4486 fabulatoribus

2104 4448 2249 4500 γων;
2285 4431 2356 4483 Ἦ
2401 4431 2636 4498 ἀγνοεῖς,
2688 4430 2771 4482 ὅτι
2819 4430 2927 4492 πᾶς
2971 4428 3224 4501 ἀριθμὸς,
3255 4429 3353 4499 τῆς
3382 4429 3686 4500 ποσότητος

429 4525 734 4594 accepisti?
767 4524 974 4579 llludne
1009 4533 1062 4578 te
1111 4523 1267 4593 fugit,
1304 4538 1589 4579 numerum
1612 4538 1827 4578 omnem
1863 4523 1987 4578 bant

2101 4488 2211 4578 τῶν
2237 4488 2615 4595 θποκειμένων
2638 4525 2755 4576 ἐστὶ
2787 4488 3187 4593 δηλωτικὸς,ὀύ
3211 4488 3547 4594 τῆς-φύσεως
3571 4488 3686 4576 τῶν

429 4619 536 4670 vim
578 4616 798 4681 habere,
832 4625 891 4671 ut
924 4617 1290 4687 subjectorum
1322 4617 1701 4686 quantitatem,
1737 4633 1842 4672 non
1873 4618 1997 4671 item

431 4723 611 4762 rerum
667 4717 937 4774 naturam,
984 4708 1255 4778 explicet?
1292 4707 1401 4777 Ego
1454 4722 1580 4763 vero
1629 4708 1702 4763 ita
1745 4707 1996 4778 simplex,

498 4859 547 4895 ³⁸
574 4859 794 4916 Homer.
845 4860 1012 4918 Iliad.
1062 4878 1174 4926 xw,
1230 4878 1362 4918 vers.
1393 4861 1514 4915 189.
1590 4864 1635 4894 ³⁵
1667 4859 1777 4917 Jer.
1805 4879 1859 4930 λ,
1886 4862 1972 4917 lli.

500 5023 613 5094 (95)
649 5022 766 5094 οὓς
783 5018 881 5094 δή.
915 5021 1003 5074 Sic
1040 5019 1170 5088 Reg.
1208 5017 1319 5082 bm,
1352 5017 1500 5083 Βίην»,
1555 5018 1753 5088 aliique
1797 5018 1998 5088 plures.

428 5093 484 5147 In
509 5092 595 5146 ed.
631 5093 781 5144 deest
802 5092 889 5162 δή.

499 5162 611 5233 (96)
653 5156 1034 5233 ’star’obc...
1052 5160 1351 5233 Τηθὺας...
1389 5156 1679 5233 (fidamque.
1701 5157 2003 5233 liertOcea-

429 5227 545 5298 nos,
575 5227 850 5302 Tethydas
901 5242 951 5284 et
1007 5230 1294 5292 Phauetas,
1342 5249 1373 5302 »γ
1417 5230 1674 5302 intelligit
1705 5227 1999 5302 Gregorius

428 5297 581 5366 deos,
618 5297 733 5371 qui;
761 5301 911 5366 juxta
948 5311 1152 5371 poetas.
1181 5318 1200 5351 ι
1242 5301 1400 5363 mari,
1439 5297 1610 5353 terrae
1628 5297 1885 5367 vitalique
1917 5297 2000 5351 fa-

431 5374 612 5426 cultati
645 5391 664 5422 ι
693 5372 978 5438 prazsidere
1005 5370 1296 5435 finguntur.

500 5444 612 5514 (97)
648 5435 786 5514 Ἱξὶνα
812 5439 980 5514 Geor,
1004 5447 1112 5492 etc.
1135 5439 1234 5491 llic
1255 5439 1567 5514 designatur
1598 5436 1881 5514 saturnus.
1910 5435 2008 5491 Βίη

434 5508 624 5565 ,εἱιὶηνι
664 5509 804 5563 ﬁlios
837 5512 1126 5571 devorans,
1174 5527 1193 5559 ι
1228 5513 1368 5573 quod
1404 5523 1593 5562 saxum
1624 5508 1810 5562 fasciis
1848 5508 2003 5562 invo-

447 5593 598 5635 utmn
629 5595 726 5649 pro
754 5578 888 5634 Jove
916 5581 1206 5649 deyorasse
1235 5579 1473 5647 tingitur.

499 5646 642 5720 (ἔκ)-
666 5650 904 5720 ’Υλαιςε
931 5669 949 5701 t
990 5647 1248 5720 Materiis,
1273 5667 1301 5720 _r
1320 5646 1330 5647 ί
1349 5648 1400 5702 id
1441 5656 1543 5713 ρει,
1578 5665 1616 5720 _t
1644 5646 1948 5720 elementis.
1979 5665 1997 5697 ι

498 5715 610 5788 (99)
639 5720 817 5789 Μερὶς
847 5719 924 5785 τῷ
959 5717 1179 5774 Ἰακώϐ.
1215 5738 1231 5772 t
1267 5718 1398 5774 Pars
1430 5720 1540 5774 haec
1571 5715 1789 5773 Iacob.»
1828 5715 2002 5773 Verba

2106 4616 2478 4688 πραγμάτων;
2521 4610 2661 4685 Ἐγὼ
2692 4615 2749 4668 δὲ
2788 4614 2963 4680 οὕτως
3006 4617 3248 4688 ἀρχαίως
3294 4615 3423 4686 ἔχω,
3475 4614 3686 4685 μᾶλλον

2103 4708 2158 4762 δὲ
2184 4708 2430 4779 ἀμαθῶς,
2463 4707 2603 4762 ὥστε
2646 4711 2772 4779 τρία
2814 4710 2913 4780 μὲν
2940 4709 3190 4779 ὀνομάζω
3219 4707 3288 4761 τὰ
3323 4708 3569 4761 τοσαῦτα
3604 4708 3687 4779 τῷ

2103 5028 2225 5071 sunt
2247 5017 2497 5072 Jeremia:
2518 5032 2575 5082 κ,
2613 5016 2698 5082 16,
2725 5030 2882 5085 quem
2916 5011 3209 5085 Gregorius
3239 5029 3392 5067 suum
3444 5015 3689 5084 appellat

2107 5088 2438 5157 theologum.
2481 5101 2714 5153 eumque
2765 5085 3079 5157 Graecorum
3126 5086 3402 5157 theologis
3431 5088 3685 5150 opponit.

2109 5175 2128 5207 ‹
2162 5155 2518 5221 ΡειτέιΙιιουι),
2563 5176 2582 5208 ι
2611 5159 2765 5226 juxta
2798 5156 2995 5219 Eliam,
3028 5158 3271 5224 designat
3316 5155 3341 5207 7t
3374 5155 3683 5211 doctrinam

2101 5240 2285 5280 eorum
2309 5230 2398 5293 qui
2431 5238 2574 5293 recte
2602 5237 2657 5280 et
2676 5227 2978 5280 orthodoxe
3015 5228 3277 5283 sentiunt.
3307 5246 3325 5279 ι

2175 5297 2251 5367 (I)
2437 5292 2548 5362 οἷς.
2579 5294 2728 5367 Bas”
2757 5299 2815 5367 ἐν
2844 5293 2946 5356 οἷς.

2175 5366 2250 5436 (2)
2271 5365 2565 5436 Φήὶγομεν.
2589 5365 2754 5420 Coisl.
2780 5366 2831 5431 1,
2857 5368 3151 5436 φήσαιμεν.

2183 5435 2261 5508 (5)
2300 5435 2772 5508 Συναριθμξῖται.
2822 5435 2934 5508 Hoc
2967 5440 3337 5508 argumentum
3376 5440 3686 5508 ceteraque

2113 5500 2318 5570 omuia,
2345 5500 2573 5561 sanctos
2604 5506 2856 5571 Basilius,
2882 5505 2934 5558 in
2970 5500 3107 5560 lib'ro
3140 5502 3210 5557 De
3244 5500 3449 5573 Spiritu
3474 5512 3681 5567 sancto,

2111 5577 2423 5647 plenissime
2452 5577 2664 5647 refellit.

2185 5646 2260 5713 (4)
2302 5650 2444 5716 Οὐχ.
2478 5646 2590 5701 Duo
2624 5645 2813 5715 Regg.,
2844 5647 2940 5717 μή.

2186 5719 2259 5789 ζὸ)
2296 5720 2423 5775 Kal.
2460 5718 2592 5787 Reg.
2627 5731 2678 5783 a,
2708 5717 2765 5786 ἢ.
