3890 6214
235 332 342 387 155

234 546 310 607 ἒν.
336 547 514 611 ἄλλως
546 547 645 611 τὰς
675 548 941 611 τοσαύτας
973 548 1225 617 μονάδας,
1255 548 1358 613 κᾶν
1392 550 1456 618 τῇ
1502 547 1662 618 οὐσίᾳ
1689 563 1814 600 συν-

235 635 537 701 άπτωνται,
565 639 627 690 οὐ
663 637 798 709 πρὸς
841 637 911 691 τὰ
958 639 1258 710 πράγματα
1291 637 1487 708 μᾶλλον
1512 637 1749 707 ἀφορῷν,
1780 637 1812 703 ἢ

235 729 295 783 τδ
324 730 492 785 ποσὸν
521 731 631 784 τῶν
659 732 1025 804 πραγμάτων,
1060 730 1179 784 καθ’
1218 723 1291 783 ὧν
1330 732 1363 802 ἡ
1396 729 1691 801 ἀρίομησις
1713 729 1812 800 (6).

248 823 400 875 Ἐπεὶ
459 823 518 877 δὲ
568 823 692 877 λίαν
745 825 973 895 περιέχῃ
1020 824 1112 877 τοῦ
1160 824 1511 893 γράμματος,
1569 822 1813 889 καίτοιγε

238 913 493 984 πολεμῶν
531 915 609 986 τῷ
654 916 943 987 γράμματι
985 916 1081 985 (7).
1141 915 1350 968 ἐκεῖθέν
1392 932 1481 985 μοι
1536 914 1667 967 λάϐε
1712 913 1815 977 τὰς

236 1003 542 1069 ἀποδείξεις
565 1022 579 1035 ⁸
622 1006 756 1073 Τρία
799 1009 855 1058 ὲν
897 1007 1016 1067 ταῖς
1044 1004 1371 1076 Παροιμίαις
1406 1001 1598 1064 ἐστίν,
1638 1000 1675 1053 ἂ
1712 1001 1813 1053 εὐ-

236 1094 389 1161 όδως
445 1099 758 1165 πορεύεται
784 1115 797 1127 ·
838 1097 1017 1161 λέων,
1064 1096 1161 1150 καὶ
1209 1094 1439 1164 τράγος,
1479 1094 1577 1147 καὶ
1633 1093 1813 1146 ἀλεκ-

235 1184 432 1253 τρυών
453 1203 467 1217 ’
504 1186 618 1247 καὶ,
646 1188 947 1253 βασιλεὺς
970 1185 1322 1257 δημηγορῶν
1350 1186 1419 1238 ἐν
1450 1184 1720 1254 ἐθνει(8>,
1755 1183 1815 1235 τὸ

237 1276 534 1348 τέταρτον·
589 1279 675 1332 ἵνα
724 1280 797 1350 μὴ
850 1278 994 1347 λέγω
1040 1278 1138 1342 τὰς
1191 1276 1357 1341 ἄλλοις
1401 1278 1517 1329 ὲκεῖ
1554 1275 1815 1344 τετράδας

237 1367 669 1439 ἀριθμουμένας,
696 1374 761 1441 τῇ
792 1370 849 1423 δὲ
881 1370 1038 1439 φύσει
1070 1364 1423 1443 διῃρημένοις.
1468 1368 1577 1421 Καὶ
1607 1366 1699 1420 δύο
1737 1365 1814 1436 τῷ

237 1460 428 1512 Μωσεῖ
453 1460 719 1532 χερουϐἱμ
761 1461 835 1532 (9)
863 1462 1103 1533 εὑρίσκω
1134 1459 1437 1533 μοναδικῶς
1476 1459 1815 1531 ἀριθμοῦμε-

237 1566 322 1603 να.
348 1550 475 1613 Πῶς
513 1548 637 1618 οῦν,
665 1553 699 1623 ἢ
731 1554 912 1607 ἐκεῖνα
949 1553 1097 1627 τρία,
1133 1552 1270 1606 κατὰ
1301 1553 1400 1624 τὴν
1442 1552 1539 1622 σὴν
1568 1551 1813 1621 τεχνολο-

237 1641 380 1708 γίαν,
412 1642 663 1697 τοσοῦτον
705 1644 950 1716 ἀλλήλων
981 1645 1378 1716 άπερῤηγμένα
1410 1646 1530 1706 ταῖς
1556 1644 1812 1711 φύσεσινς

236 1732 271 1803 ἤ
310 1732 486 1786 ταῦτα
530 1735 812 1807 μοναδικά,
858 1734 1112 1788 τοσοῦτον
1161 1735 1411 1806 ἀλλήλοις
1458 1732 1671 1805 ὁμοφυῆ
1722 1732 1815 1785 καὶ

1270 331 1547 390 ORATIO
1574 330 1767 388 XXXI.
1808 366 1875 376 —
1916 332 2355 390 THEOLOGICA
2400 333 2463 390 V.

234 454 475 526 ἀριθμῷ,
509 453 613 510 κᾶν
636 456 889 527 διέστηκε
917 456 1015 529 τὴν
1057 456 1217 526 φύσιν
1238 472 1250 485 °
1294 456 1351 510 ἓν
1378 456 1454 522 δὲ,
1487 456 1582 509 καὶ
1608 454 1686 518 ἓν,
1723 455 1812 508 καὶ

1922 455 2001 510 vel
2048 456 2330 526 imperitus
2363 455 2544 524 potius
2583 469 2725 519 sum,
2755 456 2939 511 uttria
2973 457 3189 527 quidem
3217 473 3277 513 ea
3312 460 3487 515 nomi-
3567 467 3576 475 '

3386 339 3489 394 εει

1917 558 2060 607 nem,
2086 560 2204 612 quae
2240 546 2463 600 totidem
2505 561 2727 600 numero
2754 557 2897 607 sunt.
2930 550 3143 603 etiamsi
3176 553 3477 605 substantia

1916 635 2163 691 diﬂ'erant
2196 652 2209 688 :
2239 653 2401 690 unum
2434 646 2637 698 autem,
2665 646 2721 692 et
2747 654 2933 704 unum,
2961 650 3015 694 et
3047 655 3232 708 unum,
3265 642 3487 698 totidem

1917 727 2175 791 unitates,
2209 728 2424 782 etiamsi
2454 729 2759 783 substantia
2789 730 3208 800 conjungantur,
3241 747 3348 787 non
3374 750 3489 787 ma-

1915 820 1996 889 gis
2026 820 2277 873 videlicet
2318 835 2405 873 res
2440 820 2585 888 ipsas
2629 821 2870 886 intuens,
2898 837 3061 892 quam
3096 839 3276 878 rerum
3313 840 3486 893 quan-

1917 910 2150 975 titatem,
2182 912 2335 980 juxta
2368 924 2527 979 quam
2564 915 2904 967 enumeratio
2947 914 3061 982 ipsa
3097 917 3189 970 sit.
3221 914 3487 982 Quoniam

1916 1012 2097 1056 autem
2131 1003 2405 1057 mordicus
2456 1002 2691 1057 litteram
2731 1006 2952 1070 retines,
2984 1006 3081 1062 etsi
3115 1007 3315 1076 alioqui
3347 1008 3490 1061 litte-

1916 1109 1990 1147 ra:
2028 1092 2225 1147 bellqu
2280 1093 2539 1158 inferens,
2576 1095 2724 1149 illinc
2754 1097 2883 1149 mihi
2940 1098 3289 1164 probationes
3328 1100 3491 1154 hasce

1915 1185 2121 1251 accipe.
2162 1182 2287 1237 Tria
2314 1186 2370 1238 in
2400 1184 2706 1239 Proverbiis
2728 1199 2868 1246 sunt.
2898 1204 3013 1256 qua:
3043 1199 3177 1241 recte
3218 1189 3488 1254 incedunt,

1916 1271 2016 1336 leo,
2043 1272 2241 1335 hircus,
2273 1282 2319 1324 et
2350 1273 2555 1341 gallus;
2584 1283 2637 1328 et
2664 1286 2858 1344 quarto
2893 1277 3032 1339 loco,
3076 1294 3169 1331 rex
3209 1280 3350 1347 apud
3398 1297 3488 1348 po-

1914 1365 2127 1430 pulares
2173 1379 2295 1417 suos
2338 1366 2638 1418 concionem
2686 1366 2975 1435 habens“;
3006 1376 3061 1422 ut
3103 1369 3343 1440 reliquas
3370 1371 3489 1426 illas

1916 1467 2110 1509 natura
2156 1456 2441 1511 distinctas
2490 1461 2905 1527 quaternitates,
2960 1476 3081 1530 qua:
3137 1462 3247 1517 illic
3307 1479 3489 1517 recen-

1914 1559 2125 1608 sentur,
2162 1547 2379 1601 silentio
2430 1558 2773 1618 prmteream.
2809 1550 2950 1605 Duos
2997 1553 3161 1606 etiam
3210 1553 3487 1607 cherubim

1916 1645 2055 1711 apud
2084 1640 2319 1710 Moysem
2354 1641 2589 1703 invenio,
2612 1643 2702 1711 qui
2726 1644 3018 1711 separatim
3048 1655 3400 1699 numerantur
3420 1645 3484 1700 ³⁷.

1916 1733 2198 1798 Quomodo
2230 1747 2382 1804 ergo,
2413 1734 2495 1787 vel
2529 1734 2615 1786 illa
2651 1736 2750 1787 tria
2775 1745 2923 1799 sunt,
2950 1736 3091 1791 sicut
3119 1751 3205 1792 ars
3233 1746 3319 1791 tua
3350 1752 3487 1807 pra:-

239 1826 605 1897 συγκείμενας
647 1829 709 1881 Ei
738 1829 848 1899 γὰρ
872 1828 1088 1898 λέγοιμι
1111 1826 1244 1883 Θεὸν
1270 1828 1364 1881 καὶ
1389 1827 1695 1898 Μαμωνᾶν,
1721 1823 1812 1876 δύο

1923 1824 2136 1887 scribit,
2167 1839 2288 1880 cum
2330 1836 2524 1879 natura
2550 1835 2712 1894 atque
2744 1826 3042 1881 subetantia
3081 1829 3214 1883 adeo
3259 1829 3400 1883 inter
3432 1844 3491 1884 se

237 1917 460 1987 κυρίους
486 1920 567 1982 είς
589 1918 647 1971 ἓν
678 1919 1130 1990 ἀριθμουμένους,
1152 1919 1389 1987 τοσούτῳ
1413 1916 1629 1990 μακράν
1655 1915 1815 1978 ὄντας

236 2008 504 2081 ἀλλήλων,
533 2010 677 2081 τάχα
707 2011 773 2065 ἂν
812 2012 907 2065 καὶ
937 2011 1139 2083 μᾶλλον
1177 2010 1501 2082 γελασθείην
1543 2010 1641 2080 τῆς
1692 2023 1817 2059 συν-

236 2099 608 2173 αριθμήσεως.

1921 1916 2233 1986 discrepent
2265 1934 2277 1969 :
2313 1927 2407 1971 aut
2445 1916 2560 1971 hrec
2610 1915 2926 1988 singularia,
2960 1933 3077 1986 quae
3119 1929 3308 1973 natura
3353 1919 3491 1974 inter

1920 2021 1980 2063 se
2006 2009 2141 2063 adeo
2170 2008 2398 2079 aequalia
2442 2017 2589 2072 sunt,
2617 2019 2670 2062 et
2693 2008 2977 2078 copulata?
3007 2007 3138 2062 Nam
3170 2011 3215 2064 si
3247 2010 3492 2066 dominos

1920 2097 2045 2152 illos
2093 2098 2229 2152 duos
2275 2099 2441 2153 Deum
2492 2108 2549 2153 et
2592 2100 3015 2152 mammonam“
3062 2114 3492 2155 commemorare

234 2192 539 2263 velim,qui
579 2210 808 2251 numero
852 2212 959 2253 uno
994 2196 1317 2262 eﬂ‘eruntur,
1351 2211 1472 2251 eum
1528 2195 1839 2265 usqueadeo
1878 2192 2019 2248 inter
2065 2208 2125 2249 se
2163 2170 2422 2262 disiuncti
2471 2194 2601 2261 sint,
2646 2196 2816 2265 magis
2881 2210 3095 2264 quoque
3132 2194 3359 2251 fortasse
3407 2213 3492 2252 me

236 2285 309 2339 ob
344 2288 483 2341 hanc
506 2291 1040 2345 connumerationem
1069 2292 1348 2344 ridendum
1375 2290 1741 2359 propinarem.

306 2376 409 2431 19'.
468 2377 606 2431 Ἀλλ’
647 2379 795 2453 ἐμοὶ,
842 2382 1042 2451 φησιν,
1095 2382 1281 2434 ἐκεῖνα
1335 2378 1812 2451 συναριθμούμενα

233 2469 475 2538 λέγεται,
518 2471 742 2542 καὶτῆς
793 2473 963 2544 αὐτῆς
1010 2473 1220 2538 οὐσίας,
1266 2466 1349 2537 οἷς
1387 2473 1812 2541 συνεκφωνεῖται

233 2562 610 2634 καταλλήλως,
648 2565 743 2617 καὶ
778 2565 846 2619 τὰ
878 2565 1116 2636 ὀνόματα
1138 2582 1150 2595 ο
1178 2559 1309 2629 οἷον,
1347 2564 1622 2636 ἄνθρωποι
1644 2565 1811 2635 τρεῖς,

234 2655 331 2708 καὶ
353 2653 467 2707 θεοὶ
490 2658 661 2725 τρεῖς,
685 2656 807 2727 οὐχὶ
828 2657 953 2729 τρία
964 2657 1113 2721 τάδε,
1132 2658 1225 2711 καὶ
1240 2657 1365 2710 τάδε
1383 2655 1518 2728 (l0).
1533 2655 1629 2719 Τίς
1657 2655 1814 2726 γὰρὴ

235 2748 504 2812 ἀντίδοσις
528 2748 678 2817 (il);
708 2748 869 2802 τοῦτο
892 2748 1309 2820 νομοθετοῦντός
1338 2750 1454 2801 ἐστι
1482 2750 1592 2810 τοῖς
1611 2747 1810 2818 ὀνόμα-

236 2853 343 2902 σιν,
373 2838 473 2891 οὐκ
502 2836 877 2910 ἀληθεύοντος.
917 2839 1070 2893 Ἐπεὶ
1096 2839 1263 2910 κάμοὶ
1293 2839 1519 2911 Πέτρος,
1550 2839 1643 2892 καὶ
1666 2835 1813 2891 Παῦ-

233 2927 348 2994 λος,
396 2927 492 2981 καὶ
533 2928 805 3001 Ἰωάννης,
839 2930 899 2983 οὐ
926 2932 1095 3001 τρεῖς,
1138 2930 1258 2984 οὐδὲ
1286 2930 1579 3002 ὀμοούσιοι.
1605 2930 1709 2993 ἕως
1746 2928 1811 2983 ἂν

237 3021 315 3091 μὴ
336 3022 485 3090 τρεῖς
512 3021 730 3091 Πέτροι,
771 3022 864 3075 καὶ
888 3025 1037 3093 τρεῖς
1077 3022 1302 3086 Παῦλοι,
1329 3022 1423 3075 καὶ
1459 3021 1699 3075 Ἰωάνναι
1721 3037 1810 3073 το-

1988 2370 2222 2435 )ἒΙΧ.Αι,
2244 2371 2440 2439 inquis,
2461 2387 2521 2424 ea
2538 2370 2913 2424 conuumerari
2934 2371 3201 2437 dicuntur,
3219 2372 3490 2443 ejusdem-

1916 2479 2024 2536 que
2048 2462 2300 2518 essentiaa
2337 2476 2481 2526 esse,
2512 2463 2708 2530 quibus
2752 2462 2968 2515 nomina
2998 2461 3114 2529 ipsa
3142 2463 3489 2532 respondent,

1912 2572 2037 2613 cum
2066 2553 2365 2610 efferuntur
2402 2574 2413 2607 :
2450 2551 2615 2623 568
2644 2564 2698 2605 ut
2730 2552 2977 2607 homines
3009 2567 3140 2617 tres,
3168 2565 3224 2608 et
3249 2555 3321 2609 dii
3353 2565 3489 2623 tres,

1917 2665 2023 2703 non
2056 2656 2237 2701 autem
2268 2646 2371 2699 tria
2405 2645 2539 2708 haec,
2566 2652 2656 2697 aut
2684 2644 2792 2699 illa.
2824 2644 2951 2711 Quae
2979 2645 3121 2699 enim
3148 2657 3231 2699 est
3253 2646 3371 2701 haec
3402 2663 3491 2703 re-

1916 2738 2024 2792 lata
2052 2735 2367 2805 reSponsio?
2391 2734 2654 2788 Nimirum
2681 2735 2782 2788 boc
2803 2736 2913 2803 jam
2954 2735 3186 2789 hominis
3208 2746 3293 2789 est
3317 2737 3489 2804 legem
3526 2724 3540 2739 ’

1916 2828 2228 2884 nominibus
2276 2825 2700 2897 pnescribentis,
2734 2840 2835 2878 non
2887 2840 3069 2880 verum
3117 2826 3298 2881 dicere
3338 2828 3492 2882 insti-

1919 2920 2138 2975 tuentis.
2164 2918 2376 2985 Alioqui
2404 2916 2533 2970 mihi
2571 2931 2784 2985 quoque
2811 2917 2926 2986 pari
2955 2917 3142 2971 eadem
3164 2920 3370 2974 ratione
3391 2919 3491 2974 Pe-

1920 3019 2056 3073 trus,
2091 3017 2146 3063 et
2172 3008 2391 3071 Paulus,
2416 3016 2470 3060 et
2495 3004 2732 3061 Joannes
2758 3022 2863 3060 non
2898 3017 3008 3060 tres
3032 3019 3212 3072 erunt,
3240 3024 3337 3064 nec
3361 3025 3490 3064 con-

236 3111 418 3166 σοῦτοι
448 3112 698 3183 λέγονται
732 3113 867 3185 (12).
903 3116 966 3168 '0
1011 3114 1118 3185 γὰρ
1152 3114 1216 3167 σὺ
1251 3116 1558 3185 τετήρηκας
1586 3112 1812 3167 ἐπὶτῶν

1922 3101 2314 3165 substantiales,
2374 3100 2611 3167 quandiu
2679 3114 2784 3151 non
2846 3108 2953 3153 tres
3008 3097 3177 3165 Petri,
3233 3111 3328 3155 aut
3381 3111 3490 3157 tres

232 3204 618 3276 γενικωτέρων
660 3204 966 3275 ὀνομάτων,
1004 3204 1162 3257 τοῦτο
1194 3205 1289 3258 καὶ
1322 3207 1482 3276 ήμεῖς
1511 3206 1814 3273 ἀπαιτήσο-

234 3310 340 3365 μεν
366 3294 459 3348 ἐπὶ
486 3294 596 3348 τῶν
619 3293 978 3365 είδικωτέρων
1000 3294 1113 3365 (15)
1138 3294 1280 3348 κατὰ
1315 3294 1414 3363 τὴν
1442 3294 1540 3366 σήν
1577 3292 1817 3349 ἀνάπλα-

233 3402 351 3439 σιν·
381 3386 416 3456 ἢ
462 3386 759 3457 ἀδικήσεις,
797 3387 871 3457 μὴ
916 3387 1089 3450 διδοὺς
1123 3386 1258 3457 ὅπερ
1303 3384 1551 3456 εἴληφας.
1578 3385 1642 3438 Τί
1672 3384 1758 3437 δαὶ
1789 3386 1818 3437 6

245 3477 535 3547 Ἰωάννης;
572 3478 735 3549 Τρεῖς
762 3474 901 3532 εἶναι
946 3480 1071 3542 τούς
1108 3478 1521 3550 μαρτυροῦντας
1551 3477 1726 3546 λέγων
1759 3478 1816 3529 ἐν

231 3571 357 3633 ταῖς
379 3568 733 3636 Καθολικαῖς,
759 3571 821 3624 τὸ
845 3570 1090 3643 Πνεῦμα,
1129 3571 1190 3624 τὸ
1219 3570 1382 3642 ὕδωρ,
1421 3570 1482 3624 τὸ
1517 3565 1655 3641 αἷμα
1679 3568 1814 3639 (14),

232 3656 348 3734 ἆρά
396 3678 479 3715 σοι
521 3661 708 3733 ληρεῖν
760 3663 1044 3733 (pulverem;
1090 3661 1313 3734 Πρῶτον
1349 3662 1468 3732 μὲν,
1513 3662 1596 3715 ὅτι
1641 3660 1713 3713 τὰ
1741 3661 1816 3731 μὴ

234 3752 497 3825 ὁμοούσια
527 3753 927 3825 συναριθμῆσαι
956 3754 1307 3824 τετόλμηκεν,
1332 3752 1360 3805 ὃ
1378 3755 1488 3817 τοῖς
1515 3752 1817 3823 ὀμοουσίοις

236 3848 301 3901 σὺ
329 3846 505 3911 δίδως.
533 3846 652 3919 (Τίς
674 3847 783 3919 γὰρ
807 3847 871 3900 ἂν
901 3847 1046 3900 είποι
1070 3846 1240 3900 ταῦτα
1270 3846 1398 3916 μιᾶς
1421 3844 1606 3907 οὐσίας
1625 3843 1664 3914 ;)
1687 3841 1818 3895 Δεύ-

234 3953 393 4010 τερον
420 3938 500 4005 δὲ,
526 3938 610 3991 ὅτι
646 3939 720 4009 μὴ
754 3937 1105 4008 καταλλήλως
1133 3936 1271 4008 ἔχων
1304 3938 1616 4008 ἀπήντησεν
1636 3951 1651 3967 ⁶
1681 3934 1818 3989 ἀλλὰ

236 4030 300 4083 τὸ
338 4032 490 4102 τρεῖς
523 4029 830 4103 ἀρρενικῶς
856 4030 1097 4102 προθεὶς,
1137 4029 1205 4082 τά
1230 4028 1356 4100 τρία
1394 4027 1692 4099 οὐδετέρως
1728 4028 1819 4079 έπ-

234 4124 459 4193 ήνεγκε,
488 4123 642 4194 παρὰ
672 4123 799 4186 τοὺς
832 4124 977 4187 σούς,
1009 4123 1104 4177 καὶ
1129 4123 1226 4193 τῆς
1252 4122 1350 4192 σῆς
1369 4120 1815 4191 (15)γραμματι-

235 4213 342 4284 κῆς
367 4213 527 4285 ὅρους
570 4215 665 4267 καὶ
708 4215 926 4285 νόμους.
980 4214 1170 4267 Καίτοι
1203 4214 1257 4266 τί
1290 4213 1557 4284 διαφέρει,
1588 4211 1622 4282 ἢ
1668 4213 1817 4282 τρεῖς

235 4303 532 4376 προθέντα,
568 4305 646 4371 ἒν,
678 4307 772 4359 καὶ
804 4305 882 4369 ἓν,
914 4306 1008 4359 καὶ
1051 4305 1108 4358 ἓν
1139 4306 1472 4373 ἐπενεγκεῖν,
1507 4303 1540 4374 ἦ
1573 4301 1693 4366 ἕνα,
1724 4301 1833 4354 καὶ.

234 4396 355 4458 ἕνα,
384 4396 477 4449 καὶ
504 4395 601 4450 ἕνα
633 4396 880 4465 λέγοντα,
913 4397 987 4467 μὴ
1018 4398 1188 4466 τρεῖς,
1221 4393 1356 4447 ἀλλὰ
1382 4394 1507 4466 τρία
1542 4407 1816 4463 προσαγο-

1917 3191 2088 3256 Pauli,
2146 3200 2239 3243 aut
2287 3190 2508 3243 totidem
2568 3186 2803 3242 Joannes
2861 3204 2966 3242 non
3024 3190 3295 3246 dicentur.
3334 3190 3489 3257 Quod

1916 3283 2059 3338 enim
2118 3292 2173 3335 tu
2223 3280 2275 3334 in
2317 3282 2661 3349 generalibus
2711 3279 3017 3334 nominibus
3056 3280 3349 3347 retinuisti,
3383 3281 3488 3337 hoc

1917 3387 2016 3427 nos
2048 3386 2261 3441 quoque
2285 3368 2439 3439 ju\ta
2481 3381 2845 3424 υοιιιιιιθηιιιιη
2877 3378 3025 3423 tuum
3070 3371 3121 3423 in
3165 3369 3491 3438 specialibus

1917 3463 2274 3532 postulamus.
2314 3460 2511 3529 lnjuste
2555 3463 2698 3513 enim
2750 3460 2965 3526 feceris,
2994 3462 3120 3525 nisi,
3153 3464 3295 3530 quod
3336 3477 3490 3517 acce-

1917 3554 2069 3625 pisti,
2119 3554 2356 3609 dederis.
2403 3552 2541 3619 Quid
2586 3552 2862 3607 Joannes?
2896 3554 3027 3607 Cum
3079 3554 3130 3606 in
3194 3552 3490 3608 Catholicis

1917 3647 2160 3718 epistolis
2199 3626 2325 3700 suis.
2344 3655 2453 3699 tres
2487 3660 2607 3699 esse
2629 3645 2706 3698 ait
2726 3644 2792 3709 ⁸³,
2816 3645 2909 3715 qui
2936 3647 3307 3701 testimonium
3336 3645 3487 3711 dant,

1920 3741 2204 3811 Spiritum,
2234 3754 2453 3808 aquam,
2489 3749 2543 3790 et
2573 3738 2911 3807 sanguinem,
2943 3739 3223 3794 videturne
3265 3739 3359 3793 tibi
3396 3741 3491 3794 de-

1917 3832 2120 3887 lirare?
2147 3830 2411 3897 Primum,
2443 3832 2566 3899 quia
2622 3845 2707 3883 res
2751 3830 3056 3883 substantia
3088 3830 3331 3885 diversas
3358 3845 3489 3884 cou-

1919 3938 2208 3978 numerare
2266 3938 2432 3977 ausus
2485 3933 2589 3985 est,
2619 3921 2761 3990 quod
2823 3930 2877 3974 tu
2933 3920 3488 3976 consubstantialibus

1920 4023 2131 4070 tantum
2178 4015 2395 4070 tribuis.
2439 4013 2570 4079 Quis
2614 4012 2757 4066 enim
2798 4012 2915 4067 hare
2951 4012 3109 4066 unius
3132 4012 3482 4082 ejusdemque

1919 4107 2235 4163 substantia:
2274 4122 2394 4161 esse
2421 4104 2657 4159 dixerit?
2679 4104 2943 4167 Alterum,
2978 4105 3099 4171 quia
3146 4107 3303 4158 modo
3328 4105 3489 4159 mini-

1917 4217 2006 4256 me
2054 4200 2373 4269 congruenti
2420 4214 2581 4253 voces
2628 4209 2919 4267 sequentes
2963 4197 3341 4266 subjuuxerit;
3395 4200 3489 4253 sed

1922 4309 2045 4348 cum
2094 4304 2206 4348 tres
2260 4291 2558 4346 masculino
2587 4306 2781 4360 genere
2810 4290 3202 4359 proposuisset,
3238 4293 3334 4343 tria
3368 4306 3491 4345 neu-

1924 4394 2008 4440 tro
2041 4396 2238 4453 genere
2288 4383 2586 4452 subjuuxit,
2621 4391 2806 4435 contra
2858 4395 3017 4448 quam
3052 4392 3176 4446 tuae,
3211 4392 3373 4449 atque
3404 4379 3488 4449 ip-

236 4450 454 4557 ρεύειν;
491 4487 628 4557 ὅπερ
676 4450 838 4551 αὐτὸς
867 4450 1271 4552 ’ἁιπάξιοῖςνέπὶ
1312 4450 1812 4554 τῆξθεότητοςίτί

1922 4450 2248 4530 siusvetiam
2303 4450 2666 4541 grammatica:
2706 4473 2852 4542 leges
2892 4472 3091 4525 ferant.
3124 4470 3319 4525 Verum
3360 4472 3490 4541 quid

232 4576 322 4630 δαί
355 4594 438 4629 σοι
469 4578 498 4629 6
531 4578 811 4648 καρκίνος,
856 4579 917 4631 τό
944 4595 1004 4631 τε
1039 4576 1196 4641 ζῶον,
1224 4576 1283 4630 τό
1328 4593 1387 4629 τε
1415 4574 1662 4648 ὀργανον,
1701 4575 1729 4627 ὅ
1755 4590 1814 4627 τε

233 4669 449 4739 ἀστήρ;
477 4668 531 4721 τί
557 4668 645 4721 δαὶ
673 4672 701 4722 6
729 4670 897 4734 κύων,
926 4670 954 4721 6
987 4685 1047 4721 τε
1090 4669 1364 4739 χερσαῖος,
1396 4666 1489 4721 καὶ
1516 4666 1545 4718 6
1573 4664 1811 4737 ἔνυδρος,

233 4760 329 4813 καὶ
358 4760 388 4812 6
420 4760 701 4832 οὐράνιος;
746 4761 807 4814 οὐ
844 4762 994 4831 τρεῖς
1037 4757 1290 4827 λέγεσθαί
1317 4773 1400 4809 σοι
1432 4754 1648 4810 δοκοῦσι
1671 4772 1809 4825 καρ-

232 4853 374 4906 κῖνοι
415 4852 512 4904 καὶ
544 4852 741 4919 κύνες;
778 4854 1003 4915 Πάντως
1037 4868 1122 4920 γε.
1148 4846 1296 4922 Ἀρα
1337 4844 1428 4903 οῦν
1471 4846 1624 4920 παρὰ
1655 4842 1814 4900 τοῦτο

233 4943 328 4996 καὶ
356 4941 666 5013 ὁμοούσιοι;
704 4943 800 5007 Τίς
828 4943 991 5012 φήσει
1019 4941 1127 4994 τῶν
1160 4941 1283 4993 νοῦν
1320 4937 1583 5010 ἐχόντων;
1628 4937 1811 5006 Ὁρᾷς,

1921 4569 2172 4630 interest,
2207 4575 2301 4619 aut
2342 4581 2465 4619 cum
2493 4575 2603 4618 tres
2637 4564 2935 4618 masculino
2958 4577 3155 4633 genere
3184 4579 3489 4633 praeposue-

1920 4659 2016 4722 ris,
2050 4674 2237 4723 unum,
2278 4667 2335 4712 et
2379 4673 2563 4719 unum,
2600 4666 2655 4712 et
2690 4674 2851 4711 unum
2897 4658 3163 4726 subjicere
3195 4668 3327 4710 :aut
3368 4674 3490 4711 cum

1918 4765 2107 4816 unum,
2138 4760 2194 4803 et
2230 4765 2419 4812 unum,
2451 4757 2507 4803 et
2560 4764 2725 4802 unum
2780 4747 3003 4812 dixeris,
3057 4762 3161 4802 non
3220 4759 3351 4813 tres,
3396 4750 3489 4804 sed

1924 4843 2024 4897 tria
2056 4839 2362 4912 appellare?
2390 4839 2443 4893 Id
2470 4839 2617 4908 quod
2648 4848 2700 4892 tu
2736 4839 2787 4892 in
2824 4840 3023 4893 dcitate
3057 4825 3344 4893 admittere
3370 4854 3492 4907 gra-

1921 4935 2086 4988 varis.
2132 4932 2273 4997 Jani,
2300 4931 2430 5001 quid
2481 4931 2575 4984 tibi
2611 4945 2826 4995 cancer,
2849 4930 2941 5000 qui
2974 4942 3029 4983 et
3066 4930 3268 4985 animal
3294 4940 3395 4995 est,
3427 4943 3482 4986 et

307 5081 355 5114 “
377 5081 537 5136 Prov.
566 5096 697 5149 xxx,
730 5079 824 5145 29,
848 5076 938 5133 ‘50.
1013 5076 1057 5108 ³⁷
1082 5074 1253 5130 Exod.
1276 5086 1483 5138 xxxvn,
1518 5071 1549 5124 7
1588 5086 1710 5139 sqq.
1788 5068 1809 5099 ³

1922 5067 2052 5121 attb.
2084 5081 2158 5129 γι,
2189 5067 2281 5121 24.
2358 5064 2403 5097 ⁸⁹
2431 5064 2450 5119 l
2479 5063 2633 5120 Joan.
2665 5079 2717 5128 ι’,
2755 5062 2809 5117 8.

242 5282 256 5295 .
306 5205 506 5295 (6)":[1
548 5204 884 5275 ἀρίθμησις.
937 5200 1100 5257 Coisl.
1149 5200 1205 5264 1,
1251 5197 1374 5252 Par.
1424 5205 1480 5251 et
1515 5194 1728 5259 Comb.,
1780 5195 1814 5264 ἡ

232 5276 630 5399 ἀπαραιμησις.
866 5344 878 5356 ο
1158 5339 1171 5353 ’

306 5348 385 5423 t?)
444 5343 748 5423 Mrem-
785 5341 1034 5423 εειιδιιὲο
1066 5353 1371 5423 “Petra?!-
1408 5406 1420 5423 ,

305 5406 387 5488 (8)
425 5406 788 5485 Δῇμὴᾶοορῶν
827 5414 897 5467 ἐν
929 5406 1122 5466 ἔθνει.⁷
1149 5406 1239 5463 sic
1292 5406 1530 5487 plerique
1582 5406 1737 5459 codd.
1764 5415 1818 5458 et

283 5505 366 5545 as.
394 5485 652 5539 Mendosa
683 5485 735 5537 in
771 5482 894 5536 Par.
920 5484 1035 5545 ed.,
1064 5479 1413 5549 δημιουργων
1440 5473 1603 5529 ἔθνει.

233 5488 366 5545 Bas.
394 5488 652 5539 Mendosa
683 5488 735 5537 in
771 5488 894 5536 Par.
920 5488 1035 5545 ed.,
1064 5488 1372 5549 δημιουργιι

308 5553 748 5630 (ίηλΧιίτρουόἸιιζ
761 5552 892 5622 Reg.
921 5549 1372 5630 lnu,_lspou‘€ieip.

308 5612 422 5698 (ιδ)
467 5612 613 5698 Τρία
639 5612 800 5698 τὶὶδε,
829 5612 938 5698 imi
1200 5612 1570 5698 Sid-quatuor
1613 5612 1803 5698 Ιξθεςσι

231 5684 476 5768 quinque
496 5684 682 5768 :Colbn
705 5684 796 5746 Or.
823 5692 875 5755 l,
908 5691 1199 5768 ρείειυθθει
1222 5688 1319 5767 καί
1347 5686 1472 5738 τάδε
1508 5686 1563 5768 in
1589 5684 1677 5768 ed.

310 5759 842 5836 (11)Ἁντίδοσις.
921 5761 1105 5817 Billius
1178 5759 1228 5813 in
1306 5759 1801 5826 interpretatione:

1925 5209 1943 5243 ι
1974 5190 2232 5251 redditio;
2255 5210 2272 5243 ι
2306 5192 2356 5243 in
2391 5190 2531 5245 notis
2560 5209 2573 5242 :
2607 5207 2626 5239 ι
2650 5187 3020 5256 congruentia.
3048 5206 3066 5235 ι

1990 5261 2101 5331 (12)
2140 5261 2444 5331 Λέγονται.
2484 5261 2595 5314 Duo
2624 5259 2792 5331 Begg.
2823 5269 2870 5309 et
2902 5258 3071 5331 0r._l,
3097 5256 3381 5331 λέγωνται.

1990 5262 2079 5331 (12
2140 5261 2220 5314 Λέ
2259 5277 2444 5314 artat.
2484 5261 2595 5314 Duo
2628 5261 2792 5327 Regg.
2823 5269 2870 5309 et
2902 5261 2992 5310 υτ.
3026 5261 3071 5318 l,
3097 5261 3381 5324 λέγωνται.

1990 5261 2101 5401 (ίὸζ
2141 5279 2561 5398 Ειέικωτέρων.
2618 5330 2752 5397 Reg.
2796 5346 2823 5378 a
2875 5338 2927 5378 ct
2970 5326 3196 5390 Comb.,
3250 5325 3491 5380 ίδικωτέ-
3544 5359 3556 5373 ο

1922 5417 2100 5577 ἰῑῖῒλ)
2146 5469 2217 5577 Τξδ
2264 5468 2415 5577 ξδωιρ
2476 5467 2539 5522 τὸ
2597 5465 2760 5537 αἷμα.
2810 5467 2865 5521 In
2931 5468 3237 5530 nonnullis,
3283 5466 3377 5520 καὶ
3428 5466 3490 5519 τὸ

1919 5539 2095 5618 ὕδωρ,
2114 5540 2218 5618 καὶ
2234 5539 2294 5591 τὸ
2321 5539 2478 5618 αξμα.

1991 5606 2103 5678 (Ιό)
2144 5606 2257 5673 Τῆς
2311 5606 2452 5676 σῆς.
2499 5608 2589 5662 Sic
2640 5607 2805 5662 Coisl.
2854 5610 2901 5660 1.
2947 5627 2966 5660 ι
3008 5610 3204 5662 Contra
3249 5613 3402 5678 tuas,
3435 5613 3491 5656 et

1917 5690 2017 5758 tme
2043 5676 2212 5803 illSit‘lis
2241 5679 2605 5747 grammaticae
2632 5678 2969 5734 deﬁnitiones
2993 5688 3047 5734 et
3076 5679 3239 5747 luges.
3268 5693 3287 5727 ι
3326 5676 3490 5731 Deest

1917 5765 2014 5803 σης
2042 5765 2094 5803 ιιι
2130 5765 2160 5803 e
2201 5784 2217 5802 .

1915 5765 2014 5819 σης
2042 5765 2094 5803 Ill
2130 5765 2217 5805 eu.
