3890 6214
370 287 475 343 ιδδ
1120 288 1125 295 “
1190 290 1198 299 “
1583 281 1641 338 S.
1683 280 1951 340 GREGOE

2064 282 2402 340 I'HEOLOGI
3516 288 3631 342 156

368 411 652 470 organum,
699 404 755 454 et
786 397 976 454 sidus?
1009 396 1148 465 Quid
1189 398 1361 464 canis,
1387 398 1480 469 qui
1533 400 1809 456 terrestris
1836 409 1941 465 est,

2062 402 2191 463 imo;
2236 417 2319 454 σοι
2358 399 2737 453 διαπέπτωκεν
2779 400 2808 453 ὁ
2854 399 2980 470 περὶ
3028 399 3129 470 τῆς
3173 402 3624 474 συναριθμήσεως

368 501 422 544 et
462 490 729 556 marinus,
773 499 829 545 et
870 488 1152 545 caelestis?
1208 488 1398 545 Nonne
1450 496 1561 545 tres
1614 491 1820 557 cancri,
1851 498 1945 544 aut

2062 492 2222 560 λόγος,
2245 492 2516 555 τοσούτοις
2538 491 2920 562 ἐληλεγμένοςς
2949 492 3013 545 Εἰ
3040 493 3146 565 γὰρ
3171 495 3307 564 μήτε
3329 495 3397 548 τὰ
3430 496 3627 565 ὁμοού-

366 596 532 638 Canes
594 581 690 636 tibi
738 580 844 636 dici
898 581 1187 636 videntur?
1236 580 1314 634 Ita
1365 580 1628 650 profecto.
1679 582 1761 637 An
1812 597 1943 653 ergo

2062 600 2142 637 nat
2189 583 2406 646 πάντως
2459 582 2893 655 συναριθμεῖται,
2942 584 3037 637 καὶ
3088 584 3499 655 συναριθμεῖται
3554 587 3625 642 τὰ

372 671 599 742 proinde
626 687 843 742 quoque
877 671 1370 727 consubstantiales
1402 672 1572 727 sunt?
1603 671 1736 740 Quis
1777 689 1942 730 sanus

2062 676 2126 746 μὴ
2158 674 2440 746 ὁμοούσια,
2475 676 2512 746 ἦ
2541 693 2601 728 τε
2630 675 2739 729 τῶν
2779 675 3181 748 όνομάτων(16)
3213 679 3625 749 συνεκφώνησις

371 766 475 821 hoc
515 764 750 819 dixerit?
783 764 1012 818 Videsne
1034 763 1300 833 quomodo
1332 763 1426 817 tibi
1456 765 1557 819 hoc
1578 779 1941 819 connumera-

2062 769 2136 821 ἐπ’
2171 769 2393 839 ἀμφοῖν,
2426 770 2480 822 τί
2522 786 2603 822 σοι
2633 769 2793 823 πλέον
2819 763 2892 822 ὧν
2915 770 3313 840 ἑδογμάτισας;

372 856 534 911 tionis
589 864 987 926 argumentum,
1035 863 1112 909 tot
1156 856 1427 925 tantisque
1469 856 1766 911 rationibus
1817 857 2174 927 confutatutn,
2238 861 2544 915 corruerit?
2595 862 2728 916 Nam
2791 878 2911 916 cum
2980 878 3078 917 nec
3136 865 3620 920 consubstantialia

370 934 587 1021 semper
612 959 1086 1012 connumerentur,
1117 959 1171 1005 et
1201 964 1320 1019 quae
1343 950 1576 1020 disparis
1604 952 1850 1006 essentia:
1879 962 2026 1020 sunt,
2058 956 2325 1010 interdum
2360 964 2906 1023 connumerentur,et
2933 965 3110 1011 tamen
3162 957 3215 1011 in
3266 957 3509 1027 utrisque
3533 973 3626 1014 no-

371 1045 516 1100 ntina
543 1046 701 1101 simul
727 1028 907 1100 inferri
933 1045 1341 1114 perspiciamus,
1374 1061 1440 1101 ex
1477 1047 1583 1102 tuis
1619 1048 1962 1118 dogmatibus
1992 1052 2119 1120 quid
2174 1052 2270 1105 tibi
2320 1053 2586 1106 accessit?

442 1137 562 1193 XX.
604 1139 742 1206 Quin
795 1138 921 1193 illud
955 1140 1117 1193 etiam
1149 1139 1414 1208 expendo,
1448 1154 1548 1195 nec
1581 1140 1813 1197 fortasse
1859 1156 1942 1196 te-

375 1244 523 1285 mere
575 1239 738 1299 atque
771 1230 1023 1284 absurde.
1064 1228 1240 1284 Unum
1275 1238 1331 1283 et
1370 1245 1561 1295 unum,
1595 1246 1773 1285 nonne
1802 1247 1950 1286 com-

372 1317 545 1387 posita
602 1319 707 1372 duo
759 1317 1143 1373 constituunt?
1213 1318 1327 1372 Duo
1379 1333 1587 1380 rursus.
1651 1334 1829 1373 nonne
1893 1320 1946 1374 in

371 1425 538 1464 unum
570 1417 626 1464 et
655 1424 816 1463 unum
844 1407 1230 1463 resolvuntur?
1263 1410 1343 1462 Ita
1381 1424 1533 1465 sane.
1565 1410 1621 1464 Si
1657 1424 1788 1478 ergo
1818 1426 1947 1465 con-

373 1502 750 1557 substantialia
805 1502 1021 1570 quidem
1083 1508 1226 1564 sunt,
1270 1515 1389 1569 quae
1442 1512 1859 1570 componuntur,
1888 1513 1945 1557 ut

372 1595 490 1662 ipse
516 1592 804 1662 argutaris,
831 1592 1059 1647 diversae
1098 1604 1276 1647 autem
1307 1593 1621 1648 substantiae
1648 1604 1793 1659 sunt,
1826 1609 1945 1663 qua:

2120 1145 2202 1198 K'.
2240 1144 2434 1197 Σκοπῶ
2474 1143 2530 1196 δὲ
2582 1144 2821 1206 κάκεῖνο,
2857 1144 2949 1196 καὶ
2994 1144 3122 1206 ἴσως
3154 1144 3254 1197 οὐκ
3289 1142 3393 1211 ἔξω
3423 1142 3584 1212 λόγου
3605 1182 3622 1200 .

2049 1235 2122 1288 Τὸ
2152 1235 2228 1296 ἓν,
2267 1237 2361 1289 καὶ
2392 1236 2453 1289 τὸ
2485 1235 2565 1295 ἒν,
2595 1236 2695 1288 οὐκ
2724 1238 2803 1299 εἰς
2829 1235 2922 1289 δύο
2953 1235 3289 1301 συντίθεται;
3320 1235 3391 1288 τὰ
3418 1235 3511 1288 δύο
3539 1236 3619 1299 δὲ,

2048 1328 2146 1381 οὐκ
2175 1330 2254 1392 εἰς
2286 1328 2363 1390 ἓν,
2395 1329 2486 1381 καὶ
2511 1326 2586 1385 ἓν.
2618 1328 2942 1394 ἀναλύεται;
2973 1327 3141 1397 Δῆλον
3166 1329 3248 1381 ὅτι
3274 1328 3408 1398 (Π).
3440 1329 3505 1380 Εἰ
3527 1323 3623 1380 οὖν

2046 1416 2307 1486 ὁμοούσια
2345 1418 2443 1487 μὲν
2487 1416 2551 1470 τὰ
2588 1417 2950 1489 συντιθέμενα
2983 1420 3121 1471 κατὰ
3169 1419 3259 1473 τὸν
3310 1419 3400 1471 σὸν
3439 1419 3622 1486 λόγον,

2050 1510 2331 1579 ὲτερούσια
2358 1510 2468 1578 (l8)
2500 1510 2557 1563 δὲ
2588 1510 2658 1563 τὰ
2707 1511 3039 1581 τεμνόμενα,
3078 1512 3130 1563 τί
3172 1510 3492 1579 συμϐαίνεις
3540 1511 3626 1563 Τὰ

2050 1600 2189 1653 αὐτὰ
2216 1601 2476 1669 ὁμοούσια
2504 1618 2562 1654 τε
2589 1598 2728 1655 εἶναι
2756 1603 2849 1655 καὶ
2880 1603 3211 1673 ὲτεροούσια.
3236 1602 3384 1654 Γελῶ
3406 1618 3501 1654 σου
3527 1602 3626 1655 καὶ

375 1694 649 1750 secantur,
678 1684 805 1754 quid
857 1699 923 1738 ex
974 1699 1038 1739 eo
1093 1683 1495 1753 consequetur?
1534 1685 1801 1739 Nimirum
1859 1702 1945 1741 res

2062 1692 2147 1755 τὰς
2179 1692 2632 1765 προαριθμήσεις,
2665 1696 2759 1747 καὶ
2785 1694 2883 1759 τὰς
2914 1693 3338 1765 ὐπαριθμήσεις,
3389 1686 3478 1756 αἷς
3508 1691 3624 1759 (19)

371 1775 587 1829 easdem
598 1814 613 1838 ,
628 1785 682 1828 et
697 1773 958 1842 ejusdem,
980 1784 1032 1827 et
1049 1776 1275 1829 diversae
1288 1776 1539 1830 essentia:
1555 1791 1693 1831 esse.
1705 1776 1809 1832 Nec
1823 1793 1950 1832 vero

373 1860 553 1914 facere
579 1875 819 1928 possum,
844 1860 1007 1931 569
1029 1863 1155 1931 quin
1193 1871 1310 1917 tuas
1341 1866 1862 1930 praenumerationes
1891 1882 1953 1921 ac

373 1951 878 2005 subnumerationes
902 1953 1126 2014 rideam,
1147 1953 1342 2021 quibus
1365 1964 1415 2007 tu
1439 1955 1661 2022 perinde
1681 1955 1950 2024 gloriaris,

374 2057 440 2097 ac
463 2043 507 2097 si
540 2058 628 2097 res
657 2044 786 2112 ipsae
813 2042 866 2096 in
898 2044 1283 2098 vocabulorum
1308 2047 1498 2099 ordine
1525 2046 1644 2100 sitae
1665 2047 1794 2103 sint.
1817 2047 1949 2101 Nam

377 2136 422 2190 si
446 2134 518 2187 ita
540 2143 643 2198 est,
667 2134 794 2202 quid
814 2132 1057 2202 impedit,
1077 2136 1363 2203 quominus
1376 2136 1559 2189 eadem
1582 2136 1953 2206 ratione,quo-

378 2228 522 2280 niam
540 2225 748 2283 eadem.
765 2235 983 2295 propter
997 2227 1256 2296 aequalem
1273 2236 1476 2280 naturae
1497 2228 1879 2295 praestantiam,
1896 2229 1949 2282 in

376 2331 534 2370 sacra
590 2314 867 2385 Scriptura
916 2332 1059 2371 nunc
1098 2317 1289 2386 priori,
1331 2332 1473 2371 nunc
1512 2319 1795 2387 posteriori
1834 2321 1951 2374 loco

375 2415 756 2471 numerantur,
786 2407 895 2460 sint
924 2422 1135 2477 quoque
1160 2409 1272 2476 ipsa
1305 2408 1518 2475 seipsis,
1544 2420 1652 2462 t-um
1678 2409 1950 2464 excellen-

376 2498 539 2562 tiora,
592 2507 702 2551 tum
735 2497 1062 2565 abjectiora?
1094 2498 1243 2564 Quod
1285 2499 1426 2554 idem
1459 2499 1743 2555 dicendum
1787 2502 1949 2555 etiam

377 2587 547 2643 habeo
570 2590 634 2644 de
654 2590 736 2644 bis
760 2590 999 2656 vocibus,
1023 2589 1158 2645 Deus
1174 2600 1227 2646 et
1245 2590 1526 2658 Dominus;
1549 2598 1709 2661 atque
1733 2595 1952 2662 insuper

375 2680 442 2732 de
504 2679 589 2733 his
640 2680 1129 2749 praepositionibus,
1190 2697 1255 2735 ex
1297 2698 1421 2752 quo,
1477 2699 1569 2751 per
1607 2699 1781 2753 quem,
1821 2685 1951 2738 etin

376 2769 559 2838 quo”,
625 2772 821 2841 quibus
883 2782 937 2826 tu
987 2773 1228 2827 divinum
1284 2774 1411 2828 illud
1472 2789 1669 2830 nomen
1720 2774 1786 2829 ad
1819 2777 1951 2830 artis

382 2863 757 2932 praescriptum
790 2864 990 2933 exigis,
1019 2865 1249 2934 primam
1297 2865 1500 2921 scilicet
1526 2867 1694 2933 Patri,
1726 2868 1949 2923 alteram

377 2952 536 3018 Filio,
563 2954 779 3007 tertiam
808 2954 1030 3023 Spiritui
1064 2966 1257 3011 sancto
1290 2956 1598 3027 assignans.
1624 2958 1762 3025 Quid
1796 2961 1942 3013 enim

378 3041 623 3107 fecisses,
657 3042 703 3097 si
735 3043 989 3112 quaslibet
1033 3060 1097 3099 ex
1128 3046 1214 3100 his
1233 3047 1703 3115 praepositionibus
1735 3051 1949 3106 unicui-

381 3149 486 3203 que
508 3148 752 3204 personae
798 3146 1114 3191 constanter
1151 3138 1516 3207 tribueretur;
1560 3155 1702 3207 cum,
1735 3144 1945 3199 tametsi

379 3240 568 3280 omnes
619 3241 742 3282 cum
788 3228 1040 3283 omnibus
1090 3230 1400 3298 promiscue
1446 3240 1855 3301 construantur,
1888 3243 1946 3289 ut

379 3317 640 3374 studiosis
680 3328 734 3374 et
783 3321 1054 3376 accuratis
1100 3322 1394 3378 lectoribus
1448 3325 1790 3394 perspicuum
1838 3337 1946 3392 est,

379 3419 584 3466 tantam
617 3412 731 3483 ipse
780 3427 876 3482 per
928 3428 1041 3480 eas,
1074 3421 1130 3468 et
1175 3414 1472 3485 dignitatis,
1506 3426 1554 3470 e'
1614 3428 1820 3473 natura:
1865 3419 1949 3473 di-

377 3503 689 3558 versitatem
718 3503 978 3560 inducas?
1003 3504 1289 3560 Sufﬁciunt
1324 3508 1438 3561 haec
1468 3488 1686 3577 quidem
1717 3510 1951 3564 homini-

377 3595 479 3648 bus
513 3610 619 3649 non
669 3595 834 3653 nimis
898 3598 1097 3666 iniquis
1157 3613 1222 3652 ac
1257 3600 1623 3668 praeposteris.
1682 3599 1787 3655 Sed
1822 3605 1949 3670 quia

2054 1785 2117 1835 σὺ
2144 1784 2285 1855 μέγα
2324 1788 2558 1856 φρονεῖς,
2593 1784 2780 1853 ῶσπερ
2812 1787 2868 1838 ἐν
2892 1789 2958 1856 τῇ
2995 1783 3143 1849 τάξει
3179 1785 3287 1837 τῶν
3319 1784 3623 1853 ὀνομάτων,

2051 1877 2320 1947 κειμένων
2351 1876 2458 1929 τῶν
2502 1880 2857 1948 πραγμάτων.
2896 1879 2959 1930 Εἰ
2987 1878 3097 1947 γὰρ
3127 1876 3307 1939 τοῦτο,
3336 1875 3388 1928 τί
3425 1873 3629 1927 κωλύει

2052 1968 2191 2020 κατὰ
2219 1968 2308 2021 τὸν
2341 1969 2502 2021 αὐτὸν
2543 1970 2720 2038 λόγον,
2769 1970 2957 2040 ἐπειδὴ
2995 1969 3063 2022 τὰ
3104 1969 3239 2022 αὐτὰ
3269 1970 3363 2022 καὶ
3402 1984 3630 2038 προαρι-

2052 2058 2285 2128 θμείται,
2318 2061 2410 2113 καὶ
2441 2060 2829 2131 ὑπαριθμεῖται
2853 2060 3002 2130 παρὰ
3029 2064 3093 2131 τῇ
3119 2060 3239 2130 θείᾳ
3277 2059 3387 2129 (20)
3411 2061 3625 2130 Γραφῇ,

2050 2149 2137 2202 διὰ
2179 2151 2277 2220 τὴν
2312 2151 2583 2222 ἰσοτιμίαν
2617 2152 2718 2221 τῆς
2772 2151 3004 2220 φύσεως.
3051 2150 3191 2205 αὐτὰ
3228 2150 3436 2204 ἑαυτῶν
3485 2144 3626 2203 εἶναι

2049 2237 2350 2309 τιμιώτερὰ
2392 2256 2449 2293 τε
2494 2242 2586 2293 καὶ
2614 2242 2937 2311 ἁτιμότερα;
2979 2242 3038 2294 '0
3081 2241 3138 2293 δὲ
3187 2240 3346 2302 αὐτός
3380 2256 3492 2309 μοι,
3532 2239 3632 2291 καὶ

2051 2333 2180 2402 περὶ
2201 2333 2299 2403 τῆς
2332 2332 2476 2398 Θεὸς
2504 2334 2687 2403 φωνῆς
2721 2335 2813 2387 καὶ
2844 2336 3080 2403 Κύριος,
3108 2332 3262 2403 λόγος
3282 2350 3295 2362 ο
3325 2332 3404 2384 ἔτι
3430 2332 3487 2384 δὲ
3515 2332 3629 2385 τῶν

1970 2482 1971 2487 η
2051 2424 2381 2493 προθέσεων,
2415 2425 2514 2494 τῆς
2540 2426 2608 2490 ἐξ
2637 2422 2730 2491 οὗ,
2764 2428 2857 2481 καὶ
2893 2426 2966 2479 δι’
2992 2422 3086 2490 οὗ,
3120 2425 3215 2479 καὶ
3243 2426 3313 2478 ὲν
3442 2420 3531 2488 αἷς
3562 2425 3629 2478 σὺ

2052 2514 2524 2583 κατατεχνολογεῖς
2568 2517 2698 2585 ἡμῖν
2741 2516 2801 2569 τὸ
2848 2516 3009 2577 θεῖον,
3057 2515 3155 2587 τὴν
3200 2516 3297 2585 μὲν
3336 2513 3414 2585 τῷ
3450 2513 3631 2584 Πατρὶ

2050 2603 2243 2667 διδοὺς,
2275 2606 2373 2676 τὴν
2401 2605 2457 2658 δὲ
2481 2606 2557 2676 τῷ
2593 2605 2723 2676 Υἱῷ.
2760 2607 2858 2676 τὴν
2883 2606 2939 2659 δὲ
2965 2605 3042 2676 τῷ
3065 2606 3203 2676 ἁγίῳ
3228 2604 3525 2675 Πνεύματι.
3562 2602 3629 2655 Τί

2050 2695 2158 2768 γὰρ
2203 2697 2268 2750 ἂν
2319 2699 2601 2769 ἐποίησας,
2652 2697 2861 2767 παγίως
2892 2699 3119 2757 ἑκάστου
3161 2697 3365 2751 τούτων
3414 2696 3633 2764 ἑκάστῳ

2051 2788 2451 2858 νενεμημένου·
2509 2789 2669 2842 ὁπότε
2722 2790 2937 2843 πάντων
2975 2791 3108 2842 πᾶσι
3159 2787 3628 2857 συντεταγμένων,

2050 2878 2125 2943 ὡς
2155 2880 2311 2951 δῆλον
2360 2882 2472 2944 τοῖς
2508 2882 2831 2950 φιλοπόνοις,
2872 2881 3139 2953 τοσαύτην
3191 2882 3254 2935 σὺ
3301 2879 3388 2933 διὰ
3423 2879 3633 2933 τούτων

2053 2971 2290 3039 εἰσάγεις
2320 2972 2415 3025 καὶ
2448 2973 2546 3042 τῆς
2576 2971 2755 3039 ἀξίας,
2784 2972 2879 3026 καὶ
2904 2972 3005 3043 τῆς
3045 2955 3258 3041 φύσεως
3299 2970 3628 3040 ἀνισότητας

1976 3071 2022 3133 c
2064 3063 2302 3134 Ἀπόχρη
2334 3064 2429 3116 καὶ
2454 3063 2626 3116 ταῦτα
2650 3067 2762 3127 τοῖς
2791 3063 2866 3135 μὴ
2891 3063 3010 3116 λίαν
3037 3064 3366 3133 ἀγνώμοσιν.
3410 3061 3630 3132 Ἐπειδὴ

2050 3153 2107 3206 δέ
2138 3154 2248 3223 (9.1)
2289 3171 2347 3206 σε
2376 3154 2482 3208 τῶν
2527 3156 2775 3225 χαλεπῶν
2815 3160 2982 3221 ἐστιν,
3024 3156 3168 3222 ana:
3215 3154 3631 3226 ὲπιπηδήσαντα

2050 3241 2128 3312 τῷ
2154 3243 2449 3313 Πνεύματι,
2478 3248 2575 3315 τῆς
2604 3247 2775 3317 φορᾶς
2809 3247 3081 3317 σχεθῆναι,
3106 3244 3241 3298 ἀλλὰ
3259 3244 3353 3316 μὴ,
3376 3244 3635 3313 καθάπερ

2050 3332 2159 3386 τῶν
2206 3335 2351 3388 συῶν
2391 3337 2520 3400 τοὺς
2552 3337 2944 3410 θρασυτέρους,
2977 3340 3055 3402 εἰς
3084 3337 3239 3400 τέλος
3281 3336 3633 3404 φιλονεικεῖν,

2052 3425 2146 3480 καὶ
2172 3427 2308 3497 πρὸς
2338 3428 2399 3481 τὸ
2427 3428 2577 3497 ξίφος
2604 3430 2919 3495 ὼθίζεσθαι,
2952 3431 3143 3501 μέχρις
3182 3429 3249 3484 ἂν
3280 3431 3459 3485 πᾶσαν
3501 3430 3636 3481 εἴσω

2049 3517 2148 3588 τὴν
2178 3519 2390 3590 πληγὴν
2417 3520 2693 3592 ὑπολάϐῃς
2714 3536 2726 3549 ·
2764 3521 2917 3592 φέρε,
2952 3519 3279 3591 σκεψώμεθα
3323 3519 3406 3584 τὶς
3440 3517 3521 3571 ἔτι
3549 3536 3635 3574 σοι

2052 3605 2297 3661 λείπεται
2323 3608 2500 3677 λόγος.

379 3683 478 3739 tibi
508 3682 719 3739 ditﬁcile
747 3697 850 3753 est,
886 3702 1008 3741 cum
1054 3688 1218 3744 semel
1273 3690 1323 3743 in
1377 3688 1637 3759 Spiritum
1688 3702 1932 3748 sanctum
1972 3695 2251 3766 insilieris,
2279 3701 2535 3772 impetum
2562 3704 2943 3773 comprimere,
2967 3717 3029 3757 ac
3046 3718 3149 3759 non
3178 3704 3377 3771 potius,
3407 3702 3635 3757 ferocio-

379 3794 499 3833 rum
531 3794 784 3850 aprorum
825 3784 1019 3849 instar,
1087 3785 1154 3839 ad
1220 3792 1522 3839 extremum
1575 3801 1747 3855 usque
1806 3790 2158 3858 pertinaciter
2185 3797 2538 3863 contendere,
2571 3808 2732 3867 teque
2797 3798 2849 3851 in
2882 3796 3114 3867 gladium
3154 3799 3328 3868 ipsum
3391 3795 3636 3866 impelle-

380 3884 462 3935 re,
509 3873 684 3942 quoad
736 3884 904 3929 totum
949 3881 1141 3931 vulnus
1176 3889 1396 3946 pectore
1452 3880 1770 3946 exceperis:
1806 3896 1924 3949 age,
1964 3899 2083 3953 qua:
2113 3887 2205 3942 tibi
2243 3892 2380 3942 ratio
2417 3891 2670 3958 supersit,
2698 3892 2994 3944 videamus.

452 3965 596 4022 XXI.
627 3965 919 4022 ldentidem
946 3967 1248 4037 saepiusque
1281 3968 1436 4039 nobis
1480 3969 1744 4039 inculcas,
1784 3971 1951 4041 Spiri-

2131 3980 2261 4032 ΚΝ.
2294 3979 2460 4033 Πάλιν
2485 3981 2579 4034 καὶ
2604 3981 2864 4043 πολλάκις
2890 3980 3218 4043 ἀνακυκλεῖς
3254 3978 3365 4050 (22)
3395 3978 3528 4048 ὴμῖδ
3573 3977 3638 4029 τὸ

383 4067 471 4114 tus
495 4058 667 4114 sancti
698 4057 1034 4140 divinitatem
1080 4059 1225 4113 nullo
1275 4059 1573 4130 Scripturae
1613 4062 1730 4118 loco
1779 4065 1951 4133 prodi-

2063 4068 2329 4140 ἄγραφον.
2374 4070 2497 4122 Ὅτι
2525 4071 2622 4140 μὲν
2649 4066 2742 4123 οὖν
2771 4070 2831 4122 οὑ
2862 4070 3012 4137 ξένον
3044 4069 3225 4133 τοῦτο,
3254 4068 3375 4120 οὐδὲ
3404 4067 3639 4137 παρείσ-

384 4161 493 4205 tam
527 4152 733 4206 haberi.
775 4136 1064 4206 Enimvero
1091 4152 1233 4221 quod
1266 4167 1367 4206 nec
1401 4168 1571 4208 novus
1615 4169 1680 4207 ac
1714 4157 1951 4226 peregri-

2062 4136 2246 4226 azt'rov',
2284 4161 2420 4215 ἀλλὰ
2459 4136 2554 4215 κα).
2597 4163 2710 4226 τοῖς
2766 4162 2934 4216 πάλαι
2968 4160 3062 4213 καὶ
3104 4162 3213 4221 τοῖς
3246 4158 3338 4212 νῦν
3369 4136 3640 4227 γνωριζό-

383 4259 505 4308 nus,
541 4258 641 4299 nec
666 4243 1071 4298 introductitins
1105 4244 1220 4313 ipse
1250 4245 1341 4312 sit,
1370 4260 1559 4298 verum
1599 4257 1654 4299 et
1683 4246 1958 4315 a'priscis,

383 4347 439 4391 et
478 4336 638 4408 hujus
682 4337 857 4392 astatis
892 4335 1200 4392 hominibus
1246 4338 1484 4407 agnitus,
1522 4352 1586 4392 ac
1632 4339 1938 4408 patefactus

385 4523 488 4576 hac
515 4534 576 4576 re
606 4520 1015 4582 disseruerunt,
1053 4528 1215 4588 atque
1268 4519 1320 4574 in
1372 4520 1570 4577 divinis
1620 4519 1957 4591 Scripturis,

388 4630 489 4680 nec
522 4613 715 4684 ignave
752 4626 850 4666 nec
896 4609 1264 4681 perfunctorie
1289 4614 1490 4666 versati
1521 4622 1667 4678 sunt,
1693 4613 1787 4668 sed
1817 4612 1961 4668 litte-

390 4721 505 4775 ram
542 4712 909 4774 penetrantes,
936 4712 1097 4770 atque
1125 4702 1270 4756 intro
1303 4704 1717 4772 prospicientes,
1766 4720 1958 4760 recon-

388 4796 558 4849 ditam
607 4795 1065 4865 pulchritudinem
1128 4794 1311 4848 divino
1364 4793 1625 4848 beneficio
1684 4795 1958 4857 viderunt,

389 4887 735 4956 scientiaeque
767 4886 883 4940 luce
923 4886 1224 4940 collustrati
1268 4896 1395 4940 sunt
1430 4903 1444 4940 :
1485 4895 1663 4941 tamen
1702 4901 1799 4941 nos
1828 4902 1960 4956 quo-

388 4996 496 5051 que
519 4981 743 5046 cursim,
778 4989 1039 5048 quantum
1073 4993 1160 5033 res
1193 4978 1418 5047 patitur,
1453 4980 1834 5045 ostendemus;
1890 4994 1957 5033 ne

463 5073 510 5107 ⁸⁸
538 5073 698 5129 Rom.
731 5089 810 5136 ιι,
838 5072 928 5127 56.

417 5185 419 5187 ‘
465 5169 577 5241 (16)
618 5168 690 5224 Ἥ
726 5166 939 5241 τετῶν
972 5165 1298 5241 ὀνομάτων,
1324 5177 1431 5220 etc.
1469 5184 1488 5216 ι
1516 5164 1583 5219 Et
1624 5164 1677 5218 in
1725 5165 1967 5233 utrisque

396 5237 653 5294 vocabula
691 5238 945 5292 similiter
982 5237 1358 5291 enuntiantnr-.
1382 5254 1400 5286 ι

468 5309 581 5392 (t7)
619 5307 962 5392 dﬁxorhé'u'.
994 5307 1083 5361 Sic
1112 5305 1294 5376 plures
1328 5306 1495 5377 liegg.
1522 5315 1576 5359 et
1605 5304 1756 5359 Colb.
1787 5302 1842 5357 In
1876 5302 1964 5358 ed.

394 5377 744 5449 conjniwtirn,
769 5377 1027 5449 δηλονότι.

416 5495 425 5505 .
469 5446 582 5521 (l8)
631 5446 985 5516 Ἐτερόὐσια.
1039 5448 1169 5518 Reg.
1202 5449 1291 5505 bm
1322 5456 1373 5503 et
1425 5446 1682 5518 llervag.,
1721 5446 1969 5520 ἐτεροού-

396 5539 582 5660 mila)
617 5586 745 5658 Αῖς.
773 5591 985 5657 Comb.,
1013 5592 1071 5642 ὲν
1103 5585 1211 5654 αἷς.

468 5662 581 5729 (‘20)
623 5663 783 5728 Θείᾳ.
825 5662 976 5715 Deest
1008 5665 1057 5713 in
1093 5660 1433 5730 quibusdam.

468 5725 580 5805 (Ἣ)
632 5725 864 5801 Ἐπειδὴ
896 5731 983 5787 δέ.
1010 5725 1319 5805 Du6_chg.
1345 5742 1398 5786 et
1423 5728 1635 5796 Coutb.,
1664 5726 1783 5779 ἐπεὶ
1815 5725 1890 5779 δέ.

386 4381 438 4391 ν-
479 4381 638 4408 ....,...,
682 4381 857 4392 ww-.-
893 4381 1200 4392 ..-........,υ-
1246 4381 1484 4407 ..0....νη
1522 4381 1586 4392 ,ν
1632 4381 1958 4408 νηηηηυ,

386 4445 696 4499 quanquam
731 4444 759 4481 a
790 4428 1157 4498 compluribus
1179 4427 1293 4498 jam
1323 4437 1606 4484 ostensum
1638 4440 1744 4494 est,
1777 4432 1868 4500 qui
1896 4432 1961 4486 de
1992 4389 2036 4442 Β

2068 4268 2227 4321 μενον
2256 4252 2355 4304 καὶ
2382 4250 2929 4323 παραγυμνούμενον,
2968 4249 3237 4302 δέδεικται
3266 4249 3361 4318 μὲν
3381 4246 3478 4317 ἤδη
3509 4246 3653 4299 πολ-Δ

2063 4344 2173 4407 λοῖς
2204 4343 2311 4396 τῶν
2333 4344 2459 4415 περὶ
2475 4343 2664 4396 τούτου
2696 4342 3066 4412 διειληφότων,
3099 4341 3214 4392 ὅσοι
3244 4340 3317 4409 μὴ
3354 4326 3638 4409 ῥαθύμως,

2070 4436 2204 4506 μηδὲ
2232 4435 2521 4507 παρέργως
2542 4437 2660 4497 ταῖς
2685 4434 2854 4497 θείαις
2879 4434 3121 4504 Γραφαῖς
3146 4432 3454 4501 ἐντυχόντες
3500 4430 3640 4501 (εδ).

2066 4526 2201 4580 ἀλλὰ
2228 4527 2537 4598 διασχόντες
2559 4527 2618 4579 τὸ
2645 4526 2900 4597 γράμμα,
2924 4523 3164 4578 καὶεῐσω
3192 4522 3643 4593 παρακύψαντες,

2064 4617 2125 4669 τὸ
2139 4617 2400 4671 ἀπόθετον
2423 4617 2613 4680 κάλλος
2648 4616 2774 4669 ἰδεῖν
2798 4615 3128 4685 ἠξιώθησαν,
3156 4613 3345 4684 καὶτῷ
3374 4613 3647 4684 φωτισμῷ

2064 4706 2166 4775 τῆς
2221 4704 2476 4774 γνώσεως
2514 4705 2994 4775 κατηυγὰσθησαν·
3041 4704 3370 4775 δηλώσωμεν
3428 4703 3544 4773 (24)
3587 4704 3647 4756 δὲ

2066 4797 2159 4850 καὶ
2191 4799 2354 4866 ἡμεῖς
2400 4796 2459 4863 ἐξ
2497 4797 2818 4867 ἐπιδρομῆς,
2853 4797 2974 4849 ὅσον
3004 4796 3298 4866 ἐνδέχεται,
3324 4793 3418 4847 τοῦ
3449 4793 3524 4865 μὴ
3555 4796 3646 4847 δο-

2064 4891 2179 4941 κεῖν
2223 4883 2363 4941 εἶναι
2414 4887 2658 4957 περιττοί
2712 4904 2875 4950 τινες,
2929 4885 3060 4957 μηδὲ
3118 4885 3515 4956 φιλοτιμότεροι
3551 4884 3645 4938 τοῦ

2062 4978 2293 5045 δέοντος,
2345 4977 2826 5048 ἐποικοδομοῦντες
2885 4976 2998 5049 (23)
3044 4976 3136 5030 ἐπὶ
3189 4976 3438 5047 θεμέλιον
3485 4976 3646 5029 ἀλλό-

2145 5164 2256 5233 (22)
2308 5163 2706 5228 Ἀνακυκλεῐς.
2758 5162 2887 5233 Reg.
2930 5160 2995 5224 b,
3047 5158 3369 5220 ἀνακύκλοις
3425 5154 3505 5228 [f.
3552 5172 3649 5225 pro

2076 5233 2451 5304 ἀνακυκλοῖς].

2149 5306 2259 5375 (9.5)
2309 5298 2718 5372 ’Eri'vzo’rtsc.
2760 5301 2907 5357 Colb.
2940 5300 2974 5352 5
3018 5308 3074 5355 et
3124 5298 3652 5368 Comb.,,évruui-

2074 5392 2275 5515 νοῖἐιῗ)
2301 5442 2694 5513 Δηλώσωμεν.
2741 5441 2876 5510 Reg.
2927 5439 2960 5492 h
3011 5449 3067 5494 et
3125 5436 3351 5501 Comb.,
3409 5434 3651 5503 δηλώσο-

2082 5532 2258 5665 PR2:1)..5)
2312 5583 2889 5653 Ἐποικοδομοῦντες.
2939 5578 3068 5651 Reg.
3101 5580 3156 5645 Ι),
3189 5576 3340 5634 Colb.
3367 5574 3423 5643 5,
3455 5573 3649 5629 οἰκοδο-

2077 5672 2320 5730 μουντες.
