3890 6214
195 296 301 352 157
1226 296 1487 356 ORATIO
1523 299 1720 359 XXXI.
1767 334 1800 344 -

1915 303 2312 362 HEOLOGICA
2349 304 2415 362 ν.
3358 308 3463 365 158

193 434 365 489 τριον.
397 418 461 472 El
493 417 551 473 δὲ
569 417 632 472 τὺ
659 417 733 491 μὴ
748 417 870 472 λίαν
905 417 1091 488 σαφῶς
1124 419 1433 492 γεγράφθαι
1469 423 1624 491 Θεὸν,
1653 426 1788 498 μηδὲ

1911 427 2094 499 tlioqui
2135 443 2588 501 supervacaneam
2630 429 2918 500 quamdam
2956 443 3177 499 operam
3225 445 3461 497 sumere,

195 508 462 574 πολλάκις
478 509 763 580 ὀνομαστὶ,
800 509 991 580 ὥσπερ
1021 509 1114 564 τὸν
1131 511 1353 582 Πατέρα
1384 513 1668 587 πρότερον,
1687 516 1783 569 κα)¹

1911 536 1954 577 ιο
1979 521 2099 592 plus
2122 538 2277 593 aequo
2305 522 2589 578 ambitioni
2637 521 2919 593 indulgere
2946 522 3256 589 videamur,
3304 538 3468 592 super

195 599 291 653 τὸν
322 599 453 653 Υίδν
476 599 727 672 ὕστερον,
758 600 928 655 αἴτιόν
951 617 1034 655 σοι
1067 601 1275 669 γίνεται
1304 601 1786 675 βλασφημίας,καὶ

1911 616 2298 670 υιιάειηοηιιιπι
2340 615 2576 670 alienum
2622 614 2972 670 aedificantes.
3019 613 3174 681 Quod
3225 614 3294 680 si,
3340 616 3459 684 quia

196 693 304 762 τῆς
355 693 623 766 περιττῆς
678 693 887 765 ταύτης
943 694 1324 763 γλωσσαλγίας
1365 696 1459 750 καὶ
1506 698 1783 762 ἀσεϐείας

1911 720 1995 761 ton
2055 706 2344 762 admodum
2406 706 2643 763 dilucide
2695 706 2749 760 in
2807 706 3110 775 Scriptura,
3170 719 3272 761 nec
3327 719 3467 772 saepe

199 788 367 857 ἡμεῖς
398 803 482 840 σοι
524 785 761 858 λύσομεν
790 785 998 860 ταύτην
1036 787 1135 860 τὴν
1170 787 1396 859 βλάϐην,
1431 790 1601 862 μικρά
1659 793 1789 865 περὶ

1911 796 2207 867 ιοιηῐηιιιῑηι
2252 797 2395 853 Deus
2436 797 2756 867 appelletur,
2810 797 3268 868 quemadmodum
3303 795 3459 850 Patet

198 877 544 950 πραγμάτων
570 879 667 932 καὶ
681 878 982 949 ὀνομάτων,
1011 880 1106 933 καὶ
1132 879 1369 951 μάλιστα
1408 880 1556 952 παρὰ
1593 885 1658 954 τῇ
1689 883 1790 954 τῆς

1911 887 2073 956 prius,
2105 896 2157 942 et
2184 898 2372 958 postea
2407 888 2596 955 Filius,
2627 887 2994 958 blasphemiae,
3035 904 3098 944 ac
3142 905 3462 960 supervaea.

198 969 432 1042 Γραφῆς
466 970 730 1043 συνηθείᾳ
766 971 1252 1045 φιλοσοφήσαντες.

1892 992 2007 1033 ncze
2038 977 2196 1047 hujus
2229 980 2575 1049 loquacitatis
2609 989 2664 1034 et
2696 981 2989 1049 impietatis
3015 996 3200 1034 ansam
3232 980 3461 1051 praebet-

204 1082 309 1122 nos
345 1066 441 1123 tibi
480 1068 585 1124 hoc
612 1062 1017 1123 incommodum
1053 1069 1406 1138 dcpellemus,
1443 1080 1791 1142 posteaquam
1833 1071 1900 1127 de
1931 1074 2091 1131 rebus
2116 1080 2170 1129 e’t
2192 1075 2519 1143 nominibus,
2551 1091 2611 1131 ac
2639 1076 2981 1146 potissimum
3043 1077 3110 1132 de
3174 1075 3470 1147 Scriptura:

199 1175 361 1215 more
390 1170 556 1231 atque
586 1177 687 1217 usu
719 1163 963 1219 nonnihil
1001 1165 1317 1221 dixerimus.

275 1255 406 1309 KB'.
424 1256 546 1309 Τῶν
579 1257 947 1330 πραγμάτων,
999 1257 1069 1312 τὰ
1105 1258 1205 1330 μὲν
1246 1259 1347 1313 οὐκ
1388 1258 1540 1332 ἔστι,
1564 1260 1786 1328 λέγεται

200 1343 281 1398 δέ’
315 1345 383 1399 τὰ
407 1345 463 1399 δὲ
492 1347 721 1411 ὅντα,ού
738 1347 977 1417 λέγεταν
1009 1348 1078 1402 τὰ
1096 1346 1153 1402 δὲ
1191 1347 1315 1402 οὔτε
1348 1349 1517 1413 ἔστιν,
1541 1349 1668 1403 οὔτε
1700 1350 1790 1402 λέ-

200 1454 384 1507 γεται’
406 1438 479 1492 τὰ
515 1439 573 1494 δὲ
617 1440 804 1510 ἄμφω,
852 1440 947 1505 καί
980 1439 1118 1499 ἐστι.
1156 1440 1250 1493 καὶ
1282 1440 1519 1509 λέγεται.
1573 1441 1792 1495 Τούτων

203 1531 463 1595 ἀπαιτεῖς
508 1548 577 1601 με
641 1530 742 1594 τὰς
791 1531 1131 1597 ἀποδείξειςς
1199 1535 1502 1603 παρασχεῖν
1552 1532 1791 1603 ἕτοιμος.

215 1618 410 1673 ’Υπνοῖ
443 1623 509 1690 τῇ
542 1621 731 1693 Γραφῇ
757 1621 909 1685 Θεὸς,
933 1621 1028 1674 καὶ
1052 1624 1341 1694 γρηγορεῖ,
1373 1622 1465 1675 καὶ
1493 1621 1791 1692 ὀργίζεται,

1967 1260 2130 1330 570
2166 1258 2335 1316 XXII.
2388 1259 2589 1314 Rerum
2652 1275 2779 1331 ergo
2828 1262 2948 1316 alite
2997 1277 3101 1316 non
3159 1271 3319 1330 sunt,
3379 1265 3471 1318 sed

1895 1349 2179 1416 dicuntur;
2242 1350 2359 1405 alia:
2394 1366 2514 1405 cum
2562 1352 2692 1417 sint,
2750 1354 2974 1408 minime
3018 1355 3301 1420 dicuntur;
3357 1355 3474 1408 aliae

1896 1458 2001 1497 nec
2031 1451 2177 1509 sunt,
2212 1458 2314 1497 nec
2343 1443 2634 1510 dicuntur;
2682 1444 2803 1499 aliae
2859 1446 3092 1514 denique
3141 1455 3196 1501 et
3241 1456 3367 1500 sunt
3417 1455 3477 1501 et

1898 1534 2177 1587 dicuntur.
2213 1531 2415 1587 Horum
2446 1534 2795 1603 probationes
2824 1550 2854 1590 a
2884 1550 2969 1591 me
2994 1536 3286 1605 exposcis?
3315 1535 3477 1601 Impi-

1899 1640 1994 1694 ger
2021 1625 2314 1680 exhibebo.
2356 1625 2565 1680 Dormit
2587 1626 2632 1658 δι
2666 1629 2718 1681 in
2752 1628 3032 1695 Scriptura
3065 1629 3225 1692 Deus,
3259 1636 3313 1683 et
3341 1628 3477 1699 vigi«

201 1715 303 1768 καὶ
336 1712 564 1784 βαδίξει,
603 1714 698 1766 καὶ
752 1712 941 1783 θρόνον
975 1711 1088 1782 ἔχει
1141 1712 1212 1765 τὰ
1262 1711 1549 1784 χερουϐίμ·
1595 1713 1791 1773 καίτοι,

1918 1729 1973 1771 at
2016 1717 2083 1784 ",
2131 1725 2187 1771 et
2240 1718 2495 1773 irascitur
2537 1718 2605 1782 ",
2657 1730 2713 1774 et
2750 1721 3113 1790 proﬁciscitur
3150 1720 3216 1789 ’δῇ
3274 1730 3326 1775 et
3377 1737 3477 1792 pro

202 1807 342 1860 πότε
364 1806 588 1876 γέγονεν
613 1805 900 1878 ἐμπαθής;
936 1805 1064 1858 πότε
1088 1804 1145 1858 δὲ
1171 1805 1329 1876 σῶμα
1358 1802 1490 1858 Θεὸν
1512 1805 1790 1875 ἀκήκοας;

203 1898 385 1951 Τοῦτο
406 1898 508 1951 οὐκ
528 1896 588 1950 ὃν
616 1896 949 1968 ἀνεπλάσθη.
996 1897 1373 1968 Ὠνομάσαμεν
1395 1895 1524 1967 γὰρ,
1554 1897 1629 1960 ὼς
1663 1882 1795 1966 ἡμῖν

203 1993 452 2060 ἐφικτὸν,
488 1993 553 2044 ἐκ
586 1991 694 2044 τῶν
724 1989 1010 2063 ἡμετέρων
1032 1989 1102 2043 τά
1125 1988 1222 2043 τοῦ
1252 1988 1408 2042 Θεοῦ.
1436 1988 1510 2043 Τὸ
1548 1989 1646 2056 μὲν
1665 1990 1795 2060 ἠρε-

208 2087 335 2154 μεῖν
368 2084 533 2137 αύτὺν
557 2084 651 2153 ἀφ’
678 2083 856 2155 ἡμῶν,
894 2082 989 2136 καὶ
1021 2077 1132 2136 οἷον
1162 2081 1404 2152 ἀμελεῖν,
1447 2080 1514 2133 δι’
1537 2079 1603 2144 ἃς
1636 2080 1798 2143 αὐτὸς

206 2173 358 2230 οἶδεν
390 2177 591 2242 αἰτίας,
642 2175 865 2231 ὑπνοῦν.
896 2176 970 2229 Τὸ
1015 2175 1125 2247 γὰρ
1149 2174 1417 2247 ἡμέτερον
1451 2172 1561 2243 (26)
1596 2171 1797 2225 ὑπνοῢν

201 2268 473 2334 τοιοῦτον,
489 2268 853 2341 ἀνενέργητόν
876 2285 935 2322 τε
955 2268 1048 2322 καὶ
1070 2268 1370 2338 ἄπρακτον.
1408 2265 1481 2319 Τὸ
1504 2266 1560 2319 δὲ
1586 2265 1799 2337 ἀθρόως

204 2360 271 2419 εὖ
309 2366 484 2418 ποιεῖν
515 2365 580 2417 ὲκ
601 2363 931 2435 μεταϐολῆς,
970 2364 1286 2434 γρηγορεῖν.
1327 2361 1539 2414 ’Υπνου
1569 2360 1678 2432 γὰρ
1707 2360 1800 2412 λύ-

206 2475 322 2522 σις,
361 2458 714 2529 ἐγρήγορσις,
751 2455 939 2527 ῶσπερ
965 2454 1340 2526 ἀποστροφῆς,
1371 2452 1676 2522 ἐπίσκεψις.
1727 2452 1800 2505 Τὸ

201 2546 269 2600 δὲ
294 2544 565 2610 κολάζειν,
605 2544 919 2617 ὀργίζεσθαι
940 2545 1338 2613 πεειτοιήκαμεν⁸
1370 2539 1512 2594 οὕτω
1539 2540 1647 2611 γὰρ
1668 2542 1800 2611 ἡμῖν

203 2637 269 2703 ἐξ
292 2637 466 2708 ὀργῆς
488 2638 522 2708 ἡ
556 2636 797 2701 κόλασις.
835 2635 909 2688 Τὸ
941 2635 997 2687 δὲ
1035 2635 1132 2687 νῦν
1169 2634 1267 2704 μὲν
1290 2630 1403 2702 (2'7)
1442 2632 1588 2704 τῇδε,
1617 2631 1712 2685 νῦν
1743 2631 1801 2683 δὲ

201 2728 340 2800 τῇδε
386 2729 653 2801 ἐνεργεῖν,
679 2727 938 2798 βαδίζειν.
976 2726 1041 2778 Ἢ
1071 2725 1181 2796 γὰρ
1203 2725 1296 2777 ἀπ’
1331 2723 1490 2778 ἄλλου
1518 2722 1652 2796 πρὸς
1674 2721 1801 2776 ἄλλο

206 2820 535 2892 μετάϐασις,
572 2820 853 2893 βαδισμός.
908 2818 982 2872 Τὸ
1019 2818 1076 2872 δὲ
1131 2815 1508 2897 ἀναπαύεσθαι
1541 2814 1651 2885 (28)
1682 2817 1801 2877 ταῖς

201 2912 399 2982 ἁγίαις
431 2912 716 2980 δυνάμεσι,
749 2911 844 2965 καὶ
873 2905 984 2962 οἷον
1029 2907 1449 2981 ἐμφιλοχωρεῖν,
1474 2903 1801 2968 καθέζεσθαι

1899 1810 2093 1865 throno
2142 1811 2473 1866 cherubinos
2518 1810 2563 1842 ⁸⁸
2622 1812 2801 1865 habet.
2849 1811 2988 1878 Quid
3029 1812 3228 1867 audio?
3278 1812 3476 1867 Fuitne

1897 1915 2135 1970 unquam
2171 1901 2261 1955 ille
2288 1901 2662 1958 affectionibus
2690 1903 2990 1958 obnoxius?
3032 1903 3258 1971 Quando
3307 1904 3474 1958 Deum

1896 2006 2020 2048 esse
2042 2009 2242 2065 corpus
2266 1995 2505 2050 audisti?
2534 1995 2816 2064 Ergohoc,
2844 2010 2965 2049 cum
2994 2011 3100 2050 non
3126 1997 3218 2061 sit,
3246 1994 3477 2050 effictam

1898 2092 2000 2140 est.
2043 2085 2123 2139 Ex
2155 2087 2358 2141 nostris
2385 2086 2529 2141 enim
2577 2087 2741 2141 rebus
2789 2101 2876 2151 ea,
2916 2102 3035 2157 quae
3081 2087 3173 2142 Dei
3225 2096 3374 2153 sunt,
3421 2096 3481 2142 ut

1899 2176 2194 2246 potuimus,
2231 2178 2654 2233 nominavinius.
2715 2178 2850 2233 Cum
2904 2179 3132 2235 seorsim
3181 2179 3398 2249 quidem
3448 2192 3480 2232 a

1900 2267 2055 2321 nobis
2086 2268 2339 2335 quiescit,
2366 2284 2432 2323 ac
2464 2270 2611 2324 velut
2636 2272 2804 2327 nostri
2836 2286 3050 2336 curam,
3102 2271 3171 2326 ob
3200 2286 3312 2333 eas,
3345 2285 3483 2341 quas

1901 2360 2017 2427 ipse
2073 2371 2389 2430 perspectas
2446 2362 2631 2426 habet,
2696 2379 2906 2428 causas,
2970 2356 3182 2433 abjitiit,
3241 2362 3483 2416 dormire

1901 2451 2119 2506 dicitur.
2167 2451 2301 2505 Nam
2353 2468 2453 2507 nos
2499 2468 2733 2523 quoque,
2788 2455 2916 2510 dum
2966 2455 3284 2517 dormimus,
3332 2455 3478 2508 omni

1902 2541 2093 2610 agendi
2142 2540 2413 2607 facultate
2472 2557 2744 2599 caremus.
2797 2543 2966 2609 Idem,
3025 2557 3145 2595 cum
3201 2541 3482 2610 repentina

1902 2633 2206 2688 mutatione
2263 2633 2542 2688 beneficiis
2600 2649 2701 2688 nos
2748 2632 2937 2701 allicit,
2986 2633 3210 2701 vigilare
3259 2632 3480 2686 dicitur.

1904 2723 2096 2780 Somni
2150 2725 2294 2780 enim
2337 2726 2581 2794 depulsio
2630 2734 2713 2781 est
2757 2727 2971 2795 vigilia,
3026 2725 3481 2793 quemadmodum

1902 2818 2265 2877 aversationis
2301 2818 2561 2872 visitatio.
2594 2818 2713 2873 Jam
2747 2833 2869 2873 cum
2908 2818 2959 2871 in
2981 2817 3212 2887 aliquem
3245 2816 3485 2870 animad-

1903 2908 2087 2972 vertit,
2134 2908 2298 2963 irasci
2340 2922 2464 2962 eum
2519 2908 2794 2965 finximus.
2843 2905 2935 2961 Sic
2982 2907 3131 2961 enim
3162 2920 3261 2959 nos
3300 2906 3380 2960 ira
3414 2905 3481 2959 ad

203 3006 306 3061 καὶ
338 3003 829 3081 θρονίζεσθαιηκαὶ
858 3001 1017 3056 τοῦτο
1051 3000 1339 3073 ἡμέτερον.
1360 2999 1550 3054 Οὐδενὶ
1577 3000 1687 3072 γὰρ
1710 3000 1800 3053 οὖ-

1911 3000 2233 3071 puniendum
2278 3001 2586 3056 incitamur.
2629 3001 2782 3067 Quod
2813 3009 2994 3055 autem
3023 3013 3166 3053 nunc
3200 2997 3309 3062 hic,
3341 3011 3488 3051 nunc

200 3114 338 3161 τως,
376 3097 453 3159 ὡς
474 3097 586 3163 τοῖς
609 3094 787 3166 ἁγίοις
817 3096 879 3149 τὸ
907 3093 1047 3148 θεῖον
1073 3090 1478 3147 ὲναναπαύεται
1497 3090 1632 3161 (29).
1653 3092 1725 3145 Τὸ
1746 3092 1800 3145 δὲ

1911 3093 2016 3146 illic
2056 3102 2332 3161 operatur,
2378 3093 2633 3148 incedere
2676 3092 2894 3147 dicitur.
2946 3091 3031 3146 Ab
3080 3090 3186 3144 alio
3221 3089 3365 3144 enim
3412 3089 3482 3143 ad

200 3188 553 3260 ὀξυκίνητον,
579 3189 798 3260 πτῆσιν·
821 3187 920 3256 τὴν
948 3186 1004 3238 δὲ
1032 3184 1362 3253 ἐπισκοπὴν,
1396 3183 1707 3254 πρόσωπον⁸
1739 3182 1800 3235 τὸ

1911 3183 2050 3237 aliud
2080 3183 2358 3249 transitus,
2389 3183 2656 3254 profectio
2691 3192 2792 3239 est.
2841 3181 2992 3248 Quod
3028 3195 3156 3235 vero
3196 3179 3250 3233 in
3279 3180 3485 3234 sanctis

200 3277 416 3333 διδόναι
442 3279 499 3332 δὲ
528 3282 623 3333 καὶ
655 3278 975 3351 προσίεσθαι
1032 3275 1167 3345 (50),
1211 3276 1388 3345 χεῖρα·
1418 3275 1511 3327 καὶ
1550 3273 1682 3345 άλλη
1720 3290 1800 3337 τις

1911 3273 2013 3329 illis
2044 3281 2098 3330 et
2127 3274 2441 3331 coelestibus
2473 3277 2748 3330 mentibus
2795 3275 3169 3345 conquiescat,
3222 3287 3288 3327 ac
3337 3271 3484 3324 velut

204 3370 354 3435 ὅλως
386 3368 496 3423 τῶν
524 3369 620 3423 τοῦ
648 3369 784 3423 Θεοῦ
833 3367 1117 3438 δυνάμεων
1172 3365 1205 3437 ἦ
1246 3365 1557 3439 ἐνεργειῶν,
1586 3364 1713 3419 ἄλλο
1750 3382 1800 3417 τι

1911 3368 2140 3425 libenter
2175 3371 2518 3437 immoretur,
2568 3371 2759 3426 sedere
2803 3379 2967 3437 atque
3016 3368 3068 3423 in
3124 3369 3319 3422 throno
3365 3379 3486 3420 esse

203 3461 322 3515 τῶν
344 3460 675 3532 σωματικῶν
700 3462 833 3532 ἡμῖν
861 3458 1343 3530 ἁνεζωγράφησεν.
1588 3484 1593 3491 -

1911 3459 2378 3526 nuncupavimus;
2434 3461 2579 3529 quod
2623 3461 2796 3529 ipsum
2837 3474 3051 3529 quoque
3098 3466 3343 3512 nostrum
3373 3461 3478 3508 est.

206 3556 358 3611 Deus
421 3557 566 3609 enim
618 3554 760 3610 nulla
816 3555 869 3608 in
946 3569 1007 3609 re
1062 3552 1287 3623 perinde
1338 3563 1396 3606 ut
1458 3552 1511 3606 in
1572 3552 1799 3622 sanctis,
1840 3553 2160 3622 acquiescit.
2228 3554 2348 3610 Jam
2394 3555 2670 3611 levitatem
2720 3556 2838 3625 ejus
2886 3565 3170 3623 motusque
3232 3551 3483 3608 celerita-

211 3658 327 3703 tem
359 3688 376 3713 ,
431 3646 675 3701 volatum
727 3644 963 3716 appellat
1005 3643 1324 3714 Scriptura;
1382 3642 1789 3706 visitationem,
1832 3641 2063 3708 vultum,
2095 3643 2437 3715 largitionem
2462 3647 2624 3699 etiam
2656 3654 2711 3699 et
2767 3645 3161 3713 acceptionem,
3221 3639 3484 3695 manum;

208 3752 402 3814 atque,
436 3753 497 3797 ut
567 3743 622 3797 in
690 3756 902 3796 summa
952 3740 1148 3806 dicam,
1201 3738 1303 3793 alia
1353 3739 1597 3809 quadam
1653 3738 1745 3793 Dei
1791 3739 1870 3793 vis
1908 3750 1958 3793 et
2010 3740 2278 3807 facultas,
2340 3741 2484 3796 aliud
2532 3741 2810 3812 quidpiam
2864 3755 3045 3794 rermn
3099 3750 3480 3807 corporearum

208 3838 373 3893 nobis
399 3836 662 3906 depinxit.

285 3929 415 3982 KP.
447 3928 618 3982 Πάλιν
643 3928 708 3981 σὺ
742 3925 906 3980 πόθεν
947 3922 1007 3980 τὺ
1036 3926 1329 3996 ἀγέννητον
1351 3924 1530 3978 λαϐὼν
1554 3924 1717 3996 ἔχεις,
1770 3923 1803 3995 ἢ

209 4017 412 4091 10(31)
441 4017 695 4090 ἄναρχον,
717 4017 817 4082 τὰς
839 4017 937 4081 σὰς
965 4016 1310 4089 ἀκροπόλεις,
1341 4015 1374 4086 ἢ
1413 4016 1509 4069 καὶ
1541 4018 1720 4087 ἡμεῖς,
1748 4014 1809 4067 τὸ

210 4111 520 4177 ἀθάνατον;
584 4111 766 4177 Δεῖξον
811 4110 988 4165 ταῦτα
1033 4109 1314 4179 ὀνομαστὶ,
1359 4108 1392 4179 ἢ
1444 4108 1805 4178 ἀθετήσομεν,

211 4203 407 4274 ἐπειδὴ
421 4203 481 4256 οὐ
512 4203 827 4275 γέγραπται
857 4202 990 4273 (5‘2),
1015 4201 1047 4272 ἢ
1070 4199 1460 4272 διαγράψομεν.
1480 4200 1588 4252 Καὶ
1614 4199 1808 4268 τέθνη-

212 4313 323 4359 κας
341 4298 409 4349 ὲκ
436 4295 543 4348 τῶν
583 4295 690 4349 σῶν
723 4295 1058 4356 ὑποθέσεων,
1090 4291 1527 4363 καθαιρεθέντων
1561 4308 1644 4343 σοι
1697 4290 1806 4343 τῶν

1984 3921 2171 3977 XXIII.
2203 3923 2434 3979 Rursum
2452 3926 2723 3978 undenam
2754 3932 2807 3977 tu
2836 3936 2991 3977 arces
3018 3920 3134 3975 illas
3165 3928 3304 3986 tuas,
3338 3917 3488 3984 inge-

1911 4018 2086 4073 nitum
2136 4028 2231 4072 aut
2283 4021 2583 4073 anarchum
2651 4016 2790 4083 (hoc
2820 4026 2903 4072 est
2930 4013 3179 4085 principii
3226 4012 3485 4080 expers),

1913 4110 2193 4180 accepisti,
2248 4123 2344 4166 aut
2388 4126 2487 4166 nos
2529 4111 2694 4166 etiam
2739 4108 3059 4163 immortalis
3102 4104 3333 4161 vocem?
3364 4102 3489 4157 Haec

1914 4202 2231 4257 nominatim
2261 4214 2315 4257 et
2344 4217 2600 4272 expresse
2625 4202 2872 4262 ostende,
2922 4216 2981 4254 ea
3030 4199 3113 4253 vel
3161 4196 3486 4265 rejiciemus,

1915 4295 2041 4363 quia
2094 4294 2149 4348 in
2199 4294 2479 4365 Scriptura
2513 4310 2621 4350 non
2652 4301 2904 4358 exstant,
2961 4291 3047 4346 vel
3096 4302 3486 4359 expungemus.

211 4387 519 4458 ὀνομάτων,
560 4387 655 4439 καὶ
684 4386 778 4440 τοῦ
800 4386 1013 4456 τείχους
1032 4387 1130 4455 τῆς
1164 4381 1487 4451 καταφυγῆς
1523 4381 1606 4449 ἐφ’
1638 4374 1800 4451 ᾧ(55)

1915 4385 2093 4455 Atque
2125 4387 2199 4442 ita
2241 4389 2461 4443 tuismet
2501 4389 2618 4458 ipse
2646 4387 2925 4457 principiis
2965 4399 3254 4453 Oppressus
3314 4384 3487 4436 inter-

212 4478 550 4543 ἐπεποίθεις.
580 4481 651 4532 Ἢ
678 4479 856 4550 δῆλον,
875 4480 957 4532 ὅτι
983 4479 1048 4531 ὲκ
1081 4475 1189 4530 τῶν
1222 4474 1393 4529 ταῦτα
1438 4474 1800 4542 συναγόντων,

1915 4476 2041 4545 ibis,
2064 4479 2269 4535 eversis
2289 4481 2543 4534 nimirum
2569 4479 2665 4534 tibi
2694 4477 2973 4534 vocabulis
2998 4476 3124 4543 illis,
3148 4473 3490 4551 perfugiique

288 4600 333 4631 ’ί
365 4598 509 4655 Psal.
545 4615 752 4667 Lxxvu,
785 4598 876 4654 65.
952 4598 998 4630 "
1055 4599 1189 4653 Dan.
1241 4612 1315 4664 Ix,
1358 4594 1442 4649 M.
1523 4593 1567 4625 ’⁵³
1605 4590 1710 4648 Isa.
1742 4608 1798 4647 v.

1911 4634 1921 4650 .
1996 4596 2043 4630 “
2074 4597 2210 4654 Gen.
2244 4614 2323 4664 ιι,
2357 4598 2410 4653 5.
2486 4597 2532 4629 ⁸³
2574 4597 2679 4653 lsa.
2724 4612 2932 4665 xxxvii,
2970 4594 3056 4650 l6.

1908 4804 1959 4857 ,η
1986 4734 2097 4860 (5d!)
2143 4735 2219 4789 Ἢ
2248 4736 2334 4789 τό.
2373 4734 2465 4790 Sic
2496 4734 2739 4804 plerique
2788 4732 2941 4788 codd.
2987 4741 3040 4787 et
3091 4730 3218 4785 Bas.
3254 4728 3411 4785 Deest
3450 4730 3485 4801 ἡ

1908 4820 1920 4857 l
1994 4822 2023 4859 e
2066 4844 2081 4858 .

1905 4820 1959 4857 1η
1994 4820 2081 4859 ea.

1982 4896 2094 4970 (52)
2114 4898 2218 4970 _"H
2246 4894 2640 4970 ἀθετήσομεν,
2686 4894 2892 4970 ἐπειδὴ
2924 4897 2995 4949 οὐ
3026 4896 3376 4970 renouarat.
3390 4894 3489 4970 Sic

1913 4968 1966 5021 in
1991 4965 2084 5021 ed.
2111 4967 2235 5024 Par.
2266 4969 2426 5034 1609,
2468 4965 2525 5022 ei
2574 4969 2656 5024 sic
2706 4968 2984 5035 legendum:
3037 4978 3307 5034 putamus,
3365 4965 3490 5018 licet

1910 5037 2092 5108 plures
2120 5038 2273 5099 editi,
2302 5056 2426 5092 cum
2471 5038 2607 5101 Elia,
2641 5038 2820 5092 verbis
2858 5037 2960 5090 illis
3004 5044 3319 5108 praeportant
3360 5049 3485 5108 par-

1916 5104 2131 5160 iiculam
2183 5109 2295 5163 καί.
2332 5110 2524 5163 Totum
2567 5111 2667 5162 hoc
2711 5111 3012 5161 membrum
3055 5121 3120 5160 ex
3174 5106 3287 5158 Elia
3324 5104 3491 5158 refert

290 4734 406 4805 (26)
452 4735 522 4790 Τὸ
576 4734 687 4804 γὰρ
749 4731 1058 4802 ἡμέτερον,
1106 4740 1211 4805 etc.
1260 4746 1288 4805 _r
1318 4728 1467 4782 Talis
1521 4736 1605 4781 est
1656 4726 1798 4781 enim

215 4800 448 4866 somnus
481 4800 685 4868 noster,
715 4800 858 4858 iners
884 4819 946 4856 ac
977 4800 1304 4869 operationis
1336 4812 1550 4866 expers.
1575 4815 1593 4848 ι

290 4876 410 4947 (27)
454 4876 523 4929 Τὸ
566 4874 650 4947 δὲ,
682 4873 801 4929 νῦν
846 4873 985 4944 μέν,
1024 4884 1131 4926 etc.
1185 4888 1203 4920 ι
1234 4869 1386 4947 Quod
1412 4877 1808 4947 antemununc

216 4935 335 5011 hic,
384 4935 529 5001 nunc
576 4945 689 4999 illic
732 4935 1053 5013 operatur,»
1089 4953 1204 5013 etc.
1249 4938 1546 5013 Non_hene
1596 4935 1806 5013 Billius,

221 5040 240 5069 ιι
275 5007 422 5071 nunc
456 5017 560 5070 hoc
593 5007 782 5077 modo,
802 5028 945 5067 nunc
974 5013 1135 5066 alio.»
1166 5010 1273 5064 Nec
1301 5010 1444 5063 enim
1472 5009 1537 5060 de
1568 5025 1587 5057 ι
1613 5007 1801 5061 modo:

217 5088 437 5159 agitur;
489 5085 698 5159 sed__de
733 5103 750 5135 ι
775 5084 1011 5159 incessu.
1046 5101 1063 5134 ο
1115 5099 1135 5132 ι
1163 5080 1449 5135 ιιιοοεειιει
1499 5092 1628 5132 vero
1676 5095 1694 5127 ι
1725 5089 1809 5131 est

216 5155 290 5213 ab
316 5172 428 5211 uno
456 5158 521 5210 ad
555 5155 700 5209 aliud
738 5155 1019 5207 transitus.
1047 5172 1065 5204 ι

312 5226 409 5290 28)
459 5224 910 5281 Ἀναπαύεσθαι.
926 5221 1059 5290 Reg.
1085 5222 1171 5274 hm
1194 5230 1247 5274 et
1267 5216 1805 5290 Ον.ν1,ἀναπαύεται.

312 5228 387 5282 28
459 5228 910 5281 Ἀναπαύεσθαι.
930 5228 1059 5290 Ιιριζ.
1086 5228 1171 5274 hm
1194 5230 1247 5274 et
1267 5228 1523 5280 υν.1,αν‹

290 5228 410 5368 (29)
462 5297 867 5352 Ἀναπαύεται.
901 5296 996 5368 ρι’.
1017 5295 1067 5368 1,
1094 5289 1523 5368 ὲπανατταύεται.

291 5357 868 5439 (Ξ’›0)11ροσ’ἰεο’οαι.⁵
901 5364 1088 5439 Comi).
1148 5374 1202 5416 et
1269 5367 1428 5439 Sav.,
1482 5357 1804 5439 προίεσθαι,

226 5457 250 5491 r
272 5430 523 5507 e'rog'are',
555 5439 818 5499 tribuere,
854 5433 1059 5507 largiri,
1085 5452 1103 5484 ι
1135 5442 1189 5486 et
1218 5431 1377 5507 quasi
1417 5448 1436 5481 ι
1464 5430 1758 5507 projicere;
1782 5446 1800 5479 ι

219 5523 328 5563 vox
362 5501 467 5563 rite
494 5507 748 5577 adjuncta
779 5506 899 5577 voci
933 5503 1151 5567 διδόναι,
1181 5501 1407 5577 ejusque
1438 5502 1545 5553 vim
1579 5514 1804 5577 augens,

219 5579 368 5649 quod
400 5569 669 5649 Gregorio
690 5576 986 5649 familiare
1018 5583 1146 5649 est.
1177 5572 1268 5627 Sic
1328 5591 1347 5620 ι
1377 5584 1607 5624 manus:
1675 5569 1802 5635 Dei,

222 5644 276 5703 id
320 5658 440 5714 est,
477 5644 929 5712 (munificentia,
975 5644 1353 5714 largitionem:
1408 5650 1551 5696 recte
1604 5651 1804 5708 reprae~

222 5728 425 5776 scatat.

1914 5177 2127 5245 Billius,
2154 5186 2209 5232 et
2242 5180 2431 5233 addit:
2474 5198 2493 5231 ι
2521 5178 2652 5244 Quae
2678 5178 2839 5231 lectio
2871 5177 2999 5229 mihi
3047 5190 3152 5229 non
3184 5170 3486 5245 admodum

1921 5248 2201 5316 probatur.
2251 5248 2460 5301 Etenim
2508 5248 2654 5301 nullo
2684 5250 2842 5300 modo
2888 5247 3118 5315 quadrat
3149 5244 3490 5316 copulativa,

1919 5314 2045 5381 καί,
2097 5333 2220 5371 cum
2275 5319 2358 5371 his
2419 5332 2539 5388 qua:
2593 5314 2930 5388 prmcedunt,
2975 5326 3031 5369 et
3081 5314 3491 5388 περιττολογίαν

1918 5388 2203 5456 quamdam
2249 5385 2486 5441 redolent
2515 5385 2736 5441 hw'duae
2768 5385 3156 5454 disiunctivam
3195 5385 3330 5438 Billii
3365 5402 3490 5438 cou-

1912 5458 2181 5526 junctnrae
2218 5458 2360 5510 favet
2400 5456 2530 5525 Ileg.
2570 5457 2656 5526 bm
2703 5457 2921 5526 optima:
2966 5456 3351 5526 notte,-in_quo
3391 5456 3488 5526 de-

1916 5521 2045 5581 sunt
2075 5528 2190 5580 ham
2222 5529 2381 5581 verba
2411 5545 2425 5580 :
2461 5521 2570 5579 Kal.
2601 5525 2633 5596 ἢ
2677 5521 3032 5596 ἀθίετήσομεν,
3079 5521 3274 5598 ἐπειδὴ-
3294 5524 3357 5578 οὐ
3389 5521 3488 5593 γέ·

1916 5614 2178 5669 γραπται.

1987 5703 2098 5775 (55)
2151 5702 2267 5771 Ἐφ’
2303 5716 2367 5769 ῳ.
2408 5701 2538 5773 Reg.
2568 5716 2679 5773 orn,
2710 5700 2796 5769 ἐφ’
2823 5699 2870 5753 ὅ.
