  <div class='ocr_page' id='page_1' title='image "/cluster/home/n/w/nwhite01/storage/ocr_20150623/36/nnc1.0022377409/101.png"; bbox 0 0 3890 6214; ppageno 0'>
   <div class='ocr_carea' id='block_1_1' title="bbox 419 292 522 350">
    <p class='ocr_par' dir='ltr' id='par_1_1' title="bbox 419 292 522 350">
     <span class='ocr_line' id='line_1_1' title="bbox 419 292 522 350; baseline 0.019 -2"><span class='ocrx_word' id='word_1_1' title='bbox 419 292 522 350; x_wconf 68' lang='grc'><strong>139</strong></span> 
     </span>
    </p>
   </div>
   <div class='ocr_carea' id='block_1_2' title="bbox 1658 297 2475 356">
    <p class='ocr_par' dir='ltr' id='par_1_2' title="bbox 1658 297 2475 356">
     <span class='ocr_line' id='line_1_2' title="bbox 1658 297 2475 356; baseline 0.002 -4"><span class='ocrx_word' id='word_1_2' title='bbox 1658 297 1716 353; x_wconf 84' lang='grc'>8.</span> <span class='ocrx_word' id='word_1_3' title='bbox 1761 298 2091 355; x_wconf 74' lang='lat' dir='ltr'><strong>GBEGOllll</strong></span> <span class='ocrx_word' id='word_1_4' title='bbox 2129 298 2475 356; x_wconf 78' lang='lat' dir='ltr'><strong>THEOLOGI</strong></span> 
     </span>
    </p>
   </div>
   <div class='ocr_carea' id='block_1_3' title="bbox 3579 305 3680 358">
    <p class='ocr_par' dir='ltr' id='par_1_3' title="bbox 3579 305 3680 358">
     <span class='ocr_line' id='line_1_3' title="bbox 3579 305 3680 358; baseline 0.01 -1"><span class='ocrx_word' id='word_1_5' title='bbox 3579 305 3680 358; x_wconf 69' lang='lat'><strong>160</strong></span> 
     </span>
    </p>
   </div>
   <div class='ocr_carea' id='block_1_4' title="bbox 419 411 1995 491">
    <p class='ocr_par' dir='ltr' id='par_1_4' title="bbox 419 411 1993 487">
     <span class='ocr_line' id='line_1_4' title="bbox 419 411 1993 487; baseline 0.004 -21"><span class='ocrx_word' id='word_1_6' title='bbox 419 411 709 478; x_wconf 59' lang='lat' dir='ltr'><strong>manibus,</strong></span> <span class='ocrx_word' id='word_1_7' title='bbox 748 412 1021 482; x_wconf 91' lang='lat' dir='ltr'><strong>inquibus</strong></span> <span class='ocrx_word' id='word_1_8' title='bbox 1056 414 1386 473; x_wconf 90' lang='lat' dir='ltr'><strong>conﬁdebas.</strong></span> <span class='ocrx_word' id='word_1_9' title='bbox 1420 416 1607 471; x_wconf 85' lang='lat' dir='ltr'><strong>Nonne</strong></span> <span class='ocrx_word' id='word_1_10' title='bbox 1649 418 1993 487; x_wconf 83' lang='lat' dir='ltr'><strong>perspicuum</strong></span> 
     </span>
    </p>
   </div>
   <div class='ocr_carea' id='block_1_5' title="bbox 2104 411 3677 491">
    <p class='ocr_par' dir='ltr' id='par_1_5' title="bbox 2104 418 3677 491">
     <span class='ocr_line' id='line_1_5' title="bbox 2104 418 3677 491; baseline 0.001 -18"><span class='ocrx_word' id='word_1_11' title='bbox 2104 418 2202 473; x_wconf 83' lang='grc' dir='ltr'><strong>κᾶν</strong></span> <span class='ocrx_word' id='word_1_12' title='bbox 2232 419 2309 490; x_wconf 84' lang='grc' dir='ltr'>μὴ</span> <span class='ocrx_word' id='word_1_13' title='bbox 2355 419 2528 472; x_wconf 81' lang='grc' dir='ltr'>ταῦτα</span> <span class='ocrx_word' id='word_1_14' title='bbox 2570 418 2827 490; x_wconf 78' lang='grc' dir='ltr'>λέγηται;</span> <span class='ocrx_word' id='word_1_15' title='bbox 2869 419 3042 473; x_wconf 86' lang='grc' dir='ltr'>Τίνων</span> <span class='ocrx_word' id='word_1_16' title='bbox 3095 419 3332 485; x_wconf 86' lang='grc' dir='ltr'>τούτων;</span> <span class='ocrx_word' id='word_1_17' title='bbox 3385 418 3526 490; x_wconf 75' lang='grc' dir='ltr'>Ἐγώ</span> <span class='ocrx_word' id='word_1_18' title='bbox 3557 425 3677 491; x_wconf 80' lang='grc' dir='ltr'>ειμι</span> 
     </span>
    </p>
   </div>
   <div class='ocr_carea' id='block_1_6' title="bbox 419 503 1993 578">
    <p class='ocr_par' dir='ltr' id='par_1_6' title="bbox 419 503 1993 578">
     <span class='ocr_line' id='line_1_6' title="bbox 419 503 1993 578; baseline 0.004 -22"><span class='ocrx_word' id='word_1_19' title='bbox 419 513 527 567; x_wconf 83' lang='lat' dir='ltr'><strong>est,</strong></span> <span class='ocrx_word' id='word_1_20' title='bbox 559 503 673 558; x_wconf 72' lang='lat' dir='ltr'><strong>hzec</strong></span> <span class='ocrx_word' id='word_1_21' title='bbox 703 504 769 559; x_wconf 87' lang='lat' dir='ltr'><strong>de</strong></span> <span class='ocrx_word' id='word_1_22' title='bbox 797 505 863 559; x_wconf 90' lang='lat' dir='ltr'><strong>iis</strong></span> <span class='ocrx_word' id='word_1_23' title='bbox 893 514 1107 576; x_wconf 88' lang='lat' dir='ltr'><strong>sumpta</strong></span> <span class='ocrx_word' id='word_1_24' title='bbox 1138 519 1259 560; x_wconf 89' lang='lat' dir='ltr'><strong>esse</strong></span> <span class='ocrx_word' id='word_1_25' title='bbox 1280 548 1294 572; x_wconf 92' lang='lat'><strong>,</strong></span> <span class='ocrx_word' id='word_1_26' title='bbox 1334 522 1399 561; x_wconf 83' lang='lat' dir='ltr'><strong>ex</strong></span> <span class='ocrx_word' id='word_1_27' title='bbox 1430 508 1624 576; x_wconf 89' lang='lat' dir='ltr'><strong>quibus</strong></span> <span class='ocrx_word' id='word_1_28' title='bbox 1652 508 1993 578; x_wconf 86' lang='lat' dir='ltr'><strong>colliguntur,</strong></span> 
     </span>
    </p>
   </div>
   <div class='ocr_carea' id='block_1_7' title="bbox 424 596 1996 666">
    <p class='ocr_par' dir='ltr' id='par_1_7' title="bbox 424 596 1996 666">
     <span class='ocr_line' id='line_1_7' title="bbox 424 596 1996 666; baseline 0.004 -20"><span class='ocrx_word' id='word_1_29' title='bbox 424 596 637 649; x_wconf 85' lang='lat' dir='ltr'><strong>tametsi</strong></span> <span class='ocrx_word' id='word_1_30' title='bbox 671 596 894 651; x_wconf 91' lang='lat' dir='ltr'><strong>minime</strong></span> <span class='ocrx_word' id='word_1_31' title='bbox 920 597 1213 651; x_wconf 77' lang='lat' dir='ltr'><strong>dicantur?</strong></span> <span class='ocrx_word' id='word_1_32' title='bbox 1239 597 1442 663; x_wconf 81' lang='lat' dir='ltr'><strong>Quibus</strong></span> <span class='ocrx_word' id='word_1_33' title='bbox 1467 597 1723 653; x_wconf 85' lang='lat' dir='ltr'><strong>tandem?</strong></span> <span class='ocrx_word' id='word_1_34' title='bbox 1750 598 1858 666; x_wconf 86' lang='lat' dir='ltr'><strong>Ego</strong></span> <span class='ocrx_word' id='word_1_35' title='bbox 1879 615 1996 653; x_wconf 81' lang='lat' dir='ltr'><strong>sum</strong></span> 
     </span>
    </p>
   </div>
   <div class='ocr_carea' id='block_1_8' title="bbox 420 685 1997 758">
    <p class='ocr_par' dir='ltr' id='par_1_8' title="bbox 420 685 1997 758">
     <span class='ocr_line' id='line_1_8' title="bbox 420 685 1997 758; baseline 0.003 -19"><span class='ocrx_word' id='word_1_36' title='bbox 420 685 648 757; x_wconf 67' lang='lat' dir='ltr'><strong>primus,</strong></span> <span class='ocrx_word' id='word_1_37' title='bbox 699 697 748 742; x_wconf 86' lang='lat' dir='ltr'><strong>et</strong></span> <span class='ocrx_word' id='word_1_38' title='bbox 798 704 891 758; x_wconf 80' lang='lat' dir='ltr'><strong>ego</strong></span> <span class='ocrx_word' id='word_1_39' title='bbox 925 697 1043 757; x_wconf 71' lang='lat' dir='ltr'><strong>post</strong></span> <span class='ocrx_word' id='word_1_40' title='bbox 1090 690 1201 743; x_wconf 78' lang='lat' dir='ltr'><strong>lure</strong></span> <span class='ocrx_word' id='word_1_41' title='bbox 1242 689 1309 743; x_wconf 76' lang='grc'><strong>⁸⁸.</strong></span> <span class='ocrx_word' id='word_1_42' title='bbox 1366 689 1448 753; x_wconf 83' lang='lat' dir='ltr'><strong>Et,</strong></span> <span class='ocrx_word' id='word_1_43' title='bbox 1500 689 1633 743; x_wconf 77' lang='lat' dir='ltr'><strong>Ante</strong></span> <span class='ocrx_word' id='word_1_44' title='bbox 1670 706 1748 743; x_wconf 86' lang='lat' dir='ltr'><strong>me</strong></span> <span class='ocrx_word' id='word_1_45' title='bbox 1784 707 1886 744; x_wconf 85' lang='lat' dir='ltr'><strong>non</strong></span> <span class='ocrx_word' id='word_1_46' title='bbox 1919 700 1997 744; x_wconf 74' lang='lat' dir='ltr'><strong>est</strong></span> 
     </span>
    </p>
   </div>
   <div class='ocr_carea' id='block_1_9' title="bbox 421 778 2029 843">
    <p class='ocr_par' dir='ltr' id='par_1_9' title="bbox 421 778 2029 843">
     <span class='ocr_line' id='line_1_9' title="bbox 421 778 2029 843; baseline -0.001 -9"><span class='ocrx_word' id='word_1_47' title='bbox 421 781 561 834; x_wconf 75' lang='lat' dir='ltr'><strong>alius</strong></span> <span class='ocrx_word' id='word_1_48' title='bbox 598 778 757 843; x_wconf 75' lang='lat' dir='ltr'><strong>Deus,</strong></span> <span class='ocrx_word' id='word_1_49' title='bbox 785 790 833 831; x_wconf 79' lang='lat' dir='ltr'><strong>et</strong></span> <span class='ocrx_word' id='word_1_50' title='bbox 861 787 977 843; x_wconf 74' lang='lat' dir='ltr'><strong>post</strong></span> <span class='ocrx_word' id='word_1_51' title='bbox 1005 794 1207 832; x_wconf 86' lang='lat' dir='ltr'><strong>menon</strong></span> <span class='ocrx_word' id='word_1_52' title='bbox 1233 782 1328 832; x_wconf 76' lang='lat' dir='ltr'><strong>erit</strong></span> <span class='ocrx_word' id='word_1_53' title='bbox 1365 778 1430 832; x_wconf 71' lang='grc'><strong>⁸⁷.</strong></span> <span class='ocrx_word' id='word_1_54' title='bbox 1464 779 1657 832; x_wconf 82' lang='grc' dir='ltr'>Τοιιιιη</span> <span class='ocrx_word' id='word_1_55' title='bbox 1690 780 1832 833; x_wconf 90' lang='lat' dir='ltr'><strong>enim</strong></span> <span class='ocrx_word' id='word_1_56' title='bbox 1867 778 2029 832; x_wconf 75' lang='lat' dir='ltr'><strong>illnd&#39;</strong></span> 
     </span>
    </p>
   </div>
   <div class='ocr_carea' id='block_1_10' title="bbox 423 870 1993 940">
    <p class='ocr_par' dir='ltr' id='par_1_10' title="bbox 423 870 1993 940">
     <span class='ocr_line' id='line_1_10' title="bbox 423 870 1993 940; baseline 0 -16"><span class='ocrx_word' id='word_1_57' title='bbox 423 882 523 938; x_wconf 75' lang='lat' dir='ltr'><strong>est,</strong></span> <span class='ocrx_word' id='word_1_58' title='bbox 556 886 734 924; x_wconf 89' lang='lat' dir='ltr'><strong>meum</strong></span> <span class='ocrx_word' id='word_1_59' title='bbox 761 880 880 935; x_wconf 83' lang='lat' dir='ltr'><strong>est;</strong></span> <span class='ocrx_word' id='word_1_60' title='bbox 917 884 1013 923; x_wconf 89' lang='lat' dir='ltr'><strong>nec</strong></span> <span class='ocrx_word' id='word_1_61' title='bbox 1063 870 1386 939; x_wconf 87' lang='lat' dir='ltr'><strong>principium</strong></span> <span class='ocrx_word' id='word_1_62' title='bbox 1431 870 1653 935; x_wconf 83' lang='lat' dir='ltr'><strong>habens,</strong></span> <span class='ocrx_word' id='word_1_63' title='bbox 1693 885 1792 924; x_wconf 91' lang='lat' dir='ltr'><strong>nec</strong></span> <span class='ocrx_word' id='word_1_64' title='bbox 1836 870 1993 940; x_wconf 74' lang='lat'><strong>571</strong></span> 
     </span>
    </p>
   </div>
   <div class='ocr_carea' id='block_1_11' title="bbox 426 959 1997 1029">
    <p class='ocr_par' dir='ltr' id='par_1_11' title="bbox 426 959 1997 1029">
     <span class='ocr_line' id='line_1_11' title="bbox 426 959 1997 1029; baseline -0.001 -14"><span class='ocrx_word' id='word_1_65' title='bbox 426 962 588 1016; x_wconf 88' lang='lat' dir='ltr'><strong>ﬁnem</strong></span> <span class='ocrx_word' id='word_1_66' title='bbox 639 961 968 1015; x_wconf 87' lang='lat' dir='ltr'><strong>habiturum.</strong></span> <span class='ocrx_word' id='word_1_67' title='bbox 1021 960 1114 1015; x_wconf 90' lang='lat' dir='ltr'><strong>llis</strong></span> <span class='ocrx_word' id='word_1_68' title='bbox 1145 975 1173 1013; x_wconf 92' lang='lat' dir='ltr'><strong>a</strong></span> <span class='ocrx_word' id='word_1_69' title='bbox 1210 959 1488 1028; x_wconf 75' lang='lat' dir='ltr'><strong>Scriptura</strong></span> <span class='ocrx_word' id='word_1_70' title='bbox 1538 962 1814 1029; x_wconf 90' lang='lat' dir='ltr'><strong>acceptis,</strong></span> <span class='ocrx_word' id='word_1_71' title='bbox 1867 961 1997 1014; x_wconf 84' lang='lat' dir='ltr'><strong>illud</strong></span> 
     </span>
    </p>
   </div>
   <div class='ocr_carea' id='block_1_12' title="bbox 424 1052 1995 1123">
    <p class='ocr_par' dir='ltr' id='par_1_12' title="bbox 424 1052 1995 1123">
     <span class='ocr_line' id='line_1_12' title="bbox 424 1052 1995 1123; baseline 0 -18"><span class='ocrx_word' id='word_1_72' title='bbox 424 1054 663 1123; x_wconf 85' lang='lat' dir='ltr'><strong>quidem,</strong></span> <span class='ocrx_word' id='word_1_73' title='bbox 709 1053 851 1122; x_wconf 89' lang='lat' dir='ltr'><strong>quod</strong></span> <span class='ocrx_word' id='word_1_74' title='bbox 894 1063 1020 1107; x_wconf 91' lang='lat' dir='ltr'><strong>ante</strong></span> <span class='ocrx_word' id='word_1_75' title='bbox 1053 1067 1175 1106; x_wconf 88' lang='lat' dir='ltr'><strong>eum</strong></span> <span class='ocrx_word' id='word_1_76' title='bbox 1205 1053 1339 1106; x_wconf 81' lang='lat' dir='ltr'><strong>nihil</strong></span> <span class='ocrx_word' id='word_1_77' title='bbox 1369 1062 1462 1117; x_wconf 71' lang='lat' dir='ltr'><strong>sul,</strong></span> <span class='ocrx_word' id='word_1_78' title='bbox 1496 1069 1596 1107; x_wconf 90' lang='lat' dir='ltr'><strong>nec</strong></span> <span class='ocrx_word' id='word_1_79' title='bbox 1637 1052 1995 1119; x_wconf 77' lang='lat' dir='ltr'><strong>antiquiorem</strong></span> 
     </span>
    </p>
   </div>
   <div class='ocr_carea' id='block_1_13' title="bbox 423 1144 1995 1214">
    <p class='ocr_par' dir='ltr' id='par_1_13' title="bbox 423 1144 1995 1214">
     <span class='ocr_line' id='line_1_13' title="bbox 423 1144 1995 1214; baseline -0.003 -16"><span class='ocrx_word' id='word_1_80' title='bbox 423 1145 587 1199; x_wconf 88' lang='lat' dir='ltr'><strong>ullam</strong></span> <span class='ocrx_word' id='word_1_81' title='bbox 616 1146 729 1214; x_wconf 91' lang='lat' dir='ltr'><strong>ipse</strong></span> <span class='ocrx_word' id='word_1_82' title='bbox 756 1160 972 1198; x_wconf 82' lang='lat' dir='ltr'><strong>causam</strong></span> <span class='ocrx_word' id='word_1_83' title='bbox 1011 1146 1227 1210; x_wconf 81' lang='lat' dir='ltr'><strong>habeat,</strong></span> <span class='ocrx_word' id='word_1_84' title='bbox 1265 1146 1560 1199; x_wconf 81' lang='lat' dir='ltr'><strong>anarclium</strong></span> <span class='ocrx_word' id='word_1_85' title='bbox 1602 1154 1657 1198; x_wconf 87' lang='lat' dir='ltr'><strong>et</strong></span> <span class='ocrx_word' id='word_1_86' title='bbox 1699 1144 1995 1213; x_wconf 77' lang='lat' dir='ltr'><strong>ingenitum</strong></span> 
     </span>
    </p>
   </div>
   <div class='ocr_carea' id='block_1_14' title="bbox 426 1235 1998 1306">
    <p class='ocr_par' dir='ltr' id='par_1_14' title="bbox 426 1235 1998 1306">
     <span class='ocr_line' id='line_1_14' title="bbox 426 1235 1998 1306; baseline -0.002 -16"><span class='ocrx_word' id='word_1_87' title='bbox 426 1235 762 1306; x_wconf 87' lang='lat' dir='ltr'><strong>appellasti:</strong></span> <span class='ocrx_word' id='word_1_88' title='bbox 795 1236 935 1305; x_wconf 89' lang='lat' dir='ltr'><strong>quod</strong></span> <span class='ocrx_word' id='word_1_89' title='bbox 989 1247 1169 1289; x_wconf 88' lang='lat' dir='ltr'><strong>autem</strong></span> <span class='ocrx_word' id='word_1_90' title='bbox 1235 1250 1505 1305; x_wconf 84' lang='lat' dir='ltr'><strong>nunquam</strong></span> <span class='ocrx_word' id='word_1_91' title='bbox 1558 1251 1677 1291; x_wconf 88' lang='lat' dir='ltr'><strong>esse</strong></span> <span class='ocrx_word' id='word_1_92' title='bbox 1726 1235 1998 1289; x_wconf 82' lang='lat' dir='ltr'><strong>desiturus</strong></span> 
     </span>
    </p>
   </div>
   <div class='ocr_carea' id='block_1_15' title="bbox 424 1322 1998 1394">
    <p class='ocr_par' dir='ltr' id='par_1_15' title="bbox 424 1322 1998 1394">
     <span class='ocr_line' id='line_1_15' title="bbox 424 1322 1998 1394; baseline -0.002 -14"><span class='ocrx_word' id='word_1_93' title='bbox 424 1327 519 1394; x_wconf 86' lang='lat' dir='ltr'><strong>sit,</strong></span> <span class='ocrx_word' id='word_1_94' title='bbox 576 1326 899 1389; x_wconf 86' lang='lat' dir='ltr'><strong>immortale,</strong></span> <span class='ocrx_word' id='word_1_95' title='bbox 954 1336 1114 1394; x_wconf 81' lang='lat' dir='ltr'><strong>atque</strong></span> <span class='ocrx_word' id='word_1_96' title='bbox 1165 1324 1416 1379; x_wconf 91' lang='lat' dir='ltr'><strong>interitus</strong></span> <span class='ocrx_word' id='word_1_97' title='bbox 1475 1339 1688 1393; x_wconf 82' lang='lat' dir='ltr'><strong>expers.</strong></span> <span class='ocrx_word' id='word_1_98' title='bbox 1756 1322 1835 1378; x_wconf 83' lang='lat' dir='ltr'><strong>Ac</strong></span> <span class='ocrx_word' id='word_1_99' title='bbox 1893 1324 1998 1377; x_wconf 91' lang='lat' dir='ltr'><strong>duo</strong></span> 
     </span>
    </p>
   </div>
   <div class='ocr_carea' id='block_1_16' title="bbox 423 1415 1994 1488">
    <p class='ocr_par' dir='ltr' id='par_1_16' title="bbox 423 1415 1994 1488">
     <span class='ocr_line' id='line_1_16' title="bbox 423 1415 1994 1488; baseline -0.002 -18"><span class='ocrx_word' id='word_1_100' title='bbox 423 1419 595 1488; x_wconf 88' lang='lat' dir='ltr'><strong>prima</strong></span> <span class='ocrx_word' id='word_1_101' title='bbox 657 1433 838 1473; x_wconf 86' lang='lat' dir='ltr'><strong>rerum</strong></span> <span class='ocrx_word' id='word_1_102' title='bbox 899 1433 1093 1487; x_wconf 70' lang='lat' dir='ltr'><strong>genera</strong></span> <span class='ocrx_word' id='word_1_103' title='bbox 1127 1417 1191 1470; x_wconf 89' lang='lat' dir='ltr'><strong>ad</strong></span> <span class='ocrx_word' id='word_1_104' title='bbox 1229 1418 1372 1471; x_wconf 91' lang='lat' dir='ltr'><strong>hunc</strong></span> <span class='ocrx_word' id='word_1_105' title='bbox 1417 1417 1633 1471; x_wconf 91' lang='lat' dir='ltr'><strong>modum</strong></span> <span class='ocrx_word' id='word_1_106' title='bbox 1675 1430 1735 1470; x_wconf 87' lang='lat' dir='ltr'><strong>se</strong></span> <span class='ocrx_word' id='word_1_107' title='bbox 1779 1415 1994 1470; x_wconf 88' lang='lat' dir='ltr'><strong>habent.</strong></span> 
     </span>
    </p>
   </div>
   <div class='ocr_carea' id='block_1_17' title="bbox 424 1506 1998 1577">
    <p class='ocr_par' dir='ltr' id='par_1_17' title="bbox 424 1506 1998 1577">
     <span class='ocr_line' id='line_1_17' title="bbox 424 1506 1998 1577; baseline -0.001 -15"><span class='ocrx_word' id='word_1_108' title='bbox 424 1510 680 1577; x_wconf 54' lang='lat' dir='ltr'><strong>Quaenam</strong></span> <span class='ocrx_word' id='word_1_109' title='bbox 709 1519 912 1575; x_wconf 88' lang='lat' dir='ltr'><strong>autem,</strong></span> <span class='ocrx_word' id='word_1_110' title='bbox 944 1523 1043 1562; x_wconf 92' lang='lat' dir='ltr'><strong>nec</strong></span> <span class='ocrx_word' id='word_1_111' title='bbox 1072 1518 1219 1573; x_wconf 89' lang='lat' dir='ltr'><strong>sunt,</strong></span> <span class='ocrx_word' id='word_1_112' title='bbox 1266 1522 1365 1563; x_wconf 91' lang='lat' dir='ltr'><strong>nec</strong></span> <span class='ocrx_word' id='word_1_113' title='bbox 1394 1508 1684 1563; x_wconf 88' lang='lat' dir='ltr'><strong>dicuntur?</strong></span> <span class='ocrx_word' id='word_1_114' title='bbox 1718 1506 1998 1576; x_wconf 92' lang='lat' dir='ltr'><strong>Improbus</strong></span> 
     </span>
    </p>
   </div>
   <div class='ocr_carea' id='block_1_18' title="bbox 424 1598 1998 1668">
    <p class='ocr_par' dir='ltr' id='par_1_18' title="bbox 424 1598 1998 1668">
     <span class='ocr_line' id='line_1_18' title="bbox 424 1598 1998 1668; baseline -0.002 -16"><span class='ocrx_word' id='word_1_115' title='bbox 424 1598 587 1662; x_wconf 88' lang='lat' dir='ltr'><strong>Deus,</strong></span> <span class='ocrx_word' id='word_1_116' title='bbox 618 1600 881 1668; x_wconf 88' lang='lat' dir='ltr'><strong>quadrata</strong></span> <span class='ocrx_word' id='word_1_117' title='bbox 905 1600 1139 1668; x_wconf 75' lang='lat' dir='ltr'><strong>splnera,</strong></span> <span class='ocrx_word' id='word_1_118' title='bbox 1166 1598 1501 1666; x_wconf 70' lang='lat' dir='ltr'><strong>praeteritum</strong></span> <span class='ocrx_word' id='word_1_119' title='bbox 1523 1608 1733 1666; x_wconf 87' lang='lat' dir='ltr'><strong>tempus</strong></span> <span class='ocrx_word' id='word_1_120' title='bbox 1760 1610 1998 1664; x_wconf 62' lang='lat' dir='ltr'><strong>praisens</strong></span> 
     </span>
    </p>
   </div>
   <div class='ocr_carea' id='block_1_19' title="bbox 422 1687 1995 1760">
    <p class='ocr_par' dir='ltr' id='par_1_19' title="bbox 422 1687 1995 1760">
     <span class='ocr_line' id='line_1_19' title="bbox 422 1687 1995 1760; baseline -0.002 -16"><span class='ocrx_word' id='word_1_121' title='bbox 422 1700 526 1756; x_wconf 75' lang='grc' dir='ltr'>εει,</span> <span class='ocrx_word' id='word_1_122' title='bbox 562 1691 721 1744; x_wconf 82' lang='grc' dir='ltr'>Ιιοιηο</span> <span class='ocrx_word' id='word_1_123' title='bbox 748 1690 1081 1760; x_wconf 88' lang='lat' dir='ltr'><strong>compositus</strong></span> <span class='ocrx_word' id='word_1_124' title='bbox 1118 1706 1224 1745; x_wconf 92' lang='lat' dir='ltr'><strong>non</strong></span> <span class='ocrx_word' id='word_1_125' title='bbox 1263 1698 1369 1746; x_wconf 90' lang='lat' dir='ltr'><strong>est.</strong></span> <span class='ocrx_word' id='word_1_126' title='bbox 1420 1690 1654 1759; x_wconf 77' lang='lat' dir='ltr'><strong>Ecquem</strong></span> <span class='ocrx_word' id='word_1_127' title='bbox 1701 1687 1842 1741; x_wconf 91' lang='lat' dir='ltr'><strong>enim</strong></span> <span class='ocrx_word' id='word_1_128' title='bbox 1893 1704 1995 1742; x_wconf 90' lang='lat' dir='ltr'><strong>un-</strong></span> 
     </span>
    </p>
   </div>
   <div class='ocr_carea' id='block_1_20' title="bbox 2098 507 3678 582">
    <p class='ocr_par' dir='ltr' id='par_1_20' title="bbox 2098 507 3678 582">
     <span class='ocr_line' id='line_1_20' title="bbox 2098 507 3678 582; baseline 0.004 -20"><span class='ocrx_word' id='word_1_129' title='bbox 2098 507 2349 578; x_wconf 79' lang='grc' dir='ltr'>πρῶτος,</span> <span class='ocrx_word' id='word_1_130' title='bbox 2382 510 2483 563; x_wconf 77' lang='grc' dir='ltr'>καὶ</span> <span class='ocrx_word' id='word_1_131' title='bbox 2512 508 2627 580; x_wconf 75' lang='grc' dir='ltr'><strong>ἐγὼ</strong></span> <span class='ocrx_word' id='word_1_132' title='bbox 2653 511 2806 579; x_wconf 81' lang='grc' dir='ltr'><strong>μετὰ</strong></span> <span class='ocrx_word' id='word_1_133' title='bbox 2829 510 3034 565; x_wconf 84' lang='grc' dir='ltr'>ταῦτα·</span> <span class='ocrx_word' id='word_1_134' title='bbox 3065 512 3181 577; x_wconf 82' lang='grc' dir='ltr'>καὶ,</span> <span class='ocrx_word' id='word_1_135' title='bbox 3224 512 3346 580; x_wconf 82' lang='grc' dir='ltr'><strong>Πρὸ</strong></span> <span class='ocrx_word' id='word_1_136' title='bbox 3371 513 3519 582; x_wconf 79' lang='grc' dir='ltr'>ἐμοῦ</span> <span class='ocrx_word' id='word_1_137' title='bbox 3563 517 3678 569; x_wconf 84' lang='grc' dir='ltr'>οὐκ</span> 
     </span>
    </p>
   </div>
   <div class='ocr_carea' id='block_1_21' title="bbox 2098 598 3678 672">
    <p class='ocr_par' dir='ltr' id='par_1_21' title="bbox 2098 598 3678 672">
     <span class='ocr_line' id='line_1_21' title="bbox 2098 598 3678 672; baseline 0.006 -21"><span class='ocrx_word' id='word_1_138' title='bbox 2098 599 2270 652; x_wconf 80' lang='grc' dir='ltr'>ἔστιν</span> <span class='ocrx_word' id='word_1_139' title='bbox 2290 599 2480 666; x_wconf 78' lang='grc' dir='ltr'>ἄλλος</span> <span class='ocrx_word' id='word_1_140' title='bbox 2508 598 2672 666; x_wconf 83' lang='grc' dir='ltr'><strong>Θεὸς,</strong></span> <span class='ocrx_word' id='word_1_141' title='bbox 2697 602 2798 655; x_wconf 83' lang='grc' dir='ltr'>καὶ</span> <span class='ocrx_word' id='word_1_142' title='bbox 2832 604 2962 672; x_wconf 76' lang='grc' dir='ltr'>μετ’</span> <span class='ocrx_word' id='word_1_143' title='bbox 2993 602 3099 672; x_wconf 82' lang='grc' dir='ltr'><strong>ἐμὲ</strong></span> <span class='ocrx_word' id='word_1_144' title='bbox 3150 606 3263 658; x_wconf 82' lang='grc' dir='ltr'>οὐκ</span> <span class='ocrx_word' id='word_1_145' title='bbox 3290 604 3481 661; x_wconf 74' lang='grc' dir='ltr'>ἔσται.</span> <span class='ocrx_word' id='word_1_146' title='bbox 3514 606 3678 661; x_wconf 85' lang='grc' dir='ltr'>Ὀλον</span> 
     </span>
    </p>
   </div>
   <div class='ocr_carea' id='block_1_22' title="bbox 2098 690 3675 768">
    <p class='ocr_par' dir='ltr' id='par_1_22' title="bbox 2098 690 3675 768">
     <span class='ocr_line' id='line_1_22' title="bbox 2098 690 3675 768; baseline 0.006 -25"><span class='ocrx_word' id='word_1_147' title='bbox 2098 690 2207 760; x_wconf 84' lang='grc' dir='ltr'>γὰρ</span> <span class='ocrx_word' id='word_1_148' title='bbox 2230 691 2292 743; x_wconf 82' lang='grc' dir='ltr'><strong>τὸ</strong></span> <span class='ocrx_word' id='word_1_149' title='bbox 2314 691 2504 756; x_wconf 75' lang='grc' dir='ltr'>ἔστιν,</span> <span class='ocrx_word' id='word_1_150' title='bbox 2528 692 2678 761; x_wconf 75' lang='grc' dir='ltr'>ἐμόν’</span> <span class='ocrx_word' id='word_1_151' title='bbox 2701 692 2823 746; x_wconf 75' lang='grc' dir='ltr'>οὔτε</span> <span class='ocrx_word' id='word_1_152' title='bbox 2843 694 3136 765; x_wconf 79' lang='grc' dir='ltr'>ἠργμένον,</span> <span class='ocrx_word' id='word_1_153' title='bbox 3159 694 3285 749; x_wconf 73' lang='grc' dir='ltr'>οὔτε</span> <span class='ocrx_word' id='word_1_154' title='bbox 3313 697 3675 768; x_wconf 86' lang='grc' dir='ltr'>παυσόμενον.</span> 
     </span>
    </p>
   </div>
   <div class='ocr_carea' id='block_1_23' title="bbox 2100 782 3679 859">
    <p class='ocr_par' dir='ltr' id='par_1_23' title="bbox 2100 782 3679 859">
     <span class='ocr_line' id='line_1_23' title="bbox 2100 782 3679 859; baseline 0.004 -24"><span class='ocrx_word' id='word_1_155' title='bbox 2100 783 2287 836; x_wconf 77' lang='grc' dir='ltr'>Ταῦτα</span> <span class='ocrx_word' id='word_1_156' title='bbox 2308 782 2511 848; x_wconf 73' lang='grc' dir='ltr'>λαϐὼν,</span> <span class='ocrx_word' id='word_1_157' title='bbox 2542 783 2603 838; x_wconf 77' lang='grc' dir='ltr'>τὸ</span> <span class='ocrx_word' id='word_1_158' title='bbox 2640 784 2755 854; x_wconf 86' lang='grc' dir='ltr'>μὲν,</span> <span class='ocrx_word' id='word_1_159' title='bbox 2787 788 2861 856; x_wconf 86' lang='grc' dir='ltr'>μὴ</span> <span class='ocrx_word' id='word_1_160' title='bbox 2909 782 3048 840; x_wconf 88' lang='grc' dir='ltr'><strong>εἷναί</strong></span> <span class='ocrx_word' id='word_1_161' title='bbox 3091 805 3144 840; x_wconf 89' lang='grc' dir='ltr'><strong>τι</strong></span> <span class='ocrx_word' id='word_1_162' title='bbox 3169 787 3275 857; x_wconf 81' lang='grc' dir='ltr'><strong>πρὸ</strong></span> <span class='ocrx_word' id='word_1_163' title='bbox 3304 787 3492 854; x_wconf 80' lang='grc' dir='ltr'>αὐτοῦ,</span> <span class='ocrx_word' id='word_1_164' title='bbox 3539 789 3679 859; x_wconf 81' lang='grc' dir='ltr'>μηδὲ</span> 
     </span>
    </p>
   </div>
   <div class='ocr_carea' id='block_1_24' title="bbox 2101 873 3679 949">
    <p class='ocr_par' dir='ltr' id='par_1_24' title="bbox 2101 873 3679 949">
     <span class='ocr_line' id='line_1_24' title="bbox 2101 873 3679 949; baseline 0.005 -25"><span class='ocrx_word' id='word_1_165' title='bbox 2101 873 2477 945; x_wconf 76' lang='grc' dir='ltr'>πρεσϐυτέραν</span> <span class='ocrx_word' id='word_1_166' title='bbox 2529 875 2710 927; x_wconf 74' lang='grc' dir='ltr'>αἰτίαν</span> <span class='ocrx_word' id='word_1_167' title='bbox 2745 875 2910 945; x_wconf 78' lang='grc' dir='ltr'>ἔχειν,</span> <span class='ocrx_word' id='word_1_168' title='bbox 2954 877 3188 947; x_wconf 78' lang='grc' dir='ltr'>ἄναρχον</span> <span class='ocrx_word' id='word_1_169' title='bbox 3205 878 3679 949; x_wconf 85' lang='grc' dir='ltr'>προσηγόρευσας,</span> 
     </span>
    </p>
   </div>
   <div class='ocr_carea' id='block_1_25' title="bbox 2100 964 3677 1040">
    <p class='ocr_par' dir='ltr' id='par_1_25' title="bbox 2100 964 3677 1040">
     <span class='ocr_line' id='line_1_25' title="bbox 2100 964 3677 1040; baseline 0.006 -24"><span class='ocrx_word' id='word_1_170' title='bbox 2100 965 2193 1017; x_wconf 75' lang='grc' dir='ltr'><strong>καὶ</strong></span> <span class='ocrx_word' id='word_1_171' title='bbox 2217 964 2531 1037; x_wconf 86' lang='grc' dir='ltr'>άγέννητον’</span> <span class='ocrx_word' id='word_1_172' title='bbox 2566 966 2628 1019; x_wconf 82' lang='grc' dir='ltr'>τὸ</span> <span class='ocrx_word' id='word_1_173' title='bbox 2658 966 2734 1031; x_wconf 83' lang='grc' dir='ltr'>δὲ,</span> <span class='ocrx_word' id='word_1_174' title='bbox 2768 967 2842 1039; x_wconf 84' lang='grc' dir='ltr'>μὴ</span> <span class='ocrx_word' id='word_1_175' title='bbox 2882 969 3174 1040; x_wconf 80' lang='grc' dir='ltr'><strong>στήσεσθαι</strong></span> <span class='ocrx_word' id='word_1_176' title='bbox 3210 968 3304 1023; x_wconf 84' lang='grc' dir='ltr'>τοῦ</span> <span class='ocrx_word' id='word_1_177' title='bbox 3344 967 3503 1034; x_wconf 87' lang='grc' dir='ltr'>εἷναι,</span> <span class='ocrx_word' id='word_1_178' title='bbox 3536 971 3677 1025; x_wconf 75' lang='grc' dir='ltr'><strong>ἀθάο</strong></span> 
     </span>
    </p>
   </div>
   <div class='ocr_carea' id='block_1_26' title="bbox 2099 1054 3676 1129">
    <p class='ocr_par' dir='ltr' id='par_1_26' title="bbox 2099 1054 3676 1129">
     <span class='ocr_line' id='line_1_26' title="bbox 2099 1054 3676 1129; baseline 0.006 -24"><span class='ocrx_word' id='word_1_179' title='bbox 2099 1070 2257 1105; x_wconf 85' lang='grc' dir='ltr'>νατον</span> <span class='ocrx_word' id='word_1_180' title='bbox 2308 1054 2403 1107; x_wconf 81' lang='grc' dir='ltr'><strong>καὶ</strong></span> <span class='ocrx_word' id='word_1_181' title='bbox 2459 1054 2784 1126; x_wconf 82' lang='grc' dir='ltr'>ἀνώλεθρον.</span> <span class='ocrx_word' id='word_1_182' title='bbox 2821 1058 2886 1109; x_wconf 83' lang='grc' dir='ltr'><strong>Αἱ</strong></span> <span class='ocrx_word' id='word_1_183' title='bbox 2916 1057 3015 1128; x_wconf 85' lang='grc' dir='ltr'><strong>μὲν</strong></span> <span class='ocrx_word' id='word_1_184' title='bbox 3053 1059 3116 1129; x_wconf 82' lang='grc' dir='ltr'>δὴ</span> <span class='ocrx_word' id='word_1_185' title='bbox 3159 1059 3372 1128; x_wconf 81' lang='grc' dir='ltr'>πρῶται</span> <span class='ocrx_word' id='word_1_186' title='bbox 3399 1061 3676 1128; x_wconf 75' lang='grc' dir='ltr'>συζυγίαι,</span> 
     </span>
    </p>
   </div>
   <div class='ocr_carea' id='block_1_27' title="bbox 2098 1142 3677 1217">
    <p class='ocr_par' dir='ltr' id='par_1_27' title="bbox 2098 1142 3677 1217">
     <span class='ocr_line' id='line_1_27' title="bbox 2098 1142 3677 1217; baseline 0.006 -22"><span class='ocrx_word' id='word_1_187' title='bbox 2098 1142 2363 1208; x_wconf 76' lang='grc' dir='ltr'>τοιαῦται,</span> <span class='ocrx_word' id='word_1_188' title='bbox 2396 1146 2490 1199; x_wconf 78' lang='grc' dir='ltr'><strong>καὶ</strong></span> <span class='ocrx_word' id='word_1_189' title='bbox 2522 1145 2694 1210; x_wconf 79' lang='grc' dir='ltr'>οὕτως</span> <span class='ocrx_word' id='word_1_190' title='bbox 2720 1147 2957 1216; x_wconf 82' lang='grc' dir='ltr'>ἔχουσαι.</span> <span class='ocrx_word' id='word_1_191' title='bbox 2989 1150 3121 1202; x_wconf 87' lang='grc' dir='ltr'>Τίνα</span> <span class='ocrx_word' id='word_1_192' title='bbox 3134 1150 3191 1203; x_wconf 81' lang='grc' dir='ltr'>δὲ</span> <span class='ocrx_word' id='word_1_193' title='bbox 3210 1150 3333 1203; x_wconf 74' lang='grc' dir='ltr'>οὔτε</span> <span class='ocrx_word' id='word_1_194' title='bbox 3361 1151 3526 1217; x_wconf 77' lang='grc' dir='ltr'>ἔστιν,</span> <span class='ocrx_word' id='word_1_195' title='bbox 3548 1149 3677 1205; x_wconf 77' lang='grc' dir='ltr'>οὔτε</span> 
     </span>
    </p>
   </div>
   <div class='ocr_carea' id='block_1_28' title="bbox 2097 1232 3680 1312">
    <p class='ocr_par' dir='ltr' id='par_1_28' title="bbox 2097 1232 3680 1312">
     <span class='ocr_line' id='line_1_28' title="bbox 2097 1232 3680 1312; baseline 0.009 -29"><span class='ocrx_word' id='word_1_196' title='bbox 2097 1232 2345 1300; x_wconf 82' lang='grc' dir='ltr'>λέγεται;</span> <span class='ocrx_word' id='word_1_197' title='bbox 2369 1235 2607 1306; x_wconf 84' lang='grc' dir='ltr'>Πονηρὸν</span> <span class='ocrx_word' id='word_1_198' title='bbox 2651 1237 2711 1289; x_wconf 87' lang='grc' dir='ltr'><strong>τὸ</strong></span> <span class='ocrx_word' id='word_1_199' title='bbox 2750 1238 2911 1303; x_wconf 87' lang='grc' dir='ltr'>θεῖον,</span> <span class='ocrx_word' id='word_1_200' title='bbox 2933 1242 2966 1309; x_wconf 80' lang='grc' dir='ltr'>ἡ</span> <span class='ocrx_word' id='word_1_201' title='bbox 2997 1244 3199 1312; x_wconf 70' lang='grc' dir='ltr'>σφαῖρα</span> <span class='ocrx_word' id='word_1_202' title='bbox 3230 1242 3592 1312; x_wconf 83' lang='grc' dir='ltr'>τετράγωνος,</span> <span class='ocrx_word' id='word_1_203' title='bbox 3613 1242 3680 1297; x_wconf 81' lang='grc' dir='ltr'>τὸ</span> 
     </span>
    </p>
   </div>
   <div class='ocr_carea' id='block_1_29' title="bbox 2100 1324 3672 1405">
    <p class='ocr_par' dir='ltr' id='par_1_29' title="bbox 2100 1324 3672 1405">
     <span class='ocr_line' id='line_1_29' title="bbox 2100 1324 3672 1405; baseline 0.009 -29"><span class='ocrx_word' id='word_1_204' title='bbox 2100 1324 2365 1395; x_wconf 85' lang='grc' dir='ltr'>παρελθὸν</span> <span class='ocrx_word' id='word_1_205' title='bbox 2410 1328 2724 1399; x_wconf 77' lang='grc' dir='ltr'>ἐνέστηκεν,</span> <span class='ocrx_word' id='word_1_206' title='bbox 2780 1330 2841 1383; x_wconf 85' lang='grc' dir='ltr'><strong>ού</strong></span> <span class='ocrx_word' id='word_1_207' title='bbox 2874 1330 3125 1385; x_wconf 87' lang='grc' dir='ltr'>σύνθετον</span> <span class='ocrx_word' id='word_1_208' title='bbox 3161 1334 3191 1385; x_wconf 86' lang='grc' dir='ltr'>ὁ</span> <span class='ocrx_word' id='word_1_209' title='bbox 3212 1332 3498 1404; x_wconf 79' lang='grc' dir='ltr'>ἄνθρωπος</span> <span class='ocrx_word' id='word_1_210' title='bbox 3533 1334 3672 1405; x_wconf 73' lang='grc'><strong>(54).</strong></span> 
     </span>
    </p>
   </div>
   <div class='ocr_carea' id='block_1_30' title="bbox 2100 1415 3678 1495">
    <p class='ocr_par' dir='ltr' id='par_1_30' title="bbox 2100 1415 3678 1495">
     <span class='ocr_line' id='line_1_30' title="bbox 2100 1415 3678 1495; baseline 0.008 -28"><span class='ocrx_word' id='word_1_211' title='bbox 2100 1415 2232 1468; x_wconf 82' lang='grc' dir='ltr'>Τίνα</span> <span class='ocrx_word' id='word_1_212' title='bbox 2269 1416 2377 1486; x_wconf 83' lang='grc' dir='ltr'>γὰρ</span> <span class='ocrx_word' id='word_1_213' title='bbox 2407 1420 2486 1481; x_wconf 79' lang='grc' dir='ltr'><strong>είς</strong></span> <span class='ocrx_word' id='word_1_214' title='bbox 2516 1418 2767 1473; x_wconf 80' lang='grc' dir='ltr'>τοσοῦτον</span> <span class='ocrx_word' id='word_1_215' title='bbox 2820 1420 3124 1493; x_wconf 81' lang='grc' dir='ltr'><strong>ἐμπληξίας</strong></span> <span class='ocrx_word' id='word_1_216' title='bbox 3173 1424 3302 1476; x_wconf 85' lang='grc' dir='ltr'>ποτὲ</span> <span class='ocrx_word' id='word_1_217' title='bbox 3342 1425 3678 1495; x_wconf 75' lang='grc' dir='ltr'>ἀφικόμενον</span> 
     </span>
    </p>
   </div>
   <div class='ocr_carea' id='block_1_31' title="bbox 2098 1504 3682 1584">
    <p class='ocr_par' dir='ltr' id='par_1_31' title="bbox 2098 1504 3682 1584">
     <span class='ocr_line' id='line_1_31' title="bbox 2098 1504 3682 1584; baseline 0.008 -28"><span class='ocrx_word' id='word_1_218' title='bbox 2098 1504 2287 1573; x_wconf 76' lang='grc' dir='ltr'>ἔγνως,</span> <span class='ocrx_word' id='word_1_219' title='bbox 2315 1505 2453 1559; x_wconf 83' lang='grc' dir='ltr'>ὥστε</span> <span class='ocrx_word' id='word_1_220' title='bbox 2486 1524 2538 1559; x_wconf 92' lang='grc' dir='ltr'><strong>τι</strong></span> <span class='ocrx_word' id='word_1_221' title='bbox 2568 1508 2825 1573; x_wconf 81' lang='grc' dir='ltr'>τοιοῦτον,</span> <span class='ocrx_word' id='word_1_222' title='bbox 2849 1510 2881 1581; x_wconf 84' lang='grc' dir='ltr'>ἢ</span> <span class='ocrx_word' id='word_1_223' title='bbox 2905 1510 3154 1580; x_wconf 76' lang='grc' dir='ltr'>ἐννοῆσαι</span> <span class='ocrx_word' id='word_1_224' title='bbox 3179 1511 3464 1583; x_wconf 79' lang='grc' dir='ltr'>τολμῆσαι,</span> <span class='ocrx_word' id='word_1_225' title='bbox 3493 1514 3682 1584; x_wconf 82' lang='grc' dir='ltr'>ἢάπο-</span> 
     </span>
    </p>
   </div>
   <div class='ocr_carea' id='block_1_32' title="bbox 2099 1596 3682 1675">
    <p class='ocr_par' dir='ltr' id='par_1_32' title="bbox 2099 1596 3682 1675">
     <span class='ocr_line' id='line_1_32' title="bbox 2099 1596 3682 1675; baseline 0.006 -26"><span class='ocrx_word' id='word_1_226' title='bbox 2099 1596 2397 1667; x_wconf 81' lang='grc' dir='ltr'>φήνασθαις</span> <span class='ocrx_word' id='word_1_227' title='bbox 2429 1598 2689 1653; x_wconf 85' lang='grc' dir='ltr'>Λείπεται</span> <span class='ocrx_word' id='word_1_228' title='bbox 2710 1599 2879 1665; x_wconf 80' lang='grc' dir='ltr'>δεῖξαι</span> <span class='ocrx_word' id='word_1_229' title='bbox 2899 1602 3019 1655; x_wconf 88' lang='grc' dir='ltr'>τίνα</span> <span class='ocrx_word' id='word_1_230' title='bbox 3052 1603 3146 1656; x_wconf 82' lang='grc' dir='ltr'>καὶ</span> <span class='ocrx_word' id='word_1_231' title='bbox 3201 1603 3338 1667; x_wconf 76' lang='grc' dir='ltr'>ἔστι,</span> <span class='ocrx_word' id='word_1_232' title='bbox 3383 1606 3479 1658; x_wconf 78' lang='grc' dir='ltr'><strong>καὶ</strong></span> <span class='ocrx_word' id='word_1_233' title='bbox 3521 1606 3682 1675; x_wconf 84' lang='grc' dir='ltr'>λέγε-</span> 
     </span>
    </p>
   </div>
   <div class='ocr_carea' id='block_1_33' title="bbox 2098 1689 3679 1769">
    <p class='ocr_par' dir='ltr' id='par_1_33' title="bbox 2098 1689 3679 1769">
     <span class='ocr_line' id='line_1_33' title="bbox 2098 1689 3679 1769; baseline 0.015 -30"><span class='ocrx_word' id='word_1_234' title='bbox 2098 1703 2208 1740; x_wconf 86' lang='grc' dir='ltr'>ται·</span> <span class='ocrx_word' id='word_1_235' title='bbox 2228 1689 2380 1751; x_wconf 84' lang='grc' dir='ltr'>Θεὸς,</span> <span class='ocrx_word' id='word_1_236' title='bbox 2395 1691 2697 1762; x_wconf 83' lang='grc' dir='ltr'>ἄνθρωπος,</span> <span class='ocrx_word' id='word_1_237' title='bbox 2718 1692 2966 1761; x_wconf 80' lang='grc' dir='ltr'>ἄγγελος,</span> <span class='ocrx_word' id='word_1_238' title='bbox 2998 1695 3197 1765; x_wconf 82' lang='grc' dir='ltr'>κρίσις,</span> <span class='ocrx_word' id='word_1_239' title='bbox 3223 1698 3519 1768; x_wconf 78' lang='grc' dir='ltr'>ματαιότης</span> <span class='ocrx_word' id='word_1_240' title='bbox 3540 1699 3679 1769; x_wconf 66' lang='grc'><strong>(53),</strong></span> 
     </span>
    </p>
   </div>
   <div class='ocr_carea' id='block_1_34' title="bbox 422 1765 1995 1863">
    <p class='ocr_par' dir='ltr' id='par_1_34' title="bbox 422 1779 1995 1853">
     <span class='ocr_line' id='line_1_34' title="bbox 422 1779 1995 1853; baseline 0 -22"><span class='ocrx_word' id='word_1_241' title='bbox 422 1796 585 1851; x_wconf 85' lang='lat' dir='ltr'><strong>quam</strong></span> <span class='ocrx_word' id='word_1_242' title='bbox 618 1797 686 1837; x_wconf 80' lang='lat' dir='ltr'><strong>eo</strong></span> <span class='ocrx_word' id='word_1_243' title='bbox 713 1783 954 1851; x_wconf 84' lang='lat' dir='ltr'><strong>stuporis</strong></span> <span class='ocrx_word' id='word_1_244' title='bbox 986 1795 1333 1852; x_wconf 83' lang='lat' dir='ltr'><strong>progressum</strong></span> <span class='ocrx_word' id='word_1_245' title='bbox 1360 1781 1685 1853; x_wconf 81' lang='lat' dir='ltr'><strong>cognovisti,</strong></span> <span class='ocrx_word' id='word_1_246' title='bbox 1716 1789 1774 1832; x_wconf 95' lang='lat' dir='ltr'><strong>ut</strong></span> <span class='ocrx_word' id='word_1_247' title='bbox 1803 1779 1995 1847; x_wconf 87' lang='lat' dir='ltr'><strong>aliquid</strong></span> 
     </span>
    </p>
   </div>
   <div class='ocr_carea' id='block_1_35' title="bbox 2104 1765 3679 1863">
    <p class='ocr_par' dir='ltr' id='par_1_35' title="bbox 2104 1765 3679 1863">
     <span class='ocr_line' id='line_1_35' title="bbox 2104 1765 3679 1863; baseline 0.008 -30"><span class='ocrx_word' id='word_1_248' title='bbox 2104 1781 2150 1833; x_wconf 80' lang='grc' dir='ltr'>οἱ</span> <span class='ocrx_word' id='word_1_249' title='bbox 2186 1781 2414 1835; x_wconf 81' lang='grc' dir='ltr'>τοιοῦτοι</span> <span class='ocrx_word' id='word_1_250' title='bbox 2450 1783 2817 1855; x_wconf 78' lang='grc' dir='ltr'>συλλογισμοὶ,</span> <span class='ocrx_word' id='word_1_251' title='bbox 2856 1786 2952 1838; x_wconf 79' lang='grc' dir='ltr'><strong>καὶ</strong></span> <span class='ocrx_word' id='word_1_252' title='bbox 2979 1787 3078 1858; x_wconf 85' lang='grc' dir='ltr'><strong>τῆς</strong></span> <span class='ocrx_word' id='word_1_253' title='bbox 3105 1765 3339 1853; x_wconf 80' lang='grc' dir='ltr'>πίστεως</span> <span class='ocrx_word' id='word_1_254' title='bbox 3372 1765 3679 1863; x_wconf 67' lang='grc' dir='ltr'>ἀνατροπῆ.</span> 
     </span>
    </p>
   </div>
   <div class='ocr_carea' id='block_1_36' title="bbox 423 1870 1995 1949">
    <p class='ocr_par' dir='ltr' id='par_1_36' title="bbox 423 1870 1995 1944">
     <span class='ocr_line' id='line_1_36' title="bbox 423 1870 1995 1944; baseline -0.004 -15"><span class='ocrx_word' id='word_1_255' title='bbox 423 1874 552 1939; x_wconf 79' lang='lat' dir='ltr'><strong>tale,</strong></span> <span class='ocrx_word' id='word_1_256' title='bbox 585 1874 666 1930; x_wconf 82' lang='lat' dir='ltr'><strong>vel</strong></span> <span class='ocrx_word' id='word_1_257' title='bbox 706 1874 949 1944; x_wconf 82' lang='lat' dir='ltr'><strong>cogitare</strong></span> <span class='ocrx_word' id='word_1_258' title='bbox 1003 1875 1086 1927; x_wconf 90' lang='lat' dir='ltr'><strong>vel</strong></span> <span class='ocrx_word' id='word_1_259' title='bbox 1123 1875 1474 1943; x_wconf 85' lang='lat' dir='ltr'><strong>pronuntiare</strong></span> <span class='ocrx_word' id='word_1_260' title='bbox 1502 1888 1662 1928; x_wconf 87' lang='lat' dir='ltr'><strong>ausus</strong></span> <span class='ocrx_word' id='word_1_261' title='bbox 1701 1872 1808 1927; x_wconf 86' lang='lat' dir='ltr'><strong>sit?</strong></span> <span class='ocrx_word' id='word_1_262' title='bbox 1859 1870 1995 1924; x_wconf 78' lang='lat' dir='ltr'><strong>Reli-</strong></span> 
     </span>
    </p>
   </div>
   <div class='ocr_carea' id='block_1_37' title="bbox 2104 1870 2922 1949">
    <p class='ocr_par' dir='ltr' id='par_1_37' title="bbox 2107 1870 2922 1949">
     <span class='ocr_line' id='line_1_37' title="bbox 2107 1870 2922 1949; baseline 0.01 -28"><span class='ocrx_word' id='word_1_263' title='bbox 2107 1870 2202 1923; x_wconf 73' lang='grc' dir='ltr'><strong>καὶ</strong></span> <span class='ocrx_word' id='word_1_264' title='bbox 2226 1871 2321 1924; x_wconf 80' lang='grc' dir='ltr'>τοῦ</span> <span class='ocrx_word' id='word_1_265' title='bbox 2353 1875 2653 1949; x_wconf 75' lang='grc' dir='ltr'>μυστηρίου</span> <span class='ocrx_word' id='word_1_266' title='bbox 2673 1875 2922 1939; x_wconf 84' lang='grc' dir='ltr'><strong>κένωσις.</strong></span> 
     </span>
    </p>
   </div>
   <div class='ocr_carea' id='block_1_38' title="bbox 422 1962 3683 2039">
    <p class='ocr_par' dir='ltr' id='par_1_38' title="bbox 422 1962 3683 2039">
     <span class='ocr_line' id='line_1_38' title="bbox 422 1962 3683 2039; baseline 0.002 -18"><span class='ocrx_word' id='word_1_267' title='bbox 422 1984 588 2037; x_wconf 89' lang='lat' dir='ltr'><strong>quum</strong></span> <span class='ocrx_word' id='word_1_268' title='bbox 615 1976 699 2022; x_wconf 91' lang='lat' dir='ltr'><strong>est</strong></span> <span class='ocrx_word' id='word_1_269' title='bbox 727 1977 786 2021; x_wconf 90' lang='lat' dir='ltr'><strong>ut</strong></span> <span class='ocrx_word' id='word_1_270' title='bbox 822 1967 1098 2022; x_wconf 88' lang='lat' dir='ltr'><strong>ostendam</strong></span> <span class='ocrx_word' id='word_1_271' title='bbox 1127 1982 1247 2037; x_wconf 67' lang='lat' dir='ltr'><strong>qua!</strong></span> <span class='ocrx_word' id='word_1_272' title='bbox 1273 1968 1383 2021; x_wconf 89' lang='lat' dir='ltr'><strong>sint</strong></span> <span class='ocrx_word' id='word_1_273' title='bbox 1429 1983 1493 2021; x_wconf 92' lang='lat' dir='ltr'><strong>ea</strong></span> <span class='ocrx_word' id='word_1_274' title='bbox 1536 1981 1655 2035; x_wconf 66' lang='lat' dir='ltr'><strong>quae</strong></span> <span class='ocrx_word' id='word_1_275' title='bbox 1694 1976 1750 2020; x_wconf 91' lang='lat' dir='ltr'><strong>et</strong></span> <span class='ocrx_word' id='word_1_276' title='bbox 1782 1974 1909 2020; x_wconf 89' lang='lat' dir='ltr'><strong>sunt</strong></span> <span class='ocrx_word' id='word_1_277' title='bbox 1978 1971 2030 2015; x_wconf 90' lang='lat' dir='ltr'><strong>et</strong></span> <span class='ocrx_word' id='word_1_278' title='bbox 2092 1962 2359 2020; x_wconf 62' lang='lat' dir='ltr'><strong>dicuntur.</strong></span> <span class='ocrx_word' id='word_1_279' title='bbox 2423 1966 2586 2032; x_wconf 65' lang='lat' dir='ltr'><strong>Di-us,</strong></span> <span class='ocrx_word' id='word_1_280' title='bbox 2638 1968 2819 2036; x_wconf 88' lang='lat' dir='ltr'><strong>homo,</strong></span> <span class='ocrx_word' id='word_1_281' title='bbox 2888 1969 3130 2039; x_wconf 82' lang='lat' dir='ltr'><strong>angelus,</strong></span> <span class='ocrx_word' id='word_1_282' title='bbox 3190 1969 3481 2038; x_wconf 80' lang='lat' dir='ltr'><strong>judicium,</strong></span> <span class='ocrx_word' id='word_1_283' title='bbox 3520 1973 3683 2028; x_wconf 86' lang='lat' dir='ltr'><strong>vani-</strong></span> 
     </span>
    </p>
   </div>
   <div class='ocr_carea' id='block_1_39' title="bbox 422 2056 3096 2131">
    <p class='ocr_par' dir='ltr' id='par_1_39' title="bbox 422 2056 3096 2131">
     <span class='ocr_line' id='line_1_39' title="bbox 422 2056 3096 2131; baseline 0 -14"><span class='ocrx_word' id='word_1_284' title='bbox 422 2072 526 2128; x_wconf 88' lang='lat' dir='ltr'><strong>tas,</strong></span> <span class='ocrx_word' id='word_1_285' title='bbox 563 2075 667 2131; x_wconf 80' lang='lat' dir='ltr'><strong>qoa</strong></span> <span class='ocrx_word' id='word_1_286' title='bbox 696 2062 1005 2131; x_wconf 74' lang='lat' dir='ltr'><strong>huiusmodi</strong></span> <span class='ocrx_word' id='word_1_287' title='bbox 1047 2075 1365 2129; x_wconf 86' lang='lat' dir='ltr'><strong>argumenta</strong></span> <span class='ocrx_word' id='word_1_288' title='bbox 1406 2059 1792 2123; x_wconf 76' lang='lat' dir='ltr'><strong>coniiciuntur,</strong></span> <span class='ocrx_word' id='word_1_289' title='bbox 1846 2056 2083 2126; x_wconf 88' lang='lat' dir='ltr'><strong>ﬁdeique</strong></span> <span class='ocrx_word' id='word_1_290' title='bbox 2110 2056 2415 2124; x_wconf 89' lang='lat' dir='ltr'><strong>subversio,</strong></span> <span class='ocrx_word' id='word_1_291' title='bbox 2445 2069 2498 2113; x_wconf 91' lang='lat' dir='ltr'><strong>et</strong></span> <span class='ocrx_word' id='word_1_292' title='bbox 2529 2061 2769 2131; x_wconf 87' lang='lat' dir='ltr'><strong>mysterii</strong></span> <span class='ocrx_word' id='word_1_293' title='bbox 2798 2063 3096 2118; x_wconf 90' lang='lat' dir='ltr'><strong>evacuatio.</strong></span> 
     </span>
    </p>
   </div>
   <div class='ocr_carea' id='block_1_40' title="bbox 493 2155 1991 2226">
    <p class='ocr_par' dir='ltr' id='par_1_40' title="bbox 493 2155 1991 2226">
     <span class='ocr_line' id='line_1_40' title="bbox 493 2155 1991 2226; baseline -0.005 -14"><span class='ocrx_word' id='word_1_294' title='bbox 493 2155 683 2212; x_wconf 79' lang='lat' dir='ltr'><strong>XXIV.</strong></span> <span class='ocrx_word' id='word_1_295' title='bbox 713 2155 846 2212; x_wconf 88' lang='lat' dir='ltr'><strong>Cum</strong></span> <span class='ocrx_word' id='word_1_296' title='bbox 872 2172 1003 2226; x_wconf 80' lang='lat' dir='ltr'><strong>ergo</strong></span> <span class='ocrx_word' id='word_1_297' title='bbox 1038 2157 1091 2209; x_wconf 91' lang='lat' dir='ltr'><strong>in</strong></span> <span class='ocrx_word' id='word_1_298' title='bbox 1123 2157 1429 2211; x_wconf 81' lang='lat' dir='ltr'><strong>nominibus</strong></span> <span class='ocrx_word' id='word_1_299' title='bbox 1482 2166 1539 2209; x_wconf 91' lang='lat' dir='ltr'><strong>et</strong></span> <span class='ocrx_word' id='word_1_300' title='bbox 1575 2156 1737 2210; x_wconf 85' lang='lat' dir='ltr'><strong>rebus</strong></span> <span class='ocrx_word' id='word_1_301' title='bbox 1784 2164 1991 2208; x_wconf 90' lang='lat' dir='ltr'><strong>tantum</strong></span> 
     </span>
    </p>
   </div>
   <div class='ocr_carea' id='block_1_41' title="bbox 421 2243 1993 2316">
    <p class='ocr_par' dir='ltr' id='par_1_41' title="bbox 421 2243 1993 2316">
     <span class='ocr_line' id='line_1_41' title="bbox 421 2243 1993 2316; baseline -0.006 -12"><span class='ocrx_word' id='word_1_302' title='bbox 421 2248 717 2304; x_wconf 84' lang='lat' dir='ltr'><strong>discrimen</strong></span> <span class='ocrx_word' id='word_1_303' title='bbox 767 2248 1096 2316; x_wconf 88' lang='lat' dir='ltr'><strong>reperiatur,</strong></span> <span class='ocrx_word' id='word_1_304' title='bbox 1128 2248 1255 2315; x_wconf 89' lang='lat' dir='ltr'><strong>quid</strong></span> <span class='ocrx_word' id='word_1_305' title='bbox 1305 2262 1482 2301; x_wconf 67' lang='lat' dir='ltr'><strong>causa:</strong></span> <span class='ocrx_word' id='word_1_306' title='bbox 1517 2254 1622 2310; x_wconf 89' lang='lat' dir='ltr'><strong>est,</strong></span> <span class='ocrx_word' id='word_1_307' title='bbox 1658 2260 1753 2299; x_wconf 93' lang='lat' dir='ltr'><strong>cur</strong></span> <span class='ocrx_word' id='word_1_308' title='bbox 1799 2243 1993 2297; x_wconf 65' lang='lat' dir='ltr'><strong>litterae</strong></span> 
     </span>
    </p>
   </div>
   <div class='ocr_carea' id='block_1_42' title="bbox 423 2337 1992 2413">
    <p class='ocr_par' dir='ltr' id='par_1_42' title="bbox 423 2337 1992 2413">
     <span class='ocr_line' id='line_1_42' title="bbox 423 2337 1992 2413; baseline -0.003 -19"><span class='ocrx_word' id='word_1_309' title='bbox 423 2349 702 2409; x_wconf 90' lang='lat' dir='ltr'><strong>tantopere</strong></span> <span class='ocrx_word' id='word_1_310' title='bbox 754 2340 983 2413; x_wconf 83' lang='lat' dir='ltr'><strong>servias,</strong></span> <span class='ocrx_word' id='word_1_311' title='bbox 1034 2337 1378 2408; x_wconf 67' lang='lat' dir='ltr'><strong>Judaica&#39;que</strong></span> <span class='ocrx_word' id='word_1_312' title='bbox 1432 2338 1713 2406; x_wconf 67' lang='lat' dir='ltr'><strong>sapientia:</strong></span> <span class='ocrx_word' id='word_1_313' title='bbox 1765 2338 1992 2404; x_wconf 86' lang='lat' dir='ltr'><strong>teipsum</strong></span> 
     </span>
    </p>
   </div>
   <div class='ocr_carea' id='block_1_43' title="bbox 422 2427 1997 2500">
    <p class='ocr_par' dir='ltr' id='par_1_43' title="bbox 422 2427 1997 2500">
     <span class='ocr_line' id='line_1_43' title="bbox 422 2427 1997 2500; baseline -0.001 -16"><span class='ocrx_word' id='word_1_314' title='bbox 422 2429 704 2500; x_wconf 78' lang='lat' dir='ltr'><strong>adjungas,</strong></span> <span class='ocrx_word' id='word_1_315' title='bbox 765 2429 1082 2499; x_wconf 88' lang='lat' dir='ltr'><strong>relictisque</strong></span> <span class='ocrx_word' id='word_1_316' title='bbox 1136 2429 1301 2485; x_wconf 88' lang='lat' dir='ltr'><strong>rebus</strong></span> <span class='ocrx_word' id='word_1_317' title='bbox 1362 2429 1593 2500; x_wconf 87' lang='lat' dir='ltr'><strong>syllabas</strong></span> <span class='ocrx_word' id='word_1_318' title='bbox 1630 2427 1997 2484; x_wconf 88' lang='lat' dir='ltr'><strong>consectcris?</strong></span> 
     </span>
    </p>
   </div>
   <div class='ocr_carea' id='block_1_44' title="bbox 422 2521 1992 2592">
    <p class='ocr_par' dir='ltr' id='par_1_44' title="bbox 422 2521 1992 2592">
     <span class='ocr_line' id='line_1_44' title="bbox 422 2521 1992 2592; baseline -0.003 -15"><span class='ocrx_word' id='word_1_319' title='bbox 422 2524 575 2591; x_wconf 82' lang='lat' dir='ltr'><strong>Quod</strong></span> <span class='ocrx_word' id='word_1_320' title='bbox 619 2524 664 2579; x_wconf 91' lang='lat' dir='ltr'><strong>si</strong></span> <span class='ocrx_word' id='word_1_321' title='bbox 715 2531 765 2578; x_wconf 90' lang='lat' dir='ltr'><strong>te</strong></span> <span class='ocrx_word' id='word_1_322' title='bbox 810 2523 895 2577; x_wconf 91' lang='lat' dir='ltr'><strong>bis</strong></span> <span class='ocrx_word' id='word_1_323' title='bbox 937 2524 1197 2592; x_wconf 87' lang='lat' dir='ltr'><strong>quinque,</strong></span> <span class='ocrx_word' id='word_1_324' title='bbox 1242 2530 1335 2575; x_wconf 89' lang='lat' dir='ltr'><strong>aut</strong></span> <span class='ocrx_word' id='word_1_325' title='bbox 1381 2521 1464 2576; x_wconf 90' lang='lat' dir='ltr'><strong>bis</strong></span> <span class='ocrx_word' id='word_1_326' title='bbox 1508 2532 1714 2591; x_wconf 87' lang='lat' dir='ltr'><strong>septem</strong></span> <span class='ocrx_word' id='word_1_327' title='bbox 1762 2521 1992 2584; x_wconf 86' lang='lat' dir='ltr'><strong>dicente,</strong></span> 
     </span>
    </p>
   </div>
   <div class='ocr_carea' id='block_1_45' title="bbox 421 2611 1992 2683">
    <p class='ocr_par' dir='ltr' id='par_1_45' title="bbox 421 2611 1992 2683">
     <span class='ocr_line' id='line_1_45' title="bbox 421 2611 1992 2683; baseline -0.001 -17"><span class='ocrx_word' id='word_1_328' title='bbox 421 2613 609 2668; x_wconf 88' lang='lat' dir='ltr'><strong>decem</strong></span> <span class='ocrx_word' id='word_1_329' title='bbox 638 2622 732 2667; x_wconf 91' lang='lat' dir='ltr'><strong>aut</strong></span> <span class='ocrx_word' id='word_1_330' title='bbox 765 2613 1176 2683; x_wconf 87' lang='lat' dir='ltr'><strong>quatuordecim</strong></span> <span class='ocrx_word' id='word_1_331' title='bbox 1207 2628 1273 2667; x_wconf 80' lang='lat' dir='ltr'><strong>ex</strong></span> <span class='ocrx_word' id='word_1_332' title='bbox 1310 2612 1489 2667; x_wconf 82' lang='lat' dir='ltr'><strong>verbis</strong></span> <span class='ocrx_word' id='word_1_333' title='bbox 1520 2613 1627 2667; x_wconf 91' lang='lat' dir='ltr'><strong>tuis</strong></span> <span class='ocrx_word' id='word_1_334' title='bbox 1648 2611 1992 2683; x_wconf 80' lang='lat' dir='ltr'><strong>colligerem;</strong></span> 
     </span>
    </p>
   </div>
   <div class='ocr_carea' id='block_1_46' title="bbox 420 2704 1999 2776">
    <p class='ocr_par' dir='ltr' id='par_1_46' title="bbox 420 2704 1999 2776">
     <span class='ocr_line' id='line_1_46' title="bbox 420 2704 1999 2776; baseline -0.001 -17"><span class='ocrx_word' id='word_1_335' title='bbox 420 2714 517 2760; x_wconf 90' lang='lat' dir='ltr'><strong>aut</strong></span> <span class='ocrx_word' id='word_1_336' title='bbox 547 2721 613 2760; x_wconf 80' lang='lat' dir='ltr'><strong>ex</strong></span> <span class='ocrx_word' id='word_1_337' title='bbox 651 2719 737 2769; x_wconf 92' lang='lat' dir='ltr'><strong>eo,</strong></span> <span class='ocrx_word' id='word_1_338' title='bbox 773 2707 917 2776; x_wconf 89' lang='lat' dir='ltr'><strong>quod</strong></span> <span class='ocrx_word' id='word_1_339' title='bbox 948 2706 1150 2760; x_wconf 89' lang='lat' dir='ltr'><strong>animal</strong></span> <span class='ocrx_word' id='word_1_340' title='bbox 1180 2705 1392 2759; x_wconf 87' lang='lat' dir='ltr'><strong>ratione</strong></span> <span class='ocrx_word' id='word_1_341' title='bbox 1425 2704 1708 2772; x_wconf 79' lang='lat' dir='ltr'><strong>praeditum</strong></span> <span class='ocrx_word' id='word_1_342' title='bbox 1754 2715 1810 2760; x_wconf 91' lang='lat' dir='ltr'><strong>et</strong></span> <span class='ocrx_word' id='word_1_343' title='bbox 1850 2720 1999 2758; x_wconf 90' lang='lat' dir='ltr'><strong>mor-</strong></span> 
     </span>
    </p>
   </div>
   <div class='ocr_carea' id='block_1_47' title="bbox 422 2794 1993 2861">
    <p class='ocr_par' dir='ltr' id='par_1_47' title="bbox 422 2794 1993 2861">
     <span class='ocr_line' id='line_1_47' title="bbox 422 2794 1993 2861; baseline -0.001 -11"><span class='ocrx_word' id='word_1_344' title='bbox 422 2797 528 2851; x_wconf 90' lang='lat' dir='ltr'><strong>tale</strong></span> <span class='ocrx_word' id='word_1_345' title='bbox 561 2797 794 2861; x_wconf 87' lang='lat' dir='ltr'><strong>diceres,</strong></span> <span class='ocrx_word' id='word_1_346' title='bbox 834 2796 1106 2851; x_wconf 87' lang='lat' dir='ltr'><strong>hominem</strong></span> <span class='ocrx_word' id='word_1_347' title='bbox 1155 2809 1278 2850; x_wconf 90' lang='lat' dir='ltr'><strong>esse</strong></span> <span class='ocrx_word' id='word_1_348' title='bbox 1317 2794 1733 2860; x_wconf 87' lang='lat' dir='ltr'><strong>concluderem,</strong></span> <span class='ocrx_word' id='word_1_349' title='bbox 1783 2810 1851 2849; x_wconf 87' lang='lat' dir='ltr'><strong>an</strong></span> <span class='ocrx_word' id='word_1_350' title='bbox 1898 2795 1993 2850; x_wconf 87' lang='lat' dir='ltr'><strong>tibi</strong></span> 
     </span>
    </p>
   </div>
   <div class='ocr_carea' id='block_1_48' title="bbox 422 2885 1995 2958">
    <p class='ocr_par' dir='ltr' id='par_1_48' title="bbox 422 2885 1995 2958">
     <span class='ocr_line' id='line_1_48' title="bbox 422 2885 1995 2958; baseline -0.002 -15"><span class='ocrx_word' id='word_1_351' title='bbox 422 2887 620 2958; x_wconf 85' lang='lat' dir='ltr'><strong>nugari</strong></span> <span class='ocrx_word' id='word_1_352' title='bbox 662 2888 909 2942; x_wconf 81' lang='lat' dir='ltr'><strong>viderer?</strong></span> <span class='ocrx_word' id='word_1_353' title='bbox 942 2885 1007 2940; x_wconf 89' lang='lat' dir='ltr'><strong>Et</strong></span> <span class='ocrx_word' id='word_1_354' title='bbox 1041 2901 1148 2955; x_wconf 90' lang='lat' dir='ltr'><strong>quo</strong></span> <span class='ocrx_word' id='word_1_355' title='bbox 1176 2896 1331 2956; x_wconf 87' lang='lat' dir='ltr'><strong>pacto</strong></span> <span class='ocrx_word' id='word_1_356' title='bbox 1368 2886 1420 2940; x_wconf 92' lang='lat' dir='ltr'><strong>id</strong></span> <span class='ocrx_word' id='word_1_357' title='bbox 1454 2886 1569 2941; x_wconf 89' lang='lat' dir='ltr'><strong>ﬁeri</strong></span> <span class='ocrx_word' id='word_1_358' title='bbox 1600 2893 1814 2957; x_wconf 88' lang='lat' dir='ltr'><strong>posset,</strong></span> <span class='ocrx_word' id='word_1_359' title='bbox 1873 2900 1995 2941; x_wconf 81' lang='lat' dir='ltr'><strong>cum</strong></span> 
     </span>
    </p>
   </div>
   <div class='ocr_carea' id='block_1_49' title="bbox 421 2977 1996 3049">
    <p class='ocr_par' dir='ltr' id='par_1_49' title="bbox 421 2977 1996 3049">
     <span class='ocr_line' id='line_1_49' title="bbox 421 2977 1996 3049; baseline -0.001 -16"><span class='ocrx_word' id='word_1_360' title='bbox 421 2987 516 3033; x_wconf 90' lang='lat' dir='ltr'><strong>tua</strong></span> <span class='ocrx_word' id='word_1_361' title='bbox 555 2978 771 3033; x_wconf 86' lang='lat' dir='ltr'><strong>dicam?</strong></span> <span class='ocrx_word' id='word_1_362' title='bbox 804 2977 987 3048; x_wconf 82' lang='lat' dir='ltr'><strong>Neque</strong></span> <span class='ocrx_word' id='word_1_363' title='bbox 1018 2979 1163 3033; x_wconf 91' lang='lat' dir='ltr'><strong>enim</strong></span> <span class='ocrx_word' id='word_1_364' title='bbox 1210 2980 1375 3035; x_wconf 91' lang='lat' dir='ltr'><strong>verba</strong></span> <span class='ocrx_word' id='word_1_365' title='bbox 1405 2978 1577 3048; x_wconf 85' lang='lat' dir='ltr'><strong>magis</strong></span> <span class='ocrx_word' id='word_1_366' title='bbox 1608 2986 1734 3033; x_wconf 92' lang='lat' dir='ltr'><strong>sunt</strong></span> <span class='ocrx_word' id='word_1_367' title='bbox 1761 2977 1878 3049; x_wconf 88' lang='lat' dir='ltr'><strong>ejus</strong></span> <span class='ocrx_word' id='word_1_368' title='bbox 1903 2977 1996 3047; x_wconf 93' lang='lat' dir='ltr'><strong>qui</strong></span> 
     </span>
    </p>
   </div>
   <div class='ocr_carea' id='block_1_50' title="bbox 421 3071 1994 3140">
    <p class='ocr_par' dir='ltr' id='par_1_50' title="bbox 421 3071 1994 3140">
     <span class='ocr_line' id='line_1_50' title="bbox 421 3071 1994 3140; baseline 0 -14"><span class='ocrx_word' id='word_1_369' title='bbox 421 3071 683 3140; x_wconf 88' lang='lat' dir='ltr'><strong>loquitur,</strong></span> <span class='ocrx_word' id='word_1_370' title='bbox 745 3086 905 3139; x_wconf 84' lang='lat' dir='ltr'><strong>quam</strong></span> <span class='ocrx_word' id='word_1_371' title='bbox 960 3071 1103 3126; x_wconf 89' lang='lat' dir='ltr'><strong>illius</strong></span> <span class='ocrx_word' id='word_1_372' title='bbox 1155 3071 1244 3139; x_wconf 89' lang='lat' dir='ltr'><strong>qui</strong></span> <span class='ocrx_word' id='word_1_373' title='bbox 1310 3071 1560 3140; x_wconf 90' lang='lat' dir='ltr'><strong>loquendi</strong></span> <span class='ocrx_word' id='word_1_374' title='bbox 1616 3071 1994 3126; x_wconf 88' lang='lat' dir='ltr'><strong>necessitatem</strong></span> 
     </span>
    </p>
   </div>
   <div class='ocr_carea' id='block_1_51' title="bbox 421 3161 1993 3233">
    <p class='ocr_par' dir='ltr' id='par_1_51' title="bbox 421 3161 1993 3233">
     <span class='ocr_line' id='line_1_51' title="bbox 421 3161 1993 3233; baseline 0 -15"><span class='ocrx_word' id='word_1_375' title='bbox 421 3161 603 3218; x_wconf 76' lang='lat' dir='ltr'><strong>affert.</strong></span> <span class='ocrx_word' id='word_1_376' title='bbox 666 3161 1131 3230; x_wconf 85' lang='lat' dir='ltr'><strong>Quemadmodum</strong></span> <span class='ocrx_word' id='word_1_377' title='bbox 1186 3162 1498 3232; x_wconf 89' lang='lat' dir='ltr'><strong>igiturhic,</strong></span> <span class='ocrx_word' id='word_1_378' title='bbox 1548 3178 1656 3216; x_wconf 92' lang='lat' dir='ltr'><strong>non</strong></span> <span class='ocrx_word' id='word_1_379' title='bbox 1709 3177 1773 3217; x_wconf 84' lang='lat' dir='ltr'><strong>ea</strong></span> <span class='ocrx_word' id='word_1_380' title='bbox 1820 3163 1993 3233; x_wconf 84' lang='lat' dir='ltr'><strong>magis</strong></span> 
     </span>
    </p>
   </div>
   <div class='ocr_carea' id='block_1_52' title="bbox 428 3254 1995 3327">
    <p class='ocr_par' dir='ltr' id='par_1_52' title="bbox 428 3254 1995 3327">
     <span class='ocr_line' id='line_1_52' title="bbox 428 3254 1995 3327; baseline 0.001 -18"><span class='ocrx_word' id='word_1_381' title='bbox 428 3270 553 3326; x_wconf 73' lang='lat' dir='ltr'><strong>quae</strong></span> <span class='ocrx_word' id='word_1_382' title='bbox 583 3256 858 3318; x_wconf 89' lang='lat' dir='ltr'><strong>dicuntur,</strong></span> <span class='ocrx_word' id='word_1_383' title='bbox 881 3270 1042 3324; x_wconf 83' lang='lat' dir='ltr'><strong>quam</strong></span> <span class='ocrx_word' id='word_1_384' title='bbox 1059 3269 1179 3324; x_wconf 68' lang='lat' dir='ltr'><strong>qua:</strong></span> <span class='ocrx_word' id='word_1_385' title='bbox 1206 3254 1599 3324; x_wconf 87' lang='lat' dir='ltr'><strong>intelliguntur,</strong></span> <span class='ocrx_word' id='word_1_386' title='bbox 1633 3256 1995 3327; x_wconf 90' lang='lat' dir='ltr'><strong>respicerem;</strong></span> 
     </span>
    </p>
   </div>
   <div class='ocr_carea' id='block_1_53' title="bbox 420 3343 1999 3414">
    <p class='ocr_par' dir='ltr' id='par_1_53' title="bbox 420 3343 1999 3414">
     <span class='ocr_line' id='line_1_53' title="bbox 420 3343 1999 3414; baseline 0.001 -15"><span class='ocrx_word' id='word_1_387' title='bbox 420 3346 615 3400; x_wconf 90' lang='lat' dir='ltr'><strong>eodem</strong></span> <span class='ocrx_word' id='word_1_388' title='bbox 649 3345 807 3398; x_wconf 90' lang='lat' dir='ltr'><strong>modo</strong></span> <span class='ocrx_word' id='word_1_389' title='bbox 840 3358 961 3406; x_wconf 86' lang='lat' dir='ltr'><strong>nec,</strong></span> <span class='ocrx_word' id='word_1_390' title='bbox 1017 3345 1061 3398; x_wconf 88' lang='lat' dir='ltr'><strong>si</strong></span> <span class='ocrx_word' id='word_1_391' title='bbox 1112 3343 1242 3412; x_wconf 91' lang='lat' dir='ltr'><strong>quid</strong></span> <span class='ocrx_word' id='word_1_392' title='bbox 1279 3343 1423 3397; x_wconf 90' lang='lat' dir='ltr'><strong>aliud</strong></span> <span class='ocrx_word' id='word_1_393' title='bbox 1466 3356 1692 3408; x_wconf 90' lang='lat' dir='ltr'><strong>eorum,</strong></span> <span class='ocrx_word' id='word_1_394' title='bbox 1744 3359 1863 3414; x_wconf 68' lang='lat' dir='ltr'><strong>qua:</strong></span> <span class='ocrx_word' id='word_1_395' title='bbox 1917 3351 1999 3404; x_wconf 88' lang='lat' dir='ltr'><strong>vel</strong></span> 
     </span>
    </p>
   </div>
   <div class='ocr_carea' id='block_1_54' title="bbox 422 3434 1997 3502">
    <p class='ocr_par' dir='ltr' id='par_1_54' title="bbox 422 3434 1997 3502">
     <span class='ocr_line' id='line_1_54' title="bbox 422 3434 1997 3502; baseline 0.001 -11"><span class='ocrx_word' id='word_1_396' title='bbox 422 3438 568 3491; x_wconf 92' lang='lat' dir='ltr'><strong>nullo</strong></span> <span class='ocrx_word' id='word_1_397' title='bbox 598 3436 777 3499; x_wconf 88' lang='lat' dir='ltr'><strong>modo,</strong></span> <span class='ocrx_word' id='word_1_398' title='bbox 812 3434 895 3489; x_wconf 91' lang='lat' dir='ltr'><strong>vel</strong></span> <span class='ocrx_word' id='word_1_399' title='bbox 928 3445 1076 3489; x_wconf 89' lang='lat' dir='ltr'><strong>certe</strong></span> <span class='ocrx_word' id='word_1_400' title='bbox 1098 3452 1201 3488; x_wconf 91' lang='lat' dir='ltr'><strong>non</strong></span> <span class='ocrx_word' id='word_1_401' title='bbox 1234 3435 1366 3489; x_wconf 84' lang='lat' dir='ltr'><strong>satis</strong></span> <span class='ocrx_word' id='word_1_402' title='bbox 1399 3445 1584 3502; x_wconf 90' lang='lat' dir='ltr'><strong>aperte</strong></span> <span class='ocrx_word' id='word_1_403' title='bbox 1609 3434 1882 3498; x_wconf 88' lang='lat' dir='ltr'><strong>dicuntur.</strong></span> <span class='ocrx_word' id='word_1_404' title='bbox 1931 3455 1997 3495; x_wconf 79' lang='lat' dir='ltr'><strong>ex</strong></span> 
     </span>
    </p>
   </div>
   <div class='ocr_carea' id='block_1_55' title="bbox 423 3526 1996 3598">
    <p class='ocr_par' dir='ltr' id='par_1_55' title="bbox 423 3526 1996 3598">
     <span class='ocr_line' id='line_1_55' title="bbox 423 3526 1996 3598; baseline 0.001 -16"><span class='ocrx_word' id='word_1_405' title='bbox 423 3527 705 3598; x_wconf 87' lang='lat' dir='ltr'><strong>Scriptura</strong></span> <span class='ocrx_word' id='word_1_406' title='bbox 764 3538 944 3582; x_wconf 83' lang='lat' dir='ltr'><strong>tamen</strong></span> <span class='ocrx_word' id='word_1_407' title='bbox 998 3526 1226 3596; x_wconf 78' lang='lat' dir='ltr'><strong>intelligi</strong></span> <span class='ocrx_word' id='word_1_408' title='bbox 1294 3527 1588 3596; x_wconf 90' lang='lat' dir='ltr'><strong>colligique</strong></span> <span class='ocrx_word' id='word_1_409' title='bbox 1669 3530 1996 3597; x_wconf 90' lang='lat' dir='ltr'><strong>reperirem,</strong></span> 
     </span>
    </p>
   </div>
   <div class='ocr_carea' id='block_1_56' title="bbox 419 3617 1998 3689">
    <p class='ocr_par' dir='ltr' id='par_1_56' title="bbox 419 3617 1998 3689">
     <span class='ocr_line' id='line_1_56' title="bbox 419 3617 1998 3689; baseline 0.002 -19"><span class='ocrx_word' id='word_1_410' title='bbox 419 3621 555 3674; x_wconf 91' lang='lat' dir='ltr'><strong>adeo</strong></span> <span class='ocrx_word' id='word_1_411' title='bbox 585 3629 638 3673; x_wconf 91' lang='lat' dir='ltr'><strong>te</strong></span> <span class='ocrx_word' id='word_1_412' title='bbox 666 3617 1050 3673; x_wconf 83' lang='lat' dir='ltr'><strong>vocabulorum</strong></span> <span class='ocrx_word' id='word_1_413' title='bbox 1080 3620 1471 3689; x_wconf 85' lang='lat' dir='ltr'><strong>sycophantam</strong></span> <span class='ocrx_word' id='word_1_414' title='bbox 1514 3619 1952 3688; x_wconf 88' lang='lat' dir='ltr'><strong>pertimescerem</strong></span> <span class='ocrx_word' id='word_1_415' title='bbox 1982 3661 1998 3686; x_wconf 95' lang='lat'><strong>,</strong></span> 
     </span>
    </p>
   </div>
   <div class='ocr_carea' id='block_1_57' title="bbox 422 3709 1997 3780">
    <p class='ocr_par' dir='ltr' id='par_1_57' title="bbox 422 3709 1997 3780">
     <span class='ocr_line' id='line_1_57' title="bbox 422 3709 1997 3780; baseline 0.003 -16"><span class='ocrx_word' id='word_1_416' title='bbox 422 3718 480 3764; x_wconf 87' lang='lat' dir='ltr'><strong>ut</strong></span> <span class='ocrx_word' id='word_1_417' title='bbox 504 3710 574 3764; x_wconf 90' lang='lat' dir='ltr'><strong>ab</strong></span> <span class='ocrx_word' id='word_1_418' title='bbox 601 3709 976 3764; x_wconf 87' lang='lat' dir='ltr'><strong>enuntiatione</strong></span> <span class='ocrx_word' id='word_1_419' title='bbox 1013 3710 1126 3779; x_wconf 90' lang='lat' dir='ltr'><strong>ipsa</strong></span> <span class='ocrx_word' id='word_1_420' title='bbox 1173 3710 1502 3780; x_wconf 82' lang='lat' dir='ltr'><strong>relugerem.</strong></span> <span class='ocrx_word' id='word_1_421' title='bbox 1550 3712 1726 3779; x_wconf 83' lang='lat' dir='ltr'><strong>Atque</strong></span> <span class='ocrx_word' id='word_1_422' title='bbox 1755 3713 1823 3767; x_wconf 89' lang='lat' dir='ltr'><strong>ad</strong></span> <span class='ocrx_word' id='word_1_423' title='bbox 1852 3713 1997 3768; x_wconf 91' lang='lat' dir='ltr'><strong>hunc</strong></span> 
     </span>
    </p>
   </div>
   <div class='ocr_carea' id='block_1_58' title="bbox 422 3800 1992 3870">
    <p class='ocr_par' dir='ltr' id='par_1_58' title="bbox 422 3800 1992 3870">
     <span class='ocr_line' id='line_1_58' title="bbox 422 3800 1992 3870; baseline 0.001 -15"><span class='ocrx_word' id='word_1_424' title='bbox 422 3801 640 3855; x_wconf 89' lang='lat' dir='ltr'><strong>modum</strong></span> <span class='ocrx_word' id='word_1_425' title='bbox 698 3800 963 3855; x_wconf 87' lang='lat' dir='ltr'><strong>adversus</strong></span> <span class='ocrx_word' id='word_1_426' title='bbox 1001 3815 1095 3855; x_wconf 93' lang='lat' dir='ltr'><strong>eos</strong></span> <span class='ocrx_word' id='word_1_427' title='bbox 1143 3802 1428 3865; x_wconf 90' lang='lat' dir='ltr'><strong>stabimus,</strong></span> <span class='ocrx_word' id='word_1_428' title='bbox 1498 3801 1590 3870; x_wconf 92' lang='lat' dir='ltr'><strong>qui</strong></span> <span class='ocrx_word' id='word_1_429' title='bbox 1643 3801 1869 3856; x_wconf 86' lang='lat' dir='ltr'><strong>dimidia</strong></span> <span class='ocrx_word' id='word_1_430' title='bbox 1927 3818 1992 3857; x_wconf 82' lang='lat' dir='ltr'><strong>ex</strong></span> 
     </span>
    </p>
   </div>
   <div class='ocr_carea' id='block_1_59' title="bbox 422 3891 1995 3961">
    <p class='ocr_par' dir='ltr' id='par_1_59' title="bbox 422 3891 1995 3961">
     <span class='ocr_line' id='line_1_59' title="bbox 422 3891 1995 3961; baseline 0.003 -17"><span class='ocrx_word' id='word_1_431' title='bbox 422 3899 576 3960; x_wconf 90' lang='lat' dir='ltr'><strong>parte</strong></span> <span class='ocrx_word' id='word_1_432' title='bbox 601 3899 747 3946; x_wconf 82' lang='lat' dir='ltr'><strong>recte</strong></span> <span class='ocrx_word' id='word_1_433' title='bbox 787 3892 1047 3946; x_wconf 88' lang='lat' dir='ltr'><strong>sentiunt.</strong></span> <span class='ocrx_word' id='word_1_434' title='bbox 1082 3891 1200 3945; x_wconf 84' lang='lat' dir='ltr'><strong>Tibi</strong></span> <span class='ocrx_word' id='word_1_435' title='bbox 1230 3892 1398 3957; x_wconf 90' lang='lat' dir='ltr'><strong>enim,</strong></span> <span class='ocrx_word' id='word_1_436' title='bbox 1455 3894 1547 3960; x_wconf 92' lang='lat' dir='ltr'><strong>qui</strong></span> <span class='ocrx_word' id='word_1_437' title='bbox 1600 3891 1736 3946; x_wconf 90' lang='lat' dir='ltr'><strong>Filio</strong></span> <span class='ocrx_word' id='word_1_438' title='bbox 1783 3907 1995 3961; x_wconf 86' lang='lat' dir='ltr'><strong>quoque</strong></span> 
     </span>
    </p>
   </div>
   <div class='ocr_carea' id='block_1_60' title="bbox 421 3981 1993 4052">
    <p class='ocr_par' dir='ltr' id='par_1_60' title="bbox 421 3981 1993 4052">
     <span class='ocr_line' id='line_1_60' title="bbox 421 3981 1993 4052; baseline 0.001 -16"><span class='ocrx_word' id='word_1_439' title='bbox 421 3981 618 4038; x_wconf 90' lang='lat' dir='ltr'><strong>bellum</strong></span> <span class='ocrx_word' id='word_1_440' title='bbox 648 3983 863 4049; x_wconf 81' lang='lat' dir='ltr'><strong>indicis,</strong></span> <span class='ocrx_word' id='word_1_441' title='bbox 908 3998 974 4037; x_wconf 92' lang='lat' dir='ltr'><strong>ne</strong></span> <span class='ocrx_word' id='word_1_442' title='bbox 1024 3984 1125 4037; x_wconf 91' lang='lat' dir='ltr'><strong>hoc</strong></span> <span class='ocrx_word' id='word_1_443' title='bbox 1152 3982 1369 4052; x_wconf 89' lang='lat' dir='ltr'><strong>quidem</strong></span> <span class='ocrx_word' id='word_1_444' title='bbox 1402 3983 1584 4037; x_wconf 87' lang='lat' dir='ltr'><strong>dicere</strong></span> <span class='ocrx_word' id='word_1_445' title='bbox 1629 3982 1810 4037; x_wconf 91' lang='lat' dir='ltr'><strong>liceat.</strong></span> <span class='ocrx_word' id='word_1_446' title='bbox 1861 3983 1993 4037; x_wconf 82' lang='lat' dir='ltr'><strong>Nam</strong></span> 
     </span>
    </p>
   </div>
   <div class='ocr_carea' id='block_1_61' title="bbox 420 4066 1996 4144">
    <p class='ocr_par' dir='ltr' id='par_1_61' title="bbox 420 4066 1996 4144">
     <span class='ocr_line' id='line_1_61' title="bbox 420 4066 1996 4144; baseline 0.001 -16"><span class='ocrx_word' id='word_1_447' title='bbox 420 4066 513 4143; x_wconf 89' lang='lat' dir='ltr'><strong>qui</strong></span> <span class='ocrx_word' id='word_1_448' title='bbox 578 4083 659 4129; x_wconf 90' lang='lat' dir='ltr'><strong>tot</strong></span> <span class='ocrx_word' id='word_1_449' title='bbox 729 4083 951 4144; x_wconf 87' lang='lat' dir='ltr'><strong>tamque</strong></span> <span class='ocrx_word' id='word_1_450' title='bbox 1010 4074 1325 4143; x_wconf 88' lang='lat' dir='ltr'><strong>perspicuas</strong></span> <span class='ocrx_word' id='word_1_451' title='bbox 1372 4073 1543 4143; x_wconf 91' lang='lat' dir='ltr'><strong>ipsius</strong></span> <span class='ocrx_word' id='word_1_452' title='bbox 1607 4075 1996 4144; x_wconf 88' lang='lat' dir='ltr'><strong>appellationes</strong></span> 
     </span>
    </p>
   </div>
   <div class='ocr_carea' id='block_1_62' title="bbox 2172 2150 3682 2231">
    <p class='ocr_par' dir='ltr' id='par_1_62' title="bbox 2172 2150 3682 2231">
     <span class='ocr_line' id='line_1_62' title="bbox 2172 2150 3682 2231; baseline 0.007 -27"><span class='ocrx_word' id='word_1_453' title='bbox 2172 2153 2299 2206; x_wconf 70' lang='grc' dir='ltr'><strong>ΚΝ.</strong></span> <span class='ocrx_word' id='word_1_454' title='bbox 2330 2153 2610 2226; x_wconf 85' lang='grc' dir='ltr'>Τοσαύτης</span> <span class='ocrx_word' id='word_1_455' title='bbox 2631 2150 2724 2209; x_wconf 84' lang='grc' dir='ltr'>οὖν</span> <span class='ocrx_word' id='word_1_456' title='bbox 2748 2154 2913 2227; x_wconf 70' lang='grc' dir='ltr'>οὔσης</span> <span class='ocrx_word' id='word_1_457' title='bbox 2945 2156 3207 2228; x_wconf 77' lang='grc' dir='ltr'>διαφορᾶς</span> <span class='ocrx_word' id='word_1_458' title='bbox 3232 2159 3289 2211; x_wconf 77' lang='grc' dir='ltr'><strong>ἐν</strong></span> <span class='ocrx_word' id='word_1_459' title='bbox 3312 2161 3425 2223; x_wconf 89' lang='grc' dir='ltr'>τοῖς</span> <span class='ocrx_word' id='word_1_460' title='bbox 3451 2161 3682 2231; x_wconf 82' lang='grc' dir='ltr'>ὀνόμασι</span> 
     </span>
    </p>
   </div>
   <div class='ocr_carea' id='block_1_63' title="bbox 2100 2247 3684 2324">
    <p class='ocr_par' dir='ltr' id='par_1_63' title="bbox 2100 2247 3684 2324">
     <span class='ocr_line' id='line_1_63' title="bbox 2100 2247 3684 2324; baseline 0.005 -27"><span class='ocrx_word' id='word_1_461' title='bbox 2100 2247 2194 2297; x_wconf 76' lang='grc' dir='ltr'><strong>καὶ</strong></span> <span class='ocrx_word' id='word_1_462' title='bbox 2221 2248 2333 2309; x_wconf 76' lang='grc' dir='ltr'>τοῖς</span> <span class='ocrx_word' id='word_1_463' title='bbox 2368 2247 2677 2318; x_wconf 82' lang='grc' dir='ltr'>πράγμασι,</span> <span class='ocrx_word' id='word_1_464' title='bbox 2705 2249 2823 2312; x_wconf 86' lang='grc' dir='ltr'><strong>πῶς</strong></span> <span class='ocrx_word' id='word_1_465' title='bbox 2849 2248 2992 2302; x_wconf 79' lang='grc' dir='ltr'>οὕτω</span> <span class='ocrx_word' id='word_1_466' title='bbox 3030 2250 3095 2303; x_wconf 85' lang='grc' dir='ltr'><strong>σὺ</strong></span> <span class='ocrx_word' id='word_1_467' title='bbox 3133 2250 3252 2304; x_wconf 81' lang='grc' dir='ltr'>λίαν</span> <span class='ocrx_word' id='word_1_468' title='bbox 3280 2252 3549 2316; x_wconf 88' lang='grc' dir='ltr'>δουλεύεις</span> <span class='ocrx_word' id='word_1_469' title='bbox 3602 2253 3684 2324; x_wconf 81' lang='grc' dir='ltr'>τῷ</span> 
     </span>
    </p>
   </div>
   <div class='ocr_carea' id='block_1_64' title="bbox 2098 2336 3683 2413">
    <p class='ocr_par' dir='ltr' id='par_1_64' title="bbox 2098 2336 3683 2413">
     <span class='ocr_line' id='line_1_64' title="bbox 2098 2336 3683 2413; baseline 0.006 -25"><span class='ocrx_word' id='word_1_470' title='bbox 2098 2336 2409 2406; x_wconf 84' lang='grc' dir='ltr'>γράμματι.</span> <span class='ocrx_word' id='word_1_471' title='bbox 2444 2338 2537 2390; x_wconf 74' lang='grc' dir='ltr'>καὶ</span> <span class='ocrx_word' id='word_1_472' title='bbox 2559 2339 2683 2410; x_wconf 79' lang='grc' dir='ltr'>γίνῃ</span> <span class='ocrx_word' id='word_1_473' title='bbox 2725 2339 2864 2409; x_wconf 82' lang='grc' dir='ltr'>μετὰ</span> <span class='ocrx_word' id='word_1_474' title='bbox 2893 2340 2995 2411; x_wconf 84' lang='grc' dir='ltr'>τῆς</span> <span class='ocrx_word' id='word_1_475' title='bbox 3032 2341 3324 2413; x_wconf 80' lang='grc' dir='ltr'>Ἰουδαϊκῆς</span> <span class='ocrx_word' id='word_1_476' title='bbox 3350 2344 3561 2413; x_wconf 71' lang='grc' dir='ltr'>σοφίας,</span> <span class='ocrx_word' id='word_1_477' title='bbox 3588 2346 3683 2398; x_wconf 72' lang='grc' dir='ltr'><strong>καὶ</strong></span> 
     </span>
    </p>
   </div>
   <div class='ocr_carea' id='block_1_65' title="bbox 2103 2426 3681 2504">
    <p class='ocr_par' dir='ltr' id='par_1_65' title="bbox 2103 2426 3681 2504">
     <span class='ocr_line' id='line_1_65' title="bbox 2103 2426 3681 2504; baseline 0.004 -26"><span class='ocrx_word' id='word_1_478' title='bbox 2103 2426 2391 2490; x_wconf 81' lang='grc' dir='ltr'>συλλαϐαῖς</span> <span class='ocrx_word' id='word_1_479' title='bbox 2414 2428 2745 2494; x_wconf 87' lang='grc' dir='ltr'>άκολουθεῖς,</span> <span class='ocrx_word' id='word_1_480' title='bbox 2773 2432 2932 2499; x_wconf 77' lang='grc' dir='ltr'>ἀφεὶς</span> <span class='ocrx_word' id='word_1_481' title='bbox 2953 2432 3021 2484; x_wconf 76' lang='grc' dir='ltr'>τὰ</span> <span class='ocrx_word' id='word_1_482' title='bbox 3045 2432 3374 2504; x_wconf 77' lang='grc' dir='ltr'>πράγματας</span> <span class='ocrx_word' id='word_1_483' title='bbox 3406 2435 3467 2485; x_wconf 83' lang='grc' dir='ltr'>Εἰ</span> <span class='ocrx_word' id='word_1_484' title='bbox 3488 2434 3545 2487; x_wconf 83' lang='grc' dir='ltr'>δὲ</span> <span class='ocrx_word' id='word_1_485' title='bbox 3583 2433 3681 2487; x_wconf 81' lang='grc' dir='ltr'>σοῦ</span> 
     </span>
    </p>
   </div>
   <div class='ocr_carea' id='block_1_66' title="bbox 2102 2519 3681 2596">
    <p class='ocr_par' dir='ltr' id='par_1_66' title="bbox 2102 2519 3681 2596">
     <span class='ocr_line' id='line_1_66' title="bbox 2102 2519 3681 2596; baseline 0.002 -23"><span class='ocrx_word' id='word_1_486' title='bbox 2102 2519 2173 2573; x_wconf 78' lang='grc' dir='ltr'>τὰ</span> <span class='ocrx_word' id='word_1_487' title='bbox 2200 2520 2282 2583; x_wconf 73' lang='grc' dir='ltr'><strong>δὶς</strong></span> <span class='ocrx_word' id='word_1_488' title='bbox 2303 2520 2467 2573; x_wconf 80' lang='grc' dir='ltr'>πέντε</span> <span class='ocrx_word' id='word_1_489' title='bbox 2497 2521 2769 2589; x_wconf 84' lang='grc' dir='ltr'>λέγοντος.</span> <span class='ocrx_word' id='word_1_490' title='bbox 2798 2522 2831 2593; x_wconf 82' lang='grc' dir='ltr'>ἢ</span> <span class='ocrx_word' id='word_1_491' title='bbox 2855 2523 2922 2576; x_wconf 82' lang='grc' dir='ltr'>τὰ</span> <span class='ocrx_word' id='word_1_492' title='bbox 2944 2523 3025 2587; x_wconf 71' lang='grc' dir='ltr'>δὶς</span> <span class='ocrx_word' id='word_1_493' title='bbox 3046 2524 3205 2589; x_wconf 77' lang='grc' dir='ltr'>ἑπτὰ,</span> <span class='ocrx_word' id='word_1_494' title='bbox 3252 2524 3320 2577; x_wconf 85' lang='grc' dir='ltr'>τὰ</span> <span class='ocrx_word' id='word_1_495' title='bbox 3347 2524 3479 2577; x_wconf 83' lang='grc' dir='ltr'>δέκα</span> <span class='ocrx_word' id='word_1_496' title='bbox 3515 2527 3681 2596; x_wconf 80' lang='grc' dir='ltr'>συνῆ-</span> 
     </span>
    </p>
   </div>
   <div class='ocr_carea' id='block_1_67' title="bbox 2102 2608 3685 2686">
    <p class='ocr_par' dir='ltr' id='par_1_67' title="bbox 2102 2608 3685 2686">
     <span class='ocr_line' id='line_1_67' title="bbox 2102 2608 3685 2686; baseline 0.004 -24"><span class='ocrx_word' id='word_1_497' title='bbox 2102 2626 2218 2678; x_wconf 88' lang='grc' dir='ltr'>γον,</span> <span class='ocrx_word' id='word_1_498' title='bbox 2255 2608 2576 2682; x_wconf 82' lang='grc' dir='ltr'>ἣτέσσαρες</span> <span class='ocrx_word' id='word_1_499' title='bbox 2612 2611 2704 2664; x_wconf 76' lang='grc' dir='ltr'>καὶ</span> <span class='ocrx_word' id='word_1_500' title='bbox 2739 2612 2870 2666; x_wconf 87' lang='grc' dir='ltr'>δέκα</span> <span class='ocrx_word' id='word_1_501' title='bbox 2913 2614 2977 2666; x_wconf 85' lang='grc' dir='ltr'>ὲκ</span> <span class='ocrx_word' id='word_1_502' title='bbox 3008 2613 3117 2667; x_wconf 85' lang='grc' dir='ltr'><strong>τῶν</strong></span> <span class='ocrx_word' id='word_1_503' title='bbox 3160 2615 3486 2684; x_wconf 60' lang='grc' dir='ltr'>λεγομένων</span> <span class='ocrx_word' id='word_1_504' title='bbox 3518 2615 3552 2686; x_wconf 74' lang='grc' dir='ltr'>ἢ</span> <span class='ocrx_word' id='word_1_505' title='bbox 3615 2617 3685 2668; x_wconf 82' lang='grc' dir='ltr'>ὲκ</span> 
     </span>
    </p>
   </div>
   <div class='ocr_carea' id='block_1_68' title="bbox 2101 2700 3682 2777">
    <p class='ocr_par' dir='ltr' id='par_1_68' title="bbox 2101 2700 3682 2777">
     <span class='ocr_line' id='line_1_68' title="bbox 2101 2700 3682 2777; baseline 0.003 -23"><span class='ocrx_word' id='word_1_506' title='bbox 2101 2701 2220 2765; x_wconf 82' lang='grc' dir='ltr'>τοῦ,</span> <span class='ocrx_word' id='word_1_507' title='bbox 2257 2700 2394 2765; x_wconf 78' lang='grc' dir='ltr'>ζῶον</span> <span class='ocrx_word' id='word_1_508' title='bbox 2416 2702 2526 2773; x_wconf 81' lang='lat'><strong>(&#39;56)</strong></span> <span class='ocrx_word' id='word_1_509' title='bbox 2561 2702 2796 2772; x_wconf 80' lang='grc' dir='ltr'>λογικὸν,</span> <span class='ocrx_word' id='word_1_510' title='bbox 2835 2703 3050 2775; x_wconf 82' lang='grc' dir='ltr'>θνητὸν,</span> <span class='ocrx_word' id='word_1_511' title='bbox 3090 2705 3182 2759; x_wconf 77' lang='grc' dir='ltr'>τὸν</span> <span class='ocrx_word' id='word_1_512' title='bbox 3211 2705 3515 2777; x_wconf 85' lang='grc' dir='ltr'>ἄνθρωπον,</span> <span class='ocrx_word' id='word_1_513' title='bbox 3569 2702 3682 2776; x_wconf 86' lang='grc' dir='ltr'>ἆρα</span> 
     </span>
    </p>
   </div>
   <div class='ocr_carea' id='block_1_69' title="bbox 2103 2791 3680 2863">
    <p class='ocr_par' dir='ltr' id='par_1_69' title="bbox 2103 2791 3680 2863">
     <span class='ocr_line' id='line_1_69' title="bbox 2103 2791 3680 2863; baseline 0.001 -17"><span class='ocrx_word' id='word_1_514' title='bbox 2103 2792 2169 2846; x_wconf 79' lang='grc' dir='ltr'>ἄν</span> <span class='ocrx_word' id='word_1_515' title='bbox 2201 2809 2282 2846; x_wconf 87' lang='grc' dir='ltr'><strong>σοι</strong></span> <span class='ocrx_word' id='word_1_516' title='bbox 2310 2793 2498 2863; x_wconf 83' lang='grc' dir='ltr'>ληρεῖν</span> <span class='ocrx_word' id='word_1_517' title='bbox 2530 2791 2854 2863; x_wconf 82' lang='grc' dir='ltr'>ὲνομίσθην;</span> <span class='ocrx_word' id='word_1_518' title='bbox 2880 2793 2975 2846; x_wconf 79' lang='grc' dir='ltr'>καὶ</span> <span class='ocrx_word' id='word_1_519' title='bbox 3005 2792 3143 2859; x_wconf 85' lang='grc' dir='ltr'>πῶς,</span> <span class='ocrx_word' id='word_1_520' title='bbox 3169 2793 3239 2846; x_wconf 83' lang='grc' dir='ltr'>τὰ</span> <span class='ocrx_word' id='word_1_521' title='bbox 3261 2793 3330 2847; x_wconf 83' lang='grc' dir='ltr'>σὰ</span> <span class='ocrx_word' id='word_1_522' title='bbox 3364 2794 3571 2862; x_wconf 88' lang='grc' dir='ltr'>λέγων;</span> <span class='ocrx_word' id='word_1_523' title='bbox 3603 2795 3680 2847; x_wconf 84' lang='grc' dir='ltr'><strong>Οὐ</strong></span> 
     </span>
    </p>
   </div>
   <div class='ocr_carea' id='block_1_70' title="bbox 2100 2883 3685 2956">
    <p class='ocr_par' dir='ltr' id='par_1_70' title="bbox 2100 2883 3685 2956">
     <span class='ocr_line' id='line_1_70' title="bbox 2100 2883 3685 2956; baseline 0.001 -20"><span class='ocrx_word' id='word_1_524' title='bbox 2100 2884 2210 2955; x_wconf 82' lang='grc' dir='ltr'><strong>γάρ</strong></span> <span class='ocrx_word' id='word_1_525' title='bbox 2243 2883 2338 2938; x_wconf 76' lang='grc' dir='ltr'>τοῦ</span> <span class='ocrx_word' id='word_1_526' title='bbox 2370 2885 2620 2953; x_wconf 88' lang='grc' dir='ltr'>λέγοντος</span> <span class='ocrx_word' id='word_1_527' title='bbox 2654 2884 2852 2956; x_wconf 82' lang='grc' dir='ltr'>μᾶλλον</span> <span class='ocrx_word' id='word_1_528' title='bbox 2876 2886 2926 2938; x_wconf 79' lang='grc' dir='ltr'>οἱ</span> <span class='ocrx_word' id='word_1_529' title='bbox 2955 2884 3125 2954; x_wconf 88' lang='grc' dir='ltr'>λόγοι,</span> <span class='ocrx_word' id='word_1_530' title='bbox 3159 2885 3191 2956; x_wconf 82' lang='grc' dir='ltr'>ἤ</span> <span class='ocrx_word' id='word_1_531' title='bbox 3218 2886 3311 2939; x_wconf 80' lang='grc' dir='ltr'>τοῦ</span> <span class='ocrx_word' id='word_1_532' title='bbox 3345 2886 3524 2955; x_wconf 87' lang='grc' dir='ltr'>λέγειν</span> <span class='ocrx_word' id='word_1_533' title='bbox 3555 2903 3685 2939; x_wconf 89' lang='grc' dir='ltr'>συν-</span> 
     </span>
    </p>
   </div>
   <div class='ocr_carea' id='block_1_71' title="bbox 2102 2974 3684 3049">
    <p class='ocr_par' dir='ltr' id='par_1_71' title="bbox 2102 2974 3684 3049">
     <span class='ocr_line' id='line_1_71' title="bbox 2102 2974 3684 3049; baseline -0.001 -18"><span class='ocrx_word' id='word_1_534' title='bbox 2102 2976 2519 3047; x_wconf 79' lang='grc' dir='ltr'>αναγκάζοντος.</span> <span class='ocrx_word' id='word_1_535' title='bbox 2555 2978 2771 3049; x_wconf 83' lang='grc' dir='ltr'>Ὥσπερ</span> <span class='ocrx_word' id='word_1_536' title='bbox 2799 2974 2892 3031; x_wconf 85' lang='grc' dir='ltr'>οὗν</span> <span class='ocrx_word' id='word_1_537' title='bbox 2923 2977 3157 3033; x_wconf 70' lang='grc' dir='ltr'>ἐνταῦθα</span> <span class='ocrx_word' id='word_1_538' title='bbox 3179 2978 3279 3031; x_wconf 80' lang='grc' dir='ltr'><strong>οὐκ</strong></span> <span class='ocrx_word' id='word_1_539' title='bbox 3309 2978 3374 3031; x_wconf 77' lang='grc' dir='ltr'><strong>ἂν</strong></span> <span class='ocrx_word' id='word_1_540' title='bbox 3411 2977 3479 3030; x_wconf 82' lang='grc' dir='ltr'><strong>τά</strong></span> <span class='ocrx_word' id='word_1_541' title='bbox 3525 2977 3684 3047; x_wconf 83' lang='grc' dir='ltr'>λεγό-</span> 
     </span>
    </p>
   </div>
   <div class='ocr_carea' id='block_1_72' title="bbox 2103 3070 3683 3143">
    <p class='ocr_par' dir='ltr' id='par_1_72' title="bbox 2103 3070 3683 3143">
     <span class='ocr_line' id='line_1_72' title="bbox 2103 3070 3683 3143; baseline 0.001 -18"><span class='ocrx_word' id='word_1_542' title='bbox 2103 3090 2241 3143; x_wconf 87' lang='grc' dir='ltr'>μενα</span> <span class='ocrx_word' id='word_1_543' title='bbox 2301 3071 2498 3142; x_wconf 84' lang='grc' dir='ltr'>μᾶλλον</span> <span class='ocrx_word' id='word_1_544' title='bbox 2530 3070 2817 3135; x_wconf 74' lang='grc' dir='ltr'>ἐσκόπουν,</span> <span class='ocrx_word' id='word_1_545' title='bbox 2845 3070 2879 3140; x_wconf 81' lang='grc' dir='ltr'>ἢ</span> <span class='ocrx_word' id='word_1_546' title='bbox 2912 3070 2982 3124; x_wconf 82' lang='grc' dir='ltr'>τὰ</span> <span class='ocrx_word' id='word_1_547' title='bbox 3009 3071 3294 3142; x_wconf 81' lang='grc' dir='ltr'>νοούμενα·</span> <span class='ocrx_word' id='word_1_548' title='bbox 3356 3072 3529 3136; x_wconf 73' lang='grc' dir='ltr'>οὕτως</span> <span class='ocrx_word' id='word_1_549' title='bbox 3558 3072 3683 3127; x_wconf 70' lang='grc' dir='ltr'>οὐδὲ</span> 
     </span>
    </p>
   </div>
   <div class='ocr_carea' id='block_1_73' title="bbox 2099 3157 3683 3232">
    <p class='ocr_par' dir='ltr' id='par_1_73' title="bbox 2099 3157 3683 3232">
     <span class='ocr_line' id='line_1_73' title="bbox 2099 3157 3683 3232; baseline 0.01 -21"><span class='ocrx_word' id='word_1_550' title='bbox 2099 3159 2219 3211; x_wconf 77' lang='grc' dir='ltr'>εἴτι</span> <span class='ocrx_word' id='word_1_551' title='bbox 2248 3160 2359 3228; x_wconf 80' lang='grc'><strong>(57)</strong></span> <span class='ocrx_word' id='word_1_552' title='bbox 2386 3158 2515 3211; x_wconf 76' lang='grc' dir='ltr'>ἄλλο</span> <span class='ocrx_word' id='word_1_553' title='bbox 2541 3157 2650 3211; x_wconf 82' lang='grc' dir='ltr'><strong>τῶν</strong></span> <span class='ocrx_word' id='word_1_554' title='bbox 2675 3159 2749 3229; x_wconf 87' lang='grc' dir='ltr'>μὴ</span> <span class='ocrx_word' id='word_1_555' title='bbox 2774 3158 3154 3231; x_wconf 82' lang='grc' dir='ltr'>λεγομένων,ἧ</span> <span class='ocrx_word' id='word_1_556' title='bbox 3179 3161 3254 3232; x_wconf 83' lang='grc' dir='ltr'>μὴ</span> <span class='ocrx_word' id='word_1_557' title='bbox 3284 3161 3469 3231; x_wconf 66' lang='grc' dir='ltr'>σαφῶς</span> <span class='ocrx_word' id='word_1_558' title='bbox 3494 3164 3558 3215; x_wconf 66' lang='grc' dir='ltr'>ἐκ</span> <span class='ocrx_word' id='word_1_559' title='bbox 3581 3163 3683 3232; x_wconf 76' lang='grc' dir='ltr'><strong>τῆς</strong></span> 
     </span>
    </p>
   </div>
   <div class='ocr_carea' id='block_1_74' title="bbox 2097 3249 3683 3325">
    <p class='ocr_par' dir='ltr' id='par_1_74' title="bbox 2097 3249 3683 3325">
     <span class='ocr_line' id='line_1_74' title="bbox 2097 3249 3683 3325; baseline 0.004 -24"><span class='ocrx_word' id='word_1_560' title='bbox 2097 3249 2318 3320; x_wconf 72' lang='grc' dir='ltr'>Γραφῆς</span> <span class='ocrx_word' id='word_1_561' title='bbox 2348 3250 2637 3320; x_wconf 78' lang='grc' dir='ltr'>νοούμενον</span> <span class='ocrx_word' id='word_1_562' title='bbox 2665 3250 2776 3321; x_wconf 77' lang='lat'><strong>(58)</strong></span> <span class='ocrx_word' id='word_1_563' title='bbox 2819 3249 3094 3323; x_wconf 81' lang='grc' dir='ltr'>εὕρισκον,</span> <span class='ocrx_word' id='word_1_564' title='bbox 3130 3251 3329 3322; x_wconf 78' lang='grc' dir='ltr'>ἔφυγον</span> <span class='ocrx_word' id='word_1_565' title='bbox 3369 3252 3436 3307; x_wconf 86' lang='grc' dir='ltr'>ἂν</span> <span class='ocrx_word' id='word_1_566' title='bbox 3460 3255 3562 3325; x_wconf 79' lang='grc' dir='ltr'>τὴν</span> <span class='ocrx_word' id='word_1_567' title='bbox 3589 3257 3683 3309; x_wconf 83' lang='grc' dir='ltr'><strong>ὲκ-</strong></span> 
     </span>
    </p>
   </div>
   <div class='ocr_carea' id='block_1_75' title="bbox 2103 3338 3683 3416">
    <p class='ocr_par' dir='ltr' id='par_1_75' title="bbox 2103 3338 3683 3416">
     <span class='ocr_line' id='line_1_75' title="bbox 2103 3338 3683 3416; baseline 0.006 -26"><span class='ocrx_word' id='word_1_568' title='bbox 2103 3338 2345 3409; x_wconf 83' lang='grc' dir='ltr'>φώνησιν</span> <span class='ocrx_word' id='word_1_569' title='bbox 2398 3339 2531 3409; x_wconf 82' lang='grc'><strong>(59),</strong></span> <span class='ocrx_word' id='word_1_570' title='bbox 2576 3340 2911 3411; x_wconf 75' lang='grc' dir='ltr'>φοϐούμενος</span> <span class='ocrx_word' id='word_1_571' title='bbox 2967 3340 3026 3394; x_wconf 80' lang='grc' dir='ltr'><strong>σὲ</strong></span> <span class='ocrx_word' id='word_1_572' title='bbox 3057 3341 3148 3394; x_wconf 83' lang='grc' dir='ltr'><strong>τὸν</strong></span> <span class='ocrx_word' id='word_1_573' title='bbox 3184 3344 3528 3416; x_wconf 75' lang='grc' dir='ltr'>συκοφάντην</span> <span class='ocrx_word' id='word_1_574' title='bbox 3570 3345 3683 3400; x_wconf 82' lang='grc' dir='ltr'><strong>τῶν</strong></span> 
     </span>
    </p>
   </div>
   <div class='ocr_carea' id='block_1_76' title="bbox 2102 3428 3684 3506">
    <p class='ocr_par' dir='ltr' id='par_1_76' title="bbox 2102 3428 3684 3506">
     <span class='ocr_line' id='line_1_76' title="bbox 2102 3428 3684 3506; baseline 0.004 -23"><span class='ocrx_word' id='word_1_575' title='bbox 2102 3430 2405 3501; x_wconf 83' lang='grc' dir='ltr'>ὀνομάτων.</span> <span class='ocrx_word' id='word_1_576' title='bbox 2444 3430 2600 3484; x_wconf 80' lang='grc' dir='ltr'>Οὖτω</span> <span class='ocrx_word' id='word_1_577' title='bbox 2651 3432 2749 3501; x_wconf 84' lang='grc' dir='ltr'>μὲν</span> <span class='ocrx_word' id='word_1_578' title='bbox 2783 3428 2875 3485; x_wconf 74' lang='grc' dir='ltr'>οὖν</span> <span class='ocrx_word' id='word_1_579' title='bbox 2926 3433 3239 3503; x_wconf 83' lang='grc' dir='ltr'>στησόμεθα</span> <span class='ocrx_word' id='word_1_580' title='bbox 3280 3435 3415 3505; x_wconf 79' lang='grc' dir='ltr'>πρὸς</span> <span class='ocrx_word' id='word_1_581' title='bbox 3440 3438 3570 3501; x_wconf 83' lang='grc' dir='ltr'>τοὺς</span> <span class='ocrx_word' id='word_1_582' title='bbox 3624 3437 3684 3506; x_wconf 79' lang='grc' dir='ltr'><strong>ἐξ</strong></span> 
     </span>
    </p>
   </div>
   <div class='ocr_carea' id='block_1_77' title="bbox 2102 3520 3685 3593">
    <p class='ocr_par' dir='ltr' id='par_1_77' title="bbox 2102 3520 3685 3593">
     <span class='ocr_line' id='line_1_77' title="bbox 2102 3520 3685 3593; baseline 0.004 -20"><span class='ocrx_word' id='word_1_583' title='bbox 2102 3521 2357 3593; x_wconf 67' lang='grc' dir='ltr'>ἡμισείας</span> <span class='ocrx_word' id='word_1_584' title='bbox 2390 3520 2758 3592; x_wconf 81' lang='grc' dir='ltr'>εὐγνώμονας.</span> <span class='ocrx_word' id='word_1_585' title='bbox 2805 3521 2895 3574; x_wconf 79' lang='grc' dir='ltr'><strong>Σοὶ</strong></span> <span class='ocrx_word' id='word_1_586' title='bbox 2917 3522 3026 3593; x_wconf 79' lang='grc' dir='ltr'>γὰρ</span> <span class='ocrx_word' id='word_1_587' title='bbox 3053 3523 3173 3576; x_wconf 78' lang='grc' dir='ltr'>οὐδὲ</span> <span class='ocrx_word' id='word_1_588' title='bbox 3200 3523 3359 3579; x_wconf 73' lang='grc' dir='ltr'>τοῦτο</span> <span class='ocrx_word' id='word_1_589' title='bbox 3386 3524 3565 3589; x_wconf 75' lang='grc' dir='ltr'>ἔξεστι</span> <span class='ocrx_word' id='word_1_590' title='bbox 3595 3527 3685 3580; x_wconf 75' lang='grc' dir='ltr'>λέο</span> 
     </span>
    </p>
   </div>
   <div class='ocr_carea' id='block_1_78' title="bbox 2100 3613 3686 3690">
    <p class='ocr_par' dir='ltr' id='par_1_78' title="bbox 2100 3613 3686 3690">
     <span class='ocr_line' id='line_1_78' title="bbox 2100 3613 3686 3690; baseline 0.004 -24"><span class='ocrx_word' id='word_1_591' title='bbox 2100 3631 2237 3683; x_wconf 90' lang='grc' dir='ltr'>γειν.</span> <span class='ocrx_word' id='word_1_592' title='bbox 2291 3614 2349 3666; x_wconf 85' lang='lat'><strong>&#39;0</strong></span> <span class='ocrx_word' id='word_1_593' title='bbox 2374 3613 2483 3685; x_wconf 85' lang='grc' dir='ltr'>γὰρ</span> <span class='ocrx_word' id='word_1_594' title='bbox 2518 3613 2618 3678; x_wconf 77' lang='grc' dir='ltr'>τὰς</span> <span class='ocrx_word' id='word_1_595' title='bbox 2644 3613 2738 3667; x_wconf 78' lang='grc' dir='ltr'>τοῦ</span> <span class='ocrx_word' id='word_1_596' title='bbox 2772 3614 2903 3667; x_wconf 85' lang='grc' dir='ltr'><strong>Υἱοῦ</strong></span> <span class='ocrx_word' id='word_1_597' title='bbox 2922 3617 3309 3689; x_wconf 80' lang='grc' dir='ltr'>προσηγορίας,</span> <span class='ocrx_word' id='word_1_598' title='bbox 3334 3617 3507 3681; x_wconf 77' lang='grc' dir='ltr'>οὕτως</span> <span class='ocrx_word' id='word_1_599' title='bbox 3526 3622 3686 3690; x_wconf 77' lang='grc' dir='ltr'>ὲναρο</span> 
     </span>
    </p>
   </div>
   <div class='ocr_carea' id='block_1_79' title="bbox 2102 3703 3685 3778">
    <p class='ocr_par' dir='ltr' id='par_1_79' title="bbox 2102 3703 3685 3778">
     <span class='ocr_line' id='line_1_79' title="bbox 2102 3703 3685 3778; baseline 0.006 -22"><span class='ocrx_word' id='word_1_600' title='bbox 2102 3708 2219 3773; x_wconf 85' lang='grc' dir='ltr'>γεῖς</span> <span class='ocrx_word' id='word_1_601' title='bbox 2245 3703 2409 3768; x_wconf 72' lang='grc' dir='ltr'>οὔσας</span> <span class='ocrx_word' id='word_1_602' title='bbox 2439 3704 2533 3758; x_wconf 71' lang='grc' dir='ltr'><strong>καὶ</strong></span> <span class='ocrx_word' id='word_1_603' title='bbox 2559 3705 2846 3771; x_wconf 80' lang='grc' dir='ltr'>τοσαύτας,</span> <span class='ocrx_word' id='word_1_604' title='bbox 2870 3706 3224 3778; x_wconf 81' lang='grc' dir='ltr'>ἀρνούμενος,</span> <span class='ocrx_word' id='word_1_605' title='bbox 3259 3710 3367 3763; x_wconf 80' lang='grc' dir='ltr'>οὐδ’</span> <span class='ocrx_word' id='word_1_606' title='bbox 3394 3709 3459 3764; x_wconf 84' lang='grc' dir='ltr'>ἂν</span> <span class='ocrx_word' id='word_1_607' title='bbox 3475 3712 3685 3775; x_wconf 81' lang='grc' dir='ltr'>ταύτας</span> 
     </span>
    </p>
   </div>
   <div class='ocr_carea' id='block_1_80' title="bbox 2103 3798 3687 3871">
    <p class='ocr_par' dir='ltr' id='par_1_80' title="bbox 2103 3798 3687 3871">
     <span class='ocr_line' id='line_1_80' title="bbox 2103 3798 3687 3871; baseline 0.003 -20"><span class='ocrx_word' id='word_1_608' title='bbox 2103 3799 2338 3870; x_wconf 79' lang='grc' dir='ltr'>ῂδέσθης</span> <span class='ocrx_word' id='word_1_609' title='bbox 2398 3798 2665 3869; x_wconf 87' lang='grc' dir='ltr'>δηλονότι,</span> <span class='ocrx_word' id='word_1_610' title='bbox 2719 3798 2815 3852; x_wconf 66' lang='grc' dir='ltr'><strong>κα)⁵</strong></span> <span class='ocrx_word' id='word_1_611' title='bbox 2867 3802 2916 3853; x_wconf 85' lang='grc' dir='ltr'><strong>εί</strong></span> <span class='ocrx_word' id='word_1_612' title='bbox 2978 3800 3158 3871; x_wconf 86' lang='grc' dir='ltr'>πολλῷ</span> <span class='ocrx_word' id='word_1_613' title='bbox 3202 3802 3545 3871; x_wconf 85' lang='grc' dir='ltr'>σαφεστέρας</span> <span class='ocrx_word' id='word_1_614' title='bbox 3588 3806 3687 3857; x_wconf 75' lang='grc' dir='ltr'>καὶ</span> 
     </span>
    </p>
   </div>
   <div class='ocr_carea' id='block_1_81' title="bbox 2102 3891 3685 3964">
    <p class='ocr_par' dir='ltr' id='par_1_81' title="bbox 2102 3891 3685 3964">
     <span class='ocr_line' id='line_1_81' title="bbox 2102 3891 3685 3964; baseline 0.003 -21"><span class='ocrx_word' id='word_1_615' title='bbox 2102 3891 2322 3954; x_wconf 89' lang='grc' dir='ltr'>πλείους</span> <span class='ocrx_word' id='word_1_616' title='bbox 2344 3891 2660 3959; x_wconf 74' lang='grc' dir='ltr'>ἐγίνωσκες.</span> <span class='ocrx_word' id='word_1_617' title='bbox 2703 3891 2840 3963; x_wconf 85' lang='grc' dir='ltr'>Ἤδη</span> <span class='ocrx_word' id='word_1_618' title='bbox 2886 3892 2943 3944; x_wconf 89' lang='grc' dir='ltr'><strong>δε</strong></span> <span class='ocrx_word' id='word_1_619' title='bbox 2976 3893 3069 3945; x_wconf 72' lang='grc' dir='ltr'><strong>καὶ</strong></span> <span class='ocrx_word' id='word_1_620' title='bbox 3120 3894 3219 3963; x_wconf 78' lang='grc' dir='ltr'>τὴν</span> <span class='ocrx_word' id='word_1_621' title='bbox 3247 3894 3424 3946; x_wconf 88' lang='grc' dir='ltr'>αἰτίαν</span> <span class='ocrx_word' id='word_1_622' title='bbox 3456 3894 3685 3964; x_wconf 75' lang='grc' dir='ltr'>δηλώσω</span> 
     </span>
    </p>
   </div>
   <div class='ocr_carea' id='block_1_82' title="bbox 2101 3979 3681 4055">
    <p class='ocr_par' dir='ltr' id='par_1_82' title="bbox 2101 3979 3681 4055">
     <span class='ocr_line' id='line_1_82' title="bbox 2101 3979 3681 4055; baseline 0.001 -22"><span class='ocrx_word' id='word_1_623' title='bbox 2101 3982 2202 4051; x_wconf 80' lang='grc' dir='ltr'><strong>τῆς</strong></span> <span class='ocrx_word' id='word_1_624' title='bbox 2246 3981 2427 4051; x_wconf 83' lang='grc' dir='ltr'>πάσης</span> <span class='ocrx_word' id='word_1_625' title='bbox 2470 3981 2844 4051; x_wconf 72' lang='grc' dir='ltr'>ἐπικρύψεως.</span> <span class='ocrx_word' id='word_1_626' title='bbox 2896 3982 3097 4053; x_wconf 84' lang='grc' dir='ltr'>καίπερ</span> <span class='ocrx_word' id='word_1_627' title='bbox 3120 3985 3301 4052; x_wconf 70' lang='grc' dir='ltr'>σοφοῖς</span> <span class='ocrx_word' id='word_1_628' title='bbox 3342 3979 3491 4036; x_wconf 81' lang='grc' dir='ltr'>οὖσιν</span> <span class='ocrx_word' id='word_1_629' title='bbox 3527 3986 3681 4055; x_wconf 80' lang='grc' dir='ltr'>ὑμῖν,</span> 
     </span>
    </p>
   </div>
   <div class='ocr_carea' id='block_1_83' title="bbox 2104 4072 2969 4145">
    <p class='ocr_par' dir='ltr' id='par_1_83' title="bbox 2104 4072 2969 4145">
     <span class='ocr_line' id='line_1_83' title="bbox 2104 4072 2969 4145; baseline 0.002 -20"><span class='ocrx_word' id='word_1_630' title='bbox 2104 4072 2273 4145; x_wconf 85' lang='grc' dir='ltr'>βραχύ</span> <span class='ocrx_word' id='word_1_631' title='bbox 2293 4091 2346 4126; x_wconf 91' lang='grc' dir='ltr'><strong>τι</strong></span> <span class='ocrx_word' id='word_1_632' title='bbox 2376 4072 2466 4125; x_wconf 81' lang='grc' dir='ltr'><strong>τὸν</strong></span> <span class='ocrx_word' id='word_1_633' title='bbox 2482 4073 2638 4141; x_wconf 86' lang='grc' dir='ltr'>λόγον</span> <span class='ocrx_word' id='word_1_634' title='bbox 2662 4072 2969 4143; x_wconf 81' lang='grc' dir='ltr'>ἀναγαγών.</span> 
     </span>
    </p>
   </div>
   <div class='ocr_carea' id='block_1_84' title="bbox 420 4168 3676 4239">
    <p class='ocr_par' dir='ltr' id='par_1_84' title="bbox 420 4168 3676 4239">
     <span class='ocr_line' id='line_1_84' title="bbox 420 4168 3676 4239; baseline 0 -16"><span class='ocrx_word' id='word_1_635' title='bbox 420 4171 693 4239; x_wconf 82' lang='lat' dir='ltr'><strong>abnegas,</strong></span> <span class='ocrx_word' id='word_1_636' title='bbox 750 4185 820 4224; x_wconf 89' lang='lat' dir='ltr'><strong>ne</strong></span> <span class='ocrx_word' id='word_1_637' title='bbox 867 4169 952 4224; x_wconf 87' lang='lat' dir='ltr'><strong>his</strong></span> <span class='ocrx_word' id='word_1_638' title='bbox 1004 4169 1219 4238; x_wconf 87' lang='lat' dir='ltr'><strong>quidem</strong></span> <span class='ocrx_word' id='word_1_639' title='bbox 1260 4168 1612 4239; x_wconf 80' lang='lat' dir='ltr'><strong>proculdubio</strong></span> <span class='ocrx_word' id='word_1_640' title='bbox 1663 4171 1979 4235; x_wconf 87' lang='lat' dir='ltr'><strong>movereris,</strong></span> <span class='ocrx_word' id='word_1_641' title='bbox 2020 4171 2181 4225; x_wconf 85' lang='lat' dir='ltr'><strong>etiam</strong></span> <span class='ocrx_word' id='word_1_642' title='bbox 2254 4172 2298 4224; x_wconf 89' lang='lat' dir='ltr'><strong>si</strong></span> <span class='ocrx_word' id='word_1_643' title='bbox 2378 4169 2545 4222; x_wconf 87' lang='lat' dir='ltr'><strong>mullo</strong></span> <span class='ocrx_word' id='word_1_644' title='bbox 2627 4169 2804 4238; x_wconf 85' lang='lat' dir='ltr'><strong>plures</strong></span> <span class='ocrx_word' id='word_1_645' title='bbox 2854 4171 3259 4236; x_wconf 75' lang='lat' dir='ltr'><strong>apertioresque</strong></span> <span class='ocrx_word' id='word_1_646' title='bbox 3299 4184 3676 4239; x_wconf 79' lang='lat' dir='ltr'><strong>cognosceres.</strong></span> 
     </span>
    </p>
   </div>
   <div class='ocr_carea' id='block_1_85' title="bbox 422 4258 3677 4333">
    <p class='ocr_par' dir='ltr' id='par_1_85' title="bbox 422 4258 3677 4333">
     <span class='ocr_line' id='line_1_85' title="bbox 422 4258 3677 4333; baseline 0.001 -19"><span class='ocrx_word' id='word_1_647' title='bbox 422 4259 527 4314; x_wconf 82' lang='lat' dir='ltr'><strong>Sed</strong></span> <span class='ocrx_word' id='word_1_648' title='bbox 550 4258 662 4327; x_wconf 84' lang='lat' dir='ltr'><strong>jam</strong></span> <span class='ocrx_word' id='word_1_649' title='bbox 693 4260 855 4314; x_wconf 87' lang='lat' dir='ltr'><strong>altius</strong></span> <span class='ocrx_word' id='word_1_650' title='bbox 883 4260 1161 4329; x_wconf 87' lang='lat' dir='ltr'><strong>aliquanto</strong></span> <span class='ocrx_word' id='word_1_651' title='bbox 1181 4275 1487 4316; x_wconf 87' lang='lat' dir='ltr'><strong>sermonem</strong></span> <span class='ocrx_word' id='word_1_652' title='bbox 1507 4272 1778 4332; x_wconf 87' lang='lat' dir='ltr'><strong>repetens,</strong></span> <span class='ocrx_word' id='word_1_653' title='bbox 1807 4263 1981 4327; x_wconf 87' lang='lat' dir='ltr'><strong>vobis,</strong></span> <span class='ocrx_word' id='word_1_654' title='bbox 2051 4263 2265 4317; x_wconf 90' lang='lat' dir='ltr'><strong>tametsi</strong></span> <span class='ocrx_word' id='word_1_655' title='bbox 2329 4262 2659 4331; x_wconf 82' lang='lat' dir='ltr'><strong>sapientibus</strong></span> <span class='ocrx_word' id='word_1_656' title='bbox 2706 4274 2761 4316; x_wconf 92' lang='lat' dir='ltr'><strong>et</strong></span> <span class='ocrx_word' id='word_1_657' title='bbox 2811 4262 3061 4327; x_wconf 91' lang='lat' dir='ltr'><strong>eruditis,</strong></span> <span class='ocrx_word' id='word_1_658' title='bbox 3105 4262 3282 4317; x_wconf 88' lang='lat' dir='ltr'><strong>omnis</strong></span> <span class='ocrx_word' id='word_1_659' title='bbox 3347 4263 3677 4333; x_wconf 63' lang='lat' dir='ltr'><strong>aeuigmatici</strong></span> 
     </span>
    </p>
   </div>
   <div class='ocr_carea' id='block_1_86' title="bbox 418 4351 1267 4421">
    <p class='ocr_par' dir='ltr' id='par_1_86' title="bbox 418 4351 1267 4421">
     <span class='ocr_line' id='line_1_86' title="bbox 418 4351 1267 4421; baseline 0 -16"><span class='ocrx_word' id='word_1_660' title='bbox 418 4351 689 4405; x_wconf 86' lang='lat' dir='ltr'><strong>sermonis</strong></span> <span class='ocrx_word' id='word_1_661' title='bbox 720 4366 937 4406; x_wconf 88' lang='lat' dir='ltr'><strong>causam</strong></span> <span class='ocrx_word' id='word_1_662' title='bbox 965 4352 1267 4421; x_wconf 81' lang='lat' dir='ltr'><strong>explicabo.</strong></span> 
     </span>
    </p>
   </div>
   <div class='ocr_carea' id='block_1_87' title="bbox 496 4441 1995 4514">
    <p class='ocr_par' dir='ltr' id='par_1_87' title="bbox 496 4441 1993 4502">
     <span class='ocr_line' id='line_1_87' title="bbox 496 4441 1993 4502; baseline 0.004 -7"><span class='ocrx_word' id='word_1_663' title='bbox 496 4441 664 4497; x_wconf 80' lang='lat' dir='ltr'><strong>XXV.</strong></span> <span class='ocrx_word' id='word_1_664' title='bbox 702 4443 829 4499; x_wconf 72' lang='lat' dir='ltr'><strong>Duae</strong></span> <span class='ocrx_word' id='word_1_665' title='bbox 857 4461 923 4501; x_wconf 79' lang='lat' dir='ltr'><strong>ex</strong></span> <span class='ocrx_word' id='word_1_666' title='bbox 956 4447 1105 4501; x_wconf 92' lang='lat' dir='ltr'><strong>omni</strong></span> <span class='ocrx_word' id='word_1_667' title='bbox 1136 4461 1254 4502; x_wconf 72' lang='lat' dir='ltr'><strong>aevo</strong></span> <span class='ocrx_word' id='word_1_668' title='bbox 1286 4446 1523 4502; x_wconf 88' lang='lat' dir='ltr'><strong>illustres</strong></span> <span class='ocrx_word' id='word_1_669' title='bbox 1548 4447 1782 4502; x_wconf 87' lang='lat' dir='ltr'><strong>vitarum</strong></span> <span class='ocrx_word' id='word_1_670' title='bbox 1815 4457 1993 4502; x_wconf 85' lang='lat' dir='ltr'><strong>muta-</strong></span> 
     </span>
    </p>
   </div>
   <div class='ocr_carea' id='block_1_88' title="bbox 2104 4441 3679 4514">
    <p class='ocr_par' dir='ltr' id='par_1_88' title="bbox 2170 4442 3679 4514">
     <span class='ocr_line' id='line_1_88' title="bbox 2170 4442 3679 4514; baseline 0.001 -16"><span class='ocrx_word' id='word_1_671' title='bbox 2170 4446 2298 4499; x_wconf 83' lang='lat' dir='ltr'><strong>KE&#39;.</strong></span> <span class='ocrx_word' id='word_1_672' title='bbox 2327 4444 2430 4497; x_wconf 90' lang='grc' dir='ltr'>Δύο</span> <span class='ocrx_word' id='word_1_673' title='bbox 2457 4443 2714 4513; x_wconf 87' lang='grc' dir='ltr'>γεγόνασι</span> <span class='ocrx_word' id='word_1_674' title='bbox 2749 4442 3068 4514; x_wconf 86' lang='grc' dir='ltr'>μεταθέσεις</span> <span class='ocrx_word' id='word_1_675' title='bbox 3119 4443 3249 4514; x_wconf 82' lang='grc' dir='ltr'>βίων</span> <span class='ocrx_word' id='word_1_676' title='bbox 3275 4444 3563 4514; x_wconf 80' lang='grc' dir='ltr'>ἐπιφανεῖς</span> <span class='ocrx_word' id='word_1_677' title='bbox 3613 4448 3679 4501; x_wconf 75' lang='grc' dir='ltr'>ἐκ</span> 
     </span>
    </p>
   </div>
   <div class='ocr_carea' id='block_1_89' title="bbox 423 4535 1991 4607">
    <p class='ocr_par' dir='ltr' id='par_1_89' title="bbox 423 4535 1991 4607">
     <span class='ocr_line' id='line_1_89' title="bbox 423 4535 1991 4607; baseline 0.003 -19"><span class='ocrx_word' id='word_1_678' title='bbox 423 4535 597 4592; x_wconf 76' lang='lat' dir='ltr'><strong>tiones</strong></span> <span class='ocrx_word' id='word_1_679' title='bbox 656 4537 1015 4603; x_wconf 79' lang='lat' dir='ltr'><strong>exstiterunt,</strong></span> <span class='ocrx_word' id='word_1_680' title='bbox 1074 4554 1194 4607; x_wconf 69' lang='lat' dir='ltr'><strong>quae</strong></span> <span class='ocrx_word' id='word_1_681' title='bbox 1232 4541 1394 4594; x_wconf 87' lang='lat' dir='ltr'><strong>etiam</strong></span> <span class='ocrx_word' id='word_1_682' title='bbox 1452 4540 1560 4594; x_wconf 93' lang='lat' dir='ltr'><strong>duo</strong></span> <span class='ocrx_word' id='word_1_683' title='bbox 1623 4540 1991 4605; x_wconf 84' lang='lat' dir='ltr'><strong>Testamenta,</strong></span> 
     </span>
    </p>
   </div>
   <div class='ocr_carea' id='block_1_90' title="bbox 423 4628 1993 4699">
    <p class='ocr_par' dir='ltr' id='par_1_90' title="bbox 423 4628 1993 4699">
     <span class='ocr_line' id='line_1_90' title="bbox 423 4628 1993 4699; baseline 0.002 -18"><span class='ocrx_word' id='word_1_684' title='bbox 423 4635 609 4697; x_wconf 88' lang='lat' dir='ltr'><strong>atque,</strong></span> <span class='ocrx_word' id='word_1_685' title='bbox 642 4629 714 4685; x_wconf 90' lang='lat' dir='ltr'><strong>ob</strong></span> <span class='ocrx_word' id='word_1_686' title='bbox 742 4630 820 4685; x_wconf 89' lang='lat' dir='ltr'><strong>rei</strong></span> <span class='ocrx_word' id='word_1_687' title='bbox 861 4628 1267 4695; x_wconf 84' lang='lat' dir='ltr'><strong>celebritatem,</strong></span> <span class='ocrx_word' id='word_1_688' title='bbox 1304 4639 1457 4685; x_wconf 64' lang='lat' dir='ltr'><strong>terra;</strong></span> <span class='ocrx_word' id='word_1_689' title='bbox 1502 4641 1673 4685; x_wconf 76' lang='lat' dir='ltr'><strong>motus</strong></span> <span class='ocrx_word' id='word_1_690' title='bbox 1718 4630 1993 4699; x_wconf 88' lang='lat' dir='ltr'><strong>appellau-</strong></span> 
     </span>
    </p>
   </div>
   <div class='ocr_carea' id='block_1_91' title="bbox 428 4721 1988 4792">
    <p class='ocr_par' dir='ltr' id='par_1_91' title="bbox 428 4721 1988 4792">
     <span class='ocr_line' id='line_1_91' title="bbox 428 4721 1988 4792; baseline -0.002 -18"><span class='ocrx_word' id='word_1_691' title='bbox 428 4731 517 4775; x_wconf 88' lang='lat' dir='ltr'><strong>tnr</strong></span> <span class='ocrx_word' id='word_1_692' title='bbox 551 4738 566 4776; x_wconf 89' lang='lat'>:</span> <span class='ocrx_word' id='word_1_693' title='bbox 605 4721 772 4775; x_wconf 88' lang='lat' dir='ltr'><strong>altera</strong></span> <span class='ocrx_word' id='word_1_694' title='bbox 802 4736 833 4775; x_wconf 93' lang='lat' dir='ltr'><strong>a</strong></span> <span class='ocrx_word' id='word_1_695' title='bbox 866 4721 1283 4776; x_wconf 89' lang='lat' dir='ltr'><strong>simulacrorum</strong></span> <span class='ocrx_word' id='word_1_696' title='bbox 1319 4721 1480 4792; x_wconf 77' lang='lat'><strong>572</strong></span> <span class='ocrx_word' id='word_1_697' title='bbox 1520 4722 1664 4775; x_wconf 91' lang='lat' dir='ltr'><strong>cultu</strong></span> <span class='ocrx_word' id='word_1_698' title='bbox 1695 4721 1763 4775; x_wconf 87' lang='lat' dir='ltr'><strong>ad</strong></span> <span class='ocrx_word' id='word_1_699' title='bbox 1794 4721 1988 4789; x_wconf 84' lang='lat' dir='ltr'><strong>legem,</strong></span> 
     </span>
    </p>
   </div>
   <div class='ocr_carea' id='block_1_92' title="bbox 423 4808 1986 4881">
    <p class='ocr_par' dir='ltr' id='par_1_92' title="bbox 423 4808 1986 4881">
     <span class='ocr_line' id='line_1_92' title="bbox 423 4808 1986 4881; baseline -0.001 -18"><span class='ocrx_word' id='word_1_700' title='bbox 423 4808 593 4864; x_wconf 84' lang='lat' dir='ltr'><strong>altera</strong></span> <span class='ocrx_word' id='word_1_701' title='bbox 627 4826 658 4864; x_wconf 90' lang='lat' dir='ltr'><strong>a</strong></span> <span class='ocrx_word' id='word_1_702' title='bbox 696 4810 815 4880; x_wconf 82' lang='lat' dir='ltr'><strong>iege</strong></span> <span class='ocrx_word' id='word_1_703' title='bbox 858 4810 926 4866; x_wconf 86' lang='lat' dir='ltr'><strong>ad</strong></span> <span class='ocrx_word' id='word_1_704' title='bbox 975 4809 1348 4881; x_wconf 87' lang='lat' dir='ltr'><strong>Evangelium.</strong></span> <span class='ocrx_word' id='word_1_705' title='bbox 1413 4813 1493 4866; x_wconf 90' lang='lat' dir='ltr'><strong>Ac</strong></span> <span class='ocrx_word' id='word_1_706' title='bbox 1545 4811 1763 4867; x_wconf 86' lang='lat' dir='ltr'><strong>tertium</strong></span> <span class='ocrx_word' id='word_1_707' title='bbox 1823 4810 1986 4866; x_wconf 88' lang='lat' dir='ltr'><strong>etiam</strong></span> 
     </span>
    </p>
   </div>
   <div class='ocr_carea' id='block_1_93' title="bbox 490 4904 1471 4971">
    <p class='ocr_par' dir='ltr' id='par_1_93' title="bbox 490 4904 1471 4971">
     <span class='ocr_line' id='line_1_93' title="bbox 490 4904 1471 4971; baseline 0.003 -12"><span class='ocrx_word' id='word_1_708' title='bbox 490 4904 537 4938; x_wconf 77' lang='lat'>“</span> <span class='ocrx_word' id='word_1_709' title='bbox 564 4905 665 4961; x_wconf 86' lang='lat' dir='ltr'><strong>lsa.</strong></span> <span class='ocrx_word' id='word_1_710' title='bbox 699 4923 809 4971; x_wconf 82' lang='lat' dir='ltr'><strong>xu,</strong></span> <span class='ocrx_word' id='word_1_711' title='bbox 854 4906 909 4961; x_wconf 70' lang='grc'>4.</span> <span class='ocrx_word' id='word_1_712' title='bbox 984 4907 1030 4939; x_wconf 74' lang='grc'><strong>⁸⁷</strong></span> <span class='ocrx_word' id='word_1_713' title='bbox 1058 4907 1161 4962; x_wconf 89' lang='lat' dir='ltr'><strong>lsa.</strong></span> <span class='ocrx_word' id='word_1_714' title='bbox 1194 4923 1347 4969; x_wconf 78' lang='lat' dir='ltr'><strong>mu,</strong></span> <span class='ocrx_word' id='word_1_715' title='bbox 1384 4909 1471 4962; x_wconf 81' lang='lat' dir='ltr'><strong>lt).</strong></span> 
     </span>
    </p>
   </div>
   <div class='ocr_carea' id='block_1_94' title="bbox 491 4995 1479 5067">
    <p class='ocr_par' dir='ltr' id='par_1_94' title="bbox 491 4995 1479 5067">
     <span class='ocr_line' id='line_1_94' title="bbox 491 4995 1479 5067; baseline 0.005 -18"><span class='ocrx_word' id='word_1_716' title='bbox 491 4995 606 5067; x_wconf 62' lang='grc'><strong>(⁸54)</strong></span> <span class='ocrx_word' id='word_1_717' title='bbox 648 4997 1002 5067; x_wconf 72' lang='grc' dir='ltr'>Ἄνθρωπος.</span> <span class='ocrx_word' id='word_1_718' title='bbox 1040 4999 1198 5052; x_wconf 89' lang='lat' dir='ltr'><strong>Deest</strong></span> <span class='ocrx_word' id='word_1_719' title='bbox 1225 4998 1277 5050; x_wconf 92' lang='lat' dir='ltr'><strong>in</strong></span> <span class='ocrx_word' id='word_1_720' title='bbox 1308 4997 1401 5053; x_wconf 92' lang='lat' dir='ltr'><strong>Or.</strong></span> <span class='ocrx_word' id='word_1_721' title='bbox 1428 5000 1479 5055; x_wconf 75' lang='grc'>1.</span> 
     </span>
    </p>
   </div>
   <div class='ocr_carea' id='block_1_95' title="bbox 493 5066 1996 5137">
    <p class='ocr_par' dir='ltr' id='par_1_95' title="bbox 493 5066 1996 5137">
     <span class='ocr_line' id='line_1_95' title="bbox 493 5066 1996 5137; baseline 0.001 -18"><span class='ocrx_word' id='word_1_722' title='bbox 493 5066 604 5136; x_wconf 79' lang='grc'><strong>(55)</strong></span> <span class='ocrx_word' id='word_1_723' title='bbox 643 5066 996 5134; x_wconf 78' lang='grc' dir='ltr'>Ματαιότης.</span> <span class='ocrx_word' id='word_1_724' title='bbox 1049 5069 1177 5136; x_wconf 70' lang='lat' dir='ltr'><strong>lieg.</strong></span> <span class='ocrx_word' id='word_1_725' title='bbox 1227 5068 1413 5137; x_wconf 58' lang='lat' dir='ltr'><strong>Cypra,</strong></span> <span class='ocrx_word' id='word_1_726' title='bbox 1448 5068 1826 5132; x_wconf 83' lang='grc' dir='ltr'>ἀνταπόδοσις,</span> <span class='ocrx_word' id='word_1_727' title='bbox 1861 5086 1881 5119; x_wconf 75' lang='grc' dir='ltr'><strong>ι</strong></span> <span class='ocrx_word' id='word_1_728' title='bbox 1910 5083 1996 5121; x_wconf 83' lang='lat' dir='ltr'><strong>re-</strong></span> 
     </span>
    </p>
   </div>
   <div class='ocr_carea' id='block_1_96' title="bbox 431 5136 1983 5204">
    <p class='ocr_par' dir='ltr' id='par_1_96' title="bbox 431 5136 1983 5204">
     <span class='ocr_line' id='line_1_96' title="bbox 431 5136 1983 5204; baseline 0.001 -17"><span class='ocrx_word' id='word_1_729' title='bbox 431 5136 718 5191; x_wconf 65' lang='lat' dir='ltr'><strong>tributio.»</strong></span> <span class='ocrx_word' id='word_1_730' title='bbox 766 5137 890 5191; x_wconf 84' lang='lat' dir='ltr'><strong>Vult</strong></span> <span class='ocrx_word' id='word_1_731' title='bbox 935 5138 1230 5204; x_wconf 74' lang='lat' dir='ltr'><strong>Gregorius</strong></span> <span class='ocrx_word' id='word_1_732' title='bbox 1271 5136 1605 5192; x_wconf 56' lang='lat' dir='ltr'><strong>(vanitatem</strong></span> <span class='ocrx_word' id='word_1_733' title='bbox 1631 5157 1649 5188; x_wconf 70' lang='grc' dir='ltr'><strong>ι</strong></span> <span class='ocrx_word' id='word_1_734' title='bbox 1688 5154 1813 5193; x_wconf 86' lang='lat' dir='ltr'><strong>vere</strong></span> <span class='ocrx_word' id='word_1_735' title='bbox 1858 5151 1983 5189; x_wconf 80' lang='lat' dir='ltr'><strong>esse</strong></span> 
     </span>
    </p>
   </div>
   <div class='ocr_carea' id='block_1_97' title="bbox 422 5206 1998 5276">
    <p class='ocr_par' dir='ltr' id='par_1_97' title="bbox 422 5206 1998 5276">
     <span class='ocr_line' id='line_1_97' title="bbox 422 5206 1998 5276; baseline 0.003 -22"><span class='ocrx_word' id='word_1_736' title='bbox 422 5213 479 5257; x_wconf 72' lang='lat' dir='ltr'><strong>et</strong></span> <span class='ocrx_word' id='word_1_737' title='bbox 530 5206 659 5273; x_wconf 89' lang='lat' dir='ltr'><strong>dici,</strong></span> <span class='ocrx_word' id='word_1_738' title='bbox 706 5223 801 5261; x_wconf 89' lang='lat' dir='ltr'><strong>eas</strong></span> <span class='ocrx_word' id='word_1_739' title='bbox 841 5209 1303 5270; x_wconf 82' lang='lat' dir='ltr'><strong>ratiocinationes,</strong></span> <span class='ocrx_word' id='word_1_740' title='bbox 1351 5210 1549 5276; x_wconf 78' lang='lat' dir='ltr'><strong>quibus</strong></span> <span class='ocrx_word' id='word_1_741' title='bbox 1594 5209 1828 5263; x_wconf 68' lang='lat' dir='ltr'><strong>haeretici</strong></span> <span class='ocrx_word' id='word_1_742' title='bbox 1872 5207 1998 5276; x_wconf 85' lang='lat' dir='ltr'><strong>Spi-</strong></span> 
     </span>
    </p>
   </div>
   <div class='ocr_carea' id='block_1_98' title="bbox 424 5276 1556 5348">
    <p class='ocr_par' dir='ltr' id='par_1_98' title="bbox 424 5276 1556 5348">
     <span class='ocr_line' id='line_1_98' title="bbox 424 5276 1556 5348; baseline 0.002 -18"><span class='ocrx_word' id='word_1_743' title='bbox 424 5276 756 5348; x_wconf 28' lang='lat' dir='ltr'><strong>I&#39;ilthASancHti</strong></span> <span class='ocrx_word' id='word_1_744' title='bbox 788 5278 1122 5348; x_wconf 85' lang='lat' dir='ltr'><strong>divinitatem</strong></span> <span class='ocrx_word' id='word_1_745' title='bbox 1153 5278 1556 5348; x_wconf 77' lang='lat' dir='ltr'><strong>impugnabant.</strong></span> 
     </span>
    </p>
   </div>
   <div class='ocr_carea' id='block_1_99' title="bbox 467 5343 1999 5465">
    <p class='ocr_par' dir='ltr' id='par_1_99' title="bbox 467 5343 1999 5465">
     <span class='ocr_line' id='line_1_99' title="bbox 467 5343 1999 5465; baseline -0.002 -65"><span class='ocrx_word' id='word_1_746' title='bbox 467 5343 610 5465; x_wconf 52' lang='lat' dir='ltr'><strong>~(v&#39;56)</strong></span> <span class='ocrx_word' id='word_1_747' title='bbox 650 5345 835 5401; x_wconf 82' lang='grc' dir='ltr'>Ζῶον.</span> <span class='ocrx_word' id='word_1_748' title='bbox 872 5347 965 5402; x_wconf 89' lang='lat' dir='ltr'><strong>Sic</strong></span> <span class='ocrx_word' id='word_1_749' title='bbox 1012 5348 1175 5405; x_wconf 79' lang='lat' dir='ltr'><strong>Coisl.</strong></span> <span class='ocrx_word' id='word_1_750' title='bbox 1202 5343 1242 5403; x_wconf 33' lang='lat' dir='ltr'><strong>i‘</strong></span> <span class='ocrx_word' id='word_1_751' title='bbox 1272 5343 1328 5402; x_wconf 64' lang='lat' dir='ltr'><strong>ei</strong></span> <span class='ocrx_word' id='word_1_752' title='bbox 1366 5348 1433 5411; x_wconf 71' lang='lat'><strong>2,</strong></span> <span class='ocrx_word' id='word_1_753' title='bbox 1472 5348 1620 5412; x_wconf 85' lang='lat' dir='ltr'><strong>Par.,</strong></span> <span class='ocrx_word' id='word_1_754' title='bbox 1650 5359 1758 5403; x_wconf 87' lang='lat' dir='ltr'><strong>etc.</strong></span> <span class='ocrx_word' id='word_1_755' title='bbox 1801 5346 1858 5400; x_wconf 92' lang='lat' dir='ltr'><strong>ln</strong></span> <span class='ocrx_word' id='word_1_756' title='bbox 1888 5346 1999 5406; x_wconf 85' lang='lat' dir='ltr'><strong>ed.,</strong></span> 
     </span>
     <span class='ocr_line' id='line_1_100' title="bbox 467 5431 555 5465; baseline 0 0"><span class='ocrx_word' id='word_1_757' title='bbox 467 5431 503 5465; x_wconf 81' lang='grc' dir='ltr'><strong>ω</strong></span> <span class='ocrx_word' id='word_1_758' title='bbox 541 5452 555 5465; x_wconf 92' lang='grc'><strong>.</strong></span> 
     </span>
    </p>
   </div>
   <div class='ocr_carea' id='block_1_100' title="bbox 458 5430 1625 5567">
    <p class='ocr_par' dir='ltr' id='par_1_100' title="bbox 458 5430 1625 5567">
     <span class='ocr_line' id='line_1_101' title="bbox 458 5430 1625 5567; baseline -0.006 -29"><span class='ocrx_word' id='word_1_759' title='bbox 649 5481 801 5567; x_wconf 40' lang='grc' dir='ltr'>ρ’ὑδέ</span> <span class='ocrx_word' id='word_1_760' title='bbox 829 5482 886 5535; x_wconf 86' lang='grc' dir='ltr'>ετ</span> <span class='ocrx_word' id='word_1_761' title='bbox 921 5499 995 5534; x_wconf 85' lang='grc' dir='ltr'><strong>τι.</strong></span> <span class='ocrx_word' id='word_1_762' title='bbox 1026 5480 1118 5567; x_wconf 56' lang='grc' dir='ltr'><strong>Οξε</strong></span> <span class='ocrx_word' id='word_1_763' title='bbox 1146 5479 1339 5567; x_wconf 44' lang='grc' dir='ltr'>κούδ’</span> <span class='ocrx_word' id='word_1_764' title='bbox 1362 5484 1408 5532; x_wconf 80' lang='grc' dir='ltr'>εἰ</span> <span class='ocrx_word' id='word_1_765' title='bbox 1448 5480 1520 5567; x_wconf 40' lang='grc' dir='ltr'><strong>μιῇ</strong></span> <span class='ocrx_word' id='word_1_766' title='bbox 1554 5499 1625 5567; x_wconf 62' lang='grc' dir='ltr'><strong>τι,</strong></span> 
     </span>
    </p>
   </div>
   <div class='ocr_carea' id='block_1_101' title="bbox 495 5550 1996 5625">
    <p class='ocr_par' dir='ltr' id='par_1_101' title="bbox 495 5550 1996 5625">
     <span class='ocr_line' id='line_1_102' title="bbox 495 5550 1996 5625; baseline -0.001 -18"><span class='ocrx_word' id='word_1_767' title='bbox 495 5550 606 5625; x_wconf 79' lang='grc'><strong>(58)</strong></span> <span class='ocrx_word' id='word_1_768' title='bbox 648 5554 1011 5625; x_wconf 52' lang='grc' dir='ltr'>μυούμενον.</span> <span class='ocrx_word' id='word_1_769' title='bbox 1060 5552 1153 5625; x_wconf 66' lang='lat' dir='ltr'><strong>Sic</strong></span> <span class='ocrx_word' id='word_1_770' title='bbox 1204 5550 1631 5625; x_wconf 21' lang='lat' dir='ltr'><strong>quntuor’Cnlh.</strong></span> <span class='ocrx_word' id='word_1_771' title='bbox 1677 5550 1767 5606; x_wconf 87' lang='lat' dir='ltr'><strong>Sic</strong></span> <span class='ocrx_word' id='word_1_772' title='bbox 1832 5553 1996 5606; x_wconf 86' lang='lat' dir='ltr'><strong>etiam</strong></span> 
     </span>
    </p>
   </div>
   <div class='ocr_carea' id='block_1_102' title="bbox 427 5622 1495 5690">
    <p class='ocr_par' dir='ltr' id='par_1_102' title="bbox 427 5622 1495 5690">
     <span class='ocr_line' id='line_1_103' title="bbox 427 5622 1495 5690; baseline -0.003 -14"><span class='ocrx_word' id='word_1_773' title='bbox 427 5622 542 5677; x_wconf 84' lang='lat' dir='ltr'><strong>Bill.</strong></span> <span class='ocrx_word' id='word_1_774' title='bbox 569 5622 622 5676; x_wconf 82' lang='lat' dir='ltr'><strong>et</strong></span> <span class='ocrx_word' id='word_1_775' title='bbox 651 5622 921 5677; x_wconf 81' lang='lat' dir='ltr'><strong>Lcuveuk.</strong></span> <span class='ocrx_word' id='word_1_776' title='bbox 953 5622 1007 5674; x_wconf 86' lang='lat' dir='ltr'><strong>In</strong></span> <span class='ocrx_word' id='word_1_777' title='bbox 1038 5623 1145 5677; x_wconf 86' lang='lat' dir='ltr'><strong>ed..</strong></span> <span class='ocrx_word' id='word_1_778' title='bbox 1176 5622 1495 5690; x_wconf 82' lang='grc' dir='ltr'>νοουμένων.</span> 
     </span>
    </p>
   </div>
   <div class='ocr_carea' id='block_1_103' title="bbox 497 5688 1996 5764">
    <p class='ocr_par' dir='ltr' id='par_1_103' title="bbox 497 5688 1996 5764">
     <span class='ocr_line' id='line_1_104' title="bbox 497 5688 1996 5764; baseline -0.001 -17"><span class='ocrx_word' id='word_1_779' title='bbox 497 5693 609 5764; x_wconf 81' lang='grc'><strong>(59)</strong></span> <span class='ocrx_word' id='word_1_780' title='bbox 653 5693 913 5763; x_wconf 66' lang='grc' dir='ltr'>Ἕρυγον</span> <span class='ocrx_word' id='word_1_781' title='bbox 959 5692 1035 5747; x_wconf 83' lang='grc' dir='ltr'><strong>ἂν</strong></span> <span class='ocrx_word' id='word_1_782' title='bbox 1089 5691 1201 5762; x_wconf 73' lang='grc' dir='ltr'><strong>τὴν</strong></span> <span class='ocrx_word' id='word_1_783' title='bbox 1241 5688 1613 5761; x_wconf 64' lang='grc' dir='ltr'>ἐλέφώνησιν,</span> <span class='ocrx_word' id='word_1_784' title='bbox 1663 5699 1763 5747; x_wconf 88' lang='lat' dir='ltr'><strong>etc.</strong></span> <span class='ocrx_word' id='word_1_785' title='bbox 1821 5710 1839 5743; x_wconf 75' lang='grc' dir='ltr'><strong>ι</strong></span> <span class='ocrx_word' id='word_1_786' title='bbox 1879 5688 1996 5746; x_wconf 83' lang='grc' dir='ltr'><strong>Νοη</strong></span> 
     </span>
    </p>
   </div>
   <div class='ocr_carea' id='block_1_104' title="bbox 2102 4534 3674 4606">
    <p class='ocr_par' dir='ltr' id='par_1_104' title="bbox 2102 4534 3674 4606">
     <span class='ocr_line' id='line_1_105' title="bbox 2102 4534 3674 4606; baseline 0.002 -17"><span class='ocrx_word' id='word_1_787' title='bbox 2102 4535 2196 4589; x_wconf 80' lang='grc' dir='ltr'><strong>τοῦ</strong></span> <span class='ocrx_word' id='word_1_788' title='bbox 2228 4535 2428 4598; x_wconf 79' lang='grc' dir='ltr'>παντὸς</span> <span class='ocrx_word' id='word_1_789' title='bbox 2458 4535 2674 4599; x_wconf 84' lang='grc' dir='ltr'>αἰῶνος,</span> <span class='ocrx_word' id='word_1_790' title='bbox 2710 4535 2765 4587; x_wconf 80' lang='grc' dir='ltr'>αἲ</span> <span class='ocrx_word' id='word_1_791' title='bbox 2794 4534 2998 4588; x_wconf 79' lang='grc' dir='ltr'>καὶδύο</span> <span class='ocrx_word' id='word_1_792' title='bbox 3034 4536 3299 4606; x_wconf 81' lang='grc' dir='ltr'>Διαθῆκαι</span> <span class='ocrx_word' id='word_1_793' title='bbox 3360 4538 3674 4602; x_wconf 83' lang='grc' dir='ltr'>καλοῦνται,</span> 
     </span>
    </p>
   </div>
   <div class='ocr_carea' id='block_1_105' title="bbox 2100 4625 3677 4701">
    <p class='ocr_par' dir='ltr' id='par_1_105' title="bbox 2100 4625 3677 4701">
     <span class='ocr_line' id='line_1_106' title="bbox 2100 4625 3677 4701; baseline 0.001 -22"><span class='ocrx_word' id='word_1_794' title='bbox 2100 4626 2194 4679; x_wconf 78' lang='grc' dir='ltr'><strong>καὶ</strong></span> <span class='ocrx_word' id='word_1_795' title='bbox 2224 4626 2439 4695; x_wconf 76' lang='grc' dir='ltr'>σεισμοὶ</span> <span class='ocrx_word' id='word_1_796' title='bbox 2463 4626 2588 4694; x_wconf 77' lang='grc' dir='ltr'>γῆς,</span> <span class='ocrx_word' id='word_1_797' title='bbox 2624 4626 2711 4679; x_wconf 78' lang='grc' dir='ltr'>διὰ</span> <span class='ocrx_word' id='word_1_798' title='bbox 2748 4626 2807 4677; x_wconf 82' lang='grc' dir='ltr'><strong>τὸ</strong></span> <span class='ocrx_word' id='word_1_799' title='bbox 2827 4625 2919 4678; x_wconf 78' lang='grc' dir='ltr'>τοῦ</span> <span class='ocrx_word' id='word_1_800' title='bbox 2943 4626 3266 4697; x_wconf 78' lang='grc' dir='ltr'>πράγματος</span> <span class='ocrx_word' id='word_1_801' title='bbox 3295 4627 3403 4697; x_wconf 71' lang='grc'><strong>(49)</strong></span> <span class='ocrx_word' id='word_1_802' title='bbox 3423 4628 3677 4701; x_wconf 79' lang='grc' dir='ltr'>περιϐόη-</span> 
     </span>
    </p>
   </div>
   <div class='ocr_carea' id='block_1_106' title="bbox 2097 4715 3676 4788">
    <p class='ocr_par' dir='ltr' id='par_1_106' title="bbox 2097 4715 3676 4788">
     <span class='ocr_line' id='line_1_107' title="bbox 2097 4715 3676 4788; baseline 0.004 -20"><span class='ocrx_word' id='word_1_803' title='bbox 2097 4731 2209 4769; x_wconf 87' lang='grc' dir='ltr'>τον·</span> <span class='ocrx_word' id='word_1_804' title='bbox 2246 4718 2283 4786; x_wconf 82' lang='grc' dir='ltr'>ή</span> <span class='ocrx_word' id='word_1_805' title='bbox 2316 4715 2415 4785; x_wconf 81' lang='grc' dir='ltr'><strong>μὲν</strong></span> <span class='ocrx_word' id='word_1_806' title='bbox 2447 4715 2555 4768; x_wconf 83' lang='grc' dir='ltr'>ἀπὸ</span> <span class='ocrx_word' id='word_1_807' title='bbox 2588 4715 2695 4768; x_wconf 80' lang='grc' dir='ltr'>τῶν</span> <span class='ocrx_word' id='word_1_808' title='bbox 2724 4715 2957 4769; x_wconf 76' lang='grc' dir='ltr'>εἰδώλων</span> <span class='ocrx_word' id='word_1_809' title='bbox 2985 4718 3079 4770; x_wconf 78' lang='grc' dir='ltr'><strong>ἐπὶ</strong></span> <span class='ocrx_word' id='word_1_810' title='bbox 3101 4717 3190 4770; x_wconf 87' lang='grc' dir='ltr'><strong>τὸν</strong></span> <span class='ocrx_word' id='word_1_811' title='bbox 3206 4718 3389 4787; x_wconf 87' lang='grc' dir='ltr'>νόμον,</span> <span class='ocrx_word' id='word_1_812' title='bbox 3425 4721 3458 4788; x_wconf 86' lang='grc' dir='ltr'><strong>ή</strong></span> <span class='ocrx_word' id='word_1_813' title='bbox 3488 4719 3548 4772; x_wconf 83' lang='grc' dir='ltr'>δὲ</span> <span class='ocrx_word' id='word_1_814' title='bbox 3568 4721 3676 4774; x_wconf 80' lang='grc' dir='ltr'>ἀπὸ</span> 
     </span>
    </p>
   </div>
   <div class='ocr_carea' id='block_1_107' title="bbox 2097 4807 3675 4880">
    <p class='ocr_par' dir='ltr' id='par_1_107' title="bbox 2097 4807 3675 4880">
     <span class='ocr_line' id='line_1_108' title="bbox 2097 4807 3675 4880; baseline 0.002 -19"><span class='ocrx_word' id='word_1_815' title='bbox 2097 4808 2191 4861; x_wconf 82' lang='grc' dir='ltr'><strong>τοῦ</strong></span> <span class='ocrx_word' id='word_1_816' title='bbox 2212 4808 2376 4878; x_wconf 85' lang='grc' dir='ltr'>νόμου</span> <span class='ocrx_word' id='word_1_817' title='bbox 2395 4808 2529 4880; x_wconf 85' lang='grc' dir='ltr'>πρὸς</span> <span class='ocrx_word' id='word_1_818' title='bbox 2553 4808 2614 4860; x_wconf 81' lang='grc' dir='ltr'><strong>τὸ</strong></span> <span class='ocrx_word' id='word_1_819' title='bbox 2628 4807 2978 4875; x_wconf 78' lang='grc' dir='ltr'>Εὐαγγέλιον.</span> <span class='ocrx_word' id='word_1_820' title='bbox 3000 4810 3108 4861; x_wconf 74' lang='grc' dir='ltr'>Καὶ</span> <span class='ocrx_word' id='word_1_821' title='bbox 3123 4810 3303 4879; x_wconf 81' lang='grc' dir='ltr'>τρίτον</span> <span class='ocrx_word' id='word_1_822' title='bbox 3320 4810 3546 4880; x_wconf 84' lang='grc' dir='ltr'>σεισμὸν</span> <span class='ocrx_word' id='word_1_823' title='bbox 3562 4810 3675 4880; x_wconf 72' lang='grc'><strong>(41)</strong></span> 
     </span>
    </p>
   </div>
   <div class='ocr_carea' id='block_1_108' title="bbox 2100 4990 3675 5065">
    <p class='ocr_par' dir='ltr' id='par_1_108' title="bbox 2100 4990 3675 5065">
     <span class='ocr_line' id='line_1_109' title="bbox 2100 4990 3675 5065; baseline 0.002 -18"><span class='ocrx_word' id='word_1_824' title='bbox 2100 4992 2411 5059; x_wconf 76' lang='lat' dir='ltr'><strong>defugerem</strong></span> <span class='ocrx_word' id='word_1_825' title='bbox 2455 4992 2687 5065; x_wconf 75' lang='lat' dir='ltr'><strong>idipsum</strong></span> <span class='ocrx_word' id='word_1_826' title='bbox 2731 4990 3029 5065; x_wconf 75' lang='lat' dir='ltr'><strong>eﬁerre,_te</strong></span> <span class='ocrx_word' id='word_1_827' title='bbox 3076 4991 3473 5065; x_wconf 78' lang='lat' dir='ltr'><strong>vocabulorum</strong></span> <span class='ocrx_word' id='word_1_828' title='bbox 3519 5008 3675 5065; x_wconf 86' lang='lat' dir='ltr'><strong>syco-</strong></span> 
     </span>
    </p>
   </div>
   <div class='ocr_carea' id='block_1_109' title="bbox 2102 5062 3671 5131">
    <p class='ocr_par' dir='ltr' id='par_1_109' title="bbox 2102 5062 3671 5131">
     <span class='ocr_line' id='line_1_110' title="bbox 2102 5062 3671 5131; baseline 0.003 -15"><span class='ocrx_word' id='word_1_829' title='bbox 2102 5068 2359 5131; x_wconf 87' lang='lat' dir='ltr'><strong>phantam</strong></span> <span class='ocrx_word' id='word_1_830' title='bbox 2410 5063 2860 5127; x_wconf 65' lang='lat' dir='ltr'><strong>pertimescenSJ</strong></span> <span class='ocrx_word' id='word_1_831' title='bbox 2916 5062 2970 5115; x_wconf 90' lang='lat' dir='ltr'><strong>Id</strong></span> <span class='ocrx_word' id='word_1_832' title='bbox 3026 5072 3143 5123; x_wconf 86' lang='lat' dir='ltr'><strong>est,</strong></span> <span class='ocrx_word' id='word_1_833' title='bbox 3196 5079 3298 5117; x_wconf 91' lang='lat' dir='ltr'><strong>non</strong></span> <span class='ocrx_word' id='word_1_834' title='bbox 3345 5062 3671 5120; x_wconf 50' lang='lat' dir='ltr'><strong>ubstiue&#39;rem</strong></span> 
     </span>
    </p>
   </div>
   <div class='ocr_carea' id='block_1_110' title="bbox 2107 5132 3667 5201">
    <p class='ocr_par' dir='ltr' id='par_1_110' title="bbox 2107 5132 3667 5201">
     <span class='ocr_line' id='line_1_111' title="bbox 2107 5132 3667 5201; baseline 0.003 -19"><span class='ocrx_word' id='word_1_835' title='bbox 2107 5133 2369 5201; x_wconf 81' lang='lat' dir='ltr'><strong>Spiritum</strong></span> <span class='ocrx_word' id='word_1_836' title='bbox 2401 5141 2646 5184; x_wconf 79' lang='lat' dir='ltr'><strong>sanctum</strong></span> <span class='ocrx_word' id='word_1_837' title='bbox 2684 5132 2849 5184; x_wconf 77' lang='lat' dir='ltr'><strong>Deum</strong></span> <span class='ocrx_word' id='word_1_838' title='bbox 2881 5143 3069 5198; x_wconf 81' lang='lat' dir='ltr'><strong>aperte</strong></span> <span class='ocrx_word' id='word_1_839' title='bbox 3104 5134 3416 5199; x_wconf 67' lang='lat' dir='ltr'><strong>pranlicare.</strong></span> <span class='ocrx_word' id='word_1_840' title='bbox 3452 5137 3667 5189; x_wconf 75' lang='lat' dir='ltr'><strong>etiamsi</strong></span> 
     </span>
    </p>
   </div>
   <div class='ocr_carea' id='block_1_111' title="bbox 2105 5201 3675 5273">
    <p class='ocr_par' dir='ltr' id='par_1_111' title="bbox 2105 5201 3675 5273">
     <span class='ocr_line' id='line_1_112' title="bbox 2105 5201 3675 5273; baseline 0.001 -17"><span class='ocrx_word' id='word_1_841' title='bbox 2105 5204 2303 5271; x_wconf 88' lang='lat' dir='ltr'><strong>alioqui</strong></span> <span class='ocrx_word' id='word_1_842' title='bbox 2342 5216 2447 5252; x_wconf 89' lang='lat' dir='ltr'><strong>non</strong></span> <span class='ocrx_word' id='word_1_843' title='bbox 2484 5201 2553 5254; x_wconf 85' lang='lat' dir='ltr'><strong>ita</strong></span> <span class='ocrx_word' id='word_1_844' title='bbox 2591 5202 3080 5273; x_wconf 69' lang='lat' dir='ltr'><strong>lor&#39;tasse_ililttciile</strong></span> <span class='ocrx_word' id='word_1_845' title='bbox 3125 5203 3178 5273; x_wconf 83' lang='lat' dir='ltr'><strong>in</strong></span> <span class='ocrx_word' id='word_1_846' title='bbox 3229 5202 3522 5273; x_wconf 71' lang='lat' dir='ltr'><strong>Scripturis</strong></span> <span class='ocrx_word' id='word_1_847' title='bbox 3560 5205 3675 5273; x_wconf 82' lang='lat' dir='ltr'><strong>Spi-</strong></span> 
     </span>
    </p>
   </div>
   <div class='ocr_carea' id='block_1_112' title="bbox 2109 5271 3671 5344">
    <p class='ocr_par' dir='ltr' id='par_1_112' title="bbox 2109 5271 3671 5344">
     <span class='ocr_line' id='line_1_113' title="bbox 2109 5271 3671 5344; baseline 0.001 -18"><span class='ocrx_word' id='word_1_848' title='bbox 2109 5275 2246 5327; x_wconf 88' lang='lat' dir='ltr'><strong>ritus</strong></span> <span class='ocrx_word' id='word_1_849' title='bbox 2276 5279 2521 5344; x_wconf 80' lang='lat' dir='ltr'><strong>_sau_ctus</strong></span> <span class='ocrx_word' id='word_1_850' title='bbox 2571 5271 3002 5344; x_wconf 67' lang='lat' dir='ltr'><strong>t_li_catnr_lieus,</strong></span> <span class='ocrx_word' id='word_1_851' title='bbox 3038 5283 3097 5344; x_wconf 83' lang='lat' dir='ltr'><strong>ut</strong></span> <span class='ocrx_word' id='word_1_852' title='bbox 3148 5272 3319 5344; x_wconf 77' lang='lat' dir='ltr'><strong>Pater</strong></span> <span class='ocrx_word' id='word_1_853' title='bbox 3354 5282 3410 5344; x_wconf 88' lang='lat' dir='ltr'><strong>et</strong></span> <span class='ocrx_word' id='word_1_854' title='bbox 3464 5271 3671 5344; x_wconf 80' lang='lat' dir='ltr'><strong>Filius;</strong></span> 
     </span>
    </p>
   </div>
   <div class='ocr_carea' id='block_1_113' title="bbox 2109 5339 3672 5414">
    <p class='ocr_par' dir='ltr' id='par_1_113' title="bbox 2109 5339 3672 5414">
     <span class='ocr_line' id='line_1_114' title="bbox 2109 5339 3672 5414; baseline 0.004 -20"><span class='ocrx_word' id='word_1_855' title='bbox 2109 5341 2543 5411; x_wconf 84' lang='lat' dir='ltr'><strong>quandoquidem</strong></span> <span class='ocrx_word' id='word_1_856' title='bbox 2582 5339 2634 5393; x_wconf 89' lang='lat' dir='ltr'><strong>id</strong></span> <span class='ocrx_word' id='word_1_857' title='bbox 2680 5341 2924 5409; x_wconf 88' lang='lat' dir='ltr'><strong>pluribus</strong></span> <span class='ocrx_word' id='word_1_858' title='bbox 2974 5341 3269 5412; x_wconf 72' lang='lat' dir='ltr'><strong>Scripturae</strong></span> <span class='ocrx_word' id='word_1_859' title='bbox 3309 5342 3443 5397; x_wconf 75' lang='lat' dir='ltr'><strong>locis</strong></span> <span class='ocrx_word' id='word_1_860' title='bbox 3488 5339 3672 5414; x_wconf 72' lang='lat' dir='ltr'><strong>colligi</strong></span> 
     </span>
    </p>
   </div>
   <div class='ocr_carea' id='block_1_114' title="bbox 2124 5414 2295 5465">
    <p class='ocr_par' dir='ltr' id='par_1_114' title="bbox 2124 5414 2295 5465">
     <span class='ocr_line' id='line_1_115' title="bbox 2124 5414 2295 5465; baseline -0.012 0"><span class='ocrx_word' id='word_1_861' title='bbox 2124 5414 2295 5465; x_wconf 51' lang='grc' dir='ltr'>κήδει.</span> 
     </span>
    </p>
   </div>
   <div class='ocr_carea' id='block_1_115' title="bbox 2107 5430 3672 5551">
    <p class='ocr_par' dir='ltr' id='par_1_115' title="bbox 2107 5430 3672 5551">
     <span class='ocr_line' id='line_1_116' title="bbox 2107 5430 3672 5551; baseline 0.001 -17"><span class='ocrx_word' id='word_1_862' title='bbox 2107 5430 2295 5551; x_wconf 51' lang='lat' dir='ltr'><strong>pomi</strong></span> <span class='ocrx_word' id='word_1_863' title='bbox 2324 5478 2690 5547; x_wconf 69' lang='grc' dir='ltr'>Πρίὶγματος.</span> <span class='ocrx_word' id='word_1_864' title='bbox 2725 5478 2817 5533; x_wconf 87' lang='lat' dir='ltr'><strong>Sic</strong></span> <span class='ocrx_word' id='word_1_865' title='bbox 2848 5490 2953 5551; x_wconf 72' lang='lat' dir='ltr'><strong>tres</strong></span> <span class='ocrx_word' id='word_1_866' title='bbox 3000 5479 3191 5549; x_wconf 75' lang='lat' dir='ltr'><strong>Regg.,</strong></span> <span class='ocrx_word' id='word_1_867' title='bbox 3227 5492 3458 5551; x_wconf 82' lang='lat' dir='ltr'><strong>quatuor</strong></span> <span class='ocrx_word' id='word_1_868' title='bbox 3487 5481 3672 5547; x_wconf 83' lang='lat' dir='ltr'><strong>Com.,</strong></span> 
     </span>
    </p>
   </div>
   <div class='ocr_carea' id='block_1_116' title="bbox 2105 5548 3159 5620">
    <p class='ocr_par' dir='ltr' id='par_1_116' title="bbox 2105 5548 3159 5620">
     <span class='ocr_line' id='line_1_117' title="bbox 2105 5548 3159 5620; baseline -0.002 -14"><span class='ocrx_word' id='word_1_869' title='bbox 2105 5554 2209 5606; x_wconf 87' lang='lat' dir='ltr'><strong>tluo</strong></span> <span class='ocrx_word' id='word_1_870' title='bbox 2232 5548 2421 5613; x_wconf 36' lang='lat' dir='ltr'><strong>C&#39;oisl.,</strong></span> <span class='ocrx_word' id='word_1_871' title='bbox 2450 5565 2551 5603; x_wconf 79' lang='lat' dir='ltr'><strong>etc.</strong></span> <span class='ocrx_word' id='word_1_872' title='bbox 2588 5551 2641 5603; x_wconf 93' lang='lat' dir='ltr'><strong>In</strong></span> <span class='ocrx_word' id='word_1_873' title='bbox 2677 5551 2785 5608; x_wconf 88' lang='lat' dir='ltr'><strong>ed.,</strong></span> <span class='ocrx_word' id='word_1_874' title='bbox 2813 5548 3159 5620; x_wconf 85' lang='grc' dir='ltr'>γράμματος.</span> 
     </span>
    </p>
   </div>
   <div class='ocr_carea' id='block_1_117' title="bbox 2173 5620 3676 5693">
    <p class='ocr_par' dir='ltr' id='par_1_117' title="bbox 2173 5620 3676 5693">
     <span class='ocr_line' id='line_1_118' title="bbox 2173 5620 3676 5693; baseline 0 -18"><span class='ocrx_word' id='word_1_875' title='bbox 2173 5622 2285 5693; x_wconf 74' lang='grc'><strong>(41)</strong></span> <span class='ocrx_word' id='word_1_876' title='bbox 2330 5621 2532 5693; x_wconf 65' lang='grc' dir='ltr'>Τρίτον</span> <span class='ocrx_word' id='word_1_877' title='bbox 2570 5620 3098 5693; x_wconf 36' lang='grc' dir='ltr'>σεισμόνηίηήιιιιιε</span> <span class='ocrx_word' id='word_1_878' title='bbox 3143 5632 3300 5673; x_wconf 66' lang='lat' dir='ltr'><strong>terrm</strong></span> <span class='ocrx_word' id='word_1_879' title='bbox 3342 5631 3524 5693; x_wconf 71' lang='lat' dir='ltr'><strong>motus</strong></span> <span class='ocrx_word' id='word_1_880' title='bbox 3578 5620 3676 5675; x_wconf 83' lang='lat' dir='ltr'><strong>fuit</strong></span> 
     </span>
    </p>
   </div>
   <div class='ocr_carea' id='block_1_118' title="bbox 2104 5689 3672 5761">
    <p class='ocr_par' dir='ltr' id='par_1_118' title="bbox 2104 5689 3672 5761">
     <span class='ocr_line' id='line_1_119' title="bbox 2104 5689 3672 5761; baseline 0.001 -16"><span class='ocrx_word' id='word_1_881' title='bbox 2104 5691 2155 5746; x_wconf 90' lang='lat' dir='ltr'><strong>in</strong></span> <span class='ocrx_word' id='word_1_882' title='bbox 2183 5689 2374 5748; x_wconf 48' lang='lat' dir='ltr'><strong>&#39;montc</strong></span> <span class='ocrx_word' id='word_1_883' title='bbox 2406 5692 2550 5755; x_wconf 75' lang='lat' dir='ltr'><strong>Sina,</strong></span> <span class='ocrx_word' id='word_1_884' title='bbox 2586 5707 2707 5746; x_wconf 83' lang='lat' dir='ltr'><strong>cum</strong></span> <span class='ocrx_word' id='word_1_885' title='bbox 2739 5691 2820 5744; x_wconf 77' lang='lat' dir='ltr'><strong>lex</strong></span> <span class='ocrx_word' id='word_1_886' title='bbox 2857 5689 3027 5761; x_wconf 72' lang='lat' dir='ltr'><strong>Moysi</strong></span> <span class='ocrx_word' id='word_1_887' title='bbox 3062 5691 3187 5745; x_wconf 83' lang='lat' dir='ltr'><strong>data</strong></span> <span class='ocrx_word' id='word_1_888' title='bbox 3218 5702 3297 5745; x_wconf 82' lang='lat' dir='ltr'><strong>est</strong></span> <span class='ocrx_word' id='word_1_889' title='bbox 3330 5690 3528 5761; x_wconf 70' lang='lat' dir='ltr'><strong>(Exod.</strong></span> <span class='ocrx_word' id='word_1_890' title='bbox 3558 5709 3672 5758; x_wconf 77' lang='lat' dir='ltr'><strong>xu,</strong></span> 
     </span>
    </p>
   </div>
  </div>
