3890 6214
209 281 301 339 ιω

1235 274 1498 334 ORATIO
1537 274 1734 331 XXXI.
1774 307 1844 319 --
1882 272 2320 331 THEOLOGICA
2364 274 2430 330 V.

3360 268 3470 324 162

212 389 705 462 εὐαγγελιζόμεθα,
756 388 857 462 τὴν
890 388 1141 443 ἐντεῦθεν
1179 389 1274 442 ἐπὶ
1295 388 1364 443 τὰ
1411 391 1591 442 ἐκεῖσε
1629 386 1789 458 μετά-

1907 399 2054 443 Lerra:
2081 395 2282 442 motum
2312 385 2590 455 Scriptura
2643 383 2799 439 nobis
2827 384 3149 448 annuntiat,
3189 382 3239 417 “
3278 398 3473 457 nempe

215 501 425 547 στασιν,
458 482 529 536 τὰ
547 481 744 554 μηκέτι
771 481 1086 552 κινούμενα,
1126 481 1265 552 μηδὲ
1293 481 1406 551 (42)
1438 481 1794 550 σαλευόμενα.

215 576 420 633 Ταυτὸν
447 576 506 629 δὲ
530 576 590 629 αἱ
610 574 704 628 δύο
719 574 985 645 Διαθῆκαι
1008 572 1358 627 πεπόνθασιν.
1391 573 1455 626 Τί
1477 571 1633 626 τοῦτο
1651 588 1665 637 ;
1684 573 1799 625 Οὑκ

216 668 428 738 ἁθρόως
485 664 944 736 μετεκινήθησαν,
996 665 1118 718 οὐδὲ
1155 664 1293 734 ὁμοῦ
1329 667 1395 735 τῇ
1430 662 1622 735 πρώτῃ
1647 665 1800 735 κινή-

220 774 299 812 σει
323 759 425 825 τῆς
452 756 838 826 ἐγχειρήσεως.
868 754 1023 817 Τίνος
1057 754 1219 807 ’ἑνεκα
1258 752 1371 824 (45)
1398 770 1412 818 ;
1447 752 1663 821 (εἰδέναι
1690 751 1799 822 γὰρ

217 847 555 917 ἀναγκαῖον.)
586 847 705 898 Ἰνα
731 845 805 915 μὴ
836 843 1168 915 βιασθῶμεν,
1201 843 1336 898 ἀλλὰ
1362 842 1693 914 πεισθῶμεν.
1726 842 1799 896 Τὸ

220 938 317 1010 μὲν
343 938 453 1009 γὰρ
475 935 754 998 ἀκούσιον,
789 935 911 988 οὑδὲ
947 935 1198 1006 μόνιμον·
1242 934 1434 1006 ὥσπερ
1463 933 1499 987 ἃ.
1548 935 1641 1007 βίᾳ
1666 951 1799 988 κατ-

218 1028 398 1100 έχεται
427 1027 539 1083 τῶν
573 1026 883 1099 ῥευμάτων,
907 1026 940 1097 ἢ
970 1025 1079 1079 τῶν
1114 1025 1316 1094 φυτῶν.
1348 1025 1422 1078 Τὸ
1444 1025 1502 1078 δὲ
1529 1025 1797 1085 ἑκούσιον.

222 1117 596 1190 μονιμώτερόν
629 1134 687 1170 τε
715 1117 808 1170 καὶ
836 1116 1258 1187 ἀσφαλέστερον.
1291 1115 1403 1168 Kal.
1443 1115 1505 1167 τὸ
1557 1115 1656 1186 μὲν
1702 1115 1798 1168 τοῦ

224 1210 575 1281 βιασαμένου,
608 1209 673 1262 τὸ
722 1208 778 1262 δὲ
810 1207 1102 1279 ἡμέτερον·
1151 1208 1246 1261 καὶ
1276 1207 1337 1261 τὸ
1378 1207 1475 1277 μὲν
1498 1206 1799 1271 ἐπιεικείας

222 1302 378 1368 Θεοῦ,
421 1301 484 1355 τὸ
514 1300 570 1353 δὲ
617 1299 948 1370 τυραννικῆς
970 1297 1241 1363 ἐξουσίας.
1269 1298 1479 1352 Οὐκοῦν
1506 1298 1643 1368 ῷετο
1689 1299 1799 1351 δεῖν

216 1395 448 1456 ἄκοντας
471 1388 531 1445 εὖ
566 1394 759 1453 ποιεῖν,
794 1389 908 1444 ἀλλ’
934 1390 1157 1452 ἑκόντας
1179 1389 1508 1460 εὐεργετεῖν.
1531 1389 1629 1443 Διὰ
1644 1384 1800 1442 τοῦτο

217 1481 642 1553 παιδαγωγικῶς
675 1499 734 1535 τε
763 1481 860 1535 καὶ
896 1479 1175 1552 ἰατρικῶς,
1231 1479 1292 1533 τὸ
1331 1480 1430 1551 μὲν
1453 1481 1673 1552 ὑφαιρεῖ
1692 1479 1800 1535 τῶν

219 1576 488 1648 πατρίων,
513 1576 575 1629 τὸ
606 1575 662 1628 δὲ
689 1575 981 1645 συγχωρεῖ,
1011 1572 1204 1643 μικρόν
1233 1590 1286 1625 τι
1307 1572 1416 1625 τῶν
1452 1572 1589 1643 πρὸς
1609 1571 1801 1644 ἡδονὴν

219 1667 468 1730 ἐνδιδούς·
519 1666 707 1737 ὥσπερ
735 1668 785 1719 οἱ
838 1666 1014 1738 ἰατροὶ
1047 1668 1160 1730 τοῖς
1207 1664 1609 1737 ἀρῤωστοῦσιν,
1645 1664 1733 1718 ἴνα
1764 1666 1797 1737 ἡ

1902 479 2278 548 migrationem
2330 477 2397 531 ab
2435 477 2538 531 hac
2575 476 2680 530 vita
2726 477 2793 531 ad
2844 474 3068 531 alteram
3110 474 3257 530 illam
3293 487 3472 532 motus

1896 571 2075 624 omnis
2123 579 2177 623 et
2222 567 2535 636 iactationis
2586 579 2886 638 expertem.
2921 565 3069 621 Idem
3131 582 3293 637 porro
3345 569 3475 622 duo-

1898 661 2001 715 bus
2032 659 2402 714 Testamentis
2430 659 2648 713 accidit.
2699 658 2840 726 Quid
2877 658 3050 736 illud?
3104 657 3220 714 Non
3266 659 3470 725 subito,

1901 767 2001 807 nec
2035 752 2100 806 ad
2140 752 2370 820 primam
2401 749 2770 821 aggressionis
2806 749 3185 820 impulsionem
3221 765 3470 806 commu-

1901 852 2012 897 tata
2041 852 2189 898 sunt.
2224 842 2629 909 Quamobrem?
2662 841 2749 914 (Id
2778 843 2921 896 enim
2960 842 3103 897 scire
3123 856 3310 914 cperaa
3348 856 3473 911 prc-

1902 937 2031 989 tium
2080 933 2220 1000 est.)
2283 933 2353 990 Ut
2403 949 2471 990 ne
2516 933 2567 989 vi
2604 912 3066 1004 pertraltercmur,
3118 912 3210 989 sed
3245 948 3474 1004 persua-

1899 1027 2054 1081 sione
2086 1026 2501 1091 adduceremur.
2563 1025 2717 1093 Quod
2762 1026 2908 1080 enim
2949 1026 3315 1080 voluntarium
3363 1041 3471 1082 non

1899 1128 2003 1181 est,
2039 1132 2106 1173 ne
2135 1117 2454 1173 diuturnum
2484 1119 2700 1187 quidem
2732 1127 2847 1183 est;
2883 1116 3337 1189 quemadmodum
3370 1131 3470 1173 nec

1898 1211 2134 1274 fluenta,
2189 1216 2283 1263 aut
2337 1210 2576 1278 stirpes,
2651 1223 2769 1278 quae
2824 1223 2922 1276 per
2973 1209 3080 1262 vim
3147 1209 3468 1263 retinentur.

1901 1301 2053 1368 Quod
2097 1311 2276 1355 autem
2307 1301 2674 1355 voluntarium
2718 1308 2834 1365 est,
2887 1310 2997 1353 tum
3027 1300 3336 1355 diuturnius
3366 1309 3467 1362 est,

1902 1404 2014 1446 tum
2048 1396 2272 1447 certius.
2310 1394 2486 1461 Atque
2514 1393 2748 1445 alterum
2777 1393 2895 1460 ejus
2923 1381 3028 1455 est,
3069 1392 3161 1459 qui
3190 1392 3298 1445 vim
3331 1394 3473 1447 intu-

1901 1483 1995 1547 lit;
2059 1484 2287 1537 alterum
2347 1494 2612 1537 nostrum.
2676 1481 2917 1535 Alterum
2965 1482 3161 1536 divina:
3222 1483 3468 1552 benigni-

1903 1577 2069 1641 tatis;
2108 1574 2336 1629 alterum
2369 1574 2664 1646 tyrannica:
2696 1574 2998 1643 potestatis.
3035 1572 3297 1639 Quocirca
3335 1574 3474 1627 Deus

1903 1666 2123 1720 minime
2154 1665 2456 1720 faciendum
2490 1665 2592 1720 sibi
2624 1664 2798 1729 duxit,
2847 1673 2906 1717 ut
2949 1664 3150 1719 invitos
3191 1664 3475 1719 beneﬁciis

220 1757 535 1829 φαρμακεία
563 1756 877 1827 παραδεχθῇ
906 1756 995 1809 διὰ
1022 1756 1124 1827 τῆς
1153 1755 1349 1826 τέχνης
1372 1755 1797 1827 φαρματτομένη

1907 1757 2165 1824 afﬁceret,
2198 1760 2294 1814 sed
2324 1768 2384 1812 ut
2417 1759 2483 1812 de
2512 1757 2823 1811 volentibus
2850 1755 2990 1811 bene
3021 1769 3341 1811 mereretur.
3393 1757 3473 1812 Ac

218 1851 331 1911 τοῖς
386 1848 795 1918 χρηστοτέροις.
845 1846 922 1899 Οὑ
953 1846 1058 1918 γὰρ
1095 1847 1267 1918 ῥᾴστη
1299 1844 1406 1909 τῶν
1437 1847 1493 1898 ἐν
1530 1845 1650 1898 ’ἔθει
1705 1846 1800 1899 καὶ⁹

218 1941 297 2013 τῷ
330 1942 442 2012 (l4)
475 1939 669 2012 μακρῷ
691 1940 866 2013 χρόνῳ
903 1939 1283 2010 τετιμημένων
1308 1938 1611 2010 μετάθεσις.
1641 1937 1800 2007 Λέγω

218 2033 274 2086 δέ
296 2034 379 2099 τίς
428 2034 492 2086 Ἠ
524 2031 712 2105 πρώτη
758 2042 825 2085 τα
857 2030 1053 2085 εἴδωλα
1092 2030 1458 2101 περικόψασα,
1487 2029 1586 2093 τὰς
1610 2029 1800 2093 θυσίας

221 2124 621 2196 συνεχώρησεν·
657 2126 691 2195 ἡ
719 2122 945 2194 δευτέρα
974 2122 1074 2185 τὰς
1107 2121 1298 2185 θυσίας
1331 2121 1679 2194 περιελοῦσα,
1699 2123 1800 2194 τὴν

220 2218 526 2289 περιτομὴν
554 2216 655 2269 οὐκ
677 2214 965 2270 ἐκώλυσεν·
999 2211 1114 2267 εἶτα
1137 2213 1211 2278 ὡς
1259 2213 1406 2280 ἅπαξ
1434 2213 1679 2278 ἐδέξαντο
1701 2216 1817 2287 τὴν¹

219 2306 532 2378 ὑφαίρεσιν,
555 2308 650 2360 καὶ
684 2305 743 2359 τὸ
770 2303 1122 2376 συγχωρηθὲν
1161 2303 1568 2375 συνεχώρησαν·
1618 2306 1668 2357 οἱ
1701 2305 1800 2375 μὲν

218 2397 320 2460 τὰς
348 2395 559 2461 θυσίας,
586 2398 635 2450 οἱ
659 2396 716 2449 δὲ
733 2395 828 2466 τὴν
874 2395 1196 2467 περιτομήν·
1231 2395 1325 2448 καὶ
1349 2394 1656 2463 γεγόνασιν,
1680 2396 1800 2449 ἀντὶ

222 2490 322 2562 μὲν
352 2489 546 2555 ἐθνῶν,
611 2489 874 2542 Ἰουδαῖοι·
906 2487 1027 2541 ἀντὶ
1079 2486 1136 2539 δὲ
1183 2484 1410 2550 τούτων,
1459 2488 1796 2558 Χριστιανοὶ,

217 2584 341 2644 ταῖς
370 2580 514 2633 κατὰ
547 2578 707 2651 μέρος
735 2577 1056 2650 μεταθέσεσι
1086 2576 1385 2640 κλαπέντες
1416 2577 1509 2629 ἐπὶ
1528 2577 1590 2630 τὸ
1622 2576 1802 2645 Εὐαγ-

218 2674 421 2743 γέλιον.
475 2670 714 2724 Πειθέτω
765 2669 823 2722 σέ
878 2668 1035 2721 τοῦτο
1067 2667 1300 2731 Παῦλος,
1333 2669 1397 2722 ἐκ
1437 2666 1534 2720 τοῦ
1592 2667 1804 2739 περιτέ-

224 2781 379 2836 μνειν
410 2762 523 2834 (45)
554 2761 647 2815 καὶ
699 2759 1018 2830 ἁγνίζεσθαι
1060 2760 1340 2833 προελθὼν
1387 2761 1480 2813 ἐπὶ
1511 2761 1570 2813 τὸ
1600 2760 1796 2830 λέγειν’

232 2854 382 2925 Ἐγὼ
408 2853 497 2916 δὲ,
539 2850 808 2921 ἀδελφοὶ,
841 2853 895 2905 εὶ
924 2851 1251 2922 περιτομὴν
1285 2853 1588 2920 κηρύσσω.
1617 2852 1676 2905 τι
1712 2851 1801 2905 ἔτι

218 2943 503 3013 διώκομαι
518 2958 537 3005 ;
577 2942 784 2996 Ἐκεῖνο
842 2939 946 3011 τῆς
988 2940 1317 3012 οἰκονομίας.
1363 2939 1522 2995 τοῦτο
1565 2939 1664 3010 τῆς
1714 2956 1801 2993 τε-

219 3035 500 3107 λειότητος

1901 1848 2126 1919 proinde
2151 1850 2422 1919 pzedagogi
2447 1848 2730 1919 cujusdam
2757 1858 2811 1904 et
2845 1847 3039 1902 medici
3085 1863 3237 1901 more
3267 1847 3475 1917 patrius

1900 1942 2058 2005 ritus,
2089 1942 2286 2010 partim
2353 1941 2648 2003 subtrahit.
2683 1941 2878 2011 partim
2918 1939 3230 2003 concessit,
3268 1940 3477 1994 nonni-

1901 2032 1977 2087 hil
2025 2033 2278 2088 videlicet
2311 2048 2501 2088 eorum
2538 2032 2803 2102 voluptati
2853 2031 3160 2103 indulgens,
3214 2031 3475 2102 quemad-

1900 2125 2117 2178 modum
2173 2124 2365 2179 medici
2423 2125 2831 2195 aegrotantibus,
2887 2134 2947 2178 ut
2994 2124 3471 2189 medicamentum,

1899 2214 2244 2270 suaviorihus
2273 2215 2439 2269 rebus
2474 2224 2593 2268 arte
2640 2220 3018 2283 temperatum'
3042 2222 3098 2268 et
3140 2212 3473 2278 edulcatum,

1900 2306 2216 2360 admittant.
2256 2305 2442 2376 Neque
2473 2308 2618 2361 enim
2650 2307 2813 2361 facile
2843 2314 2927 2361 est
2952 2304 3023 2360 ab
3052 2304 3137 2371 iis,
3165 2319 3286 2375 quae
3313 2304 3475 2374 longo
3570 2375 3578 2382 _

1899 2413 1998 2452 usu
2033 2407 2090 2452 et
2122 2398 2377 2455 diuturno
2422 2407 2663 2466 tempore
2718 2398 2771 2453 in
2811 2398 3019 2452 honore
3048 2411 3112 2451 ac
3145 2397 3321 2466 pretio
3354 2395 3474 2449 fuc-

1902 2498 2052 2553 runt,
2096 2489 2162 2543 ad
2210 2489 2316 2544 alia
2366 2489 2661 2546 transilire.
2702 2488 2842 2561 Ergo
2871 2489 3042 2559 prima
3104 2489 3191 2543 lex
3247 2486 3478 2542 sublatis

1902 2578 2058 2635 idolis
2082 2581 2348 2636 sacrificia
2382 2581 2661 2648 permisit;
2699 2581 2935 2634 secunda
2969 2578 3235 2634 submotis
3261 2577 3476 2633 sacriﬁ-

1897 2669 2005 2725 ciis
2028 2670 2497 2725 circumcisionem
2528 2670 2754 2725 minime
2787 2671 3061 2740 prohibuit
3090 2684 3106 2724 :
3142 2684 3206 2726 ac
3257 2679 3470 2739 postea,

1900 2772 1960 2817 ut
1990 2761 2158 2817 semel
2215 2762 2459 2816 subtrahi
2501 2761 2603 2817 sibi
2649 2762 2853 2830 aliquid
2894 2777 3052 2831 aequo
3103 2762 3287 2818 animo
3334 2762 3475 2816 tule-

1902 2854 2333 2921 runt-homines,
2365 2856 2529 2909 rebus
2558 2854 2721 2907 etiam
2758 2852 2863 2907 sibi
2899 2855 3195 2921 concessis,
3233 2853 3336 2908 hoc
3368 2862 3476 2917 est,

1903 2946 1977 3001 illi
2040 2945 2366 3009 sacrificiis,
2422 2945 2476 2999 hi
2540 2945 2992 3009 circumcisione,
3072 2945 3475 3007 abstinuerunt,

1903 3046 2086 3106 atque,
2115 3047 2173 3090 ut
2206 3051 2272 3092 ex
2320 3036 2555 3091 ethnicis
2585 3034 2779 3102 Judaei,
2834 3036 2908 3089 ita
2956 3051 3023 3090 ex
3071 3035 3272 3091 Judaeis
3316 3035 3481 3092 Chri-

222 3125 387 3183 stiani
456 3109 584 3177 facii
630 3130 777 3187 sunt,
823 3135 921 3190 per
990 3120 1322 3175 mutationes
1369 3121 1522 3189 quasi
1569 3120 1755 3175 furtim
1808 3122 1875 3177 ad
1916 3123 2262 3194 Evangelium
2306 3124 2573 3193 perducti.
2625 3122 2796 3194 Hujus
2836 3123 2913 3178 rei
2962 3124 3057 3178 tibi
3105 3124 3266 3180 fidem
3316 3124 3481 3182 faciat

222 3219 448 3300 Pardus,
490 3218 581 3288 qui
601 3233 667 3272 ex
701 3232 767 3272 eo
798 3217 939 3286 quod
976 3216 1402 3271 circumcidebat
1443 3215 1512 3284 δ’,
1548 3231 1614 3270 ac
1642 3217 2035 3287 puriticabatur
2061 3220 2108 3252 ’⁵⁸
2179 3235 2243 3274 eo
2305 3220 2523 3275 tandem
2594 3233 2922 3290 progressus
2958 3228 3065 3285 est,
3103 3229 3163 3274 ut
3223 3221 3428 3277 diceret
3461 3240 3478 3281 :

222 3312 337 3387 Ego
366 3323 567 3377 autem,
600 3312 813 3381 fratres,
840 3311 885 3365 si
919 3311 1366 3366 circumcisionem
1429 3311 1688 3380 prwdico,
1744 3314 1872 3384 quid
1907 3315 2082 3371 adhuc
2119 3317 2528 3386 persecutionem
2557 3316 2733 3383 patior
2763 3315 2851 3369 5‘?
2885 3314 3015 3371 Illud
3061 3316 3483 3387 dispensationis

222 3416 379 3471 erat;
410 3405 513 3459 hoc
556 3401 927 3471 perfectionis.

298 3497 448 3562 Κεῖθ.
477 3492 648 3563 Τούτιε
694 3491 755 3544 τὸ
778 3492 880 3561 τῆς
913 3491 1190 3561 θεολογίας
1228 3492 1469 3557 εἰκάζειν
1510 3494 1636 3566 ἔχω,
1670 3495 1804 3569 πλὴν

1982 3494 2173 3551 XXVI.
2217 3492 2355 3550 Huic
2386 3493 2639 3564 exemplo
2691 3493 2999 3549 divinitatis
3051 3493 3297 3549 doctrina
3333 3509 3486 3552 com-

222 3590 348 3645 ὅσον
365 3591 432 3642 ἐκ
458 3585 569 3641 τῶν
594 3586 870 3642 ἐναντίων.
914 3586 1061 3639 Ἐκεῖ
1084 3585 1181 3657 μὲν
1219 3586 1328 3658 γὰρ
1353 3588 1418 3640 ἐκ
1444 3587 1554 3641 τῶν
1588 3588 1808 3659 ὑφαιρέ-

228 3697 368 3734 σεων
398 3680 433 3750 ή
461 3675 775 3749 μετάθεσις·
808 3674 1046 3729 ἐνταῦθα
1067 3674 1123 3728 δὲ
1151 3674 1240 3728 διὰ
1271 3675 1381 3729 τῶν
1414 3675 1740 3747 προσθηκῶν
1773 3677 1806 3746 ή

225 3771 528 3835 τελείωσις.
572 3769 726 3838 Ἔχει
778 3767 888 3839 γὰρ
937 3764 1132 3830 οὑτως·
1185 3769 1454 3838 ἐκήρυσσε
1478 3768 1728 3839 φανερῶς
1772 3770 1808 3841 ἡ

229 3861 443 3917 Παλαιὰ
480 3861 571 3914 τὸν
599 3859 844 3931 Πατέρα,
878 3857 970 3911 τὸν
1014 3857 1139 3910 Υἰὸν
1169 3857 1554 3931 ἀμυδρότερον.
1588 3859 1809 3928 Ἐφανέη-

233 3970 407 4027 ρωσεν
435 3955 469 4023 ἡ
497 3950 675 4021 Καινὴ
694 3950 786 4004 τὸν
811 3950 960 4013 Υίὸν,
978 3948 1225 4014 ὑπέδειξε
1251 3948 1344 4003 τοῦ
1375 3949 1515 4004 Πνεὺ
1524 3968 1693 4023 ματος
1710 3950 1808 4021 τὴν

231 4045 484 4116 θεῶητα.
524 4040 968 4115 Ἐμπολιτεὺεται
996 4040 1091 4095 νῦν
1112 4042 1173 4094 τὸ
1194 4041 1439 4112 Πνεῦμα,
1468 4042 1810 4113 σαφεστέραν

231 4140 364 4210 ἡμῖν
391 4136 634 4209 παρέχον
657 4135 755 4206 τὴν
795 4134 990 4187 ἑαυτοῦ
1017 4132 1270 4205 δήλωσιν.
1313 4132 1390 4188 Οὐ
1411 4133 1521 4206 γὰρ
1542 4130 1609 4205 ἦν
1636 4135 1811 4202 ἀσφα-

232 4230 345 4292 λὲς.
372 4228 541 4300 μήπω
572 4227 673 4298 τῆς
698 4226 793 4281 τοῦ
820 4227 1035 4298 Πατρὸς
1070 4227 1323 4298 θεότητος
1362 4226 1808 4300 ὁμολογηθείσης,

229 4323 326 4391 τὸν
360 4321 491 4374 Υἰὺν
517 4319 757 4391 ἐκδήλως
805 4320 1190 4392 κηρύττεσθαι·
1226 4320 1362 4390 μηδὲ
1409 4320 1511 4390 τῆς
1539 4318 1633 4373 τοῦ
1680 4319 1810 4373 Υίοῦ

232 4411 692 4484 παραδεχθείσης,
715 4412 778 4464 τὸ
809 4411 1037 4482 Πνεῦμα
1060 4409 1121 4464 τὸ
1164 4409 1338 4478 ἅγιον,
1365 4409 1428 4462 ἵν’
1470 4410 1609 4463 εἴπω
1634 4427 1688 4463 τι
1718 4411 1813 4465 καὶ

232 4505 652 4577 τολμηρότερον.
690 4502 1159 4577 ἐπιφορτίζεσθαι·
1201 4502 1278 4574 μὴ
1316 4502 1568 4573 καθάπερ
1613 4506 1810 4575 τροφῇ,

230 4601 302 4668 τῇ
332 4598 474 4669 ὑπὲρ
497 4597 747 4669 δύναμιν,
781 4596 1107 4670 βαρηθέντες
1142 4595 1277 4667 (46),
1309 4596 1405 4649 καὶ
1432 4595 1642 4667 ἡλιακῷ
1675 4595 1815 4664 φωτὶ

235 4688 571 4760 σαθροτέραν
594 4688 673 4743 ἔτι
704 4688 1098 4762 προσϐαλόντες
1122 4688 1234 4758 (47)
1251 4688 1349 4759 τὴν
1372 4688 1514 4759 ὄψιν.
1538 4689 1633 4743 καὶ
1654 4690 1734 4752 είς
1755 4688 1817 4742 τὸ

234 4781 384 4835 κατὰ
430 4779 657 4852 δύναμιν
714 4779 1150 4835 κινδυνεύσωσιν·
1196 4783 1315 4844 ταῖς
1368 4779 1426 4833 δὲ
1468 4779 1605 4833 κατὰ
1652 4779 1817 4851 μέρος

1914 3589 2096 3659 parari
2129 3596 2331 3656 potest,
2365 3587 2469 3642 nisi
2495 3588 2638 3656 quod
2670 3587 2956 3643 contrario
2986 3588 3149 3643 modo
3181 3602 3270 3642 res
3297 3602 3486 3656 proce-

1909 3680 2010 3735 dit.
2044 3679 2157 3735 lllic
2186 3680 2330 3734 enim
2361 3695 2427 3734 ex
2456 3681 2827 3735 subtractione
2873 3680 3104 3735 mutatio
3145 3680 3310 3736 ﬁebat
3340 3696 3354 3733 :
3394 3680 3486 3736 hic

1910 3782 2085 3827 autem
2115 3787 2183 3827 ex
2219 3772 2534 3828 accessione
2570 3781 2735 3841 atque
2780 3771 3116 3828 incremento
3183 3773 3250 3827 ad
3304 3771 3487 3841 perfe-

1908 3866 2144 3921 cﬁonem
2168 3874 2387 3921 ventum
2418 3874 2522 3921 est.
2556 3865 2647 3921 Sic
2685 3867 2830 3921 enim
2873 3881 2932 3921 se
2966 3880 3052 3920 res
3081 3864 3247 3920 habet
3277 3883 3290 3918 :
3318 3863 3487 3921 Vetus

1910 3958 2317 4014 Testamentum
2372 3957 2588 4013 Patrem
2639 3966 2828 4027 aperte
2877 3948 3236 4025 praedicabat,
3288 3956 3484 4012 Filium

1910 4051 2211 4107 obscurius.
2270 4048 2476 4104 Novum
2528 4057 2709 4104 autem
2766 4048 2923 4103 nobis
2964 4047 3164 4102 Filium
3202 4047 3489 4116 perspicue

1911 4142 2172 4209 ostendit,
2204 4151 2260 4197 et
2294 4140 2532 4213 Spiritus
2586 4140 2930 4195 divinitatem
2978 4138 3312 4194 subobscure
3350 4151 3489 4207 quo¢

1914 4234 2203 4290 dammodo
2235 4233 2512 4288 indicavit.
2548 4231 2702 4288 Nunc
2733 4246 2861 4287 vero
2894 4231 3132 4301 Spiritus
3167 4231 3281 4301 ipse
3306 4229 3487 4285 nobis-

1913 4341 2036 4381 cum
2070 4335 2336 4391 versatur,
2378 4324 2538 4395 573
2568 4339 2795 4392 seseque
2831 4323 2989 4378 nobis
3035 4324 3278 4391 apertius
3308 4320 3492 4377 declao

1916 4424 2020 4470 rat.
2050 4414 2237 4484 Neque
2266 4416 2412 4469 enim
2454 4424 2627 4469 tutum
2650 4422 2794 4481 erat,
2823 4413 3006 4468 Patris
3033 4413 3326 4470 divinitate
3360 4428 3492 4468 non-

1915 4508 2042 4563 dum
2074 4506 2345 4572 confessa,
2394 4505 2592 4561 Filium
2622 4514 2810 4575 aperte
2852 4505 3133 4575 praedicari
3162 4520 3177 4559 :
3208 4519 3331 4571 nec,
3363 4503 3491 4559 Filii

1916 4602 2201 4659 divinitate
2257 4598 2495 4653 nondum
2543 4600 2814 4660 admissa,
2869 4596 3134 4664 Spiritum
3197 4605 3491 4659 sanctum,

1916 4688 2063 4743 velut
2112 4685 2416 4755 graviorem
2463 4685 2777 4755 quamdam,
2836 4685 2883 4741 si
2936 4686 3011 4740 ita
3065 4685 3212 4755 loqui
3268 4684 3350 4739 fas
3386 4694 3492 4748 est,

1920 4779 2190 4835 sarcinam
2222 4777 2377 4832 nobis
2406 4777 2575 4848 ingeri
2612 4792 2628 4831 :
2657 4793 2725 4832 ne
2760 4777 2984 4848 alioqui,
3015 4777 3162 4832 velut
3188 4777 3326 4832 cibis
3349 4776 3492 4831 ultra

236 4871 603 4945 προσθήκαις,
638 4873 754 4936 καὶ,
787 4873 863 4935 ὡς
887 4868 1008 4925 εἶπε
1038 4871 1222 4936 Δαόὶδ,
1257 4871 1579 4935 ἀναϐάσεσι,
1618 4873 1712 4925 καὶ
1756 4872 1804 4924 ἐ)

1924 4870 2066 4923 vires
2094 4869 2329 4939 gravati,
2377 4882 2438 4923 ac
2474 4867 2607 4923 solis
2653 4868 2821 4922 radiis
2873 4867 3098 4923 hebetes
3136 4866 3325 4922 oculos
3358 4866 3495 4935 adji-

237 4960 399 5033 δόξης
429 4961 509 5025 εἰς
529 4961 685 5027 δόξαν
708 4962 950 5032 προόδοις
973 4961 1066 5015 καὶ
1100 4963 1424 5033 προκοπαῖς,
1446 4959 1507 5014 τὸ
1527 4962 1624 5033 τῆς
1653 4960 1821 5030 Τριά-

311 5144 360 5178 ⁸⁸
391 5140 554 5198 Hebr.
590 5141 800 5209 xu,26.
873 5141 920 5173 ⁸⁸
944 5141 1064 5196 Act.
1101 5158 1209 5205 ενι,
1239 5142 1291 5196 5.

237 5325 311 5380 18
337 5336 394 5396 ει
422 5324 636 5396 seqq.);
674 5324 966 5396 secundus,
993 5336 1140 5396 cum,
1157 5318 1396 5396 _(_lhristo_
1416 5322 1700 5396 moriente,
1727 5319 1812 5374 lex

236 5395 433 5464 gratia:
466 5392 632 5451 cessit
662 5393 879 5464 (Matth.
907 5406 1077 5464 xxvii,
1110 5392 1234 5463 5i);
1276 5393 1468 5464 tertius
1501 5393 1735 5464 denique
1759 5400 1808 5443 et

236 5461 550 5534 postremus
577 5467 632 5520 in
671 5461 780 5517 line
808 5464 991 5534 mundi
1025 5461 1238 5517 futurus
1263 5472 1366 5526 est,
1395 5462 1463 5518 de
1520 5476 1629 5533 quo
1680 5462 1817 5529 Apo-

237 5531 420 5590 stolus
455 5533 645 5603 (Hebr.
675 5549 772 5596 xu,
799 5531 913 5603 Ξβ).

310 5604 431 5673 (42)
467 5601 654 5669 Μηδέ.
688 5603 801 5673 Dtgt
834 5601 1026 5673 Rr_gg.,
1059 5602 1216 5673 μήτε.

312 5668 431 5744 (45)
473 5668 707 5728 Ἕνεκα.
742 5670 876 5727 Tres
899 5668 1089 5743 Reggi,
1117 5668 1349 5742 quatuor
1376 5669 1525 5728 Colb.
1558 5676 1614 5726 et
1641 5668 1733 5727 Or.
1759 5668 1812 5737 i,

1366 5140 1414 5173 ⁸⁰
1445 5142 1568 5196 Act.
1601 5157 1712 5209 XXI,
1746 5140 1836 5196 26.

1927 4961 2151 5025 cientes,
2187 4959 2255 5014 iis
2281 4974 2518 5029 quoque,
2555 4960 2752 5030 quibus
2776 4959 2984 5031 praediti
3016 4972 3255 5025 eramus,
3287 4956 3499 5012 viribus

1913 5141 1957 5173 ει
1992 5140 2111 5199 Gal.
2143 5156 2199 5210 ν,
2237 5143 2325 5197 u.

1913 5334 2098 5373 ενεκεν

2008 5388 2097 5461 μ)
2143 5390 2245 5452 Τῳ.
2284 5387 2442 5461 Deest
2472 5390 2524 5444 in
2560 5391 2732 5446 tribus
2764 5390 2935 5461 chg.
2960 5398 3015 5446 et
3046 5389 3140 5447 0r.
3170 5392 3223 5446 1.

2135 5457 2788 5531 Περιτέμνεινκβοηιιιη
2818 5457 3155 5531 περιτεμεῖν.

2009 5527 2100 5600 46)
2126 5528 2515 5600 Βαρηθέντες.
2544 5528 2788 5597 ΗωεεΙι.,
2823 5527 3201 5600 βαρυνθέντες.

2008 5596 2098 5671 47)
2129 5599 2600 5671 Προσόαικιᾷντες.
2630 5601 2724 5655 Or.
2757 5596 3233 5671 1,’προϐαλόντες.
3269 5596 3325 5655 In
3374 5599 3496 5671 qui-

1913 5666 2162 5738 buSda’m,
2198 5666 2645 5738 προσϐάλλοντες.
