3910 6214
407 298 511 354 165

1611 292 1668 348 S.
1711 290 2033 351 GREGORII
2075 288 2426 345 THEOLOGI

3568 287 3678 343 164

405 419 841 491 periclitarcmur
867 438 896 482 ,ε
927 419 1055 487 quin
1094 418 1275 474 tacitis
1311 420 1491 488 potius
1540 419 1972 484 accessionibus,

2087 414 2165 477 5ος
2190 413 2305 481 φῶς
2335 410 2586 482 ἐκλάμψῃ
2613 409 2724 482 (48)
2741 411 2848 474 τοῖς
2872 408 3296 482 λαμπροτέροις.
3328 409 3426 464 Διὰ
3440 410 3674 481 ταύτην,

406 524 480 578 ει,
536 522 593 568 ιιι
627 512 795 566 David
846 512 1107 583 loquitur,
1167 511 1577 566 ascensionibus
1611 512 1681 574 ⁵⁸,
1734 520 1896 579 atque
1954 525 1981 566 e

406 604 660 660 claritate
716 605 769 658 in
827 605 1133 659 claritatem
1184 602 1650 673 progressionibus
1704 612 1758 656 et
1802 604 1979 656 incre-

409 697 634 759 mentis,
680 694 967 750 Trinitatis
999 694 1176 749 lumen
1226 692 1683 763 splendidioribus
1715 692 1976 747 illuceret.

406 789 489 844 0b
520 790 661 844 lianc
690 803 934 855 causam,
978 797 1034 842 ut
1080 788 1291 856 opinor,
1328 786 1394 839 ad
1439 785 1730 854 discipulos
1768 800 1982 854 quoque

407 880 690 950 sigillatim
746 894 807 935 se
870 877 1101 945 confert,
1167 879 1235 932 ad
1284 877 1672 944 excipientium
1730 875 1982 930 videlicet

407 981 624 1040 captum
680 970 1063 1038 modulumque
1097 983 1217 1024 sese
1249 968 1561 1037 impertiens
1613 966 1679 1031 ⁸³;
1726 966 1979 1019 nimirum

407 1063 460 1116 in
523 1062 800 1132 Evangelii
871 1062 1135 1131 principio
1190 1060 1418 1114 virtutes
1470 1058 1788 1129 perﬁciens,
1862 1067 1983 1127 post

406 1152 608 1208 ChriSIi
638 1154 941 1220 passionem
993 1150 1293 1205 iusulllatus
1321 1152 1391 1216 ⁵⁸,
1441 1159 1562 1220 post
1592 1165 1881 1205 ascensum
1916 1151 1969 1203 in

407 1245 578 1312 igneis
611 1244 808 1312 linguis
844 1259 1115 1314 apparens
1145 1244 1215 1297 ⁵⁸.
1258 1242 1568 1310 Quinetiam
1604 1242 1671 1296 ab
1704 1245 1823 1311 ipso
1854 1242 1981 1297 Jesu

404 1334 666 1402 paelatim
705 1334 1036 1402 declaratur,
1074 1343 1132 1387 ut
1160 1333 1278 1403 ipse
1325 1347 1543 1404 quoque
1577 1333 1902 1402 comperies,
1935 1332 1979 1386 si

405 1426 648 1480 animum
692 1427 1003 1496 diligentius
1048 1426 1372 1481 adverteris.
1418 1424 1632 1495 Rogabo
1684 1426 1827 1479 enim
1869 1423 1979 1477 Pa-

408 1524 560 1578 trem,
599 1516 818 1586 inquit,
872 1525 922 1570 et
969 1517 1133 1569 alium
1191 1513 1529 1569 Paracletum
1586 1516 1749 1569 mittet
1800 1515 1979 1581 vobis,

408 1604 666 1672 Spiritum
706 1609 941 1662 veritatis
976 1608 1044 1660 ⁸⁶.
1086 1607 1216 1673 Qua:
1263 1605 1481 1676 quidem
1534 1608 1696 1662 verba
1732 1623 1797 1662 eo
1822 1608 1979 1674 dixit,

407 1714 478 1754 ne
541 1698 886 1754 adversarius
922 1699 1187 1769 quispiam
1234 1698 1327 1753 Dei
1375 1713 1516 1764 esse,
1575 1707 1668 1753 aut
1716 1700 1868 1769 quasi
1914 1700 1981 1754 de

2085 500 2260 575 οἶμαι,
2298 504 2397 575 τὴν
2448 502 2649 565 αἰτίαν,
2686 502 2779 555 καὶ
2826 504 2938 564 τοῖς
2999 500 3269 571 μαθηταῖς
3306 500 3448 554 κατὰ
3501 501 3677 573 μέρος

2085 596 2358 667 ἐπιδημεῖ,
2393 596 2459 665 τῇ
2493 592 2601 648 τῶν
2662 592 2968 663 δεχομένων
3008 590 3234 662 δυνάμει
3283 590 3679 663 παραμετροῦ-

2089 706 2267 760 μενον,
2316 690 2375 742 ἐν
2394 690 2536 759 ἀρχῇ
2567 684 2660 739 τοῦ
2692 684 3052 754 Εὑαγγελίου,
3084 684 3223 756 μετὰ
3251 685 3310 738 τὸ
3336 684 3530 748 πάθος,
3570 703 3675 756 με-

2084 787 2154 841 τὰ
2178 785 2277 857 τὴν
2306 785 2511 849 ἄνοδον,
2561 783 2661 848 τὰς
2698 783 2959 854 δυνάμεις
2988 782 3294 848 ἐπιτελοῦν,
3337 782 3674 854 ἐκφυσώμε-

2084 895 2193 939 νον,
2219 879 2275 929 ἐν
2305 876 2579 945 γλώσσαις
2611 876 2865 947 πυρίναις
2891 868 3235 946 φαινόμενον.
3286 877 3400 929 Καὶ
3429 877 3536 930 ὑπὸ
3567 878 3677 948 Ἰη-

2086 970 2180 1023 σοῦ
2225 968 2334 1041 (49)
2384 972 2502 1022 κατ’
2552 969 2731 1036 ὀλίγον
2768 969 3086 1041 ἐκφαίνεται
3144 969 3278 1040 (50),
3326 969 3403 1034 ὡς
3442 971 3675 1042 ἐπιστή-

2087 1080 2204 1128 σεις
2263 1064 2376 1134 (51)
2451 1064 2547 1118 καὶ
2604 1063 2766 1126 αὐτὸς
2815 1063 3162 1133 ἐντυγχάνων
3214 1063 3670 1137 ἐπιμελέστερον’

2097 1154 2428 1223 Ἐρωτήσω,
2455 1156 2608 1231 φησὶ,
2662 1154 2770 1207 τὸν
2818 1155 3070 1224 Πατέρα,
3111 1155 3212 1210 καὶ
3246 1154 3442 1210 ἄλλον
3472 1158 3674 1224 Παρά-

2086 1249 2316 1313 κλητον
2342 1243 2563 1312 πέμψει
2596 1244 2759 1313 ὑμῖν,
2796 1245 2860 1298 τὸ
2895 1245 3143 1315 Πνεῦμα
3198 1243 3312 1315 τῆς
3357 1246 3670 1313 ἀληθείας·

2089 1332 2175 1384 ἵνα
2208 1330 2282 1402 μὴ
2313 1332 2557 1396 ἀντίθεος
2578 1327 2717 1386 εἶναι
2742 1332 2867 1405 δόξῃ
2891 1352 2997 1398 τις,
3027 1335 3123 1388 καὶ
3153 1334 3229 1398 ὡς
3252 1335 3362 1389 ἀπὸ
3388 1335 3555 1405 ἄλλης
3588 1354 3674 1390 τιο

2085 1424 2171 1486 νὸς
2216 1423 2463 1489 ἐξουσίας
2515 1424 2788 1478 ποιεῖσθαι
2838 1426 2965 1490 τοὺς
2991 1427 3205 1496 λόγους.
3250 1422 3405 1491 Εἶτα,
3442 1428 3672 1497 πέμψει

2091 1513 2211 1584 μὲν,
2237 1513 2307 1566 ἐν
2338 1514 2396 1566 δέ
2425 1514 2504 1580 τῷ
2526 1515 2774 1585 ὀνόματί
2790 1534 2929 1587 μου.
2955 1518 3028 1570 Τὸ
3048 1518 3327 1587 ἐρωτήρνω
3361 1521 3581 1589 παρεὶς,
3606 1521 3673 1574 τὸ

2086 1606 2306 1675 πέμψει
2328 1610 2650 1678 τετήρηκεν·
2684 1604 2824 1676 εἶτα,
2854 1610 3088 1679 πέμψω,
3107 1612 3170 1664 τὸ
3194 1614 3391 1666 οἰκεῖον
3424 1612 3669 1684 ἀξίωμαθ

2085 1696 2225 1761 εἶτα,
2261 1698 2416 1765 ἥξει,
2445 1701 2478 1769 ἡ
2506 1700 2601 1753 τοῦ
2638 1700 2956 1779 Πνεύματος
2983 1702 3225 1767 ἐξουσία.

402 1794 506 1847 alia
534 1795 768 1863 quadam
811 1803 1079 1864 potestate
1119 1808 1426 1848 sermonem
1460 1793 1643 1848 facere
1685 1795 1990 1848 videretur.
2029 1794 2244 1859 Postea,
2275 1797 2441 1849 mittet
2476 1796 2721 1864 quidem,
2768 1806 3025 1852 caeterum
3088 1799 3146 1852 in
3208 1802 3418 1855 nomine
3450 1817 3566 1856 meo
3596 1800 3669 1857 ".

401 1889 524 1956 Hic,
553 1892 753 1946 omissa
787 1905 938 1953 voce,
977 1891 1190 1960 rogabo,
1245 1904 1450 1957 vocem,
1494 1890 1687 1956 mittet,
1737 1890 1979 1945 retinuit.
2053 1890 2199 1954 Mox,
2263 1892 2469 1943 mittam
2513 1891 2603 1945 ’δε
2640 1901 2698 1945 ιιι
2738 1892 3011 1961 propriam
3052 1896 3434 1951 auctoritatem
3482 1907 3670 1952 osten-

403 1986 516 2040 dat.
578 1984 714 2039 Tum
762 1985 1013 2054 denique,
1070 1985 1233 2040 veniet
1261 1984 1307 2018 ⁵⁸
1341 2001 1355 2038 :
1384 1998 1493 2053 quo
1538 1986 1702 2039 verbo
1746 1985 1981 2052 Spiritus
2021 1993 2263 2053 potestas
2294 1983 2583 2065 indicatqr.
3456 1986 3459 1987 ⁷

474 2075 685 2131 XXVII.
705 2077 868 2132 Vides
898 2076 1313 2132 illuminationes
1353 2076 1609 2148 paulatim
1634 2077 1788 2131 nobis
1820 2076 1973 2128 all'ul-

403 2178 616 2240 gentes,
652 2169 1047 2239 theologireque
1071 2171 1343 2235 ordinem,
1381 2184 1539 2239 quem
1578 2170 1732 2224 nobis
1759 2181 1975 2238 quoque

401 2270 589 2316 tenere
628 2262 958 2331 praestiterit,
997 2270 1054 2314 ut
1101 2275 1201 2315 nec
1227 2270 1448 2329 repente
1478 2270 1639 2328 atque
1684 2258 1973 2313 confertim

400 2354 582 2407 omnia
620 2352 672 2405 in
719 2352 893 2405 lucem
923 2351 1229 2417 elleramus,
1262 2367 1361 2406 nec
1397 2352 1449 2405 in
1483 2350 1643 2405 ﬁnem
1682 2364 1851 2418 usque
1881 2365 1976 2404 oc-

399 2444 688 2501 cultemus.
736 2444 866 2498 Illud
914 2445 1058 2497 enim
1112 2444 1477 2499 inconsultum
1528 2453 1692 2513 atque
1736 2446 1803 2498 ab
1856 2454 1975 2499 arte

401 2535 634 2589 alienum
660 2534 840 2603 fuerit,
875 2536 976 2590 hoc
1000 2536 1257 2610 impium:
1297 2537 1428 2592 illud
1464 2537 1673 2592 alienos
1702 2537 1974 2593 oli'endere

399 2640 465 2680 ac
489 2627 773 2682 vulnerare
806 2637 989 2697 queat,
1013 2628 1116 2684 hoc
1146 2636 1362 2684 nostros
1400 2643 1430 2682 a
1460 2629 1616 2684 nobis
1637 2630 1971 2684 abalienare.

398 2716 691 2772 Enimvero
714 2718 788 2783 id,
820 2717 961 2787 quod
983 2718 1310 2788 quibusdam
1342 2733 1560 2789 quoque
1587 2718 1708 2773 aliis
1746 2718 1976 2773 fortasse

399 2808 456 2863 in
484 2818 720 2863 mentem
748 2810 917 2874 venit,
948 2824 1048 2878 ego
1090 2818 1269 2864 tamen
1310 2809 1475 2862 animi
1514 2809 1618 2861 mei
1657 2808 1823 2863 fetum
1855 2824 1978 2865 esse

398 2900 671 2967 existimo,
703 2901 1070 2969 superioribus
1098 2899 1409 2979 adjungam.
1446 2900 1691 2955 Habebat
1723 2901 1972 2968 qua-.dam

2148 2076 2276 2129 KZ'.
2329 2076 2492 2147 Ὁρᾷς
2530 2076 2844 2147 φωτισμοὺς
2885 2077 3029 2130 κατὰ
3068 2076 3232 2147 μέρος
3279 2080 3412 2150 ἡμῖν
3447 2080 3670 2153 ἐλλάμ-

2080 2184 2301 2235 ποντας,
2334 2168 2428 2221 καὶ
2483 2168 2638 2234 τάξιν
2684 2168 2981 2238 θεολογίας,
3031 2170 3098 2241 ἣν
3158 2172 3254 2225 καὶ
3302 2174 3450 2243 ἡμᾶς
3472 2179 3671 2248 τηρεῖν

2080 2260 2322 2330 ἄμεινον,
2368 2264 2507 2334 μήτε
2550 2264 2762 2345 άθρόως
2794 2269 3175 2337 ἐκφαίνοντας,
3231 2273 3371 2344 μήτε
3401 2274 3482 2338 εἰς
3508 2276 3669 2340 τέλος

2080 2351 2439 2422 κρύπτοντας.
2472 2354 2546 2406 Τὸ
2575 2354 2676 2426 μὲν
2711 2357 2819 2428 γὰρ
2850 2358 3093 2429 ἄτεχνον,
3138 2360 3199 2413 τὸ
3226 2361 3285 2414 δὲ
3317 2361 3488 2417 ιᾶθεον
3525 2363 3667 2438 (52)·

2080 2446 2175 2497 καὶ
2202 2445 2263 2498 τὸ
2290 2446 2389 2515 μὲν
2412 2448 2538 2508 τοὺς
2586 2447 2903 2521 ἀλλοτρίους
2936 2451 3136 2522 πλῆξαι
3166 2454 3487 2526 δυνάμενον,
3519 2458 3584 2511 τὸ
3609 2458 3669 2513 δὲ

2080 2532 2441 2607 ἀλλοτριῶσαι
2472 2538 2599 2600 τοὺς
2624 2540 2950 2611 ἡμετέρους.
2988 2543 3053 2594 Ὃ
3099 2542 3154 2595 δὲ
3202 2545 3335 2609 ἴσως
3368 2546 3467 2615 μὲν
3498 2542 3669 2619 ἦλθεν

2081 2625 2180 2697 ἤδη
2204 2626 2347 2678 τισὶν
2384 2627 2497 2698 (55)
2529 2628 2622 2681 ἐπὶ
2640 2629 2765 2683 νοῦν
2807 2632 2904 2685 καὶ
2940 2633 3049 2688 τῶν
3080 2634 3277 2700 ἄλλων,
3330 2637 3442 2706 ἐγὼ
3470 2638 3530 2692 δὲ
3563 2640 3668 2711 τῆς

2081 2718 2318 2789 ἐμαυτοῦ
2342 2721 2453 2791 (54)
2483 2721 2723 2786 διανοίας
2754 2724 3125 2796 ὑπολαμϐάνω
3152 2729 3386 2801 καρπὸν,
3420 2732 3668 2804 προσθή-

2083 2826 2160 2861 σω
2181 2812 2292 2874 τοῖς
2320 2811 2647 2882 εἰρημένοις.
2679 2809 2788 2867 Ἦν
2813 2833 2933 2868 τινα
2965 2816 3043 2888 τῷ
3080 2818 3314 2890 Σωτῆρι.
3341 2821 3437 2874 καὶ
3462 2824 3513 2875 εί
3541 2822 3669 2876 πολε

2081 2900 2187 2954 λῶν
2214 2903 2615 2971 ἐνεπίμπλαντο
2651 2905 3011 2977 μαθημάτων,
3048 2908 3083 2963 δι
3115 2911 3190 2980 μὴ
3233 2911 3495 2966 δύνασθαι
3536 2913 3666 2968 τότε

401 2991 675 3057 Salvator,
725 3005 845 3060 qua:
877 3006 907 3045 a
938 2990 1237 3061 discipulis,
1266 2974 1395 3045 licet
1444 2991 1644 3060 alioqui
1693 2991 1975 3059 multiplici

2087 2990 2459 3064 βασταχθῆναι
2512 2999 2627 3059 τοῖς
2654 2974 2936 3068 μαθηταῖς
2985 2974 3224 3068 ἐλέγετο,
3280 3001 3348 3055 δι’
3396 3003 3463 3068 ἃς
3508 2990 3666 3058 εἷπον

399 3084 645 3138 doctrina
694 3082 1067 3153 implerentur,
1133 3092 1261 3138 tunc
1320 3091 1498 3137 tamen
1565 3084 1771 3153 portari
1819 3099 1977 3154 posse

398 3172 651 3243 negabat,
685 3171 755 3228 ob
786 3187 880 3228 eas
911 3172 1165 3242 fortasse,
1192 3190 1326 3244 quas
1352 3175 1531 3239 attuli,
1565 3190 1779 3241 causas,
1816 3187 1978 3246 atque

398 3266 601 3321 idcirco
631 3280 694 3320 ea
729 3266 863 3337 ipsis
892 3266 1220 3322 occultabat.
1250 3269 1329 3321 Ac
1363 3282 1553 3322 rursus
1593 3267 1811 3322 dicebat
1838 3266 1973 3335 fore,

398 3368 460 3416 ut
486 3361 556 3416 ab
593 3361 912 3416 adveniente
930 3360 1133 3431 Spiritu
1168 3360 1347 3416 omnia
1375 3360 1809 3417 edocerentur“.
1834 3362 1975 3432 Ergo

399 3470 564 3508 unum
597 3469 660 3509 ex
685 3469 872 3509 eorum
900 3468 1128 3508 numero
1156 3468 1279 3509 esse
1302 3466 1520 3519 censeo,
1539 3454 1708 3522 ipsam
1740 3452 1976 3522 Spiritus

400 3547 570 3601 sancti
597 3545 761 3617 574
786 3547 1073 3610 Deitatem,
1111 3545 1164 3599 in
1200 3556 1475 3614 posterum
1507 3546 1745 3615 apertius
1793 3546 2005 3601 decla-'

397 3638 650 3703 randani,
681 3649 791 3692 tum
820 3636 1090 3700 videlicet,
1134 3635 1386 3704 cumjam
1430 3647 1549 3706 post
1581 3636 1880 3691 Salvatoris
1918 3637 1971 3690 in

397 3728 668 3796 integrum
726 3726 1159 3793 restitutionem,
1217 3737 1427 3781 matura
1484 3735 1538 3781 et
1605 3725 1973 3795 perceptibilis

396 3829 542 3875 esset
573 3821 741 3890 ipsius
771 3821 1027 3890 cognitio,
1060 3827 1245 3889 utpote
1272 3819 1358 3873 cui
1389 3817 1459 3874 ob
1497 3827 1603 3872 tam
1635 3818 1843 3887 insigne
1871 3817 1971 3870 mi-

396 3913 638 3969 raculum
680 3914 810 3969 ﬁdes
835 3927 940 3968 non
968 3914 1078 3983 jam
1123 3912 1498 3983 abrogaretur.
1533 3910 1672 3977 Quid
1697 3910 1840 3963 enim
1870 3911 1973 3965 hoc

396 4004 592 4073 majus,
630 4006 710 4060 vel
747 4006 836 4060 ille
852 4006 1116 4076 polliceri,
1143 4005 1225 4061 vel
1263 4004 1499 4074 Spiritus
1529 4004 1724 4059 docere
1749 4004 1958 4072 potuis-

397 4097 517 4153 set?
582 4097 638 4152 Si
688 4099 846 4153 modo
896 4111 1151 4167 maguum
1199 4095 1401 4166 aliquid
1444 4095 1861 4150 existimandum
1919 4103 2038 4162 est,

397 4189 482 4246 vel
509 4190 653 4263 quod
685 4190 1001 4245 docebatur.

467 4269 797 4351 XXVlll.fAc
821 4283 885 4337 de
909 4283 992 4337 bis
1017 4282 1087 4336 ita
1105 4283 1300 4345 sentin,
1320 4281 1632 4350 utinamque
1649 4279 1900 4345 sentiam,
1918 4286 1974 4333 et

398 4375 646 4445 quisquis
664 4374 795 4429 mihi
828 4376 1032 4429 amicus
1047 4384 1152 4439 est,
1171 4375 1515 4441 colamusque
1541 4373 1703 4426 Deum
1730 4371 1970 4434 Patrem,

2084 3084 2213 3149 ἴσως
2252 3087 2453 3151 αίτίας,
2483 3090 2577 3142 καὶ
2600 3089 2687 3143 διὰ
2708 3090 2866 3145 τοῦτο
2897 3095 3367 3165 παρεκαλύπτετο.
3400 3098 3514 3152 Καὶ
3556 3100 3667 3155 πά-

2079 3177 2184 3243 λιν,
2215 3182 2390 3235 πάντα
2412 3183 2828 3255 διδαχθήσεσθαι
2873 3190 3023 3259 ἡμᾶς
3057 3190 3161 3243 ὑπὸ
3209 3190 3302 3245 τοῦ
3344 3191 3666 3264 Πνεύματος

2078 3272 2500 3344 ἐνδημήσαντος.
2524 3276 2741 3330 Τούτων
2778 3280 2888 3350 (55)
2926 3280 2983 3334 ἒν
3007 3276 3148 3336 εἶναι
3177 3283 3407 3354 νομίζω,
3436 3286 3532 3339 καὶ
3559 3289 3666 3340 αύ-

2075 3366 2173 3436 τὴν
2199 3365 2290 3419 τοῦ
2344 3367 2664 3439 Πνεύματος
2712 3370 2811 3442 τὴν
2864 3371 3095 3446 θεότητα
3148 3375 3525 3447 τρανουμένην
3581 3379 3666 3442 είς

2077 3458 2302 3530 ὕστερον
2331 3460 2463 3531 (56),
2511 3462 2587 3525 ὡς
2642 3463 2947 3535 τηνικαῦτα
2983 3466 3196 3538 ὼρίμου
3261 3468 3359 3521 καὶ
3399 3470 3665 3541 χωρητῆς

2075 3550 2176 3621 ἢδη
2199 3552 2575 3624 τυγχανούσης
2607 3556 2706 3627 τῆς
2734 3555 3008 3624 γνώσεως,
3049 3558 3187 3628 μετὰ
3212 3560 3313 3631 τὴν
3346 3560 3439 3613 τοῦ
3470 3561 3665 3632 Σωτῆ-

2078 3660 2172 3713 ρος
2203 3645 2671 3714 ἀποκατάστασιν,
2722 3651 2906 3704 οὐκέτί
2961 3652 3365 3725 ἀπιστουμένου
3413 3656 3525 3725 (57)
3584 3658 3666 3728 τῷ

2076 3733 2336 3805 θαύματι.
2372 3737 2437 3788 Τί
2482 3738 2590 3810 γὰρ
2642 3738 2707 3793 ἂν
2732 3739 2921 3793 τούτου
2971 3743 3245 3815 μεῖζον,ἢ
3291 3745 3500 3808 ἐκεῖνος
3558 3744 3667 3797 ὑπ-

2078 3823 2291 3894 έσχετο,
2312 3825 2345 3896 ἢ
2364 3827 2423 3879 τὸ
2452 3827 2677 3900 Πνεῦμα
2696 3831 2965 3899 ἐδίδαξεν;
3000 3832 3160 3904 εἴπερ
3202 3851 3257 3886 τι
3283 3833 3427 3905 μέγα
3448 3834 3666 3890 οἴεσθαι

2074 3914 2204 3986 χρὴ,
2233 3918 2329 3969 καὶ
2360 3916 2495 3969 Θεοῦ
2533 3918 3010 3991 μεγαλοπρεπείας
3061 3921 3230 3988 ἄξιον,
3264 3923 3326 3977 τὸ
3367 3924 3667 3995 ὑπισχνού-

2078 4023 2259 4076 μενον,
2286 4008 2318 4079 ἢ
2340 4008 2401 4061 τὸ
2442 4008 2846 4080 διδασκόμενον.

2081 4096 2282 4166 Deique
2323 4101 2722 4168 magniﬁcentia
2752 4103 2992 4173 dignum,
3035 4106 3176 4175 quod
3217 4104 3663 4175 promittebatur,

2148 4278 2284 4334 KH'.
2329 4279 2477 4347 Ἔχω
2506 4276 2604 4347 μὲν
2624 4277 2767 4330 οὕτω
2797 4278 2925 4349 περὶ
2958 4252 3184 4344 τούτων,
3207 4280 3301 4333 καὶ
3333 4279 3535 4351 ἔχοιμι,
3565 4285 3667 4338 καὶ

2078 4371 2227 4435 ὅστις
2258 4370 2380 4441 ἐμοὶ
2411 4371 2581 4440 φίλος,
2630 4370 2809 4423 σέϐειν
2840 4371 2971 4424 Θεὸν
3002 4371 3091 4425 τὸν
3122 4373 3367 4444 Πατέρα,
3408 4374 3543 4428 Θεὸν
3567 4377 3667 4432 τὸν

402 4464 569 4521 Deum
620 4465 840 4532 Filium,
880 4467 1049 4521 Deum
1090 4466 1351 4537 Spiritum
1404 4474 1675 4527 sanctum,
1711 4473 1820 4517 tres
1849 4478 1975 4533 pro-

2087 4459 2232 4524 Υἰὸν,
2266 4458 2399 4511 Θεὸν
2425 4458 2486 4510 τὸ
2538 4458 2762 4529 Πνεῦμα
2819 4458 2881 4511 τὸ
2934 4459 3108 4529 ἅγιον,
3158 4465 3308 4533 τρεῖς
3361 4463 3664 4535 ἰδιότητας,

402 4562 681 4631 prietates,
722 4575 884 4613 unam
941 4560 1304 4620 divinitatem,
1348 4573 1448 4611 nec
1498 4556 1691 4626 gloria,
1724 4570 1823 4610 nec
1867 4556 1966 4610 ho-

401 4664 553 4716 nore,
592 4664 693 4703 nec
723 4650 980 4715 essentia,
1004 4663 1102 4703 nec
1125 4662 1289 4717 regno
1316 4647 1565 4711 divisam,
1586 4656 1643 4699 ut
1673 4646 1968 4714 quispiam,

397 4740 583 4797 divino
618 4741 838 4794 numine
870 4740 1102 4803 alllalus,
1136 4754 1241 4793 non
1278 4738 1353 4792 ita
1375 4737 1582 4807 pridem
1618 4736 1968 4807 philosopha-

494 4832 515 4863 ³
545 4829 689 4885 Psal.
726 4843 957 4892 Lxxxm,
989 4828 1041 4880 6.
1151 4826 1198 4858 ⁸³
1238 4825 1370 4880 an.
1394 4842 1471 4889 ix,
1497 4825 1548 4879 1.

397 4899 620 4957 "Joau.
654 4915 765 4964 XVI,
795 4901 848 4954 7.
922 4900 967 4931 ⁸⁸
1003 4896 1131 4952 ibid.
1158 4897 1212 4951 8.
1289 4895 1334 4927 ⁶⁰
1367 4896 1495 4950 ibid.
1534 4896 1632 4961 1‘2;
1672 4911 1785 4951 xw.
1813 4896 1903 4950 26.

465 4991 948 5065 (48)Ἐκ.1ᾴμψῃ.
992 4990 1135 5065 Reg.
1172 4988 1358 5065 (Σῖρις,
1408 4987 1593 5065 σαφῶς
1642 4987 1964 5065 ἐκλάμπειν.
2052 5029 2057 5035 .

396 5056 611 5127 Coinbl,
645 5056 969 5132 ἐκλάμπειν,
992 5056 1097 5121 vel,
1121 5056 1417 5128 ἐκλάμψαι.
1442 5077 1461 5110 ι
1499 5056 1964 5128 Splendidioribus

397 5133 534 5189 lucis
563 5149 675 5188 sua:
707 5134 873 5185 radiis
902 5139 1273 5183 coruscareta

466 5204 578 5271 (49)
616 5201 762 5255 Ὑπὸ
804 5201 1032 5271 Ἰησοῦ.
1082 5198 1479 5271 Βυεζίῦῖρνη
1542 5197 1647 5250 ὑπὸ
1703 5196 1960 5269 Χριστοῦ.
2076 5217 2137 5270 ρο

391 5269 560 5330 Cois’l.
586 5274 641 5328 2.
672 5281 727 5326 et
759 5286 854 5326 sex
878 5270 1054 5336 Colb.,
1083 5269 1187 5322 ὑπὸ
1215 5269 1369 5323 Υίοῦ.

490 5344 579 5415 50)
610 5340 1016 5415 νἘκεραίνεται.
1044 5341 1194 5415 Sam,
1223 5339 1564 5415 ἐμφαίνεται.

490 5410 581 5483 51)
606 5414 662 5465 Ἐ
666 5410 1020 5483 mortique:
1038 5410 1564 5483 (ἓοιιιὶ).,ἐπιστῄσῃ.

610 5483 680 5605 Τὲ
704 5480 951 5605 perirem
982 5479 1264 5550 ἄτεχνον,
1288 5480 1353 5533 τὸ
1391 5476 1465 5533 δὲ’
1495 5476 1855 5553 ἆθερνεῐίωο
1881 5479 1973 5534 de-

467 5565 520 5605 nt
546 5569 599 5605 ιιι
679 5569 761 5605 ms
787 5589 799 5603 .
872 5594 884 5605 .

427 5565 520 5605 unt
546 5555 599 5606 in
634 5553 799 5606 Coisl.
832 5553 884 5606 1.

395 5566 520 5607 811111
546 5569 599 5607 111
634 5566 799 5607 UOISI.
832 5566 884 5606 ‘l.

466 5614 579 5694 (55)
616 5622 686 5679 Ὃ
710 5623 778 5676 δὲ
793 5621 940 5689 ἴσως
962 5620 1077 5694 μὲν
1089 5619 1274 5694 ἦλθεν
1290 5619 1405 5694 ἤδη
1422 5619 1607 5694 {£0.17-
1628 5618 1761 5675 Ττθε
1774 5616 1967 5690 Βθεεη

391 5703 451 5750 et
466 5686 570 5750 Dr.
597 5696 649 5763 1,
679 5697 743 5748 ’Ὀ
766 5694 811 5748 δ’
838 5686 977 5758 ισοξ
1002 5686 1233 5765 μὲνὴδη
1258 5686 1404 5746 τισὶν
1429 5686 1610 5762 ἦλθεν.

1661 4824 1707 4857 ⁸⁸
1736 4823 1897 4880 Joan.
1938 4842 2032 4891 xx,
2056 4826 2147 4881 22.

2080 4550 2307 4620 θεότητα
2330 4550 2478 4620 μίαν,
2509 4549 2657 4623 δόξῃ,
2691 4550 2786 4603 καὶ
2824 4555 2979 4623 τιμῇ,
3014 4554 3109 4607 καὶ
3135 4555 3325 4627 οὐσίᾳ,
3378 4557 3474 4610 καὶ
3508 4556 3668 4628 βασι-

2077 4643 2193 4714 λεία
2223 4643 2296 4715 μὴ
2319 4641 2700 4714 μεριζομένην,
2731 4643 2807 4706 ὥς
2832 4661 2917 4708 τις
2942 4644 3054 4698 τῶν
3089 4648 3271 4719 μικρῷ
3294 4649 3531 4721 πρόσθεν
3544 4652 3665 4723 (58)

2075 4737 2351 4810 θεοφόρων
2377 4735 2791 4805 ἐφιλοσόφησεν·
2820 4738 2855 4809 ἦ
2893 4738 2968 4810 μὴ
2996 4739 3094 4793 ἴδοι
3125 4741 3402 4814 ἑωσφόρον
3431 4746 3667 4800 ἀνατέλ-

2254 4827 2300 4858 ⁸⁸
2324 4825 2445 4879 Act.
2470 4842 2528 4891 ιι,
2550 4824 2602 4880 5.
2678 4828 2726 4859 ⁸⁸
2748 4826 2904 4882 Joan.
2931 4830 3150 4895 xw,16,
3176 4832 3259 4887 17.
3334 4834 3533 4891 "ibid.
3564 4836 3663 4894 26.

2148 4988 2262 5066 (51)
2289 4986 2407 5066 [ἧς
2431 4987 2796 5066 ἐμαιειτοῦηῐιι
2825 4993 3121 5066 no_nn_ullis,
3149 4993 3248 5065 τῆς
3269 4995 3430 5066 ἐμῆς.

2143 5058 2257 5128 (55)
2286 5060 2534 5112 Τούτων.
2565 5058 2697 5128 Reg.
2725 5061 2834 5125 btll,
2872 5062 3096 5117 Τοῦτον.

2144 5131 2258 5201 (56)
2297 5131 2403 5194 Εἰς
2422 5128 2701 5196 ὕστερον.
2738 5130 2869 5200 Reg.
2905 5134 3161 5203 Cyprian.
3184 5174 3200 5199 ,
3233 5136 3315 5199 εἰς
3340 5139 3453 5201 τοῖς
3494 5136 3658 5193 ὕστε-

2076 5218 2257 5340 ρΟἴ57)
2302 5269 2782 5339 ηπιστουμένου.
2814 5270 2950 5342 Reg.
2982 5286 3034 5337 a,
3068 5272 3437 5347 ἀπιστομένην
3470 5275 3534 5349 [ll
3555 5292 3660 5349 pro

2075 5338 2522 5410 ἀπιστουμένην].
2588 5409 2598 5410 7
2832 5409 2840 5410 ί

2148 5356 2302 5393 τιστου
2311 5356 2522 5410 pisi/qv].

2148 5409 2264 5490 (58)
2292 5410 2396 5472 ’Ὡς
2422 5426 2512 5490 τιις
2538 5409 2655 5490 ζῶν
2668 5409 2859 5490 μικρῷ
2886 5411 3341 5490 πρόσθεζ.-·Τι’θε
3367 5416 3549 5490 _Colb.,

2073 5497 2157 5566 τις
2176 5480 2306 5566 τῶν
2325 5480 2525 5566 μικρὸν
2547 5480 2890 5566 ἔμπροσθεν..
2908 5481 3069 5536 Juxta
3094 5483 3309 5566 .ljlliam,
3357 5480 3658 5566 gregarius

2074 5551 2513 5619 Thaumaturgus
2547 5551 2633 5607 hic
2650 5551 2983 5622 designatur,
3016 5554 3109 5623 qui
3136 5556 3191 5610 in
3218 5571 3318 5611 sua
3335 5551 3654 5628 Apocalypsi

2070 5619 2157 5675 his
2191 5620 2370 5675 verbis
2400 5621 2585 5675 utitur.
