3910 6214
405 254 507 311 167

1630 249 1689 307 S.
1731 247 2062 307 GREGORII
2102 245 2452 304 TIIEOLOGI

3575 241 3683 297 168

398 372 573 443 gratia
629 367 1063 437 sanctiﬁcans“,
1121 384 1228 425 non
1286 367 1691 432 sanetiflcatus,
1734 369 1985 431 metiens,

2096 367 2225 419 ὅπου
2257 364 2402 419 θέλει
2432 362 2528 416 καὶ
2569 362 2714 424 ὅσον,
2768 357 3018 432 ὁδηγοῦν,
3062 356 3278 420 λαλοῦν,
3322 354 3677 420 ἀποστέλλον,

400 479 505 518 non
545 463 848 528 dimensus,
881 461 1219 531 impertiens,
1248 476 1354 515 non
1396 460 1694 531 particeps,
1727 459 1984 526 impleas,

399 570 505 609 nou
534 552 810 620 impletus,
839 551 1146 615 continens,
1174 567 1281 605 non
1326 550 1632 615 co‘ntentus,
1670 549 1988 603 haereditate

397 643 736 713 acceptus”,
778 643 1126 707 glorificamus,
1168 642 1316 697 Patri
1357 652 1408 697 et
1443 641 1578 695 Filio
1625 655 1987 696 connumera-

402 747 487 793 tus
502 737 571 804 ⁸⁸,
606 737 891 791 minaciter
918 736 1293 801 denuntiatus,
1335 733 1430 788 Dei
1462 735 1661 803 digitus
1677 733 1746 798 ⁸⁷,
1774 733 1913 804 ignis
1939 733 1986 764 ⁸⁸

402 838 660 898 tanquam
698 828 860 890 Deus,
893 826 959 881 ad
1007 826 1424 887 ostendendum,
1478 833 1538 879 ut
1584 825 1795 894 opinor,
1843 825 1985 893 quod

398 920 640 987 ejusdem
672 920 923 974 essentiae
950 918 1017 972 sit
1042 934 1056 970 :
1084 917 1322 987 Spiritus
1359 918 1451 984 qui
1487 917 1747 983 condidit,
1768 918 1856 986 qui
1892 932 1989 988 per

400 1010 722 1080 baptismum
750 1022 805 1063 et
831 1010 1280 1063 resurrectionem
1327 1008 1507 1062 denuo
1549 1017 1698 1061 creat
1730 1008 1777 1039 ⁸³
1811 1024 1825 1060 :
1866 1007 1988 1078 Spi-

401 1102 538 1156 ritus
560 1100 742 1155 omnia
770 1115 1104 1170 coguoscens
1124 1100 1193 1166 ⁸ο,
1220 1083 1444 1162 docens,
1474 1100 1563 1153 ubi
1590 1100 1703 1153 vult
1737 1110 1791 1155 et
1813 1117 1987 1172 quan-

372 1260 375 1263 _
402 1203 513 1246 tum
543 1189 657 1245 vult
680 1192 896 1261 spirans
920 1191 990 1254 ³³,
1014 1190 1269 1243 ducatum
1294 1191 1541 1259 praebens
1562 1189 1630 1253 θ’,
1674 1190 1896 1259 loquens
1915 1191 1984 1256 ”,

400 1284 620 1339 mittens
642 1283 709 1349 ⁸⁸,
742 1299 1036 1355 segregans
1060 1284 1105 1314 ’⁵
1141 1301 1154 1337 :
1191 1281 1423 1352 Spiritus
1447 1283 1537 1351 qui
1584 1283 1650 1336 ad
1684 1284 1818 1336 iram
1854 1283 1988 1337 inci-

402 1386 570 1441 tatur,
599 1377 690 1446 qui
725 1384 965 1431 tentatur
993 1376 1063 1441 ",
1102 1376 1192 1446 qui
1223 1375 1449 1439 revelat,
1484 1374 1574 1443 qui
1602 1374 1775 1429 lucem
1806 1391 1870 1429 ac
1901 1375 1985 1428 vi-

400 1477 509 1522 tam
535 1467 721 1536 affert;
760 1468 871 1522 imo
916 1468 1005 1537 qui
1054 1467 1287 1538 ipsamct
1331 1467 1419 1521 lux
1474 1476 1529 1522 et
1583 1467 1689 1521 vita
1739 1477 1826 1522 est
1857 1468 1986 1538 :qui

401 1560 601 1631 templa
626 1560 807 1624 efﬁcit,
846 1563 1085 1623 deificat.
1118 1563 1333 1634 perficit
1361 1564 1431 1617 ita
1457 1572 1535 1628 ut,
1568 1572 1616 1618 et
1657 1565 1986 1635 baptismum

399 1665 725 1721 antevertat,
750 1664 805 1712 et
833 1666 955 1726 post
985 1657 1313 1727 baptismum
1341 1657 1652 1726 requiratur
1683 1672 1698 1710 :
1729 1656 1819 1727 qui
1863 1672 1984 1712 om-

2089 458 2373 531 ἀφορίζον,
2391 453 2851 528 παροξυνόμενον,
2872 470 2960 506 πει
2968 450 3287 525 ραζόμενον,
3311 446 3683 502 ἀποκαλυπτι-

2089 552 2206 616 κὸν,
2264 550 2613 621 φωτιστικὸν,
2665 546 2915 613 ζωτικὸν·
2951 544 3152 617 μᾶλλον
3178 543 3255 608 δὲ,
3291 540 3541 610 αὑτοφῶς
3580 540 3683 593 καὶ

2090 641 2224 710 ζωὴ,
2252 639 2562 702 ναοποιοῦν,
2592 638 2897 701 θεοποιοῦν,
2936 635 3197 691 τελειοῦν⁸
3240 634 3382 688 ὥστε
3411 633 3508 687 κα)⁴
3537 648 3679 703 προ-

2090 737 2391 806 λαμϐάνειν
2413 735 2475 787 τὸ
2508 735 2824 805 βάπτισμα,
2866 728 3247 802 ἐπιζητεῖσθαι
3271 726 3381 799 (66)
3415 724 3555 799 μετά
3614 723 3681 777 τὸ

2092 826 2396 897 βάπτισμα*
2430 823 2687 896 ἐνεργοῦν
2716 824 2817 877 ὅσα
2835 821 2988 886 Θεὸς,
3016 818 3373 892 μεριζόμενον
3406 818 3464 869 ὲν
3493 813 3681 885 γλώσ-

2091 935 2213 982 σαις
2257 918 2534 990 πυρίναις,
2572 916 2816 989 διαιροῦν
2852 914 3192 987 χαρίσματα,
3214 911 3403 965 ποιοῦν
3441 906 3681 964 ἀποστό-

2087 1011 2235 1077 λους,
2275 1011 2583 1083 προφήτας,
2618 1008 3029 1078 εὐαγγελιστάς,
3072 1003 3360 1076 ποιμένας,
3399 1001 3497 1056 καὶ
3528 999 3681 1055 διδα-

2090 1103 2341 1168 σκάλους,
2369 1103 2576 1175 νοερὸν,
2606 1101 2932 1172 πολυμερὲς,
2960 1099 3150 1169 σαφὲς,
3187 1096 3407 1171 τρανὸν,
3438 1094 3681 1167 ἀμόλυνο

2087 1213 2198 1260 τον,
2225 1194 2501 1250 ἀκώλυτον
2529 1195 2685 1267 (ὅπερ
2712 1194 2825 1264 (67)
2864 1191 2977 1246 ἴσον
2992 1191 3236 1256 δύναται,
3266 1191 3326 1244 τὸ
3350 1188 3461 1260 (68)
3497 1185 3679 1257 σοφὼ-

2087 1305 2249 1342 τατον
2288 1288 2382 1342 καὶ
2413 1286 2752 1359 πολύτροπον
2790 1288 2907 1350 ταῖς
2954 1284 3279 1356 ἐνεργείαις,
3314 1281 3409 1336 καὶ
3442 1296 3679 1350 σαφηνι-

2090 1380 2274 1434 στικὸν
2306 1379 2545 1442 πάντων,
2576 1379 2670 1431 καὶ
2684 1376 3040 1448 τρανωτικὸν,
3064 1376 3159 1429 καὶ
3175 1373 3520 1441 αὐτεξούσιον
3534 1370 3677 1441 (69).

2086 1474 2181 1525 καὶ
2209 1470 2607 1541 ἀναλλοίωτον),
2634 1470 3065 1540 παντοδύναμον,
3098 1465 3559 1523 παντεπίσκοπον,
3589 1460 3683 1516 διὰ

2087 1568 2306 1621 πάντων
2338 1565 2549 1637 χωροῦν
2585 1563 2937 1636 πνευμάτων,
2979 1579 3064 1617 νοε
3076 1562 3206 1634 ρῶν,
3263 1556 3544 1629 καθαρῶν,
3582 1555 3678 1608 λε-

2088 1656 2373 1710 πτοτάτων
2403 1654 2756 1727 (άγγελικῶν,
2778 1650 2956 1725 οἶμαι,
2978 1652 3307 1724 δυνάμεων),
3342 1650 3531 1720 ὥσπερ
3579 1645 3683 1699 καὶ

399 1748 486 1801 nia
516 1747 697 1813 efﬁcit,
729 1724 1071 1819 quaecunque
1093 1747 1233 1803 Deus
1262 1748 1395 1817 ipse,
1419 1724 1519 1817 ‘qui
1563 1749 1615 1802 in
1668 1724 1845 1819 igneis
1877 1749 1986 1803 lin-

2096 1724 2446 1821 προφητικῶν
2469 1724 2563 1803 ita).
2585 1724 2981 1809 ἀποστολικῶν,
3017 1746 3162 1801 κατά
3191 1744 3387 1798 ταυτὸν
3405 1740 3544 1813 (70),
3580 1739 3682 1793 καὶ

395 1840 517 1910 guis
551 1840 813 1894 dividitur
846 1840 916 1906 ’⁷,
952 1840 1043 1909 qui
1070 1840 1210 1893 dona
1232 1839 1524 1903 distribuit,
1557 1839 1646 1908 qui
1686 1838 1983 1908 apostolos,

398 1934 715 2001 prophetas,
739 1932 1126 2003 evangelistas,
1162 1941 1413 2002 pastores
1449 1941 1503 1985 et
1529 1931 1779 1987 doctores
1813 1930 1980 1986 facit:

2086 1844 2187 1895 οὐκ
2226 1844 2283 1895 ὲν
2315 1844 2429 1907 τοῖς
2458 1842 2642 1906 αὐτοῖς
2666 1842 2854 1904 τόποις
2882 1839 3077 1908 (ἄλλων
3100 1838 3157 1891 δὲ
3178 1834 3413 1907 ἀλλαχοῦ
3446 1849 3562 1888 νενε
3573 1849 3683 1903 μη-

2089 1934 2310 2005 μένων),
2339 1926 2383 2003 ᾧ
2411 1933 2663 2006 δηλοῦται
2691 1933 2753 1987 τὸ
2784 1932 3213 2004 ἀπερίγραπτον.

402 2023 642 2092 Spiritus
702 2024 1030 2094 intelligens,
1074 2024 1376 2094 multiplex,
1427 2034 1668 2093 apertus,
1713 2023 1921 2086 clarus,
1955 2023 2443 2095 incontaminatus,
2480 2028 2815 2095 minimeque
2874 2025 3169 2095 impeditus
3216 2021 3264 2054 ”
3326 2016 3504 2089 (quod
3529 2015 3680 2070 idem

402 2116 549 2171 valet
579 2130 645 2170 ac
675 2115 720 2170 si
769 2116 1032 2180 dicerem,
1068 2115 1529 2184 sapientissimus,
1568 2113 1874 2184 agendique
1914 2112 2175 2171 facultate
2207 2118 2394 2174 varius
2432 2134 2495 2174 ac
2529 2116 2830 2186 multiplex,
2862 2114 3045 2169 omnia
3114 2111 3391 2180 explicans
3449 2122 3515 2163 ac
3574 2106 3675 2165 de-

401 2209 643 2275 clarans,
674 2207 888 2261 arbitrii
916 2206 1168 2260 libertate
1201 2206 1481 2274 praeditus,
1507 2213 1562 2258 et
1596 2202 1996 2276 immutabilis),
2037 2206 2405 2276 omnipotens,
2443 2208 2626 2262 omnia
2651 2207 2910 2269 lustrans,
2947 2218 3044 2273 per
3067 2217 3257 2256 omnes
3319 2199 3546 2271 spiritus
3584 2212 3683 2268 pe-

400 2311 627 2356 netrans
662 2299 733 2365 ”,
769 2298 1135 2368 intelligentes
1164 2337 1178 2361 ,
1219 2311 1385 2366 puros
1413 2338 1427 2362 ,
1459 2295 1812 2361 tenuissimus
1857 2295 1998 2364 (hoc
2035 2307 2139 2364 est,
2167 2316 2261 2369 per
2295 2300 2589 2370 angelicas,
2622 2307 2683 2353 ut
2737 2299 2954 2368 opinor,
2986 2292 3260 2358 virtutes),
3319 2290 3680 2363 quemadmo-

400 2397 532 2452 dum
564 2406 619 2451 et
646 2408 744 2464 per
772 2391 1122 2461 pr0pheticos
1190 2399 1247 2446 et
1313 2390 1665 2459 apostolicos,
1727 2391 1917 2444 eodem
1963 2392 2221 2460 temporis
2267 2402 2565 2456 momento,
2613 2406 2716 2446 nec
2761 2400 2943 2467 tamen
2993 2388 3049 2443 in
3111 2387 3305 2443 iisdem
3356 2385 3493 2441 locis
3535 2383 3675 2452 (alii

397 2486 545 2541 enim
579 2498 769 2540 eorum
797 2480 924 2534 alibi
971 2479 1076 2534 fusi
1145 2494 1210 2534 ac
1244 2483 1419 2549 sparsi
1486 2480 1707 2549 erant),
1768 2481 1914 2549 quod
1967 2480 2187 2548 quidem
2233 2481 2516 2551 perSpicue
2568 2479 2825 2547 ostendit,
2862 2495 2983 2534 eum
3038 2479 3239 2533 nullius
3272 2476 3377 2533 loci
3441 2477 3684 2533 circum-

399 2577 697 2646 scriptione
717 2571 978 2628 coerceri.

469 2668 635 2740 576
668 2664 833 2719 XXX.
859 2662 963 2730 Qui
995 2663 1110 2717 lucc
1141 2660 1353 2727 dicunt,
1409 2677 1474 2719 ac
1531 2675 1768 2733 uocent,
1825 2673 1988 2735 atque

2165 2665 2244 2717 A'.
2278 2664 2342 2718 Οί
2374 2663 2549 2719 ταῦτα
2594 2664 2848 2735 λέγοντες
2884 2652 2993 2718 ’καὶ
3024 2663 3389 2725 διοασκοντες,
3418 2661 3515 2714 καὶ
3541 2660 3685 2732 πρός

396 2764 624 2831 insnpcr
648 2757 989 2812 Paraeletum
1020 2756 1186 2810 alium
1229 2755 1268 2819 ί,
1307 2754 1446 2810 velut
1471 2755 1639 2810 alium
1666 2756 1856 2824 Deum,
1890 2772 1989 2812 ιιοφ

2096 2774 2159 2826 γε
2196 2759 2306 2829 (71)
2356 2758 2515 2813 ἄλλον
2546 2758 2935 2830 Παράκλητον,
2966 2751 3078 2811 οἷον
3102 2756 3261 2811 ἄλλον
3285 2754 3442 2819 Θεὸν,
3477 2753 3684 2823 ὀνομά-

396 2858 634 2921 minant,
658 2852 750 2923 qui
782 2850 1174 2919 blasphemiam
1207 2847 1378 2904 solam
1412 2849 1674 2905 adversus
1704 2864 1826 2904 eum
1862 2865 1986 2920 pro-

2096 2848 2297 2915 ζοντες,
2332 2851 2381 2904 oi
2410 2851 2507 2924 τὴν
2535 2852 2615 2916 εἰς
2641 2850 2805 2905 αὑτὸν
2834 2850 2945 2922 (72)
2974 2849 3322 2921 βλασφημίαν
3347 2846 3515 2920 μόνην
3544 2846 3687 2901 ειδό-

398 2950 564 3006 latam
601 2943 987 3016 inexpiabilem
1018 2942 1039 2972 ²
1067 2956 1188 2995 esse
1217 2941 1418 3007 sciunt,
1461 2939 1555 3011 qui
1583 2941 1815 3010 denique
1845 2942 1988 2997 Ana-

2096 2962 2178 3009 τες
2200 2943 2612 3018 ἀσυγχώρητον,
2641 2946 2695 2997 oi‘
2722 2944 2813 2999 τὸν
2852 2944 3105 2998 Ἀνανίαν
3122 2944 3216 2997 καὶ
3233 2943 3333 3014 τὴν
3360 2942 3684 3015 Σάπφειραν

399 3045 503 3099 nire
526 3050 581 3096 et
610 3037 878 3108 Saphirze,
926 3043 1217 3105 postquam
1264 3031 1492 3103 Spiritui
1543 3041 1736 3088 sancto
1766 3034 1977 3088 mentiti

2096 3048 2230 3104 οὕτω
2251 3049 2499 3121 φοϐερῶς
2533 3048 3002 3121 στηλιτεύσαντες,
3044 3048 3232 3120 ἐπειδὴ
3278 3047 3578 3118 ἐψεύσαντο
3622 3048 3687 3102 τὸ

398 3142 585 3192 essent
643 3131 866 3202 perinde
922 3143 987 3182 ac
1044 3126 1157 3181 Deo
1191 3164 1207 3189 ,
1285 3139 1392 3179 non
1454 3125 1700 3188 homini,
1776 3127 1987 3182 mentiti

2096 3141 2319 3215 Πνεῦμα
2347 3144 2410 3197 τὸ
2442 3144 2616 3211 ἆγιον,
2646 3143 2723 3207 ὡς
2753 3142 2887 3197 Θεὸν
2919 3143 3316 3214 ψευσαμένους,
3342 3142 3444 3196 οὐκ
3472 3142 3688 3213 ἄνθρω-

399 3226 640 3293 essent',
662 3233 771 3280 tam
794 3220 1111 3277 horribilem
1142 3218 1384 3273 infamiae
1412 3227 1597 3273 notam
1628 3219 1948 3274 inusserunt
1972 3236 1989 3287 ;

400 3320 534 3393 quid
567 3317 784 3374 tandem
821 3314 917 3371 tibi
952 3313 1227 3376 videntur,
1262 3311 1603 3381 Spiritumne
1641 3310 1812 3366 Deum
1851 3327 1992 3383 pra:-

402 3417 613 3478 dicare,
643 3428 712 3466 an
733 3410 879 3465 aliud
903 3407 1073 3479 quid?
1095 3405 1269 3474 Quam
1294 3406 1465 3461 crassi
1484 3420 1541 3460 es
1568 3407 1795 3477 ingenii,
1826 3418 1993 3478 atque

402 3524 436 3567 ε
467 3506 676 3578 Spiritu
703 3502 894 3574 procul
930 3500 1146 3561 remoti,
1180 3499 1227 3553 si
1262 3499 1330 3553 de
1370 3499 1472 3553 hac
1527 3514 1585 3554 re
1634 3500 1873 3563 dubitas,
1929 3515 1995 3555 ac

396 3601 628 3675 doctore
653 3610 793 3665 opus
820 3592 1017 3646 habes!
1054 3590 1135 3645 Ac
1178 3599 1257 3644 tot
1296 3589 1636 3657 nominibus,
1682 3601 1789 3645 tam
1819 3593 1991 3659 vivis,

405 3703 461 3747 et
483 3687 783 3761 erpressis,
821 3686 874 3740 in
907 3684 1190 3754 Scriptura
1219 3683 1458 3752 Spiritus
1497 3683 1818 3753 appellatur.
1853 3684 1997 3752 Quid

401 3780 548 3838 enim
576 3778 891 3836 testimonia
915 3777 1032 3847 ipsa
1064 3775 1159 3830 tibi
1210 3775 1277 3829 ad
1312 3775 1537 3830 verbum
1574 3775 1871 3843 producere
1912 3786 1995 3830 at-

404 3874 576 3933 tinet?
599 3872 949 3941 Qumcunquc
979 3878 1160 3931 autem
1218 3866 1307 3921 hic
1339 3881 1559 3937 quoque
1604 3865 1863 3921 humilius
1907 3866 1994 3920 di-

304 3950 314 3959 .
401 3978 622 4033 cuntur,
641 3964 787 4019 velut
807 3962 953 4033 quod
977 3961 1135 4014 detur
1157 3958 1201 4023 ",
1236 3958 1483 4013 mittatur
1504 3958 1547 4023 ³,
1571 3957 1932 4013 distribuatur
1950 3958 1993 4024 θ,

404 4058 681 4116 charisma
711 4055 877 4111 etiam
910 4054 955 4119 ",
989 4054 1193 4106 donum
1227 4050 1250 4082 ⁸
1279 4091 1295 4116 ,
1334 4048 1629 4103 insufllatio
1653 4049 1695 4113 9,
1733 4048 1998 4116 pollicita-

406 4160 482 4214 tio
514 4158 581 4222 ¹⁰,
609 4152 939 4211 intercessio
967 4151 1033 4213 “,
1077 4163 1141 4202 ac
1169 4148 1213 4202 si
1243 4146 1371 4215 quid
1400 4145 1544 4199 aliud
1571 4143 1903 4211 huiusmodi,
1929 4158 1998 4197 ne

406 4250 622 4321 singula
652 4257 1110 4305 commemorem,
1153 4240 1219 4294 ad
1253 4237 1486 4308 primam
1532 4250 1755 4289 causam
1806 4234 1997 4289 referri

404 4344 625 4404 debent,
654 4350 737 4399 ut.
771 4354 841 4391 ex
902 4350 1011 4405 quo
1066 4334 1156 4398 sit,
1216 4330 1551 4393 ostendatur,
1613 4343 1678 4383 ac
1731 4343 1839 4382 non
1894 4327 1997 4381 tria

2095 3267 2217 3305 πον’
2251 3244 2398 3305 οὗτοι
2422 3251 2474 3304 τί
2510 3268 2592 3304 σοι
2622 3249 2860 3313 δοκοῦσι,
2908 3249 3136 3321 πότερον
3179 3248 3310 3302 Θεὸν
3347 3248 3410 3302 τὸ
3456 3249 3687 3320 Πνεῦμα

2095 3342 2390 3414 κηρύσσειν
2424 3344 2557 3414 (75),
2593 3343 2626 3415 ἢ
2653 3343 2780 3399 ἄλλο
2809 3358 2895 3409 τι;
2941 3342 3030 3406 Ὠς
3060 3342 3180 3395 λίαν
3205 3342 3374 3407 ὅντως
3389 3343 3571 3414 παχύς
3600 3361 3686 3407 τις

2093 3431 2165 3502 εἷ,
2196 3437 2292 3489 καὶ
2325 3436 2517 3507 πόρρω
2549 3436 2643 3489 τοῦ
2679 3434 3021 3506 Πνεύματος,
3053 3434 3277 3489 είτοῦτο
3314 3436 3561 3507 ἀπορεῖς,
3590 3439 3687 3491 καὶ

2092 3542 2189 3615 δὲῃ
2214 3541 2310 3596 τοῦ
2349 3542 2651 3608 διδάξοντος
2686 3542 2821 3613 (74).
2846 3543 2914 3594 Δί
2949 3542 3048 3613 μὲν
3084 3538 3178 3597 οὖν
3209 3542 3453 3615 κλήσεις,
3482 3544 3688 3598 τοσαῦ-

2095 3668 2206 3710 ται,
2256 3649 2350 3703 κα).
2407 3647 2581 3713 οῦτως
2631 3648 2884 3722 ἕμψυχοι.
2937 3648 3002 3700 Τί
3036 3649 3146 3720 γὰρ
3191 3649 3270 3702 δεῖ
3316 3667 3399 3704 σοι
3460 3650 3561 3715 τὰς
3591 3652 3689 3707 ἐπὶ

2094 3741 2203 3795 τῶν
2247 3742 2359 3812 (75)
2393 3742 2656 3813 ῥημάτων
2676 3740 2982 3813 μαρτυρίας
3007 3741 3405 3812 παρατίθεσθαι
3425 3759 3439 3808 ;
3456 3743 3601 3797 Ὅσα
3627 3744 3687 3799 δὲ

2095 3846 2375 3901 κάνταῦθα
2408 3846 2623 3915 λέγεται
2657 3848 3039 3920 ταπεινότερον
3077 3847 3138 3901 τὸ
3168 3846 3425 3912 δίδοσθαι,
3451 3847 3514 3901 τὸ
3545 3850 3689 3904 tit-.0-

2099 3938 2434 4001 στέλλεσθαι,
2467 3940 2530 3993 τὸ
2581 3940 2921 4010 μερίζεσθαι,
2955 3940 3016 3993 τὸ
3044 3940 3314 4012 χάρισμα,
3342 3940 3403 3994 τὸ
3426 3940 3686 4014 δώρημα,

2096 4032 2158 4085 τὸ
2185 4032 2515 4105 ἐμφύσημα.
2554 4035 2586 4105 ἡ
2653 4033 2980 4103 ἐπαγγελία,
3035 4033 3515 4106 ὴὺπερέντευξις,
3572 4038 3688 4091 εἴτε

2097 4157 2151 4193 τι
2182 4139 2311 4195 ἄλλο
2338 4139 2600 4202 τοιοῦτον,
2630 4140 2720 4194 ἵνα
2754 4140 2827 4211 μὴ
2849 4141 2970 4195 καθ’
2998 4140 3229 4195 ἕκαστον
3264 4142 3376 4213 (76)
3399 4142 3569 4211 λέγω,
3595 4145 3690 4201 ἐπὶ

2097 4234 2196 4304 τὴν
2227 4232 2452 4305 πρώτην
2483 4234 2663 4288 αἰτίαν
2715 4235 3054 4297 ἀνενεκτὲον,
3086 4235 3173 4289 ἵνα
3206 4236 3269 4288 τὸ
3296 4237 3355 4303 ἐξ
3379 4229 3441 4289 οῦ
3473 4238 3687 4311 δειχθῇ,

2100 4325 2194 4377 καὶ
2219 4325 2293 4394 μὴ
2327 4327 2478 4393 τρεῖς
2503 4326 2670 4396 ἀρχαὶ
2703 4326 3103 4397 μεμερισμέναι
3133 4325 3408 4391 πολυθέως
3443 4330 3688 4400 παραδε-

400 4432 677 4507 principia
705 4431 899 4492 divisa,
934 4425 1271 4497 proiudeque
1301 4421 1483 4492 plures
1518 4419 1591 4473 dii
1616 4418 1990 4473 admittantur.

2099 4416 2302 4487 χθῶσιν
2331 4418 2467 4490 (77).
2509 4420 2651 4471 Ἴσον
2668 4418 2777 4490 γὰρ
2807 4421 2886 4483 εἰς
2930 4419 3209 4477 ἀσέϐειαν.
3250 4421 3345 4473 καὶ
3381 4421 3690 4485 Σαϐελλίως

466 4592 524 4620 θυι
547 4590 703 4643 “om.
737 4600 857 4647 \‘tlt,
888 4583 952 4637 M
982 4597 1105 4649 ΒΨῘ·

400 4678 492 4728 ιιι,
525 4661 576 4713 5.
653 4661 698 4690 ⁴³⁰
734 4661 751 4711 l
783 4661 910 4710 Cor.
945 4669 1007 4713 ιι,
1037 4661 1173 4704 tU-t‘

405 4733 461 4787 2.
534 4732 581 4762 ⁹⁶
634 4732 754 4785 Act.
852 4739 961 4785 xw,
1012 4722 1069 4784 6,
1120 4722 1173 4774 7.

410 4819 506 4867 xtl,
531 4802 622 4858 3|.
698 4798 718 4831 ³
740 4805 862 4852 Act.
895 4811 947 4861 v,
1038 4807 1160 4867 sqq.

400 4873 430 4904 ν
454 4873 611 4929 Joan.
637 4888 730 4934 xx,
766 4869 856 4922 9.2.

1274 4716 1318 4747 ⁸⁷
1355 4718 1471 4769 Act.
1506 4729 1564 4780 ιι,
1598 4715 1674 4783 5.(

482 5032 595 5102 (66)
629 5024 1099 5102 γἘξτιζητεῖσθαι.
1149 5018 1239 5102 δξο
1274 5016 1443 5102 Regg.
1493 5012 1738 5102 ettlolb.
1796 5009 1999 5080 plures,

409 5085 593 5162 Coile
623 5101 672 5161 1,
704 5085 801 5154 Οτ.
828 5085 878 5160 1,
909 5107 1015 5148 etc.
1049 5093 1101 5144 in
1131 5085 1643 5162 ει1.,-ὲπιζητεῖται.

482 5150 596 5247 (67)
625 5150 876 5247 *δόπερξ
911 5165 1004 5247 S_ic
1032 5150 1237 5247 plures
1259 5150 1454 5228 Regg.,
1497 5156 1601 5211 duo
1631 5152 1823 5218 Coisl.,
1848 5150 1998 5216 Par.,

404 5226 630 5304 (ὶοῖἇιιίη
663 5255 770 5311 εις.
803 5226 859 5290 Ῐιι
889 5235 1001 5311 ed"
1035 5226 1215 5311 ᾧπερ.

507 5314 597 5383 68)
625 5313 717 5366 Τό-
746 5310 871 5383 0}").
897 5306 1087 5373 “933"
1116 5306 1226 5383 “‘5’;
1499 5366 1512 5383 .
1581 5368 1615 5383 ..

503 5366 1041 5454 695Αὺτεξούσιοῐζ
1086 5390 1105 5423 ι
1148 5366 1330 5436 Liber,
1368 5387 1386 5421 ι
1429 5366 1516 5423 vel
1545 5368 1729 5431 etiam,
1776 5385 1795 5418 ι
1844 5366 2001 5430 cujus

410 5445 678 5511 voluntati
708 5450 840 5514 nihil
868 5445 1089 5501 resistit.
1128 5462 1150 5514 ι

429 5506 916 5651 ἐ(70)-Ταυτόν.
966 5516 1060 5572 0r.
1120 5512 1173 5578 1,
1213 5509 1392 5564 τοῦτο.
1428 5508 1485 5562 In
1523 5506 1817 5574 nonnullis,
1867 5521 2000 5558 ταυ-

412 5611 447 5650 τ
483 5635 497 5650 .
1342 5649 1350 5651 ᾗ
1438 5648 1456 5651 γ’
1579 5647 1606 5651 _
1650 5648 1659 5651 _
1696 5647 1708 5651 _
1765 5643 1780 5651 _
1945 5642 1957 5651 _

412 5736 498 5791 ἔτι
518 5753 606 5807 γε.

483 5635 602 5736 (71)
634 5664 790 5733 Πρός
824 5676 909 5732 γε.
968 5657 1102 5727 Reg.
1154 5670 1205 5721 a,
1262 5649 1400 5723 πρὸς
1432 5648 1536 5704 ἔτι.
1568 5647 1731 5705 Coisl.
1759 5643 1812 5712 1,
1865 5642 2003 5714 πρὸς

1180 4578 1227 4609 ⁸⁸
1260 4576 1455 4644 Ephes.
1488 4592 1530 4636 ι,
1567 4573 1654 4636 15,
1692 4571 1778 4625 14.
1855 4570 1991 4644 "Ma

2096 4572 2435 4644 .κκνιιι,19.
2512 4573 2558 4605 ⁸⁷
2577 4572 2707 4628 Luc.
2736 4589 2815 4635 xu,
2839 4573 2930 4628 20.
3006 4572 3053 4607 ⁸⁸
3077 4575 3195 4630 Act.
3229 4591 3293 4642 ιι,
3329 4576 3383 4630 '5.
3462 4577 3508 4609 ⁸⁸
3525 4576 3687 4634 Joan.

653 4659 698 4690 ⁴³⁰
733 4657 751 4711 l
783 4641 910 4710 (Ξόιν.
945 4669 1007 4713 ιι,
1033 4641 1225 4704 10-12.
1304 4641 1348 4679 δί
1378 4644 1536 4697 .loau.
1568 4660 1648 4707 ιιι,
1700 4644 1733 4698 8
1836 4644 1881 4675 9'
1911 4642 1991 4695 Ps;

653 4732 727 4767 λ⁰¹
852 4739 960 4767 ‘VL
1012 4722 1067 4767 6-
1120 4722 1173 4767 7-
1274 4716 1318 4747 ⁸⁷
1355 4718 1471 4767 Act.
1506 4729 1564 4767 Il.
1598 4715 1649 4767 7).
1749 4713 1795 4743 ⁸⁸
1829 4713 1959 4767 Sno.

2096 4657 2251 4707 amt,
2290 4641 2376 4696 10.
2454 4643 2500 4676 ⁸³
2529 4651 2648 4697 Act.
2680 4660 2733 4706 x,
2776 4645 2861 4699 19.
2938 4644 2985 4677 9⁸
3018 4645 3140 4700 Act.
3179 4641 3300 4709 xm,
3344 4646 3399 4700 4.

2117 4714 2206 4767 22.
2308 4715 2352 4746 ⁹⁹
2388 4715 2402 4766 I
2433 4714 2558 4767 Cor.
2586 4729 2644 4767 ιι.
2678 4714 2764 4767 10.
2865 4715 2882 4745 ¹
2916 4713 3073 4767 Joan.
3103 4731 3214 4767 xlv.
3249 4717 3338 4767 16.

1355 4729 1471 4769 Act.
1506 4729 1564 4780 ιι,
1598 4729 1674 4783 a.‘
1751 4729 1795 4743 ἠ
1829 4729 1959 4780 Sap.
1992 4729 2084 4775 vn,
2118 4729 2206 4767 zz.

1236 4789 1259 4820 ⁸
1290 4787 1420 4840 Luc.
1462 4801 1537 4845 χι,
1580 4785 1667 4837 15.
1743 4783 1764 4815 ⁵
1800 4782 1959 4835 Joan.
1994 4798 2107 4847 xvt,
2162 4785 2213 4838 7.

974 4865 1018 4894 ¹⁰
1057 4851 1175 4917 Gal.
1216 4873 1303 4920 ιιι,
1341 4856 1429 4910 11.
1509 4856 1548 4885 “
1580 4854 1736 4907 Rom.
1773 4868 1891 4916 vut,
1919 4851 2009 4905 ‘26.

2308 4647 2376 4696 ;0.
2454 4647 2500 4676 "
2529 4651 2648 4697 Act.
2680 4660 2733 4706 x,
2776 4647 2861 4699 19.
2938 4647 2985 4677 θδ
3018 4647 3140 4700 Act.
3179 4661 3300 4709 xm,
3344 4647 3399 4700 4.
3475 4647 3522 4679 ’⁸
3557 4650 3688 4702 ibid.

2308 4715 2352 4746 ⁹⁹
2388 4715 2402 4766 I
2433 4714 2558 4767 Cor.
2586 4729 2644 4771 II.
2678 4714 2764 4767 10.
2865 4715 2882 4745 ¹
2916 4713 3073 4768 Joan.
3103 4731 3214 4780 xlv,
3249 4717 3338 4770 16.
3439 4719 3460 4750 ⁸
3492 4718 3685 4772 Matth.

2291 4786 2312 4816 ⁸
2342 4782 2505 4839 llebr.
2552 4798 2609 4848 ιι,
2636 4785 2689 4837 4.
2766 4784 2829 4838 τι
2862 4783 2982 4839 Cor.
3012 4800 3110 4849 xu,
3135 4786 3224 4841 30.
3302 4788 3323 4820 ³
3351 4787 3471 4842 Act.
3503 4804 3569 4853 ιι,
3597 4788 3685 4845 58.

2147 5006 2287 5095 ’(72)
2351 5006 2455 5069 Εὶς
2503 5003 2711 5057 αὐτόν.
2769 5001 2935 5059 Cois].
2998 5002 3026 5056 1
3092 4954 3292 5073 aliique
3347 5005 3690 5074 plures.eic

2099 5094 2287 5219 “$703)
2358 5145 2728 5214 Κηρύσσειν.
2788 5144 2923 5216 Reg.
2971 5160 3003 5201 a
3056 5156 3112 5203 et
3175 5144 3345 5202 Coisl.’
3399 5147 3452 5212 1,
3486 5146 3694 5218 κηρύτ-

2097 5235 2287 5360 “iiii
2326 5286 2705 5360 Διδάξοντος.
2733 5285 2868 5360 Reg.
2904 5286 3095 5358 Cypr..
3121 5286 3457 5351 δικάζοντος,
3488 5305 3507 5339 ι
3536 5287 3693 5357 quasi

2102 5357 2337 5431 qui_ej_us
2362 5358 2502 5431 juris
2528 5371 2748 5431 causam
2781 5357 3076 5431 disceptet.
3100 5377 3119 5411 ι

2178 5429 2289 5496 (75)
2336 5428 2448 5498 Tng
2477 5426 2577 5479 ἐπὶ
2608 5425 2746 5498 τῶν)
2781 5427 2910 5497 Reg.
2938 5429 3130 5498 (ἔγω-η
3153 5428 3250 5491 τὰς
3274 5430 3339 5481 ὲκ
3360 5427 3490 5482 τῶν.

2175 5494 2288 5569 (76)
2349 5497 2450 5567 Μὴ
2522 5497 2651 5551 καθ’
2704 5494 2999 5552 ἓκασὶονζ
3041 5500 3256 5563 Comb.,
3317 5499 3392 5570 μὴ
3442 5498 3514 5551 τὰ
3570 5494 3693 5552 καθ’

2102 5571 2828 5766 ἷκὲῧῖνὶῖαραδεχθῶσιν.
2879 5640 3013 5712 Reg.
3066 5640 3255 5713 Cypr.,
3315 5634 3697 5712 παραδειχθῶε

2141 5729 2157 5764 ι
2195 5748 2209 5763 .

2141 5729 2209 5764 ιν.
