  <div class='ocr_page' id='page_1' title='image "/cluster/home/n/w/nwhite01/storage/ocr_20150623/36/nnc1.0022377409/106.png"; bbox 0 0 3910 6214; ppageno 0'>
   <div class='ocr_carea' id='block_1_1' title="bbox 216 172 322 230">
    <p class='ocr_par' dir='ltr' id='par_1_1' title="bbox 216 172 322 230">
     <span class='ocr_line' id='line_1_1' title="bbox 216 172 322 230; baseline 0.009 -2"><span class='ocrx_word' id='word_1_1' title='bbox 216 172 322 230; x_wconf 77' lang='grc'><strong>169</strong></span> 
     </span>
    </p>
   </div>
   <div class='ocr_carea' id='block_1_2' title="bbox 1249 156 2438 222">
    <p class='ocr_par' dir='ltr' id='par_1_2' title="bbox 1249 156 2438 222">
     <span class='ocr_line' id='line_1_2' title="bbox 1249 156 2438 222; baseline -0.01 0"><span class='ocrx_word' id='word_1_2' title='bbox 1249 163 1511 222; x_wconf 76' lang='lat' dir='ltr'><strong>ORATIO</strong></span> <span class='ocrx_word' id='word_1_3' title='bbox 1546 161 1740 218; x_wconf 81' lang='lat' dir='ltr'><strong>XXXI.</strong></span> <span class='ocrx_word' id='word_1_4' title='bbox 1780 192 1854 204; x_wconf 82' lang='grc' dir='ltr'><strong>-ο</strong></span> <span class='ocrx_word' id='word_1_5' title='bbox 1889 158 2333 216; x_wconf 83' lang='lat' dir='ltr'><strong>THEOLOGICA</strong></span> <span class='ocrx_word' id='word_1_6' title='bbox 2378 156 2438 210; x_wconf 83' lang='lat' dir='ltr'><strong>V.</strong></span> 
     </span>
    </p>
   </div>
   <div class='ocr_carea' id='block_1_3' title="bbox 3385 156 3490 211">
    <p class='ocr_par' dir='ltr' id='par_1_3' title="bbox 3385 156 3490 211">
     <span class='ocr_line' id='line_1_3' title="bbox 3385 156 3490 211; baseline 0 -1"><span class='ocrx_word' id='word_1_7' title='bbox 3385 156 3490 211; x_wconf 73' lang='grc'><strong>170</strong></span> 
     </span>
    </p>
   </div>
   <div class='ocr_carea' id='block_1_4' title="bbox 213 267 1817 355">
    <p class='ocr_par' dir='ltr' id='par_1_4' title="bbox 213 277 1808 355">
     <span class='ocr_line' id='line_1_4' title="bbox 213 277 1808 355; baseline -0.006 -15"><span class='ocrx_word' id='word_1_8' title='bbox 213 283 476 355; x_wconf 60' lang='grc' dir='ltr'>συνάψαι,</span> <span class='ocrx_word' id='word_1_9' title='bbox 498 281 592 338; x_wconf 74' lang='grc' dir='ltr'><strong>καὶ</strong></span> <span class='ocrx_word' id='word_1_10' title='bbox 633 279 929 354; x_wconf 83' lang='grc' dir='ltr'>Ἀρειανῶς</span> <span class='ocrx_word' id='word_1_11' title='bbox 954 279 1265 351; x_wconf 77' lang='grc' dir='ltr'><strong>διαστῆσαι,</strong></span> <span class='ocrx_word' id='word_1_12' title='bbox 1298 280 1362 333; x_wconf 83' lang='grc' dir='ltr'><strong>τὸ</strong></span> <span class='ocrx_word' id='word_1_13' title='bbox 1398 280 1494 351; x_wconf 80' lang='grc' dir='ltr'><strong>μὲν</strong></span> <span class='ocrx_word' id='word_1_14' title='bbox 1520 277 1599 349; x_wconf 83' lang='grc' dir='ltr'>τῷ</span> <span class='ocrx_word' id='word_1_15' title='bbox 1635 294 1808 350; x_wconf 87' lang='grc' dir='ltr'>προσ-</span> 
     </span>
    </p>
   </div>
   <div class='ocr_carea' id='block_1_5' title="bbox 1931 267 3493 355">
    <p class='ocr_par' dir='ltr' id='par_1_5' title="bbox 1931 267 3493 343">
     <span class='ocr_line' id='line_1_5' title="bbox 1931 267 3493 343; baseline -0.002 -15"><span class='ocrx_word' id='word_1_16' title='bbox 1931 277 2069 331; x_wconf 69' lang='lat' dir='ltr'><strong>.’aris</strong></span> <span class='ocrx_word' id='word_1_17' title='bbox 2101 275 2248 331; x_wconf 90' lang='lat' dir='ltr'><strong>enim</strong></span> <span class='ocrx_word' id='word_1_18' title='bbox 2274 272 2569 343; x_wconf 74' lang='lat' dir='ltr'><strong>impietatis</strong></span> <span class='ocrx_word' id='word_1_19' title='bbox 2598 279 2702 335; x_wconf 79' lang='lat' dir='ltr'><strong>est,</strong></span> <span class='ocrx_word' id='word_1_20' title='bbox 2728 269 2820 342; x_wconf 52' lang='grc' dir='ltr'>,νει</span> <span class='ocrx_word' id='word_1_21' title='bbox 2872 267 3093 324; x_wconf 85' lang='lat' dir='ltr'><strong>Sabellii</strong></span> <span class='ocrx_word' id='word_1_22' title='bbox 3122 284 3269 325; x_wconf 86' lang='lat' dir='ltr'><strong>more</strong></span> <span class='ocrx_word' id='word_1_23' title='bbox 3305 285 3493 341; x_wconf 72' lang='lat' dir='ltr'><strong>persn-</strong></span> 
     </span>
    </p>
   </div>
   <div class='ocr_carea' id='block_1_6' title="bbox 212 373 1132 448">
    <p class='ocr_par' dir='ltr' id='par_1_6' title="bbox 212 373 1132 448">
     <span class='ocr_line' id='line_1_6' title="bbox 212 373 1132 448; baseline -0.002 -18"><span class='ocrx_word' id='word_1_24' title='bbox 212 375 370 448; x_wconf 83' lang='grc' dir='ltr'>ὡπῳ,</span> <span class='ocrx_word' id='word_1_25' title='bbox 396 376 460 429; x_wconf 81' lang='grc' dir='ltr'>τὸ</span> <span class='ocrx_word' id='word_1_26' title='bbox 507 374 696 447; x_wconf 83' lang='grc' dir='ltr'>δὲ(78)</span> <span class='ocrx_word' id='word_1_27' title='bbox 730 376 851 438; x_wconf 83' lang='grc' dir='ltr'>ταῖς</span> <span class='ocrx_word' id='word_1_28' title='bbox 880 373 1132 443; x_wconf 82' lang='grc' dir='ltr'><strong>φύσεσιν.</strong></span> 
     </span>
    </p>
   </div>
   <div class='ocr_carea' id='block_1_7' title="bbox 287 549 1809 623">
    <p class='ocr_par' dir='ltr' id='par_1_7' title="bbox 287 549 1809 623">
     <span class='ocr_line' id='line_1_7' title="bbox 287 549 1809 623; baseline -0.005 -15"><span class='ocrx_word' id='word_1_29' title='bbox 287 555 416 609; x_wconf 78' lang='grc' dir='ltr'><strong>ΔΑ’.</strong></span> <span class='ocrx_word' id='word_1_30' title='bbox 459 554 550 618; x_wconf 86' lang='grc' dir='ltr'>Ὠς</span> <span class='ocrx_word' id='word_1_31' title='bbox 579 552 755 623; x_wconf 79' lang='grc' dir='ltr'>ἔγωγε</span> <span class='ocrx_word' id='word_1_32' title='bbox 785 551 959 607; x_wconf 83' lang='grc' dir='ltr'>πολλὰ</span> <span class='ocrx_word' id='word_1_33' title='bbox 1002 552 1439 622; x_wconf 72' lang='grc' dir='ltr'>διασκεψαμενος</span> <span class='ocrx_word' id='word_1_34' title='bbox 1469 550 1607 622; x_wconf 84' lang='grc' dir='ltr'>πρὸς</span> <span class='ocrx_word' id='word_1_35' title='bbox 1636 549 1809 621; x_wconf 76' lang='grc' dir='ltr'>ἐμαυ-</span> 
     </span>
    </p>
   </div>
   <div class='ocr_carea' id='block_1_8' title="bbox 214 638 1812 715">
    <p class='ocr_par' dir='ltr' id='par_1_8' title="bbox 214 638 1812 715">
     <span class='ocr_line' id='line_1_8' title="bbox 214 638 1812 715; baseline -0.005 -16"><span class='ocrx_word' id='word_1_36' title='bbox 214 645 308 699; x_wconf 76' lang='grc' dir='ltr'><strong>τὺν</strong></span> <span class='ocrx_word' id='word_1_37' title='bbox 339 645 450 715; x_wconf 87' lang='lat'><strong>(79)</strong></span> <span class='ocrx_word' id='word_1_38' title='bbox 478 647 546 715; x_wconf 81' lang='grc' dir='ltr'>τῇ</span> <span class='ocrx_word' id='word_1_39' title='bbox 584 641 1081 715; x_wconf 76' lang='grc' dir='ltr'><strong>φιλοπραγμοσύνῃ</strong></span> <span class='ocrx_word' id='word_1_40' title='bbox 1111 640 1207 694; x_wconf 89' lang='grc' dir='ltr'><strong>τοῦ</strong></span> <span class='ocrx_word' id='word_1_41' title='bbox 1255 640 1372 700; x_wconf 85' lang='grc' dir='ltr'>νοῦ,</span> <span class='ocrx_word' id='word_1_42' title='bbox 1404 638 1501 693; x_wconf 74' lang='grc' dir='ltr'>καὶ</span> <span class='ocrx_word' id='word_1_43' title='bbox 1542 639 1812 709; x_wconf 83' lang='grc' dir='ltr'>πανταχό-</span> 
     </span>
    </p>
   </div>
   <div class='ocr_carea' id='block_1_9' title="bbox 216 730 1810 806">
    <p class='ocr_par' dir='ltr' id='par_1_9' title="bbox 216 730 1810 806">
     <span class='ocr_line' id='line_1_9' title="bbox 216 730 1810 806; baseline -0.005 -13"><span class='ocrx_word' id='word_1_44' title='bbox 216 740 312 793; x_wconf 84' lang='grc' dir='ltr'><strong>θεν</strong></span> <span class='ocrx_word' id='word_1_45' title='bbox 343 739 435 791; x_wconf 75' lang='grc' dir='ltr'>τὸν</span> <span class='ocrx_word' id='word_1_46' title='bbox 467 736 625 805; x_wconf 86' lang='grc' dir='ltr'>λόγον</span> <span class='ocrx_word' id='word_1_47' title='bbox 673 734 924 799; x_wconf 83' lang='grc' dir='ltr'>εύθύνας,</span> <span class='ocrx_word' id='word_1_48' title='bbox 958 735 1055 788; x_wconf 74' lang='grc' dir='ltr'><strong>καὶ</strong></span> <span class='ocrx_word' id='word_1_49' title='bbox 1098 733 1278 806; x_wconf 80' lang='grc' dir='ltr'>ζητῶν</span> <span class='ocrx_word' id='word_1_50' title='bbox 1317 734 1506 786; x_wconf 86' lang='grc' dir='ltr'>εἰκόνα</span> <span class='ocrx_word' id='word_1_51' title='bbox 1531 731 1654 786; x_wconf 82' lang='grc' dir='ltr'>τινὰ</span> <span class='ocrx_word' id='word_1_52' title='bbox 1715 730 1810 786; x_wconf 87' lang='grc' dir='ltr'><strong>τοῦ</strong></span> 
     </span>
    </p>
   </div>
   <div class='ocr_carea' id='block_1_10' title="bbox 214 818 1813 900">
    <p class='ocr_par' dir='ltr' id='par_1_10' title="bbox 214 818 1813 900">
     <span class='ocr_line' id='line_1_10' title="bbox 214 818 1813 900; baseline -0.004 -17"><span class='ocrx_word' id='word_1_53' title='bbox 214 830 474 884; x_wconf 73' lang='grc' dir='ltr'>τοσούτου</span> <span class='ocrx_word' id='word_1_54' title='bbox 499 829 847 900; x_wconf 80' lang='grc' dir='ltr'>πράγματος,</span> <span class='ocrx_word' id='word_1_55' title='bbox 895 828 996 879; x_wconf 84' lang='grc' dir='ltr'><strong>ούκ</strong></span> <span class='ocrx_word' id='word_1_56' title='bbox 1027 826 1183 898; x_wconf 73' lang='grc' dir='ltr'>ἔσχον</span> <span class='ocrx_word' id='word_1_57' title='bbox 1214 818 1367 893; x_wconf 81' lang='grc' dir='ltr'><strong>ᾧτινι</strong></span> <span class='ocrx_word' id='word_1_58' title='bbox 1402 825 1509 897; x_wconf 81' lang='grc' dir='ltr'><strong>χρὴ</strong></span> <span class='ocrx_word' id='word_1_59' title='bbox 1555 825 1664 879; x_wconf 79' lang='grc' dir='ltr'>τῶν</span> <span class='ocrx_word' id='word_1_60' title='bbox 1711 825 1813 878; x_wconf 87' lang='grc' dir='ltr'>κά-</span> 
     </span>
    </p>
   </div>
   <div class='ocr_carea' id='block_1_11' title="bbox 215 916 1815 994">
    <p class='ocr_par' dir='ltr' id='par_1_11' title="bbox 215 916 1815 994">
     <span class='ocr_line' id='line_1_11' title="bbox 215 916 1815 994; baseline -0.004 -18"><span class='ocrx_word' id='word_1_61' title='bbox 215 940 296 976; x_wconf 84' lang='grc' dir='ltr'><strong>τω</strong></span> <span class='ocrx_word' id='word_1_62' title='bbox 327 921 441 994; x_wconf 89' lang='grc'>(80)</span> <span class='ocrx_word' id='word_1_63' title='bbox 462 922 561 994; x_wconf 86' lang='grc' dir='ltr'>τὴν</span> <span class='ocrx_word' id='word_1_64' title='bbox 591 920 742 974; x_wconf 85' lang='grc' dir='ltr'>θείαν</span> <span class='ocrx_word' id='word_1_65' title='bbox 770 919 932 989; x_wconf 85' lang='grc' dir='ltr'>φύσιν</span> <span class='ocrx_word' id='word_1_66' title='bbox 966 917 1323 991; x_wconf 75' lang='grc' dir='ltr'>παραϐαλεῖν.</span> <span class='ocrx_word' id='word_1_67' title='bbox 1356 916 1478 971; x_wconf 78' lang='grc' dir='ltr'><strong>Κᾶν</strong></span> <span class='ocrx_word' id='word_1_68' title='bbox 1503 917 1612 988; x_wconf 78' lang='grc' dir='ltr'>γὰρ</span> <span class='ocrx_word' id='word_1_69' title='bbox 1642 917 1815 988; x_wconf 87' lang='grc' dir='ltr'>μικρά</span> 
     </span>
    </p>
   </div>
   <div class='ocr_carea' id='block_1_12' title="bbox 215 1009 1814 1085">
    <p class='ocr_par' dir='ltr' id='par_1_12' title="bbox 215 1009 1814 1085">
     <span class='ocr_line' id='line_1_12' title="bbox 215 1009 1814 1085; baseline -0.004 -16"><span class='ocrx_word' id='word_1_70' title='bbox 215 1033 303 1079; x_wconf 87' lang='grc' dir='ltr'><strong>τις</strong></span> <span class='ocrx_word' id='word_1_71' title='bbox 341 1015 601 1085; x_wconf 80' lang='grc' dir='ltr'><strong>ὁμοίωσις</strong></span> <span class='ocrx_word' id='word_1_72' title='bbox 630 1012 851 1085; x_wconf 84' lang='grc' dir='ltr'>εὑρεθῇ,</span> <span class='ocrx_word' id='word_1_73' title='bbox 890 1010 1081 1081; x_wconf 79' lang='grc' dir='ltr'>φεύγει</span> <span class='ocrx_word' id='word_1_74' title='bbox 1113 1028 1180 1083; x_wconf 85' lang='grc' dir='ltr'><strong>με</strong></span> <span class='ocrx_word' id='word_1_75' title='bbox 1214 1010 1276 1064; x_wconf 85' lang='grc' dir='ltr'>τὸ</span> <span class='ocrx_word' id='word_1_76' title='bbox 1308 1009 1492 1074; x_wconf 84' lang='grc' dir='ltr'>πλέον,</span> <span class='ocrx_word' id='word_1_77' title='bbox 1547 1009 1684 1079; x_wconf 83' lang='grc' dir='ltr'>ἁφὲν</span> <span class='ocrx_word' id='word_1_78' title='bbox 1712 1010 1814 1063; x_wconf 82' lang='grc' dir='ltr'>κά-</span> 
     </span>
    </p>
   </div>
   <div class='ocr_carea' id='block_1_13' title="bbox 215 1103 1813 1179">
    <p class='ocr_par' dir='ltr' id='par_1_13' title="bbox 215 1103 1813 1179">
     <span class='ocr_line' id='line_1_13' title="bbox 215 1103 1813 1179; baseline -0.004 -17"><span class='ocrx_word' id='word_1_79' title='bbox 215 1125 299 1163; x_wconf 84' lang='grc' dir='ltr'><strong>τω</strong></span> <span class='ocrx_word' id='word_1_80' title='bbox 319 1113 331 1162; x_wconf 82' lang='grc' dir='ltr'><strong>ί</strong></span> <span class='ocrx_word' id='word_1_81' title='bbox 340 1108 431 1179; x_wconf 86' lang='grc'><strong>81)</strong></span> <span class='ocrx_word' id='word_1_82' title='bbox 464 1108 602 1179; x_wconf 84' lang='grc' dir='ltr'><strong>μετά</strong></span> <span class='ocrx_word' id='word_1_83' title='bbox 629 1107 723 1160; x_wconf 89' lang='grc' dir='ltr'><strong>τοῦ</strong></span> <span class='ocrx_word' id='word_1_84' title='bbox 746 1105 1163 1177; x_wconf 79' lang='grc' dir='ltr'>ύποὸείγματος.</span> <span class='ocrx_word' id='word_1_85' title='bbox 1209 1103 1517 1175; x_wconf 82' lang='grc' dir='ltr'>Ὀφθαλμόν</span> <span class='ocrx_word' id='word_1_86' title='bbox 1540 1121 1684 1169; x_wconf 91' lang='grc' dir='ltr'>τινα,</span> <span class='ocrx_word' id='word_1_87' title='bbox 1718 1103 1813 1158; x_wconf 81' lang='grc' dir='ltr'><strong>καὶ</strong></span> 
     </span>
    </p>
   </div>
   <div class='ocr_carea' id='block_1_14' title="bbox 218 1196 1810 1274">
    <p class='ocr_par' dir='ltr' id='par_1_14' title="bbox 218 1196 1810 1274">
     <span class='ocr_line' id='line_1_14' title="bbox 218 1196 1810 1274; baseline -0.004 -18"><span class='ocrx_word' id='word_1_88' title='bbox 218 1203 430 1274; x_wconf 77' lang='grc' dir='ltr'>πηγὴν,</span> <span class='ocrx_word' id='word_1_89' title='bbox 457 1200 553 1255; x_wconf 74' lang='grc' dir='ltr'><strong>κα)¹</strong></span> <span class='ocrx_word' id='word_1_90' title='bbox 568 1199 815 1271; x_wconf 82' lang='grc' dir='ltr'>ποταμὸν</span> <span class='ocrx_word' id='word_1_91' title='bbox 842 1199 1124 1270; x_wconf 78' lang='grc' dir='ltr'>ἐνενόησα,</span> <span class='ocrx_word' id='word_1_92' title='bbox 1150 1198 1247 1253; x_wconf 70' lang='grc' dir='ltr'><strong>καὶ</strong></span> <span class='ocrx_word' id='word_1_93' title='bbox 1263 1197 1374 1269; x_wconf 84' lang='grc' dir='ltr'><strong>γὰρ</strong></span> <span class='ocrx_word' id='word_1_94' title='bbox 1392 1199 1488 1252; x_wconf 70' lang='grc' dir='ltr'><strong>καὶ</strong></span> <span class='ocrx_word' id='word_1_95' title='bbox 1509 1196 1657 1253; x_wconf 78' lang='grc' dir='ltr'>ἄλλοι</span> <span class='ocrx_word' id='word_1_96' title='bbox 1676 1197 1810 1267; x_wconf 68' lang='grc'>(82),</span> 
     </span>
    </p>
   </div>
   <div class='ocr_carea' id='block_1_15' title="bbox 224 1289 1816 1367">
    <p class='ocr_par' dir='ltr' id='par_1_15' title="bbox 224 1289 1816 1367">
     <span class='ocr_line' id='line_1_15' title="bbox 224 1289 1816 1367; baseline -0.005 -17"><span class='ocrx_word' id='word_1_97' title='bbox 224 1297 303 1367; x_wconf 82' lang='grc' dir='ltr'>μὴ</span> <span class='ocrx_word' id='word_1_98' title='bbox 326 1294 406 1366; x_wconf 78' lang='grc' dir='ltr'><strong>τῷ</strong></span> <span class='ocrx_word' id='word_1_99' title='bbox 442 1294 540 1365; x_wconf 82' lang='grc' dir='ltr'>μὲν</span> <span class='ocrx_word' id='word_1_100' title='bbox 587 1295 615 1347; x_wconf 87' lang='grc' dir='ltr'>ὁ</span> <span class='ocrx_word' id='word_1_101' title='bbox 656 1292 869 1366; x_wconf 67' lang='grc' dir='ltr'>Πατὴρ,</span> <span class='ocrx_word' id='word_1_102' title='bbox 924 1291 1003 1363; x_wconf 82' lang='grc' dir='ltr'><strong>τῷ</strong></span> <span class='ocrx_word' id='word_1_103' title='bbox 1026 1291 1084 1345; x_wconf 80' lang='grc' dir='ltr'>δὲ</span> <span class='ocrx_word' id='word_1_104' title='bbox 1115 1293 1145 1344; x_wconf 87' lang='grc' dir='ltr'>ὁ</span> <span class='ocrx_word' id='word_1_105' title='bbox 1191 1289 1342 1355; x_wconf 83' lang='grc' dir='ltr'>Υἱὸς,</span> <span class='ocrx_word' id='word_1_106' title='bbox 1375 1289 1455 1361; x_wconf 85' lang='grc' dir='ltr'>τῷ</span> <span class='ocrx_word' id='word_1_107' title='bbox 1484 1289 1544 1343; x_wconf 82' lang='grc' dir='ltr'><strong>δὲ</strong></span> <span class='ocrx_word' id='word_1_108' title='bbox 1575 1289 1686 1361; x_wconf 79' lang='grc'>(85)</span> <span class='ocrx_word' id='word_1_109' title='bbox 1752 1289 1816 1342; x_wconf 82' lang='grc' dir='ltr'><strong>τὸ</strong></span> 
     </span>
    </p>
   </div>
   <div class='ocr_carea' id='block_1_16' title="bbox 222 1380 1815 1458">
    <p class='ocr_par' dir='ltr' id='par_1_16' title="bbox 222 1380 1815 1458">
     <span class='ocr_line' id='line_1_16' title="bbox 222 1380 1815 1458; baseline -0.006 -15"><span class='ocrx_word' id='word_1_110' title='bbox 222 1388 453 1458; x_wconf 80' lang='grc' dir='ltr'>Πνεῦμα</span> <span class='ocrx_word' id='word_1_111' title='bbox 484 1387 546 1440; x_wconf 85' lang='grc' dir='ltr'><strong>τὸ</strong></span> <span class='ocrx_word' id='word_1_112' title='bbox 569 1386 724 1455; x_wconf 71' lang='grc' dir='ltr'>ἅγιον</span> <span class='ocrx_word' id='word_1_113' title='bbox 752 1384 1032 1454; x_wconf 83' lang='grc' dir='ltr'>ἀναλόγως</span> <span class='ocrx_word' id='word_1_114' title='bbox 1061 1383 1162 1457; x_wconf 76' lang='grc' dir='ltr'><strong>ἔχῃ</strong></span> <span class='ocrx_word' id='word_1_115' title='bbox 1188 1383 1321 1455; x_wconf 71' lang='grc'>(84).</span> <span class='ocrx_word' id='word_1_116' title='bbox 1358 1383 1543 1437; x_wconf 87' lang='grc' dir='ltr'>Ταῦτα</span> <span class='ocrx_word' id='word_1_117' title='bbox 1563 1382 1672 1453; x_wconf 84' lang='grc' dir='ltr'><strong>γὰρ</strong></span> <span class='ocrx_word' id='word_1_118' title='bbox 1691 1380 1815 1435; x_wconf 73' lang='grc' dir='ltr'>οὕτε</span> 
     </span>
    </p>
   </div>
   <div class='ocr_carea' id='block_1_17' title="bbox 220 1473 1818 1552">
    <p class='ocr_par' dir='ltr' id='par_1_17' title="bbox 220 1473 1818 1552">
     <span class='ocr_line' id='line_1_17' title="bbox 220 1473 1818 1552; baseline -0.005 -20"><span class='ocrx_word' id='word_1_119' title='bbox 220 1479 405 1552; x_wconf 80' lang='grc' dir='ltr'>χρόνῳ</span> <span class='ocrx_word' id='word_1_120' title='bbox 429 1477 738 1549; x_wconf 80' lang='grc' dir='ltr'>διέστηκεν,</span> <span class='ocrx_word' id='word_1_121' title='bbox 767 1474 890 1530; x_wconf 70' lang='grc' dir='ltr'>οὔτε</span> <span class='ocrx_word' id='word_1_122' title='bbox 921 1473 1170 1546; x_wconf 83' lang='grc' dir='ltr'>ἀλλήλων</span> <span class='ocrx_word' id='word_1_123' title='bbox 1194 1473 1544 1545; x_wconf 79' lang='grc' dir='ltr'>ἀπέρῤηκται</span> <span class='ocrx_word' id='word_1_124' title='bbox 1576 1475 1644 1544; x_wconf 81' lang='grc' dir='ltr'>τῇ</span> <span class='ocrx_word' id='word_1_125' title='bbox 1692 1489 1818 1524; x_wconf 88' lang='grc' dir='ltr'>συν-</span> 
     </span>
    </p>
   </div>
   <div class='ocr_carea' id='block_1_18' title="bbox 220 1564 1811 1642">
    <p class='ocr_par' dir='ltr' id='par_1_18' title="bbox 220 1564 1811 1642">
     <span class='ocr_line' id='line_1_18' title="bbox 220 1564 1811 1642; baseline -0.005 -17"><span class='ocrx_word' id='word_1_126' title='bbox 220 1571 399 1642; x_wconf 72' lang='grc' dir='ltr'>εχείᾳ·</span> <span class='ocrx_word' id='word_1_127' title='bbox 431 1570 534 1624; x_wconf 77' lang='grc' dir='ltr'><strong>κᾶν</strong></span> <span class='ocrx_word' id='word_1_128' title='bbox 561 1571 709 1623; x_wconf 86' lang='grc' dir='ltr'>δοκεῖ</span> <span class='ocrx_word' id='word_1_129' title='bbox 748 1567 860 1639; x_wconf 83' lang='grc'>(85)</span> <span class='ocrx_word' id='word_1_130' title='bbox 886 1584 1003 1631; x_wconf 88' lang='grc' dir='ltr'><strong>πως</strong></span> <span class='ocrx_word' id='word_1_131' title='bbox 1037 1567 1214 1639; x_wconf 74' lang='grc' dir='ltr'>τρισὶν</span> <span class='ocrx_word' id='word_1_132' title='bbox 1245 1565 1472 1637; x_wconf 85' lang='grc' dir='ltr'>ἰδιότησι</span> <span class='ocrx_word' id='word_1_133' title='bbox 1498 1564 1811 1633; x_wconf 80' lang='grc' dir='ltr'>τέμνεσθαι.</span> 
     </span>
    </p>
   </div>
   <div class='ocr_carea' id='block_1_19' title="bbox 1913 363 3497 435">
    <p class='ocr_par' dir='ltr' id='par_1_19' title="bbox 1913 363 3497 435">
     <span class='ocr_line' id='line_1_19' title="bbox 1913 363 3497 435; baseline -0.001 -11"><span class='ocrx_word' id='word_1_134' title='bbox 1913 385 2013 424; x_wconf 89' lang='lat' dir='ltr'><strong>nas</strong></span> <span class='ocrx_word' id='word_1_135' title='bbox 2039 365 2474 431; x_wconf 73' lang='lat' dir='ltr'><strong>connectere,vel</strong></span> <span class='ocrx_word' id='word_1_136' title='bbox 2490 364 2604 419; x_wconf 83' lang='lat' dir='ltr'><strong>Arii</strong></span> <span class='ocrx_word' id='word_1_137' title='bbox 2630 365 2799 418; x_wconf 83' lang='lat' dir='ltr'><strong>instar</strong></span> <span class='ocrx_word' id='word_1_138' title='bbox 2829 371 3051 418; x_wconf 88' lang='lat' dir='ltr'><strong>naturas</strong></span> <span class='ocrx_word' id='word_1_139' title='bbox 3072 363 3411 435; x_wconf 81' lang='lat' dir='ltr'><strong>distinguere</strong></span> <span class='ocrx_word' id='word_1_140' title='bbox 3433 383 3497 423; x_wconf 91' lang='lat' dir='ltr'><strong>ac</strong></span> 
     </span>
    </p>
   </div>
   <div class='ocr_carea' id='block_1_20' title="bbox 1911 477 2183 531">
    <p class='ocr_par' dir='ltr' id='par_1_20' title="bbox 1911 477 2183 531">
     <span class='ocr_line' id='line_1_20' title="bbox 1911 477 2183 531; baseline -0.011 -13"><span class='ocrx_word' id='word_1_141' title='bbox 1911 477 2183 531; x_wconf 87' lang='lat' dir='ltr'><strong>separare.</strong></span> 
     </span>
    </p>
   </div>
   <div class='ocr_carea' id='block_1_21' title="bbox 1985 552 3498 610">
    <p class='ocr_par' dir='ltr' id='par_1_21' title="bbox 1985 552 3498 610">
     <span class='ocr_line' id='line_1_21' title="bbox 1985 552 3498 610; baseline 0 -2"><span class='ocrx_word' id='word_1_142' title='bbox 1985 553 2176 609; x_wconf 85' lang='lat' dir='ltr'><strong>XXXI.</strong></span> <span class='ocrx_word' id='word_1_143' title='bbox 2212 554 2504 609; x_wconf 84' lang='lat' dir='ltr'><strong>Enimvero</strong></span> <span class='ocrx_word' id='word_1_144' title='bbox 2527 567 2654 607; x_wconf 93' lang='lat' dir='ltr'><strong>cum</strong></span> <span class='ocrx_word' id='word_1_145' title='bbox 2682 553 2883 608; x_wconf 90' lang='lat' dir='ltr'><strong>mentis</strong></span> <span class='ocrx_word' id='word_1_146' title='bbox 2909 552 3226 610; x_wconf 90' lang='lat' dir='ltr'><strong>curiositate</strong></span> <span class='ocrx_word' id='word_1_147' title='bbox 3263 552 3498 608; x_wconf 89' lang='lat' dir='ltr'><strong>multum</strong></span> 
     </span>
    </p>
   </div>
   <div class='ocr_carea' id='block_1_22' title="bbox 1913 646 3501 719">
    <p class='ocr_par' dir='ltr' id='par_1_22' title="bbox 1913 646 3501 719">
     <span class='ocr_line' id='line_1_22' title="bbox 1913 646 3501 719; baseline -0.003 -14"><span class='ocrx_word' id='word_1_148' title='bbox 1913 650 2118 719; x_wconf 91' lang='lat' dir='ltr'><strong>diuque</strong></span> <span class='ocrx_word' id='word_1_149' title='bbox 2143 663 2357 703; x_wconf 87' lang='lat' dir='ltr'><strong>mecum</strong></span> <span class='ocrx_word' id='word_1_150' title='bbox 2387 648 2848 711; x_wconf 82' lang='lat' dir='ltr'><strong>considerassem,</strong></span> <span class='ocrx_word' id='word_1_151' title='bbox 2881 655 3044 717; x_wconf 89' lang='lat' dir='ltr'><strong>atque</strong></span> <span class='ocrx_word' id='word_1_152' title='bbox 3070 646 3375 701; x_wconf 88' lang='lat' dir='ltr'><strong>orationem</strong></span> <span class='ocrx_word' id='word_1_153' title='bbox 3397 662 3501 700; x_wconf 55' lang='lat' dir='ltr'><strong>una</strong></span> 
     </span>
    </p>
   </div>
   <div class='ocr_carea' id='block_1_23' title="bbox 1914 739 3501 812">
    <p class='ocr_par' dir='ltr' id='par_1_23' title="bbox 1914 739 3501 812">
     <span class='ocr_line' id='line_1_23' title="bbox 1914 739 3501 812; baseline -0.004 -15"><span class='ocrx_word' id='word_1_154' title='bbox 1914 744 2201 812; x_wconf 84' lang='lat' dir='ltr'><strong>decunque</strong></span> <span class='ocrx_word' id='word_1_155' title='bbox 2237 741 2633 808; x_wconf 74' lang='lat' dir='ltr'><strong>explorassem,</strong></span> <span class='ocrx_word' id='word_1_156' title='bbox 2672 739 2747 792; x_wconf 84' lang='lat' dir='ltr'><strong>rei</strong></span> <span class='ocrx_word' id='word_1_157' title='bbox 2792 746 2955 793; x_wconf 54' lang='lat' dir='ltr'><strong>tantae.</strong></span> <span class='ocrx_word' id='word_1_158' title='bbox 2981 739 3274 809; x_wconf 80' lang='lat' dir='ltr'><strong>imaginem</strong></span> <span class='ocrx_word' id='word_1_159' title='bbox 3303 752 3501 807; x_wconf 89' lang='lat' dir='ltr'><strong>quam-</strong></span> 
     </span>
    </p>
   </div>
   <div class='ocr_carea' id='block_1_24' title="bbox 1914 829 3500 902">
    <p class='ocr_par' dir='ltr' id='par_1_24' title="bbox 1914 829 3500 902">
     <span class='ocr_line' id='line_1_24' title="bbox 1914 829 3500 902; baseline -0.002 -14"><span class='ocrx_word' id='word_1_160' title='bbox 1914 833 2038 888; x_wconf 86' lang='lat' dir='ltr'><strong>dam</strong></span> <span class='ocrx_word' id='word_1_161' title='bbox 2066 833 2385 902; x_wconf 83' lang='lat' dir='ltr'><strong>exquirens,</strong></span> <span class='ocrx_word' id='word_1_162' title='bbox 2416 831 2506 886; x_wconf 90' lang='lat' dir='ltr'><strong>cui</strong></span> <span class='ocrx_word' id='word_1_163' title='bbox 2539 829 2756 885; x_wconf 76' lang='lat' dir='ltr'><strong>tandem</strong></span> <span class='ocrx_word' id='word_1_164' title='bbox 2784 846 2963 885; x_wconf 92' lang='lat' dir='ltr'><strong>rerum</strong></span> <span class='ocrx_word' id='word_1_165' title='bbox 2996 831 3291 885; x_wconf 82' lang='lat' dir='ltr'><strong>inferarum</strong></span> <span class='ocrx_word' id='word_1_166' title='bbox 3317 830 3500 885; x_wconf 82' lang='lat' dir='ltr'><strong>divina</strong></span> 
     </span>
    </p>
   </div>
   <div class='ocr_carea' id='block_1_25' title="bbox 1915 922 3496 994">
    <p class='ocr_par' dir='ltr' id='par_1_25' title="bbox 1915 922 3496 994">
     <span class='ocr_line' id='line_1_25' title="bbox 1915 922 3496 994; baseline -0.003 -14"><span class='ocrx_word' id='word_1_167' title='bbox 1915 927 2005 980; x_wconf 90' lang='lat' dir='ltr'><strong>illa</strong></span> <span class='ocrx_word' id='word_1_168' title='bbox 2048 936 2242 980; x_wconf 87' lang='lat' dir='ltr'><strong>natura</strong></span> <span class='ocrx_word' id='word_1_169' title='bbox 2300 922 2668 993; x_wconf 87' lang='lat' dir='ltr'><strong>comparanda</strong></span> <span class='ocrx_word' id='word_1_170' title='bbox 2722 923 2814 986; x_wconf 87' lang='lat' dir='ltr'><strong>sil,</strong></span> <span class='ocrx_word' id='word_1_171' title='bbox 2871 922 3113 994; x_wconf 86' lang='lat' dir='ltr'><strong>reperire</strong></span> <span class='ocrx_word' id='word_1_172' title='bbox 3165 937 3275 977; x_wconf 90' lang='lat' dir='ltr'><strong>non</strong></span> <span class='ocrx_word' id='word_1_173' title='bbox 3325 922 3496 991; x_wconf 91' lang='lat' dir='ltr'><strong>potui.</strong></span> 
     </span>
    </p>
   </div>
   <div class='ocr_carea' id='block_1_26' title="bbox 1915 1013 3500 1087">
    <p class='ocr_par' dir='ltr' id='par_1_26' title="bbox 1915 1013 3500 1087">
     <span class='ocr_line' id='line_1_26' title="bbox 1915 1013 3500 1087; baseline -0.003 -15"><span class='ocrx_word' id='word_1_174' title='bbox 1915 1019 2173 1087; x_wconf 86' lang='lat' dir='ltr'><strong>Quamvis</strong></span> <span class='ocrx_word' id='word_1_175' title='bbox 2205 1017 2349 1072; x_wconf 89' lang='lat' dir='ltr'><strong>enim</strong></span> <span class='ocrx_word' id='word_1_176' title='bbox 2408 1016 2662 1084; x_wconf 77' lang='lat' dir='ltr'><strong>exiguam</strong></span> <span class='ocrx_word' id='word_1_177' title='bbox 2697 1016 2933 1085; x_wconf 88' lang='lat' dir='ltr'><strong>aliquam</strong></span> <span class='ocrx_word' id='word_1_178' title='bbox 2976 1013 3384 1071; x_wconf 88' lang='lat' dir='ltr'><strong>similitudinem</strong></span> <span class='ocrx_word' id='word_1_179' title='bbox 3412 1013 3500 1069; x_wconf 93' lang='lat' dir='ltr'><strong>in-</strong></span> 
     </span>
    </p>
   </div>
   <div class='ocr_carea' id='block_1_27' title="bbox 1915 1090 3503 1179">
    <p class='ocr_par' dir='ltr' id='par_1_27' title="bbox 1915 1090 3503 1179">
     <span class='ocr_line' id='line_1_27' title="bbox 1915 1090 3503 1179; baseline -0.003 -13"><span class='ocrx_word' id='word_1_180' title='bbox 1915 1112 2181 1175; x_wconf 85' lang='lat' dir='ltr'><strong>venerim,</strong></span> <span class='ocrx_word' id='word_1_181' title='bbox 2214 1108 2388 1176; x_wconf 83' lang='lat' dir='ltr'><strong>major</strong></span> <span class='ocrx_word' id='word_1_182' title='bbox 2412 1090 2592 1162; x_wconf 82' lang='lat' dir='ltr'><strong>tamen</strong></span> <span class='ocrx_word' id='word_1_183' title='bbox 2625 1123 2710 1163; x_wconf 91' lang='lat' dir='ltr'><strong>me</strong></span> <span class='ocrx_word' id='word_1_184' title='bbox 2736 1123 2864 1179; x_wconf 86' lang='lat' dir='ltr'><strong>pars</strong></span> <span class='ocrx_word' id='word_1_185' title='bbox 2909 1107 3067 1176; x_wconf 81' lang='lat' dir='ltr'><strong>fugit,</strong></span> <span class='ocrx_word' id='word_1_186' title='bbox 3118 1105 3380 1176; x_wconf 85' lang='lat' dir='ltr'><strong>humique</strong></span> <span class='ocrx_word' id='word_1_187' title='bbox 3414 1121 3503 1162; x_wconf 86' lang='lat' dir='ltr'><strong>me</strong></span> 
     </span>
    </p>
   </div>
   <div class='ocr_carea' id='block_1_28' title="bbox 1915 1198 3504 1270">
    <p class='ocr_par' dir='ltr' id='par_1_28' title="bbox 1915 1198 3504 1270">
     <span class='ocr_line' id='line_1_28' title="bbox 1915 1198 3504 1270; baseline -0.002 -12"><span class='ocrx_word' id='word_1_188' title='bbox 1915 1221 2037 1259; x_wconf 89' lang='lat' dir='ltr'><strong>cum</strong></span> <span class='ocrx_word' id='word_1_189' title='bbox 2074 1218 2197 1258; x_wconf 91' lang='lat' dir='ltr'><strong>meo</strong></span> <span class='ocrx_word' id='word_1_190' title='bbox 2225 1201 2474 1269; x_wconf 80' lang='lat' dir='ltr'><strong>exemplo</strong></span> <span class='ocrx_word' id='word_1_191' title='bbox 2510 1200 2790 1270; x_wconf 83' lang='lat' dir='ltr'><strong>relinquit.</strong></span> <span class='ocrx_word' id='word_1_192' title='bbox 2831 1199 3060 1257; x_wconf 89' lang='lat' dir='ltr'><strong>Oculum</strong></span> <span class='ocrx_word' id='word_1_193' title='bbox 3093 1198 3405 1270; x_wconf 83' lang='lat' dir='ltr'><strong>quemdam,</strong></span> <span class='ocrx_word' id='word_1_194' title='bbox 3447 1207 3504 1255; x_wconf 76' lang='lat' dir='ltr'><strong>et</strong></span> 
     </span>
    </p>
   </div>
   <div class='ocr_carea' id='block_1_29' title="bbox 1918 1291 3501 1362">
    <p class='ocr_par' dir='ltr' id='par_1_29' title="bbox 1918 1291 3501 1362">
     <span class='ocr_line' id='line_1_29' title="bbox 1918 1291 3501 1362; baseline -0.002 -12"><span class='ocrx_word' id='word_1_195' title='bbox 1918 1293 2143 1362; x_wconf 81' lang='lat' dir='ltr'><strong>fontem,</strong></span> <span class='ocrx_word' id='word_1_196' title='bbox 2174 1306 2231 1351; x_wconf 90' lang='lat' dir='ltr'><strong>et</strong></span> <span class='ocrx_word' id='word_1_197' title='bbox 2256 1294 2480 1349; x_wconf 83' lang='lat' dir='ltr'><strong>ﬂuvium</strong></span> <span class='ocrx_word' id='word_1_198' title='bbox 2526 1291 2654 1347; x_wconf 88' lang='lat' dir='ltr'><strong>mihi</strong></span> <span class='ocrx_word' id='word_1_199' title='bbox 2713 1292 2990 1362; x_wconf 84' lang='lat' dir='ltr'><strong>proposui,</strong></span> <span class='ocrx_word' id='word_1_200' title='bbox 3039 1292 3501 1362; x_wconf 87' lang='lat' dir='ltr'><strong>quemadmodum</strong></span> 
     </span>
    </p>
   </div>
   <div class='ocr_carea' id='block_1_30' title="bbox 1917 1382 3502 1460">
    <p class='ocr_par' dir='ltr' id='par_1_30' title="bbox 1917 1382 3502 1460">
     <span class='ocr_line' id='line_1_30' title="bbox 1917 1382 3502 1460; baseline -0.004 -16"><span class='ocrx_word' id='word_1_201' title='bbox 1917 1391 2011 1445; x_wconf 87' lang='lat' dir='ltr'><strong>alii</strong></span> <span class='ocrx_word' id='word_1_202' title='bbox 2043 1403 2285 1460; x_wconf 87' lang='lat' dir='ltr'><strong>quoque,</strong></span> <span class='ocrx_word' id='word_1_203' title='bbox 2311 1395 2373 1442; x_wconf 92' lang='lat' dir='ltr'><strong>ut</strong></span> <span class='ocrx_word' id='word_1_204' title='bbox 2396 1387 2657 1451; x_wconf 79' lang='lat' dir='ltr'><strong>viderem,</strong></span> <span class='ocrx_word' id='word_1_205' title='bbox 2686 1400 2816 1439; x_wconf 91' lang='lat' dir='ltr'><strong>num</strong></span> <span class='ocrx_word' id='word_1_206' title='bbox 2856 1382 3016 1439; x_wconf 88' lang='lat' dir='ltr'><strong>Pater</strong></span> <span class='ocrx_word' id='word_1_207' title='bbox 3042 1399 3168 1439; x_wconf 85' lang='lat' dir='ltr'><strong>cum</strong></span> <span class='ocrx_word' id='word_1_208' title='bbox 3194 1384 3373 1451; x_wconf 90' lang='lat' dir='ltr'><strong>oculo,</strong></span> <span class='ocrx_word' id='word_1_209' title='bbox 3406 1383 3502 1438; x_wconf 89' lang='lat' dir='ltr'><strong>Fi-</strong></span> 
     </span>
    </p>
   </div>
   <div class='ocr_carea' id='block_1_31' title="bbox 1919 1477 3505 1548">
    <p class='ocr_par' dir='ltr' id='par_1_31' title="bbox 1919 1477 3505 1548">
     <span class='ocr_line' id='line_1_31' title="bbox 1919 1477 3505 1548; baseline -0.004 -11"><span class='ocrx_word' id='word_1_210' title='bbox 1919 1484 2024 1538; x_wconf 91' lang='lat' dir='ltr'><strong>lius</strong></span> <span class='ocrx_word' id='word_1_211' title='bbox 2047 1496 2175 1536; x_wconf 91' lang='lat' dir='ltr'><strong>cum</strong></span> <span class='ocrx_word' id='word_1_212' title='bbox 2200 1479 2368 1543; x_wconf 84' lang='lat' dir='ltr'><strong>fonte,</strong></span> <span class='ocrx_word' id='word_1_213' title='bbox 2404 1478 2639 1548; x_wconf 81' lang='lat' dir='ltr'><strong>Spiritus</strong></span> <span class='ocrx_word' id='word_1_214' title='bbox 2663 1493 2789 1532; x_wconf 91' lang='lat' dir='ltr'><strong>cum</strong></span> <span class='ocrx_word' id='word_1_215' title='bbox 2811 1477 2975 1533; x_wconf 81' lang='lat' dir='ltr'><strong>ﬂuvio</strong></span> <span class='ocrx_word' id='word_1_216' title='bbox 3004 1477 3349 1547; x_wconf 87' lang='lat' dir='ltr'><strong>proportione</strong></span> <span class='ocrx_word' id='word_1_217' title='bbox 3367 1491 3505 1547; x_wconf 83' lang='lat' dir='ltr'><strong>qua-</strong></span> 
     </span>
    </p>
   </div>
   <div class='ocr_carea' id='block_1_32' title="bbox 1918 1567 3505 1638">
    <p class='ocr_par' dir='ltr' id='par_1_32' title="bbox 1918 1567 3505 1638">
     <span class='ocr_line' id='line_1_32' title="bbox 1918 1567 3505 1638; baseline -0.003 -9"><span class='ocrx_word' id='word_1_218' title='bbox 1918 1578 2042 1629; x_wconf 87' lang='lat' dir='ltr'><strong>dam</strong></span> <span class='ocrx_word' id='word_1_219' title='bbox 2078 1572 2412 1628; x_wconf 81' lang='lat' dir='ltr'><strong>conveniret.</strong></span> <span class='ocrx_word' id='word_1_220' title='bbox 2476 1569 2602 1625; x_wconf 81' lang='lat' dir='ltr'><strong>llaec</strong></span> <span class='ocrx_word' id='word_1_221' title='bbox 2644 1568 2811 1633; x_wconf 85' lang='lat' dir='ltr'><strong>enim,</strong></span> <span class='ocrx_word' id='word_1_222' title='bbox 2859 1582 2960 1624; x_wconf 89' lang='lat' dir='ltr'><strong>nec</strong></span> <span class='ocrx_word' id='word_1_223' title='bbox 2997 1577 3242 1638; x_wconf 89' lang='lat' dir='ltr'><strong>tempore</strong></span> <span class='ocrx_word' id='word_1_224' title='bbox 3308 1567 3505 1625; x_wconf 85' lang='lat' dir='ltr'><strong>distin-</strong></span> 
     </span>
    </p>
   </div>
   <div class='ocr_carea' id='block_1_33' title="bbox 233 1642 1817 1736">
    <p class='ocr_par' dir='ltr' id='par_1_33' title="bbox 233 1658 1816 1735">
     <span class='ocr_line' id='line_1_33' title="bbox 233 1658 1816 1735; baseline -0.006 -16"><span class='ocrx_word' id='word_1_225' title='bbox 233 1664 376 1719; x_wconf 82' lang='grc' dir='ltr'>Ἀλλ’</span> <span class='ocrx_word' id='word_1_226' title='bbox 410 1663 612 1730; x_wconf 76' lang='grc' dir='ltr'>ἔδεισα,</span> <span class='ocrx_word' id='word_1_227' title='bbox 637 1661 854 1735; x_wconf 84' lang='grc' dir='ltr'>πρῶτον</span> <span class='ocrx_word' id='word_1_228' title='bbox 892 1662 990 1733; x_wconf 86' lang='grc' dir='ltr'><strong>μὲν</strong></span> <span class='ocrx_word' id='word_1_229' title='bbox 1022 1661 1177 1733; x_wconf 79' lang='grc' dir='ltr'>ῥύσιν</span> <span class='ocrx_word' id='word_1_230' title='bbox 1203 1658 1327 1713; x_wconf 84' lang='grc' dir='ltr'>τινὰ</span> <span class='ocrx_word' id='word_1_231' title='bbox 1351 1658 1606 1730; x_wconf 85' lang='grc' dir='ltr'>θεότητος</span> <span class='ocrx_word' id='word_1_232' title='bbox 1633 1674 1816 1728; x_wconf 85' lang='grc' dir='ltr'>παρα-</span> 
     </span>
    </p>
   </div>
   <div class='ocr_carea' id='block_1_34' title="bbox 1931 1642 3505 1736">
    <p class='ocr_par' dir='ltr' id='par_1_34' title="bbox 1931 1658 3505 1736">
     <span class='ocr_line' id='line_1_34' title="bbox 1931 1658 3505 1736; baseline -0.004 -17"><span class='ocrx_word' id='word_1_233' title='bbox 1931 1674 2179 1736; x_wconf 72' lang='lat' dir='ltr'><strong>guuntur,</strong></span> <span class='ocrx_word' id='word_1_234' title='bbox 2208 1678 2310 1718; x_wconf 89' lang='lat' dir='ltr'><strong>nec</strong></span> <span class='ocrx_word' id='word_1_235' title='bbox 2338 1667 2408 1717; x_wconf 88' lang='lat' dir='ltr'><strong>ob</strong></span> <span class='ocrx_word' id='word_1_236' title='bbox 2436 1659 2848 1716; x_wconf 88' lang='lat' dir='ltr'><strong>continuitatem</strong></span> <span class='ocrx_word' id='word_1_237' title='bbox 2872 1672 2903 1711; x_wconf 89' lang='lat' dir='ltr'><strong>a</strong></span> <span class='ocrx_word' id='word_1_238' title='bbox 2936 1672 2997 1714; x_wconf 89' lang='lat' dir='ltr'><strong>se</strong></span> <span class='ocrx_word' id='word_1_239' title='bbox 3020 1658 3251 1714; x_wconf 88' lang='lat' dir='ltr'><strong>invicem</strong></span> <span class='ocrx_word' id='word_1_240' title='bbox 3284 1660 3505 1716; x_wconf 84' lang='lat' dir='ltr'><strong>abrum-</strong></span> 
     </span>
    </p>
   </div>
   <div class='ocr_carea' id='block_1_35' title="bbox 218 1749 1813 1827">
    <p class='ocr_par' dir='ltr' id='par_1_35' title="bbox 218 1749 1813 1827">
     <span class='ocr_line' id='line_1_35' title="bbox 218 1749 1813 1827; baseline -0.006 -14"><span class='ocrx_word' id='word_1_241' title='bbox 218 1757 482 1825; x_wconf 81' lang='grc' dir='ltr'>δέξασθαι</span> <span class='ocrx_word' id='word_1_242' title='bbox 520 1757 708 1811; x_wconf 84' lang='grc' dir='ltr'>στάσιν</span> <span class='ocrx_word' id='word_1_243' title='bbox 743 1756 845 1810; x_wconf 83' lang='grc' dir='ltr'><strong>οὐκ</strong></span> <span class='ocrx_word' id='word_1_244' title='bbox 878 1755 1130 1827; x_wconf 78' lang='grc' dir='ltr'>ἔχουσανο</span> <span class='ocrx_word' id='word_1_245' title='bbox 1179 1752 1434 1823; x_wconf 87' lang='grc' dir='ltr'>δεύτερον</span> <span class='ocrx_word' id='word_1_246' title='bbox 1463 1752 1521 1806; x_wconf 79' lang='grc' dir='ltr'><strong>δὲ</strong></span> <span class='ocrx_word' id='word_1_247' title='bbox 1547 1750 1704 1822; x_wconf 80' lang='grc' dir='ltr'>μὴτὸ</span> <span class='ocrx_word' id='word_1_248' title='bbox 1755 1749 1813 1804; x_wconf 81' lang='grc' dir='ltr'>ἓν</span> 
     </span>
    </p>
   </div>
   <div class='ocr_carea' id='block_1_36' title="bbox 219 1843 1812 1924">
    <p class='ocr_par' dir='ltr' id='par_1_36' title="bbox 219 1843 1812 1924">
     <span class='ocr_line' id='line_1_36' title="bbox 219 1843 1812 1924; baseline -0.006 -19"><span class='ocrx_word' id='word_1_249' title='bbox 219 1852 302 1924; x_wconf 80' lang='grc' dir='ltr'>τῷ</span> <span class='ocrx_word' id='word_1_250' title='bbox 330 1849 547 1923; x_wconf 88' lang='grc' dir='ltr'>ἀριθμῷ</span> <span class='ocrx_word' id='word_1_251' title='bbox 570 1848 662 1904; x_wconf 85' lang='grc' dir='ltr'>διὰ</span> <span class='ocrx_word' id='word_1_252' title='bbox 683 1848 784 1920; x_wconf 75' lang='grc' dir='ltr'>τῆς</span> <span class='ocrx_word' id='word_1_253' title='bbox 817 1847 1068 1912; x_wconf 74' lang='grc' dir='ltr'>εἰκασίας</span> <span class='ocrx_word' id='word_1_254' title='bbox 1095 1845 1304 1918; x_wconf 82' lang='grc' dir='ltr'>ταύτης</span> <span class='ocrx_word' id='word_1_255' title='bbox 1333 1844 1645 1915; x_wconf 79' lang='grc' dir='ltr'>εἰσάγηται.</span> <span class='ocrx_word' id='word_1_256' title='bbox 1689 1843 1812 1911; x_wconf 84' lang='grc' dir='ltr'><strong>Ὀφ-</strong></span> 
     </span>
    </p>
   </div>
   <div class='ocr_carea' id='block_1_37' title="bbox 219 1935 1814 2016">
    <p class='ocr_par' dir='ltr' id='par_1_37' title="bbox 219 1935 1814 2016">
     <span class='ocr_line' id='line_1_37' title="bbox 219 1935 1814 2016; baseline -0.008 -19"><span class='ocrx_word' id='word_1_257' title='bbox 219 1943 432 2014; x_wconf 82' lang='grc' dir='ltr'>θαλμὺς</span> <span class='ocrx_word' id='word_1_258' title='bbox 466 1940 578 2011; x_wconf 88' lang='grc'>(86)</span> <span class='ocrx_word' id='word_1_259' title='bbox 612 1938 744 2012; x_wconf 87' lang='grc' dir='ltr'>γὰρ,</span> <span class='ocrx_word' id='word_1_260' title='bbox 790 1939 885 1992; x_wconf 73' lang='grc' dir='ltr'>καὶ</span> <span class='ocrx_word' id='word_1_261' title='bbox 921 1939 1096 2010; x_wconf 81' lang='grc' dir='ltr'>πηγὴ,</span> <span class='ocrx_word' id='word_1_262' title='bbox 1125 1938 1221 1991; x_wconf 71' lang='grc' dir='ltr'><strong>καὶ</strong></span> <span class='ocrx_word' id='word_1_263' title='bbox 1244 1981 1249 1986; x_wconf 88' lang='grc'><strong>.</strong></span> <span class='ocrx_word' id='word_1_264' title='bbox 1273 1935 1516 2016; x_wconf 75' lang='grc' dir='ltr'>ποταμὸς</span> <span class='ocrx_word' id='word_1_265' title='bbox 1554 1935 1614 1990; x_wconf 79' lang='grc' dir='ltr'>ἓν</span> <span class='ocrx_word' id='word_1_266' title='bbox 1665 1935 1814 1986; x_wconf 79' lang='grc' dir='ltr'>ἐστιν</span> 
     </span>
    </p>
   </div>
   <div class='ocr_carea' id='block_1_38' title="bbox 219 2030 1281 2108">
    <p class='ocr_par' dir='ltr' id='par_1_38' title="bbox 219 2030 1281 2108">
     <span class='ocr_line' id='line_1_38' title="bbox 219 2030 1281 2108; baseline -0.004 -19"><span class='ocrx_word' id='word_1_267' title='bbox 219 2031 468 2108; x_wconf 84' lang='grc' dir='ltr'>ἀριθμῷ,</span> <span class='ocrx_word' id='word_1_268' title='bbox 498 2033 773 2104; x_wconf 77' lang='grc' dir='ltr'>διαφόρως</span> <span class='ocrx_word' id='word_1_269' title='bbox 811 2030 1281 2103; x_wconf 78' lang='grc' dir='ltr'>σχηματιζόμενα.</span> 
     </span>
    </p>
   </div>
   <div class='ocr_carea' id='block_1_39' title="bbox 292 2305 1812 2378">
    <p class='ocr_par' dir='ltr' id='par_1_39' title="bbox 292 2305 1812 2378">
     <span class='ocr_line' id='line_1_39' title="bbox 292 2305 1812 2378; baseline -0.001 -15"><span class='ocrx_word' id='word_1_270' title='bbox 292 2310 420 2364; x_wconf 82' lang='grc' dir='ltr'><strong>ΛΒ’.</strong></span> <span class='ocrx_word' id='word_1_271' title='bbox 454 2308 623 2363; x_wconf 86' lang='grc' dir='ltr'>Πάλιν</span> <span class='ocrx_word' id='word_1_272' title='bbox 648 2307 922 2378; x_wconf 77' lang='grc' dir='ltr'>(87)ἧλιον</span> <span class='ocrx_word' id='word_1_273' title='bbox 946 2305 1060 2378; x_wconf 88' lang='grc'>(88)</span> <span class='ocrx_word' id='word_1_274' title='bbox 1091 2305 1568 2378; x_wconf 83' lang='grc' dir='ltr'>ὲνεθυμήθην,κα“ι</span> <span class='ocrx_word' id='word_1_275' title='bbox 1599 2307 1812 2370; x_wconf 88' lang='grc' dir='ltr'>ἀκτῖνα,</span> 
     </span>
    </p>
   </div>
   <div class='ocr_carea' id='block_1_40' title="bbox 219 2394 1815 2472">
    <p class='ocr_par' dir='ltr' id='par_1_40' title="bbox 219 2394 1815 2472">
     <span class='ocr_line' id='line_1_40' title="bbox 219 2394 1815 2472; baseline -0.004 -14"><span class='ocrx_word' id='word_1_276' title='bbox 219 2404 322 2458; x_wconf 73' lang='grc' dir='ltr'><strong>καὶ</strong></span> <span class='ocrx_word' id='word_1_277' title='bbox 356 2401 490 2472; x_wconf 84' lang='grc' dir='ltr'>φῶς.</span> <span class='ocrx_word' id='word_1_278' title='bbox 539 2399 699 2454; x_wconf 85' lang='grc' dir='ltr'>Ἀλλά</span> <span class='ocrx_word' id='word_1_279' title='bbox 719 2398 1005 2454; x_wconf 83' lang='grc' dir='ltr'>κάνταῦθα</span> <span class='ocrx_word' id='word_1_280' title='bbox 1036 2397 1177 2464; x_wconf 79' lang='grc' dir='ltr'>δέος,</span> <span class='ocrx_word' id='word_1_281' title='bbox 1204 2398 1420 2470; x_wconf 84' lang='grc' dir='ltr'>πρῶτον</span> <span class='ocrx_word' id='word_1_282' title='bbox 1439 2394 1560 2471; x_wconf 80' lang='grc' dir='ltr'>μὲν,</span> <span class='ocrx_word' id='word_1_283' title='bbox 1590 2400 1664 2471; x_wconf 82' lang='grc' dir='ltr'><strong>μὴ</strong></span> <span class='ocrx_word' id='word_1_284' title='bbox 1687 2399 1815 2455; x_wconf 91' lang='grc' dir='ltr'>σύν-</span> 
     </span>
    </p>
   </div>
   <div class='ocr_carea' id='block_1_41' title="bbox 219 2490 1817 2564">
    <p class='ocr_par' dir='ltr' id='par_1_41' title="bbox 219 2490 1817 2564">
     <span class='ocr_line' id='line_1_41' title="bbox 219 2490 1817 2564; baseline -0.004 -14"><span class='ocrx_word' id='word_1_285' title='bbox 219 2496 376 2560; x_wconf 86' lang='grc' dir='ltr'>θεσίς</span> <span class='ocrx_word' id='word_1_286' title='bbox 400 2513 485 2559; x_wconf 86' lang='grc' dir='ltr'><strong>τις</strong></span> <span class='ocrx_word' id='word_1_287' title='bbox 533 2494 816 2564; x_wconf 83' lang='grc' dir='ltr'>ὲπινοῆται</span> <span class='ocrx_word' id='word_1_288' title='bbox 863 2493 963 2563; x_wconf 79' lang='grc' dir='ltr'>τῆς</span> <span class='ocrx_word' id='word_1_289' title='bbox 1006 2491 1301 2547; x_wconf 84' lang='grc' dir='ltr'>ἀσυνθέτου</span> <span class='ocrx_word' id='word_1_290' title='bbox 1355 2490 1591 2562; x_wconf 84' lang='grc' dir='ltr'>φύσεως,</span> <span class='ocrx_word' id='word_1_291' title='bbox 1627 2492 1817 2563; x_wconf 79' lang='grc' dir='ltr'>ὥσπερ</span> 
     </span>
    </p>
   </div>
   <div class='ocr_carea' id='block_1_42' title="bbox 218 2584 1816 2661">
    <p class='ocr_par' dir='ltr' id='par_1_42' title="bbox 218 2584 1816 2661">
     <span class='ocr_line' id='line_1_42' title="bbox 218 2584 1816 2661; baseline -0.001 -21"><span class='ocrx_word' id='word_1_292' title='bbox 218 2587 380 2661; x_wconf 72' lang='grc' dir='ltr'>ἡλίου</span> <span class='ocrx_word' id='word_1_293' title='bbox 412 2590 509 2641; x_wconf 76' lang='grc' dir='ltr'><strong>καὶ</strong></span> <span class='ocrx_word' id='word_1_294' title='bbox 552 2586 661 2640; x_wconf 85' lang='grc' dir='ltr'><strong>τῶν</strong></span> <span class='ocrx_word' id='word_1_295' title='bbox 694 2589 752 2640; x_wconf 78' lang='grc' dir='ltr'>ἐν</span> <span class='ocrx_word' id='word_1_296' title='bbox 777 2585 936 2658; x_wconf 80' lang='grc' dir='ltr'>ἡλίῳ·</span> <span class='ocrx_word' id='word_1_297' title='bbox 974 2584 1228 2656; x_wconf 88' lang='grc' dir='ltr'>δεύτερον</span> <span class='ocrx_word' id='word_1_298' title='bbox 1258 2584 1338 2647; x_wconf 82' lang='grc' dir='ltr'><strong>δὲ,</strong></span> <span class='ocrx_word' id='word_1_299' title='bbox 1375 2584 1448 2655; x_wconf 85' lang='grc' dir='ltr'><strong>μὴ</strong></span> <span class='ocrx_word' id='word_1_300' title='bbox 1479 2584 1570 2638; x_wconf 84' lang='grc' dir='ltr'><strong>τὸν</strong></span> <span class='ocrx_word' id='word_1_301' title='bbox 1590 2584 1816 2655; x_wconf 83' lang='grc' dir='ltr'>Πατέρα</span> 
     </span>
    </p>
   </div>
   <div class='ocr_carea' id='block_1_43' title="bbox 221 2673 1818 2749">
    <p class='ocr_par' dir='ltr' id='par_1_43' title="bbox 221 2673 1818 2749">
     <span class='ocr_line' id='line_1_43' title="bbox 221 2673 1818 2749; baseline -0.002 -18"><span class='ocrx_word' id='word_1_302' title='bbox 221 2680 327 2749; x_wconf 76' lang='grc' dir='ltr'><strong>μὲν</strong></span> <span class='ocrx_word' id='word_1_303' title='bbox 372 2675 750 2748; x_wconf 83' lang='grc' dir='ltr'>οὐσιώσωμεν,</span> <span class='ocrx_word' id='word_1_304' title='bbox 785 2674 958 2730; x_wconf 81' lang='grc' dir='ltr'>τᾶλλα</span> <span class='ocrx_word' id='word_1_305' title='bbox 989 2674 1046 2728; x_wconf 85' lang='grc' dir='ltr'><strong>δὲ</strong></span> <span class='ocrx_word' id='word_1_306' title='bbox 1097 2674 1172 2745; x_wconf 84' lang='grc' dir='ltr'><strong>μὴ</strong></span> <span class='ocrx_word' id='word_1_307' title='bbox 1210 2674 1627 2745; x_wconf 74' lang='grc' dir='ltr'>ὑποστήσωμεν,</span> <span class='ocrx_word' id='word_1_308' title='bbox 1682 2673 1818 2728; x_wconf 87' lang='grc' dir='ltr'><strong>ἀλλά</strong></span> 
     </span>
    </p>
   </div>
   <div class='ocr_carea' id='block_1_44' title="bbox 214 2764 1815 2839">
    <p class='ocr_par' dir='ltr' id='par_1_44' title="bbox 214 2764 1815 2839">
     <span class='ocr_line' id='line_1_44' title="bbox 214 2764 1815 2839; baseline -0.003 -16"><span class='ocrx_word' id='word_1_309' title='bbox 214 2768 486 2837; x_wconf 83' lang='grc' dir='ltr'>δυνάμεις</span> <span class='ocrx_word' id='word_1_310' title='bbox 531 2766 668 2820; x_wconf 88' lang='grc' dir='ltr'>Θεοῦ</span> <span class='ocrx_word' id='word_1_311' title='bbox 722 2768 1041 2839; x_wconf 84' lang='grc' dir='ltr'>ποιήσωμεν</span> <span class='ocrx_word' id='word_1_312' title='bbox 1072 2764 1509 2837; x_wconf 82' lang='grc' dir='ltr'>ἐνυπαρχούσας,</span> <span class='ocrx_word' id='word_1_313' title='bbox 1559 2765 1659 2836; x_wconf 81' lang='grc' dir='ltr'>οὐχ</span> <span class='ocrx_word' id='word_1_314' title='bbox 1710 2764 1815 2835; x_wconf 88' lang='grc' dir='ltr'><strong>ὑφ-</strong></span> 
     </span>
    </p>
   </div>
   <div class='ocr_carea' id='block_1_45' title="bbox 215 2854 1814 2929">
    <p class='ocr_par' dir='ltr' id='par_1_45' title="bbox 215 2854 1814 2929">
     <span class='ocr_line' id='line_1_45' title="bbox 215 2854 1814 2929; baseline -0.002 -17"><span class='ocrx_word' id='word_1_315' title='bbox 215 2858 495 2921; x_wconf 84' lang='grc' dir='ltr'>εστώσας.</span> <span class='ocrx_word' id='word_1_316' title='bbox 526 2856 666 2911; x_wconf 76' lang='grc' dir='ltr'>Οῦτε</span> <span class='ocrx_word' id='word_1_317' title='bbox 716 2857 827 2929; x_wconf 81' lang='grc' dir='ltr'>γὰρ</span> <span class='ocrx_word' id='word_1_318' title='bbox 866 2858 1046 2923; x_wconf 74' lang='grc' dir='ltr'>ἀκτὶς,</span> <span class='ocrx_word' id='word_1_319' title='bbox 1085 2854 1210 2912; x_wconf 73' lang='grc' dir='ltr'>οὕτε</span> <span class='ocrx_word' id='word_1_320' title='bbox 1262 2855 1400 2925; x_wconf 81' lang='grc' dir='ltr'>φῶς,</span> <span class='ocrx_word' id='word_1_321' title='bbox 1450 2855 1610 2919; x_wconf 80' lang='grc' dir='ltr'>ἄλλος</span> <span class='ocrx_word' id='word_1_322' title='bbox 1642 2856 1814 2927; x_wconf 79' lang='grc' dir='ltr'>ἥλιος,</span> 
     </span>
    </p>
   </div>
   <div class='ocr_carea' id='block_1_46' title="bbox 214 2941 1814 3020">
    <p class='ocr_par' dir='ltr' id='par_1_46' title="bbox 214 2941 1814 3020">
     <span class='ocr_line' id='line_1_46' title="bbox 214 2941 1814 3020; baseline -0.005 -17"><span class='ocrx_word' id='word_1_323' title='bbox 214 2948 345 3004; x_wconf 82' lang='grc' dir='ltr'>ἀλλ’</span> <span class='ocrx_word' id='word_1_324' title='bbox 367 2947 589 3019; x_wconf 80' lang='grc' dir='ltr'>ἡλιακαί</span> <span class='ocrx_word' id='word_1_325' title='bbox 609 2963 753 3010; x_wconf 87' lang='grc' dir='ltr'>τινες</span> <span class='ocrx_word' id='word_1_326' title='bbox 766 2947 1078 3020; x_wconf 70' lang='grc' dir='ltr'>ἀπόρροιαι,</span> <span class='ocrx_word' id='word_1_327' title='bbox 1106 2945 1202 2998; x_wconf 72' lang='grc' dir='ltr'>καὶ</span> <span class='ocrx_word' id='word_1_328' title='bbox 1217 2943 1500 3015; x_wconf 85' lang='grc' dir='ltr'>ποιότητες</span> <span class='ocrx_word' id='word_1_329' title='bbox 1519 2941 1814 3006; x_wconf 75' lang='grc' dir='ltr'>ούσιώδεις.</span> 
     </span>
    </p>
   </div>
   <div class='ocr_carea' id='block_1_47' title="bbox 212 3014 1892 3123">
    <p class='ocr_par' dir='ltr' id='par_1_47' title="bbox 212 3014 1892 3123">
     <span class='ocr_line' id='line_1_47' title="bbox 212 3014 1892 3123; baseline -0.01 -22"><span class='ocrx_word' id='word_1_330' title='bbox 212 3045 340 3100; x_wconf 76' lang='grc' dir='ltr'><strong>Καὶ</strong></span> <span class='ocrx_word' id='word_1_331' title='bbox 508 3042 570 3095; x_wconf 80' lang='grc' dir='ltr'>τὸ</span> <span class='ocrx_word' id='word_1_332' title='bbox 593 3035 757 3108; x_wconf 78' lang='grc' dir='ltr'>εἶναι,</span> <span class='ocrx_word' id='word_1_333' title='bbox 794 3014 890 3094; x_wconf 58' lang='grc' dir='ltr'><strong>καί</strong></span> <span class='ocrx_word' id='word_1_334' title='bbox 915 3014 993 3092; x_wconf 67' lang='grc' dir='ltr'><strong>⁷τὸ</strong></span> <span class='ocrx_word' id='word_1_335' title='bbox 1034 3037 1109 3110; x_wconf 84' lang='grc' dir='ltr'>μὴ</span> <span class='ocrx_word' id='word_1_336' title='bbox 1136 3032 1298 3098; x_wconf 81' lang='grc' dir='ltr'>εἶναι,</span> <span class='ocrx_word' id='word_1_337' title='bbox 1330 3035 1407 3106; x_wconf 83' lang='grc' dir='ltr'>τῷ</span> <span class='ocrx_word' id='word_1_338' title='bbox 1439 3034 1558 3106; x_wconf 85' lang='grc' dir='ltr'><strong>Θεῷ</strong></span> <span class='ocrx_word' id='word_1_339' title='bbox 1581 3033 1690 3107; x_wconf 92' lang='grc'><strong>(89)</strong></span> <span class='ocrx_word' id='word_1_340' title='bbox 1719 3033 1821 3087; x_wconf 84' lang='grc' dir='ltr'><strong>δῶ-</strong></span> <span class='ocrx_word' id='word_1_341' title='bbox 1849 3014 1892 3071; x_wconf 76' lang='lat' dir='ltr'>C</span> 
     </span>
    </p>
   </div>
   <div class='ocr_carea' id='block_1_48' title="bbox 217 3125 1820 3208">
    <p class='ocr_par' dir='ltr' id='par_1_48' title="bbox 217 3125 1820 3208">
     <span class='ocr_line' id='line_1_48' title="bbox 217 3125 1820 3208; baseline -0.007 -19"><span class='ocrx_word' id='word_1_342' title='bbox 217 3152 331 3208; x_wconf 84' lang='grc' dir='ltr'><strong>μεν</strong></span> <span class='ocrx_word' id='word_1_343' title='bbox 381 3135 439 3188; x_wconf 78' lang='grc' dir='ltr'>ὲν</span> <span class='ocrx_word' id='word_1_344' title='bbox 490 3132 733 3195; x_wconf 85' lang='grc' dir='ltr'>τούτοις,</span> <span class='ocrx_word' id='word_1_345' title='bbox 773 3132 897 3185; x_wconf 81' lang='grc' dir='ltr'>ὅσον</span> <span class='ocrx_word' id='word_1_346' title='bbox 930 3131 993 3205; x_wconf 79' lang='grc' dir='ltr'>ὲκ</span> <span class='ocrx_word' id='word_1_347' title='bbox 1032 3126 1129 3182; x_wconf 86' lang='grc' dir='ltr'><strong>τοῦ</strong></span> <span class='ocrx_word' id='word_1_348' title='bbox 1166 3128 1590 3198; x_wconf 78' lang='grc' dir='ltr'>ὑποδείγματος,</span> <span class='ocrx_word' id='word_1_349' title='bbox 1645 3125 1674 3178; x_wconf 79' lang='grc' dir='ltr'><strong>ὃ</strong></span> <span class='ocrx_word' id='word_1_350' title='bbox 1725 3126 1820 3179; x_wconf 79' lang='grc' dir='ltr'><strong>καὶ</strong></span> 
     </span>
    </p>
   </div>
   <div class='ocr_carea' id='block_1_49' title="bbox 214 3218 1819 3299">
    <p class='ocr_par' dir='ltr' id='par_1_49' title="bbox 214 3218 1819 3299">
     <span class='ocr_line' id='line_1_49' title="bbox 214 3218 1819 3299; baseline -0.007 -17"><span class='ocrx_word' id='word_1_351' title='bbox 214 3228 338 3282; x_wconf 79' lang='grc' dir='ltr'>τῶν</span> <span class='ocrx_word' id='word_1_352' title='bbox 365 3227 673 3299; x_wconf 81' lang='grc' dir='ltr'>εἰρημένων</span> <span class='ocrx_word' id='word_1_353' title='bbox 708 3224 819 3297; x_wconf 88' lang='grc'>(90)</span> <span class='ocrx_word' id='word_1_354' title='bbox 850 3221 1218 3294; x_wconf 85' lang='grc' dir='ltr'>ἀτοπώτερον.</span> <span class='ocrx_word' id='word_1_355' title='bbox 1267 3222 1519 3274; x_wconf 84' lang='grc' dir='ltr'>Ἤκουσα</span> <span class='ocrx_word' id='word_1_356' title='bbox 1561 3218 1620 3272; x_wconf 89' lang='grc' dir='ltr'><strong>δέ</strong></span> <span class='ocrx_word' id='word_1_357' title='bbox 1671 3233 1819 3279; x_wconf 82' lang='grc' dir='ltr'>τινος</span> 
     </span>
    </p>
   </div>
   <div class='ocr_carea' id='block_1_50' title="bbox 216 3311 1821 3389">
    <p class='ocr_par' dir='ltr' id='par_1_50' title="bbox 216 3311 1821 3389">
     <span class='ocr_line' id='line_1_50' title="bbox 216 3311 1821 3389; baseline -0.009 -13"><span class='ocrx_word' id='word_1_358' title='bbox 216 3323 325 3377; x_wconf 66' lang='grc' dir='ltr'>καὶ</span> <span class='ocrx_word' id='word_1_359' title='bbox 348 3320 593 3375; x_wconf 83' lang='grc' dir='ltr'>τοιοῦτον</span> <span class='ocrx_word' id='word_1_360' title='bbox 626 3319 1039 3389; x_wconf 66' lang='grc' dir='ltr'>ὑπογράφοντπ</span> <span class='ocrx_word' id='word_1_361' title='bbox 1057 3315 1241 3385; x_wconf 84' lang='grc' dir='ltr'>λόγον·</span> <span class='ocrx_word' id='word_1_362' title='bbox 1282 3311 1681 3383; x_wconf 84' lang='grc' dir='ltr'>Μαρμαρυγήν</span> <span class='ocrx_word' id='word_1_363' title='bbox 1699 3325 1821 3362; x_wconf 88' lang='grc' dir='ltr'>τινα</span> 
     </span>
    </p>
   </div>
   <div class='ocr_carea' id='block_1_51' title="bbox 218 3402 1821 3487">
    <p class='ocr_par' dir='ltr' id='par_1_51' title="bbox 218 3402 1821 3487">
     <span class='ocr_line' id='line_1_51' title="bbox 218 3402 1821 3487; baseline -0.009 -20"><span class='ocrx_word' id='word_1_364' title='bbox 218 3412 464 3487; x_wconf 62' lang='grc' dir='ltr'><strong>⁴ἡλιακὴν</strong></span> <span class='ocrx_word' id='word_1_365' title='bbox 510 3413 676 3483; x_wconf 82' lang='grc' dir='ltr'>τοίχῳ</span> <span class='ocrx_word' id='word_1_366' title='bbox 705 3410 1292 3483; x_wconf 88' lang='grc' dir='ltr'>προσαστράπτουσαν,</span> <span class='ocrx_word' id='word_1_367' title='bbox 1323 3405 1419 3458; x_wconf 77' lang='grc' dir='ltr'><strong>καὶ</strong></span> <span class='ocrx_word' id='word_1_368' title='bbox 1456 3402 1821 3475; x_wconf 84' lang='grc' dir='ltr'>περιτρέμου-</span> 
     </span>
    </p>
   </div>
   <div class='ocr_carea' id='block_1_52' title="bbox 224 3491 1824 3576">
    <p class='ocr_par' dir='ltr' id='par_1_52' title="bbox 224 3491 1824 3576">
     <span class='ocr_line' id='line_1_52' title="bbox 224 3491 1824 3576; baseline -0.011 -13"><span class='ocrx_word' id='word_1_369' title='bbox 224 3525 332 3562; x_wconf 79' lang='grc' dir='ltr'><strong>σαν</strong></span> <span class='ocrx_word' id='word_1_370' title='bbox 373 3507 435 3573; x_wconf 77' lang='grc' dir='ltr'><strong>ἐξ</strong></span> <span class='ocrx_word' id='word_1_371' title='bbox 458 3505 667 3561; x_wconf 80' lang='grc' dir='ltr'>ὑδάτων</span> <span class='ocrx_word' id='word_1_372' title='bbox 700 3504 992 3576; x_wconf 86' lang='grc' dir='ltr'>κινήσεως,</span> <span class='ocrx_word' id='word_1_373' title='bbox 1024 3502 1090 3574; x_wconf 77' lang='grc' dir='ltr'>ἣν</span> <span class='ocrx_word' id='word_1_374' title='bbox 1114 3503 1148 3572; x_wconf 80' lang='grc' dir='ltr'><strong>ἡ</strong></span> <span class='ocrx_word' id='word_1_375' title='bbox 1166 3499 1326 3564; x_wconf 75' lang='grc' dir='ltr'>ἀκτὶς</span> <span class='ocrx_word' id='word_1_376' title='bbox 1367 3492 1713 3551; x_wconf 77' lang='grc' dir='ltr'>ὑπολαϐοῦσα</span> <span class='ocrx_word' id='word_1_377' title='bbox 1734 3491 1824 3548; x_wconf 84' lang='grc' dir='ltr'>διὰ</span> 
     </span>
    </p>
   </div>
   <div class='ocr_carea' id='block_1_53' title="bbox 220 3586 1823 3672">
    <p class='ocr_par' dir='ltr' id='par_1_53' title="bbox 220 3586 1823 3672">
     <span class='ocr_line' id='line_1_53' title="bbox 220 3586 1823 3672; baseline -0.011 -16"><span class='ocrx_word' id='word_1_378' title='bbox 220 3601 324 3656; x_wconf 85' lang='grc' dir='ltr'><strong>τοῦ</strong></span> <span class='ocrx_word' id='word_1_379' title='bbox 368 3601 426 3656; x_wconf 84' lang='grc' dir='ltr'>ὲν</span> <span class='ocrx_word' id='word_1_380' title='bbox 455 3600 606 3672; x_wconf 85' lang='grc' dir='ltr'>μέσῳ</span> <span class='ocrx_word' id='word_1_381' title='bbox 658 3598 843 3670; x_wconf 84' lang='grc' dir='ltr'>ἀέρος,</span> <span class='ocrx_word' id='word_1_382' title='bbox 887 3591 1006 3648; x_wconf 73' lang='grc' dir='ltr'>εἶτα</span> <span class='ocrx_word' id='word_1_383' title='bbox 1054 3592 1311 3665; x_wconf 87' lang='grc' dir='ltr'>σχεθεῖσα</span> <span class='ocrx_word' id='word_1_384' title='bbox 1363 3589 1473 3661; x_wconf 79' lang='grc'>(91)</span> <span class='ocrx_word' id='word_1_385' title='bbox 1499 3587 1578 3660; x_wconf 84' lang='grc' dir='ltr'>τῷ</span> <span class='ocrx_word' id='word_1_386' title='bbox 1604 3586 1823 3642; x_wconf 87' lang='grc' dir='ltr'>ἀντιτύ-</span> 
     </span>
    </p>
   </div>
   <div class='ocr_carea' id='block_1_54' title="bbox 224 3679 1824 3766">
    <p class='ocr_par' dir='ltr' id='par_1_54' title="bbox 224 3679 1824 3766">
     <span class='ocr_line' id='line_1_54' title="bbox 224 3679 1824 3766; baseline -0.01 -17"><span class='ocrx_word' id='word_1_387' title='bbox 224 3712 319 3766; x_wconf 82' lang='grc' dir='ltr'><strong>πῳ</strong></span> <span class='ocrx_word' id='word_1_388' title='bbox 341 3692 476 3764; x_wconf 71' lang='grc'>(92),</span> <span class='ocrx_word' id='word_1_389' title='bbox 531 3690 749 3763; x_wconf 84' lang='grc' dir='ltr'>παλμὸς</span> <span class='ocrx_word' id='word_1_390' title='bbox 788 3688 1008 3759; x_wconf 77' lang='grc' dir='ltr'>ἐγένετο</span> <span class='ocrx_word' id='word_1_391' title='bbox 1051 3686 1146 3739; x_wconf 74' lang='grc' dir='ltr'>καὶ</span> <span class='ocrx_word' id='word_1_392' title='bbox 1170 3685 1280 3755; x_wconf 75' lang='grc'>(95)</span> <span class='ocrx_word' id='word_1_393' title='bbox 1310 3680 1635 3754; x_wconf 78' lang='grc' dir='ltr'>παράδοξος.</span> <span class='ocrx_word' id='word_1_394' title='bbox 1692 3679 1824 3752; x_wconf 75' lang='grc' dir='ltr'><strong>ᾊτ-</strong></span> 
     </span>
    </p>
   </div>
   <div class='ocr_carea' id='block_1_55' title="bbox 223 3772 1821 3858">
    <p class='ocr_par' dir='ltr' id='par_1_55' title="bbox 223 3772 1821 3858">
     <span class='ocr_line' id='line_1_55' title="bbox 223 3772 1821 3858; baseline -0.012 -16"><span class='ocrx_word' id='word_1_395' title='bbox 223 3806 314 3842; x_wconf 86' lang='grc' dir='ltr'><strong>τει</strong></span> <span class='ocrx_word' id='word_1_396' title='bbox 356 3785 468 3858; x_wconf 72' lang='grc'>(94)</span> <span class='ocrx_word' id='word_1_397' title='bbox 497 3784 607 3856; x_wconf 82' lang='grc' dir='ltr'><strong>γὰρ</strong></span> <span class='ocrx_word' id='word_1_398' title='bbox 651 3780 875 3845; x_wconf 86' lang='grc' dir='ltr'>πολλαῖς</span> <span class='ocrx_word' id='word_1_399' title='bbox 921 3779 1019 3833; x_wconf 76' lang='grc' dir='ltr'><strong>καὶ</strong></span> <span class='ocrx_word' id='word_1_400' title='bbox 1069 3779 1303 3839; x_wconf 87' lang='grc' dir='ltr'>πυκναῖς</span> <span class='ocrx_word' id='word_1_401' title='bbox 1353 3777 1475 3838; x_wconf 86' lang='grc' dir='ltr'>ταῖς</span> <span class='ocrx_word' id='word_1_402' title='bbox 1520 3772 1821 3844; x_wconf 86' lang='grc' dir='ltr'>κινήσεσιν,</span> 
     </span>
    </p>
   </div>
   <div class='ocr_carea' id='block_1_56' title="bbox 224 3863 1821 3952">
    <p class='ocr_par' dir='ltr' id='par_1_56' title="bbox 224 3863 1821 3952">
     <span class='ocr_line' id='line_1_56' title="bbox 224 3863 1821 3952; baseline -0.01 -18"><span class='ocrx_word' id='word_1_403' title='bbox 224 3881 330 3952; x_wconf 77' lang='grc' dir='ltr'><strong>οὐχ</strong></span> <span class='ocrx_word' id='word_1_404' title='bbox 387 3878 446 3932; x_wconf 84' lang='grc' dir='ltr'>ἓν</span> <span class='ocrx_word' id='word_1_405' title='bbox 478 3871 615 3931; x_wconf 81' lang='grc' dir='ltr'>οὖσα</span> <span class='ocrx_word' id='word_1_406' title='bbox 664 3872 888 3947; x_wconf 83' lang='grc' dir='ltr'>μᾶλλον,</span> <span class='ocrx_word' id='word_1_407' title='bbox 922 3872 957 3944; x_wconf 77' lang='grc' dir='ltr'>ἢ</span> <span class='ocrx_word' id='word_1_408' title='bbox 1002 3868 1195 3934; x_wconf 81' lang='grc' dir='ltr'>πολλὰ,</span> <span class='ocrx_word' id='word_1_409' title='bbox 1239 3867 1362 3921; x_wconf 82' lang='grc' dir='ltr'>οὐδὲ</span> <span class='ocrx_word' id='word_1_410' title='bbox 1403 3864 1574 3920; x_wconf 87' lang='grc' dir='ltr'>πολλά</span> <span class='ocrx_word' id='word_1_411' title='bbox 1600 3863 1821 3937; x_wconf 83' lang='grc' dir='ltr'>μᾶλλον,</span> 
     </span>
    </p>
   </div>
   <div class='ocr_carea' id='block_1_57' title="bbox 224 3957 1825 4042">
    <p class='ocr_par' dir='ltr' id='par_1_57' title="bbox 224 3957 1825 4042">
     <span class='ocr_line' id='line_1_57' title="bbox 224 3957 1825 4042; baseline -0.011 -16"><span class='ocrx_word' id='word_1_412' title='bbox 224 3973 263 4042; x_wconf 79' lang='grc' dir='ltr'>ἦ</span> <span class='ocrx_word' id='word_1_413' title='bbox 294 3971 377 4036; x_wconf 76' lang='grc' dir='ltr'>ἓν,</span> <span class='ocrx_word' id='word_1_414' title='bbox 406 3969 487 4041; x_wconf 83' lang='grc' dir='ltr'>τῷ</span> <span class='ocrx_word' id='word_1_415' title='bbox 513 3969 668 4040; x_wconf 87' lang='grc' dir='ltr'>τάχει</span> <span class='ocrx_word' id='word_1_416' title='bbox 694 3966 794 4037; x_wconf 85' lang='grc' dir='ltr'>τῆς</span> <span class='ocrx_word' id='word_1_417' title='bbox 825 3964 1041 4018; x_wconf 87' lang='grc' dir='ltr'>συνόδου</span> <span class='ocrx_word' id='word_1_418' title='bbox 1060 3961 1156 4016; x_wconf 76' lang='grc' dir='ltr'>καὶ</span> <span class='ocrx_word' id='word_1_419' title='bbox 1179 3960 1283 4031; x_wconf 79' lang='grc' dir='ltr'>τῆς</span> <span class='ocrx_word' id='word_1_420' title='bbox 1313 3957 1669 4023; x_wconf 88' lang='grc' dir='ltr'>διαστάσεως,</span> <span class='ocrx_word' id='word_1_421' title='bbox 1691 3957 1825 4028; x_wconf 72' lang='grc' dir='ltr'>πρὶν</span> 
     </span>
    </p>
   </div>
   <div class='ocr_carea' id='block_1_58' title="bbox 227 4057 1266 4136">
    <p class='ocr_par' dir='ltr' id='par_1_58' title="bbox 227 4057 1266 4136">
     <span class='ocr_line' id='line_1_58' title="bbox 227 4057 1266 4136; baseline -0.011 -18"><span class='ocrx_word' id='word_1_422' title='bbox 227 4066 354 4135; x_wconf 77' lang='grc' dir='ltr'>ὄψει</span> <span class='ocrx_word' id='word_1_423' title='bbox 387 4060 751 4136; x_wconf 82' lang='grc' dir='ltr'>κρατηθῆναι,</span> <span class='ocrx_word' id='word_1_424' title='bbox 789 4057 1266 4129; x_wconf 86' lang='grc' dir='ltr'>διαδιδράσκουσα.</span> 
     </span>
    </p>
   </div>
   <div class='ocr_carea' id='block_1_59' title="bbox 1922 1751 3503 1827">
    <p class='ocr_par' dir='ltr' id='par_1_59' title="bbox 1922 1751 3503 1827">
     <span class='ocr_line' id='line_1_59' title="bbox 1922 1751 3503 1827; baseline -0.002 -16"><span class='ocrx_word' id='word_1_425' title='bbox 1922 1767 2122 1827; x_wconf 89' lang='lat' dir='ltr'><strong>puutur</strong></span> <span class='ocrx_word' id='word_1_426' title='bbox 2155 1774 2173 1810; x_wconf 74' lang='grc' dir='ltr'><strong>ι</strong></span> <span class='ocrx_word' id='word_1_427' title='bbox 2211 1770 2276 1811; x_wconf 87' lang='lat' dir='ltr'><strong>ac</strong></span> <span class='ocrx_word' id='word_1_428' title='bbox 2303 1754 2479 1809; x_wconf 91' lang='lat' dir='ltr'><strong>tribus</strong></span> <span class='ocrx_word' id='word_1_429' title='bbox 2514 1753 2741 1823; x_wconf 89' lang='lat' dir='ltr'><strong>insuper</strong></span> <span class='ocrx_word' id='word_1_430' title='bbox 2774 1751 3196 1821; x_wconf 82' lang='lat' dir='ltr'><strong>proprietatibus</strong></span> <span class='ocrx_word' id='word_1_431' title='bbox 3237 1753 3503 1824; x_wconf 90' lang='lat' dir='ltr'><strong>quodam-</strong></span> 
     </span>
    </p>
   </div>
   <div class='ocr_carea' id='block_1_60' title="bbox 1922 1846 3502 1919">
    <p class='ocr_par' dir='ltr' id='par_1_60' title="bbox 1922 1846 3502 1919">
     <span class='ocr_line' id='line_1_60' title="bbox 1922 1846 3502 1919; baseline -0.001 -14"><span class='ocrx_word' id='word_1_432' title='bbox 1922 1852 2083 1905; x_wconf 88' lang='lat' dir='ltr'><strong>modo</strong></span> <span class='ocrx_word' id='word_1_433' title='bbox 2104 1850 2278 1906; x_wconf 88' lang='lat' dir='ltr'><strong>scindi</strong></span> <span class='ocrx_word' id='word_1_434' title='bbox 2310 1848 2588 1903; x_wconf 87' lang='lat' dir='ltr'><strong>videntur.</strong></span> <span class='ocrx_word' id='word_1_435' title='bbox 2625 1846 2731 1902; x_wconf 90' lang='lat' dir='ltr'><strong>Sed</strong></span> <span class='ocrx_word' id='word_1_436' title='bbox 2757 1846 2927 1903; x_wconf 87' lang='lat' dir='ltr'><strong>subiit</strong></span> <span class='ocrx_word' id='word_1_437' title='bbox 2951 1862 3035 1903; x_wconf 92' lang='lat' dir='ltr'><strong>me</strong></span> <span class='ocrx_word' id='word_1_438' title='bbox 3058 1849 3241 1912; x_wconf 83' lang='lat' dir='ltr'><strong>timor,</strong></span> <span class='ocrx_word' id='word_1_439' title='bbox 3265 1848 3502 1919; x_wconf 87' lang='lat' dir='ltr'><strong>primum</strong></span> 
     </span>
    </p>
   </div>
   <div class='ocr_carea' id='block_1_61' title="bbox 1923 1936 3506 2008">
    <p class='ocr_par' dir='ltr' id='par_1_61' title="bbox 1923 1936 3506 2008">
     <span class='ocr_line' id='line_1_61' title="bbox 1923 1936 3506 2008; baseline -0.002 -13"><span class='ocrx_word' id='word_1_440' title='bbox 1923 1956 1990 1996; x_wconf 89' lang='lat' dir='ltr'><strong>ne</strong></span> <span class='ocrx_word' id='word_1_441' title='bbox 2015 1939 2183 1995; x_wconf 81' lang='lat' dir='ltr'><strong>ﬂuxio</strong></span> <span class='ocrx_word' id='word_1_442' title='bbox 2214 1940 2463 2007; x_wconf 68' lang='lat' dir='ltr'><strong>quaedam</strong></span> <span class='ocrx_word' id='word_1_443' title='bbox 2502 1936 2806 1993; x_wconf 83' lang='lat' dir='ltr'><strong>divinitatis</strong></span> <span class='ocrx_word' id='word_1_444' title='bbox 2828 1937 3140 1993; x_wconf 82' lang='lat' dir='ltr'><strong>stabilitatis</strong></span> <span class='ocrx_word' id='word_1_445' title='bbox 3167 1953 3364 2008; x_wconf 76' lang='lat' dir='ltr'><strong>expers</strong></span> <span class='ocrx_word' id='word_1_446' title='bbox 3407 1940 3506 1992; x_wconf 84' lang='lat' dir='ltr'><strong>ad-</strong></span> 
     </span>
    </p>
   </div>
   <div class='ocr_carea' id='block_1_62' title="bbox 1924 2027 3505 2096">
    <p class='ocr_par' dir='ltr' id='par_1_62' title="bbox 1924 2027 3505 2096">
     <span class='ocr_line' id='line_1_62' title="bbox 1924 2027 3505 2096; baseline 0 -10"><span class='ocrx_word' id='word_1_447' title='bbox 1924 2031 2194 2086; x_wconf 81' lang='lat' dir='ltr'><strong>mittatur.</strong></span> <span class='ocrx_word' id='word_1_448' title='bbox 2224 2028 2430 2084; x_wconf 91' lang='lat' dir='ltr'><strong>Deinde</strong></span> <span class='ocrx_word' id='word_1_449' title='bbox 2467 2042 2536 2082; x_wconf 92' lang='lat' dir='ltr'><strong>ne</strong></span> <span class='ocrx_word' id='word_1_450' title='bbox 2567 2042 2665 2096; x_wconf 90' lang='lat' dir='ltr'><strong>per</strong></span> <span class='ocrx_word' id='word_1_451' title='bbox 2695 2028 2843 2084; x_wconf 89' lang='lat' dir='ltr'><strong>hanc</strong></span> <span class='ocrx_word' id='word_1_452' title='bbox 2875 2027 3283 2083; x_wconf 86' lang='lat' dir='ltr'><strong>similitudinem</strong></span> <span class='ocrx_word' id='word_1_453' title='bbox 3334 2043 3505 2086; x_wconf 86' lang='lat' dir='ltr'><strong>unum</strong></span> 
     </span>
    </p>
   </div>
   <div class='ocr_carea' id='block_1_63' title="bbox 1924 2119 3503 2187">
    <p class='ocr_par' dir='ltr' id='par_1_63' title="bbox 1924 2119 3503 2187">
     <span class='ocr_line' id='line_1_63' title="bbox 1924 2119 3503 2187; baseline -0.001 -8"><span class='ocrx_word' id='word_1_454' title='bbox 1924 2140 2150 2179; x_wconf 88' lang='lat' dir='ltr'><strong>numero</strong></span> <span class='ocrx_word' id='word_1_455' title='bbox 2186 2125 2578 2178; x_wconf 88' lang='lat' dir='ltr'><strong>introducatur.</strong></span> <span class='ocrx_word' id='word_1_456' title='bbox 2616 2119 2821 2178; x_wconf 90' lang='lat' dir='ltr'><strong>Oculus</strong></span> <span class='ocrx_word' id='word_1_457' title='bbox 2851 2123 3019 2187; x_wconf 88' lang='lat' dir='ltr'><strong>enim,</strong></span> <span class='ocrx_word' id='word_1_458' title='bbox 3051 2132 3107 2179; x_wconf 83' lang='lat' dir='ltr'><strong>et</strong></span> <span class='ocrx_word' id='word_1_459' title='bbox 3138 2123 3280 2187; x_wconf 77' lang='lat' dir='ltr'><strong>fons.</strong></span> <span class='ocrx_word' id='word_1_460' title='bbox 3309 2133 3366 2179; x_wconf 85' lang='lat' dir='ltr'><strong>et</strong></span> <span class='ocrx_word' id='word_1_461' title='bbox 3397 2122 3503 2178; x_wconf 81' lang='lat' dir='ltr'><strong>llu-</strong></span> 
     </span>
    </p>
   </div>
   <div class='ocr_carea' id='block_1_64' title="bbox 1921 2215 3167 2283">
    <p class='ocr_par' dir='ltr' id='par_1_64' title="bbox 1921 2215 3167 2283">
     <span class='ocr_line' id='line_1_64' title="bbox 1921 2215 3167 2283; baseline 0.001 -12"><span class='ocrx_word' id='word_1_462' title='bbox 1921 2220 2040 2271; x_wconf 86' lang='lat' dir='ltr'><strong>vius</strong></span> <span class='ocrx_word' id='word_1_463' title='bbox 2068 2234 2232 2271; x_wconf 88' lang='lat' dir='ltr'><strong>unum</strong></span> <span class='ocrx_word' id='word_1_464' title='bbox 2262 2225 2390 2272; x_wconf 92' lang='lat' dir='ltr'><strong>sunt</strong></span> <span class='ocrx_word' id='word_1_465' title='bbox 2412 2232 2658 2283; x_wconf 90' lang='lat' dir='ltr'><strong>numero,</strong></span> <span class='ocrx_word' id='word_1_466' title='bbox 2687 2217 2837 2271; x_wconf 82' lang='lat' dir='ltr'><strong>varie</strong></span> <span class='ocrx_word' id='word_1_467' title='bbox 2864 2215 3167 2273; x_wconf 77' lang='lat' dir='ltr'><strong>eﬂ&#39;ormata.</strong></span> 
     </span>
    </p>
   </div>
   <div class='ocr_carea' id='block_1_65' title="bbox 1992 2308 3503 2384">
    <p class='ocr_par' dir='ltr' id='par_1_65' title="bbox 1992 2308 3503 2384">
     <span class='ocr_line' id='line_1_65' title="bbox 1992 2308 3503 2384; baseline 0.002 -19"><span class='ocrx_word' id='word_1_468' title='bbox 1992 2308 2212 2365; x_wconf 78' lang='lat' dir='ltr'><strong>XXXII.</strong></span> <span class='ocrx_word' id='word_1_469' title='bbox 2247 2308 2431 2365; x_wconf 90' lang='lat' dir='ltr'><strong>Solem</strong></span> <span class='ocrx_word' id='word_1_470' title='bbox 2465 2324 2677 2375; x_wconf 86' lang='lat' dir='ltr'><strong>rursus,</strong></span> <span class='ocrx_word' id='word_1_471' title='bbox 2707 2317 2761 2365; x_wconf 86' lang='lat' dir='ltr'><strong>et</strong></span> <span class='ocrx_word' id='word_1_472' title='bbox 2796 2310 3026 2376; x_wconf 86' lang='lat' dir='ltr'><strong>radium,</strong></span> <span class='ocrx_word' id='word_1_473' title='bbox 3058 2320 3113 2366; x_wconf 90' lang='lat' dir='ltr'><strong>et</strong></span> <span class='ocrx_word' id='word_1_474' title='bbox 3139 2311 3312 2367; x_wconf 90' lang='lat' dir='ltr'><strong>lucem</strong></span> <span class='ocrx_word' id='word_1_475' title='bbox 3340 2311 3503 2384; x_wconf 83' lang='grc'>577</span> 
     </span>
    </p>
   </div>
   <div class='ocr_carea' id='block_1_66' title="bbox 1923 2398 3507 2473">
    <p class='ocr_par' dir='ltr' id='par_1_66' title="bbox 1923 2398 3507 2473">
     <span class='ocr_line' id='line_1_66' title="bbox 1923 2398 3507 2473; baseline 0.003 -19"><span class='ocrx_word' id='word_1_476' title='bbox 1923 2401 2181 2472; x_wconf 83' lang='lat' dir='ltr'><strong>cogitavi.</strong></span> <span class='ocrx_word' id='word_1_477' title='bbox 2222 2398 2427 2454; x_wconf 76' lang='lat' dir='ltr'><strong>Verum</strong></span> <span class='ocrx_word' id='word_1_478' title='bbox 2460 2398 2551 2453; x_wconf 87' lang='lat' dir='ltr'><strong>hic</strong></span> <span class='ocrx_word' id='word_1_479' title='bbox 2595 2414 2812 2469; x_wconf 90' lang='lat' dir='ltr'><strong>quoque</strong></span> <span class='ocrx_word' id='word_1_480' title='bbox 2862 2401 3208 2456; x_wconf 82' lang='lat' dir='ltr'><strong>metuendum</strong></span> <span class='ocrx_word' id='word_1_481' title='bbox 3243 2411 3354 2470; x_wconf 90' lang='lat' dir='ltr'><strong>est;</strong></span> <span class='ocrx_word' id='word_1_482' title='bbox 3395 2404 3507 2473; x_wconf 66' lang='lat' dir='ltr'><strong>prio</strong></span> 
     </span>
    </p>
   </div>
   <div class='ocr_carea' id='block_1_67' title="bbox 1922 2489 3504 2564">
    <p class='ocr_par' dir='ltr' id='par_1_67' title="bbox 1922 2489 3504 2564">
     <span class='ocr_line' id='line_1_67' title="bbox 1922 2489 3504 2564; baseline 0.002 -16"><span class='ocrx_word' id='word_1_483' title='bbox 1922 2506 2097 2559; x_wconf 90' lang='lat' dir='ltr'><strong>mum,</strong></span> <span class='ocrx_word' id='word_1_484' title='bbox 2129 2506 2196 2546; x_wconf 91' lang='lat' dir='ltr'><strong>ne</strong></span> <span class='ocrx_word' id='word_1_485' title='bbox 2236 2489 2609 2559; x_wconf 82' lang='lat' dir='ltr'><strong>incompositae</strong></span> <span class='ocrx_word' id='word_1_486' title='bbox 2649 2499 2859 2545; x_wconf 70' lang='lat' dir='ltr'><strong>natura:</strong></span> <span class='ocrx_word' id='word_1_487' title='bbox 2903 2492 3224 2561; x_wconf 90' lang='lat' dir='ltr'><strong>compositio</strong></span> <span class='ocrx_word' id='word_1_488' title='bbox 3255 2495 3504 2564; x_wconf 70' lang='lat' dir='ltr'><strong>quaedam</strong></span> 
     </span>
    </p>
   </div>
   <div class='ocr_carea' id='block_1_68' title="bbox 1923 2583 3506 2658">
    <p class='ocr_par' dir='ltr' id='par_1_68' title="bbox 1923 2583 3506 2658">
     <span class='ocr_line' id='line_1_68' title="bbox 1923 2583 3506 2658; baseline 0.001 -17"><span class='ocrx_word' id='word_1_489' title='bbox 1923 2585 2282 2658; x_wconf 79' lang='lat' dir='ltr'><strong>excogitetur,</strong></span> <span class='ocrx_word' id='word_1_490' title='bbox 2317 2583 2776 2654; x_wconf 87' lang='lat' dir='ltr'><strong>quemadmodum</strong></span> <span class='ocrx_word' id='word_1_491' title='bbox 2829 2583 2980 2652; x_wconf 90' lang='lat' dir='ltr'><strong>solis,</strong></span> <span class='ocrx_word' id='word_1_492' title='bbox 3013 2592 3071 2639; x_wconf 90' lang='lat' dir='ltr'><strong>et</strong></span> <span class='ocrx_word' id='word_1_493' title='bbox 3119 2600 3338 2652; x_wconf 89' lang='lat' dir='ltr'><strong>eorum,</strong></span> <span class='ocrx_word' id='word_1_494' title='bbox 3383 2603 3506 2658; x_wconf 84' lang='lat' dir='ltr'><strong>quae</strong></span> 
     </span>
    </p>
   </div>
   <div class='ocr_carea' id='block_1_69' title="bbox 1925 2673 3505 2745">
    <p class='ocr_par' dir='ltr' id='par_1_69' title="bbox 1925 2673 3505 2745">
     <span class='ocr_line' id='line_1_69' title="bbox 1925 2673 3505 2745; baseline 0.003 -14"><span class='ocrx_word' id='word_1_495' title='bbox 1925 2676 2026 2731; x_wconf 83' lang='lat' dir='ltr'><strong>soli</strong></span> <span class='ocrx_word' id='word_1_496' title='bbox 2059 2677 2282 2742; x_wconf 87' lang='lat' dir='ltr'><strong>insunt;</strong></span> <span class='ocrx_word' id='word_1_497' title='bbox 2314 2675 2528 2742; x_wconf 89' lang='lat' dir='ltr'><strong>deinde,</strong></span> <span class='ocrx_word' id='word_1_498' title='bbox 2563 2691 2630 2730; x_wconf 91' lang='lat' dir='ltr'><strong>ne</strong></span> <span class='ocrx_word' id='word_1_499' title='bbox 2658 2673 2808 2729; x_wconf 90' lang='lat' dir='ltr'><strong>Patri</strong></span> <span class='ocrx_word' id='word_1_500' title='bbox 2840 2675 3056 2745; x_wconf 89' lang='lat' dir='ltr'><strong>quidem</strong></span> <span class='ocrx_word' id='word_1_501' title='bbox 3086 2677 3379 2733; x_wconf 88' lang='lat' dir='ltr'><strong>essentiam</strong></span> <span class='ocrx_word' id='word_1_502' title='bbox 3404 2679 3505 2735; x_wconf 64' lang='lat' dir='ltr'><strong>tri-</strong></span> 
     </span>
    </p>
   </div>
   <div class='ocr_carea' id='block_1_70' title="bbox 1922 2767 3508 2841">
    <p class='ocr_par' dir='ltr' id='par_1_70' title="bbox 1922 2767 3508 2841">
     <span class='ocr_line' id='line_1_70' title="bbox 1922 2767 3508 2841; baseline 0.002 -15"><span class='ocrx_word' id='word_1_503' title='bbox 1922 2771 2178 2836; x_wconf 86' lang='lat' dir='ltr'><strong>buamus,</strong></span> <span class='ocrx_word' id='word_1_504' title='bbox 2232 2768 2475 2839; x_wconf 91' lang='lat' dir='ltr'><strong>reliquos</strong></span> <span class='ocrx_word' id='word_1_505' title='bbox 2530 2780 2712 2823; x_wconf 89' lang='lat' dir='ltr'><strong>autem</strong></span> <span class='ocrx_word' id='word_1_506' title='bbox 2754 2767 3051 2825; x_wconf 84' lang='lat' dir='ltr'><strong>subsistere</strong></span> <span class='ocrx_word' id='word_1_507' title='bbox 3094 2784 3373 2841; x_wconf 79' lang='lat' dir='ltr'><strong>negemus,</strong></span> <span class='ocrx_word' id='word_1_508' title='bbox 3409 2772 3508 2829; x_wconf 91' lang='lat' dir='ltr'><strong>sed</strong></span> 
     </span>
    </p>
   </div>
   <div class='ocr_carea' id='block_1_71' title="bbox 1923 2859 3509 2935">
    <p class='ocr_par' dir='ltr' id='par_1_71' title="bbox 1923 2859 3509 2935">
     <span class='ocr_line' id='line_1_71' title="bbox 1923 2859 3509 2935; baseline 0 -17"><span class='ocrx_word' id='word_1_509' title='bbox 1923 2862 2209 2918; x_wconf 78' lang='lat' dir='ltr'><strong>facultates</strong></span> <span class='ocrx_word' id='word_1_510' title='bbox 2233 2860 2498 2931; x_wconf 89' lang='lat' dir='ltr'><strong>quasdam</strong></span> <span class='ocrx_word' id='word_1_511' title='bbox 2519 2859 2615 2915; x_wconf 85' lang='lat' dir='ltr'><strong>Dei</strong></span> <span class='ocrx_word' id='word_1_512' title='bbox 2641 2860 3063 2926; x_wconf 89' lang='lat' dir='ltr'><strong>constituamus,</strong></span> <span class='ocrx_word' id='word_1_513' title='bbox 3090 2876 3214 2933; x_wconf 74' lang='lat' dir='ltr'><strong>qua:</strong></span> <span class='ocrx_word' id='word_1_514' title='bbox 3253 2861 3357 2933; x_wconf 91' lang='lat' dir='ltr'><strong>ipsi</strong></span> <span class='ocrx_word' id='word_1_515' title='bbox 3385 2863 3509 2935; x_wconf 87' lang='lat' dir='ltr'><strong>qui-</strong></span> 
     </span>
    </p>
   </div>
   <div class='ocr_carea' id='block_1_72' title="bbox 1926 2952 3510 3026">
    <p class='ocr_par' dir='ltr' id='par_1_72' title="bbox 1926 2952 3510 3026">
     <span class='ocr_line' id='line_1_72' title="bbox 1926 2952 3510 3026; baseline 0.001 -17"><span class='ocrx_word' id='word_1_516' title='bbox 1926 2955 2049 3009; x_wconf 92' lang='lat' dir='ltr'><strong>dem</strong></span> <span class='ocrx_word' id='word_1_517' title='bbox 2081 2953 2272 3016; x_wconf 87' lang='lat' dir='ltr'><strong>insint,</strong></span> <span class='ocrx_word' id='word_1_518' title='bbox 2298 2967 2407 3007; x_wconf 91' lang='lat' dir='ltr'><strong>non</strong></span> <span class='ocrx_word' id='word_1_519' title='bbox 2463 2960 2642 3007; x_wconf 89' lang='lat' dir='ltr'><strong>autem</strong></span> <span class='ocrx_word' id='word_1_520' title='bbox 2699 2967 2795 3020; x_wconf 89' lang='lat' dir='ltr'><strong>per</strong></span> <span class='ocrx_word' id='word_1_521' title='bbox 2855 2967 2916 3009; x_wconf 86' lang='lat' dir='ltr'><strong>se</strong></span> <span class='ocrx_word' id='word_1_522' title='bbox 2954 2952 3272 3009; x_wconf 75' lang='lat' dir='ltr'><strong>subsistant.</strong></span> <span class='ocrx_word' id='word_1_523' title='bbox 3321 2952 3510 3026; x_wconf 74' lang='lat' dir='ltr'><strong>Neque</strong></span> 
     </span>
    </p>
   </div>
   <div class='ocr_carea' id='block_1_73' title="bbox 1926 3040 3511 3108">
    <p class='ocr_par' dir='ltr' id='par_1_73' title="bbox 1926 3040 3511 3108">
     <span class='ocr_line' id='line_1_73' title="bbox 1926 3040 3511 3108; baseline 0.004 -11"><span class='ocrx_word' id='word_1_524' title='bbox 1926 3043 2074 3098; x_wconf 91' lang='lat' dir='ltr'><strong>enim</strong></span> <span class='ocrx_word' id='word_1_525' title='bbox 2109 3042 2315 3107; x_wconf 89' lang='lat' dir='ltr'><strong>radius,</strong></span> <span class='ocrx_word' id='word_1_526' title='bbox 2346 3050 2440 3096; x_wconf 92' lang='lat' dir='ltr'><strong>aut</strong></span> <span class='ocrx_word' id='word_1_527' title='bbox 2463 3041 2576 3107; x_wconf 87' lang='lat' dir='ltr'><strong>lux,</strong></span> <span class='ocrx_word' id='word_1_528' title='bbox 2611 3040 2703 3096; x_wconf 86' lang='lat' dir='ltr'><strong>alii</strong></span> <span class='ocrx_word' id='word_1_529' title='bbox 2736 3041 2880 3098; x_wconf 90' lang='lat' dir='ltr'><strong>soles</strong></span> <span class='ocrx_word' id='word_1_530' title='bbox 2904 3052 3051 3108; x_wconf 88' lang='lat' dir='ltr'><strong>sunt,</strong></span> <span class='ocrx_word' id='word_1_531' title='bbox 3076 3044 3170 3099; x_wconf 90' lang='lat' dir='ltr'><strong>sed</strong></span> <span class='ocrx_word' id='word_1_532' title='bbox 3197 3045 3330 3100; x_wconf 90' lang='lat' dir='ltr'><strong>solis</strong></span> <span class='ocrx_word' id='word_1_533' title='bbox 3363 3047 3511 3103; x_wconf 80' lang='lat' dir='ltr'><strong>velut</strong></span> 
     </span>
    </p>
   </div>
   <div class='ocr_carea' id='block_1_74' title="bbox 1926 3133 3511 3206">
    <p class='ocr_par' dir='ltr' id='par_1_74' title="bbox 1926 3133 3511 3206">
     <span class='ocr_line' id='line_1_74' title="bbox 1926 3133 3511 3206; baseline 0.003 -17"><span class='ocrx_word' id='word_1_534' title='bbox 1926 3135 2028 3189; x_wconf 85' lang='lat' dir='ltr'><strong>rivi</strong></span> <span class='ocrx_word' id='word_1_535' title='bbox 2064 3134 2310 3204; x_wconf 88' lang='lat' dir='ltr'><strong>quidam,</strong></span> <span class='ocrx_word' id='word_1_536' title='bbox 2336 3146 2393 3189; x_wconf 86' lang='lat' dir='ltr'><strong>et</strong></span> <span class='ocrx_word' id='word_1_537' title='bbox 2424 3133 2813 3189; x_wconf 84' lang='lat' dir='ltr'><strong>substantiales</strong></span> <span class='ocrx_word' id='word_1_538' title='bbox 2853 3133 3169 3204; x_wconf 82' lang='lat' dir='ltr'><strong>qualitates.</strong></span> <span class='ocrx_word' id='word_1_539' title='bbox 3191 3135 3511 3206; x_wconf 66' lang='lat' dir='ltr'><strong>Acpraater-</strong></span> 
     </span>
    </p>
   </div>
   <div class='ocr_carea' id='block_1_75' title="bbox 1925 3222 3512 3291">
    <p class='ocr_par' dir='ltr' id='par_1_75' title="bbox 1925 3222 3512 3291">
     <span class='ocr_line' id='line_1_75' title="bbox 1925 3222 3512 3291; baseline 0.002 -11"><span class='ocrx_word' id='word_1_540' title='bbox 1925 3240 1990 3281; x_wconf 89' lang='lat' dir='ltr'><strong>ea</strong></span> <span class='ocrx_word' id='word_1_541' title='bbox 2011 3265 2026 3291; x_wconf 95' lang='lat'><strong>,</strong></span> <span class='ocrx_word' id='word_1_542' title='bbox 2062 3240 2130 3280; x_wconf 90' lang='lat' dir='ltr'><strong>ne</strong></span> <span class='ocrx_word' id='word_1_543' title='bbox 2158 3224 2356 3289; x_wconf 91' lang='lat' dir='ltr'><strong>simul,</strong></span> <span class='ocrx_word' id='word_1_544' title='bbox 2383 3231 2439 3279; x_wconf 88' lang='lat' dir='ltr'><strong>et</strong></span> <span class='ocrx_word' id='word_1_545' title='bbox 2465 3236 2605 3291; x_wconf 85' lang='lat' dir='ltr'><strong>esse,</strong></span> <span class='ocrx_word' id='word_1_546' title='bbox 2630 3232 2686 3278; x_wconf 89' lang='lat' dir='ltr'><strong>et</strong></span> <span class='ocrx_word' id='word_1_547' title='bbox 2733 3238 2842 3278; x_wconf 93' lang='lat' dir='ltr'><strong>non</strong></span> <span class='ocrx_word' id='word_1_548' title='bbox 2872 3239 3012 3290; x_wconf 89' lang='lat' dir='ltr'><strong>esse,</strong></span> <span class='ocrx_word' id='word_1_549' title='bbox 3060 3222 3173 3282; x_wconf 84' lang='lat' dir='ltr'><strong>Deo</strong></span> <span class='ocrx_word' id='word_1_550' title='bbox 3200 3225 3258 3281; x_wconf 90' lang='lat' dir='ltr'><strong>in</strong></span> <span class='ocrx_word' id='word_1_551' title='bbox 3301 3224 3389 3283; x_wconf 88' lang='lat' dir='ltr'><strong>bis</strong></span> <span class='ocrx_word' id='word_1_552' title='bbox 3415 3227 3512 3283; x_wconf 93' lang='lat' dir='ltr'><strong>de-</strong></span> 
     </span>
    </p>
   </div>
   <div class='ocr_carea' id='block_1_76' title="bbox 1926 3315 3512 3389">
    <p class='ocr_par' dir='ltr' id='par_1_76' title="bbox 1926 3315 3512 3389">
     <span class='ocr_line' id='line_1_76' title="bbox 1926 3315 3512 3389; baseline 0.001 -17"><span class='ocrx_word' id='word_1_553' title='bbox 1926 3332 2046 3373; x_wconf 83' lang='lat' dir='ltr'><strong>.nus</strong></span> <span class='ocrx_word' id='word_1_554' title='bbox 2076 3316 2375 3389; x_wconf 86' lang='lat' dir='ltr'><strong>(quantum</strong></span> <span class='ocrx_word' id='word_1_555' title='bbox 2404 3331 2469 3371; x_wconf 75' lang='lat' dir='ltr'><strong>ex</strong></span> <span class='ocrx_word' id='word_1_556' title='bbox 2529 3316 2634 3371; x_wconf 87' lang='lat' dir='ltr'><strong>hoc</strong></span> <span class='ocrx_word' id='word_1_557' title='bbox 2674 3315 2921 3385; x_wconf 82' lang='lat' dir='ltr'><strong>exemplo</strong></span> <span class='ocrx_word' id='word_1_558' title='bbox 2953 3315 3133 3387; x_wconf 82' lang='lat' dir='ltr'><strong>colligi</strong></span> <span class='ocrx_word' id='word_1_559' title='bbox 3179 3319 3423 3389; x_wconf 89' lang='lat' dir='ltr'><strong>potest),</strong></span> <span class='ocrx_word' id='word_1_560' title='bbox 3457 3320 3512 3375; x_wconf 93' lang='lat' dir='ltr'><strong>id</strong></span> 
     </span>
    </p>
   </div>
   <div class='ocr_carea' id='block_1_77' title="bbox 1925 3406 3510 3480">
    <p class='ocr_par' dir='ltr' id='par_1_77' title="bbox 1925 3406 3510 3480">
     <span class='ocr_line' id='line_1_77' title="bbox 1925 3406 3510 3480; baseline 0.001 -17"><span class='ocrx_word' id='word_1_561' title='bbox 1925 3410 2068 3478; x_wconf 91' lang='lat' dir='ltr'><strong>quod</strong></span> <span class='ocrx_word' id='word_1_562' title='bbox 2092 3408 2466 3480; x_wconf 88' lang='lat' dir='ltr'><strong>superioribus</strong></span> <span class='ocrx_word' id='word_1_563' title='bbox 2482 3408 2643 3463; x_wconf 89' lang='lat' dir='ltr'><strong>etiam</strong></span> <span class='ocrx_word' id='word_1_564' title='bbox 2666 3406 2956 3464; x_wconf 85' lang='lat' dir='ltr'><strong>absurdius</strong></span> <span class='ocrx_word' id='word_1_565' title='bbox 2971 3406 3154 3465; x_wconf 88' lang='lat' dir='ltr'><strong>fuerit.</strong></span> <span class='ocrx_word' id='word_1_566' title='bbox 3178 3410 3320 3478; x_wconf 80' lang='lat' dir='ltr'><strong>Quin</strong></span> <span class='ocrx_word' id='word_1_567' title='bbox 3345 3410 3510 3466; x_wconf 89' lang='lat' dir='ltr'><strong>etiam</strong></span> 
     </span>
    </p>
   </div>
   <div class='ocr_carea' id='block_1_78' title="bbox 1926 3500 3515 3571">
    <p class='ocr_par' dir='ltr' id='par_1_78' title="bbox 1926 3500 3515 3571">
     <span class='ocr_line' id='line_1_78' title="bbox 1926 3500 3515 3571; baseline 0.002 -16"><span class='ocrx_word' id='word_1_568' title='bbox 1926 3501 2165 3571; x_wconf 87' lang='lat' dir='ltr'><strong>aliquem</strong></span> <span class='ocrx_word' id='word_1_569' title='bbox 2198 3500 2379 3557; x_wconf 87' lang='lat' dir='ltr'><strong>audivi</strong></span> <span class='ocrx_word' id='word_1_570' title='bbox 2408 3500 2724 3571; x_wconf 86' lang='lat' dir='ltr'><strong>bujusmodi</strong></span> <span class='ocrx_word' id='word_1_571' title='bbox 2747 3500 3155 3557; x_wconf 88' lang='lat' dir='ltr'><strong>similitudinem</strong></span> <span class='ocrx_word' id='word_1_572' title='bbox 3179 3503 3515 3558; x_wconf 87' lang='lat' dir='ltr'><strong>adumbran-</strong></span> 
     </span>
    </p>
   </div>
   <div class='ocr_carea' id='block_1_79' title="bbox 1924 3593 3512 3670">
    <p class='ocr_par' dir='ltr' id='par_1_79' title="bbox 1924 3593 3512 3670">
     <span class='ocr_line' id='line_1_79' title="bbox 1924 3593 3512 3670; baseline 0.004 -23"><span class='ocrx_word' id='word_1_573' title='bbox 1924 3601 2056 3650; x_wconf 90' lang='lat' dir='ltr'><strong>tem.</strong></span> <span class='ocrx_word' id='word_1_574' title='bbox 2090 3594 2351 3666; x_wconf 86' lang='lat' dir='ltr'><strong>Fingebat</strong></span> <span class='ocrx_word' id='word_1_575' title='bbox 2399 3593 2744 3664; x_wconf 88' lang='lat' dir='ltr'><strong>splendorem</strong></span> <span class='ocrx_word' id='word_1_576' title='bbox 2797 3595 3087 3665; x_wconf 90' lang='lat' dir='ltr'><strong>quemdam</strong></span> <span class='ocrx_word' id='word_1_577' title='bbox 3131 3598 3366 3653; x_wconf 86' lang='lat' dir='ltr'><strong>solarem</strong></span> <span class='ocrx_word' id='word_1_578' title='bbox 3412 3614 3512 3670; x_wconf 88' lang='lat' dir='ltr'><strong>pa-</strong></span> 
     </span>
    </p>
   </div>
   <div class='ocr_carea' id='block_1_80' title="bbox 1925 3681 3512 3753">
    <p class='ocr_par' dir='ltr' id='par_1_80' title="bbox 1925 3681 3512 3753">
     <span class='ocr_line' id='line_1_80' title="bbox 1925 3681 3512 3753; baseline 0.003 -16"><span class='ocrx_word' id='word_1_579' title='bbox 1925 3681 2446 3753; x_wconf 77' lang='lat' dir='ltr'><strong>rietiaﬂ‘ulgentem,</strong></span> <span class='ocrx_word' id='word_1_580' title='bbox 2486 3690 2651 3752; x_wconf 87' lang='lat' dir='ltr'><strong>atque</strong></span> <span class='ocrx_word' id='word_1_581' title='bbox 2685 3697 2753 3737; x_wconf 72' lang='lat' dir='ltr'><strong>ex</strong></span> <span class='ocrx_word' id='word_1_582' title='bbox 2806 3698 3073 3753; x_wconf 89' lang='lat' dir='ltr'><strong>aquarum</strong></span> <span class='ocrx_word' id='word_1_583' title='bbox 3127 3696 3276 3742; x_wconf 93' lang='lat' dir='ltr'><strong>motu</strong></span> <span class='ocrx_word' id='word_1_584' title='bbox 3322 3689 3512 3744; x_wconf 87' lang='lat' dir='ltr'><strong>tremi-</strong></span> 
     </span>
    </p>
   </div>
   <div class='ocr_carea' id='block_1_81' title="bbox 1924 3757 3513 3844">
    <p class='ocr_par' dir='ltr' id='par_1_81' title="bbox 1924 3757 3513 3844">
     <span class='ocr_line' id='line_1_81' title="bbox 1924 3757 3513 3844; baseline 0.005 -16"><span class='ocrx_word' id='word_1_585' title='bbox 1924 3782 2186 3839; x_wconf 92' lang='lat' dir='ltr'><strong>scentem,</strong></span> <span class='ocrx_word' id='word_1_586' title='bbox 2221 3787 2405 3842; x_wconf 89' lang='lat' dir='ltr'><strong>quem,</strong></span> <span class='ocrx_word' id='word_1_587' title='bbox 2431 3787 2557 3829; x_wconf 92' lang='lat' dir='ltr'><strong>cum</strong></span> <span class='ocrx_word' id='word_1_588' title='bbox 2578 3757 2762 3829; x_wconf 80' lang='lat' dir='ltr'><strong>radius</strong></span> <span class='ocrx_word' id='word_1_589' title='bbox 2795 3789 2891 3844; x_wconf 85' lang='lat' dir='ltr'><strong>per</strong></span> <span class='ocrx_word' id='word_1_590' title='bbox 2916 3775 3298 3834; x_wconf 88' lang='lat' dir='ltr'><strong>intermedium</strong></span> <span class='ocrx_word' id='word_1_591' title='bbox 3327 3795 3513 3836; x_wconf 87' lang='lat' dir='ltr'><strong>aerem</strong></span> 
     </span>
    </p>
   </div>
   <div class='ocr_carea' id='block_1_82' title="bbox 1923 3865 3514 3942">
    <p class='ocr_par' dir='ltr' id='par_1_82' title="bbox 1923 3865 3514 3942">
     <span class='ocr_line' id='line_1_82' title="bbox 1923 3865 3514 3942; baseline 0.006 -22"><span class='ocrx_word' id='word_1_592' title='bbox 1923 3866 2244 3936; x_wconf 88' lang='lat' dir='ltr'><strong>susceperit,</strong></span> <span class='ocrx_word' id='word_1_593' title='bbox 2271 3873 2457 3935; x_wconf 83' lang='lat' dir='ltr'><strong>postea</strong></span> <span class='ocrx_word' id='word_1_594' title='bbox 2477 3865 2655 3922; x_wconf 89' lang='lat' dir='ltr'><strong>solido</strong></span> <span class='ocrx_word' id='word_1_595' title='bbox 2679 3881 2743 3922; x_wconf 87' lang='lat' dir='ltr'><strong>ac</strong></span> <span class='ocrx_word' id='word_1_596' title='bbox 2760 3868 3031 3925; x_wconf 88' lang='lat' dir='ltr'><strong>renitente</strong></span> <span class='ocrx_word' id='word_1_597' title='bbox 3048 3885 3277 3941; x_wconf 89' lang='lat' dir='ltr'><strong>corpore</strong></span> <span class='ocrx_word' id='word_1_598' title='bbox 3299 3888 3514 3942; x_wconf 89' lang='lat' dir='ltr'><strong>repres-</strong></span> 
     </span>
    </p>
   </div>
   <div class='ocr_carea' id='block_1_83' title="bbox 1923 3957 3516 4028">
    <p class='ocr_par' dir='ltr' id='par_1_83' title="bbox 1923 3957 3516 4028">
     <span class='ocr_line' id='line_1_83' title="bbox 1923 3957 3516 4028; baseline 0.006 -16"><span class='ocrx_word' id='word_1_599' title='bbox 1923 3971 2040 4025; x_wconf 89' lang='lat' dir='ltr'><strong>sus,</strong></span> <span class='ocrx_word' id='word_1_600' title='bbox 2067 3957 2334 4013; x_wconf 86' lang='lat' dir='ltr'><strong>mirabilis</strong></span> <span class='ocrx_word' id='word_1_601' title='bbox 2366 3957 2614 4028; x_wconf 61' lang='lat' dir='ltr'><strong>quaedam</strong></span> <span class='ocrx_word' id='word_1_602' title='bbox 2685 3959 3014 4015; x_wconf 86' lang='lat' dir='ltr'><strong>subsultatio</strong></span> <span class='ocrx_word' id='word_1_603' title='bbox 3061 3963 3309 4026; x_wconf 62' lang='lat' dir='ltr'><strong>exsistit..</strong></span> <span class='ocrx_word' id='word_1_604' title='bbox 3330 3963 3516 4022; x_wconf 84' lang='lat' dir='ltr'><strong>Multis</strong></span> 
     </span>
    </p>
   </div>
   <div class='ocr_carea' id='block_1_84' title="bbox 1921 4048 3514 4121">
    <p class='ocr_par' dir='ltr' id='par_1_84' title="bbox 1921 4048 3514 4121">
     <span class='ocr_line' id='line_1_84' title="bbox 1921 4048 3514 4121; baseline 0.005 -16"><span class='ocrx_word' id='word_1_605' title='bbox 1921 4050 2069 4105; x_wconf 90' lang='lat' dir='ltr'><strong>enim</strong></span> <span class='ocrx_word' id='word_1_606' title='bbox 2103 4048 2423 4118; x_wconf 87' lang='lat' dir='ltr'><strong>crebrisque</strong></span> <span class='ocrx_word' id='word_1_607' title='bbox 2457 4049 2848 4121; x_wconf 86' lang='lat' dir='ltr'><strong>agitationibus</strong></span> <span class='ocrx_word' id='word_1_608' title='bbox 2894 4051 3131 4120; x_wconf 86' lang='lat' dir='ltr'><strong>subsilit,</strong></span> <span class='ocrx_word' id='word_1_609' title='bbox 3193 4054 3268 4109; x_wconf 88' lang='lat' dir='ltr'><strong>ita</strong></span> <span class='ocrx_word' id='word_1_610' title='bbox 3300 4064 3362 4110; x_wconf 90' lang='lat' dir='ltr'><strong>ut</strong></span> <span class='ocrx_word' id='word_1_611' title='bbox 3404 4072 3514 4114; x_wconf 90' lang='lat' dir='ltr'><strong>non</strong></span> 
     </span>
    </p>
   </div>
   <div class='ocr_carea' id='block_1_85' title="bbox 229 4142 3516 4228">
    <p class='ocr_par' dir='ltr' id='par_1_85' title="bbox 229 4142 3516 4228">
     <span class='ocr_line' id='line_1_85' title="bbox 229 4142 3516 4228; baseline -0.002 -16"><span class='ocrx_word' id='word_1_612' title='bbox 229 4157 409 4228; x_wconf 86' lang='lat' dir='ltr'><strong>magis</strong></span> <span class='ocrx_word' id='word_1_613' title='bbox 442 4170 607 4210; x_wconf 88' lang='lat' dir='ltr'><strong>unum</strong></span> <span class='ocrx_word' id='word_1_614' title='bbox 641 4153 734 4214; x_wconf 89' lang='lat' dir='ltr'><strong>sit,</strong></span> <span class='ocrx_word' id='word_1_615' title='bbox 786 4166 950 4222; x_wconf 88' lang='lat' dir='ltr'><strong>quam</strong></span> <span class='ocrx_word' id='word_1_616' title='bbox 1014 4148 1205 4212; x_wconf 84' lang='lat' dir='ltr'><strong>multa,</strong></span> <span class='ocrx_word' id='word_1_617' title='bbox 1264 4160 1365 4201; x_wconf 91' lang='lat' dir='ltr'><strong>nec</strong></span> <span class='ocrx_word' id='word_1_618' title='bbox 1413 4160 1607 4199; x_wconf 87' lang='lat' dir='ltr'><strong>rursus</strong></span> <span class='ocrx_word' id='word_1_619' title='bbox 1652 4144 1826 4215; x_wconf 86' lang='lat' dir='ltr'><strong>magis</strong></span> <span class='ocrx_word' id='word_1_620' title='bbox 1867 4142 2057 4209; x_wconf 86' lang='lat' dir='ltr'><strong>multa,</strong></span> <span class='ocrx_word' id='word_1_621' title='bbox 2091 4157 2256 4213; x_wconf 88' lang='lat' dir='ltr'><strong>quam</strong></span> <span class='ocrx_word' id='word_1_622' title='bbox 2291 4157 2491 4211; x_wconf 89' lang='lat' dir='ltr'><strong>unum;</strong></span> <span class='ocrx_word' id='word_1_623' title='bbox 2556 4158 2622 4198; x_wconf 86' lang='lat' dir='ltr'><strong>ac</strong></span> <span class='ocrx_word' id='word_1_624' title='bbox 2687 4150 2836 4198; x_wconf 85' lang='lat' dir='ltr'><strong>tanta</strong></span> <span class='ocrx_word' id='word_1_625' title='bbox 2876 4144 3154 4204; x_wconf 84' lang='lat' dir='ltr'><strong>celeritate</strong></span> <span class='ocrx_word' id='word_1_626' title='bbox 3193 4147 3303 4205; x_wconf 86' lang='lat' dir='ltr'><strong>coit</strong></span> <span class='ocrx_word' id='word_1_627' title='bbox 3352 4149 3516 4208; x_wconf 88' lang='lat' dir='ltr'><strong>vicis-</strong></span> 
     </span>
    </p>
   </div>
   <div class='ocr_carea' id='block_1_86' title="bbox 228 4234 2967 4312">
    <p class='ocr_par' dir='ltr' id='par_1_86' title="bbox 228 4234 2967 4312">
     <span class='ocr_line' id='line_1_86' title="bbox 228 4234 2967 4312; baseline -0.007 -8"><span class='ocrx_word' id='word_1_628' title='bbox 228 4249 357 4312; x_wconf 88' lang='lat' dir='ltr'><strong>sim,</strong></span> <span class='ocrx_word' id='word_1_629' title='bbox 391 4258 446 4300; x_wconf 89' lang='lat' dir='ltr'><strong>et</strong></span> <span class='ocrx_word' id='word_1_630' title='bbox 470 4245 817 4309; x_wconf 86' lang='lat' dir='ltr'><strong>dissociatur,</strong></span> <span class='ocrx_word' id='word_1_631' title='bbox 848 4253 907 4297; x_wconf 87' lang='lat' dir='ltr'><strong>ut</strong></span> <span class='ocrx_word' id='word_1_632' title='bbox 932 4241 1092 4311; x_wconf 86' lang='lat' dir='ltr'><strong>prius.</strong></span> <span class='ocrx_word' id='word_1_633' title='bbox 1127 4252 1289 4308; x_wconf 88' lang='lat' dir='ltr'><strong>quam</strong></span> <span class='ocrx_word' id='word_1_634' title='bbox 1330 4236 1504 4291; x_wconf 90' lang='lat' dir='ltr'><strong>oculis</strong></span> <span class='ocrx_word' id='word_1_635' title='bbox 1536 4246 1817 4302; x_wconf 79' lang='lat' dir='ltr'><strong>teneatur,</strong></span> <span class='ocrx_word' id='word_1_636' title='bbox 1858 4235 1986 4306; x_wconf 81' lang='lat' dir='ltr'><strong>fuga</strong></span> <span class='ocrx_word' id='word_1_637' title='bbox 2014 4249 2072 4289; x_wconf 93' lang='lat' dir='ltr'><strong>se</strong></span> <span class='ocrx_word' id='word_1_638' title='bbox 2098 4234 2381 4303; x_wconf 86' lang='lat' dir='ltr'><strong>proripiat.</strong></span> <span class='ocrx_word' id='word_1_639' title='bbox 2954 4243 2967 4256; x_wconf 82' lang='lat'><strong>‘</strong></span> 
     </span>
    </p>
   </div>
   <div class='ocr_carea' id='block_1_87' title="bbox 301 4328 1817 4410">
    <p class='ocr_par' dir='ltr' id='par_1_87' title="bbox 301 4330 1817 4406">
     <span class='ocr_line' id='line_1_87' title="bbox 301 4330 1817 4406; baseline -0.011 -8"><span class='ocrx_word' id='word_1_640' title='bbox 301 4345 427 4400; x_wconf 84' lang='lat' dir='ltr'><strong>AI&quot;.</strong></span> <span class='ocrx_word' id='word_1_641' title='bbox 469 4340 609 4394; x_wconf 83' lang='grc' dir='ltr'>Ἀλλ’</span> <span class='ocrx_word' id='word_1_642' title='bbox 641 4338 761 4392; x_wconf 77' lang='grc' dir='ltr'>οὐδὲ</span> <span class='ocrx_word' id='word_1_643' title='bbox 805 4337 963 4391; x_wconf 84' lang='grc' dir='ltr'>τοῦτο</span> <span class='ocrx_word' id='word_1_644' title='bbox 1002 4333 1117 4406; x_wconf 83' lang='lat'><strong>(95)</strong></span> <span class='ocrx_word' id='word_1_645' title='bbox 1167 4331 1356 4386; x_wconf 84' lang='grc' dir='ltr'>θέσθαι</span> <span class='ocrx_word' id='word_1_646' title='bbox 1400 4330 1627 4385; x_wconf 85' lang='grc' dir='ltr'>δυνατὸν</span> <span class='ocrx_word' id='word_1_647' title='bbox 1674 4332 1817 4402; x_wconf 75' lang='grc' dir='ltr'>ἐμοὶ,</span> 
     </span>
    </p>
   </div>
   <div class='ocr_carea' id='block_1_88' title="bbox 1931 4328 3515 4410">
    <p class='ocr_par' dir='ltr' id='par_1_88' title="bbox 1995 4328 3515 4410">
     <span class='ocr_line' id='line_1_88' title="bbox 1995 4328 3515 4410; baseline 0.007 -25"><span class='ocrx_word' id='word_1_648' title='bbox 1995 4328 2234 4385; x_wconf 80' lang='lat' dir='ltr'><strong>XXXIII.</strong></span> <span class='ocrx_word' id='word_1_649' title='bbox 2270 4328 2375 4385; x_wconf 93' lang='lat' dir='ltr'><strong>Sed</strong></span> <span class='ocrx_word' id='word_1_650' title='bbox 2405 4328 2842 4410; x_wconf 40' lang='lat' dir='ltr'><strong>qelbocvguidepi</strong></span> <span class='ocrx_word' id='word_1_651' title='bbox 2860 4332 2989 4410; x_wconf 65' lang='lat' dir='ltr'><strong>ipse</strong></span> <span class='ocrx_word' id='word_1_652' title='bbox 3019 4337 3355 4394; x_wconf 88' lang='lat' dir='ltr'><strong>constituere</strong></span> <span class='ocrx_word' id='word_1_653' title='bbox 3383 4355 3515 4410; x_wconf 88' lang='lat' dir='ltr'><strong>pos-</strong></span> 
     </span>
    </p>
   </div>
   <div class='ocr_carea' id='block_1_89' title="bbox 227 4346 1817 4595">
    <p class='ocr_par' dir='ltr' id='par_1_89' title="bbox 227 4346 1817 4510">
     <span class='ocr_line' id='line_1_89' title="bbox 301 4346 1817 4406; baseline -0.011 -8"><span class='ocrx_word' id='word_1_654' title='bbox 301 4346 427 4400; x_wconf 83' lang='lat' dir='ltr'><strong>AI&quot;.</strong></span> <span class='ocrx_word' id='word_1_655' title='bbox 469 4346 609 4394; x_wconf 82' lang='grc' dir='ltr'>Ἀλλ’</span> <span class='ocrx_word' id='word_1_656' title='bbox 641 4346 761 4392; x_wconf 76' lang='grc' dir='ltr'>οὐδὲ</span> <span class='ocrx_word' id='word_1_657' title='bbox 805 4346 963 4391; x_wconf 82' lang='grc' dir='ltr'>τοῦτο</span> <span class='ocrx_word' id='word_1_658' title='bbox 1002 4346 1117 4406; x_wconf 76' lang='lat'><strong>(95)</strong></span> <span class='ocrx_word' id='word_1_659' title='bbox 1167 4346 1356 4386; x_wconf 76' lang='grc' dir='ltr'>θέσθαι</span> <span class='ocrx_word' id='word_1_660' title='bbox 1400 4346 1627 4385; x_wconf 80' lang='grc' dir='ltr'>ουνατον</span> <span class='ocrx_word' id='word_1_661' title='bbox 1674 4346 1817 4402; x_wconf 85' lang='grc' dir='ltr'>εμοι,</span> 
     </span>
     <span class='ocr_line' id='line_1_90' title="bbox 227 4424 1817 4510; baseline -0.013 -14"><span class='ocrx_word' id='word_1_662' title='bbox 227 4442 296 4497; x_wconf 85' lang='grc' dir='ltr'>δι’</span> <span class='ocrx_word' id='word_1_663' title='bbox 327 4438 388 4493; x_wconf 81' lang='grc' dir='ltr'>ἓν</span> <span class='ocrx_word' id='word_1_664' title='bbox 415 4436 539 4510; x_wconf 77' lang='grc' dir='ltr'>μὲν,</span> <span class='ocrx_word' id='word_1_665' title='bbox 564 4435 647 4488; x_wconf 82' lang='grc' dir='ltr'><strong>ὅτι</strong></span> <span class='ocrx_word' id='word_1_666' title='bbox 677 4432 777 4503; x_wconf 85' lang='grc' dir='ltr'>τὴν</span> <span class='ocrx_word' id='word_1_667' title='bbox 813 4430 912 4502; x_wconf 80' lang='grc' dir='ltr'>μὲν</span> <span class='ocrx_word' id='word_1_668' title='bbox 946 4428 1009 4483; x_wconf 85' lang='grc' dir='ltr'>τὺ</span> <span class='ocrx_word' id='word_1_669' title='bbox 1039 4428 1269 4500; x_wconf 83' lang='grc' dir='ltr'>κινῆσαν</span> <span class='ocrx_word' id='word_1_670' title='bbox 1299 4424 1411 4498; x_wconf 87' lang='grc'>(96)</span> <span class='ocrx_word' id='word_1_671' title='bbox 1437 4426 1532 4478; x_wconf 75' lang='grc' dir='ltr'><strong>καὶ</strong></span> <span class='ocrx_word' id='word_1_672' title='bbox 1558 4425 1700 4479; x_wconf 90' lang='grc' dir='ltr'>πάνυ</span> <span class='ocrx_word' id='word_1_673' title='bbox 1724 4424 1817 4497; x_wconf 83' lang='grc' dir='ltr'><strong>δῆ-</strong></span> 
     </span>
    </p>
   </div>
   <div class='ocr_carea' id='block_1_90' title="bbox 1931 4346 3514 4595">
    <p class='ocr_par' dir='ltr' id='par_1_90' title="bbox 1932 4346 3514 4595">
     <span class='ocr_line' id='line_1_91' title="bbox 1998 4346 3514 4425; baseline 0.007 -40"><span class='ocrx_word' id='word_1_674' title='bbox 1998 4346 2234 4385; x_wconf 63' lang='grc' dir='ltr'>λλλιιι.</span> <span class='ocrx_word' id='word_1_675' title='bbox 2270 4346 2375 4385; x_wconf 72' lang='lat' dir='ltr'><strong>Sea</strong></span> <span class='ocrx_word' id='word_1_676' title='bbox 2405 4346 2475 4425; x_wconf 65' lang='grc' dir='ltr'><strong>ηε</strong></span> <span class='ocrx_word' id='word_1_677' title='bbox 2494 4346 2599 4384; x_wconf 70' lang='lat' dir='ltr'><strong>no&#39;</strong></span> <span class='ocrx_word' id='word_1_678' title='bbox 2659 4346 2842 4387; x_wconf 78' lang='lat' dir='ltr'><strong>uideni</strong></span> <span class='ocrx_word' id='word_1_679' title='bbox 2870 4349 2884 4387; x_wconf 92' lang='grc' dir='ltr'><strong>ι</strong></span> <span class='ocrx_word' id='word_1_680' title='bbox 2929 4347 2989 4388; x_wconf 90' lang='lat' dir='ltr'><strong>se</strong></span> <span class='ocrx_word' id='word_1_681' title='bbox 3019 4346 3355 4394; x_wconf 84' lang='lat' dir='ltr'><strong>constituere</strong></span> <span class='ocrx_word' id='word_1_682' title='bbox 3383 4355 3514 4410; x_wconf 88' lang='lat' dir='ltr'><strong>pos-</strong></span> 
     </span>
     <span class='ocr_line' id='line_1_92' title="bbox 1932 4346 3514 4595; baseline 0.006 -115"><span class='ocrx_word' id='word_1_683' title='bbox 1932 4438 2090 4480; x_wconf 88' lang='lat' dir='ltr'><strong>sum:</strong></span> <span class='ocrx_word' id='word_1_684' title='bbox 2123 4423 2359 4493; x_wconf 91' lang='lat' dir='ltr'><strong>primum</strong></span> <span class='ocrx_word' id='word_1_685' title='bbox 2391 4346 2673 4492; x_wconf 56' lang='grc' dir='ltr'>ηυξηίζζὲς</span> <span class='ocrx_word' id='word_1_686' title='bbox 2715 4348 3165 4595; x_wconf 37' lang='grc' dir='ltr'>ᾁιιῆίξιῖἀοιί</span> <span class='ocrx_word' id='word_1_687' title='bbox 3198 4429 3274 4484; x_wconf 92' lang='lat' dir='ltr'><strong>illi</strong></span> <span class='ocrx_word' id='word_1_688' title='bbox 3308 4442 3514 4489; x_wconf 90' lang='lat' dir='ltr'><strong>motum</strong></span> 
     </span>
    </p>
   </div>
   <div class='ocr_carea' id='block_1_91' title="bbox 307 4610 1826 4695">
    <p class='ocr_par' dir='ltr' id='par_1_91' title="bbox 307 4610 1826 4695">
     <span class='ocr_line' id='line_1_93' title="bbox 307 4610 1826 4695; baseline -0.011 -17"><span class='ocrx_word' id='word_1_689' title='bbox 307 4621 425 4695; x_wconf 78' lang='grc'>(78)</span> <span class='ocrx_word' id='word_1_690' title='bbox 490 4615 564 4672; x_wconf 88' lang='grc' dir='ltr'><em>Τὸ</em></span> <span class='ocrx_word' id='word_1_691' title='bbox 595 4615 778 4687; x_wconf 77' lang='grc' dir='ltr'>μὲν...</span> <span class='ocrx_word' id='word_1_692' title='bbox 813 4612 884 4667; x_wconf 85' lang='grc' dir='ltr'>τὸ</span> <span class='ocrx_word' id='word_1_693' title='bbox 916 4611 1004 4668; x_wconf 81' lang='grc' dir='ltr'><strong>δέ.</strong></span> <span class='ocrx_word' id='word_1_694' title='bbox 1036 4613 1174 4669; x_wconf 83' lang='lat' dir='ltr'><strong>Tres</strong></span> <span class='ocrx_word' id='word_1_695' title='bbox 1221 4612 1399 4679; x_wconf 67' lang='grc'><strong>(1011),,</strong></span> <span class='ocrx_word' id='word_1_696' title='bbox 1425 4611 1505 4681; x_wconf 80' lang='grc' dir='ltr'>τῷ</span> <span class='ocrx_word' id='word_1_697' title='bbox 1538 4610 1703 4683; x_wconf 84' lang='grc' dir='ltr'>μὲν...</span> <span class='ocrx_word' id='word_1_698' title='bbox 1745 4610 1826 4683; x_wconf 83' lang='grc' dir='ltr'>τῷ</span> 
     </span>
    </p>
   </div>
   <div class='ocr_carea' id='block_1_92' title="bbox 327 4763 398 4819">
    <p class='ocr_par' dir='ltr' id='par_1_92' title="bbox 327 4763 398 4819">
     <span class='ocr_line' id='line_1_94' title="bbox 327 4763 398 4819; baseline 0 0"><span class='ocrx_word' id='word_1_699' title='bbox 327 4763 398 4819; x_wconf 82' lang='lat'><strong>79</strong></span> 
     </span>
    </p>
   </div>
   <div class='ocr_carea' id='block_1_93' title="bbox 304 4762 1820 4908">
    <p class='ocr_par' dir='ltr' id='par_1_93' title="bbox 304 4762 1820 4908">
     <span class='ocr_line' id='line_1_95' title="bbox 304 4762 1434 4837; baseline -0.012 -17"><span class='ocrx_word' id='word_1_700' title='bbox 304 4763 398 4837; x_wconf 82' lang='lat'><strong>(79</strong></span> <span class='ocrx_word' id='word_1_701' title='bbox 468 4762 625 4826; x_wconf 83' lang='grc' dir='ltr'>Πρὸς</span> <span class='ocrx_word' id='word_1_702' title='bbox 638 4762 922 4836; x_wconf 51' lang='lat' dir='ltr'><strong>gravtam</strong></span> <span class='ocrx_word' id='word_1_703' title='bbox 955 4762 1114 4808; x_wconf 81' lang='lat' dir='ltr'><strong>Deest</strong></span> <span class='ocrx_word' id='word_1_704' title='bbox 1146 4762 1197 4808; x_wconf 89' lang='lat' dir='ltr'><strong>in</strong></span> <span class='ocrx_word' id='word_1_705' title='bbox 1218 4762 1349 4824; x_wconf 76' lang='lat' dir='ltr'><strong>lteg.</strong></span> <span class='ocrx_word' id='word_1_706' title='bbox 1382 4769 1434 4807; x_wconf 92' lang='lat' dir='ltr'><strong>a.</strong></span> 
     </span>
     <span class='ocr_line' id='line_1_96' title="bbox 305 4762 1820 4908; baseline -0.005 -23"><span class='ocrx_word' id='word_1_707' title='bbox 305 4762 422 4908; x_wconf 46' lang='grc'>(89)</span> <span class='ocrx_word' id='word_1_708' title='bbox 445 4828 586 4908; x_wconf 33' lang='grc' dir='ltr'>’Χρὴ</span> <span class='ocrx_word' id='word_1_709' title='bbox 607 4844 726 4908; x_wconf 68' lang='grc' dir='ltr'>των</span> <span class='ocrx_word' id='word_1_710' title='bbox 751 4826 930 4879; x_wconf 84' lang='grc' dir='ltr'>κάτω.</span> <span class='ocrx_word' id='word_1_711' title='bbox 958 4825 1051 4881; x_wconf 88' lang='lat' dir='ltr'><strong>Sic</strong></span> <span class='ocrx_word' id='word_1_712' title='bbox 1086 4835 1196 4880; x_wconf 87' lang='lat' dir='ltr'><strong>tres</strong></span> <span class='ocrx_word' id='word_1_713' title='bbox 1226 4825 1393 4896; x_wconf 73' lang='lat' dir='ltr'><strong>Regg.</strong></span> <span class='ocrx_word' id='word_1_714' title='bbox 1425 4831 1480 4879; x_wconf 89' lang='lat' dir='ltr'><strong>et</strong></span> <span class='ocrx_word' id='word_1_715' title='bbox 1526 4831 1638 4879; x_wconf 89' lang='lat' dir='ltr'><strong>tres</strong></span> <span class='ocrx_word' id='word_1_716' title='bbox 1669 4822 1820 4879; x_wconf 81' lang='lat' dir='ltr'><strong>Colb.</strong></span> 
     </span>
    </p>
   </div>
   <div class='ocr_carea' id='block_1_94' title="bbox 229 4897 726 4964">
    <p class='ocr_par' dir='ltr' id='par_1_94' title="bbox 229 4897 726 4964">
     <span class='ocr_line' id='line_1_97' title="bbox 229 4897 726 4964; baseline -0.03 0"><span class='ocrx_word' id='word_1_717' title='bbox 229 4907 289 4964; x_wconf 76' lang='lat' dir='ltr'><strong>In</strong></span> <span class='ocrx_word' id='word_1_718' title='bbox 313 4897 580 4961; x_wconf 61' lang='grc' dir='ltr'>ὲόίόιιεει</span> <span class='ocrx_word' id='word_1_719' title='bbox 598 4897 726 4951; x_wconf 80' lang='grc' dir='ltr'>τῶν.</span> 
     </span>
    </p>
   </div>
   <div class='ocr_carea' id='block_1_95' title="bbox 307 4962 1822 5047">
    <p class='ocr_par' dir='ltr' id='par_1_95' title="bbox 307 4962 1822 5047">
     <span class='ocr_line' id='line_1_98' title="bbox 307 4962 1822 5047; baseline -0.008 -17"><span class='ocrx_word' id='word_1_720' title='bbox 307 4976 422 5047; x_wconf 75' lang='grc'>(81)</span> <span class='ocrx_word' id='word_1_721' title='bbox 461 4968 669 5047; x_wconf 69' lang='grc' dir='ltr'>Φεύγει</span> <span class='ocrx_word' id='word_1_722' title='bbox 925 4964 1135 5047; x_wconf 33' lang='lat' dir='ltr'><strong>artu-for,</strong></span> <span class='ocrx_word' id='word_1_723' title='bbox 1164 4965 1320 5047; x_wconf 67' lang='grc' dir='ltr'>ἀφὲγ</span> <span class='ocrx_word' id='word_1_724' title='bbox 1355 4962 1535 5019; x_wconf 82' lang='grc' dir='ltr'>κάτω.</span> <span class='ocrx_word' id='word_1_725' title='bbox 1571 4963 1822 5034; x_wconf 89' lang='lat' dir='ltr'><strong>Plerique</strong></span> 
     </span>
    </p>
   </div>
   <div class='ocr_carea' id='block_1_96' title="bbox 230 5036 1397 5111">
    <p class='ocr_par' dir='ltr' id='par_1_96' title="bbox 230 5036 1397 5111">
     <span class='ocr_line' id='line_1_99' title="bbox 230 5036 1397 5111; baseline -0.015 -6"><span class='ocrx_word' id='word_1_726' title='bbox 230 5036 418 5110; x_wconf 56' lang='grc' dir='ltr'>εσθαι,</span> <span class='ocrx_word' id='word_1_727' title='bbox 446 5036 638 5111; x_wconf 65' lang='grc' dir='ltr'>φεύγει</span> <span class='ocrx_word' id='word_1_728' title='bbox 659 5036 721 5091; x_wconf 72' lang='grc' dir='ltr'><strong>τδ</strong></span> <span class='ocrx_word' id='word_1_729' title='bbox 750 5037 932 5111; x_wconf 67' lang='grc' dir='ltr'>πλεῖον</span> <span class='ocrx_word' id='word_1_730' title='bbox 957 5036 1107 5111; x_wconf 66' lang='grc' dir='ltr'><strong>όιςρένΔ</strong></span> <span class='ocrx_word' id='word_1_731' title='bbox 1131 5053 1197 5111; x_wconf 90' lang='grc' dir='ltr'><strong>με</strong></span> <span class='ocrx_word' id='word_1_732' title='bbox 1225 5038 1397 5111; x_wconf 74' lang='grc' dir='ltr'>κάτω.</span> 
     </span>
    </p>
   </div>
   <div class='ocr_carea' id='block_1_97' title="bbox 305 5106 1395 5186">
    <p class='ocr_par' dir='ltr' id='par_1_97' title="bbox 305 5106 1395 5186">
     <span class='ocr_line' id='line_1_100' title="bbox 305 5106 1395 5186; baseline -0.009 -16"><span class='ocrx_word' id='word_1_733' title='bbox 305 5106 422 5186; x_wconf 65' lang='grc'>(82)</span> <span class='ocrx_word' id='word_1_734' title='bbox 460 5106 796 5186; x_wconf 26' lang='grc' dir='ltr'>Κεέῐᾲῷἶέοι.</span> <span class='ocrx_word' id='word_1_735' title='bbox 827 5108 988 5186; x_wconf 67' lang='lat' dir='ltr'><strong>Qeest</strong></span> <span class='ocrx_word' id='word_1_736' title='bbox 1015 5106 1193 5186; x_wconf 46' lang='lat' dir='ltr'><strong>nihil}</strong></span> <span class='ocrx_word' id='word_1_737' title='bbox 1218 5106 1310 5186; x_wconf 61' lang='grc' dir='ltr'>ρι’.</span> <span class='ocrx_word' id='word_1_738' title='bbox 1343 5108 1395 5160; x_wconf 81' lang='grc'>1.</span> 
     </span>
    </p>
   </div>
   <div class='ocr_carea' id='block_1_98' title="bbox 366 5175 1531 5254">
    <p class='ocr_par' dir='ltr' id='par_1_98' title="bbox 366 5175 1531 5254">
     <span class='ocr_line' id='line_1_101' title="bbox 366 5175 1531 5254; baseline -0.011 -13"><span class='ocrx_word' id='word_1_739' title='bbox 366 5175 425 5254; x_wconf 78' lang='lat'><strong>5’)</strong></span> <span class='ocrx_word' id='word_1_740' title='bbox 470 5181 554 5247; x_wconf 79' lang='grc' dir='ltr'><strong>Τῷ</strong></span> <span class='ocrx_word' id='word_1_741' title='bbox 572 5179 801 5254; x_wconf 30' lang='grc' dir='ltr'>δέζμῡιιο</span> <span class='ocrx_word' id='word_1_742' title='bbox 824 5175 993 5254; x_wconf 58' lang='grc' dir='ltr'>εἰμες.</span> <span class='ocrx_word' id='word_1_743' title='bbox 1011 5189 1064 5254; x_wconf 68' lang='grc' dir='ltr'><strong>ει</strong></span> <span class='ocrx_word' id='word_1_744' title='bbox 1091 5177 1254 5233; x_wconf 88' lang='lat' dir='ltr'><strong>Coisl.</strong></span> <span class='ocrx_word' id='word_1_745' title='bbox 1287 5180 1338 5241; x_wconf 83' lang='grc' dir='ltr'><strong>ι,</strong></span> <span class='ocrx_word' id='word_1_746' title='bbox 1365 5179 1432 5249; x_wconf 84' lang='grc' dir='ltr'>τῇ</span> <span class='ocrx_word' id='word_1_747' title='bbox 1457 5175 1531 5230; x_wconf 83' lang='grc' dir='ltr'><strong>δέ.</strong></span> 
     </span>
    </p>
   </div>
   <div class='ocr_carea' id='block_1_99' title="bbox 329 5246 1170 5322">
    <p class='ocr_par' dir='ltr' id='par_1_99' title="bbox 329 5246 1170 5322">
     <span class='ocr_line' id='line_1_102' title="bbox 329 5246 1170 5322; baseline -0.015 -9"><span class='ocrx_word' id='word_1_748' title='bbox 329 5246 422 5322; x_wconf 72' lang='grc'>84)</span> <span class='ocrx_word' id='word_1_749' title='bbox 464 5246 931 5322; x_wconf 59' lang='lat' dir='ltr'><strong>&#39;Exn._lieg_g._a,&#39;</strong></span> <span class='ocrx_word' id='word_1_750' title='bbox 958 5246 1170 5322; x_wconf 76' lang='grc' dir='ltr'>ι),ἐχει.</span> 
     </span>
    </p>
   </div>
   <div class='ocr_carea' id='block_1_100' title="bbox 305 5259 1815 5399">
    <p class='ocr_par' dir='ltr' id='par_1_100' title="bbox 305 5259 1815 5399">
     <span class='ocr_line' id='line_1_103' title="bbox 305 5259 1170 5327; baseline -0.015 -14"><span class='ocrx_word' id='word_1_751' title='bbox 305 5259 401 5327; x_wconf 72' lang='grc'><strong>(84</strong></span> <span class='ocrx_word' id='word_1_752' title='bbox 464 5259 639 5322; x_wconf 81' lang='grc' dir='ltr'>Ἐχῃ.</span> <span class='ocrx_word' id='word_1_753' title='bbox 666 5259 832 5318; x_wconf 75' lang='lat' dir='ltr'><strong>llegg.</strong></span> <span class='ocrx_word' id='word_1_754' title='bbox 869 5264 920 5312; x_wconf 92' lang='lat' dir='ltr'><strong>a,</strong></span> <span class='ocrx_word' id='word_1_755' title='bbox 958 5259 1014 5316; x_wconf 83' lang='lat'><strong>1),</strong></span> <span class='ocrx_word' id='word_1_756' title='bbox 1036 5259 1170 5319; x_wconf 77' lang='grc' dir='ltr'>εχει.</span> 
     </span>
     <span class='ocr_line' id='line_1_104' title="bbox 305 5259 1815 5399; baseline -0.004 -23"><span class='ocrx_word' id='word_1_757' title='bbox 305 5259 592 5399; x_wconf 42' lang='lat' dir='ltr'><strong>(sig-Kr»</strong></span> <span class='ocrx_word' id='word_1_758' title='bbox 628 5319 812 5399; x_wconf 59' lang='lat' dir='ltr'><strong>agiagi.</strong></span> <span class='ocrx_word' id='word_1_759' title='bbox 850 5318 983 5399; x_wconf 72' lang='lat' dir='ltr'><strong>Reg.</strong></span> <span class='ocrx_word' id='word_1_760' title='bbox 1020 5334 1087 5399; x_wconf 38' lang='lat' dir='ltr'><strong>a,‘</strong></span> <span class='ocrx_word' id='word_1_761' title='bbox 1121 5319 1223 5399; x_wconf 67' lang='grc' dir='ltr'>κᾶν</span> <span class='ocrx_word' id='word_1_762' title='bbox 1254 5318 1409 5399; x_wconf 71' lang='grc' dir='ltr'>δοκῇ.</span> <span class='ocrx_word' id='word_1_763' title='bbox 1458 5316 1593 5372; x_wconf 85' lang='lat' dir='ltr'><strong>Tres</strong></span> <span class='ocrx_word' id='word_1_764' title='bbox 1636 5314 1815 5381; x_wconf 87' lang='lat' dir='ltr'><strong>Colb.,</strong></span> 
     </span>
    </p>
   </div>
   <div class='ocr_carea' id='block_1_101' title="bbox 230 5389 1297 5456">
    <p class='ocr_par' dir='ltr' id='par_1_101' title="bbox 230 5389 1297 5456">
     <span class='ocr_line' id='line_1_105' title="bbox 230 5389 1297 5456; baseline -0.013 0"><span class='ocrx_word' id='word_1_765' title='bbox 230 5389 550 5456; x_wconf 58' lang='lat' dir='ltr'><strong>Bas..&#39;Bill.</strong></span> <span class='ocrx_word' id='word_1_766' title='bbox 587 5402 641 5445; x_wconf 72' lang='lat' dir='ltr'><strong>ct</strong></span> <span class='ocrx_word' id='word_1_767' title='bbox 676 5389 971 5456; x_wconf 82' lang='lat' dir='ltr'><strong>Leuvenk.,</strong></span> <span class='ocrx_word' id='word_1_768' title='bbox 1004 5390 1099 5442; x_wconf 69' lang='grc' dir='ltr'>καὶ</span> <span class='ocrx_word' id='word_1_769' title='bbox 1130 5390 1297 5443; x_wconf 86' lang='grc' dir='ltr'>δοκεῖ.</span> 
     </span>
    </p>
   </div>
   <div class='ocr_carea' id='block_1_102' title="bbox 306 5430 1819 5537">
    <p class='ocr_par' dir='ltr' id='par_1_102' title="bbox 306 5430 1819 5537">
     <span class='ocr_line' id='line_1_106' title="bbox 306 5430 1819 5537; baseline -0.009 -14"><span class='ocrx_word' id='word_1_770' title='bbox 306 5430 1313 5537; x_wconf 45' lang='lat' dir='ltr'><strong>rasis)&quot;&#39;f&#39;5§q}z§ﬁ3€m§&#39;i1331323;&quot;.</strong></span> <span class='ocrx_word' id='word_1_771' title='bbox 1368 5458 1541 5527; x_wconf 87' lang='lat' dir='ltr'><strong>inquit</strong></span> <span class='ocrx_word' id='word_1_772' title='bbox 1584 5457 1704 5514; x_wconf 91' lang='lat' dir='ltr'><strong>Bill.</strong></span> <span class='ocrx_word' id='word_1_773' title='bbox 1751 5472 1819 5511; x_wconf 80' lang='lat' dir='ltr'><strong>ex</strong></span> 
     </span>
    </p>
   </div>
   <div class='ocr_carea' id='block_1_103' title="bbox 226 4696 1434 4836">
    <p class='ocr_par' dir='ltr' id='par_1_103' title="bbox 226 4696 1434 4836">
     <span class='ocr_line' id='line_1_107' title="bbox 226 4696 1434 4836; baseline -0.004 -24"><span class='ocrx_word' id='word_1_774' title='bbox 226 4696 420 4836; x_wconf 36' lang='lat'><strong>6279)</strong></span> <span class='ocrx_word' id='word_1_775' title='bbox 465 4757 625 4836; x_wconf 64' lang='lat' dir='ltr'><strong>gpdq</strong></span> <span class='ocrx_word' id='word_1_776' title='bbox 638 4756 922 4836; x_wconf 57' lang='grc' dir='ltr'>ὲξμαυζόγ.</span> <span class='ocrx_word' id='word_1_777' title='bbox 954 4756 1114 4836; x_wconf 64' lang='lat' dir='ltr'><strong>chst</strong></span> <span class='ocrx_word' id='word_1_778' title='bbox 1146 4753 1349 4836; x_wconf 59' lang='lat' dir='ltr'><strong>inlleg.</strong></span> <span class='ocrx_word' id='word_1_779' title='bbox 1382 4769 1434 4807; x_wconf 92' lang='lat' dir='ltr'><strong>a.</strong></span> 
     </span>
    </p>
   </div>
   <div class='ocr_carea' id='block_1_104' title="bbox 238 5529 1838 5605">
    <p class='ocr_par' dir='ltr' id='par_1_104' title="bbox 238 5529 1838 5605">
     <span class='ocr_line' id='line_1_108' title="bbox 238 5529 1838 5605; baseline -0.007 -10"><span class='ocrx_word' id='word_1_780' title='bbox 238 5529 378 5605; x_wconf 78' lang='lat' dir='ltr'><strong>Elia,</strong></span> <span class='ocrx_word' id='word_1_781' title='bbox 403 5529 423 5590; x_wconf 72' lang='grc' dir='ltr'><strong><em>ἆ</em></strong></span> <span class='ocrx_word' id='word_1_782' title='bbox 453 5529 725 5603; x_wconf 76' lang='lat' dir='ltr'><strong>signiﬁcat</strong></span> <span class='ocrx_word' id='word_1_783' title='bbox 752 5529 1072 5598; x_wconf 88' lang='lat' dir='ltr'><strong>principium</strong></span> <span class='ocrx_word' id='word_1_784' title='bbox 1109 5529 1296 5594; x_wconf 79' lang='lat' dir='ltr'><strong>fontis,</strong></span> <span class='ocrx_word' id='word_1_785' title='bbox 1337 5544 1367 5581; x_wconf 92' lang='lat' dir='ltr'><strong>e</strong></span> <span class='ocrx_word' id='word_1_786' title='bbox 1399 5546 1528 5597; x_wconf 87' lang='lat' dir='ltr'><strong>quo,</strong></span> <span class='ocrx_word' id='word_1_787' title='bbox 1564 5530 1838 5600; x_wconf 70' lang='lat' dir='ltr'><strong>tanquam&#39;</strong></span> 
     </span>
    </p>
   </div>
   <div class='ocr_carea' id='block_1_105' title="bbox 233 5607 1637 5671">
    <p class='ocr_par' dir='ltr' id='par_1_105' title="bbox 233 5607 1637 5671">
     <span class='ocr_line' id='line_1_109' title="bbox 233 5607 1637 5671; baseline -0.011 -2"><span class='ocrx_word' id='word_1_788' title='bbox 233 5615 305 5671; x_wconf 79' lang='lat' dir='ltr'><strong>ab</strong></span> <span class='ocrx_word' id='word_1_789' title='bbox 338 5607 499 5669; x_wconf 90' lang='lat' dir='ltr'><strong>oculo</strong></span> <span class='ocrx_word' id='word_1_790' title='bbox 518 5607 632 5666; x_wconf 76' lang='lat' dir='ltr'><strong>lux,</strong></span> <span class='ocrx_word' id='word_1_791' title='bbox 664 5608 1000 5670; x_wconf 82' lang='lat' dir='ltr'><strong>promauatc</strong></span> <span class='ocrx_word' id='word_1_792' title='bbox 1031 5608 1175 5654; x_wconf 90' lang='lat' dir='ltr'><strong>terra</strong></span> <span class='ocrx_word' id='word_1_793' title='bbox 1207 5616 1580 5670; x_wconf 79' lang='lat' dir='ltr'><strong>prorumpens.</strong></span> <span class='ocrx_word' id='word_1_794' title='bbox 1618 5619 1637 5653; x_wconf 80' lang='grc' dir='ltr'><strong>ι</strong></span> 
     </span>
    </p>
   </div>
   <div class='ocr_carea' id='block_1_106' title="bbox 560 5694 1318 5762">
    <p class='ocr_par' dir='ltr' id='par_1_106' title="bbox 560 5694 1318 5762">
     <span class='ocr_line' id='line_1_110' title="bbox 560 5694 1318 5762; baseline -0.003 -2"><span class='ocrx_word' id='word_1_795' title='bbox 560 5698 836 5761; x_wconf 61' lang='lat' dir='ltr'><strong>Panos.</strong></span> <span class='ocrx_word' id='word_1_796' title='bbox 863 5695 984 5762; x_wconf 79' lang='lat' dir='ltr'><strong>Gn.</strong></span> <span class='ocrx_word' id='word_1_797' title='bbox 1015 5694 1318 5758; x_wconf 77' lang='lat' dir='ltr'><strong>XXXVI.</strong></span> 
     </span>
    </p>
   </div>
   <div class='ocr_carea' id='block_1_107' title="bbox 2006 4608 3349 4685">
    <p class='ocr_par' dir='ltr' id='par_1_107' title="bbox 2006 4608 3349 4685">
     <span class='ocr_line' id='line_1_111' title="bbox 2006 4608 3349 4685; baseline 0.003 -19"><span class='ocrx_word' id='word_1_798' title='bbox 2006 4609 2119 4685; x_wconf 87' lang='grc'>(87)</span> <span class='ocrx_word' id='word_1_799' title='bbox 2151 4608 2380 4685; x_wconf 63' lang='lat' dir='ltr'><strong>ﬁcum</strong></span> <span class='ocrx_word' id='word_1_800' title='bbox 2412 4612 2547 4685; x_wconf 74' lang='lat' dir='ltr'><strong>Tres</strong></span> <span class='ocrx_word' id='word_1_801' title='bbox 2585 4612 2752 4685; x_wconf 75' lang='lat' dir='ltr'><strong>Regg.</strong></span> <span class='ocrx_word' id='word_1_802' title='bbox 2788 4623 2845 4670; x_wconf 82' lang='lat' dir='ltr'><strong>et</strong></span> <span class='ocrx_word' id='word_1_803' title='bbox 2875 4612 3064 4668; x_wconf 83' lang='lat' dir='ltr'><strong>Comb.</strong></span> <span class='ocrx_word' id='word_1_804' title='bbox 3100 4612 3349 4685; x_wconf 16' lang='grc' dir='ltr'>ἢνπάλιν.</span> 
     </span>
    </p>
   </div>
   <div class='ocr_carea' id='block_1_108' title="bbox 2005 4682 3295 4754">
    <p class='ocr_par' dir='ltr' id='par_1_108' title="bbox 2005 4682 3295 4754">
     <span class='ocr_line' id='line_1_112' title="bbox 2005 4682 3295 4754; baseline 0.003 -20"><span class='ocrx_word' id='word_1_805' title='bbox 2005 4683 2117 4754; x_wconf 72' lang='grc'>(88)</span> <span class='ocrx_word' id='word_1_806' title='bbox 2149 4682 2395 4754; x_wconf 54' lang='grc' dir='ltr'><strong>Ἤξλιονοἒ</strong></span> <span class='ocrx_word' id='word_1_807' title='bbox 2417 4683 2508 4737; x_wconf 90' lang='lat' dir='ltr'><strong>Sic</strong></span> <span class='ocrx_word' id='word_1_808' title='bbox 2533 4682 2688 4739; x_wconf 76' lang='lat' dir='ltr'><strong>codd.</strong></span> <span class='ocrx_word' id='word_1_809' title='bbox 2719 4684 2888 4739; x_wconf 86' lang='lat' dir='ltr'><strong>Prave</strong></span> <span class='ocrx_word' id='word_1_810' title='bbox 2918 4685 2971 4737; x_wconf 91' lang='lat' dir='ltr'><strong>iu</strong></span> <span class='ocrx_word' id='word_1_811' title='bbox 2995 4682 3295 4754; x_wconf 75' lang='grc' dir='ltr'>θό.,ἥλιος.</span> 
     </span>
    </p>
   </div>
   <div class='ocr_carea' id='block_1_109' title="bbox 2006 4751 3516 4829">
    <p class='ocr_par' dir='ltr' id='par_1_109' title="bbox 2006 4751 3516 4829">
     <span class='ocr_line' id='line_1_113' title="bbox 2006 4751 3516 4829; baseline 0.006 -24"><span class='ocrx_word' id='word_1_812' title='bbox 2006 4752 2117 4829; x_wconf 76' lang='grc'>(89)</span> <span class='ocrx_word' id='word_1_813' title='bbox 2161 4751 2266 4829; x_wconf 33' lang='grc' dir='ltr'><strong>Τῷ*</strong></span> <span class='ocrx_word' id='word_1_814' title='bbox 2282 4751 2423 4829; x_wconf 62' lang='grc' dir='ltr'><strong>Θ-εῷ.</strong></span> <span class='ocrx_word' id='word_1_815' title='bbox 2459 4753 2572 4829; x_wconf 80' lang='lat' dir='ltr'><strong>Duo</strong></span> <span class='ocrx_word' id='word_1_816' title='bbox 2601 4755 2765 4810; x_wconf 77' lang='lat' dir='ltr'><strong>Coisl.</strong></span> <span class='ocrx_word' id='word_1_817' title='bbox 2810 4756 3033 4820; x_wconf 87' lang='lat' dir='ltr'><strong>addunt,</strong></span> <span class='ocrx_word' id='word_1_818' title='bbox 3074 4751 3242 4828; x_wconf 78' lang='grc' dir='ltr'>μόνῳ,</span> <span class='ocrx_word' id='word_1_819' title='bbox 3279 4766 3335 4811; x_wconf 91' lang='lat' dir='ltr'><strong>et</strong></span> <span class='ocrx_word' id='word_1_820' title='bbox 3380 4756 3516 4829; x_wconf 73' lang='lat' dir='ltr'><strong>Reg.</strong></span> 
     </span>
    </p>
   </div>
   <div class='ocr_carea' id='block_1_110' title="bbox 1932 4822 2495 4896">
    <p class='ocr_par' dir='ltr' id='par_1_110' title="bbox 1932 4822 2495 4896">
     <span class='ocr_line' id='line_1_114' title="bbox 1932 4822 2495 4896; baseline 0.002 -21"><span class='ocrx_word' id='word_1_821' title='bbox 1932 4837 1987 4885; x_wconf 85' lang='lat' dir='ltr'><strong>a,</strong></span> <span class='ocrx_word' id='word_1_822' title='bbox 2012 4823 2172 4896; x_wconf 76' lang='grc' dir='ltr'>μόνῳ</span> <span class='ocrx_word' id='word_1_823' title='bbox 2198 4822 2277 4896; x_wconf 81' lang='grc' dir='ltr'>τῷ</span> <span class='ocrx_word' id='word_1_824' title='bbox 2302 4824 2495 4896; x_wconf 89' lang='grc' dir='ltr'>Πατρί.</span> 
     </span>
    </p>
   </div>
   <div class='ocr_carea' id='block_1_111' title="bbox 2002 4892 3318 4967">
    <p class='ocr_par' dir='ltr' id='par_1_111' title="bbox 2002 4892 3318 4967">
     <span class='ocr_line' id='line_1_115' title="bbox 2002 4892 3318 4967; baseline 0.005 -22"><span class='ocrx_word' id='word_1_825' title='bbox 2002 4892 2115 4967; x_wconf 72' lang='grc'>(99)</span> <span class='ocrx_word' id='word_1_826' title='bbox 2146 4892 2662 4967; x_wconf 49' lang='lat' dir='ltr'><strong>Emme-rdier</strong></span> <span class='ocrx_word' id='word_1_827' title='bbox 2686 4894 2875 4967; x_wconf 85' lang='lat' dir='ltr'><strong>Coisl.,</strong></span> <span class='ocrx_word' id='word_1_828' title='bbox 2902 4896 3318 4967; x_wconf 81' lang='grc' dir='ltr'>προειρημένων</span> 
     </span>
    </p>
   </div>
   <div class='ocr_carea' id='block_1_112' title="bbox 2003 4963 3301 5038">
    <p class='ocr_par' dir='ltr' id='par_1_112' title="bbox 2003 4963 3301 5038">
     <span class='ocr_line' id='line_1_116' title="bbox 2003 4963 3301 5038; baseline 0.002 -21"><span class='ocrx_word' id='word_1_829' title='bbox 2003 4963 2116 5038; x_wconf 79' lang='grc'>(91)</span> <span class='ocrx_word' id='word_1_830' title='bbox 2154 4963 2464 5038; x_wconf 65' lang='grc' dir='ltr'>Σχεθεῖᾳα.</span> <span class='ocrx_word' id='word_1_831' title='bbox 2503 4963 2991 5038; x_wconf 21' lang='grc' dir='ltr'>Εῇιιξ,ᾼχεθεῖσα,⁷‹</span> <span class='ocrx_word' id='word_1_832' title='bbox 3017 4963 3239 5038; x_wconf 77' lang='lat' dir='ltr'><strong>dilliisa.</strong></span> <span class='ocrx_word' id='word_1_833' title='bbox 3282 4987 3301 5019; x_wconf 76' lang='grc' dir='ltr'><strong>ι</strong></span> 
     </span>
    </p>
   </div>
   <div class='ocr_carea' id='block_1_113' title="bbox 2002 5034 3514 5119">
    <p class='ocr_par' dir='ltr' id='par_1_113' title="bbox 2002 5034 3514 5119">
     <span class='ocr_line' id='line_1_117' title="bbox 2002 5034 3514 5119; baseline 0.004 -32"><span class='ocrx_word' id='word_1_834' title='bbox 2165 5035 2516 5119; x_wconf 36' lang='lat' dir='ltr'><strong>gerendam).</strong></span> <span class='ocrx_word' id='word_1_835' title='bbox 2540 5034 2789 5119; x_wconf 48' lang='lat' dir='ltr'><strong>goislfl,</strong></span> <span class='ocrx_word' id='word_1_836' title='bbox 2822 5035 3133 5119; x_wconf 63' lang='grc' dir='ltr'>ἀντιτοίχῳ,</span> <span class='ocrx_word' id='word_1_837' title='bbox 3172 5055 3190 5088; x_wconf 81' lang='grc' dir='ltr'><strong>ι</strong></span> <span class='ocrx_word' id='word_1_838' title='bbox 3225 5039 3446 5119; x_wconf 66' lang='lat' dir='ltr'><strong>pariete.</strong></span> <span class='ocrx_word' id='word_1_839' title='bbox 3494 5058 3514 5093; x_wconf 74' lang='grc' dir='ltr'><strong>ι</strong></span> 
     </span>
    </p>
   </div>
   <div class='ocr_carea' id='block_1_114' title="bbox 1929 5104 3515 5229">
    <p class='ocr_par' dir='ltr' id='par_1_114' title="bbox 1929 5104 3515 5229">
     <span class='ocr_line' id='line_1_118' title="bbox 1929 5104 3515 5229; baseline 0.008 -77"><span class='ocrx_word' id='word_1_840' title='bbox 1929 5104 2434 5229; x_wconf 44' lang='grc' dir='ltr'><strong>ιθὲξῦὲῃίξγένετο</strong></span> <span class='ocrx_word' id='word_1_841' title='bbox 2461 5105 2582 5160; x_wconf 81' lang='grc' dir='ltr'>καί.</span> <span class='ocrx_word' id='word_1_842' title='bbox 2607 5106 2821 5173; x_wconf 87' lang='lat' dir='ltr'><strong>Comb.,</strong></span> <span class='ocrx_word' id='word_1_843' title='bbox 2846 5104 3068 5175; x_wconf 76' lang='grc' dir='ltr'>ἐγένετό</span> <span class='ocrx_word' id='word_1_844' title='bbox 3090 5104 3201 5163; x_wconf 78' lang='grc' dir='ltr'>τις.</span> <span class='ocrx_word' id='word_1_845' title='bbox 3231 5108 3322 5162; x_wconf 82' lang='lat' dir='ltr'><strong>Sic</strong></span> <span class='ocrx_word' id='word_1_846' title='bbox 3353 5112 3515 5164; x_wconf 85' lang='lat' dir='ltr'><strong>etiam</strong></span> 
     </span>
    </p>
   </div>
   <div class='ocr_carea' id='block_1_115' title="bbox 1951 5185 2203 5229">
    <p class='ocr_par' dir='ltr' id='par_1_115' title="bbox 1951 5185 2203 5229">
     <span class='ocr_line' id='line_1_119' title="bbox 1951 5185 2203 5229; baseline 0 0"><span class='ocrx_word' id='word_1_847' title='bbox 1951 5185 2060 5229; x_wconf 75' lang='lat' dir='ltr'><strong>emt</strong></span> <span class='ocrx_word' id='word_1_848' title='bbox 2085 5185 2203 5229; x_wconf 74' lang='grc'><strong>15111.</strong></span> 
     </span>
    </p>
   </div>
   <div class='ocr_carea' id='block_1_116' title="bbox 1961 5191 3517 5370">
    <p class='ocr_par' dir='ltr' id='par_1_116' title="bbox 1961 5191 3517 5370">
     <span class='ocr_line' id='line_1_120' title="bbox 1961 5191 3517 5370; baseline 0.003 -68"><span class='ocrx_word' id='word_1_849' title='bbox 2406 5246 2499 5303; x_wconf 91' lang='lat' dir='ltr'><strong>Sic</strong></span> <span class='ocrx_word' id='word_1_850' title='bbox 2527 5246 2633 5302; x_wconf 90' lang='lat' dir='ltr'><strong>duo</strong></span> <span class='ocrx_word' id='word_1_851' title='bbox 2659 5247 2846 5318; x_wconf 89' lang='lat' dir='ltr'><strong>Coisl.,</strong></span> <span class='ocrx_word' id='word_1_852' title='bbox 2878 5247 3026 5314; x_wconf 89' lang='lat' dir='ltr'><strong>Par.,</strong></span> <span class='ocrx_word' id='word_1_853' title='bbox 3062 5244 3275 5316; x_wconf 53' lang='lat' dir='ltr'><strong>Comi»,</strong></span> <span class='ocrx_word' id='word_1_854' title='bbox 3313 5261 3417 5304; x_wconf 89' lang='lat' dir='ltr'><strong>etc.</strong></span> <span class='ocrx_word' id='word_1_855' title='bbox 3460 5248 3517 5306; x_wconf 87' lang='lat' dir='ltr'><strong>lu</strong></span> 
     </span>
    </p>
   </div>
   <div class='ocr_carea' id='block_1_117' title="bbox 1929 5329 2242 5383">
    <p class='ocr_par' dir='ltr' id='par_1_117' title="bbox 1929 5329 2242 5383">
     <span class='ocr_line' id='line_1_121' title="bbox 1929 5329 2242 5383; baseline -0.006 -13"><span class='ocrx_word' id='word_1_856' title='bbox 1929 5329 2039 5383; x_wconf 69' lang='grc' dir='ltr'>εει,</span> <span class='ocrx_word' id='word_1_857' title='bbox 2061 5329 2242 5369; x_wconf 86' lang='grc' dir='ltr'>απτει.</span> 
     </span>
    </p>
   </div>
   <div class='ocr_carea' id='block_1_118' title="bbox 2024 5387 2947 5460">
    <p class='ocr_par' dir='ltr' id='par_1_118' title="bbox 2024 5387 2947 5460">
     <span class='ocr_line' id='line_1_122' title="bbox 2024 5387 2947 5460; baseline 0.001 -20"><span class='ocrx_word' id='word_1_858' title='bbox 2024 5388 2114 5460; x_wconf 59' lang='grc' dir='ltr'>9ᾇ)</span> <span class='ocrx_word' id='word_1_859' title='bbox 2158 5387 2524 5460; x_wconf 41' lang='grc' dir='ltr'>ΤοῦτοκΤι-εέε</span> <span class='ocrx_word' id='word_1_860' title='bbox 2543 5388 2720 5460; x_wconf 68' lang='grc'><strong>(2011),,</strong></span> <span class='ocrx_word' id='word_1_861' title='bbox 2753 5388 2947 5460; x_wconf 84' lang='grc' dir='ltr'>τούτῳ,</span> 
     </span>
    </p>
   </div>
   <div class='ocr_carea' id='block_1_119' title="bbox 2025 5457 3520 5532">
    <p class='ocr_par' dir='ltr' id='par_1_119' title="bbox 2025 5457 3520 5532">
     <span class='ocr_line' id='line_1_123' title="bbox 2025 5457 3520 5532; baseline 0.001 -20"><span class='ocrx_word' id='word_1_862' title='bbox 2025 5458 2115 5524; x_wconf 79' lang='lat'><strong>96)</strong></span> <span class='ocrx_word' id='word_1_863' title='bbox 2160 5458 2231 5512; x_wconf 88' lang='grc' dir='ltr'><em>Τὸ</em></span> <span class='ocrx_word' id='word_1_864' title='bbox 2256 5459 2537 5532; x_wconf 79' lang='grc' dir='ltr'>κινῆσαν.</span> <span class='ocrx_word' id='word_1_865' title='bbox 2575 5477 2595 5511; x_wconf 87' lang='grc'><em>‹</em></span> <span class='ocrx_word' id='word_1_866' title='bbox 2633 5459 2734 5527; x_wconf 83' lang='lat' dir='ltr'><strong>Qui</strong></span> <span class='ocrx_word' id='word_1_867' title='bbox 2770 5457 2911 5517; x_wconf 86' lang='lat' dir='ltr'><strong>hunc</strong></span> <span class='ocrx_word' id='word_1_868' title='bbox 2939 5457 3280 5532; x_wconf 84' lang='lat' dir='ltr'><strong>splendorem</strong></span> <span class='ocrx_word' id='word_1_869' title='bbox 3306 5468 3520 5517; x_wconf 81' lang='lat' dir='ltr'><strong>moveat</strong></span> 
     </span>
    </p>
   </div>
   <div class='ocr_carea' id='block_1_120' title="bbox 1929 5527 2815 5601">
    <p class='ocr_par' dir='ltr' id='par_1_120' title="bbox 1929 5527 2815 5601">
     <span class='ocr_line' id='line_1_124' title="bbox 1929 5527 2815 5601; baseline -0.001 -17"><span class='ocrx_word' id='word_1_870' title='bbox 1929 5527 2150 5600; x_wconf 85' lang='lat' dir='ltr'><strong>(nempe</strong></span> <span class='ocrx_word' id='word_1_871' title='bbox 2178 5527 2416 5601; x_wconf 81' lang='lat' dir='ltr'><strong>ventus),</strong></span> <span class='ocrx_word' id='word_1_872' title='bbox 2444 5539 2628 5586; x_wconf 89' lang='lat' dir='ltr'><strong>notum</strong></span> <span class='ocrx_word' id='word_1_873' title='bbox 2662 5540 2765 5588; x_wconf 89' lang='lat' dir='ltr'><strong>est.</strong></span> <span class='ocrx_word' id='word_1_874' title='bbox 2796 5550 2815 5583; x_wconf 78' lang='grc' dir='ltr'><strong>ι</strong></span> 
     </span>
    </p>
   </div>
   <div class='ocr_carea' id='block_1_121' title="bbox 3196 5689 3235 5750">
    <p class='ocr_par' dir='ltr' id='par_1_121' title="bbox 3196 5689 3235 5750">
     <span class='ocr_line' id='line_1_125' title="bbox 3196 5689 3235 5750; baseline 0 0"><span class='ocrx_word' id='word_1_875' title='bbox 3196 5689 3235 5750; x_wconf 83' lang='grc'>6</span> 
     </span>
    </p>
   </div>
  </div>
