  <div class='ocr_page' id='page_1' title='image "/cluster/home/n/w/nwhite01/storage/ocr_20150623/36/nnc1.0022377409/107.png"; bbox 0 0 3910 6214; ppageno 0'>
   <div class='ocr_carea' id='block_1_1' title="bbox 410 224 507 280">
    <p class='ocr_par' dir='ltr' id='par_1_1' title="bbox 410 224 507 280">
     <span class='ocr_line' id='line_1_1' title="bbox 410 224 507 280; baseline 0 -1"><span class='ocrx_word' id='word_1_1' title='bbox 410 224 507 280; x_wconf 76' lang='grc' dir='ltr'><strong>ΠΙ</strong></span> 
     </span>
    </p>
   </div>
   <div class='ocr_carea' id='block_1_2' title="bbox 1636 214 2459 281">
    <p class='ocr_par' dir='ltr' id='par_1_2' title="bbox 1636 214 2459 281">
     <span class='ocr_line' id='line_1_2' title="bbox 1636 214 2459 281; baseline 0.007 -9"><span class='ocrx_word' id='word_1_2' title='bbox 1636 217 1694 272; x_wconf 88' lang='lat' dir='ltr'><strong>S.</strong></span> <span class='ocrx_word' id='word_1_3' title='bbox 1735 214 2067 272; x_wconf 81' lang='lat' dir='ltr'><strong>GREGORII</strong></span> <span class='ocrx_word' id='word_1_4' title='bbox 2107 217 2459 281; x_wconf 84' lang='lat' dir='ltr'><strong>THEOLOGI</strong></span> 
     </span>
    </p>
   </div>
   <div class='ocr_carea' id='block_1_3' title="bbox 3582 217 3691 272">
    <p class='ocr_par' dir='ltr' id='par_1_3' title="bbox 3582 217 3691 272">
     <span class='ocr_line' id='line_1_3' title="bbox 3582 217 3691 272; baseline 0 0"><span class='ocrx_word' id='word_1_5' title='bbox 3582 217 3691 272; x_wconf 70' lang='grc'><strong>172</strong></span> 
     </span>
    </p>
   </div>
   <div class='ocr_carea' id='block_1_4' title="bbox 407 308 1993 412">
    <p class='ocr_par' dir='ltr' id='par_1_4' title="bbox 407 316 1993 412">
     <span class='ocr_line' id='line_1_4' title="bbox 407 316 1993 412; baseline -0.003 -16"><span class='ocrx_word' id='word_1_6' title='bbox 407 341 619 407; x_wconf 72' lang='lat' dir='ltr'><strong>aderat,</strong></span> <span class='ocrx_word' id='word_1_7' title='bbox 643 339 943 397; x_wconf 82' lang='lat' dir='ltr'><strong>admodum</strong></span> <span class='ocrx_word' id='word_1_8' title='bbox 969 340 1316 412; x_wconf 88' lang='lat' dir='ltr'><strong>perspicuum</strong></span> <span class='ocrx_word' id='word_1_9' title='bbox 1343 347 1468 396; x_wconf 89' lang='lat' dir='ltr'><strong>est:</strong></span> <span class='ocrx_word' id='word_1_10' title='bbox 1496 347 1552 394; x_wconf 88' lang='lat' dir='ltr'><strong>at</strong></span> <span class='ocrx_word' id='word_1_11' title='bbox 1580 316 1691 393; x_wconf 83' lang='lat' dir='ltr'><strong>Deo</strong></span> <span class='ocrx_word' id='word_1_12' title='bbox 1726 338 1864 392; x_wconf 82' lang='lat' dir='ltr'><strong>nihil</strong></span> <span class='ocrx_word' id='word_1_13' title='bbox 1892 353 1993 392; x_wconf 86' lang='lat' dir='ltr'><strong>au-</strong></span> 
     </span>
    </p>
   </div>
   <div class='ocr_carea' id='block_1_5' title="bbox 2101 308 3695 412">
    <p class='ocr_par' dir='ltr' id='par_1_5' title="bbox 2101 331 3695 409">
     <span class='ocr_line' id='line_1_5' title="bbox 2101 331 3695 409; baseline 0.001 -18"><span class='ocrx_word' id='word_1_14' title='bbox 2101 339 2190 392; x_wconf 85' lang='grc' dir='ltr'><strong>λον</strong></span> <span class='ocrx_word' id='word_1_15' title='bbox 2211 356 2224 369; x_wconf 91' lang='grc'><strong>·</strong></span> <span class='ocrx_word' id='word_1_16' title='bbox 2262 339 2400 394; x_wconf 82' lang='grc' dir='ltr'>Θεοῦ</span> <span class='ocrx_word' id='word_1_17' title='bbox 2436 340 2493 394; x_wconf 82' lang='grc' dir='ltr'>δὲ</span> <span class='ocrx_word' id='word_1_18' title='bbox 2529 339 2683 394; x_wconf 77' lang='grc' dir='ltr'>οὐδὲν</span> <span class='ocrx_word' id='word_1_19' title='bbox 2730 337 3124 409; x_wconf 78' lang='grc' dir='ltr'>πρεσϐύτερον,</span> <span class='ocrx_word' id='word_1_20' title='bbox 3160 336 3227 391; x_wconf 78' lang='grc' dir='ltr'>ἵν’</span> <span class='ocrx_word' id='word_1_21' title='bbox 3331 333 3475 390; x_wconf 80' lang='grc' dir='ltr'>τιτὸ</span> <span class='ocrx_word' id='word_1_22' title='bbox 3504 336 3695 393; x_wconf 81' lang='grc' dir='ltr'>τοῦτον</span> 
     </span>
    </p>
   </div>
   <div class='ocr_carea' id='block_1_6' title="bbox 407 428 1991 505">
    <p class='ocr_par' dir='ltr' id='par_1_6' title="bbox 407 428 1991 505">
     <span class='ocr_line' id='line_1_6' title="bbox 407 428 1991 505; baseline -0.002 -17"><span class='ocrx_word' id='word_1_23' title='bbox 407 434 615 505; x_wconf 89' lang='lat' dir='ltr'><strong>tiquius</strong></span> <span class='ocrx_word' id='word_1_24' title='bbox 652 441 760 499; x_wconf 88' lang='lat' dir='ltr'><strong>est,</strong></span> <span class='ocrx_word' id='word_1_25' title='bbox 785 432 931 505; x_wconf 88' lang='lat' dir='ltr'><strong>quod</strong></span> <span class='ocrx_word' id='word_1_26' title='bbox 958 433 1062 502; x_wconf 84' lang='lat' dir='ltr'><strong>ipsi</strong></span> <span class='ocrx_word' id='word_1_27' title='bbox 1094 439 1306 488; x_wconf 91' lang='lat' dir='ltr'><strong>motum</strong></span> <span class='ocrx_word' id='word_1_28' title='bbox 1343 429 1575 487; x_wconf 83' lang='lat' dir='ltr'><strong>dederit.</strong></span> <span class='ocrx_word' id='word_1_29' title='bbox 1619 428 1743 499; x_wconf 80' lang='lat' dir='ltr'><strong>Ipse</strong></span> <span class='ocrx_word' id='word_1_30' title='bbox 1792 429 1991 499; x_wconf 86' lang='lat' dir='ltr'><strong>quippe</strong></span> 
     </span>
    </p>
   </div>
   <div class='ocr_carea' id='block_1_7' title="bbox 407 521 1988 594">
    <p class='ocr_par' dir='ltr' id='par_1_7' title="bbox 407 521 1988 594">
     <span class='ocr_line' id='line_1_7' title="bbox 407 521 1988 594; baseline -0.003 -14"><span class='ocrx_word' id='word_1_31' title='bbox 407 527 653 580; x_wconf 89' lang='lat' dir='ltr'><strong>omnium</strong></span> <span class='ocrx_word' id='word_1_32' title='bbox 687 539 849 580; x_wconf 86' lang='lat' dir='ltr'><strong>causa</strong></span> <span class='ocrx_word' id='word_1_33' title='bbox 883 532 989 589; x_wconf 91' lang='lat' dir='ltr'><strong>est,</strong></span> <span class='ocrx_word' id='word_1_34' title='bbox 1018 539 1122 580; x_wconf 90' lang='lat' dir='ltr'><strong>nec</strong></span> <span class='ocrx_word' id='word_1_35' title='bbox 1151 522 1519 594; x_wconf 77' lang='lat' dir='ltr'><strong>antiquiorem</strong></span> <span class='ocrx_word' id='word_1_36' title='bbox 1548 536 1774 578; x_wconf 84' lang='lat' dir='ltr'><strong>causam</strong></span> <span class='ocrx_word' id='word_1_37' title='bbox 1806 521 1988 578; x_wconf 80' lang='lat' dir='ltr'><strong>habet.</strong></span> 
     </span>
    </p>
   </div>
   <div class='ocr_carea' id='block_1_8' title="bbox 407 612 1991 685">
    <p class='ocr_par' dir='ltr' id='par_1_8' title="bbox 407 612 1991 685">
     <span class='ocr_line' id='line_1_8' title="bbox 407 612 1991 685; baseline -0.002 -15"><span class='ocrx_word' id='word_1_38' title='bbox 407 615 617 673; x_wconf 84' lang='lat' dir='ltr'><strong>Deinde</strong></span> <span class='ocrx_word' id='word_1_39' title='bbox 642 615 786 685; x_wconf 89' lang='lat' dir='ltr'><strong>quod</strong></span> <span class='ocrx_word' id='word_1_40' title='bbox 834 615 924 671; x_wconf 92' lang='lat' dir='ltr'><strong>hic</strong></span> <span class='ocrx_word' id='word_1_41' title='bbox 952 615 1270 671; x_wconf 86' lang='lat' dir='ltr'><strong>earumdem</strong></span> <span class='ocrx_word' id='word_1_42' title='bbox 1312 628 1494 669; x_wconf 90' lang='lat' dir='ltr'><strong>rerum</strong></span> <span class='ocrx_word' id='word_1_43' title='bbox 1525 612 1766 683; x_wconf 88' lang='lat' dir='ltr'><strong>suspicio</strong></span> <span class='ocrx_word' id='word_1_44' title='bbox 1793 627 1991 668; x_wconf 89' lang='lat' dir='ltr'><strong>occur-</strong></span> 
     </span>
    </p>
   </div>
   <div class='ocr_carea' id='block_1_9' title="bbox 408 703 1994 777">
    <p class='ocr_par' dir='ltr' id='par_1_9' title="bbox 408 703 1994 777">
     <span class='ocr_line' id='line_1_9' title="bbox 408 703 1994 777; baseline -0.002 -15"><span class='ocrx_word' id='word_1_45' title='bbox 408 709 502 774; x_wconf 91' lang='lat' dir='ltr'><strong>rit,</strong></span> <span class='ocrx_word' id='word_1_46' title='bbox 536 707 794 763; x_wconf 85' lang='lat' dir='ltr'><strong>nimirum</strong></span> <span class='ocrx_word' id='word_1_47' title='bbox 825 705 1255 777; x_wconf 78' lang='lat' dir='ltr'><strong>compositionis,</strong></span> <span class='ocrx_word' id='word_1_48' title='bbox 1302 703 1629 766; x_wconf 72' lang='lat' dir='ltr'><strong>dilfusionis.</strong></span> <span class='ocrx_word' id='word_1_49' title='bbox 1662 704 1994 774; x_wconf 81' lang='lat' dir='ltr'><strong>incertaeque</strong></span> 
     </span>
    </p>
   </div>
   <div class='ocr_carea' id='block_1_10' title="bbox 409 796 1992 869">
    <p class='ocr_par' dir='ltr' id='par_1_10' title="bbox 409 796 1992 869">
     <span class='ocr_line' id='line_1_10' title="bbox 409 796 1992 869; baseline -0.002 -14"><span class='ocrx_word' id='word_1_50' title='bbox 409 810 466 855; x_wconf 87' lang='lat' dir='ltr'><strong>et</strong></span> <span class='ocrx_word' id='word_1_51' title='bbox 489 798 757 855; x_wconf 88' lang='lat' dir='ltr'><strong>instabilis</strong></span> <span class='ocrx_word' id='word_1_52' title='bbox 786 807 1017 867; x_wconf 56' lang='lat' dir='ltr'><strong>natura},</strong></span> <span class='ocrx_word' id='word_1_53' title='bbox 1043 812 1271 869; x_wconf 87' lang='lat' dir='ltr'><strong>quarum</strong></span> <span class='ocrx_word' id='word_1_54' title='bbox 1306 796 1447 852; x_wconf 87' lang='lat' dir='ltr'><strong>nihil</strong></span> <span class='ocrx_word' id='word_1_55' title='bbox 1474 798 1542 853; x_wconf 91' lang='lat' dir='ltr'><strong>de</strong></span> <span class='ocrx_word' id='word_1_56' title='bbox 1573 797 1863 853; x_wconf 82' lang='lat' dir='ltr'><strong>divinitate</strong></span> <span class='ocrx_word' id='word_1_57' title='bbox 1895 811 1992 852; x_wconf 92' lang='lat' dir='ltr'><strong>co-</strong></span> 
     </span>
    </p>
   </div>
   <div class='ocr_carea' id='block_1_11' title="bbox 409 890 1993 965">
    <p class='ocr_par' dir='ltr' id='par_1_11' title="bbox 409 890 1993 965">
     <span class='ocr_line' id='line_1_11' title="bbox 409 890 1993 965; baseline -0.004 -18"><span class='ocrx_word' id='word_1_58' title='bbox 409 892 695 965; x_wconf 80' lang='lat' dir='ltr'><strong>gitandum</strong></span> <span class='ocrx_word' id='word_1_59' title='bbox 721 902 825 949; x_wconf 86' lang='lat' dir='ltr'><strong>est.</strong></span> <span class='ocrx_word' id='word_1_60' title='bbox 854 890 917 948; x_wconf 89' lang='lat' dir='ltr'><strong>In</strong></span> <span class='ocrx_word' id='word_1_61' title='bbox 951 906 1165 947; x_wconf 88' lang='lat' dir='ltr'><strong>summa</strong></span> <span class='ocrx_word' id='word_1_62' title='bbox 1200 890 1338 946; x_wconf 89' lang='lat' dir='ltr'><strong>nihil</strong></span> <span class='ocrx_word' id='word_1_63' title='bbox 1370 902 1454 945; x_wconf 88' lang='lat' dir='ltr'><strong>est</strong></span> <span class='ocrx_word' id='word_1_64' title='bbox 1481 891 1535 944; x_wconf 90' lang='lat' dir='ltr'><strong>iu</strong></span> <span class='ocrx_word' id='word_1_65' title='bbox 1567 904 1676 960; x_wconf 91' lang='lat' dir='ltr'><strong>quo</strong></span> <span class='ocrx_word' id='word_1_66' title='bbox 1698 902 1853 944; x_wconf 90' lang='lat' dir='ltr'><strong>mens</strong></span> <span class='ocrx_word' id='word_1_67' title='bbox 1876 903 1993 942; x_wconf 90' lang='lat' dir='ltr'><strong>mea</strong></span> 
     </span>
    </p>
   </div>
   <div class='ocr_carea' id='block_1_12' title="bbox 410 982 1993 1056">
    <p class='ocr_par' dir='ltr' id='par_1_12' title="bbox 410 982 1993 1056">
     <span class='ocr_line' id='line_1_12' title="bbox 410 982 1993 1056; baseline -0.003 -16"><span class='ocrx_word' id='word_1_68' title='bbox 410 984 638 1056; x_wconf 82' lang='lat' dir='ltr'><strong>gradum</strong></span> <span class='ocrx_word' id='word_1_69' title='bbox 656 986 825 1056; x_wconf 83' lang='lat' dir='ltr'><strong>ﬁgere</strong></span> <span class='ocrx_word' id='word_1_70' title='bbox 842 990 1023 1055; x_wconf 89' lang='lat' dir='ltr'><strong>queat,</strong></span> <span class='ocrx_word' id='word_1_71' title='bbox 1046 983 1197 1049; x_wconf 91' lang='lat' dir='ltr'><strong>dum,</strong></span> <span class='ocrx_word' id='word_1_72' title='bbox 1223 982 1370 1053; x_wconf 91' lang='lat' dir='ltr'><strong>quod</strong></span> <span class='ocrx_word' id='word_1_73' title='bbox 1394 982 1688 1052; x_wconf 80' lang='lat' dir='ltr'><strong>imaginor,</strong></span> <span class='ocrx_word' id='word_1_74' title='bbox 1722 982 1777 1036; x_wconf 92' lang='lat' dir='ltr'><strong>in</strong></span> <span class='ocrx_word' id='word_1_75' title='bbox 1805 995 1993 1037; x_wconf 84' lang='lat' dir='ltr'><strong>exem-</strong></span> 
     </span>
    </p>
   </div>
   <div class='ocr_carea' id='block_1_13' title="bbox 408 1071 1996 1146">
    <p class='ocr_par' dir='ltr' id='par_1_13' title="bbox 408 1071 1996 1146">
     <span class='ocr_line' id='line_1_13' title="bbox 408 1071 1996 1146; baseline -0.003 -16"><span class='ocrx_word' id='word_1_76' title='bbox 408 1075 514 1146; x_wconf 89' lang='lat' dir='ltr'><strong>plis</strong></span> <span class='ocrx_word' id='word_1_77' title='bbox 542 1074 865 1142; x_wconf 85' lang='lat' dir='ltr'><strong>considero;</strong></span> <span class='ocrx_word' id='word_1_78' title='bbox 904 1074 958 1131; x_wconf 93' lang='lat' dir='ltr'><strong>ni</strong></span> <span class='ocrx_word' id='word_1_79' title='bbox 985 1073 1127 1130; x_wconf 85' lang='lat' dir='ltr'><strong>forte</strong></span> <span class='ocrx_word' id='word_1_80' title='bbox 1150 1072 1422 1143; x_wconf 87' lang='lat' dir='ltr'><strong>quispiam</strong></span> <span class='ocrx_word' id='word_1_81' title='bbox 1448 1087 1514 1127; x_wconf 88' lang='lat' dir='ltr'><strong>ea</strong></span> <span class='ocrx_word' id='word_1_82' title='bbox 1542 1071 1711 1126; x_wconf 91' lang='lat' dir='ltr'><strong>animi</strong></span> <span class='ocrx_word' id='word_1_83' title='bbox 1739 1071 1996 1141; x_wconf 68' lang='lat' dir='ltr'><strong>aequitate</strong></span> 
     </span>
    </p>
   </div>
   <div class='ocr_carea' id='block_1_14' title="bbox 406 1165 1995 1238">
    <p class='ocr_par' dir='ltr' id='par_1_14' title="bbox 406 1165 1995 1238">
     <span class='ocr_line' id='line_1_14' title="bbox 406 1165 1995 1238; baseline -0.003 -13"><span class='ocrx_word' id='word_1_84' title='bbox 406 1169 502 1235; x_wconf 86' lang='lat' dir='ltr'><strong>sit,</strong></span> <span class='ocrx_word' id='word_1_85' title='bbox 527 1178 586 1224; x_wconf 90' lang='lat' dir='ltr'><strong>ut</strong></span> <span class='ocrx_word' id='word_1_86' title='bbox 605 1182 730 1225; x_wconf 92' lang='lat' dir='ltr'><strong>cum</strong></span> <span class='ocrx_word' id='word_1_87' title='bbox 760 1182 926 1224; x_wconf 90' lang='lat' dir='ltr'><strong>unum</strong></span> <span class='ocrx_word' id='word_1_88' title='bbox 958 1167 1165 1238; x_wconf 89' lang='lat' dir='ltr'><strong>aliquid</strong></span> <span class='ocrx_word' id='word_1_89' title='bbox 1208 1183 1275 1222; x_wconf 82' lang='lat' dir='ltr'><strong>ex</strong></span> <span class='ocrx_word' id='word_1_90' title='bbox 1323 1166 1606 1237; x_wconf 89' lang='lat' dir='ltr'><strong>proposita</strong></span> <span class='ocrx_word' id='word_1_91' title='bbox 1634 1165 1870 1237; x_wconf 80' lang='lat' dir='ltr'><strong>imagine</strong></span> <span class='ocrx_word' id='word_1_92' title='bbox 1899 1181 1995 1220; x_wconf 88' lang='lat' dir='ltr'><strong>ac-</strong></span> 
     </span>
    </p>
   </div>
   <div class='ocr_carea' id='block_1_15' title="bbox 407 1257 1994 1332">
    <p class='ocr_par' dir='ltr' id='par_1_15' title="bbox 407 1257 1994 1332">
     <span class='ocr_line' id='line_1_15' title="bbox 407 1257 1994 1332; baseline -0.004 -14"><span class='ocrx_word' id='word_1_93' title='bbox 407 1260 634 1332; x_wconf 85' lang='lat' dir='ltr'><strong>ceperit,</strong></span> <span class='ocrx_word' id='word_1_94' title='bbox 662 1259 871 1329; x_wconf 83' lang='lat' dir='ltr'><strong>reliqua</strong></span> <span class='ocrx_word' id='word_1_95' title='bbox 902 1258 1177 1330; x_wconf 89' lang='lat' dir='ltr'><strong>projiciat.</strong></span> <span class='ocrx_word' id='word_1_96' title='bbox 1207 1258 1495 1315; x_wconf 90' lang='lat' dir='ltr'><strong>Postremo</strong></span> <span class='ocrx_word' id='word_1_97' title='bbox 1524 1259 1710 1328; x_wconf 81' lang='lat' dir='ltr'><strong>itaque</strong></span> <span class='ocrx_word' id='word_1_98' title='bbox 1732 1258 1837 1313; x_wconf 92' lang='lat' dir='ltr'><strong>hoc</strong></span> <span class='ocrx_word' id='word_1_99' title='bbox 1862 1257 1994 1312; x_wconf 90' lang='lat' dir='ltr'><strong>mihi</strong></span> 
     </span>
    </p>
   </div>
   <div class='ocr_carea' id='block_1_16' title="bbox 408 1348 1990 1420">
    <p class='ocr_par' dir='ltr' id='par_1_16' title="bbox 408 1348 1990 1420">
     <span class='ocr_line' id='line_1_16' title="bbox 408 1348 1990 1420; baseline -0.003 -12"><span class='ocrx_word' id='word_1_100' title='bbox 408 1351 867 1408; x_wconf 88' lang='lat' dir='ltr'><strong>consultissimum</strong></span> <span class='ocrx_word' id='word_1_101' title='bbox 880 1351 1054 1407; x_wconf 91' lang='lat' dir='ltr'><strong>visum</strong></span> <span class='ocrx_word' id='word_1_102' title='bbox 1081 1360 1187 1418; x_wconf 91' lang='lat' dir='ltr'><strong>est,</strong></span> <span class='ocrx_word' id='word_1_103' title='bbox 1217 1360 1300 1418; x_wconf 90' lang='lat' dir='ltr'><strong>ut,</strong></span> <span class='ocrx_word' id='word_1_104' title='bbox 1340 1350 1524 1407; x_wconf 89' lang='lat' dir='ltr'><strong>missis</strong></span> <span class='ocrx_word' id='word_1_105' title='bbox 1543 1348 1702 1406; x_wconf 85' lang='lat' dir='ltr'><strong>factis</strong></span> <span class='ocrx_word' id='word_1_106' title='bbox 1733 1349 1990 1420; x_wconf 78' lang='lat' dir='ltr'><strong>imagini-</strong></span> 
     </span>
    </p>
   </div>
   <div class='ocr_carea' id='block_1_17' title="bbox 404 1443 1998 1515">
    <p class='ocr_par' dir='ltr' id='par_1_17' title="bbox 404 1443 1998 1515">
     <span class='ocr_line' id='line_1_17' title="bbox 404 1443 1998 1515; baseline -0.001 -15"><span class='ocrx_word' id='word_1_107' title='bbox 404 1445 511 1500; x_wconf 85' lang='lat' dir='ltr'><strong>bus</strong></span> <span class='ocrx_word' id='word_1_108' title='bbox 540 1445 666 1513; x_wconf 88' lang='lat' dir='ltr'><strong>illis,</strong></span> <span class='ocrx_word' id='word_1_109' title='bbox 702 1453 866 1514; x_wconf 89' lang='lat' dir='ltr'><strong>atque</strong></span> <span class='ocrx_word' id='word_1_110' title='bbox 898 1444 1140 1511; x_wconf 89' lang='lat' dir='ltr'><strong>umbris,</strong></span> <span class='ocrx_word' id='word_1_111' title='bbox 1173 1453 1234 1499; x_wconf 90' lang='lat' dir='ltr'><strong>ut</strong></span> <span class='ocrx_word' id='word_1_112' title='bbox 1259 1443 1569 1510; x_wconf 78' lang='lat' dir='ltr'><strong>fallacibus,</strong></span> <span class='ocrx_word' id='word_1_113' title='bbox 1596 1443 1998 1515; x_wconf 90' lang='lat' dir='ltr'><strong>plurimumque</strong></span> 
     </span>
    </p>
   </div>
   <div class='ocr_carea' id='block_1_18' title="bbox 405 1534 1998 1606">
    <p class='ocr_par' dir='ltr' id='par_1_18' title="bbox 405 1534 1998 1606">
     <span class='ocr_line' id='line_1_18' title="bbox 405 1534 1998 1606; baseline 0 -17"><span class='ocrx_word' id='word_1_114' title='bbox 405 1549 439 1589; x_wconf 95' lang='lat' dir='ltr'><strong>a</strong></span> <span class='ocrx_word' id='word_1_115' title='bbox 457 1534 685 1589; x_wconf 81' lang='lat' dir='ltr'><strong>veritate</strong></span> <span class='ocrx_word' id='word_1_116' title='bbox 713 1535 959 1601; x_wconf 85' lang='lat' dir='ltr'><strong>remotis,</strong></span> <span class='ocrx_word' id='word_1_117' title='bbox 979 1534 1128 1604; x_wconf 89' lang='lat' dir='ltr'><strong>piam</strong></span> <span class='ocrx_word' id='word_1_118' title='bbox 1156 1534 1272 1603; x_wconf 86' lang='lat' dir='ltr'><strong>ipse</strong></span> <span class='ocrx_word' id='word_1_119' title='bbox 1295 1535 1702 1606; x_wconf 81' lang='lat' dir='ltr'><strong>cogitationem,</strong></span> <span class='ocrx_word' id='word_1_120' title='bbox 1728 1534 1998 1604; x_wconf 81' lang='lat' dir='ltr'><strong>iidemque</strong></span> 
     </span>
    </p>
   </div>
   <div class='ocr_carea' id='block_1_19' title="bbox 405 1623 1989 1696">
    <p class='ocr_par' dir='ltr' id='par_1_19' title="bbox 405 1623 1989 1696">
     <span class='ocr_line' id='line_1_19' title="bbox 405 1623 1989 1696; baseline -0.001 -16"><span class='ocrx_word' id='word_1_121' title='bbox 405 1624 719 1681; x_wconf 88' lang='lat' dir='ltr'><strong>mordacius</strong></span> <span class='ocrx_word' id='word_1_122' title='bbox 741 1625 1030 1693; x_wconf 86' lang='lat' dir='ltr'><strong>retineam,</strong></span> <span class='ocrx_word' id='word_1_123' title='bbox 1057 1625 1282 1696; x_wconf 86' lang='lat' dir='ltr'><strong>atquein</strong></span> <span class='ocrx_word' id='word_1_124' title='bbox 1302 1625 1488 1695; x_wconf 86' lang='lat' dir='ltr'><strong>paucis</strong></span> <span class='ocrx_word' id='word_1_125' title='bbox 1510 1623 1690 1680; x_wconf 81' lang='lat' dir='ltr'><strong>verbis</strong></span> <span class='ocrx_word' id='word_1_126' title='bbox 1706 1624 1989 1690; x_wconf 87' lang='lat' dir='ltr'><strong>insistens,</strong></span> 
     </span>
    </p>
   </div>
   <div class='ocr_carea' id='block_1_20' title="bbox 2094 427 3696 503">
    <p class='ocr_par' dir='ltr' id='par_1_20' title="bbox 2094 427 3696 503">
     <span class='ocr_line' id='line_1_20' title="bbox 2094 427 3696 503; baseline -0.002 -17"><span class='ocrx_word' id='word_1_127' title='bbox 2094 434 2416 503; x_wconf 77' lang='grc' dir='ltr'>κεκινηκὸς·</span> <span class='ocrx_word' id='word_1_128' title='bbox 2450 432 2612 496; x_wconf 77' lang='grc' dir='ltr'>αὐτὸς</span> <span class='ocrx_word' id='word_1_129' title='bbox 2652 432 2752 503; x_wconf 83' lang='grc' dir='ltr'>μὲν</span> <span class='ocrx_word' id='word_1_130' title='bbox 2782 429 2892 502; x_wconf 80' lang='grc' dir='ltr'><strong>γὰρ</strong></span> <span class='ocrx_word' id='word_1_131' title='bbox 2935 428 3154 483; x_wconf 84' lang='grc' dir='ltr'>πάντων</span> <span class='ocrx_word' id='word_1_132' title='bbox 3185 429 3373 493; x_wconf 83' lang='grc' dir='ltr'>αἰτία,</span> <span class='ocrx_word' id='word_1_133' title='bbox 3411 428 3595 481; x_wconf 81' lang='grc' dir='ltr'><strong>αἰτίαν</strong></span> <span class='ocrx_word' id='word_1_134' title='bbox 3634 427 3696 482; x_wconf 75' lang='grc' dir='ltr'>δὲ</span> 
     </span>
    </p>
   </div>
   <div class='ocr_carea' id='block_1_21' title="bbox 2095 518 3699 596">
    <p class='ocr_par' dir='ltr' id='par_1_21' title="bbox 2095 518 3699 596">
     <span class='ocr_line' id='line_1_21' title="bbox 2095 518 3699 596; baseline -0.002 -19"><span class='ocrx_word' id='word_1_135' title='bbox 2095 524 2472 596; x_wconf 79' lang='grc' dir='ltr'>πρεσϐυτέραν</span> <span class='ocrx_word' id='word_1_136' title='bbox 2518 525 2620 578; x_wconf 82' lang='grc' dir='ltr'><strong>οὐκ</strong></span> <span class='ocrx_word' id='word_1_137' title='bbox 2654 523 2795 594; x_wconf 74' lang='grc' dir='ltr'>ἔχει.</span> <span class='ocrx_word' id='word_1_138' title='bbox 2845 523 3111 595; x_wconf 82' lang='grc' dir='ltr'><strong>Δεύτερον</strong></span> <span class='ocrx_word' id='word_1_139' title='bbox 3157 521 3236 585; x_wconf 86' lang='grc' dir='ltr'><strong>δὲ,</strong></span> <span class='ocrx_word' id='word_1_140' title='bbox 3281 522 3365 574; x_wconf 82' lang='grc' dir='ltr'>ὅτι</span> <span class='ocrx_word' id='word_1_141' title='bbox 3410 518 3699 574; x_wconf 78' lang='grc' dir='ltr'>κάνταῦθα</span> 
     </span>
    </p>
   </div>
   <div class='ocr_carea' id='block_1_22' title="bbox 2092 610 3692 684">
    <p class='ocr_par' dir='ltr' id='par_1_22' title="bbox 2092 610 3692 684">
     <span class='ocr_line' id='line_1_22' title="bbox 2092 610 3692 684; baseline -0.004 -15"><span class='ocrx_word' id='word_1_142' title='bbox 2092 616 2202 669; x_wconf 84' lang='grc' dir='ltr'><strong>τῶν</strong></span> <span class='ocrx_word' id='word_1_143' title='bbox 2234 615 2415 669; x_wconf 83' lang='grc' dir='ltr'>αὐτῶν</span> <span class='ocrx_word' id='word_1_144' title='bbox 2459 615 2720 683; x_wconf 84' lang='grc' dir='ltr'>ὑπόνοια,</span> <span class='ocrx_word' id='word_1_145' title='bbox 2760 614 3067 678; x_wconf 83' lang='grc' dir='ltr'><strong>συνθέσεως</strong></span> <span class='ocrx_word' id='word_1_146' title='bbox 3090 654 3103 676; x_wconf 90' lang='grc'><strong>,</strong></span> <span class='ocrx_word' id='word_1_147' title='bbox 3153 611 3402 684; x_wconf 76' lang='grc' dir='ltr'>χύσεως,</span> <span class='ocrx_word' id='word_1_148' title='bbox 3451 610 3692 664; x_wconf 78' lang='grc' dir='ltr'><strong>ἀστάτου</strong></span> 
     </span>
    </p>
   </div>
   <div class='ocr_carea' id='block_1_23' title="bbox 2095 699 3695 777">
    <p class='ocr_par' dir='ltr' id='par_1_23' title="bbox 2095 699 3695 777">
     <span class='ocr_line' id='line_1_23' title="bbox 2095 699 3695 777; baseline -0.005 -17"><span class='ocrx_word' id='word_1_149' title='bbox 2095 708 2191 760; x_wconf 74' lang='grc' dir='ltr'><strong>καὶ</strong></span> <span class='ocrx_word' id='word_1_150' title='bbox 2235 708 2297 760; x_wconf 83' lang='grc' dir='ltr'><strong>οὐ</strong></span> <span class='ocrx_word' id='word_1_151' title='bbox 2342 707 2549 776; x_wconf 84' lang='grc' dir='ltr'>παγίας</span> <span class='ocrx_word' id='word_1_152' title='bbox 2594 706 2841 777; x_wconf 79' lang='grc' dir='ltr'>φύσεως,</span> <span class='ocrx_word' id='word_1_153' title='bbox 2896 699 2971 760; x_wconf 86' lang='grc' dir='ltr'>ὧν</span> <span class='ocrx_word' id='word_1_154' title='bbox 3016 705 3169 759; x_wconf 82' lang='grc' dir='ltr'>οὐδὲν</span> <span class='ocrx_word' id='word_1_155' title='bbox 3224 701 3506 774; x_wconf 78' lang='grc' dir='ltr'><strong>ἐννοητέον</strong></span> <span class='ocrx_word' id='word_1_156' title='bbox 3562 701 3695 770; x_wconf 80' lang='grc' dir='ltr'>περὶ</span> 
     </span>
    </p>
   </div>
   <div class='ocr_carea' id='block_1_24' title="bbox 2096 793 3695 870">
    <p class='ocr_par' dir='ltr' id='par_1_24' title="bbox 2096 793 3695 870">
     <span class='ocr_line' id='line_1_24' title="bbox 2096 793 3695 870; baseline -0.004 -19"><span class='ocrx_word' id='word_1_157' title='bbox 2096 798 2369 870; x_wconf 80' lang='grc' dir='ltr'><strong>θεότητος.</strong></span> <span class='ocrx_word' id='word_1_158' title='bbox 2421 799 2530 853; x_wconf 79' lang='grc' dir='ltr'><strong>Καὶ</strong></span> <span class='ocrx_word' id='word_1_159' title='bbox 2558 799 2695 862; x_wconf 85' lang='grc' dir='ltr'>ὅλως</span> <span class='ocrx_word' id='word_1_160' title='bbox 2733 797 2886 851; x_wconf 81' lang='grc' dir='ltr'>οὐδέν</span> <span class='ocrx_word' id='word_1_161' title='bbox 2928 798 3076 850; x_wconf 79' lang='grc' dir='ltr'>ἐστιν</span> <span class='ocrx_word' id='word_1_162' title='bbox 3113 796 3142 849; x_wconf 84' lang='grc' dir='ltr'><strong>ὃ</strong></span> <span class='ocrx_word' id='word_1_163' title='bbox 3185 813 3274 867; x_wconf 87' lang='grc' dir='ltr'><strong>μοι</strong></span> <span class='ocrx_word' id='word_1_164' title='bbox 3311 794 3412 866; x_wconf 85' lang='grc' dir='ltr'>τὴν</span> <span class='ocrx_word' id='word_1_165' title='bbox 3453 793 3695 847; x_wconf 85' lang='grc' dir='ltr'>διάνοιαν</span> 
     </span>
    </p>
   </div>
   <div class='ocr_carea' id='block_1_25' title="bbox 2095 886 3697 961">
    <p class='ocr_par' dir='ltr' id='par_1_25' title="bbox 2095 886 3697 961">
     <span class='ocr_line' id='line_1_25' title="bbox 2095 886 3697 961; baseline -0.004 -18"><span class='ocrx_word' id='word_1_166' title='bbox 2095 889 2313 961; x_wconf 76' lang='grc' dir='ltr'>ἵστησιν</span> <span class='ocrx_word' id='word_1_167' title='bbox 2357 892 2451 944; x_wconf 76' lang='grc' dir='ltr'><strong>ἐπὶ</strong></span> <span class='ocrx_word' id='word_1_168' title='bbox 2479 890 2589 943; x_wconf 85' lang='grc' dir='ltr'><strong>τῶν</strong></span> <span class='ocrx_word' id='word_1_169' title='bbox 2620 888 3036 959; x_wconf 82' lang='grc' dir='ltr'>ὑποδειγμάτων</span> <span class='ocrx_word' id='word_1_170' title='bbox 3073 886 3368 960; x_wconf 77' lang='grc' dir='ltr'>θεωροῦντι</span> <span class='ocrx_word' id='word_1_171' title='bbox 3400 886 3462 940; x_wconf 81' lang='grc' dir='ltr'><strong>τὸ</strong></span> <span class='ocrx_word' id='word_1_172' title='bbox 3490 902 3697 955; x_wconf 81' lang='grc' dir='ltr'>φαντα-</span> 
     </span>
    </p>
   </div>
   <div class='ocr_carea' id='block_1_26' title="bbox 2097 975 3694 1052">
    <p class='ocr_par' dir='ltr' id='par_1_26' title="bbox 2097 975 3694 1052">
     <span class='ocr_line' id='line_1_26' title="bbox 2097 975 3694 1052; baseline -0.003 -20"><span class='ocrx_word' id='word_1_173' title='bbox 2097 978 2327 1049; x_wconf 83' lang='grc' dir='ltr'>ζόμενον</span> <span class='ocrx_word' id='word_1_174' title='bbox 2347 997 2360 1011; x_wconf 84' lang='lat'><strong><em>°</em></strong></span> <span class='ocrx_word' id='word_1_175' title='bbox 2412 980 2552 1052; x_wconf 84' lang='grc' dir='ltr'>πλὴν</span> <span class='ocrx_word' id='word_1_176' title='bbox 2597 980 2654 1033; x_wconf 76' lang='grc' dir='ltr'>εἴ</span> <span class='ocrx_word' id='word_1_177' title='bbox 2694 998 2779 1043; x_wconf 89' lang='grc' dir='ltr'><strong>τις</strong></span> <span class='ocrx_word' id='word_1_178' title='bbox 2806 979 2864 1032; x_wconf 76' lang='grc' dir='ltr'>ἓν</span> <span class='ocrx_word' id='word_1_179' title='bbox 2892 997 2945 1032; x_wconf 89' lang='grc' dir='ltr'><strong>τι</strong></span> <span class='ocrx_word' id='word_1_180' title='bbox 2978 978 3158 1032; x_wconf 77' lang='grc' dir='ltr'>λαϐὼν</span> <span class='ocrx_word' id='word_1_181' title='bbox 3190 979 3290 1050; x_wconf 85' lang='grc' dir='ltr'>τῆς</span> <span class='ocrx_word' id='word_1_182' title='bbox 3332 977 3564 1040; x_wconf 80' lang='grc' dir='ltr'><strong>εἰκόνος,</strong></span> <span class='ocrx_word' id='word_1_183' title='bbox 3599 975 3694 1028; x_wconf 83' lang='grc' dir='ltr'>ὑπ’</span> 
     </span>
    </p>
   </div>
   <div class='ocr_carea' id='block_1_27' title="bbox 2097 1064 3696 1145">
    <p class='ocr_par' dir='ltr' id='par_1_27' title="bbox 2097 1064 3696 1145">
     <span class='ocr_line' id='line_1_27' title="bbox 2097 1064 3696 1145; baseline -0.003 -21"><span class='ocrx_word' id='word_1_184' title='bbox 2097 1072 2541 1145; x_wconf 84' lang='grc' dir='ltr'><strong>εὐγνωμοσύνης,</strong></span> <span class='ocrx_word' id='word_1_185' title='bbox 2564 1071 2634 1127; x_wconf 87' lang='grc' dir='ltr'>τὰ</span> <span class='ocrx_word' id='word_1_186' title='bbox 2662 1071 2827 1125; x_wconf 79' lang='grc' dir='ltr'>λοιπὰ</span> <span class='ocrx_word' id='word_1_187' title='bbox 2860 1070 3090 1142; x_wconf 72' lang='grc' dir='ltr'>ῥίψειεν.</span> <span class='ocrx_word' id='word_1_188' title='bbox 3116 1070 3286 1133; x_wconf 82' lang='grc' dir='ltr'>Τέλος</span> <span class='ocrx_word' id='word_1_189' title='bbox 3307 1064 3404 1123; x_wconf 74' lang='grc' dir='ltr'><strong>οὖν</strong></span> <span class='ocrx_word' id='word_1_190' title='bbox 3425 1066 3572 1133; x_wconf 77' lang='grc' dir='ltr'>ἔδοξέ</span> <span class='ocrx_word' id='word_1_191' title='bbox 3601 1083 3696 1138; x_wconf 86' lang='grc' dir='ltr'><strong>μοι</strong></span> 
     </span>
    </p>
   </div>
   <div class='ocr_carea' id='block_1_28' title="bbox 2097 1158 3696 1236">
    <p class='ocr_par' dir='ltr' id='par_1_28' title="bbox 2097 1158 3696 1236">
     <span class='ocr_line' id='line_1_28' title="bbox 2097 1158 3696 1236; baseline -0.003 -19"><span class='ocrx_word' id='word_1_192' title='bbox 2097 1164 2393 1236; x_wconf 74' lang='grc' dir='ltr'>κράτιστον</span> <span class='ocrx_word' id='word_1_193' title='bbox 2424 1161 2585 1232; x_wconf 75' lang='grc' dir='ltr'>εἶναι,</span> <span class='ocrx_word' id='word_1_194' title='bbox 2624 1164 2725 1229; x_wconf 82' lang='grc' dir='ltr'><strong>τὰς</strong></span> <span class='ocrx_word' id='word_1_195' title='bbox 2754 1164 2854 1236; x_wconf 86' lang='grc' dir='ltr'><strong>μὲν</strong></span> <span class='ocrx_word' id='word_1_196' title='bbox 2884 1165 3099 1227; x_wconf 76' lang='grc' dir='ltr'>εἰκόνας</span> <span class='ocrx_word' id='word_1_197' title='bbox 3137 1162 3352 1234; x_wconf 84' lang='grc' dir='ltr'>χαίρειν</span> <span class='ocrx_word' id='word_1_198' title='bbox 3381 1162 3564 1223; x_wconf 83' lang='grc' dir='ltr'>ὲᾶσαι,</span> <span class='ocrx_word' id='word_1_199' title='bbox 3599 1158 3696 1213; x_wconf 77' lang='grc' dir='ltr'><strong>καί</strong></span> 
     </span>
    </p>
   </div>
   <div class='ocr_carea' id='block_1_29' title="bbox 2100 1254 3695 1328">
    <p class='ocr_par' dir='ltr' id='par_1_29' title="bbox 2100 1254 3695 1328">
     <span class='ocr_line' id='line_1_29' title="bbox 2100 1254 3695 1328; baseline -0.001 -19"><span class='ocrx_word' id='word_1_200' title='bbox 2100 1255 2277 1320; x_wconf 82' lang='grc' dir='ltr'>σκιὰς,</span> <span class='ocrx_word' id='word_1_201' title='bbox 2302 1256 2378 1322; x_wconf 84' lang='grc' dir='ltr'>ὡς</span> <span class='ocrx_word' id='word_1_202' title='bbox 2407 1256 2715 1328; x_wconf 81' lang='grc' dir='ltr'>ἀπατηλὰς,</span> <span class='ocrx_word' id='word_1_203' title='bbox 2746 1256 2843 1311; x_wconf 77' lang='grc' dir='ltr'><strong>καὶ</strong></span> <span class='ocrx_word' id='word_1_204' title='bbox 2868 1256 2969 1328; x_wconf 80' lang='grc' dir='ltr'>τῆς</span> <span class='ocrx_word' id='word_1_205' title='bbox 2994 1255 3252 1328; x_wconf 84' lang='grc' dir='ltr'>ἀληθείας</span> <span class='ocrx_word' id='word_1_206' title='bbox 3279 1255 3530 1308; x_wconf 86' lang='grc' dir='ltr'>πλεῖστον</span> <span class='ocrx_word' id='word_1_207' title='bbox 3554 1254 3695 1307; x_wconf 83' lang='grc' dir='ltr'>ἀπο-</span> 
     </span>
    </p>
   </div>
   <div class='ocr_carea' id='block_1_30' title="bbox 2096 1345 3695 1421">
    <p class='ocr_par' dir='ltr' id='par_1_30' title="bbox 2096 1345 3695 1421">
     <span class='ocr_line' id='line_1_30' title="bbox 2096 1345 3695 1421; baseline -0.003 -20"><span class='ocrx_word' id='word_1_208' title='bbox 2096 1347 2340 1414; x_wconf 73' lang='grc' dir='ltr'>δεούσας,</span> <span class='ocrx_word' id='word_1_209' title='bbox 2377 1348 2540 1403; x_wconf 82' lang='grc' dir='ltr'>αὐτὸν</span> <span class='ocrx_word' id='word_1_210' title='bbox 2580 1349 2638 1403; x_wconf 85' lang='grc' dir='ltr'>δὲ</span> <span class='ocrx_word' id='word_1_211' title='bbox 2674 1350 2773 1421; x_wconf 83' lang='grc' dir='ltr'>τῆς</span> <span class='ocrx_word' id='word_1_212' title='bbox 2804 1348 3202 1419; x_wconf 81' lang='grc' dir='ltr'>εὐσεϐεστέρας</span> <span class='ocrx_word' id='word_1_213' title='bbox 3250 1346 3460 1410; x_wconf 76' lang='grc' dir='ltr'>ἐννοίας</span> <span class='ocrx_word' id='word_1_214' title='bbox 3495 1345 3695 1416; x_wconf 76' lang='grc' dir='ltr'>ἐχόμε-</span> 
     </span>
    </p>
   </div>
   <div class='ocr_carea' id='block_1_31' title="bbox 2098 1436 3695 1513">
    <p class='ocr_par' dir='ltr' id='par_1_31' title="bbox 2098 1436 3695 1513">
     <span class='ocr_line' id='line_1_31' title="bbox 2098 1436 3695 1513; baseline -0.003 -20"><span class='ocrx_word' id='word_1_215' title='bbox 2098 1458 2209 1506; x_wconf 86' lang='grc' dir='ltr'>νον,</span> <span class='ocrx_word' id='word_1_216' title='bbox 2234 1440 2320 1494; x_wconf 75' lang='grc' dir='ltr'>ἐπ’</span> <span class='ocrx_word' id='word_1_217' title='bbox 2350 1441 2545 1510; x_wconf 88' lang='grc' dir='ltr'>ὀλίγων</span> <span class='ocrx_word' id='word_1_218' title='bbox 2582 1442 2847 1513; x_wconf 78' lang='grc' dir='ltr'>ῥημάτων</span> <span class='ocrx_word' id='word_1_219' title='bbox 2877 1442 3184 1512; x_wconf 83' lang='grc' dir='ltr'>ἱστάμενον,</span> <span class='ocrx_word' id='word_1_220' title='bbox 3212 1437 3392 1510; x_wconf 84' lang='grc' dir='ltr'>ὁδηγῷ</span> <span class='ocrx_word' id='word_1_221' title='bbox 3419 1436 3496 1508; x_wconf 83' lang='grc' dir='ltr'>τῷ</span> <span class='ocrx_word' id='word_1_222' title='bbox 3520 1436 3695 1490; x_wconf 85' lang='grc' dir='ltr'>Πνεύ-</span> 
     </span>
    </p>
   </div>
   <div class='ocr_carea' id='block_1_32' title="bbox 2102 1531 3691 1608">
    <p class='ocr_par' dir='ltr' id='par_1_32' title="bbox 2102 1531 3691 1608">
     <span class='ocr_line' id='line_1_32' title="bbox 2102 1531 3691 1608; baseline -0.003 -21"><span class='ocrx_word' id='word_1_223' title='bbox 2102 1552 2231 1606; x_wconf 86' lang='grc' dir='ltr'>ματι</span> <span class='ocrx_word' id='word_1_224' title='bbox 2256 1534 2559 1607; x_wconf 85' lang='grc' dir='ltr'>χρώμενον,</span> <span class='ocrx_word' id='word_1_225' title='bbox 2584 1537 2651 1608; x_wconf 80' lang='grc' dir='ltr'>ἢν</span> <span class='ocrx_word' id='word_1_226' title='bbox 2672 1535 2925 1590; x_wconf 79' lang='grc' dir='ltr'>ἐντεῦθεν</span> <span class='ocrx_word' id='word_1_227' title='bbox 2948 1533 3213 1606; x_wconf 76' lang='grc' dir='ltr'>ἔλλαμψιν</span> <span class='ocrx_word' id='word_1_228' title='bbox 3242 1531 3531 1603; x_wconf 77' lang='grc' dir='ltr'>ἐδεξάμην,</span> <span class='ocrx_word' id='word_1_229' title='bbox 3554 1531 3691 1584; x_wconf 77' lang='grc' dir='ltr'>ταύ-</span> 
     </span>
    </p>
   </div>
   <div class='ocr_carea' id='block_1_33' title="bbox 2099 1624 3691 1697">
    <p class='ocr_par' dir='ltr' id='par_1_33' title="bbox 2099 1624 3691 1697">
     <span class='ocr_line' id='line_1_33' title="bbox 2099 1624 3691 1697; baseline -0.002 -19"><span class='ocrx_word' id='word_1_230' title='bbox 2099 1642 2198 1696; x_wconf 89' lang='grc' dir='ltr'><strong>την</strong></span> <span class='ocrx_word' id='word_1_231' title='bbox 2233 1627 2314 1688; x_wconf 87' lang='grc' dir='ltr'><strong>εἰς</strong></span> <span class='ocrx_word' id='word_1_232' title='bbox 2359 1625 2515 1690; x_wconf 81' lang='grc' dir='ltr'>τέλος</span> <span class='ocrx_word' id='word_1_233' title='bbox 2564 1625 3036 1697; x_wconf 78' lang='grc' dir='ltr'>διαφυλάσσοντα,</span> <span class='ocrx_word' id='word_1_234' title='bbox 3078 1625 3156 1690; x_wconf 84' lang='grc' dir='ltr'>ὡς</span> <span class='ocrx_word' id='word_1_235' title='bbox 3202 1624 3434 1695; x_wconf 86' lang='grc' dir='ltr'>γνησίαν</span> <span class='ocrx_word' id='word_1_236' title='bbox 3490 1639 3691 1677; x_wconf 88' lang='grc' dir='ltr'>κοινω-</span> 
     </span>
    </p>
   </div>
   <div class='ocr_carea' id='block_1_34' title="bbox 290 1714 1993 1792">
    <p class='ocr_par' dir='ltr' id='par_1_34' title="bbox 290 1715 1990 1787">
     <span class='ocr_line' id='line_1_34' title="bbox 290 1715 1990 1787; baseline -0.001 -16"><span class='ocrx_word' id='word_1_237' title='bbox 290 1749 299 1759; x_wconf 75' lang='grc' dir='ltr'><em>ι</em></span> <span class='ocrx_word' id='word_1_238' title='bbox 405 1716 651 1786; x_wconf 89' lang='lat' dir='ltr'><strong>duceque</strong></span> <span class='ocrx_word' id='word_1_239' title='bbox 696 1715 905 1787; x_wconf 86' lang='lat' dir='ltr'><strong>Spiritu</strong></span> <span class='ocrx_word' id='word_1_240' title='bbox 937 1726 1127 1772; x_wconf 88' lang='lat' dir='ltr'><strong>sancto</strong></span> <span class='ocrx_word' id='word_1_241' title='bbox 1160 1726 1342 1781; x_wconf 88' lang='lat' dir='ltr'><strong>utens,</strong></span> <span class='ocrx_word' id='word_1_242' title='bbox 1385 1730 1655 1786; x_wconf 89' lang='lat' dir='ltr'><strong>quemque</strong></span> <span class='ocrx_word' id='word_1_243' title='bbox 1688 1716 1778 1770; x_wconf 90' lang='lat' dir='ltr'><strong>hic</strong></span> <span class='ocrx_word' id='word_1_244' title='bbox 1807 1716 1990 1786; x_wconf 88' lang='lat' dir='ltr'><strong>splen-</strong></span> 
     </span>
    </p>
   </div>
   <div class='ocr_carea' id='block_1_35' title="bbox 2101 1714 3693 1792">
    <p class='ocr_par' dir='ltr' id='par_1_35' title="bbox 2101 1714 3693 1792">
     <span class='ocr_line' id='line_1_35' title="bbox 2101 1714 3693 1792; baseline -0.003 -21"><span class='ocrx_word' id='word_1_245' title='bbox 2101 1718 2180 1771; x_wconf 73' lang='grc' dir='ltr'><strong>μὸν</strong></span> <span class='ocrx_word' id='word_1_246' title='bbox 2228 1718 2339 1789; x_wconf 90' lang='grc'>(97)</span> <span class='ocrx_word' id='word_1_247' title='bbox 2381 1719 2477 1773; x_wconf 80' lang='grc' dir='ltr'>καὶ</span> <span class='ocrx_word' id='word_1_248' title='bbox 2525 1720 2834 1792; x_wconf 84' lang='grc' dir='ltr'>συνόμιλον,</span> <span class='ocrx_word' id='word_1_249' title='bbox 2886 1720 2978 1774; x_wconf 80' lang='grc' dir='ltr'><strong>τὸν</strong></span> <span class='ocrx_word' id='word_1_250' title='bbox 3036 1718 3209 1773; x_wconf 84' lang='grc' dir='ltr'>αἰῶνα</span> <span class='ocrx_word' id='word_1_251' title='bbox 3255 1714 3446 1772; x_wconf 83' lang='grc' dir='ltr'>τοῦτον</span> <span class='ocrx_word' id='word_1_252' title='bbox 3499 1716 3693 1770; x_wconf 87' lang='grc' dir='ltr'>διαπο-</span> 
     </span>
    </p>
   </div>
   <div class='ocr_carea' id='block_1_36' title="bbox 407 1805 1993 1885">
    <p class='ocr_par' dir='ltr' id='par_1_36' title="bbox 407 1805 1991 1876">
     <span class='ocr_line' id='line_1_36' title="bbox 407 1805 1991 1876; baseline 0 -18"><span class='ocrx_word' id='word_1_253' title='bbox 407 1807 594 1861; x_wconf 85' lang='lat' dir='ltr'><strong>dorem</strong></span> <span class='ocrx_word' id='word_1_254' title='bbox 624 1806 833 1876; x_wconf 90' lang='lat' dir='ltr'><strong>accepi,</strong></span> <span class='ocrx_word' id='word_1_255' title='bbox 874 1806 1020 1861; x_wconf 88' lang='lat' dir='ltr'><strong>hunc</strong></span> <span class='ocrx_word' id='word_1_256' title='bbox 1048 1805 1117 1861; x_wconf 90' lang='lat' dir='ltr'><strong>ad</strong></span> <span class='ocrx_word' id='word_1_257' title='bbox 1147 1812 1454 1862; x_wconf 83' lang='lat' dir='ltr'><strong>extremum</strong></span> <span class='ocrx_word' id='word_1_258' title='bbox 1497 1819 1703 1875; x_wconf 81' lang='lat' dir='ltr'><strong>usque,</strong></span> <span class='ocrx_word' id='word_1_259' title='bbox 1734 1814 1991 1875; x_wconf 89' lang='lat' dir='ltr'><strong>tanquam</strong></span> 
     </span>
    </p>
   </div>
   <div class='ocr_carea' id='block_1_37' title="bbox 2101 1805 3692 1885">
    <p class='ocr_par' dir='ltr' id='par_1_37' title="bbox 2101 1807 3692 1885">
     <span class='ocr_line' id='line_1_37' title="bbox 2101 1807 3692 1885; baseline -0.001 -23"><span class='ocrx_word' id='word_1_260' title='bbox 2101 1809 2356 1882; x_wconf 83' lang='grc' dir='ltr'>ρεύεσθαι</span> <span class='ocrx_word' id='word_1_261' title='bbox 2384 1811 2740 1884; x_wconf 82' lang='grc' dir='ltr'>διατέμνοντα</span> <span class='ocrx_word' id='word_1_262' title='bbox 2774 1811 2906 1885; x_wconf 85' lang='grc'>(98),</span> <span class='ocrx_word' id='word_1_263' title='bbox 2940 1813 3034 1866; x_wconf 82' lang='grc' dir='ltr'><strong>καί</strong></span> <span class='ocrx_word' id='word_1_264' title='bbox 3073 1811 3200 1876; x_wconf 80' lang='grc' dir='ltr'>τοὺς</span> <span class='ocrx_word' id='word_1_265' title='bbox 3246 1810 3438 1873; x_wconf 84' lang='grc' dir='ltr'>ἄλλους</span> <span class='ocrx_word' id='word_1_266' title='bbox 3478 1807 3692 1862; x_wconf 85' lang='grc' dir='ltr'>πείθειν</span> 
     </span>
    </p>
   </div>
   <div class='ocr_carea' id='block_1_38' title="bbox 405 1898 1993 1976">
    <p class='ocr_par' dir='ltr' id='par_1_38' title="bbox 405 1898 1993 1968">
     <span class='ocr_line' id='line_1_38' title="bbox 405 1898 1993 1968; baseline -0.001 -14"><span class='ocrx_word' id='word_1_267' title='bbox 405 1898 577 1954; x_wconf 84' lang='lat' dir='ltr'><strong>ﬁdum</strong></span> <span class='ocrx_word' id='word_1_268' title='bbox 608 1899 812 1954; x_wconf 88' lang='lat' dir='ltr'><strong>socium</strong></span> <span class='ocrx_word' id='word_1_269' title='bbox 837 1910 893 1955; x_wconf 88' lang='lat' dir='ltr'><strong>et</strong></span> <span class='ocrx_word' id='word_1_270' title='bbox 913 1914 1305 1968; x_wconf 88' lang='lat' dir='ltr'><strong>congerronem</strong></span> <span class='ocrx_word' id='word_1_271' title='bbox 1332 1901 1667 1965; x_wconf 89' lang='lat' dir='ltr'><strong>custodiens,</strong></span> <span class='ocrx_word' id='word_1_272' title='bbox 1696 1914 1870 1953; x_wconf 87' lang='lat' dir='ltr'><strong>aevum</strong></span> <span class='ocrx_word' id='word_1_273' title='bbox 1892 1898 1993 1953; x_wconf 90' lang='lat' dir='ltr'><strong>hoc</strong></span> 
     </span>
    </p>
   </div>
   <div class='ocr_carea' id='block_1_39' title="bbox 2101 1898 3691 1976">
    <p class='ocr_par' dir='ltr' id='par_1_39' title="bbox 2101 1900 3691 1976">
     <span class='ocr_line' id='line_1_39' title="bbox 2101 1900 3691 1976; baseline -0.002 -21"><span class='ocrx_word' id='word_1_274' title='bbox 2101 1905 2179 1966; x_wconf 83' lang='grc' dir='ltr'><strong>εἰς</strong></span> <span class='ocrx_word' id='word_1_275' title='bbox 2228 1901 2477 1976; x_wconf 76' lang='grc' dir='ltr'>δύναμιν,</span> <span class='ocrx_word' id='word_1_276' title='bbox 2533 1907 2861 1976; x_wconf 86' lang='grc' dir='ltr'>προσκυνεῖν</span> <span class='ocrx_word' id='word_1_277' title='bbox 2919 1905 3161 1976; x_wconf 85' lang='grc' dir='ltr'>Πατέρα,</span> <span class='ocrx_word' id='word_1_278' title='bbox 3209 1906 3305 1958; x_wconf 77' lang='grc' dir='ltr'>καὶ</span> <span class='ocrx_word' id='word_1_279' title='bbox 3365 1902 3529 1967; x_wconf 76' lang='grc' dir='ltr'>Υἱὺν,</span> <span class='ocrx_word' id='word_1_280' title='bbox 3592 1900 3691 1953; x_wconf 76' lang='grc' dir='ltr'><strong>καὶ</strong></span> 
     </span>
    </p>
   </div>
   <div class='ocr_carea' id='block_1_40' title="bbox 406 1989 1993 2069">
    <p class='ocr_par' dir='ltr' id='par_1_40' title="bbox 406 1989 1992 2063">
     <span class='ocr_line' id='line_1_40' title="bbox 406 1989 1992 2063; baseline -0.002 -17"><span class='ocrx_word' id='word_1_281' title='bbox 406 1989 699 2059; x_wconf 87' lang='lat' dir='ltr'><strong>trajiciam,</strong></span> <span class='ocrx_word' id='word_1_282' title='bbox 725 1990 969 2062; x_wconf 89' lang='lat' dir='ltr'><strong>aliosque</strong></span> <span class='ocrx_word' id='word_1_283' title='bbox 990 2007 1087 2063; x_wconf 90' lang='lat' dir='ltr'><strong>pro</strong></span> <span class='ocrx_word' id='word_1_284' title='bbox 1112 1991 1322 2047; x_wconf 88' lang='lat' dir='ltr'><strong>viribus</strong></span> <span class='ocrx_word' id='word_1_285' title='bbox 1354 1989 1645 2057; x_wconf 86' lang='lat' dir='ltr'><strong>adducam,</strong></span> <span class='ocrx_word' id='word_1_286' title='bbox 1670 1999 1731 2045; x_wconf 94' lang='lat' dir='ltr'><strong>ut</strong></span> <span class='ocrx_word' id='word_1_287' title='bbox 1755 1989 1992 2056; x_wconf 88' lang='lat' dir='ltr'><strong>Patrem,</strong></span> 
     </span>
    </p>
   </div>
   <div class='ocr_carea' id='block_1_41' title="bbox 2101 1989 3689 2069">
    <p class='ocr_par' dir='ltr' id='par_1_41' title="bbox 2101 1991 3689 2069">
     <span class='ocr_line' id='line_1_41' title="bbox 2101 1991 3689 2069; baseline -0.002 -21"><span class='ocrx_word' id='word_1_288' title='bbox 2101 1994 2325 2066; x_wconf 81' lang='grc' dir='ltr'>Πνεῦμα</span> <span class='ocrx_word' id='word_1_289' title='bbox 2346 1995 2522 2065; x_wconf 74' lang='grc' dir='ltr'>ἅγιον,</span> <span class='ocrx_word' id='word_1_290' title='bbox 2546 1997 2647 2069; x_wconf 78' lang='grc' dir='ltr'><strong>τὴν</strong></span> <span class='ocrx_word' id='word_1_291' title='bbox 2679 1997 2810 2068; x_wconf 87' lang='grc' dir='ltr'>μίαν</span> <span class='ocrx_word' id='word_1_292' title='bbox 2845 1995 3076 2068; x_wconf 82' lang='grc' dir='ltr'>θεότητά</span> <span class='ocrx_word' id='word_1_293' title='bbox 3101 2014 3162 2049; x_wconf 89' lang='grc' dir='ltr'><strong>τε</strong></span> <span class='ocrx_word' id='word_1_294' title='bbox 3188 1995 3281 2049; x_wconf 68' lang='grc' dir='ltr'><strong>καί⁸</strong></span> <span class='ocrx_word' id='word_1_295' title='bbox 3299 1992 3527 2065; x_wconf 83' lang='grc' dir='ltr'>δύναμιν</span> <span class='ocrx_word' id='word_1_296' title='bbox 3550 1991 3689 2063; x_wconf 86' lang='grc'><strong>(99)·</strong></span> 
     </span>
    </p>
   </div>
   <div class='ocr_carea' id='block_1_42' title="bbox 408 2081 1993 2161">
    <p class='ocr_par' dir='ltr' id='par_1_42' title="bbox 408 2081 1993 2156">
     <span class='ocr_line' id='line_1_42' title="bbox 408 2081 1993 2156; baseline -0.005 -12"><span class='ocrx_word' id='word_1_297' title='bbox 408 2097 463 2144; x_wconf 91' lang='lat' dir='ltr'><strong>et</strong></span> <span class='ocrx_word' id='word_1_298' title='bbox 490 2089 708 2154; x_wconf 89' lang='lat' dir='ltr'><strong>Filium,</strong></span> <span class='ocrx_word' id='word_1_299' title='bbox 733 2094 791 2143; x_wconf 91' lang='lat' dir='ltr'><strong>et</strong></span> <span class='ocrx_word' id='word_1_300' title='bbox 818 2084 1081 2156; x_wconf 87' lang='lat' dir='ltr'><strong>Spiritum</strong></span> <span class='ocrx_word' id='word_1_301' title='bbox 1106 2093 1353 2142; x_wconf 91' lang='lat' dir='ltr'><strong>sanctum</strong></span> <span class='ocrx_word' id='word_1_302' title='bbox 1385 2086 1632 2151; x_wconf 90' lang='lat' dir='ltr'><strong>adorent,</strong></span> <span class='ocrx_word' id='word_1_303' title='bbox 1667 2098 1830 2139; x_wconf 87' lang='lat' dir='ltr'><strong>unam</strong></span> <span class='ocrx_word' id='word_1_304' title='bbox 1860 2081 1993 2137; x_wconf 82' lang='lat' dir='ltr'><strong>divi-</strong></span> 
     </span>
    </p>
   </div>
   <div class='ocr_carea' id='block_1_43' title="bbox 2101 2081 3689 2161">
    <p class='ocr_par' dir='ltr' id='par_1_43' title="bbox 2101 2083 3689 2161">
     <span class='ocr_line' id='line_1_43' title="bbox 2101 2083 3689 2161; baseline -0.003 -19"><span class='ocrx_word' id='word_1_305' title='bbox 2101 2088 2181 2142; x_wconf 80' lang='grc' dir='ltr'><strong>ὅτι</strong></span> <span class='ocrx_word' id='word_1_306' title='bbox 2215 2087 2363 2160; x_wconf 81' lang='grc' dir='ltr'>αὐτῷ</span> <span class='ocrx_word' id='word_1_307' title='bbox 2396 2091 2546 2143; x_wconf 85' lang='grc' dir='ltr'>πᾶσα</span> <span class='ocrx_word' id='word_1_308' title='bbox 2576 2089 2725 2154; x_wconf 81' lang='grc' dir='ltr'>δόξα,</span> <span class='ocrx_word' id='word_1_309' title='bbox 2762 2089 2919 2161; x_wconf 81' lang='grc' dir='ltr'>τιμὴ,</span> <span class='ocrx_word' id='word_1_310' title='bbox 2954 2088 3176 2161; x_wconf 87' lang='grc' dir='ltr'>κράτος,</span> <span class='ocrx_word' id='word_1_311' title='bbox 3211 2089 3291 2151; x_wconf 89' lang='grc' dir='ltr'><strong>εἰς</strong></span> <span class='ocrx_word' id='word_1_312' title='bbox 3325 2087 3452 2150; x_wconf 82' lang='grc' dir='ltr'>τοὺς</span> <span class='ocrx_word' id='word_1_313' title='bbox 3481 2083 3689 2149; x_wconf 78' lang='grc' dir='ltr'>αἰῶνας</span> 
     </span>
    </p>
   </div>
   <div class='ocr_carea' id='block_1_44' title="bbox 406 2172 1995 2249">
    <p class='ocr_par' dir='ltr' id='par_1_44' title="bbox 406 2172 1995 2249">
     <span class='ocr_line' id='line_1_44' title="bbox 406 2172 1995 2249; baseline -0.006 -14"><span class='ocrx_word' id='word_1_314' title='bbox 406 2181 631 2237; x_wconf 85' lang='lat' dir='ltr'><strong>nitatem</strong></span> <span class='ocrx_word' id='word_1_315' title='bbox 673 2194 737 2235; x_wconf 92' lang='lat' dir='ltr'><strong>ac</strong></span> <span class='ocrx_word' id='word_1_316' title='bbox 760 2177 1099 2249; x_wconf 87' lang='lat' dir='ltr'><strong>potentiam;</strong></span> <span class='ocrx_word' id='word_1_317' title='bbox 1130 2176 1390 2248; x_wconf 83' lang='lat' dir='ltr'><strong>quoniam</strong></span> <span class='ocrx_word' id='word_1_318' title='bbox 1425 2176 1527 2246; x_wconf 90' lang='lat' dir='ltr'><strong>ipsi</strong></span> <span class='ocrx_word' id='word_1_319' title='bbox 1573 2175 1754 2231; x_wconf 90' lang='lat' dir='ltr'><strong>omnis</strong></span> <span class='ocrx_word' id='word_1_320' title='bbox 1805 2172 1995 2245; x_wconf 82' lang='lat' dir='ltr'><strong>gloria,</strong></span> 
     </span>
    </p>
   </div>
   <div class='ocr_carea' id='block_1_45' title="bbox 407 2266 1820 2339">
    <p class='ocr_par' dir='ltr' id='par_1_45' title="bbox 407 2266 1820 2339">
     <span class='ocr_line' id='line_1_45' title="bbox 407 2266 1820 2339; baseline -0.005 -11"><span class='ocrx_word' id='word_1_321' title='bbox 407 2273 602 2339; x_wconf 89' lang='lat' dir='ltr'><strong>honor,</strong></span> <span class='ocrx_word' id='word_1_322' title='bbox 634 2270 919 2337; x_wconf 88' lang='lat' dir='ltr'><strong>imperium</strong></span> <span class='ocrx_word' id='word_1_323' title='bbox 945 2269 998 2324; x_wconf 90' lang='lat' dir='ltr'><strong>in</strong></span> <span class='ocrx_word' id='word_1_324' title='bbox 1025 2269 1220 2326; x_wconf 73' lang='lat' dir='ltr'><strong>saecula</strong></span> <span class='ocrx_word' id='word_1_325' title='bbox 1248 2267 1589 2324; x_wconf 86' lang='lat' dir='ltr'><strong>saeculorum.</strong></span> <span class='ocrx_word' id='word_1_326' title='bbox 1620 2266 1820 2322; x_wconf 86' lang='lat' dir='ltr'><strong>Amen.</strong></span> 
     </span>
    </p>
   </div>
   <div class='ocr_carea' id='block_1_46' title="bbox 447 2383 1993 2468">
    <p class='ocr_par' dir='ltr' id='par_1_46' title="bbox 447 2383 1993 2468">
     <span class='ocr_line' id='line_1_46' title="bbox 447 2383 1993 2468; baseline -0.003 -27"><span class='ocrx_word' id='word_1_327' title='bbox 447 2385 594 2468; x_wconf 39' lang='grc'><strong>,(97)</strong></span> <span class='ocrx_word' id='word_1_328' title='bbox 632 2386 953 2441; x_wconf 77' lang='grc' dir='ltr'>Κοινωνόν.</span> <span class='ocrx_word' id='word_1_329' title='bbox 979 2383 1069 2441; x_wconf 88' lang='lat' dir='ltr'><strong>Sic</strong></span> <span class='ocrx_word' id='word_1_330' title='bbox 1099 2385 1256 2441; x_wconf 90' lang='lat' dir='ltr'><strong>codd.</strong></span> <span class='ocrx_word' id='word_1_331' title='bbox 1281 2383 1535 2441; x_wconf 83' lang='lat' dir='ltr'><strong>Mendose</strong></span> <span class='ocrx_word' id='word_1_332' title='bbox 1564 2385 1617 2440; x_wconf 93' lang='lat' dir='ltr'><strong>in</strong></span> <span class='ocrx_word' id='word_1_333' title='bbox 1650 2386 1766 2451; x_wconf 90' lang='lat' dir='ltr'><strong>ed.,</strong></span> <span class='ocrx_word' id='word_1_334' title='bbox 1798 2400 1993 2438; x_wconf 84' lang='grc' dir='ltr'>κοινω-</span> 
     </span>
    </p>
   </div>
   <div class='ocr_carea' id='block_1_47' title="bbox 407 2471 1703 2599">
    <p class='ocr_par' dir='ltr' id='par_1_47' title="bbox 407 2471 1703 2599">
     <span class='ocr_line' id='line_1_47' title="bbox 407 2471 1703 2599; baseline -0.003 -16"><span class='ocrx_word' id='word_1_335' title='bbox 407 2471 598 2599; x_wconf 59' lang='grc' dir='ltr'><strong>νωῖθὸ)</strong></span> <span class='ocrx_word' id='word_1_336' title='bbox 636 2523 1053 2598; x_wconf 71' lang='grc' dir='ltr'>Δωτέμνοντα.</span> <span class='ocrx_word' id='word_1_337' title='bbox 1079 2525 1242 2582; x_wconf 88' lang='lat' dir='ltr'><strong>Deest</strong></span> <span class='ocrx_word' id='word_1_338' title='bbox 1270 2525 1323 2580; x_wconf 92' lang='lat' dir='ltr'><strong>in</strong></span> <span class='ocrx_word' id='word_1_339' title='bbox 1350 2524 1523 2581; x_wconf 89' lang='lat' dir='ltr'><strong>tribus</strong></span> <span class='ocrx_word' id='word_1_340' title='bbox 1551 2524 1703 2581; x_wconf 86' lang='lat' dir='ltr'><strong>Colb.</strong></span> 
     </span>
    </p>
   </div>
   <div class='ocr_carea' id='block_1_48' title="bbox 1399 2694 1987 2704">
    <p class='ocr_par' dir='ltr' id='par_1_48' title="bbox 1399 2694 1987 2704">
     <span class='ocr_line' id='line_1_48' title="bbox 1399 2694 1987 2704; baseline 0 -1"><span class='ocrx_word' id='word_1_341' title='bbox 1399 2694 1987 2704; x_wconf 67' lang='lat'><strong>_———.—.—</strong></span> 
     </span>
    </p>
   </div>
   <div class='ocr_carea' id='block_1_49' title="bbox 2096 2180 2720 2255">
    <p class='ocr_par' dir='ltr' id='par_1_49' title="bbox 2096 2180 2720 2255">
     <span class='ocr_line' id='line_1_49' title="bbox 2096 2180 2720 2255; baseline 0 -20"><span class='ocrx_word' id='word_1_342' title='bbox 2096 2180 2204 2235; x_wconf 86' lang='grc' dir='ltr'><strong>τῶν</strong></span> <span class='ocrx_word' id='word_1_343' title='bbox 2243 2181 2476 2236; x_wconf 79' lang='grc' dir='ltr'>αἰώνων.</span> <span class='ocrx_word' id='word_1_344' title='bbox 2527 2182 2720 2255; x_wconf 82' lang='grc' dir='ltr'>Ἀμήν.</span> 
     </span>
    </p>
   </div>
   <div class='ocr_carea' id='block_1_50' title="bbox 2174 2384 3689 2457">
    <p class='ocr_par' dir='ltr' id='par_1_50' title="bbox 2174 2384 3689 2457">
     <span class='ocr_line' id='line_1_50' title="bbox 2174 2384 3689 2457; baseline -0.001 -16"><span class='ocrx_word' id='word_1_345' title='bbox 2174 2386 2285 2455; x_wconf 75' lang='lat'><strong>(99)</strong></span> <span class='ocrx_word' id='word_1_346' title='bbox 2326 2387 2431 2442; x_wconf 75' lang='grc' dir='ltr'><strong>Καὶ</strong></span> <span class='ocrx_word' id='word_1_347' title='bbox 2477 2387 2755 2456; x_wconf 76' lang='grc' dir='ltr'>δύναμιν.</span> <span class='ocrx_word' id='word_1_348' title='bbox 2797 2386 2929 2457; x_wconf 75' lang='lat' dir='ltr'><strong>Reg.</strong></span> <span class='ocrx_word' id='word_1_349' title='bbox 2993 2402 3045 2452; x_wconf 69' lang='grc' dir='ltr'><strong>θ,</strong></span> <span class='ocrx_word' id='word_1_350' title='bbox 3094 2386 3189 2440; x_wconf 78' lang='grc' dir='ltr'><strong>καὶ</strong></span> <span class='ocrx_word' id='word_1_351' title='bbox 3235 2384 3533 2456; x_wconf 85' lang='grc' dir='ltr'>βασιλείαν,</span> <span class='ocrx_word' id='word_1_352' title='bbox 3588 2386 3689 2440; x_wconf 74' lang='grc' dir='ltr'>καὶ</span> 
     </span>
    </p>
   </div>
   <div class='ocr_carea' id='block_1_51' title="bbox 2099 2457 3267 2529">
    <p class='ocr_par' dir='ltr' id='par_1_51' title="bbox 2099 2457 3267 2529">
     <span class='ocr_line' id='line_1_51' title="bbox 2099 2457 3267 2529; baseline -0.001 -19"><span class='ocrx_word' id='word_1_353' title='bbox 2099 2457 2347 2529; x_wconf 75' lang='grc' dir='ltr'>δύναμιν,</span> <span class='ocrx_word' id='word_1_354' title='bbox 2381 2479 2397 2508; x_wconf 77' lang='grc' dir='ltr'>σ</span> <span class='ocrx_word' id='word_1_355' title='bbox 2442 2470 2497 2513; x_wconf 88' lang='lat' dir='ltr'><strong>et</strong></span> <span class='ocrx_word' id='word_1_356' title='bbox 2536 2474 2781 2527; x_wconf 83' lang='lat' dir='ltr'><strong>regnum,</strong></span> <span class='ocrx_word' id='word_1_357' title='bbox 2810 2467 2865 2513; x_wconf 89' lang='lat' dir='ltr'><strong>et</strong></span> <span class='ocrx_word' id='word_1_358' title='bbox 2888 2459 3207 2526; x_wconf 86' lang='lat' dir='ltr'><strong>potentiam.</strong></span> <span class='ocrx_word' id='word_1_359' title='bbox 3247 2477 3267 2509; x_wconf 77' lang='grc' dir='ltr'><strong>ι</strong></span> 
     </span>
    </p>
   </div>
   <div class='ocr_carea' id='block_1_52' title="bbox 3409 2678 3674 2694">
    <p class='ocr_par' dir='ltr' id='par_1_52' title="bbox 3409 2678 3674 2694">
     <span class='ocr_line' id='line_1_52' title="bbox 3409 2678 3674 2694; baseline 0.004 -3"><span class='ocrx_word' id='word_1_360' title='bbox 3409 2678 3674 2694; x_wconf 44' lang='grc' dir='ltr'><strong>μή</strong></span> 
     </span>
    </p>
   </div>
   <div class='ocr_carea' id='block_1_53' title="bbox 903 2830 3175 2941">
    <p class='ocr_par' dir='ltr' id='par_1_53' title="bbox 903 2830 3175 2941">
     <span class='ocr_line' id='line_1_53' title="bbox 903 2830 3175 2941; baseline -0.003 -4"><span class='ocrx_word' id='word_1_361' title='bbox 903 2830 1683 2941; x_wconf 75' lang='lat' dir='ltr'><strong>578M0NITUM</strong></span> <span class='ocrx_word' id='word_1_362' title='bbox 1760 2847 1888 2938; x_wconf 92' lang='lat' dir='ltr'><strong>1N</strong></span> <span class='ocrx_word' id='word_1_363' title='bbox 1961 2843 2680 2939; x_wconf 83' lang='lat' dir='ltr'><strong>OBATIONEM</strong></span> <span class='ocrx_word' id='word_1_364' title='bbox 2749 2846 3175 2937; x_wconf 85' lang='lat' dir='ltr'><strong>XXXII.</strong></span> 
     </span>
    </p>
   </div>
   <div class='ocr_carea' id='block_1_54' title="bbox 490 3154 3672 3237">
    <p class='ocr_par' dir='ltr' id='par_1_54' title="bbox 490 3154 3672 3237">
     <span class='ocr_line' id='line_1_54' title="bbox 490 3154 3672 3237; baseline -0.001 -19"><span class='ocrx_word' id='word_1_365' title='bbox 490 3157 542 3237; x_wconf 83' lang='lat' dir='ltr'><strong>l.</strong></span> <span class='ocrx_word' id='word_1_366' title='bbox 597 3156 1003 3237; x_wconf 88' lang='lat' dir='ltr'><strong>Theologicis</strong></span> <span class='ocrx_word' id='word_1_367' title='bbox 1048 3157 1452 3220; x_wconf 83' lang='lat' dir='ltr'><strong>orationibus</strong></span> <span class='ocrx_word' id='word_1_368' title='bbox 1501 3159 1850 3236; x_wconf 80' lang='lat' dir='ltr'><strong>egregiam,</strong></span> <span class='ocrx_word' id='word_1_369' title='bbox 1916 3159 2064 3220; x_wconf 74' lang='lat' dir='ltr'><strong>«De</strong></span> <span class='ocrx_word' id='word_1_370' title='bbox 2106 3158 2541 3221; x_wconf 84' lang='lat' dir='ltr'><strong>moderatione</strong></span> <span class='ocrx_word' id='word_1_371' title='bbox 2589 3157 2654 3219; x_wconf 92' lang='lat' dir='ltr'><strong>in</strong></span> <span class='ocrx_word' id='word_1_372' title='bbox 2689 3156 3233 3234; x_wconf 83' lang='lat' dir='ltr'><strong>disputationibus</strong></span> <span class='ocrx_word' id='word_1_373' title='bbox 3266 3154 3605 3237; x_wconf 79' lang='lat' dir='ltr'><strong>servanda,</strong></span> <span class='ocrx_word' id='word_1_374' title='bbox 3636 3177 3672 3213; x_wconf 70' lang='grc' dir='ltr'><strong>ι</strong></span> 
     </span>
    </p>
   </div>
   <div class='ocr_carea' id='block_1_55' title="bbox 410 3234 3673 3316">
    <p class='ocr_par' dir='ltr' id='par_1_55' title="bbox 410 3234 3673 3316">
     <span class='ocr_line' id='line_1_55' title="bbox 410 3234 3673 3316; baseline 0.001 -20"><span class='ocrx_word' id='word_1_375' title='bbox 410 3234 878 3316; x_wconf 77' lang='lat' dir='ltr'><strong>subjungimus</strong></span> <span class='ocrx_word' id='word_1_376' title='bbox 905 3239 1287 3301; x_wconf 85' lang='lat' dir='ltr'><strong>oralionem.</strong></span> <span class='ocrx_word' id='word_1_377' title='bbox 1319 3238 1470 3299; x_wconf 71' lang='lat' dir='ltr'><strong>Haec</strong></span> <span class='ocrx_word' id='word_1_378' title='bbox 1501 3234 1924 3316; x_wconf 38' lang='lat' dir='ltr'><strong>si&#39;quidem&#39;ad</strong></span> <span class='ocrx_word' id='word_1_379' title='bbox 1962 3238 2381 3315; x_wconf 83' lang='lat' dir='ltr'><strong>theologicas,</strong></span> <span class='ocrx_word' id='word_1_380' title='bbox 2414 3246 2475 3298; x_wconf 90' lang='lat' dir='ltr'><strong>et</strong></span> <span class='ocrx_word' id='word_1_381' title='bbox 2506 3246 2911 3314; x_wconf 89' lang='lat' dir='ltr'><strong>argumento,</strong></span> <span class='ocrx_word' id='word_1_382' title='bbox 2947 3247 3022 3316; x_wconf 85' lang='lat' dir='ltr'><strong>et</strong></span> <span class='ocrx_word' id='word_1_383' title='bbox 3053 3243 3338 3316; x_wconf 82' lang='lat' dir='ltr'><strong>tempore</strong></span> <span class='ocrx_word' id='word_1_384' title='bbox 3373 3234 3673 3316; x_wconf 64' lang='lat' dir='ltr'><strong>proXime</strong></span> 
     </span>
    </p>
   </div>
   <div class='ocr_carea' id='block_1_56' title="bbox 412 3312 3675 3395">
    <p class='ocr_par' dir='ltr' id='par_1_56' title="bbox 412 3312 3675 3395">
     <span class='ocr_line' id='line_1_56' title="bbox 412 3312 3675 3395; baseline 0 -19"><span class='ocrx_word' id='word_1_385' title='bbox 412 3312 685 3378; x_wconf 60' lang='lat' dir='ltr'><strong>accedit:</strong></span> <span class='ocrx_word' id='word_1_386' title='bbox 712 3317 969 3379; x_wconf 89' lang='lat' dir='ltr'><strong>Dudum</strong></span> <span class='ocrx_word' id='word_1_387' title='bbox 1001 3317 1199 3392; x_wconf 84' lang='lat' dir='ltr'><strong>enim.</strong></span> <span class='ocrx_word' id='word_1_388' title='bbox 1255 3322 1324 3376; x_wconf 90' lang='lat' dir='ltr'><strong>ut</strong></span> <span class='ocrx_word' id='word_1_389' title='bbox 1349 3316 1478 3395; x_wconf 88' lang='lat' dir='ltr'><strong>jam</strong></span> <span class='ocrx_word' id='word_1_390' title='bbox 1514 3312 1680 3395; x_wconf 69' lang='lat' dir='ltr'><strong>saepe</strong></span> <span class='ocrx_word' id='word_1_391' title='bbox 1712 3318 1777 3378; x_wconf 90' lang='lat' dir='ltr'><strong>in</strong></span> <span class='ocrx_word' id='word_1_392' title='bbox 1811 3312 2325 3395; x_wconf 52' lang='lat' dir='ltr'><strong>praecedenti—bus</strong></span> <span class='ocrx_word' id='word_1_393' title='bbox 2360 3312 2623 3379; x_wconf 83' lang='lat' dir='ltr'><strong>monitis</strong></span> <span class='ocrx_word' id='word_1_394' title='bbox 2655 3316 2962 3387; x_wconf 82' lang='lat' dir='ltr'><strong>vidimus,</strong></span> <span class='ocrx_word' id='word_1_395' title='bbox 2996 3315 3453 3395; x_wconf 71' lang='lat' dir='ltr'><strong>haereticorum</strong></span> <span class='ocrx_word' id='word_1_396' title='bbox 3487 3312 3675 3377; x_wconf 85' lang='lat' dir='ltr'><strong>furor</strong></span> 
     </span>
    </p>
   </div>
   <div class='ocr_carea' id='block_1_57' title="bbox 409 3393 3681 3474">
    <p class='ocr_par' dir='ltr' id='par_1_57' title="bbox 409 3393 3681 3474">
     <span class='ocr_line' id='line_1_57' title="bbox 409 3393 3681 3474; baseline 0.001 -23"><span class='ocrx_word' id='word_1_397' title='bbox 409 3395 626 3474; x_wconf 80' lang='lat' dir='ltr'><strong>varios</strong></span> <span class='ocrx_word' id='word_1_398' title='bbox 676 3413 747 3457; x_wconf 85' lang='lat' dir='ltr'><strong>ac</strong></span> <span class='ocrx_word' id='word_1_399' title='bbox 799 3395 1094 3472; x_wconf 82' lang='lat' dir='ltr'><strong>ingentes</strong></span> <span class='ocrx_word' id='word_1_400' title='bbox 1132 3393 1688 3474; x_wconf 70' lang='lat' dir='ltr'><strong>Constantinopo“</strong></span> <span class='ocrx_word' id='word_1_401' title='bbox 1735 3393 2054 3458; x_wconf 83' lang='lat' dir='ltr'><strong>tumultus</strong></span> <span class='ocrx_word' id='word_1_402' title='bbox 2104 3397 2434 3458; x_wconf 68' lang='lat' dir='ltr'><strong>excitarat.</strong></span> <span class='ocrx_word' id='word_1_403' title='bbox 2498 3398 2683 3458; x_wconf 88' lang='lat' dir='ltr'><strong>Sacra</strong></span> <span class='ocrx_word' id='word_1_404' title='bbox 2734 3400 2794 3457; x_wconf 86' lang='lat' dir='ltr'><strong>et</strong></span> <span class='ocrx_word' id='word_1_405' title='bbox 2849 3393 3402 3474; x_wconf 83' lang='lat' dir='ltr'><strong>pretiosaChristi</strong></span> <span class='ocrx_word' id='word_1_406' title='bbox 3449 3396 3681 3474; x_wconf 84' lang='lat' dir='ltr'><strong>tunica</strong></span> 
     </span>
    </p>
   </div>
   <div class='ocr_carea' id='block_1_58' title="bbox 408 3471 3682 3554">
    <p class='ocr_par' dir='ltr' id='par_1_58' title="bbox 408 3471 3682 3554">
     <span class='ocr_line' id='line_1_58' title="bbox 408 3471 3682 3554; baseline 0.001 -21"><span class='ocrx_word' id='word_1_407' title='bbox 408 3472 845 3554; x_wconf 78' lang='lat' dir='ltr'><strong>undequaque</strong></span> <span class='ocrx_word' id='word_1_408' title='bbox 885 3471 1221 3554; x_wconf 77' lang='lat' dir='ltr'><strong>sacrilegis</strong></span> <span class='ocrx_word' id='word_1_409' title='bbox 1270 3471 1619 3554; x_wconf 79' lang='lat' dir='ltr'><strong>impiorum</strong></span> <span class='ocrx_word' id='word_1_410' title='bbox 1659 3474 2505 3554; x_wconf 83' lang='lat' dir='ltr'><strong>manibusdilacerabatur;</strong></span> <span class='ocrx_word' id='word_1_411' title='bbox 2559 3484 2752 3554; x_wconf 90' lang='lat' dir='ltr'><strong>atque</strong></span> <span class='ocrx_word' id='word_1_412' title='bbox 2784 3471 3183 3554; x_wconf 78' lang='lat' dir='ltr'><strong>adeotristis</strong></span> <span class='ocrx_word' id='word_1_413' title='bbox 3215 3481 3277 3535; x_wconf 92' lang='lat' dir='ltr'><strong>et</strong></span> <span class='ocrx_word' id='word_1_414' title='bbox 3305 3471 3682 3554; x_wconf 69' lang='lat' dir='ltr'><strong>calamitosa</strong></span> 
     </span>
    </p>
   </div>
   <div class='ocr_carea' id='block_1_59' title="bbox 411 3551 3682 3633">
    <p class='ocr_par' dir='ltr' id='par_1_59' title="bbox 411 3551 3682 3633">
     <span class='ocr_line' id='line_1_59' title="bbox 411 3551 3682 3633; baseline -0 -21"><span class='ocrx_word' id='word_1_415' title='bbox 411 3559 545 3612; x_wconf 89' lang='lat' dir='ltr'><strong>erat</strong></span> <span class='ocrx_word' id='word_1_416' title='bbox 579 3552 677 3633; x_wconf 71' lang='lat' dir='ltr'><strong>his</strong></span> <span class='ocrx_word' id='word_1_417' title='bbox 711 3551 1108 3633; x_wconf 75' lang='lat' dir='ltr'><strong>temporibus</strong></span> <span class='ocrx_word' id='word_1_418' title='bbox 1134 3554 1446 3633; x_wconf 63' lang='lat' dir='ltr'><strong>Ecclesiae</strong></span> <span class='ocrx_word' id='word_1_419' title='bbox 1476 3552 1696 3625; x_wconf 81' lang='lat' dir='ltr'><strong>facies,</strong></span> <span class='ocrx_word' id='word_1_420' title='bbox 1740 3559 1809 3615; x_wconf 92' lang='lat' dir='ltr'><strong>ut</strong></span> <span class='ocrx_word' id='word_1_421' title='bbox 1845 3553 2111 3616; x_wconf 85' lang='lat' dir='ltr'><strong>confusa</strong></span> <span class='ocrx_word' id='word_1_422' title='bbox 2143 3555 2357 3616; x_wconf 80' lang='lat' dir='ltr'><strong>omnia</strong></span> <span class='ocrx_word' id='word_1_423' title='bbox 2398 3563 2461 3616; x_wconf 90' lang='lat' dir='ltr'><strong>et</strong></span> <span class='ocrx_word' id='word_1_424' title='bbox 2505 3551 2870 3633; x_wconf 78' lang='lat' dir='ltr'><strong>perturbata</strong></span> <span class='ocrx_word' id='word_1_425' title='bbox 2908 3551 3308 3633; x_wconf 71' lang='lat' dir='ltr'><strong>viderentur.</strong></span> <span class='ocrx_word' id='word_1_426' title='bbox 3341 3552 3516 3633; x_wconf 77' lang='lat' dir='ltr'><strong>_Cum_</strong></span> <span class='ocrx_word' id='word_1_427' title='bbox 3543 3552 3682 3629; x_wconf 88' lang='lat' dir='ltr'><strong>igi-</strong></span> 
     </span>
    </p>
   </div>
   <div class='ocr_carea' id='block_1_60' title="bbox 410 3629 3679 3707">
    <p class='ocr_par' dir='ltr' id='par_1_60' title="bbox 410 3629 3679 3707">
     <span class='ocr_line' id='line_1_60' title="bbox 410 3629 3679 3707; baseline 0 -15"><span class='ocrx_word' id='word_1_428' title='bbox 410 3636 519 3692; x_wconf 85' lang='lat' dir='ltr'><strong>tur</strong></span> <span class='ocrx_word' id='word_1_429' title='bbox 577 3629 927 3707; x_wconf 81' lang='lat' dir='ltr'><strong>Gregorius</strong></span> <span class='ocrx_word' id='word_1_430' title='bbox 980 3630 1046 3691; x_wconf 92' lang='lat' dir='ltr'><strong>in</strong></span> <span class='ocrx_word' id='word_1_431' title='bbox 1107 3630 1487 3707; x_wconf 90' lang='lat' dir='ltr'><strong>theologicis</strong></span> <span class='ocrx_word' id='word_1_432' title='bbox 1539 3633 1949 3694; x_wconf 87' lang='lat' dir='ltr'><strong>orationibus</strong></span> <span class='ocrx_word' id='word_1_433' title='bbox 2004 3633 2288 3697; x_wconf 89' lang='lat' dir='ltr'><strong>dilucide</strong></span> <span class='ocrx_word' id='word_1_434' title='bbox 2341 3651 2413 3696; x_wconf 89' lang='lat' dir='ltr'><strong>ac</strong></span> <span class='ocrx_word' id='word_1_435' title='bbox 2466 3629 2896 3695; x_wconf 86' lang='lat' dir='ltr'><strong>invictissime</strong></span> <span class='ocrx_word' id='word_1_436' title='bbox 2940 3629 3277 3691; x_wconf 74' lang='lat' dir='ltr'><strong>Trinitatis</strong></span> <span class='ocrx_word' id='word_1_437' title='bbox 3317 3630 3679 3693; x_wconf 83' lang='lat' dir='ltr'><strong>doctrinam</strong></span> 
     </span>
    </p>
   </div>
   <div class='ocr_carea' id='block_1_61' title="bbox 408 3710 3679 3791">
    <p class='ocr_par' dir='ltr' id='par_1_61' title="bbox 408 3710 3679 3791">
     <span class='ocr_line' id='line_1_61' title="bbox 408 3710 3679 3791; baseline 0.001 -23"><span class='ocrx_word' id='word_1_438' title='bbox 408 3715 909 3791; x_wconf 72' lang='lat' dir='ltr'><strong>propugnasset,</strong></span> <span class='ocrx_word' id='word_1_439' title='bbox 943 3726 1015 3770; x_wconf 83' lang='lat' dir='ltr'><strong>ac</strong></span> <span class='ocrx_word' id='word_1_440' title='bbox 1046 3726 1214 3791; x_wconf 59' lang='lat' dir='ltr'><strong>saepe</strong></span> <span class='ocrx_word' id='word_1_441' title='bbox 1254 3710 1491 3791; x_wconf 66' lang='lat' dir='ltr'><strong>saepius</strong></span> <span class='ocrx_word' id='word_1_442' title='bbox 1528 3713 1679 3791; x_wconf 88' lang='lat' dir='ltr'><strong>totis</strong></span> <span class='ocrx_word' id='word_1_443' title='bbox 1721 3712 1971 3773; x_wconf 90' lang='lat' dir='ltr'><strong>viribus</strong></span> <span class='ocrx_word' id='word_1_444' title='bbox 2018 3712 2383 3791; x_wconf 84' lang='lat' dir='ltr'><strong>linguarum</strong></span> <span class='ocrx_word' id='word_1_445' title='bbox 2437 3714 2752 3790; x_wconf 91' lang='lat' dir='ltr'><strong>pruritum</strong></span> <span class='ocrx_word' id='word_1_446' title='bbox 2790 3712 3047 3791; x_wconf 80' lang='lat' dir='ltr'><strong>penitus</strong></span> <span class='ocrx_word' id='word_1_447' title='bbox 3085 3726 3491 3786; x_wconf 74' lang='lat' dir='ltr'><strong>compescere</strong></span> <span class='ocrx_word' id='word_1_448' title='bbox 3522 3715 3679 3771; x_wconf 88' lang='lat' dir='ltr'><strong>ten-</strong></span> 
     </span>
    </p>
   </div>
   <div class='ocr_carea' id='block_1_62' title="bbox 409 3788 3680 3877">
    <p class='ocr_par' dir='ltr' id='par_1_62' title="bbox 409 3788 3680 3877">
     <span class='ocr_line' id='line_1_62' title="bbox 409 3788 3680 3877; baseline 0.002 -33"><span class='ocrx_word' id='word_1_449' title='bbox 409 3796 631 3877; x_wconf 66' lang='lat' dir='ltr'><strong>tasset,</strong></span> <span class='ocrx_word' id='word_1_450' title='bbox 667 3804 844 3877; x_wconf 78' lang='lat' dir='ltr'><strong>nunc</strong></span> <span class='ocrx_word' id='word_1_451' title='bbox 873 3788 1242 3877; x_wconf 55' lang='lat' dir='ltr'><strong>_demunlde</strong></span> <span class='ocrx_word' id='word_1_452' title='bbox 1270 3790 1742 3877; x_wconf 78' lang='lat' dir='ltr'><strong>moderatione,</strong></span> <span class='ocrx_word' id='word_1_453' title='bbox 1786 3791 2018 3877; x_wconf 67' lang='lat' dir='ltr'><strong>qurein</strong></span> <span class='ocrx_word' id='word_1_454' title='bbox 2052 3788 2607 3877; x_wconf 68' lang='lat' dir='ltr'><strong>disputationibus</strong></span> <span class='ocrx_word' id='word_1_455' title='bbox 2641 3789 2954 3877; x_wconf 79' lang='lat' dir='ltr'><strong>servanda</strong></span> <span class='ocrx_word' id='word_1_456' title='bbox 2988 3794 3108 3877; x_wconf 78' lang='lat' dir='ltr'><strong>est,</strong></span> <span class='ocrx_word' id='word_1_457' title='bbox 3154 3795 3419 3877; x_wconf 80' lang='lat' dir='ltr'><strong>tractare</strong></span> <span class='ocrx_word' id='word_1_458' title='bbox 3451 3804 3680 3866; x_wconf 81' lang='lat' dir='ltr'><strong>aggre-</strong></span> 
     </span>
    </p>
   </div>
   <div class='ocr_carea' id='block_1_63' title="bbox 409 3865 3677 3948">
    <p class='ocr_par' dir='ltr' id='par_1_63' title="bbox 409 3865 3677 3948">
     <span class='ocr_line' id='line_1_63' title="bbox 409 3865 3677 3948; baseline 0.001 -22"><span class='ocrx_word' id='word_1_459' title='bbox 409 3865 611 3948; x_wconf 78' lang='lat' dir='ltr'><strong>ditur.</strong></span> <span class='ocrx_word' id='word_1_460' title='bbox 663 3866 755 3926; x_wconf 83' lang='lat' dir='ltr'><strong>Ac</strong></span> <span class='ocrx_word' id='word_1_461' title='bbox 794 3866 1001 3945; x_wconf 88' lang='lat' dir='ltr'><strong>primo</strong></span> <span class='ocrx_word' id='word_1_462' title='bbox 1027 3867 1292 3948; x_wconf 85' lang='lat' dir='ltr'><strong>quidem</strong></span> <span class='ocrx_word' id='word_1_463' title='bbox 1335 3867 1730 3930; x_wconf 91' lang='lat' dir='ltr'><strong>tumultuum</strong></span> <span class='ocrx_word' id='word_1_464' title='bbox 1772 3865 1832 3932; x_wconf 80' lang='lat' dir='ltr'><strong>et</strong></span> <span class='ocrx_word' id='word_1_465' title='bbox 1871 3865 2357 3932; x_wconf 77' lang='lat' dir='ltr'><strong>dissensionum</strong></span> <span class='ocrx_word' id='word_1_466' title='bbox 2404 3871 2722 3948; x_wconf 85' lang='lat' dir='ltr'><strong>originem</strong></span> <span class='ocrx_word' id='word_1_467' title='bbox 2761 3868 2939 3948; x_wconf 84' lang='lat' dir='ltr'><strong>ducit</strong></span> <span class='ocrx_word' id='word_1_468' title='bbox 2974 3866 3445 3948; x_wconf 12' lang='lat' dir='ltr'><strong>abanimrorum</strong></span> <span class='ocrx_word' id='word_1_469' title='bbox 3479 3865 3677 3948; x_wconf 78' lang='lat' dir='ltr'><strong>petu-</strong></span> 
     </span>
    </p>
   </div>
   <div class='ocr_carea' id='block_1_64' title="bbox 408 3944 3680 4028">
    <p class='ocr_par' dir='ltr' id='par_1_64' title="bbox 408 3944 3680 4028">
     <span class='ocr_line' id='line_1_64' title="bbox 408 3944 3680 4028; baseline 0.002 -25"><span class='ocrx_word' id='word_1_470' title='bbox 408 3944 630 4028; x_wconf 74' lang='lat' dir='ltr'><strong>lantia,</strong></span> <span class='ocrx_word' id='word_1_471' title='bbox 692 3951 757 4006; x_wconf 89' lang='lat' dir='ltr'><strong>et</strong></span> <span class='ocrx_word' id='word_1_472' title='bbox 798 3944 887 4028; x_wconf 30' lang='lat' dir='ltr'><strong>’a_</strong></span> <span class='ocrx_word' id='word_1_473' title='bbox 913 3944 1300 4028; x_wconf 75' lang='lat' dir='ltr'><strong>temeritate,</strong></span> <span class='ocrx_word' id='word_1_474' title='bbox 1338 3949 1896 4028; x_wconf 71' lang='lat' dir='ltr'><strong>quam_«insciliaa</strong></span> <span class='ocrx_word' id='word_1_475' title='bbox 1925 3948 2119 4010; x_wconf 84' lang='lat' dir='ltr'><strong>ﬁliam</strong></span> <span class='ocrx_word' id='word_1_476' title='bbox 2148 3971 2180 4006; x_wconf 88' lang='grc'><strong>)›</strong></span> <span class='ocrx_word' id='word_1_477' title='bbox 2240 3944 2537 4028; x_wconf 75' lang='lat' dir='ltr'><strong>nominat</strong></span> <span class='ocrx_word' id='word_1_478' title='bbox 2575 3951 2679 4028; x_wconf 68' lang='grc' dir='ltr'>(η,</span> <span class='ocrx_word' id='word_1_479' title='bbox 2716 3945 2816 4028; x_wconf 92' lang='lat'><strong>3).</strong></span> <span class='ocrx_word' id='word_1_480' title='bbox 2869 3948 2968 4008; x_wconf 83' lang='lat' dir='ltr'><strong>Ex</strong></span> <span class='ocrx_word' id='word_1_481' title='bbox 3018 3946 3126 4028; x_wconf 79' lang='lat' dir='ltr'><strong>his</strong></span> <span class='ocrx_word' id='word_1_482' title='bbox 3161 3947 3333 4028; x_wconf 87' lang='lat' dir='ltr'><strong>enim</strong></span> <span class='ocrx_word' id='word_1_483' title='bbox 3382 3944 3680 4010; x_wconf 86' lang='lat' dir='ltr'><strong>fontibus</strong></span> 
     </span>
    </p>
   </div>
   <div class='ocr_carea' id='block_1_65' title="bbox 408 4022 3675 4104">
    <p class='ocr_par' dir='ltr' id='par_1_65' title="bbox 408 4022 3675 4104">
     <span class='ocr_line' id='line_1_65' title="bbox 408 4022 3675 4104; baseline 0.001 -20"><span class='ocrx_word' id='word_1_484' title='bbox 408 4022 697 4085; x_wconf 90' lang='lat' dir='ltr'><strong>dimanat</strong></span> <span class='ocrx_word' id='word_1_485' title='bbox 730 4023 1053 4104; x_wconf 90' lang='lat' dir='ltr'><strong>quidquid</strong></span> <span class='ocrx_word' id='word_1_486' title='bbox 1088 4029 1221 4089; x_wconf 90' lang='lat' dir='ltr'><strong>tum</strong></span> <span class='ocrx_word' id='word_1_487' title='bbox 1253 4027 1318 4086; x_wconf 91' lang='lat' dir='ltr'><strong>in</strong></span> <span class='ocrx_word' id='word_1_488' title='bbox 1351 4022 1667 4104; x_wconf 86' lang='lat' dir='ltr'><strong>doctrina,</strong></span> <span class='ocrx_word' id='word_1_489' title='bbox 1709 4033 1840 4088; x_wconf 88' lang='lat' dir='ltr'><strong>tum</strong></span> <span class='ocrx_word' id='word_1_490' title='bbox 1873 4029 1937 4090; x_wconf 91' lang='lat' dir='ltr'><strong>in</strong></span> <span class='ocrx_word' id='word_1_491' title='bbox 1971 4027 2524 4103; x_wconf 86' lang='lat' dir='ltr'><strong>disputationibus</strong></span> <span class='ocrx_word' id='word_1_492' title='bbox 2563 4022 2870 4088; x_wconf 78' lang='lat' dir='ltr'><strong>vitiosum</strong></span> <span class='ocrx_word' id='word_1_493' title='bbox 2906 4031 3026 4088; x_wconf 92' lang='lat' dir='ltr'><strong>est.</strong></span> <span class='ocrx_word' id='word_1_494' title='bbox 3061 4025 3306 4087; x_wconf 82' lang='lat' dir='ltr'><strong>Idcirco</strong></span> <span class='ocrx_word' id='word_1_495' title='bbox 3340 4041 3418 4104; x_wconf 79' lang='lat' dir='ltr'><strong>ex</strong></span> <span class='ocrx_word' id='word_1_496' title='bbox 3451 4042 3675 4088; x_wconf 89' lang='lat' dir='ltr'><strong>rerum</strong></span> 
     </span>
    </p>
   </div>
   <div class='ocr_carea' id='block_1_66' title="bbox 407 4103 3675 4185">
    <p class='ocr_par' dir='ltr' id='par_1_66' title="bbox 407 4103 3675 4185">
     <span class='ocr_line' id='line_1_66' title="bbox 407 4103 3675 4185; baseline 0.001 -22"><span class='ocrx_word' id='word_1_497' title='bbox 407 4103 768 4164; x_wconf 80' lang='lat' dir='ltr'><strong>creataruni</strong></span> <span class='ocrx_word' id='word_1_498' title='bbox 799 4106 1058 4185; x_wconf 83' lang='lat' dir='ltr'><strong>ordine,</strong></span> <span class='ocrx_word' id='word_1_499' title='bbox 1092 4111 1384 4185; x_wconf 85' lang='lat' dir='ltr'><strong>pastores</strong></span> <span class='ocrx_word' id='word_1_500' title='bbox 1425 4103 1613 4166; x_wconf 89' lang='lat' dir='ltr'><strong>simul</strong></span> <span class='ocrx_word' id='word_1_501' title='bbox 1652 4112 1712 4167; x_wconf 91' lang='lat' dir='ltr'><strong>et</strong></span> <span class='ocrx_word' id='word_1_502' title='bbox 1742 4123 1996 4184; x_wconf 83' lang='lat' dir='ltr'><strong>gregem</strong></span> <span class='ocrx_word' id='word_1_503' title='bbox 2037 4107 2111 4168; x_wconf 90' lang='lat' dir='ltr'><strong>ad</strong></span> <span class='ocrx_word' id='word_1_504' title='bbox 2156 4106 2426 4185; x_wconf 73' lang='lat' dir='ltr'><strong>justitim</strong></span> <span class='ocrx_word' id='word_1_505' title='bbox 2463 4106 2844 4185; x_wconf 83' lang='lat' dir='ltr'><strong>ordinisque</strong></span> <span class='ocrx_word' id='word_1_506' title='bbox 2877 4106 3053 4182; x_wconf 87' lang='lat' dir='ltr'><strong>leges</strong></span> <span class='ocrx_word' id='word_1_507' title='bbox 3084 4103 3675 4185; x_wconf 64' lang='lat' dir='ltr'><strong>amanterinvitat;</strong></span> 
     </span>
    </p>
   </div>
   <div class='ocr_carea' id='block_1_67' title="bbox 408 4182 3676 4271">
    <p class='ocr_par' dir='ltr' id='par_1_67' title="bbox 408 4182 3676 4271">
     <span class='ocr_line' id='line_1_67' title="bbox 408 4182 3676 4271; baseline 0.001 -29"><span class='ocrx_word' id='word_1_508' title='bbox 408 4187 722 4271; x_wconf 69' lang='lat' dir='ltr'><strong>atquae!</strong></span> <span class='ocrx_word' id='word_1_509' title='bbox 754 4182 1348 4271; x_wconf 57' lang='lat' dir='ltr'><strong>eleganticoyporis</strong></span> <span class='ocrx_word' id='word_1_510' title='bbox 1386 4199 1533 4244; x_wconf 88' lang='lat' dir='ltr'><strong>cum</strong></span> <span class='ocrx_word' id='word_1_511' title='bbox 1573 4182 2414 4271; x_wconf 28' lang='lat' dir='ltr'><strong>_mem’bris“similitudine,</strong></span> <span class='ocrx_word' id='word_1_512' title='bbox 2445 4182 2745 4271; x_wconf 81' lang='lat' dir='ltr'><strong>ostendit</strong></span> <span class='ocrx_word' id='word_1_513' title='bbox 2770 4183 3067 4271; x_wconf 77' lang='lat' dir='ltr'><strong>diversos</strong></span> <span class='ocrx_word' id='word_1_514' title='bbox 3105 4200 3248 4271; x_wconf 79' lang='lat' dir='ltr'><strong>esse</strong></span> <span class='ocrx_word' id='word_1_515' title='bbox 3280 4185 3344 4243; x_wconf 89' lang='lat' dir='ltr'><strong>in</strong></span> <span class='ocrx_word' id='word_1_516' title='bbox 3381 4182 3676 4246; x_wconf 84' lang='lat' dir='ltr'><strong>Ecclesia</strong></span> 
     </span>
    </p>
   </div>
   <div class='ocr_carea' id='block_1_68' title="bbox 408 4260 3673 4343">
    <p class='ocr_par' dir='ltr' id='par_1_68' title="bbox 408 4260 3673 4343">
     <span class='ocr_line' id='line_1_68' title="bbox 408 4260 3673 4343; baseline 0.002 -25"><span class='ocrx_word' id='word_1_517' title='bbox 408 4260 956 4343; x_wconf 75' lang='lat' dir='ltr'><strong>ordinisgradus,</strong></span> <span class='ocrx_word' id='word_1_518' title='bbox 997 4269 1059 4324; x_wconf 92' lang='lat' dir='ltr'><strong>et</strong></span> <span class='ocrx_word' id='word_1_519' title='bbox 1095 4260 1345 4322; x_wconf 87' lang='lat' dir='ltr'><strong>diversa</strong></span> <span class='ocrx_word' id='word_1_520' title='bbox 1395 4264 1832 4324; x_wconf 89' lang='lat' dir='ltr'><strong>membrorum</strong></span> <span class='ocrx_word' id='word_1_521' title='bbox 1866 4265 2095 4326; x_wconf 82' lang='lat' dir='ltr'><strong>ofticia.</strong></span> <span class='ocrx_word' id='word_1_522' title='bbox 2138 4264 2346 4335; x_wconf 80' lang='lat' dir='ltr'><strong>«Alii,</strong></span> <span class='ocrx_word' id='word_1_523' title='bbox 2395 4265 2612 4343; x_wconf 89' lang='lat' dir='ltr'><strong>inquit</strong></span> <span class='ocrx_word' id='word_1_524' title='bbox 2642 4264 2743 4343; x_wconf 10' lang='lat' dir='ltr'><strong>(in.</strong></span> <span class='ocrx_word' id='word_1_525' title='bbox 2779 4262 2921 4343; x_wconf 82' lang='lat'><strong>11),</strong></span> <span class='ocrx_word' id='word_1_526' title='bbox 2958 4260 3377 4323; x_wconf 88' lang='lat' dir='ltr'><strong>dominantur</strong></span> <span class='ocrx_word' id='word_1_527' title='bbox 3407 4270 3469 4323; x_wconf 91' lang='lat' dir='ltr'><strong>et</strong></span> <span class='ocrx_word' id='word_1_528' title='bbox 3501 4278 3673 4339; x_wconf 77' lang='lat' dir='ltr'><strong>prae-</strong></span> 
     </span>
    </p>
   </div>
   <div class='ocr_carea' id='block_1_69' title="bbox 406 4339 3675 4428">
    <p class='ocr_par' dir='ltr' id='par_1_69' title="bbox 406 4339 3675 4428">
     <span class='ocr_line' id='line_1_69' title="bbox 406 4339 3675 4428; baseline 0.002 -31"><span class='ocrx_word' id='word_1_529' title='bbox 406 4345 587 4428; x_wconf 74' lang='lat' dir='ltr'><strong>sunt,</strong></span> <span class='ocrx_word' id='word_1_530' title='bbox 625 4339 745 4428; x_wconf 78' lang='lat' dir='ltr'><strong>_alii</strong></span> <span class='ocrx_word' id='word_1_531' title='bbox 781 4348 1111 4428; x_wconf 82' lang='lat' dir='ltr'><strong>parent_ac</strong></span> <span class='ocrx_word' id='word_1_532' title='bbox 1143 4347 1493 4428; x_wconf 77' lang='lat' dir='ltr'><strong>reguntur;</strong></span> <span class='ocrx_word' id='word_1_533' title='bbox 1550 4350 1613 4404; x_wconf 90' lang='lat' dir='ltr'><strong>et</strong></span> <span class='ocrx_word' id='word_1_534' title='bbox 1643 4344 2186 4428; x_wconf 70' lang='lat' dir='ltr'><strong>quemadmodum</strong></span> <span class='ocrx_word' id='word_1_535' title='bbox 2222 4339 2532 4428; x_wconf 38' lang='lat' dir='ltr'><strong>interueo&#39;s</strong></span> <span class='ocrx_word' id='word_1_536' title='bbox 2567 4339 2682 4428; x_wconf 79' lang='lat' dir='ltr'><strong>qui</strong></span> <span class='ocrx_word' id='word_1_537' title='bbox 2716 4342 2995 4428; x_wconf 72' lang='lat' dir='ltr'><strong>subsunt</strong></span> <span class='ocrx_word' id='word_1_538' title='bbox 3031 4357 3450 4428; x_wconf 76' lang='lat' dir='ltr'><strong>permagnum</strong></span> <span class='ocrx_word' id='word_1_539' title='bbox 3484 4358 3675 4428; x_wconf 81' lang='lat' dir='ltr'><strong>repe-</strong></span> 
     </span>
    </p>
   </div>
   <div class='ocr_carea' id='block_1_70' title="bbox 404 4416 3674 4499">
    <p class='ocr_par' dir='ltr' id='par_1_70' title="bbox 404 4416 3674 4499">
     <span class='ocr_line' id='line_1_70' title="bbox 404 4416 3674 4499; baseline 0.001 -21"><span class='ocrx_word' id='word_1_540' title='bbox 404 4416 574 4499; x_wconf 85' lang='lat' dir='ltr'><strong>ritur</strong></span> <span class='ocrx_word' id='word_1_541' title='bbox 604 4416 980 4494; x_wconf 88' lang='lat' dir='ltr'><strong>discrimen,</strong></span> <span class='ocrx_word' id='word_1_542' title='bbox 1009 4418 1097 4499; x_wconf 78' lang='lat' dir='ltr'><strong>_ita</strong></span> <span class='ocrx_word' id='word_1_543' title='bbox 1145 4416 1335 4481; x_wconf 75' lang='lat' dir='ltr'><strong>etiam</strong></span> <span class='ocrx_word' id='word_1_544' title='bbox 1367 4419 1537 4499; x_wconf 82' lang='lat' dir='ltr'><strong>inter</strong></span> <span class='ocrx_word' id='word_1_545' title='bbox 1573 4416 1907 4496; x_wconf 61' lang='lat' dir='ltr'><strong>prdafectos</strong></span> <span class='ocrx_word' id='word_1_546' title='bbox 1934 4438 2060 4482; x_wconf 91' lang='lat' dir='ltr'><strong>non</strong></span> <span class='ocrx_word' id='word_1_547' title='bbox 2090 4441 2278 4499; x_wconf 88' lang='lat' dir='ltr'><strong>parva</strong></span> <span class='ocrx_word' id='word_1_548' title='bbox 2317 4416 2683 4484; x_wconf 70' lang='lat' dir='ltr'><strong>differentia</strong></span> <span class='ocrx_word' id='word_1_549' title='bbox 2713 4428 2833 4482; x_wconf 90' lang='lat' dir='ltr'><strong>est.</strong></span> <span class='ocrx_word' id='word_1_550' title='bbox 2860 4442 2890 4477; x_wconf 74' lang='grc' dir='ltr'><strong>ιι</strong></span> <span class='ocrx_word' id='word_1_551' title='bbox 2925 4416 3111 4495; x_wconf 84' lang='lat' dir='ltr'><strong>Quod</strong></span> <span class='ocrx_word' id='word_1_552' title='bbox 3145 4416 3405 4499; x_wconf 80' lang='lat' dir='ltr'><strong>quidem</strong></span> <span class='ocrx_word' id='word_1_553' title='bbox 3442 4416 3674 4496; x_wconf 83' lang='lat' dir='ltr'><strong>probat</strong></span> 
     </span>
    </p>
   </div>
   <div class='ocr_carea' id='block_1_71' title="bbox 408 4496 3674 4580">
    <p class='ocr_par' dir='ltr' id='par_1_71' title="bbox 408 4496 3674 4580">
     <span class='ocr_line' id='line_1_71' title="bbox 408 4496 3674 4580; baseline 0.002 -24"><span class='ocrx_word' id='word_1_554' title='bbox 408 4511 487 4556; x_wconf 79' lang='lat' dir='ltr'><strong>ex</strong></span> <span class='ocrx_word' id='word_1_555' title='bbox 520 4496 853 4580; x_wconf 80' lang='lat' dir='ltr'><strong>Apostolo,</strong></span> <span class='ocrx_word' id='word_1_556' title='bbox 909 4497 1024 4580; x_wconf 81' lang='lat' dir='ltr'><strong>qui</strong></span> <span class='ocrx_word' id='word_1_557' title='bbox 1057 4499 1157 4580; x_wconf 79' lang='lat' dir='ltr'><strong>ait</strong></span> <span class='ocrx_word' id='word_1_558' title='bbox 1190 4503 1234 4534; x_wconf 76' lang='lat'>&quot;</span> <span class='ocrx_word' id='word_1_559' title='bbox 1268 4519 1284 4558; x_wconf 89' lang='lat'><strong>:</strong></span> <span class='ocrx_word' id='word_1_560' title='bbox 1322 4517 1354 4553; x_wconf 72' lang='lat' dir='ltr'><strong>at</strong></span> <span class='ocrx_word' id='word_1_561' title='bbox 1378 4497 1707 4571; x_wconf 89' lang='lat' dir='ltr'><strong>Quosdam</strong></span> <span class='ocrx_word' id='word_1_562' title='bbox 1740 4503 1957 4578; x_wconf 89' lang='lat' dir='ltr'><strong>posuit</strong></span> <span class='ocrx_word' id='word_1_563' title='bbox 1986 4496 2158 4564; x_wconf 83' lang='lat' dir='ltr'><strong>Deus</strong></span> <span class='ocrx_word' id='word_1_564' title='bbox 2204 4502 2270 4563; x_wconf 92' lang='lat' dir='ltr'><strong>in</strong></span> <span class='ocrx_word' id='word_1_565' title='bbox 2306 4502 2591 4565; x_wconf 87' lang='lat' dir='ltr'><strong>Ecclesia</strong></span> <span class='ocrx_word' id='word_1_566' title='bbox 2616 4545 2633 4575; x_wconf 90' lang='lat'><strong>,</strong></span> <span class='ocrx_word' id='word_1_567' title='bbox 2667 4499 2945 4580; x_wconf 90' lang='lat' dir='ltr'><strong>primum</strong></span> <span class='ocrx_word' id='word_1_568' title='bbox 2984 4496 3340 4578; x_wconf 83' lang='lat' dir='ltr'><strong>apostolos,</strong></span> <span class='ocrx_word' id='word_1_569' title='bbox 3373 4501 3674 4562; x_wconf 89' lang='lat' dir='ltr'><strong>secundo</strong></span> 
     </span>
    </p>
   </div>
   <div class='ocr_carea' id='block_1_72' title="bbox 402 4574 1578 4652">
    <p class='ocr_par' dir='ltr' id='par_1_72' title="bbox 402 4574 1578 4652">
     <span class='ocr_line' id='line_1_72' title="bbox 402 4574 1578 4652; baseline 0.003 -18"><span class='ocrx_word' id='word_1_570' title='bbox 402 4574 776 4652; x_wconf 82' lang='lat' dir='ltr'><strong>prOphetas,</strong></span> <span class='ocrx_word' id='word_1_571' title='bbox 814 4574 1002 4637; x_wconf 84' lang='lat' dir='ltr'><strong>tertio</strong></span> <span class='ocrx_word' id='word_1_572' title='bbox 1035 4576 1352 4649; x_wconf 87' lang='lat' dir='ltr'><strong>doctores,</strong></span> <span class='ocrx_word' id='word_1_573' title='bbox 1388 4598 1418 4632; x_wconf 77' lang='grc' dir='ltr'>ιο</span> <span class='ocrx_word' id='word_1_574' title='bbox 1458 4584 1578 4640; x_wconf 87' lang='lat' dir='ltr'><strong>etc.</strong></span> 
     </span>
    </p>
   </div>
   <div class='ocr_carea' id='block_1_73' title="bbox 486 4653 3672 4739">
    <p class='ocr_par' dir='ltr' id='par_1_73' title="bbox 486 4653 3672 4739">
     <span class='ocr_line' id='line_1_73' title="bbox 486 4653 3672 4739; baseline 0.002 -25"><span class='ocrx_word' id='word_1_575' title='bbox 486 4653 594 4739; x_wconf 88' lang='lat' dir='ltr'><strong>ll._</strong></span> <span class='ocrx_word' id='word_1_576' title='bbox 624 4653 875 4739; x_wconf 81' lang='lat' dir='ltr'><strong>Deinde</strong></span> <span class='ocrx_word' id='word_1_577' title='bbox 909 4655 1173 4739; x_wconf 80' lang='lat' dir='ltr'><strong>silentii</strong></span> <span class='ocrx_word' id='word_1_578' title='bbox 1200 4657 1443 4717; x_wconf 92' lang='lat' dir='ltr'><strong>donum</strong></span> <span class='ocrx_word' id='word_1_579' title='bbox 1476 4672 1553 4718; x_wconf 91' lang='lat' dir='ltr'><strong>eo</strong></span> <span class='ocrx_word' id='word_1_580' title='bbox 1593 4658 1799 4739; x_wconf 13' lang='lat' dir='ltr'><strong>magis,</strong></span> <span class='ocrx_word' id='word_1_581' title='bbox 1824 4657 2099 4739; x_wconf 87' lang='lat' dir='ltr'><strong>extollit,</strong></span> <span class='ocrx_word' id='word_1_582' title='bbox 2133 4660 2306 4739; x_wconf 90' lang='lat' dir='ltr'><strong>quod</strong></span> <span class='ocrx_word' id='word_1_583' title='bbox 2345 4676 2462 4722; x_wconf 91' lang='lat' dir='ltr'><strong>nos</strong></span> <span class='ocrx_word' id='word_1_584' title='bbox 2493 4660 2573 4721; x_wconf 90' lang='lat' dir='ltr'><strong>ab</strong></span> <span class='ocrx_word' id='word_1_585' title='bbox 2606 4656 2902 4739; x_wconf 90' lang='lat' dir='ltr'><strong>ampliori</strong></span> <span class='ocrx_word' id='word_1_586' title='bbox 2949 4664 3011 4719; x_wconf 91' lang='lat' dir='ltr'><strong>et</strong></span> <span class='ocrx_word' id='word_1_587' title='bbox 3058 4656 3334 4735; x_wconf 89' lang='lat' dir='ltr'><strong>graviori</strong></span> <span class='ocrx_word' id='word_1_588' title='bbox 3376 4656 3672 4739; x_wconf 89' lang='lat' dir='ltr'><strong>periculo</strong></span> 
     </span>
    </p>
   </div>
   <div class='ocr_carea' id='block_1_74' title="bbox 401 4732 3671 4824">
    <p class='ocr_par' dir='ltr' id='par_1_74' title="bbox 401 4732 3671 4824">
     <span class='ocr_line' id='line_1_74' title="bbox 401 4732 3671 4824; baseline 0.002 -30"><span class='ocrx_word' id='word_1_589' title='bbox 401 4732 709 4824; x_wconf 71' lang='lat' dir='ltr'><strong>retrahat.</strong></span> <span class='ocrx_word' id='word_1_590' title='bbox 743 4733 1032 4824; x_wconf 46' lang='lat' dir='ltr'><strong>Arduum</strong></span> <span class='ocrx_word' id='word_1_591' title='bbox 1065 4736 1307 4813; x_wconf 86' lang='lat' dir='ltr'><strong>quippe</strong></span> <span class='ocrx_word' id='word_1_592' title='bbox 1336 4741 1433 4824; x_wconf 74' lang='lat' dir='ltr'><strong>est</strong></span> <span class='ocrx_word' id='word_1_593' title='bbox 1460 4751 1534 4797; x_wconf 87' lang='lat' dir='ltr'><strong>ac</strong></span> <span class='ocrx_word' id='word_1_594' title='bbox 1565 4732 1972 4815; x_wconf 79' lang='lat' dir='ltr'><strong>perdifﬁcile,</strong></span> <span class='ocrx_word' id='word_1_595' title='bbox 2024 4732 2172 4800; x_wconf 53' lang='lat' dir='ltr'><strong>non&quot;</strong></span> <span class='ocrx_word' id='word_1_596' title='bbox 2203 4740 2413 4824; x_wconf 79' lang='lat' dir='ltr'><strong>solum</strong></span> <span class='ocrx_word' id='word_1_597' title='bbox 2466 4756 2573 4824; x_wconf 90' lang='lat' dir='ltr'><strong>_r_es</strong></span> <span class='ocrx_word' id='word_1_598' title='bbox 2633 4732 2888 4824; x_wconf 80' lang='lat' dir='ltr'><strong>divinas</strong></span> <span class='ocrx_word' id='word_1_599' title='bbox 2945 4732 3170 4824; x_wconf 39' lang='lat' dir='ltr'><strong>mente.</strong></span> <span class='ocrx_word' id='word_1_600' title='bbox 3205 4738 3546 4824; x_wconf 77' lang='lat' dir='ltr'><strong>consequi,</strong></span> <span class='ocrx_word' id='word_1_601' title='bbox 3609 4745 3671 4800; x_wconf 89' lang='lat' dir='ltr'><strong>et</strong></span> 
     </span>
    </p>
   </div>
   <div class='ocr_carea' id='block_1_75' title="bbox 402 4812 3659 4902">
    <p class='ocr_par' dir='ltr' id='par_1_75' title="bbox 402 4812 3659 4902">
     <span class='ocr_line' id='line_1_75' title="bbox 402 4812 3659 4902; baseline 0.001 -29"><span class='ocrx_word' id='word_1_602' title='bbox 402 4812 630 4902; x_wconf 71' lang='lat' dir='ltr'><strong>verbis</strong></span> <span class='ocrx_word' id='word_1_603' title='bbox 655 4812 1261 4902; x_wconf 40' lang='lat' dir='ltr'><strong>explicare,_.verum</strong></span> <span class='ocrx_word' id='word_1_604' title='bbox 1296 4814 1486 4902; x_wconf 79' lang='lat' dir='ltr'><strong>etiam</strong></span> <span class='ocrx_word' id='word_1_605' title='bbox 1527 4812 1824 4902; x_wconf 71' lang='lat' dir='ltr'><strong>purgatas</strong></span> <span class='ocrx_word' id='word_1_606' title='bbox 1858 4834 2048 4878; x_wconf 88' lang='lat' dir='ltr'><strong>aures</strong></span> <span class='ocrx_word' id='word_1_607' title='bbox 2082 4819 2408 4902; x_wconf 73' lang='lat' dir='ltr'><strong>nancisci.</strong></span> <span class='ocrx_word' id='word_1_608' title='bbox 2466 4817 2604 4902; x_wconf 81' lang='lat' dir='ltr'><strong>Non</strong></span> <span class='ocrx_word' id='word_1_609' title='bbox 2656 4817 2807 4902; x_wconf 82' lang='lat' dir='ltr'><strong>inde</strong></span> <span class='ocrx_word' id='word_1_610' title='bbox 2843 4823 3057 4902; x_wconf 76' lang='lat' dir='ltr'><strong>tamen</strong></span> <span class='ocrx_word' id='word_1_611' title='bbox 3095 4815 3173 4876; x_wconf 92' lang='lat' dir='ltr'><strong>ad</strong></span> <span class='ocrx_word' id='word_1_612' title='bbox 3207 4822 3398 4902; x_wconf 75' lang='lat' dir='ltr'><strong>omne</strong></span> <span class='ocrx_word' id='word_1_613' title='bbox 3425 4812 3659 4895; x_wconf 81' lang='lat' dir='ltr'><strong>dispu-</strong></span> 
     </span>
    </p>
   </div>
   <div class='ocr_carea' id='block_1_76' title="bbox 404 4892 3669 4974">
    <p class='ocr_par' dir='ltr' id='par_1_76' title="bbox 404 4892 3669 4974">
     <span class='ocr_line' id='line_1_76' title="bbox 404 4892 3669 4974; baseline 0.002 -25"><span class='ocrx_word' id='word_1_614' title='bbox 404 4892 913 4974; x_wconf 82' lang='lat' dir='ltr'><strong>tationisgenus</strong></span> <span class='ocrx_word' id='word_1_615' title='bbox 940 4892 1185 4974; x_wconf 87' lang='lat' dir='ltr'><strong>aditum</strong></span> <span class='ocrx_word' id='word_1_616' title='bbox 1219 4892 1691 4974; x_wconf 84' lang='lat' dir='ltr'><strong>occludendum</strong></span> <span class='ocrx_word' id='word_1_617' title='bbox 1733 4903 1949 4973; x_wconf 86' lang='lat' dir='ltr'><strong>putat;</strong></span> <span class='ocrx_word' id='word_1_618' title='bbox 1985 4896 2096 4957; x_wconf 91' lang='lat' dir='ltr'><strong>sed</strong></span> <span class='ocrx_word' id='word_1_619' title='bbox 2124 4896 2307 4974; x_wconf 78' lang='lat' dir='ltr'><strong>jubet</strong></span> <span class='ocrx_word' id='word_1_620' title='bbox 2339 4915 2370 4955; x_wconf 89' lang='lat' dir='ltr'><strong>a</strong></span> <span class='ocrx_word' id='word_1_621' title='bbox 2407 4896 2715 4973; x_wconf 81' lang='lat' dir='ltr'><strong>pertinaci</strong></span> <span class='ocrx_word' id='word_1_622' title='bbox 2748 4894 3163 4956; x_wconf 89' lang='lat' dir='ltr'><strong>contentione</strong></span> <span class='ocrx_word' id='word_1_623' title='bbox 3196 4892 3559 4974; x_wconf 62' lang='lat' dir='ltr'><strong>abstinere;</strong></span> <span class='ocrx_word' id='word_1_624' title='bbox 3594 4914 3669 4957; x_wconf 89' lang='lat' dir='ltr'><strong>ac</strong></span> 
     </span>
    </p>
   </div>
   <div class='ocr_carea' id='block_1_77' title="bbox 403 4972 3668 5049">
    <p class='ocr_par' dir='ltr' id='par_1_77' title="bbox 403 4972 3668 5049">
     <span class='ocr_line' id='line_1_77' title="bbox 403 4972 3668 5049; baseline 0.002 -20"><span class='ocrx_word' id='word_1_625' title='bbox 403 4979 638 5046; x_wconf 67' lang='lat' dir='ltr'><strong>praeter</strong></span> <span class='ocrx_word' id='word_1_626' title='bbox 684 4972 887 5049; x_wconf 86' lang='lat' dir='ltr'><strong>legem</strong></span> <span class='ocrx_word' id='word_1_627' title='bbox 937 4977 999 5034; x_wconf 91' lang='lat' dir='ltr'><strong>et</strong></span> <span class='ocrx_word' id='word_1_628' title='bbox 1045 4972 1335 5034; x_wconf 90' lang='lat' dir='ltr'><strong>ordinem</strong></span> <span class='ocrx_word' id='word_1_629' title='bbox 1385 4973 1618 5035; x_wconf 87' lang='lat' dir='ltr'><strong>docere</strong></span> <span class='ocrx_word' id='word_1_630' title='bbox 1667 4972 1934 5037; x_wconf 88' lang='lat' dir='ltr'><strong>omnino</strong></span> <span class='ocrx_word' id='word_1_631' title='bbox 1988 4972 2177 5037; x_wconf 80' lang='lat' dir='ltr'><strong>vetat.</strong></span> <span class='ocrx_word' id='word_1_632' title='bbox 2235 4972 2793 5047; x_wconf 88' lang='lat' dir='ltr'><strong>Quemadmodum</strong></span> <span class='ocrx_word' id='word_1_633' title='bbox 2844 4974 3019 5034; x_wconf 89' lang='lat' dir='ltr'><strong>enim</strong></span> <span class='ocrx_word' id='word_1_634' title='bbox 3070 4974 3269 5033; x_wconf 91' lang='lat' dir='ltr'><strong>nimia</strong></span> <span class='ocrx_word' id='word_1_635' title='bbox 3312 4972 3383 5033; x_wconf 90' lang='lat' dir='ltr'><strong>in</strong></span> <span class='ocrx_word' id='word_1_636' title='bbox 3421 4972 3668 5035; x_wconf 86' lang='lat' dir='ltr'><strong>divinis</strong></span> 
     </span>
    </p>
   </div>
   <div class='ocr_carea' id='block_1_78' title="bbox 403 5049 3666 5137">
    <p class='ocr_par' dir='ltr' id='par_1_78' title="bbox 403 5049 3666 5137">
     <span class='ocr_line' id='line_1_78' title="bbox 403 5049 3666 5137; baseline 0.002 -27"><span class='ocrx_word' id='word_1_637' title='bbox 403 5049 604 5137; x_wconf 58' lang='lat' dir='ltr'><strong>rebus</strong></span> <span class='ocrx_word' id='word_1_638' title='bbox 643 5052 928 5137; x_wconf 81' lang='lat' dir='ltr'><strong>tarditas,</strong></span> <span class='ocrx_word' id='word_1_639' title='bbox 965 5051 1052 5111; x_wconf 90' lang='lat' dir='ltr'><strong>ita</strong></span> <span class='ocrx_word' id='word_1_640' title='bbox 1085 5051 1283 5137; x_wconf 84' lang='lat' dir='ltr'><strong>nimia</strong></span> <span class='ocrx_word' id='word_1_641' title='bbox 1316 5050 1507 5137; x_wconf 81' lang='lat' dir='ltr'><strong>etiam</strong></span> <span class='ocrx_word' id='word_1_642' title='bbox 1560 5052 1894 5137; x_wconf 83' lang='lat' dir='ltr'><strong>festinatio</strong></span> <span class='ocrx_word' id='word_1_643' title='bbox 1924 5056 2152 5137; x_wconf 87' lang='lat' dir='ltr'><strong>eodem</strong></span> <span class='ocrx_word' id='word_1_644' title='bbox 2191 5055 2479 5131; x_wconf 89' lang='lat' dir='ltr'><strong>periculo</strong></span> <span class='ocrx_word' id='word_1_645' title='bbox 2519 5052 2999 5137; x_wconf 67' lang='lat' dir='ltr'><strong>laborat._Bon_a</strong></span> <span class='ocrx_word' id='word_1_646' title='bbox 3032 5051 3298 5137; x_wconf 74' lang='lat' dir='ltr'><strong>quidem</strong></span> <span class='ocrx_word' id='word_1_647' title='bbox 3341 5050 3666 5129; x_wconf 83' lang='lat' dir='ltr'><strong>spiritua-</strong></span> 
     </span>
    </p>
   </div>
   <div class='ocr_carea' id='block_1_79' title="bbox 402 5123 3665 5216">
    <p class='ocr_par' dir='ltr' id='par_1_79' title="bbox 402 5123 3665 5216">
     <span class='ocr_line' id='line_1_79' title="bbox 402 5123 3665 5216; baseline 0.002 -31"><span class='ocrx_word' id='word_1_648' title='bbox 402 5123 515 5216; x_wconf 75' lang='lat' dir='ltr'><strong>lia,</strong></span> <span class='ocrx_word' id='word_1_649' title='bbox 543 5136 851 5216; x_wconf 65' lang='lat' dir='ltr'><strong>quantum</strong></span> <span class='ocrx_word' id='word_1_650' title='bbox 888 5123 956 5191; x_wconf 82' lang='lat' dir='ltr'><strong>in</strong></span> <span class='ocrx_word' id='word_1_651' title='bbox 986 5131 1214 5216; x_wconf 80' lang='lat' dir='ltr'><strong>veteri,</strong></span> <span class='ocrx_word' id='word_1_652' title='bbox 1251 5138 1383 5191; x_wconf 91' lang='lat' dir='ltr'><strong>tum</strong></span> <span class='ocrx_word' id='word_1_653' title='bbox 1419 5129 1486 5190; x_wconf 91' lang='lat' dir='ltr'><strong>in</strong></span> <span class='ocrx_word' id='word_1_654' title='bbox 1521 5147 1680 5216; x_wconf 78' lang='lat' dir='ltr'><strong>nova</strong></span> <span class='ocrx_word' id='word_1_655' title='bbox 1709 5132 1857 5216; x_wconf 82' lang='lat' dir='ltr'><strong>_lege</strong></span> <span class='ocrx_word' id='word_1_656' title='bbox 1910 5123 2376 5216; x_wconf 75' lang='lat' dir='ltr'><strong>reconduntur,</strong></span> <span class='ocrx_word' id='word_1_657' title='bbox 2418 5141 2569 5216; x_wconf 85' lang='lat' dir='ltr'><strong>sunt</strong></span> <span class='ocrx_word' id='word_1_658' title='bbox 2610 5132 2915 5216; x_wconf 80' lang='lat' dir='ltr'><strong>omnibus</strong></span> <span class='ocrx_word' id='word_1_659' title='bbox 2953 5123 3335 5216; x_wconf 82' lang='lat' dir='ltr'><strong>hominibus</strong></span> <span class='ocrx_word' id='word_1_660' title='bbox 3369 5123 3665 5216; x_wconf 77' lang='lat' dir='ltr'><strong>commu-</strong></span> 
     </span>
    </p>
   </div>
   <div class='ocr_carea' id='block_1_80' title="bbox 402 5207 3665 5296">
    <p class='ocr_par' dir='ltr' id='par_1_80' title="bbox 402 5207 3665 5296">
     <span class='ocr_line' id='line_1_80' title="bbox 402 5207 3665 5296; baseline 0.001 -31"><span class='ocrx_word' id='word_1_661' title='bbox 402 5207 537 5295; x_wconf 75' lang='lat' dir='ltr'><strong>nia.</strong></span> <span class='ocrx_word' id='word_1_662' title='bbox 573 5207 804 5296; x_wconf 38' lang='lat' dir='ltr'><strong>Ex‘his.</strong></span> <span class='ocrx_word' id='word_1_663' title='bbox 855 5209 1306 5296; x_wconf 71' lang='lat' dir='ltr'><strong>unusquisque</strong></span> <span class='ocrx_word' id='word_1_664' title='bbox 1341 5226 1452 5296; x_wconf 66' lang='lat' dir='ltr'><strong>pro</strong></span> <span class='ocrx_word' id='word_1_665' title='bbox 1500 5207 2080 5296; x_wconf 57' lang='lat' dir='ltr'><strong>modulo&#39;haurire</strong></span> <span class='ocrx_word' id='word_1_666' title='bbox 2127 5211 2365 5282; x_wconf 89' lang='lat' dir='ltr'><strong>debet;</strong></span> <span class='ocrx_word' id='word_1_667' title='bbox 2405 5215 2534 5296; x_wconf 68' lang='lat' dir='ltr'><strong>sed</strong></span> <span class='ocrx_word' id='word_1_668' title='bbox 2597 5212 2873 5296; x_wconf 69' lang='lat' dir='ltr'><strong>maXime</strong></span> <span class='ocrx_word' id='word_1_669' title='bbox 2912 5209 3318 5296; x_wconf 85' lang='lat' dir='ltr'><strong>cavendum,</strong></span> <span class='ocrx_word' id='word_1_670' title='bbox 3371 5225 3455 5296; x_wconf 83' lang='lat' dir='ltr'><strong>ne</strong></span> <span class='ocrx_word' id='word_1_671' title='bbox 3510 5213 3665 5286; x_wconf 89' lang='lat' dir='ltr'><strong>quis</strong></span> 
     </span>
    </p>
   </div>
   <div class='ocr_carea' id='block_1_81' title="bbox 407 5285 3661 5367">
    <p class='ocr_par' dir='ltr' id='par_1_81' title="bbox 407 5285 3661 5367">
     <span class='ocr_line' id='line_1_81' title="bbox 407 5285 3661 5367; baseline 0.002 -25"><span class='ocrx_word' id='word_1_672' title='bbox 407 5285 611 5345; x_wconf 88' lang='lat' dir='ltr'><strong>animi</strong></span> <span class='ocrx_word' id='word_1_673' title='bbox 651 5285 931 5367; x_wconf 75' lang='lat' dir='ltr'><strong>elatione</strong></span> <span class='ocrx_word' id='word_1_674' title='bbox 965 5285 1311 5349; x_wconf 53' lang='lat' dir='ltr'><strong>no&#39;vitat&#39;em</strong></span> <span class='ocrx_word' id='word_1_675' title='bbox 1343 5285 1681 5364; x_wconf 76' lang='lat' dir='ltr'><strong>affectans,</strong></span> <span class='ocrx_word' id='word_1_676' title='bbox 1716 5298 1777 5351; x_wconf 90' lang='lat' dir='ltr'><strong>et</strong></span> <span class='ocrx_word' id='word_1_677' title='bbox 1808 5294 1882 5352; x_wconf 89' lang='lat' dir='ltr'><strong>ad</strong></span> <span class='ocrx_word' id='word_1_678' title='bbox 1916 5290 2145 5354; x_wconf 78' lang='lat' dir='ltr'><strong>ccelum</strong></span> <span class='ocrx_word' id='word_1_679' title='bbox 2188 5289 2537 5353; x_wconf 89' lang='lat' dir='ltr'><strong>ascendere</strong></span> <span class='ocrx_word' id='word_1_680' title='bbox 2573 5291 2871 5367; x_wconf 87' lang='lat' dir='ltr'><strong>cupiens,</strong></span> <span class='ocrx_word' id='word_1_681' title='bbox 2919 5304 3198 5367; x_wconf 63' lang='lat' dir='ltr'><strong>praeceps</strong></span> <span class='ocrx_word' id='word_1_682' title='bbox 3239 5288 3306 5348; x_wconf 90' lang='lat' dir='ltr'><strong>in</strong></span> <span class='ocrx_word' id='word_1_683' title='bbox 3346 5285 3661 5367; x_wconf 85' lang='lat' dir='ltr'><strong>abyssum</strong></span> 
     </span>
    </p>
   </div>
   <div class='ocr_carea' id='block_1_82' title="bbox 404 5365 3665 5455">
    <p class='ocr_par' dir='ltr' id='par_1_82' title="bbox 404 5365 3665 5455">
     <span class='ocr_line' id='line_1_82' title="bbox 404 5365 3665 5455; baseline 0.002 -32"><span class='ocrx_word' id='word_1_684' title='bbox 404 5371 683 5426; x_wconf 89' lang='lat' dir='ltr'><strong>corruat.</strong></span> <span class='ocrx_word' id='word_1_685' title='bbox 719 5365 987 5455; x_wconf 73' lang='lat' dir='ltr'><strong>«Melior</strong></span> <span class='ocrx_word' id='word_1_686' title='bbox 1014 5375 1108 5426; x_wconf 90' lang='lat' dir='ltr'><strong>est</strong></span> <span class='ocrx_word' id='word_1_687' title='bbox 1142 5388 1173 5422; x_wconf 73' lang='grc' dir='ltr'><strong><em>ι</em></strong></span> <span class='ocrx_word' id='word_1_688' title='bbox 1200 5368 1375 5455; x_wconf 76' lang='lat' dir='ltr'><strong>enim</strong></span> <span class='ocrx_word' id='word_1_689' title='bbox 1410 5390 1440 5425; x_wconf 79' lang='lat' dir='ltr'><strong>at</strong></span> <span class='ocrx_word' id='word_1_690' title='bbox 1476 5387 1717 5448; x_wconf 91' lang='lat' dir='ltr'><strong>pauper</strong></span> <span class='ocrx_word' id='word_1_691' title='bbox 1742 5370 2078 5455; x_wconf 78' lang='lat' dir='ltr'><strong>ambulans</strong></span> <span class='ocrx_word' id='word_1_692' title='bbox 2114 5371 2175 5430; x_wconf 91' lang='lat' dir='ltr'><strong>in</strong></span> <span class='ocrx_word' id='word_1_693' title='bbox 2204 5369 2618 5455; x_wconf 78' lang='lat' dir='ltr'><strong>simplicitate</strong></span> <span class='ocrx_word' id='word_1_694' title='bbox 2652 5365 2829 5455; x_wconf 76' lang='lat' dir='ltr'><strong>sua,»</strong></span> <span class='ocrx_word' id='word_1_695' title='bbox 2863 5365 3295 5455; x_wconf 44' lang='lat' dir='ltr'><strong>quanmfatuus</strong></span> <span class='ocrx_word' id='word_1_696' title='bbox 3342 5366 3665 5455; x_wconf 88' lang='lat' dir='ltr'><strong>labi_isqu_e</strong></span> 
     </span>
    </p>
   </div>
   <div class='ocr_carea' id='block_1_83' title="bbox 403 5445 3667 5529">
    <p class='ocr_par' dir='ltr' id='par_1_83' title="bbox 403 5445 3667 5529">
     <span class='ocr_line' id='line_1_83' title="bbox 403 5445 3667 5529; baseline 0.002 -29"><span class='ocrx_word' id='word_1_697' title='bbox 403 5457 772 5529; x_wconf 58' lang='lat' dir='ltr'><strong>perversus,</strong></span> <span class='ocrx_word' id='word_1_698' title='bbox 807 5445 919 5523; x_wconf 88' lang='lat' dir='ltr'><strong>qui</strong></span> <span class='ocrx_word' id='word_1_699' title='bbox 952 5445 1486 5508; x_wconf 88' lang='lat' dir='ltr'><strong>contentionibus</strong></span> <span class='ocrx_word' id='word_1_700' title='bbox 1507 5456 1565 5509; x_wconf 92' lang='lat' dir='ltr'><strong>et</strong></span> <span class='ocrx_word' id='word_1_701' title='bbox 1596 5445 1993 5529; x_wconf 81' lang='lat' dir='ltr'><strong>argumentis</strong></span> <span class='ocrx_word' id='word_1_702' title='bbox 2023 5448 2243 5529; x_wconf 78' lang='lat' dir='ltr'><strong>inepte</strong></span> <span class='ocrx_word' id='word_1_703' title='bbox 2288 5445 2481 5529; x_wconf 83' lang='lat' dir='ltr'><strong>atque</strong></span> <span class='ocrx_word' id='word_1_704' title='bbox 2513 5447 2810 5529; x_wconf 85' lang='lat' dir='ltr'><strong>imperite</strong></span> <span class='ocrx_word' id='word_1_705' title='bbox 2846 5445 3111 5529; x_wconf 80' lang='lat' dir='ltr'><strong>conﬁdit</strong></span> <span class='ocrx_word' id='word_1_706' title='bbox 3136 5446 3385 5529; x_wconf 51' lang='lat' dir='ltr'><strong>“:ﬁam</strong></span> <span class='ocrx_word' id='word_1_707' title='bbox 3424 5445 3482 5506; x_wconf 91' lang='lat' dir='ltr'><strong>si</strong></span> <span class='ocrx_word' id='word_1_708' title='bbox 3515 5445 3667 5524; x_wconf 67' lang='lat' dir='ltr'><strong>quis</strong></span> 
     </span>
    </p>
   </div>
   <div class='ocr_carea' id='block_1_84' title="bbox 410 5522 3665 5604">
    <p class='ocr_par' dir='ltr' id='par_1_84' title="bbox 410 5522 3665 5604">
     <span class='ocr_line' id='line_1_84' title="bbox 410 5522 3665 5604; baseline 0.002 -25"><span class='ocrx_word' id='word_1_709' title='bbox 410 5522 698 5604; x_wconf 77' lang='lat' dir='ltr'><strong>linguam</strong></span> <span class='ocrx_word' id='word_1_710' title='bbox 733 5524 914 5584; x_wconf 83' lang='lat' dir='ltr'><strong>freno</strong></span> <span class='ocrx_word' id='word_1_711' title='bbox 950 5538 1249 5604; x_wconf 84' lang='lat' dir='ltr'><strong>coercere</strong></span> <span class='ocrx_word' id='word_1_712' title='bbox 1284 5542 1409 5604; x_wconf 86' lang='lat' dir='ltr'><strong>non</strong></span> <span class='ocrx_word' id='word_1_713' title='bbox 1448 5522 1834 5604; x_wconf 54' lang='lat' dir='ltr'><strong>potestfipsi</strong></span> <span class='ocrx_word' id='word_1_714' title='bbox 1871 5537 2042 5589; x_wconf 87' lang='lat' dir='ltr'><strong>certe</strong></span> <span class='ocrx_word' id='word_1_715' title='bbox 2074 5522 2286 5589; x_wconf 79' lang='lat' dir='ltr'><strong>{urere</strong></span> <span class='ocrx_word' id='word_1_716' title='bbox 2324 5522 2396 5590; x_wconf 75' lang='lat' dir='ltr'><strong>a6</strong></span> <span class='ocrx_word' id='word_1_717' title='bbox 2446 5522 2730 5590; x_wconf 87' lang='lat' dir='ltr'><strong>insanire</strong></span> <span class='ocrx_word' id='word_1_718' title='bbox 2768 5526 3127 5604; x_wconf 85' lang='lat' dir='ltr'><strong>continget.</strong></span> <span class='ocrx_word' id='word_1_719' title='bbox 3186 5524 3361 5604; x_wconf 12' lang='lat' dir='ltr'><strong>Hinc,</strong></span> <span class='ocrx_word' id='word_1_720' title='bbox 3406 5522 3665 5598; x_wconf 74' lang='lat' dir='ltr'><strong>omnes,</strong></span> 
     </span>
    </p>
   </div>
   <div class='ocr_carea' id='block_1_85' title="bbox 411 5601 3666 5685">
    <p class='ocr_par' dir='ltr' id='par_1_85' title="bbox 411 5601 3666 5685">
     <span class='ocr_line' id='line_1_85' title="bbox 411 5601 3666 5685; baseline 0.002 -27"><span class='ocrx_word' id='word_1_721' title='bbox 411 5604 473 5659; x_wconf 90' lang='lat' dir='ltr'><strong>et</strong></span> <span class='ocrx_word' id='word_1_722' title='bbox 498 5601 794 5678; x_wconf 74' lang='lat' dir='ltr'><strong>praelatos</strong></span> <span class='ocrx_word' id='word_1_723' title='bbox 831 5609 891 5664; x_wconf 87' lang='lat' dir='ltr'><strong>et</strong></span> <span class='ocrx_word' id='word_1_724' title='bbox 927 5602 1248 5673; x_wconf 89' lang='lat' dir='ltr'><strong>subditos,</strong></span> <span class='ocrx_word' id='word_1_725' title='bbox 1276 5604 1353 5664; x_wconf 88' lang='lat' dir='ltr'><strong>ad</strong></span> <span class='ocrx_word' id='word_1_726' title='bbox 1386 5601 1770 5670; x_wconf 79' lang='lat' dir='ltr'><strong>humilitatis</strong></span> <span class='ocrx_word' id='word_1_727' title='bbox 1804 5607 2103 5670; x_wconf 83' lang='lat' dir='ltr'><strong>virtutem</strong></span> <span class='ocrx_word' id='word_1_728' title='bbox 2138 5606 2535 5683; x_wconf 89' lang='lat' dir='ltr'><strong>cohortatur,</strong></span> <span class='ocrx_word' id='word_1_729' title='bbox 2580 5622 2825 5685; x_wconf 80' lang='lat' dir='ltr'><strong>eosque</strong></span> <span class='ocrx_word' id='word_1_730' title='bbox 2857 5602 3175 5680; x_wconf 85' lang='lat' dir='ltr'><strong>stimulat,</strong></span> <span class='ocrx_word' id='word_1_731' title='bbox 3208 5610 3303 5682; x_wconf 88' lang='lat' dir='ltr'><strong>ut,</strong></span> <span class='ocrx_word' id='word_1_732' title='bbox 3349 5603 3417 5666; x_wconf 92' lang='lat' dir='ltr'><strong>in</strong></span> <span class='ocrx_word' id='word_1_733' title='bbox 3450 5604 3666 5666; x_wconf 89' lang='lat' dir='ltr'><strong>omni-</strong></span> 
     </span>
    </p>
   </div>
   <div class='ocr_carea' id='block_1_86' title="bbox 468 5742 1472 5813">
    <p class='ocr_par' dir='ltr' id='par_1_86' title="bbox 468 5742 1472 5813">
     <span class='ocr_line' id='line_1_86' title="bbox 468 5742 1472 5813; baseline -0.003 -12"><span class='ocrx_word' id='word_1_734' title='bbox 468 5742 516 5778; x_wconf 81' lang='lat'>“</span> <span class='ocrx_word' id='word_1_735' title='bbox 544 5743 565 5801; x_wconf 93' lang='grc' dir='ltr'><strong>Ι</strong></span> <span class='ocrx_word' id='word_1_736' title='bbox 589 5742 713 5803; x_wconf 85' lang='lat' dir='ltr'><strong>Cor.</strong></span> <span class='ocrx_word' id='word_1_737' title='bbox 745 5760 845 5813; x_wconf 79' lang='grc' dir='ltr'>ιιι,</span> <span class='ocrx_word' id='word_1_738' title='bbox 882 5744 971 5801; x_wconf 74' lang='grc'><strong>28.</strong></span> <span class='ocrx_word' id='word_1_739' title='bbox 1009 5746 1052 5779; x_wconf 83' lang='grc'><strong>¹³</strong></span> <span class='ocrx_word' id='word_1_740' title='bbox 1080 5743 1242 5801; x_wconf 88' lang='lat' dir='ltr'><strong>Prov.</strong></span> <span class='ocrx_word' id='word_1_741' title='bbox 1274 5759 1389 5812; x_wconf 71' lang='lat' dir='ltr'><strong>xxx,</strong></span> <span class='ocrx_word' id='word_1_742' title='bbox 1422 5746 1472 5799; x_wconf 77' lang='lat' dir='ltr'><strong>l.</strong></span> 
     </span>
    </p>
   </div>
  </div>
