3910 6214
421 292 525 347 175

1638 288 1696 344 S.
1735 286 2065 344 GBEGORII
2107 286 2453 343 TIIEOLOGI

3578 294 3685 348 176

417 422 641 481 ceptus;
674 412 816 482 quod
862 419 1079 467 rectone
1105 407 1310 476 judicio
1354 420 1417 462 ac
1460 406 1689 471 ratione,
1723 422 1791 461 an
1825 406 1989 460 animi

2101 406 2260 478 φησὶν
2290 409 2317 461 ὁ
2364 406 2505 469 θεῖος
2546 406 2886 471 Ἀπόστολος,
2919 407 3013 461 καὶ
3038 407 3269 479 δηλώσει
3304 409 3492 479 σαφῶς
3520 411 3555 482 ἠ
3584 428 3686 480 της

416 504 789 562 malevolentia
815 512 869 559 et
888 501 1249 558 contentionis
1271 496 1449 555 studio
1474 498 1583 565 ﬁat,
1608 499 1790 552 nescio
1818 519 1828 553 :
1852 497 1990 552 Deus

414 598 508 651 scit
542 598 607 662 η,
637 595 809 666 inquit
834 593 1139 664 Apostolus,
1168 592 1331 661 idque
1359 590 1705 646 revelationis
1726 590 1838 645 dies
1868 605 1992 658 per-

417 688 601 757 Spicue
623 687 937 749 declarabit,
961 686 1207 755 ignisque
1234 684 1322 739 ille
1347 690 1650 753 postremus
1669 681 1733 745 ¹⁶,
1757 695 1864 750 quo
1894 695 1991 735 no-

416 786 547 853 stra,
577 777 756 832 omnia
802 776 1192 846 expendentur,
1229 784 1322 829 aut
1367 772 1757 843 purgabantur.
1808 771 1995 826 Enitar

420 878 623 930 tamen,
651 875 908 934 quantum
950 874 1157 934 potero,
1187 862 1432 930 daboque
1472 877 1714 931 Operam,
1759 877 1827 915 ne
1866 875 1992 930 gra-

423 961 549 1012 tiam
596 957 849 1012 divinitus
882 966 1153 1025 acceptam
1196 968 1437 1024 premam
1492 961 1658 1022 atque
1700 950 1991 1028 occultam,

418 1064 480 1102 ac
524 1049 794 1103 lucernam
834 1046 933 1101 sub
975 1045 1153 1099 modio
1196 1059 1391 1114 ponam
1421 1044 1486 1107 ‘7,
1518 1044 1888 1111 talentumquc
1933 1042 1985 1096 in

417 1151 562 1194 terra
606 1135 873 1193 defodiam
903 1135 946 1167 ¹⁸
994 1136 1130 1206 (haec
1154 1135 1296 1189 enim
1342 1149 1369 1190 a
1410 1132 1563 1187 vobis
1606 1147 1749 1202 scepe
1780 1132 1979 1197 audivi,

2101 498 2497 567 ἀποκαλύψεως
2526 499 2724 570 ἡμέρα,
2754 499 2847 552 καὶ
2873 500 2932 551 τὸ
2956 500 3263 554 τελευταῖον
3285 500 3419 574 πῦρ,
3440 494 3485 569 ᾧ
3506 503 3687 556 πάντα

2104 589 2348 658 κρίνεται
2400 589 2432 659 ἦ
2473 588 2792 658 καθαίρεται
2830 588 2899 641 τὰ
2943 590 3205 661 ἡμέτερα.
3251 590 3593 662 Πειράσομαι
3636 591 3685 645 δ’

2098 680 2246 750 ὅμως
2295 682 2375 743 εἰς
2424 680 2655 751 δύναμιν
2713 681 2786 751 μὴ
2837 682 3244 753 κατακρύπτειν
3299 683 3360 737 τὸ
3408 684 3683 755 χάρισμα,

2105 770 2227 841 μηδ’
2267 771 2372 823 ὑπὸ
2405 770 2496 824 τὸν
2534 771 2713 842 μόδιον
2742 772 2946 826 τιθέναι
2974 773 3065 826 τὸν
3092 774 3305 843 λύχνον,
3344 775 3479 845 μηδὲ
3507 792 3683 827 κατα-

2102 859 2359 930 χωννύειν
2384 860 2444 913 τὸ
2463 860 2722 915 τάλαντον
2749 860 2806 933 (ἃ
2834 861 3095 926 πολλάκις
3121 863 3327 932 ἤκουσα
3361 848 3491 935 παρ’
3524 862 3684 934 ὑμῶν

2102 948 2201 1019 τὴν
2243 948 2438 1019 ἀργίαν
2488 950 2894 1014 ὀνειδιζόντων,
2938 951 3034 1003 καὶ
3075 951 3535 1022 δυσχεραινόντων
3580 954 3683 1023 τὴν

2096 1040 2306 1113 σιωπὴν
2352 1040 2509 1114 [9]),
2563 1042 2698 1095 ἀλλὰ
2767 1042 2943 1111 λόγοις
3017 1042 3277 1114 ἀληθείας
3336 1043 3684 1099 ὲκπαιδεύειν

2090 1133 2182 1185 καὶ
2214 1130 2577 1203 συναρμόζειν
2605 1132 2685 1203 τῷ
2713 1132 3013 1203 Πνεύματι.

417 1248 537 1286 cum
581 1229 713 1284 mihi
745 1228 1097 1284 cessationem
1131 1239 1293 1297 atque
1327 1227 1587 1281 desidiam
1628 1227 1825 1294 probro
1862 1226 2167 1288 vertet-etis,
2199 1240 2264 1278 ac
2290 1225 2560 1281 silentium
2626 1237 2865 1281 nostrum
2922 1226 3160 1296 graviter
3189 1235 3245 1280 et
3308 1225 3497 1296 iniquo
3558 1228 3682 1282 ani-

416 1335 505 1375 mo
528 1317 785 1387 {erretis},
813 1332 994 1371 verum
1018 1329 1074 1373 ut
1097 1318 1341 1372 veritatis
1356 1316 1605 1371 doctrina
1624 1332 1721 1371 vos
1748 1317 1990 1371 erudiam
2030 1330 2095 1368 ac
2124 1329 2220 1384 per
2241 1313 2504 1385 Spiritum
2536 1318 2833 1371 concordes
2865 1318 3110 1372 reddam.

486 1419 557 1473 ll.
590 1413 743 1470 Unde
792 1415 956 1485 igitur
998 1429 1093 1468 vos
1140 1414 1408 1468 instruere
1451 1413 1739 1483 incipiam,
1787 1410 1983 1466 fratres

415 1510 828 1577 mei?Autqua
872 1505 1114 1561 oratioite
1153 1505 1407 1567 athletas,
1452 1517 1679 1574 quorum
1726 1512 1807 1558 est
1844 1517 1984 1573 prae-

2154 1409 2229 1464 B'.
2261 1411 2432 1465 Πόθεν
2447 1407 2786 1483 οὖνᾶρξομαι
2826 1411 3176 1484 καταρτίζειν
3197 1412 3494 1483 ὑμᾶςίιο),
3524 1412 3684 1467 ἀδελ-

2093 1504 2182 1573 φοί
2207 1520 2220 1568 ;
2248 1504 2358 1556 Καὶ
2382 1504 2492 1556 τίσι
2521 1503 2698 1571 Λόγοις
2739 1507 2956 1575 τιμήσω
3001 1505 3129 1568 τοὺς
3158 1502 3397 1575 ἀθλητὰς
3429 1503 3563 1575 (11),
3605 1498 3685 1558 ὧν

414 1617 542 1659 sens
576 1601 690 1656 hate
712 1598 1018 1663 celebritas,
1051 1594 1299 1677 ornabo?
1338 1592 1480 1661 Quid
1515 1594 1747 1664 primum
1789 1595 1986 1658 dicam,

2101 1566 2126 1666 ή
2167 1566 2417 1665 παροῦσα
2456 1566 2765 1666 πανήγυρις
2785 1566 2811 1662 ;’
2840 1566 2904 1648 '1‘£
2938 1566 3157 1667 πρῶτον
3198 1566 3340 1649 εἴπω
3374 1566 3590 1667 (ΙΞ),Γῆ
3627 1597 3684 1649 τε

416 1704 511 1752 aut
546 1694 674 1765 quid
698 1690 1023 1746 maximum?
1053 1688 1192 1755 Quid
1225 1688 1507 1743 animabus
1530 1687 1728 1742 vestris
1758 1688 1989 1742 maxime

2101 1688 2383 1758 μέγιστον;
2416 1688 2480 1740 Τί
2514 1688 2750 1757 μάλιστα
2783 1686 3059 1758 συμφέρον
3089 1691 3210 1751 ταῖς
3242 1687 3535 1757 ὑμετέραις
3567 1688 3683 1758 (15)

417 1783 794 1857 profuturum?
837 1780 943 1835 Aut
987 1778 1117 1848 quid
1162 1778 1287 1832 huic
1341 1777 1569 1845 tempori
1616 1776 1989 1832 commodissi-

2101 1780 2323 1850 ᾲυχαῐςς
2387 1780 2456 1831 Ἦ
2510 1779 2564 1831 τί
2594 1778 2672 1849 τῷ
2727 1779 2954 1850 παρόντι
2997 1778 3174 1851 καιρῷ
3224 1778 3680 1850 χρησιμώτατονς

418 1874 604 1929 mum?
646 1872 705 1927 Id
742 1884 872 1925 vero
910 1868 1013 1923 hac
1061 1868 1275 1920 demum
1310 1865 1517 1919 ratione
1568 1863 1987 1935 perspiciemus.

2101 1873 2360 1942 Γνοίημεν
2406 1871 2452 1924 δ’
2486 1872 2552 1926 ἂν
2590 1872 2767 1925 οὑτω·
2817 1871 2883 1924 Τί
2922 1870 3015 1925 τοῦ
3061 1872 3332 1943 ἡμετέρου
3375 1873 3488 1943 (14)
3518 1871 3683 1941 λόγου

418 1966 686 2034 Quidnam
720 1963 772 2017 in
807 1971 989 2015 nosua
1029 1959 1271 2014 doctrina
1315 1957 1823 2026 praestantissimum
1872 1956 1989 2012 est?

2101 1962 2151 2015 τὸ
2187 1962 2506 2026 κάλλιστον;
2551 1963 2615 2015 Ἠ
2647 1962 2839 2033 εἰρήνη
2864 1980 2875 1991 ·
2915 1961 3210 2031 προσθήσω
3242 1961 3309 2025 δ’,
3348 1962 3431 2015 ὅτι
3478 1961 3575 2013 καὶ
3620 1962 3685 2013 τὸ

417 2059 549 2114 Pax.
582 2055 786 2110 Addam
829 2052 991 2107 etiam
1031 2049 1401 2103 utilissimum.
1447 2048 1667 2113 Contra,
1698 2046 1827 2116 quid
1863 2055 1989 2101 tur—

2101 2055 2557 2109 λυσιτελέστατον.
2600 2055 2666 2108 Τί
2699 2055 2787 2108 δαὶ
2832 2056 2893 2108 τὸ
2926 2057 3206 2125 αἴσχιστον
3237 2055 3334 2108 καὶ
3370 2055 3434 2106 τὸ
3481 2053 3682 2124 βλαὸε-

417 2150 699 2220 pissimum
725 2158 787 2198 ac
809 2138 1364 2213 perniciosissimum?
1394 2138 1690 2193 Discordia.
1725 2137 1989 2204 Quoniam

2101 2145 2372 2218 ρώτατονς
2408 2147 2473 2199 Ἠ
2502 2146 2740 2218 διχόνοια
2769 2145 2901 2218 (15).
2939 2147 3093 2199 Ἐπεὶ
3120 2146 3176 2199 δὲ
3205 2145 3363 2198 τοῦτο
3392 2143 3684 2215 ἠρώτησα,

419 2252 601 2298 autem
627 2240 768 2295 hanc
812 2234 1162 2308 quaestionem
1211 2231 1488 2304 proposui,
1523 2232 1680 2301 eique
1708 2231 1989 2300 respondi,

2101 2237 2184 2290 καὶ
2232 2236 2640 2307 ἀπεκρινάμην,
2695 2237 3114 2308 προσερήσομαι
3157 2236 3252 2290 καὶ
3295 2234 3356 2288 τὸ
3394 2233 3681 2305 δεύτερον·

2093 2329 2158 2381 Τί
2182 2328 2244 2381 τὸ
2275 2328 2507 2399 μάλιστα
2535 2328 2701 2381 λῦσαν
2732 2327 2980 2398 ὲκείνην;
3007 2328 3118 2381 Καὶ
3157 2326 3210 2380 τί
3240 2326 3299 2379 τὺ
3326 2324 3531 2396 ταύτην
3568 2327 3687 2378 εἰσ·

2093 2420 2329 2489 αγαγόν;
2357 2419 2473 2484 Ἱν’,
2493 2418 2680 2491 ὥσπερ
2714 2422 2770 2472 ὲν
2799 2422 2912 2482 τοῖς
2936 2420 3230 2490 νοσήμασι,
3254 2417 3324 2471 τά
3344 2417 3496 2471 αῖτια
3523 2434 3687 2489 περι-

2095 2511 2385 2582 κόψαντες,
2411 2513 2507 2566 xai.
2539 2512 2639 2576 τὰς
2663 2511 2844 2583 πηγὰς
2890 2511 2997 2565 τῶν
3048 2509 3241 2565 παθῶν
3275 2508 3684 2580 ἐμφράξαντες,

2093 2601 2129 2673 ἦ
2159 2602 2622 2674 ἀποξηράναντες,
2642 2601 2786 2657 οὕτω
2819 2602 2912 2656 καὶ
2944 2601 3014 2655 τά
3040 2602 3250 2655 ἐκεῖθεν
3301 2600 3554 2671 ῥεύματα
3591 2599 3692 2652 καὶ

2094 2694 2510 2765 ἀποτελέσματα
2568 2694 3012 2765 συνεκκόψωμεν.
3085 2694 3220 2747 Οὑδὲ
3275 2693 3385 2763 γὰρ
3454 2688 3567 2744 οἷόν
3622 2708 3686 2745 τε

419 2336 565 2408 quod
619 2331 913 2390 secundum
955 2335 1059 2393 est,
1086 2316 1310 2394 inSuper
1351 2324 1687 2379 sciscitabor.
1723 2324 1991 2390 Quidnam

418 2428 687 2499 praecipue
721 2424 866 2479 illam
894 2419 1131 2485 sustulit,
1161 2428 1215 2474 et
1242 2417 1384 2473 banc
1412 2415 1653 2472 invexit?
1688 2416 1778 2481 Ut,
1803 2430 1993 2484 quem—

420 2519 711 2575 admodum
727 2516 782 2570 in
803 2526 1090 2583 corporum
1116 2508 1344 2574 morbis,
1369 2509 1550 2565 causis
1577 2509 1726 2579 prius
1756 2508 1991 2562 circum-

421 2613 569 2677 cisis,
596 2624 660 2666 ac
684 2606 1109 2664 turbulentarum
1136 2602 1302 2658 animi
1326 2601 1725 2672 permotionum
1752 2600 1993 2657 fontibus

421 2702 712 2761 obstructis
773 2708 866 2754 aut
906 2697 1217 2759 exsiccatis,
1270 2696 1343 2749 ita
1398 2694 1613 2749 demum
1667 2692 1994 2763 proﬂuentes

423 2797 550 2852 hinc
589 2792 794 2850 rivulos
836 2788 1167 2857 eﬂ'ectusque
1205 2785 1369 2841 simul
1406 2795 1764 2855 amputemus.
1811 2784 1989 2855 Neque

2101 2785 2367 2854 γνῶναίτι
2387 2787 2500 2856 (16)
2526 2786 2655 2858 περὶ
2677 2786 2779 2857 τῆς
2804 2787 3060 2857 τελευτῆς
3083 2785 3284 2849 καλῶς,
3319 2784 3395 2857 μὴ
3426 2784 3557 2857 περὶ
3587 2785 3689 2856 τῆς

419 2889 564 2942 enim
594 2884 712 2940 ﬁeri
739 2889 933 2953 potest,
965 2888 1044 2946 ut,
1071 2877 1350 2949 principiis
1377 2891 1482 2930 non
1513 2887 1661 2931 recte
1684 2876 1989 2931 considera-

2101 2879 2271 2952 ἀρχῆς
2297 2878 2473 2950 ὀρθῶς
2499 2879 2895 2950 σκεψαμένους.
2928 2879 3197 2933 Βούλεσθε
3225 2874 3319 2933 οὖν
3372 2879 3531 2949 ὑμεῖς
3586 2877 3691 2950 τὴν

423 2981 511 3046 tis,
544 2976 838 3049 quidquam
868 2973 934 3028 de
964 2971 1068 3026 (ine
1092 2969 1351 3039 praeclare
1377 2981 1794 3038 cOgnoscamus.
1822 2966 1989 3022 Vultis

2101 2970 2281 3024 αἰτίαν
2313 2971 2425 3041 (17)
2460 2972 2633 3025 εἰπεῖν
2666 2971 2761 3024 καὶ¹
2790 2970 3091 3043 γνωρίσαι;
3128 2972 3199 3025 Ἢ
3240 2971 3361 3043 ἐμοὶ
3398 2969 3478 3041 τῷ
3517 2969 3687 3040 θερα-

422 3070 587 3139 igitur
610 3082 706 3122 vos
731 3063 834 3136 ipsi
869 3062 1153 3130 utriusque
1180 3058 1260 3113 rei
1293 3072 1517 3113 causam
1548 3054 1794 3126 proferre
1818 3071 1884 3112 ac
1905 3057 1989 3113 de-

2101 3063 2273 3133 πευτῇ
2309 3064 2710 3134 παραχωρεῖτε,
2748 3063 2844 3117 καὶ
2872 3062 3111 3135 δηλῶσαι
3146 3060 3350 3133 ταύτην
3373 3101 3387 3127 ,
3421 3061 3515 3115 καὶ
3542 3060 3691 3133 διορ⁴

425 3160 671 3220 clarare?
706 3160 789 3215 An
840 3156 973 3211 mihi
1008 3154 1210 3225 potius,
1245 3151 1439 3207 medici
1476 3164 1700 3206 munere
1733 3148 1989 3220 fungenti,

2101 3150 2374 3206 θὼσασθαι
2397 3169 2412 3218 ;
2443 3155 2552 3207 Καὶ
2579 3154 2689 3225 γὰρ
2716 3155 2894 3208 εἰπεῖν
2934 3153 3276 3225 βουλομένων
3303 3153 3524 3224 ἕτοιμος
3544 3194 3559 3219 ,
3592 3153 3694 3207 καὶ

425 3270 545 3311 eam
596 3248 942 3308 indicandam
987 3246 1043 3302 et
1090 3242 1466 3313 corrigendam
1515 3240 1858 3310 relinquitis?
1891 3238 1989 3311 Egc

2101 3244 2317 3297 ἀκούειν
2347 3244 2613 3314 λεγόντων
2653 3246 3013 3317 ἑτοιμότερος.
3042 3246 3430 3318 Παραχωρεῖτε
3463 3243 3563 3315 μὲν
3582 3284 3597 3308 ,
3625 3239 3693 3297 εὖ

426 3342 593 3409 enim,
624 3349 679 3397 et
711 3339 870 3410 581
909 3336 1086 3393 dicere
1113 3344 1336 3404 paratus
1379 3347 1523 3395 sum,
1572 3332 1618 3387 si
1653 3334 1725 3387 ita
1757 3324 1989 3387 voluntas

2101 3330 2191 3388 οἷδ’
2243 3336 2354 3388 ὅτι·
2405 3336 2501 3391 καὶ
2542 3337 2652 3409 γὰρ
2695 3338 2756 3390 οὑ
2805 3336 3045 3406 φαύλους
3100 3336 3320 3409 ἰατροὺς
3357 3338 3509 3408 ἡμᾶς
3577 3336 3690 3390 τῶν

425 3442 605 3491 vestra
645 3432 806 3498 ferat,
840 3437 895 3485 et
922 3427 1163 3483 dicentes
1210 3424 1402 3481 audire
1445 3425 1703 3496 paratior.
1736 3422 1842 3480 Sed
1869 3426 1989 3480 nihil

2101 3426 2355 3479 τοιούτων
2388 3426 2517 3491 ἴσως
2546 3427 2961 3498 ὑπολαμϐάνετε
2984 3468 2999 3493 ,
3032 3428 3140 3481 οὐδ’
3172 3427 3309 3499 (17‘)
3338 3428 3575 3499 ἀμαθεῖς
3599 3428 3693 3481 θε-

430 3526 638 3593 dubito,
666 3524 795 3594 quin
826 3520 1038 3577 dicendi
1067 3533 1263 3574 munus
1286 3516 1419 3572 mihi
1453 3517 1801 3584 concedatis;
1840 3532 1989 3587 quem

2109 3518 2341 3590 ραπείας
2378 3518 2598 3590 ψυχῶνο
2633 3522 2743 3575 εἴτε
2774 3516 2867 3575 οὖν
2903 3521 3146 3592 φαύλως,
3183 3519 3292 3575 εἴτε
3327 3520 3504 3593 ὀρθῶς
3530 3519 3700 3574 τοῦτο

429 3633 537 3673 non
559 3615 778 3670 omnino
803 3611 1107 3682 imperitum
1136 3618 1192 3663 et
1211 3607 1660 3663 contemnendum
1693 3607 1989 3662 morborum

2110 3609 2601 3681 ὑπολαμϐάνοντες.
2656 3613 2749 3684 Μὴ
2796 3613 3113 3684 θαυμάσητε
3159 3612 3238 3677 δὲ,
3294 3612 3343 3665 εἰ
3384 3610 3694 3684 παράδοξον

429 3706 736 3781 huiusmodi
765 3703 1051 3770 medicum,
1072 3710 1166 3757 aut
1186 3701 1237 3755 in
1261 3699 1514 3755 curandis
1534 3697 1730 3753 animis
1756 3699 1989 3768 ignarum

2109 3701 2221 3772 ἐρῶ
2258 3702 2442 3772 λόγον·
2491 3705 2587 3758 καὶ
2633 3705 2744 3777 γάρ
2793 3706 2909 3758 ἐστι
2954 3703 3261 3776 ’παράδοξος
3312 3704 3440 3776 μὲν,
3484 3702 3695 3776 ἀληθὴς

428 3800 658 3856 fortasse
685 3792 1008 3853 existimatis
1038 3811 1053 3847 :
1087 3793 1199 3848 sive
1226 3790 1282 3846 id
1313 3801 1479 3855 recte,
1511 3791 1629 3846 sive
1659 3804 1818 3844 secus
1856 3789 1989 3844 arbi-

2106 3792 2185 3857 δὲ,
2221 3792 2297 3856 ὡς
2335 3793 2511 3864 ἔγωγέ
2553 3813 2715 3867 φημι,
2766 3796 2861 3850 καὶ
2908 3796 3067 3867 ὑμεῖς
3106 3798 3444 3867 συμφήσετε,
3480 3795 3547 3850 ἂν
3575 3796 3695 3865 (18)

428 3890 668 3947 tretnini.
693 3889 806 3945 Nec
833 3900 963 3943 vero
994 3884 1190 3940 mirum
1228 3882 1385 3939 vobis
1410 3883 1675 3945 videatur,
1705 3881 1750 3936 si
1782 3895 1989 3947 novam,

2107 3884 2194 3936 διὰ
2227 3885 2412 3950 τέλους
2460 3886 2650 3957 μαθεῖν
2681 3888 3030 3960 ἀναμείνητε,
3064 3888 3202 3942 ἀλλά
3248 3889 3346 3960 μὴ,
3376 3888 3405 3942 ὃ
3446 3889 3697 3959 ἐγκαλῶ,

429 3990 486 4036 et
525 3981 594 4036 ab
642 3979 944 4034 animorum
975 3970 1569 4031 vestrorum-sensibus
1602 3968 1833 4023 alienam
1869 3984 1989 4023 ora-

2111 3974 2344 4047 πάθητε,
2363 3978 2457 4031 καὶ
2479 3978 2916 4050 προεξαναστῆτε
2943 3978 3038 4034 τοῦ
3064 3979 3222 4050 λόγου
3246 3979 3335 4033 διὰ
3357 3979 3696 4052 θερμότητα.

433 4078 635 4131 tionem
674 4072 923 4128 attulere.
968 4069 1286 4138 Quanquam
1317 4065 1462 4120 enim
1491 4065 1559 4118 ab
1589 4064 1993 4132 eXSpectatione
2030 4075 2084 4122 et
2105 4071 2358 4139 opinione
2385 4083 2587 4141 vestra,
2615 4090 2719 4128 non
2745 4083 2927 4129 tamen
2988 4090 3019 4129 a
3075 4075 3307 4130 veritate
3338 4074 3694 4144 discrepabit,

431 4180 492 4224 ut
529 4168 741 4239 quidem
779 4167 894 4236 ipse
924 4163 1153 4227 afﬁrmo,
1182 4176 1245 4215 ac
1283 4174 1380 4215 vos
1423 4157 1813 4223 assentiemini,
1846 4158 1893 4213 si
1926 4161 1991 4214 ad
2030 4172 2330 4220 extremum
2362 4183 2531 4238 usque
2557 4170 2744 4225 audire
2773 4169 3162 4235 sustinueritis,
3188 4185 3253 4226 ac
3306 4185 3414 4226 non
3483 4170 3697 4240 ipsum,

432 4266 575 4334 quod
596 4262 812 4331 objicio,
833 4259 985 4315 vobis
1012 4272 1110 4314 usu
1138 4256 1336 4321 veniat,
1406 4254 1662 4311 nimirum
1720 4265 1782 4311 ut
1837 4272 1951 4327 prae
1982 4263 2286 4315 animorum
2327 4260 2562 4331 fervore,
2599 4275 2892 4336 antequam
2928 4266 2999 4322 ad
3029 4266 3233 4321 calcem
3260 4264 3435 4321 oratio
3493 4280 3699 4336 perve-

431 4360 599 4425 nerit,
624 4357 944 4426 exsurgatis.

502 4452 590 4508 Ill.
623 4451 844 4521 Ingenia
874 4464 1069 4521 magna
1096 4456 1153 4504 et
1175 4446 1435 4502 ferventia
1462 4443 1723 4499 tumultus
1749 4445 1908 4512 istos,
1946 4445 1989 4499 in

2174 4446 2250 4500 Γ’.
2290 4445 2484 4507 Φύσεις
2514 4446 2713 4519 θερμαὶ
2744 4449 2840 4502 καὶ
2877 4449 3130 4520 μεγάλαι,
3155 4448 3253 4519 τῆς
3285 4452 3532 4519 ταραχῆς
3559 4446 3701 4501 ταύ·⁵

433 4551 631 4623 quibus
665 4561 964 4610 versamur,
996 4544 1330 4606 excitarunt,
1361 4554 1469 4594 nou
1503 4538 1589 4593 illa
1618 4538 1835 4608 quidem
1866 4540 1989 4595 sim-

2110 4556 2211 4611 της
2242 4538 2414 4594 αἴτιον
2441 4540 2550 4613 (19)
2573 4558 2587 4572 ο
2620 4541 2802 4611 οὑτιγε
2836 4542 3023 4608 ἁπλῶς
3054 4543 3308 4614 διάπυροι
3334 4540 3430 4595 καὶ
3458 4541 3703 4612 μεγάλαι

431 4640 646 4711 pliciter
670 4650 864 4707 magna
897 4642 951 4691 et
982 4631 1245 4687 ferventia
1279 4630 1400 4701 (nec
1429 4628 1572 4684 enim
1600 4627 1637 4683 ii
1661 4643 1885 4696 sumus,
1911 4629 1989 4699 qui

2113 4630 2325 4703 (μήπω
2376 4632 2486 4704 γὰρ
2533 4633 3013 4705 καταγινώσκομεν
3057 4634 3161 4705 τῆς
3213 4633 3583 4705 θερμότητος,
3628 4629 3700 4706 ἦς

434 4734 736 4787 animorum
770 4724 1122 4782 acrimoniam
1158 4723 1212 4776 in
1242 4721 1374 4776 vitio
1401 4734 1669 4792 ponamus
1690 4759 1707 4787 ,
1744 4720 1863 4777 sine
1893 4735 1989 4790 qua

2101 4721 2228 4793 δίχα
2256 4723 2399 4794 μέγα
2418 4741 2481 4776 τι
2508 4724 2919 4797 κατορθωθῆναι
2957 4726 3094 4798 πρὸς
3120 4726 3401 4780 εὑσέὸειαν
3430 4725 3463 4797 ἢ
3494 4726 3705 4799 ἀρετὴν

434 4837 596 4880 nemo
623 4832 879 4891 magnum
905 4815 1121 4886 aliquod
1150 4811 1368 4884 pietatis
1397 4819 1492 4866 aut
1522 4810 1842 4882 cujusquam
1869 4811 1989 4866 alius

2102 4812 2270 4885 ἀλλην
2305 4815 2656 4887 ἀμήχανον),
2699 4815 2835 4871 ἀλλὰ
2874 4819 3120 4886 γενναῖαι
3165 4817 3263 4872 σὺν
3314 4816 3547 4888 ἀλογίᾳ,
3606 4819 3701 4872 καὶ

506 4942 550 4974 ³⁵
581 4940 625 4994 ΙΙ
647 4937 774 4993 Cor.
809 4949 906 5001 xu,
934 4933 992 4987 2.
1068 4930 1113 4963 ¹⁶
1142 4930 1164 4984 ι
1192 4928 1319 4985 Cor.
1352 4944 1430 4992 ιιι,
1462 4927 1552 4982 15.
1642 4926 1683 4958 ¹⁷
1714 4926 1904 4982 Matth.
1946 4944 1989 4994 ν,

2102 4969 2116 4983 .
2197 4930 2243 4962 ³⁸
2278 4930 2474 4985 Matth.
2505 4947 2631 4999 xxv,
2665 4932 2751 4988 18.

503 5099 579 5172 (θ)
625 5096 746 5165 Τὴν
794 5089 1048 5158 σιωπήν.
1104 5084 1270 5143 Coisl.
1324 5084 1381 5149 1,
1424 5093 1480 5138 et
1521 5081 1735 5149 Comb.,
1767 5083 1835 5152 τῇ
1871 5097 1989 5135 σιω-

2333 5086 2625 5172 4.9503019:
2651 5085 2858 5172 Bi!|.,.¢
2892 5088 3569 5172 volutumtum‘disjunctio.
3602 5107 3626 5145 ι

509 5157 523 5172 \
562 5157 574 5170 Ι
690 5157 703 5165 ‘
982 5157 985 5158 ⁷

437 5176 548 5242 πῇ.-
571 5237 608 5242 Α.
668 5236 726 5242 --ρ
777 5233 803 5242 α.
925 5231 978 5242 ι.-
1084 5229 1098 5242 I
1220 5224 1369 5242 “Ah‘
1433 5231 1476 5242 AA
1527 5221 1600 5242 Λ..
1676 5223 1693 5242 Ι
1789 5219 1836 5242 l,
1910 5240 1922 5242 Α
1951 5226 1963 5242 I

2453 5158 2588 5242 'Dest
2614 5159 2907 5242 innduobus
2939 5159 3107 5240 Regg.
3135 5169 3189 5212 et
3218 5159 3312 5214 0r.
3339 5160 3391 5214 1.

483 5219 618 5310 il(—10)
668 5233 862 5305 Ὑμᾶς.
923 5231 1016 5287 Sic
1068 5229 1172 5286 duo
1220 5224 1389 5295 Regg.
1425 5231 1481 5279 et
1526 5221 1620 5279 0r.
1671 5223 1725 5277 1.
1787 5219 1845 5279 1n
1899 5226 1986 5280 ed.

2182 5219 2295 5308 (Π)
2334 5226 2560 5310 Αξτίαν.
2604 5245 2639 5310 «ξ
2667 5226 2955 5310 Utriusque
2987 5219 3087 5310 rei
3132 5244 3376 5310 causam,
3431 5247 3450 5280 ι
3492 5231 3545 5310 εει
3596 5244 3701 5294 est,

436 5296 613 5381 ήμᾷςξ
674 5376 687 5381 _
710 5296 772 5381 ί-
798 5296 829 5381 ζ’
914 5372 925 5381 _
960 5334 969 5342 .
1072 5370 1121 5381 __
1198 5380 1201 5381 ν
1712 5369 1744 5381 υ
1852 5372 1870 5381 -
2119 5300 2320 5381 cpite-is.
2349 5296 2561 5361 ablatae,
2593 5308 2645 5350 et
2679 5296 2961 5380 discordia:
2986 5299 3241 5381 inductae.
3278 5318 3298 5350 ι
3334 5299 3471 5353 Nam
3497 5304 3702 5381 Gri-gn.

509 5366 624 5449 (Π)
655 5372 985 5449 ⁸Ἀθνῖητοὶς.
1025 5391 1045 5424 ι
1072 5370 1361 5449 Martyres,
1396 5391 1417 5423 ι
1443 5386 1668 5439 quorum
1694 5369 1815 5427 dies
1848 5372 2015 5431 festus
2115 5369 2229 5449 rius
2270 5368 2357 5421 hic
2405 5381 2693 5438 utrumque
2739 5366 3178 5439 quaerit.,Billius
3218 5385 3234 5422 :
3272 5388 3292 5421 ι
3332 5366 3706 5428 contentio-ms

436 5436 811 5505 cel‘ebrabatur
841 5436 1041 5514 magno
1071 5436 1386 5514 popniorum
1415 5436 1703 5497 concursu.
2121 5436 2347 5514 hujusce
2370 5436 2620 5514 causam.
2649 5457 2668 5489 ι

414 5572 419 5584 ,
510 5518 619 5584 (t2)
652 5515 835 5569 Ετπω.
868 5506 964 5570 οτῖ
993 5506 1259 5584 Lenem.
1412 5583 1418 5584 ί

2192 5507 2325 5584 (tif)
2347 5507 2540 5584 _Qt‘26’.n
2559 5509 2732 5584 0r._1,
2755 5506 2903 5584 _o_t’)6é.
2934 5507 2992 5563 In
3027 5508 3368 5578 quibusdam,
3410 5509 3559 5565 οὔτε.

534 5576 621 5657 15}
671 5576 1133 5657 'chzépazoor.
1168 5587 1223 5649 1,
1256 5583 1583 5657 ἡμετέραις.-
1624 5650 1636 5657 _
1715 5655 1730 5657 _
1890 5656 1893 5657 ν

2504 5576 2636 5657 εἴθε.
2663 5578 2845 5657 ϋηέάν

509 5647 620 5729 (14)
664 5647 740 5711 Τι’
761 5647 877 5711 τοῦ
898 5647 1216 5727 ἡμετέρου,
1238 5647 1343 5729 eic.
1385 5673 1404 5706 ε
1433 5647 1586 5722 'Quid
1624 5650 1677 5705 itt
1700 5655 1989 5713 Christian:

2118 5716 2134 5729 _
2188 5647 2300 5721 (19)
2337 5648 2558 5729 Αἴτιον.
2587 5649 2702 5729 Ι)υο
2727 5648 2894 5718 [{egg.
2919 5657 2973 5703 et
3005 5647 3098 5705 0r.
3134 5651 3188 5714 1,
3220 5649 3281 5703 τὸ
3314 5650 3510 5717 αἴτιον,
3543 5670 3564 5705 ι
3608 5652 3706 5707 Ιιιιο

438 5716 775 5801 professione
809 5716 1274 5798 pulcherrimum?
1298 5729 1428 5781 Pax.
1455 5716 1487 5779 ἶ
2113 5716 2208 5790 jus
2230 5716 2650 5789 perturbationis
2678 5716 2869 5775 causa.
2908 5737 2927 5770 ι

600 5520 621 5729 ξ
