3910 6214
250 269 358 325 I77

932 265 1201 323 ORATIO
1240 266 1455 324 XXXII.
1496 299 1568 310 --
1608 267 1698 321 DE
1735 265 2246 323 MODERATIONE
2285 266 2352 321 IN
2392 265 2852 324 DISPUTANDO.

3434 263 3540 321 178

251 384 487 457 ἀμαθίᾳ,
517 385 634 446 καὶ,
664 384 743 456 τῷ
772 384 985 457 ταύτης
1011 386 1223 457 ἐκγόνῳ
1254 385 1432 457 κακῷ,
1464 385 1691 456 θράσειο
1729 385 1857 457 θρὰ-
1883 422 1894 446 λ

1986 385 2183 441 ’ἰηυιὶε
2211 400 2413 441 munus
2444 383 2671 455 exsequi
2705 385 2939 455 potest);
2986 384 3079 440 sed
3117 397 3239 455 qua:
3272 397 3393 437 cum
3442 398 3543 452 ge-

254 494 351 542 σος
381 475 500 550 γὰρ’
515 476 631 551 (20)
662 478 904 551 ἀμαθίας
932 477 1177 548 ἔκγονον.
1211 481 1279 533 Ai
1311 480 1413 551 μὲν
1444 481 1553 551 γὰρ
1580 479 1852 543 ἀσθενεῖς,

254 570 352 624 καὶ
382 569 520 641 πρὸς
544 570 747 642 ἀρετὴν
772 570 867 625 καὶ
897 570 1036 640 πρὸς
1061 570 1263 625 κακίαν
1290 571 1495 642 ὁμοίως
1525 571 1711 633 νωθείς
1739 570 1852 639 (21)

255 664 354 715 καὶ
383 661 696 734 δυσκίνητοι
720 701 736 727 ,
766 662 861 716 καὶ
888 664 1001 717 οὐδ’
1026 663 1266 736 ἐτέρωσε
1295 663 1440 734 μέγα
1470 662 1738 725 νεύουσαι,
1767 657 1854 716 οἷα

252 754 328 808 τὰ
357 754 470 808 τῶν
511 753 841 827 ναρκώντων
867 755 990 826 κινή
1000 773 1168 826 ματα.
1204 756 1271 808 At
1298 757 1541 824 γενναῖαι
1578 755 1666 821 δὲ,
1694 754 1852 824 λόγου

260 847 365 917 μὲν
395 847 567 911 αὑτὰς
596 847 1075 918 παιδαγωγοῦντος
1117 847 1214 902 καὶ
1260 847 1668 912 διευθύνοντος,
1711 848 1854 918 μέγα

255 956 314 992 τι
348 940 541 1012 χρῆμα
587 941 729 1012 πρὸς
760 942 995 1013 ἀρετήν·
1032 940 1423 1013 ἐπιλειπούσης
1455 940 1513 994 δὲ
1546 942 1860 1010 ἐπιστήμης

258 1032 359 1084 καὶ
382 1031 567 1100 λόγου,
594 1033 656 1086 τὸ
678 1034 793 1086 ἴσον
825 1033 907 1096 εἰς
936 1035 1137 1087 κακίαν
1164 1033 1532 1104 εὑρίσκονται.
1580 1030 1734 1085 Ἐπεὶ
1767 1031 1863 1085 καὶ

261 1121 433 1175 ἵππον
465 1121 726 1193 θυμοειδῆ
762 1123 861 1196 μὲν
897 1119 1038 1178 εἷναι
1064 1122 1169 1196 χρὴ
1201 1123 1296 1177 καὶ
1324 1125 1591 1192 γενναῖον,
1622 1122 1714 1176 τὸν
1745 1121 1863 1175 ἐσό-

266 1228 431 1281 μενον
457 1214 774 1284 νικηφόρον,
802 1213 913 1267 είτε
940 1214 1364 1285 πολεμιστήριον
1389 1212 1528 1285 (22),
1563 1211 1675 1266 εἴτε
1703 1212 1864 1283 ἁμιλ-

264 1303 556 1377 λητήνριον·
591 1307 677 1378 εἴη
708 1306 756 1360 δ’
788 1305 855 1361 ἂν
889 1307 918 1359 6
946 1306 1111 1370 αὐτὸς
1156 1306 1308 1360 οὐδὲν
1336 1305 1451 1377 (23)
1500 1303 1709 1374 ἀγαθοῦ
1730 1345 1745 1368 ,
1787 1305 1864 1377 μὴ

266 1394 474 1467 χαλινῷ
507 1397 843 1466 παιδευθεὶς,
876 1399 972 1452 καὶ
996 1398 1276 1469 γυμνασίᾳ
1308 1396 1720 1468 φιλοπονωτέρᾳ
1768 1414 1865 1468 μα-

266 1485 378 1540 θὼν
412 1488 749 1559 ἡμερότητα.
1242 1526 1249 1532 -

1962 480 2264 535 nerositate
2298 481 2741 550 imprudentiam,
2772 489 2830 536 et
2852 480 3148 547 inscitiam,
3180 487 3272 546 et,
3301 476 3392 546 qui
3423 491 3547 531 ma-

1960 572 2046 627 lus
2086 571 2257 641 ipsius
2309 572 2452 629 fetus
2497 582 2615 639 est,
2657 571 3020 628 temeritatem
3062 569 3404 640 coniunctam
3448 568 3549 622 ha-

1961 664 2162 730 beant;
2198 664 2468 734 siquidem
2503 665 2736 721 inscitiae
2776 664 2940 732 fetus,
2961 671 3045 720 est
3070 664 3369 719 temeritas.
3393 660 3547 715 Infir-

1962 757 2035 812 mi
2065 758 2208 812 enim
2231 766 2287 812 et
2312 758 2615 814 imbecilles
2638 759 2826 823 animi,
2856 769 2964 813 tam
2994 757 3060 813 ad
3082 757 3362 820 virtutem,
3385 768 3547 823 quam

1965 856 2032 905 ad
2067 849 2258 904 vitium
2292 865 2488 922 segnes
2511 860 2566 907 et
2594 851 2732 906 tardi
2764 858 2912 916 sunt,
2937 863 3116 920 neque
3145 849 3199 903 in
3231 847 3548 903 alterutram

1965 950 2177 1011 partem
2210 957 2546 1014 magnopere
2585 944 2958 998 inclinantur:
2995 958 3101 998 non
3137 954 3296 997 secus
3343 938 3553 994 scilicet

1966 1046 2131 1103 atque
2171 1034 2455 1090 hominum
2506 1044 2727 1104 torpore
2768 1033 3130 1090 laborantium
3174 1033 3440 1088 incessus.
3480 1028 3553 1083 At

1971 1126 2145 1182 fortes
2175 1136 2232 1184 et
2264 1129 2540 1199 generosi,
2573 1129 3027 1196 quemadmodum
3058 1126 3102 1181 si
3129 1126 3338 1181 ratione
3357 1122 3553 1193 guber-

1967 1228 2169 1274 uentur
2198 1229 2253 1276 et
2282 1230 2667 1287 coerceantur,
2704 1236 2961 1291 maguum
3015 1218 3081 1272 ad
3130 1219 3555 1285 virtutem'pon-

1967 1309 2070 1364 dus
2098 1308 2368 1375 aﬂ‘erunt;
2404 1311 2479 1366 ita
2504 1352 2520 1378 ,
2550 1312 2596 1366 si
2631 1328 2660 1366 a
2694 1312 2919 1367 scientia
2959 1318 3015 1365 et
3057 1309 3270 1365 ratione
3299 1308 3554 1362 deseran—

1969 1409 2079 1465 ῑυτ,
2123 1419 2231 1459 non
2268 1405 2447 1459 minus
2480 1405 2742 1459 momenti
2778 1403 2844 1458 ad
2893 1402 3083 1458 vitium
3129 1399 3361 1455 habituri
3402 1407 3552 1453 sunt.

1970 1491 2064 1548 Sic
2097 1495 2352 1549 nimirum
2387 1509 2586 1564 equum
2625 1496 2771 1551 acris
2800 1508 2923 1551 esse
2951 1507 3013 1548 ac
3043 1506 3322 1562 generosae
3344 1500 3554 1546 natura:

149 1596 153 1599 '
266 1595 497 1635 necesse
525 1590 645 1646 est,
673 1580 766 1650 qui
799 1581 1018 1651 quidem
1040 1621 1055 1646 ,
1090 1581 1204 1637 sive
1234 1581 1289 1636 in
1321 1581 1479 1637 hellis
1519 1591 1682 1651 atque
1714 1581 1868 1647 acie,
1910 1583 2025 1639 sive
2051 1586 2104 1639 in
2136 1585 2348 1643 ludicro
2387 1603 2552 1643 cursu
2591 1596 2648 1642 et
2674 1586 2974 1642 certamine
3025 1585 3197 1639 victor
3239 1584 3314 1638 sit
3350 1583 3556 1638 disces“

271 1691 438 1732 suros
470 1695 485 1730 :
519 1685 576 1731 at
621 1677 763 1732 idem
813 1686 995 1732 tamen
1055 1676 1266 1733 nullum
1315 1693 1556 1748 unquam
1610 1678 1884 1748 egregiqu
1925 1680 2008 1734 sui
2044 1696 2198 1737 usum
2257 1682 2576 1754 prmbuerit,
2604 1682 2709 1738 nisi
2779 1680 2933 1736 freno
2995 1678 3267 1745 eruditus,
3298 1686 3349 1731 et
3395 1690 3558 1731 accu-

273 1770 467 1826 ratiori
504 1771 902 1828 exercitatione
928 1772 1170 1829 domitus
1201 1783 1257 1827 et
1290 1773 1568 1829 cicuratus
1606 1774 1789 1829 fuerit.

346 1865 421 1920 Δ’.
453 1864 565 1918 Καὶ
581 1864 741 1919 τοῦτό
769 1864 937 1929 ἐστιν,
961 1865 1038 1929 ὡς
1062 1859 1239 1917 ἐπϊτὸ
1261 1864 1532 1932 πλεῖστον,
1558 1865 1586 1919 ὃ
1612 1865 1870 1919 διέσπασε

2048 1863 2140 1921 IV.
2173 1863 2353 1934 Atque
2384 1865 2524 1931 hoc,
2558 1861 2931 1935 utplurimum
2972 1873 3086 1926 est,
3139 1862 3281 1930 quod
3316 1859 3558 1914 membra

274 1955 415 2027 μέλη
436 1994 452 2020 ,
481 1955 767 2028 διέστησεν
799 1956 1097 2026 ἀδελφοὺς,
1134 1957 1320 2021 πόλεις
1357 1957 1614 2029 ἐτάραξε,
1665 1957 1872 2029 δήμους

273 2045 558 2118 ὲξέμηνεν,
578 2046 816 2100 ὥπλισεν
843 2045 996 2116 ἔθνη,
1026 2046 1265 2118 βασιλεῖς
1285 2047 1679 2118 ἐπανέστησεν,
1709 2049 1873 2118 ἱερεῖς

273 2134 392 2206 λαῷ
428 2136 525 2190 καὶ
567 2133 848 2207 ἀλλήλοις,
896 2135 1023 2191 λαὸν
1060 2136 1242 2209 ἐαυτῷ
1289 2136 1385 2191 καί¹
1415 2137 1641 2208 ἱερεῦσι,
1696 2139 1873 2206 γονεῖς

272 2227 524 2296 τέκνοις,
553 2228 726 2283 τέκνα
766 2228 1056 2299 γονεῦσιν,
1095 2231 1297 2302 ἄνδρας
1330 2229 1570 2301 γυναιξὶ,
1607 2232 1875 2298 γυναῖκας

274 2320 527 2391 ἀνδράσι.
556 2318 747 2374 Πάντα
768 2320 842 2375 τά
867 2320 968 2392 τῆς
997 2320 1209 2385 εὐνοίας
1239 2321 1503 2393 ὀνόματα,
1534 2319 1754 2384 δούλους
1782 2318 1876 2373 καὶ

274 2412 546 2476 δεσπότας
578 2412 843 2484 ἀλλήλους
883 2411 1022 2484 (24),
1071 2412 1337 2485 ἀλλήλους
1381 2412 1743 2476 διδασκάλους
1782 2413 1878 2466 καὶ

281 2505 554 2577 μαθητὰς,
596 2505 913 2579 πρεσϐύτας
946 2507 1042 2560 καὶ
1074 2505 1264 2571 νέους,
1303 2505 1399 2559 καὶ
1435 2505 1528 2559 τὸν
1551 2505 1653 2575 τῆς
1694 2504 1878 2569 αἰδοῦς

279 2597 558 2669 ἀτιμάσαν
586 2598 786 2671 νόμον,
830 2598 926 2653 τοῦ
965 2599 1223 2670 μεγίστου
1267 2598 1404 2671 πρὸς
1445 2599 1648 2671 ἀρετὴν
1683 2598 1881 2670 βοηθή-

286 2706 480 2760 ματος,
512 2689 605 2743 τὺν
642 2689 745 2761 τῆς
788 2689 1082 2754 αὐθαδείας
1130 2689 1450 2760 εἰσήνεγκεν
1473 2706 1487 2719 ·
1519 2690 1614 2743 καὶ
1652 2687 1879 2758 γεγόνα-

286 2797 390 2851 μεν
411 2781 472 2833 ού
499 2780 664 2853 φυλὴ,
689 2782 784 2836 καὶ
806 2781 948 2852 φυλὴ
973 2780 1094 2836 καθ’
1122 2781 1342 2852 ἑαυτὴν,
1365 2781 1394 2833 ὃ
1419 2780 1585 2835 πάλαι
1607 2781 1634 2831 6
1669 2779 1881 2852 Ἰσραὴλ

282 2872 625 2939 ὠνειδίζετο·
648 2874 771 2929 οὐδὲ
808 2873 1024 2947 Ἰσραὴλ
1044 2874 1140 2927 καὶ
1179 2871 1402 2937 Ἰούδας,
1432 2871 1502 2926 τά
1523 2871 1617 2926 δύο
1639 2871 1733 2925 καὶ
1762 2870 1882 2934 ἐνὸς

285 2963 479 3029 ιθνους
509 2967 601 3019 καὶ
643 2964 843 3038 μικροῦ
879 2966 1073 3020 τούτου
1103 2966 1399 3038 τμήματα,
1434 2965 1554 3018 κατ’
1593 2964 1776 3028 οἴκους
1823 2963 1881 3017 δὲ

286 3056 387 3110 καὶ
422 3057 683 3126 συζυγίας
721 3057 819 3120 τάς
860 3056 1166 3128 ἀναγκαίας
1187 3097 1202 3120 ,
1234 3058 1329 3111 καὶ
1373 3051 1483 3109 οἷον
1514 3056 1650 3126 πρὸς
1690 3055 1882 3109 ἑαυτὸν

1976 1956 2241 2012 laceravit
2286 1966 2344 2013 et
2387 1956 2658 2024 distraxit,
2720 1956 2920 2012 fratres
2950 1954 3207 2020 divulsit,
3241 1953 3403 2008 urbes
3430 1967 3558 2022 per‘

1976 2049 2240 2115 turbavit,
2266 2050 2498 2119 populos
2532 2050 2585 2105 in
2609 2048 2848 2105 furorem
2877 2048 3181 2119 praacipites
3212 2047 3343 2119 egit,
3372 2055 3562 2117 gentes

1979 2144 2252 2210 armavit,
2288 2157 2447 2212 reges
2478 2144 2531 2198 in
2569 2152 2818 2197 mutuum
2855 2142 3080 2197 exitium
3110 2140 3439 2206 concitavit,
3470 2154 3562 2193 sa-

1982 2235 2239 2291 cerdotes
2270 2250 2392 2290 cum
2427 2234 2605 2305 plebe,
2639 2244 2695 2290 et
2727 2249 2910 2290 secum
2939 2235 3102 2289 etiam
3136 2234 3317 2303 ipsos,
3351 2232 3562 2302 plebem

1982 2341 2177 2383 rursus
2208 2341 2316 2383 non
2353 2330 2539 2383 minus
2570 2327 2741 2397 ipsam
2784 2341 2993 2391 secum,
3022 2340 3182 2396 quam
3220 2340 3343 2381 cum
3382 2339 3567 2380 sacer-

1979 2419 2201 2476 dotibus
2254 2419 2563 2486 commisit,
2609 2428 2868 2489 parentes
2916 2433 3038 2472 cum
3085 2416 3310 2481 liberis,
3364 2416 3567 2472 liberos

1982 2525 2106 2566 cum
2136 2507 2453 2579 parentibus
2483 2549 2499 2573 ,
2529 2508 2677 2563 viros
2707 2523 2830 2562 cum
2879 2506 3171 2573 uxoribus,
3219 2518 3414 2560 uxores
3441 2519 3567 2559 cum

1981 2602 2141 2658 viris.
2177 2601 2294 2658 Hoc
2331 2602 2511 2656 omnia
2549 2599 2942 2656 benevolentiae
2966 2598 3185 2653 nomina
3225 2596 3565 2667 permiscuit,

1985 2703 2154 2765 atque
2187 2692 2454 2761 confudit,
2487 2692 2651 2764 582
2685 2706 2873 2749 servos
2903 2700 2959 2747 et
2980 2690 3251 2756 dominos,
3276 2689 3569 2758 discipulos

1985 2796 2040 2843 et
2064 2797 2432 2858 praeceptores
2455 2827 2471 2854 ,
2503 2801 2661 2841 senes
2708 2793 2765 2839 et
2796 2785 3026 2856 juvenes
3063 2801 3078 2837 :
3122 2781 3488 2851 convulsaque
3515 2789 3572 2836 et

1983 2878 2298 2948 proculcata
2346 2876 2570 2946 pudoris
2609 2876 2762 2944 lege,
2798 2891 2905 2946 quo
2949 2875 3153 2932 nullum
3204 2873 3380 2944 majus
3410 2873 3569 2942 adju—

1986 2980 2226 3028 mentum
2257 2972 2325 3026 ad
2359 2971 2615 3027 virtutem
2648 2971 2946 3041 excogitari
2977 2979 3178 3041 potest,
3211 2969 3572 3024 contumacia;

1988 3064 2431 3134 arrogantimque
2455 3062 2628 3133 legem
2666 3062 2879 3116 induxit
2905 3079 2919 3115 :
2952 3060 3190 3131 factique
3219 3075 3429 3123 sumus,
3460 3074 3568 3114 non

288 3148 546 3215 ἕκαστος,
595 3149 988 3221 ἐμερίσθημεν,
1016 3151 1051 3219 ἡ
1076 3148 1370 3219 οἰκουμένη
1407 3149 1577 3214 πᾶσα,
1608 3146 1703 3200 καὶ
1727 3147 1884 3215 γένος

1986 3153 2096 3222 jam
2143 3153 2318 3210 tribus
2353 3167 2420 3208 ac
2464 3152 2639 3207 tribus
2680 3152 3012 3224 separatim,
3043 3154 3187 3223 quod
3223 3151 3350 3206 olim
3386 3150 3571 3206 lsracli

288 3240 443 3294 ἅπαν
476 3238 779 3313 ἀνθρώπων
800 3279 815 3305 ,
840 3241 964 3294 ὅσον
989 3241 1016 3294 6
1042 3239 1186 3303 θεῖος
1222 3237 1379 3308 λόγος
1412 3239 1720 3311 ἐπέδραμεν
1747 3255 1759 3268 '
1790 3239 1884 3294 καὶ

1989 3247 2395 3317 obiectabatur;
2438 3263 2537 3304 nec
2567 3246 2734 3303 Israel
2760 3258 2815 3304 et
2844 3246 3002 3312 Juda,
3039 3248 3166 3314 duo,
3200 3248 3449 3317 inquam.
3484 3245 3571 3299 illa

289 3334 520 3404 γέγονεν
548 3335 803 3406 ἀναρχία,
836 3337 869 3407 ἡ
906 3334 1234 3405 πολυαρχία,
1267 3334 1364 3389 καὶ
1393 3333 1782 3406 διεσκορπίσθη
1819 3334 1888 3387 τά

289 3428 431 3481 ὀστᾶ
462 3425 618 3499 ἡμῶν
653 3427 804 3498 παρά
836 3426 929 3480 τὸν
958 3425 1093 3497 ᾅδην
1118 3443 1131 3456 ·
1179 3426 1274 3479 καὶ
1310 3426 1478 3497 ἐχρῆν
1519 3426 1632 3497 (25)
1654 3468 1669 3492 ,
1698 3426 1887 3497 ἐπειδὴ

293 3517 408 3571 τῶν
455 3519 613 3582 εκτὸς
655 3518 868 3590 ἐχθρῶν
909 3520 1295 3591 ἐκρατήσαμεν
1324 3518 1459 3589 (26),
1511 3518 1600 3570 ὑπ’
1645 3517 1887 3589 ἀλλήλων

293 3613 449 3683 ἡμᾶς
479 3612 871 3683 καταλυθῆναι,
909 3612 1024 3677 καὶ,
1070 3611 1323 3682 καθάπερ
1352 3612 1478 3675 τοὺς
1511 3611 1888 3682 μαινομένους,

291 3704 408 3758 τῶν
460 3704 604 3758 ἰδίων
639 3704 861 3775 σαρκῶν
909 3702 1287 3775 ἁπτομένους,
1325 3703 1461 3774 μηδὲ
1504 3698 1890 3763 αἰσθάνεσθαι,

294 3796 442 3851 ἀλλά
468 3797 562 3851 καὶ
593 3796 703 3869 (27)
735 3797 950 3868 χαίρειν
979 3794 1058 3865 τῷ
1079 3793 1234 3866 κακῷ
1256 3792 1491 3864 πλέον,ἢ
1521 3790 1893 3865 εἰρηνεύοντες

295 3891 502 3959 ἕτεροι,
556 3890 654 3942 καὶ
704 3888 895 3960 κέρδος
949 3888 1225 3945 ποιεῖσθαι
1271 3887 1370 3958 τὴν
1430 3884 1737 3955 συμφορὰν,
1799 3882 1894 3934 κα)⁸

297 3980 556 4053 ἡγεῖσθαι
577 3981 837 4054 λατρείαν
877 3980 1156 4053 εἰσφέρειν
1184 3979 1262 4050 τῷ
1296 3976 1417 4048 Θεῷ
1447 3975 1562 4049 (28)
1589 3976 1689 4044 τὴν
1728 3973 1896 4026 κατά-

298 4075 481 4135 λυσιν,
529 4073 627 4127 καὶ
684 4073 1045 4148 διαιρεθῆναι,
1089 4074 1185 4125 καὶ
1230 4067 1654 4143 ἐμπρησθῆναι,
1686 4066 1747 4118 οὐ
1794 4065 1896 4135 τὴν

298 4166 595 4239 ἐπαινετὴν
631 4166 919 4238 διαίρεσιν,
964 4164 1102 4219 ἀλλά
1134 4163 1231 4235 τὴν
1278 4160 1507 4232 ψεκτὴν,
1534 4159 1655 4213 οὐδὲ
1680 4158 1771 4212 τὸν
1799 4176 1898 4212 κα-

302 4259 529 4331 θάρσιον
558 4259 909 4331 ἐμπρησμὸν,
933 4258 1071 4313 ἀλλά
1101 4258 1192 4309 τὸν
1218 4255 1482 4325 ὀλέθριον.
1515 4252 1588 4306 Οὐ
1620 4250 1726 4322 γὰρ
1756 4252 1783 4305 6
1810 4268 1897 4303 το-

310 4351 415 4422 μὺς
448 4350 646 4423 διαιρεῖ
685 4350 843 4419 λόγος
865 4392 878 4415 ,
930 4352 964 4421 ή
994 4346 1232 4421 Χριστοῦ
1281 4347 1525 4417 μάχαιρα
1546 4383 1561 4405 ,
1595 4343 1724 4407 τοὺς
1775 4360 1899 4395 πισ-

305 4444 568 4508 τεύοντας
605 4443 714 4498 ἀπὸ
744 4443 853 4496 τῶν
878 4426 1163 4506 ἀπίστων,
1192 4440 1311 4493 οὐδὲ
1341 4436 1452 4509 πῦρ
1482 4435 1769 4506 βάλλεται,
1807 4435 1900 4488 καὶ

304 4536 647 4603 ἀνάπτεται,
705 4538 741 4608 ἡ
794 4535 1092 4590 δαπανῶσα
1140 4532 1240 4605 τὴν
1309 4529 1443 4602 ὓλην
1495 4529 1590 4582 καὶ⁹
1646 4526 1901 4579 ἐσθίουσα

305 4629 519 4694 πίστις,
563 4629 654 4683 καὶ
679 4630 713 4699 ή
746 4627 896 4691 ζέσις
935 4624 1049 4697 (29)
1078 4624 1171 4678 τοῦ
1203 4622 1523 4692 Πνεύματος
1543 4636 1556 4649 ·
1602 4619 1717 4673 ἀλλ’
1743 4621 1896 4672 ἐναν-

304 4719 441 4781 τίως
474 4719 508 4791 ἦ
554 4718 844 4791 πρότερον,
877 4713 1247 4785 δαπανώμεθα
1291 4713 1386 4767 καὶ
1424 4708 1752 4781 τεμνόμεθα.

1993 3340 2154 3397 unius
2183 3341 2411 3412 ejusque
2442 3349 2787 3411 perangustae
2820 3340 2996 3410 gentis
3031 3351 3348 3411 segmenta;
3383 3354 3573 3393 verum

1994 3448 2092 3503 per
2122 3432 2316 3488 domos
2345 3442 2397 3488 et
2433 3431 2669 3488 familias
2689 3475 2704 3499 ,
2733 3441 2787 3488 et
2818 3433 3128 3487 necessaria
3154 3431 3401 3487 sodalitia
3420 3470 3437 3499 ,
3464 3430 3578 3485 vel-

1995 3535 2163 3595 utque
2198 3526 2251 3579 iu
2282 3540 2341 3581 se
2374 3526 2642 3594 quisque,
2672 3524 2832 3579 divisi
2864 3539 3075 3590 sumus,
3107 3523 3397 3578 universus
3428 3522 3578 3577 orbis

1997 3622 2298 3675 terrarum,
2352 3613 2662 3668 universum
2709 3613 2986 3667 hominum
3037 3628 3248 3684 genus,
3293 3613 3439 3684 quod
3481 3612 3579 3666 Dei

1993 3706 2220 3759 verbum
2250 3705 2485 3774 ﬁdeique
2517 3705 2763 3759 doctrina
2801 3705 3144 3774 peragravit;
3179 3704 3582 3774 multorumque

1995 3796 2283 3864 imperium
2326 3797 2380 3850 in
2424 3794 2680 3852 effrenem
2728 3795 3018 3864 quamdam
3051 3803 3215 3863 atque
3242 3794 3453 3864 imperii
3482 3808 3581 3848 ει-

1998 3896 2205 3955 pertem
2243 3887 2522 3941 licentiam
2577 3886 2805 3951 recidit,
2860 3897 3020 3956 atque
3044 3901 3167 3941 ossa
3197 3894 3381 3941 nostra
3423 3900 3581 3941 secus

1999 3977 2268 4033 infernum
2294 3978 2555 4047 dissipata
2587 3980 2775 4034 sunt“
2800 3996 2814 4045 ;
2842 3979 2997 4049 quasi
3018 3992 3150 4034 vero
3182 3991 3464 4033 necessum
3494 3992 3583 4031 es-

1998 4080 2102 4136 set,
2136 4085 2254 4136 nos,
2291 4071 2496 4127 exteris
2524 4072 2772 4127 hostibus
2803 4072 3058 4136 domitis,
3103 4079 3291 4126 mutue
3328 4069 3464 4125 alios
3513 4071 3583 4126 ab

2001 4165 2124 4219 aliis
2152 4165 2386 4235 Opprimi
2411 4204 2427 4229 ,
2461 4173 2518 4220 et
2545 4164 2842 4219 furentium
2875 4165 2979 4219 ritu
3014 4165 3069 4218 in
3113 4165 3361 4233 proprias
3390 4178 3584 4219 carnes

2003 4254 2231 4318 saevire,
2284 4269 2350 4310 ac
2399 4269 2469 4309 ne
2506 4254 2559 4308 id
2596 4254 2813 4324 quidem
2844 4254 3076 4316 sentire,
3108 4267 3293 4307 verum
3325 4250 3585 4326 majorem

2001 4360 2066 4400 ex
2096 4347 2200 4402 hoc
2233 4346 2398 4412 malo,
2425 4361 2588 4418 quam
2616 4346 2705 4400 alii
2737 4362 2804 4401 ex
2834 4360 2966 4416 pace
2993 4354 3048 4399 et
3073 4345 3365 4400 concordia
3388 4384 3404 4409 ,
3436 4343 3589 4399 volu-

1978 4447 2207 4508 ptatem
2242 4453 2462 4508 capere,
2501 4438 2977 4507 calamitatemque
3007 4436 3156 4492 lucro
3180 4437 3397 4503 ducere,
3427 4447 3590 4504 atque

2004 4532 2319 4586 existimare
2349 4546 2446 4601 per
2476 4531 2816 4586 eversionem
2847 4539 3085 4585 nostram
3119 4529 3438 4598 obsequium
3477 4529 3589 4582 Deo

2009 4622 2257 4691 praestari
2276 4624 2343 4691 '°,
2379 4638 2440 4676 ac
2467 4621 2633 4676 dividi
2662 4631 2717 4676 et
2747 4621 2984 4686 incendi,
3009 4635 3115 4675 non
3151 4631 3299 4675 recta
3323 4629 3380 4673 et
3404 4618 3592 4673 lauda-

2007 4711 2101 4765 bili
2136 4712 2423 4779 divisione,
2460 4713 2553 4767 sed
2582 4712 2722 4780 turpi
2756 4722 2812 4766 et
2843 4711 3198 4780 vituperanda
3220 4750 3235 4774 ,
3268 4725 3367 4764 nec
3400 4709 3590 4764 incen-

308 4813 404 4868 dio
434 4813 552 4879 illo,
588 4827 696 4883 quo
723 4812 922 4867 anima:
946 4810 1096 4864 labes
1122 4806 1431 4874 expiantur,
1478 4804 1572 4858 sed
1640 4803 1856 4858 funesto
1921 4811 1976 4857 et
2013 4803 2243 4858 exitiali.
2296 4803 2412 4857 Non
2462 4805 2607 4857 enim
2643 4812 2834 4857 acutus
2874 4802 2965 4857 ille
3014 4802 3278 4863 sermo“,
3324 4798 3425 4853 hoc
3472 4807 3591 4865 est,

308 4902 517 4959 Christi
551 4903 798 4974 gladius,
844 4903 963 4972 pios
1006 4901 1074 4956 ab
1110 4897 1291 4967 impiis
1334 4895 1558 4961 dividit,
1609 4907 1711 4949 nec
1761 4893 1905 4964 ignis
1955 4893 2161 4962 jacitur
2229 4904 2283 4950 et
2318 4896 2634 4951 accenditur
2653 4896 2724 4959 “,
2771 4894 2876 4949 hoc
2918 4900 3032 4958 est,
3066 4891 3238 4957 fides,
3269 4899 3324 4946 et
3356 4890 3594 4960 Spiritus

310 4997 522 5062 fervor,
546 4996 598 5050 id
625 4996 768 5067 quod
794 5007 1068 5051 terrenum
1093 4997 1177 5047 est
1207 4990 1500 5044 absumens
1547 5001 1608 5041 ae
1661 4985 1932 5041 devorans
1974 5003 1989 5039 :
2029 4994 2121 5041 sed
2153 4988 2429 5042 contrario
2462 4988 2639 5057 plane,
2672 5000 2738 5039 ac
2766 4986 2917 5054 prius
2940 5023 2956 5050 ,
2987 4982 3181 5049 modo,
3214 4982 3511 5036 scindimur
3539 4992 3596 5035 et

309 5090 712 5146 consumimur.

387 5182 432 5214 ¹⁹
470 5181 615 5237 Psal.
668 5197 793 5248 exn,
842 5181 895 5233 7.

387 5274 506 5347 (20)
547 5273 784 5347 Θράσζος
804 5270 949 5347 γάρ.⁸
972 5269 1067 5347 Or.
1089 5270 1152 5347 _‘I,
1177 5267 1378 5347 θράσος
1398 5265 1483 5347 δέ.

388 5330 507 5416 (21)
559 5330 1060 5415 ’ὀμοίωξ-’νῖυθεῖᾳ
1088 5337 1145 5392 ln
1181 5330 1524 5409 quibusdam,
1563 5333 1764 5404 ὁμοίως
1802 5330 1911 5384 εἰσὶ

316 5417 1043 5555 Πολεμιστνὶριον.
1074 5479 1170 5555 Or.
1203 5478 1256 5555 l,
1286 5474 1711 5555 πολεμητήριον,

412 5488 485 5541 22
545 5488 1043 5555 Πολεμιστήριον.
1074 5488 1170 5536 Ur.
1203 5488 1256 5543 ~l,
1286 5488 1711 5547 πολεμητηριον.

800 5555 937 5626 licg.
978 5555 1033 5618 ι),
1075 5551 1168 5607 Or.
1204 5551 1228 5607 l
1276 5559 1331 5604 et
1372 5547 1590 5610 Comb.,
1627 5540 1816 5615 μηδέν.
1849 5539 1907 5595 lu

317 5626 466 5691 aliis,
486 5626 742 5720 μηδενός.

391 5698 511 5769 (24)
577 5696 923 5769 Λλλήτῖρῃς.
977 5692 1094 5747 Duo
1137 5690 1304 5769 Begg:
1348 5697 1399 5743 et
1429 5685 1523 5744 Or.
1553 5687 1604 5756 1,
1634 5683 1903 5756 ἀλλήλοις.

319 5761 445 5828 no‘x
476 5761 694 5836 iterum,
720 5765 989 5837 ἀλλήλοις,
1026 5777 1123 5833 pro
1152 5761 1434 5832 ἀλλήλους.

972 5179 1018 5210 ²⁰
1056 5176 1210 5233 Joan.
1246 5190 1358 5240 xvr,
1402 5172 1458 5226 2.
1532 5162 1584 5204 ὐ
1619 5170 1786 5227 llebr.
1819 5185 1892 5237 tv,
1922 5170 2003 5223 12.
2082 5170 2127 5201 ²¹
2158 5167 2289 5223 Luc.
2343 5182 2440 5233 XII,
2478 5167 2567 5220 49,

2085 5259 2197 5330 (25)
2250 5255 2498 5330 Ἐχρῆν,
2519 5255 2610 5310 Or.
2640 5255 2691 5320 1,
2718 5256 2873 5330 χρῆν.

2085 5325 2197 5400 (26)
2250 5325 2719 5400 immane?-
2745 5325 2848 5400 9n
2879 5325 2936 5400 ﬁ.
2960 5325 3403 5400 κεκρατήδεοξμξν·

2106 5391 2197 5469 27)
2249 5391 2435 5469 Ἀλαᾲ
2468 5391 2707 5469 καίξδῂὶε
2736 5395 2831 5469 Or_.
2871 5396 2927 5469 [τ
2957 5391 3131 5469 Deest
3151 5391 3293 5469 ἀλλά
3320 5395 3372 5469 i_n
3399 5391 3486 5445 ed.

2106 5404 2197 5469 27)
2249 5404 2435 5450 Ἀλλὰ
2468 5404 2588 5450 καί.
2617 5404 2707 5449 Sic
2736 5404 2831 5450 Ur.
2871 5404 2923 5448 ‘l.
2957 5404 3116 5449 Deest
3151 5404 3288 5447 ἀλλά
3320 5409 3372 5445 In
3399 5404 3486 5445 ett.

2084 5404 2199 5592 (Et?
2229 5466 2556 5592 ξέἕςοέρειν
2594 5464 2673 5531 τῷ
2709 5464 2849 5529 Θεῷ.
2874 5465 2964 5520 Sic
2987 5464 3083 5520 Or.
3110 5464 3162 5520 1.
3193 5463 3250 5517 In
3280 5464 3391 5528 ed.,
3429 5478 3600 5534 προσ-

2030 5537 2199 5594 βὲοειν
2229 5537 2366 5594 Θεῶ.

2013 5559 2199 5612 φερειν
2229 5559 2366 5609 usq).

2018 5680 2047 5683 ,ν
2087 5612 2199 5683 (29)
2231 5610 2427 5683 Kal?)
2482 5607 2656 5674 ζὲσις.
2692 5606 2784 5664 Or.
2829 5607 2878 5674 ί,
2914 5615 2967 5662 et
3004 5604 3124 5661 Bill.
3157 5603 3222 5659 ad
3248 5619 3418 5673 marg.
3452 5602 3595 5656 Edit.

2018 5680 2163 5751 1345.,
2190 5682 2282 5735 καὶ
2316 5680 2484 5746 ζέσις.
