3910 6214
377 305 482 363 179

1584 308 1642 365 S.
1682 308 2017 366 GREGORII
2055 306 2406 365 THEOLOGI

3542 312 3648 368 130

446 416 511 473 ν.
544 416 655 475 Hoc
687 418 944 474 nimirum
974 428 1093 488 est,
1129 421 1275 492 quod
1309 422 1609 480 Ecclesiam
1632 466 1647 491 ,
1690 439 1812 495 qua:
1848 441 1954 481 una

2129 426 2206 479 E'.
2236 424 2408 480 Τοῦτό
2442 427 2592 479 ἐστιν
2616 425 2644 479 ὂ
2676 425 2845 480 πολλὰ
2869 422 3009 483 εἶναι
3037 427 3178 500 μέρη
3213 427 3313 500 τὴν
3353 428 3479 500 μίαν
3517 430 3648 485 Ἐκ-

371 520 480 574 est,
508 513 562 565 in
594 510 789 566 multas
819 522 1001 597 partes
1032 514 1285 580 discidit,
1316 525 1483 588 atque
1519 516 1812 586 disjunxit,
1846 533 1953 573 non

371 604 427 654 in
461 618 626 658 unum
664 602 892 658 Paulum
920 647 936 671 ,
970 614 1065 660 aut
1109 604 1349 676 Cepham
1372 646 1388 673 ,
1432 617 1528 663 aut
1556 608 1747 678 Apollo
1763 609 1830 678 ",
1863 619 1957 664 aut

373 692 611 763 aliquem
645 697 1005 764 plantatorem
1028 735 1044 761 ,
1076 697 1162 777 vel
1190 698 1479 769 rigatorem
1503 740 1518 767 ,
1552 700 1646 755 sed
1675 700 1727 754 in
1762 700 1958 755 multos

376 781 593 851 Paulos,
621 793 673 839 et
703 784 938 855 Cephas,
969 799 1026 842 et
1056 788 1370 859 Apollones,
1402 806 1430 843 a
1466 790 1663 861 quibus
1683 792 1797 862 jam
1832 792 1954 862 ipsi,

376 889 481 929 non
516 876 584 931 ab
615 877 819 933 eximio
853 878 944 934 illo
975 889 1031 934 et
1062 896 1203 936 novo
1230 881 1436 938 Christi
1474 883 1692 939 nomine
1721 883 1957 954 appella-

376 981 520 1033 mur,
569 977 840 1024 eteorum
897 986 1020 1027 esse
1071 972 1325 1029 dicimur.
1371 976 1552 1046 Atque
1588 977 1792 1031 utinam
1826 977 1956 1031 mihi

374 1058 480 1115 hoc
518 1060 693 1117 solum
723 1064 905 1120 dicere
947 1066 1154 1121 liceret.
1205 1067 1406 1122 Verum
1431 1108 1446 1133 ,
1475 1078 1530 1124 et
1560 1069 1758 1123 multos
1798 1068 1959 1124 Chri-

375 1163 490 1211 stos
524 1156 806 1228 (horresco
847 1157 1158 1230 referens),
1203 1174 1305 1230 pro
1341 1175 1449 1213 uno
1491 1160 1779 1230 produxit,
1807 1160 1961 1230 geni-

376 1255 488 1299 tum
515 1286 530 1312 ,
558 1257 798 1303 creatum
823 1290 839 1316 ,
889 1266 919 1304 a
965 1250 1134 1307 Maria
1171 1252 1558 1321 incipientem,
1594 1268 1693 1320 eo,
1738 1252 1878 1307 unde
1904 1252 1959 1306 in

374 1347 554 1392 ortum
586 1340 808 1409 prodiit,
846 1341 1210 1408 relabentem,
1241 1343 1514 1399 hominem
1544 1344 1742 1399 mentis
1767 1358 1959 1412 exper-

376 1440 508 1495 tem,
540 1449 727 1489 revera
757 1436 1138 1501 exsistentem,
1170 1446 1226 1491 et
1262 1437 1441 1507 specie
1480 1447 1638 1493 tenus
1670 1438 1961 1491 adumbra-

376 1532 512 1576 tum.
544 1522 826 1580 Cousimili
858 1527 1019 1582 modo
1065 1529 1264 1582 multos
1307 1542 1523 1598 quoque
1559 1528 1830 1599 Spiritus,
1878 1527 1961 1580 in-

373 1623 642 1681 creatum,
675 1626 731 1671 et
755 1628 1023 1683 creatum,
1047 1628 1101 1674 et
1124 1621 1330 1674 honore
1354 1634 1561 1689 parem,
1586 1631 1642 1674 et
1666 1621 1772 1673 vim
1798 1631 1961 1692 atque

373 1702 719 1773 facultatem,
764 1717 820 1761 et
864 1709 1094 1779 simplex
1144 1723 1207 1763 ac
1240 1708 1440 1763 nudum
1476 1708 1712 1777 Spiritus
1739 1724 1955 1765 nomen.

374 1797 446 1849 At
474 1812 640 1851 unum
674 1798 843 1854 Deum
882 1797 1101 1855 Patrem
1135 1800 1297 1871 583
1343 1814 1637 1871 agnoscere
1677 1802 1958 1869 oportebat

376 1887 629 1959 principii
658 1898 935 1962 expertem
967 1901 1021 1947 et
1046 1892 1366 1961 ingenitum,
1398 1903 1452 1946 et
1481 1907 1642 1946 unum
1666 1891 1861 1946 Filium
1888 1908 1958 1947 ex

374 1976 535 2037 Patre
559 1980 801 2050 genitum
828 2020 845 2046 ,
881 1992 935 2036 et
966 1998 1132 2036 unum
1165 1980 1426 2050 Spiritum
1454 1997 1521 2037 ex
1561 1983 1671 2037 Deo
1699 1983 1955 2038 substan-

376 2071 507 2124 tiam
552 2071 882 2138 habentem,
927 2075 1313 2128 concedentetn
1354 2071 1506 2128 Patri
1561 2073 1785 2144 ingeniti
1829 2089 1956 2143 pro-

377 2163 688 2232 prietatem,
714 2164 854 2220 Filio
878 2181 1009 2221 vero
1032 2166 1473 2236 generationem;
1512 2167 1580 2221 de
1614 2176 1814 2222 caetero
1862 2182 1958 2221 au-

379 2269 487 2311 tem
536 2258 778 2329 ejusdem
826 2261 1050 2316 omnino
1085 2270 1322 2327 naturae,
1364 2260 1675 2331 dignitatis,
1702 2260 1954 2328 honoris,

373 2349 582 2421 gloriae.
632 2350 797 2420 Haec,
835 2352 1056 2421 inquam
1079 2392 1096 2418 ,
1149 2367 1445 2423 agnoscere
1492 2354 1808 2422 oportebat,
1843 2353 1958 2407 haec

372 2441 643 2508 conﬁteri,
676 2442 764 2499 hic
805 2444 1027 2513 gradum
1072 2444 1258 2514 ﬁgere,
1288 2443 1524 2515 prolixus
1568 2452 1748 2497 autem
1784 2458 1958 2511 nugas

375 2549 441 2591 ac
480 2534 737 2605 profanas
766 2537 1048 2591 verborum
1073 2537 1342 2591 novitates
1368 2535 1436 2590 ad
1474 2534 1679 2590 otiosos
1712 2534 1959 2588 homines

373 2629 689 2685 amandare.
721 2628 859 2696 Quid
895 2630 1009 2684 haac
1051 2630 1230 2684 omnia
1284 2627 1585 2683 excitavito?
1640 2626 1959 2680 Animorum

374 2724 578 2787 fervor,
603 2722 695 2791 qui
730 2722 848 2776 sine
880 2721 1089 2777 ratione
1120 2736 1184 2776 ac
1213 2722 1437 2777 scientia
1464 2718 1709 2774 cohiberi
1752 2720 1958 2789 nequit,

376 2814 609 2883 ﬁdeique
633 2813 903 2883 navigium
938 2811 1296 2883 gubernatore
1318 2825 1527 2866 carens.

445 2905 538 2962 Vl.
569 2906 723 2973 Quod
746 2920 869 2961 cum
896 2915 1241 2974 perspectum
1276 2902 1595 2970 habeamus,
1627 2901 1841 2965 fratres,
1875 2899 1963 2954 de-

373 3013 757 3067 numperam,
790 3004 848 3051 ut
873 3010 973 3052 nec
996 2995 1063 3051 ad
1087 2994 1286 3051 bonum
1316 2994 1452 3064 pigri
1482 2993 1675 3060 simus,
1717 2993 1812 3049 sed
1841 2990 1962 3060 Spi-

2057 515 2287 588 κλησίαν
2322 518 2616 590 πεποίηκε,
2654 518 2751 573 καὶ
2789 519 3092 592 διέστησεν,
3125 522 3227 574 οὐκ
3252 522 3331 584 είς
3367 522 3463 574 ἕνα
3495 522 3652 576 Παῦ-

2054 608 2232 680 λον,ἢ
2276 610 2496 682 Κηφᾶν,
2541 610 2575 682 ἢ
2636 610 2898 677 Ἀπολλὼ,
2943 612 2975 683 ἢ
3027 613 3119 665 τὸν
3163 612 3312 666 δεῖνα
3352 612 3650 683 φυτευτὴν,

2055 700 2090 771 ἢ
2115 701 2205 756 τὸν
2232 701 2378 756 δεῖνα
2418 702 2680 774 ποτιστήν
2701 703 2844 774 (50)·
2881 703 3110 766 πολλοὺς
3145 704 3203 757 δὲ
3230 704 3465 770 ἀνέδειξε
3494 705 3651 759 Παύ-

2056 792 2201 857 λους,
2230 793 2327 846 καὶ
2367 792 2672 860 Ἀπολλὼς,
2704 796 2800 848 καὶ
2843 794 3063 866 Κηφὰς,
3098 795 3193 863 ἀφ’
3226 788 3303 850 ὧν
3346 796 3467 850 ἀντὶ
3510 797 3652 868 Χρι-

2060 883 2186 937 στοῦ
2235 884 2585 956 καλούμεθα,
2634 886 2696 939 τὸ
2742 887 2887 957 μέγα
2931 887 3025 940 καὶ
3068 887 3252 940 καινὸν
3295 887 3409 959 (51)
3449 887 3647 957 ὄνομα,

2058 976 2153 1029 καὶ
2177 968 2252 1029 ὧν
2280 972 2417 1030 εἶναι
2463 976 2767 1048 λεγόμεθαο
2815 978 2912 1033 καὶ
2941 978 3054 1032 εἴθε
3101 977 3362 1033 τοσοῦτον
3393 973 3539 1049 εἶχον
3569 981 3652 1031 εί-

2058 1071 2182 1122 πεῖν
2204 1085 2218 1099 ⁸
2249 1068 2386 1122 ἀλλὰ
2418 1070 2514 1123 καὶ
2544 1068 2772 1133 πολλοὺς
2807 1070 2825 1140 (
2847 1070 2875 1123 ὃ
2899 1071 3108 1141 φρίττω
3136 1070 3350 1141 λέγων)
3376 1071 3651 1143 Χριστοὺς

2057 1160 2177 1215 ἀνθ’
2215 1160 2354 1225 ἐνὸς,
2387 1162 2479 1214 τὸν
2507 1159 2869 1232 γεννώμενον,
2914 1161 3006 1214 τὸν
3048 1159 3392 1231 κτιζὸμενον,
3426 1160 3522 1214 καὶ
3553 1160 3652 1216 τὸν

2060 1252 2169 1306 ἀπὸ
2200 1252 2421 1323 Μαρίας
2451 1252 2757 1324 ἀρχόμενον
2776 1291 2793 1318 ,
2825 1252 2921 1305 καὶ
2952 1252 3044 1305 τὸν
3080 1252 3380 1307 ἀναλύοντα
3414 1252 3535 1307 ὅθεν
3564 1254 3647 1317 είς

2059 1343 2121 1398 τὸ
2151 1346 2288 1397 εἶναι
2316 1343 2576 1415 προῆλθε,
2608 1345 2703 1397 καὶ¹
2736 1344 2828 1398 τὸν
2870 1343 3032 1398 ἄνουν
3079 1342 3388 1415 ἄνθρωπον,
3431 1344 3525 1397 καὶ
3553 1343 3651 1398 τὸν

2061 1436 2215 1500 ὄντα,
2260 1435 2471 1490 καὶτὸν
2505 1436 2846 1507 φαινόμενον.
2898 1436 2987 1498 Ὧς
3025 1434 3082 1487 δέ
3116 1435 3211 1489 καὶ
3251 1434 3422 1489 πολλά
3466 1433 3650 1488 Πνεύ-

2064 1544 2229 1598 ματα,
2263 1528 2324 1581 τὸ
2361 1528 2614 1582 ἄκτιστον
2639 1528 2774 1599 (5⁸2),
2805 1527 2901 1581 καὶ
2929 1527 2992 1581 τὸ
3022 1528 3249 1598 κτίσμα,
3295 1528 3391 1581 καὶ
3424 1526 3486 1580 τὸ
3512 1526 3651 1597 ὁμό-

2059 1636 2237 1689 τιμον,
2274 1621 2368 1689 κα).
2399 1619 2461 1671 τὸ
2491 1619 2808 1691 ἐνέργημα,
2841 1618 2936 1672 καὶ
2970 1617 3033 1670 τὸ
3078 1616 3233 1687 ψιλὸν
3278 1616 3472 1688 ὄνομα.
3515 1618 3651 1672 Δέον

2060 1712 2157 1765 ἕνα
2178 1712 2309 1765 θεὸν
2331 1711 2552 1783 Πατέρα
2575 1708 2881 1780 γινώσκειν,
2914 1710 3169 1780 ἄναρχον,
3202 1708 3297 1762 καὶ
3327 1708 3647 1780 ἀγέννητον,

2058 1803 2153 1856 καὶ
2208 1801 2334 1855 Υἰὸν
2386 1802 2482 1856 ’ένα
2535 1801 2931 1871 γεγεννημένον
2974 1803 3038 1854 ἐκ
3094 1800 3188 1854 τοῦ
3253 1800 3489 1871 Πατρός,
3550 1800 3651 1855 καὶ

2055 1891 2282 1963 Πνεῦμα
2326 1892 2383 1945 ἓν
2430 1895 2494 1945 ἐκ
2531 1891 2666 1944 Θεοῦ
2705 1890 2804 1962 τὴν
2834 1889 3067 1962 ὓπαρξιν
3098 1890 3249 1961 ἕχον,
3281 1888 3649 1962 παραχωροῦν

2057 1986 2233 2057 Πατρὶ
2285 1985 2384 2057 μὲν
2436 1984 2798 2055 ἀγεννησίας,
2827 1983 2943 2053 Υἱῷ
2987 1984 3044 2036 δὲ
3089 1972 3435 2054 γεννήσεως·
3484 1982 3553 2037 τὰ
3590 1982 3652 2036 δὲ

2055 2078 2193 2133 ἄλλα
2243 2077 2514 2149 συμφυὲς,
2554 2077 2648 2131 καὶ
2708 2075 3028 2148 σύνθρονον,
3081 2076 3177 2129 καὶ
3212 2074 3502 2146 ὁμόδοξον,
3553 2074 3652 2127 καὶ

2056 2172 2318 2243 ὁμότιμον
2342 2188 2356 2202 ο
2389 2169 2564 2223 ταῦτα
2616 2169 2858 2236 εἰδέναι,
2894 2168 3067 2223 ταῦτα
3116 2167 3435 2239 ὁμολογεῖν,
3481 2166 3648 2237 μέχρι

2056 2265 2259 2319 τούτων
2297 2262 2571 2325 ἵστασθαι,
2601 2262 2701 2334 τὴν
2737 2263 2796 2316 δὲ
2829 2261 3030 2333 πολλὴν
3078 2260 3371 2331 φλυαρίαν,
3422 2260 3517 2313 καὶ
3547 2259 3653 2322 τὰς

2059 2354 2321 2427 βεϐήλους
2362 2354 2696 2423 κενοφωνίας
2726 2352 2833 2405 τῶν
2862 2352 3061 2421 λόγων,
3103 2354 3217 2415 τοῖς
3259 2349 3454 2422 σχολὴν
3478 2350 3651 2418 ἄγου-

2060 2463 2145 2500 σιν
2181 2445 2606 2516 ἀποπέμπεσθαι
2640 2442 2775 2515 (55).
2816 2444 2883 2496 Τί
2910 2444 2974 2496 τὸ
2999 2442 3174 2497 ταῦτα
3214 2443 3392 2496 πάντα
3431 2457 3654 2512 κεκινη‹

2059 2539 2187 2603 κὸς;
2222 2537 2508 2609 Θερμὸτης
2538 2536 2708 2608 χωρἰς
2738 2535 2898 2605 λόγου
2935 2536 3030 2588 καὶ
3059 2536 3368 2606 ἐπιστήμης
3396 2534 3649 2605 ἄσχετος,

2060 2630 2155 2683 καὶ¹
2184 2630 2421 2693 πίστεως
2454 2627 2622 2691 πλοῦς
2650 2626 3045 2699 ἀκυϐέρνητος.

2142 2903 2233 2970 (τ’.
2275 2900 2446 2954 Τοῦτο
2467 2895 2559 2955 οῦν
2585 2899 2806 2964 εἰδότες,
2837 2898 3078 2968 ἀδελφοὶ,
3106 2900 3243 2970 μήτε
3275 2896 3465 2961 νωθεῖς
3495 2890 3652 2969 ὦμεν

2062 2995 2200 3067 πρὸς
2227 2993 2288 3047 τὸ
2321 2993 2507 3055 καλὸν,
2550 2991 2686 3046 ἀλλὰ
2722 2990 2800 3062 τῷ
2835 2990 3113 3058 Πνεύματι
3147 2990 3395 3061 ζέωμεν,
3435 2991 3649 3061 μήποτε

372 3094 484 3147 ritu
523 3091 851 3154 ferveamus,
883 3102 951 3143 ne
985 3087 1185 3157 alioqui
1217 3086 1472 3156 paulatim
1514 3086 1568 3139 in
1601 3095 1827 3141 mortem
1861 3085 1959 3139 ob-

2065 3086 2401 3157 ὑπνώσωμεν
2431 3086 2550 3139 κατ’
2579 3084 2758 3153 ὀλίγον
2785 3086 2866 3149 είς
2894 3084 3125 3139 θάνατον
3144 3126 3160 3151 ,
3190 3084 3223 3156 ἢ
3247 3124 3261 3148 ,
3291 3083 3651 3139 καθεύδουσιν

372 3184 728 3250 dormiamus,
766 3191 882 3243 aut,
920 3177 1314 3235 dormientibus
1344 3177 1520 3245 nobis,
1552 3191 1716 3248 prava
1747 3175 1957 3230 zizania

375 3275 548 3331 hostis
577 3281 887 3346 superserat
912 3272 995 3339 “;
1023 3269 1242 3341 pigritia
1276 3268 1422 3324 enim
1451 3283 1642 3324 somno
1666 3266 1956 3337 conjuncta

373 3377 498 3434 est;
526 3380 625 3421 nec
650 3379 843 3420 rursus
870 3378 992 3417 cum
1016 3360 1320 3416 temeritate
1348 3369 1403 3415 et
1427 3373 1572 3415 caeco
1603 3357 1776 3413 nostri
1806 3371 1961 3411 amo-

380 3474 441 3514 re
469 3472 629 3513 acres
647 3470 712 3510 ac
739 3454 959 3518 fervidi,
992 3468 1060 3507 ne
1086 3452 1285 3522 alioqui
1315 3451 1370 3506 in
1411 3462 1784 3506 transversum
1816 3447 1961 3502 abri-

374 3552 609 3621 piamur,
641 3548 839 3617 viaque
872 3549 1020 3616 regia
1054 3547 1403 3610 excidamus;
1459 3553 1623 3612 atque
1670 3542 1723 3596 in
1765 3542 1958 3595 horum

376 3642 603 3697 alterum
628 3640 936 3695 necessario
961 3640 1285 3701 incidamus,
1317 3646 1377 3691 ut
1398 3635 1483 3691 vel
1509 3634 1810 3690 calcaribus
1837 3646 1963 3703 pro-

375 3744 494 3803 pter
536 3732 843 3787 tarditatem
873 3744 1010 3798 opus
1036 3729 1360 3792 habeamus,
1386 3725 1471 3778 vel
1510 3734 1731 3795 propter
1754 3724 1963 3777 animo-

378 3839 497 3882 rum
527 3822 792 3877 fervorem
827 3822 881 3874 in
908 3834 1146 3890 praeceps
1172 3834 1417 3873 ruamus.
1450 3818 1589 3884 Quin
1614 3816 1814 3888 potius,
1841 3832 1961 3872 cum

375 3931 445 3971 ex
475 3924 727 3985 utroque,
758 3913 830 3979 id,
863 3913 1009 3983 quod
1049 3911 1179 3966 utile
1202 3926 1264 3965 ac
1294 3909 1625 3964 fructuosum
1654 3917 1755 3975 est,
1790 3908 1958 3963 colle-

360 4007 636 4083 °gerimus,
662 4007 769 4065 hoc
794 4013 899 4073 est,
928 4020 996 4060 ex
1024 4004 1113 4059 illa
1136 4003 1625 4066 mansuetudinem,
1657 4016 1725 4057 ex
1752 4002 1852 4056 hoc
1877 4017 1967 4055 au-

377 4114 484 4157 tem
518 4102 733 4166 zelum;
762 4099 904 4169 quod
948 4099 1004 4153 in
1052 4107 1282 4167 utroque
1329 4094 1550 4150 noxium
1584 4108 1655 4148 ac
1693 4093 1960 4163 pernicio-

377 4212 498 4252 sum
546 4204 652 4261 est,
699 4195 993 4267 fugiamus,
1046 4192 1194 4248 illius
1244 4206 1435 4260 nempe
1469 4187 1765 4260 pigritiam,
1808 4186 1968 4254 hujus

376 4305 507 4345 vero
532 4289 927 4353 temeritatem;
957 4294 1017 4341 ut
1044 4301 1144 4341 nec
1170 4285 1240 4340 ob
1272 4282 1541 4339 defectum
1564 4279 1778 4335 steriles
1811 4288 1866 4335 et
1886 4280 1969 4334 in-

379 4381 629 4452 frugiferi
689 4379 897 4442 simus,
954 4391 1054 4433 nec
1095 4378 1165 4431 ob
1242 4387 1523 4429 excessum
1580 4370 1965 4441 periclitemur.

2063 3180 2216 3249 ἡμῖν,
2244 3176 2543 3249 ἐπισπείρη
2576 3175 2644 3230 τά
2671 3176 2883 3248 πονηρά
2916 3175 3251 3247 σπέρματαὸ
3280 3174 3472 3247 ἐχθρός
3499 3192 3515 3206 ο
3542 3193 3650 3230 vw-

2062 3269 2181 3324 θεῖα
2226 3270 2336 3343 γὰρ
2388 3269 2542 3342 ὕπνῳ
2595 3269 2706 3342 (54)
2758 3268 3015 3338 σύζυγος·
3068 3269 3205 3340 μήτε
3256 3267 3510 3340 διάπυροι
3555 3269 3653 3323 σὺν

2060 3366 2255 3437 ἀλογίᾳ
2290 3364 2386 3417 καὶ
2426 3361 2705 3435 φιλαυτία,
2740 3362 2827 3415 ἵνα
2862 3362 2937 3433 μὴ
2967 3359 3347 3432 ἐκφερώμεθα,
3382 3359 3519 3432 μηδὲ
3551 3360 3654 3430 τῆς

2061 3456 2182 3512 ὁδοῦ
2226 3458 2326 3528 τῆς
2367 3454 2651 3526 βασιλικῆς
2688 3453 2793 3517 ἔξω
2820 3453 3138 3522 πίπτωμενο
3171 3452 3230 3505 ’ἐν
3257 3451 3320 3520 γέ
3349 3469 3401 3504 τι
3434 3451 3657 3505 πταίον-

2063 3567 2155 3614 τες
2198 3549 2438 3613 πάντως,
2477 3546 2512 3617 ἢ
2545 3546 2785 3617 κέντρων
2825 3544 3071 3615 δεόμενοι
3114 3544 3204 3598 διὰ
3242 3542 3340 3615 τὴν
3388 3543 3651 3607 νωθείαν,

2062 3642 2097 3714 ἢ
2124 3638 2555 3713 κρημνιζόμενοι
2589 3637 2678 3691 διὰ
2709 3638 2809 3708 τὴν
2839 3636 3174 3708 θερμότητα.
3214 3635 3565 3707 Ἀμφοτέρων
3594 3634 3655 3687 δὲ

2064 3733 2187 3786 ὅσον
2214 3729 2483 3801 χρήσιμόν
2512 3730 2628 3782 ἐστι
2659 3727 2943 3792 λαϐόντες,
2978 3727 3079 3797 τῆς
3121 3728 3218 3798 μὲν
3246 3727 3307 3779 τὸ
3333 3728 3528 3796 πρᾶον,
3554 3725 3658 3795 τῆς

2064 3821 2120 3874 δὲ
2148 3820 2238 3874 τὸν
2267 3818 2427 3890 ζῆλον
2448 3835 2461 3848 ·
2500 3818 2831 3891 ἀμφοτέρων
2863 3819 2987 3872 ὅσον
3013 3817 3132 3871 ἐστὶ
3160 3816 3421 3888 βλαϐερὸν
3461 3815 3658 3884 διαφύ-

2066 3929 2278 3983 γωμεν,
2310 3913 2411 3982 τῆς
2452 3910 2552 3981 μὲν
2590 3909 2681 3964 τὸν
2731 3910 2912 3974 ὄκνον,
2963 3910 3062 3981 τῆς
3095 3909 3151 3963 δὲ
3198 3909 3259 3962 τὸ
3303 3909 3533 3980 θράσος
3568 3909 3661 3963 ἵνα

2071 4006 2209 4076 μήτε
2245 4002 2323 4075 τῷ
2355 4003 2655 4057 ἐλλείποντι
2686 3995 2835 4073 ὦμεν
2861 4002 3127 4073 ἄκαρποι,
3169 4003 3307 4073 μήτε
3348 4000 3425 4072 τῷ
3466 4017 3658 4073 περιτ-

2066 4096 2276 4151 τεύοντι
2319 4094 2742 4166 κινδυνεύωμεν.
2800 4094 3035 4165 Ὁμοίως
3088 4094 3199 4165 γὰρ
3244 4094 3514 4166 ἀχρηστα,
3562 4096 3661 4149 καὶ

2068 4188 2349 4261 νωθρότης
2398 4189 2700 4259 ἄπρακτος,
2751 4186 2846 4241 καὶ⁵
2896 4185 3169 4258 θερμότης
3218 4187 3575 4251 ἀπαίδευτος’
3624 4188 3660 4257 ἡ

2072 4282 2174 4353 μέν
2207 4282 2307 4334 οὐκ
2340 4279 2635 4349 ἐγγίζουσα
2672 4278 2751 4350 τῷ
2797 4276 2948 4349 καλῷ
2974 4319 2989 4342 ,
3026 4279 3061 4349 ή
3109 4277 3168 4331 δὲ
3213 4276 3660 4349 ὑπερπίπτουσα,

2070 4372 2286 4427 καὶτοῦ
2322 4371 2502 4439 δεξιοῦ
2548 4369 2851 4442 ποιουμένη
2883 4386 2937 4423 τι
2978 4368 3319 4440 δεξιώτερον.
3353 4368 3531 4439 Ὅπερ
3563 4370 3663 4422 καὶ

377 4472 556 4543 Eque
579 4472 721 4528 enim
754 4470 970 4525 inutiles
1002 4477 1147 4531 sunt,
1182 4467 1329 4521 iners
1368 4480 1431 4518 ac
1458 4464 1649 4533 supina
1696 4461 1959 4530 segnities,

2072 4469 2100 4519 ὁ
2129 4465 2271 4529 θεῖος
2293 4462 2544 4535 Σολομὼν
2571 4463 2751 4526 καλῶς
2776 4462 2886 4534 (55)
2918 4462 3301 4531 ἐπιστάμενος,
3328 4460 3423 4529 Μὴ
3456 4459 3666 4514 ἐκκλί-

377 4576 432 4619 et
476 4562 759 4635 imperitus
791 4560 974 4617 fervor
1017 4576 1031 4611 :
1074 4558 1161 4611 illa
1204 4557 1270 4611 ad
1318 4555 1517 4610 bonum
1550 4552 1774 4608 minime
1804 4565 1962 4605 acce-

360 4658 531 4722 dens,
577 4655 667 4710 hic
701 4662 880 4709 autem
911 4651 1139 4707 ulterius
1175 4649 1396 4715 cadens,
1444 4661 1507 4700 ac
1540 4645 1733 4700 dextro
1772 4643 1959 4697 dexte-

380 4750 491 4804 rius
520 4747 723 4817 aliquid
751 4745 1008 4802 eﬁiciens.
1058 4742 1235 4811 Atque
1280 4740 1333 4793 id
1383 4740 1550 4808 probe
1596 4734 1870 4807 cognitum
1909 4742 1965 4789 et

377 4842 716 4912 exploratum
757 4839 959 4895 habens
991 4836 1204 4891 divinus
1248 4832 1501 4888 Salomon
1539 4846 1554 4884 :
1591 4827 1675 4883 Ne
1708 4826 1957 4892 declines,

450 4978 497 5011 ³³
525 4975 695 5034 lCor.
730 4990 818 5043 ιιι,
851 4975 908 5031 4.
984 4975 1031 5005 ἰ
1068 4971 1261 5028 Matth.
1298 4986 1423 5038 xm,
1455 4969 1545 5024 25.

450 5134 567 5206 (50)
607 5131 1097 5206 Ποτισέτήγ.1ἶθς.
1134 5132 1247 5193 bm,
1408 5128 1461 5190 1,
1498 5124 1695 5206 aliique
1728 5132 1961 5185 nonnul-

378 5207 414 5261 li
441 5197 665 5269 addunt,
692 5205 724 5275 ἢ
756 5197 1095 5275 τὺνδεῖναξι
1134 5208 1226 5256 aut
1250 5200 1414 5275 alium
1442 5197 1751 5267 quemdam.
1782 5215 1811 5275 ἰ

450 5277 563 5345 (51)
606 5268 848 5332 Kat'rdr.
894 5272 987 5328 Sic
1019 5275 1199 5342 plures
1239 5268 1456 5345 optirnzp
1500 5275 1643 5345 _no_t:e
1696 5269 1852 5323 codd.
1892 5279 1961 5345 _et

377 5337 471 5401 ed.
526 5345 726 5417 Regius
779 5355 958 5418 tamen
1011 5337 1100 5418 bin
1156 5348 1209 5394 et
1274 5337 1961 5418 Or._habent,.xow6v.

384 5435 403 5468 ι
433 5408 751 5481 commune;
786 5434 806 5468 ι
845 5414 938 5468 sed
992 5416 1059 5468 ad
1089 5425 1261 5480 marg.
1289 5408 1563 5481 scribitur_
1581 5408 1786 5481 καινόν,
1825 5428 1845 5461 ι
1872 5427 1961 5464 [ια

382 5504 528 5542 vum.
566 5506 585 5539 ι
628 5477 778 5541 Hauc
813 5485 1057 5538 ultimam
1105 5477 1389 5538 lectionem
1428 5477 1642 5546 praefert
1687 5479 1960 5535 Combeli-

381 5558 516 5622 sius,
552 5566 735 5627 utpote
759 5556 826 5627 ab
848 5553 985 5627 fsaia
1018 5569 1154 5618 Lxu,
1180 5552 1237 5615 ἓ,
1275 5562 1608 5627 egressam.
1642 5549 1715 5603 Ea
1757 5551 1965 5627 ratione

381 5629 449 5680 ab
488 5618 626 5683 Elia'
657 5625 882 5695 probata
912 5625 1110 5690 fuerat,
1151 5630 1210 5678 ut
1237 5638 1271 5695 ιι
1314 5618 1471 5672 Billio
1510 5618 1817 5695 adnotatur.
1846 5620 1965 5689 Ipse

383 5709 562 5753 tamen
591 5688 799 5763 Biilius,
826 5696 1029 5769 κοινόν,
1064 5688 1317 5769 praetulit,
1350 5700 1403 5745 et
1426 5688 1586 5745 vertit
1622 5705 1641 5747 :
1673 5708 1692 5744 ι
1723 5688 1963 5746 ουιηήιιιη

378 5770 436 5826 ui
460 5769 663 5828 Christi
691 5768 929 5826 nomine.
965 5785 985 5820 ι

2071 4574 2207 4625 me,
2244 4557 2431 4625 φησὶν,
2465 4559 2553 4623 είς
2584 4555 2659 4609 τὰ
2690 4553 2893 4620 δεξιὰ,
2928 4554 3069 4624 μηδ’
3110 4556 3198 4619 εὶς
3225 4553 3299 4607 τὰ
3338 4552 3662 4621 ἁριστερὰο

2072 4647 2207 4718 μηδὲ
2247 4646 2337 4699 διὰ
2357 4646 2465 4701 τῶν
2490 4646 2751 4700 ἐναντίων
2783 4648 2862 4710 εἰς
2889 4646 3059 4700 κακὸν
3093 4645 3206 4699 ἴσον
3245 4644 3492 4717 ἐμπέσῃς
3525 4645 3662 4715 (5b),

2066 4739 2166 4809 τὴν
2209 4739 2501 4811 ἁμαρτίαν.
2542 4739 2804 4808 Καίτοιγε
2852 4738 2913 4791 τὸ
2957 4738 3116 4806 φύσει
3168 4736 3341 4801 δεξιὸν
3382 4735 3661 4799 ἐπαινῶν,

2080 4829 2293 4897 Ὁδοὺς
2330 4830 2476 4902 γὰρ,
2515 4832 2686 4902 φησὶ,
2717 4830 2826 4896 τὰς
2854 4830 2921 4883 ἐκ
2956 4827 3173 4893 δεξιῶν
3209 4824 3373 4882 οἶδεν
3402 4829 3435 4881 ό
3478 4827 3660 4893 Θεόςσ

2144 5120 2256 5193 (52)
2300 5120 2645 5193 Ἄκαστον,
2690 5115 2894 5193 καὶᾼτὸ
2916 5115 3177 5193 λιτίσμα,
3223 5114 3323 5193 καὶ
3359 5110 3425 5193 τι)
3465 5113 3663 5193 ὁμότι-

2064 5183 2207 5264 μοκ,
2236 5183 2332 5244 καὶ
2355 5190 2421 5244 τὸ
2447 5190 2763 5264 ἐνέργημα.
2793 5186 2885 5241 Sic
2916 5186 3049 5264 Reg.
3075 5183 3161 5264 br_n
3184 5193 3238 5239 et
3258 5183 3352 5264 ρι’.
3386 5185 3437 5236 1.
3465 5184 3520 5235 In
3540 5187 3661 5264 ‘ed?

2069 5252 2344 5326 ἆκτιγστον,
2382 5261 2476 5315 καὶ
2528 5252 2604 5313 ’ξδ’
2633 5252 2913 5329 ὁμότιμον,
2956 5252 3051 5311 καὶ
3089 5255 3149 5309 τὸ
3193 5256 3421 5324 κτίσμα,
3459 5253 3563 5305 καὶ
3606 5252 3667 5305 τὸ

2069 5334 2373 5405 ἐνέργημα.

2071 5392 2811 5529 σθ(ζ”53)”’Ἀποπέμπτεο-θτλιι.
2859 5398 2983 5454 Bas.
3034 5406 3091 5452 et
3134 5393 3349 5460 Comb.,
3405 5392 3665 5448 ἀποτίθε-

2139 5492 2219 5528 αι.

2139 5492 2219 5528 αι.

2144 5545 2258 5613 (54)
2298 5544 2516 5613 Ὕπνῳ.
2541 5541 2706 5613 Coisl.
2743 5537 3089 5613 let‘Comb"
3123 5534 3317 5589 ὕπνου.

2144 5545 2235 5613 (54
2298 5545 2516 5606 Ὕπνῳ.
2541 5545 2706 5596 Cois].
2743 5545 2771 5595 1
2798 5549 2851 5596 et
2874 5545 3026 5593 Comi

2295 5612 2526 5687 Καλῶς.
2559 5611 2715 5687 Deest
2753 5608 2932 5687 in_0r.
2974 5609 3026 5663 1.

2142 5674 2254 5759 (ὅθί
2304 5674 2628 5752 Ἐιιπέσῃᾳ
2661 5681 2773 5738 Duo
2796 5680 2990 5750 Regg.,
3013 5674 3208 5750 πέσῃς.
