3910 6214
240 328 340 386 181

936 336 1202 396 ORATIO
1241 340 1460 397 XXXII.
1499 372 1572 385 -—-
1610 342 1699 398 DE
1738 343 2237 406 MODERATIONE
2277 351 2343 407 IN
2382 351 2844 410 DISPUTANDO.

3419 351 3525 407 189.

235 452 711 522 διεστραμμέναι
737 455 806 510 δέ
835 458 997 511 εισιν
1024 461 1084 513 αἱ
1115 458 1186 523 ἐξ
1210 459 1560 530 ἀριστερῶν.
1596 461 1719 527 Πῶς
1746 458 1838 518 οὖν

1955 466 2197 535 inquit",
2230 469 2301 522 ad
2328 469 2616 537 dexteram,
2653 483 2813 539 neque
2861 465 2929 520 ad
2960 465 3226 520 sinistram
3253 479 3272 518 :
3301 479 3400 521 nec
3431 480 3528 534 per

237 546 456 598 ἐπαινεῖ
484 546 546 599 τὸ
577 546 773 612 δεξιὸν,
808 549 905 602 καὶ
932 549 1139 620 ἀπάγει
1170 552 1333 608 πάλιν
1357 552 1450 606 τοῦ
1480 553 1654 619 δεξιοῦ
1678 556 1790 627 (57)
1814 574 1833 623 ;

238 633 444 688 Τούτου
475 635 681 709 δηλαδὴ
706 637 798 692 τοῦ
823 641 1153 712 φαινομένου
1181 641 1382 709 δεξιοῦ,
1408 645 1506 699 καὶ
1531 646 1630 699 οὐκ
1659 646 1829 711 ὄντος.

238 728 437 802 Πρὸςὸ
477 730 694 802 βλέπων
741 730 992 802 ἑτέρωθι,
1033 732 1132 802 Μὴ
1168 733 1342 804 γίνου
1384 734 1616 804 δίκαιος
1651 738 1834 804 πολὺ,

239 822 399 893 φησὶ,
416 822 577 893 μηδὲ
602 822 851 892 σοφίζου
876 825 1158 893 περισσά.
1190 827 1265 880 Τὸ
1288 826 1397 899 γὰρ
1421 828 1553 881 αὐτὸ
1581 830 1676 883 κα).
1706 849 1772 884 πε
1780 833 1835 903 ρὶ

239 913 615 987 δικαιοσύνην,
652 917 747 969 καὶ
776 916 907 988 περὶ
943 918 1138 986 σοφίαν
1178 918 1372 983 πάθος,
1403 919 1673 993 θερμότης
1706 924 1835 993 περὶ

1941 559 2209 612 contraria
2254 562 2307 614 in
2343 555 2549 631 aequale
2577 560 2800 624 malum,
2850 558 2953 613 hoc
2993 566 3099 622 est,
3128 557 3181 610 in
3222 565 3530 626 peccatum,

1940 648 2167 704 incidas.
2215 649 2537 722 Quanquam
2589 650 2812 721 alioqui,
2852 649 2994 720 quod
3038 657 3237 703 natura
3278 648 3530 703 dextrum

1942 750 2048 807 est,
2102 741 2189 796 his
2238 744 2419 799 verbis
2446 742 2631 799 laudat
2666 759 2682 796 :
2721 741 2850 798 Vias
2900 743 3061 809 enim,
3102 755 3219 810 qua:
3266 756 3300 793 a
3329 738 3530 794 dextris

1941 843 2083 904 sunt,
2112 835 2247 889 novit
2305 835 2442 892 Deus
2466 824 2497 891 ἐ
2523 852 2775 906 perversae
2819 844 2995 889 autem
3023 840 3169 901 sunt,
3196 847 3314 903 quas
3345 846 3378 885 ιι
3408 830 3534 885 sini-

1940 927 2062 979 stris
2079 938 2197 981 sunt
2213 928 2279 982 ²⁶.
2306 927 2405 994 Qui
2424 928 2680 997 titigitur,
2700 935 2756 981 ut
2775 925 2869 997 qui
2898 927 3146 982 dextrum
3163 923 3368 989 laudat,
3385 921 3531 976 idem

242 1005 443 1077 πρᾶξιν
491 1009 588 1061 καὶ
628 1007 807 1077 λόγον,
856 1009 961 1075 ἔξω
1009 1008 1106 1063 τοῦ
1154 1010 1320 1063 καλοῦ
1362 1013 1456 1065 καὶ
1489 1013 1593 1083 τῆς
1634 1014 1838 1085 ἀρετῆς

1955 1032 2159 1073 rursum
2206 1032 2235 1072 a
2280 1007 2471 1074 dextro
2509 1035 2610 1075 nos
2658 1017 2931 1074 abducat?
2978 1014 3232 1086 lntelligit
3284 1013 3534 1084 profecto

239 1097 311 1151 δι’
341 1099 653 1172 ὑπερϐολὴν
690 1101 803 1172 (58)
849 1102 1149 1158 πίπτουσα.
1186 1096 1264 1175 1’ῌ
1306 1105 1401 1159 καὶ
1430 1104 1493 1159 τὸ
1531 1105 1710 1161 ἐνδέον
1743 1107 1838 1161 καὶ

1955 1110 2086 1178 quod
2109 1111 2283 1165 dextri
2326 1112 2561 1182 speciem
2585 1100 2767 1177 habet,
2802 1125 2924 1165 cum
2953 1123 3142 1165 revera
3175 1107 3280 1163 tale
3302 1121 3408 1163 non
3435 1107 3533 1162 sit.

241 1188 307 1243 τὸ
360 1189 701 1259 ὑπερϐάλλον
751 1191 955 1262 ὁμοίως
1008 1192 1354 1264 λυμαίνεται,
1391 1193 1581 1267 ὥσπερ
1619 1197 1713 1250 καὶ
1760 1196 1838 1269 τῷ

1955 1200 2097 1268 Quod
2122 1202 2287 1257 etiam
2316 1213 2568 1273 spectans
2603 1202 2711 1258 alio
2739 1203 2860 1259 loco
2887 1203 3064 1273 inquit
3092 1216 3110 1255 :
3144 1200 3228 1255 Ne
3251 1214 3531 1271 magnope-

243 1279 430 1334 κανόνι
464 1281 757 1353 πρόσθεσις
785 1281 818 1353 ἢ
854 1282 1143 1355 ὁφαίρεσις
1168 1283 1305 1355 (59).

1955 1306 2002 1345 re
2049 1291 2230 1361 justus
2288 1295 2382 1356 sis,
2431 1310 2524 1347 nec
2573 1310 2732 1360 supra
2784 1293 2998 1348 modum
3055 1292 3264 1362 sapiens
3303 1291 3370 1345 ³⁷.
3422 1288 3530 1345 Par

242 1376 447 1430 etenim
482 1375 709 1445 iustitiae
744 1386 906 1448 atque
944 1380 1225 1448 sapientiae
1253 1380 1640 1437 detrimentum
1679 1381 1836 1438 ali‘crt
1879 1386 2043 1452 acris,
2075 1396 2183 1442 tam
2216 1388 2268 1443 in
2309 1387 2475 1460 585
2497 1389 2730 1454 actione,
2790 1403 2952 1458 quam
3016 1386 3070 1442 in
3104 1400 3375 1455 sermone,
3407 1387 3537 1449 ani-,

244 1471 321 1525 mi
358 1473 608 1542 impetus,
639 1488 668 1527 a
692 1473 836 1529 bono
893 1488 1086 1545 nempe
1121 1484 1175 1531 et
1209 1490 1239 1530 a
1274 1475 1473 1531 virtute
1538 1487 1757 1548 propter
1795 1495 2078 1536 excessum
2143 1484 2418 1539 excideris.
2484 1481 2636 1539 Hanc
2674 1482 2817 1538 enim
2885 1481 3125 1547 defectus
3179 1489 3235 1536 et
3274 1493 3535 1548 excessu;

243 1578 500 1635 perreque
531 1566 880 1631 labefactant.
920 1585 1024 1624 non
1071 1584 1230 1626 secus
1268 1586 1331 1626 ac
1366 1571 1602 1641 regulam
1635 1573 1841 1628 additio
1877 1574 2054 1646 aliqua
2083 1585 2174 1631 aut
2198 1576 2517 1633 subtractio.
3529 1616 3537 1627 ο

320 1661 395 1714 Ζ’.
427 1660 631 1730 Μηδεὶς
671 1654 764 1715 οὖν
806 1661 948 1716 ἔστω
976 1662 1139 1716 πλέον
1185 1664 1218 1735 ἢ
1255 1664 1437 1729 καλῶς
1482 1664 1599 1736 ἔχει
1653 1666 1837 1735 σοφὸς,

2017 1667 2131 1726 Vll.
2162 1668 2334 1727 Nemo
2363 1671 2526 1741 igitur
2565 1671 2875 1743 sapientior'
2894 1670 2988 1739 sit,
3017 1685 3178 1741 quam
3220 1670 3538 1734 conveniat,

247 1748 387 1822 μηδὲ
446 1749 541 1804 τοῦ
592 1751 760 1823 νόμου
808 1752 1208 1826 νομιμώτερος,
1272 1755 1409 1826 μηδὲ
1462 1755 1842 1829 λαμπρότερος

242 1840 344 1895 τοῦ
382 1841 561 1911 φωτὸς
608 1842 747 1914 (40),
782 1844 919 1917 μηδὲ
959 1844 1054 1899 τοῦ
1093 1846 1317 1911 κανόνος
1349 1846 1662 1921 εὐθύτερος,
1708 1848 1842 1919 μηδὲ

242 1932 350 2002 τῆς
376 1933 597 2005 ἐντολῆς
631 1934 985 2010 ὑψηλότερος.
1015 1936 1212 1991 Ἔσται
1240 1937 1297 1991 δὲ
1325 1937 1487 1992 τοῦτο
1516 1939 1669 2003 πῶς;
1715 1941 1842 1994 Ἐὰν

245 2025 483 2097 εἰδῶμεν
517 2026 722 2098 κόσμον
751 2026 893 2099 (41),
926 2027 1023 2082 καὶ
1053 2029 1366 2101 ἐπαινῶμεν
1396 2030 1611 2101 φύσεως
1655 2032 1839 2103 νόμον,

247 2117 343 2170 καὶ
388 2114 655 2188 έπώμεθα
701 2116 865 2189 λόγῳ,
910 2119 1005 2172 καὶ
1037 2119 1111 2191 μὴ
1157 2119 1514 2192 ἀτιμάζωμεν
1566 2121 1841 2187 εὐταξίαν.

262 2207 601 2279 Ἐμϐλέψατε
650 2209 733 2273 εἰς
775 2209 867 2263 τὸν
910 2210 1139 2281 οὐρανὸν
1194 2210 1328 2275 ἄνω,
1360 2213 1455 2266 καὶ
1495 2213 1575 2277 είς
1617 2213 1712 2285 τὴν
1740 2215 1843 2285 γῆν

250 2298 425 2364 κάτω,
453 2300 548 2353 ιιαὶ
580 2300 890 2373 ἐννοήσατε,
916 2302 1035 2366 πῶς
1060 2304 1291 2376 συνέστη
1314 2304 1375 2358 τὸ
1401 2308 1530 2367 πᾶν,
1564 2307 1659 2360 καὶ
1693 2307 1840 2372 ὅθεν,

250 2392 349 2447 καὶ
377 2393 432 2446 τί
464 2393 572 2466 πρὸ
599 2393 700 2465 τῆς
736 2395 1152 2468 διακοσμήσεως
1193 2393 1281 2470 ἦν,
1322 2399 1418 2453 καὶ
1447 2399 1498 2453 τί
1541 2399 1635 2454 νῦν
1673 2401 1843 2474 ὄνομα

249 2484 332 2556 τῷ
359 2485 542 2541 παντί.
585 2485 749 2552 Τάξει
780 2488 849 2541 τὰ
884 2489 1067 2544 πάντα
1102 2490 1460 2564 διεκοσμήθη,
1496 2492 1609 2555 καὶ,
1659 2495 1687 2547 ὁ
1728 2494 1844 2548 δια-

248 2579 537 2650 κοσμήσας
594 2580 801 2648 Λόγος·
860 2582 1105 2652 καίτοιγε
1168 2583 1245 2647 ὼς
1290 2584 1347 2637 ἓν
1394 2584 1461 2638 τά
1519 2585 1697 2640 πάντα
1720 2577 1726 2583 ’
1748 2588 1843 2640 καὶ

247 2668 464 2743 ἀθρόως
501 2670 807 2741 ὑποστῆναι
838 2671 1066 2725 δυνατὸν
1099 2668 1167 2745 ἦν
1212 2673 1276 2743 (ό
1313 2673 1423 2746 γάρ
1454 2675 1565 2744 (4:2)
1595 2679 1706 2740 τοῖς
1743 2677 1844 2729 οὐκ

246 2759 369 2818 οὖσι
394 2764 456 2817 τὸ
488 2758 631 2818 εἶναι
666 2765 811 2828 δοὺς,
842 2765 939 2818 καὶ
968 2767 1080 2828 τοῖς
1101 2766 1415 2836 γενομένοις
1444 2766 1542 2830 τὰς
1575 2766 1719 2830 ἰδέας
1748 2768 1843 2820 καὶ

250 2857 325 2931 τά
352 2859 632 2929 σχήματα,
655 2858 764 2912 οὐδ’
806 2856 942 2931 ὁμοῦ
968 2858 1031 2911 τὸ
1065 2860 1175 2912 πᾶν
1203 2858 1478 2924 ἀναδεῖξαι
1507 2861 1601 2913 καὶ
1633 2859 1845 2913 διακοσ-

250 2950 425 3022 μῆσαι
455 2949 690 3020 ἀσθενὴς
726 2945 831 3023 ἦν)
856 2967 872 2983 ο
899 2949 1038 3005 ἀλλά
1075 2949 1165 3004 διὰ
1200 2949 1359 3005 τοῦτο
1391 2950 1606 3022 πρῶτόν
1654 2969 1705 3004 τι
1749 2952 1843 3004 κα)¹

1944 1775 2043 1818 nec
2076 1761 2195 1832 iege
2224 1763 2491 1830 exactior,
2529 1777 2631 1819 nec
2662 1763 2784 1819 luce
2816 1761 3167 1833 splendidior,
3197 1775 3296 1816 nec
3337 1776 3542 1816 norma.

1941 1853 2163 1921 rectior,
2189 1868 2292 1909 nec
2314 1863 2584 1925 praecepto
2607 1854 2910 1911 sublimior.
2937 1852 2994 1910 ld
3027 1866 3154 1910 vero
3182 1868 3288 1924 qua
3310 1854 3532 1908 tandem

1943 1944 2154 2000 ratione
2175 1945 2610 2016 consequemur?
2628 1944 2830 2016 Nempe
2851 1945 2899 2001 si
2924 1944 3167 2001 ordinem
3192 1945 3539 2007 noverimus,

1943 2048 1998 2093 et
2034 2048 2241 2094 naturae
2272 2038 2420 2110 leges
2469 2038 2905 2110 comprobemus,
2935 2046 2991 2095 et
3028 2038 3292 2094 rationem
3335 2036 3531 2091 ducem

1944 2145 2259 2200 sequamur,
2294 2140 2350 2187 et
2373 2130 2712 2201 disciplinam
2744 2145 2851 2186 non
2881 2143 3253 2200 aspernemur.
3284 2127 3534 2197 Respici-

1947 2230 1999 2275 te
2030 2219 2084 2274 in
2109 2221 2305 2275 omium
2333 2235 2571 2289 sursum,
2598 2230 2653 2275 et
2684 2221 2736 2274 in
2775 2228 2973 2275 terram
2999 2222 3250 2274 deorsum
3274 2218 3344 2286 ⁸⁸,
3368 2226 3531 2286 atque

1944 2310 2377 2378 animadvertite,
2423 2325 2531 2381 quo
2586 2320 2746 2380 pacto
2798 2320 2912 2367 tota
2965 2311 3083 2365 haec
3139 2324 3319 2364 rerum
3359 2307 3531 2363 moles

1943 2411 2253 2458 constructa
2278 2411 2334 2459 et
2360 2411 2733 2475 coagmentata
2755 2401 2939 2470 fuerit,
2965 2399 3397 2471 unde.originem
3431 2398 3533 2453 ha-

1944 2494 2143 2560 buerit,
2174 2494 2304 2564 quid
2335 2503 2461 2549 ante
2487 2508 2674 2550 earum
2706 2493 3129 2549 concinnitatem
3155 2499 3294 2557 erat,
3331 2498 3389 2546 et
3422 2503 3533 2558 quo

1939 2584 2052 2655 jam
2098 2585 2318 2641 nomine
2374 2585 2688 2641 universum
2737 2584 3056 2656 appelletur.
3105 2584 3307 2640 Ordine
3345 2581 3533 2638 omnia

1944 2676 2268 2733 concinnata
2300 2685 2357 2732 et
2386 2676 2642 2733 distincta
2664 2685 2807 2743 sunt,
2841 2684 2895 2732 et
2932 2676 3147 2746 quidem
3176 2676 3532 2732 concinnato-

1944 2783 2003 2823 re
2034 2767 2210 2824 Verbo
2242 2783 2258 2821 :
2292 2782 2397 2823 non
2429 2767 2596 2838 quod,
2629 2774 2688 2822 ut
2733 2783 2839 2822 una
2884 2781 2995 2834 res,
3029 2767 3102 2821 ita
3139 2779 3329 2822 omnes
3370 2765 3545 2820 simul.

1943 2860 2164 2930 produci
2195 2874 2302 2915 non
2334 2870 2555 2930 possent
2579 2857 2724 2930 (nam
2746 2859 2840 2929 qui
2877 2873 2941 2914 ea
2972 2873 3093 2928 quae
3122 2873 3227 2913 non
3273 2865 3448 2923 erant,
3476 2857 3535 2911 in

1944 2963 2124 3007 ortum
2174 2950 2451 3021 produxit,
2483 2951 2871 3022 productisque
2927 2948 3159 3005 formam
3207 2956 3264 3003 et
3297 2947 3548 3017 speciem-

246 3040 505 3113 δεύτερον
549 3041 901 3113 ἀριθμεῖται,
953 3040 1051 3095 καὶ
1087 3040 1291 3112 τρίτον,
1328 3041 1422 3095 καὶ
1459 3040 1529 3094 τὰ
1566 3041 1714 3112 έξῆς,
1754 3041 1839 3093 ἵνα

1955 3043 2113 3109 dedit,
2158 3042 2300 3098 idem
2335 3042 2576 3115 profecto
2623 3056 2965 3113 nequaquam
2997 3039 3312 3096 inﬁrmitate
3350 3039 3537 3110 prohi-

246 3133 405 3200 τάξις
449 3134 610 3199 εὐθὺς
655 3133 975 3206 συνεισέλθῃ
1009 3135 1122 3197 τοῖς
1161 3133 1442 3205 κτίσμασι.

1948 3134 2198 3200 bebatur,
2232 3134 2520 3204 quominus
2554 3134 2736 3189 omnia
2773 3134 2938 3189 simul
2970 3133 3026 3188 itt
3062 3133 3235 3188 lucem
3262 3132 3444 3189 ederet
3481 3141 3549 3186 et

247 3229 604 3301 exornaret);
642 3243 827 3285 verum
871 3228 941 3283 ob
967 3228 1110 3282 hanc
1135 3241 1377 3293 causam,
1450 3227 1593 3282 aliud
1653 3230 1911 3298 primum,
1949 3227 2094 3283 aliud
2149 3227 2470 3296 secundum,
2528 3226 2675 3283 aliud
2711 3226 2930 3283 tertium
2968 3233 3303 3294 numeratur,
3356 3238 3422 3279 ac
3458 3221 3541 3279 sic

248 3322 528 3391 deinceps.
575 3329 635 3375 ut
672 3319 832 3376 simul
868 3334 989 3375 cum
1038 3319 1203 3375 rebus
1252 3319 1452 3375 creatis
1497 3319 1631 3374 ordo
1670 3320 1856 3375 statim
1898 3319 2258 3392 ingrediatur.

321 3414 404 3468 H’.
453 3412 619 3478 Τάξις
668 3406 761 3467 οὖν
809 3412 873 3466 τὸ
913 3413 1023 3465 πᾶν
1073 3411 1465 3482 συνεστήσατο.
1514 3411 1681 3477 Τάξις
1725 3429 1845 3466 συν-

248 3506 367 3578 έχει
397 3504 509 3576 (45)
538 3506 634 3559 καὶ
661 3504 731 3559 τὰ
760 3505 1063 3577 ἐπουράνια
1092 3503 1190 3557 κα).
1222 3504 1292 3559 τὰ
1326 3504 1548 3574 ἐπίγεια
1569 3523 1582 3536 ·
1608 3504 1765 3570 τάξις
1786 3506 1845 3559 ὲν

248 3600 464 3670 νοητοῖς
481 3614 494 3628 ·
539 3596 693 3662 τάξις
715 3599 774 3652 ὲν
805 3596 1084 3668 αἰσθητοῖς
1103 3613 1116 3626 ’
1160 3596 1317 3661 τάξις
1344 3599 1403 3650 ὲν
1435 3596 1690 3666 ἀγγέλοις
1709 3614 1725 3631 ·
1751 3598 1846 3651 τά·

250 3689 337 3756 ξις
368 3690 427 3743 ὲν
463 3689 707 3761 ἄστροις,
758 3688 855 3741 καὶ
882 3687 994 3758 (44)
1039 3688 1252 3758 κινήσει
1274 3728 1288 3754 ,
1336 3688 1431 3741 καὶ
1468 3688 1709 3759 μεγέθει,
1751 3688 1848 3741 καὶ

253 3780 440 3853 σχέσει
462 3783 528 3854 τῇ
561 3781 699 3853 πρὸς
716 3780 943 3852 ἄλληλα,
971 3781 1064 3833 καὶ
1088 3779 1454 3853 λαμπρότητι.
1488 3782 1673 3850 Ἄλλη
1698 3780 1849 3846 δόξα

250 3871 458 3942 ἡλίου,
497 3871 598 3926 καί
643 3870 803 3940 άλλη
834 3870 985 3936 δόξα
1013 3868 1308 3939 σελήνης,
1352 3871 1453 3924 καὶ
1496 3870 1657 3939 ἄλλη
1698 3871 1849 3936 δόξα

250 3965 557 4035 ἀστέρων·
586 3963 787 4035 ἀστὴρ
827 3963 937 4034 γὰρ
970 3964 1227 4033 ἀστέρος
1268 3963 1531 4034 διαφέρει
1569 3965 1640 4019 ἐν
1670 3963 1843 4032 δόξῃο

252 4058 406 4124 τάξις
444 4059 504 4112 ὲν
530 4058 703 4130 ὥραις
736 4057 831 4111 καὶ
866 4059 1097 4128 καιροῖς,
1137 4059 1195 4111 ὲν
1225 4056 1418 4128 κόσμῳ
1448 4056 1560 4127 (45)
1597 4054 1848 4126 προϊοῢσί

253 4169 314 4205 τε
349 4153 447 4205 καὶ
471 4150 797 4217 ὑπαπιοῦσι,
831 4150 928 4205 καὶ
969 4148 1057 4202 διά
1086 4150 1186 4221 τῆς
1214 4149 1510 4221 μεσότητος
1552 4147 1614 4201 τὸ
1642 4148 1848 4218 αὐστη-

256 4244 353 4315 ρὸν
391 4243 776 4298 τιθασσεύουσι
797 4260 810 4273 ·
843 4243 1000 4309 τάξις
1031 4244 1091 4298 ὲν
1127 4243 1345 4314 ἡμέρας
1398 4243 1494 4296 καὶ
1528 4241 1723 4306 νυκτὸς
1754 4242 1851 4313 μέη

254 4352 429 4408 τροις,
458 4336 557 4389 καὶ
591 4335 926 4406 διαστήμασι
957 4333 1095 4409 (46).
1139 4332 1306 4399 Τάξις
1345 4334 1404 4387 ὲν
1432 4333 1739 4404 στοιχείοις,
1790 4331 1851 4397 ἐξ

255 4420 333 4481 ὧν
359 4424 431 4480 τὰ
454 4425 684 4496 σώματα
704 4441 721 4458 °
746 4423 902 4492 τάξις
939 4425 1279 4496 περιήγαγεν
1310 4424 1560 4495 οὐρανὸν,
1594 4425 1850 4496 ἥπλωσεν

254 4518 418 4589 ἀέρα,
450 4516 558 4588 γῆν
597 4516 896 4588 ὑπέθηκεν,
925 4516 959 4587 ἢ
989 4517 1086 4570 καὶ
1121 4515 1454 4588 ὑπερέθηκε,
1487 4515 1649 4586 φύσιν
1677 4516 1851 4587 ὑγρὰν

255 4606 381 4680 ἐχεε
432 4606 527 4660 καὶ
577 4608 907 4678 συνήγαγεν,
950 4605 1187 4677 ἀνέμους
1236 4604 1454 4676 ἀφῆκε,
1492 4605 1585 4658 καὶ
1617 4607 1718 4659 οὐκ
1748 4607 1849 4659 ἐπ-

2022 3410 2156 3466 Vlll.
2191 3410 2336 3468 Ordo
2377 3412 2561 3483 itaque
2598 3411 2780 3467 omnia
2819 3410 3121 3476 constituit,
3149 3418 3206 3466 et
3234 3408 3552 3481 colligavit;

1947 3505 2080 3562 ordo
2129 3505 2375 3561 cmlestia
2423 3515 2479 3560 et
2530 3506 2806 3561 terrestria
2862 3504 3144 3571 continet;
3176 3502 3310 3557 ordo
3357 3502 3413 3556 in
3450 3501 3542 3570 iis,

1946 3612 2067 3666 quae
2105 3598 2318 3653 ratione
2359 3607 2416 3654 et
2448 3598 2631 3653 animo
2680 3597 3073 3668 intelliguntur,
3117 3596 3295 3651 locum
3336 3594 3497 3649 habet
3519 3610 3557 3662 ;_

1946 3689 2082 3744 ordo
2119 3690 2174 3744 in
2200 3691 2287 3757 iis,
2321 3705 2439 3760 quae
2470 3683 2718 3747 sensibus
2749 3690 3159 3761 percipiuntur;
3191 3688 3325 3743 ordo
3361 3686 3416 3741 in
3442 3701 3542 3740 an-

1946 3781 2080 3852 gelis
2105 3797 2120 3848 ;
2147 3782 2281 3837 ordo
2309 3781 2361 3836 in
2397 3790 2666 3838 astrorum
2707 3792 2878 3848 motu,
2916 3781 3308 3852 magnitudine,
3353 3787 3541 3831 mutua

1950 3870 2229 3936 relatione,
2251 3879 2307 3926 et
2326 3869 2615 3942 splendore
2644 3887 2661 3927 :
2694 3870 2820 3924 Alia
2863 3870 3002 3925 enim
3037 3865 3165 3923 solis
3194 3865 3410 3921 claritas
3438 3873 3540 3926 est,

1950 3962 2060 4016 alia
2083 3961 2246 4030 (ante,
2276 3962 2386 4017 alia
2414 3962 2710 4017 stellarum.
2737 3960 2905 4017 Stella
2924 3961 3062 4015 enim
3086 3977 3119 4013 a
3143 3957 3295 4013 stella
3321 3954 3578 4037 clarita-r.

1950 4065 2000 4110 te
2040 4055 2218 4124 (li/fert
2243 4056 2325 4122 ²⁹;
2371 4054 2505 4110 ordo
2536 4055 2590 4109 in
2639 4053 2765 4109 anni
2800 4051 3045 4124 partibus
3086 4058 3140 4106 et
3181 4044 3537 4117 temporibus,

1951 4157 2077 4217 apte
2096 4155 2152 4202 et
2183 4145 2456 4213 diStincte,
2484 4156 2595 4204 tum
2618 4144 3108 4217 progredientibus,
3141 4150 3197 4199 et
3230 4136 3551 4195 recedenti--

1951 4238 2073 4302 bus,
2097 4252 2161 4292 ac
2192 4252 2290 4307 per
2312 4237 2744 4294 mediocritatem
2771 4235 3115 4306 asperitatem
3139 4230 3547 4302 mitigantibus;

1951 4330 2088 4384 ordo
2119 4329 2173 4383 in
2216 4329 2322 4385 diei
2348 4344 2402 4384 et
2432 4331 2606 4385 noctis
2640 4328 2909 4384 mensuris
2951 4336 3004 4383 et
3035 4323 3375 4390 intervallis;
3405 4320 3546 4376 ordo

1952 4421 2006 4476 in
2031 4421 2337 4487 elementis,
2370 4436 2436 4477 ex
2464 4422 2661 4491 quibus
2684 4434 2911 4492 corpora
2944 4426 3217 4475 constant.
3252 4414 3398 4472 Ordo
3426 4426 3545 4467 coe-

1953 4512 2061 4567 lum
2091 4512 2146 4567 in
2175 4512 2361 4568 orbem
2389 4511 2563 4578 duxit,
2598 4526 2781 4568 aerem
2808 4510 3139 4582 exporrexit,
3173 4518 3375 4563 terram
3413 4517 3545 4573 sup-

1952 4606 2155 4676 posuit,
2187 4607 2469 4662 autetiam
2492 4605 2858 4677 superposuit,
2884 4603 3162 4659 humidam
3190 4608 3443 4657 naturam
3465 4596 3551 4651 fu-

256 4701 471 4771 αφῆκεν
501 4696 636 4768 (ιτ),
689 4696 833 4769 ὕδωρ
880 4695 1070 4768 ἔδησεν
1111 4697 1170 4748 ὲν
1200 4694 1479 4765 νεφέλαις,
1501 4694 1597 4748 καὶ
1628 4694 1688 4748 οὐ
1713 4712 1844 4749 κατ-

1955 4698 2052 4765 dit,
2097 4708 2259 4770 atque
2287 4699 2344 4754 in
2381 4714 2547 4754 unum
2582 4698 2759 4754 locum
2797 4696 3087 4761 contraxit,
3119 4702 3310 4749 ventos
3340 4688 3545 4757 emisit,

255 4794 441 4865 έο-χεν,
476 4791 593 4845 ἀλλ’
622 4790 880 4863 ἔσπειρεν
910 4790 1024 4862 (18)
1057 4788 1150 4844 ἐπὶ
1183 4788 1479 4860 πρόσωπον
1531 4787 1715 4858 πάσης
1744 4788 1846 4859 τῆς

331 4907 380 4940 ³³
410 4907 572 4962 Prov.
604 4920 677 4971 tv,
706 4905 795 4959 27.
874 4905 919 4937 ³⁸
951 4903 1084 4960 ibid.
1125 4904 1171 4935 "’
1199 4900 1378 4957 Eccle.
1415 4916 1511 4965 vn,
1544 4901 1630 4955 l7.

333 5020 445 5095 ('57)
476 5019 738 5095 _'Arzd_ret_
767 5018 956 5095 πόλιν
996 5019 1101 5095 τοᾷ
1128 5017 1371 5095 deripi-,1
1400 5014 1493 5072 Sic
1525 5018 1658 5087 Reg.
1694 5019 1753 5084 b,
1796 5027 1851 5072 et

256 5087 357 5152 Or.
391 5087 445 5146 1.
476 5091 533 5145 In
573 5087 688 5151 ed},
714 5090 920 5159 ἀπάγει
948 5088 1043 5143 τοῦ
1072 5088 1249 5155 δεξιοῦ
1276 5087 1458 5142 πάλιν.

332 5161 448 5231 (58)
485 5163 565 5215 Δι’
597 5157 967 5231 ᾐπερϐολήν.
998 5159 1167 5231 Regg.
1198 5161 1232 5215 b
1267 5169 1322 5214 et
1367 5159 1458 5211 bm
1514 5157 1581 5211 δι’
1615 5159 1850 5230 ὑπερϐο-

403 5231 559 5306 ﬂos,
656 5225 777 5306 κάξ.
806 5225 953 5306 Βιιξ,
989 5230 1023 5301 ἢ
1059 5225 1170 5306 καί.

331 5297 450 5372 (59)
499 5297 855 5372 Ὑφ’ὰίρεσις.
890 5297 1024 5369 Reg.
1060 5303 1138 5368 b.,
1183 5297 1502 5372 ἀφαίρεσις.

333 5371 450 5445 (40)
488 5371 656 5445 Μηδὲ
685 5373 1096 5442 λαμπρότερος
1132 5371 1239 5427 τοῦ
1259 5374 1475 5441 φωτός.
1507 5371 1631 5428 Haec
1657 5373 1848 5427 desunt

259 5448 316 5503 in
345 5443 559 5499 duobus
581 5443 750 5510 Regg.

334 5515 450 5588 (41)
492 5513 638 5588 ’Ἐὰν
656 5510 906 5579 εἰδῶμεν
925 5514 1179 5582 κόσμον.
1203 5511 1326 5567 Bill.
1353 5533 1368 5569 :
1406 5532 1425 5565 ι
1456 5512 1513 5569 Si
1542 5512 1769 5568 modesti
1796 5520 1852 5567 et

261 5585 549 5654 compasiti
572 5599 695 5654 esse
728 5599 1002 5654 curemus.
1042 5602 1060 5634 ι

335 5652 451 5728 (ᾇ)
501 5653 718 5728 ἀτάρ.
754 5654 848 5728 Sic
872 5653 968 5708 0r.
1000 5653 1052 5708 1.
1075 5652 1271 5728 ln_ed.,
1295 5654 1323 5728 δ
1346 5655 1473 5728 γάρ.

335 5722 451 5797 (43)
496 5722 672 5791 Τάξις
694 5723 965 5797 συνέχει.
995 5734 1102 5781 etc.
1138 5724 1270 5797 Reg.
1303 5727 1336 5781 b
1358 5722 1434 5781 "et
1471 5725 1566 5782 0r.
1611 5725 1669 5793 1,
1704 5722 1854 5792 τάξις

259 5793 358 5853 οὖν
386 5793 502 5870 ἔχει
528 5798 623 5851 καὶ
654 5794 722 5850 τά
750 5795 997 5867 οὐράνια.

1959 4789 2055 4845 sed
2094 4805 2199 4847 non
2244 4791 2309 4846 ad
2347 4791 2627 4847 hominum
2657 4788 2950 4861 perniciem
2990 4784 3233 4852 immisit,
3282 4796 3455 4854 aquas
3486 4780 3545 4835 in

1709 4901 1755 4933 ’⁸
1793 4900 1897 4958 lsa.
1924 4919 2000 4973 LI,
2027 4903 2080 4959 6.
2158 4905 2203 4938 ³⁸
2232 4905 2254 4959 l
2285 4904 2413 4962 Cor.
2443 4918 2537 4970 xv,
2556 4904 2647 4958 41.

2030 5021 2141 5088 (44)
2181 5022 2312 5076 Καί.
2344 5021 2508 5077 Deest
2529 5020 2586 5076 in
2624 5020 2718 5076 Or;
2744 5020 2797 5074 1.

2029 5086 2143 5163 (45)
2183 5093 2289 5147 Ἐν
2308 5089 2618 5163 κόσμῳηιη
2648 5086 3292 5163 ηοιιιιιιμίεηεὺκοσμίως.

2028 5152 2141 5231 (46)
2178 5164 2288 5217 Καὶ
2337 5152 2726 5231 διάστήμασι.
2783 5160 2876 5214 Sic
2927 5159 3034 5213 duo
3087 5152 3276 5227 llegg.,
3334 5153 3429 5210 0r.
3490 5152 3548 5220 1,

1955 5230 2145 5289 (Ζοιιιιί.
2175 5234 2232 5287 1η
2261 5233 2392 5287 edit.
2434 5230 2585 5287 deest
2609 5230 2724 5284 καί.

2027 5303 2140 5376 (47)
2160 5303 2289 5376 Καὶ
2315 5304 2428 5358 οὐκ
2453 5300 2785 5376 ἐπαφῆρέεν.
2812 5297 2938 5354 llaec
2957 5297 3155 5376 desunt
3177 5296 3230 5350 in
3253 5293 3346 5376 0r.
3376 5293 3426 5348 1.
3452 5293 3544 5376 Sic

1955 5366 2133 5431 hniIc'
2157 5374 2337 5445 locum
2390 5366 2613 5445 exponit
2642 5366 2804 5445 'Elias
2836 5386 2855 5445 _:
2893 5387 2913 5421 ι
2957 5366 3183 5445 Laxavit
3220 5374 3435 5445 ventos.
3486 5374 3548 5445 ut

1957 5448 2166 5513 spirent
2195 5444 2423 5509 utiliter,
2460 5434 2562 5497 sed
2585 5441 2805 5513 gnonita
2834 5439 3056 5503 laxavit,
3089 5445 3148 5491 ut
3186 5439 3266 5492 eis
3302 5434 3445 5491 facta
3477 5435 3550 5489 sit

1958 5510 2109 5578 copia
2137 5529 2300 5581 supra
2331 5513 2548 5569 modum
2576 5510 2761 5565 ﬂandi.
2794 5528 2814 5563 ι

2032 5575 2145 5655 (48)
2186 5575 2522 5655 Ἕσπειρεν.
2571 5581 2754 5655 Schol.
2790 5602 2805 5636 :
2854 5576 3047 5655 Πηγὰς
3108 5577 3203 5655 κ-α).
3245 5575 3546 5655 ποταμοὺς,

1967 5648 2097 5719 iam;
2118 5648 2211 5710 ιιαὶ
2234 5654 2345 5710 τῶν
2375 5648 2663 5709 θαλασσῶν
2684 5652 2753 5706 τὰ
2785 5648 2994 5721 πελάγη
3019 5665 3032 5678 ·
3077 5668 3096 5701 ι
3126 5648 3341 5718 Sparsit
3373 5648 3553 5703 fontes

1965 5739 2018 5784 et
2044 5726 2258 5796 ﬂuvios,
2295 5726 2539 5783 fortassis
2572 5737 2627 5782 et
2659 5726 2893 5780 marium
2911 5735 3150 5793 aequora.
3199 5738 3226 5769 ι
