3910 6214
370 300 473 355 185

1580 310 1637 370 5.
1681 315 2015 373 GllEGOltll
2054 315 2407 372 THEOLOGI

3539 314 3645 372 181

364 415 599 502 nubibus
622 419 899 489 astrinxit,
929 422 1021 479 sed
1048 438 1153 479 non
1177 425 1427 493 retinuit,
1453 442 1643 483 verum
1684 430 1739 483 in
1788 430 1957 486 totius

2082 430 2184 501 νῆς,
2214 430 2497 494 εὐτάκτως
2520 429 2615 483 καὶ
2638 430 2917 502 ὁμοτίμως
2939 446 2954 461 ο
2981 432 3075 485 καὶ
3101 430 3275 486 ταῦτα
3302 430 3404 485 οὐκ
3432 431 3520 483 ἐπ’
3546 431 3653 486 ὁλΓ

367 500 527 563 terra:
554 507 745 566 faciem
777 522 900 583 apte
924 523 980 569 et
1006 516 1344 585 mquahiliter
1371 522 1573 590 sparsit
1604 540 1616 575 :
1648 521 1811 592 idque
1845 536 1954 577 non

367 597 432 652 ad
454 599 707 670 exiguum
737 613 971 675 tempus,
996 606 1084 662 vel
1113 606 1276 680 585
1306 625 1471 665 unum
1494 612 1728 681 aliquem
1758 607 1963 682 temde

365 688 445 745 ris
476 693 783 761 articulum,
829 711 1017 752 verum
1053 699 1121 754 ab
1151 700 1282 770 ipsis
1322 703 1506 758 mundi
1550 705 1863 775 primordiis
1900 705 1956 760 in

367 780 530 836 ﬁnem
560 780 758 854 usque,
789 789 1034 844 eamdem
1058 790 1196 845 viam
1240 802 1387 848 recto
1424 809 1587 850 cursu
1616 796 1874 860 tenentia,
1903 806 1959 852 et

367 873 785 944 circumeuntis,
822 877 1040 948 ﬁxaque
1071 882 1235 936 simul
1260 893 1315 937 et
1350 895 1498 939 motu
1543 887 1782 957 agitata;
1830 888 1956 943 illud

365 967 419 1021 vi
453 966 613 1022 Verbi
651 978 707 1023 et
734 970 1008 1039 facultate,
1044 971 1147 1027 hoc
1177 975 1255 1030 rei
1282 973 1438 1032 lluxte
1462 987 1517 1033 et
1549 979 1768 1035 caducas
1799 991 1959 1035 natu-

374 1072 477 1114 ra:
512 1059 711 1115 Statuit
758 1079 821 1115 ea
854 1062 911 1116 in
950 1073 1224 1131 wternum,
1274 1078 1321 1121 et
1346 1069 1403 1121 in
1441 1070 1692 1123 swculum
1739 1072 1958 1125 surculi:

367 1157 683 1218 praceptum
717 1153 915 1223 posuit,
946 1163 996 1209 et
1040 1171 1143 1210 non
1165 1158 1455 1225 prateribit
1476 1158 1545 1213 ³ο.
1584 1158 1712 1216 Illud
1745 1161 1961 1216 [ixionis

369 1248 425 1296 et
451 1240 740 1299 soliditatis
777 1262 790 1298 :
822 1249 879 1298 at
911 1246 957 1301 si
986 1247 1115 1316 quid
1145 1258 1325 1304 ortum
1365 1250 1573 1316 habuit,
1619 1261 1712 1306 aut
1745 1253 1961 1308 habitu-

368 1346 488 1387 rum
509 1343 612 1400 est,
655 1335 757 1391 hoc
794 1334 1071 1392 ﬂuxionis.
1109 1337 1288 1407 Atque
1316 1340 1534 1411 vigente
1573 1343 1789 1412 quidem
1815 1346 1963 1399 ordi-

371 1438 459 1490 ne,
495 1434 600 1480 stat
630 1428 883 1494 mundus,
933 1429 987 1483 id
1036 1438 1141 1496 est,
1212 1433 1526 1489 universum
1568 1433 1801 1499 hoc;ac
1846 1436 1979 1504 ejus.

368 1516 732 1585 pulchritudo,
788 1530 936 1576 certa
999 1531 1056 1576 et
1108 1522 1321 1579 stabilis
1370 1537 1472 1580 est.
1518 1524 1721 1581 Contra
1757 1537 1961 1597 autem,

367 1611 703 1680 perturbatio
739 1623 795 1668 et
831 1612 1098 1687 confusio,
1141 1615 1197 1670 in
1248 1631 1375 1671 aere
1415 1617 1698 1687 procellas,
1730 1620 1784 1674 in
1823 1632 1963 1675 terra

369 1708 571 1767 motus,
608 1702 662 1757 in
698 1703 834 1759 mari
873 1686 1294 1771 exundationes.
1331 1709 1387 1763 in
1419 1686 1648 1764 urbibus
1687 1710 1966 1768 domibus-

2059 539 2176 591 γον,
2218 522 2342 577 οὐδὲ
2392 525 2473 588 εἰς
2502 523 2600 577 ἕνα
2638 524 2829 597 καιρὸν
2858 524 2891 597 ἢ
2937 525 3164 596 χρόνον,
3193 525 3309 579 ἀλλ’
3345 526 3440 579 ἀπ’
3473 526 3655 598 ἀρχῆς

2057 618 2140 681 είς
2175 616 2352 684 τέλος,
2391 616 2492 686 τὴν
2528 615 2701 688 αὐτὴν
2745 616 2865 671 ὁδὸν
2910 617 3242 688 εὐθυνόμενα
3285 617 3381 672 καὶ
3422 634 3655 689 περιπο-

2063 696 2357 779 ρευόμενα,
2401 708 2694 778 πεπηγότα
2740 724 2800 761 τε
2845 708 2941 762 καὶ
2969 708 3296 780 κινούμενα,
3332 709 3394 763 τὸ
3436 710 3535 780 μὲν
3571 706 3651 779 τῷ

2057 801 2240 871 Λόγῳ,
2270 799 2334 853 τὸ
2358 800 2415 852 δὲ
2448 799 2560 870 (49)
2589 802 2657 879 τῇ
2688 799 2870 871 ῥεύσει
2890 817 2905 831 ο
2933 802 3234 867 Ἕστησεν
3258 804 3412 856 αὐτὰ
3433 804 3522 866 εὶς
3543 800 3655 854 τὸν

2058 894 2266 959 αὶὼνα,
2299 893 2400 947 καὶ
2423 897 2513 960 εὶς
2545 893 2654 967 τὸν
2675 894 2863 950 αἰῶνα
2886 895 2994 950 τοῦ
3017 893 3234 963 αἰῶνος
3255 914 3269 928 ·
3299 898 3656 967 πρόσταγμα

2060 985 2253 1046 ἔθετο,
2291 987 2393 1039 καὶ
2422 988 2495 1041 οὐ
2543 989 3002 1055 παρελεύσεται.
3039 988 3213 1043 Τοῦτο
3246 989 3349 1059 τῆς
3398 989 3652 1060 πήξεως·

2059 1077 2157 1131 καὶ
2184 1078 2237 1131 εἰ
2261 1094 2314 1130 τι
2350 1077 2598 1146 γέγονεν,
2630 1079 2662 1151 ἢ
2694 1080 3014 1150 γεννήσεται
3054 1079 3190 1152 (50),
3220 1080 3381 1134 τοῦτο
3410 1080 3505 1134 τοῦ
3531 1079 3659 1152 ῥεύ-

2064 1184 2233 1239 ματος
2263 1169 2397 1241 (51).
2431 1171 2543 1224 Kal
2579 1170 2789 1237 τάξεως
2823 1172 2924 1243 μὲν
2958 1172 3387 1246 ἐπικρατούσης,
3422 1175 3651 1246 κόσμος,

2061 1257 2122 1310 τὸ
2173 1260 2321 1326 Πᾶν,
2374 1261 2471 1314 καὶ
2516 1262 2577 1315 τὸ
2609 1261 2806 1328 κάλλος
2850 1265 3129 1337 ἀκίνητον.
3193 1266 3415 1332 Ἀταξία
3456 1266 3515 1320 δὲ
3558 1267 3655 1320 καὶ

2063 1351 2324 1422 ἀκοσμία,
2357 1353 2415 1407 ὲν
2450 1353 2551 1424 μὲν
2587 1354 2714 1428 ἀέρι
2747 1357 2876 1421 τοὺς
2913 1359 3214 1428 σκηπτοὺς,
3243 1359 3302 1415 ὲν
3328 1358 3385 1412 δὲ
3421 1361 3490 1430 γῇ
3526 1360 3656 1425 τοὺς

2064 1443 2348 1512 σεισμοὺς,
2380 1446 2438 1496 ὲν
2482 1443 2541 1498 δὲ
2578 1443 2825 1520 θαλάσσῃ
2864 1446 2963 1511 τὰς
2987 1448 3306 1513 ἐπικλύσεις
3332 1448 3446 1520 (52)
3468 1490 3483 1515 ,
3511 1451 3570 1503 ἐν
3596 1449 3657 1503 δὲ

2066 1532 2258 1586 πόλεσι
2285 1535 2382 1589 καὶ
2414 1535 2586 1600 οἴκοις
2614 1536 2911 1609 πολέμους,
2958 1540 3017 1593 ὲν
3054 1540 3113 1596 δὲ
3156 1543 3275 1604 τοῖς
3310 1541 3527 1613 σώμασι
3556 1542 3659 1606 τὰς

2066 1624 2402 1697 ἀρρωστίας,
2432 1628 2490 1681 ὲν
2515 1628 2573 1683 δὲ
2604 1632 2728 1695 ταῖς
2764 1630 2965 1702 ψυχαῖς
2998 1633 3097 1697 τάς
3121 1634 3419 1707 ἁμαρτίας,
3446 1637 3661 1690 ἐκαινο-

2068 1717 2310 1790 τόμησεν
2344 1719 2482 1801 (55).
2503 1721 2694 1778 Ταῦτα
2720 1724 2900 1781 πάντα
2924 1727 2987 1780 οὐ
3014 1726 3244 1792 τάξεως.
3273 1728 3394 1782 οὐδὲ
3411 1729 3659 1801 εἰρήνης»

368 1806 476 1864 que
503 1793 643 1850 bella
678 1805 733 1850 et
763 1796 1011 1862 dissidia,
1045 1798 1097 1852 in
1124 1800 1444 1869 corporibus
1476 1803 1716 1867 morbos,
1753 1804 1807 1857 in
1839 1806 1959 1859 ani-

2082 1811 2202 1865 lD.&
2228 1796 2476 1886 ταράχῆς
2505 1815 2604 1868 καὶ
2646 1816 2880 1885 ἀταξίας
2916 1819 3182 1891 ὀνόματα.
3224 1821 3336 1875 Kal
3498 1793 3665 1893 θρύλ-

367 1884 475 1940 mis
496 1896 740 1954 peccata,
761 1887 1088 1953 procreavit.
1122 1887 1255 1944 Haec
1277 1891 1422 1945 enim
1449 1891 1652 1957 omnia,
1685 1908 1791 1948 non
1818 1895 1967 1962 pacis

369 1990 472 2031 nec
497 1976 726 2045 ordinis,
754 1980 850 2034 sed
878 1978 1208 2036 confusionis
1230 1990 1284 2036 et
1313 1982 1737 2052 perturbationis
1787 1987 1964 2042 nomi-

2066 1903 2339 1977 λουμένην
2375 1906 2433 1960 δὲ
2476 1906 2586 1980 (51)
2622 1908 2831 1982 φθορὰν
2876 1913 2972 1966 καὶ
3015 1913 3129 1984 (55)
3177 1913 3662 1986 προσδοκωμένην,

2071 1993 2146 2065 μὴ
2180 1994 2308 2051 ἄλλο
2329 2014 2402 2060 τι,
2433 1998 2679 2069 ἀδελφοὶ,
2706 2000 2740 2072 ἢ
2774 2001 3121 2074 πλεονασμὸν
3145 2002 3374 2069 ἀταξίας
3413 2001 3556 2058 εἶναι
3582 2021 3666 2059 νο·

371 2083 442 2124 na
465 2077 609 2124 sunt.
629 2069 767 2139 Quin
798 2071 1067 2128 celebrem
1086 2087 1304 2144 quoque
1329 2074 1502 2139 illam,
1537 2086 1701 2146 atque
1722 2080 1963 2133 omnium

2082 2085 2343 2159 μίζωμεν.
2375 2090 2567 2145 Συνδεῖ
2592 2093 2692 2163 μὲν
2720 2069 2829 2166 γὰρ
2853 2069 3033 2161 τάξις,
3061 2095 3177 2149 λύει
3202 2095 3261 2149 δὲ
3288 2094 3509 2163 ἀταξία,
3534 2095 3666 2150 ὅταν

371 2175 623 2220 sermone
650 2168 854 2232 tritam,
890 2177 947 2223 et
991 2166 1045 2221 in
1086 2169 1493 2238 exspectatione
1523 2171 1755 2240 positam
1788 2171 1963 2245 labem

2082 2177 2228 2233 idea:
2266 2180 2328 2233 τὸ
2378 2183 2486 2236 πᾶν
2531 2183 2565 2255 ἢ
2617 2185 2989 2257 μεταποιῆσαι
3037 2189 3295 2260 παραστῇ
3343 2187 3438 2241 τῶ
3466 2187 3666 2259 συνδή-

373 2266 430 2312 et
455 2259 881 2327 corruptiOnem,
902 2261 1041 2315 haud
1065 2261 1383 2332 quidquam,
1416 2261 1636 2327 fratres,
1670 2263 1812 2318 aliud
1845 2278 1967 2322 esse
2070 2285 2247 2326 σαντι.
2360 2303 2371 2315 ν

372 2346 778 2414 exiSIimemus,
827 2363 990 2419 quam
1051 2350 1327 2421 profusam
1371 2354 1665 2422 quamdam
1705 2363 1762 2410 et
1811 2354 2204 2415 redundantem
2264 2365 2504 2421 omnium
2566 2383 2749 2423 rerum
2789 2367 3201 2436 confusionem;
3246 2377 3307 2425 ut
3348 2383 3493 2424 enim
3530 2369 3668 2425 ordo

372 2441 720 2511 constringit,
755 2443 830 2499 ita
871 2445 1207 2513 perturbatio
1250 2445 1410 2501 solvit
1446 2462 1511 2502 ac
1546 2447 1810 2518 dissipat;
1845 2463 1968 2505 cum
2008 2454 2286 2521 videlicet,
2332 2470 2500 2516 totam
2546 2462 2686 2518 hanc
2731 2479 2914 2518 rerum
2966 2463 3281 2519 machinam
3344 2462 3664 2528 dissolvere,

373 2549 468 2593 aut
512 2538 565 2593 in
609 2541 1035 2610 praestantiorem
1083 2550 1283 2597 statum
1313 2551 1672 2610 commutare,
1740 2545 1790 2599 ei
1829 2546 2003 2601 visum
2054 2548 2257 2621 fuerit,
2304 2570 2332 2607 a
2375 2571 2483 2624 quo
2522 2554 2837 2623 conjuncta,
2879 2565 2935 2611 et
2974 2565 3231 2626 tanquam
3277 2556 3509 2611 vinculis
3545 2557 3670 2626 qui-

371 2630 601 2685 busdam
628 2631 920 2687 constricta
956 2641 1059 2687 est.

442 2722 536 2779 1X.
578 2723 726 2781 Ordo
754 2725 966 2781 cunctis
999 2726 1372 2781 animantibus
1397 2735 1580 2781 ortum
1601 2767 1616 2791 ,
1648 2736 1705 2783 et
1736 2727 1965 2783 alimen-

375 2828 525 2883 tum,
557 2832 623 2872 ac
652 2817 812 2872 sedes
846 2817 1147 2887 unicuique
1192 2827 1348 2887 aptas
1386 2829 1442 2873 et
1481 2828 1844 2890 congruentes
1881 2821 1965 2873 in-

374 2910 533 2973 dixit,
562 2920 616 2964 et
640 2911 800 2980 quasi
833 2908 948 2962 lata
973 2909 1092 2977 lege
1116 2909 1470 2979 prazscripsit.
1503 2910 1584 2965 Ac
1620 2926 1720 2965 nec
1745 2910 1963 2980 delphi-

375 3010 506 3050 num
542 2998 832 3066 quisquam
886 3011 1015 3049 arva
1069 2997 1376 3052 sulcantem
1426 2998 1591 3065 vidit,
1623 3013 1725 3054 nec
1769 3000 1961 3055 bovem

2142 2731 2221 2786 ϐ’.
2260 2730 2428 2798 Τάξις
2470 2731 2568 2784 καὶ
2598 2733 2712 2795 τοῖς
2750 2728 2911 2794 ζώοις
2943 2730 3114 2784 ἀπασι
3146 2729 3380 2799 γένεσιν,
3414 2729 3510 2782 καὶ
3540 2745 3670 2798 τρο-

2067 2821 2197 2890 φὴν,
2232 2821 2329 2875 καὶ
2356 2821 2456 2885 τὰς
2488 2820 2863 2891 καταλλήλους
2903 2820 3121 2892 ἑκάστῳ
3153 2818 3288 2892 (55¹)
3318 2818 3504 2890 χώρας
3551 2821 3671 2871 ἐνο-

2069 2910 2358 2982 μοθέτησε.
2405 2910 2517 2963 Kal
2563 2908 2686 2963 οὔτε
2728 2909 2953 2979 δελφῖνά
2996 2927 3081 2973 τις
3129 2904 3269 2961 εἶδεν
3315 2906 3532 2960 αὔλακα
3576 2907 3673 2959 τέο

2069 3019 2291 3073 μνοντα,
2325 3000 2451 3055 οὔτε
2501 3000 2629 3072 βοῦν
2673 3000 2743 3055 δι’
2798 3001 2991 3064 ὓδατος
3024 3000 3400 3055 ὀλισθαίνοντα
3422 3015 3436 3029 ο
3469 2998 3664 3071 ὥσπερ

374 3104 473 3160 per
506 3104 677 3160 aquas
723 3089 991 3144 lubricum
1044 3088 1151 3144 iter
1200 3099 1552 3159 carpentem;
1605 3093 1963 3161 quemadmo-

2082 3094 2173 3146 .oa'
2204 3092 2358 3163 ἥλιον
2385 3094 2443 3146 ἐν
2475 3093 2632 3147 νυκτὶ
2668 3092 3018 3164 μειούμενον,
3050 3092 3084 3163 ἢ
3116 3089 3517 3163 πληρούμενον,
3541 3087 3670 3142 οὔτε

378 3181 507 3234 dum
546 3193 648 3235 nec
680 3178 851 3235 solem
888 3188 1052 3235 noctu
1101 3180 1507 3235 decrescentem
1544 3182 1627 3236 vel
1660 3196 1960 3253 augescen-

377 3284 511 3335 tem,
547 3285 646 3326 nec
679 3285 874 3326 rursus
912 3270 1094 3323 lunam
1131 3267 1453 3325 mortalibus
1491 3271 1729 3326 interdiu
1765 3270 1964 3342 prazlu-

380 3371 615 3417 centem.
649 3359 856 3415 Montes
903 3360 1096 3415 excelsi
1139 3361 1303 3415 cervis
1343 3377 1362 3415 :
1397 3372 1544 3429 petra
1581 3363 1844 3433 refugium
1873 3366 1966 3417 he-

381 3453 622 3508 rinaciis.
660 3451 808 3506 Fecit
858 3452 1039 3507 lunam
1084 3454 1140 3507 in
1184 3464 1438 3523 tempora,
1481 3454 1561 3508 sol
1602 3461 1845 3523 cognorit
1880 3477 1971 3514 oc-

381 3561 564 3598 casum
594 3560 747 3598 suum
777 3545 843 3598 ³¹.
892 3543 1066 3600 Simul
1120 3554 1283 3615 atque
1329 3560 1437 3600 nox
1488 3555 1689 3601 terram
1741 3551 1971 3618 caligine

382 3639 642 3704 obduxit,
702 3638 884 3694 statim
937 3640 1101 3694 homo
1156 3653 1354 3694 somno
1406 3640 1779 3709 contrahitur,
1837 3642 1968 3699 fera:

384 3742 563 3786 autem
597 3732 768 3787 libere
798 3741 1084 3802 vagantur,
1110 3745 1175 3786 ac
1203 3731 1462 3801 pabulum
1487 3748 1516 3787 a
1543 3731 1805 3790 Creatore
1830 3751 1970 3791 cou-

385 3837 601 3877 cessum
642 3830 932 3891 quaerunt;
983 3823 1144 3877 simul
1192 3832 1357 3893 atque
1391 3821 1510 3877 dies
1550 3823 1753 3891 illuxit,
1782 3827 1971 3882 statim

384 3914 574 3970 bestiae
604 3924 1023 3986 congregantur,
1055 3924 1220 3983 atque
1245 3915 1407 3970 homo
1437 3917 1502 3970 ad
1528 3931 1666 3986 opus
1688 3929 1969 3987 properat.

385 3999 464 4060 Ita
496 4006 707 4071 ordine,
746 4016 802 4062 et
829 4007 985 4077 juxta
1022 4018 1234 4060 natura:
1268 4005 1442 4076 legem
1476 4018 1643 4077 atque
1672 4011 1967 4075 rationem,

387 4100 549 4154 nobis
601 4099 833 4154 invicem
889 4097 1156 4155 cedimus.
1208 4096 1440 4164 Addam,
1482 4099 1627 4168 quod
1678 4102 1972 4156 maximum

390 4200 512 4258 est,
540 4193 886 4259 maximeque
912 4191 1211 4261 proprium.
1253 4187 1399 4245 Ordo
1442 4206 1507 4246 ex
1545 4191 1803 4259 mistura,
1852 4209 1976 4262 par—

393 4282 488 4335 tim
552 4282 764 4338 ratione
820 4282 1088 4351 praedita,
1151 4282 1348 4352 partim
1420 4282 1648 4338 rationis
1708 4294 1974 4353 experte,

390 4375 711 4441 hominem,
787 4376 1000 4432 ratione
1071 4385 1229 4431 utens
1294 4375 1544 4440 animal,
1620 4379 1973 4443 construxit;

2073 3184 2302 3256 σελήνην
2329 3185 2388 3237 ἐν
2418 3183 2604 3257 ἡμέρᾳ
2634 3186 3034 3256 πυρσεύουσαν·
3062 3181 3170 3250 ὅρη
3192 3179 3265 3234 τὰ
3300 3178 3515 3248 ὑψηλὰ
3538 3178 3671 3243 ταῖς

2070 3275 2342 3346 ἐλάφοις,
2361 3274 2549 3344 πέτρα
2562 3274 2879 3345 καταφυγὴ
2896 3273 3022 3340 τοῖς
3039 3273 3300 3343 λαγωοῖς
3312 3270 3449 3343 (56).
3484 3271 3672 3323 Ἐποί-

2070 3380 2186 3436 ησε
2208 3366 2485 3435 σελήνην
2516 3369 2604 3432 εὶς
2626 3367 2893 3434 καιρούς-⁸
2922 3367 2956 3419 ὁ
2974 3365 3150 3433 ἣλιος
3180 3363 3336 3433 ἔγνω
3355 3364 3471 3432 τὴν
3486 3362 3674 3417 δύσιν

2072 3459 2284 3514 αὐτοῦ·
2311 3459 2439 3525 νὺξ,
2468 3458 2561 3512 xal
2584 3457 2870 3529 ἄνθρωπος
2899 3454 3054 3527 ὕπνῳ
3087 3454 3455 3518 συστέλλεται,
3480 3454 3577 3507 κα)⁸
3603 3454 3675 3508 τά

2075 3552 2241 3623 θηρία
2271 3550 2730 3623 παρρησιάζεται,
2763 3551 2858 3604 καὶ
2888 3547 3042 3622 ζητεί
3064 3549 3271 3620 τροφὴν
3308 3549 3541 3602 ἕκαστον
3571 3547 3673 3619 τὴν

2073 3641 2358 3714 διδομένην
2389 3641 2544 3713 παρά
2582 3641 2674 3695 τοῦ
2718 3641 3021 3706 κτίσαντος·
3054 3641 3261 3714 ήμέρα,
3294 3640 3476 3695 καὶτὰ
3504 3641 3676 3712 θηρία

2077 3734 2411 3803 συνάγεται,
2438 3735 2535 3788 καὶ
2569 3734 2860 3807 ἄνθρωπος
2893 3735 2987 3790 ἐπὶ
3018 3735 3118 3807 τὴν
3152 3734 3415 3806 ἐργασίαν
3452 3736 3677 3804 ἐπείγε-

2074 3845 2199 3881 ταιο
2261 3828 2356 3881 καὶ
2418 3828 2675 3898 ἀλλήλοις
2723 3826 3124 3900 ὑποχωροῦμεν
3180 3828 3239 3882 ὲν
3290 3828 3443 3894 τάξει
3506 3828 3671 3899 (56"),

2075 3920 2227 3992 νόμῳ
2288 3923 2385 3974 καὶ
2437 3921 2583 3992 λόγῳ
2646 3920 2883 3991 φύσεως.
2941 3921 3246 3994 Προσθήσω
3292 3921 3353 3975 τὸ
3412 3921 3676 3992 μέγιστόν

2074 4032 2134 4067 τε
2166 4014 2278 4085 (57)
2331 4015 2425 4068 καὶ
2473 4015 2830 4075 οἰκειότατον,
2866 4013 3035 4079 Τάξις
3089 4006 3411 4083 ἐκλογικοῦ
3460 4030 3521 4066 τε
3574 4016 3679 4068 καὶ

2076 4105 2274 4175 ἀλόγου
2306 4107 2610 4178 κράματος.
2645 4108 2736 4161 τὸν
2764 4106 3048 4179 ἄνθρωπον
3076 4105 3235 4179 (57").
3266 4106 3402 4171 ζῶον
3431 4106 3677 4176 λογικὸν,

2080 4200 2490 4270 συνεστήσατοο
2540 4201 2637 4254 καὶ
2690 4200 2952 4271 συνέδησε
3009 4198 3290 4271 μυστικῶς
3326 4217 3387 4253 τε
3424 4199 3537 4271 (58)
3578 4202 3683 4255 καὶ

2080 4291 2342 4361 ἀρρήτως
2366 4291 2458 4345 τὸν
2485 4290 2617 4362 χοῦν
2643 4291 2722 4362 τῷ
2749 4290 2850 4358 νοῒ,
2883 4291 2980 4344 καὶ
3002 4290 3093 4345 τὸν
3122 4291 3246 4345 νοῦν
3274 4290 3351 4362 τῷ
3373 4290 3676 4363 πνεύματι.

2080 4381 2193 4435 Καὶ
2219 4382 2305 4436 ἵνα
2333 4382 2799 4456 θαυματουργήσῃ
2818 4402 2872 4437 τι
2905 4382 3090 4455 μεῖζον
3116 4386 3173 4437 ἐν
3198 4383 3277 4455 τῷ
3306 4383 3499 4437 ἑαυτοῦ
3533 4384 3681 4439 πλά-

388 4477 556 4537 atque
586 4483 789 4524 arcano
831 4471 1028 4536 modo,
1058 4480 1113 4524 et
1145 4471 1237 4540 qui
1280 4468 1443 4524 nullis
1475 4468 1659 4523 verbis
1710 4469 1966 4540 explicari

2082 4490 2273 4544 σματι,
2310 4475 2373 4528 τὸ
2411 4476 2546 4530 αὐτὸ
2578 4476 2673 4530 καὶ
2706 4476 3026 4542 διεσώσατο,
3068 4478 3165 4531 καὶ
3195 4477 3428 4531 διέλυσε.
3456 4477 3531 4530 Τὸ
3573 4477 3680 4548 μὲν

390 4568 590 4630 queat,
635 4570 833 4616 terram
878 4576 1002 4617 cum
1050 4571 1269 4626 mente,
1321 4570 1558 4616 mentem
1610 4576 1733 4615 cum
1777 4563 1971 4632 spiritu

391 4654 586 4708 vinxit.
614 4654 779 4721 Quin,
806 4663 864 4709 ut
890 4655 1191 4711 mirabilius
1212 4654 1378 4726 586
1401 4652 1607 4723 aliquid
1638 4653 1692 4708 in
1720 4652 1976 4725 figmento

398 4760 500 4800 suo
531 4756 697 4817 atque
725 4761 891 4817 opere
914 4757 1178 4817 patraret,
1207 4748 1348 4803 idem
1377 4748 1554 4816 ipsum
1585 4754 1645 4800 et
1681 4761 1976 4803 conservas

464 4838 511 4870 ³ο
550 4837 959 4906 Psal.‘cxt.vm,
1006 4839 1058 4895 6.
1134 4840 1178 4873 ³³
1218 4839 1362 4896 Psal.
1437 4858 1557 4907 cm,
1612 4842 1702 4909 18,
1734 4840 1824 4897 19.

466 4930 605 5005 (49)-
627 4930 699 4985 Τὸ
721 4931 838 5005 μὲν
864 4931 945 4998 τῷ
968 4934 1156 5005 Λόγῳ,
1192 4933 1261 5005 τὸ
1290 4932 1396 5005 se:
1411 4933 1503 5005 Sic
1534 4935 1667 5005 Reg.
1704 4935 1761 5005 b,
1806 4932 1973 4990 Coisl.

392 5004 450 5077 2,
474 5001 771 5077 Let_'0r.__i.
799 5002 869 5077 ΔΙιι
910 5005 1043 5077 οὐ,
1063 5001 1167 5077 τῷ
1199 5004 1297 5077 μὲν
1326 5003 1405 5074 τῷ
1430 5001 1724 5077 ᾼόγῳξτῷ
1760 5004 1839 5068 δέ,
1866 5018 1972 5077 etc.

397 5071 581 5145 Schol.
614 5070 744 5143 εΤῷ
782 5073 943 5145 Λόγῳ
983 5073 1086 5145 τῆς
1119 5070 1308 5139 οὐσίας
1328 5090 1342 5105 ·
1378 5070 1408 5126 ἰ
1430 5070 1661 5130 Ratione
1694 5070 1973 5137 'essentiaé,

396 5143 502 5198 ﬁxa
524 5145 764 5211 ;ratioue
791 5143 1062 5211 ﬂuxi’onis‘,
1083 5160 1178 5200 seu
1207 5156 1362 5200 ortus
1386 5154 1442 5199 et
1468 5145 1745 5210 interitus,
1762 5156 1963 5201 mota.»

493 5214 586 5288 50)
626 5211 1106 5288 ’ξΗἽγξεν-νήσεται.
1138 5214 1232 5288 Or.
1265 5216 1318 5281 1,
1346 5214 1451 5288 ,καὶ
1483 5217 1795 5288 γενήσεται.

634 5286 976 5358 Ῥεύματος.
1006 5284 1182 5358 Coisl.
1208 5287 1261 5349 1,
1296 5283 1559 5358 ῥήματος.

496 5355 588 5428 52)
631 5357 1048 5428 μἘπικλύσεις.
1088 5355 1603 5428 Bill._:tnaufragia.
1632 5376 1652 5409 ι

496 5358 588 5425 52)
640 5358 1048 5423 Ἐπικλύσεις.
1088 5358 1206 5411 Bill.
1230 5374 1244 5410 :
1265 5358 1603 5428 «naufragia.
1632 5376 1652 5409 ι

471 5358 589 5498 (55)
630 5426 1116 5497 Ἐκαινοτόμησε.
1151 5445 1171 5479 ι
1202 5426 1367 5495 Quasi
1406 5443 1495 5485 res
1518 5442 1686 5486 novas
1707 5427 1976 5486 moliendo

402 5496 719 5553 introduxit.
750 5517 769 5550 ι

475 5567 590 5640 (5d)
625 5568 907 5640 Aérneest
936 5567 991 5623 in
1018 5569 1229 5625 duobus
1249 5567 1444 5640 Regg.,
1478 5578 1533 5625 et
1559 5569 1655 5628 Or.
1686 5569 1740 5626 1.

374 5656 383 5673 ε
475 5637 602 5711 (55)
622 5638 755 5711 Καιο
780 5639 904 5711 ,υιιο
931 5640 1124 5711 ιὶθεεη
1154 5640 1210 5711 ἢ·

476 5708 612 5778 (55·)
660 5708 1392 5777 'Exdazq).ln’qnihusdam,
1424 5711 1695 5775 ἑκάστοις.

477 5780 591 5854 (56)
616 5779 898 5850 Λαγωοῒς.
940 5798 959 5833 ι
990 5780 1306 5851 Leporibus.
1331 5799 1351 5833 ι

2079 4563 2187 4637 γὰρ
2214 4567 2552 4639 ἐπεισήγαγε
2584 4565 2740 4640 (58'),
2763 4567 2825 4620 τὸ
2854 4567 2912 4620 δὲ
2942 4568 3287 4639 ὑπεξήγαγεν
3316 4568 3450 4641 (59).
3479 4569 3681 4642 ὥσπερ

2083 4658 2141 4709 ὲν
2178 4658 2432 4729 ῥεύματι,
2473 4661 2567 4713 καὶ
2593 4660 2673 4732 τῷ
2696 4661 2876 4733 θνητῷ
2903 4661 3003 4732 τὴν
3034 4662 3334 4717 ἀθανασίαν
3366 4665 3683 4735 ἐπραγμα-

2082 4750 2313 4805 τεύσατο
2343 4751 2431 4805 διὰ
2456 4752 2661 4817 λύσεως
2679 4753 2835 4826 (59‘).
2854 4753 3003 4825 Αὕτη
3034 4755 3128 4808 καὶ
3153 4754 3262 4809 τῶν
3287 4754 3499 4809 ἀλόγων
3524 4756 3682 4825 ἡμᾶς

2154 4933 2294 5001 (56⁸)
2325 4931 2621 4998 Ἐντάξει.
2640 4933 2829 4992 Comb.
2862 4933 3035 4999 rejicit
3062 4937 3140 4999 ἐν,
3168 4946 3224 4991 et
3245 4936 3441 4992 vertit:
3478 4935 3677 4992 «Ordi-

2083 5005 2163 5071 ni,
2195 5016 2405 5058 natura:
2437 5004 2535 5072 legi
2563 5015 2616 5059 et
2654 5007 2849 5059 rationi
2881 5006 3144 5059 cedimus.
3168 5025 3186 5057 ι

2156 5072 2268 5146 (57)
2298 5073 2604 5146 Μέγιστόν
2631 5092 2715 5146 τε.
2746 5076 2905 5130 Deest
2933 5093 2993 5129 τε
3020 5076 3072 5128 ἱη
3101 5075 3196 5130 Or.
3232 5076 3284 5130 1.

2156 5146 2296 5213 (57‘)
2340 5145 2443 5198 Ἐκ
2467 5145 2717 5218 λογικοῦ
2739 5161 2804 5199 τε
2833 5147 3189 5218 καὶᾼὰλόγου
3220 5147 3541 5218 κράματος.
3565 5146 3680 5201 τὸν

2084 5215 2421 5288 ἄνθρωπον.
2464 5214 2803 5288 Ηξιξςιιεευιιε
2841 5218 2894 5270 in
2927 5214 3136 5288 duobus
3169 5214 3345 5288 liegg.’
3387 5228 3443 5273 et.
3475 5218 3572 5272 Or.
3617 5219 3676 5273 1.

2084 5356 2128 5412 Ο
2157 5286 2272 5410 (Εἱῗ)
2308 5285 2632 5353 Μυστικῶς
2660 5302 2746 5342 τε.
2775 5286 2939 5342 Deest
2968 5303 3025 5340 τε
3062 5287 3116 5341 iu
3146 5285 3353 5344 duobus
3379 5288 3578 5359 chg.,
3617 5299 3677 5343 et

2135 5373 2177 5410 r.
2252 5394 2265 5409 .

2135 5373 2177 5410 1⁵.
2212 5373 2265 5410 1.

2160 5426 2298 5510 (Βδδ)
2325 5425 2743 5510 Ἐπεισήγαγε.
2769 5426 2951 5482 Schol.
2979 5428 3087 5500 εΤῇ
3124 5431 3372 5502 γεννήσει
3407 5448 3420 5460 ·
3452 5449 3471 5484 ι
3493 5430 3679 5487 Gene-

2088 5508 2317 5561 ratione,
2352 5508 2494 5550 ortu.
2525 5517 2543 5548 ι

2162 5568 2274 5643 (5_9)
2317 5567 2745 5638 Ὑπεξήγαγεν.
2783 5566 3099 5643 801101.;Τῇ
3137 5571 3501 5643 μεταστάσει·
3543 5572 3678 5626 «Μί-

2091 5639 2357 5710 gratione,
2389 5657 2413 5710 ι
2446 5653 2561 5700 seu.
2598 5658 2616 5690 ι
2638 5648 2827 5692 morte.
2857 5659 2874 5690 ι

2164 5708 2299 5784 (59ξ)
2449 5710 2704 5784 λύσεως.
2734 5710 2960 5784 Schol._:
2993 5711 3416 5784 ’ῼςὸδοῦμοῠσης
3446 5713 3545 5784 τῆς
3576 5712 3676 5768 λύ-

2093 5796 2231 5843 σεως
2259 5779 2352 5834 ἐπὶ
2380 5778 2478 5850 τὴν
2514 5780 2829 5848 ἀνάστασιν,
2859 5782 2951 5834 καὶ
2976 5782 3071 5853 τὴν
3101 5782 3310 5838 ἐκεῖθεν
3337 5778 3671 5839 ἀθανασίαν·
