3910 6214
224 341 248 395 1
261 339 332 396 εἴ)

912 346 1177 405 ORATIO
1219 350 1436 409 XXXII.
1473 384 1542 395 —
1581 356 1670 414 DE
1701 359 2208 422 MODERATIONE
2238 368 2310 425 IN
2347 369 2816 429 DISPUTANDO.

3405 379 3510 433 186

222 454 495 557 διέστησε,
528 454 626 557 καὶ
658 453 843 523 πόλεις
894 459 1097 533 ᾤκισε,
1133 467 1228 521 ml
1262 466 1460 539 νόμους
1488 469 1677 540 ἔθετο,
1714 477 1801 529 ml

1918 482 2014 548 vit,
2052 493 2105 538 et
2140 485 2414 541 dissolvit.
2445 487 2694 543 Alterum
2736 488 2882 543 claim
2928 488 3346 557 s‘uperinduxit,
3378 492 3510 546 alte-

226 544 426 638 αρετὴν
473 545 732 617 ἐτίμησε,
781 554 882 606 καὶ
922 556 1123 611 κακίαν
1170 559 1397 614 ὲκόλασε
1424 602 1440 628 ,
1484 565 1578 618 καὶ
1623 566 1817 638 τέχνας

223 635 437 729 εὕρετο,
467 638 565 692 ml
594 640 862 712 συζυγίαν
894 644 1006 716 (60)
1037 649 1343 718 ἡρμόσατο,
1370 653 1465 707 καὶ
1488 654 1568 725 τῷ
1747 658 1818 714 τὰ

224 727 539 800 γεννώμενα
573 730 789 807 φίλτρῳ
828 737 921 792 τὸν
953 737 1067 810 βίον
1094 741 1380 813 ἡμέρωσε,
1417 745 1512 799 ml
1547 727 1736 818 μεῖζόν
1765 769 1817 805 τι

223 819 321 914 τοῦ
364 821 516 876 κάτω
550 824 722 880 πόθου
753 829 849 884 ml
893 831 988 885 τοῦ
1023 833 1162 904 (60⁵)
1201 837 1506 909 σαρκικοῦ,
1557 841 1650 895 τὸν
1687 844 1817 914 περὶ

224 913 361 968 Θεὸν
391 915 736 985 ἐνιδρύσατο.

1923 590 2043 636 rum
2077 576 2363 644 subduxit,
2405 595 2510 636 non
2549 596 2708 636 secus
2738 592 2905 652 atque
2941 581 2995 635 in
3030 596 3298 650 aquarum
3326 580 3506 647 ﬂuxu,

1924 669 2250 739 corporique
2286 673 2503 728 mortali
2540 674 3014 729 inmortalitatem
3052 688 3149 743 per
3192 673 3510 729 dissolutio-

1924 773 2046 814 nem
2084 762 2442 830 comparavit.
2496 762 2644 818 Ordo
2698 779 2798 818 nos
2841 780 2872 818 ει
2925 765 3092 819 mutis
3138 765 3508 819 animantibus

1924 845 2191 917 distinxit,
2223 849 2478 906 civitates
2513 853 2796 917 condidit,
2836 853 2985 922 leges
3019 854 3287 918 instituit,
3332 854 3506 909 virtu-

1925 947 2032 992 tem
2066 941 2364 998 honoribus
2387 983 2404 1009 ,
2437 944 2626 998 vitium
2659 960 2821 1014 poena
2849 945 3061 1015 aﬂ‘ecit,
3105 958 3254 1003 artes
3288 922 3525 1014 excogi:

231 1019 405 1108 tavit,
433 1022 784 1108 matrimonia
834 1016 1146 1086 copulavit,
1185 1033 1285 1088 ac,
1334 1037 1432 1091 per
1463 1041 1648 1081 acrem
1684 1042 1813 1098 erga
1854 1043 2136 1101 susceptos
2167 1033 2368 1092 liberos
2428 1053 2692 1103 amorem,
2757 1038 2928 1092 feram
2961 1050 3017 1095 et
3039 1052 3308 1108 agrestem
3338 1042 3506 1095 vitam

227 1104 295 1157 ad
338 1103 732 1200 humanitatem
763 1108 1023 1172 excoluit,
1073 1120 1165 1178 et,
1197 1114 1343 1182 quod
1386 1126 1604 1175 terreno
1632 1120 1820 1176 hocet
1855 1124 2062 1178 carnali
2096 1141 2283 1183 amore
2344 1130 2520 1200 majus
2578 1140 2660 1185 est
2684 1170 2700 1197 ,
2729 1130 2973 1186 divinum
3015 1103 3257 1186 amorem
3300 1133 3500 1190 animis

229 1197 436 1252 nostris
461 1198 659 1255 inﬁxit.

300 1286 359 1343 I'.
394 1290 509 1346 Kal
539 1291 595 1345 τί
630 1292 714 1345 δεῖ
742 1292 867 1347 καθ’
913 1293 1148 1350 ἕκαστον
1194 1297 1411 1368 λέγειν;
1456 1302 1655 1371 Τάξις,
1704 1305 1815 1360 τῶν

222 1379 394 1435 ὕντων
429 1381 550 1435 ἐστὶ
581 1385 788 1455 μήτηρ,
823 1385 920 1439 καὶ
947 1386 1217 1455 ἀσφάλεια
1238 1406 1251 1419 ·
1287 1392 1382 1444 ml
1404 1392 1466 1445 τὸ
1490 1394 1582 1447 τοῦ
1614 1395 1812 1466 Λόγου,

228 1475 366 1546 μόνη
402 1473 584 1538 καλῶς
622 1474 690 1529 ἂν
728 1476 873 1530 εἴποι
891 1517 907 1543 ,
937 1476 1033 1532 τοῦ
1076 1479 1258 1534 πάντα
1289 1481 1813 1557 δημιουργήσαντος,

223 1567 278 1620 εῐ
297 1583 364 1636 γε
403 1567 517 1639 (61)
553 1566 709 1622 λάϐοι
758 1570 943 1640 φωνήν
972 1586 984 1603 ι
1036 1570 1168 1627 Ὅτε
1196 1573 1260 1626 τὸ
1303 1577 1413 1630 πᾶν
1453 1578 1701 1633 οὐσιοῦτο
1734 1580 1815 1653 τῷ

221 1659 342 1731 Θεῷ
365 1661 461 1715 καὶ
486 1660 770 1730 ὑφίστατο,
805 1659 917 1730 ἐγὼ
940 1662 1091 1735 ἡμην
1118 1667 1251 1738 παρ’
1281 1667 1433 1740 αὐτῷ
1467 1669 1803 1742 ἁρμόζουσα·

1991 1307 2059 1362 Χ.
2113 1307 2252 1375 Quid
2306 1316 2488 1363 autem
2540 1307 2751 1380 singula
2794 1323 3223 1366 commemorare
3267 1312 3501 1369 attinet?

1920 1399 2102 1464 Ordo,
2154 1402 2400 1456 omnium
2460 1416 2642 1456 rerum
2692 1414 2849 1471 pater
2908 1414 2965 1457 et
3019 1404 3328 1473 praesidium
3380 1417 3502 1473 est;
3605 1426 3612 1432 ε

1912 1495 2172 1565 istudquc
2215 1494 2417 1561 Verbi,
2464 1511 2646 1550 rerum
2691 1495 2934 1550 omnium
2979 1497 3275 1553 conditoris
3324 1507 3378 1554 et
3411 1514 3504 1553 ar-

1920 1589 2170 1653 chitecti,
2201 1589 2349 1644 solus
2382 1598 2530 1644 recte
2560 1588 2742 1645 dicere
2769 1596 2968 1658 queat,
3001 1590 3047 1643 si
3075 1590 3290 1660 quidem
3317 1591 3502 1646 vocem

1918 1683 2195 1749 acceperit
2221 1682 2415 1738 :.Cum
2454 1683 2687 1736 mundus
2709 1697 2738 1735 a
2765 1682 2877 1737 Deo
2906 1692 3183 1737 crearetur
3210 1698 3273 1736 ac
3302 1686 3506 1752 produ-

218 1752 386 1823 ἡνίκα
431 1751 699 1825 ἡτοίμαζε
726 1753 820 1808 τὸν
855 1755 1051 1808 ἑαυτοῦ
1087 1755 1277 1828 θρόνον
1310 1761 1397 1814 ἐπ’
1432 1763 1674 1834 ἀνέμων,
1711 1766 1801 1818 καὶ

1912 1783 2145 1837 ceretnr,
2165 1789 2285 1829 cum
2303 1791 2369 1830 eo
2385 1790 2533 1829 eram
2551 1783 2743 1830 cuncta
2761 1790 3087 1845 componens
3104 1775 3172 1843 8’;
3196 1790 3318 1830 cum
3340 1777 3503 1830 ador-

223 1843 420 1915 ίσχυρὰ
469 1844 645 1899 ἐποίει
695 1846 767 1901 τὰ
811 1846 924 1900 ἅνω
968 1846 1143 1918 νέφη·
1189 1851 1358 1921 ἡνίκα
1388 1853 1671 1925 ὲθεμελίου
1706 1857 1801 1929 τὴν

1912 1872 2067 1920 naret
2085 1866 2339 1920 thronum
2365 1881 2520 1920 suum
2542 1879 2706 1933 supra
2730 1874 2939 1929 ventos,
2964 1880 3029 1919 ac
3045 1879 3310 1935 supernas
3330 1867 3502 1919 nubes

217 1938 345 2010 γῆν,
372 1940 469 1993 καὶ
502 1939 579 2004 ὡς
610 1940 874 2010 ἀσφαλεῖς
918 1942 1087 1997 ἐτίθει
1117 1946 1303 2017 πηγὰς
1349 1946 1449 2011 τὰς
1498 1950 1590 2003 ὑπ’
1637 1952 1806 2024 οὐρα-

216 2031 308 2085 νὸν
341 2031 500 2102 (δι’),
529 2033 624 2087 ml
650 2032 730 2105 τῷ
756 2034 1039 2107 Πνεύματι
1078 2036 1174 2090 τοῦ
1207 2039 1476 2110 στόματος
1501 2042 1668 2097 αὐτοῦ
1699 2049 1805 2099 πᾶ-

221 2135 323 2174 σαν
374 2120 609 2192 δύναμιν
688 2124 1003 2195 ἐχαρίσατο.
1066 2126 1208 2180 Ἀλλ’
1274 2124 1370 2200 (οὗ
1422 2131 1582 2203 χάριν
1633 2133 1809 2188 ταῦτα

214 2211 399 2265 πάντα
427 2211 665 2282 διῆλθον,
691 2215 786 2267 ml.
812 2213 948 2286 πρὸς
974 2213 1004 2267 ὃ
1036 2216 1205 2270 πάλαι
1235 2218 1264 2270 ό
1295 2218 1454 2288 λόγος
1480 2221 1742 2292 ἡπείγετο
1762 2226 1803 2293 ),

213 2303 372 2368 τάξις
396 2302 502 2357 κᾶν
524 2306 646 2370 ταῖς
681 2305 1056 2377 Ἑκκλησίαις,
1075 2307 1138 2360 τὸ
1164 2308 1263 2379 μὲν
1283 2305 1425 2364 εἷναί
1449 2329 1501 2365 τι
1517 2306 1805 2385 ποίμνιον,

208 2393 273 2448 τὺ
304 2393 366 2448 δὲ
406 2394 674 2467 ποιμένας
715 2396 937 2469 διώρισε
962 2400 1122 2454 ἰκαὶ
1147 2401 1208 2455 τὸ
1254 2401 1355 2473 μὲν
1402 2403 1614 2476 ἄρχειν,
1661 2408 1722 2460 τὸ
1750 2407 1808 2461 δὲ

208 2484 510 2557 ἄρχεσθαι·
541 2487 724 2542 καὶτὸ
757 2489 858 2560 μὲν
902 2483 1014 2543 οἷον
1043 2486 1188 2544 εἶναι
1217 2494 1484 2566 κεφαλὴν,
1525 2496 1588 2549 τὸ
1625 2496 1682 2550 δὲ
1711 2500 1806 2551 πό-

206 2579 326 2647 δας,
351 2580 419 2634 τὸ
443 2580 501 2634 δὲ
535 2584 745 2654 χεῖρας,
773 2584 835 2637 τὸ
859 2585 917 2638 δὲ
943 2586 1245 2659 ὀφθαλμὸν,
1277 2590 1339 2643 τὸ
1364 2590 1422 2643 δὲ
1449 2591 1579 2645 ἄλλο
1612 2611 1667 2647 τι
1696 2594 1806 2648 τῶν

210 2673 392 2745 μελῶν
424 2673 517 2728 τοῦ
562 2675 816 2747 σώματος
837 2715 854 2741 ,
889 2678 1028 2750 πρὸς
1070 2681 1171 2753 τὴν
1203 2680 1298 2734 τοῦ
1333 2684 1534 2749 παντὸς
1562 2686 1804 2758 εὐαρμο-

207 2767 365 2823 στίαν
391 2768 489 2822 καὶ
520 2768 583 2822 τὸ
621 2771 901 2843 συμφέρον
920 2810 937 2836 ,
965 2771 999 2844 ἢ
1029 2776 1439 2847 προεχομένων,
1464 2776 1497 2848 ἢ
1541 2780 1805 2851 προεχόν-

200 2877 310 2913 των
329 2878 343 2891 ·
380 2860 500 2923 καὶ,
527 2859 721 2933 ὥσπερ
745 2863 803 2916 ὲν
829 2866 944 2927 τοῖς
981 2863 1254 2935 σώμασιν,
1287 2866 1413 2921 οὔτε
1448 2869 1804 2942 ἀπέρρηκται

202 2951 457 3024 ἀλλήλων
478 2953 549 3008 τὰ
581 2953 742 3026 μέλη,
768 2955 886 3010 ἀλλ’
912 2955 971 3010 ἓν
995 2957 1157 3029 σῶμα
1184 2959 1246 3012 τὸ
1277 2961 1389 3014 πᾶν
1415 2962 1565 3016 ἐστιν
1593 2964 1659 3017 ὲκ
1688 2964 1805 3018 δια-

200 3044 390 3117 φόρων
423 3045 815 3118 συγκείμενονο
864 3047 989 3102 οὔτε
1032 3051 1200 3105 ταυτὸ
1229 3052 1342 3124 (69.)
1387 3051 1606 3109 πάντων
1646 3056 1802 3139 ἐγέρ-

1910 1957 2196 2012 roboraret
2226 1976 2240 2012 :
2270 1973 2397 2012 cum
2439 1957 2794 2012 fundamenta
2829 1965 2991 2011 terra:
3023 1957 3249 2026 iaceret,
3277 1968 3333 2013 et
3354 1958 3503 2013 velut

1912 2045 2098 2106 ﬁrinos
2127 2061 2184 2106 et
2223 2048 2367 2107 tutos
2414 2050 2592 2106 fontes
2614 2091 2630 2118 ,
2667 2051 2759 2122 qui
2793 2052 2895 2106 sub
2930 2051 3068 2107 coelo
3100 2060 3261 2118 sunt,
3290 2062 3501 2107 statue-

1908 2156 1995 2198 ret
2018 2142 2084 2211 ³³,
2140 2136 2476 2215 ac‘Spi'ritu
2538 2146 2651 2201 oris
2695 2145 2778 2199 sui
2833 2143 3090 2199 virtutem
3139 2160 3358 2199 omnem
3394 2144 3502 2199 illis

1910 2235 2198 2308 largiretur
2222 2235 2290 2292 “.
2326 2236 2518 2292 Verum
2545 2238 2641 2308 (ut
2672 2240 2740 2293 ad
2772 2254 2888 2293 rem
2924 2238 3123 2307 ipsam,
3155 2236 3313 2307 cujus
3336 2253 3502 2293 causa

1908 2326 2023 2382 hanc
2050 2329 2234 2382 omnia
2261 2328 2529 2394 disserui,
2562 2338 2616 2384 et
2657 2331 2724 2385 ad
2766 2344 2931 2401 quam
2967 2329 3295 2399 jampridem
3324 2330 3502 2383 oratio

1910 2429 2095 2475 nostra
2130 2420 2384 2488 festinat,
2416 2421 2775 2492 veniamus),
2811 2422 2945 2476 ordo
2986 2422 3036 2475 in
3063 2420 3328 2479 Ecclesiis
3361 2435 3501 2491 quo-

1909 2529 2013 2583 que
2043 2514 2328 2570 constituit
2352 2504 2456 2580 ,‘ut
2485 2515 2579 2569 alii
2612 2530 2743 2571 oves
2772 2514 2903 2579 sint,
2946 2514 3036 2568 alii
3082 2522 3367 2583 pastores,
3405 2511 3499 2566 alii

1910 2605 2152 2673 praesint,
2185 2605 2276 2659 alii
2324 2606 2537 2661 subsint
2568 2620 2633 2660 ac
2665 2614 2931 2676 pareant;
2970 2604 3110 2659 alius
3157 2604 3303 2659 velut
3336 2611 3502 2671 caput

1908 2699 1999 2765 sit,
2032 2699 2171 2754 alius
2204 2715 2321 2770 pes,
2353 2699 2494 2753 alius
2539 2714 2755 2763 manus,
2791 2698 2933 2753 alius
2964 2698 3107 2753 oeuli
3133 2737 3148 2762 ,
3180 2699 3320 2752 alius
3351 2697 3499 2751 aliud

1908 2792 2179 2861 quoddam
2231 2792 2480 2860 corporis
2528 2792 2832 2847 membrum
2861 2832 2876 2855 ,
2914 2792 2980 2844 ad
3017 2790 3186 2844 totius
3243 2788 3500 2843 Ecclesia:

1905 2881 2330 2938 concinnitatem
2366 2892 2421 2936 et
2450 2882 2739 2939 utilitatem
2766 2924 2781 2949 ,
2832 2883 2917 2937 vel
2951 2882 3183 2938 inferius
3212 2882 3300 2937 vel
3356 2897 3497 2952 prae‘

1907 2975 2160 3030 stantius.
2222 2974 2289 3028 Et
2354 2974 2812 3044 quemadmodum
2867 2976 2920 3029 in
2976 2972 3342 3041 corporibus,
3395 2989 3497 3028 nec

1906 3067 2151 3121 membra
2189 3067 2333 3121 inter
2363 3081 2421 3122 se
2447 3066 2659 3120 divulsa
2701 3075 2851 3134 sunt,
2880 3081 3070 3121 verum
3100 3073 3299 3121 cuncta
3326 3081 3495 3118 unum

198 3153 383 3208 γημα,
418 3139 467 3191 εί
488 3139 582 3192 καὶ
603 3138 770 3192 ταυτὸ
790 3139 853 3193 τὸ
880 3141 1102 3215 χρῄζειν
1131 3142 1264 3214 (62')
1291 3144 1540 3217 ἀλλήλων
1567 3149 1649 3212 είς
1673 3138 1796 3201 ἀνά-

1912 3174 2099 3227 :orpus
2147 3167 2274 3213 sunt
2319 3173 2386 3213 ex
2421 3159 2655 3215 diversis
2705 3159 2965 3214 membris
3014 3157 3344 3219 conﬂatum;
3394 3173 3497 3211 nec

200 3246 347 3301 γκην
402 3229 617 3296 εὐνοίας
677 3248 738 3285 τε
788 3234 885 3288 καὶ
935 3236 1273 3301 συννεύσεως
1319 3238 1470 3310 (65)·
1526 3240 1623 3294 ml
1678 3240 1802 3295 οὔτε

196 3322 484 3394 ὀφθαλμὸς
510 3323 739 3394 βαδίζει,
767 3325 885 3379 ἀλλ’
913 3326 1132 3400 ὁδηγεῖ·
1158 3328 1284 3382 οὔτε
1307 3331 1445 3395 ποὺς
1473 3333 1796 3404 προϐλέπει,

197 3415 337 3469 ἀλλὰ
356 3417 681 3488 μεταϐαίνει
698 3418 860 3490 (65'),
885 3420 980 3474 ml
1006 3423 1359 3495 μετατίθησιν
1376 3441 1390 3455 ο
1422 3425 1546 3480 οὔτε
1572 3427 1796 3496 γλῶσσα

195 3507 417 3580 δέχεται
465 3510 686 3579 φωνὰς,
730 3512 901 3585 ἀκοῆς
950 3513 1093 3585 γάρ·
1125 3514 1251 3570 οὔτε
1283 3518 1419 3589 ἀκοὴ
1461 3518 1795 3589 φθέγγεται,

197 3600 459 3673 γλώσσης
488 3602 634 3675 γάρ·
669 3605 764 3658 καὶ
794 3606 882 3676 ῥὶς
914 3606 1033 3678 μὲν,
1056 3607 1237 3678 ὀδμῶν
1267 3610 1379 3681 (64)
1412 3612 1796 3684 αἰσθητήριον’

196 3692 436 3763 λάρυγξ
468 3693 537 3746 δὲ
560 3694 703 3748 σῖτα
732 3700 987 3765 γεύεται,
1021 3700 1189 3770 φησὶν
1218 3701 1246 3754 ὁ
1285 3700 1404 3753 Ἰώ6
1430 3719 1442 3731 ·
1469 3704 1591 3775 χεὶρ
1616 3703 1672 3756 δὲ
1701 3702 1795 3758 τοῦ

195 3784 401 3840 διδόναι
426 3786 635 3840 καὶτοῦ
668 3788 967 3858 λαμϐάνειν
992 3790 1244 3862 δργανον’
1281 3793 1406 3857 νοῦς
1440 3794 1498 3846 δὲ
1533 3797 1646 3858 τοῖς
1675 3798 1783 3847 πρῖ-

200 3894 286 3931 σιν
328 3878 581 3950 ἡγεμὼν,
615 3880 745 3953 παρ’
790 3873 852 3933 οὗ
886 3882 949 3937 τὸ
993 3882 1380 3952 αἰσθάνεσθαι,
1410 3886 1506 3939 ml
1555 3889 1634 3950 εἰς
1675 3886 1790 3958 ὂνὴ

1906 3266 2122 3304 rursum
2161 3250 2303 3305 idem
2348 3252 2591 3305 omnium
2638 3268 2839 3305 munus
2888 3261 3005 3317 est,
3043 3250 3255 3305 tametsi
3294 3248 3493 3317 alioqui

1904 3340 1971 3392 ad
1999 3340 2395 3395 benevolentia:
2424 3341 2844 3411 concordiaeque
2875 3343 3282 3405 necessitatem,
3319 3342 3494 3394 bono-

1905 3431 2090 3502 risque
2117 3441 2323 3503 parem‘
2350 3433 2401 3486 in
2436 3433 2750 3503 disparibus
2778 3436 3044 3487 rationem
3066 3473 3080 3497 ,
3122 3432 3226 3486 alia
3256 3432 3490 3486 aliorum

1901 3537 2066 3592 Opera
2096 3538 2164 3578 ex
2209 3540 2367 3593 aequo
2400 3525 2719 3595 indigeant;
2770 3540 2951 3595 neque
2980 3526 3124 3580 enim
3151 3525 3346 3579 oculus
3382 3540 3497 3578 am.

1902 3614 2091 3679 bulat,
2121 3616 2215 3669 sed
2251 3617 2392 3669 viam
2433 3624 2826 3670 commonstrat
2866 3636 2879 3671 :
2932 3632 3030 3671 nec
3061 3632 3153 3684 pes
3189 3616 3452 3687 prospicit
3477 3654 3493 3679 ,

1901 3707 1998 3761 sed
2025 3709 2373 3777 progreditur
2398 3724 2462 3764 ac
2494 3709 2612 3763 loca
2641 3720 2915 3777 permutat
2941 3728 2954 3764 :
2993 3725 3093 3764 nec
3122 3711 3299 3779 lingua
3335 3726 3495 3765 voces

1902 3798 2133 3866 accipit,
2171 3798 2222 3851 id
2256 3800 2400 3852 enim
2431 3802 2642 3855 aurium
2680 3812 2806 3857 est:
2853 3817 2950 3856 nec
2990 3817 3183 3856 rursus
3225 3802 3373 3855 auris
3405 3802 3485 3855 lo-

1900 3890 2108 3959 quitur,
2137 3892 2280 3959 quod
2313 3891 2511 3963 linguae
2536 3893 2771 3950 ollicium
2804 3905 2887 3948 est
2915 3911 2929 3947 :
2971 3906 3024 3947 et
3061 3909 3224 3949 nasus
3259 3894 3482 3961 quidem

198 3967 477 4039 αἴσθησις.
509 3968 668 4024 Οὕτω
713 3972 809 4025 καὶ
852 3974 983 4045 παρ’
1028 3975 1193 4046 ἡμῖν,
1238 3974 1318 4046 τῷ
1350 3976 1517 4048 κοινῷ
1551 3978 1792 4050 Χριστοῦ

1912 3991 1983 4035 ast
2011 3984 2272 4038 odoratus
2300 3998 2600 4054 organum;
2630 3995 2812 4056 guttur
2845 3997 3042 4050 autem,
3081 3996 3141 4039 ut
3171 3984 3247 4037 ait
3273 3983 3374 4037 Job
3412 3983 3483 4045 ³³,

202 4059 443 4131 σώματι.
1901 4075 2041 4129 cibos
2071 4076 2311 4145 degustat
2336 4093 2355 4131 :
2381 4093 2572 4133 manus
2618 4094 2783 4147 porro
2808 4080 2969 4133 dandi
2994 4090 3155 4147 atque
3179 4075 3483 4146 accipiendi

202 4152 625 4212 instrumentum
652 4166 736 4212 est
766 4175 781 4212 :
816 4174 968 4215 mens
1003 4160 1237 4231 denique
1280 4162 1535 4217 omnibus
1585 4175 1783 4231 przeest
1824 4173 1984 4235 atque
2049 4168 2313 4237 imperat,
2351 4170 2515 4242 587
2549 4171 2809 4227 nimirum
2875 4189 2903 4225 a
2935 4188 3044 4241 qua
3077 4173 3158 4225 vis
3203 4167 3477 4223 sentiendi

202 4248 590 4314 ltroﬁciscilur.
624 4258 681 4302 et
707 4249 773 4303 ad
803 4264 967 4319 quam
1034 4266 1233 4307 sensus
1298 4267 1488 4308 omnes
1521 4254 1854 4313 referuntur.
1896 4259 1979 4314 Ad
2010 4263 2259 4317 eumdem
2297 4278 2515 4333 quoque
2555 4266 2773 4319 modum
2817 4266 2958 4333 apud
2991 4280 3108 4326 nos,
3159 4265 3261 4319 hoc
3291 4273 3395 4331 est,
3422 4263 3480 4316 in

200 4340 481 4395 communi
510 4339 715 4396 Christi
747 4355 1009 4409 corpore,
1040 4358 1129 4398 res
1164 4358 1224 4398 se
1255 4344 1439 4399 habet.

270 4434 374 4486 IA’.
416 4431 479 4486 Ol
512 4430 619 4505 γὰρ
646 4432 848 4497 πάντες
872 4431 931 4486 ἓν
957 4433 1119 4504 σῶμά
1152 4436 1320 4504 ἐσμεν
1349 4437 1407 4489 ἐν
1439 4434 1664 4507 Χριστῷ
1690 4453 1705 4468 ·
1737 4440 1785 4491 οἱ

1966 4436 2059 4491 XI.
2100 4437 2303 4494 Omnes
2339 4439 2483 4494 enim
2514 4454 2712 4509 corpus
2738 4456 2901 4494 unum
2936 4440 2989 4493 in
3027 4440 3247 4495 Christo
3277 4456 3485 4504 sumus,

197 4527 254 4581 δὲ
280 4525 410 4580 καθ’
436 4526 534 4579 ἕνα
562 4525 825 4597 Χριστοῦ,
854 4527 951 4580 καὶ
982 4526 1227 4599 ἀλλήλων
1261 4528 1420 4599 μέλη.
1450 4529 1524 4581 Τὸ
1559 4530 1657 4600 μὲν
1683 4529 1793 4603 γὰρ

197 4619 359 4690 ἄρχει
382 4619 479 4673 καὶ
504 4616 925 4690 προκαθέζεται,
956 4617 1021 4671 τὸ
1051 4618 1109 4671 δὲ
1141 4618 1334 4688 ἄγεται
1360 4620 1455 4674 καὶ
1484 4621 1792 4689 εὐθύνεται,

198 4714 294 4765 ml
321 4711 448 4766 οὔτε
477 4711 674 4765 ταυτὸν
699 4710 988 4785 ἀμφότερα
1016 4714 1253 4784 ἐνεργεῖ,
1287 4713 1446 4786 εἴπερ
1479 4714 1555 4787 μὴ
1593 4717 1792 4771 ταυτὸν

196 4804 391 4876 ἄρχειν
416 4804 512 4857 ml
552 4802 851 4877 ἄρχεσθαι·
896 4803 1227 4871 καὶγίνεται
1275 4806 1564 4878 ἀμφότερα
1609 4808 1668 4861 ἓν
1709 4811 1792 4873 είς

198 4895 295 4949 ’ένα
320 4895 583 4968 Χριστὸν,
614 4895 721 4948 ὑπὸ
754 4893 849 4948 τοῦ
877 4894 1043 4949 αὑτοῦ
1076 4897 1660 4969 συναρμολογούμενα,
1693 4900 1790 4953 ml.

202 4986 561 5057 συντιθέμενα
589 4985 730 5039 Πνεύ
740 5002 927 5056 ματος.
959 4983 1079 5039 Κᾶν
1113 4989 1227 5051 τοῖς
1251 4987 1574 5058 ἀρχομένοις
1602 4988 1787 5051 πάλιν,

199 5079 322 5132 ὅσον
349 5078 414 5132 τὸ
451 5078 617 5149 μέσον
650 5080 746 5131 καὶ
773 5075 1084 5144 παιδεύσει,
1115 5080 1210 5133 καὶ
1239 5081 1505 5151 ἀσκήσει,
1539 5082 1635 5135 καὶ
1673 5082 1790 5152 ἡλι-

1901 4529 2097 4600 singuli
2119 4540 2300 4586 autem
2325 4530 2553 4593 Christi,
2582 4542 2747 4601 atque
2769 4532 2859 4585 alii
2880 4531 3108 4585 aliorum
3142 4534 3386 4587 membra
3411 4533 3477 4588 ³⁸.

1900 4622 2004 4677 Alii
2039 4624 2183 4677 enim
2235 4623 2588 4677 dominantur
2621 4633 2675 4678 et
2715 4633 3000 4694 prmsuut:
3042 4625 3131 4678 alii
3185 4634 3379 4694 parent
3422 4640 3488 4680 ac

1900 4722 2185 4807 reguntur.
2223 4713 2287 4768 Et
2338 4715 2591 4784 quamvis
2631 4731 2738 4770 non
2783 4717 2973 4771 eadem
3024 4716 3094 4771 sit
3126 4728 3484 4786 utrorumque

1897 4808 2064 4870 actio,
2101 4807 2371 4875 siquidem
2407 4809 2697 4878 imperare,
2737 4818 2791 4863 et
2822 4809 3052 4878 imperio
3080 4810 3216 4879 regi,
3260 4825 3364 4864 non
3398 4818 3483 4863 est

1897 4896 2081 4964 idem;
2131 4896 2267 4952 ﬁunt
2303 4907 2483 4952 tamen
2529 4909 2760 4968 utraque
2806 4915 2974 4952 unum
3029 4901 3082 4952 in
3124 4915 3291 4953 unum
3322 4898 3487 4954 Chri-

1895 4998 2062 5056 stum,
2088 4989 2158 5045 ab
2179 4990 2369 5045 eodem
2401 4990 2609 5060 Spiritu
2636 5000 2952 5046 constructa
2985 5001 3149 5059 atque
3174 5001 3478 5058 compacta.

1895 5083 1973 5137 Ac
2005 5099 2194 5140 rursus
2218 5125 2233 5151 ,
2264 5085 2720 5155 quemadmodum
2756 5088 2899 5139 inter
2923 5101 3051 5149 eos,
3082 5085 3174 5154 qui
3204 5088 3474 5153 subsunt,

271 5170 317 5203 ³⁸
357 5170 520 5227 Prov.
550 5170 780 5235 “11,50.
857 5172 902 5203 ³³
942 5170 1074 5226 ibid.
1104 5171 1176 5225 27
1202 5186 1323 5241 sqq.
1400 5172 1448 5204 ³⁵
1486 5172 1575 5228 Ps.
1608 5175 1839 5241 xxxu,6.

209 5263 409 5336 μουοά
457 5265 744 5336 dissolutio
776 5265 862 5318 via
899 5263 971 5336 sit
1015 5264 1081 5318 ad
1112 5266 1591 5336 resurrectionem,
1632 5278 1688 5323 et
1719 5271 1786 5323 ad

204 5335 398 5406 ipsam,
427 5349 548 5403 quae
576 5350 641 5389 ex
677 5335 764 5389 illa
796 5345 901 5399 est,
937 5335 1424 5389 immortalitatem.
1474 5356 1493 5388 ι

271 5404 387 5460 (60)
428 5403 743 5460 Συζυγίαν.
774 5406 888 5460 Duo
916 5404 1110 5460 Reae"
1150 5404 1433 5460 συζυγίας.

294 5404 387 5473 60)
428 5403 743 5475 Συζυγίαν.
774 5406 888 5460 Duo
916 5404 1110 5472 Regg.,
1150 5404 1433 5474 συζυγίας.

292 5474 412 5545 60⁸)
447 5476 578 5531 Τοῦ.
607 5477 769 5531 Deest
804 5476 856 5531 in
890 5475 1100 5529 duobus
1133 5475 1302 5544 Regg.

266 5546 483 5617 (θη-Εἴ
512 5563 601 5616 τε.
633 5546 725 5617 Sic
753 5545 1182 5617 pleriquecodd.
1217 5548 1381 5601 Deest
1411 5565 1476 5617 γε
1504 5547 1557 5601 iu
1586 5551 1676 5605 ed.

266 5615 406 5687 (61‘)
424 5615 632 5686 Πηγὰς
664 5616 772 5683 τὰς
800 5618 905 5687 im"
952 5616 1238 5682 οὐρανόν.
1271 5615 1498 5674 ΒὶΙΙίιίδε
1531 5636 1549 5667 ι
1580 5620 1784 5687 Super—

200 5686 692 5762 cmlestcs__fontes;
721 5707 740 5739 ι
768 5686 910 5756 quod
935 5697 1084 5739 certe
1105 5702 1135 5741 a
1155 5689 1370 5757 erco,
1400 5699 1453 5746 et
1479 5707 1507 5745 a
1535 5686 1782 5762 Gregorii

204 5766 383 5811 tuente
412 5758 643 5812 alienum
678 5766 782 5813 est.

275 5824 393 5898 (62)
427 5828 801 5913 Ταυτόηιίεε.
830 5827 886 5896 b,
917 5827 1129 5882 σεαυτόν.

1917 5177 1962 5209 ³⁸
2008 5175 2112 5232 Job
2141 5194 2329 5245 xxxtv,
2374 5178 2429 5233 5.
2506 5177 2552 5209 ⁸⁸
2593 5177 2749 5230 Rom.
2786 5192 2888 5242 xu,
2935 5177 2988 5231 5.

1966 5272 2102 5344 (62‘)
2142 5272 2211 5344 Τὸ
2242 5270 2504 5342 χρῄζειν.
2526 5269 2617 5327 Sic
2647 5269 2777 5339 Reg.
2810 5270 2919 5333 bm,
2946 5267 3109 5324 Coisl.
3140 5267 3167 5321 1
3203 5278 3256 5323 et
3291 5267 3347 5334 2,
3371 5279 3476 5324 etc.

1893 5342 2058 5397 Deest
2082 5342 2156 5395 ’τό
2183 5343 2235 5394 in
2263 5347 2349 5395 ed.

1964 5413 2079 5481 (65)
2109 5413 2526 5478 Συννεύσεως.
2560 5411 2726 5466 Coisl.
2767 5409 2791 5463 l
2848 5409 3020 5471 addit,
3064 5408 3159 5462 ml
3207 5409 3479 5480 ἰσοτιμίας

1895 5483 1955 5535 ὲν
1979 5485 2093 5546 τοῖς
2123 5481 2354 5544 ἀνίσοις,
2394 5501 2413 5534 ‹
2443 5497 2498 5537 et
2522 5498 2704 5550 parem
2732 5481 2955 5534 honoris
2981 5482 3032 5532 in
3057 5480 3362 5547 diSparibus
3390 5497 3476 5532 ra-

1895 5554 2121 5609 tionem.
2148 5572 2167 5604 ι
2204 5553 2260 5606 ld
2295 5562 2400 5612 est,
2449 5571 2468 5603 ι
2490 5554 2555 5605 ad
2577 5551 2942 5621 :equalitatem
2967 5553 3293 5606 servandam
3318 5550 3370 5605 in
3397 5550 3467 5605 iis

1894 5625 2057 5678 rebus
2080 5638 2201 5690 qua:
2231 5622 2476 5690 dispares
2511 5632 2657 5676 sunt.
2684 5640 2702 5673 ι

1966 5689 2502 5764 (65⁶)⁷Μετα6αίνει.
2542 5691 2664 5746 Bill.
2695 5708 2709 5744 :
2745 5689 3141 5764 {ingredimur

1961 5762 2095 5837 (64)
2121 5764 2370 5820 Ὀδαῶν.
2400 5766 2527 5835 Reg.
2567 5765 2620 5831 Ι),
2654 5771 2705 5818 et
2737 5762 2949 5827 Cumb.,
2982 5762 3185 5833 ὀσμῶν.
