3910 6214
384 315 488 391 187
1585 336 1642 390 s.
1682 334 2021 391 cnaconu
2059 332 2406 390 THEOLOGI
3544 323 3647 381 iss

382 465 740 524 permagnum
805 450 1096 505 discrimen
1143 450 1433 522 reperitur,
1482 459 1542 504 ut
1586 452 1719 522 qui.
1772 460 1827 506 et
1866 451 1956 506 don

2082 451 2158 522 ιίᾳ
2204 448 2510 521 διεστηκόσι
2532 464 2546 478 ·
2590 463 2691 503 καν
2724 448 2836 510 τοῖς
2868 444 3061 513 ἄγουσι
3098 444 3160 497 τὸ
3198 442 3452 515 διάφορον
3490 442 3648 496 ὅσον·

378 541 565 596 ctrina
589 580 605 606 ,
639 549 693 594 et
738 555 835 594 usu
872 548 1033 608 atque
1075 540 1501 606 exercitatione,
1540 548 1594 594 et
1618 550 1779 597 aetate
1819 542 1962 597 inter

2082 542 2159 595 ca‘t
2209 539 2498 610 πνεύματα
2546 539 2844 611 προφητῶν
2895 538 3203 609 προφήταις
3249 534 3652 603 ὑποτάσσεται,

382 648 445 688 sc
472 632 722 688 dilferant
751 650 765 687 :
798 632 987 687 eodem
1023 634 1182 688 modo
1227 632 1366 687 inter
1408 631 1695 702 prmfectos
1749 649 1963 703 quoque

2082 634 2282 689 Παύλου
2341 633 2623 702 λέγοντος,
2687 631 2761 702 μὴ
2806 629 3134 702 ἀμφίϐαλλε.
3204 627 3315 679 Kal.
3368 624 3477 691 οὓς
3534 624 3655 695 μὲν

381 739 490 780 non
519 740 684 795 parva
717 724 1021 780 diderentia
1053 734 1170 791 est;
1211 739 1274 780 ac
1303 724 1529 794 spiritus
1576 726 1961 796 prophetarum

2082 727 2249 791 ἔθετο,
2282 725 2448 796 φησὶν
2480 725 2639 795 (64⁸),
2671 726 2703 777 ὁ
2731 722 2876 787 Θεὸς
2898 721 2969 774 ἐν·
2986 718 3060 789 τῇ
3105 718 3455 785 Ἐκκλησία,
3498 716 3655 784 πρῶ-

384 814 664 885 prophetis
691 814 884 884 subjici
920 814 990 880 ⁸⁷,
1022 828 1146 869 cum
1186 813 1386 869 Paulus
1420 815 1541 885 ipse
1572 815 1821 882 aliirmet,
1851 830 1958 870 non

2082 835 2170 871 τον
2221 817 2607 882 ἀποστόλους
2627 858 2641 882 ,
2705 812 2987 880 δεύτερον
3038 808 3348 879 προφήτας
3371 850 3387 876 ,
3452 809 3655 876 τρίτον

385 913 471 958 est
500 918 596 959 cur
637 904 702 958 de
738 919 800 958 ea
835 920 893 959 re
919 904 1152 959 dubites.
1197 903 1264 958 Et
1297 904 1552 974 quosdam
1594 907 1843 976 quidem,
1877 905 1962 958 in-

2082 906 2351 977 τοιμένας
2378 904 2489 977 (65)
2539 904 2640 958 καὶ
2672 900 3120 965 διδασκάλους·
3160 898 3375 970 πρῶτον
3422 897 3510 951 διὰ
3553 896 3653 967 τὴν

385 995 536 1064 quit,
572 996 744 1065 posuit
798 995 936 1050 Deus
971 997 1026 1048 in
1073 992 1315 1049 Ecclesia
1339 1036 1354 1059 ,
1399 996 1628 1065 primum
1657 996 1961 1066 apostolos,

2082 999 2345 1071 ἱλήθειαν,
2398 996 2652 1068 δεύτερον
2698 994 2788 1048 διὰ
2839 993 2938 1064 τὴν
2991 991 3171 1054 σκιὰν,
3224 989 3408 1060 τρίτον
3457 987 3546 1041 διὰ
3590 987 3655 1041 τὸ

386 1090 615 1143 secundo
653 1089 931 1158 prophetas
957 1127 973 1151 ,
1017 1089 1173 1142 tertio
1209 1097 1446 1157 pastores
1489 1098 1538 1142 et
1586 1088 1827 1142 doctores
1873 1087 1959 1140 "z

388 1181 623 1250 primum
661 1189 881 1250 pr0pter
923 1179 1207 1234 veritatem
1233 1219 1251 1246 ,
1295 1178 1526 1232 alterum
1578 1187 1798 1248 propter
1837 1194 1961 1234 um-

2071 1093 2269 1165 μέτρον
2309 1091 2413 1161 τῆς
2446 1088 2732 1158 ὠφελείας,
2766 1086 2864 1142 καὶ
2910 1086 3010 1156 τῆς
3054 1082 3395 1154 ὲλλάμψεως.
3440 1081 3552 1134 Καὶ
3591 1079 3655 1133 τὸ

2070 1181 2170 1253 μὲν
2209 1179 2433 1251 πνεῦμα
2465 1178 2548 1244 ἓν,
2585 1177 2656 1232 τὰ
2684 1176 3001 1254 χαρίσματα
3037 1174 3095 1228 δὲ
3124 1175 3224 1227 οὐκ
3252 1170 3367 1237 ἶσα,
3395 1172 3478 1224 ὅτι
3514 1170 3655 1242 μηδὲ

388 1271 566 1334 bram,
592 1280 922 1340 postremum
948 1277 1168 1339 propter
1191 1268 1441 1323 utilitatis
1469 1277 1527 1322 et
1552 1268 1963 1324 illuminationis

2082 1272 2135 1326 τὰ
2164 1273 2348 1342 δοχεῖα
2380 1270 2474 1323 τοῦ
2506 1267 2836 1339 πνεύματος.
2883 1260 2951 1337 ᾮ
2981 1263 3098 1334 μὲν
3125 1263 3234 1334 (66)
3269 1262 3381 1333 γὰρ
3409 1260 3506 1316 διὰ
3541 1260 3652 1315 τοῦ

389 1361 587 1417 divina
611 1375 943 1416 mensuram.
968 1360 1035 1415 Et
1060 1360 1283 1430 spiritus
1311 1360 1529 1429 quidem
1560 1375 1699 1415 unus
1722 1369 1823 1427 est,
1858 1377 1963 1416 non

2082 1364 2416 1433 Πνεύματος
2436 1359 2663 1415 δίδοται
2684 1357 2868 1427 λόγος
2891 1356 3112 1425 σοφίας
3131 1355 3229 1408 καὶ
3251 1354 3497 1422 θεωρίας
3517 1351 3650 1422 (67),

390 1463 571 1510 autem
598 1469 755 1523 pares
778 1454 968 1523 gratiae
1000 1470 1014 1507 :
1051 1452 1485 1522 quandoquidem
1527 1466 1626 1507 nec
1672 1453 1823 1522 paria
1858 1453 1968 1523 spi-

2082 1456 2236 1521 ἄλλῳ
2249 1454 2314 1508 δὲ
2326 1455 2506 1523 λόγος
2521 1453 2798 1522 γνώσεως
2816 1448 2856 1519 ἢ
2876 1449 3337 1516 ἀποκαλύψεως,
3361 1444 3526 1509 ἄλλῳ
3537 1444 3650 1516 (68)

389 1547 530 1601 ritus
569 1545 972 1615 conceptacula.
1023 1544 1134 1598 Alii
1187 1545 1328 1598 enim
1375 1560 1469 1614 per
1513 1541 1772 1613 Spiritum
1807 1544 1969 1598 datur

2082 1550 2272 1614 τείστις
2326 1546 2518 1618 βεϐαία
2563 1546 2658 1600 καὶ
2710 1542 3082 1604 ἀνενδοίαστος
3129 1539 3272 1610 ἄλλῳ
3319 1539 3377 1592 δὲ
3413 1536 3656 1607 ἐνεργή-

388 1653 559 1691 sermo
592 1638 865 1705 sapientia:
898 1645 947 1690 et
977 1636 1349 1706 speculationis
1369 1676 1385 1701 ,
1416 1637 1511 1690 alii
1539 1652 1707 1691 sermo
1737 1637 1969 1691 scientia:

2082 1657 2225 1695 ιιατιι
2253 1639 2537 1710 δυνάμεων
2595 1637 2688 1690 καὶ
2737 1634 3033 1706 θαυμάτων
3067 1630 3412 1703 ὑψηλοτέρων
3433 1670 3448 1695 ,
3488 1628 3657 1692 ἄλλῳ

388 1731 437 1775 et
468 1722 821 1789 reuelationis,
845 1724 941 1777 alii
965 1724 1098 1794 ﬁdes
1126 1734 1277 1779 certa
1306 1725 1640 1796 minimeque
1665 1725 1849 1791 dubia,
1879 1726 1969 1781 alii

2082 1731 2141 1784 δὲ
2176 1731 2515 1801 χαρίσματα
2547 1728 2825 1798 ἰαμάτων,
2874 1724 3261 1793 ἀντιλήψεις,
3300 1725 3476 1777 εῐτουν
3517 1739 3655 1794 προ-

387 1814 650 1868 virtutum
703 1814 1122 1885 sublimiumque
1169 1816 1556 1873 miraculorum
1610 1816 1961 1887 operationes,

2082 1826 2287 1877 ςτασίαι
2311 1865 2327 1889 ,
2361 1824 2779 1894 κυϐερνήσεις,
2812 1819 2992 1873 είτουν
3028 1814 3393 1885 παιδαγωγίαι
3429 1813 3653 1884 σαρκὸς,

389 1904 485 1959 alii
525 1908 714 1976 gratiae
746 1910 1080 1961 curationum
1099 1948 1115 1975 ,
1146 1908 1519 1979 opitulationes
1545 1949 1560 1972 ,
1589 1909 1693 1965 hoc
1722 1918 1835 1973 est,
1865 1909 1963 1965 de-

2082 1913 2214 1985 Γένη
2274 1916 2591 1986 γλωσσῶν,
2636 1910 2938 1983 ἑρμηνεῖαι
2989 1905 3307 1979 γλωσσῶν,
3358 1904 3427 1958 τὰ
3484 1903 3658 1974 μείζω

389 1998 665 2053 fensiones
711 2007 765 2053 et
811 2001 1153 2069 patrocinia;
1204 2001 1649 2070 gubernationes,
1696 2002 1802 2056 hoc
1844 2011 1963 2067 est,

388 2091 574 2144 carnis
615 2091 997 2160 castigationes
1017 2131 1031 2154 ,
1059 2107 1250 2160 genera
1280 2090 1610 2160 linguarum,
1652 2092 1979 2160 interpretu-'

2074 2005 2412 2077 χαρίσματα,
2448 1996 2638 2060 καῖτὰ
2658 2002 2907 2074 δεύτερα,
2937 1998 3080 2054 κατὰ
3105 1998 3204 2069 τὴν
3247 1995 3537 2051 ἀναλογίαν
3558 1994 3659 2063 τῆς

2075 2113 2309 2161 πιστεως

389 2182 557 2236 tiones
603 2182 905 2252 linguarum
939 2182 1006 2252 ³⁸,
1064 2184 1187 2239 aliis
1235 2183 1472 2254 denique
1517 2184 1925 2255 praestantiores
1951 2223 1968 2251 ,
2002 2188 2127 2247 aliis
2159 2191 2451 2248 inferiores
2511 2189 2720 2262 gratiae,
2786 2203 2887 2260 pro
2915 2186 3039 2243 ﬁdei
3076 2185 3327 2241 nimirum
3371 2182 3581 2236 ratione
3607 2191 3663 2238 et

387 2274 756 2343 proportione.

460 2364 580 2424 XII.
619 2364 777 2421 Hunc
808 2366 1055 2422 ordinem
1081 2378 1452 2434 revereamur,
1486 2380 1521 2421 ο
1554 2365 1750 2423 fratres
1771 2408 1786 2432 ,
1824 2368 1969 2425 hunc

389 2465 647 2514 tueamur
683 2464 738 2513 et
766 2472 1172 2514 conservemus.
1206 2457 1358 2515 Alius
1388 2458 1537 2514 auris
1564 2460 1667 2526 sit,
1698 2460 1838 2516 alius
1866 2460 1969 2516 lin-

389 2563 517 2620 gua,
561 2549 700 2605 alius
732 2564 946 2616 manus,
974 2549 1114 2605 alius
1160 2549 1307 2604 aliud
1348 2550 1627 2620 quiddam.
1666 2551 1821 2608 Alius
1867 2552 1966 2607 do-

390 2647 539 2704 ceat,
588 2639 727 2695 alius
773 2638 980 2705 discat;
1024 2639 1164 2694 alius
1202 2640 1437 2709 propriis
1483 2639 1737 2696 manibus
1765 2641 1966 2696 bonum

389 2738 668 2798 operetur,
706 2736 767 2782 ut
789 2727 988 2783 habeat
1015 2729 1158 2798 quod
1190 2728 1473 2797 egentibus
1509 2728 1852 2799 impertiatur
1880 2729 1926 2760 ‘°
1953 2748 1966 2783 :

389 2819 530 2876 alius
571 2820 755 2890 praesit
797 2835 862 2876 ac
898 2820 1109 2891 plebem
1152 2818 1464 2875 moderetur
1500 2838 1515 2875 :
1568 2820 1708 2876 alius
1744 2820 1971 2889 iustitia:

388 2910 605 2966 laudem
638 2926 735 2982 per
758 2911 1122 2967 ministerium
1156 2920 1543 2981 consequatur.
1569 2912 1672 2978 Qui
1701 2913 1881 2976 docet,
1913 2914 1966 2965 in

2150 2372 2246 2425 IB'.
2289 2368 2506 2441 Ταύτην
2536 2365 2821 2438 αἱδὼμεθα
2846 2366 2946 2437 τὴν
2980 2364 3160 2431 τάξιν,
3186 2362 3429 2432 ἀδελφοὶ,
3455 2363 3664 2433 ταύτην

2077 2462 2456 2532 φυλάττωμεν.
2503 2460 2560 2512 Ὁ
2590 2458 2686 2529 μὲν
2721 2456 2863 2509 ἔστω
2887 2473 2972 2518 τις
3003 2453 3162 2525 ἀκοὴ,
3190 2455 3218 2507 6
3254 2453 3312 2506 δὲ
3357 2452 3597 2521 γλῶττα,
3633 2452 3664 2504 6

2076 2553 2134 2606 δὲ
2165 2552 2307 2623 χεὶρ,
2331 2552 2359 2603 6
2379 2549 2437 2603 δὲ
2462 2548 2591 2602 ἄλλο
2612 2565 2664 2600 τι
2688 2545 2895 2599 τούτων
2921 2544 3051 2614 (69).
3095 2544 3154 2596 Ὀ
3195 2542 3296 2613 μὲν
3332 2541 3660 2605 διδασκέτω,

2071 2645 2099 2696 6
2164 2641 2223 2696 δὲ
2275 2638 2630 2712 μανθανέτω·
2663 2640 2692 2692 6
2720 2637 2795 2713 ⁸δίε
2834 2634 3155 2708 ὲργαζέσθω
3197 2635 3260 2688 τὸ
3302 2634 3505 2704 ἀγαθὸν
3542 2637 3666 2697 ταῖς

2074 2735 2233 2796 ἰδίαις
2254 2733 2442 2805 χερσὶν
2489 2732 2570 2795 εἰς
2618 2728 2906 2801 μετάδοσιν
2957 2726 3052 2781 τοῦ
3079 2725 3340 2798 δεομένου
3383 2727 3479 2779 καὶ
3525 2724 3665 2796 χρῄ-

2082 2825 2288 2891 ζοντος.
2340 2825 2397 2878 '0
2430 2824 2529 2894 μὲν
2571 2821 2791 2894 ἀρχέτω
2819 2820 2917 2875 καὶ
2953 2819 3372 2891 προϐεϐλήσθω·
3418 2821 3447 2872 6
3500 2817 3558 2870 δὲ
3590 2818 3670 2870 δι·-

2076 2918 2354 2975 καιούσθω
2417 2915 2508 2970 διὰ
2579 2916 2681 2986 τῆς
2737 2913 3079 2984 ὑπουργίας*
3144 2912 3241 2966 καὶ
3304 2913 3334 2964 6
3399 2909 3667 2965 διδάσκων

389 3003 655 3058 modestia
699 3002 912 3058 doceat.
954 3002 1241 3073 Propheta:
1277 3005 1422 3058 enim
1462 3002 1569 3058 duo
1613 3011 1710 3057 aut
1735 3011 1848 3058 tres
1891 3002 1966 3057 lo-

2082 3012 2377 3082 ὲγκόσμως.
2425 3008 2713 3081 Προφῆται
2741 3006 2851 3079 γὰρ
2900 3004 3055 3077 δύοῆ
3102 3006 3253 3076 τρεῖς
3300 3002 3665 3067 λαλείτωσαν,

389 3104 646 3161 quantur,
693 3092 854 3162 idque
883 3092 1121 3147 vicissim
1142 3131 1159 3158 ,
1199 3102 1364 3163 atque
1386 3108 1526 3147 unus
1553 3092 1968 3163 interpretetur.

390 3182 545 3251 Quod
572 3184 617 3238 si
659 3183 751 3239 alii
787 3183 1087 3239 revelatum
1123 3182 1321 3249 fuerit,
1358 3184 1569 3255 primus
1593 3183 1714 3240 loco
1745 3186 1847 3255 ipsi
1880 3201 1972 3240 ce-

390 3278 486 3331 dat
516 3274 583 3328 “.
615 3274 682 3329 Et
706 3275 799 3344 qui
829 3275 1021 3340 discit,
1052 3275 1113 3330 in
1147 3274 1454 3331 obedientia
1487 3293 1504 3330 :
1538 3284 1595 3331 et
1630 3277 1722 3346 qui
1756 3277 1968 3342 tribuit,

391 3367 448 3421 in
484 3366 800 3423 hilaritate:
835 3375 892 3423 et
932 3367 1027 3437 qui
1057 3366 1359 3435 ministrat,
1395 3367 1452 3422 in
1477 3367 1762 3423 alacritate
1787 3367 1857 3423 δ’.
1893 3369 1971 3425 Ne

390 3458 592 3529 lingua
634 3473 892 3525 munere,
940 3460 1089 3529 quod
1119 3459 1363 3515 omnium
1407 3458 1875 3529 promptissimum
1919 3469 1975 3516 et

391 3552 804 3620 paratissimum
859 3561 981 3619 est,
1026 3567 1216 3613 omnes
1261 3551 1595 3622 fungamur;
1654 3552 1822 3623 588
1875 3568 1975 3609 nec

390 3657 587 3699 omnes
624 3642 850 3713 apostoli
883 3643 1096 3712 simus,
1146 3658 1250 3700 nec
1282 3658 1473 3699 omnes
1514 3645 1794 3714 prophetae
1828 3686 1844 3710 ,
1874 3660 1975 3700 nec

392 3749 586 3789 omnes
619 3734 944 3805 interpretes
967 3735 1036 3789 ”.
1066 3734 1319 3805 Ampium
1352 3745 1407 3791 et
1451 3738 1771 3805 praeclarum
1800 3746 1884 3792 est
1910 3736 1978 3793 de

392 3825 508 3882 Deo
533 3825 700 3880 verba
747 3824 964 3881 facere?
1011 3826 1082 3880 At
1112 3825 1429 3896 praeclarius
1466 3836 1552 3883 est
1598 3828 1837 3897 seipsum
1870 3829 1977 3883 Deo

392 3930 663 3987 purgare;
691 3916 949 3987 quoniam
992 3917 1048 3972 in
1099 3917 1419 3974 malevolam
1467 3918 1705 3974 animam
1747 3933 1854 3973 non
1890 3919 1975 3973 in-

392 4006 583 4063 troibit
607 4006 873 4077 sapientia
896 4006 963 4062 “.
996 4008 1172 4078 Atque
1197 4008 1266 4062 ad
1289 4009 1553 4078 justitiam
1588 4009 1884 4076 seminare,
1919 4020 1975 4065 et

392 4102 518 4157 vine
541 4099 778 4157 fructum
802 4113 1007 4157 metere
1026 4100 1285 4170 iubemur
1303 4102 1376 4167 “,
1402 4110 1459 4156 ut
1485 4102 1728 4158 scientiae
1775 4103 1980 4158 lumine

395 4192 810 4262 perfundamur.
836 4193 916 4249 Ac
945 4193 1146 4249 Paulus
1168 4194 1284 4260 ipse
1310 4208 1410 4249 nos
1439 4208 1536 4265 per
1577 4193 1792 4249 Domini
1825 4209 1977 4249 amo-

394 4299 509 4340 rem
537 4284 584 4316 “
631 4300 661 4339 a
705 4286 933 4341 Domino
984 4286 1241 4357 cognosci
1284 4287 1437 4352 vult,
1472 4302 1571 4357 per
1615 4288 1980 4356 cognitionem

394 4384 577 4431 autem
606 4378 788 4433 doceri
818 4397 832 4434 :
860 4386 1021 4448 atque
1042 4382 1183 4435 hanc
1205 4381 1274 4433 ad
1290 4381 1651 4451 cognitionem
1674 4380 1842 4444 viam,
1867 4393 1978 4434 mea

395 4473 586 4531 liorem
611 4487 731 4530 esse
753 4485 953 4540 censet,
977 4490 1139 4546 quam
1169 4475 1478 4546 Opinionem
1507 4490 1651 4544 eam,
1670 4492 1791 4546 quae
1815 4476 1986 4532 inﬂat.

2070 3103 2163 3157 καὶ
2182 3100 2287 3155 ἀνὰ
2316 3099 2500 3172 μέρος,
2530 3098 2626 3151 καὶ
2651 3091 2733 3160 εἷς
2760 3094 3189 3168 διερμηνευέτω.
3224 3092 3417 3146 Ἀλλου
3448 3091 3507 3145 δὲ
3536 3108 3670 3162 τρα-

2071 3193 2365 3256 νωθέντος,
2399 3193 2428 3245 ὁ
2460 3189 2678 3263 πρῶτος
2718 3188 3096 3260 ὑποχωρείτω.
3138 3186 3249 3240 Καὶ
3286 3186 3314 3238 6
3355 3183 3666 3254 μανθάνων,

2072 3288 2130 3339 ὲν
2164 3282 2447 3354 εὐπειθείᾳ
2471 3299 2482 3312 ·
2523 3281 2618 3336 καὶ
2649 3282 2678 3338 6
2706 3278 2980 3352 χορηγῶν,
3027 3279 3085 3331 ὲν
3133 3274 3445 3347 ἱλαρότητι·
3491 3272 3591 3326 καὶ
3639 3273 3670 3325 6

2074 3374 2385 3449 ὑπουργῶν,
2416 3376 2473 3427 ὲν
2504 3372 2808 3446 προθυμία.
2856 3369 2950 3442 Μὴ
2985 3368 3186 3432 πάντες
3231 3361 3382 3438 ὦμεν
3421 3364 3667 3435 γλῶσσα,

2073 3470 2133 3524 τὸ
2177 3468 2559 3539 ἑτοιμότατον·
2609 3465 2684 3537 μὴ
2734 3464 2937 3526 πάντες
2985 3460 3302 3523 ἀπόστολοι,
3346 3459 3420 3531 μὴ
3467 3459 3672 3520 πάντες

2075 3561 2377 3633 προφῆται,
2409 3560 2486 3632 μὴ
2518 3558 2720 3620 πάντες
2755 3553 3223 3627 διερμηνεύωμεν.
3250 3553 3410 3620 Μέγα
3439 3550 3500 3603 τὸ
3544 3551 3673 3622 περὶ

2075 3650 2211 3705 Θεοῦ
2261 3652 2483 3717 λαλεῖν;
2536 3647 2697 3702 Ἀλλά
2759 3647 2944 3719 μεῖζον
3015 3644 3079 3698 τὸ
3128 3642 3319 3697 ἑαυτὸν
3380 3640 3673 3712 καθαίρειν

2076 3744 2215 3815 Θεῷ·
2241 3744 2432 3816 ἐπειδὴ
2482 3744 2565 3805 είς
2609 3740 2933 3810 κακότεχνον
2988 3736 3103 3809 (70)
3151 3734 3329 3806 ψυχὴν
3361 3733 3527 3803 σοφία
3570 3733 3677 3786 οὐκ

2078 3831 2464 3886 εἰσελεύσεται.
2508 3832 2620 3884 Καὶ
2650 3829 2896 3900 σπείρειν
2930 3825 3339 3896 ἐκελεύσθημεν
3365 3826 3443 3887 εἰς
3466 3823 3679 3877 δικαιο-

2082 3925 2271 3995 σύνην,
2299 3925 2395 3979 κα)⁸
2424 3925 2631 3996 τρυγᾷν
2672 3920 2889 3993 καρπὸν
2921 3918 3092 3990 ζωῆς,
3117 3918 3205 3972 ἴνα
3229 3916 3341 3987 (71)
3371 3916 3468 3969 καὶ
3500 3931 3679 3984 φωτι-

2082 4017 2297 4089 σθῶμεν
2326 4017 2405 4088 τῷ
2432 4018 2572 4087 φωτὶ
2601 4015 2703 4086 τῆς
2744 4012 3026 4083 γνώσεως.
3056 4011 3169 4065 Kal.
3197 4008 3430 4072 Παῦλος,
3459 4006 3550 4062 διὰ
3579 4005 3678 4061 τοῦ

2080 4112 2299 4182 ἀγαπᾷν
2341 4111 2491 4183 ἡμᾶς
2529 4109 2621 4162 τὸν
2656 4107 2885 4180 Κύριον,
2915 4105 3021 4159 ὑπὸ
3059 4103 3269 4176 Κυρίου
3309 4098 3680 4171 γινώσκεσθαι

2084 4202 2364 4273 βούλεται,
2410 4202 2501 4255 διὰ
2532 4202 2589 4254 δὲ
2615 4198 2711 4253 τοῦ
2736 4197 3164 4270 γιγνώσκεσθαι,
3206 4196 3269 4249 τὸ
3296 4193 3682 4261 διδάσκεσθαι,

2092 4294 2187 4347 καὶ
2218 4293 2426 4365 ταύτην
2471 4293 2589 4346 ὁδὸν
2623 4292 2872 4364 βελτίονα
2912 4286 3051 4344 οἶδεν
3079 4290 3161 4353 εἰς
3192 4287 3417 4358 γνῶσιν,
3442 4284 3548 4356 τῆς
3577 4303 3682 4356 φυ-

2090 4385 2312 4456 σιούσης
2343 4387 2595 4457 οἰήσεως.

467 4564 606 4622 XIII.
649 4565 901 4636 Magnum
942 4577 996 4622 et
1037 4567 1363 4637 praeclarum
1391 4575 1476 4624 est
1505 4567 1740 4623 docere?
1767 4567 1838 4621 At
1867 4568 1972 4621 dis-

2154 4567 2252 4620 II".
2285 4567 2445 4635 Μέγα
2473 4566 2533 4619 τὸ
2563 4565 2867 4632 διδάσκειν;
2911 4563 3073 4618 Ἀλλὰ
3114 4560 3176 4615 τὸ
3203 4559 3496 4632 μανθάνειν
3525 4558 3683 4613 ἀκίν-

395 4672 522 4714 cere
557 4658 799 4729 periculo
826 4668 1002 4717 vacat.
1041 4660 1179 4727 Quid
1219 4661 1457 4731 pastoris
1497 4675 1694 4716 munus
1753 4658 1853 4715 tibi
1887 4673 1978 4713 ar-

396 4763 577 4821 rogas,
615 4765 738 4805 cum
763 4751 880 4806 ovis
911 4750 1028 4805 sis?
1060 4749 1198 4816 Quid
1232 4758 1396 4820 caput
1431 4749 1689 4814 afficeris,
1721 4764 1845 4804 cum
1877 4762 1974 4818 pes

396 4842 508 4896 sis?
535 4841 675 4909 Quid
714 4842 1012 4897 exercitum
1048 4843 1249 4897 ducere
1281 4842 1615 4913 aggrederis,
1641 4841 1697 4896 in
1737 4841 1971 4896 militum

396 4933 643 4989 ordinem
684 4934 990 5005 ascriptus?
1022 4932 1162 5001 Quid
1217 4948 1409 5002 magna
1449 4932 1668 5002 quidem
1715 4931 1842 4995 illa,
1879 4932 1975 4987 sed

398 5024 606 5079 incerta
640 5034 695 5079 ct
726 5024 1029 5094 periculosa
1064 5023 1232 5078 maris
1263 5023 1412 5077 lucra
1452 5022 1805 5087 consectaris,
1852 5036 1973 5075 cum

469 5190 514 5222 ⁸⁷
550 5190 567 5244 l
616 5188 746 5245 Cor.
772 5204 889 5254 xiv,
944 5189 1034 5244 ‘52.

397 5258 446 5292 “
462 5258 622 5315 Rom.
649 5276 723 5315 xu
736 5301 751 5326 ,
790 5263 844 5317 8.

1140 5185 1245 5239 ³⁸1
1299 5185 1422 5240 Cor.
1482 5201 1579 5249 ιιι,
1634 5185 1727 5239 28.

471 5420 608 5492 (64⁸)
637 5421 853 5490 Φησίν.
877 5421 1038 5476 Deest
1060 5423 1112 5475 in
1141 5419 1350 5492 duobus
1381 5419 1547 5492 llegg.

472 5489 587 5562 (65)
617 5489 934 5562 Ποιμένας.
969 5492 1128 5545 Deest
1159 5493 1209 5544 in
1241 5489 1334 5544 0r.
1373 5489 1430 5543 l.~
1511 5557 1538 5562 _
1582 5559 1590 5562 _
1628 5558 1640 5562 _
1700 5559 1710 5562 _
1792 5557 1818 5562 Δ
1929 5495 1963 5562 ς

474 5557 587 5633 (66)
614 5558 692 5633 τῼ
714 5557 850 5633 μέν.
894 5563 1005 5633 δίο
1032 5577 1187 5633 sacer
1229 5570 1446 5633 textus,
1500 5557 1663 5613 Coisl.
1695 5559 1742 5625 l,
1783 5557 1877 5613 Or.
1926 5557 1974 5624 l,

402 5630 616 5699 Coinb.,
658 5630 763 5686 etc.
796 5632 969 5687 Prave
996 5632 1049 5686 in
1080 5630 1195 5695 ed.,
1218 5632 1268 5683 6.

472 5701 584 5774 (67)
611 5704 721 5757 Kal
749 5703 1016 5774 θεωρίας.
1038 5703 1186 5774 lieg.
1218 5701 1271 5774 ι).
1299 5699 1332 5771 ἢ
1359 5698 1621 5774 θεωρίας.

500 5771 591 5846 68)
623 5773 1002 5846 ’Ἀυίλῳηῐὶθθ
1037 5772 1126 5827 but
1154 5772 1321 5846 addit,

499 5837 590 5902 69')
632 5845 693 5900 '0
723 5837 798 5899 δὲ’
824 5837 977 5899 ἄλλο
1012 5858 1068 5897 τι
1104 5843 1347 5899 τούτων.
1387 5840 1478 5897 bic
1528 5839 1659 5912 Reg.
1704 5839 1739 5896 b
1789 5837 1847 5894 In
1887 5841 1969 5901 ed.

1824 5186 1868 5217 39
1916 5186 1985 5217 ἶΙιῖ

944 5189 1034 5244 52.
1140 5185 1245 5239 ³⁸1
1299 5185 1422 5240 Cor.
1482 5201 1579 5249 ιιι,
1634 5185 1727 5239 28.
1824 5186 1868 5217 ³⁸
1916 5185 1968 5240 ib

923 5262 969 5292 ⁵³
1010 5262 1027 5313 l
1066 5260 1184 5317 Cor.
1251 5273 1350 5318 xu,
1386 5257 1475 5310 29.
1560 5257 1606 5289 “
1640 5259 1767 5326 Sap.
1819 5272 1857 5320 ι,
1883 5258 1938 5312 4.

2100 5186 2154 5242 8.
2253 5185 2301 5218 ⁸ο
2344 5185 2540 5254 Ephes.
2585 5200 2661 5249 ιν,
2713 5185 2805 5241 28.
2911 5185 3006 5235 “I

2082 5255 2206 5313 Ose.
2236 5272 2290 5321 x,
2320 5256 2408 5312 I2.
2482 5255 2530 5287 “
2567 5255 2589 5309 Ι
2625 5256 2752 5312 Cor.
2808 5269 2925 5322 vm,
2958 5253 3011 5307 5.

2082 4660 2257 4715 δυνον.
2284 4660 2351 4713 Τί
2384 4658 2608 4713 σεαυτὸν
2654 4661 2828 4721 ποιεῖς
2860 4655 3095 4727 ποιμένα
3116 4696 3132 4719 ,
3166 4653 3438 4728 πρόϐατον
3467 4650 3545 4706 ὢν
3571 4668 3586 4717 ;
3614 4651 3681 4704 Τί

2088 4751 2215 4823 γίνῃ
2235 4752 2469 4824 κεφαλὴ,
2499 4734 2634 4813 ποὺς
2660 4750 2948 4820 τυγχάνων
2973 4766 2987 4814 ;
3015 4748 3081 4800 Τί
3110 4748 3439 4819 στρατηγεῖν
3466 4746 3681 4815 ἐπιχει-

2087 4846 2223 4916 ρεῖς,
2253 4845 2589 4915 τεταγμένος
2629 4846 2687 4896 ὲν
2720 4842 3121 4916 στρατιώταιςς
3155 4841 3221 4893 Τί
3242 4840 3311 4893 τὰ
3342 4837 3553 4910 μεγάλα
3582 4837 3681 4890 καὶ

2081 4936 2182 4988 οὐκ
2229 4937 2446 5008 ἀσφαλῆ
2488 4931 2656 5007 κέρδη
2715 4936 2816 5007 τῆς
2865 4934 3143 5004 θαλάσσης
3192 4927 3677 4996 ὲπιδιώκεις(72),

2083 5026 2201 5080 ὲνὸν
2224 5026 2525 5090 ἀκινδύνως
2566 5028 2834 5096 γεωργεῖν
2860 5025 2987 5095 γῆν,
3015 5025 3064 5077 εί
3097 5022 3194 5075 καὶ
3225 5019 3341 5091 (7'5)
3372 5016 3679 5092 κερδαίνοις

2253 5185 2301 5218 ⁸ο
2344 5185 2540 5254 Ephes.
2585 5200 2661 5249 1v,
2713 5185 2805 5241 28.
2911 5182 3006 5254 “HI
3031 5181 3158 5239 Cor.
3187 5196 3298 5246 xw,
3341 5179 3411 5235 29
3454 5189 3510 5235 et
3547 5193 3671 5249 sqq.

2087 5417 2284 5486 legitur
2313 5428 2543 5483 tantum,
2571 5415 2701 5470 ἄλλο
2727 5433 2801 5469 τι.

2160 5489 2271 5559 (70)
2300 5490 2405 5555 Εἰς
2430 5480 2826 5559 κακότεχνον.
2863 5483 2955 5540 Sic
2999 5491 3234 5555 quatuor
3262 5480 3458 5551 Regg.,
3486 5491 3545 5536 et
3572 5480 3667 5537 Or.

2088 5558 2141 5614 1.
2171 5557 2223 5614 lu
2256 5562 2407 5623 edit.,
2438 5559 2513 5623 ὡς
2543 5557 2890 5627 κακότεχνον.

2180 5631 2269 5696 71)
2304 5631 2454 5685 Ἵνα.
2504 5630 2636 5697 Reg.
2667 5629 2725 5687 Ι).
2747 5623 2814 5681 ἐι
2848 5626 2941 5681 0r.
2982 5624 3008 5678 1
3044 5623 3268 5697 addunt,
3296 5623 3413 5697 καί.

2180 5694 2266 5771 72)
2304 5694 2685 5765 Ἐπιδιώκὲις.
2714 5697 2848 5768 Reg.
2881 5699 2993 5761 bm,
3019 5704 3073 5749 et
3234 5695 3286 5759 l,
3320 5694 3565 5771 διώκεις.

2153 5764 2263 5845 (75)
2287 5774 2356 5827 Ei
2385 5774 2503 5827 καί.
2529 5770 2619 5826 Or.
2642 5764 2676 5824 Vl
2704 5771 2768 5827 ad
2802 5764 2999 5837 inarg.,
3036 5765 3126 5818 καὶ
3161 5765 3208 5818 εί
3244 5764 3356 5821 καί.
