3910 6214
218 282 329 339 189

896 285 1160 346 ORATIO
1195 288 1416 350 XXXII.
1454 324 1523 334 -
1561 294 1651 350 DE
1689 296 2194 357 MODERATIONE
2233 301 2301 356 IN
2340 301 2811 361 DISPUTANDO.

3390 311 3498 399 tae

216 390 526 485 eadem”;
561 393 672 485 Καὶ
709 395 758 448 εί
794 395 899 485 ,μὲν
949 398 1091 471 ἀνὴρ
1142 396 1194 453 εἷ
1237 400 1382 455 κατὰ
1420 404 1679 473 Χριστὸν,
1720 408 1815 462 καὶ⁹

1924 420 2119 468 terram
2153 413 2271 469 sine
2310 414 2552 484 periculo
2583 401 2767 472 colere
2800 417 2994 485 liceat,
3037 420 3250 478 etiamsi
3288 425 3498 480 minore

216 482 603 553 γεγύμνασταί
634 501 719 537 σοι
745 484 817 539 τά
848 486 1204 562 αἰσθητήρια,
1232 493 1326 546 καὶ
1363 492 1612 567 λαμπρόν
1641 513 1722 550 σοι
1751 498 1812 559 τὸ

218 573 341 642 φῶς
366 574 466 644 τῆς
505 573 781 641 γνώσεως,
828 577 979 633 λάλει
1020 579 1158 634 Θεοῦ
1189 583 1383 652 σοφίαν
1410 585 1511 656 τὴν
1540 587 1811 660 λαλουμέ-

215 679 323 734 νην
369 666 428 716 ἐν
470 667 588 731 τοῖς
629 667 877 733 τελείοις,
924 672 1019 724 καὶ
1064 672 1169 744 τὴν
1202 676 1708 754 ἀποκεκρυμμένην
1753 685 1812 736 ἐν

222 755 513 828 μυστηρίῳ
533 774 545 786 ·
577 759 671 811 καὶ
715 759 946 831 ταύτην,
979 762 1106 817 ὅταν
1146 766 1337 838 καιρὸν
1367 767 1570 842 λάϐῃς,
1602 772 1695 825 καὶ
1722 791 1813 826 πι-

221 846 478 919 στευθῇς.
526 850 592 902 Τί
620 850 730 922 γάρ
765 852 911 923 ἔχεις
948 856 1101 927 παρὰ
1129 859 1355 912 σεαυτοῦ
1374 902 1390 927 ,
1420 861 1449 914 6
1480 861 1556 934 μὴ
1584 861 1811 932 δέδοται,

222 937 363 1008 μηδὲ
385 938 647 1009 εἴληφαςς
678 941 742 994 Εἰ
770 941 828 995 δὲ
867 942 950 996 ἔτι
984 946 1179 1015 νήπιος
1205 944 1256 1000 εἶ
1294 948 1432 1019 (74),
1479 951 1575 1003 καὶ
1599 968 1813 1023 χαμερ-

220 1027 335 1099 πὴς
358 1027 456 1099 τὴν
485 1028 746 1093 διάνοιαν,
793 1034 889 1086 καὶ
933 1038 1048 1100 τοῖς
1079 1036 1432 1109 ὑψηλοτέροις
1463 1042 1813 1111 προσϐαίνειν

220 1121 325 1191 οὐχ
353 1122 563 1187 ἱκανὸς,
594 1123 756 1192 γενοῦ
793 1126 1112 1198 Κορίνθιος,
1143 1130 1376 1199 γάλακτι
1409 1133 1650 1205 τράφηθι
1674 1135 1811 1205 (75).

222 1213 292 1266 Τί
340 1213 565 1285 χρῄζεις
590 1218 962 1289 στερεωτέρας
1000 1221 1240 1291 τροφῆς,
1286 1222 1353 1293 ἣν
1399 1225 1499 1276 οὑκ
1537 1226 1816 1279 ἀναλίσκει

222 1308 296 1361 τά
331 1309 502 1381 μέλη,
548 1311 641 1364 καὶ
677 1314 823 1363 ποιεῖ
861 1312 1070 1383 τροφὴν
1107 1312 1175 1365 δι’
1203 1312 1526 1381 ἀσθένειαη
1573 1317 1814 1387 Φθέγγου

226 1400 354 1471 μὲν,
400 1401 528 1455 εἴτι
564 1405 816 1473 κρεῖττον
853 1404 1068 1474 σιωπῆς
1103 1404 1248 1477 ἔχεις
1273 1406 1408 1478 (καὶ
1433 1407 1542 1481 γὰρ
1566 1411 1627 1463 τὸ
1658 1411 1813 1477 τάξιν

225 1489 540 1544 στείλασθαι
597 1491 833 1562 χείλεσιν
882 1494 1309 1566 ἐπαινούμενον,
1359 1495 1587 1569 ἐγνως)·
1621 1501 1815 1570 ἀγάπα

223 1580 283 1635 δὲ
322 1582 576 1653 ἡσυχίαν,
608 1583 737 1638 ἔνθα
766 1588 1010 1657 κρεῖττον
1038 1586 1199 1656 λόγου
1241 1588 1302 1641 τὸ
1342 1593 1584 1662 σιωπᾷψ
1627 1596 1722 1648 καὶ
1749 1598 1818 1651 τὰ

1913 518 2036 558 cum
2082 506 2331 574 quaestu?
2382 506 2439 562 Si
2488 508 2572 561 vir
2620 511 2918 565 secundum
2972 512 3252 569 Christum
3298 530 3388 584 es,
3441 525 3498 571 et

1914 607 2105 652 sensus
2130 598 2456 654 exercitatos
2507 601 2675 655 habes
2702 600 2766 665 ⁸⁷,
2814 617 2879 657 ac
2924 603 3206 673 splendido
3257 606 3499 663 scientiae

1914 684 2115 741 lumine
2142 689 2399 755 praeditus
2443 704 2537 754 es,
2592 691 2686 745 Dei
2733 693 3056 761 sapientiam
3090 695 3339 765 loquere,
3379 713 3499 766 quae

1916 776 2055 843 apud
2089 776 2358 846 perfectos
2380 778 2425 811 ’⁵⁸
2459 780 2807 849 praadicatur,
2846 792 2902 837 et
2961 799 3080 853 quae
3132 785 3186 839 in
3241 789 3500 858 mysterio

1916 870 2230 927 abscondita
2264 880 2375 940 est;
2425 873 2588 943 idque
2640 875 2711 928 ita
2762 876 3010 944 demum,
3057 878 3104 933 si
3155 881 3497 936 commodum

1916 970 2128 1033 tempus
2154 972 2343 1019 nactus
2372 963 2560 1031 fueris,
2595 981 2824 1036 eamque
2859 967 2981 1024 ﬁdei
3016 979 3119 1024 tua:
3149 973 3499 1028 commissam

1918 1053 2190 1110 habueris.
2224 1054 2361 1122 Quid
2396 1057 2539 1111 enim
2586 1072 2615 1111 a
2651 1059 2827 1128 teipso
2856 1059 3044 1128 habes,
3088 1062 3231 1130 quod
3269 1063 3364 1119 tibi
3395 1064 3497 1117 da-

1920 1154 2031 1200 tum
2054 1161 2160 1201 non
2181 1146 2362 1213 fuerit,
2396 1156 2450 1202 et
2474 1150 2621 1217 quod
2654 1164 2759 1204 non
2790 1153 3166 1222 acceperis”?
3195 1153 3290 1208 Sin
3315 1163 3499 1209 autem

1918 1246 2076 1293 aetate
2121 1239 2299 1294 adhuc
2348 1249 2533 1295 tenera
2577 1255 2657 1308 es,
2716 1250 2879 1312 alque
2936 1243 3130 1299 humili
3187 1254 3243 1299 et
3293 1246 3504 1316 abjecto

1920 1328 2125 1393 animo,
2151 1330 2464 1400 viribusque
2499 1330 2920 1399 inﬁrmioribus,
2950 1350 3113 1405 quam
3150 1344 3207 1390 ut
3236 1338 3303 1391 ad
3333 1338 3504 1393 subli-

1921 1423 2090 1477 miora
2132 1425 2380 1493 pregredi
2427 1426 2635 1493 possis,
2674 1426 2989 1482 Corinthius
3028 1437 3179 1495 esto,
3234 1430 3366 1485 satis
3404 1432 3501 1485 tibi

1921 1514 1992 1568 sit
2018 1514 2158 1569 lacte
2185 1516 2377 1570 nutriri
2403 1516 2468 1569 '°.
2508 1518 2645 1584 Quid
2681 1518 2994 1574 solidiorem
3025 1520 3205 1574 cibum
3235 1523 3445 1590 expetis
3468 1563 3485 1587 ,

1923 1619 2080 1674 quem
2115 1610 2355 1661 membra
2389 1623 2498 1676 prae
2527 1608 2900 1665 imbecillitate
2929 1612 3219 1679 conﬁcere,
3252 1622 3414 1682 atque
3447 1615 3499 1667 in

226 1675 331 1745 μὲν
371 1678 567 1742 εἰπεῖν,
597 1676 667 1730 τὰ
701 1678 758 1731 δὲ
790 1678 1053 1732 ἀκοῦσαι·
1100 1679 1196 1733 καὶ
1246 1678 1316 1733 τὰ
1363 1683 1460 1752 μὲν
1491 1684 1814 1756 ἐπαινέσαι,

1925 1694 2237 1750 alimentum
2266 1707 2476 1751 vertere
2508 1698 2814 1767 nequeant?
2843 1698 3088 1770 Loquere
3114 1715 3262 1765 sane,
3300 1703 3347 1756 si
3373 1701 3503 1771 quid

225 1767 297 1821 τά
319 1768 377 1821 δὲ
409 1769 485 1840 μὴ
516 1771 728 1842 πικρῶς
759 1770 1215 1842 ἀποπέμψασθαι.

1917 1785 2133 1840 silentio
2168 1786 2360 1841 melius
2401 1796 2456 1841 et:
2498 1788 2853 1843 excellentius
2893 1791 3063 1845 habes
3105 1788 3317 1861 (neque
3351 1793 3497 1846 enim

228 1872 283 1913 te
327 1860 462 1930 fugit
508 1861 651 1915 laudi
705 1863 866 1930 duci,
905 1864 950 1918 si
992 1865 1113 1933 quis
1160 1869 1406 1922 ordinem
1476 1867 1634 1924 labiis
1680 1872 1938 1930 adhibeat
1967 1877 2013 1908 δι
2040 1877 2082 1948 ),
2154 1888 2212 1933 at
2262 1880 2351 1934 ubi
2430 1880 2592 1934 silere
2634 1890 2901 1950 praestat,
2931 1897 3091 1951 quam
3118 1860 3307 1952 loqui,
3336 1882 3502 1937 silen-

229 1953 367 2047 tium
397 1952 779 2047 complectere.
806 1954 982 2047 Atque
1014 1955 1118 2010 alia
1146 1956 1327 2013 dicere
1349 1974 1518 2023 ames,
1558 1960 1665 2015 alia
1702 1965 1918 2034 audire;
1947 1967 2053 2023 alia
2083 1968 2333 2025 laudibus
2359 1958 2613 2037 evehere,
2672 1968 2801 2041 alia,
2867 1985 2975 2026 non
3042 1980 3224 2028 tamen
3272 1975 3502 2047 acerbe,

227 2043 484 2113 ablegare
514 2059 579 2099 ac
612 2044 865 2114 rejicere.’

307 2138 409 2191 IA'.
457 2136 573 2190 Οὐκ
612 2136 725 2190 ῖστε
770 2138 864 2193 τὸν
890 2138 1079 2208 ἀγῶνα
1108 2139 1200 2193 τὸν
1246 2142 1542 2213 ἡμέτερον,
1576 2145 1817 2218 ἀδελφοὶ,

225 2225 337 2279 τῶν
382 2226 634 2298 σοϐαρῶς
671 2227 905 2281 ἐνταῦθα
947 2228 1460 2302 προκαθεζομένων,
1506 2237 1600 2289 καὶ
1645 2238 1819 2292 ταῦτα

224 2316 660 2389 νομοθετούντων
688 2320 816 2390 ὑμῖν
836 2322 949 2385 τοῖς
970 2321 1207 2387 πολλοῖς.
1238 2324 1400 2395 Τάχα
1427 2326 1485 2378 δέ
1513 2328 1635 2381 οὐδὲ
1660 2331 1820 2402 ἡμῶν

226 2413 410 2467 αὐτῶν
470 2415 521 2468 οί
577 2415 798 2480 πλείους
841 2416 1227 2491 γιγνώσκομεν
1289 2421 1352 2493 (ὃ
1405 2423 1502 2475 καὶ
1554 2422 1814 2494 δακρύειν

228 2507 376 2574 ἄξιον
397 2506 441 2578 ),
500 2509 653 2572 ὅπως
703 2503 853 2580 παρὰ
899 2509 1021 2582 Θεῷ
1075 2512 1466 2568 ταλαντεύεται
1516 2517 1612 2569 καὶ
1640 2515 1818 2587 νόημα

227 2602 355 2665 πᾶν,
384 2600 481 2654 καὶ
502 2600 681 2669 λόγος,
704 2603 801 2656 καὶ
827 2602 1046 2675 πρᾶξις·
1079 2606 1173 2659 καὶ
1191 2605 1266 2685 ρύ
1296 2606 1450 2678 παρά
1479 2606 1600 2678 Θεῷ
1628 2607 1811 2680 μόνον,

224 2692 364 2748 ἀλλὰ
402 2693 498 2747 καὶ
529 2693 639 2747 τῶν
681 2692 988 2768 ἀνθρώπων
1022 2698 1137 2760 τοῖς
1169 2696 1475 2760 πλείστοιςο
1511 2699 1560 2751 οἳ
1601 2698 1818 2769 βραδεῖς

230 2785 331 2856 μέν
359 2786 468 2839 εἱσι
503 2785 615 2840 τῶν
648 2786 794 2840 ίδίων
821 2788 1032 2859 κριταὶ,
1058 2791 1246 2859 ταχεῖς
1272 2789 1330 2843 δέ
1373 2788 1482 2843 τῶν
1514 2789 1626 2858 (76)
1659 2790 1819 2844 ἀλλο-

223 2877 397 2949 τρίων
414 2875 723 2943 ἐξετασταὶ,
755 2877 853 2931 καὶ
875 2878 1005 2948 ῥᾷον
1029 2878 1096 2930 ἂν
1115 2878 1296 2943 ἄλλοις
1314 2878 1382 2932 τά
1407 2878 1669 2948 μέγιστα,
1695 2880 1727 2951 ἢ
1750 2880 1819 2932 τὰ

224 2971 490 3041 ἐλάχιστα
532 2972 665 3042 ἡμῖν
709 2972 1125 3042 συγχωρήσαιεν
1157 2971 1303 3042 (77)·
1343 2972 1448 3025 κᾶν
1494 2966 1627 3025 ὦσιν
1669 2971 1820 3043 ἀμα-

224 3060 515 3132 θέστεροι,
567 3061 762 3114 θᾶττον
791 3059 858 3112 ἂν
890 3059 1050 3131 ἡμῶν
1098 3060 1355 3115 ἀσέϐειαν
1400 3063 1742 3129 καταγνοῖεν,
1782 3063 1816 3132 ἢ

226 3152 460 3225 μετρίαν
487 3150 697 3207 ἑαυτῶν
716 3151 959 3221 ἄγνοιαν.
1012 3151 1127 3205 Ούκ
1162 3150 1298 3213 ῐστε,
1326 3151 1555 3221 πηλίκον
1590 3153 1655 3204 ἐκ
1682 3150 1818 3204 Θεοῦ

220 3247 402 3318 δῶρον
433 3249 467 3317 ἡ
503 3245 704 3317 σιωπὴ,
738 3247 835 3299 καὶ
862 3244 922 3298 τὸ
954 3245 1030 3316 μὴ
1065 3244 1313 3316 ἀνάγκην
1345 3235 1637 3315 (78)’ἔχειν
1659 3243 1818 3312 λόγου

220 3340 453 3404 παντὸς,
483 3338 625 3392 ὥστε
666 3339 789 3392 κατ’
822 3337 1094 3403 ἐξουσίαν,
1129 3336 1222 3390 τὸν
1259 3338 1359 3409 μέν
1401 3336 1695 3409 αἱρεῖσθαι,
1728 3337 1820 3390 τὸν

1995 2148 2138 2205 XIV.
2168 2147 2422 2214 Nescitis,
2456 2149 2673 2214 fratres,
2701 2162 2807 2219 qua
2835 2146 3146 2205 difﬁcultate
3169 2164 3503 2220 premamur,

1926 2255 2047 2308 nos,
2083 2240 2337 2310 inquam,
2369 2239 2563 2309 thic
2590 2253 2710 2293 cum
2752 2251 2945 2306 pompa
2980 2250 3035 2294 et
3069 2239 3210 2293 fastu
3250 2239 3509 2309 praeside-

1926 2334 2046 2387 m'us
2083 2342 2247 2400 atque
2270 2332 2384 2385 haec
2411 2330 2598 2396 vobis,
2633 2330 2726 2399 qui
2757 2345 2789 2384 e
2829 2329 2984 2400 plebe
3014 2330 3180 2395 estis,
3208 2331 3362 2400 quasi
3398 2331 3506 2385 lata

1923 2421 2038 2492 lege
2070 2420 2497 2491 promulgamus.
2545 2420 2625 2474 Ac
2657 2419 2891 2475 fortasse
2936 2434 3036 2475 nec
3066 2430 3314 2475 nostrum
3340 2421 3506 2491 pleri-

1922 2528 2028 2584 que
2076 2513 2261 2584 (quod
2312 2513 2478 2567 etiam
2551 2510 2937 2581 deplorandum
2981 2512 3100 2583 est)
3160 2512 3502 2582 intelligunt,

1921 2605 2190 2674 quomodo
2218 2604 2360 2673 apud
2394 2605 2585 2667 Deum,
2616 2612 2671 2657 et
2702 2603 2960 2674 cogitatio
2990 2604 3189 2668 omnis,
3214 2610 3269 2657 et
3298 2617 3500 2668 sermo,

1921 2705 1976 2752 et
2012 2697 2156 2751 actio
2193 2695 2341 2750 velut
2387 2696 2454 2749 ad
2502 2695 2710 2751 lancem
2764 2695 3107 2763 expendatur
3151 2711 3165 2747 :
3212 2708 3315 2748 nec
3359 2695 3500 2763 apud

1923 2788 2090 2844 Deum
2135 2786 2423 2855 duntaxat,
2463 2802 2654 2842 verum
2699 2796 2755 2842 et
2782 2787 2924 2857 apud
2954 2801 3145 2842 omnes
3193 2786 3364 2841 ferme
3401 2787 3503 2841 ho-

1922 2880 2131 2945 mines;
2164 2879 2293 2950 qui,
2355 2893 2480 2934 cum
2516 2894 2698 2935 rerum
2730 2894 2950 2935 suarum
2995 2878 3135 2932 tardi
3179 2878 3290 2933 sint
3339 2876 3506 2948 589

1918 2972 2168 3042 judices,
2215 2970 2514 3025 alienarum
2563 2979 2746 3025 autem
2798 2970 3031 3041 expediti
3075 2977 3202 3024 sunt
3247 2968 3503 3038 explora-

1924 3073 2093 3130 tores,
2128 3064 2395 3132 citiusque
2414 3062 2539 3117 aliis
2569 3062 2891 3132 gravissima
2920 3070 3122 3126 errata,
3152 3075 3316 3129 quam
3348 3059 3507 3114 nobis

1923 3158 2196 3214 levissima
2218 3198 2234 3218 .
2270 3158 2673 3224 concesserint;
2726 3172 2790 3213 ac
2817 3197 2833 3222 ,
2873 3156 2919 3212 si
2960 3154 3326 3225 imperitiores
3361 3155 3505 3218 sint,

1926 3251 2083 3307 nobis
2133 3252 2429 3321 impietatis
2471 3251 2679 3306 crimen
2735 3250 2915 3321 potius
2951 3247 3308 3316 impegerint,
3341 3260 3505 3315 quam

1932 3354 1993 3400 ut
2035 3343 2360 3398 mediocrem
2400 3358 2554 3398 suam
2604 3342 2875 3398 inscitiam
2927 3347 3202 3396 accusent.
3242 3338 3503 3404 Nescitis,

220 3430 283 3484 δὲ
321 3429 438 3501 (79)
467 3428 906 3500 ἀποδιδράσκειν,
951 3430 1044 3482 καὶ
1068 3430 1353 3499 ταμιεύειν
1390 3427 1570 3499 ἐαυτῷ
1609 3429 1702 3483 καὶ
1732 3429 1815 3482 λό-

1924 3444 2184 3495 quantum
2224 3435 2318 3489 Dei
2352 3435 2553 3489 donum
2584 3434 2655 3489 sit
2681 3432 2960 3489 silentium
2982 3472 2997 3498 ,
3029 3446 3095 3486 ac
3124 3431 3379 3500 loquendi
3411 3446 3507 3486 ne-

221 3539 324 3590 γον
368 3521 464 3575 καὶ
513 3522 746 3593 σιωπήν.
798 3522 964 3575 Φύσει
1025 3522 1123 3593 μὲν
1160 3521 1270 3592 γὰρ
1309 3522 1422 3592 (80)
1479 3523 1625 3586 ἄπας
1661 3522 1820 3592 λόγος

225 3610 430 3682 σαθρὸς
481 3611 576 3665 καὶ
632 3611 950 3685 εὐκίνητος,
992 3613 1085 3666 καὶ
1127 3611 1216 3666 διὰ
1257 3613 1349 3667 τὸν
1387 3614 1821 3685 ἀντιμαχόμενον

222 3701 384 3772 λόγον
411 3702 728 3775 ἐλευθερίαν
757 3705 857 3758 οὐκ
883 3704 1023 3774 ἔχων
1043 3720 1058 3735 ·
1089 3707 1118 3758 6
1142 3702 1199 3757 δέ
1228 3705 1358 3775 περὶ
1387 3704 1549 3774 Θεοῦ,
1580 3706 1821 3778 τοσούτῳ

227 3797 453 3869 μᾶλλον,
496 3800 610 3870 ὅσῳ
662 3800 847 3870 μεῖζον
900 3800 961 3853 τὸ
990 3800 1373 3871 ὑποκείμενον,
1433 3800 1528 3854 καὶ
1584 3804 1614 3855 6
1662 3801 1824 3874 ζῆλος

225 3890 452 3956 πλείων,
491 3893 588 3944 καὶ
624 3893 654 3944 6
690 3891 937 3954 κίνδυνος
977 3890 1378 3964 χαλεπώτερος.
1414 3892 1525 3946 Καὶ
1564 3893 1617 3946 τί
1647 3894 1819 3965 φοϐη-

222 3982 446 4047 θέντες,
494 3982 549 4035 τί
583 3981 966 4055 θαρρήσομεν;
995 3983 1140 4050 νοῦν,
1181 3983 1215 4055 ἢ
1249 3983 1431 4052 λόγον,
1465 3984 1500 4056 ἢ
1532 3985 1728 4057 ἀκοὴν,
1760 3986 1818 4038 ἐν

222 4074 377 4144 τρισὶ
425 4076 638 4138 τούτοις
687 4073 782 4129 τοῦ
846 4074 1094 4130 κινδύνου
1145 4074 1505 4143 σαλεύοντος;
1555 4075 1666 4130 Καὶ
1706 4075 1814 4148 γὰρ

224 4168 422 4237 νοῆσαι
453 4168 565 4238 (8|)
592 4168 850 4239 χαλεπὸν,
884 4169 979 4223 καὶ
1008 4169 1346 4241 ἑρμηνεῦσαι
1378 4171 1681 4242 ἀμήχανον,
1716 4172 1815 4225 καὶ

222 4259 400 4330 ἀκοῆς
443 4260 866 4333 κεκαθαρμένης
910 4262 1191 4332 ἐπιτυχεῖν
1232 4261 1343 4332 (82)
1392 4261 1814 4335 ἐργωδέστερον.

1923 3516 2174 3585 cessitate
2205 3530 2430 3585 minime
2461 3526 2815 3584 constrictum
2850 3539 2993 3591 esse,
3027 3525 3099 3579 ita
3140 3535 3199 3580 ut
3227 3540 3326 3594 pro
3364 3525 3512 3579 arbi-

1926 3632 2070 3676 tratu
2098 3621 2327 3675 alterum
2362 3621 2564 3690 eligere
2587 3663 2601 3687 ,
2635 3619 2866 3673 alterum
2912 3619 3098 3689 fugere
3136 3618 3299 3673 liceat
3322 3659 3338 3683 ,
3370 3618 3505 3673 sibi-

1926 3729 2070 3784 que,
2105 3722 2160 3767 et
2206 3714 2513 3781 sermonis,
2547 3721 2604 3767 et
2644 3710 2866 3779 silentii,
2897 3710 3045 3766 velut
3079 3710 3509 3781 dispensatorem

1930 3819 2072 3860 esse.
2100 3804 2235 3858 Nam
2264 3818 2387 3859 cum
2410 3802 2589 3857 onmis
2619 3802 2797 3856 oratio
2826 3808 3018 3871 suapte
3044 3810 3239 3855 natura
3270 3800 3508 3856 imbellis

1928 3895 2019 3959 sit,
2055 3894 2322 3966 facileque
2359 3893 2707 3964 percellatur,
2758 3908 2824 3949 ac
2864 3901 3086 3964 propter
3116 3902 3506 3963 repugnantem

1926 4000 2231 4044 sermonem
2279 3986 2530 4041 libertate
2568 3994 2783 4050 careat;
2831 3993 2942 4038 tum
2983 3999 3114 4039 vero
3158 3999 3256 4051 ea,
3287 3999 3407 4054 quae
3439 3984 3509 4039 de

1924 4079 2034 4134 Deo
2059 4077 2372 4148 suscipitur,
2400 4087 2551 4131 tanto
2576 4077 2694 4147 plus
2716 4078 2879 4131 habet
2904 4074 3265 4143 difﬁcultatis,
3293 4077 3501 4144 quanto

1918 4172 2218 4240 subjectum
2253 4170 2428 4240 majus
2466 4178 2571 4235 est,
2609 4180 2664 4224 et
2705 4169 2854 4223 zelus
2900 4167 3149 4236 amplior,
3181 4177 3236 4223 et
3283 4168 3497 4238 pericu-

1916 4260 2028 4315 lum
2059 4258 2295 4330 gravius.
2341 4259 2481 4325 Quid
2513 4268 2694 4313 autem
2725 4258 3069 4314 metuemus?
3096 4258 3204 4312 Aut
3230 4259 3358 4328 quid
3385 4259 3494 4313 erit

222 4368 297 4406 ex
325 4365 434 4420 quo
466 4351 716 4406 fiduciam
746 4351 1154 4420 concipiemus?
1208 4350 1431 4406 Mensae
1454 4392 1467 4413 ,
1495 4365 1564 4404 an
1591 4366 1806 4417 sermo,
1848 4366 1915 4405 an
1949 4349 2340 4415 auditus,.cum
2373 4352 2425 4404 in
2456 4350 2630 4404 tribus
2661 4349 2746 4403 his
2815 4349 2979 4405 rebus
3044 4350 3341 4418 periculum
3373 4365 3496 4405 ver-

222 4442 420 4499 setur?
449 4441 591 4496 Nam
621 4452 675 4498 et
699 4458 787 4497 res
813 4443 1024 4497 divinas
1051 4453 1233 4498 mente
1282 4443 1540 4513 consequi
1606 4443 1858 4512 arduum,
1899 4453 1954 4499 et
2021 4444 2208 4500 verbis
2237 4444 2509 4515 explicare
2561 4442 2912 4511 perdifﬁcile,
2952 4453 3008 4499 et
3055 4455 3314 4514 purgatas
3342 4457 3509 4499 aures

232 4531 483 4586 nancisci
512 4530 735 4601 majoris
761 4533 963 4588 laboris
990 4542 1045 4587 et
1075 4532 1413 4588 difficultatis
1448 4542 1551 4591 est.

300 4619 403 4675 IE’.
435 4621 558 4684 Φῶς
594 4622 694 4692 μὲν
719 4624 748 4676 6
789 4622 942 4690 Θεὸς,
993 4623 1089 4676 καὶ
1134 4620 1252 4691 φῶς
1283 4621 1344 4676 τὸ
1385 4622 1711 4695 ἀκρότατον,
1754 4641 1815 4678 ου

1992 4622 2111 4678 XV.
2146 4622 2287 4675 Dens
2316 4622 2533 4691 quidem
2576 4621 2670 4674 lux
2714 4630 2818 4682 est,
2866 4631 3028 4690 atque
3067 4620 3205 4675 adeo
3263 4619 3352 4673 lux
3389 4633 3513 4673 om-

221 4715 463 4789 βραχεῖά,
511 4731 599 4777 τις
653 4714 939 4787 ἀπορροὴ,
977 4714 1075 4769 καὶ
1112 4713 1456 4786 ἀπαύγασμα
1503 4715 1655 4769 κάτω
1702 4716 1813 4787 (85)

1925 4717 2071 4770 nium
2102 4716 2517 4781 snblimissima,
2543 4714 2698 4783 cujus
2729 4715 3056 4785 perexiguus
3085 4716 3303 4786 quidam
3333 4700 3517 4778 rivus,-

293 4856 340 4889 "
382 4854 548 4911 Hebr.
600 4871 652 4920 ν,
710 4855 800 4912 ﬂ.
872 4854 918 4931 δέ
973 4852 1146 4911 lCor.
1186 4872 1243 4923 ll,
1292 4855 1346 4910 6.
1412 4855 1458 4887 ‘9
1506 4854 1527 4909 ι
1580 4855 1705 4910 Cor.
1768 4869 1815 4908 ιν

1924 4854 1950 4907 ’.
2030 4853 2077 4884 ⁸ο
2136 4853 2157 4905 Ι
2192 4851 2319 4907 Cor.
2373 4867 2473 4916 ιιι,
2507 4850 2562 4905 2.
2639 4852 2686 4885 ⁸⁸
2723 4851 2886 4909 Prov.
2918 4868 2972 4919 x,
3000 4852 3067 4907 l9

294 4996 512 5069 (ξυλεῖ
536 4992 721 5069 δὲ-ἕτι
742 4993 962 5069 γήραος
986 4992 1059 5052 εἷ.
1093 4994 1188 5052 Sic
1217 4997 1373 5053 codd.
1408 4997 1581 5051 Prave
1604 4996 1660 5069 in
1687 4996 1796 5062 ed.,

215 5070 274 5123 εί
299 5062 373 5120 δὲ
394 5062 534 5120 ’ἐστι
557 5063 796 5131 νήπιος,
827 5062 902 5130 εἷ,
931 5075 1038 5122 etc.
1606 5062 1619 5069 ⁷

1924 5065 2111 5118 livinis
2138 5062 2444 5117 sermbnem
2490 5065 2711 5126 habere,
2741 5075 2795 5118 et
2820 5067 2976 5118 fidem
3000 5065 3292 5131 explicare.

291 5136 411 5207 (75)
436 5135 706 5207 Γάλακτι
727 5134 1001 5207 τρᾴφηθι.
1033 5135 1173 5190 «Lac
1197 5136 1377 5191 cibum
1408 5137 1623 5190 adhibe.

1925 5203 1952 5207 __
1984 5134 2098 5207 (79)
2130 5135 2240 5207 Τὸν
2261 5133 2445 5207 μὲν...
2475 5133 2583 5207 tor
2603 5132 2818 5207 6é._Sic
2851 5149 2957 5189 tres
3004 5134 3196 5203 Regg.,
3233 5134 3327 5189 0r.
3386 5136 3412 5190 1
3453 5147 3510 5193 et

291 5202 408 5277 (76)
439 5206 647 5276 Ταχεῖς
677 5204 747 5277 δὲ
767 5202 1035 5271 τῶντοιο.
1057 5207 1177 5260 Bill.
1207 5222 1221 5258 :
1257 5226 1276 5257 ‹
1310 5209 1362 5260 in
1394 5207 1587 5262 alienis
1627 5216 1806 5261 tamen

1924 5202 2104 5277 Colnb.
2145 5202 2347 5277 In_ed.,
2374 5206 2435 5256 τὸ
2470 5203 2639 5277 μὲντ.
2672 5204 2839 5277 τὸῗδέ.

215 5273 528 5335 censoriam
541 5273 807 5346 virgulam
834 5277 1118 5332 celerrime
1137 5276 1425 5346 arripiunt.
1458 5294 1476 5328 ι
1551 5345 1561 5346 ί
1988 5275 2102 5345 (80)
2135 5273 2283 5342 Γάρ.
2311 5273 2480 5346 Deest
2483 5276 2548 5346 _in
2582 5274 2712 5342 Reg.
2736 5276 2768 5328 b
2796 5273 2958 5346 etOr.
2994 5274 3043 5328 ι.

293 5347 410 5419 (77)
452 5341 948 5419 Συγχῶρήσαιεν.
988 5348 1081 5402 Sic
1140 5341 1268 5403 tres'
1306 5348 1498 5418 Regg.,
1533 5345 1629 5403 Or.
1673 5346 1702 5401 1
1755 5355 1811 5402 et

1993 5341 2235 5419 (8i)Kal
2260 5342 2371 5419 γὰρ
2396 5341 2640 5419 νοῆσαι,
2667 5341 2772 5419 etc.
2800 5344 2955 5398 Plato
2992 5347 3041 5397 in
3068 5343 3293 5419 Timere,
3324 5354 3378 5399 et
3415 5344 3509 5402 Ci-

452 5416 507 5469 In
539 5414 1113 5504 ed.,ménwpﬁcstsv.
1299 5486 1345 5504 ν
1390 5414 1446 5418 ”
1484 5414 1517 5498 ν.
1625 5486 1637 5498 .
1922 5414 2155 5504 certgmbe
2177 5415 2547 5504 ,tﬁtiversitqte,
2577 5416 2821 5504 e‘a‘ntdem
2846 5416 3173 5504 sententiam
3198 5417 3433 5504 (habent.

290 5486 408 5560 (78)
448 5486 560 5542 Καὶ
578 5488 646 5560 t6
662 5486 749 5557 μὴ
779 5486 1077 5560 ἀνάγκην,
1102 5496 1207 5560 etc.
1239 5506 1259 5540 ι
1299 5486 1411 5560 Nec
1436 5486 1670 5560 cujusvis
1695 5502 1815 5560 ser-

218 5557 403 5615 monis
426 5557 754 5613 necessitate
781 5559 1104 5629 constringi,
1136 5559 1207 5629 ita
1248 5567 1307 5611 ut
1343 5558 1569 5612 liberam
1621 5558 1820 5629 habeat
1919 5559 2055 5627 χεῖν.

216 5630 560 5693 facultatem,
612 5642 794 5700 quem;
835 5626 1111 5700 maluerit,
1139 5627 1532 5700 eligendiaut
1567 5628 1815 5693 cavendi,

1924 5626 1951 5627 ”
1996 5626 2127 5700 (85)
2153 5629 2544 5699 ,Ἀπαύγασμα
2610 5627 2783 5682 κάτω.
2821 5627 2910 5681 Sic
2952 5627 3083 5700 Reg.
3118 5629 3227 5698 but,
3252 5631 3417 5688 Coisl.
3471 5633 3502 5690 1

218 5701 439 5770 sibique
460 5706 530 5770 _et
558 5698 848 5770 sermonis,
880 5707 935 5752 et
970 5699 1193 5762 silentii,
1221 5697 1817 5770 velutdispensatorem
1920 5707 1975 5755 et
2006 5698 2060 5766 ‘2,
2092 5697 2190 5755 Or.
2230 5700 2278 5768 l,
2305 5697 2410 5757 etc.
2437 5697 2597 5759 Deest
2619 5701 2769 5754 κάτω
2810 5700 2860 5754 in
2890 5701 2976 5755 ed.

218 5768 364 5827 esse.
398 5789 420 5825 ι
455 5768 533 5825 De
566 5768 658 5825 illo
696 5784 933 5840 namque
967 5770 1208 5840 loquitur
1235 5768 1551 5840 Gregorius,
1586 5770 1676 5839 qui
1710 5785 1817 5824 non

1908 4995 2062 5050 sedet
2096 4994 2148 5047 in
2179 4993 2424 5063 magistri
2459 4992 2755 5059 cathedra,
2800 4995 2884 5048 cui
2940 4993 3203 5048 incumbit
3246 4993 3313 5048 de
3347 4995 3511 5053 rebus

1994 5483 2107 5557 (82)
2177 5483 2539 5554 Ἐπιτυχεῐν.
2601 5482 2790 5539 Plures
2856 5485 3022 5555 llegg.
3090 5496 3146 5541 et
3195 5486 3290 5542 0r.
3329 5492 3380 5553 1,
3409 5503 3505 5541 τυ-
