3910 6214
429 299 525 356 191
1643 300 1704 359 S.
1750 301 2079 359 GREGORH
2121 301 2465 358 TIIEOLOGI

3594 304 3691 358 192

424 430 491 470 ac
522 413 707 470 radius
769 413 838 470 ad
895 415 1151 497 inferiora
1216 417 1552 489 pertingens,
1605 428 1691 473 est
1747 420 1929 475 lumen
1966 420 2017 475 id

2125 419 2348 491 φθάνον,
2374 418 2491 489 φῶς
2514 419 2682 486 ἅπαν,
2710 420 2815 475 κᾶν
2842 420 3236 495 ὑπέρλαμπρον
3271 422 3530 492 φαίνηται
3547 438 3559 452 ·
3585 412 3689 476 ἀλλ’

425 519 588 562 omne
620 506 764 576 quod
800 506 1101 574 cernimus,
1138 510 1489 578 quantumvis
1540 509 1880 580 splendidum
1931 513 2012 568 vi-

426 598 652 665 deatur;
709 597 825 664 sed,
887 606 946 652 ut
975 598 1148 666 vides,
1185 600 1472 671 caliginem
1526 612 1768 656 nostram
1820 603 2013 669 calcat,

426 704 491 744 ac
530 689 788 745 tenebras
826 690 1114 746 latibulum
1153 707 1313 747 suum
1346 693 1526 760 posuit
1552 694 1623 761 ⁵²,
1650 709 1852 765 easque
1876 695 2017 751 inter

424 795 485 835 se
547 795 612 836 ac
655 796 775 848 nos,
833 784 1288 851 quemadmodum
1342 784 1473 840 olim
1532 786 1743 859 Moyses
1772 786 2013 842 velamen

425 875 571 927 inter
612 889 672 928 se
717 876 1100 931 et’obduratos
1157 876 1456 944 lsraelitas,
1509 878 1784 948 interiecit
1826 879 1895 946 ⁵³,
1949 894 2017 935 ne

427 966 722 1036 sepositam
760 981 826 1022 ac
856 969 1193 1023 reconditam
1230 969 1719 1040 pulchritudinem,
1747 985 1853 1040 qua
1885 986 2019 1041 pau-

425 1056 474 1110 ci
506 1057 649 1126 digni
686 1064 836 1123 sunt,
866 1056 1160 1128 caliginosa
1195 1068 1393 1115 natura
1448 1060 1608 1117 facile
1648 1062 1849 1130 videat,
1884 1062 2018 1116 faci-

316 1186 327 1199 ,
423 1148 583 1219 leque
634 1148 945 1216 huiusmodi
997 1162 1255 1221 aspectus
1307 1167 1532 1222 compos
1599 1152 1817 1219 eﬂ'ecta,
1857 1153 2017 1211 facile

423 1254 640 1310 quoque
686 1248 914 1311 propter
966 1241 1304 1312 adipiscendi
1364 1242 1685 1300 facilitatem
1742 1245 1954 1300 amittat
1998 1264 2013 1302 :

422 1345 610 1385 verum
643 1329 822 1386 lumen
850 1346 974 1387 cum
1015 1332 1245 1399 lumine,
1280 1347 1497 1405 semper
1528 1335 1581 1390 in
1632 1336 1864 1391 sublime
1922 1351 2018 1406 per

422 1422 805 1491 appetitionem
835 1422 1107 1491 trahente,
1141 1434 1411 1487 versetur,
1453 1439 1517 1480 ac
1556 1440 1731 1493 mens,
1762 1427 2015 1481 vitiorum

423 1513 651 1569 maculis
673 1523 986 1584 repurgata,
1024 1517 1331 1585 purissimae
1370 1518 1538 1572 menti
1564 1518 1847 1590 jungatur,
1888 1534 2017 1589 par-

426 1604 634 1672 timque
667 1619 814 1659 nunc
849 1605 1010 1660 nobis
1040 1605 1245 1677 aliquid
1276 1617 1558 1676 appareat,
1607 1608 1802 1677 partim
1835 1619 2017 1663 autem

2117 514 2253 584 ὁρᾷς
2273 551 2288 576 ,
2327 512 2527 582 γνόφον
2576 515 2740 567 πατεῖ
2786 511 2899 584 (84)
2945 513 3037 567 τὸν
3078 513 3366 585 ⁴ἡμέτερον,
3408 514 3502 567 καὶ
3531 514 3691 568 ⁸ἔθετο

2121 603 2315 667 σκότος
2347 603 2676 675 ἁποκουφὴν
2708 602 2872 656 αὐτοῦ
2893 643 2908 668 ,
2947 602 3111 673 μέσον
3155 602 3321 657 αὐτοῦ
3363 604 3476 674 (85)
3516 621 3574 657 τε
3606 606 3691 658 καὶ

2118 694 2277 767 ἡμῶν
2311 694 2460 760 θεὶς,
2489 693 2680 766 ὥσπερ
2727 695 2822 748 καὶ
2867 695 3110 765 Μωῦσῆς
3148 695 3317 748 πάλαι
3347 695 3409 749 τὸ
3440 696 3690 768 κάλυμμα

2120 786 2315 842 ἑαυτοῦ
2345 805 2405 841 τε
2431 788 2526 842 καὶ
2550 788 2653 858 τῆς
2681 785 2996 858 πωρώσεως
3025 786 3260 858 Ἰσραὴλ,
3283 787 3370 840 ἴνα
3397 786 3472 858 μὴ
3506 788 3692 859 ῥᾳδίως

2122 880 2208 954 ἴδῃ
2239 880 2490 953 σκοτεινὴ
2518 879 2681 950 φύσις
2717 878 2779 933 τὸ
2808 878 3071 933 ἀπόθετον
3112 879 3309 944 κάλλος
3332 921 3348 944 ,
3378 881 3474 934 καὶ
3510 879 3693 948 ὀλίγων

2120 974 2292 1039 ἄξιον,
2332 973 2468 1044 μηδὲ
2504 972 2703 1046 ῥᾳδίως
2741 971 2998 1042 έπιτυχὸν
3039 971 3174 1043 (86),
3205 971 3404 1044 ῥᾳδίως
3436 973 3532 1026 καὶ
3565 973 3695 1025 ἀπο-

2119 1064 2262 1138 ϐάλῃ
2303 1065 2393 1119 διὰ
2425 1064 2525 1136 τὴν
2567 1064 2817 1118 εὐκολίαν
2850 1065 2951 1135 τῆς
2988 1066 3271 1137 κτήσεως*
3322 1063 3438 1133 φῶς
3489 1063 3599 1135 (87)
3643 1063 3696 1116 δὲ

2118 1158 2356 1230 ὁμιλήσῃ
2381 1159 2541 1227 φωτὶ,
2575 1158 2664 1212 ἀεὶ
2687 1159 2824 1231 πρὸς
2856 1159 2918 1212 τὸ
2943 1157 3077 1228 ὕψος
3099 1158 3310 1211 ἕλκοντι
3338 1156 3426 1210 διὰ
3448 1157 3548 1228 τῆς
3581 1156 3698 1224 ἐφέ-

2123 1268 2282 1316 σεως,
2321 1251 2417 1304 καὶ
2445 1249 2569 1314 νοῦς
2596 1250 2877 1324 πλησιάσῃ
2901 1250 2981 1321 τῷ
3017 1248 3398 1321 καθαρωτάτῳ
3427 1247 3695 1320 κεκαθαρ-

2123 1342 2304 1413 μένος,
2336 1340 2433 1394 καὶ
2461 1340 2522 1392 τὸ
2557 1340 2657 1411 μὲν
2690 1340 2817 1411 ἄρτι
2855 1342 2994 1410 φανῇ
3016 1380 3030 1405 ,
3074 1338 3134 1391 τὸ
3161 1337 3219 1391 δὲ
3256 1336 3503 1408 ὕστερον,
3544 1332 3698 1391 ἆθλον

2119 1433 2323 1505 ἀρετῆς
2357 1432 2453 1485 καὶ
2476 1432 2578 1503 τῆς
2603 1431 2853 1485 ἐντεῦθεν
2873 1431 3011 1499 πρὸς
3032 1429 3165 1483 αὐτὸ
3186 1429 3298 1500 (88)
3332 1429 3593 1496 νεύσεως,
3621 1430 3698 1481 εῐ-

2120 1542 2247 1580 τουν
2295 1522 2690 1594 ἐξομοιώσεως.
2724 1521 3039 1592 Βλέπομεν
3075 1523 3188 1592 γὰρ
3226 1520 3377 1590 ἄρτι,
3425 1523 3579 1591 φησι,
3626 1521 3698 1575 δι’

2120 1618 2420 1686 ἐσόπτρου
2469 1616 2568 1670 καὶ
2610 1616 2682 1670 ἐν
2711 1615 3046 1685 αἰνίγματι,
3086 1614 3222 1667 τότε
3266 1613 3335 1667 δὲ
3382 1615 3701 1682 πρόσωπον

423 1705 633 1768 postea,
703 1698 809 1753 hoc
857 1696 1075 1752 scilicet
1132 1699 1373 1762 virtutis,
1428 1700 1912 1770 propensiorisque
1962 1701 2017 1756 in

2125 1708 2276 1780 πρὸς
2303 1710 2629 1778 πρόσωπον
2651 1726 2666 1742 ’
2708 1707 2839 1778 ἄρτι
2874 1707 3146 1777 γινώσκω
3182 1707 3251 1761 ἐκ
3290 1705 3534 1777 μέρους,
3573 1708 3702 1760 τότε

423 1792 595 1847 Deum
633 1793 829 1862 animi,
857 1807 952 1849 seu
975 1806 1248 1861 expressae
1283 1792 1430 1849 illius
1460 1795 1831 1850 similitudinis
1878 1811 2012 1864 prae-

2125 1771 2189 1855 δέ
2227 1771 2636 1873 ἐπιγνώσομαι
2675 1771 2894 1866 καθὼς,
2923 1799 3024 1854 καί
3066 1771 3614 1868 ἐπεγνώοάην.Καὶ
3641 1798 3702 1852 τὸ

422 1883 592 1937 mium
621 1882 825 1939 ferens.
854 1882 1104 1938 Videmus
1133 1885 1271 1939 enim
1302 1902 1460 1949 nunc,
1487 1887 1684 1955 inquit,
1714 1904 1807 1955 per
1826 1905 2015 1958 specu-

421 1971 532 2026 lum
570 1982 618 2027 et
648 1975 705 2026 in
735 1974 1012 2044 wnigmate
1032 1990 1051 2028 :
1083 1983 1208 2028 tunc
1224 1984 1398 2029 autem
1434 1974 1598 2047 59o
1649 1977 1785 2047 facie
1841 1981 1909 2033 ad
1932 1978 2016 2049 fa-

421 2064 574 2118 ciem.
599 2063 756 2117 Nunc
769 2080 1023 2134 cognosco
1040 2080 1105 2119 ea:
1131 2073 1282 2133 parte
1304 2080 1324 2119 :
1352 2076 1477 2119 tunc
1505 2076 1679 2120 autem
1705 2084 2015 2138 cognoscam

421 2156 557 2210 sicut
606 2166 654 2210 et
688 2157 930 2226 cognitus
970 2172 1089 2211 sum
1116 2156 1185 2213 ⁵⁸.
1237 2157 1453 2223 Quanta
1481 2167 1565 2212 est
1608 2158 1789 2213 vilitas
1829 2168 2014 2214 nostra

422 2258 479 2304 et
505 2247 777 2317 abjectio!
820 2247 1033 2316 Quanta
1090 2264 1280 2305 rursus
1305 2249 1656 2319 pollicitatio!
1692 2252 1856 2306 Deum
1886 2265 2017 2320 per-

420 2339 549 2396 inde
560 2353 906 2410 cognoscere,
926 2347 982 2394 ut
995 2339 1195 2411 cogniti
1214 2354 1421 2396 sumus.
1438 2340 1558 2396 llaec
1572 2340 1769 2398 Paulus
1788 2357 2016 2413 magnus

423 2434 515 2489 ille
547 2434 795 2489 veritatis
843 2448 1045 2504 praeco,
1087 2434 1333 2502 gentium
1393 2436 1445 2491 iu
1503 2435 1609 2491 ﬁde
1662 2436 1919 2506 magister
1947 2436 2014 2501 ",

2119 1894 2374 1948 ταπεινὸν
2399 1892 2556 1964 ἡμῶν
2583 1893 2742 1947 ὃσονῑ
2774 1892 2871 1946 καὶ
2902 1894 2935 1964 ἡ
2964 1890 3264 1961 ἐπαγγελία
3294 1890 3530 1960 πηλίκηέ
3562 1890 3701 1960 γνῶ-

2121 2001 2208 2039 ναι
2237 1983 2372 2039 Θεὸν
2398 1983 2676 2048 τοσοῦτον,
2708 1984 2831 2037 ὅσον
2863 1980 3205 2052 ὲγνὼσμεθα.
3233 1979 3419 2035 Ταῦτα
3438 1979 3650 2044 Παῦλος
3675 1983 3703 2035 ὁ

2124 2076 2295 2148 μέγας
2324 2075 2500 2146 κῆρυξ
2538 2074 2639 2146 τῆς
2671 2075 2961 2146 ἀληθείας,
3000 2075 3028 2127 6
3074 2073 3186 2127 τῶν
3220 2072 3390 2127 ἐθνῶν
3430 2074 3489 2126 ὲν
3527 2072 3704 2127 πίστει

2122 2167 2468 2231 διδάσκαλος,
2497 2169 2526 2221 6
2552 2166 2645 2220 τὸν
2673 2167 2841 2220 πολὺν
2861 2166 3061 2221 κύκλον
3082 2164 3177 2219 τοῦ
3204 2164 3539 2235 Εὑαγγελίου
3568 2165 3706 2235 πλη-

2127 2255 2328 2329 ρώσας,
2359 2258 2388 2311 6
2424 2256 2502 2329 μὴ
2532 2256 2678 2327 άλλῳ
2713 2256 2822 2310 τινὶ
2861 2257 2993 2324 ζῶν,
3028 2257 3062 2328 ἢ
3093 2255 3336 2328 Χριστῷ,
3360 2258 3391 2311 6
3426 2256 3586 2328 μέχρι
3614 2256 3707 2310 ού·-

2126 2346 2286 2419 ρανοῦ
2336 2349 2520 2419 τρίτου
2554 2348 2800 2418 φθάσας,
2849 2350 2878 2403 6
2914 2349 3008 2402 τοῦ
3053 2348 3385 2421 παραδείσου
3415 2347 3703 2420 θεατὴςοξ

2123 2438 2305 2492 ποθῶν
2334 2439 2426 2493 διὰ
2450 2439 2548 2512 τὴν
2572 2439 2892 2512 τελειότητα
2928 2440 3026 2511 τὴν
3060 2440 3341 2496 ἀνάλυσιν.

421 2526 514 2597 qni
545 2525 939 2597 amplissimum
975 2528 1162 2583 orbem
1211 2529 1504 2602 Evangelio
1534 2530 1777 2600 implevit
1803 2531 1872 2596 ⁸⁶;
1923 2531 2016 2601 qui
2055 2532 2185 2587 nulli
2228 2534 2342 2599 alii,
2368 2550 2530 2605 quam
2557 2534 2801 2602 Christo,
2837 2535 2973 2589 vixit
3002 2536 3095 2600 ιη’,
3135 2536 3228 2604 qui
3266 2548 3440 2605 usque
3496 2536 3562 2588 ad
3594 2541 3708 2588 ter-

421 2621 561 2675 tium
590 2619 785 2675 coelum
834 2621 1140 2689 penetravit
1182 2621 1255 2688 δ’,
1307 2624 1402 2693 qui
1446 2623 1687 2694 paradisi
1739 2632 2016 2694 spectator
2055 2622 2158 2680 fuit
2184 2625 2254 2692 ⁸⁸,
2280 2627 2373 2695 qui
2433 2625 2669 2697 denique
2736 2627 3088 2698 perfectionis
3140 2641 3306 2683 causa
3340 2626 3709 2681 dissolutionis

421 2711 693 2767 desiderio
724 2709 990 2782 ﬂagrabat
1022 2713 1091 2768 ".

494 2805 638 2863 XVI.
671 2809 753 2864 Ac
778 2807 993 2897 Moyses
1029 2809 1250 2879 quidem
1284 2811 1381 2866 Dei
1429 2811 1732 2881 posteriora
1784 2826 1883 2882 per
1920 2825 2015 2880 pe-

424 2909 568 2956 tram
596 2901 686 2955 vix
723 2901 1011 2972 conspexit
1032 2903 1078 2935 ⁸⁸
1120 2903 1143 2972 (
1173 2918 1518 2974 quaecunque
1573 2904 1789 2960 tandem
1835 2912 2020 2975 poste—

424 2996 570 3047 riora
611 2992 705 3050 illa
750 3001 930 3057 erant,
962 3003 1018 3049 et
1057 3008 1400 3065 quaecunque
1433 2994 1632 3065 petra),
1676 2995 1838 3065 idque
1892 3009 2015 3049 cum
2045 3027 2088 3087 α

426 3085 659 3140 multum
706 3096 962 3156 precatus
990 3094 1160 3153 esset,
1182 3100 1244 3141 ac
1270 3087 1524 3156 promissi
1550 3101 1771 3157 compos
1798 3087 1973 3143 factus
1998 3102 2014 3142 :

429 3176 535 3231 nisi
565 3178 709 3247 quod
744 3191 852 3232 non
903 3185 1137 3242 tantum,
1184 3186 1446 3247 quantum
1502 3178 1814 3248 exoptabat,
1860 3179 2015 3248 vidit,

426 3267 655 3338 plusque
676 3268 807 3323 illud
834 3267 956 3335 fuit,
981 3270 1126 3339 quod
1153 3285 1277 3324 eum
1303 3269 1462 3342 fugit,
1487 3285 1649 3341 quam
1673 3271 1817 3341 quod
1849 3271 2017 3342 ipsius

428 3359 598 3413 oculis
628 3375 749 3416 sese
779 3359 1004 3430 objecit;
1034 3361 1266 3434 Moyses,
1302 3362 1545 3433 inquam,
1602 3364 1693 3433 qui
1720 3362 2019 3419 Pharaonis

432 3452 579 3507 Deus
602 3464 743 3520 erat,
777 3455 868 3525 qui
906 3465 1114 3509 tantam
1149 3455 1430 3511 hominum
1477 3455 1876 3512 multitudinem
1922 3458 2019 3512 du-

433 3545 642 3611 ctabat,
679 3547 770 3615 qui
806 3556 1013 3602 tantam
1036 3547 1423 3603 miraculorum
1452 3547 1561 3602 vim
1598 3549 2017 3605 demonstrarat.

433 3633 516 3689 Tu
543 3649 695 3702 vero,
718 3650 984 3705 quosnam
1012 3652 1241 3706 usquam
1295 3637 1510 3692 caelitus
1564 3637 1787 3692 alnisti?
1847 3638 2018 3704 Quam

435 3740 631 3795 aquam
677 3741 710 3782 e
746 3736 897 3796 petra
955 3728 1211 3784 extudisti
1245 3729 1327 3782 “7
1362 3728 1515 3795 Quod
1543 3744 1693 3783 mare
1728 3729 1875 3796 virga
1935 3729 2020 3780 di-

433 3816 745 3887 rupisti“?
806 3816 976 3884 Quem
1041 3818 1295 3889 populum
1362 3834 1459 3889 per
1506 3834 1713 3888 aquas,
1766 3827 2020 3887 tanquam

436 3923 533 3979 per
577 3910 809 3973 aridam,
872 3911 1265 3967 transmisisti?
1321 3911 1468 3978 Quos
1518 3912 1702 3966 hostes
1770 3910 2021 3966 ﬂuctibus

435 4002 699 4057 obruisti?
747 4002 895 4069 Quos
956 4018 1053 4072 per
1093 4003 1233 4073 ignis
1259 4011 1320 4057 et
1363 4002 1520 4058 nubis
1576 4002 1879 4057 columnam
1910 4003 2023 4071 .de-

435 4092 638 4149 duxisti
673 4093 757 4147 ‘3?
796 4092 943 4159 Quos
966 4093 1298 4150 Amalecitas
1326 4110 1420 4164 per
1456 4095 1781 4160 orationem,
1815 4103 1867 4149 et
1908 4110 2021 4148 ma-

436 4200 603 4239 nuum
644 4186 1025 4242 extensionem
1049 4188 1116 4252 6‘,
1140 4203 1204 4242 ac
1233 4203 1449 4243 crucem
1475 4197 1627 4243 tanto
1649 4198 1773 4242 ante
1797 4189 2022 4258 mystice

436 4276 839 4344 adumbratam,
880 4277 1071 4334 fudisti
1110 4289 1166 4335 et
1211 4278 1528 4350 proﬂigasti,
1581 4290 1639 4333 ut
1696 4279 1892 4333 misere
1941 4287 2021 4332 te-

2195 2814 2313 2880 Iq'.
2351 2812 2464 2866 Καὶ
2515 2812 2760 2881 Μωῦσῆς
2807 2812 2907 2882 μὲν
2953 2809 3065 2883 (89)
3111 2810 3264 2880 μόλις
3301 2804 3408 2862 εἶδε
3457 2808 3592 2862 Θεοῦ
3639 2807 3711 2861 τά

2124 2904 2350 2959 ὀπίσθια
2377 2904 2466 2960 διὰ
2487 2906 2586 2976 τῆς
2616 2905 2821 2974 πέτρας
2847 2904 2865 2973 (
2881 2903 3037 2959 ἆτινα
3068 2902 3243 2957 ταῦτά
3281 2903 3420 2967 ἐστι,
3455 2902 3552 2956 καὶ
3586 2901 3711 2973 ἥτις

2125 2998 2449 3069 ήπέτρα),
2510 2997 2606 3050 καὶ
2645 2995 2820 3049 ταῦτα
2872 2994 3043 3048 πολλά
3095 2994 3339 3065 δεηθεὶς,
3394 2994 3492 3047 καὶ
3530 2991 3709 3062 τυχὼν

2123 3087 2507 3157 ὑποσχέσεως·
2561 3085 2699 3157 πλὴν
2739 3087 2822 3139 ὅτι
2870 3085 2983 3156 μὴ,
3038 3085 3160 3138 ὅσον
3214 3083 3503 3154 ἐπόθησεν,
3547 3079 3707 3145 εἶδεν,

2120 3178 2259 3234 ἀλλά
2299 3178 2462 3232 πλέον
2506 3176 2620 3249 (90)
2654 3175 2750 3230 τοῦ
2798 3176 3203 3246 φαντασθέντος
3234 3171 3302 3246 ἦν
3344 3174 3373 3228 ὃ
3418 3174 3705 3243 διέφυγεν

2120 3270 2384 3342 Μωῦσῆς,
2417 3273 2446 3323 6
2478 3269 2573 3324 τοῦ
2606 3268 2810 3340 Φαραὼ
2838 3268 2991 3335 Θεὸς,
3019 3269 3048 3320 ὁ
3084 3267 3337 3321 τοσοῦτον
3374 3266 3523 3336 ἄγων
3557 3266 3706 3329 λαὸν,

2121 3366 2150 3417 ὁ
2180 3361 2514 3434 τηλικαύτην
2540 3362 2786 3433 σημείων
2818 3360 3224 3431 ἐπιδειξάμενος
3247 3358 3493 3430 δύναμιν.
3525 3360 3598 3411 Σὺ
3627 3357 3709 3421 δὲ,

2121 3452 2275 3517 τίνας
2309 3451 2547 3523 ἔθρεψας
2590 3451 2651 3516 ἐξ
2701 3450 2966 3522 ούρανοῦ;
3006 3452 3163 3503 Ποῖον
3200 3448 3344 3520 ὕδωρ
3389 3450 3454 3502 ἐκ
3500 3448 3713 3520 πέτρας
3782 3482 3786 3485 ς

2121 3544 2363 3608 δέδωκας
2390 3542 2540 3613 (91);
2571 3543 2739 3596 Ποίαν
2770 3541 3003 3614 ἕρῤηξας
3026 3541 3299 3595 θάλασσαν
3323 3540 3504 3613 ῥάϐδῳ
3528 3557 3544 3604 ;
3574 3540 3715 3594 Τίνα

2122 3635 2250 3688 λαὸν
2292 3634 2554 3706 διήγαγες
2592 3633 2669 3697 ὡς
2707 3633 2796 3686 διὰ
2832 3633 3002 3704 ξηρᾶς
3036 3632 3137 3702 τῆς
3178 3633 3383 3703 ὑγρᾶς;
3413 3631 3580 3694 Τίνας
3621 3632 3717 3701 ἑχ-

2123 3725 2288 3797 θροὺς
2340 3724 2771 3789 κατεπόντισας;
2799 3724 2965 3786 Τίνας
2988 3723 3163 3793 στύλῳ
3193 3723 3365 3794 πυρὸς
3405 3724 3496 3777 καὶ
3545 3723 3713 3792 νεφέ-

2122 3817 2218 3887 λης
2242 3816 2529 3888 ὡδήγησας
2553 3835 2567 3884 ;
2595 3816 2729 3871 Τίνα
2768 3816 3227 3887 κατεπολέμησας
3264 3816 3511 3887 Ἀμαλὴκ
3546 3816 3713 3887 εὐχῇ,

2123 3907 2219 3960 καὶ
2248 3906 2449 3978 χειρῶν
2484 3906 2708 3960 ἐκτάσει
2728 3947 2743 3970 ,
2779 3906 2874 3958 καὶ
2912 3904 2991 3976 τῷ
3024 3904 3243 3977 σταυρῷ
3274 3905 3717 3978 προτυπουμένῳ

2125 3998 2408 4071 πόρῤωθεν
2440 3998 2754 4069 μυστικῶς,
2802 3997 2868 4053 ἵν’
3000 4015 3081 4051 σοι
3115 3996 3368 4068 συμφορά
3408 3996 3470 4048 τὸ
3508 3996 3587 4066 μὴ
3622 4013 3718 4047 τε-

2123 4092 2284 4155 λείως
2317 4090 2645 4146 καταλαϐεῖν
2694 4088 2806 4159 (92)
2850 4090 3015 4157 Θεὸν,
3057 4090 3152 4144 καὶ
3199 4088 3288 4143 διὰ
3328 4087 3488 4141 τοῦτο
3527 4087 3717 4141 πάντα

2122 4182 2341 4252 δονῆται
2365 4224 2379 4245 ,
2434 4183 2529 4236 καὶ
2563 4183 2674 4236 ἄνω
2708 4182 2803 4236 καὶ
2837 4183 2989 4236 κάτω
3017 4182 3251 4253 φέρηται
3275 4178 3423 4253 (9'5);
3465 4180 3622 4232 Ἐπεὶ
3653 4179 3718 4233 δὲ

2124 4272 2403 4336 Μωῡσέως
2441 4272 2721 4343 ἐμνήσθην
2741 4312 2757 4336 ,
2787 4272 2887 4325 οὐκ
2918 4271 3120 4342 ἔμαθες
3147 4270 3394 4325 ἐντεῦθεν
3431 4271 3720 4341 χαρίσμα-

436 4384 559 4423 cum
587 4377 642 4425 et
673 4371 988 4426 calamitose
1017 4372 1102 4441 agi
1161 4379 1340 4441 putes,
1381 4370 1525 4438 quod
1562 4369 1717 4439 plene
1748 4383 1812 4422 ac
1842 4366 2017 4437 perfe-

2125 4382 2215 4428 τος
2238 4364 2564 4418 ἀκολουθίαν
2586 4364 2682 4418 καὶ
2707 4364 2870 4435 νόμον
2890 4364 3125 4429 τάξεως
3150 4364 3214 4417 Εί
3242 4363 3338 4434 μὲν
3361 4358 3411 4415 εἷ
3437 4363 3715 4433 Maias-73g,

436 4470 523 4515 cte
550 4460 719 4515 Deum
767 4477 873 4517 non
906 4461 1360 4532 comprehendas,
1387 4472 1549 4531 atque
1582 4461 1784 4517 idcirco
1832 4457 2012 4513 omnia

437 4553 531 4606 tibi
570 4553 796 4620 moveri,
828 4568 892 4608 ac
918 4568 1130 4609 sursum
1162 4555 1527 4621 deorsumque
1558 4552 1750 4620 iactari
1784 4551 2013 4605 videan-

2121 4456 2216 4509 καὶ
2274 4456 2372 4526 τῆς
2409 4456 2638 4526 νεφέλης
2690 4456 2820 4509 εἴσω
2881 4455 3156 4527 χώρησον,
3209 4456 3307 4509 καὶ
3341 4454 3492 4509 λάλει
3557 4457 3714 4527 Θεῷ,

2123 4549 2217 4603 καὶ
2280 4549 2461 4620 φωνῆς
2521 4548 2707 4613 ἄκουε,
2766 4549 2861 4602 καὶ
2893 4547 3042 4613 δέξαι
3099 4548 3295 4618 νόμον,
3348 4550 3443 4602 κα)⁸
3476 4549 3720 4619 νομοθέ-

504 4670 550 4701 ⁸²
577 4668 723 4723 Psal.
756 4684 888 4727 xm.
923 4669 1010 4723 12.
1084 4671 1132 4702 ⁸³
1153 4670 1325 4724 Exod.
1364 4685 1551 4733 xxxiv,
1576 4669 1666 4723 55.
1745 4667 1791 4697 ⁸⁵
1822 4666 1836 4720 Ι
1868 4665 2017 4719 Com

2154 4663 2242 4717 12.
2320 4659 2596 4733 δεμ-Τίσι..
2634 4674 2671 4724 ι,
2709 4660 2795 4712 Η.
2872 4659 3105 4733 ﬁlium.
3142 4675 3232 4733 xv.
3259 4660 3345 4733 l_9.
3394 4660 3495 4733 _“'
3523 4660 3717 4715 Galat.

436 4756 498 4799 tt.
535 4739 627 4794 20.
736 4740 782 4771 ⁵⁷
815 4740 862 4793 lI
890 4737 1022 4794 Cor.
1053 4755 1149 4805 xu,
1176 4740 1230 4792 2.
1340 4740 1387 4772 ⁸⁸
1411 4740 1540 4793 ibid.
1568 4738 1622 4791 4.

435 4811 479 4842 θ’
510 4810 684 4866 Exod.
719 4824 830 4877 xw,
863 4812 931 4864 16
966 4824 1088 4880 sqq.
1165 4810 1210 4841 ⁸³
1243 4808 1414 4864 Exod.
1445 4825 1565 4871 xm,
1596 4809 1690 4862 21.

506 4899 859 4969 (84)-Ὃρᾷς,
898 4901 1127 4969 γνόφων
1162 4899 1356 4954 πατεῖ.
1384 4898 1475 4953 Sic
1498 4899 1632 4968 Reg.
1666 4899 1753 4951 bm
1778 4895 2012 4969 etCoisl.

432 4970 573 5026 2.1ιι
602 4967 801 5041 'Or.‘_l,
845 4967 968 5041 ὅρα,
1009 4967 1027 5022 ἆ
1060 4973 1259 5040 aspice.
1297 4989 1316 5021 ›
1374 4969 1430 5021 ln
1476 4967 1618 5033 aliis,
1636 4969 1834 5041 _6pqg;
1886 4967 2016 5041 (uvi-

434 5040 637 5095 desne?
670 5060 690 5093 ι
724 5034 795 5113 ΔΙιι
820 5034 931 5113 εδ..
953 5034 1106 5113 δρᾷς,
1125 5034 1337 5113 ’γνόφον
1370 5041 1587 5113 πατεῖν.
1631 5034 1812 5113 Schol.
1844 5055 1862 5113 :_
1890 5034 2019 5088 Γνό-

435 5127 556 5179 φον,
582 5110 847 5183 τουτέστι,
869 5111 968 5183 τὴν
990 5108 1271 5183 ἡμετέραν
1292 5109 1590 5163 ἀσθένειανο
1639 5126 1658 5159 ι
1698 5108 2016 5178 Culiginem,

436 5183 490 5235 id
520 5191 622 5246 est,
653 5182 1299 5236 inﬁrmitatem’nosuam.
1332 5199 1351 5231 ι

509 5252 622 5321 (ὃᾷ)
652 5250 871 5306 Αὐτοῦ.
903 5252 1015 5305 Duo
1045 5251 1238 5321 Regg.,
1272 5247 1487 5321 ἑαυτοῦ.

507 5314 622 5400 (Βίξ)
676 5321 1018 5391 Ἐπιτυχόν.
1078 5314 1211 5391 Βὲέ.
1236 5321 1330 5386 hu,
1354 5319 1522 5375 Coisl.
1563 5318 1587 5372 l
1633 5326 1687 5372 et
1725 5314 1830 5372 Bas
1860 5357 1875 5382 ,
1903 5316 2020 5367 ὲπι-

435 5406 692 5444 τυγουσα.

505 5409 803 5528 (ἕξῗῗὸῶς.
852 5460 1036 5516 Schol.
1087 5459 1415 5524 τΤουτέστι,
1463 5456 1588 5520 νοῦς
1624 5456 1865 5528 καθαρὸς
1919 5456 2024 5528 ’καὶ

439 5524 702 5603 ἀγιοςτῴ
732 5524 972 5603 ἀληθινῷ
990 5532 1130 5603 φωτὶ
1146 5531 1446 5603 πλησιάσῃ.
1473 5524 1837 5603 Σκοτεινὴνδὲ
1862 5524 2024 5603 φύσιν

439 5596 589 5669 λέγει
625 5596 724 5672 τῆν
751 5596 1135 5726 ἀμέαρτὴτίκέν
1167 5596 1519 5682 κατάστασιν.
1568 5596 1855 5667 Σκοτεινὴν
1914 5596 2023 5667 γάρ

442 5668 736 5726 ἀνθρώπου
762 5689 924 5726 φυσιν
949 5673 1041 5726 τὸν
1113 5673 1201 5725 εὸν
1238 5687 1461 5726 ποιησαι
1486 5670 1785 5726 ἀμήγανον·
1820 5666 2023 5726 ἀγαθὸς

442 5666 736 5742 ἀνθρώπου
762 5666 924 5742 (ῥύσιν
949 5666 1041 5726 τὸν
1067 5666 1201 5726 Θεὸν
1238 5672 1461 5742 ποιῆσαι
1486 5670 1785 5742 ἀμήχανον·
1815 5666 2026 5735 ἀγαθὸς

447 5739 558 5813 γὰρ
590 5740 688 5811 ὢν,
718 5739 861 5800 κάλά
890 5742 1007 5799 λίαν
1039 5744 1215 5798 πάντα
1252 5740 1527 5811 ἐποίησεν·
1568 5757 1585 5789 ι
1632 5739 1687 5793 Id
1737 5748 1839 5803 est,
1872 5753 2026 5793 tuens

1735 4739 1784 4770 ω
1836 4736 2033 4801 Philip.
2076 4751 2115 4795 ι,
2161 4735 2253 4788 ~23.

1797 4806 1841 4837 δι
1880 4799 2049 4859 Exod.
2081 4818 2216 4867 xvu,
2246 4799 2310 4855 10
2337 4817 2454 4868 seq.

2360 4731 2404 4761 ⁶⁰
2436 4729 2604 4784 Exod.
2645 4745 2836 4792 xxxiii,
2869 4729 2941 4782 22
2967 4744 3086 4799 sqq.
3190 4730 3233 4760 ⁶¹
3261 4729 3429 4784 Exod.
3469 4745 3619 4793 xvii,
3659 4736 3717 4787 6.

2124 4907 2258 4962 pura
2285 4901 2340 4945 et
2364 4900 2549 4946 sancta
2591 4904 2723 4966 vero
2756 4889 2946 4944 lumini
2989 4893 3401 4966 apprOpinquet.
3430 4893 3723 4966 Caligino-

2125 4960 2243 5018 sam
2278 4960 2713 5035 aute_m_ap_pellat
2737 4969 3006 5035 naturam,
3038 4960 3452 5035 propensionem
3486 4960 3723 5035 ad‘pec-

2124 5042 2330 5090 catum.
2383 5030 2744 5100 Caligiuosam
2791 5029 2946 5100 enim
2989 5029 3262 5086 condi—tam
3311 5033 3476 5087 fuisse
3521 5029 3722 5090 a'Deo

2128 5101 2364 5176 hominis
2385 5098 2657 5176 naturam,
2708 5098 3005 5176 dicerefas
3044 5116 3148 5155 non
3201 5112 3316 5176 est;
3359 5103 3559 5174 quippe
3618 5107 3720 5176 qui

2125 5172 2299 5227 bonus
2318 5185 2439 5224 cum
2478 5171 2568 5232 sit,
2592 5171 2770 5223 omnia
2799 5169 2951 5223 valde
2980 5170 3117 5225 bona
3143 5169 3415 5227 ereavit.)

2222 5240 2313 5309 88)
2345 5239 2517 5293 Αὐτό.
2547 5240 2678 5309 Reg.
2700 5239 2787 5293 btn
2808 5250 2861 5293 et
2883 5238 3031 5306 Sam,
3065 5241 3243 5295 αὐτόν.

2223 5310 2312 5381 89)
2356 5309 2502 5381 Mer.
2538 5310 2695 5381 Deest
2718 5313 2770 5363 in
2795 5310 3002 5381 duobus
3032 5310 3200 5381 Regg.
3229 5323 3283 5366 et
3317 5310 3410 5366 Or.
3436 5311 3491 5367 1.

2204 5378 2319 5451 (90)
2346 5379 2563 5435 lusor.
2596 5378 2691 5434 Or.
2714 5382 2767 5441 1,
2795 5379 2998 5451 πλεῖον.

2204 5448 2315 5520 (9-1)
2340 5450 2627 5515 Δέδωκας.
2652 5451 2766 5520 Duo
2795 5449 2959 5520 Regg.
2980 5458 3032 5504 et
3057 5448 3151 5505 0r.
3188 5450 3240 5513 l,
3269 5449 3497 5517 ἔδωκας.

2129 5521 2317 5648 δάωὲ)
2354 5519 2740 5591 Καταλαϐεῖν.
2769 5523 2883 5575 Duo
2917 5519 3090 5592 Begg.
3112 5532 3167 5575 et
3199 5522 3292 5576 0r.
3331 5523 3384 5586 1,
3425 5523 3725 5592 καταλαμ-

2202 5607 2333 5643 νειν.

2202 5608 2257 5643 νε
2264 5607 2333 5643 ιν.

2211 5660 2327 5731 (95)
2348 5659 2666 5729 Δονῆται...
2696 5660 3117 5731 φέρηται.[ἰθς.
3148 5662 3260 5727 bm,
3292 5669 3346 5716 el
3374 5660 3601 5729 Comb.,
3637 5661 3718 5715 δι)

2135 5735 2373 5789 νεῖται...
2405 5731 2647 5801 φέρεται.
