3910 6214
226 264 338 318 195

894 256 1171 313 'OllATIO
1215 254 1430 309 XXXII.
1471 284 1541 296 —
1580 255 1667 308 DE
1708 253 2203 310 MODEliATIONE
2236 253 2302 309 IN
2352 253 2808 312 DISPI'TANDO.

3404 257 3507 313 ι9ι

222 399 421 454 cum”.
470 381 535 433 Et
585 380 643 433 δὲ
702 377 954 450 Ἀαρὼν,
1006 376 1343 447 συνανὰθηθι
1379 376 1511 447 μὲν,
1546 374 1683 428 ἀλλὰ
1731 375 1829 445 τῆς

1941 377 2059 430 tur?
2097 378 2165 429 At
2216 379 2473 447 quoniam
2522 376 2724 448 Moyms
2779 377 3111 444 mentionem
3151 376 3276 443 feci,
3325 393 3509 434 nonne

225 474 466 545 νεφέλης
512 469 619 536 ἔξω
675 471 832 539 στῆθι
876 469 1124 540 πλησίον.
1169 470 1233 521 Εἰ
1262 470 1320 523 δὲ
1378 468 1606 540 Ἰθάμαρ
1645 484 1751 531 τις,
1791 468 1824 539 ἢ

242 550 534 636 Ἐλεάζαρ,
558 564 655 617 καὶ
683 563 866 635 τρίτος
890 562 998 615 ἀπὸ
1032 561 1332 629 Μωῦσέως,
1355 562 1389 633 ἢ
1414 561 1516 631 τῆς
1535 561 1827 632 γερουσίας

229 674 322 719 τις
359 658 455 711 κα)⁵
485 655 596 708 τῶν
633 654 1060 725 Ἐὄδομήκοντα,
1084 653 1165 706 ἔτι
1195 651 1477 724 πόρρωθεν
1499 651 1675 722 στῆθι,
1724 649 1826 704 κᾶν

229 752 303 819 τῇ
345 750 529 802 στάσει
571 748 682 817 (94)
716 747 778 799 τὸ
822 746 1003 817 τρίτον
1041 745 1200 817 ἔχων.
1235 746 1297 797 Εἰ
1334 744 1391 797 δὲ
1424 745 1519 797 τοῦ
1550 743 1680 797 λαοῦ
1730 744 1825 797 καὶ

230 840 345 893 τῶν
378 839 589 892 πολλῶν
619 833 699 901 εἷς
720 877 734 901 ,
787 839 848 890 ού
883 837 1171 909 προσίεταί
1206 854 1266 889 σε
1317 836 1379 890 τὸ
1416 826 1541 908 ὅρος
1564 878 1575 899 ,
1629 831 1688 891 οὗ
1721 835 1823 890 κᾶν

233 931 427 1002 θηρίον
477 930 632 1001 θίγῃ,
682 927 1187 998 λιθοϐοληθήσεται.
1248 927 1416 981 Κάτω
1465 930 1678 997 μεῖνον,
1730 926 1825 979 καὶ

236 1023 410 1093 μόνης
450 1022 613 1077 ἄκουε
651 1021 750 1089 τῆς
790 1020 995 1090 φωνῆς,
1031 1020 1125 1073 καὶ
1149 1018 1374 1089 ταύτης,
1406 1019 1633 1087 ἁγνίσας
1660 1035 1822 1071 σεαυ-

232 1116 329 1169 τὸν
369 1114 464 1167 καὶ
499 1113 745 1183 καθάρας
787 1113 924 1183 (95),
958 1111 1036 1176 ὡς
1065 1111 1396 1177 διατέταξαι.

1937 466 2061 520 hinc
2090 467 2275 536 gratia:
2303 467 2496 520 divinae
2532 466 2756 530 seriem,
2797 464 3114 533 ordinisque
3145 463 3318 533 legem
3363 464 3508 518 didi-

1933 557 2089 612 cisti?
2118 559 2175 613 Si
2200 557 2414 627 Moyses
2434 573 2514 623 es,
2546 561 2742 612 nubem
2763 571 2981 626 quoque
3000 557 3176 626 ipsam
3207 556 3506 626 ingredere,

1933 659 1988 702 et
2024 648 2188 702 Deum
2222 648 2518 719 alloquere,
2549 655 2606 703 et
2633 662 2822 711 vocem
2867 647 3016 712 audi,
3059 656 3114 701 et
3151 646 3322 718 legem
3370 648 3513 703 acci-

1933 757 2020 811 pe,
2054 756 2118 796 ac
2154 742 2299 811 leges
2343 750 2524 795 statue
2549 740 2619 797 °'.
2650 739 2707 795 Si
2748 750 2927 794 autem
2963 741 3165 804 Aaron,
3208 737 3365 794 simul
3391 739 3514 807 qui-

1932 837 2051 889 dem
2089 827 2372 889 ascende:
2420 848 2607 886 verum
2665 838 2821 886 extra
2881 832 3078 885 nubem
3115 831 3170 885 in
3209 831 3512 900 propinquo

1930 928 2170 981 consiste
2196 926 2262 979 “.
2307 925 2364 980 Si
2413 940 2542 980 vero
2599 924 2833 978 Ithamar
2883 923 3174 993 quispiam,
3210 930 3304 975 aut
3354 921 3512 976 Elea-

1931 1032 2025 1070 zar
2055 1015 2122 1077 ⁸⁷,
2170 1026 2332 1084 atque
2364 1030 2394 1069 a
2425 1015 2608 1084 Moyse
2640 1013 2866 1081 tertius,
2892 1013 3210 1082 ordinisque
3251 1010 3513 1066 senatorii

1929 1117 1986 1163 et
2013 1123 2078 1163 ex
2107 1106 2457 1177 Septuaginta
2479 1121 2650 1170 unus,
2672 1105 2884 1177 longius
2913 1104 3087 1160 adhuc
3113 1102 3344 1174 gradum
3382 1100 3511 1171 ﬁge,

232 1206 490 1276 quamvis
547 1206 739 1260 ordine
791 1206 1009 1260 tertius.
1075 1205 1228 1272 Quod
1273 1206 1318 1259 si
1381 1204 1620 1275 plebeius
1674 1202 1965 1274 quispiam,
2034 1200 2312 1269 inﬁmique
2367 1199 2592 1265 ordinis,
2656 1214 2814 1254 mons
2879 1198 3100 1252 minime
3135 1206 3188 1252 te
3237 1195 3508 1251 admittit;

236 1302 438 1371 quippe
475 1317 636 1371 quem
669 1301 832 1356 etiam
861 1302 904 1355 si
935 1302 1104 1357 bestia
1137 1302 1399 1373 tetigerit,
1431 1301 1702 1371 lapidibus
1755 1299 2110 1368 opprimetur.
2165 1294 2309 1349 Infra
2376 1309 2619 1359 remane,
2686 1308 2978 1363 vocemque
3016 1291 3187 1348 solam
3239 1291 3386 1357 audi,
3426 1292 3513 1346 id-

236 1412 347 1467 que
374 1397 538 1451 etiam
568 1404 854 1465 postquam
889 1396 1145 1471 teipsum,
1180 1405 1238 1450 ut
1262 1396 1450 1466 jussus
1479 1412 1558 1460 es,
1582 1396 1888 1461 expiaveris
1919 1407 1981 1445 ac
2022 1390 2457 1460 purpurgaveris.

310 1494 411 1546 IZ'.
439 1486 550 1545 Καὶ
584 1492 673 1545 ἵνα
706 1508 766 1544 σε
814 1491 1091 1546 παιδεύσω
1131 1491 1220 1545 διὰ
1270 1491 1554 1555 πλειόνων,
1592 1490 1675 1554 τίς
1719 1489 1828 1542 τῶν

237 1586 432 1658 ίερέων
460 1586 696 1638 ὲτελείου
729 1584 828 1648 τάς
872 1588 1097 1657 χεῖρας;
1137 1586 1399 1658 Μωΰσῆς.
1443 1586 1540 1649 Τίς
1586 1584 1693 1638 τῶν
1742 1602 1829 1637 τε·

2014 1484 2175 1540 XVII.
2210 1485 2387 1553 Atque
2421 1493 2479 1538 ut
2520 1484 2738 1538 uberius
2771 1492 2824 1538 te
2856 1483 3139 1548 instruam,
3174 1483 3294 1551 quis
3327 1498 3514 1537 sacer—

1936 1579 2125 1633 dotum
2162 1591 2358 1631 manus
2399 1575 2782 1631 consecrabat?
2828 1575 3059 1646 Moyses.
3111 1576 3243 1642 Quis
3294 1591 3514 1641 eorum,

236 1676 571 1745 ἱειουμένων
595 1677 623 1728 ὁ
653 1676 903 1748 πρῶτος;
942 1677 1175 1749 Ἀαρών.
1207 1678 1318 1732 Καὶ
1344 1676 1425 1730 ἔτι
1459 1677 1567 1750 πρὸ
1597 1677 1825 1741 τούτων,

1941 1671 2028 1741 qui
2057 1670 2545 1733 consecrabantur,
2589 1668 2797 1737 primus
2829 1670 2983 1723 erat?
3028 1674 3227 1723 Aaron.
3264 1669 3395 1735 Quis
3428 1684 3517 1722 au-

234 1768 322 1830 τίς
352 1767 423 1820 τὰ
453 1766 589 1839 πρὸς
630 1766 763 1821 Θεὸν
795 1763 894 1838 ira;
921 1768 1033 1821 Καὶ
1059 1768 1145 1831 τίς
1178 1767 1297 1820 ἀντὶ
1332 1767 1518 1838 φωνῆς
1557 1768 1634 1838 τῷ
1676 1767 1826 1838 λαῷ;

236 1857 337 1919 Εἰς
374 1856 432 1909 δὲ
460 1855 529 1908 τὰ
564 1856 731 1925 ’Ἅγια
773 1855 882 1908 τῶν
924 1856 1096 1924 ἁγίων
1138 1855 1311 1928 εἰσῄει
1357 1855 1462 1921 τίς,
1506 1855 1645 1927 πλὴν
1678 1857 1826 1923 ὲνός;

250 1948 367 2001 Ἀεὶ
401 1948 458 2000 δὲ
504 1941 694 2012 οῦτοςς
731 1947 1031 2018 Οὐδαμῶς⁸
1081 1947 1196 2001 ἀλλ’
1230 1946 1376 2013 ἅπαξ
1414 1948 1510 2002 τοῦ
1559 1949 1828 2014 ἐνιαυτοῦ,

236 2040 337 2093 καὶ
365 2034 435 2109 ἦν
465 2039 575 2091 ὅτε.
611 2038 849 2108 Ἕφερον
885 2037 943 2091 δὲ
974 2037 1075 2109 τὴν
1112 2036 1315 2108 σκηνὴν
1353 2037 1517 2101 τίνες,
1551 2037 1690 2109 πλὴν
1723 2037 1832 2091 τῶν

236 2130 517 2197 Λευῖτῶν;
553 2131 663 2184 Καὶ
701 2125 880 2194 οὗτοι,
930 2129 1115 2194 καθὼς
1158 2130 1498 2194 διετέτακτο,
1530 2131 1577 2182 οἱ
1629 2129 1727 2200 μὲν
1765 2129 1833 2183 τὰ

239 2223 546 2295 τιμιώτερα
574 2221 808 2294 ταύτης,
851 2225 902 2275 οί
940 2222 997 2276 δὲ
1028 2221 1098 2275 τὰ
1142 2222 1374 2295 δεύτερα
1399 2262 1414 2287 ,
1442 2221 1625 2286 καθὼς
1659 2224 1691 2293 ἡ
1722 2221 1834 2275 τῶν

239 2316 517 2387 φερόντων
538 2315 665 2382 ἀξία
687 2331 702 2381 ;
739 2315 893 2369 Ἐπεὶ
907 2314 964 2368 δὲ
986 2316 1080 2368 καὶ
1094 2313 1463 2385 φυλάσσεσθαι
1481 2314 1686 2384 ταύτην
1705 2314 1831 2381 ἔδει,

238 2402 550 2472 ἐφύλασσον
569 2402 735 2466 τίνες,
758 2402 854 2455 καὶ
876 2402 1024 2468 πῶς;
1050 2403 1111 2456 Οί
1136 2402 1235 2474 μὲν
1264 2403 1385 2456 τόδε
1411 2403 1475 2456 τὸ
1496 2403 1679 2467 κλίτος
1697 2403 1831 2474 (96),

240 2496 288 2547 οί
311 2493 369 2547 δὲ
389 2494 505 2548 τόδε
522 2510 535 2525 ⁸
570 2494 665 2548 καὶ
688 2493 809 2547 οὐδὲ
836 2493 949 2565 (97)
971 2493 1222 2566 ἀόριστον
1243 2534 1257 2558 ,
1286 2494 1408 2547 οὐδὲ
1435 2493 1689 2560 ἄτακτον,
1715 2496 1835 2548 οὐδὲ

236 2584 352 2638 τῶν
374 2585 700 2656 ἐλαχίστων.
746 2585 941 2656 Ἡμεῖς
963 2584 1021 2638 δὲ
1051 2584 1118 2638 ἂν
1152 2584 1351 2656 μικροῦ
1378 2584 1630 2656 δοξαρίου
1661 2584 1837 2655 τύχωη

244 2697 369 2750 μεν,
414 2678 448 2750 ἦ
496 2668 625 2732 ούδὲ
655 2678 848 2731 τούτου
887 2677 1183 2742 πολλάκις,
1239 2677 1352 2730 ἀλλ’
1395 2677 1471 2741 ὡς
1530 2675 1745 2747 ἔτυχεν,
1801 2676 1834 2747 ἢ

240 2770 340 2824 δύο
384 2771 520 2840 (98),
552 2770 586 2842 ἢ
624 2769 755 2841 τρία
792 2772 1016 2842 ῥήματα
1058 2770 1158 2840 τῆς
1194 2769 1419 2842 Γραφῆς
1456 2768 1837 2841 ἐκμελετήσω-

245 2878 371 2932 μεν,
403 2863 498 2915 καὶ
526 2862 703 2918 ταῦτα
733 2862 1226 2934 περικεκομμένως
1257 2862 1353 2916 καὶ
1387 2862 1633 2933 ἀνοήτως
1660 2861 1839 2933 (τοῦτο

242 2955 446 3017 ἐκεῖνο,
475 2955 509 3026 ἡ
550 2953 896 3027 αὐθημερινὴ
945 2954 1143 3024 σοφία,
1176 2954 1272 3008 καὶ
1307 2954 1337 3006 ὁ
1380 2955 1439 3008 ὲν
1470 2953 1695 3027 Χαλάνῃ
1725 2953 1836 3023 (99)

1936 1773 2071 1828 tem,
2108 1763 2249 1831 quod
2283 1772 2408 1817 ante
2431 1777 2461 1817 a
2490 1762 2644 1815 nobis
2674 1760 2875 1816 dictum
2900 1762 3160 1831 oportuit,
3191 1775 3276 1827 ea,
3302 1776 3420 1830 quae
3449 1760 3518 1816 ad

1937 1855 2101 1909 Deum
2133 1852 2290 1924 591
2320 1852 2661 1924 spectabant,
2701 1851 2960 1907 curabat?
3001 1852 3133 1919 Quis
3182 1868 3369 1908 rursus
3424 1868 3519 1922 po-

1932 1946 2062 2014 pulo
2090 1947 2242 1999 vocis
2273 1945 2444 1998 instar
2474 1943 2630 1997 erat?
2677 1941 2816 2006 Jam,
2859 1944 2912 1997 in
2957 1941 3154 1997 Sancta
3205 1955 3516 1998 sanctorum

1935 2037 2045 2103 cui,
2084 2044 2447 2106 praeterquam
2482 2035 2595 2099 uni,
2624 2036 2804 2089 aditus
2848 2036 3067 2104 patebat
3093 2035 3179 2089 68‘?
3223 2034 3518 2106 Semperne

1935 2138 2115 2182 autem
2178 2127 2253 2182 illi
2312 2126 2569 2196 patebat?
2619 2126 3002 2196 Nequaquam;
3057 2129 3151 2183 sed
3208 2129 3376 2183 semel
3423 2143 3520 2198 per

1937 2236 2158 2285 annum,
2195 2229 2252 2275 et
2274 2227 2477 2276 statuto
2524 2230 2785 2287 tempore.
2835 2219 3066 2285 Quinam
3125 2236 3287 2290 porro
3335 2236 3518 2275 arcam

1936 2312 2240 2383 gestabant,
2274 2312 2374 2366 nisi
2410 2311 2659 2366 Levitze?
2710 2311 2776 2366 Et
2813 2326 2879 2365 ex
2911 2313 2998 2376 iis,
3053 2319 3111 2365 ut
3167 2313 3520 2368 constitutum

1940 2413 2082 2471 erat,
2144 2405 2235 2459 alii
2290 2405 2508 2475 quidem
2551 2406 2963 2476 praestantiores
3014 2406 3132 2476 ejus
3176 2419 3380 2476 partes,
3428 2405 3520 2462 alii

1939 2504 2116 2548 autem
2151 2494 2437 2549 inferiores
2476 2493 2811 2564 minorisque
2860 2493 3039 2563 pretii,
3064 2500 3225 2563 prout
3260 2494 3522 2562 cujusque

1938 2588 2171 2657 dignitas
2203 2586 2449 2641 ferebat?
2483 2586 2550 2641 Et
2578 2587 2833 2656 quoniam
2857 2600 2978 2640 eam
3009 2600 3225 2655 quoque
3251 2586 3517 2641 custodiri

1937 2681 2244 2750 oportebat,
2302 2680 2524 2749 quinam
2580 2693 2723 2743 eam,
2779 2687 2835 2733 et
2876 2693 2983 2748 quo
3043 2687 3199 2746 pacto
3250 2677 3521 2732 custodie-

1939 2774 2110 2828 bant‘l
2158 2773 2261 2828 Alii
2295 2773 2551 2829 videlicet
2603 2772 2748 2827 aliud
2806 2773 2967 2839 latus,
3027 2771 3118 2825 alii
3177 2770 3374 2826 aliud:
3422 2784 3521 2825 nec

1939 2865 2237 2935 quidquam
2276 2880 2382 2921 non
2428 2865 2742 2920 distinctum
2799 2872 2855 2920 et
2899 2865 3209 2919 ordinatum
3258 2873 3399 2928 erat,
3453 2879 3523 2918 ne

1942 2955 2286 3010 minimarum
2336 2955 2553 3026 quidem
2605 2970 2813 3010 rerum.
2885 2955 2957 3008 At
3008 2970 3108 3010 nos
3164 2954 3208 3010 si
3267 2953 3520 3024 exiguam

242 3043 479 3115 πύργος,
518 3044 578 3109 ὃς
607 3045 790 3109 καλῶς
815 3045 917 3109 τὰς
946 3044 1197 3115 γλώσσας
1224 3044 1480 3116 ἐμέρισεν
1500 3044 1546 3116 )⁶
1588 3047 1682 3099 καὶ
1708 3047 1829 3099 ἀπο·

1945 3047 2228 3115 quamdam
2266 3046 2553 3118 gloriolam
2584 3046 2817 3102 assecuti
2850 3047 3137 3113 fuerimus,
3173 3062 3238 3102 ac
3272 3062 3341 3102 ne
3381 3048 3522 3103 hanc

240 3135 506 3207 νοηθῆναι
549 3136 631 3190 δεῖ
676 3137 818 3191 κατὰ
864 3136 1167 3202 Μωῦσέως,
1213 3136 1309 3190 καὶ
1359 3136 1612 3205 γενέσθαι
1655 3136 1836 3191 Δαθὰν

243 3227 345 3281 καὶ
384 3224 648 3299 Ἀϐειρὼν
680 3228 807 3290 τοὺς
849 3227 1115 3300 ὑϐριστὰς
1149 3226 1243 3280 καὶ
1277 3226 1491 3291 ἀθέους.
1529 3220 1630 3280 Ὧν
1657 3228 1838 3298 φύγω-

245 3336 353 3390 μεν
382 3318 483 3388 τὴν
506 3317 828 3386 αὐθάδειαν,
855 3319 950 3372 καὶ
984 3317 1121 3387 μηδὲ
1151 3318 1252 3389 τὴν
1289 3317 1551 3372 ἀπόνοιαν
1581 3318 1837 3392 μιμησώ-

247 3406 418 3479 μεθα,
452 3407 586 3478 μηδὲ
607 3408 669 3461 τὸ
694 3406 845 3471 τέλος
866 3406 1172 3478 δεξώμεθα.

1943 3137 2160 3207 quidem
2191 3153 2453 3209 persaepe,
2484 3154 2671 3194 verum
2710 3148 2917 3195 temere
2965 3139 3073 3195 duo
3099 3147 3194 3193 aut
3224 3138 3324 3193 tria
3375 3136 3517 3194 Scri-

1943 3236 2116 3298 ptura:
2148 3230 2334 3299 verba,
2372 3245 2545 3299 eaque
2585 3231 2833 3301 imperite
2864 3240 2920 3287 et
2962 3232 3184 3287 concise
3214 3231 3515 3300 perdidice-

1945 3319 2116 3376 rimus
2178 3320 2289 3393 (illa
2326 3321 2580 3377 videlicet
2618 3323 2878 3392 sapientia
2933 3329 3016 3377 est
3057 3336 3165 3377 uno
3193 3321 3283 3377 die
3342 3330 3521 3391 parta,

1942 3420 1999 3467 et
2049 3410 2302 3467 Chalanaa
2357 3416 2543 3483 turris,
2591 3430 2696 3485 qua
2767 3415 2964 3485 linguae
3017 3415 3276 3484 praeclare
3337 3416 3517 3470 divisa'

247 3500 436 3573 sunt),
483 3506 596 3573 jam
625 3511 681 3556 et
708 3504 1102 3558 contumaciter
1145 3513 1307 3574 atque
1356 3505 1544 3559 insane
1574 3503 1835 3560 adversus
1873 3506 2108 3579 Moysem
2174 3508 2554 3580 insurgendum
2590 3520 2695 3577 est,
2762 3522 2820 3566 et
2881 3511 3110 3566 Dathani
3163 3522 3220 3565 et
3265 3510 3523 3566 Abironis

244 3598 577 3652 contumelia
606 3607 663 3651 et
690 3597 938 3667 impietas
968 3597 1253 3653 imitanda.
1290 3598 1530 3666 Quorum
1560 3600 1929 3670 arrogantiam
1963 3613 2017 3657 et
2049 3605 2363 3672 amentiam,
2427 3619 2634 3674 quasso,
2666 3604 2955 3675 fugiamus,
3014 3620 3083 3661 ne
3145 3604 3335 3661 iisdem
3404 3620 3523 3675 pte-

248 3693 339 3746 nis
369 3693 761 3762 Opprimamur.

323 3782 433 3837 III'.
476 3783 663 3837 Βούλει
711 3784 768 3838 δὲ
799 3784 894 3838 καὶ
928 3783 1098 3854 ἀλλην
1149 3801 1233 3838 σοι
1286 3786 1624 3858 παραστήσω
1655 3786 1831 3853 τάξιν,

248 3877 347 3929 καὶ
377 3875 582 3947 ταύτην
613 3877 936 3948 ἐπαινετὴν,
970 3875 1067 3929 καὶ
1108 3877 1312 3947 ταύτην
1342 3878 1500 3942 ἀξίαν
1531 3881 1632 3951 τῆς
1666 3881 1745 3942 εἰς
1773 3879 1836 3933 τὸ

244 3967 424 4037 παρὸν
468 3970 723 4040 μνήμης,
754 3969 850 4022 καὶ
896 3968 1210 4034 νουθεσία;;
1254 3968 1417 4042 Ὁρᾷς
1455 3969 1564 4024 τῶν
1598 3970 1833 4043 Χριστοῦ

248 4058 511 4129 μαθητῶν
531 4100 546 4124 ,
579 4061 797 4113 πάντων
827 4058 997 4113 ὄντων
1029 4060 1251 4131 ὑψηλῶν
1271 4103 1286 4127 ,
1331 4063 1427 4115 καὶ
1469 4063 1569 4132 τῆς
1600 4061 1833 4132 ἐκλογῆς

243 4146 439 4212 ἀξίων,
461 4151 490 4202 ὁ
512 4149 612 4218 μὲν
635 4149 822 4220 Πέτρα
853 4149 1120 4211 καλεῖται,
1151 4151 1246 4204 καὶ
1275 4153 1403 4215 τοὺς
1424 4151 1708 4221 θεμελίους
1731 4151 1832 4222 τῆς

256 4240 587 4311 Ἐκκλησίας
629 4242 985 4305 πιστεύεται,
1014 4243 1044 4295 ὁ
1091 4241 1148 4294 δὲ
1180 4243 1461 4310 ἀγαπᾶται
1507 4242 1668 4296 πλέον
1692 4281 1706 4307 ,
1735 4243 1830 4297 καὶ

244 4332 344 4385 ἐπὶ
379 4333 439 4385 τὸ
474 4333 670 4403 στῆθος
698 4332 795 4387 τοῦ
838 4334 915 4405 (1)
957 4333 1135 4405 Ἰησοῦ
1169 4334 1543 4398 ἀναπαύεται,
1584 4335 1682 4388 καὶ
1729 4334 1827 4404 φέ-

245 4440 435 4495 ρουσιν
456 4424 505 4476 οἱ
530 4422 706 4478 λοιποὶ
735 4425 833 4496 τὴν
857 4426 1207 4497 προτίμησιν.
1253 4426 1546 4498 Ἀναὸἦναι
1575 4426 1630 4480 δὲ
1655 4428 1735 4492 είς
1763 4427 1825 4481 τὸ

2011 3785 2194 3842 XVIII.
2237 3786 2332 3843 Vis
2389 3787 2535 3841 aliud
2594 3800 2811 3856 quoque
2873 3785 3082 3841 ordinis
3128 3794 3184 3841 et
3227 3784 3524 3855 disciplina:

1940 3881 2244 3951 exemplum
2282 3878 2337 3932 in
2369 3877 2605 3932 medium
2648 3876 2945 3947 proferam,
3002 3877 3166 3944 idque
3198 3874 3519 3945 praeclarum

1938 3982 1992 4028 et
2049 3968 2346 4033 laudabile,
2381 3983 2446 4023 ac
2491 3968 2743 4036 praesenti
2782 3965 3299 4022 commemoratione
3354 3973 3518 4034 atque

1939 4063 2316 4117 admonitione
2370 4059 2639 4130 imprimis
2672 4058 2934 4128 dignum?
2967 4058 3125 4113 Vides
3164 4057 3518 4127 quemadmoc

1936 4158 2063 4212 dum
2101 4171 2169 4210 ex
2210 4153 2418 4209 Christi
2446 4151 2750 4220 discipulis,
2786 4152 2998 4220 magnis
3048 4149 3238 4218 utique
3265 4149 3518 4203 omnibus

1934 4256 1990 4302 et
2016 4245 2270 4309 excelsis,
2301 4252 2467 4311 atque
2497 4241 2765 4296 electione
2806 4239 3020 4309 dignis,
3041 4239 3130 4293 hic
3163 4238 3323 4293 Petra
3356 4253 3517 4294 voce-

1936 4339 2104 4406 tur”,
2120 4346 2282 4406 atque
2300 4336 2556 4392 Ecclesiae
2575 4333 2923 4387 fundamenta
2942 4333 2997 4387 in
3022 4331 3182 4387 ﬁdem
3206 4347 3358 4387 suam
3372 4332 3516 4387 acci-

1933 4430 2067 4500 piat,
2109 4429 2202 4485 ille
2241 4429 2540 4498 impensius
2571 4434 2802 4492 ametur,
2859 4438 2915 4481 et
2947 4440 3107 4496 supra
3154 4434 3344 4494 pectus
3383 4424 3514 4480 .lesu

242 4513 373 4585 ὅρος
402 4513 623 4584 δεῆσαν,
659 4516 745 4570 ἵνα
770 4519 836 4588 τῇ
873 4519 1055 4589 μορφῇ
1086 4517 1273 4590 λάμψῃ
1295 4558 1309 4581 ,
1340 4518 1433 4571 καὶ
1459 4518 1561 4589 τὴν
1596 4517 1829 4591 θεότητα

1941 4523 2247 4592 requiescat
2281 4521 2348 4586 ⁷ο,
2386 4536 2450 4575 ac
2496 4519 2687 4589 reliqui
2721 4516 2967 4588 discipuli
2994 4532 3088 4573 eos
3136 4516 3239 4571 sibi
3272 4515 3512 4586 praeferri

240 4606 570 4678 παραδείξῃ,
605 4608 700 4660 καὶ
740 4608 1003 4681 γυμνώσῃ
1054 4609 1144 4663 τὸν
1177 4611 1235 4662 ὲν
1266 4613 1333 4681 τῇ
1378 4610 1541 4681 σαρκὶ
1591 4611 1828 4681 κρυπτό-

243 4713 431 4767 μενον,
456 4693 599 4762 τίνες
639 4700 1122 4755 συναναϐαίνουσιν
1155 4702 1254 4773 (οὐ
1284 4701 1395 4771 γὰρ
1430 4702 1633 4766 πάντες
1659 4703 1829 4757 ἐπόπ-

237 4805 337 4843 ται
387 4790 482 4844 τοῦ
530 4791 883 4864 θαύματος);
940 4793 1175 4866 Πέτρος,
1232 4794 1328 4847 καὶ
1381 4794 1672 4859 Ἰάκωϐος,
1734 4797 1828 4849 καὶ

251 4881 532 4953 Ἰωάννης,
561 4885 610 4936 οί
642 4884 748 4956 πρὸ
790 4884 901 4939 τῶν
925 4884 1101 4939 ἄλλων
1134 4884 1232 4937 καὶ
1257 4884 1408 4948 ὄντες
1433 4884 1532 4938 καὶ
1558 4884 1828 4957 ἀριθμού-

239 4988 415 5044 μενοι.
445 4970 707 5047 Παρεῖναι
738 4975 796 5029 δὲ
827 4975 1155 5044 ἀγωνιῶντι,
1199 4975 1292 5030 καὶ
1329 4974 1701 5048 ἀναχωροῦντι
1732 4992 1824 5047 μι-

334 5130 380 5163 ⁶⁸
408 5130 582 5184 Exod.
613 5147 726 5193 xix,
760 5132 796 5187 5
833 5147 953 5200 sqq.
1057 5132 1103 5166 “
1129 5131 1299 5186 Exod.
1329 5147 1477 5191 χχιιι,
1510 5132 1534 5184 1
1578 5148 1697 5201 sqq.

1809 5133 1854 5165 ⁸⁷
1885 5133 2055 5189 Exod.
2089 5149 2285 5197 xxvm,
2322 5133 2345 5187 l
2395 5147 2515 5203 sqq.

1933 4628 2088 4683 aequo
2140 4614 2324 4667 animo
2354 4612 2553 4667 ferant.
2585 4610 2727 4677 Jam,
2768 4627 2890 4666 cum
2933 4610 2988 4664 in
3040 4618 3276 4664 montem
3324 4623 3516 4663 ascen-

1935 4706 2166 4761 dendum
2202 4704 2415 4767 fuisset,
2447 4714 2508 4760 ut
2544 4704 2795 4759 Christus
2825 4717 3084 4771 corporea
3124 4701 3297 4754 forma
3333 4700 3514 4769 splen-

1935 4798 2087 4853 deret
2119 4798 2187 4862 “,
2223 4808 2280 4851 et
2319 4798 2660 4852 divinitatem
2691 4811 2843 4851 suam
2879 4794 3226 4865 patefaceret.
3257 4809 3508 4863 eumque,

1933 4887 2026 4956 qui
2077 4902 2245 4942 carne
2272 4887 2579 4955 tegebatur,
2613 4885 2843 4940 nudaret
2890 4895 3052 4953 atque
3084 4882 3341 4954 aperiret,
3390 4884 3512 4952 qui-

1933 4993 2060 5032 nam
2098 4978 2259 5034 simul
2310 4978 2608 5034 ascendunt
2649 4987 2773 5047 (nec
2805 4975 2951 5031 enim
2989 4990 3178 5030 omnes
3228 4974 3294 5028 ad
3350 4974 3508 5043 hujus

2621 5130 2666 5163 ⁸⁸
2698 5130 2868 5187 Levit.
2901 5144 3013 5197 χιιι,
3046 5127 3111 5195 2;
3147 5127 3310 5183 llebr.
3342 5142 3419 5193 ιχ,
3452 5127 3504 5180 7.

230 5202 280 5234 ⁶⁹
318 5201 512 5255 Matth.
538 5217 648 5266 xvr,
681 5203 769 5257 I8.
841 5203 891 5235 '°
919 5202 1070 5257 Joan.
1100 5218 1219 5267 χιιι,
1243 5202 1335 5257 25.
1414 5203 1457 5233 '”
1483 5201 1671 5256 Matth.
1697 5219 1827 5267 xvn,
1858 5204 1881 5257 l
1926 5220 2023 5275 sqq

305 5320 421 5403 (9i)
449 5323 577 5377 Κᾶν
605 5321 681 5391 τῇ
705 5321 937 5385 στάσει,
964 5332 1070 5377 etc.
1119 5321 1237 5377 Bill.

228 5404 543 5460 acquiesce.
582 5411 601 5443 ι

239 5531 251 5546 θ
304 5462 419 5533 (95)
477 5460 770 5531 Καθάρας.
836 5462 951 5517 Duo
1016 5461 1184 5534 Regg.
1252 5472 1310 5516 et
1381 5461 1475 5518 Or.
1551 5465 1605 5530 I,
1684 5464 1816 5518 καθ-

451 5602 521 5656 Τὸ
548 5602 775 5668 κλίτος.
816 5601 1041 5658 Schol.:
1088 5603 1162 5655 Τὸ
1201 5604 1385 5675 μέρος.
1426 5623 1445 5657 t
1490 5604 1593 5659 Alii
1646 5606 1809 5670 hanc,

224 5669 319 5725 alii
343 5669 489 5729 illam
513 5682 747 5744 partem.
778 5690 797 5722 ι

1284 5340 1302 5376 ;
1337 5341 1356 5374 ‹
1395 5324 1627 5394 sedeque
1659 5324 1812 5378 tertia

1987 5325 2095 5396 {97)
2124 5325 2294 5396 Οιρδέ.
2311 5326 2442 5394 Reg.
2471 5325 2580 5390 bm,
2612 5337 2665 5379 et
2688 5324 2836 5388 Bas.,
2867 5324 3040 5377 οὐδέν.

1986 5394 2100 5465 (98)
2134 5395 2208 5448 Ἥ
2240 5396 2370 5449 δύο.
2403 5397 2494 5450 Sic
2537 5396 2694 5449 codd.
2728 5396 2878 5449 deest
2915 5396 2949 5464 ἢ
2975 5394 3147 5465 tired.

1989 5461 2101 5535 (99)
2163 5465 2434 5533 Χαλάνῃ.
2496 5465 2607 5518 Duo
2671 5465 2838 5533 Regg.
2911 5461 2964 5518 et
3018 5462 3137 5535 0rL
3176 5463 3227 5529 l,
3283 5461 3500 5518 Χαλάν-

1917 5533 2007 5607 νῃ.
2051 5533 2356 5607 «Ὀιιιιιιιιιω
2386 5536 2568 5593 turris.
2604 5554 2621 5585 ι
2661 5536 2709 5588 id
2732 5546 2836 5607 est,
2867 5552 2885 5585 ε
2923 5536 3087 5607 turris
3112 5533 3296 5607 Babel.
3334 5553 3353 5586 ι

1956 5595 2065 5678 "(ll
2101 5606 2230 5661 Τοῦ.
2267 5606 2421 5661 Deest
2450 5608 2502 5659 ιιι
2529 5607 2698 5659 tribus
2728 5595 2894 5674 liegg.
2929 5615 2982 5660 et
3005 5604 3098 5659 0r.
3131 5606 3181 5659 1.
