3910 6214
401 247 511 311 ωδ

1612 244 1670 298 S.
1713 241 2048 301 GREGORII
2083 240 2437 300 THEOLOGI

3575 233 3682 290 196

403 362 654 421 miraculi
695 362 1059 437 spectaculum
1105 359 1529 429 admittuntur)?
1574 358 1786 424 Petrus,
1820 357 1985 413 Joan-

2104 358 2215 430 ιρὺν
2242 358 2349 430 πρὸ
2378 357 2473 411 τοῦ
2501 356 2729 423 πάθους,
2756 356 2851 410 καὶ
2874 354 3154 426 εὐχομένω
3177 394 3191 419 ,
3217 352 3397 418 τίνες;
3428 351 3493 404 Οἱ
3524 349 3683 404 αὐτοὶ

406 471 506 511 nes
554 466 608 509 et
637 453 891 518 Jacobns,
944 453 1035 523 qui
1072 462 1199 507 ante
1247 452 1403 515 alios,
1441 459 1495 505 et
1549 459 1727 514 erant,
1781 457 1837 502 et
1887 464 1992 502 nu-

408 548 775 602 merabantur.
796 547 1005 601 Rursus
1027 560 1147 600 cum
1184 544 1234 598 in
1257 556 1510 613 supremo
1534 556 1705 611 agone
1732 541 1991 603 versanti,

408 649 464 693 et
500 639 660 708 paulo
694 647 820 692 ante
876 639 1185 707 passionem
1222 633 1493 689 secedenti
1529 632 1599 697 τ’,
1650 646 1714 686 ac
1744 629 1993 701 precibus

408 743 630 798 operam
680 729 832 782 danti
871 726 1131 797 quosdam
1184 726 1375 779 adesse
1420 731 1717 791 oporteret,
1768 720 1993 789 quinam

411 823 625 873 adeam
677 832 791 871 rem
843 816 997 869 asciti
1050 814 1214 869 sunt?
1269 812 1438 866 Iidem
1490 812 1588 867 illi.
1646 812 1823 879 Atque
1880 809 1996 863 hazc

411 908 613 963 Christi
672 906 913 976 praelatio
966 913 1021 959 et
1067 904 1262 959 eleCtio
1321 901 1422 956 fuit
1502 900 1806 970 Caeteroqui
1859 913 1991 954 vero

411 1007 613 1069 quanta
642 998 1010 1059 concinnitas,
1042 1007 1092 1048 et
1133 993 1459 1064 disciplina?
1486 994 1643 1048 Aliud
1671 993 1866 1047 Petrus
1906 992 1992 1046 in-

416 1098 652 1159 terrogat
690 1088 757 1153 ⁷³,
799 1089 943 1141 aliud
987 1086 1267 1156 Philippus
1297 1086 1365 1150 ⁷⁸,
1386 1085 1530 1140 aliud
1554 1085 1722 1140 .ludas
1742 1084 1813 1150 ⁷⁸,
1849 1083 1992 1135 aliud

412 1179 650 1235 Thomas
681 1179 749 1243 ⁷⁸,
790 1181 933 1232 aliud
968 1179 1109 1232 alius
1143 1177 1431 1245 quispiam,
1485 1191 1660 1245 neque
1711 1184 1804 1228 aut
1854 1174 1993 1229 idem

413 1286 629 1333 omnes,
661 1280 754 1324 aut
783 1270 964 1324 omnia
1004 1283 1167 1332 unus,
1214 1268 1307 1321 sed
1339 1266 1581 1320 vicissim
1638 1265 1886 1335 quisque,
1933 1278 1998 1319 ac

409 1361 707 1430 sigillatim.
758 1360 988 1415 Dicesne
1036 1360 1126 1415 hic
1163 1357 1415 1423 fortasse,
1447 1358 1551 1411 hoc
1581 1356 1820 1424 singulos
1846 1370 1994 1425 quae—

408 1452 623 1516 sivisse,
653 1453 792 1521 quod
826 1452 1023 1521 cuique
1071 1465 1205 1520 opus
1233 1449 1390 1503 erat?
1419 1447 1580 1518 592
1609 1445 1755 1500 lstud
1783 1454 1989 1510 autem,

408 1545 569 1614 quale
595 1546 689 1599 tibi
721 1543 972 1599 videtur?
1029 1543 1308 1612 Philippus
1358 1541 1616 1611 quiddam
1674 1540 1855 1595 dicere
1903 1554 1997 1609 ge-

409 1638 520 1703 stit,
568 1651 668 1691 nec
696 1636 842 1691 solus
871 1637 1055 1700 audet,
1085 1649 1275 1689 verum
1326 1632 1603 1687 Andream
1641 1644 1855 1701 quoque
1902 1632 1998 1686 ad-

2095 450 2277 503 πάλιν.
2330 448 2479 521 Αὕτη
2532 448 2631 519 μὲν
2680 450 2714 519 ὴ
2756 446 2851 501 τοῦ
2907 445 3144 517 Χριστοῦ
3206 443 3561 514 προτίμησις.
3616 440 3683 493 Ἡ

2093 541 2253 613 λοιπὴ
2291 540 2348 594 δὲ
2392 539 2658 610 εὐκοσμία
2703 539 2798 593 καὶ
2831 537 3007 603 τάξις,
3046 537 3180 607 ὅσης
3215 535 3290 588 Τὸ
3333 535 3432 605 μὲν
3469 532 3683 604 Πέτρος

2097 635 2300 705 ἐρωτᾷ,
2337 633 2399 686 τὸ
2430 634 2487 687 δὲ
2514 634 2797 696 Φίλιππος,
2833 632 2893 684 τὸ
2920 630 2977 683 δὲ
3016 628 3241 690 Ἰούδας,
3271 626 3333 678 τὸ
3366 625 3423 678 δὲ
3452 624 3683 695 Θωμᾶς,

2093 723 2155 775 τὸ
2181 724 2237 776 δὲ
2286 724 2443 788 ἄλλος
2474 742 2578 787 τις,
2612 724 2706 777 καὶ
2737 722 2857 775 οὐδὲ
2889 721 2951 773 τὸ
2981 718 3114 773 αὐτὸ
3149 719 3386 780 πάντες,
3434 714 3563 769 οὐδὲ
3610 713 3686 766 τὰ

2097 813 2274 866 πάντα
2307 808 2412 878 εἷς,
2449 812 2565 866 ἀλλ’
2596 814 2826 875 ἕκαστος
2860 814 2918 864 ὲν
2948 810 3124 882 μέρει,
3159 809 3255 862 καὶ
3290 807 3414 860 καθ’
3453 805 3534 859 ἓν.
3563 798 3687 858 Οὗ-

2097 924 2202 977 περ
2226 906 2301 976 (2)
2332 906 2562 969 ἕκαστος
2591 904 2842 976 ἔχρῃζεν,
2871 902 3047 966 εἴποις
3071 902 3137 955 ἀν
3164 917 3179 966 ;
3216 900 3357 953 Ἀλλ’
3387 896 3564 952 ἐκείνό
3593 912 3682 964 γε,

2095 997 2148 1050 τί
2196 1015 2278 1050 σοι
2318 998 2606 1067 (petiverat;
2646 993 2907 1049 Βούλεταί
2947 1012 3002 1047 τι
3040 993 3304 1055 Φίλιππος
3345 992 3543 1051 εἰπεῖν,
3587 988 3686 1042 καὶ

2095 1089 2157 1141 οὐ
2191 1088 2382 1161 θαρῤεῖ
2418 1089 2610 1160 μόνος,
2644 1088 2779 1142 ἀλλά
2810 1088 2904 1141 καὶ
2953 1085 3208 1158 Ἀνδρέαν
3242 1081 3679 1154 προσλαμϐάνει.

2096 1178 2302 1250 Χρῄζει
2327 1178 2592 1233 πυθέσθαι
2612 1196 2665 1231 τι
2697 1179 2926 1250 Πέτρος,
2958 1177 3055 1231 καὶ
3100 1174 3354 1244 Ἰωάννην
3382 1170 3684 1244 προϐάλλε-

2095 1285 2187 1322 ται
2218 1268 2307 1322 διὰ
2336 1268 2621 1339 νεύματος.
2674 1267 2786 1322 Ποῦ
2827 1268 2888 1322 τὸ
2932 1265 3203 1338 αὐστηρὸν
3238 1262 3511 1328 ὲνταῦθα;
3569 1259 3681 1313 Ποῦ

2096 1357 2153 1411 δὲ
2177 1357 2239 1410 τὸ
2267 1357 2560 1429 φίλαρχον;
2592 1358 2718 1422 Πῶς
2750 1357 2815 1413 ἂν
2852 1357 3051 1429 μᾶλλον
3081 1355 3288 1423 ἔδειξαν
3317 1354 3470 1417 ὄντες
3500 1351 3685 1424 μαθη-

2095 1450 2188 1503 ταὶ
2217 1449 2454 1520 Χριστοῦ
2475 1490 2490 1516 ,
2530 1449 2626 1504 τοῦ
2655 1450 2833 1522 πράου
2874 1450 2969 1503 καὶ
3002 1447 3260 1501 ταπεινοῦ
3294 1446 3393 1517 τὴν
3426 1444 3678 1516 καρδίαν,

2096 1544 2191 1597 καὶ
2223 1543 2409 1596 δούλου
2451 1543 2518 1596 δι’
2543 1545 2692 1614 ἡμᾶς
2731 1543 2857 1606 τοὺς
2887 1542 3054 1596 αὑτοῦ
3081 1540 3326 1603 δούλους,
3373 1540 3468 1592 καὶ
3494 1540 3682 1591 πᾶσαν

2096 1634 2174 1704 τῷ
2204 1634 2381 1705 Πατρὶ
2407 1635 2507 1706 τὴν
2530 1634 2686 1700 δόξαν
2713 1638 2769 1687 ὲν
2794 1634 2960 1687 πᾶσιν
2981 1632 3416 1703 ἀναπέμποντος,
3447 1630 3513 1683 ἶν’
3546 1631 3683 1700 ἡμῖν

408 1728 559 1784 hibet
586 1728 655 1782 ⁷⁷.
693 1728 885 1782 Petrus
917 1726 1120 1795 aliquid
1146 1726 1490 1796 percunctari
1522 1724 1688 1794 cupit,
1713 1732 1768 1778 et
1796 1721 1991 1778 Joanni

2104 1722 2173 1795 δῷ
2210 1723 2382 1777 τύπον
2411 1724 2664 1791 εὐταξίας
2710 1726 2806 1779 καὶ
2854 1724 3238 1796 μετριότητο;;
3289 1723 3391 1775 Ἦν
3422 1720 3684 1775 τοσοῦτον

410 1834 525 1874 rem
565 1819 759 1887 capitis
807 1829 938 1873 nutu
968 1819 1223 1887 pr0ponit
1251 1815 1320 1872 ⁷⁸.
1367 1816 1471 1873 Ubi
1524 1817 1615 1871 hic
1662 1815 1994 1871 morositas?

2104 1816 2262 1887 τιμᾷν
2291 1815 2590 1887 ἀπέχομεν,
2632 1815 2773 1870 ὥστε
2801 1814 3069 1887 ἀγαπῴην
3105 1815 3191 1881 ἂν,
3224 1815 3274 1868 εἰ
3315 1814 3388 1885 μὴ
3425 1812 3521 1867 καὶ
3543 1811 3679 1885 θρα-

409 1909 514 1968 Ubi
545 1910 858 1965 dominandi
894 1908 1100 1964 libido?
1151 1908 1373 1977 Ecquod
1412 1907 1676 1962 illustrius
1704 1920 1993 1976 argumen-

2104 1906 2317 1977 σύτερυι
2340 1906 2558 1960 πάντων
2583 1907 2796 1978 εἴημεν,
2825 1908 2877 1960 οἵ
2899 1924 2961 1976 γε
2991 1908 3119 1979 περὶ
3150 1905 3420 1978 μεγίστων
3442 1903 3546 1959 κᾶν
3566 1905 3684 1967 τοῖς

412 2012 525 2057 ιυιιι
565 2002 730 2057 edere
783 2001 1102 2071 potuissent,
1151 2014 1211 2054 se
1261 1999 1466 2054 Christi
1504 1996 1795 2067 discipulos
1849 2011 1989 2062 esse,

2104 1998 2381 2068 μεγίστοις
2409 1999 2614 2072 ταύτην
2645 2000 3084 2072 ἐπιδεικνύμεθα.

410 2098 578 2163 mitis,
607 2096 848 2167 inquam,
887 2096 1030 2151 illius
1065 2105 1120 2149 et
1155 2095 1376 2150 humilis
1422 2094 1589 2149 corde
1618 2094 1684 2161 ⁷⁸,
1735 2102 1791 2147 et
1843 2091 1984 2149 servi
2023 2105 2244 2163 propter
2274 2108 2392 2160 nos,
2426 2095 2595 2166 ipsius
2652 2110 2860 2161 servos,
2914 2108 3077 2165 atque
3139 2109 3357 2149 omnem
3402 2094 3457 2147 in
3505 2092 3687 2147 omni-

410 2194 512 2249 bus
549 2195 712 2249 rebus
762 2193 987 2263 gloriam
1035 2192 1101 2247 ad
1157 2191 1376 2246 Patrem
1431 2190 1871 2255 trausmittentis,
1934 2199 1994 2244 ut
2030 2190 2189 2245 nobis
2255 2191 2644 2247 moderationis
2708 2190 3017 2261 exemplum
3066 2197 3121 2245 et
3142 2190 3441 2260 disciplina:
3475 2189 3687 2257 praebe-

411 2290 534 2346 ret?
562 2289 734 2356 Quam
780 2299 958 2344 tamen
986 2297 1191 2343 tantum
1258 2289 1435 2353 abest,
1470 2296 1529 2341 ut
1589 2288 1832 2343 colamus
1900 2298 1958 2342 et
1990 2287 2405 2358 amplectamur,
2466 2300 2528 2345 ut
2563 2289 2700 2345 bene
2754 2289 3031 2344 nobiscum
3066 2298 3247 2343 actum
3299 2286 3367 2342 iri
3410 2294 3685 2356 putemus,

409 2386 459 2441 si
497 2401 601 2441 non
641 2401 831 2441 onmes
878 2385 1121 2440 homines
1164 2384 1389 2439 audacia
1442 2393 1498 2438 et
1541 2384 1852 2455 arrogantia
1908 2398 2261 2453 superemus,
2310 2394 2496 2454 utpote
2517 2385 2607 2455 qui
2655 2388 2795 2440 hanc
2837 2384 2907 2440 de
2961 2384 3214 2439 maximis
3252 2392 3307 2440 et
3337 2383 3394 2437 in
3427 2383 3687 2438 maximis

410 2479 576 2532 rebus
614 2481 971 2530 os1entemus.

480 2565 627 2623 XIX.
655 2567 738 2619 An
772 2576 823 2620 te
856 2564 1014 2635 fugit,
1055 2562 1446 2629 humilitatem,
1480 2577 1586 2619 non
1619 2570 1728 2617 tam
1780 2564 1834 2617 in
1866 2576 1996 2633 par-

2164 2563 2270 2619 18⁸.
2294 2562 2409 2617 Οὐκ
2436 2557 2615 2628 οἶσθα,
2650 2563 2733 2617 ὅτι
2778 2579 2839 2617 το
2873 2562 3163 2630 ταπεινὸν,
3208 2564 3310 2617 ούκ
3344 2564 3403 2617 ἐν
3445 2564 3560 2626 τοῖς
3595 2580 3689 2634 μι-

407 2659 494 2715 vis
531 2658 694 2714 rebus
724 2658 966 2727 levisque
1002 2658 1261 2711 momenti
1301 2657 1442 2727 (fieri
1499 2656 1642 2710 enim
1698 2657 1892 2725 possit,
1940 2665 1996 2709 ut

2104 2658 2249 2726 κροῖς
2278 2654 2524 2725 κρίνεται
2549 2654 2805 2708 τοσοῦτον
2838 2656 2857 2727 (
2882 2654 3093 2724 γένοιτο
3116 2655 3226 2725 γὰρ
3256 2654 3323 2709 ἂν
3366 2655 3461 2709 καὶ
3492 2656 3564 2709 δι’
3600 2654 3690 2709 ἔν-

412 2766 533 2805 eam
565 2750 879 2812 ostentatio,
912 2747 1145 2817 fictaque
1171 2756 1225 2801 et
1272 2748 1594 2800 adumbrata
1629 2746 1847 2800 virtutis
1877 2760 1996 2815 spe-

2104 2746 2261 2813 Βειξιν
2303 2746 2399 2801 καὶ
2440 2745 2612 2816 ψευδῆ
2661 2748 2943 2819 μόρφωσιν
2981 2748 3186 2818 ἀρετῆς
3221 2752 3263 2819 ),
3299 2748 3422 2802 ὅσον
3465 2750 3523 2803 ὲν
3571 2751 3689 2812 τοῖς

413 2845 528 2899 cies
582 2842 827 2912 pariat),
887 2854 1049 2910 quam
1098 2839 1151 2893 in
1210 2838 1507 2907 majoribus
1550 2848 1607 2893 et
1658 2837 1996 2902 gravioribus

2104 2837 2312 2909 μείζοσι
2359 2838 2758 2910 δοκιμάζεταις
2800 2840 2911 2893 Καὶ
2964 2840 3342 2912 ταπεινόφρων
3390 2841 3552 2911 ἐμοὶ,
3587 2843 3689 2913 οὐχ

409 2933 722 3005 esplorari?
771 2933 882 3001 Ego
912 2940 1060 2985 certe
1089 2929 1415 2983 hmuilitatis
1448 2943 1513 2982 ac
1571 2930 1849 2981 modestia:
1879 2927 1996 2980 lau-

2104 2930 2247 2993 ὅστις
2272 2931 2399 3003 περὶ
2428 2929 2622 2984 ἑαυτοῦ
2657 2930 2829 3002 μικρά
2856 2930 3189 3000 διαλέγεται,
3218 2932 3313 2986 καὶ
3340 2931 3502 2986 τοῦτο
3547 2934 3689 3005 πρὸς

411 3027 534 3081 dem
563 3025 686 3080 huic
714 3025 928 3079 demum
958 3020 1267 3085 tribuerim,
1297 3034 1402 3073 uon
1431 3018 1521 3087 qui
1551 3019 1616 3073 de
1647 3017 1832 3087 seipso
1862 3032 1996 3087 pau-

2104 3020 2336 3090 ὀλίγους,
2365 3023 2459 3076 καὶ
2481 3021 2749 3091 ὀλιγάκις,
2781 3021 2890 3076 οὐδ’
2924 3023 3075 3087 ὅστις
3113 3023 3385 3090 ταπεινῶς
3414 3043 3690 3098 προσαγοο

410 3135 473 3175 ca
519 3119 703 3191 (idque
733 3116 870 3185 apud
923 3129 1144 3183 paucos,
1173 3122 1229 3167 et
1259 3127 1383 3166 raro
1433 3120 1869 3180 commemorat),
1902 3126 1996 3166 nec

2106 3112 2252 3185 ρεύει
2277 3114 2368 3167 τὸν
2402 3114 2747 3186 ἀτιμότερον,
2789 3114 2903 3167 ἀλλ’
2939 3115 3089 3179 ὅστις
3120 3115 3355 3186 μετρίως
3386 3117 3514 3187 περὶ
3550 3117 3687 3171 Θεοῦ

411 3212 504 3282 qui
556 3207 869 3263 inferiorem
910 3204 1191 3259 humiliter
1225 3201 1443 3268 affatur,
1478 3205 1573 3257 sed
1617 3201 1710 3271 qui
1744 3214 1907 3270 parce
1938 3215 1996 3256 ac

2104 3205 2426 3276 φθέγγεται⁸
2463 3207 2560 3259 καὶ
2596 3205 2668 3259 τὰ
2696 3207 2792 3277 μὲν
2828 3207 3002 3260 εἰπεῖν
3046 3203 3173 3273 οἶδε,
3207 3206 3277 3261 τά
3311 3207 3367 3261 δὲ
3412 3208 3686 3278 κατέχειν,

415 3302 695 3357 moderate
735 3300 802 3353 de
857 3296 968 3350 Deo
1014 3296 1292 3364 loquitur;
1335 3309 1400 3349 ac
1442 3293 1687 3362 quaedam
1729 3292 1999 3362 proloqui,

411 3392 658 3462 quaedam
693 3402 941 3459 premere
971 3395 1026 3441 et
1050 3386 1307 3449 retinere,
1332 3384 1689 3453 quorumdam
1721 3382 1884 3437 etiam
1915 3383 2001 3437 in-

412 3484 631 3539 scitiam
680 3481 843 3535 fateri
882 3480 1052 3543 novit,
1089 3486 1251 3547 atque
1292 3477 1341 3531 ei
1393 3488 1644 3530 sermone
1702 3475 1867 3541 cedit,
1912 3475 2000 3529 cui

412 3573 669 3643 loquendi
708 3587 908 3626 munus
938 3570 1287 3624 commissum
1318 3577 1421 3631 est,
1466 3583 1531 3621 ac
1564 3567 1853 3622 nonnullos
1881 3568 2003 3622 ube-

410 3667 544 3720 riori
585 3665 819 3735 Spiritus
873 3662 1047 3733 gratia
1105 3661 1378 3731 praeditos,
1431 3671 1487 3714 et
1544 3659 2000 3725 contemplatione

411 3759 574 3813 altius
602 3766 890 3826 provectos
942 3771 1064 3810 esse
1123 3768 1279 3822 aequo
1315 3754 1500 3808 animo
1537 3753 1761 3822 patitur.
1824 3752 2001 3823 Turpe

412 3849 557 3905 enim
587 3856 671 3903 est
709 3845 976 3918 profecto,
1012 3847 1066 3899 in
1099 3855 1251 3899 veste
1283 3859 1347 3897 ac
1390 3844 1566 3898 victus
1617 3844 1845 3907 ratione,
1893 3858 1997 3897 non

412 3939 811 4004 sublimiorem,
842 3939 938 3993 sed
967 3937 1212 3990 viliorem
1239 3933 1461 4003 eligere,
1494 3948 1558 3987 ac
1585 3948 1817 4002 genuum
1842 3932 1998 3995 callo,

413 4033 783 4103 lacrymarum
820 4030 1083 4090 fontibus,
1112 4027 1355 4097 jejnniis,
1390 4026 1611 4097 vigiliis,
1642 4026 1998 4089 chameuniis,

414 4121 621 4188 labore,
648 4132 814 4190 atque
851 4121 999 4175 omni
1029 4118 1274 4186 corporis
1310 4118 1679 4171 maceratione
1724 4116 2000 4170 humilita-

413 4221 520 4266 tem
550 4227 660 4281 prrc
685 4226 743 4265 se
772 4210 938 4277 ferre,
965 4224 1029 4263 ac
1065 4207 1340 4279 propriam
1376 4205 1807 4261 imbecillitatem
1839 4221 2004 4274 agno-

2102 3298 2211 3352 τῶν
2233 3298 2292 3351 δὲ
2317 3298 2601 3367 ὁμολογεῖν
2631 3299 2707 3370 (5)
2745 3298 2845 3370 τὴν
2870 3300 3115 3368 ἄγνοιαν,
3140 3301 3236 3354 καὶ
3266 3303 3590 3373 παραχωρεῖ
3608 3302 3687 3372 (4)

2100 3388 2197 3443 τοῦ
2224 3389 2386 3458 λόγου
2420 3389 2499 3460 τῷ
2529 3390 2898 3457 πιστευθέντι,
2929 3391 3025 3444 καὶ
3060 3386 3199 3445 εἷναί
3229 3410 3353 3446 τινα
3387 3409 3691 3464 πνευματι-

2103 3484 2344 3554 κώτερον
2369 3483 2607 3554 δέχεται,
2637 3486 2731 3538 καὶ
2756 3485 3120 3556 διαϐεϐηκότα
3154 3486 3352 3556 μᾶλλον
3377 3489 3435 3542 ὲν
3463 3486 3687 3559 θεωρίᾳ.

2101 3575 2337 3645 Αίσχρδν
2383 3576 2491 3647 γάρ
2524 3577 2598 3647 (5)
2635 3576 2860 3649 ἐσθῆτος
2904 3578 3003 3649 μὲν
3055 3577 3150 3631 καὶ
3189 3578 3419 3650 διαίτης,
3469 3578 3546 3650 μὴ
3587 3580 3689 3650 τὴν

2104 3665 2445 3739 ὑψηλοτέραν
2481 3668 2790 3740 αἱρεῖσθαι,
2834 3668 2973 3722 ἀλλά
3009 3668 3109 3740 τὴν
3140 3669 3557 3742 εὐτελεστέραν,
3593 3673 3691 3727 καὶ⁵

2100 3759 2281 3823 τύλοις
2323 3761 2602 3828 γονάτων,
2656 3762 2753 3815 καὶ
2791 3761 3043 3834 δακρύων
3091 3764 3333 3833 πηγαῖς,
3376 3763 3455 3817 ἔτι
3500 3764 3560 3818 δὲ
3601 3782 3691 3835 νη·

2104 3849 2331 3915 στείαῖς,
2362 3853 2457 3905 καὶ
2496 3853 2845 3924 ἀγρυπνίαις.
2881 3853 2976 3907 καὶ
3005 3855 3358 3925 χαμευνίαις,
3402 3856 3558 3928 κόπῳ
3594 3860 3691 3912 καὶ

2101 3942 2266 3993 πᾶσιν
2289 3940 2673 4013 ύπωπιασμοῖς
2696 3944 2771 4014 (6)
2793 3944 2853 3997 τὸ
2880 3945 3133 4000 ταπεινὸν
3156 3947 3563 4002 ἐπιδείκνυσθαι
3586 3952 3688 4022 (7),

2101 4033 2196 4086 καὶ
2238 4034 2339 4103 τὴν
2374 4036 2473 4105 τῆς
2508 4035 2645 4099 ἰδίας
2675 4036 2960 4102 ἀσθενείας
3005 4038 3388 4107 συναίσθησιν
3426 4041 3693 4113 αὐτοκρά-

2099 4141 2235 4195 τορα
2264 4124 2321 4178 δὲ
2349 4121 2489 4179 εἶναι
2527 4128 2619 4181 καὶ
2646 4128 2908 4200 τύραννον
2937 4132 2996 4184 ὲν
3024 4133 3137 4195 τοῖς
3172 4131 3300 4203 περὶ
3328 4131 3462 4186 Θεοῦ
3488 4132 3689 4202 λόγοις,

2102 4218 2197 4269 καὶ
2226 4218 2417 4288 μηδενὶ
2448 4220 2509 4273 τὸ
2550 4221 2812 4293 παράπαν
2842 4222 3116 4293 ὑφίεσθαι,
3158 4224 3253 4278 καὶ
3281 4224 3380 4295 τὴν
3409 4226 3583 4297 ὀφρῦν
3612 4227 3694 4280 αἴ-

413 4318 601 4370 scere;
648 4303 703 4357 in
730 4302 930 4357 divinis
980 4308 1163 4359 autem
1218 4297 1675 4368 disputationibus
1729 4299 1996 4367 principa-

2105 4324 2219 4379 ρειν
2249 4310 2390 4383 ὑπὲρ
2422 4311 2598 4366 πάντα
2631 4314 3083 4385 νομοδιδάσκαλον
3108 4334 3123 4348 ο
3172 4317 3301 4371 ἔνθα
3329 4318 3390 4372 τὸ
3431 4321 3691 4376 ταπεινὸν
3716 4380 3729 4393 _

416 4406 529 4450 tum
556 4402 613 4450 et
634 4394 977 4465 tyrannidem
1004 4392 1108 4446 sibi
1131 4391 1430 4453 vindicare,
1472 4404 1571 4443 nec
1607 4389 1855 4458 cuiquam
1886 4407 1999 4444 om-

2107 4400 2246 4468 μετά
2285 4403 2385 4473 τῆς
2414 4405 2656 4471 εὐδοξίας
2685 4405 2796 4477 ἔχει
2828 4408 2923 4461 καὶ
2950 4409 3047 4479 τὴν
3076 4409 3401 4478 ἀσφάλειαν.

412 4489 543 4541 ιιίιιο
573 4487 814 4550 ocedere,
851 4500 1038 4538 verum
1094 4498 1255 4551 supra
1318 4496 1511 4536 omnes
1556 4479 1689 4550 legis
1752 4479 2003 4539 doetorcs
2043 4493 2391 4559 supercilium
2454 4496 2685 4565 efferre;
2728 4513 2852 4553 cum
2899 4499 2969 4554 ibi
3033 4501 3329 4566 humilitas,
3369 4515 3478 4556 non
3511 4505 3689 4560 solum

416 4579 666 4647 gloriam,
696 4577 788 4631 sed
817 4577 983 4630 etiam
1020 4580 1369 4632 securitatem
1404 4578 1623 4635 haheat.

479 4672 599 4729 XX.
634 4673 774 4740 Quid
824 4674 989 4743 igitur
1045 4672 1440 4744 (iuterpellabit
1486 4677 1754 4746 quispiam
1802 4694 1865 4733 ex
1912 4680 1997 4743 iis,

409 4770 504 4841 qui
533 4768 881 4823 ferventioris
911 4768 1083 4821 animi
1119 4767 1289 4837 snnt),
1324 4784 1391 4821 an
1422 4767 1487 4822 de
1535 4768 1645 4822 Deo
1676 4770 1998 4832 tacehimus,

409 4862 573 4931 idque
610 4861 765 4915 nobis
793 4859 1024 4914 indicis?
1078 4857 1145 4911 Et
1173 4860 1237 4912 de
1266 4875 1370 4928 qua
1422 4859 1640 4912 tandem
1684 4876 1743 4913 re
1802 4861 1999 4929 potius,

410 4967 575 5023 quam
602 4951 670 5006 de
702 4951 821 5020 ipso
847 4949 1169 5020 loquemur?
1210 4954 1317 5003 Aut
1359 4964 1467 5016 quo
1506 4949 1624 5004 loco
1662 4949 1790 5003 illud
1840 4965 2004 5016 pone-

408 5057 531 5097 mus
562 5060 575 5096 :
619 5040 839 5111 Semper
868 5041 985 5095 laus
1012 5040 1127 5110 ejus
1165 5039 1219 5093 in
1261 5057 1352 5093 ore
1392 5056 1503 5094 meo
1541 5042 1622 5106 ⁸⁰;
1673 5051 1750 5107 et,
1777 5040 2004 5094 Benedi-

479 5179 525 5209 ⁷²
552 5176 743 5231 Matth.
796 5192 945 5241 xxvr,
988 5178 1078 5230 57.
1184 5177 1229 5217 ⁷³
1260 5174 1413 5231 Joan.
1483 5192 1619 5242 χιιι,
1666 5175 1717 5229 6.

481 5381 567 5466 (2).
605 5376 833 5466 ¹Οὗπερ.
898 5382 1071 5466 Ειίίιίη
1115 5382 1335 5466 habent,
1386 5384 1494 5465 ,καὶ
1557 5401 1756 5454 ουπερ.
1830 5386 1976 5453 quod

409 5451 504 5504 καί
539 5451 827 5505 delevimns
849 5453 1165 5507 auctoritate
1196 5453 1429 5507 melioris
1449 5466 1585 5506 nota:
1602 5451 1866 5509 codicum.

482 5522 559 5593 ('5)
600 5522 961 5592 Ὀμολογ-εῖν.
1001 5523 1116 5578 Duo
1174 5523 1339 5594 Regg.
1385 5533 1439 5579 et
1487 5521 1580 5579 Or.
1628 5525 1678 5592 1,
1717 5524 1979 5597 suam.

292 5600 302 5610 ’
409 5605 524 5645 σαι.

482 5661 558 5733 (4)
589 5664 949 5733 Παραχωρεῖ.
985 5663 1152 5722 Coisl.
1180 5664 1231 5734 l,
1260 5667 1627 5737 παραχωρεῖν.

1817 5177 1863 5208 ⁷⁸
1892 5176 2048 5234 .loan.
2092 5197 2202 5245 xw,
2240 5183 2295 5238 8.

410 5248 455 5281 ⁷⁸
482 5247 639 5302 Joan.
676 5263 796 5309 xm,
835 5247 926 5300 24.
1005 5248 1049 5279 ⁷⁸
1081 5246 1269 5301 Matth.
1298 5262 1376 5312 xu,
1403 5245 1492 5300 ‘29.
1574 5246 1622 5277 ⁸ο
1649 5246 1791 5300 l’sal.
1820 5264 2020 5315 χχχιιι,

2168 4683 2254 4738 K'.
2304 4683 2369 4736 Τί
2413 4679 2537 4749 οῦνς
2583 4684 2975 4756 σιωπησόμεθα
3019 4686 3148 4757 περὶ
3193 4686 3350 4751 Θεοῦ,
3394 4689 3489 4741 καὶ
3531 4688 3693 4743 τοῦτο

2098 4772 2342 4837 κελεύεις
2381 4774 2691 4847 (ύπέκρουέ
2738 4775 2817 4848 18]
2850 4794 2935 4840 τις
2970 4777 3081 4830 τῶν
3114 4778 3461 4850 θερμοτέρων
3482 4780 3508 4849 ,)
3530 4766 3551 4844 ;’
3581 4782 3692 4835 Καὶ

2100 4865 2229 4935 περὶ
2261 4864 2407 4929 τίνος
2452 4866 2671 4935 μᾶλλον,
2710 4866 2742 4937 ἢ
2780 4866 2969 4920 τούτου
3016 4868 3395 4939 φθεγξόμεθα;
3426 4872 3538 4924 Καὶ
3584 4872 3691 4925 ποῦ

2101 4954 2338 5027 θήσομεν
2371 4958 2464 5021 τὸ,
2499 4959 2603 5011 Διά
2644 4960 2870 5026 παντὸς
2912 4961 2949 5026 ή
3001 4962 3237 5025 αἴνεσις
3268 4963 3455 5017 αὐτοῦ
3497 4964 3570 5016 ἐν
3610 4964 3692 5029 τῷ

2101 5046 2355 5114 στόματί
2371 5065 2492 5115 μου
2511 5064 2524 5077 ο
2554 5048 2671 5113 καὶ,
2691 5050 3022 5118 Εὐλογήσω
3047 5051 3155 5105 τὸν
3171 5054 3394 5122 Κύριον
3411 5053 3480 5107 ἐν
3506 5056 3691 5109 παντὶ

2399 5184 2443 5214 ⁷⁵
2476 5184 2604 5237 ibid.
2632 5185 2724 5238 9.2.
2801 5187 2847 5219 ⁷³
2889 5187 3014 5242 ibid.
3052 5188 3105 5243 5.
3200 5190 3246 5221 '”
3273 5188 3431 5246 Joan.
3462 5207 3561 5257 xu,
3598 5192 3689 5246 22.

2269 5384 2535 5465 ᾼὶοθχρὸν
2563 5387 2691 5465 λιθάρέ
2723 5385 2819 5465 Sig
2846 5385 2975 5465 Reg.
3003 5387 3113 5465 bm.
3176 5388 3333 5443 Deest
3351 5390 3472 5465 ῌγάρ
3506 5390 3562 5445 in
3603 5391 3689 5446 ed.

2277 5456 2748 5529 'l'xwgncw'yoiq.
2780 5456 2995 5529 thnl).,
3020 5456 3420 5529 ὑπωπιεσμοῖς.

2166 5525 2244 5594 (7)
2296 5525 2801 5580 Ἐπῶεἰκνυσθαα
2834 5526 2927 5580 Or.
2966 5531 3017 5592 1,
3052 5525 3489 5584 ὑποδείκνυσθαι.

2169 5599 2246 5666 t8)
2282 5596 2627 5671 ’Υίέχρουᾳ
2662 5598 2775 5671 Duo
2806 5596 2997 5671 chg.,
3034 5601 3199 5657 Coisl.
3234 5602 3259 5655 1
3301 5612 3354 5657 et
3381 5601 3477 5657 0r.
3513 5603 3566 5669 l,
3589 5602 3694 5657 ὕπο

2095 5666 2346 5737 έκρουσε.
2368 5666 2567 5726 Gloss..
2593 5667 2875 5723 ἀντέπεσε.
2895 5666 2908 5668 ⁷
2926 5666 2948 5671 “
3507 5703 3519 5714 .
