3910 6214
224 169 316 225 197
890 172 1153 230 ORATIO
1192 175 1416 235 XXXII.
1453 208 1523 220 —
1562 177 1653 233 DE
1691 178 2200 239 MODERATIONE
2238 182 2311 238 IN
2355 183 2824 243 DISPUTANDO.

3404 194 3512 253 198

219 284 394 354 ςαιφῷ
417 302 433 319 ·
505 288 633 355 καὶ,
714 290 1026 359 Ἀλήθειαν
1083 295 1415 365 μελετήσει
1479 299 1512 351 ό
1574 298 1786 368 λάρυγί

1913 316 2026 352 cam
2095 299 2376 354 Dominum
2417 303 2472 355 in
2530 304 2674 357 omni
2709 313 2936 370 tempore
2969 303 3049 368 ⁸¹;
3100 313 3176 369 et,
3218 304 3504 363 Veritatem

214 396 327 448 μου
356 378 469 451 (9)·
496 370 613 444 καὶ,
655 381 829 447 Ἰδοὺ,
859 384 933 437 τὰ
962 385 1139 454 χείλη
1163 404 1283 455 μου
1315 389 1387 442 οὐ
1409 387 1497 458 μὴ
1528 391 1806 445 κωλύσω·

218 471 305 524 καὶ
327 470 553 525 τοιαῦτα
594 474 716 546 ἐρεῖ
760 477 1204 548 μεμελετημένα,
1248 479 1343 534 καὶ
1389 481 1672 551 ὡρισμένα
1713 484 1811 554 ρή-

221 580 392 634 ματα;
425 565 571 636 Πρὸς
597 565 656 620 ὃν
685 566 767 620 δεῖ
802 567 995 639 πράως
1022 569 1119 622 καὶ
1151 569 1226 640 μὴ
1265 569 1521 641 χαλεπῶς
1560 571 1807 642 ἀπαντῆ-

220 672 302 709 σαι
329 659 440 721 τοῖς
478 659 679 727 λόγοις,
705 660 957 715 ἐντεῦθεν
1002 661 1355 727 διδάσκοντας
1385 662 1498 731 (10)
1530 663 1806 731 εὒταξίαν.

217 748 288 800 Οὐ
325 751 537 820 σιωπᾷν
573 751 984 824 διακελεύομαι,
1014 747 1060 806 ὧ
1094 754 1398 823 σοφώτατε,
1430 754 1570 809 ἀλλὰ
1605 757 1680 829 μὴ
1715 774 1807 824 φι-

215 841 465 905 λονείκως
489 843 744 897 ἵστασθαι
766 860 781 875 ·
819 846 881 898 οὐ
911 844 1180 916 κρύπτειν
1211 845 1310 916 τὴν
1338 846 1631 915 ἀλήθειαν.
1669 847 1808 903 ἀλλὰ

219 934 289 1005 μὴ
317 934 589 989 διδάσκειν
618 937 771 1007 παρὰ
798 936 892 990 τὸν
920 939 1088 1008 νόμον
1113 937 1250 1008 (11).
1287 936 1430 1006 Ἐγὼ
1449 938 1666 1010 πρῶτος
1693 937 1805 995 τῶν

216 1024 575 1081 ἐπαινούντων
603 1028 721 1099 είμὶ
749 1028 963 1097 σοφίαν,
984 1029 1089 1083 κάν
1110 1032 1224 1093 τοῖς
1246 1030 1413 1093 θείοις
1437 1030 1615 1100 λόγοις
1642 1032 1807 1102 ἀσχο-

213 1117 521 1188 λουμένων,
558 1118 592 1190 ἢ
627 1119 976 1190 ἀσχολεῖσθαί
1027 1137 1093 1188 γε
1139 1119 1518 1191 βουλομένων·
1579 1120 1674 1173 καὶ
1730 1121 1803 1192 μή

214 1226 341 1263 ποτε
381 1209 487 1283 πρὸ
513 1210 719 1282 ταύτης
746 1229 800 1264 τι
828 1210 981 1283 θείην
1005 1212 1107 1283 τῆς
1137 1212 1416 1284 ἀσχολίας,
1449 1211 1585 1284 μηδὲ
1617 1210 1808 1265 ταλαί-

212 1318 394 1373 πωρος
423 1303 515 1355 ὑπ’
550 1303 725 1374 αὐτῆς
755 1303 1055 1374 ἀκούσαιμι
1093 1303 1195 1374 τῆς
1227 1303 1448 1373 Σοφίας,
1493 1302 1569 1367 ὼς
1614 1301 1805 1371 σοφίαν

212 1393 303 1446 καὶ
336 1394 585 1449 παιδείαν
610 1394 928 1460 ὲξουθενῶν.
964 1395 1157 1464 Φεύγω
1185 1396 1231 1449 δ’
1258 1398 1409 1468 ὅμως
1443 1395 1505 1449 τὸ
1542 1395 1800 1467 ἄμετρον,

1915 390 2262 444 meditabitur
2294 400 2481 461 guttur
2533 409 2707 446 meum
2741 394 2820 461 8’;
2875 404 2950 458 et,
3006 393 3142 448 Ecce
3200 395 3341 451 labia
3388 414 3506 454 mea

1914 496 2019 533 non
2047 481 2331 548 prohibebo
2367 482 2449 550 3’;
2496 492 2555 537 et
2599 484 2705 538 alia
2748 498 2870 553 quae
2911 485 2963 540 in
3010 488 3256 542 eamdem
3284 497 3503 545 senten-

1912 569 2042 621 tiam
2073 571 2329 625 meditata
2358 586 2422 627 ac
2447 572 2668 627 deﬁnita
2692 573 2852 645 593
2878 577 3186 632 testimonia
3203 579 3505 646 producet?

1910 661 2006 717 Cui
2039 661 2233 717 leniter
2261 671 2316 718 et
2341 665 2460 718 sine
2492 666 2815 734 acerbitate,
2843 677 2900 720 ut
2927 668 3055 723 hinc
3087 677 3301 739 quoque
3330 671 3497 725 animi

1917 752 2348 808 moderationem
2381 755 2691 823 doceamus,
2720 758 3116 813 occurrendum
3144 768 3246 815 est.
3288 760 3404 816 Non
3443 775 3497 815 te

1915 854 2098 902 tacere
2142 845 2332 915 jubeo,
2379 848 2465 902 vir
2527 850 2967 919 sapientissime,
3020 852 3114 907 sed
3150 867 3180 906 a
3231 854 3497 922 pertinaci

1911 938 2260 993 contentione
2310 939 2587 994 abstinere
2644 959 2656 994 :
2716 956 2823 996 non
2874 943 3158 996 veritatem
3203 944 3501 1008 occultare,

1911 1025 2007 1080 sed
2041 1037 2239 1094 praeter
2267 1026 2438 1097 legem
2479 1044 2586 1084 non
2616 1029 2833 1085 docere.
2868 1030 3001 1084 Nam
3030 1041 3085 1086 et
3110 1033 3225 1101 ipse
3260 1035 3342 1089 vel
3391 1036 3502 1104 pri-

1912 1131 2035 1171 mus
2076 1116 2220 1172 inter
2250 1132 2346 1172 eos
2380 1134 2574 1174 nomen
2625 1121 2908 1188 profiteor,
2963 1121 3054 1190 qui
3090 1124 3407 1192 sapientiam
3444 1134 3502 1182 et

1911 1211 2218 1266 doctrinam
2249 1211 2503 1268 laudibus
2541 1211 2792 1282 eﬁ‘erunl,
2831 1224 2993 1285 atque
3039 1217 3092 1271 in
3136 1217 3336 1273 divinis
3380 1234 3499 1275 ser-

1909 1304 2165 1361 monibus
2208 1305 2492 1375 sacrisque
2547 1306 2744 1362 studiis
2796 1316 3007 1378 tempus
3056 1320 3221 1380 atque
3272 1325 3499 1380 operam

1910 1405 2141 1466 ponunt,
2175 1406 2271 1452 aut
2300 1408 2448 1453 certe
2499 1412 2703 1467 ponere
2731 1400 2956 1469 cupiunt
2989 1417 3003 1454 :
3046 1416 3110 1456 ac
3139 1402 3281 1457 Deus
3336 1401 3495 1469 faxit,

210 1487 301 1539 καὶ
339 1484 555 1550 κολάζω
601 1486 714 1558 (12)
756 1488 859 1560 τὴν
913 1488 1255 1561 ἀπληστίαν·
1308 1489 1405 1542 κα)⁸
1448 1487 1619 1560 ἀργὸς
1664 1485 1780 1540 εῐνα

1909 1503 1979 1543 ne
2015 1488 2146 1558 quid
2187 1505 2425 1558 unquam
2498 1490 2627 1545 huic
2671 1491 3015 1560 occupationi
3065 1495 3496 1560 prmverlendum

212 1580 412 1651 μᾶλλον
447 1578 545 1633 τοῦ
587 1580 835 1644 δέοντος,
889 1580 922 1651 ἢ
975 1580 1271 1653 περίεργος
1316 1580 1579 1651 δέχομαι,
1615 1578 1681 1633 ἂν
1727 1579 1786 1648 μὶ

1908 1581 2124 1645 ducam,
2154 1596 2222 1635 ne
2256 1581 2455 1650 alioqui
2493 1583 2562 1638 ab
2590 1582 2705 1649 ipsa
2761 1583 3040 1652 Sapientia
3090 1586 3259 1641 miser
3312 1586 3497 1655 appel-

206 1672 492 1744 ἀμφότερα
549 1671 866 1743 διαφεύγειν
917 1672 1054 1744 ἐξῇ,
1108 1672 1201 1726 καὶ
1251 1672 1345 1725 τοῦ
1404 1671 1625 1742 μετρίου
1682 1670 1786 1739 (15)

1905 1671 2003 1740 Ier,
2038 1680 2102 1729 ut
2156 1673 2478 1744 sapientiam
2525 1682 2581 1728 et
2611 1674 2971 1731 eruditionem
3029 1692 3292 1747 spernens
3321 1678 3388 1744 ⁸⁸,
3429 1692 3496 1734 ac

205 1764 522 1835 τυγχάνειν·
576 1765 673 1818 καὶ⁸
720 1764 1020 1837 δειλότερος
1072 1764 1272 1836 μᾶλλον
1320 1763 1416 1817 τοῦ
1472 1763 1706 1826 δέοντος,
1765 1761 1786 1813 1

1905 1778 2003 1831 pro
2038 1764 2210 1819 nihilo
2261 1766 2484 1820 ducens.
2540 1766 2765 1821 Interim
2819 1776 3000 1823 tamen
3048 1783 3331 1825 excessum
3358 1770 3491 1836 vito,

204 1855 556 1929 θρασύτερος.
595 1859 666 1912 Σὺ
701 1858 757 1912 δὲ
786 1861 961 1922 ποιεῖς
988 1857 1374 1929 παραπλήσιον
1396 1894 1412 1919 ,
1442 1854 1633 1925 ὥσπερ
1656 1852 1722 1907 ἂν
1750 1857 1786 1905 ει

1905 1866 1959 1912 et
2010 1856 2393 1926 inexplebilem
2453 1857 2805 1926 cupiditatem
2858 1873 3119 1927 coerceo;
3176 1859 3488 1931 malimque,

203 1949 481 2004 κωλύοντά
515 1967 583 2021 με
620 1950 832 2022 τροφῆς
870 1950 1162 2023 ἀμετρίαν,
1193 1951 1287 2005 καὶ
1316 1948 1546 2003 καθόλου
1591 1947 1786 2020 τροφὴι

1905 1949 1948 2003 si
1979 1948 2110 2003 mihi
2136 1956 2430 2019 utrumque
2462 1949 2670 2020 fugere,
2705 1964 2771 2006 ac
2813 1951 3244 2007 mediocritatem
3276 1953 3491 2022 assequi

201 2040 436 2095 κωλύειν
477 2042 755 2115 κατῃτιῶ·
802 2042 836 2114 ἦ
882 2043 978 2097 καὶ
1020 2043 1336 2114 τυφλότητα
1378 2043 1645 2104 ἐπαινεῖν,
1692 2055 1786 2092 σω-

1905 2055 2011 2094 non
2045 2039 2230 2106 liceat,
2257 2040 2422 2095 nimis
2470 2040 2699 2109 ignavus
2727 2056 2872 2107 esse,
2894 2058 3057 2113 quam
3099 2044 3262 2100 nimis
3314 2047 3496 2100 curio-

200 2133 415 2206 φρόνως
438 2136 570 2207 όρᾷν
590 2135 1010 2207 εἰσηγούμενον.

1905 2144 2029 2194 sus;
2076 2143 2141 2182 ac
2191 2128 2357 2183 nimis
2394 2128 2639 2195 timidus,
2684 2144 2846 2200 quam
2881 2131 3044 2186 nimis
3093 2133 3268 2187 audax
3320 2142 3374 2188 et
3413 2147 3496 2188 te-

199 2226 491 2281 merarius.
520 2227 589 2280 At
619 2235 676 2281 tu
711 2225 856 2281 idem
889 2226 1115 2281 omnino
1145 2227 1274 2280 mihi
1326 2225 1508 2281 facere
1554 2223 1780 2286 videris,
1860 2235 1924 2274 ac
1990 2220 2038 2275 si
2096 2235 2205 2286 me,
2263 2221 2556 2277 immodico
2612 2223 2734 2279 cibo
2797 2224 2894 2280 tibi
2952 2226 3391 2294 interdicentem,
3426 2244 3495 2283 eo

198 2318 420 2372 nomine
492 2331 800 2386 accusares,
876 2317 1033 2386 quasi
1107 2318 1177 2373 ab
1227 2318 1374 2373 omni
1424 2317 1733 2371 universum
1790 2313 2048 2367 alimento
2103 2312 2197 2366 tibi
2262 2313 2644 2368 abstinendum
2692 2329 2816 2371 esse
2898 2316 3348 2386 praescribe-rem;
3396 2327 3493 2375 aut

197 2407 264 2461 ad
291 2413 446 2461 caste
475 2406 777 2478 pudiceque
803 2408 1134 2464 cernendum
1192 2407 1527 2470 hortantem,
1562 2406 1787 2478 perinde
1826 2403 2214 2468 criminareris,
2252 2404 2408 2473 quasi
2440 2405 2743 2460 caecitatem
2778 2404 3031 2462 laudibus
3060 2405 3334 2464 efferrem.

262 2503 403 2558 KA'.
444 2505 513 2557 El
541 2502 655 2577 (M)
682 2502 810 2557 ἔστι
850 2519 952 2560 σοι
988 2505 1173 2577 ,λόγος
1195 2504 1526 2571 συνέσεως,
1547 2502 1790 2572 ἀποκρί-

194 2598 349 2663 θνιτι,
377 2597 539 2667 φησὶ,
598 2596 699 2651 καὶ
729 2596 932 2664 οὐδεὶς
970 2600 1004 2652 ὀ
1041 2599 1369 2652 κωλύσων·
1395 2601 1448 2652 ει
1486 2596 1555 2650 δὲ
1566 2597 1675 2667 μὴ.
1696 2594 1791 2648 δε⁴

130 2686 137 2691 ’
192 2686 352 2755 σμὸς
379 2687 603 2740 κείσθω
641 2687 777 2754 σοῖς
819 2688 1073 2757 χείλεσι.
1114 2689 1273 2759 Πόσῳ
1325 2687 1523 2759 μᾶλλον
1564 2683 1790 2758 ἁρμόζει

189 2778 352 2832 τοῦτο
382 2781 497 2843 τοῖς
527 2781 608 2843 είς
637 2778 698 2832 τὸ
724 2779 998 2834 διδάσκειν
1023 2781 1297 2852 ἑτοίμοις;
1331 2780 1394 2833 Ei
1428 2778 1527 2850 μὲν
1555 2778 1669 2831 ἔστι
1708 2794 1792 2831 σοι

189 2868 412 2942 καιρὸς,
439 2868 653 2934 δίδαξον
678 2885 693 2899 ·
738 2870 873 2923 εἰδὲ
916 2870 1014 2943 μὴ,
1063 2871 1163 2942 τὴν
1227 2869 1478 2941 γλῶσσαν
1529 2869 1790 2940 πεδήσας.

1972 2493 2113 2553 XXI.
2142 2495 2203 2552 Si
2234 2507 2310 2551 est
2348 2497 2441 2551 tibi
2471 2513 2640 2552 sermo
2679 2498 2994 2567 prudentia,
3029 2499 3205 2569 inquit
3251 2502 3359 2567 ille,
3401 2520 3490 2558 re-

1895 2587 2088 2658 sponde
2111 2605 2129 2644 :
2157 2604 2249 2642 nec
2273 2589 2549 2659 quisquam
2578 2588 2870 2657 prohibebit
2893 2605 2912 2643 :
2937 2590 3018 2643 sin
3059 2591 3255 2660 minus,
3292 2593 3490 2648 Intereat

1898 2680 2158 2734 vinculum
2173 2679 2329 2733 labiis
2350 2679 2453 2733 tuis
2469 2678 2536 2733 ⁸³.
2555 2677 2769 2747 Quanto
2784 2680 3120 2734 commodius
3150 2681 3252 2737 ltoc
3276 2682 3328 2737 in
3368 2698 3485 2748 eos,

1898 2771 1990 2840 qui
2034 2771 2102 2825 ad
2143 2770 2448 2826 docendum
2479 2771 2713 2841 prompti
2741 2784 2806 2825 ac
2852 2773 3026 2840 parati
3057 2782 3205 2840 sunt,
3241 2774 3487 2831 adhiberi

1899 2863 2107 2933 queat?
2134 2862 2188 2917 Si
2221 2863 2313 2919 tibi
2339 2872 2551 2933 tempus
2571 2863 2866 2929 est,doce;
2897 2863 2981 2918 sin
3014 2864 3218 2930 minus,
3245 2865 3486 2922 revincta

186 2961 351 3016 λῦσον
416 2960 513 3033 τὴν
565 2963 757 3033 ἀκοήν.
792 2962 1009 3017 Μελέτα
1043 2963 1141 3034 μὲν
1174 2964 1233 3017 ὲν
1281 2966 1394 3027 τοῖς
1458 2962 1644 3028 θείοις,
1680 2962 1786 3016 ἀλλ’

1905 2955 2102 3025 lingua,
2148 2969 2309 3010 aures
2330 2954 2499 3009 solve.
2524 2953 2784 3009 Meditare
2808 2965 2864 3009 tu
2884 2954 3124 3025 quidem,
3156 2966 3318 3027 atque
3363 2959 3487 3012 ani-

185 3054 321 3107 εῖσω
345 3054 462 3107 τῶν
486 3055 628 3126 ὅρων
662 3054 859 3126 μένων.
887 3054 1132 3124 Φθέγγου
1172 3055 1271 3127 μὲν
1303 3055 1374 3109 τὰ
1403 3055 1498 3108 τοῦ
1537 3055 1793 3126 Πνεύμα-

182 3163 300 3211 τος,
334 3146 459 3213 καὶ,
491 3147 542 3199 εί
578 3145 824 3214 δυνατὸν,
850 3147 973 3219 μηδ’
1014 3147 1126 3219 (15)
1150 3146 1279 3202 ἄλλο
1304 3165 1356 3201 τι
1382 3164 1396 3179 ·
1438 3147 1534 3201 καὶ
1555 3147 1792 3217 φθέγγου

185 3238 398 3308 μᾶλλον
429 3237 463 3308 ἢ
513 3238 744 3292 ἀνάπνει
792 3238 979 3308 (καλὸν
1011 3240 1123 3312 γὰρ
1158 3237 1319 3293 τοῦτο
1361 3240 1457 3294 καὶ
1489 3238 1691 3303 ἔνθεον,
1726 3242 1791 3310 τῇ

185 3331 388 3404 μνήμῃ
415 3329 524 3383 τῶν
553 3329 736 3398 θείων,
777 3332 865 3385 ἀεὶ
897 3331 1010 3403 (16)
1046 3331 1423 3403 κεντρίζεσθαι
1452 3333 1590 3404 πρὸς
1614 3333 1789 3403 Θεόν),

181 3421 298 3475 ἀλλ’
346 3421 388 3476 ἃ
422 3422 801 3494 προσετάχθης
837 3421 1242 3495 διανοούμενος.
1305 3423 1398 3495 Μὴ
1424 3423 1789 3495 περιεργάζου

182 3514 407 3586 Πατρὸς
464 3514 625 3584 φύσιν
661 3513 796 3585 (17),
833 3514 966 3569 Υἱοῦ
1008 3515 1118 3587 (18)
1151 3513 1474 3585 μονογενοῦς
1513 3515 1789 3576 ούσίωσιν.

181 3605 513 3674 Πνεύματος
541 3603 698 3672 δόξαν
726 3605 822 3659 καὶ
843 3606 1094 3677 δύναμιν,
1127 3608 1224 3678 τὴν
1252 3607 1383 3679 μίαν
1408 3609 1468 3661 ὲν
1500 3610 1614 3672 τοῖς
1643 3607 1792 3679 τρισὶ

181 3694 430 3768 θεότητα
455 3696 551 3749 καὶ
584 3695 970 3768 λαμπρότητα,
1010 3698 1110 3767 τὴν
1140 3697 1440 3770 ἀμέριστον
1484 3699 1579 3752 καὶ
1605 3698 1787 3768 φύσιν,

179 3789 277 3843 καὶ
333 3787 655 3860 ὁμολογίαν,
696 3788 792 3842 καὶ
841 3788 1020 3862 δόξαν,
1054 3791 1151 3843 καὶ
1195 3790 1306 3845 τῶν
1346 3791 1790 3845 πεπιστευκότων

180 3876 401 3931 ἐλπίδα.
447 3877 614 3947 Ἔχου
666 3877 776 3930 τῶν
831 3879 1147 3950 συντρόφων
1206 3880 1499 3952 ῥημάτων·
1558 3883 1588 3934 ὁ
1636 3880 1791 3949 λόγος

180 3968 326 4023 ἔστω
349 3969 464 4023 τῶν
489 3970 832 4041 σοφωτέρων.
875 3970 1065 4043 ’Λρκεῖ
1092 3988 1175 4025 σοι
1198 3971 1293 4025 τὸν
1325 3971 1573 4044 θεμέλιον
1606 3971 1751 4043 ἔχειν
1772 3987 1786 4001 ·

180 4060 617 4132 ἐποικοδομείτω
673 4062 730 4114 δὲ
761 4063 790 4114 ὁ
838 4063 1112 4133 τεχνίτης.
1157 4063 1346 4136 Ἀρκεῖ
1390 4063 1470 4135 τῷ
1504 4064 1652 4135 ἄρτῳ
1689 4062 1788 4135 τὴν

178 4153 423 4229 καρδίαν
455 4152 807 4225 στηρίζεσθαι
830 4172 843 4187 ·
883 4153 952 4207 τὰ
979 4153 1087 4225 ὄψα
1117 4154 1174 4209 δὲ
1204 4158 1319 4219 τοῖς
1343 4155 1621 4219 πλουσίοις
1655 4172 1788 4225 συγ-

176 4245 462 4318 χώρησον.
492 4246 681 4310 Ούδεὶς
717 4245 893 4317 κρίνει
929 4263 1010 4312 σε,
1049 4246 1124 4319 μὴ
1152 4247 1422 4320 τρέφοντα
1456 4246 1784 4316 πολυτελῶς,

1899 3064 1989 3102 mo
2024 3062 2249 3102 versare
2298 3047 2355 3101 in
2397 3048 2560 3103 rebus
2600 3046 2821 3115 divinis,
2875 3058 3132 3104 caeterum
3163 3049 3308 3105 intra
3349 3049 3487 3107 lines

1895 3148 1949 3194 te
1993 3139 2298 3195 continens.
2363 3138 2612 3209 Loquere
2667 3148 2725 3194 tu
2772 3141 2994 3212 quidem
3054 3156 3119 3196 ea
3181 3156 3301 3212 quae
3355 3151 3484 3198 sunt

1897 3229 2155 3300 Spiritus,
2199 3244 2284 3297 ac,
2329 3230 2376 3286 si
2411 3230 2527 3286 ﬁeri
2569 3239 2768 3302 potest,
2804 3247 2871 3286 ne
2898 3232 3044 3287 aliud
3080 3233 3296 3303 quidem
3321 3234 3484 3303 quid-

1895 3334 2060 3390 quam
2111 3319 2368 3390 loquere;
2410 3321 2521 3376 imo
2551 3321 2717 3376 etiam
2753 3323 3002 3379 crebrius
3040 3323 3284 3393 loquere,
3316 3340 3481 3395 quam

1899 3415 2138 3486 respires
2179 3414 2490 3486 (pulchrum
2525 3416 2672 3471 enim
2708 3432 2772 3472 ac
2810 3418 3050 3472 divinum
3086 3427 3172 3473 est
3212 3434 3310 3489 per
3347 3422 3486 3474 divi-

1894 3521 2091 3561 narum
2143 3522 2324 3562 rerum
2364 3510 2941 3565 commemorationem
2974 3510 3043 3565 ad
3093 3512 3186 3566 Dei
3239 3526 3482 3568 amorem

1893 3610 2156 3668 perpetuo
2182 3599 2582 3670 exstimulari);
2631 3602 2725 3656 sed
2756 3602 2851 3668 ita,
2880 3610 2937 3656 ut
2968 3617 3053 3668 ea,
3090 3618 3213 3673 quae
3244 3604 3339 3657 tibi
3375 3604 3479 3658 im-

1892 3702 2080 3762 perata
2113 3702 2260 3760 sunt,
2286 3693 2510 3765 cogites.
2564 3693 2645 3749 Ne
2704 3693 2881 3750 Patris
2925 3705 3175 3751 naturam
3207 3696 3367 3751 anxie
3399 3697 3483 3752 in-

1892 3784 2098 3852 quiras,
2137 3782 2415 3853 Unigeniti
2436 3791 2636 3849 ortum,
2673 3782 2912 3855 Spiritus
2942 3787 3113 3840 sancti
3147 3786 3376 3857 gloriam
3422 3797 3479 3842 et

1890 3874 2231 3944 potentiam;
2287 3889 2471 3941 unam,
2532 3875 2775 3945 inquam,
2809 3885 2865 3930 et
2912 3878 3157 3931 eamdem
3195 3878 3247 3931 in
3302 3879 3476 3934 tribus

1890 3969 2146 4038 personis
2182 3968 2441 4024 deitatem
2473 3978 2529 4024 et
2574 3970 2902 4035 claritatem,
2941 3971 3273 4025 individuam
3323 3971 3470 4025 illam

1894 4070 2168 4125 naturam,
2205 4075 2271 4116 ac
2301 4059 2724 4129 confessionem,
2756 4071 2811 4117 et
2850 4062 3101 4133 gloriam,
3147 4071 3203 4118 et
3251 4066 3477 4120 creden-

1892 4153 2025 4207 tium
2064 4166 2244 4222 spem:
2284 4152 2461 4208 Verba
2492 4168 2579 4218 ea,
2607 4153 2804 4223 quibus
2839 4153 3002 4210 simul
3024 4169 3146 4209 cum
3186 4154 3330 4210 laete
3367 4156 3474 4210 im-

1891 4240 2051 4295 butus
2078 4255 2159 4305 es,
2194 4243 2467 4297 mordicus
2498 4243 2704 4308 retine;
2753 4244 3020 4298 sermonis
3052 4253 3232 4299 autem
3260 4252 3315 4299 et
3360 4245 3477 4299 dis-

174 4336 289 4391 τῶν
318 4335 452 4391 νοῦν
472 4336 739 4407 ἐχόντων·
769 4336 886 4390 ἀλλ’
910 4337 1007 4392 ἐὰν
1049 4339 1126 4413 μὴ
1175 4339 1431 4413 παραθῇς
1461 4341 1644 4411 ἄρτον,
1679 4357 1785 4412 μη-

1905 4332 2202 4400 putationis
2253 4348 2438 4388 curam
2471 4333 2860 4389 eruditioribus
2913 4334 3135 4392 manda.
3193 4334 3336 4391 Satis
3382 4352 3474 4391 su.-

173 4429 235 4483 δὲ
269 4429 511 4500 ποτίσῃς
542 4428 708 4503 ὕδωρ,
746 4430 923 4483 είτουν
950 4430 1201 4504 μαθητὴν
1226 4432 1465 4504 Χριστοῦ
1499 4433 1633 4505 (19),
1669 4433 1780 4486 εἴτε

173 4520 343 4575 ἄλλον
373 4519 500 4573 τινὰ
530 4519 692 4592 μέχρι
717 4518 925 4573 τούτων
956 4519 1274 4592 δυνάμενος.
1306 4521 1404 4591 Μὴ
1429 4522 1557 4575 ἴσθι
1592 4521 1781 4589 ταχὺς

172 4612 504 4680 ὲνλότοις,
544 4612 579 4681 ἠ
630 4609 794 4680 σοφία
825 4609 1196 4666 διακελεύεται
1236 4628 1357 4665 σοι·
1402 4611 1477 4685 μὴ
1524 4628 1781 4683 συμπαρ-

172 4704 452 4769 εκτείνου,
487 4703 657 4767 πένης
681 4701 778 4770 ὣν,
827 4701 1088 4776 πλουσίῳ,
1120 4703 1257 4777 μηδὲ
1287 4703 1439 4776 ζήτει
1464 4702 1572 4758 τῶν
1600 4702 1781 4772 σοφῶν

1891 4438 2092 4493 perque
2120 4423 2217 4478 tibi
2247 4433 2331 4480 est
2371 4424 2781 4480 fundamentum
2828 4425 3033 4482 habere
3071 4442 3086 4480 :
3127 4438 3472 4498 superstruat

1889 4517 2243 4573 architectus.
2294 4516 2460 4589 594
2503 4517 2712 4573 Sullicit
2763 4517 2858 4573 tibi
2888 4534 2984 4574 cor
3016 4534 3155 4589 pane
3208 4519 3401 4575 fulcire
3454 4542 3468 4577 :

1889 4609 2119 4665 obsonia
2180 4609 2415 4679 copiosis
2451 4618 2507 4664 et
2561 4609 2917 4679 locupletibus
2975 4611 3241 4681 relinque.
3299 4611 3469 4666 Nemo

1891 4717 2057 4757 sanus
2097 4717 2162 4758 ac
2212 4702 2453 4774 prudens
2506 4713 2560 4758 te
2603 4704 2917 4769 accusabit,
2970 4703 3016 4757 si
3072 4702 3350 4773 splendide
3405 4718 3472 4760 ac

247 4848 293 4881 ⁸¹
329 4846 482 4904 Psal.
513 4862 709 4912 χχχιιι,
768 4846 825 4900 2.
898 4847 944 4878 ⁸³
972 4844 1252 4907 Prov.vm,
1281 4844 1334 4897 7.
1411 4843 1457 4875 ⁸³
1480 4843 1622 4897 Psal.
1664 4859 1786 4897 xxx:

1905 4841 1978 4899 l0.
2051 4841 2098 4874 ⁸⁸
2129 4842 2258 4915 Sap.
2282 4857 2365 4908 ιιι,
2405 4842 2492 4896 11.
2574 4842 2620 4874 ⁸⁸
2645 4840 2814 4898 Eccli.
2860 4856 2911 4909 ν,
2952 4840 3022 4896 14

244 5009 329 5083 (9)
347 5080 357 5083 Α
373 5005 1024 5083 Ἀλήᾂειατςμελεδιήσεέ
1047 5006 1080 5058 ό
1102 4999 1335 5083 αίὰρυτξ
1349 5016 1489 5072 μου.
1515 4997 1639 5054 Haec
1671 4998 1768 5053 de-

169 5075 317 5137 sunt
346 5080 404 5133 in
444 5079 653 5150 duobus
683 5075 951 5150 Re‘ggaet
983 5076 1076 5132 Or.
1114 5075 1160 5130 1.
1218 5141 1249 5150 _
1290 5143 1302 5150 _
1338 5141 1351 5150 _
1424 5142 1441 5150 _
1509 5141 1522 5150 _
1642 5138 1668 5150 η

245 5151 370 5221 (10)
402 5145 726 5221 Ἐντεῦθεν·
743 5139 1162 5221 διδάσκοντας.
1209 5141 1376 5199 Coisl.
1417 5142 1472 5208 1,
1506 5139 1766 5195 ἐνταῦθα.

167 5223 228 5277 In
256 5216 1015 5289 ὶιιιίὺιιεᾱειιη,διδάσκοντες.

247 5282 294 5356 (1
312 5290 369 5360 1)
399 5288 571 5360 Παρὰ
581 5286 695 5360 τὸν
707 5289 917 5360 Υόμρν.
946 5289 1040 5360 0r.
1071 5286 1150 5360 i,_
1165 5285 1306 5360 ὑπὲρ
1323 5282 1623 5360 ςιτὸννόμρνἶ

241 5349 365 5431 (12)
401 5349 664 5431 Κοῖλιίζω.
691 5349 796 5431 Αδὶἑ
822 5349 1289 5431 Regzbmﬁoisl:
1316 5355 1368 5420 1,
1395 5349 1513 5408 Οι·.’
1534 5354 1584 5416 1,
1617 5349 1765 5417 Bas.,

163 5426 394 5494 ςίιίυυζ,
428 5438 536 5499 etc.
560 5427 617 5481 In
640 5428 750 5490 ed.,
778 5426 1044 5499 σχολάζω,
1069 5445 1087 5478 ι
1111 5426 1271 5499 otior.
1296 5443 1316 5476 ι
1399 5495 1427 5499 η
1535 5494 1549 5499 _
1608 5489 1645 5499 ﬁ
1691 5456 1697 5470 ι

238 5499 361 5582 (1-5)
380 5489 517 5622 ’Ἰᾶοῦ
530 5489 1093 5568 μετρίοὺ.”8ἱοίῐεε
1125 5497 1291 5568 Regg.
1317 5506 1370 5552 et
1392 5495 1484 5551 0r.
1529 5494 1582 5549 1.
1608 5489 1771 5548 Deest

238 5591 261 5622 ι
293 5588 351 5622 ιιι
387 5585 420 5622 e
464 5606 481 5622 .

166 5589 261 5627 τοι.
293 5588 351 5624 Ill
387 5585 481 5622 ea.

240 5641 365 5715 (14)
402 5641 494 5695 Et.
512 5637 607 5695 Or.
639 5639 666 5693 1
708 5639 876 5707 addit,
910 5636 1026 5710 μέν.

1948 4996 2060 5070 (13)
2090 4997 2541 5070 Μηδ’.Ιῖρθ.Ιιιι,
2576 4997 2762 5070 μηδέν.
2969 5066 2992 5070 η
3095 5067 3109 5070 _
3297 5068 3311 5070 _
3409 5067 3422 5070 _
3492 5024 3500 5037 ι

1949 5066 2060 5135 (16)
2100 5070 2303 5134 Θείων,
2331 5066 2443 5122 ἀεί.
2479 5066 2700 5124 δίουυο
2733 5067 2925 5138 Βι·ςε.,
2958 5066 3052 5123 0r.
3087 5067 3134 5135 1,
3176 5076 3231 5121 et
3272 5067 3464 5122 Comb.

1880 5137 2039 5192 Deest
2064 5138 2151 5191 ἀεί
2179 5140 2233 5191 in
2267 5141 2353 5193 ed.

1949 5208 2324 5286 (l7)-11_atpd_c
2366 5207 2574 5286 φύσιν.
2615 5207 2828 5286 _Schol.:
2872 5207 3005 5286 Ἰδοὺ
3041 5207 3201 5276 φύσιν
3234 5207 3463 5261 ἐκάλεσε

1875 5276 1974 5348 τὴν
1996 5276 2092 5330 τοῦ
2122 5279 2336 5349 Πατρὺς
2412 5279 2497 5331 ίαν
2525 5279 2840 5332 ὑπόστασιν·
2871 5297 2890 5329 ι
2930 5278 3067 5332 Ecce
3099 5290 3345 5330 naturam
3370 5294 3463 5348 ap-

1876 5348 2096 5403 pellavit
2150 5364 2310 5402 unam
2363 5296 2542 5403 ﬁatris
2588 5350 3037 5403 subsistentiam.
3094 5362 3215 5403 seu.
3269 5362 3460 5403 nerso-

1875 5348 2096 5416 petlavit
2150 5348 2310 5402 unam
2363 5348 2542 5404 Patris
2588 5350 3037 5412 subsistentiam,
3094 5362 3215 5413 seu,
3267 5362 3460 5416 perso-

1873 5434 2065 5559 Μξῖὲ)
2099 5487 2254 5559 Υίοῦ.
2293 5488 2453 5542 Deest
2483 5489 2535 5543 in
2574 5489 2743 5544 tribus
2776 5487 2945 5559 Regg.
2976 5499 3029 5544 et.
3057 5488 3149 5545 0r.
3187 5489 3238 5543 1.

1972 5489 2059 5557 18)
2099 5489 2254 5542 Υίοῦ.
2293 5489 2453 5542 Deest
2483 5489 2535 5543 in
2574 5489 2743 5544 tribus
2776 5489 2945 5559 Regg.
2976 5499 3029 5544 et.
3057 5489 3149 5545 0r.
3187 5489 3238 5543 1.

1946 5489 2056 5634 (l9)
2089 5558 2309 5634 Εἵτσυν
2344 5560 2621 5634 μαθητὴν
2656 5561 2937 5630 Χριστοῦ.
2977 5562 3093 5617 Duo
3128 5560 3322 5634 Regg.,
3360 5557 3462 5619 εἰτ’

1876 5626 1968 5685 οὗν
2000 5629 2237 5702 Χριστοῦ
2270 5630 2537 5703 μαθητήν.
