3910 6214
418 195 520 250 199

416 306 702 379 magniﬁce
747 321 958 363 coenam
996 321 1106 361 non
1157 306 1485 360 instruxeris

414 399 618 455 Christi
651 398 933 468 discipulo,
963 398 1044 452 vel
1096 398 1334 466 cuipiam
1381 394 1470 448 alii
1508 407 1703 463 panem
1754 407 1861 445 non
1906 405 2001 459 ap-

414 492 683 562 posueris,
722 501 816 545 aut
847 505 999 558 aqua;
1050 490 1300 560 poculum
1327 489 1457 542 'non
1491 484 1825 557 porrexeris,
1875 499 2000 538 cum

415 584 472 639 id
507 584 601 638 tibi
634 597 728 651 per
762 582 1048 637 facultates
1086 591 1206 637 tuas
1242 581 1424 645 liceat,
1475 586 1590 633 tum
1625 577 1843 631 demum
1875 574 2003 642 jure

416 690 480 728 ac
503 675 696 728 merito
721 674 1192 730 condemnaberis.
1238 673 1367 727 Noli
1403 670 1540 726 celer
1566 686 1679 724 esse
1713 669 1770 722 in
1809 667 2000 731 verbis,

416 765 671 817 admonet
716 763 941 832 Sapiens
972 763 1054 830 ⁸⁶;
1099 777 1200 818 nec
1245 762 1425 830 inopia
1475 760 1750 820 laborans,
1787 765 1991 810 tecum

417 853 683 923 locuplete
722 870 995 924 compara,
1031 871 1128 910 nec
1179 854 1516 924 sapientibus
1546 850 1848 920 sapientior
1882 861 2005 902 esse

418 944 629 998 aﬁecta.
658 944 949 1013 Sapientiae
976 960 1191 1014 quoque
1213 960 1384 1014 genus
1412 952 1514 1006 est,
1547 942 1788 1009 seipsum
1817 951 2001 1000 nosse,

416 1052 483 1090 ac
533 1051 636 1090 non
692 1036 981 1090 immodice
1046 1034 1250 1098 efferri,
1304 1034 1605 1103 eodemque
1656 1029 1838 1091 modo,
1895 1041 2002 1096 qno

1628 187 1687 246 S.
1729 185 2062 244 GREGOBII
2102 185 2456 243 TIIEOLOGI

1537 322 1551 359 :
1596 318 1785 357 verum
1827 302 1899 366 si,
1931 301 2005 355 vel

2116 294 2257 354 εἶναι
2294 302 2618 373 σοφώτερος.
2670 301 2858 370 Σοφία,
2891 302 2986 355 καὶ
3033 300 3094 354 τὸ
3147 299 3436 369 γινώσκειν
3490 302 3690 367 ἑαυτὸν,

3592 190 3683 245 ΞΟ(

2109 392 2246 445 ἀλλά
2275 393 2349 463 μὴ
2378 393 2797 465 ὐπεραίρεσθαι,
2832 394 2968 465 μηδὲ
2993 393 3190 448 ταυτδν
3217 396 3339 457 ταῖς
3368 397 3572 463 φωναῖς
3606 397 3696 449 πά-

2111 500 2283 553 σχειν,
2340 485 2396 539 αἳ
2426 485 2703 549 παντελῶς
2747 487 3110 551 ἐκλείπουσιν,
3141 489 3238 541 ἐὰν
3276 487 3695 559 ὑπερφωνῶνται

2108 576 2176 629 δι’
2211 577 2501 648 ἀμετρίαν.
2542 580 2804 651 Κρεῖττον
2830 579 2959 634 ὄντα
2986 580 3169 649 σοφὸν,
3201 580 3454 649 ὑφίεσθαι
3490 580 3555 634 δι’
3587 580 3699 635 ὲπι-

2112 665 2398 737 είκειαν,ἢ
2439 668 2668 738 ἀμαθῶς
2708 668 2901 741 ἔχοντα
2943 671 3031 725 διὰ
3077 671 3278 743 θράσος
3310 672 3701 742 ὑπερεκτείνε-

2114 754 2261 809 σθαι.
2313 756 2386 811 Τὸ
2441 759 2605 829 τάχος
2642 759 2782 814 ἔστω
2816 778 2897 814 σοι
2950 761 3113 833 μέχρι
3162 763 3263 833 τῆς
3312 762 3621 832 ὁμολογίας,
3652 762 3702 814 εἴ

2112 860 2243 897 ποτε
2278 846 2391 915 (20)
2420 847 2626 919 ταύτην
2678 850 3077 922 ἀπαιτηθείης·
3112 850 3176 905 τὸ
3222 851 3280 905 δὲ
3335 851 3476 924 ὑπὲρ
3501 852 3697 924 ταύτην

2111 931 2250 989 εἶναι
2276 937 2595 1012 δειλότερος.
2644 942 2796 995 Ἐκεῖ
2828 943 2925 1013 μὲν
2943 944 3052 1014 γὰρ
3081 945 3115 1015 ή
3143 942 3435 1015 βραδυτὴς,
3470 943 3696 999 ἐνταῦθα

2108 1025 2164 1078 δὲ
2190 1029 2223 1098 ἡ
2264 1031 2504 1101 ταχυτὴς
2534 1033 2647 1105 ἔχει
2674 1035 2767 1088 τὸν
2795 1036 3064 1091 κίνδυνον.

416 1148 599 1196 voces,
632 1130 792 1195 allici,
847 1146 987 1199 quae,
1033 1132 1077 1186 si
1134 1130 1509 1185 vehementius
1559 1128 1998 1187 contendantur,
2042 1133 2291 1191 propter.
2322 1143 2606 1183 excessum
2661 1132 2889 1187 omnino
2953 1132 3231 1189 deﬁciunt.
3285 1133 3529 1200 Praestat,
3578 1151 3694 1192 eum

419 1226 611 1280 doctus
643 1224 740 1286 sis,
773 1223 842 1278 ob
875 1223 1345 1277 mansuetudinem
1389 1229 1443 1273 et
1470 1220 1634 1272 animi
1685 1215 1994 1285 mqnitatem
2035 1216 2281 1268 consulte
2308 1219 2522 1284 cedere,
2550 1235 2739 1289 quam,
2804 1236 2925 1277 cum
2965 1223 3271 1280 eruditione
3319 1240 3534 1290 careas,
3602 1242 3695 1296 per

418 1313 765 1369 insolentiam
798 1328 862 1368 ac
892 1312 1253 1367 temeritatem
1285 1311 1445 1365 altius
1482 1308 1685 1364 efferri.
1744 1308 2008 1364 Celeritas
2086 1316 2173 1360 tua
2244 1324 2416 1377 usque
2467 1311 2534 1363 ad
2582 1311 2704 1365 ﬁdei
2747 1312 3144 1369 confessionem
3198 1319 3594 1386 progrediatur,
3651 1319 3694 1372 si

419 1405 634 1475 quando
668 1417 789 1458 ate
846 1407 1124 1473 poscitur,
1172 1402 1314 1457 ultra
1365 1416 1488 1457 eam
1525 1408 1706 1455 autem
1764 1400 2090 1455 timidiorem
2165 1410 2215 1455 te
2279 1417 2399 1457 esse
2466 1403 2649 1457 velim.
2706 1404 2840 1457 Nam
2912 1415 2970 1460 ut
3021 1406 3132 1459 illic
3187 1409 3437 1473 tarditas,
3498 1409 3571 1463 ita
3606 1409 3691 1465 hic

417 1500 692 1556 festinatio
720 1497 1018 1567 periculosa
1046 1503 1151 1550 est.

491 1594 653 1648 XXII.
681 1593 819 1659 Quid
848 1600 1029 1646 autem
1055 1599 1156 1653 est,
1188 1586 1543 1658 quamobrem
1571 1601 1738 1655 grave
1767 1595 1825 1641 et
1852 1600 2005 1640 acer-

2179 1582 2308 1636 KB’.
2333 1583 2398 1636 Τί
2435 1599 2515 1635 σοι
2540 1581 2730 1644 δεινὸν,
2754 1581 2851 1635 ἐὰν
2883 1582 2957 1654 μὴ
2985 1584 3120 1638 πᾶσι
3152 1584 3331 1653 λόγοις
3356 1585 3697 1641 ἐνδυναστεύ-

422 1688 550 1742 bum
589 1698 764 1757 putes,
795 1686 841 1740 si
891 1700 996 1737 non
1033 1684 1086 1737 in
1146 1681 1292 1736 omni
1346 1679 1714 1749 disputatione
1762 1676 2009 1732 domine-

419 1781 514 1840 ris.
552 1788 715 1847 atque
744 1778 798 1830 in
830 1776 974 1830 omni
1024 1772 1363 1844 problemate
1418 1782 1511 1824 aut
1548 1770 1851 1839 qutestione
1896 1768 2008 1836 pri-

421 1873 646 1927 mariam
681 1870 863 1927 sedem
897 1868 1169 1931 obtineas,
1197 1879 1384 1919 verum
1420 1862 1512 1917 alii
1559 1870 1633 1925 te,
1673 1861 1757 1915 vel
1788 1860 2001 1915 doctio-

419 1980 529 2028 res,
566 1961 651 2015 vel
691 1961 1010 2015 audaciores
1059 1954 1443 2013 inveniantur?
1503 1954 1614 2008 Deo
1662 1953 1851 2022 gratize
1908 1951 2008 2005 ha-

421 2056 675 2117 beantur,
710 2051 873 2122 quod,
908 2058 968 2104 ut
991 2049 1187 2105 eximia
1221 2048 1467 2116 largitur,
1516 2047 1587 2099 ita
1617 2060 1715 2115 per
1756 2059 2006 2099 commu-

420 2146 509 2199 nia
564 2144 724 2199 saluti
788 2142 1072 2198 hominum
1120 2139 1407 2194 consulere
1458 2136 1626 2192 norit.
1667 2138 1845 2206 Atque
1900 2135 2004 2189 hoc

420 2231 743 2286 miraculum
799 2245 904 2284 non
944 2230 996 2282 in
1037 2228 1285 2283 doctrina
1338 2235 1545 2281 tantum
1589 2241 1655 2281 ac
1688 2225 2009 2294 disputatio-

420 2323 603 2387 nibus,
631 2322 723 2377 sed
753 2323 806 2376 in
857 2322 972 2391 ipsa
1004 2334 1218 2390 quoque
1265 2318 1449 2372 mundi
1493 2315 1778 2372 effectione
1827 2315 2005 2370 locum

418 2413 622 2467 habere
687 2412 1013 2483 comperies,
1066 2410 1113 2466 si
1170 2410 1410 2463 animum
1460 2408 1783 2463 adverteris.
1824 2407 2009 2476 Neque

419 2505 564 2558 enim
598 2506 651 2559 in
682 2505 842 2561 rebus
869 2503 1069 2558 creatis
1096 2501 1554 2557 excellentissima
1593 2513 1827 2570 qumque
1866 2513 2007 2553 non-

419 2596 691 2651 nullorum
743 2597 1025 2661 duntaxat,
1078 2593 1173 2648 sed
1229 2592 1471 2649 omnium
1518 2599 1664 2654 sunt,
1721 2602 1885 2659 atque
1941 2589 2008 2643 ad

419 2704 588 2742 unum
624 2688 876 2757 idemque
910 2697 1288 2741 creaturarum
1339 2698 1511 2754 genus
1554 2682 1860 2738 communis
1908 2680 2006 2735 Dei

421 2780 598 2851 gratia
634 2779 925 2834 dimanat:
967 2792 1144 2846 neque
1196 2776 1251 2831 in
1298 2775 1424 2830 ﬁdei
1470 2775 1705 2841 ratione,
1752 2788 1839 2839 ea,
1889 2787 2008 2841 qua:

422 2872 653 2928 salutem
688 2871 942 2936 afferunt,
975 2871 1349 2941 potentiorum
1381 2877 1531 2932 sunt,
1561 2868 1656 2922 sed
1680 2865 2004 2924 volentium.

422 2962 559 3030 Quid
608 2962 889 3033 pulchrius
949 2977 1098 3026 aere,
1151 2961 1300 3030 igne,
1358 2974 1518 3029 aqua,
1575 2968 1745 3026 terra,
1786 2958 2002 3028 pluviis,

422 3052 711 3119 fructibus,
752 3052 942 3107 sativis
970 3051 1127 3120 juxta
1179 3059 1236 3105 et
1273 3049 1605 3120 agrestibus,
1637 3057 1800 3114 tecto,
1855 3046 2010 3101 indu-

423 3144 666 3199 mentis?
705 3144 867 3212 Atqui
906 3145 1020 3197 hazc
1076 3149 1205 3197 sunt
1243 3140 1535 3210 ejusmodi,
1591 3147 1650 3193 ut
1704 3152 1895 3193 omnes
1943 3137 2012 3192 iis

421 3236 784 3291 communiter
818 3245 1076 3311 utantur;
1117 3233 1315 3304 partim
1354 3231 1576 3302 quidem
1607 3232 1830 3285 omnino
1862 3244 2014 3284 com-

423 3329 687 3393 muniter,
722 3329 923 3399 partim
955 3327 1022 3381 ad
1057 3326 1348 3397 quamdam
1383 3323 1817 3383 mediocritatem
1847 3338 1863 3376 :
1912 3336 2013 3377 nec

424 3423 713 3493 quisquam
746 3422 880 3477 adeo
918 3430 1182 3492 tyrannus
1206 3427 1312 3484 est,
1347 3426 1407 3471 ut
1438 3416 1714 3473 communi
1742 3415 2011 3471 beneﬁcio

424 3513 572 3568 solus
611 3511 841 3565 fruatur.
893 3511 1038 3565 Deus
1067 3510 1213 3565 enim
1244 3508 1413 3565 solem
1452 3523 1609 3565 suum
1643 3521 1797 3577 atque
1830 3507 2011 3562 omni-

425 3607 529 3662 bus
554 3605 686 3660 oriri
735 3604 862 3658 facit
899 3603 981 3671 '7;
1035 3602 1296 3657 divitibus
1354 3617 1417 3657 ac
1460 3601 1795 3672 pauperibus
1847 3599 2012 3669 pluit;

426 3693 734 3753 communis
778 3694 882 3748 diei
917 3693 1205 3763 noctisque
1248 3692 1538 3748 alternatio
1571 3701 1626 3746 et
1667 3690 2011 3756 vicissitudo,

427 3799 718 3842 commune
744 3786 944 3841 donum
971 3787 1202 3850 sanitas,
1233 3786 1541 3839 communis
1573 3784 1695 3839 vita:
1724 3786 2013 3850 terminus,

428 3876 735 3933 communis
766 3890 1021 3931 mensura
1071 3886 1126 3930 et
1173 3877 1350 3947 gratia
1390 3877 1681 3943 corporis,
1713 3875 2015 3929 communis

426 3983 684 4025 sensuum
719 3969 801 4022 vis
830 3976 885 4022 et
936 3967 1197 4035 facultas;
1240 3983 1304 4023 ac
1333 3967 1565 4023 fortasse
1613 3969 1716 4024 hoc
1769 3973 2012 4038 nomine,

2112 1693 2231 1745 σῃς,
2264 1675 2361 1728 καὶ
2396 1674 2495 1745 τὴν
2535 1674 2827 1745 προεδρίαν
2864 1674 2994 1747 ἔχῃς
3026 1676 3118 1729 ἐπὶ
3150 1678 3352 1741 παντὸς
3380 1678 3698 1751 προϐλήμα-

2107 1788 2220 1833 τος,
2251 1770 2284 1841 ἢ
2313 1769 2649 1839 ζητήματος,
2691 1766 2807 1820 ἀλλ’
2827 1767 3005 1838 ἕτεροί
3042 1785 3136 1821 σου
3168 1767 3491 1841 φανῶσιν,ἥ
3526 1769 3700 1839 σοφώ-

2107 1863 2336 1934 τεροι,ῆ
2369 1860 2719 1932 θρασύτεροι;
2752 1858 2843 1930 Τῷ
2867 1859 2986 1931 Θεῷ
3008 1861 3185 1931 χάρις,
3216 1860 3299 1914 ὅτι
3336 1849 3531 1915 καὶτὰ
3552 1863 3699 1929 ἐξαί-

2111 1971 2244 2024 ρετα
2268 1952 2471 2015 δίδωσι,
2504 1952 2601 2005 καὶ
2649 1952 2738 2005 διὰ
2774 1951 2886 2006 τῶν
2914 1953 3132 2015 κοινῶν,
3165 1950 3359 2017 σώζειν
3388 1952 3694 2008 ἐπίσταται.

2109 2045 2219 2097 Καὶ
2241 2043 2398 2097 τοῦτο
2419 2044 2478 2096 ού
2512 2043 2639 2115 περὶ
2662 2042 2852 2111 λόγους
2881 2043 3042 2114 μόνον
3077 2042 3190 2111 (21)
3221 2041 3283 2095 τὸ
3312 2042 3518 2115 θαῦμα,
3559 2044 3695 2099 ἀλλὰ

2109 2136 2203 2189 καὶ
2239 2135 2368 2206 περὶ
2387 2135 2484 2205 τὴν
2504 2134 2864 2205 δημιουργίαν
2885 2133 3076 2199 αὐτὴν,
3110 2133 3165 2186 εἴ
3193 2152 3323 2187 ποτε
3344 2136 3697 2205 κατενόησας.

2110 2227 2250 2281 Οὔτε
2270 2229 2328 2279 ἐν
2364 2230 2477 2290 τοῖς
2505 2228 2767 2298 κτίσμασι
2799 2226 2866 2280 τὰ
2903 2227 3149 2297 πρωτεῖά
3187 2225 3299 2297 (22)
3341 2226 3505 2281 τινών
3529 2230 3700 2295 ἐστιν,

2108 2319 2245 2373 ἀλλὰ
2273 2320 2512 2384 πάντων,
2566 2319 2659 2372 καὶ
2687 2317 2840 2390 κοινὴ
2878 2319 3038 2389 χάρις
3067 2317 3163 2371 τοῦ
3194 2319 3314 2383 ἐνὸς
3344 2319 3661 2391 πλάσματος
3683 2338 3698 2351 ·

2109 2411 2232 2465 οὕτε
2255 2414 2312 2464 ὲν
2338 2415 2406 2482 τῇ
2430 2412 2610 2465 πίστει
2632 2411 2701 2465 τὰ
2732 2408 2973 2474 σώζοντα
2994 2411 3104 2464 τῶν
3124 2410 3531 2484 δυνατωτέρων,
3565 2413 3703 2468 ἀλλὰ

2108 2504 2218 2557 τῶν
2272 2503 2630 2575 βουλομένων.
2674 2503 2741 2556 Τί
2784 2502 3003 2556 κάλλιον
3035 2503 3214 2575 ἀέρος,
3251 2505 3444 2576 πυρὸς,
3489 2504 3702 2570 ὓδατος,

2110 2596 2238 2667 γῆς,
2268 2595 2461 2660 ὑετῶν,
2490 2595 2720 2667 καρπῶν
2751 2595 2974 2668 ἡμέρων
2998 2612 3057 2648 τε
3084 2597 3179 2649 καὶ
3208 2597 3438 2669 ἀγρίων,
3479 2597 3703 2670 στέγης,

2109 2691 2441 2761 ὲνδύματος;
2477 2689 2695 2742 Τούτων
2729 2690 2763 2761 ἡ
2797 2689 3056 2759 μετουσία
3105 2689 3279 2760 κοινὴ,
3334 2689 3445 2744 τῶν
3484 2690 3580 2761 μὲν
3606 2691 3705 2745 καὶ

2111 2782 2454 2842 παντάπασι,
2483 2781 2590 2834 τῶν
2616 2781 2673 2834 δὲ
2707 2780 2945 2851 μετρίως
2965 2795 2979 2809 ⁸
3011 2780 3105 2834 καὶ
3125 2780 3300 2846 οὐδεὶς
3330 2780 3475 2834 οὕτω
3504 2781 3708 2852 τύραν-

2110 2892 2221 2939 νος,
2254 2873 2395 2927 ὥστε
2429 2874 2589 2944 μόνος
2603 2872 2913 2927 ἀπολαῦσαι
2937 2873 3037 2944 τῆς
3060 2872 3247 2943 κοινῆς
3269 2872 3511 2944 χάριτος.
3549 2873 3709 2927 Ἀνα-

2109 2966 2285 3021 τέλλει
2312 2966 2403 3020 τὸν
2438 2966 2588 3037 ἥλιον
2609 2965 2910 3036 ὁμοτίμως,
2945 2964 3130 3036 βρέχει
3164 2963 3444 3028 πλουσίοις
3474 2964 3572 3019 καὶ
3604 2964 3706 3018 πέ-

2111 3077 2237 3131 νησι
2261 3075 2276 3089 °
2304 3058 2461 3129 κοινὴ
2489 3057 2684 3121 νυκτὸς
2712 3056 2807 3110 καὶ
2842 3055 3057 3127 ἡμέρας
3080 3055 3370 3126 ὲναλλαγὴ,
3400 3054 3578 3109 κοινὸν
3608 3055 3709 3108 δῶο

2114 3167 2208 3222 ρον
2239 3149 2439 3218 ὑγίεια,
2472 3148 2649 3213 κοινὸς
2680 3148 2805 3220 ὅρος
2839 3147 2952 3218 (25)
2979 3146 3148 3218 ζωῆς,
3180 3148 3359 3201 κοινὸν
3387 3147 3584 3218 μέτρον
3609 3149 3709 3202 καὶ

2113 3243 2273 3314 χάρις
2303 3242 2576 3312 σώματος,
2604 3240 2784 3294 κοινὸν
2816 3239 3125 3311 αἰσθήσεων
3169 3238 3399 3310 δύναμις
3420 3255 3435 3270 ⁸
3476 3239 3620 3310 τάχα
3646 3239 3709 3294 δὲ

2114 3336 2211 3390 καὶ
2248 3335 2434 3389 πλεῖον
2469 3334 2582 3405 (24)
2628 3335 2658 3387 ὁ
2690 3333 2862 3406 πένης
2887 3332 3023 3403 ἔχει,
3046 3333 3109 3387 τὸ
3136 3332 3230 3387 ἐπὶ
3278 3332 3488 3397 τούτοις
3519 3331 3708 3386 πλεῖον

2112 3430 2480 3501 εὐχαριστεῖν,
2512 3428 2607 3482 καί
2634 3427 2930 3482 ἀπολαύειν
2969 3427 3119 3497 ἥδιον
3142 3426 3251 3479 τῶν
3278 3425 3492 3489 κοινῶν,
3528 3426 3563 3497 ἢ
3593 3425 3707 3479 τῶν

2114 3522 2179 3574 ὲκ
2217 3519 2537 3593 περιουσίας
2556 3521 2607 3573 οἱ
2632 3518 3011 3590 δυνατώτεροι.
3051 3517 3238 3571 Ταῦτα
3276 3516 3375 3588 μὲν
3409 3511 3502 3571 οὖν
3526 3515 3704 3578 κοινὰ,

2115 3614 2212 3668 καὶ
2247 3615 2509 3686 ὁμότιμα,
2566 3614 2662 3667 καὶ
2688 3611 2823 3666 Θεοῦ
2852 3610 3197 3682 δικαιοσύνης
3250 3610 3609 3683 γνωρίσματα
3632 3625 3647 3639 ο
3678 3611 3709 3663 ὁ

2114 3705 2316 3778 χρυσὸς
2368 3706 2448 3771 δὲ,
2484 3707 2579 3761 καὶ
2622 3706 2672 3758 οί
2699 3704 2976 3775 διαφανεῖς
3011 3702 3151 3757 λίθοι
3183 3702 3279 3756 καὶ
3324 3699 3705 3771 ἀγαπώμενοι,

2064 3804 2081 3824 ’⁵
2115 3800 2209 3853 καὶ
2231 3801 2329 3871 τῆς
2369 3798 2598 3871 ἐσθῆτος
2650 3800 2749 3869 ὅση
2792 3795 3011 3868 μαλακὴ
3044 3796 3140 3849 καὶ
3178 3793 3490 3866 περίεργος,
3541 3791 3640 3845 καὶ
3672 3792 3709 3862 ἡ

2114 3892 2524 3963 φλεγμαίνουσα
2563 3890 2677 3963 (ἳὸ)
2710 3890 2805 3943 καὶ
2837 3888 3173 3959 ὲκμαίνουσα
3200 3883 3475 3957 τράπεζα,
3508 3884 3604 3938 καὶ
3636 3883 3709 3938 τὰ

2114 3983 2346 4055 περιττὰ
2372 3983 2474 4054 τῆς
2507 3985 2774 4056 κτήσεως,
2799 3983 2828 4036 ὁ
2866 3982 3025 4045 πόνος
3055 3979 3165 4051 (9.6)
3185 3976 3295 4032 τῶν
3323 3975 3708 4047 κεκτημένων,

425 4061 637 4117 meliori
666 4077 881 4131 quoque
924 4062 1235 4117 conditione
1295 4076 1503 4131 pauper
1558 4073 1665 4129 est,
1709 4067 1854 4133 quod
1911 4084 2005 4138 pro

2114 4075 2308 4144 ὀλίγων
2334 4075 2482 4129 ἐστὶν
2508 4074 3028 4146 ὲκγαλλωπίσματα.

425 4157 513 4213 his
543 4156 816 4212 beneflciis
846 4156 1009 4228 595
1035 4157 1326 4226 ampliores
1355 4158 1467 4212 Deo
1531 4161 1736 4228 gratias
1816 4177 1962 4234 agat,
1996 4169 2396 4240 jncundiusque
2462 4171 2862 4238 communibus,
2927 4182 3090 4239 quam
3137 4163 3471 4235 potentiores
3518 4175 3717 4232 super-

424 4247 552 4304 ﬂuis
597 4246 925 4315 minimeque
958 4249 1022 4301 ad
1085 4248 1253 4301 vitam
1293 4248 1639 4313 necessariis,
1714 4249 1950 4310 fruatur.
1986 4257 2164 4327 Atque
2228 4260 2344 4315 bam
2405 4261 2622 4331 quidem
2669 4259 3000 4322 communia,
3047 4254 3405 4321 omnibusque
3452 4255 3712 4322 exposita

427 4346 577 4400 sunt,
635 4337 838 4407 Deique
889 4338 1159 4409 justitiam
1213 4338 1501 4406 perspicuo
1548 4353 1869 4409 argumento
1920 4356 2206 4404 testantur.
2241 4351 2313 4406 At
2341 4368 2553 4416 aurum,
2618 4362 2673 4409 et
2739 4351 2990 4421 pellucidi
3056 4365 3121 4405 ac
3196 4348 3432 4405 deamati
3467 4347 3712 4417 lapides.

426 4444 484 4489 et
526 4432 715 4488 molles
786 4446 852 4487 ac
916 4431 1080 4486 nimis
1150 4429 1437 4500 exquisitae
1478 4443 1681 4497 vestes,
1717 4443 1771 4488 et
1800 4451 1987 4493 mensa
2021 4440 2232 4498 deliciis
2299 4454 2519 4515 turgens
2569 4458 2634 4500 ac
2675 4443 2950 4498 libidinem
3002 4440 3341 4506 accendens,
3392 4449 3449 4494 et
3494 4440 3713 4495 redun-

428 4529 622 4585 dantes
649 4540 800 4596 opes,
829 4538 948 4595 quae
977 4523 1223 4578 dominos
1271 4522 1459 4578 labore
1506 4526 1821 4594 conﬁciunt,
1869 4546 2005 4601 pauc

2115 4553 2163 4590 m
2211 4537 2488 4593 hominum
2514 4545 2837 4591 ornamenta
2877 4542 3022 4588 sunt.

497 4621 687 4677 XXIII.
727 4620 841 4676 Hoc
878 4628 1059 4674 autem
1087 4618 1253 4674 etiam
1294 4618 1441 4672 circa
1480 4617 1638 4673 fidem
1679 4621 1795 4691 ipse
1823 4626 2001 4680 anim-

2179 4632 2273 4685 ΚΓ
2273 4631 2506 4685 ’.πΤοῦτο
2538 4630 2632 4683 καὶ
2665 4629 2793 4699 περὶ
2835 4627 2934 4699 τὴν
2963 4626 3143 4680 πίστιν
3176 4625 3286 4695 ἐγὼ
3328 4624 3542 4698 θεωρῶ.
3571 4628 3717 4681 Κοι-

426 4715 669 4769 adverto.
723 4709 1043 4766 Communia
1096 4716 1243 4771 sunt,
1295 4706 1402 4772 lex,
1458 4711 1760 4781 prophetae,
1824 4713 2005 4772 Testa.

2115 4722 2202 4790 νά,
2231 4725 2414 4795 νόμος,
2437 4724 2734 4796 προφῆται,
2756 4720 3042 4791 Διαθῆκαι,
3074 4719 3227 4789 λόγια
3263 4717 3573 4789 Διαθηκῶν,
3605 4719 3718 4790 χά-

425 4798 630 4870 menta',
672 4802 1145 4858 Testan‘ientorum
1196 4799 1439 4864 oracula,
1489 4802 1662 4870 gratia
1701 4843 1718 4869 ,
1784 4808 2005 4875 puerilis

2116 4830 2202 4885 ρις
2225 4814 2357 4885 (27),
2380 4813 2746 4882 παιδαγωγία,
2766 4810 3062 4876 τελείωσις,
3083 4808 3229 4881 πάθη
3250 4808 3510 4881 Χριστοῦ,
3538 4809 3714 4881 καινὴ

425 4896 715 4961 institutio,
751 4892 1036 4965 perfectio,
1069 4891 1274 4947 Christi
1330 4893 1642 4961 passiones,
1679 4910 1818 4950 nova
1849 4912 2004 4955 crea-

2114 4902 2307 4969 κτίσις,
2338 4903 2646 4969 ἀπόστολοι,
2707 4901 3035 4971 Εὐαγγέλια,
3083 4899 3314 4971 διανομὴ
3353 4898 3714 4970 Πνεύματος,

494 5009 542 5042 ⁸⁸
565 5009 731 5065 Eccli.
762 5025 817 5074 ν,
848 5008 902 5061 1.
979 5006 1025 5039 ⁸⁷
1054 5006 1320 5075 Μειιὶι.ν,
1344 5005 1439 5062 45.

2183 5122 2295 5195 (25)
2325 5122 2493 5190 Καλή
2512 5121 2989 5195 φλεγμαίνουσα.
3012 5117 3118 5195 _Si_c
3147 5119 3252 5174 duo
3286 5116 3480 5188 Regg.,
3529 5118 3715 5175 Cois].

2109 5196 2165 5259 1,
2192 5190 2247 5247 et
2273 5190 2460 5248 Comh.
2487 5190 2687 5247 Desunt
2719 5194 2770 5244 in
2803 5193 2914 5253 ed.,
2940 5190 3035 5243 καὶ

2180 5262 2290 5334 (26)
2323 5264 2541 5334 Πόνος.
2583 5261 2758 5334 Cpis|._
2785 5261 2840 5323 2,
2871 5259 3252 5334 Comb.,'_etc.,
3285 5259 3476 5323 κόπος.

2178 5328 2291 5402 (27)
2323 5333 2520 5400 Χάρις.
2559 5351 2577 5383 ι
2608 5331 2813 5391 Gratia,
2842 5348 2861 5402 ι
2890 5330 3061 5402 inquit
3092 5329 3262 5402 Elias,
3294 5346 3312 5378 ι
3350 5345 3471 5402 (ιιιιὲ
3504 5343 3536 5402 a
3588 5328 3715 5382 Deo

2110 5399 2507 5473 proficiscitur,
2546 5418 2706 5473 quam
2758 5401 2948 5473 dividit
2993 5400 3044 5453 in
3094 5400 3354 5473 puerilem
3392 5399 3713 5473 institutio-

2111 5469 2233 5528 item
2264 5491 2293 5527 a
2340 5474 2455 5542 lege
2501 5469 2822 5542 profectam,
2849 5481 2903 5525 et
2931 5470 2985 5526 in
3027 5469 3439 5541 perfectionem,
3467 5483 3597 5539 quae
3647 5472 3699 5521 (ι’

2112 5560 2207 5614 per
2245 5544 2614 5613 Evangelium.
2629 5562 2649 5594 ι

499 5122 612 5194 (ἓθ)
652 5121 727 5194 ΕΖ
736 5136 901 5177 ποτε.
930 5120 1071 5191 Reg.
1109 5121 1218 5194 bm,
1253 5120 1438 5194 ὅποτε.

500 5124 613 5264 (ἓο)
652 5124 901 5178 Εἴπατε.
930 5124 1071 5191 Reg.
1109 5124 1218 5186 hm,
1253 5124 1438 5175 ὃποτε.

500 5195 584 5263 (2i
639 5193 869 5264 Λόγους
880 5194 1092 5262 μόνον.
1129 5192 1242 5244 Duo
1285 5189 1478 5261 Regg.,
1525 5190 1682 5261 λόγον
1712 5189 1772 5245 τὸ
1814 5190 2001 5265 θαῦμα

431 5267 611 5404 μόῖἕέ)
650 5334 726 5404 Id
748 5332 1018 5404 πρωτεῖα.
1042 5331 1139 5404 Or;
1169 5331 1221 5388 i.
1247 5329 1318 5384 τὰ
1350 5331 1577 5404 πρῶτα(
1789 5402 1826 5404 α
1982 5298 1985 5301 γ

500 5399 612 5475 ('25)
641 5399 1042 5475 Κοινὸςγὸρος.
1105 5399 1236 5471 Reg.
1266 5404 1317 5464 ι»,
1351 5399 1528 5457 κοινὸν
1554 5402 1701 5475 ὄρος.
1734 5423 1752 5456 ι
1785 5402 1893 5458 [Ioc
1917 5404 2003 5456 di-

414 5474 527 5556 .rit,
554 5493 573 5525 ι
610 5475 785 5544 inquit
810 5474 986 5540 .Elias,
1022 5490 1041 5524 ι
1086 5481 1332 5541 respectu
1370 5474 1714 5532 necessitatis
1758 5477 2003 5529 morieua

428 5547 615 5686 δι’(ἒί)
649 5611 888 5669 Πλεῖον.
918 5611 1052 5686 Reg.
1077 5614 1131 5681 b,
1174 5611 1355 5667 πλέον.
