3910 6214
310 277 420 333 261

1003 268 1269 329 ORATIO
1303 267 1523 327 XXXII.
1565 298 1634 309 -—
1672 266 1761 322 DE
1799 263 2294 323 MODERATIONE
2332 264 2401 322 IN
2440 264 2901 323 DISPUTANDO.

3469 263 3581 326 202

304 392 512 456 πίστις,
545 388 722 455 ἐλπὶς,
754 389 943 460 ἀγάπη
973 390 1054 453 είς
1107 387 1240 441 Θεόν
1268 403 1328 439 τε
1388 388 1483 441 κα).
1510 386 1575 440 ὲκ
1602 384 1760 449 Θεοῦ,
1804 386 1896 440 καὶ

2010 382 2098 450 tio,
2116 383 2385 454 apostoli,
2416 382 2731 455 Evangelia,
2764 382 2999 454 Spiritus
3047 383 3372 451 distributio,
3419 387 3572 451 ﬁdes.

306 483 369 536 οὐ
394 482 531 555 πρὸς
566 480 785 554 μέτρον,
805 481 883 545 ὡς
919 483 953 553 ἡ
979 479 1075 534 τοῦ
1105 478 1283 549 μάννα
1304 478 1435 531 ποτὲ
1467 477 1642 549 δωρεὰ
1664 476 1742 548 τῷ
1765 478 1898 547 ἀχα-

310 574 479 646 ρίστῳ
521 574 741 645 Ἰσραὴλ
784 573 879 627 κα).
923 570 1200 642 ἀγνώμονι
1225 588 1238 602 ’
1274 570 1408 625 ἀλλὰ
1454 569 1575 623 καθ’
1608 570 1732 623 ὅσον
1772 568 1897 622 ἕκα-

310 683 436 730 στος
464 664 734 735 βούλεται,
767 663 1052 726 ἀνάὸασις,
1081 662 1371 732 ἔλλαμψις,
1426 662 1582 730 ὀλίγη
1624 660 1776 731 μὲνὴ
1803 661 1892 713 ὲν-

306 756 519 821 τεῦθεν,
547 756 845 828 τρανοτέρα
866 754 924 808 δὲ
948 758 980 825 ἡ
1011 754 1336 826 ἐλπιζομένη
1355 753 1468 825 (‘28)
1492 770 1505 783 ·
1536 752 1598 805 τὸ
1617 752 1892 824 μέγιστον,

307 849 342 919 ἡ
367 847 601 919 Πατρὸς,
641 849 735 901 καὶ
767 846 923 910 Υίοῦ,
957 846 1051 899 καὶ
1105 845 1259 914 ἁγίου
1300 843 1615 914 Πνεῦματος
1656 842 1892 912 ἐπίγνω-

310 954 418 1004 σις,
451 939 549 991 καὶ
573 937 831 1009 ὁμολογία
860 938 960 1009 τῆς
986 934 1210 1008 πρώτης
1237 939 1270 1007 ἡ
1278 936 1396 1007 μῶν
1418 934 1647 998 ἐλπίδος.
1677 934 1893 988 Τούτων

305 1030 361 1083 τί
391 1029 576 1102 μεῖξον
602 1047 616 1094 ;
640 1029 693 1082 τί
727 1028 814 1082 δα).
839 1027 1143 1100 κοινότερον
1168 1045 1183 1094 ;
1216 1029 1297 1081 Τὰ
1323 1028 1378 1080 δὲ
1405 1028 1545 1100 ὑπὲρ
1566 1026 1763 1095 ταῦτα,
1794 1027 1895 1083 κᾶν

305 1124 388 1196 τῷ
419 1124 632 1194 σπανίῳ
655 1123 718 1175 τὸ
740 1121 1062 1193 τιμιώτερον
1096 1120 1215 1192 ἔχῃ,
1240 1121 1376 1174 ἀλλὰ
1405 1120 1484 1190 τῷ
1516 1138 1581 1190 γε
1614 1121 1896 1192 ἀναγκαίῳ

302 1218 369 1272 τὸ
396 1217 678 1287 δεύτερον⁸
710 1209 785 1270 ὦν
817 1215 926 1286 γὰρ
959 1215 1089 1269 ἄνευ
1128 1213 1188 1266 τὸ
1240 1213 1350 1283 (9.9)
1385 1209 1524 1265 εἶναι
1571 1210 1894 1283 Χριστιανὸν

307 1310 410 1381 οὐχ
463 1305 573 1362 οἷόν
612 1324 695 1372 τε,
725 1305 899 1358 ταῦτα
942 1304 1051 1358 τῶν
1081 1302 1284 1372 ὀλίγοις
1330 1302 1568 1373 ἐφικτῶν
1611 1301 1894 1375 χρησιμώ-

307 1418 464 1473 τερα.

2005 493 2152 549 spes,
2185 478 2448 543 charitas,
2474 492 2648 549 eaque
2679 488 2793 534 tum
2817 493 2945 548 erga
2974 478 3163 545 Deum,
3191 487 3301 533 tum
3341 493 3408 534 ex
3441 480 3574 547 Deo,

2001 584 2101 626 nec
2141 584 2205 625 ea
2253 572 2319 625 ad
2367 587 2677 627 mensuram
2730 574 2877 639 data,
2935 571 3388 641 quemadmodum
3444 574 3578 630 olim

2001 676 2200 715 manna
2240 661 2367 715 illud
2401 663 2613 732 ingrato
2640 672 2697 718 et
2738 662 2983 733 improbo
3012 661 3196 718 Israeli
3228 663 3485 720 donatum
3503 665 3572 732 ³⁸,

1999 754 2093 806 sed
2133 754 2199 807 ad
2240 754 2667 825 uniuscujusque
2729 755 3083 820 voluntatem,
3126 771 3388 813 ascensus
3424 758 3573 826 item,

2000 844 2344 909 illuminatio,
2392 847 2725 902 subobscura
2761 849 2979 918 quidem
3027 849 3166 911 haec,
3207 865 3329 920 qua:
3372 851 3437 905 in
3474 851 3577 907 hac

2000 938 2113 991 vita
2171 940 2460 1010 contingit,
2492 939 2692 996 clarior
2740 952 2919 997 autem
2957 942 3066 1006 illa,
3095 957 3255 1012 quam
3310 958 3406 1014 spe
3445 957 3579 999 cou-

2004 1037 2212 1098 ceptam
2266 1031 2560 1097 habemus;
2615 1034 2867 1103 denique,
2928 1034 3071 1104 quod
3118 1035 3411 1090 maximum
3470 1045 3574 1101 est,

2003 1118 2205 1185 Patris,
2238 1132 2293 1176 et
2344 1121 2490 1186 Filii,
2521 1132 2576 1178 et
2614 1123 2850 1192 Spiritus
2899 1126 3070 1179 sancti
3103 1126 3327 1195 agnitio,
3364 1142 3429 1182 ac
3463 1127 3577 1195 pri—

2002 1214 2190 1267 mariae
2223 1222 2430 1270 nostra
2478 1216 2592 1285 spei
2631 1216 2920 1273 confessio.
2953 1217 3094 1284 Quid
3140 1218 3224 1273 his
3273 1219 3450 1287 majus
3508 1235 3575 1275 ac

2000 1305 2331 1362 sublimius?
2366 1307 2506 1374 Quid
2548 1325 2737 1365 rursus
2784 1311 3167 1365 communius?
3196 1312 3404 1381 Atquae
3432 1311 3576 1367 ultra

1998 1398 2116 1451 hrec
2149 1406 2295 1466 sunt,
2339 1400 2553 1454 tametsi
2593 1402 2661 1455 ob
2709 1402 2989 1456 raritatem
3020 1402 3400 1472 praestantiora
3443 1402 3574 1467 sint,

307 1504 521 1559 tamen,
554 1493 598 1548 si
640 1489 1016 1546 necessitatem
1051 1494 1383 1556 spectemus,
1412 1484 1752 1554 posteriores
1777 1493 1957 1553 partes
2019 1496 2225 1543 tenent.
2293 1488 2428 1544 Nam
2460 1505 2546 1555 ea,
2609 1492 2727 1547 sine
2768 1493 2963 1559 quibus
3010 1495 3189 1549 nullus
3249 1504 3422 1564 potest
3456 1510 3576 1551 esse

306 1586 676 1648 Christianus,
705 1583 773 1636 iis
807 1579 1019 1633 utiliora
1053 1586 1200 1641 sunt,
1230 1591 1352 1643 quae
1403 1590 1431 1629 a
1475 1576 1664 1642 paucis
1695 1576 1961 1630 duntaxat
1990 1578 2180 1648 attingi
2209 1590 2371 1649 atque
2396 1582 2599 1651 percipi
2629 1595 2873 1652 possunt.

382 1679 512 1731 KA’.
566 1677 623 1729 Ὀ
661 1673 885 1744 μέν’τις
934 1670 1155 1724 πλουτεῖ
1206 1668 1429 1740 θεωρίᾳ,
1486 1668 1580 1721 καὶ
1610 1667 1750 1738 ὑπὲρ
1778 1667 1896 1731 τοὺς

2084 1669 2272 1724 XXIV.
2314 1671 2605 1728 Enimvero
2652 1674 2791 1729 alius
2849 1676 3320 1745 contemplationis
3381 1679 3576 1751 apibus

311 1769 542 1832 πολλοὺς
566 1767 801 1838 αἴρεται,
840 1764 936 1816 καὶ
969 1761 1311 1832 πνευματικὰ
1349 1761 1627 1831 συγκρίνει
1665 1776 1901 1830 πνευμα-

312 1864 506 1925 τικοῖς,
548 1861 644 1914 καὶ
693 1857 1075 1928 ἀπογράφεται
1106 1852 1345 1924 τρισσῶς
1374 1853 1510 1924 (50),
1549 1853 1644 1906 ἐπὶ
1674 1852 1736 1905 τὸ
1760 1852 1899 1906 πλά-

308 1971 403 2017 τος
423 1952 527 2022 τῆς
555 1950 787 2025 καρδίας
836 1946 972 2017 (51),
1006 1946 1098 1999 τὸν
1128 1945 1337 2008 πάντας
1386 1942 1773 2014 οἰκοδομοῦντα
1812 1943 1901 1996 λό-

311 2060 435 2114 γον,
458 2043 554 2096 καὶ
584 2042 674 2095 τὸν
704 2038 954 2102 πολλοὺς,
995 2037 1089 2091 καὶ
1116 2036 1207 2090 τὸν
1238 2035 1391 2099 τινὰς
1418 2036 1538 2089 ἀντὶ
1569 2035 1829 2088 πλειόνων
1862 2030 1894 2106 ἥ

310 2138 554 2199 πάντων,
592 2133 686 2187 καὶ
713 2134 813 2186 οὐκ
840 2131 1093 2202 ἀνέχεται
1123 2129 1291 2199 πένης
1325 2128 1420 2193 ῶν,
1459 2131 1554 2182 καὶ
1586 2127 1697 2199 (5⁸2)
1725 2128 1899 2198 ἐμϐαι-

309 2228 460 2284 τεύει
486 2230 600 2289 τοῖς
625 2225 861 2296 βάθεσιν.
893 2223 1106 2287 Ἀνίτω,
1148 2222 1244 2275 καὶ
1298 2220 1615 2291 ὁδηγείσθω,
1644 2219 1737 2273 καὶ
1794 2217 1899 2272 ὑπὸ

308 2321 408 2376 τοῦ
442 2320 532 2374 νοῦ
587 2316 854 2390 φερέσθω,
885 2317 1002 2378 καὶ,
1047 2316 1096 2367 εί
1126 2313 1393 2384 βούλεται,
1431 2313 1622 2383 μέχρις
1668 2309 1896 2383 οὐρανοῦ

311 2414 522 2487 τρίτου,
550 2412 691 2467 κατά
716 2410 809 2465 τὸν
843 2407 1058 2463 Παῦλον
1078 2423 1092 2438 ⁸
1144 2408 1303 2478 μόνον
1339 2407 1434 2460 σὺν
1482 2405 1625 2476 λόγῳ
1654 2404 1748 2458 καὶ
1779 2406 1899 2458 ὲπι-

313 2506 523 2577 στήμῃ,
562 2502 657 2558 καὶ
714 2502 789 2574 μὴ
825 2499 1215 2555 καταπιπτέτω
1240 2498 1327 2552 διὰ
1358 2497 1456 2569 τὴν
1482 2496 1731 2567 ἔπαρσιν,
1763 2494 1896 2566 μηδὲ

313 2595 729 2668 πτερορρυείτω
763 2592 854 2645 διὰ
898 2592 958 2645 τὸ
980 2590 1113 2661 ὕψος
1150 2591 1248 2660 τῆς
1278 2584 1550 2659 πτήσεως.
1584 2587 1681 2650 Τίς
1706 2586 1897 2653 φθόνος

309 2688 605 2758 δπαινετῆς
653 2683 998 2748 ἁναῦἀσεως;
1044 2682 1154 2735 Καὶ
1198 2682 1250 2734 τί
1277 2682 1477 2750 πτῶμα
1525 2678 1757 2743 τοιοῦτο,
1786 2672 1895 2731 οἷον

311 2782 545 2852 ὲπάρσει
566 2776 935 2849 περιπαρῖψαι
961 2775 1093 2845 (55),
1125 2775 1218 2827 καὶ
1245 2772 1319 2844 μὴ
1337 2772 1539 2841 γνῶναι
1567 2771 1667 2841 τῆς
1689 2770 1894 2840 ἀνθρωο

313 2875 482 2944 πίνης
508 2870 844 2933 ἀνανεύσεως
873 2867 983 2939 (54)
1008 2866 1105 2937 τὴν
1148 2865 1498 2921 ταπείνωσιν.
1542 2864 1636 2916 καὶ
1664 2863 1787 2915 ὅσον
1815 2860 1894 2913 ἔτι

309 2967 562 3021 λείπεται
636 2962 730 3016 τοῦ
790 2957 1043 3031 ἀληθινοῦ
1104 2956 1273 3026 ὕψους
1329 2958 1357 3009 ὁ
1415 2955 1633 3009 πάντων
1686 2951 1895 3007 ἀνώτα-

308 3074 443 3123 τοςῖ

2007 1756 2201 1825 adluit,
2240 1776 2305 1815 ac
2350 1776 2516 1831 supra
2558 1763 2749 1832 vulgus
2773 1766 3025 1836 assurgit,
3052 1775 3106 1820 et
3129 1767 3427 1837 Spiritualia
3454 1784 3574 1824 cum

2007 1851 2383 1919 spiritualibus
2419 1862 2718 1922 comparat,
2765 1864 2927 1923 atque
2982 1857 3033 1908 in
3086 1858 3266 1911 cordis
3296 1857 3577 1913 latitudine

2009 1942 2292 2011 tripliciter
2319 1944 2578 1999 describit
2601 1944 2670 2010 ⁸ο,
2705 1945 2982 2012 nimirum,
3015 1956 3069 2000 et
3098 1962 3217 2002 eam
3247 1948 3573 2015 doctrinam,

2004 2049 2125 2104 qua:
2174 2050 2363 2091 omnes
2411 2039 2667 2103 instruat,
2696 2044 2752 2090 et
2808 2052 2926 2092 eam
2962 2054 3081 2107 quae
3124 2040 3342 2107 multos,
3371 2051 3426 2096 et
3454 2058 3575 2096 eam

2005 2141 2126 2195 qua:
2159 2144 2264 2183 non
2304 2143 2515 2196 omnes,
2546 2143 2646 2184 nec
2677 2130 2899 2193 multos,
2928 2132 3022 2185 sed
3060 2147 3260 2201 paucos
3284 2134 3574 2198 duntaxat;

2005 2233 2106 2272 nec
2141 2234 2344 2288 pauper
2365 2234 2488 2275 esse
2508 2220 2757 2285 sustinet,
2788 2237 2974 2276 verum
2998 2223 3051 2276 in
3076 2223 3341 2280 altissima
3364 2234 3420 2280 et
3446 2227 3577 2281 abs-

2007 2310 2308 2365 trusissima
2359 2327 2588 2382 quaeque
2614 2323 2876 2383 penetrat.
2914 2316 3183 2371 Ascendat
3212 2332 3336 2375 vero
3362 2319 3473 2387 ille,
3513 2338 3577 2373 ac

2008 2401 2106 2456 viae
2138 2402 2327 2457 ducem
2375 2418 2435 2459 se
2472 2402 2730 2475 praebeat,
2768 2416 2930 2476 atque
2960 2422 2990 2460 a
3030 2419 3211 2464 mente
3239 2408 3461 2476 feratur,
3495 2416 3578 2466 vel

2005 2496 2072 2550 ad
2107 2496 2324 2550 tertium
2370 2512 2543 2568 usque
2577 2499 2798 2562 omium,
2827 2499 2871 2554 si
2910 2500 2982 2554 ita
3015 2500 3199 2565 libeat,
3226 2506 3577 2571 quemadmo-

2008 2589 2134 2642 dum
2185 2587 2350 2643 Paulo
2405 2588 3021 2660 contigit“:cznterum
3079 2608 3202 2647 cum
3262 2597 3474 2650 ratione
3521 2609 3577 2650 et

2004 2680 2250 2747 scientia,
2297 2694 2365 2733 ne
2412 2693 2629 2752 prepter
2679 2683 2843 2737 animi
2885 2683 3176 2739 elationem
3231 2688 3408 2753 cadat,
3440 2704 3575 2758 pen.

2005 2772 2196 2842 nisque
2248 2782 2473 2841 propter
2525 2774 2736 2828 volatus
2810 2774 3195 2830 sublimitatem
3245 2778 3573 2848 liquefactis,

2005 2864 2202 2918 misere
2230 2874 2470 2918 corruat.
2510 2864 2646 2930 Quid
2674 2866 2816 2919 enim
2847 2869 2915 2920 ob
2940 2866 3264 2923 laudabilem
3292 2883 3572 2925 ascensum

2005 2952 2256 3020 cuiquam
2289 2953 2487 3007 invidia
2520 2952 2819 3009 conﬂetur?
2847 2954 2977 3023 Quae
3004 2971 3191 3011 rursus
3228 2955 3425 3013 fmdior
3453 2974 3578 3028 pro:

1926 3039 1969 3096 C
2004 3041 2194 3111 lapsio,
2227 3057 2386 3111 quam
2415 3041 2530 3109 ejus
2556 3044 2811 3110 hominis,
2837 3046 2927 3116 qui
2951 3048 3113 3101 animi
3135 3047 3368 3105 elatione
3395 3060 3575 3106 trans-

313 3154 461 3208 litus
504 3156 611 3210 est,
651 3160 753 3200 nec
804 3144 1053 3198 humana:
1103 3138 1323 3204 mentis,
1371 3151 1493 3207 qua:
1540 3136 1607 3191 ad
1641 3132 1885 3191 cmlestia
1926 3133 2177 3204 erigitur,
2241 3133 2602 3189 humilitatem
2642 3135 2919 3208 intelligit,
2986 3149 3361 3210 quantumque
3395 3146 3576 3200 adhuc

314 3259 351 3297 ι
383 3254 513 3295 vero
546 3236 774 3304 “fastigio
818 3234 979 3297 absit,
1010 3231 1102 3301 qui
1136 3228 1393 3285 mortales
1424 3242 1613 3283 omnes
1640 3226 1974 3282 sublimitate
2002 3224 2321 3280 antecedit?

385 3331 518 3385 κει,
566 3329 624 3382 ὀ
660 3327 716 3380 δὲ
753 3323 932 3392 ὀλίγος
980 3322 1097 3375 ἐστὶ
1125 3319 1221 3391 τὴν
1260 3319 1517 3384 διάνοιαν,
1571 3314 1665 3371 καὶ
1731 3316 1899 3390 πένης

308 3423 415 3495 τὴν
444 3419 711 3489 γλῶτταν,
768 3414 861 3467 καὶ
890 3413 989 3466 οὐκ
1024 3406 1133 3463 οἶδε
1179 3408 1352 3477 λόγων
1392 3406 1652 3479 στροφὰς,
1711 3408 1900 3479 ῥήσεις

308 3534 377 3572 τε
406 3512 589 3583 σοφῶν
622 3510 715 3565 καὶ
754 3508 1070 3577 αἰνίγματα,
1119 3501 1335 3564 καὶτὰς
1377 3500 1668 3572 Πύρρωνος
1712 3500 1901 3553 ἐνστά-

314 3606 516 3678 σεις,ἢ
560 3600 854 3675 ὲφέξεις,ἣ
922 3596 1242 3661 ἀντιθέσεις,
1308 3594 1401 3648 καὶ
1441 3593 1547 3646 τῶν
1575 3592 1898 3664 Χρυσίππου

314 3696 691 3769 συλ.·.ογισμῶν
714 3695 810 3758 τὰς
847 3688 1190 3759 διαλύσεις,ἢ
1229 3687 1339 3740 τῶν
1376 3684 1774 3758 Ἀριστοτέλους
1808 3701 1899 3738 τε-

312 3791 461 3864 χνῶν
534 3790 631 3861 τὴν
681 3784 1055 3854 κακοτεχνίαν,
1101 3781 1134 3852 ἢ
1176 3783 1276 3851 τῆς
1342 3778 1628 3841 Πλάτωνος
1665 3776 1901 3845 εὐγλωτ-

311 3885 440 3948 τίας
465 3883 575 3953 (55)
589 3879 659 3934 τὰ
676 3878 873 3947 γοητεύ
883 3892 1049 3946 ματα,
1071 3872 1119 3927 οἳ
1141 3872 1326 3935 κακῶς
1352 3872 1428 3935 είς
1450 3870 1548 3941 τὴν
1578 3868 1900 3938 Ἐκκλησίαν

313 3976 474 4049 ἡμῶν
502 3973 798 4043 εἰσέφησαν
831 3969 964 4040 (56),
1002 3967 1190 4038 ῶσπερ
1218 3963 1584 4034 Αίγυπτιακαί
1616 3976 1758 4024 τινες
1784 3961 1901 4049 μά-

315 4048 521 4134 στιγες.
562 4062 716 4131 Ἔχει
746 4058 841 4112 καὶ
887 4051 1039 4120 οὗτος
1087 4055 1209 4109 ὅθεν
1257 4052 1425 4123 σωθῇ.
1469 4051 1582 4105 Καὶ
1613 4049 1701 4103 διὰ
1740 4048 1900 4102 τίνων

314 4156 617 4230 ρημάτων;
650 4151 814 4207 Οὐδὲν
838 4144 939 4221 τῆς
965 4149 1184 4227 χάριτος
1216 4147 1325 4219 (57)
1350 4144 1764 4216 πλουσιώτερον.
1795 4144 1900 4196 Οὐ-

312 4249 404 4304 δὲν
432 4248 513 4301 δεῖ
557 4261 662 4311 σοι,
710 4243 894 4314 φησὶν,
921 4244 1009 4308 εἰς
1052 4240 1160 4294 τὸν
1187 4238 1447 4306 οὐρανὸν
1476 4236 1773 4300 ἀνελθεῖν,
1824 4236 1901 4289 Ir"

313 4337 545 4393 ἐκεῖθεν
567 4334 838 4402 ἐλκύσῃς
869 4332 1127 4399 Χριστόν
1148 4345 1161 4358 ·
1190 4326 1332 4381 οὐδὲ
1358 4329 1445 4392 εὶς
1475 4324 1591 4394 τὴν
1626 4324 1903 4378 ἄϐυσσον

315 4424 655 4492 κατελθεῖν,
709 4424 777 4477 ἶν’
828 4419 1077 4476 ἐντεῦθεν
1106 4418 1269 4474 αὐτὸν
1302 4421 1367 4472 ὲκ
1414 4417 1623 4489 νεκρῶν
1656 4415 1901 4470 ἀνασπά-

2078 3316 2243 3389 596
2270 3317 2438 3373 XXV.
2474 3319 2627 3375 Alius
2674 3331 2863 3376 contra
2916 3323 3112 3388 exiguo
3141 3322 3358 3393 ingenio
3386 3334 3488 3388 est,
3520 3337 3577 3382 et

2001 3407 2181 3478 lingua
2229 3424 2452 3478 pauper,
2503 3428 2601 3465 nec
2641 3417 2927 3468 verborum
2977 3411 3149 3470 ﬂexus
3192 3425 3246 3470 et
3293 3417 3576 3486 captiones

2005 3501 2179 3566 novit,
2214 3516 2314 3556 nec
2344 3502 2647 3570 sapientum
2684 3505 2827 3558 dicta
2877 3515 2933 3558 et
2975 3506 3288 3575 aenigmata,
3319 3522 3416 3562 nec
3442 3508 3577 3579 Pyr-b

2004 3591 2191 3646 rhonis
2210 3590 2515 3655 instantius,
2534 3601 2628 3646 aut
2648 3607 2904 3647 assensus
2926 3594 3275 3659 rctentiones,
3302 3605 3393 3648 aut
3411 3612 3576 3664 oppoo

2002 3684 2247 3745 sitiones,
2297 3697 2399 3737 nec
2443 3681 2876 3753 syllogismorum
2919 3682 3205 3754 Chrysippi
3254 3686 3572 3748 solutiones.

2002 3781 2096 3827 aut
2125 3789 2348 3842 pravum
2400 3774 2598 3826 artium
2641 3772 2954 3827 Aristotelis
2989 3774 3301 3838 artiticintn,
3338 3788 3429 3830 aut
3457 3776 3577 3829 i’la-

2004 3865 2145 3919 tonis
2191 3864 2457 3919 facundiae
2514 3864 2850 3935 praestigias;
2901 3865 2993 3935 qui
3041 3865 3189 3921 velut
3244 3867 3576 3940 [Egyptiacze

2002 3955 2247 4024 quaedam
2283 3954 2449 4024 plaga:
2487 3954 2541 4008 in
2585 3953 2883 4009 Ecclesiam
2921 3964 3162 4009 nosuam
3211 3960 3572 4026 irrepserunt.

2002 4044 2073 4098 At
2105 4044 2192 4098 hic
2232 4059 2445 4114 quoque
2486 4044 2669 4109 habet,
2716 4044 2857 4098 unde
2891 4043 3119 4098 salutem
3176 4059 3563 4116 consequatur.

2004 4135 2209 4203 Quibus
2254 4138 2468 4190 tandem
2517 4134 2732 4191 verbis?
2767 4133 2811 4190 Ο
2856 4134 3112 4189 tnirilicas
3157 4135 3353 4189 dirinm
3387 4137 3576 4205 gratia:

2003 4230 2169 4297 Opes!
2224 4227 2387 4292 Nihil,
2451 4227 2645 4296 inquit,
2709 4224 2803 4280 tibi
2864 4241 3088 4281 necesse
3158 4235 3239 4280 est
3285 4227 3340 4280 iu
3388 4229 3576 4286 cretum

2008 4320 2308 4383 ascendere,
2350 4331 2406 4373 ut
2440 4317 2705 4379 Christum
2746 4317 2893 4372 illinc
2930 4318 3113 4371 tralia:
3143 4333 3163 4373 :
3200 4334 3292 4372 nec
3324 4319 3385 4373 in
3426 4320 3578 4390 abys‘

2004 4427 2119 4465 sum
2162 4410 2555 4474 descendere",
2591 4421 2648 4464 ut
2679 4409 2805 4465 hinc
2829 4424 2949 4464 eum
2976 4425 3004 4463 a
3041 4411 3269 4465 mortuis
3294 4412 3571 4473 extrahas.

315 4536 422 4591 σῃς
457 4516 591 4587 (58),
649 4511 814 4585 ῆτὴν
856 4510 1079 4583 πρώτην
1132 4506 1816 4591 πολυπραγμονῶν-φύσιν,
1871 4507 1896 4577 ἢ

2010 4507 2283 4570 nimirum,
2322 4506 2401 4559 vel
2432 4505 2659 4575 primam
2706 4505 2871 4574 ipsius
2904 4514 3151 4559 naturam
3185 4507 3451 4563 curiosius
3491 4509 3576 4562 in.

457 4580 784 4659 τελευταίαν-
807 4580 1135 4669 οἰκονομίαν.
1201 4580 1415 4667 Ἐγγύς
1450 4613 1588 4662 σου,
1616 4580 1778 4669 ἷρησὶ,
1830 4598 1896 4652 τὸ

2010 4598 2297 4665 vestigans,
2326 4596 2407 4650 vel
2442 4606 2770 4665 postremam
2819 4596 2997 4649 carnis
3027 4608 3316 4665 assumpta:
3350 4598 3573 4669 dispeno

306 4695 482 4768 ῥῆμά
538 4696 741 4749 ἐστιν·
770 4694 804 4762 ἡ
836 4690 1042 4743 διάνοια
1084 4688 1272 4742 τοῦτον
1309 4688 1423 4758 ἔχει
1476 4688 1566 4741 τὸν
1600 4687 1893 4760 θησαυρὸν,

315 4792 417 4845 καὶ
443 4790 476 4860 ἡ
504 4786 725 4857 γλῶσσα
744 4801 756 4814 ·
806 4785 840 4855 ἡ
872 4783 969 4852 μὲν
1008 4781 1352 4846 πιστεύουσα,
1387 4783 1419 4852 ἡ
1453 4780 1510 4834 δὲ
1540 4779 1892 4851 ὁμολογοῦσα.

2002 4691 2287 4743 sationem.
2330 4688 2503 4759 Prope
2535 4699 2605 4751 te,
2645 4688 2897 4756 inquit”,
2928 4687 3136 4742 verbum
3188 4698 3261 4743 est
3286 4704 3305 4741 :
3335 4706 3487 4744 mens
3517 4703 3573 4744 et

2001 4782 2180 4853 lingua
2224 4783 2530 4836 thesaurum
2564 4782 2706 4835 hunc
2754 4782 2988 4847 habent;
3040 4781 3127 4835 illa
3170 4781 3421 4837 videlicet
3448 4798 3572 4838 creo

393 4886 441 4919 ⁸³
467 4880 634 4938 Exod.
672 4892 787 4944 ut,
824 4876 910 4930 16.
986 4875 1032 4906 ⁸⁹
1058 4874 1212 4927 Prov.
1244 4889 1379 4937 χχιι,
1411 4873 1499 4927 20.
1578 4874 1623 4905 ⁹⁰
1651 4872 1692 4927 ll
1714 4873 1839 4928 Cor.
1867 4889 1895 4926 x

2010 4875 2042 4929 Ε.
2121 4877 2163 4908 ⁹¹
2200 4874 2355 4928 Ront.
2386 4892 2440 4939 κ,
2470 4875 2522 4939 6,
2547 4876 2600 4930 7.
2674 4876 2720 4906 θ’
2750 4875 2880 4930 ibid.
2907 4874 2961 4930 8.

393 4974 507 5047 (28)
540 4973 609 5028 Ἡ
623 4966 997 5037 ἐλπιζομένῃ.
1023 4964 1157 5035 Reg.
1183 4967 1293 5032 btn,
1329 4975 1384 5019 et
1412 4963 1506 5020 0r.
1546 4964 1598 5029 1,
1628 4964 1696 5035 ἢν
1740 4964 1894 5017 ὲλπίε

319 5046 612 5119 ξομεὶοο,.
672 5109 710 5119 _
817 5106 883 5119 _.

398 5105 511 5185 (29)
538 5111 631 5185 Τό.
672 5109 835 5185 Deest
871 5106 924 5160 in
950 5105 1086 5173 Reg.
1116 5106 1226 5182 btn.

397 5171 955 5257 (ὄθλᾉποτράεεοξτᾳι
987 5171 1267 5257 (otacilio.
1297 5192 1322 5256 μ
1354 5171 1647 5257 Iriiariam
1692 5173 1895 5227 descri-

318 5242 424 5314 hit‘.
453 5242 646 5305 r’Elias
678 5242 941 5315 intelligit
990 5250 1056 5298 de
1116 5243 1312 5311 triplici
1354 5242 1648 5312 Scriptura:
1699 5258 1894 5315 sensu,

324 5310 350 5379 ἶ
376 5323 638 5380 historico
672 5337 691 5370 ι
723 5310 952 5380 scilicet,
976 5334 993 5366 ι
1021 5315 1228 5377 morali,
1265 5323 1319 5367 et
1342 5310 1658 5385 anagogico,
1684 5330 1704 5364 ι
1728 5310 1897 5379 idest,

498 5392 622 5445 lico.
644 5407 663 5440 ι

325 5415 347 5450 ⁸
372 5407 622 5535 ’(ἓῗῖιῗῖ
644 5407 875 5535 ἒτλᾴζος
908 5453 1018 5524 τῆς
1038 5454 1303 5523 καρδίας.
1327 5451 1442 5507 Duo
1483 5450 1679 5524 Regg.,
1703 5458 1759 5507 et
1795 5448 1888 5507 Or.

315 5538 376 5593 1.
399 5526 880 5593 πλάτοςκαρδίας

359 5544 946 5674 ἰτᾷἒῗτιξὲἔαιίὲζςῖἲυ,
969 5605 1022 5674 e_t
1046 5595 1141 5653 0r.
1164 5595 1215 5658 l,
1238 5596 1394 5674 ea.

391 5619 487 5663 (ΟΖ
532 5619 661 5655 nat.
693 5619 836 5674 αδδς.
854 5619 946 5659 uu,
969 5619 1022 5649 et.
1046 5619 1141 5653 ur.
1164 5619 1215 5658 ι,
1238 5619 1394 5678 αΑξια.

388 5619 507 5747 (35)
535 5672 956 5735 Περιπαρηναι.
987 5664 1043 5719 1η
1083 5667 1367 5736 nonnullis,
1392 5664 1793 5738 περιπαρεῖναι.

558 5760 833 5821 ΡΑτιιοι.
871 5755 990 5817 Gn.
1023 5755 1205 5818 XXX
1215 5756 1319 5818 VI.

2065 4967 2178 5038 (5i)
2203 4966 2719 5038 ’Ararsdo'swq._ln
2743 4968 3085 5038 quibusdam,
3116 4967 3459 5033 ἀναϐάσεως.

2066 5035 2178 5108 (55)
2210 5039 2609 5107 Εὺγλωττίας.
2637 5035 2765 5106 Reg.
2788 5038 2974 5109 Cypr.,
2991 5037 3288 5108 εὐτεχνίας,
3309 5059 3327 5089 ι
3352 5041 3565 5110 ευρίειι·

1996 5110 2083 5162 liae
2113 5119 2166 5161 et
2189 5110 2528 5163 eruditionis.
2560 5127 2579 5159 ι

2068 5178 2583 5252 (56)Εὶιῖέερησαν.
2635 5176 2811 5252 Orat._
2832 5177 2898 5252 i_,
2930 5175 3178 5252 aliique,
3234 5178 3564 5252 εἰσεφθάρη.

2001 5244 2118 5321 σαν.
2160 5244 2311 5314 Quod
2359 5244 2745 5316 interpretatur
2779 5244 3150 5302 Scholiastes:
3201 5266 3219 5299 ι
3254 5244 3401 5304 certa
3440 5244 3565 5321 per“

1999 5319 2140 5371 nicie
2181 5321 2463 5383 irrepsere.
2495 5336 2513 5367 ι
3443 5319 3454 5321 ’
3546 5326 3547 5331 ‘

2072 5387 2184 5459 (57)
2212 5386 2402 5441 Οὐδὲν
2434 5384 2545 5454 τῆς
2576 5385 2853 5454 χάριτος,
2895 5393 2998 5441 etc.
3039 5403 3058 5437 ι
3097 5385 3240 5442 Nihil
3276 5388 3449 5460 gratia
3485 5389 3563 5445 di-

1997 5458 2126 5511 tius.
2152 5458 2170 5509 ι

2069 5526 2181 5600 (58)
2210 5523 2619 5595 Ἀνασπάσῃς.
2643 5524 2740 5582 0r.
2777 5524 2828 5593 1,
2862 5534 2917 5582 et
2962 5524 3249 5583 Combells.
3279 5561 3298 5594 ,
3330 5528 3538 5599 ἀναστὴ

1997 5611 2115 5671 cnc-

3200 5754 3240 5814 Ἰ
