3910 6214
375 245 483 302 203

1576 238 1634 293 S.
1676 234 2009 292 GRECORII
2046 233 2393 291 TIIEOLOGI

3531 234 3640 290 ΞΜ

374 363 570 429 dendo,
621 362 735 415 haec
774 358 1099 416 confitendo.
1146 357 1282 424 Quid
1329 355 1414 411 his
1456 355 1657 410 divitiis
1692 368 1941 424 compen-

2053 352 2110 403 Τί
2146 352 2333 406 τούτου
2368 351 2768 424 συντομώτερον
2787 352 2879 407 τοῦ
2911 352 3173 418 πλούτου;
3208 352 3261 405 τί
3297 351 3498 423 ταύτης
3524 355 3639 425 (50)

374 451 617 507 diosius?
647 449 785 516 Quid
816 449 917 504 hoc
947 448 1208 503 beneficio
1230 445 1441 502 facilius
1463 455 1515 501 et
1547 442 1946 514 expromptius?

376 541 651 599 Conﬁtere
682 539 864 596 Iesum
895 540 1199 603 Christum,
1227 553 1459 607 eumque
1487 551 1516 590 a
1560 545 1734 591 morte
1765 536 1832 588 ad
1865 535 1945 587 vi-

376 640 485 685 tam
521 631 743 686 rediisse
771 628 953 692 crede,
982 637 1037 682 et
1080 626 1305 681 salutem
1334 624 1705 695 consequeris.
1736 624 1946 677 Etenim

372 721 581 791 justitia
614 720 829 789 quidem
865 727 973 784 est,
1002 716 1086 772 vel
1124 716 1296 771 solum
1324 716 1585 780 credere;
1613 724 1669 768 at
1710 713 1948 783 perlecta

375 812 523 867 salus
546 812 599 865 in
631 826 695 866 eo
723 811 825 865 sita
858 820 960 873 est,
990 817 1049 863 ut
1071 807 1233 862 etiam
1273 808 1645 872 confiteamur,
1675 821 1739 860 ac
1762 804 1948 875 cogni-

377 904 511 958 tioni
536 902 744 958 dicendi
777 901 1079 956 libertatem
1116 899 1496 968 adiungamus.
1528 896 1608 953 Tu
1656 896 1827 964 majus
1855 895 1949 950 ali—

377 994 507 1065 quid
539 994 714 1051 salule
766 993 984 1064 quaeris,
1022 1005 1212 1060 nempe
1242 989 1461 1043 alterius
1490 988 1612 1043 vita:
1638 987 1861 1059 gloriam
1895 994 1951 1041 et

375 1085 747 1156 splendorem;
781 1084 913 1137 mihi
944 1098 1072 1138 vero
1099 1081 1329 1137 salutem
1359 1080 1614 1150 consequi
1654 1079 1947 1132 maximum

373 1188 479 1243 est,
517 1185 573 1232 et
620 1177 828 1231 futuras
859 1190 1048 1244 paruas
1073 1176 1267 1230 vitare.
1298 1171 1377 1227 Tu
1413 1172 1554 1226 viam
1602 1172 1823 1226 minime
1854 1169 1951 1223 tri-

376 1282 483 1325 tam
512 1280 567 1326 et
618 1271 952 1325 inaccessam
1011 1269 1351 1339 ingrederis;
1409 1282 1507 1338 ego
1557 1269 1739 1322 tritam
1786 1276 1950 1337 atque

283 1374 296 1389 '
372 1361 654 1420 calcatam,
684 1368 738 1412 et
766 1373 869 1428 qua
902 1357 1054 1412 multi
1080 1358 1147 1412 ad
1170 1357 1394 1412 salutem
1422 1365 1804 1426 pervenerunt.

447 1448 635 1504 XXVI.
676 1447 819 1503 Nihil
863 1447 966 1504 fide
1012 1458 1223 1514 nostra,
1272 1446 1495 1513 fratres,
1545 1447 1783 1517 iniquius
1824 1445 1948 1516 ﬁngi

328 1556 333 1559 ‘
373 1553 576 1613 posset,
617 1544 662 1599 si
701 1544 753 1598 in
793 1544 1036 1597 eruditos
1088 1549 1299 1596 tantum
1339 1540 1660 1610 dicendique
1701 1538 1953 1594 facultate

374 1652 440 1690 ac
469 1634 659 1704 logicis
692 1631 1244 1689 dcmonstrationihus
1277 1631 1678 1701 praestautiores
1711 1630 1945 1693 caderet;

2048 444 2148 514 τῆς
2174 445 2382 516 δωρεᾶς
2418 443 2812 516 εὐκολώτερον;
2856 445 3220 517 Ὀμολόγησον
3268 444 3475 515 Ἰησοῦν
3502 448 3643 518 Χριο

2052 537 2175 590 στὸν
2234 536 2367 607 (40),
2428 537 2522 591 καὶ
2560 537 2870 602 πίστευσον,
2910 537 2992 590 ὅτι
3049 539 3114 591 ὲκ
3149 537 3359 608 νεκρῶν
3414 540 3645 610 ἐγήγερ-

2048 644 2159 692 ται,
2199 628 2291 681 καὶ
2319 626 2563 699 σωθήσῃ.
2590 628 2915 699 Δικαιοσύνη
2948 628 3048 699 μὲν
3070 629 3200 699 γὰρ,
3224 631 3319 683 καὶ
3340 628 3401 682 τὸ
3427 631 3644 683 πιστεῦ-

2051 735 2142 771 σαι
2176 717 2370 789 μόνον·
2402 718 2643 789 σωτηρία
2682 717 2739 770 δὲ
2782 718 3051 788 παντελὴς
3090 718 3223 788 (41),
3275 721 3335 772 τὸ
3380 720 3476 773 καὶ
3509 723 3644 791 ὁμο-

2048 807 2296 878 λογῆσαι,
2322 809 2415 861 καὶ
2446 806 2761 879 προσθεῖναι
2799 810 2865 879 τῇ
2916 807 3212 876 ἐπιγνώσει
3265 808 3364 880 τὴν
3420 810 3640 881 παρρη-

2052 901 2193 955 σίαν.
2230 901 2303 954 Σὺ
2345 900 2526 971 μεῖζόν
2566 917 2619 953 τι
2667 900 2938 972 σωτηρίας
2981 898 3162 970 ζητεῖς
3212 899 3349 971 (42),
3382 900 3479 971 τὴν
3504 902 3644 953 ἐκεῖ·

2050 990 2142 1045 θεν
2180 992 2337 1059 δόξαν
2366 1010 2425 1046 τε
2460 993 2553 1047 καὶ
2590 991 2979 1063 λαμπρότητα’
3008 993 3134 1063 ἐμοὶ
3167 992 3261 1047 καὶ
3289 992 3352 1046 τὸ
3390 991 3635 1063 σωθῆναι

2053 1083 2332 1154 μέγιστον,
2358 1082 2451 1136 καὶ
2490 1083 2590 1148 τὰς
2638 1083 2848 1137 ἐκεῖθεν
2877 1086 3072 1152 φυγεῖν
3112 1083 3397 1152 βασάνους.
3440 1085 3511 1136 Σὺ
3541 1083 3642 1153 βα-

2048 1175 2215 1240 δίζεις
2240 1173 2340 1245 τὴν
2386 1173 2582 1243 ἀτριϐῆ
2617 1176 2711 1226 καὶ
2742 1172 3033 1243 ἀπρόσιτον
3057 1190 3069 1203 ·
3116 1172 3228 1242 ἐγὼ
3274 1174 3373 1244 τὴν
3413 1190 3642 1245 τετριμ-

2053 1264 2241 1336 μένην,
2274 1263 2367 1317 καὶ
2392 1263 2429 1333 ἦ
2458 1261 2682 1326 πολλοὺς
2709 1261 2931 1315 ἔσωσεν.

2121 1441 2263 1510 κς·
2297 1442 2462 1496 Οὐδὲν
2498 1441 2563 1495 ἂν
2610 1436 2679 1511 ἦν
2708 1442 2809 1512 τῆς
2864 1442 3103 1507 πίστεως
3158 1444 3336 1515 ἡμῶν,
3394 1441 3639 1514 ἀδελφοὶ,

2049 1535 2397 1608 ἀδικώτερον,
2424 1535 2477 1587 ετ
2501 1551 2563 1603 γε
2594 1536 2673 1597 είς
2710 1535 2835 1598 τοὺς
2858 1536 3054 1604 σοφοὺς
3088 1534 3286 1589 ἔπιπτε
3315 1536 3474 1607 μόνον
3500 1537 3639 1608 (45),

2052 1628 2146 1681 καὶ
2174 1627 2298 1689 τοὺς
2324 1626 2613 1697 περιττοὺς
2637 1625 2696 1677 ἐν
2731 1624 2895 1696 λόγῳ,
2932 1627 3028 1680 καὶ
3062 1629 3182 1690 ταῖς
3224 1626 3471 1696 λογικαῖς
3496 1626 3639 1681 ἀπο-

370 1702 646 1797 popularis
702 1736 884 1781 autem
932 1724 1240 1788 multitudo,
1306 1732 1368 1777 ut
1422 1738 1556 1777 auro
1601 1735 1655 1777 et
1698 1734 1942 1792 argento,

2053 1717 2280 1783 δείξεσι·
2342 1716 2468 1780 τοὺς
2514 1715 2741 1780 πολλοὺς
2787 1716 2843 1769 δὲ
2899 1717 3025 1780 ἔδει,
3110 1718 3363 1791 καθάπερ
3408 1720 3638 1790 χρυσοῦ,

372 1820 602 1889 aliisque
646 1816 898 1875 omnibus
955 1816 1136 1883 rebus,
1169 1832 1289 1886 quae
1324 1817 1411 1871 hic
1440 1816 1493 1870 in
1524 1816 1700 1885 pretio
1742 1812 1946 1868 baben-

372 1919 481 1968 tur.
515 1918 679 1980 atque
727 1922 756 1962 a
810 1907 1083 1977 plerisque
1132 1906 1441 1961 avidissime
1485 1912 1833 1974 expetuntur,
1869 1904 1948 1957 sic

372 2001 478 2055 hac
514 2014 728 2070 quoque
755 1997 1109 2053 frustraretur
1138 2015 1152 2062 ;
1182 2013 1245 2052 ac
1274 1997 1413 2052 Deus
1438 1997 1513 2062 id,
1535 1996 1679 2066 quod
1702 1994 1867 2049 altum
1894 2006 1949 2050 et

372 2093 648 2147 excelsum
693 2100 796 2156 est,
839 2099 1001 2160 atque
1039 2092 1107 2144 ad
1152 2104 1349 2159 paucos
1418 2089 1694 2158 pertingit,
1737 2096 1946 2156 gratum

373 2190 766 2251 acceptumque
822 2180 1087 2246 haberet;
1142 2188 1352 2243 contra,
1405 2178 1548 2247 quod
1598 2178 1950 2248 propinquius

372 2282 477 2338 est,
520 2286 621 2327 nec
651 2270 796 2342 vulgi
821 2280 1034 2339 captum
1082 2280 1321 2341 superat,
1357 2278 1737 2339 aspernaretur
1769 2279 1824 2324 et
1867 2284 1952 2323 re-

368 2363 583 2434 jiceret.
613 2361 749 2417 Nam
786 2376 855 2417 ne
898 2361 955 2417 in
994 2361 1383 2416 moderatiores
1430 2360 1650 2429 quidem
1701 2359 1949 2415 homines

375 2455 481 2510 hoc
503 2453 669 2519 cadit,
701 2464 761 2508 ut
796 2467 900 2508 non
928 2451 1118 2523 quales
1154 2451 1285 2521 ipsis
1318 2450 1509 2507 haberi
1563 2449 1799 2505 honores
1824 2464 1947 2519 pos-

373 2555 527 2612 sunt,
554 2544 797 2616 exigant,
830 2543 925 2599 sed
953 2542 1343 2599 excellentibus
1374 2550 1580 2597 tantum
1624 2541 1950 2612 eximiisque

373 2635 734 2701 delectentur,
773 2632 970 2688 nedum
1006 2632 1057 2686 in
1104 2630 1301 2689 Deum:
1333 2631 1448 2700 qui,
1471 2645 1592 2686 cum
1642 2630 1827 2685 multis
1855 2644 1951 2684 no-

374 2722 617 2780 minibus
673 2722 1008 2779 admirabilis
1051 2720 1213 2793 597
1246 2722 1400 2776 nobis
1460 2731 1515 2777 et
1573 2719 1950 2790 suSpiciendus

371 2823 648 2882 occurrat,
698 2814 833 2870 nihil
885 2823 1065 2869 tamen
1113 2825 1221 2868 tam
1250 2815 1527 2883 proprium
1564 2814 1748 2880 habet,
1781 2829 1943 2882 quam

375 2921 565 2964 omnes
606 2906 885 2963 beneﬁciis
909 2904 1142 2961 adicere.
1175 2905 1382 2960 Usitata
1411 2919 1479 2959 ne
1510 2918 1758 2973 spernas,
1791 2904 1947 2959 novi-

377 3011 547 3056 tatem
574 3014 640 3055 ne
675 3007 886 3068 captes,
933 3007 994 3053 ut
1042 2998 1274 3053 nominis
1312 2995 1651 3066 splendorem
1688 2996 1781 3051 tibi
1808 2996 1947 3066 apud

372 3092 566 3162 vulgus
595 3090 872 3146 concilies.
904 3088 1130 3143 Erudiat
1159 3097 1211 3142 te
1240 3086 1469 3142 consilio
1504 3086 1757 3142 Salomon
1789 3104 1805 3142 :
1831 3086 1945 3141 Πε-

373 3185 481 3238 lior
509 3194 608 3250 est,
644 3183 841 3253 inquit,
890 3181 1083 3250 exigua
1137 3196 1260 3247 pars
1313 3195 1430 3233 cum
1469 3180 1768 3243 securitate,
1791 3196 1950 3248 quam

380 3291 579 3345 magna
605 3290 725 3329 cum
760 3272 1070 3343 inﬁrmitate
1113 3280 1163 3325 et
1212 3270 1583 3324 incertitudine
1606 3268 1675 3324 ".
1708 3270 1795 3336 Et,
1834 3270 1948 3326 Me-

371 3367 475 3422 lior
497 3376 574 3423 est
599 3382 800 3437 pauper
849 3363 1123 3418 ambulans
1170 3363 1225 3415 in
1259 3361 1590 3431 simplicitate
1619 3378 1714 3415 sua
1732 3362 1779 3394 "
1806 3361 1949 3434 (nam

371 3457 601 3527 insignis
628 3469 840 3526 quoque
864 3464 919 3509 et
946 3454 1155 3509 erudita
1186 3460 1270 3506 est
1297 3451 1413 3506 hare
1441 3451 1746 3525 parmmia),
1771 3462 1828 3508 et
1853 3455 1944 3523 qui

372 3544 640 3601 sermonis
661 3558 726 3598 ac
750 3542 990 3597 scientiae
1024 3540 1199 3609 inopia
1243 3538 1472 3605 laborat,
1508 3540 1945 3611 simplicibusque

371 3634 563 3689 verbis
618 3633 886 3697 innititur,
912 3641 1073 3700 atque
1123 3632 1174 3685 iu
1210 3630 1337 3696 illis,
1372 3640 1623 3701 tauquam
1678 3634 1731 3686 in
1781 3648 1943 3701 parva

371 3734 428 3781 et
458 3725 607 3780 tenui
643 3732 778 3788 rate,
814 3723 1042 3778 salutem
1087 3725 1414 3791 assequitur,
1441 3737 1603 3790 quam
1650 3720 1827 3778 fatuus
1867 3724 1942 3777 la-

369 3815 586 3886 biisque
618 3827 928 3885 perversos,
955 3812 1045 3882 qui
1091 3811 1543 3881 disputationibus
1584 3820 1639 3865 et
1668 3826 1947 3882 argumen-

374 3912 443 3962 tis
473 3908 651 3976 inepte
700 3915 863 3976 atque
901 3903 1149 3974 imperite
1182 3901 1426 3965 conlidit,
1459 3916 1525 3953 ac
1565 3899 1769 3956 Christi
1814 3918 1942 3959 cru-

2049 1812 2143 1866 καὶ
2167 1812 2430 1885 ἀργύρου,
2458 1814 2552 1866 καὶ
2579 1812 2687 1866 τῶν
2716 1814 2912 1880 ἄλλων,
2947 1816 3120 1868 ὁπόσα
3161 1817 3315 1886 τίμια
3335 1817 3505 1881 κάτω,
3540 1817 3640 1870 καὶ

2050 1903 2494 1975 περισπούδαστα
2519 1906 2631 1967 τοῖς
2680 1902 2917 1967 πολλοῖς,
2980 1905 3124 1958 οὕτω
3153 1906 3216 1977 δὴ
3251 1906 3361 1978 (44)
3388 1908 3481 1961 καὶ
3506 1906 3637 1960 ταύ-

2048 2013 2147 2066 της
2194 1995 2628 2066 ἀποτυγχάνεινυ
2684 1997 2780 2049 καὶ
2815 1996 2878 2048 τὸ
2929 1996 3026 2066 μὲν
3084 1997 3287 2067 ὑψηλόν
3314 2016 3373 2052 τε
3417 2000 3509 2053 καὶ
3554 2001 3637 2063 είς

2050 2087 2262 2155 ὀλίγους
2292 2086 2516 2156 φθάνον,
2548 2086 2699 2157 φίλον
2741 2082 2809 2157 ἦν
2842 2086 2959 2158 Θεῷ
2990 2088 3085 2140 καὶ
3109 2089 3305 2141 οἰκεῖον
3327 2105 3342 2121 ο
3386 2089 3446 2141 τὸ
3468 2089 3524 2141 δὲ
3546 2090 3638 2156 ὲγο

2051 2181 2285 2250 γυτέρω,
2321 2178 2415 2232 καὶ
2449 2181 2561 2241 τοῖς
2621 2176 2837 2240 πολλοῖς
2874 2177 3115 2247 ἐφικτὸν,
3164 2178 3508 2230 ἀπόπτυστον
3536 2178 3637 2231 καὶ

2049 2271 2378 2342 ἀπόϐλητον.
2423 2270 2558 2324 Οὐδὲ
2596 2270 2704 2341 γὰρ
2730 2269 2838 2322 τῶν
2872 2268 3173 2340 ἀνθρώπων
3205 2273 3253 2323 οἱ
3284 2269 3637 2342 μετριώτεροι

2048 2365 2208 2417 τοῦτο
2233 2362 2458 2417 πάθοιεν
2505 2360 2594 2427 ἂν,
2625 2361 2766 2414 ὥστε
2809 2361 2883 2433 μὴ
2909 2360 3007 2424 τὰς
3051 2361 3191 2415 κατὰ
3216 2362 3446 2432 δύναμιν
3479 2362 3625 2416 ἀπαι-

2048 2458 2161 2507 τεῖν
2199 2453 2381 2524 τιμὰς.
2428 2452 2564 2506 ἀλλά
2604 2452 2817 2523 χαίρειν
2867 2451 3026 2522 μόνον
3073 2455 3193 2517 ταῖς
3252 2454 3636 2525 προεχούσαις,

2053 2548 2244 2619 μήτιγε
2265 2546 2328 2615 δὴ
2350 2544 2483 2608 Θεὸς
2502 2561 2516 2575 ο
2542 2538 2603 2598 οῦ
2630 2544 2838 2597 πολλῶν
2863 2544 3029 2598 ὄντων
3051 2545 3134 2613 ἐφ’
3169 2538 3249 2608 οἷς
3272 2543 3634 2615 θαυμάζεται,

2048 2636 2199 2690 οὐδὲν
2221 2634 2414 2699 οὕτως,
2442 2635 2517 2698 ὡς
2544 2634 2604 2687 τὸ
2628 2635 2837 2697 πάντας
2859 2636 3187 2706 εὐεργετεῖν,
3214 2632 3509 2688 ἰδιώτατον.
3540 2633 3636 2687 Μὲι

2049 2724 2279 2795 ἀτίμαζε
2319 2724 2380 2777 τὸ
2410 2723 2619 2789 εἰωθὸς,
2647 2723 2725 2794 μὴ
2754 2723 2949 2795 θήρευε
2991 2722 3052 2776 τὸ
3076 2724 3259 2776 καινὸν
3285 2724 3417 2795 (45),
3441 2724 3508 2776 ἵν’
3549 2724 3612 2776 εὐ

2048 2815 2350 2886 δοκιμήσῃς
2383 2815 2493 2886 (46)
2532 2816 2589 2868 ἐν
2622 2818 2734 2878 τοῖς
2774 2815 3000 2869 πλείοσι.
3042 2816 3357 2883 Κρείσσων
3396 2814 3509 2887 (47)
3543 2834 3623 2885 μι-

2050 2904 2161 2974 κρὰ
2187 2903 2357 2973 μερὶς
2380 2905 2531 2973 μετὰ
2556 2904 2916 2974 ἀσφαλείας,
2938 2905 2975 2973 ἢ
2988 2904 3223 2974 μεγάλη
3243 2906 3392 2972 μετὰ
3415 2908 3621 2975 σαθρός

2049 3014 2247 3065 τητος,
2288 2996 2588 3049 παιδευέτω
2645 3014 2703 3049 σε
2734 3000 2800 3068 τῇ
2852 2998 3127 3068 συμϐουλῇ
3186 2995 3465 3069 Σολομώψ
3513 2999 3631 3061 καὶ,

2049 3090 2364 3156 Κρείσσων
2391 3088 2616 3156 ἄπορος
2657 3092 3057 3160 πορευόμενος
3104 3091 3173 3145 ἐν·
3204 3092 3491 3158 ἁπλότητι
3518 3092 3635 3163 (48)

2047 3179 2233 3234 αὑτοῦ
2267 3180 2391 3250 (μία
2416 3181 2511 3232 καὶ
2532 3180 2668 3251 αῦτη
2699 3181 2806 3234 τῶν
2837 3181 3143 3253 παροιμιῶν
3179 3182 3357 3251 σοφῶς
3386 3183 3633 3254 ἔχουσα),

2047 3275 2075 3326 ὁ
2102 3272 2270 3341 πένης
2299 3273 2357 3325 ὲν
2405 3270 2549 3342 λόγῳ
2580 3272 2672 3325 καὶ
2715 3270 2937 3341 γνώσει,
2962 3273 3055 3326 καὶ
3092 3276 3201 3337 τοῖς
3236 3274 3423 3338 ἁπλοῖς
3457 3276 3612 3347 ῥήμα

2052 3383 2134 3419 σιν
2186 3363 2615 3435 ἐπερειδόμενος.
2669 3365 2762 3417 καὶ
2796 3364 2889 3418 ἐπὶ
2929 3363 3130 3418 τούτων
3159 3366 3349 3438 ὥσπερ
3402 3367 3495 3421 ἐπὶ
3530 3366 3630 3420 λε-

2054 3458 2194 3528 πτῆς
2256 3454 2471 3525 σχεδίας
2531 3454 2947 3525 διασωζόμενος,
3025 3455 3164 3526 ὑπὲρ
3228 3456 3633 3527 στρεϋλὸχειλον

2051 3550 2281 3620 ἄφρονα,
2312 3548 2403 3601 τὸν
2444 3546 2713 3612 ἀποδείξει
2746 3547 2905 3616 λόγου
2933 3547 3236 3619 θαρροῦντα
3271 3549 3367 3602 σὺν
3395 3548 3629 3621 ἀμαθίᾳ,

2049 3640 2144 3693 καὶ
2177 3636 2437 3691 κενοῦντα
2469 3636 2578 3707 (49)
2612 3637 2702 3691 τὸν
2728 3638 2957 3710 σταυρὸν
2985 3639 3079 3693 τοῦ
3104 3638 3360 3710 Χριστοῦ,
3396 3641 3633 3712 πρᾶγμά

2048 3747 2100 3783 τι
2132 3729 2293 3796 λόγου
2316 3731 2583 3798 κρεῖττον,
2627 3727 2715 3781 διὰ
2736 3729 2834 3798 τῆς
2861 3718 2918 3782 ἐν
2960 3730 3137 3799 λόγοις
3163 3732 3461 3802 δυνάμεως,
3502 3732 3634 3787 ἔνθα

2047 3819 2107 3871 τὸ
2140 3817 2364 3881 ἀσθενὲς
2391 3816 2491 3887 τῆς
2512 3817 2853 3883 ἀποδείξεως,
2881 3821 2979 3891 τῆς
3017 3822 3269 3892 ἀληθείας
3307 3824 3451 3877 ἐστὶν
3476 3823 3634 3877 ἐλάτ-

2049 3924 2239 3970 τωσις.

373 4015 511 4064 cem,
550 4016 663 4056 rem
704 4001 851 4055 ontui
903 4011 1155 4053 sermone
1197 3995 1591 4059 sublimiorem,
1667 4012 1766 4066 pcr
1813 3999 2109 4058 disserendi
2148 4000 2457 4056 facultatem
2501 4012 2748 4066 evacuat,
2811 4004 2897 4058 ubi
2941 4006 3270 4074 probationis
3337 4017 3392 4063 et
3459 4024 3627 4080 argn-

371 4099 681 4144 mentorutn
717 4088 1006 4142 infirmitas
1035 4086 1317 4141 veritatem
1350 4084 1621 4140 imminuit
1659 4097 1715 4142 et
1759 4088 2064 4147 labefactat.

441 4179 656 4236 XXVII.
688 4180 825 4246 Quid
854 4180 907 4233 iu
954 4176 1153 4233 cmlum
1185 4176 1456 4246 provolas,
1482 4191 1604 4231 cum
1639 4178 1803 4247 pedes
1831 4182 1942 4236 sis?

2119 4182 2242 4235 KZ'.
2282 4181 2347 4233 Τί
2381 4180 2514 4251 πρὸς
2547 4181 2773 4252 οὐρανὸν
2826 4183 3133 4249 ἀνίπτασαι,
3187 4185 3350 4251 πεζὸς
3410 4187 3526 4255 ὥν;
3562 4191 3631 4245 Τί

372 4273 513 4341 Quid
537 4271 726 4327 turrim
755 4269 1013 4337 exstruis,
1048 4283 1171 4324 cum
1204 4268 1270 4322 iis
1302 4268 1461 4322 rebus
1488 4282 1697 4337 careas,
1727 4285 1847 4340 qua:
1878 4275 1944 4329 ad

368 4379 490 4419 eam
537 4361 919 4437 perficiendam
964 4357 1418 4430 requiruntur"?
1450 4358 1589 4425 Quid
1650 4361 1765 4431 ipse
1813 4378 1946 4433 quo-

371 4470 476 4524 que
510 4470 671 4508 mautt
704 4468 899 4523 aquam
943 4451 1172 4516 metiris,
1207 4458 1262 4505 et.
1291 4449 1487 4505 emlum
1537 4449 1716 4519 palmo
1732 4454 1803 4519 ³⁸,
1838 4463 1945 4509 ter-

370 4560 595 4617 ramque
633 4558 849 4600 omnem
898 4543 1116 4615 pugillo,
1149 4544 1415 4599 elementa
1459 4557 1673 4612 magna,
1718 4552 1775 4598 et
1802 4544 1946 4615 ejus-

370 4637 545 4703 modi,
579 4645 637 4691 ut
669 4652 731 4692 ea
754 4636 980 4691 Creator
1008 4634 1156 4691 solus
1199 4633 1436 4689 dimetiri
1466 4635 1676 4701 possit?
1705 4634 1944 4691 Primum

371 4726 599 4797 teipsum
627 4741 896 4796 cognosce
926 4744 941 4781 :
970 4740 1090 4794 quae
1118 4727 1171 4780 in
1221 4724 1468 4780 manibus
1497 4732 1645 4790 sunt,
1672 4725 1945 4783 intellectu

442 4821 490 4855 ⁸³
508 4821 668 4877 Prov.
696 4836 809 4886 xvt,
845 4819 897 4875 8.
971 4819 1020 4851 “
1044 4818 1204 4874 Prov.
1232 4835 1344 4883 xu,
1378 4819 1431 4873 1.
1506 4817 1555 4850 ’⁸
1580 4819 1713 4875 Luc.
1733 4836 1844 4888 xw,
1876 4821 1969 4877 28.

347 4948 367 4971 ..
440 4913 556 4984 (σε)
592 4913 833 4984 Ταύτης.
855 4911 1018 4984 Dgest
1051 4911 1104 4984 in
1144 4911 1350 4984 duobus
1379 4908 1572 4984 3933.,
1602 4922 1659 4984 et
1693 4909 1789 4984 0r.
1823 4912 1873 4966 1.

442 4969 557 5056 (46)
595 4969 840 5051 Ἰησοῦᾶ
880 4981 1159 5049 Χριστόν.
1208 4978 1334 5035 Haec
1381 4969 1575 5033 desunt
1630 4981 1684 5035 in
1735 4982 1945 5039 duobus

375 5056 568 5109 Beat!“
597 5065 653 5107 et
679 5052 773 5108 0r.
796 5054 849 5105 1.

426 5069 568 5118 egg.,
597 5065 653 5107 et
679 5065 773 5108 Ur.
796 5065 849 5105 1.

443 5069 568 5125 :gg.,
597 5069 653 5107 et
679 5069 773 5108 ur.
796 5069 849 5105 ι.

443 5124 558 5191 (At)
591 5120 921 5191 Παντελής.
949 5119 1044 5175 Or.
1081 5119 1136 5183 I,
1164 5117 1462 5191 παντελῶς.

444 5187 886 5265 (42)_21‘)p87(¢_5r
915 5206 972 5265 τι
997 5190 1295 5265 dfert;le
1325 5187 1535 5265 ζητεῖς.
1583 5188 1672 5265 S_ic
1702 5189 1944 5262 plerique

373 5258 618 5319 coddIIo
640 5258 752 5325 ed.,
788 5262 853 5331 ob
881 5260 932 5313 τί
963 5259 1447 5331 μεῖζονμσωτηρίας
1476 5258 1691 5329 Caris-ig;

444 5332 555 5403 (45)
578 5333 801 5403 Μόνον.
822 5328 1072 5403 CoisllAI,
1102 5328 1314 5403 μόνους.

442 5398 683 5471 (44.)41i.
711 5401 871 5471 Deest
900 5398 1092 5471 in_0r._
1108 5398 1169 5471 1.

445 5468 561 5544 (45)
677 5470 919 5544 Δκαινόν.
949 5468 1114 5544 Cois].
1147 5470 1201 5533 I,
1239 5469 1301 5544 τὸ
1330 5470 1507 5544 κενόν.

444 5536 561 5612 (46)
579 5538 1020 5611 Εὺόοκιμήσῃς.
1051 5536 1202 5597 Orat.
1248 5542 1301 5609 I,
1348 5550 1401 5598 et
1426 5540 1692 5608 Counbcﬁ,
1729 5541 1940 5595 εὐδοκι-

376 5615 503 5685 ui:-

2052 4275 2260 4346 πύργον
2303 4273 2624 4345 οἰκοδομεῖς,
2664 4275 2731 4329 τὰ
2764 4276 2899 4345 πρὸς
2935 4277 3281 4349 ἀπαρτισμὸν
3308 4281 3409 4334 οὐκ
3447 4282 3627 4352 ἔχων;

2052 4367 2116 4419 Τί
2143 4367 2235 4419 κα)⁸
2261 4366 2324 4419 σὺ
2353 4368 2568 4437 μετρεῖς
2599 4368 2669 4437 τῇ
2706 4368 2847 4440 χειρὶ
2874 4368 2937 4421 τδ
2967 4368 3131 4442 ὕδωρ,
3160 4370 3253 4424 καὶ
3281 4372 3373 4425 τὸν
3393 4374 3631 4445 οὐρανὸν

2052 4454 2330 4526 σπιθαμῇ,
2375 4455 2468 4507 καὶ
2510 4457 2690 4510 πᾶσαν
2730 4457 2831 4529 τὴν
2874 4458 2977 4529 γῆν
3016 4459 3208 4532 δρακῖι,
3246 4466 3484 4533 στοιχεῖα
3523 4483 3629 4536 με·

2053 4551 2216 4620 γάλα,
2241 4551 2334 4604 καὶ
2364 4551 2508 4621 μόνῳ
2543 4551 2788 4622 μετρητὰ
2814 4551 2893 4623 τῷ
2924 4555 3248 4625 ποιήσαντι;
3280 4556 3452 4612 Γνῶθι
3495 4576 3631 4613 σαυ-

2053 4642 2144 4694 τὸν
2175 4640 2392 4712 πρῶτον
2413 4659 2426 4670 ·
2462 4640 2533 4693 τὰ
2585 4644 2641 4694 ὲν
2693 4642 2851 4713 χερσὶ
2892 4644 3263 4716 κατανόησονο
3295 4647 3379 4710 τίς
3423 4645 3497 4715 εἴ,
3530 4650 3630 4703 καὶ

2057 4733 2172 4798 πῶς
2205 4732 2501 4805 ἐπλάσθης,
2534 4736 2628 4788 καὶ
2660 4734 2776 4798 πῶς
2816 4736 3094 4808 συνέστης,
3135 4738 3200 4791 ἵν’
3234 4738 3399 4795 εἰκὼν
3418 4735 3487 4815 ᾖς
3512 4740 3627 4814 (50)

2043 4827 2089 4860 ⁹⁶
2117 4828 2217 4883 lsa.
2249 4844 2337 4892 χι,
2369 4827 2457 4880 12.

2125 4919 2235 4987 (47)
2270 4919 2597 4986 Κρείσσων.
2652 4919 2742 4975 Sic
2789 4921 2897 4976 duo
2939 4921 3104 4992 Regg.
3154 4922 3210 4977 In
3263 4925 3347 4978 ed.
3374 4964 3389 4989 ,
3436 4928 3626 4995 κρεῖσ-

2052 5005 2604 5180 Ξῗᾶἐὲἐέὶῖελότητι.
2624 5057 2682 5113 In
2706 5060 3045 5129 quibusdam,
3077 5065 3445 5135 ταπεινότητι,
3476 5085 3494 5116 ι
3518 5066 3624 5120 hu-

2110 5138 2119 5141 -
2150 5138 2163 5177 ι
2285 5167 2299 5179 .

2051 5138 2592 5277 ἶιῃίάιὸῖθιίἒζοῇγτα.
2619 5198 3104 5277 ΒοιιοΙάΚένωσις
3129 5202 3223 5256 τοῦ
3258 5204 3492 5275 σταυροῦ
3511 5245 3528 5269 ,
3562 5208 3623 5260 τὸ

2049 5265 2398 5346 δυνατὴν-’τοῦ
2424 5267 2603 5346 λόγου·
2637 5287 2673 5346 ι.
2700 5270 2888 5346 Crucis
2916 5276 3216 5346 evacuatio,
3250 5265 3410 5327 verlii'
3432 5265 3625 5344 poten-

2053 5338 2147 5389 tia.
2164 5355 2195 5409 _o
2221 5337 2422 5409 Alludit
2452 5336 2742 5403 Gregorius
2771 5341 2835 5392 ad
2875 5341 2989 5394 hate
3029 5336 3215 5409 Apost.
3250 5346 3409 5396 verba
3432 5336 3463 5397 Ἰ
3488 5346 3622 5404 Cor.

2052 5420 2093 5466 t,
2132 5405 2214 5468 17,
2236 5424 2270 5477 ί(
2311 5406 2426 5460 Non
2461 5408 2511 5461 in
2563 5409 2838 5477 Sapientia
2880 5412 3050 5475 verbi,
3080 5405 3147 5465 ἰιι
3178 5428 3282 5466 non
3326 5426 3625 5471 evacuettn‘

2049 5489 2179 5528 crux
2215 5476 2438 5529 Christi.
2466 5498 2484 5529 ι

2048 5541 2400 5684 νιέὲιὲἒιντιὶς.
2431 5548 2519 5603 Sic
2543 5549 2660 5606 cod.
2695 5546 2751 5605 In
2777 5549 2889 5617 ed.,
3000 5551 3140 5619 Mox,
3172 5551 3415 5625 κινῆσαν
3446 5555 3537 5609 Or.
3563 5554 3625 5623 1,
