3910 6214
263 245 374 306 τος

947 248 1209 306 ORATIO
1247 249 1465 305 XXXII.
1504 282 1574 293 —
1613 249 1702 304 DE
1734 248 2345 308 MODERATIONE'IN
2382 250 2847 310 DISPUTANDO.

3427 255 3534 314 206

262 364 425 426 Θεοῦ.
475 364 569 419 καὶ
599 363 678 435 τῷ
722 364 929 437 χείρονι
976 365 1269 438 συνδεθῇς,
1312 369 1409 422 καὶ
1452 367 1503 421 τί
1533 368 1595 423 τὸ
1627 368 1858 441 κινῆσαν

1967 385 2250 442 assequere
2281 389 2296 427 :
2330 371 2453 440 quis
2509 371 2606 438 sis,
2654 380 2710 427 et
2761 369 3033 442 quomodo
3090 371 3319 437 edictus,
3346 370 3418 425 ita
3476 380 3538 427 ut

265 474 352 523 σε,
384 458 468 522 τίς
501 459 687 530 ήπερὶ
722 458 782 511 σὲ
819 458 980 528 σοφία
1006 460 1100 512 καὶ
1122 459 1176 512 τί
1209 461 1309 531 τῆς
1333 460 1548 529 φύσεως
1570 461 1632 516 τὸ
1662 463 1861 535 μυστή-

270 567 418 625 ριον·
451 550 571 616 πῶς
608 553 783 624 μετρῇ
823 551 998 622 τόπῳ,
1034 552 1130 605 καὶ
1156 551 1282 616 νοῦς
1310 553 1408 624 οὐχ
1433 551 1675 624 ὁρίζεται
1717 555 1855 625 (51),

266 643 385 696 ἀλλ’
427 644 486 697 ὲν
538 642 724 714 ταυτῷ
776 643 954 713 μένων
1006 643 1184 697 πάντα
1228 643 1546 715 ἐπέρχεται·
1580 645 1696 709 πῶς
1740 645 1862 716 ὄψις

267 732 452 805 ὀλίγη.
482 734 579 788 καὶ
621 733 972 788 ὲπιπλεῖστον
1015 734 1314 802 φθάνουσα,
1349 736 1442 788 καὶ
1480 735 1707 806 πότερον
1752 755 1859 790 πα-

268 825 475 898 ραδοχή
506 824 597 888 τίς
647 825 765 878 ἐστι
803 823 898 899 τοῦ
943 824 1234 894 ὀφθέντος,
1280 825 1314 896 ἢ
1358 826 1496 897 πρὸς
1527 823 1703 880 έκεῖνο
1741 826 1860 880 διά-

268 917 460 982 ϐασις·
490 917 608 981 πῶς
655 917 718 970 τὸ
746 917 880 971 αὐτὸ
913 918 1009 971 καὶ
1024 920 1167 970 κινεῖ
1195 917 1332 988 (52),
1371 920 1466 972 καὶ
1491 921 1741 984 κινεῖται,
1772 918 1862 972 δια

268 1007 580 1079 βουλήσεως
609 1006 1024 1079 κυϐερνώμενον
1045 1025 1058 1038 ·
1094 1008 1178 1072 τίς
1210 1008 1298 1061 δαὶ
1334 1008 1514 1062 παῦλα
1554 1011 1855 1080 κινήσεως·

266 1097 354 1163 τίς
379 1099 409 1150 ὁ
433 1097 543 1151 τῶν
581 1097 892 1168 αἰσθήσεων
929 1099 1219 1170 μερισμὸς,
1253 1101 1347 1152 καὶ
1380 1100 1496 1164 πῶς
1534 1100 1627 1155 διὰ
1657 1103 1862 1157 τούτων

267 1192 301 1243 ὁ
333 1189 458 1253 νοῦς
491 1190 669 1260 ὁμιλεῖ
700 1189 814 1259 (55)
853 1193 967 1253 τοῖς
999 1189 1125 1256 ἔξω,
1164 1192 1259 1245 καὶ
1299 1190 1365 1244 τὰ
1390 1191 1589 1258 ἔξωθεν
1622 1195 1861 1265 παραδέ-

268 1300 429 1354 χεται
448 1298 465 1314 ⁸
503 1282 620 1346 πῶς
651 1282 1027 1354 ἀναλαμϐάνει
1059 1283 1128 1336 τὰ
1154 1285 1268 1355 εἴδη
1293 1301 1307 1314 ·
1340 1286 1431 1338 καὶ
1462 1286 1545 1350 τίς
1570 1287 1603 1357 ἡ
1630 1287 1862 1359 τήρησις

268 1375 368 1429 τοῦ
399 1374 823 1447 ἀναληφθέντος,
868 1376 901 1447 ἦ
944 1378 1164 1447 μνήμη⁶
1212 1378 1304 1430 καὶ
1346 1378 1430 1442 τίς
1474 1380 1507 1451 ή
1549 1378 1644 1433 τοῦ
1678 1380 1848 1433 ἀπελ-

270 1465 458 1528 θόντος
497 1465 785 1535 ἀνάληψις,
819 1465 851 1536 ἦ
883 1466 1220 1537 ἀνάμνησις·
1257 1466 1374 1531 πῶς
1412 1468 1575 1537 λόγος
1606 1470 1697 1523 νοῦ
1735 1472 1861 1539 γέν-

266 1571 444 1624 νημα,
482 1554 575 1606 καὶ
602 1555 766 1624 γεννᾷ
798 1553 955 1623 λόγον
982 1558 1038 1608 ὲν
1084 1556 1228 1627 ἄλλῳ
1274 1556 1378 1618 νοῒ.
1416 1560 1510 1611 καὶ
1546 1559 1662 1624 πῶς
1719 1559 1862 1631 λόγῳ

268 1644 451 1714 νόημα
487 1643 779 1696 διαδίδοται
812 1644 954 1715 (54)’
988 1646 1102 1710 πῶς
1135 1649 1395 1720 τρέφεται
1435 1650 1548 1721 (55)
1572 1650 1659 1703 διὰ
1683 1650 1860 1722 ψυχῆς

273 1735 456 1807 σῶμα,
482 1736 576 1789 καὶ
600 1736 716 1800 πῶς
743 1735 889 1808 ψυχὴ
933 1737 1020 1791 διὰ
1051 1738 1303 1810 σώματος
1343 1745 1591 1794 κοινωνεῖ
1626 1742 1826 1806 πάθους
1847 1760 1859 1773 '
1897 1716 1937 1770 Β

270 1829 395 1891 πῶς
434 1829 670 1898 πήγνυσι
716 1829 900 1898 φόϐος,
938 1830 1033 1882 καὶ
1058 1830 1176 1883 λύει
1220 1832 1419 1905 θάρσος
1458 1834 1593 1904 (56),
1628 1836 1722 1888 καὶ
1773 1853 1866 1888 συ-

273 1919 489 1972 στέλλει
517 1919 686 1990 λύπη,
716 1921 812 1973 καὶ
860 1921 1036 1992 διαχεῖ
1081 1923 1264 1995 ἡδονὴ,
1301 1925 1398 1978 καὶ
1442 1927 1601 1996 τήκει
1649 1926 1863 1995 φθόνος,

275 2009 374 2063 καὶ
412 2008 730 2082 μετεωρίζει
755 2010 946 2080 τῦφος,
973 2014 1068 2065 καὶ
1113 2013 1363 2083 κουφίζει
1393 2014 1577 2079 ἐλπίς·
1617 2017 1733 2079 πῶς
1775 2019 1866 2069 ὲκ-

274 2100 461 2171 μαίνει
508 2101 697 2172 θυμὸς,
748 2104 843 2186 καὶ
887 2104 1052 2168 αἰδὼς
1090 2106 1399 2178 ὲρυθραίνει
1445 2108 1511 2161 δι’
1557 2109 1803 2180 αἵματος,
1838 2112 1866 2163 ὁ

274 2191 381 2261 μὲν
417 2191 695 2258 ζέσαντος,
724 2195 758 2265 ἡ
795 2194 854 2247 δὲ
880 2195 1335 2268 ἀναχωρήσαντος
1355 2215 1369 2228 ·
1404 2199 1498 2252 καὶ
1544 2200 1661 2264 πῶς
1689 2202 1737 2254 οἱ
1771 2219 1867 2272 χα-

276 2284 553 2355 ρακτῆρες
599 2284 710 2339 τῶν
767 2286 956 2341 παθῶν
996 2288 1059 2341 ὲν
1106 2289 1218 2352 τοῖς
1266 2288 1516 2360 σώμασι·
1558 2290 1642 2355 τίς
1688 2294 1722 2364 ἡ
1771 2291 1864 2346 τοῦ

271 2373 542 2447 λογισμοῦ
570 2377 856 2452 προεδρία,
889 2379 986 2432 καὶ
1025 2378 1142 2443 πῶς
1168 2382 1303 2434 πᾶσι
1348 2380 1557 2446 τούτοις
1585 2384 1868 2437 ἐπιστατεῖ

272 2467 375 2522 καὶ
404 2469 600 2540 ήμεροῖ
628 2468 700 2523 τὰ
741 2469 852 2524 τῶν
900 2469 1093 2525 παθῶν
1150 2471 1460 2544 κινήματα·
1513 2472 1633 2538 πῶς
1673 2474 1866 2546 αἵματι

274 2563 564 2632 κρατεῖται
605 2563 700 2615 καὶ
747 2564 883 2633 πνοῇ
916 2563 979 2615 τὸ
1025 2560 1347 2634 ἀσώματον·
1378 2563 1472 2617 καὶ
1508 2563 1625 2628 πῶς
1666 2568 1700 2636 ὴ
1743 2566 1867 2620 τού-

271 2667 389 2705 των
431 2650 705 2724 ἔκλειψις,
752 2652 931 2724 ψυχῆς
974 2654 1123 2706 ἐστιν
1169 2653 1537 2727 ἀναχώρησις.
1571 2655 1786 2723 Ταῦτα,
1829 2657 1863 2728 ἢ

272 2743 485 2799 τούτων
517 2761 573 2798 τι
607 2744 965 2816 κατανόησον,
995 2737 1042 2797 ὦ
1083 2745 1369 2816 ἄνθρωπ’
1398 2745 1551 2802 οὔπω
1574 2746 1684 2820 γὰρ
1721 2748 1865 2817 λέγω

273 2836 462 2908 φύσιν,
503 2837 538 2910 ἢ
573 2837 784 2909 κίνησιν
822 2837 1078 2909 οὐρανοῦ,
1123 2838 1218 2893 καὶ
1256 2838 1410 2904 τάξιν
1461 2840 1728 2912 ἀστέρων,
1770 2841 1865 2894 καὶ

277 2927 432 3003 μῖξιν
470 2928 772 3002 στοιχείων,
810 2929 904 2982 καὶ
940 2927 1096 2992 ζώων
1128 2929 1414 3001 διαφορὰς,
1445 2931 1540 2984 καὶ
1579 2930 1863 3001 δυνάμεων

273 3021 550 3093 οὐρανίων
582 3017 876 3084 ὑποϐἅσεις
901 3018 1015 3091 (57)
1049 3020 1142 3073 καὶ
1182 3018 1525 3091 ὑπερθέσεις,
1556 3017 1651 3073 καὶ
1685 3020 1864 3073 πάντα

276 3114 364 3177 εἰς
401 3114 503 3167 ὅσα
540 3115 570 3167 ὁ
608 3111 1001 3185 δημιουργικὸς
1044 3111 1155 3182 (58)
1199 3111 1355 3180 λόγος
1394 3110 1857 3184 καταμερίξεται,

274 3206 376 3259 καὶ
434 3204 628 3274 λόγους
698 3206 955 3278 προνοίας
1007 3204 1103 3259 καὶ
1169 3204 1524 3275 διοικήσεωςο
1573 3207 1667 3258 καὶ
1736 3207 1859 3259 τότε

274 3295 435 3350 οῦπω
451 3296 931 3370 λέγω,Θόιρῤησονο
952 3297 1089 3363 ἀλλ’,
1115 3295 1239 3349 Ἔτι
1271 3295 1534 3367 φοϐήθητι
1561 3296 1861 3368 προσϐῆναι

272 3392 396 3454 τοῖς
434 3389 805 3463 ὑψηλοτέροις,
833 3391 928 3444 καὶ
956 3392 1067 3455 τοῖς
1102 3387 1306 3461 μᾶλλον
1348 3388 1490 3459 ὑπὲρ
1520 3388 1618 3449 τὴν
1644 3387 1742 3447 σὴν
1771 3388 1860 3441 δύ-

1964 463 2126 519 simul
2174 470 2229 518 et
2281 462 2457 533 imago
2496 462 2591 517 Dei
2642 463 2739 529 sis,
2778 472 2835 517 et
2879 462 3135 519 deteriori
3182 463 3532 534 astringaris;

1963 554 2092 624 quid
2156 553 2287 609 illud
2338 553 2428 617 sit,
2460 555 2601 624 quod
2644 553 2738 608 tibi
2783 562 2984 608 motum
3019 553 3214 619 attulit,
3249 569 3370 625 quae
3402 554 3455 607 in
3484 561 3539 608 te

1963 646 2225 714 sapientia
2253 644 2486 710 eluceat,
2522 644 2664 714 quod
2689 653 2894 698 natura:
2937 658 3191 699 arcanum
3222 655 3236 693 :
3269 643 3539 712 quomodo

1963 736 2081 790 loco
2120 737 2611 799 circumscriberis,
2637 750 2701 791 ac
2731 751 2882 791 meus
2906 735 3052 791 nullo
3087 734 3262 790 limite
3309 734 3538 790 includi-

1966 836 2074 894 tur,
2107 828 2201 883 sed
2249 828 2304 882 in
2351 829 2541 883 eodem
2581 828 2699 883 loco
2750 843 2993 892 manens,
3028 826 3208 881 omnia
3244 826 3438 880 lustrat
3474 839 3539 881 ac

1962 930 2308 992 pervagatur.
2372 920 2677 990 Quomodo,
2742 936 2865 976 cum
2919 920 3160 974 tantillus
3204 919 3277 973 sit
3325 917 3536 983 oculus,

1964 1022 2074 1066 tam
2102 1010 2259 1082 longe
2285 1014 2579 1083 pertingit;
2617 1020 2795 1068 utrum
2831 1015 2974 1081 quod
3014 1028 3126 1067 rem
3160 1013 3328 1068 visam
3353 1011 3541 1066 admit-

1964 1111 2062 1163 tat,
2118 1118 2186 1156 an
2239 1103 2418 1170 petius
2468 1103 2610 1173 quod
2665 1103 2729 1156 ad
2788 1118 2906 1157 eam
2960 1103 3540 1171 transeatzquomodo

1964 1194 2105 1248 idem
2131 1203 2189 1249 et
2219 1204 2398 1248 movet
2428 1202 2484 1248 et
2527 1202 2792 1259 movetur,
2838 1208 2902 1247 ac
2946 1207 3040 1261 per
3080 1192 3410 1247 voluntatem
3441 1206 3540 1259 gu-

1963 1284 2224 1338 bernatur
2250 1300 2265 1337 :
2295 1298 2416 1354 quae
2453 1295 2635 1339 motus
2663 1284 2839 1354 quies,
2871 1298 2991 1352 qua:
3013 1298 3266 1337 sensuum
3298 1282 3537 1353 partitio,

1965 1378 2233 1447 quomodo
2263 1392 2416 1433 mens
2443 1391 2629 1432 eorum
2659 1390 2820 1446 opera
2852 1391 2974 1430 cum
3007 1375 3247 1429 externis
3266 1382 3537 1437 versatur,

1964 1482 2125 1539 atque
2173 1478 2397 1523 externa
2447 1468 2651 1538 excipit
2687 1485 2700 1521 :
2731 1468 3003 1538 quomodo
3055 1466 3258 1521 formas
3303 1467 3494 1538 recipit
3521 1486 3534 1499 -

1964 1579 2084 1632 qua:
2118 1572 2409 1631 assumptae
2443 1563 2519 1617 rei
2554 1561 2918 1625 conservatio,
2954 1560 3042 1615 vel
3088 1560 3346 1615 memoria
3378 1578 3393 1615 :
3420 1575 3540 1629 qua:

1965 1653 2162 1722 elapsae
2225 1652 2585 1723 recnperatio,
2633 1651 2719 1707 vel
2786 1650 3190 1707 reminiscentia
3226 1668 3240 1704 :
3271 1652 3539 1721 quomodo

1968 1758 2149 1798 sermo
2178 1745 2374 1797 mentis
2407 1742 2548 1797 fetus
2582 1750 2686 1806 est,
2723 1750 2884 1811 atque
2918 1741 2968 1793 in
2999 1741 3101 1794 alia
3124 1749 3303 1795 mente
3332 1755 3541 1796 sermo-

1970 1853 2094 1892 nem
2127 1846 2397 1904 procreat,
2424 1846 2479 1891 et
2512 1837 2784 1906 quomodo
2803 1835 3058 1905 cogitatio
3087 1849 3339 1890 sermone
3361 1835 3541 1889 distri-

1966 1928 2487 1998 buiturzquomodo
2545 1942 2741 1998 corpus
2795 1942 2893 1997 per
2950 1927 3187 1981 animam
3244 1927 3430 1994 alitur,
3483 1937 3541 1981 et

1966 2019 2238 2088 quomodo
2263 2019 2442 2073 anima
2469 2032 2563 2086 per
2598 2032 2796 2088 corpus
2823 2017 3107 2072 aliectuum
3141 2016 3412 2086 particeps
3441 2015 3535 2070 lit:

1969 2111 2238 2181 quomodo
2265 2125 2382 2163 eam
2425 2108 2587 2164 timor
2614 2109 2959 2179 constringit,
2991 2107 3321 2178 praeﬁdentia
3355 2106 3535 2167 solvit.

1968 2215 2170 2255 numer
2197 2201 2487 2263 contrahit,
2518 2200 2702 2255 laetitia
2734 2199 3004 2264 diffundit,
3038 2200 3175 2255 livor
3202 2199 3324 2254 tabe
3353 2199 3534 2263 amcit,

1969 2291 2134 2364 598
2161 2292 2412 2361 superbia
2441 2289 2615 2355 eﬂ'ert,
2649 2304 2772 2360 spes
2805 2290 2963 2360 erigit
2991 2291 3299 2360 :quomodo
3324 2290 3540 2346 iracun-

1966 2386 2052 2438 dia
2083 2399 2200 2438 eam
2236 2383 2290 2437 in
2314 2382 2548 2437 furorem
2581 2385 2713 2455 agit.
2744 2392 2797 2438 et
2824 2383 2996 2452 pudor
3023 2382 3220 2437 rubore
3253 2380 3534 2450 suffundit;

1970 2477 2085 2529 haec
2117 2474 2359 2544 quidem,
2399 2474 2689 2530 ebulliente
2727 2474 3009 2545 sanguine,
3059 2474 3146 2529 hic
3189 2489 3341 2541 vero,
3387 2489 3541 2530 rece-

1966 2566 2458 2635 dentezquomodo
2509 2566 2975 2634 perturbationum
3025 2565 3177 2635 signa
3223 2567 3540 2636 corporibus

1970 2659 2378 2728 imprimuntur;
2437 2657 2712 2727 quomodo
2760 2656 2901 2712 ratio
2954 2656 3230 2726 praesidet,
3266 2658 3540 2727 quomodo

1969 2750 2084 2804 haec
2119 2748 2298 2804 omnia
2349 2750 2486 2818 regit.
2521 2758 2577 2803 et
2620 2749 2949 2815 moderatur,
2983 2747 3375 2818 aﬂectuumque
3422 2763 3538 2803 mo-

1977 2853 2064 2900 tus
2110 2842 2243 2899 lenit
2286 2857 2350 2897 ac
2396 2842 2583 2908 sedat;
2620 2841 2888 2909 quomodo
2912 2856 2942 2894 a
2981 2840 3240 2911 sanguine
3271 2849 3326 2895 et
3362 2842 3538 2911 spira-

1970 2935 2135 2998 tione,
2176 2932 2253 2996 id,
2301 2932 2444 3001 quod
2493 2943 2720 3000 corpore
2766 2939 2945 2997 vacat,
2992 2939 3233 2997 tenetur;
3271 2933 3539 3002 quomodo

1967 3025 2161 3080 borum
2193 3022 2447 3087 defectio,
2485 3022 2680 3077 animae
2719 3021 2978 3077 discessio
3011 3031 3114 3077 est.
3151 3020 3299 3087 Htcc,
3320 3032 3412 3076 aut
3446 3025 3540 3079 bo-

1969 3130 2087 3170 rum
2140 3113 2364 3184 aliquid,
2429 3128 2465 3168 ο
2526 3113 2725 3177 homo,
2776 3112 3082 3182 cognitione
3139 3113 3539 3183 comprehende

1967 3207 2225 3278 (nondum
2260 3206 2405 3261 enim
2447 3205 2567 3260 cteli
2616 3215 2861 3259 naturam
2893 3214 2988 3258 aut
3017 3212 3242 3267 motum,
3271 3220 3369 3260 nec
3394 3205 3538 3260 side-

1967 3314 2086 3352 rum
2116 3297 2382 3364 ordinem,
2423 3312 2525 3351 nec
2556 3295 2945 3349 elementorum
2977 3293 3407 3361 permistionem,
3438 3309 3538 3349 nec

1966 3390 2320 3444 animantium
2380 3389 2715 3450 discrimina,
2760 3401 2859 3442 nec
2916 3375 3214 3442 ctialestiutn
3275 3387 3536 3442 virtutum

276 3497 469 3553 ναμιν.
1966 3479 2250 3534 inferiores
2288 3479 2486 3550 gradus
2523 3487 2580 3532 et
2620 3478 2982 3543 sublimiores,
3021 3485 3183 3547 atque
3229 3478 3434 3543 omnia,
3482 3477 3536 3531 in

282 3589 407 3642 quae
446 3571 641 3628 artifex
679 3574 819 3627 ratio
857 3572 1217 3636 distribuitur,
1263 3584 1366 3625 nec
1435 3571 1669 3643 denique
1753 3577 2103 3644 providentia!
2166 3569 2676 3646 gubernationisque
2728 3568 2965 3622 rationes
3024 3566 3538 3638 eommemoro):ac

278 3679 394 3721 tum
430 3668 665 3724 nondum
695 3669 893 3734 dicam,
938 3668 1120 3735 Aude;
1164 3683 1370 3733 verum,
1425 3670 1615 3725 Adhuc
1661 3675 1788 3727 time
1821 3676 1886 3727 ad
1926 3690 2006 3738 ea,
2039 3688 2159 3745 quae
2185 3668 2503 3728 sublimiora
2543 3676 2687 3732 sunt,
2720 3664 2971 3734 viresque
3028 3671 3147 3719 tuas
3185 3662 3355 3732 magis
3383 3677 3536 3732 supe-

277 3767 422 3824 runt,
455 3758 735 3815 accedere.

353 3853 490 3908 KH’.
530 3853 782 3907 Μάλιστα
826 3852 924 3923 μὲν
964 3851 1075 3925 γὰρ
1107 3850 1242 3924 (59).
1283 3853 1561 3923 γυμνασία
1605 3856 1703 3928 τῆς
1736 3859 1862 3930 περὶ

2038 3850 2275 3911 XXVIII.
2310 3850 2389 3904 Ac
2415 3847 2645 3903 maxime
2666 3844 2902 3915 quidem,
2936 3844 3009 3899 ita
3033 3854 3399 3914 comparatum
3423 3853 3531 3909 est,

277 3944 353 3999 τὰ
384 3945 554 4016 μείζω
581 3944 930 4014 φιλονεικίας,
965 3944 1111 4008 ἅπας
1151 3945 1307 4014 λόγος
1337 3947 1556 4018 δύσερις
1580 3949 1677 4003 καὶ
1714 3951 1862 4018 φιλό-

1967 3957 2024 4004 ut
2044 3946 2221 4003 omnis
2242 3956 2421 3998 sermo
2448 3939 2821 3996 contentiosus
2855 3945 2909 3993 et
2933 3951 3058 3992 cum
3089 3937 3381 3992 ambitione
3409 3951 3535 3992 cou-

277 4052 444 4106 τιμος
477 4034 623 4105 (60)°
660 4035 757 4089 καὶ
796 4034 896 4097 δεῖ,
936 4034 1188 4107 καθάπερ
1230 4036 1358 4099 τοὺς
1391 4037 1588 4100 παῖδας
1631 4038 1862 4093 πλάττο-

1967 4045 2198 4113 iunctus,
2227 4036 2544 4095 exercitatio
2574 4036 2817 4105 quaedam
2841 4036 2933 4098 sit,
2965 4047 3068 4104 qua
3103 4034 3170 4088 ad
3204 4033 3532 4088 contenden-

284 4144 388 4199 μεν
425 4128 482 4179 ὲν
506 4128 616 4190 τοῖς
646 4125 881 4198 πρώτοις
912 4127 1118 4197 ἤθεσιν,
1162 4127 1247 4179 ἵνα
1279 4127 1377 4199 τὴν
1408 4127 1631 4201 ὕστερον
1660 4132 1831 4204 μοχθη

1967 4138 2090 4190 dum
2122 4134 2188 4188 de
2215 4132 2375 4187 rebus
2403 4126 2667 4198 gravioris
2702 4125 2955 4181 momenti
2990 4125 3369 4193 proveltamur.
3404 4123 3535 4178 Pro-

286 4220 414 4291 ρίαν
442 4218 687 4288 φύγωσιν
705 4236 719 4248 ·
747 4218 890 4271 οῦτω
911 4220 976 4290 δὴ
1011 4220 1103 4272 καὶ
1131 4219 1242 4289 (61)
1271 4219 1349 4290 τῷ
1377 4220 1539 4291 λόγῳ,
1569 4222 1705 4292 μηδὲ
1732 4225 1859 4294 περὶ

1967 4226 2092 4281 inde
2113 4223 2269 4279 nobis
2304 4237 2451 4276 curae
2482 4234 2603 4275 esse
2619 4217 2795 4283 debet,
2822 4228 2883 4272 ut
2914 4216 3366 4287 quemadmodum
3400 4233 3532 4288 pue-

277 4310 356 4363 τά
393 4310 564 4381 μικρά
601 4310 889 4380 φαίνεσθαι
915 4311 1120 4381 θρασὺν
1153 4312 1248 4364 καὶ
1290 4312 1632 4378 ἀπαίδευτον,
1662 4314 1748 4367 ἵνα
1784 4316 1859 4385 μὴ

1970 4332 2059 4373 ros
2089 4316 2142 4370 in
2176 4314 2367 4384 primis
2406 4313 2645 4368 moribus
2674 4321 2729 4366 et
2773 4311 2946 4379 prima
2998 4310 3332 4366 institutione
3379 4311 3537 4381 ﬁngi-

282 4405 419 4475 περὶ
465 4402 534 4456 τά
584 4400 755 4474 μείζω
798 4405 865 4473 τῇ
913 4402 1113 4475 μελέτῃ
1164 4403 1664 4475 καταχρησώμεθα.
1706 4405 1862 4476 Ῥᾷον

1970 4422 2110 4475 mus,
2142 4416 2200 4460 ut
2236 4403 2569 4475 insequentis
2606 4400 2780 4456 aetatis
2836 4399 3235 4469 improbitatem
3282 4401 3532 4472 fugiant;

278 4496 398 4565 γὰρ
428 4494 524 4548 ἀπ’
565 4494 740 4566 ἀρχῆς
784 4492 859 4564 μὴ
896 4492 1136 4546 ἐνδοῦναι
1181 4494 1367 4566 κακίᾳ.
1398 4494 1492 4547 καὶ
1534 4493 1862 4565 προσιοῦσαν

1972 4496 2046 4551 ita
2085 4510 2184 4551 nos
2210 4506 2426 4565 quoque
2454 4508 2521 4548 ne
2552 4493 2605 4547 in
2645 4491 2852 4548 levibus
2886 4491 3105 4564 quidem
3134 4494 3390 4563 parvique
3422 4509 3535 4548 mo-

277 4588 587 4656 διαφυγεῖν,
632 4585 667 4656 ἢ
721 4585 1118 4654 προϐαίνουσαν
1170 4585 1439 4654 ἀνακόψαι
1487 4586 1582 4640 καὶ
1634 4586 1862 4656 φανῆναι

1975 4587 2139 4644 menti
2172 4584 2649 4657 disputationibus,
2676 4585 2914 4640 audaciae
2941 4594 3103 4654 atque
3131 4585 3343 4655 ineptiae
3361 4586 3534 4655 signi-

281 4678 492 4750 ταύτης
539 4677 842 4748 ἀνώτερον
875 4675 1062 4749 ὥσπερ
1100 4675 1194 4729 καὶ
1228 4676 1434 4747 πέτραν
1474 4676 1585 4747 (62)
1626 4677 1720 4729 ἀπ’
1760 4677 1859 4748 ἀρ-

1973 4677 2279 4733 ﬁcationem
2304 4677 2655 4747 prtebeamus,
2687 4690 2755 4729 ne
2782 4689 2843 4729 ea
2876 4676 3086 4730 tandem
3128 4675 3379 4730 diuturna
3411 4690 3533 4731 con-

280 4770 389 4843 χῆς
434 4771 641 4841 ἐρεῖσαι
696 4769 791 4822 καὶ
847 4769 1165 4838 κατασχεῖν,
1212 4767 1244 4840 ἢ
1290 4767 1598 4839 φερομένην
1650 4767 1862 4822 ἀνώσα-

1970 4767 2257 4822 suetudine
2297 4765 2349 4820 in
2382 4764 2677 4835 majoribus
2706 4766 3011 4820 abutamur.
3043 4763 3262 4819 Minoris
3280 4763 3422 4819 enim
3453 4762 3531 4816 la-

282 4864 413 4917 σθαι
447 4861 579 4933 (63).
614 4862 679 4915 Εἰ
706 4861 762 4913 δὲ
803 4859 1204 4931 ἀπληστότερος
1242 4856 1312 4925 εἷ,
1352 4861 1444 4913 καὶ
1476 4858 1727 4930 κατέχειν
1759 4860 1860 4930 τὴν

1969 4857 2117 4914 boris
2162 4864 2248 4912 est
2294 4857 2527 4927 primum
2568 4854 2895 4923 improbitati
2924 4870 3030 4910 non
3065 4855 3282 4920 cedere,
3314 4866 3378 4908 ac
3409 4867 3527 4909 eam

1961 5039 2274 5104 ὑποϐἀσεις.

2030 5110 2142 5180 (58)
2180 5109 2621 5180 Δημιουρτικός.
2656 5107 2789 5180 Reg.
2817 5108 2880 5180 h1
2900 5104 3249 5180 δημιουργός.

2031 5173 2143 5250 (59)
2168 5173 2316 5250 Γάρ.
2363 5173 2522 5235 Deest
2556 5173 2611 5233 in
2645 5173 2814 5250 trib'us
2849 5173 3039 5246 uegg.,
3068 5173 3242 5250 (ξιον.
3267 5173 3315 5229 I.

2171 5244 2508 5318 Φιλότιμος.
2540 5249 2634 5305 0r.
2656 5249 2683 5302 1
2705 5249 2772 5302 ad
2805 5244 2999 5316 marg},
3024 5244 3344 5315 φιλόνεικος,
3361 5260 3381 5295 ι
3400 5256 3525 5297 con-

1962 5330 2246 5375 tentiosus.
2276 5336 2296 5368 ι

1999 5387 2144 5470 ,(61)
2170 5388 2302 5443 Καί.
2335 5386 2470 5459 Reg.
2497 5386 2553 5454 b,
2584 5386 2778 5452 Gabr.,
2806 5392 2859 5440 et
2883 5383 3097 5449 Comb.,
3126 5383 3248 5448 κᾶν,
3277 5402 3296 5436 ι
3332 5398 3527 5453 quam-

1960 5474 2146 5599 “5(6’2)
2169 5529 2419 5599 Πέτραν.
2452 5526 2543 5582 Sic
2579 5526 2760 5597 plures
2797 5522 2964 5595 Regg.
2996 5523 3161 5581 Coisl.
3195 5524 3246 5591 I,
3269 5533 3323 5582 et
3358 5522 3453 5581 0r.
3475 5520 3526 5577 I.

1961 5599 2017 5655 In
2040 5598 2159 5685 ﬁdi,
2182 5598 2482 5685 πέτραις.Δ
2600 5667 2636 5685 η
2678 5665 2688 5677 ⁸
2725 5665 2737 5685 '
2794 5668 2809 5685 Ι
2882 5667 2894 5685 ,
2968 5664 2980 5683 ν

1972 5747 1983 5761 1
2034 5667 2152 5741 (65)
2182 5665 2562 5724 ’Λνώσασθαι.
2599 5665 2762 5727 Coisl.
2793 5668 2840 5737 Ι,
2872 5665 3211 5721 ἀπώσασθαι.

650 5041 916 5111 ὁρίζεται.
955 5040 1048 5097 Sic
1076 5041 1320 5113 plerique
1360 5041 1518 5098 codd.
1555 5040 1613 5096 In
1644 5044 1752 5106 ed.,
1793 5040 1854 5094 οῦ

319 5128 600 5177 ωριςεται.

280 5132 600 5185 χωριςεται.

359 5182 473 5251 (52)
506 5182 616 5236 Kal
646 5181 817 5236 κινεῖ.
849 5179 1129 5252 θεοειγκαί
1152 5182 1204 5236 in
1243 5181 1379 5252 Reg.
1405 5182 1516 5236 bm.

358 5250 473 5322 (55)
505 5253 567 5306 '0
592 5253 741 5317 νοῦς
762 5251 972 5322 ὁμιλεῖ.
1005 5251 1097 5306 Sic
1130 5254 1236 5307 duo
1272 5250 1460 5322 Regg.,
1489 5250 1654 5308 Coisl.
1679 5250 1705 5304 1
1729 5252 1854 5316 et2,

280 5320 383 5378 0r.
408 5320 462 5382 1,
490 5333 544 5378 et
572 5322 763 5377 Comb.
800 5320 859 5374 In
884 5323 970 5375 ed.
1003 5323 1170 5388 deest,
1192 5325 1221 5375 ὁ
1247 5321 1392 5385 νοῦς.

358 5390 472 5462 (54)
507 5391 856 5462 Διαδίδοται.
893 5392 1005 5445 Duo
1037 5391 1231 5461 ﬂegg.,
1259 5391 1478 5446 δίδοται.

357 5460 473 5526 (55)
510 5462 805 5531 Τρέφεται.
839 5461 897 5515 In
918 5460 1223 5528 nonnullis,
1257 5462 1584 5531 στρέφεται,
1629 5479 1649 5512 ι
1684 5460 1853 5516 verti-
1900 5502 1904 5507 .

277 5541 398 5594 wr,
426 5541 686 5589 movetur.
715 5549 736 5582 ι

382 5600 474 5672 5ῤ)
509 5600 763 5672 Θάρσος.
795 5599 948 5672 Κεὶςζ
961 5602 1075 5669 bm,
1110 5610 1165 5659 et
1188 5599 1455 5663 Combef.,
1488 5601 1706 5672 θρᾶσος.

382 5670 476 5741 57)
514 5670 896 5737 Ὑποϐάσεις.
916 5670 1008 5730 Sic
1034 5673 1275 5743 plerique
1302 5673 1458 5728 codd.
1500 5670 1557 5726 In
1602 5676 1724 5738 ed.,
1761 5671 1854 5723 καὶ
