3910 6214
440 272 545 332 207

1635 276 1691 332 S.
1733 275 2057 334 GREGORII
2097 276 2444 333 THEOLOGI

3574 283 3683 340 9.08

444 390 787 447 accedentem
835 392 1039 460 fugere,
1075 404 1237 461 quam
1280 405 1617 462 prOgressam
1656 392 1994 454 exscindere,

2106 392 2255 446 νόσον
2299 393 2615 455 άδυνατεῖς,
2659 390 2831 445 ταῦτα
2880 392 3117 462 μελέτα,
3166 392 3224 445 ἐν
3274 392 3486 458 τούτοις
3528 394 3682 450 τσθν

443 500 608 554 seque
633 499 696 538 ea
729 485 1058 553 superiorem
1097 485 1504 554 praebereznon
1552 497 1710 537 secus
1756 483 1997 537 videlicet

2110 482 2385 537 κενούσθω
2432 499 2515 536 σοι
2564 482 2688 555 (64)
2736 483 2797 535 τὸ
2856 484 3137 556 φιλότιμον
3186 485 3244 537 ἐν
3289 488 3403 549 τοῖς
3457 486 3684 541 ἀκινδύ-

443 591 508 630 ac
541 574 748 630 facilius
794 584 877 628 est
933 586 1138 643 petram
1194 574 1344 629 initio
1384 573 1603 628 ﬁrmare
1645 582 1701 629 et
1745 573 2000 638 retinere,

2115 587 2241 639 νοις.

442 680 602 737 quam
644 675 897 741 ruentem
931 680 1144 719 sursum
1183 663 1482 719 retrahere.
1528 662 1623 717 Sin
1690 672 1868 716 autem
1924 674 2030 717 tam
2077 663 2365 720 immodico
2409 676 2465 721 et
2526 665 2834 736 inexplebili
2884 666 3187 737 disputandi
3238 667 3416 720 studio
3455 665 3680 736 ﬂagres,

442 771 541 809 nec
572 757 814 809 morlmm
846 757 1037 810 sistere
1064 769 1127 809 ac
1160 754 1454 823 reprimere
1517 763 1688 821 potes,
1757 754 1872 808 haec
1939 755 2220 823 meditare,
2264 756 2317 810 in
2360 756 2443 811 his
2480 766 2645 811 esto:
2679 756 3024 812 ambitionem
3071 758 3226 812 istam
3276 758 3327 811 in
3372 757 3438 812 iis
3483 758 3669 821 rebus,

441 843 496 896 in
522 844 714 907 quibus
745 842 965 912 periculi
997 842 1129 896 nihil
1162 841 1367 907 subest,
1405 839 1636 897 ell'uude.

509 934 702 990 XXIX.
742 935 894 1001 Quod
925 935 969 989 si
1005 934 1104 990 hoc
1129 934 1405 1003 repudies,
1437 948 1536 989 nec
1578 933 1813 1003 linguam
1845 938 2001 994 freno

440 1041 707 1092 coercere,
756 1025 1028 1094 animique
1074 1026 1333 1095 impetum
1384 1025 1631 1098 frangere
1673 1043 1738 1084 ac
1775 1033 2004 1102 compri-

440 1133 585 1174 mere
615 1129 789 1187 potes,
825 1120 916 1173 sed
942 1117 1035 1171 tibi
1072 1116 1251 1171 furere
1301 1127 1465 1187 atque
1504 1119 1743 1174 insanire
1786 1129 2000 1177 certum

439 1219 544 1274 est,
568 1224 630 1263 ac
666 1209 854 1278 primis
885 1208 1235 1278 potestatibus
1263 1209 1484 1264 minime
1528 1211 1720 1267 cedere
1772 1210 1896 1283 (nisi
1927 1222 2001 1268 ta-

442 1316 562 1353 men
605 1300 673 1354 iis
715 1314 927 1370 quoque
964 1299 1288 1368 cognitionis
1328 1301 1516 1355 modus
1556 1303 1683 1371 est),
1734 1303 2001 1373 altiusque

443 1391 606 1464 599
633 1392 851 1444 omnino
874 1406 1174 1460 assurgere,
1203 1406 1364 1460 quam
1393 1407 1460 1445 ex
1488 1392 1721 1449 utilitate
1761 1403 1851 1448 tua
1884 1398 1955 1450 sit
1982 1414 1996 1451 :

443 1496 497 1538 at
532 1483 659 1538 illud
705 1482 893 1537 saltem
930 1483 1022 1538 tibi
1076 1483 1301 1552 impera,
1334 1492 1391 1536 ut
1450 1483 1669 1539 fratrem
1721 1503 1824 1541 non
1880 1504 2005 1542 con-

439 1577 685 1638 demnes,
716 1585 817 1627 nec
859 1573 1131 1627 timiditati
1165 1573 1456 1643 impietatis
1488 1591 1683 1630 nomen
1723 1578 1993 1648 imponas,

438 1680 535 1720 nec
583 1674 785 1720 temere
837 1678 901 1718 ac
937 1665 1197 1734 ρι’ωείρὶιί
1246 1664 1449 1735 judicio
1482 1681 1604 1721 eum
1646 1671 1995 1735 condemnes,

2168 936 2298 992 ΚΘ.
2339 935 2412 988 Οὐ
2449 933 2579 1006 δέχῃ
2623 932 2800 999 τοῦτο,
2841 933 2962 986 οὐδὲ
2990 934 3023 1003 ἡ
3056 931 3279 1001 γλῶσσά
3329 950 3421 986 σου
3460 932 3683 1003 χαλινὸν

2100 1027 2240 1098 ἔχει,
2290 1026 2411 1079 οὺδέ
2445 1025 2711 1097 κρείττων
2744 1019 2796 1077 εἴ
2840 1025 2940 1095 τῆς
2972 1026 3163 1094 φορᾶς,
3209 1024 3376 1078 δεῖδὲ
3427 1027 3681 1079 ἀπονοεῖ-

2101 1117 2227 1170 σθαι
2284 1116 2523 1178 πάντως,
2565 1113 2665 1167 καὶ
2721 1114 2844 1176 ταῖς
2888 1112 3132 1183 πρώταις
3160 1112 3421 1182 δυνάμεσι
3463 1113 3537 1184 μὴ
3579 1113 3686 1181 ὑφ-

2106 1207 2311 1272 ίεσθαι,
2353 1206 2515 1277 εἴπερ
2548 1204 2623 1276 μὴ
2669 1204 2952 1267 κάκείναις
3002 1203 3114 1275 (65)
3163 1203 3359 1275 μέτρον
3405 1205 3521 1256 ἐστὶ
3580 1202 3683 1275 τῆς

2099 1298 2377 1369 γνώσεως,
2408 1296 2504 1350 καὶ
2543 1296 2707 1351 πλέον
2742 1294 2854 1368 (66)
2898 1292 3038 1350 εἶναι
3082 1296 3275 1367 μέγαν,
3312 1294 3345 1364 ἢ
3379 1295 3503 1348 ὅσον
3537 1312 3681 1366 συμ-

2103 1392 2264 1463 φέρον
2294 1389 2434 1462 (67)’
2467 1390 2531 1442 σὺ
2560 1389 2618 1442 δέ
2650 1388 2727 1460 μὴ
2761 1388 3093 1462 κατακρίνῃς
3120 1388 3211 1441 τὸν
3251 1387 3500 1456 ἀδελφὸν,
3542 1387 3683 1459 μηδὲ

2099 1483 2198 1554 τὴν
2234 1483 2435 1536 δειλίαν
2474 1481 2729 1535 ἀσέϐειαν
2754 1480 3065 1551 κόνομάσῃς,
3105 1479 3237 1551 μηδέ
3270 1478 3511 1550 ἀπέλθῃς
3545 1496 3683 1550 προ-

2101 1571 2278 1636 πετῶς
2308 1573 2615 1641 καταγνοὺς
2643 1610 2658 1636 ,
2702 1570 2735 1643 ἢ
2788 1571 3057 1639 ἀπογνοὺς
3107 1569 3247 1641 (68),
3290 1571 3319 1622 ὁ
3356 1570 3455 1643 τὴν
3503 1572 3680 1624 ἐπιεί-

2097 1679 2253 1717 κειαν
2312 1661 2764 1733 ὑπισχνούμενος.
2826 1662 2966 1715 Ἀλλ’
3027 1662 3261 1716 ἐνταῦθά
3328 1679 3419 1733 μοι
3475 1660 3679 1732 φάνηθι

434 1765 528 1808 aut
546 1755 769 1810 salutem
800 1756 918 1823 ejus
946 1770 1041 1824 pro
1070 1756 1350 1823 desperata
1379 1756 1583 1811 habens
1608 1758 1873 1823 discedas,
1903 1761 1990 1829 qui

2106 1755 2369 1819 ταπεινὸς,
2401 1754 2505 1817 ἐως
2537 1754 2746 1820 ἔξεστιν
2766 1768 2781 1784 ο
2814 1751 3048 1806 ἐνταῦθα
3090 1753 3181 1806 τὸν
3227 1752 3452 1821 ἀδελφὸν
3486 1753 3680 1824 προτί-

434 1846 597 1899 animi
640 1844 949 1898 facilitatem
992 1859 1054 1898 ac
1101 1861 1307 1899 mormn
1346 1847 1669 1901 suavitatem
1704 1850 1994 1916 proﬁteris.

434 1938 573 2003 Quin
597 1937 793 2007 potius,
830 1936 918 1990 hic
947 1937 1200 1990 humilem
1241 1948 1291 1990 te
1314 1938 1512 2006 prtclie,
1549 1939 1674 1991 dum
1701 1939 1830 1994 licet
1863 1957 1877 1994 :
1908 1942 1995 1996 hic

435 2028 579 2080 nullo
600 2042 720 2080 cum
754 2036 842 2082 tuo
865 2028 1188 2082 detrimento
1211 2027 1428 2083 fratrem
1458 2028 1553 2084 tibi
1580 2041 1872 2099 antepone,
1903 2033 1995 2087 ubi

435 2120 794 2173 condemnare
828 2128 882 2172 et
915 2130 1279 2182 contemnere,
1320 2119 1455 2173 nihil
1475 2121 1618 2175 aliud
1649 2130 1751 2185 est,
1776 2139 1937 2192 quam
1965 2139 1997 2178 a

433 2206 673 2271 Christo,
717 2222 783 2262 ac
823 2207 934 2262 sola
975 2223 1070 2278 spe
1100 2208 1316 2276 ejicere,
1357 2221 1517 2278 atque
1565 2214 1878 2278 exturbare,
1902 2228 1997 2269 oc-

432 2299 744 2369 cultumque
768 2300 1029 2366 triticum,
1068 2310 1122 2353 et
1159 2300 1378 2369 quidem
1405 2301 1647 2355 triticum
1672 2301 1906 2358 fortasse
1940 2314 1992 2360 te

434 2391 798 2460 praestantius,
831 2406 932 2445 una
983 2406 1104 2445 cum
1156 2392 1381 2446 zizaniis
1415 2394 1731 2449 exscindere
1746 2394 1815 2449 ⁸⁷.
1847 2393 1997 2450 Hanc

432 2484 696 2537 rationem
730 2495 871 2547 tene,
901 2493 959 2537 ut
992 2483 1137 2537 illum
1168 2485 1382 2553 quidem
1418 2486 1677 2555 corrigas,
1713 2487 1872 2556 idque
1920 2488 1997 2543 le-

431 2575 577 2629 niter
613 2583 666 2629 et
693 2574 946 2636 humane;
975 2588 1083 2627 non
1120 2585 1178 2628 ut
1214 2575 1401 2636 hostis,
1440 2591 1541 2629 nec
1565 2586 1621 2629 ut
1646 2579 1813 2632 durus
1840 2586 1896 2633 et
1924 2579 1997 2631 ri-

431 2666 587 2736 gidus
620 2666 877 2729 medicus,
915 2679 1012 2718 nec
1039 2674 1095 2717 ut
1123 2666 1456 2719 sectionibus
1509 2676 1713 2720 tantum
1736 2679 1788 2722 et
1813 2679 1998 2722 caute-

430 2755 528 2809 riis
550 2755 807 2809 adversus
837 2754 1081 2808 morbum
1109 2754 1344 2822 grassari
1393 2754 1606 2821 sciens;
1637 2756 1860 2824 leipsum
1896 2773 1996 2810 au-

429 2856 560 2911 tem,
593 2860 656 2901 ac
690 2856 833 2899 tuam
878 2845 1243 2899 infirmitatem
1286 2859 1566 2914 agnoscas.
1601 2845 1738 2913 Quid
1777 2847 1919 2900 enim
1951 2850 1995 2902 si

430 2935 774 3006 lippientibus
824 2936 1010 2997 oculis.
1065 2944 1157 2989 aut
1208 2936 1313 2990 alio
1334 2937 1584 3005 quapiam
1633 2939 1820 2992 inorbo
1849 2938 1998 2993 labo-

429 3028 702 3091 tantibus,
738 3029 1025 3081 obscurum
1060 3027 1225 3081 solem
1257 3027 1533 3096 aspicias?
1567 3027 1706 3094 Quid
1736 3028 1781 3081 si
1808 3028 1988 3083 omnia

428 3119 566 3173 verti
612 3133 675 3172 ac
717 3133 929 3171 sursum
974 3117 1336 3187 deorsumque
1364 3118 1491 3172 ferri
1523 3128 1701 3187 putes,
1730 3119 1843 3188 ipse
1873 3136 1996 3172 nau-
2024 3098 2066 3155 (ἶ

2102 1862 2293 1916 μησον,
2328 1844 2404 1916 μὴ
2436 1844 2574 1915 μετὰ
2611 1845 2710 1912 τῆς
2739 1842 2962 1897 σεαυτοῦ
2991 1843 3215 1913 βλάϐης,
3258 1842 3387 1897 ἔνθα
3413 1842 3475 1896 τὸ
3506 1860 3680 1896 κατα-

2097 1940 2279 2008 κρῖναι
2329 1938 2425 1990 καὶ
2478 1936 2777 2001 ἀτιμάσαι,
2823 1934 3072 1989 ἐκϐαλεῖν
3123 1936 3239 1988 ἐστι
3293 1934 3530 2007 Χριστοῦ
3582 1935 3681 1988 καὶ

2096 2030 2197 2098 τῆς
2247 2027 2413 2099 μόνης
2449 2027 2690 2093 ἐλπίδος,
2733 2027 2829 2079 καὶ
2873 2029 2963 2082 τὸν
3009 2026 3337 2080 λανθάνοντα
3380 2029 3546 2092 σῖτον,
3581 2026 3681 2079 καὶ

2096 2122 2244 2174 σῖτον
2296 2118 2424 2182 ἴσως
2478 2136 2570 2171 σου
2613 2117 2956 2190 τιμιώτερον,
2999 2118 3327 2187 συνεκκόψαι
3369 2122 3481 2183 τοῖς
3523 2117 3679 2184 ζιζα-

2096 2212 2251 2274 νίοις.
2293 2209 2453 2264 Ἀλλὰ
2498 2211 2558 2263 τὸ
2607 2210 2725 2279 μὲν,
2765 2210 2972 2263 ἐκεῖνον
3029 2207 3351 2279 διόρθωσαι,
3393 2208 3682 2263 καὶτοῦτο

2097 2302 2287 2373 πράως
2329 2302 2424 2355 καὶ
2476 2295 2890 2371 φιλανθρώπως,
2931 2298 3006 2371 μὴ
3053 2300 3129 2363 ὡς
3172 2299 3383 2371 ἐχθρὸς,
3433 2299 3568 2370 μηδέ
3601 2300 3680 2364 ὡς

2094 2392 2369 2463 ἀπότομος
2422 2392 2637 2464 ἰατρὸς,
2681 2391 2816 2462 μηδὲ
2845 2391 2921 2454 ὡς
2953 2391 3067 2461 (υ9)
3103 2390 3161 2445 ἓν
3188 2392 3346 2445 τοῦτο
3394 2392 3553 2463 μόνον
3601 2396 3681 2447 εί-

2095 2482 2202 2547 δὼς
2233 2483 2332 2554 τὴν
2370 2483 2565 2536 καῦσιν
2600 2483 2695 2537 καὶ
2726 2482 2824 2553 τὴν
2856 2484 3058 2553 τομήν
3102 2483 3164 2536 τὸ
3195 2483 3274 2547 δὲ,
3310 2484 3538 2539 σεαυτοῦ
3577 2503 3681 2540 κα·-

2095 2573 2355 2642 τάγνωθι,
2394 2573 2489 2626 καὶ
2520 2574 2620 2644 τῆς
2650 2571 2931 2636 ἀσθενείας
2957 2572 3057 2642 τῆς
3095 2572 3214 2643 σῆς.
3244 2573 3309 2627 Τί
3340 2574 3449 2647 γὰρ
3492 2577 3539 2629 εἰ
3582 2576 3682 2646 λη.-

2099 2663 2237 2735 μῶν,
2284 2665 2324 2737 ἢ
2371 2664 2500 2718 ἄλλο
2535 2664 2647 2735 (70)
2695 2681 2750 2716 τι
2805 2663 3031 2732 πάσχων
3078 2663 3176 2725 τὰς
3227 2662 3401 2733 ὄψεις,
3434 2666 3679 2737 ἀμυδρὸν

2097 2756 2312 2826 βλέπεις
2367 2756 2457 2809 τον
2518 2756 2703 2827 ἦλιονς
2748 2755 2813 2808 Τί
2867 2754 2957 2807 δαὶ
2996 2756 3045 2806 εί
3105 2755 3434 2826 στρέφεσθαί
3486 2774 3567 2811 σοι
3613 2757 3679 2810 τὸ

2096 2848 2205 2900 πᾶν
2234 2847 2413 2912 δοκεῖ,
2439 2845 2725 2900 ναυτιῶντι
2747 2845 2927 2916 τυχὸν,
2961 2846 2995 2916 ἢ
3019 2844 3292 2916 μεθύοντι,
3324 2847 3418 2900 καὶ
3441 2847 3539 2919 τὴν
3577 2848 3682 2921 σὴν

2096 2936 2315 3005 ἄγνοιαν
2372 2937 2573 3006 ἐτέρων
2631 2935 3074 3006 ὑπολαμϐάνεις;
3127 2935 3307 2990 Πολλὰ
3357 2937 3439 2990 δεῖ
3504 2955 3675 3008 στρα-

2101 3027 2266 3096 φῆναι
2317 3026 2412 3080 καὶ
2454 3026 2668 3091 παθεῖν,
2705 3025 2834 3096 πρὶν
2885 3023 3044 3078 ἄλλου
3083 3023 3425 3093 καταγνῶναι
3482 3025 3677 3079 δυσσέ-

2100 3121 2270 3175 6ειαν.

432 3225 525 3264 sea
589 3220 889 3276 correptus,
956 3218 1050 3261 aut
1089 3208 1214 3261 vino
1263 3210 1510 3274 obrutus,
1565 3210 2034 3280 ignorantiamque
2071 3220 2219 3267 tuam
2248 3212 2368 3268 aliis
2443 3210 2750 3268 attribuas?
2783 3210 3005 3266 Multum
3038 3211 3237 3280 diuque
3280 3222 3409 3268 ante
3456 3226 3680 3267 versan-

431 3302 531 3355 dus
573 3311 733 3369 atque
776 3302 1214 3367 contorquendus
1240 3309 1322 3354 est
1350 3301 1583 3365 animus,
1616 3301 1784 3355 multa
1821 3303 2064 3373 ferenda,
2094 3321 2254 3376 quam
2283 3317 2340 3361 ut
2373 3305 2536 3359 alium
2564 3304 2859 3373 impietatis
2888 3303 3228 3356 damnemus.

503 3390 675 3445 XXX.
716 3388 833 3444 Non
872 3390 1011 3443 idem
1046 3400 1133 3443 est
1163 3391 1413 3459 stirpem,
1443 3400 1536 3444 aut
1569 3392 1783 3446 brevem
1807 3409 2002 3463 quein-

434 3483 557 3537 dam
605 3492 661 3537 et
697 3483 959 3536 caducum
1000 3480 1183 3535 liorem
1224 3483 1477 3549 evellere,
1529 3495 1693 3554 atque
1723 3486 1997 3542 hominem

433 3572 775 3625 exscindere.
807 3569 989 3641 Imago
1016 3569 1109 3626 Dei
1138 3587 1223 3638 es,
1249 3582 1303 3627 et
1331 3574 1623 3643 imaginem
1656 3590 1870 3645 quoque
1909 3577 2000 3632 Dei

432 3662 759 3730 alloqueris,
823 3673 987 3731 tuque
1019 3663 1111 3732 qui
1141 3664 1377 3732 judicas,
1422 3665 1534 3733 ipse
1566 3666 1892 3736 judicabcris
1916 3669 1999 3735 '°;

432 3763 488 3808 et
534 3751 754 3821 quidem
815 3751 1049 3805 alienum
1107 3767 1325 3807 servum
1373 3752 1681 3823 judicas”,
1731 3766 1787 3811 et
1840 3772 2000 3826 quem

434 3842 573 3895 alius
603 3840 940 3894 moderatur.
974 3841 1064 3895 Sic
1104 3840 1329 3897 fratrem
1363 3855 1513 3898 tuum
1570 3845 1808 3915 explora,
1847 3848 2000 3916 quasi

433 3930 548 3998 ipse
570 3927 638 3983 ad
675 3927 920 3983 wmdem
961 3942 1266 3984 mensuram
1293 3933 1689 4002 expendendus.
1714 3936 1998 4003 Quocirca,

434 4034 505 4074 ne
536 4020 645 4074 cito
670 4034 735 4074 ac
763 4028 965 4076 temere
992 4021 1291 4076 membrum
1321 4039 1474 4080 seces
1494 4041 1557 4080 ac
1580 4027 1849 4095 projicias,
1877 4045 1998 4084 cum

435 4112 701 4166 incertum
742 4113 838 4177 sit,
877 4128 947 4166 an
986 4112 1089 4167 hac
1137 4113 1349 4170 ratione
1391 4128 1574 4186 partes
1610 4134 1824 4188 quoque
1856 4134 2000 4175 sanie

432 4204 728 4274 perniciem
761 4205 996 4276 aliquam
1031 4217 1393 4264 contracturae
1419 4211 1550 4266 sint.
1581 4211 1779 4266 Verum
1810 4227 2001 4283 argue,

431 4296 674 4364 increpa,
700 4297 925 4351 obsecra
957 4298 999 4352 ⁸.
1033 4297 1208 4354 Habes
1237 4302 1517 4357 medicina:
1548 4303 1815 4373 regulam.
1842 4305 2001 4359 Chri-

432 4389 500 4441 sti
533 4388 827 4457 discipulus
862 4404 944 4452 es,
994 4392 1141 4445 mitis
1167 4407 1232 4446 ac
1262 4393 1478 4463 benigni
1508 4395 1550 4460 ³,
1583 4405 1636 4448 et
1663 4397 1754 4467 qui
1786 4406 1999 4454 nostras

434 4479 775 4536 infirmitates
815 4484 1113 4546 portavit'.
1164 4485 1219 4538 Si
1257 4486 1489 4553 primum
1519 4487 1845 4552 obluctetur,
1871 4488 2001 4543 leni-

433 4581 517 4625 ter
548 4581 840 4642 exspecta:
869 4576 913 4627 si
956 4576 1219 4644 secundo,
1259 4592 1326 4631 ne
1375 4593 1527 4645 spem
1571 4580 1827 4647 abjicias;
1864 4596 1999 4635 non-

432 4663 557 4716 dum
590 4663 731 4716 enim
761 4664 1059 4720 curationis
1095 4676 1305 4735 tempus
1327 4668 1566 4736 eliluxit;
1606 4674 1651 4725 si
1688 4674 1867 4739 tertio,
1902 4675 1998 4728 be-

509 4782 553 4812 "
584 4781 768 4834 Matth.
812 4797 931 4847 xm,
975 4781 1066 4837 27.
1162 4782 1210 4817 ⁸⁸
1249 4783 1439 4841 Matth.
1482 4787 1656 4851 vu,‘l.
1761 4789 1807 4821 ’⁸
1834 4788 1990 4844 Rom.

432 4867 546 4907 Llll.
571 4851 639 4917 ὧς
669 4852 692 4905 ι
720 4851 864 4907 Petr.
894 4867 956 4917 ιι,
986 4853 1078 4906 24.

412 5007 419 5041 3
647 4986 767 5055 Σοι.
810 4982 943 5055 Reg.
966 4982 1031 5055 b,
1051 4991 1100 5035 el
1130 4983 1226 5055 Or.
1261 4983 1315 5047 1,
1339 4998 1453 5033 σου.

503 5049 617 5122 (65)
643 5054 828 5122 Εἴπερ
847 5053 932 5123 μὴ
966 5053 1291 5123 κάκείναις,
1324 5062 1451 5123 etc._
1465 5050 1621 5123 Deest
1653 5050 1727 5120 μή
1756 5050 1807 5123 in
1831 5049 1992 5123 Goisl.

436 5125 490 5188 l,
523 5120 752 5192 aliisque
783 5120 1077 5176 nonnullis.
1122 5123 1174 5175 Id
1201 5120 1399 5192 fatetur
1420 5120 1640 5185 Dillius;
1674 5120 1767 5172 sed
1803 5121 1996 5192 vulga-

438 5205 544 5246 tam
577 5187 863 5247 lectionem
916 5192 1153 5259 praefert.
1210 5191 1352 5244 Elias
1378 5206 1507 5244 vero
1560 5198 1743 5259 censet
1793 5187 1995 5258 Grego-

434 5263 574 5316 rium
622 5263 713 5316 hic
756 5257 1086 5333 aﬂirmanter
1116 5261 1514 5333 prornmciare,_
1541 5271 1598 5333 et
1648 5257 1817 5333 afri-eg
1854 5257 1993 5333 idem

435 5345 661 5393 sonare,
692 5346 756 5385 ac
797 5327 1133 5402 ἐπειδήπερ,
1161 5350 1180 5382 ‹
1213 5329 1652 5402 quandoquidem.
1703 5346 1720 5378 ι
1756 5327 1911 5402 Hinc,
1947 5329 1994 5402 si

436 5410 771 5470 expungatur
813 5398 1074 5469 particula
1115 5401 1382 5470 negativa,
1427 5399 1538 5468 μή,
1591 5399 1739 5451 locus
1783 5400 1884 5451 ista
1917 5398 1996 5451 sic

435 5469 574 5523 verti
605 5481 778 5537 potest
821 5486 835 5522 :
888 5488 908 5521 i
967 5469 1229 5539 siquidem
1269 5469 1368 5524 illa:
1407 5471 1743 5539 (potestates)
1791 5479 1994 5522 certam

436 5540 759 5608 cognitionis
794 5554 1097 5593 mensuram
1130 5541 1351 5595 habent.
1380 5557 1399 5589 ι

528 5607 846 5679 66)Πλέον,
877 5607 993 5663 Duo
1026 5609 1218 5679 Βρεμι,
1250 5611 1451 5663 πλεῖον.

504 5615 846 5747 ἓϐθζηλέον.
877 5615 993 5663 Duo
1026 5615 1218 5679 l{egg.,
1250 5615 1473 5692 πλεῖον..

530 5678 595 5732 67
649 5678 978 5748 Συμφέρον.
1021 5679 1135 5736 Duo
1151 5678 1350 5750 Begg.,
1381 5679 1544 5737 Corsl.
1564 5683 1587 5738 1
1606 5690 1661 5738 et
1691 5680 1747 5749 2,
1776 5681 1994 5756 aliique,

2030 4805 2145 4858 xxv,
2176 4791 2230 4845 4.

2176 3395 2258 3452 Λ’.
2298 3398 2412 3450 Οὐκ
2460 3395 2607 3450 ἐστιν
2659 3394 2771 3447 ἴσον
2815 3392 2982 3464 φυτὸν
3015 3396 3287 3464 ἐκτεμεῖν,
3337 3392 3372 3465 ἢ
3420 3392 3584 3461 ἄνθος
3621 3412 3683 3450 τι

2105 3487 2215 3544 τῶν
2253 3487 2624 3561 προσκαίρων,
2652 3485 2746 3541 καὶ
2775 3484 3076 3557 ἄνθρωπον.
3108 3484 3286 3539 Είκὼν
3308 3480 3360 3539 εἴ
3388 3485 3545 3553 Θεοῦ,
3580 3490 3678 3542 καὶ

2105 3582 2273 3634 εἰκόνι
2310 3579 2444 3633 Θεοῦ
2498 3579 2742 3651 διαλέγῃ,
2783 3578 2879 3630 καὶ
2925 3577 3085 3649 κρίνῃ
3132 3577 3294 3640 αὐτὸς
3333 3576 3443 3651 (71)
3486 3581 3515 3632 ὁ
3556 3579 3681 3650 κρί-

2105 3690 2243 3727 νων·
2279 3673 2374 3726 καὶ
2404 3672 2611 3744 κρίνεις
2654 3668 2932 3740 ἀλλότριον
2963 3669 3203 3740 οίκέτην,
3238 3669 3332 3723 καὶ
3357 3669 3416 3723 ὃν
3448 3671 3477 3722 ὁ
3518 3670 3681 3734 ἄλλος

2106 3768 2396 3836 οἰκονομεῖ.
2440 3763 2597 3817 Οὖτω
2635 3763 2896 3833 δοκίμαζε
2933 3762 3024 3816 τὸν
3059 3761 3284 3832 ἀδελφόν
3314 3779 3433 3828 σου,
3461 3763 3537 3825 ὡς
3584 3764 3680 3816 καὶ

2107 3857 2270 3920 αὐτὸς
2299 3859 2355 3909 ἐν
2389 3859 2502 3919 τοῖς
2544 3856 2726 3918 αὐτοῖς
2759 3854 2976 3926 μέτροις
3014 3853 3352 3925 κρινόμενος.
3381 3853 3479 3906 Διά
3519 3853 3685 3907 τοῦτο

2109 3946 2184 4018 μὴ
2215 3946 2422 4016 ταχέως
2447 3944 2639 4015 τέμῃς,
2676 3944 2810 4015 μηδὲ
2850 3942 3215 4016 άλλοτριὼσῃς
3248 3943 3308 3996 τὺ
3343 3943 3524 4014 μέλος,
3551 3944 3682 4015 ἄδη-

2106 4038 2216 4102 λον,
2240 4040 2289 4091 εί
2320 4038 2393 4109 μὴ
2427 4037 2515 4091 διὰ
2549 4039 2737 4091 τούτου
2772 4036 3127 4108 προσλυμανῇ
3156 4054 3208 4090 τι
3251 4037 3364 4108 (72)
3394 4037 3472 4107 τῷ
3500 4039 3681 4107 ὑγιαί-

2105 4146 2280 4185 νοντιο
2322 4129 2456 4183 ἀλλὰ
2501 4130 2844 4200 νουθέτησον,
2881 4128 3225 4199 ἐπιτίμησον,
3270 4129 3676 4199 παρακάλεσον.

2110 4222 2294 4290 Ἔχεις
2338 4221 2578 4292 ἰατρείας
2611 4219 2809 4273 κανόνα
2848 4219 2984 4290 (75).
3013 4217 3249 4290 Χριστοῦ
3297 4220 3544 4291 μαθητὴς
3594 4217 3679 4285 εἴ,

2102 4310 2199 4363 τοῦ
2250 4311 2424 4383 πράου
2481 4311 2574 4363 καὶ
2623 4308 3003 4380 φιλανθρώπου
3028 4348 3043 4373 ,
3096 4311 3191 4364 καὶ
3242 4309 3341 4375 τὰς
3396 4310 3685 4377 ἀσθενείας

2107 4403 2263 4474 ἡμῶν
2299 4404 2683 4474 βαστάσαντος.
2722 4404 2843 4456 Κᾶν
2871 4403 2934 4455 τὸ
2966 4404 3181 4475 πρῶτον
3212 4406 3423 4477 ἀντιὸᾔ,
3470 4424 3684 4480 μακρο-

2107 4494 2346 4564 θύμησον
2367 4513 2380 4526 ο
2418 4495 2520 4549 κᾶν
2554 4494 2616 4549 τὸ
2643 4495 2913 4565 δεύτερον,
2961 4496 3034 4567 μὴ
3068 4497 3406 4569 ὰπελπίσῃς,
3445 4499 3526 4551 ἔτι
3560 4518 3685 4553 και-

2109 4586 2200 4657 ρὸς
2241 4586 2565 4658 θεραπείας·
2601 4585 2703 4639 κᾶν
2743 4586 2805 4639 τὺ
2848 4587 3052 4658 τρίτον,
3094 4589 3250 4655 γενοῦ
3298 4589 3689 4661 φιλάνθρωπος-

2039 4692 2084 4747 ι)
2110 4677 2378 4749 γεωργός·
2414 4678 2494 4731 ἔτι
2539 4676 2634 4731 τοῦ
2698 4677 2971 4731 Δεσπότου
3014 4677 3265 4750 δεήθητι,
3311 4680 3385 4751 μὴ
3415 4680 3683 4752 ἐκκόψαι,

2342 4793 2359 4824 ¹
2394 4792 2436 4847 ll
2482 4793 2622 4847 Tim.
2646 4807 2725 4856 tv,
2763 4791 2818 4844 2.
2923 4791 3158 4847 ’Matth.
3202 4809 3280 4859 xl,
3318 4794 3406 4850 29.
3522 4796 3545 4829 ³
3571 4798 3680 4854 lsa.

2255 4985 2341 5024 vine

2411 5056 2736 5127 ἀπογνούς.
2784 5061 2916 5119 Tres
2965 5062 3160 5137 Regg.,
3205 5078 3259 5122 et
3292 5069 3444 5127 Orat.
3476 5073 3531 5138 1,
3579 5071 3687 5125 καὶ

2494 5196 2594 5280 ᾡς.
2731 5198 3072 5280 Regitts__bm.
3106 5205 3161 5259 ln
3192 5208 3302 5280 eil_.,
3335 5208 3528 5280 phiiig.

2100 5264 2375 5387 “(6:30:11
2396 5264 2572 5320 ἀλλο.
2625 5269 2717 5322 sic
2769 5264 2880 5327 tres
2929 5274 3119 5346 negg.,
3159 5288 3212 5331 et.
3243 5264 3347 5332 oi.‘
3380 5264 3431 5333 i".
3474 5264 3531 5334 ιή
3559 5282 3679 5349 θά..

2172 5404 2286 5524 $71)
2314 5403 2424 5457 Kal
2452 5406 2626 5505 κρίνῃ
2679 5408 2881 5475 αὐτός.
2936 5414 3026 5468 Sic
3070 5414 3247 5484 plures
3272 5419 3429 5473 codd.
3473 5419 3531 5474 In
3560 5420 3685 5489 οὐ..

2101 5490 2172 5544 κρ
2194 5491 2257 5544 νῃ
2278 5474 2372 5527 καὶ
2405 5491 2473 5527 αυ
2488 5476 2586 5539 ιός.

2173 5514 2724 5630 (ἦξῑῖίρδξῖῦίιανῇ
2754 5567 2829 5605 τι.
2861 5551 2976 5606 Duo
3007 5554 3199 5627 Regg.,
3234 5556 3385 5615 Orat.
3424 5559 3452 5616 1
3477 5599 3496 5627 ,
3536 5567 3689 5628 etc.,

2103 5629 2207 5684 προ
2213 5612 2306 5665 σλυ
2315 5612 2583 5683 iuvate-att.

2172 5683 2285 5755 (75)
2313 5685 2571 5742 Κανόνα.
2613 5687 2747 5761 Reg.
2788 5693 2898 5763 hm,
2923 5693 3172 5758 κανόνας.
