3910 6214
191 265 303 323 209

877 231 1139 328 ORATIC
1180 272 1397 331 XXXII.
1438 305 1508 315 ——
1546 272 1635 329 DE
1672 273 2179 330 MODERATIONE
2218 273 2285 330 ιΝ
2323 272 2778 330 DISPUTANDO.

3366 267 3474 323 210

199 393 340 466 μηδὲ
388 394 621 464 μισῆσαι
669 394 768 467 τὴν
827 395 1075 470 ἄκαρπον
1127 400 1298 472 συκῆν
1362 399 1457 454 καὶ
1512 401 1791 470 ἀνόνητον,

1912 400 2132 470 nignum
2193 399 2342 454 illum
2387 411 2443 454 et
2498 399 2837 455 humanitate
2874 393 3155 464 praeditum
3182 389 3474 460 agricolam

193 486 311 541 ἀλλ’
338 486 690 558 ἐπιστρέψαι,
735 489 831 542 καὶ
880 489 1239 562 θεραπεῦσαι,
1274 494 1370 548 καὶ
1415 494 1531 565 (74)
1572 494 1794 564 περιϐα-

195 576 308 630 λεῖν
343 576 570 649 κόπρια,
617 578 719 650 τὴν
748 579 816 632 δι’
860 579 1290 653 ἐξαγορεύσεως,
1334 583 1431 637 καὶ
1472 584 1572 656 τῆς
1612 585 1692 646 είς
1731 584 1793 637 τὸ

198 671 435 741 φανερὸν
469 671 754 741 αἰσχύνης,
785 673 880 726 καὶ
907 674 1240 746 ἀτιμοτέρας
1286 676 1532 747 ἀγωγῆς,
1561 676 1793 747 ἐπανόρ-

197 761 365 816 θωσιν
399 762 536 833 (75).
578 763 676 827 Τίς
708 760 875 828 οἶδεν,
907 767 956 818 εἰ
1003 767 1330 837 μεταϐαλεῖ,
1368 769 1466 821 καὶ
1513 785 1796 840 καρποφο-

199 855 380 925 ρήσει,
407 855 502 909 καὶ
537 855 726 929 θρέψει
752 857 843 911 τὸν
882 860 1090 930 Ἰησοῦν
1122 860 1231 914 ἀπὸ
1268 861 1542 933 Βηθανίας
1570 864 1794 936 ἐπανερρ

196 964 433 1017 κομενον
452 965 467 1013 ;

267 1215 397 1271 AA'.
443 1215 674 1284 Ἔνεγκέ
707 1233 761 1269 τι
794 1216 893 1288 τῆς
923 1215 1016 1271 τοῦ
1045 1217 1281 1288 ἀδελφοῦ
1309 1218 1595 1285 δυσωδίας,
1636 1219 1669 1292 ἢ
1702 1217 1792 1272 οὗ·

200 1326 326 1380 σης,
371 1308 404 1380 ἢ
444 1307 743 1380 δοκούσης,
790 1311 819 1362 6
864 1307 944 1380 τῷ
996 1310 1352 1381 πνευματικῷ
1394 1310 1551 1383 μύρῳ
1594 1328 1792 1381 συγκε-

195 1402 527 1474 χρισμένος,
578 1402 655 1473 τῷ
716 1403 1115 1476 συντεθειμένῳ
1155 1404 1321 1477 τέχνῃ
1352 1406 1656 1478 μυρεψικῇ,
1707 1407 1794 1460 ἵνα

199 1493 453 1565 μεταδῴς
485 1493 662 1566 τούτῳ
699 1496 800 1565 τῆς
837 1496 938 1566 σῆς
965 1496 1217 1561 εὐωδίας.
1246 1498 1360 1551 Οὐκ
1398 1497 1545 1551 ἔστιν
1577 1497 1794 1570 ἐχίδνης

199 1587 281 1650 ίὸς
311 1586 426 1656 (76)
464 1587 498 1658 ἡ
531 1587 719 1651 κακία,
748 1586 815 1640 ἶν’
859 1586 993 1658 ὁμοῦ
1037 1587 1118 1660 τῷ
1148 1588 1426 1661 πληγῆναι
1457 1589 1793 1662 περιδληθῇς

196 1677 436 1743 ὀδύναις,
459 1679 494 1751 ἢ
529 1681 624 1733 καὶ
651 1679 980 1752 διαφθαρῇς,
1011 1680 1107 1735 καὶ
1141 1681 1230 1736 διὰ
1271 1682 1430 1741 τοῦτο
1528 1701 1611 1738 σοι
1661 1700 1793 1753 συγ-

196 1768 397 1843 γνώμη
459 1770 713 1840 φεύγοντι
762 1771 875 1844 (77)
922 1773 985 1829 τὸ
1038 1772 1248 1846 θηρίον,
1296 1775 1329 1847 ἢ
1389 1776 1792 1833 ἀποκτείνοντι.
1830 1758 1869 1812 Β

210 1860 358 1913 Ἀλλ’
383 1862 432 1914 εἰ
465 1861 565 1933 μὲν
599 1858 652 1916 εἴ
687 1863 932 1928 δυνατὸς,
964 1865 1219 1920 κάκεῖνον
1262 1865 1630 1938 θερόιπξευσον⁹
1662 1870 1710 1922 εί
1737 1869 1795 1922 δὲ

200 1951 304 2029 μὴ,
334 1953 396 2006 τό
427 1970 492 2023 γε
539 1954 785 2023 ἀσφαλὲς
834 1953 999 2027 ἔχεις,
1046 1957 1104 2010 ἐν
1134 1956 1213 2029 τῷ
1259 1957 1426 2029 μηδὲν
1476 1957 1642 2022 αὐτὸς
1683 1958 1793 2031 (78)

196 2046 304 2115 τῆς
343 2045 648 2117 μοχθηρίας
697 2047 1045 2118 μεταλαϐεῖν.
1087 2049 1261 2121 Ὀσμή
1311 2050 1397 2114 τίς
1436 2051 1586 2104 ἐστιν
1626 2049 1798 2121 ἀηδὴς

195 2137 264 2190 τὸ
293 2138 504 2192 ἐκείνου
534 2138 731 2207 πάθος,
753 2140 823 2212 ἦν
857 2140 1122 2201 ἀπελάσει
1164 2142 1327 2213 τυχὸν
1367 2143 1428 2197 τὸ
1468 2142 1559 2197 σὸν
1597 2141 1797 2206 εὑῶδες

199 2230 605 2303 ὕπερνικῆσαν.
649 2232 801 2305 Ταχὺ
842 2231 910 2287 ἂν
948 2232 1116 2300 ἐδέξω
1147 2252 1199 2287 τι
1232 2232 1474 2289 τοιοῦτον
1517 2234 1660 2305 ὑπὲρ
1700 2233 1796 2287 τοῦ

193 2321 500 2393 ὁμοδούλου
530 2325 625 2378 καὶ
671 2323 991 2394 συγγενοῦς,
1034 2320 1146 2379 οἷον
1186 2318 1400 2389 Παῦλος
1441 2326 1471 2378 6
1512 2325 1794 2398 ζηλωτὴς,

197 2414 301 2468 καὶ
339 2414 720 2488 διανοηθῆναι,
762 2418 858 2471 καὶ
902 2420 1078 2472 εἰπεῖν
1120 2419 1442 2489 ἐτόλμησεν,
1491 2418 1706 2484 ἑαυτοῦ,
1749 2421 1798 2472 εί

193 2501 317 2558 οἷόν
342 2522 425 2569 τε,
452 2505 543 2559 τὸν
602 2505 820 2578 Ἰσραὴλ
851 2507 1276 2578 ἀντεισαχθῆναι
1326 2507 1572 2579 Χριστῷ,
1607 2507 1694 2561 διὰ
1738 2507 1800 2560 τὸ

199 2592 527 2663 συμπαθές·
560 2594 620 2659 ὃς
658 2611 724 2664 γε
762 2596 857 2651 καὶ
888 2596 948 2662 ἐξ
994 2597 1250 2660 ὑπονοίας
1298 2596 1562 2661 πολλάκις
1608 2598 1795 2669 μόνης,

196 2686 534 2758 ᾁποτέμνεις
576 2686 667 2742 τὸν
696 2687 946 2757 ἀδελφόν.
979 2690 1076 2743 Ὃν
1108 2689 1239 2754 ἴσως
1278 2688 1575 2760 ὲκέρδανας
1620 2689 1686 2743 ἂν
1730 2690 1798 2765 τῇ

195 2780 565 2853 χρηστότητι,
592 2779 781 2843 τοῦτον
811 2781 1102 2847 ἀπολλύεις
1139 2782 1251 2854 (79)
1278 2785 1344 2854 τῇ
1382 2782 1708 2860 θρασύτητι,
1739 2783 1801 2836 τὸ

195 2874 300 2927 σὺν
339 2872 527 2944 μέλος,
554 2874 695 2946 ὑπὲρ
724 2864 786 2927 οὗ
820 2875 1055 2944 Χριστὸς
1084 2874 1378 2930 ἀπέθανεν.
1404 2874 1467 2927 Ei
1496 2875 1676 2927 τοίνυν
1708 2873 1803 2933 καὶ

198 2964 435 3035 ἰσχυρὸς
465 2958 538 3030 εἶ,
577 2965 744 3035 φησιν
777 2966 804 3017 6
835 2963 1050 3028 Παῦλος
1099 2965 1229 3034 περὶ
1277 2962 1581 3036 βρωμάτων
1625 2963 1803 3025 διαλε-

1898 490 2135 554 imitare,
2184 505 2307 543 cum
2362 489 2592 545 Domino
2639 488 2814 542 adhuc
2856 500 2978 552 age,
3021 499 3090 537 ne
3134 480 3375 536 inutilem
3419 487 3475 533 et.

1895 578 2290 635 infructuosmn
2323 578 2483 634 ﬁcum
2511 577 2836 633 exscindat‘
2875 587 3037 645 atque
3086 574 3210 628 odio
3254 572 3474 635 habeat,

1894 686 2083 725 verum
2133 671 2385 725 emendet
2423 679 2477 723 et
2517 676 2693 733 curet,
2743 682 2806 721 ac
2852 676 3061 719 stercus
3104 661 3329 729 injiciat,
3375 662 3478 714 hoc

1892 771 1997 828 est,
2042 777 2162 817 eam
2210 761 2627 826 correctionem,
2674 773 2793 827 quae
2835 772 2932 829 per
2969 753 3362 809 confessionem
3412 765 3477 802 ac

1894 855 2166 927 publicam
2238 852 2630 924 ignominiam,
2695 850 3252 917 contemptioremque
3300 845 3477 899 victus

1895 947 2168 1002 rationem
2196 944 2449 1002 efﬁcitur.
2482 947 2614 1014 Quis
2649 943 2775 1006 scit,
2813 956 2880 995 an
2923 939 3239 1003 mutabitur,
3272 951 3337 990 ac
3365 934 3477 988 fru-

1894 1048 2043 1093 ctum
2070 1036 2230 1103 feret,
2477 1037 2771 1105 Jesuutque
2802 1050 2829 1087 a
2858 1031 3123 1089 Bethania
3161 1029 3473 1083 redeuutem

1894 1131 2117 1202 pascet?

1968 1221 2161 1277 XXXI.
2205 1222 2307 1286 Tu,
2336 1222 2428 1293 qui
2472 1220 2740 1293 spirituali
2780 1221 2872 1276 illo
2911 1228 3188 1289 unguento
3220 1225 3339 1269 arte
3371 1230 3477 1268 uu-

1893 1317 2177 1386 guentaria
2223 1317 2477 1372 confecto
2526 1315 2799 1371 delibutus
2851 1329 2955 1375 es,
3008 1309 3233 1365 fraterni
3276 1307 3477 1367 fetoris

1896 1409 2141 1465 nonnihil
2190 1409 2390 1479 perfer,
2445 1408 2560 1463 sive
2607 1421 2766 1461 verus
2810 1406 2880 1460 sit
2925 1402 3066 1459 fetor
3109 1402 3217 1464 ille,
3260 1400 3374 1454 sive
3401 1399 3474 1451 ita

1899 1502 1992 1554 tibi
2025 1501 2311 1556 videatur:
2344 1510 2403 1554 ut
2444 1501 2559 1570 ipse
2611 1498 2852 1554 vicissim
2892 1496 3019 1552 boni
3062 1496 3135 1548 tui
3179 1493 3361 1551 odoris
3399 1491 3474 1545 illi

1898 1593 2109 1663 aliquid
2140 1593 2504 1663 impertiaris.
2546 1590 2759 1661 Vipera:
2788 1591 2937 1644 virus
2967 1603 3073 1643 non
3107 1597 3190 1641 est
3218 1586 3474 1654 improm-

1900 1695 2004 1749 tas.
2039 1694 2098 1739 ut
2137 1684 2301 1739 simul
2345 1693 2510 1755 atque
2550 1685 2691 1738 ictus
2733 1680 2926 1747 fueris,
2958 1678 3233 1733 doloribus
3265 1677 3478 1731 crucie-

1901 1775 2009 1840 ris,
2061 1784 2157 1829 aut
2204 1775 2368 1831 etiam
2416 1776 2671 1841 intereas,
2718 1774 2788 1828 ob
2829 1786 3057 1841 eamque
3096 1784 3314 1824 causam
3358 1767 3478 1835 tibi,

1899 1866 2128 1920 bestiam
2180 1864 2433 1935 fugienti,
2469 1866 2551 1920 vel
2588 1862 2948 1927 interimenti,
2975 1860 3131 1917 venia
3172 1868 3356 1930 parata
3384 1860 3475 1914 sit.

1900 1957 2124 2020 Verum.
2171 1958 2216 2014 si
2269 1959 2488 2029 quidem
2531 1974 2562 2014 a
2606 1969 2658 2014 te
2703 1957 2823 2013 ﬁeri
2867 1965 3064 2028 potest,
3109 1971 3231 2011 eum
3268 1968 3482 2025 quoque

1902 2049 2091 2104 morbo
2123 2049 2321 2114 libera;
2370 2051 2454 2106 sia
2509 2054 2714 2122 minus,
2753 2050 2869 2120 ipse
2909 2058 3058 2103 certe
3082 2049 3152 2102 ita
3179 2048 3394 2102 domum
3426 2045 3483 2101 in

1901 2147 2019 2194 tuto
2049 2140 2377 2206 versaberis,
2421 2140 2469 2195 si
2512 2140 2883 2207 improbitatis
2915 2138 3062 2194 illius
3088 2138 3362 2209 particeps
3388 2153 3483 2192 ne-

1899 2246 2170 2302 quaquam
2213 2230 2390 2288 factus
2450 2231 2637 2286 fueris.
2681 2230 2926 2301 insuavis
2971 2231 3191 2300 quidam
3226 2229 3361 2285 odor
3400 2237 3486 2283 est

1901 2324 2048 2379 illius
2096 2326 2343 2389 morbus,
2391 2340 2552 2393 quem
2598 2327 2829 2379 fortasse
2857 2324 3152 2393 fragrantia
3184 2333 3272 2377 tua
3303 2323 3485 2380 vincet

1902 2424 2066 2486 atque
2101 2414 2356 2484 depellet.
2392 2415 2651 2471 Libenter
2688 2415 2897 2470 scilicet
2931 2430 2995 2469 ac
3024 2423 3269 2484 prompte
3299 2412 3487 2482 hujus-

1901 2508 2049 2562 rnodi
2096 2508 2352 2577 quiddam
2402 2508 2652 2563 conservi
2686 2515 2741 2562 et
2766 2508 2984 2577 cognati
3018 2507 3094 2560 tui
3118 2521 3281 2561 causa
3307 2504 3484 2560 susci-

1902 2615 2078 2671 peres,
2109 2600 2265 2669 quale
2291 2598 2493 2654 Paulus
2516 2599 2603 2654 ille
2629 2598 2746 2654 zelo
2773 2608 2826 2654 et
2851 2596 3197 2652 aemulatione
3225 2594 3478 2665 ﬂagrans,

1902 2710 2014 2767 prae
2048 2695 2548 2759 commiseratione,
2584 2711 2689 2748 non
2715 2695 2874 2748 modo
2903 2693 3166 2762 cogitare,
3198 2689 3291 2744 sed
3320 2687 3481 2743 etiam

1903 2788 2085 2843 dicere
2109 2802 2276 2841 ausus
2301 2797 2420 2852 est;
2453 2788 2711 2842 nimirum
2738 2798 2817 2849 ut,
2848 2786 2891 2839 si
2915 2783 3032 2838 ﬁeri
3058 2788 3264 2853 posset,
3294 2779 3482 2846 israel,

1903 2880 1958 2935 in
1990 2880 2159 2950 ipsius
2179 2881 2360 2935 locum
2389 2879 2741 2948 subrogatus,
2773 2879 2840 2931 ad
2862 2877 3141 2931 Christum
3171 2874 3484 2930 introduce-

1904 2982 2055 3028 retur
2101 2973 2146 3040 ⁵;
2209 2987 2330 3027 cum
2386 2971 2501 3026 sola
2554 2970 2868 3040 plerumque
2920 2968 3225 3037 suspicione
3271 2967 3486 3032 ductus,

196 3058 464 3128 γόμενος,
500 3058 597 3110 καὶ
627 3056 851 3137 θαρρεῖς
887 3056 966 3128 τῷ
998 3057 1144 3128 λόγῳ
1185 3058 1280 3112 καὶ
1320 3056 1397 3128 τῷ
1429 3055 1663 3128 γενναίῳ
1702 3058 1801 3129 τῆς

1912 3062 2132 3118 fratrem
2159 3062 2515 3133 prmscindas.
2541 3060 2713 3128 Quem
2744 3059 2980 3115 fortasse
3011 3058 3211 3113 lucrari
3242 3057 3489 3127 benigni-

199 3151 471 3213 πίστεως,
514 3148 651 3207 ἀλλὰ
687 3147 899 3203 καὶτὸν
927 3148 1153 3218 ἀδελφὸν
1190 3145 1565 3220 οἰκοδόμῆσον.
1600 3148 1693 3221 Μὴ
1721 3147 1802 3219 τῷ

1912 3163 2023 3209 tate
2079 3155 2373 3224 potuisses,
2428 3168 2554 3208 eum
2617 3153 2847 3207 audacia
2893 3162 2982 3206 tua
3028 3150 3272 3220 pet-imis,
3317 3164 3489 3203 mem-

205 3241 471 3319 βρώματί
511 3259 607 3296 σου
659 3243 892 3297 κατάλυε
941 3242 1034 3295 τὸν
1080 3241 1185 3295 ὑπὸ
1233 3240 1471 3312 Χριστοῦ
1502 3240 1581 3315 τῷ
1637 3240 1802 3314 κοινῷ

1912 3247 2069 3301 brum
2137 3256 2308 3312 tuum,
2361 3261 2458 3315 pro
2509 3261 2617 3315 quo
2659 3244 2907 3299 Christus
2942 3252 3167 3296 mortem
3199 3239 3482 3311 oppetiit“.

204 3334 384 3390 πάθει
422 3335 808 3406 τετιμημένον.
835 3336 948 3393 Καὶ
985 3335 1094 3406 γὰρ
1128 3335 1177 3388 εί
1208 3333 1268 3388 τὸ
1310 3336 1544 3405 πρᾶγμα
1592 3334 1800 3406 ἕτερον,

1912 3337 2164 3402 Proinde,
2187 3338 2232 3392 si
2258 3338 2443 3391 ﬁrmus
2471 3351 2537 3394 ac
2564 3337 2819 3391 robustus
2847 3351 2926 3400 es,
2942 3335 3019 3391 ait
3042 3332 3243 3393 Paulus
3264 3334 3330 3387 de
3352 3333 3489 3387 cibis

202 3427 331 3482 ἀλλ’
369 3426 400 3479 ὃ
452 3443 517 3495 γε
570 3426 670 3497 τῆς
735 3425 1112 3500 παραινέσεως
1156 3425 1314 3494 λόγος
1351 3425 1551 3500 ὁμοίως
1604 3428 1802 3501 χρήσιερ

1913 3431 2188 3485 disserens
2211 3430 2254 3495 ⁷,
2300 3442 2462 3498 atque
2505 3431 2575 3483 ob
2610 3428 2914 3483 doctrinam
2969 3426 3201 3494 ﬁdeique
3253 3424 3492 3478 ﬁrmita-

207 3537 340 3596 μοςο
1907 3531 2012 3576 tem
2058 3521 2285 3575 conﬁdis
2324 3538 2338 3575 :
2371 3521 2590 3576 fratrem
2642 3532 2856 3587 quoque
2908 3529 2966 3572 ut
3021 3514 3276 3579 aediﬁces,
3336 3528 3485 3567 cura.

206 3614 338 3670 Noli
367 3614 488 3669 cibo
517 3624 609 3671 tuo
652 3630 799 3681 eum,
855 3614 1322 3692 qttem'Cbristus
1403 3617 1679 3671 communi
1742 3617 1997 3686 passione
2048 3617 2379 3685 honestavit,
2430 3624 2696 3672 evertere.
2757 3615 2868 3673 Etsi
2916 3614 3060 3670 enim
3129 3627 3216 3667 res
3276 3611 3489 3666 diversa

204 3719 325 3773 est,
368 3709 579 3762 consilii
614 3718 794 3763 tamen
831 3707 1322 3776 admonitionisque
1361 3711 1500 3762 ratio
1530 3724 1783 3780 peraeque
1823 3711 1970 3766 utilis
1994 3719 2097 3765 est.

283 3799 410 3853 AB'.
450 3799 604 3870 Χρῆν
643 3796 754 3870 (80)
792 3797 850 3852 δὲ
881 3798 975 3852 καὶ
1017 3798 1180 3869 νόμον
1228 3798 1442 3853 κεῖσθαι
1491 3799 1623 3872 παρ’
1651 3803 1803 3873 ἡμῖν,

1986 3800 2206 3857 XXXII.
2272 3801 2354 3855 Ac
2408 3799 2652 3869 profecto
2706 3797 2877 3867 legem
2934 3812 3147 3868 quoque
3196 3795 3338 3863 apud
3395 3799 3493 3848 nos

207 3890 471 3961 καθάπερ
502 3891 616 3953 τοῖς
647 3888 816 3943 πάλαι
848 3891 1032 3958 σοφοῖς
1068 3888 1357 3961 Ἐϐραίων,
1404 3889 1552 3944 ἔστιν
1598 3890 1664 3956 ἃς
1698 3891 1803 3947 τῶν

1913 3894 2266 3950 constitutam
2290 3906 2416 3947 esse
2442 3891 2750 3962 oportebat,
2787 3907 2906 3959 quae
2929 3889 3166 3956 iuberet,
3202 3898 3279 3953 ut,
3313 3902 3494 3957 quem-

214 3981 382 4053 ἱερῶν
431 3980 628 4051 βίϐλων
659 3981 733 4053 μὴ
767 3980 1013 4035 ἀνεῖσθαι
1043 3983 1156 4045 τοῖς
1183 3982 1346 4049 νέοις,
1385 3982 1462 4046 ὡς
1493 3982 1555 4037 οὐ
1589 3981 1806 4037 λυσιτε-

209 4072 420 4135 λούσας
467 4076 589 4136 ταῖς
633 4072 987 4145 ἀστηρίκτοις
1026 4071 1104 4127 ἔτι
1151 4075 1249 4127 καὶ
1282 4074 1668 4146 ἁπαλωτέραις
1701 4076 1807 4145 ψυ-

214 4170 374 4241 χαῖς·
405 4165 550 4220 οὕτω
583 4166 680 4221 καὶ
711 4166 846 4238 μηδὲ
872 4167 1038 4220 παντὶ
1065 4165 1203 4237 (81),
1241 4166 1375 4239 μηδὲ
1406 4168 1659 4232 πάντοτε,
1689 4167 1806 4222 ἀλλ’

215 4260 371 4314 ἐστιν
399 4260 511 4321 ὅτε,
562 4259 656 4312 καὶ
696 4254 797 4323 οἷς,
836 4258 926 4312 τὸν
961 4260 1090 4330 περὶ
1134 4259 1370 4323 πίστεως
1410 4259 1804 4331 συγχωρεῖσθαι

216 4349 404 4419 λόγον.
444 4352 556 4414 τοῖς
592 4350 669 4421 μὴ
720 4348 1000 4413 παντελῶς
1048 4348 1333 4420 ὀλιγώροις
1365 4348 1479 4420 (8‘2)
1511 4348 1673 4418 λέγω,
1718 4363 1813 4403 κα;

1916 3984 2205 4038 admodum
2250 3982 2380 4037 olim
2414 3983 2556 4052 apud
2602 3981 2877 4050 sapientes
2908 3978 3181 4040 llebrmos,
3212 3993 3244 4032 a
3274 3978 3495 4048 quibus-

1918 4077 2042 4130 dam
2070 4073 2370 4144 Scriptura:
2401 4089 2574 4130 sacrzc
2614 4073 2767 4129 libris
2789 4072 3013 4140 juvenes
3038 4071 3385 4133 arcebantur,
3417 4079 3497 4122 ut-

1918 4174 2042 4235 pote
2090 4168 2453 4223 tenerioribus
2498 4166 2676 4221 adhuc
2719 4166 3047 4233 minimeque
3089 4163 3261 4216 ﬁrmis
3299 4162 3496 4217 animis

1918 4255 2339 4326 haudquaquam
2398 4256 2731 4328 profuturis;
2788 4255 2977 4311 eodem
3034 4267 3249 4325 quoque
3309 4256 3491 4318 modo,

1923 4363 2030 4403 non
2054 4349 2407 4418 quibuslibet,
2434 4365 2533 4404 nec
2565 4364 2802 4419 semper,
2831 4342 2932 4404 sed
2952 4360 3102 4404 certo
3137 4359 3405 4417 tempore,
3431 4363 3497 4403 ac

217 4442 454 4513 νωθροίς
486 4444 585 4514 τὴν
609 4442 869 4507 διάνοιαν,
900 4443 934 4515 ἢ
963 4444 1077 4508 τοῖς
1110 4441 1186 4513 μὴ
1214 4441 1332 4496 λίαν
1361 4441 1679 4513 ἀπλήστοις,
1720 4443 1803 4496 καῖ

1919 4443 2086 4495 certis
2119 4443 2451 4508 hominibus,
2480 4445 2546 4498 de
2572 4443 2678 4498 ﬁde
2706 4443 3012 4512 disputandi
3049 4453 3288 4512 potestas
3317 4442 3494 4506 ﬁeret,

220 4535 535 4607 φιλοτίμοις
570 4535 715 4605 (85),
768 4536 862 4588 καί
914 4533 1265 4605 θερμοτέροις
1313 4533 1406 4587 τοῦ
1473 4533 1686 4599 δέοντος
1732 4537 1812 4598 εἰς

220 4623 540 4685 εὐσέϐειανο
591 4625 686 4676 καὶ
735 4624 864 4687 τοὺς
903 4624 1002 4694 μὲν
1041 4625 1255 4679 τάττειν
1288 4622 1544 4689 ἐνταῦθα,
1577 4618 1638 4678 οὗ
1674 4625 1811 4696 μήτε

290 4762 314 4789 δ
334 4757 469 4813 Luc.
491 4772 611 4823 xm,
636 4756 689 4810 8.
767 4758 788 4788 ³
813 4754 971 4813 Rom.
998 4772 1076 4824 tx,
1095 4757 1153 4813 5.

303 4916 418 4988 (74)
449 4917 856 4988 Ἐπιστρέψαι,
879 4919 977 4975 καὶ
1007 4918 1393 4988 θεραπεῦσαι,
1425 4919 1545 4981 καί,
1584 4926 1689 4971 etc.
1724 4916 1816 4971 Sic

224 4986 368 5061 _Beg.
400 4986 520 5061 bm,
559 4998 615 5042 et
637 4986 744 5061 Δ01⁸.
772 4991 824 5043 1.
845 4989 920 5061 1η
960 4986 1446 5061 οά.,’ὲπιστρέψαι,
1470 4990 1565 5042 καὶ
1585 4990 1814 5059 περιόαε

222 5059 343 5131 λεῖν
367 5058 596 5131 κόπρια,
631 5057 967 5131 θεραπεῦσαι
995 5061 1115 5131 τήν,
1146 5071 1251 5114 etc.

304 5128 419 5198 (75)
449 5128 1019 5202 Ἐπαγόρθωσιν.5ἱι;
1045 5128 1179 5202 Reg.
1202 5132 1313 5196 hm,
1338 5128 1502 5185 Coisl.
1525 5128 1546 5182 1
1567 5128 1808 5197 θιξὶωιο.

227 5199 289 5254 In
312 5202 426 5262 ed.,
459 5199 858 5269 ἐπανόρθωσον.

305 5269 422 5339 (76)
460 5268 737 5338 Ἐχίδνης
773 5273 893 5338 ὶός,
920 5281 1025 5325 etc.
1074 5289 1093 5322 ι
1125 5268 1337 5340 Ἥρω-σε
1394 5270 1542 5324 virus
1579 5278 1820 5340 nonest

230 5340 581 5408 improbitas.
609 5359 628 5391 ι
659 5341 794 5396 Hinc
813 5342 992 5396 Elias:
1034 5361 1052 5393 ι
1093 5339 1284 5396 Frater
1309 5351 1432 5396 tuus
1456 5356 1563 5395 non
1596 5351 1679 5395 est
1704 5339 1822 5393 bel-

232 5411 740 5482 luavenenosa,iut
767 5428 879 5482 prae
915 5423 1085 5476 metu,
1113 5413 1339 5482 nequid
1370 5411 1627 5482 maligtibi
1657 5411 1725 5465 ab
1755 5425 1822 5482 eo

232 5480 491 5551 accidat,
533 5481 617 5535 vel
652 5480 940 5551 fugiendus
978 5486 1082 5547 sit,
1133 5481 1219 5534 vel
1266 5480 1627 5551 occidendus,
1678 5481 1821 5551 quod

232 5559 386 5605 certe
418 5549 603 5622 ﬁeret,
635 5552 681 5608 si
714 5549 835 5607 cum
862 5570 892 5607 a
917 5553 1139 5622 pietate,
1167 5560 1260 5605 aut
1290 5554 1357 5607 ab
1385 5550 1649 5615 Ecclesia,
1697 5549 1821 5604 tan-

231 5634 403 5691 quam
432 5618 665 5675 alienum
698 5618 1035 5677 exclude-res.
1059 5640 1078 5671 ι

306 5690 754 5819 ν’ξὶεύγοντι.
797 5692 987 5751 Plures
1020 5692 1203 5760 codd.,
1250 5690 1505 5763 φεύγοντι
1543 5691 1639 5747 και)⁴
1683 5690 1821 5749 ἁπο-

229 5776 528 5824 κτειναντι.

1921 4532 1989 4587 iis
2021 4533 2301 4600 nimirum,
2334 4537 2425 4604 qui
2467 4551 2565 4591 nec
2599 4536 2818 4604 ingenio
2853 4543 2983 4589 sunt
3015 4535 3237 4589 omnino
3266 4535 3416 4605 segni
3440 4544 3497 4588 et.

1923 4625 2150 4693 ignavo;
2201 4620 2317 4681 'uec
2361 4642 2578 4681 rursum
2629 4628 2720 4692 iis,
2767 4632 2858 4698 qui
2910 4627 3218 4696 inexplebili
3257 4629 3492 4699 quadam

1227 4758 1248 4788 ⁸
1273 4757 1293 4810 ι
1317 4756 1440 4813 Cor.
1465 4774 1586 4824 vm,
1618 4758 1706 4817 42.
1781 4759 1799 4789 ⁷
1827 4757 1984 4815 Rom.
2014 4772 2125 4823 xw,
2160 4758 2247 4814 15.

1997 4923 2109 5011 (τῇ)
2135 4921 2350 5011 Aetla.
2379 4918 2468 4972 Sic
2506 4928 2616 4973 tres
2638 4917 2827 4989 Regg.,
2869 4916 3035 4975 Cois].
3069 4918 3120 4984 1,
3142 4916 3355 4979 Comb.,
3387 4925 3493 4973 etc.

1922 4994 1977 5048 in
2007 4993 2121 5055 ed.,
2143 4993 2323 5047 αὐτόν.

1922 5134 1938 5149 κ
1966 5063 2105 5149 ⁸(79)
2137 5063 2517 5126 Ἀπολλύεις.
2552 5057 2701 5114 Unus
2722 5057 2880 5131 Reg.,
2921 5070 2976 5116 et
2997 5062 3103 5116 duo
3133 5057 3497 5123 (ζοιι›,,ἀπολ-

1920 5134 2112 5276 λυῖἒδο)
2143 5203 2332 5276 Χρῆντ
2378 5202 2469 5257 Sic
2504 5198 2911 5276 muresBessu
2950 5212 3006 5276 ει
3033 5201 3209 5276 δοίην
3247 5199 3413 5276 om?"
3435 5200 3498 5276 θ’

1927 5286 1983 5331 et
2011 5272 2107 5331 Or.
2132 5276 2186 5328 1.
2219 5272 2404 5327 Billius
2433 5284 2612 5325 autem
2652 5273 2718 5324 ad
2739 5287 2909 5340 marg.
2945 5274 3065 5326 Bas.
3094 5274 3225 5327 edit.
3256 5272 3498 5340 scripsit,

1929 5349 2151 5419 χρῆναι,
2191 5344 2334 5419 quod
2357 5352 2583 5419 secutus
2601 5350 2686 5394 est
2712 5339 2982 5419 Morejlus.
3017 5342 3141 5419 Par.
3164 5344 3250 5397 ed.

1996 5408 2108 5490 (81)
2138 5408 2307 5490 Οὕτω
2326 5409 2592 5490 καὶμηδέ
2616 5410 2948 5490 παντί..δὶιὶ
2961 5425 3068 5490 tres
3097 5411 3286 5490 Regg.,
3330 5408 3497 5466 Cuisl.

1926 5488 1983 5551 1,
2003 5481 2107 5543 Ὀιοζ
2138 5488 2191 5546 1,
2220 5493 2338 5553 etc.
2358 5482 2530 5536 Prave
2548 5483 2614 5553 in
2639 5483 2751 5547 ed.,
2792 5481 2852 5534 οὐ
2873 5481 2959 5553 τῷ
2993 5483 3067 5553 μὴ
3106 5482 3284 5536 παντί.

1959 5550 2499 5641 ,μςβὲὶςολιγτίψοιᾳ
2534 5550 2744 5617 Gloss.,
2789 5550 3233 5623 ἀσθενεστέροις,
3271 5570 3290 5605 .
3323 5551 3499 5608 ίωιιο.

1925 5627 2241 5686 cillioribus.
2272 5642 2291 5677 ι

1997 5697 2110 5771 (85)
2147 5695 2503 5767 Φιλοτίμοις.
2539 5692 2740 5763 Gloss,
2764 5692 2882 5766 ἦτοι
2911 5691 3222 5763 φιλοδόξοις.
