3910 6214
469 327 570 383 ait
1686 327 1743 383 s.
1782 323 2109 383 cnseoan
2144 323 2487 382 THEOLOGI
3612 309 3718 381 εις

474 444 736 500 aviditate
760 442 1029 511 laborant,
1081 443 1376 516 glorizeque
1418 444 1598 499 studio
1635 443 1926 509 ducuntur,
1956 452 2038 497 at-

2154 446 2367 509 ἑαυτοὺς
2405 442 2650 515 βλάψωσι
2680 441 2815 515 (84),
2846 445 2981 517 μήτε
3007 445 3203 508 ἄλλους
3238 442 3584 515 ταττόμενοι·
3620 444 3716 497 καὶ

479 549 588 601 que
639 534 692 589 in
746 536 943 603 pietate
966 534 1125 605 θοι
1159 533 1509 588 ferventiorcs
1558 542 1683 588 sunt
1731 546 1892 602 quam
1942 547 2038 602 par

2154 534 2245 606 τὴν
2289 535 2348 588 ἐν
2396 534 2574 602 λόγοις
2624 533 2937 606 ἐλευθερίαν
2990 534 3135 605 ἔχειν
3176 535 3302 598 τοὺς
3355 533 3610 605 μετρίους
3656 535 3721 586 ἐν

474 626 567 688 sit,
609 633 773 694 atque
821 624 875 679 hi
921 626 1138 694 quidem
1190 626 1299 681 illic
1343 624 1758 691 collocarentur,
1804 623 1896 678 ubi
1942 638 2038 679 nec

2154 627 2308 697 λόγῳ,
2340 625 2435 679 καὶ
2465 624 2542 689 ὡς
2576 624 2791 697 ἀληθῶς
2828 626 3087 696 κοσμίους
3117 627 3211 679 καὶ
3244 624 3556 697 σώφρονας
3591 625 3719 687 τοὺς

474 716 576 769 sibi
617 716 771 785 ipsis,
801 730 903 771 nec
934 714 1054 772 aliis
1082 716 1227 770 noxii
1268 726 1483 783 essent;
1530 717 1597 772 iis
1634 724 1836 781 autem,
1866 716 1957 785 qui
1984 715 2038 770 in

2154 716 2371 780 πολλοὺς
2398 716 2455 769 δὲ
2498 714 2733 784 ἀπάγειν
2769 715 2878 785 (85)
2916 715 3016 786 τῆς
3058 715 3176 770 όδοῦ
3222 716 3446 787 ταύτης,
3478 715 3574 769 καὶ
3618 715 3718 784 τῆς

474 803 931 874 diSputationibus
974 806 1226 871 modesti,
1263 822 1325 862 ac
1348 821 1476 861 vere
1506 806 1792 876 compositi
1816 815 1870 860 et
1901 815 2038 860 tem-

2154 807 2239 863 νῦν
2275 806 2611 880 κατεχούσης
2645 806 2955 876 φιλολαλιᾶς
2989 808 3083 861 καὶ
3107 807 3447 879 ἀρρωστίας,
3482 807 3578 861 καὶ
3606 807 3722 878 (86)

482 898 741 966 perantes
766 905 968 963 essent,
1004 897 1172 952 libera
1200 898 1506 968 disputandi
1536 898 1766 954 facultas
1785 899 2037 964 daretur:

2154 901 2226 953 ἐπ’
2278 899 2406 954 ἄλλο
2450 918 2505 953 τι
2549 900 2774 969 τρέπειν
2824 898 3028 969 ἀρετῆς
3089 894 3231 963 εἶδος
3282 898 3716 967 ἀκινδυνότερον,

476 987 779 1056 promiscua
806 1003 936 1044 vero
969 989 1254 1044 multitudo
1289 990 1357 1045 ab
1387 990 1490 1043 hac
1522 990 1629 1055 via,
1657 998 1712 1045 et
1742 988 2038 1058 loquacita-

2154 988 2270 1043 ἔνθα
2308 990 2488 1043 καὶτὸ
2520 990 2779 1061 ὀλίγωρον
2813 985 2974 1061 ἧττον
3009 988 3294 1059 βλαϐερὸν,
3321 989 3418 1041 καὶ
3444 987 3506 1040 τὸ
3544 985 3723 1055 ἄπλητο

477 1079 547 1133 tis
605 1079 792 1134 morbo
839 1081 940 1135 hac
994 1090 1313 1151 tempestate
1373 1082 1617 1151 vigente,
1678 1081 1911 1135 abducta
1969 1086 2027 1133 et

2154 1094 2268 1132 στον
2310 1078 2599 1132 εὐσεϐέστε
2608 1096 2719 1151 ρον.

475 1184 686 1238 aversa,
721 1181 775 1226 et
821 1169 962 1225 aliud
1032 1172 1244 1227 virtutis
1308 1185 1475 1242 genus
1520 1172 1698 1228 minus
1747 1169 2101 1241 periculosum
2152 1172 2551 1237 traduceretur,
2598 1171 2684 1225 ubi
2730 1180 2785 1227 et
2824 1169 3082 1241 segnities
3139 1171 3403 1225 minorem
3448 1169 3626 1226 labem
3658 1181 3722 1226 ac

474 1265 856 1320 detrimentum
893 1263 1131 1331 aﬁ'erret,
1162 1274 1218 1321 et
1249 1265 1616 1321 insaturabilis
1646 1265 1875 1321 aviditas
1908 1265 2123 1334 pietatis
2154 1263 2366 1318 laudem
2398 1273 2717 1320 mereretur.

547 1360 793 1416 XXXIII.
843 1361 1056 1416 Etenim
1086 1361 1153 1424 si,
1194 1369 1252 1415 ut
1275 1378 1410 1416 unus
1447 1354 1725 1425 Domini",
1750 1378 1857 1415 una
1889 1361 2038 1428 ﬁdes,

474 1468 639 1506 unum
672 1453 1006 1518 baptismum,
1034 1467 1169 1503 unus
1199 1450 1360 1516 Deus,
1394 1449 1556 1503 Pater
1578 1451 1830 1513 omnium,
1859 1460 1905 1503 et
1949 1466 2041 1520 per

474 1543 672 1607 omnia,
700 1553 748 1596 et
780 1544 835 1596 in
870 1543 1108 1595 omnibus
1130 1541 1176 1605 ⁸,
1226 1542 1295 1595 ita
1343 1555 1446 1594 una
1494 1540 1737 1610 quaedam
1773 1552 1915 1595 esset
1946 1556 2041 1609 per

474 1633 892 1703 disputationem
927 1643 982 1688 et
1018 1633 1528 1702 contemplationem
1568 1631 1633 1685 ad
1669 1631 1893 1685 salutem
1932 1633 2039 1698 via,

2214 1359 2335 1411 Al".
2376 1359 2441 1412 El
2481 1358 2583 1430 μὲν
2607 1358 2734 1430 γὰρ,
2762 1358 2949 1430 ὥσπερ
2981 1352 3068 1424 εἷς
3098 1357 3335 1425 Κύριος,
3359 1356 3471 1425 μία
3495 1355 3722 1420 πίστις,

2145 1449 2215 1504 ἐν
2236 1448 2572 1519 βάπτισμα,
2596 1445 2678 1516 εἷς
2720 1449 2888 1516 Θεὸς,
2922 1452 2955 1503 ό
2976 1447 3180 1517 Πατὴρ
3208 1446 3470 1511 πάντων,
3500 1446 3600 1500 καὶ
3627 1445 3728 1500 διὰ

2148 1541 2409 1605 πάντων,
2450 1543 2547 1597 καὶ
2577 1542 2647 1595 ἐν
2675 1541 2888 1606 πᾶσιν,
2927 1540 3073 1594 οὕτω
3104 1539 3200 1593 καὶ
3250 1541 3348 1611 μία
3379 1557 3464 1603 τις
3503 1535 3572 1610 ἦν
3617 1557 3727 1593 σωη

2146 1634 2340 1706 τηρίας
2381 1634 2520 1702 ὁδὸς,
2559 1635 2592 1704 ἠ
2627 1633 2716 1688 διὰ
2757 1634 2914 1702 λόγου
2964 1633 3055 1687 καὶ
3098 1630 3351 1704 θεωρίας,
3396 1633 3490 1685 καὶ
3520 1631 3729 1702 ταύτης

477 1731 534 1775 ut
557 1723 648 1791 qui
677 1722 747 1777 ab
773 1737 837 1777 ea
870 1722 1203 1789 exciderent,
1237 1721 1394 1777 iidem
1430 1736 1458 1774 a
1492 1730 1604 1776 toto
1637 1735 1849 1790 quoque
1880 1723 2037 1775 aber-

2154 1725 2495 1791 ἐκπεσόντας,
2536 1724 2641 1779 ἔδει
2690 1724 2783 1778 τοῦ
2837 1724 3038 1787 παντὸς
3084 1724 3368 1794 ἁμαρτεῖν,
3407 1724 3501 1777 καὶ
3545 1724 3722 1792 ἀπορο

475 1825 682 1882 rarent,
715 1824 878 1885 atque
904 1830 933 1867 a
967 1814 1097 1881 Deo,
1132 1829 1195 1867 ac
1234 1828 1330 1882 spe
1372 1813 1565 1869 salutis
1595 1822 1811 1867 aeterna:
1857 1813 2044 1882 praeci-

474 1906 615 1976 pites
672 1904 1019 1973 ejicerentur,
1073 1903 1206 1958 nihil
1261 1918 1392 1958 sane
1447 1902 1800 1973 periculosius
1854 1911 2039 1970 esset,

480 2011 644 2066 quam
675 1997 758 2050 vel
791 1994 1095 2063 huiusmodi
1138 1994 1420 2050 consilium
1460 1994 1607 2060 dare,
1659 1993 1744 2049 vel
1773 1994 1901 2048 huic
1942 2008 2042 2062 pa-

475 2101 620 2144 rere.
656 2086 728 2141 At
752 2087 820 2153 si,
860 2094 920 2140 ut
951 2087 1002 2139 in
1037 2084 1198 2141 rebus
1224 2085 1495 2153 humanis,
1532 2086 1698 2139 multa
1732 2093 1787 2139 et
1824 2085 2036 2139 diversa

475 2188 606 2234 sunt
629 2180 860 2234 vilarum
898 2192 1093 2247 genera
1122 2186 1177 2233 et
1202 2175 1468 2243 instituta,
1510 2175 1615 2230 alia
1649 2175 1854 2246 majora
1880 2215 1897 2242 ,
1937 2175 2043 2229 alia

475 2272 708 2337 minora,
756 2270 858 2325 alia
891 2270 1206 2337 illustriora,
1238 2268 1341 2324 alia
1377 2266 1719 2333 obscuriora,
1768 2267 1847 2323 sic
1876 2267 1929 2321 in
1962 2266 2042 2321 di-

379 2435 382 2438 .
474 2364 619 2421 vinis
654 2377 886 2433 quoque,
933 2377 1041 2418 non
1082 2379 1188 2417 una
1237 2361 1429 2418 salutis
1492 2362 1631 2414 ratio
1665 2368 1767 2426 est,
1805 2375 1905 2415 nec
1937 2374 2043 2414 una

479 2456 729 2525 quaedam
772 2455 988 2510 virtutis
1017 2454 1124 2520 via,
1155 2453 1249 2511 sed
1282 2453 1500 2522 plures;
1532 2464 1695 2523 atque
1732 2451 1892 2520 hujus
1919 2466 2043 2522 per-

478 2545 683 2617 vulgati
707 2547 834 2601 dicti
857 2545 1207 2616 omniumque
1228 2545 1424 2615 linguis
1442 2544 1720 2610 celebrati,
1751 2543 2028 2605 nimirum,

474 2639 674 2694 multas
730 2638 869 2710 apud
922 2639 1088 2694 Deum
1138 2636 1449 2691 mansiones
1495 2637 1688 2701 esse’,
1737 2634 1881 2689 nulla
1932 2633 2035 2687 alia

475 2742 638 2783 causa
673 2737 778 2795 est,
809 2742 970 2798 quam
1008 2725 1151 2797 quod
1188 2724 1371 2779 multae
1404 2724 1513 2780 sint
1538 2724 1639 2778 viae
1671 2738 1736 2778 eo
1773 2723 2028 2788 ferentes,

473 2835 702 2889 quarum
723 2818 843 2875 alia:
891 2817 1305 2889 periculosiores
1352 2825 1408 2872 et
1454 2815 1849 2886 splendidiores
1893 2813 2025 2876 sint,

472 2912 596 2967 alia:
616 2911 938 2978 abiectiores
957 2920 1012 2964 et
1037 2909 1300 2973 tutiores;
1332 2923 1455 2973 cur,
1482 2907 1767 2962 tutioribus
1801 2906 2024 2972 relictis,

471 3004 541 3058 ad
567 3017 729 3058 unam
774 3002 914 3056 hanc
953 3015 1054 3057 nos
1081 2999 1470 3063 convertimus,
1512 2996 1648 3053 adeo
1680 2997 1941 3053 lubricam
1988 3003 2043 3051 et

2151 1817 2408 1890 ριφθῆναι
2440 1817 2551 1888 (87)
2584 1817 2739 1881 Θεοῦ,
2777 1817 2871 1870 καὶ
2900 1816 3002 1887 τῆς
3051 1816 3258 1869 ἐκεῖθεν
3287 1814 3529 1877 ἐλπίδος·
3572 1814 3729 1867 οὐδὲν

2150 1908 2216 1963 ἂν
2243 1905 2332 1980 ἦν,
2359 1909 2483 1963 οὔτε
2511 1909 2603 1963 τοῦ
2652 1908 3040 1980 συμϐουλεύειν
3069 1908 3138 1962 τὰ
3181 1908 3425 1970 τοιαῦτα,
3464 1905 3590 1960 οὔτε
3628 1906 3727 1958 τοῦ

2150 1978 2432 2054 πείθεσθαι
2453 1978 2885 2071 σφαλερώτερον..
2904 2000 2968 2051 Et
2993 1998 3074 2061 δέ,
3091 1998 3279 2068 ὥσπερ
3311 1999 3370 2050 ὲν
3384 1999 3495 2059 τοῖς
3518 1997 3616 2051 ἀνθ
3624 2015 3733 2068 pro-

2148 2092 2343 2155 πίνοις,
2355 2091 2546 2145 πολλα).
2556 2092 2808 2163 διαφοραὶ
2822 2090 2952 2161 βίων
2962 2091 3057 2145 καὶ
3070 2089 3298 2161 προαιρέ
3307 2105 3459 2157 σεων,
3467 2087 3731 2160 μειζόνων

2147 2198 2208 2234 τε
2242 2182 2337 2236 καὶ
2362 2182 2618 2253 ἡττόνων,
2643 2181 3037 2254 λαμπροτέρων
3062 2182 3156 2234 καὶ
3183 2180 3566 2250 ἀφανεστέρων
3589 2182 3728 2250 (88),

2147 2274 2290 2328 οὕτω
2310 2276 2411 2328 κάν
2428 2278 2539 2339 τοῖς
2560 2275 2745 2341 θείοις,
2762 2276 2859 2344 οὐχ
2875 2275 2934 2328 ἐν
2950 2274 3072 2328 τιτὸ
3094 2272 3262 2336 σῶζόν
3290 2277 3459 2338 ἐστιν,
3475 2274 3596 2328 οὐδὲ
3632 2276 3731 2343 μία

2148 2367 2246 2437 τῆς
2278 2367 2478 2438 ἀρετῆς
2498 2367 2634 2431 ὁδὸς,
2660 2367 2796 2421 ἀλλὰ
2826 2365 3085 2429 πλείονες,
3113 2366 3207 2419 καὶ
3236 2365 3331 2418 τοῦ
3359 2364 3469 2433 (89)
3524 2361 3733 2424 πολλὰς

2148 2452 2287 2509 εἶναι
2327 2456 2493 2527 μονὰς
2519 2456 2668 2529 παρὰ
2694 2457 2771 2528 τῷ
2804 2457 2944 2528 Θεῷ,
2975 2456 3166 2511 τούτου
3202 2457 3259 2509 δέ
3288 2456 3399 2527 (99)
3433 2453 3528 2507 τοῦ
3565 2452 3735 2523 θρυλ-

2148 2547 2428 2617 λουμένου,
2456 2550 2558 2603 κάν
2592 2552 2714 2613 ταῖς
2747 2550 2964 2604 πάντων
2999 2548 3251 2620 κειμένου
3287 2547 3583 2616 γλώσσαις,
3626 2545 3733 2598 οὐκ

2148 2638 2277 2693 ἄλλο
2312 2658 2365 2694 τι
2406 2642 2440 2713 ἢ
2470 2639 2628 2695 τοῦτο
2657 2641 2851 2707 αῐτιον,
2888 2640 2949 2694 τὸ
2994 2641 3195 2704 πολλὰς
3226 2636 3367 2694 εἶναι
3407 2638 3507 2702 τὰς
3542 2638 3731 2691 ἐκεῖσε

2149 2735 2423 2809 φερούσας
2474 2734 2660 2797 ὁδοὺς,
2703 2733 2805 2797 τὰς
2862 2734 2959 2804 μὲν
3009 2733 3480 2804 ἐπικινδυνοτέρας
3513 2749 3573 2785 τε
3632 2733 3733 2785 καὶ

2148 2828 2553 2899 λαμπροτέρας,
2595 2823 2693 2888 τὰς
2725 2824 2783 2877 δέ
2815 2826 3204 2898 ταπεινοτέρας
3239 2842 3298 2878 τε
3349 2826 3444 2879 καὶ
3487 2822 3733 2893 ἀσφαλε-

2150 2920 2377 2990 στέραςο
2424 2917 2477 2970 τί
2526 2917 2626 2981 τὰς
2684 2917 3094 2987 ἀσφαλεστέρας
3151 2917 3410 2986 ἀφέντες,
3461 2914 3555 2967 ἐπὶ
3596 2913 3733 2985 μίαν

2147 3011 2355 3082 ταύτην
2391 3009 2741 3082 τρεπόμεθα,
2788 3010 2890 3081 τὴν
2931 3008 3105 3074 οὕτως
3152 3006 3427 3078 ἐπισφαλῆ
3468 3004 3567 3059 καὶ
3612 3004 3732 3058 ὀλι-

470 3095 851 3161 periculosam,
920 3108 984 3147 ac
1026 3094 1206 3147 nescio
1256 3107 1365 3160 quo
1412 3089 1720 3145 ferentem?
1775 3089 1856 3141 An
1909 3088 2038 3142 idem

2154 3102 2381 3175 σθηρὰν,
2410 3103 2505 3156 καὶ
2532 3103 2633 3156 οὐκ
2664 3098 2759 3156 οἶδ’
2801 3103 2924 3156 ὅποι
2955 3102 3066 3171 (91)
3110 3100 3415 3172 φέρουσαν;
3444 3099 3515 3151 Ἢ
3546 3096 3732 3168 τροφὴ

475 3182 694 3251 quidem
725 3183 879 3236 cibus
904 3196 1009 3236 non
1039 3181 1288 3235 omnibus
1317 3188 1598 3250 congruet,
1629 3180 1722 3234 sed
1749 3179 1887 3233 alius
1913 3178 2026 3243 alii,

471 3290 574 3346 pro
604 3275 819 3330 diversa
864 3282 1081 3329 aetatum
1109 3283 1162 3327 et
1196 3272 1641 3327 constitutionum
1675 3270 1920 3339 ratione;
1949 3284 2039 3324 ea-

472 3369 596 3422 dem
626 3377 805 3422 autem
856 3367 989 3430 vita,
1033 3376 1123 3418 aut
1176 3364 1469 3433 disputatio
1499 3362 1711 3417 cunctis
1743 3361 2042 3415 conducet?

474 3458 592 3514 Hoc
624 3460 737 3526 ipse
767 3458 984 3526 quidem
1028 3472 1130 3511 non
1168 3456 1420 3521 dixerim,
1470 3469 1570 3509 nec
1616 3452 1918 3509 dicentibus
1954 3467 2042 3506 as-

474 3548 700 3604 sentiar.
750 3548 931 3614 Quare
963 3547 1010 3601 si
1042 3546 1173 3601 mihi
1221 3544 1703 3614 obtemperantium
1753 3543 2037 3607 dnxeritis,

470 3641 703 3711 juvenes
739 3649 794 3694 et
837 3653 1017 3704 senes,
1068 3635 1309 3708 praefecti
1345 3646 1402 3691 et
1446 3635 1671 3700 subditi,
1708 3635 1954 3688 monachi
1987 3642 2043 3688 et

474 3728 565 3797 qui
609 3728 663 3783 in
718 3726 969 3783 sodalitio
1022 3728 1234 3791 vivitis,
1268 3740 1695 3797 supervacaneas
1735 3734 1788 3777 et
1828 3723 2040 3778 inutiles

472 3819 865 3875 ostentationes
893 3816 1072 3872 valere
1097 3815 1384 3885 jubehitis;
1433 3825 1593 3885 atque
1629 3816 1678 3868 id
1728 3815 1905 3884 potius
1933 3829 2041 3867 cn-

471 3909 683 3973 rabitis,
738 3918 796 3964 ut
844 3922 938 3979 per
988 3923 1194 3963 morum
1245 3908 1605 3977 probitatem,
1658 3914 1712 3960 ct
1755 3907 2039 3959 honestam

469 4005 596 4061 vitae
648 4005 936 4069 rationem,
989 4017 1054 4056 ac
1103 4016 1385 4057 sermones
1437 4001 1679 4070 periculo
1727 4014 1929 4067 vacuos,
1974 3998 2041 4050 ad

472 4097 642 4151 Deum
685 4094 1200 4165 appropinquantes,
1244 4092 1309 4146 ad
1361 4090 1582 4146 alterius
1625 4089 1804 4145 saeculi
1851 4091 2044 4143 verita-

477 4200 586 4241 tem
626 4195 684 4240 et
726 4183 1236 4255 contemplationem
1299 4183 1646 4253 perveniatis,
1701 4182 1752 4237 in
1817 4181 2037 4236 Christo

473 4280 606 4336 .l’esu
660 4279 893 4335 Domino
919 4288 1126 4344 nostro,
1163 4278 1247 4332 cui
1282 4278 1449 4347 gloria
1495 4280 1547 4331 in
1592 4276 1784 4333 saecula
1817 4276 2042 4332 saeculo-

472 4388 622 4447 rum,
650 4373 845 4428 Amen.

538 4528 561 4560 ⁸
590 4525 794 4598 Ephes.
842 4543 917 4592 tv,
952 4528 1006 4592 ὅ,
1037 4528 1089 4583 6.
1166 4529 1188 4559 ⁸
1216 4523 1369 4579 Joan.
1419 4541 1526 4590 xiv,
1554 4523 1611 4579 2.

541 4683 657 4754 (84)
682 4682 996 4754 Βλὰψωσι.
1018 4684 1209 4738 Plures
1237 4684 1420 4746 codd.,
1456 4682 1739 4754 βλάψουσι.

540 4752 653 4824 (85)
694 4752 983 4823 Ἁπάγειν.
1018 4754 1075 4807 In
1108 4755 1399 4817 nonnullis,
1419 4752 1828 4824 ἀπαγαγόντας.

564 4824 652 4893 86)
679 4824 811 4878 Καί.
845 4826 1003 4878 Deest
1026 4825 1085 4893 in
1111 4825 1352 4890 pluribus
1388 4824 1580 4893 Regg.,
1603 4835 1657 4878 et
1681 4826 1774 4880 Or.
1809 4825 1863 4877 1.

511 4892 656 4980 ..(87)
688 4892 1167 4966 Ἀπορῤιφθῆναι.
1199 4894 1330 4964 Reg.
1360 4892 1489 4961 bin,
1504 4892 1558 4949 et
1592 4894 1685 4950 Or.
1732 4896 1784 4960 I,
1813 4894 2043 4967 ἀπορρι-

468 4982 655 5040 φηνριξς

540 5033 654 5105 (88)
689 5035 1125 5105 Aayxporépm‘
1178 5034 1279 5089 καὶ
1346 5034 1792 5104 ἀφανεστέρων.
1851 5033 2040 5090 Plures

467 5106 659 5178 Regg.,
690 5116 745 5178 et
764 5105 859 5161 Or.
882 5106 935 5170 1,
961 5106 1355 5178 λᾼαμπροτέρων
1382 5122 1440 5159 τε
1462 5108 1558 5159 καὶ
1590 5105 2037 5178 σφαλερωτέρων.

468 5175 656 5232 Billiits
676 5176 745 5231 ad
774 5192 944 5246 marg.
979 5175 1101 5231 Bas.
1127 5175 1261 5242 ed.,
1280 5191 1401 5244 quae
1428 5178 1606 5238 habet,
1635 5175 2035 5246 σφαλεστέρων,

468 5246 687 5316 scripsit
720 5268 734 5301 :
769 5264 788 5298 ι
815 5244 1096 5316 ,Putamus
1137 5246 1455 5314 legendum,
1506 5244 1928 5316 ἀφανεστέρων,
1982 5254 2036 5295 ιιι

469 5315 767 5388 opponatur
811 5315 1246 5388 λαμπροτέροις,
1284 5315 1735 5388 quemadmodum
1781 5315 1850 5368 τὰ
1891 5315 2039 5386 ἥττω

468 5389 582 5449 τοῖς
612 5385 858 5457 μείζοσι,
888 5385 1050 5457 quod
1084 5385 1249 5441 etiam
1296 5385 1431 5443 satis
1475 5387 1767 5446 ostendunt
1806 5385 1924 5457 quae
1953 5400 2042 5440 εε-

470 5466 727 5527 quatitur.
753 5476 771 5508 ι

536 5525 651 5600 (89)
675 5527 785 5584 Καὶ
805 5526 930 5584 τοῦ.
960 5527 1172 5599 Comb.,
1194 5528 1290 5585 καὶ
1313 5528 1393 5585 τό.

634 4752 656 4966 ξ

2079 4721 2127 4781 D

2143 3195 2244 3266 μὲν
2279 3195 2378 3266 οὐχ
2416 3196 2451 3266 ὴ
2496 3193 2635 3265 αὑτὴ
2680 3195 2814 3248 πᾶσι
2868 3192 3236 3264 κατάλληλος,
3286 3189 3433 3261 ἄλλῳ
3481 3189 3540 3243 δὲ
3587 3188 3729 3260 ἄλλη

2142 3284 2279 3337 κατὰ
2306 3284 2403 3355 τὴν
2448 3283 2713 3356 διαφορὰν
2755 3284 2848 3337 καὶ
2884 3282 2994 3355 (92)
3036 3282 3146 3336 τῶν
3202 3279 3428 3351 ἡλικιῶν
3470 3280 3565 3333 καὶ
3615 3278 3732 3332 τῶν

2140 3376 2337 3441 ’ἐξεωνο
2378 3374 2490 3443 βίος
2521 3374 2580 3428 δέ
2615 3376 2644 3426 ό
2690 3375 2851 3437 αὐτὸς
2900 3374 3034 3426 πᾶσι
3089 3373 3409 3444 συμφέρων,
3444 3371 3478 3442 ἢ
3524 3371 3727 3438 λόγος;

2142 3469 2257 3520 Οὐκ
2304 3467 2481 3536 ἔγωγε
2517 3466 2678 3520 τοῦτο
2723 3466 2927 3537 εἴποιμ’
2956 3468 3021 3520 ἂν
3062 3466 3197 3537 (95),
3224 3465 3345 3518 οὐδὲ
3379 3462 3605 3536 προσθοὶ
3614 3480 3727 3534 μην

2140 3564 2252 3625 τοῖς
2294 3561 2560 3630 λέγουσιν.
2604 3561 2673 3615 Εῐ
2730 3580 2781 3615 τι
2818 3557 2910 3614 οὖν
2964 3560 3087 3631 ἐμοὶ
3150 3558 3425 3624 πείθεσθε,
3464 3558 3576 3611 νέοι
3631 3558 3732 3611 καὶ

2140 3653 2416 3723 γέροντες,
2437 3653 2714 3725 ’ἄρχοντες
2755 3653 2899 3706 λαῶν
2955 3652 3064 3721 (94)
3113 3652 3207 3705 κα).
3254 3650 3581 3721 ἀρχόμενοι,
3629 3666 3734 3718 μοο

2141 3746 2331 3797 ναστα).
2379 3745 2470 3799 καὶ
2519 3744 2762 3815 μιγάδες,
2816 3746 2913 3806 τὰς
2957 3744 3055 3813 μὲν
3099 3742 3358 3813 περιττὰς
3406 3741 3500 3794 καὶ
3548 3742 3730 3815 ἀχρήτ

2144 3850 2299 3896 στους
2327 3832 2633 3904 φιλοτιμίας
2660 3833 2867 3904 χαίρειν
2906 3833 3105 3885 ἐάσατε
3126 3849 3138 3861 ο
3171 3830 3325 3883 αὐτοὶ
3364 3830 3420 3883 δὲ
3448 3828 3536 3883 διὰ
3576 3830 3723 3899 βίου,

2143 3927 2234 3979 καὶ
2285 3925 2586 3990 πολιτείας,
2633 3926 2727 3978 καὶ
2779 3924 2951 3993 λόγων
3000 3923 3109 3978 τῶν
3170 3922 3595 3994 ἁκινδυνοτέρων
3649 3921 3732 3993 τῷ

2141 4016 2260 4087 Θεῷ
2308 4017 2694 4088 πλησιάζοντες
2724 4016 2858 4085 (95),
2905 4015 3154 4080 τεύξεσθε
3183 4018 3283 4084 τῆς
3324 4013 3534 4067 ἐκεῖθεν
3583 4015 3727 4084 ἀλη-

2143 4109 2289 4173 θείας
2311 4111 2403 4163 καὶ
2428 4110 2679 4182 θεωρίας,
2699 4111 2756 4162 ἐν
2795 4109 3017 4181 Χριστῷ
3043 4108 3214 4180 Ἰησυῦ
3237 4108 3312 4180 τῷ
3330 4109 3521 4179 Κυρίῳ
3543 4108 3732 4178 ἡμῶν,

2142 4192 2187 4267 ᾧ
2215 4201 2247 4271 ή
2279 4199 2404 4267 δόξα
2431 4200 2540 4272 (96)
2564 4202 2643 4264 είς
2674 4199 2875 4265 αἰῶνας
2906 4200 3013 4254 τῶν
3048 4197 3278 4254 αἰώνων.
3315 4199 3506 4271 Ἀμήν.

2228 4680 2339 4753 (90)
2360 4680 2591 4753 Τούτου
2626 4678 2716 4753 δέ,
2749 4686 2854 4734 etc.
2881 4676 2986 4753 §ic
3022 4678 3153 4753 Reg.
3192 4675 3502 4753 hn,_et_0r_._
3529 4677 3609 4753 l._
3636 4677 3732 4753 Sic

2154 4746 2330 4805 etiam'
2356 4752 2540 4803 Billius
2574 4751 2639 4801 att
2673 4764 2846 4817 marg.
2878 4747 3001 4802 Bas.
3036 4748 3166 4803 edit.
3200 4747 3435 4815 scripsit.
3464 4746 3649 4817 Coisl.~
3676 4749 3729 4809 l,

2149 4821 2305 4945 ἕοῦτο
2330 4822 2387 4875 δέ
2412 4820 2473 4874 τὸ
2516 4815 2978 4891 θρυλλούμένον...
3014 4817 3285 4889 κείμενον.
3321 4818 3382 4871 In
3415 4818 3529 4883 ed.,
3565 4815 3734 4871 τοῦτο

2178 4892 2210 4945 i1
2242 4893 2356 4945 τοῦ.
2389 4902 2492 4945 ριν.

2184 4892 2210 4954 ὴ
2242 4893 2356 4954 τοῦ,
2389 4902 2492 4945 ριν.

2178 4911 2211 4965 η
2242 4911 2492 4982 του,ηρι‹ο.

2222 4963 2332 5032 (91)
2403 4966 2564 5032 Garat.
2594 4958 2729 5030 Reg.
2758 4959 2868 5022 bm,
2895 4960 3022 5032 ὅπηἐ

2220 5028 2333 5102 (92)
2361 5033 2490 5087 Καί.
2529 5028 2691 5102 Deest
2722 5032 2771 5083 in
2786 5032 2969 5102 tribus
2991 5028 3186 5099 Roggn
3219 5038 3274 5081 et
3303 5028 3456 5102 Or._l

2218 5099 2331 5173 (9'5)
2360 5100 2596 5184 Elaozp’
2636 5099 2732 5154 ἂν.
2783 5100 2985 5172 Regius
3018 5102 3106 5156 btn
3129 5138 3145 5165 ,
3192 5099 3728 5177 συμὸουλεύσαιμεν,

2154 5191 2174 5224 1
2203 5189 2483 5226 suaserim.
2511 5193 2531 5225 ι

2240 5243 2331 5314 94)
2372 5242 2565 5296 Λαῶν.
2610 5241 2760 5314 lianc
2792 5255 2977 5314 vocem
3014 5240 3217 5314 τεθριιῇ
3236 5239 3616 5314 Co_mbeilsins.

2239 5310 2330 5382 95)
2359 5310 2831 5383 ῃλησιάζοντες.
2865 5311 2920 5364 In
2949 5310 3236 5383 nonnullis,
3256 5311 3696 5383 πλησιάσαντες,

2220 5378 2433 5456 (96)ᾮ
2458 5378 2496 5451 ἡ
2525 5382 2694 5456 δόξα.
2741 5382 2930 5456 Plures
2967 5381 3179 5456 codices
3220 5382 3299 5437 sic
3343 5378 3727 5456 desinuntzitb

2148 5451 2726 5531 «sacra'Go'EaFEgcob;
2756 5451 2977 5517 αἰῶνας.
3007 5451 3202 5523 ’Λμήψ
3243 5470 3265 5506 t
3297 5453 3385 5511 cui
3409 5460 3591 5516 omnis
3608 5451 3727 5531 gld-

2152 5525 2231 5579 ria
2254 5525 2306 5580 in
2335 5524 2550 5582 saecula.
2572 5525 2763 5580 Amen.
2814 5542 2834 5575 ι

2057 5725 2149 5753 ﬂ.
