3910 6214
416 329 524 386 215

1615 326 1674 383 S.
1717 322 2043 381 GREGORII
2082 321 2427 379 THEOLOGI

3544 317 3651 374 216

419 441 714 498 Ecclesiam
768 440 1112 494 multitndine
1161 438 1448 504 deliniunt,
1498 453 1559 495 ac
1591 454 1815 509 parvum
1848 456 1972 510 gre-

2104 440 2410 510 Εκκλησίαν
2445 439 2520 510 (3)
2557 439 2845 509 ὁρίζοντες,
2888 435 2982 490 καὶ
3005 435 3066 489 τδ
3102 434 3272 507 βραχὺ
3298 431 3653 503 διαπτύοντες

419 548 538 601 gem
575 530 970 601 aspernantur?
998 529 1097 597 Qui
1125 537 1179 582 et
1213 529 1544 583 divinitatem
1581 529 1893 592 metiuntur,
1923 537 1980 584 et

421 622 672 693 pupulum
706 621 941 676 velutad
973 621 1184 676 lancem
1233 619 1586 689 appendunt?
1620 619 1722 685 Qui
1754 634 1975 675 arenam

426 719 476 770 in
509 716 682 786 pretio
715 715 935 777 habent,
968 721 1022 768 et
1051 712 1235 768 mundi
1269 712 1467 766 lumina
1499 711 1842 765 contumeliis
1874 710 1982 765 alli-

414 807 613 862 ciunt?
645 807 744 872 Qui
795 805 1029 873 denique
1076 804 1279 873 lapides
1325 811 1608 874 oggerunt,
1653 813 1707 857 et
1738 818 1981 876 gemmas

413 895 810 952 contemnunt?
839 894 953 948 Non
987 894 1128 947 enim
1160 902 1383 954 norunt,
1415 891 1556 961 quod
1586 902 1791 961 quanto
1817 908 1981 948 arena

418 990 589 1045 stellis
622 987 896 1057 c0piosior
917 994 1019 1049 est,
1055 993 1108 1039 et
1146 984 1355 1054 lapides
1386 983 1668 1053 pellucidis
1691 983 1979 1052 lapidibus,

422 1088 570 1134 tanto
615 1077 852 1133 vicissim
905 1078 1020 1131 hare
1072 1075 1178 1129 illis
1236 1075 1453 1144 puriora
1502 1083 1557 1129 et
1603 1075 1982 1143 praestantiora

423 1178 567 1224 sunt.
629 1169 837 1223 Rursus
894 1167 1228 1237 indignaris?
1294 1166 1506 1223 Rursus
1560 1181 1711 1223 arma
1765 1166 1983 1222 induis?

421 1260 626 1316 Rursus
669 1260 1050 1315 contumeliam
1088 1258 1295 1313 infers?
1335 1257 1471 1313 Num
1502 1275 1641 1314 nova
1670 1259 1844 1315 ﬁdes?
1884 1262 1986 1316 Pa-

420 1367 658 1421 rumper,
711 1366 912 1420 qumso,
966 1350 1139 1403 minas
1173 1350 1303 1404 istas
1333 1351 1648 1419 comprime,
1680 1361 1738 1405 ut
1770 1350 1980 1421 loquar.

419 1444 536 1496 Non
584 1442 837 1509 injuriam
881 1440 1218 1513 inferemns,
1277 1440 1370 1494 sed
1414 1454 1771 1509 coarguamus
1807 1459 1822 1496 :
1877 1458 1983 1496 non

418 1534 595 1588 minas
637 1533 1000 1597 intendemus,
1033 1533 1127 1587 sed
1163 1532 1651 1601 exprobrabimus:
1682 1548 1786 1589 non
1823 1532 1987 1589 ferie-

420 1638 565 1688 mus,
598 1625 695 1679 sed
723 1624 1051 1679 medicinam
1088 1622 1391 1678 all‘eremns.
1424 1623 1589 1696 604
1612 1624 1829 1682 lstudne
1852 1640 1988 1695 qno-

422 1729 527 1783 que
552 1701 645 1769 tibi
664 1715 986 1771 contumelia
1004 1715 1251 1771 videtur?
1274 1713 1318 1768 Ο
1349 1715 1614 1783 insignem
1639 1718 1979 1786 superbiam!

422 1806 669 1864 Etiamne
698 1807 787 1862 hic
813 1821 958 1871 eum,
982 1806 1072 1875 qui
1112 1807 1203 1861 tibi
1236 1806 1498 1876 dignitate
1541 1824 1639 1877 par
1667 1816 1769 1871 est,
1798 1809 1851 1862 in
1878 1825 1988 1864 ser-

2079 531 2355 600 ποίμνιον;
2391 533 2440 583 οἱ
2486 531 2580 583 καὶ
2619 529 2847 600 θεότητα
2895 526 3216 599 μετροῦντες
3250 524 3349 596 (4),
3388 525 3484 579 καὶ
3517 523 3651 578 λαὸν

2081 621 2496 691 σταθμίζοντες;
2545 622 2596 673 οἱ
2644 620 2743 690 τὴν
2782 619 3006 690 ψάμμον
3051 614 3345 685 τιμῶντες,
3393 614 3487 668 καὶ
3523 615 3653 679 τοὺς

2079 712 2370 782 φωστῆρας
2407 711 2747 781 ὑϐρίζοντες
2795 713 2844 763 οἱ
2892 710 3017 771 τοὺς
3059 700 3341 777 κάχληκαᾲ
3391 705 3655 776 θησαυρί-

2082 801 2282 866 ζοντες,
2325 805 2416 857 καὶ
2464 805 2588 867 τοὺς
2636 803 2977 874 μαργαρίτας
3035 798 3407 871 ὑπερορῶντες
3439 799 3547 869 (5);
3576 799 3653 852 Οὐ

2079 894 2190 966 γὰρ
2217 894 2414 958 ἴσασιν,
2443 894 2522 948 ὅτι
2556 895 2616 946 οὐ
2649 892 2897 947 τοσοῦτον
2940 892 3163 961 ψάμμος
3205 889 3449 960 ἀστέρων
3479 889 3654 959 ἀφθο-

2080 986 2310 1056 νωτέρα,
2353 987 2446 1039 καὶ
2493 985 2654 1038 λίθων
2699 984 2934 1053 διαυγῶν
2985 982 3278 1053 κάχληκες,
3317 983 3438 1034 ὅσον
3478 980 3656 1034 ταῦτα

2081 1077 2302 1129 ἐκείνων
2333 1075 2690 1148 καθαρώτερα
2726 1093 2787 1129 τε
2817 1076 2910 1129 καὶ
2948 1073 3266 1145 τιμιώτερα.
3307 1072 3476 1125 Πάλιν
3515 1072 3658 1141 ἀγα-

2081 1170 2335 1232 νακτεῖ;;
2397 1168 2557 1221 πάλιν
2619 1167 2856 1239 ὁπλίζῃ;
2917 1166 3078 1218 πάλιν
3146 1162 3391 1235 ὑϐρίζεις
3438 1162 3570 1234 (6);
3619 1163 3655 1232 ἡ

2082 1261 2243 1331 καινὴ
2276 1259 2352 1332 (7)
2382 1262 2596 1327 πίστις;
2630 1262 2839 1333 Μικρὸν
2883 1261 3106 1331 ἐπίσχες
3144 1259 3242 1331 τὴν
3279 1259 3530 1328 ἀπειλὴν,
3565 1257 3657 1311 ἴνα

2084 1352 2429 1423 φθέγξωμαι.
2455 1356 2568 1423 Οὐχ
2598 1353 2911 1424 ὑϐρίσομεν,
2938 1352 3050 1405 ἀλλ’
3077 1351 3368 1422 ὲλέγξομεν
3406 1350 3482 1419 (8)
3504 1367 3517 1379 ·
3554 1350 3660 1403 οὐκ

2084 1444 2474 1514 ἀπειλήσομεν,
2518 1444 2632 1498 ἀλλ’
2688 1444 3021 1514 ὀνειδίσομεν
3074 1442 3187 1513 (9)·
3240 1443 3300 1495 οὐ
3355 1441 3656 1511 πλήξομεν.

2084 1534 2197 1588 ἀλλ’
2228 1536 2602 1607 ἰατρεύσομεν.
2634 1535 2833 1606 ’Ὕϐρις
2871 1552 2952 1588 σοι
3000 1535 3095 1588 καὶ
3127 1532 3284 1586 τοῦτο
3330 1532 3509 1598 δοκεῖς
3543 1532 3660 1601 Τῆς

2086 1627 2492 1700 ὑπερηφανίαςὲ
2527 1627 2818 1681 Κάνταῦθα
2848 1627 3033 1681 δοῦλον
3067 1629 3240 1688 ποιεῖς
3266 1625 3357 1679 τὸν
3386 1623 3497 1693 (10)
3527 1622 3663 1692 ὁμό-

2087 1735 2278 1789 τιμον;
2313 1719 2375 1771 Εἰ
2425 1718 2481 1771 δὲ
2537 1719 2642 1790 μὴ,
2682 1717 2830 1785 δέξαι
2880 1734 2982 1788 μου
3019 1718 3121 1789 τὴν
3172 1715 3503 1786 παρρησίαν.
3547 1710 3663 1766 Καὶ

2086 1809 2312 1880 ἀδελφὸς
2338 1810 2562 1879 ἀδελφὸν
2589 1811 2798 1881 ἐλέγχει
2824 1809 3145 1873 πλεονεκτού
3154 1825 3329 1879 μενος.

423 1902 580 1956 vilem
633 1902 876 1956 ordinem
941 1902 1126 1972 cogis?
1172 1901 1396 1966 Verum,
1443 1901 1488 1955 si
1533 1903 1763 1957 nonita
1808 1917 1866 1957 se
1912 1918 2000 1959 res
2038 1904 2225 1968 habet;
2265 1904 2350 1960 fac
2373 1915 2613 1959 nostram
2645 1905 2857 1958 dicendi
2895 1904 3196 1958 libertatem
3260 1915 3415 1972 aequo
3477 1900 3666 1955 animo

424 1993 589 2048 feras.
644 1991 780 2057 Nam
823 2002 881 2047 et
918 1991 1090 2053 frater
1129 2007 1251 2047 cum
1284 1991 1453 2047 fratre
1496 1993 1826 2061 expostulat,
1854 1994 2066 2064 quoties
2095 1995 2163 2051 ab
2195 2011 2260 2050 eo
2287 2009 2439 2064 aqua
2473 1995 2722 2065 portione
2750 1996 3051 2048 l'raudatur.

495 2144 559 2198 11.
606 2143 770 2200 Visne
811 2153 863 2199 te
902 2144 1083 2201 verbis
1128 2144 1233 2198 illis
1281 2144 1557 2214 alloquar,
1608 2144 1805 2213 quibus
1847 2144 1990 2201 Deus

423 2236 679 2290 rebellem
736 2242 792 2290 et
834 2236 1100 2291 obdurum
1133 2235 1385 2290 lsraelem
1447 2233 1741 2300 ati’atur”?
1790 2234 1989 2304 Popule

423 2330 591 2397 meus,
618 2331 743 2400 quid
783 2331 885 2400 feci
924 2331 1053 2396 tibi,
1086 2342 1178 2385 aut
1206 2332 1333 2400 quid
1380 2340 1432 2385 te
1470 2331 1713 2395 Iarsi,aut
1748 2333 1871 2401 quid
1899 2333 1992 2387 tibi

426 2422 673 2481 molestus
707 2422 826 2490 fui?
869 2422 983 2476 lmo
1020 2437 1151 2478 vero
1189 2422 1255 2476 ad
1281 2431 1334 2477 te
1360 2460 1376 2485 ,
1421 2423 1514 2491 qui
1554 2424 1893 2479 contumeliis
1934 2423 1988 2478 in

430 2530 515 2568 me
565 2515 755 2579 uteris,
797 2514 1097 2569 orationem
1139 2514 1257 2581 ipse
1309 2514 1540 2568 habebo.
1587 2513 1724 2569 Male
1769 2516 1989 2567 omnino

428 2606 517 2660 alii
555 2607 782 2660 aliorum
831 2617 1070 2674 tempora
1118 2606 1509 2672 observamus,
1568 2621 1631 2659 ac
1678 2605 1850 2660 soluta
1895 2620 1992 2674 per

428 2696 709 2754 sententiae
742 2696 1115 2751 diversitatem
1158 2697 1464 2750 animorum
1510 2696 1825 2761 concordia,
1877 2711 1993 2749 ma-

428 2789 527 2854 iori
563 2802 698 2855 pene
729 2786 958 2842 audacia
1001 2797 1057 2841 et
1102 2786 1423 2851 crudelitate
1467 2802 1564 2840 nos
1611 2786 1756 2853 ipsos
1801 2796 1990 2840 mutuo

428 2888 774 2942 insectantur,
806 2893 992 2947 quam,
1031 2877 1121 2946 qui
1169 2892 1314 2931 nunc
1359 2877 1500 2931 bello
1548 2891 1647 2930 nos
1695 2878 1991 2939 lacessunt,

429 2970 667 3034 barbari,
711 2983 845 3037 quos
890 2967 1128 3045 Trinitas
1176 2968 1354 3023 soluta
1382 2967 1685 3038 conjunxit.
1727 2968 1864 3034 Quin
1893 2967 1995 3021 hoc

433 3077 649 3132 quoque
693 3061 909 3116 nomine
931 3060 1310 3116 sceleratiores
1337 3074 1551 3121 sumus,
1591 3060 1732 3133 quod
1764 3075 1867 3112 non
1900 3073 1996 3112 ex-

434 3167 581 3216 teros
622 3155 818 3218 exteri,
873 3168 972 3211 nec
1007 3154 1219 3219 ignotos
1257 3151 1425 3221 ignoti
1470 3154 1614 3220 (qua:
1643 3165 1727 3204 res
1755 3150 1997 3204 nonnihil

430 3250 592 3306 etiam
623 3249 985 3305 calamitatem
1032 3245 1219 3317 levat),
1262 3261 1448 3300 verum
1500 3245 1747 3314 nosipsos
1791 3257 1996 3308 mutuo,

430 3351 486 3401 et
533 3340 689 3412 quasi
736 3338 1021 3395 domestici
1067 3338 1414 3399 domesticos,
1471 3336 1811 3406 populamur,
1838 3345 1893 3390 et
1915 3336 1996 3389 itt-

430 3434 726 3497 cessimus;
778 3437 893 3494 aut,
938 3429 983 3484 si
1028 3430 1214 3490 mavis,
1257 3428 1496 3495 ejusdem
1549 3428 1792 3497 corporis
1826 3441 1999 3483 mem-

428 3522 943 3592 bra,consumimns
985 3521 1215 3574 invicem
1260 3530 1425 3588 atque
1464 3522 1852 3574 consumimur.
1894 3517 1998 3573 Ne-

431 3631 536 3685 que
577 3615 630 3669 id
678 3628 839 3685 grave
879 3611 934 3666 ét
980 3611 1254 3680 indignum
1305 3619 1408 3676 est,
1451 3626 1758 3683 quanquam
1798 3610 1998 3679 alioqui

433 3720 724 3777 pergrave;
768 3704 862 3759 sed
909 3704 1052 3771 quod
1100 3702 1296 3756 animis
1341 3704 1413 3755 ita
1461 3701 1757 3771 comparati
1787 3716 1996 3765 sumus,

434 3805 493 3852 nt
530 3794 964 3851 imminutionem
1000 3802 1261 3858 nostram,
1309 3793 1700 3853 accessionem,
1727 3802 1887 3859 atque
1922 3790 2000 3843 in-

434 3896 764 3953 crementum
795 3899 917 3940 esse
951 3886 1341 3939 existimemus.
1400 3884 1664 3951 Quoniam
1710 3891 1892 3937 autem
1932 3881 1998 3935 ad

430 3980 578 4041 hunc
606 3979 822 4034 modum
877 3976 1056 4032 affecti
1107 3992 1313 4051 sumus,
1370 3987 1529 4045 atque
1577 3976 1644 4029 ad
1698 3984 1998 4044 temporum

437 4072 704 4128 rationem
732 4070 888 4126 iidem
918 4077 1159 4124 nostram
1192 4068 1683 4133 accommodamus,
1709 4081 1831 4144 age,
1870 4075 2003 4121 tem-

505 4232 550 4265 “
570 4230 735 4301 Mich.
762 4247 833 4294 vt,
866 4230 921 4285 6.

504 4387 582 4460 (5)
616 4389 1002 4456 Ἐκκλησίαν,
1015 4397 1118 4444 etc.
1138 4386 1389 4460 Ecclesiae
1403 4386 1767 4460 deﬁnitionem
1780 4401 1842 4443 ex
1860 4385 2001 4460 mult
2036 4390 2077 4446 ι)

434 4455 661 4515 titudine
717 4455 996 4512 deductam
1048 4460 1257 4513 irridet.
1296 4457 1623 4527 Gregorius;
1698 4471 1803 4510 non
1853 4455 1997 4524 quod

436 4542 563 4583 vera
593 4527 792 4583 Christi
817 4529 1077 4592 Ecclesia,
1107 4528 1342 4582 locorum
1362 4539 1417 4582 et
1453 4537 1750 4595 temporum
1780 4527 1999 4579 univer-

435 4600 614 4662 sitate,
650 4610 715 4651 ac
753 4600 1114 4652 membrorum
1148 4596 1506 4658 multitudine,
1532 4610 1641 4664 prae
1671 4596 1790 4649 aliis
1824 4595 2000 4650 socie-

435 4667 656 4732 tatibus,
707 4681 827 4734 qua:
865 4667 1118 4722 Ecclesiae
1166 4666 1320 4720 titulo
1366 4666 1685 4734 gloriantur,
1723 4664 1997 4734 Catholica

435 4751 540 4792 non
576 4739 676 4805 sit;
714 4733 806 4792 sed
834 4738 960 4805 quia
988 4736 1171 4790 Ariani
1207 4733 1388 4790 veram
1420 4751 1478 4791 se
1504 4733 1999 4805 Constantinopolis

436 4806 732 4862 Ecclesiam
780 4804 900 4863 esse
937 4804 1236 4874 iactabant.
1278 4806 1407 4860 llisu
1466 4804 1523 4858 id
1577 4807 1779 4873 magis,
1835 4818 1998 4874 qnam

435 4876 804 4947 confutatione
836 4873 1057 4947 dignum
1085 4885 1223 4936 erat,
1265 4891 1386 4931 cum
1413 4874 1591 4947 Regia;
1615 4874 1856 4947 civitatis
1900 4873 2001 4928 0r-

436 4946 678 5012 thodoxi,
721 4947 866 5001 omni
901 4945 1036 5015 pene
1084 4956 1353 5015 terrarum
1394 4945 1534 5007 orbi,
1577 4945 1816 5013 ejusdem
1847 4956 2000 5011 com-

435 5016 706 5075 munionis
741 5025 795 5070 et
824 5014 945 5071 ﬁdei
985 5014 1261 5085 societate,
1281 5016 1651 5085 jnngerentttr.

505 5085 583 5156 (4)
612 5088 871 5154 Θεότητα
914 5083 1298 5156 μετροῦντες.
1338 5083 1521 5156 Ariani
1560 5083 1844 5156 Trinitatis
1871 5099 1999 5155 per-

434 5152 596 5209 sonas
635 5158 689 5211 in
733 5152 978 5225 dispares
1024 5156 1222 5221 gradus
1274 5154 1600 5225 dividebant.
1644 5152 1805 5225 Juxta
1860 5152 1999 5219 illos,

436 5222 910 5295 §piritussanctus
931 5234 1049 5279 erat
1075 5242 1094 5275 ι
1128 5239 1372 5294 magnus,
1395 5243 1414 5276 ι
1444 5222 1612 5280 Filius
1633 5243 1651 5275 ι
1677 5224 1904 5295 major,»
1947 5236 2003 5281 et

435 5291 594 5347 Pater
626 5315 644 5346 ι
672 5294 958 5350 maximus.
984 5312 1003 5345 ι

506 5363 585 5434 (5)
629 5361 1219 5437 ’ζπερορῶντεςτγθβ
1244 5364 1267 5417 1
1295 5406 1311 5430 ,
1339 5363 1720 5437 περιορῶντες.
1749 5365 1879 5436 Reg.
1906 5365 1997 5431 itu,

435 5434 860 5507 περιορίζοντες.
902 5436 956 5488 In
980 5436 1336 5507 quibusdam,
1356 5434 1789 5507 ὑπερορίζοντες.

434 5502 797 5635 “(fimile
832 5504 1100 5574 ὑϐρίζεις.
1148 5504 1279 5577 Reg.
1318 5507 1411 5572 hu,
1459 5502 1551 5561 Or.
1586 5508 1645 5573 1,
1674 5516 1805 5572 etc.,
1841 5505 2003 5561 πάλιν

542 5592 612 5635 ις.

542 5592 612 5639 ις.

507 5589 821 5719 ἓῨΚαινή.
854 5646 985 5719 Reg.
1024 5662 1078 5719 θ,
1117 5656 1181 5719 et
1209 5645 1451 5719 Cois”,
1476 5648 1629 5717 κενή,
1661 5666 1678 5700 t
1717 5662 1871 5704 vana.
1907 5665 1925 5699 ι

528 5714 582 5787 8)
613 5714 987 5803 Ἐλέγξομεῐθ.
1023 5714 1631 5791 Βεε.1›ιιι,ὲλέγξωμεν.

2163 2148 2237 2201 B'.
2277 2149 2466 2203 Βούλει
2523 2166 2604 2202 σοι
2655 2148 2724 2201 τὰ
2773 2147 2869 2202 τοῦ
2925 2147 3061 2202 Θεοῦ
3120 2148 3255 2221 πρὸς
3299 2148 3389 2202 τὸν
3445 2148 3670 2220 Ἰσραὴλ

2094 2239 2396 2312 φθέγξομαι
2435 2243 2579 2310 (11),
2630 2241 3008 2312 τραχηλιῶντα
3054 2241 3149 2296 καὶ
3193 2240 3669 2313 σκληρυνόμενον;

2093 2334 2252 2396 Λαός
2277 2351 2416 2400 μου,
2456 2333 2513 2385 τί
2546 2333 2804 2399 ἐποίησά
2834 2348 2954 2395 σοι,
2985 2333 3018 2403 ἢ
3056 2334 3110 2386 τί
3141 2334 3376 2406 ἠδίκησά
3412 2353 3495 2401 σε,
3535 2338 3573 2405 ἣ
3612 2336 3672 2390 τί

2094 2419 2544 2489 παρηνώχλησά
2581 2421 2690 2488 (ὶὲ)
2735 2439 2869 2487 σοι;
2912 2422 3126 2477 Μᾶλλον
3161 2423 3237 2487 δὲ,
3287 2424 3425 2495 πρὸς
3468 2424 3529 2477 σέ
3575 2442 3671 2495 μοι

2094 2511 2183 2563 τὸν
2214 2510 2470 2581 ὑϐριστὴν
2502 2514 2530 2563 ὁ
2564 2511 2738 2580 λόγος.
2765 2512 2966 2576 Κακῶς
3000 2513 3099 2584 μὲν
3126 2514 3252 2577 τοὺς
3281 2513 3524 2585 ἀλλήλων
3556 2516 3673 2568 ἐπι-

2093 2600 2366 2672 τηροῦμεν
2395 2603 2641 2673 καιροὺς,
2687 2603 2779 2654 καὶ
2811 2601 2872 2654 τὸ
2910 2602 3191 2673 σύμψυχον
3229 2602 3337 2675 (15)
3377 2602 3454 2674 τῷ
3491 2606 3673 2675 ἑτερο-

2096 2694 2230 2764 δόξῳ
2268 2694 2551 2759 λύσαντες,
2604 2695 2800 2766 μικροῦ
2844 2696 2939 2748 καὶ
2985 2695 3094 2748 τῶν
3145 2693 3241 2749 νῦν
3286 2696 3675 2766 πολεμούντων

2098 2787 2227 2856 ἡμῖν
2261 2785 2548 2857 βαρϐάρων
2581 2787 2713 2857 (te),
2736 2786 2829 2851 οὒς
2867 2789 2901 2858 ἡ
2936 2788 3104 2857 Τριὰς
3141 2787 3377 2860 λυομένη
3413 2789 3674 2860 συνέστη-

2103 2891 2215 2928 σεν.
2257 2877 2567 2948 Γεγόναμεν
2605 2877 2855 2949 ἀλλήλοις
2886 2879 3368 2950 ὰπανθρωπότεροι
3401 2882 3496 2934 καὶ
3540 2880 3670 2951 θρα-

2022 3015 2063 3072 C
2104 2967 2336 3039 σύτεροι,
2376 2970 2515 3040 πλὴν
2546 2971 2668 3024 ὅσον
2717 2971 2778 3024 οὐ
2829 2970 2967 3036 ξένοι
3020 2970 3286 3043 βάλλομεν
3317 2972 3521 3039 ξένους,
3550 2972 3674 3025 οὐδὲ

2099 3060 2503 3130 ἀλλογλώσσους
2554 3063 2913 3131 ἀλλόγλωσσοι
2966 3062 3013 3135 (ὃ
3061 3065 3155 3117 καὶ
3205 3064 3434 3135 βραχεῖα
3488 3081 3675 3134 παροι-

2103 3156 2268 3225 μυθία
2298 3156 2400 3226 τῆς
2432 3154 2758 3227 συμφορᾶς),
2799 3154 3060 3227 ἀλλήλους
3088 3155 3165 3219 δὲ,
3198 3155 3293 3209 καὶ
3338 3150 3449 3208 οἷον
3495 3156 3546 3207 οἱ
3573 3155 3675 3225 τῆς

2099 3247 2268 3317 αὐτῆς
2295 3248 2489 3312 οἰκίας,
2532 3247 2770 3319 φέρομεν
2799 3265 2860 3300 τε
2899 3249 2991 3301 καὶ
3016 3248 3253 3318 ἄγομεν·
3290 3250 3339 3302 εί
3381 3247 3559 3319 βούλει
3592 3247 3674 3307 δὲ,

2099 3338 2167 3392 τὰ
2190 3338 2285 3391 τοῦ
2328 3339 2493 3392 αὐτοῦ
2537 3339 2789 3410 σώματος
2836 3339 2973 3408 μέλη
3013 3338 3340 3409 δαπανῶμεν
3379 3338 3472 3391 καὶ
3499 3338 3677 3391 δαπα-

2101 3426 2347 3498 νώμεθαο
2375 3429 2470 3482 καὶ
2498 3428 2619 3498 οὐχὶ
2662 3426 2821 3481 τοῦτό
2860 3445 2961 3482 που
2999 3428 3172 3482 δεινὸν
3201 3427 3338 3498 (15).
3383 3426 3584 3499 καίπερ
3615 3426 3677 3481 ὃν

2102 3518 2438 3590 τηλικοῦτον,
2484 3519 2598 3572 ἀλλ’
2637 3520 2719 3573 ὅτι
2753 3519 2847 3572 καὶ
2875 3518 3192 3591 προσθήκην
3237 3518 3528 3588 νομίζομεν
3574 3514 3678 3588 τὴν

2104 3610 2407 3681 ὑφαίρεσιν.
2462 3611 2616 3664 Ἐπεὶ
2658 3610 2715 3665 δὲ
2759 3609 2934 3674 οὕτως
2983 3610 3198 3682 ἔχομεν,
3242 3611 3335 3664 καὶ
3377 3607 3517 3680 μετὰ
3567 3608 3678 3661 τῶν

2103 3700 2311 3771 καιρῶν
2348 3700 2695 3772 πιστεύομεν,
2736 3700 3041 3772 ἀντιθῶμεν
3072 3702 3199 3764 τοὺς
3243 3702 3470 3771 καιροὺς
3509 3700 3679 3770 ἀλλή-

2104 3794 2215 3858 λοις
2235 3810 2250 3825 ·
2280 3796 2344 3848 σὺ
2386 3794 2478 3847 τὸν
2520 3794 2611 3848 σὸν
2641 3794 2885 3865 βασιλέα,
2913 3794 3069 3864 κάγὼ
3095 3795 3220 3860 τοὺς
3255 3795 3422 3867 ἐμούς
3440 3812 3454 3826 ·
3489 3796 3553 3849 σὺ
3585 3797 3681 3849 τὸν

2118 3885 2321 3956 Ἀχαὰὸ
2365 3886 2500 3958 (16),
2541 3886 2654 3955 ἐγὼ
2703 3887 2795 3943 τὸν
2838 3887 3047 3941 Ἰωσίαν
3091 3888 3224 3957 (17).
3272 3887 3540 3960 Διήγησαι
3587 3906 3682 3957 μοι

2106 3979 2206 4048 τὴν
2260 3978 2357 4050 σὴν
2408 3980 2734 4046 ἐπιείκειαν,
2786 3980 2944 4049 κάγὼ
2996 3980 3096 4051 τὴν
3158 3980 3299 4051 ἐμὴν
3337 3978 3679 4051 θρασύτητα.

2107 4070 2323 4125 Μᾶλλον
2369 4070 2446 4136 δὲ,
2491 4072 2589 4144 τὴν
2641 4073 2738 4144 μὲν
2793 4073 2911 4144 σὴν,
2972 4071 3162 4125 πολλαὶ
3214 4073 3308 4125 καὶ
3349 4070 3520 4142 βίϐλοι
3581 4072 3681 4124 καὶ

2202 4382 2256 4454 9)
2284 4382 2712 4454 Ὀνειδζσομεν.
2748 4381 2880 4452 Reg.
2919 4380 3032 4454 bm,
3059 4381 3430 4454 ὀνειδίσωμεν.

2207 4451 2294 4519 11))
2325 4454 2458 4508 Τόν.
2481 4453 2570 4507 Sic
2590 4453 2756 4522 [ἴδες.
2777 4451 3172 4522 ο,1]ηι.1ῃθς1..
3194 4451 3273 4505 τό.

2204 4525 2288 4610 tl.)
2319 4520 2915 4610 εθέγεομαέ-ᾯρηιιξςν
2946 4520 3288 4610 stiriam-

2201 4591 2790 4664 12)Παρηνώχλησα.
2838 4591 2895 4647 In
2938 4591 3279 4661 quibusdam,
3330 4591 3683 4666 παρηνόχλη-

2107 4683 2398 4807 σαξιὸλΐό
2433 4734 2786 4807 σύμψυχον.
2828 4730 2922 4788 Sic
2966 4741 3076 4788 tres
3115 4730 3315 4803 Regg.,
3364 4744 3417 4788 et
3449 4741 3685 4804 quatuor

2105 4802 2347 4861 Cothln
2381 4807 2494 4866 ed.,
2515 4802 2619 4857 τὸν
2647 4802 2951 4873 σύμψυχον.

2178 4875 2292 4945 (14)
2323 4874 2661 4945 Βαρϐάρων.
2690 4872 2919 4945 Gothos,
2943 4882 3001 4927 ut
3034 4873 3380 4945 arbitramur,
3404 4872 3681 4945 intelligit,

2107 4943 2197 5017 qui
2234 4943 2375 4999 anno
2408 4945 2506 5017 577
2555 4943 2841 5017 Thraciam
2892 4943 3131 5015 populati
3209 4955 3369 5017 sunt;
3423 4944 3589 5017 idque
3626 4944 3683 5017 in

2108 5013 2321 5086 mnam
2365 5014 2551 5067 solutae
2588 5015 2758 5083 pacis,
2798 5026 2864 5085 ac
2897 5013 3152 5069 errorum
3194 5015 3339 5068 circa
3394 5013 3683 5069 sanctissi-

2108 5100 2249 5138 mam
2282 5084 2622 5138 Trinitatem.

2107 5100 2249 5139 mam
2283 5099 2622 5138 'l'l‘lﬂllalelllo

2181 5154 2294 5226 (15)
2319 5152 2433 5226 Kgl
2463 5152 3178 5226 οὐχὶζοῦτό-πουίδεινόν.
3195 5153 3297 5226 βῆς
3324 5153 3503 5226 plures
3516 5153 3680 5226 codd.

2108 5226 2163 5280 In
2183 5223 2284 5281 Or.
2298 5226 2321 5278 1
2337 5264 2350 5289 ,
2368 5223 2516 5286 Par.,
2532 5236 2589 5277 et
2611 5223 2777 5280 Coisl.
2799 5224 2852 5289 1,
2872 5225 2967 5277 καὶ
2985 5224 3107 5292 οὐχὶ
3126 5223 3284 5277 τοῦτό
3310 5224 3681 5288 πωςΑὶοιιιιλ,

2109 5297 2169 5353 ού
2201 5295 2360 5349 τοῦτό
2387 5310 2504 5356 πως
2525 5292 2716 5358 δεινὸν,
2748 5295 2798 5347 εἰ
2822 5293 2916 5348 καὶ
2937 5294 3131 5348 δεινόν.
3161 5293 3330 5349 Prave
3353 5298 3405 5348 in
3440 5295 3554 5359 ed.,
3583 5295 3684 5349 καὶ

2107 5368 2230 5437 οὐχ).
2252 5366 2348 5437 τοῦ
2379 5364 2543 5437 τόπου
2565 5365 2753 5437 δεινόν.

2109 5431 2292 5561 (1·(116)
2326 5431 2555 5503 Ἀχαάϐ.
2593 5436 2806 5491 Schol.:
2836 5434 3110 5491 Οὐαλέντα
3140 5434 3318 5504 λέγει’
3344 5453 3362 5486 ι
3401 5432 3685 5491 Valentem

2149 5524 2211 5560 ιρι
2247 5549 2259 5561 .
2286 5526 2305 5558 ι

2149 5509 2259 5561 icit.
2286 5526 2305 5558 ι

2183 5576 2294 5647 (17)
2331 5577 2585 5633 Ἰωσίαν.
2614 5575 2831 5632 Schol.:
2864 5577 3140 5631 Θεοδόσιον
3179 5577 3269 5630 τὸν
3294 5575 3487 5644 Μέγαν
3526 5569 3687 5647 οἶμαι

2110 5646 2307 5729 λέγειν·
2351 5668 2367 5702 ι
2404 5647 2764 5705 Theodosium
2798 5649 3070 5719 Magnum,
3109 5657 3166 5703 ut
3200 5647 3455 5714 arbitror,
3485 5646 3679 5706 intelli

2111 5731 2206 5789 εει.
2240 5737 2265 5787 »⁸
