3910 6214
292 319 400 376 217
1011 319 1272 378 ORATIO
1309 316 1551 374 XXXIII.
1587 347 1658 358 —
1688 316 1967 373 CONTRA
2004 315 2305 372 ARIANOS
2340 315 2430 371 ET
2472 314 2562 369 DE
2603 312 2855 371 SEIPSO.
3427 316 3536 376 iis

290 436 538 507 γλῶσσαι
594 434 871 505 φέρουσιν,
925 431 992 495 ἃς
1049 432 1144 486 καὶ
1194 434 1224 485 ὁ
1277 431 1486 503 μέλλων
1538 428 1858 500 ὑπολήψεται

1972 443 2102 498 pora
2146 444 2267 484 cum
2301 428 2635 498 temporibus
2678 429 3108 486 committamus.
3153 428 3350 499 Regem
3385 439 3534 486 tuum

287 529 508 601 χρόνος,
531 527 654 596 ἐμοὶ
679 525 874 587 δοκεῖν,
898 524 932 594 ἡ
962 521 1229 585 ἀθάνατος
1255 522 1424 594 στήλη
1451 520 1559 574 τῶν
1585 520 1858 593 πράξεων·

1974 518 2158 587 profer
2189 537 2203 572 :
2236 534 2336 589 ego
2374 518 2646 588 proferam
2679 534 2850 574 meos.
2915 519 2992 574 Tu
3042 519 3267 574 Achab:
3297 534 3396 591 ego
3446 520 3538 575 Jo-

289 620 404 690 ὲγὼ
429 620 488 673 δὲ
513 618 612 689 τὴν
644 615 881 688 ἐμαυτοῦ
909 616 1259 687 διηγήσομαι.

1974 610 2132 663 siam.
2166 608 2333 663 Tuam
2383 609 2517 663 mihi
2562 608 2948 662 humanitatem
2982 618 3037 661 et
3066 610 3536 664 mansuetudinem

296 728 705 770 commemora:
766 727 866 782 ego
941 713 1066 766 item
1115 725 1288 764 meam
1332 708 1609 763 audaciam
1669 715 1724 760 et
1788 703 2245 773 importunitatem
2309 715 2597 769 exponam.
2655 700 2793 766 Quin
2856 700 3066 769 potius,
3122 707 3270 754 tuam
3319 700 3536 769 quidem

288 808 766 873 inhumanitatem,
805 814 859 859 et
895 804 1046 858 multi
1079 803 1226 867 libri,
1258 813 1313 857 et
1337 802 1531 869 linguae
1593 797 2002 857 circumferunt,
2069 808 2207 873 quas
2252 792 2412 845 etiam
2489 793 2780 860 posteritas
2852 790 3028 844 omnis
3096 801 3384 858 exceptura
3432 803 3536 855 est,

287 912 572 965 aeternam,
614 900 717 954 nisi
766 915 852 953 me
890 898 1072 968 opinio
1124 897 1278 963 fallit,
1327 896 1489 950 rebus
1554 909 1584 947 a
1652 902 1703 948 te
1749 893 1917 963 gestis
1952 888 2258 960 ignominia:
2298 898 2484 940 notam
2527 887 2772 941 inustura
2802 904 2816 939 :
2845 901 3021 941 meam
3085 901 3213 941 vero
3249 886 3366 961 ipse
3408 902 3537 945 ora-

288 998 438 1050 tione
457 996 763 1064 .complecta
773 1010 819 1051 r.

357 1085 433 1137 I".
471 1085 609 1137 Τίνα
653 1084 822 1155 δῆμον
851 1082 1129 1153 ὲπήγαγόν
1174 1099 1256 1136 σοι
1290 1082 1481 1154 θράσει
1528 1080 1858 1153 φερόμενον;

2040 1072 2126 1127 ΙΙΙ.
2168 1071 2337 1138 Quem
2370 1071 2624 1140 populum
2653 1070 2875 1127 audacia
2902 1070 3104 1131 elatum
3133 1070 3186 1126 in
3224 1081 3274 1126 te
3298 1071 3540 1127 immisi?

283 1174 451 1238 Τίνας
502 1173 726 1237 ὁπλίτας
780 1172 1096 1244 παρέταξα;
1152 1172 1288 1225 Τίνα
1346 1171 1651 1243 στρατηγὸν
1706 1167 1858 1238 θυμῷ

1971 1166 2115 1232 Quos
2157 1165 2352 1219 milites
2396 1164 2662 1217 instruxi?
2702 1162 2870 1230 Quem
2919 1164 3045 1218 belli
3096 1165 3285 1223 ducem
3330 1166 3408 1219 ira
3451 1166 3537 1219 in-

284 1267 481 1332 ζέοντα
505 1266 642 1339 (18),
669 1267 763 1319 καὶ
796 1266 906 1318 τῶν
946 1265 1345 1318 ὲπιτασσόντων
1371 1263 1479 1335 (19)
1506 1261 1858 1336 θρασύτερον,

1971 1254 2327 1319 ﬂammatum,
2379 1253 2571 1322 iisque,
2626 1255 2717 1323 qui
2769 1254 3130 1323 imperabant,
3189 1257 3533 1323 atrociorem,

283 1361 379 1414 καὶ
421 1359 608 1414 τοῦτον
639 1359 762 1412 οὐδὲ
796 1356 1141 1429 Χριστιανὸν,
1170 1356 1284 1410 ἀλλ’
1313 1357 1520 1410 οἰκείαν
1563 1354 1858 1425 θρησκείαν

1971 1363 2031 1401 ac
2059 1360 2127 1401 ne
2165 1346 2541 1402 Christianum
2566 1346 2780 1415 quidem
2813 1346 3008 1415 ipsum,
3052 1361 3238 1402 verum
3265 1362 3415 1403 suam
3442 1349 3539 1402 ad-

283 1452 632 1523 προσάγοντα
678 1452 793 1513 τοῖς
853 1445 1047 1501 ἑαυτοῦ
1099 1446 1346 1517 δαίμοσι,
1392 1447 1491 1518 τὴν
1537 1445 1655 1500 καθ’
1704 1441 1858 1516 ήμῶν

1971 1453 2181 1494 versum
2240 1453 2341 1494 nos
2410 1438 2785 1508 impietatem,
2846 1447 3101 1509 tanquam
3147 1449 3538 1509 congruentem

282 1543 569 1608 ἀσέϐειαν;
622 1541 787 1604 Τίνας
832 1541 1156 1611 εὐχομένους
1200 1538 1587 1610 ὲπολιόρκησα,
1627 1536 1723 1590 καὶ
1761 1536 1858 1599 τὰς

1971 1530 2243 1599 quemdam
2265 1529 2466 1585 cultum
2492 1530 2822 1585 daemonibus
2852 1530 2966 1585 suis
3005 1529 3344 1589 oﬂ‘erentem?
3362 1534 3538 1599 Quos-

283 1636 475 1706 χεῖρας
514 1633 650 1704 πρὸς
690 1630 782 1684 τὸν
824 1630 957 1684 Θεὸν
1002 1630 1291 1700 αίροντας;
1338 1627 1500 1689 Τίνας
1538 1622 1858 1694 ψαλμῳδίας

1971 1635 2087 1675 nam
2116 1620 2368 1690 precibus
2406 1635 2627 1690 operam
2674 1622 2888 1685 dantes,
2940 1637 3240 1693 manusque
3273 1624 3338 1678 ad
3365 1622 3535 1679 Deum

285 1721 574 1791 σάλπιγξιν
615 1720 849 1792 έστησα;
889 1719 1064 1772 Τίνων
1113 1716 1376 1788 μυστικὸν
1423 1709 1564 1785 αἷμα
1616 1715 1858 1782 φονικοῖς

1971 1711 2289 1777 attollentes,
2324 1712 2607 1767 obsidione
2636 1711 2831 1767 cinxi?
2868 1711 3015 1779 Quas
3045 1714 3373 1783 psalmorum
3407 1730 3539 1768 can-

281 1816 511 1886 αἵμασιν
560 1811 761 1884 iunia;
812 1811 985 1866 Τίνων
1041 1808 1287 1881 οἰμωγὰς
1334 1806 1555 1878 θρήνοις
1610 1804 1858 1871 ἔπαυσα,

1971 1802 2162 1869 tiones,
2203 1804 2453 1858 tubarum
2478 1801 2643 1874 605
2691 1802 2948 1873 clangore
2996 1806 3334 1874 compressi?
3385 1805 3539 1872 Quo-

283 1903 663 1975 πνευματικὰς
686 1900 954 1973 ὀλεθρίοις
974 1900 1129 1971 (19⁸),
1156 1900 1251 1953 καὶ
1276 1897 1506 1969 δάκρυσι
1531 1896 1857 1968 τραγῳδίας,

1971 1911 2083 1950 rum
2134 1896 2421 1968 mysticum
2472 1898 2791 1966 sanguinem
2837 1913 2961 1952 cum
2999 1898 3228 1953 caedium
3275 1900 3540 1969 sanguine

278 1998 494 2069 δάκρυα
550 1995 923 2062 κατανύξεως;
984 1994 1141 2047 Ποῖον
1193 1991 1305 2062 (20)
1360 1990 1668 2063 προσευχῆς
1713 1985 1858 2043 οἷκον

1971 1989 2298 2055 permiscui?
2349 1986 2495 2055 Quos
2539 1989 2859 2058 spirituales
2916 1988 3094 2057 ﬂetus,
3155 1992 3539 2051 emorientlum

279 2088 562 2158 πεποίηκα
589 2084 938 2156 πολυάνδριον
960 2100 976 2149 ;
1000 2084 1136 2136 Ποῖα
1164 2081 1507 2154 λειτουργικὰ
1538 2079 1729 2150 σκεύη,
1766 2079 1858 2133 καὶ

1971 2077 2197 2145 ﬂetibus,
2227 2088 2281 2134 et
2306 2094 2443 2148 quas
2467 2081 2802 2149 paenitentiae
2832 2081 3121 2154 lacrymas,
3151 2083 3427 2153 tragmdite
3460 2082 3541 2139 la-

276 2177 394 2237 τοῖς
432 2172 647 2236 πολλοῖς
698 2170 970 2241 ἀψαυστα,
1022 2170 1208 2240 χερσὶν
1252 2170 1468 2240 ἀνόμων
1513 2168 1772 2237 ἐξέδωκα,
1823 2167 1857 2239 ἢ

1971 2171 2164 2241 crymis
2193 2171 2451 2227 cohibui?
2482 2172 2656 2238 Quam
2701 2174 2968 2230 orationis
3008 2175 3225 2229 domum
3258 2176 3313 2230 in
3357 2175 3541 2245 sepul-

281 2263 679 2335 Ναϐουζαρδάν
708 2263 787 2333 τῷ
822 2260 1284 2335 ἀρχιμαγείρῳ,ἢ
1318 2261 1605 2333 Βαλτάσαρ
1643 2260 1723 2332 τῷ
1763 2276 1858 2315 κα-

1971 2278 2123 2317 crum
2146 2264 2436 2318 converti?
2474 2261 2606 2329 Quae
2646 2279 2777 2319 vasa
2818 2265 3124 2321 ministerio
3168 2281 3324 2322 sacro
3367 2269 3537 2322 desti-

277 2357 393 2420 κῶς
429 2359 487 2410 ὲν
522 2359 635 2419 τοῖς
661 2354 835 2424 ἁγίοις
858 2355 1214 2426 τρυφήσαντι,
1242 2353 1335 2406 καὶ
1368 2353 1547 2425 μέντοι
1573 2353 1667 2405 καὶ
1706 2352 1858 2415 δίκας

1971 2363 2119 2420 nata,
2190 2370 2293 2410 nec
2348 2355 2496 2424 vulgi
2556 2356 2806 2411 manibus
2870 2360 3246 2424 attrectanda,
3298 2359 3535 2429 iniquo-

277 2443 666 2515 εἰσπραχθέντι
722 2445 823 2516 τῆς
905 2444 1163 2508 ἀπονοίας
1234 2443 1421 2509 ἀξίας;
1488 2443 1858 2514 Θυσιαστήρια

1971 2460 2085 2499 rum
2115 2445 2366 2501 manibus
2395 2447 2596 2510 dedidi,
2622 2462 2834 2518 nempe,
2863 2449 2945 2503 vel
2972 2448 3304 2505 Nabuzardaa
3335 2465 3540 2520 coquo-

276 2535 651 2605 ἡγαπημένα,
694 2535 772 2599 ὥς
811 2552 976 2607 φησιν
1005 2537 1039 2607 ἡ
1066 2535 1184 2589 Θεία
1229 2535 1342 2605 (21)
1384 2534 1594 2606 Γραφὴ,
1646 2534 1763 2587 νυνὶ
1803 2533 1858 2587 δὲ

1971 2552 2084 2591 rum
2114 2536 2367 2605 praefecto
2396 2538 2462 2601 “,
2496 2535 2580 2592 vel
2609 2535 2887 2592 Baltazaro
2919 2537 2985 2604 ¹³,
3033 2538 3125 2608 qui
3166 2539 3304 2593 male
3333 2539 3387 2593 in
3415 2554 3540 2594 san-

276 2624 724 2695 καθυϐρισμένα·
759 2626 913 2696 ὑμῶν
941 2626 999 2680 δὲ
1032 2629 1182 2679 ποῖον
1224 2625 1332 2694 (22)
1364 2625 1431 2691 δι’
1460 2626 1608 2694 ἡμᾶς
1647 2641 1858 2696 κατωρ-

1971 2630 2064 2683 etis
2114 2628 2322 2694 poculis
2378 2628 2770 2699 perbacchatus
2816 2636 2919 2694 est,
2982 2639 3146 2699 atque
3184 2630 3320 2684 adeo
3348 2630 3538 2700 dignas

274 2718 484 2789 χήσατο
515 2718 799 2790 μειράκιον
826 2718 1079 2786 ἀσελγὲς,
1106 2716 1308 2787 αἰσχρὰ
1337 2715 1688 2787 λυγιζόμενον
1720 2716 1856 2788 (2'5),

274 2812 375 2865 καὶ
407 2810 819 2881 καμπτόμενονς
859 2811 1060 2882 μᾶλλον
1103 2811 1179 2876 δὲ,
1206 2810 1295 2864 διά
1347 2810 1489 2873 τίνος
1526 2809 1638 2879 ἐγὼ
1685 2810 1860 2864 τοιού-

272 2919 372 2955 του
423 2902 535 2973 (24)
578 2902 640 2955 τὸ
675 2902 816 2973 μέγα
869 2903 1165 2973 μυστήριον
1209 2901 1303 2955 καὶ
1346 2901 1488 2955 θεῖον
1540 2902 1858 2973 ὲξωρχησά-

279 3010 392 3064 μην
442 2992 587 3063 (25);
637 2994 891 3065 Καθέδρα
961 2993 1152 3063 τιμία,
1225 2992 1320 3047 καὶ
1389 2992 1588 3063 τιμίων
1650 2993 1858 3065 ἀνδρῶν

1961 2719 2198 2775 amentia
2220 2734 2316 2774 sua
2350 2733 2540 2788 poenas
2573 2719 2843 2775 exsolvit?
2883 2719 3091 2774 Altaria
3134 2720 3324 2786 chara,
3366 2729 3427 2776 ut
3461 2722 3540 2776 ait

1961 2810 2242 2881 Scriptura
2261 2812 2326 2877 ι’,
2359 2828 2500 2867 nunc
2529 2821 2708 2867 autem
2740 2811 3087 2868 contumelia:
3116 2811 3335 2877 habita;
3386 2812 3540 2881 quis-

1962 2919 2088 2957 nam
2143 2903 2446 2974 impudicus
2489 2904 2828 2969 adolescens,
2875 2903 3105 2974 turpiter
3148 2903 3390 2958 membra
3425 2911 3539 2958 tor-

1961 3011 2136 3065 quens
2173 3010 2238 3051 ac
2267 2996 2569 3061 inﬂectens,
2614 3004 2799 3051 nostra
2835 3010 2998 3050 causa
3035 2994 3190 3049 vobis
3222 2993 3538 3049 insultavit?

274 3086 483 3157 ἵδρυμα
524 3085 618 3138 καὶ
650 3085 970 3154 ἀνάπαυμα,
1002 3084 1097 3139 καὶ
1129 3083 1356 3148 πολλοὺς
1409 3083 1655 3149 εὐσεϐεῖς
1696 3086 1858 3157 ἀμεί-

1971 3086 2042 3141 vel
2082 3087 2283 3156 potius,
2331 3103 2427 3158 per
2474 3102 2633 3156 quem
2685 3101 2924 3156 unquam
2963 3085 3276 3155 hujusmodi
3311 3085 3535 3141 nebulo-

271 3178 426 3247 ψασα
478 3176 688 3248 ἱερέας,
734 3176 938 3232 ἀνωθεν
985 3176 1055 3230 τά
1107 3176 1226 3231 θεῖα
1273 3178 1849 3249 μυσταγωγήσαντας·

273 3272 370 3323 ἐπὶ
396 3270 451 3323 δὲ
487 3269 548 3323 σὲ
573 3270 655 3333 τίς
697 3269 861 3340 ἀνέϐη
895 3269 1207 3341 δημηγόρος
1231 3269 1453 3340 Ἕλλην,
1500 3270 1594 3324 καὶ
1635 3270 1857 3338 γλῶσσα

276 3361 527 3432 πονηρὰ,
563 3360 633 3413 τὰ
691 3360 1032 3433 Χριστιανῶν
1087 3360 1509 3430 στηλιτεύουσα;
1564 3362 1857 3434 Παρθένων

273 3453 438 3516 αἰδὼς
467 3453 562 3506 καὶ
607 3452 892 3523 σεμνότης,
931 3451 1083 3520 ὄψεις
1106 3444 1333 3522 ’ἀνδρῶν
1380 3451 1513 3522 μηδὲ
1565 3452 1856 3522 σωφρόνων

277 3545 544 3617 φέρουσα,
573 3544 632 3597 σὲ
660 3543 717 3597 δὲ
754 3543 837 3609 τίς
865 3543 1021 3615 ἡμῶν
1047 3543 1248 3614 ᾔσχυνε
1292 3542 1386 3596 καὶ
1426 3541 1725 3614 καθύϐρισε
1758 3543 1853 3614 μέ-

274 3655 368 3709 χρι
396 3637 504 3691 τῶν
541 3636 805 3700 ἀθεάτων,
832 3636 927 3689 καὶ
968 3634 1180 3689 ἀσεϐῶν
1212 3636 1366 3706 ὄψεσι
1400 3635 1678 3706 προύθηκε
1725 3635 1852 3689 θέαν

276 3730 542 3802 ἐλεεινὴν,
589 3730 684 3783 καὶ
739 3727 833 3782 τοῦ
888 3727 1236 3797 Σοδομιτικοῦ
1291 3728 1403 3798 (26)
1452 3728 1623 3801 πυρὸς
1661 3728 1851 3795 ἀξίαν;

291 3822 396 3878 Ἐῶ
444 3822 554 3894 γὰρ
603 3821 863 3886 θανάτους
909 3820 1088 3889 λέγειν
1126 3820 1224 3892 τῆς
1261 3818 1523 3891 αἰσχύνης
1569 3818 1855 3873 ἀνεκτοτέο

280 3933 430 3987 ρους.

1960 3194 2082 3233 nem
2114 3193 2214 3249 ego
2256 3194 2511 3248 magnum
2553 3187 2608 3233 et
2657 3180 2899 3234 divinum
2951 3178 3269 3249 mysterium
3300 3177 3535 3232 ludibrio

1960 3268 2166 3322 habui?
2190 3267 2235 3322 Ο
2269 3271 2525 3326 cathedra
2554 3270 2832 3339 praeclara,
2863 3279 2919 3325 et
2949 3269 3334 3338 praeclarorum
3377 3269 3524 3324 viro-

1964 3375 2084 3414 rum
2127 3362 2287 3416 sedes
2328 3377 2394 3417 ac
2430 3363 2671 3431 requies,
2704 3376 2932 3432 qumque
2960 3360 3156 3415 multos
3190 3361 3309 3430 pios
3339 3375 3525 3416 sacer-

1964 3453 2140 3520 dotes,
2187 3455 2277 3523 qui
2303 3452 2415 3525 jam
2457 3454 2584 3509 olim
2627 3469 2717 3509 res
2763 3456 2975 3509 divinas
3016 3454 3337 3519 docuerunt,
3377 3467 3533 3507 com-

1962 3547 2208 3613 mutasti;
2244 3549 2491 3615 quisnam
2520 3547 2767 3602 ethnicus
2801 3545 3151 3601 concionator
3189 3555 3242 3601 te
3274 3559 3537 3600 conscen-

1963 3637 2067 3702 dit,
2106 3648 2162 3694 et
2198 3639 2441 3709 improha
2497 3639 2698 3707 lingua,
2739 3638 3173 3694 Christianorum
3218 3637 3533 3710 religionem

1963 3730 2227 3786 invectiva
2264 3734 2513 3787 oratione
2540 3730 2930 3801 proscindens?
2963 3729 3008 3787 Ο
3048 3730 3316 3800 virginum
3359 3730 3533 3799 pudor

1962 3832 2017 3877 et
2043 3826 2288 3888 castitas,
2320 3839 2389 3879 ne
2420 3824 2736 3893 pudicarum
2773 3822 2987 3893 quidem
3022 3824 3257 3877 virorum
3294 3838 3532 3890 conspe-

1978 3924 2122 3969 ctum
2171 3915 2372 3983 ferens,
2421 3916 2669 3985 quisnam
2705 3928 2770 3967 ex
2814 3913 3038 3978 nostris,
3066 3929 3235 3982 usque
3264 3914 3426 3968 etiam
3463 3914 3529 3967 ad

275 4026 369 4065 eas
399 4009 646 4079 corporis
670 4015 870 4077 partes,
897 4021 1031 4076 quas
1056 4006 1323 4074 inspicere
1360 4004 1515 4059 nefas
1541 4013 1679 4069 erat,
1711 4006 1913 4075 probro
1942 4017 1997 4062 et
2023 4011 2349 4065 contumelia
2409 4027 2508 4065 vos
2574 4009 2772 4073 aﬂecit,
2845 4017 3005 4078 atque
3043 4008 3327 4077 impiorum
3403 4023 3531 4063 ocu-

274 4103 346 4159 lis
371 4103 740 4159 miserandum
783 4100 1151 4185 spectaculum
1215 4101 1512 4171 proposuit,
1546 4100 1870 4170 ﬂammaque
1945 4102 2275 4177 Sodomitica
2349 4104 2770 4161 vindicandum?
2819 4102 2971 4159 Mitto
3020 4103 3163 4158 enim
3219 4104 3392 4157 caedes
3424 4101 3526 4156 hu.

270 4200 509 4271 jusmodi
538 4199 736 4268 probro
766 4188 1175 4252 tolerabiliores.

347 4297 422 4349 A'.
461 4293 627 4356 Τίνας
651 4292 1015 4363 ὲπαφήκαμεν
1058 4291 1232 4363 θῆρας
1268 4291 1440 4360 ἁγίων
1484 4290 1749 4362 σώμασιν,
1782 4290 1856 4356 ὣς

2034 4289 2125 4347 1V.
2167 4291 2321 4358 Quas
2349 4293 2492 4347 feras
2522 4292 2576 4347 in
2603 4301 2910 4347 sanctorum
2935 4303 3158 4359 corpora
3184 4288 3525 4354 immisimus,

272 4406 419 4452 τινες
447 4388 544 4455 τὴν
570 4386 913 4458 ἀνθρωπείαν
949 4386 1109 4454 φύσιν
1145 4382 1256 4453 (27)
1285 4382 1759 4454 δημοσιεύσαντες,
1798 4383 1857 4437 ἒν

274 4478 674 4551 ἐγκαλέσαντες
717 4477 898 4549 μόνον,
940 4476 1001 4529 τὸ
1043 4476 1118 4547 μὴ
1161 4478 1227 4547 τῇ
1276 4474 1501 4545 ἁσεὸείᾳ
1546 4475 1855 4541 συνθέσθαι,

1958 4395 2019 4439 ιιι
2048 4386 2319 4451 nonnulli,
2356 4386 2447 4456 qui
2484 4387 2772 4441 humanam
2808 4392 3058 4438 naturam
3099 4382 3436 4451 publicarunt
3472 4391 3531 4437 et

1958 4479 2386 4546 prostituerunt,
2429 4477 2534 4535 hoc
2580 4492 2746 4533 unum
2796 4474 3009 4531 crimini
3054 4484 3347 4539 vertentes,
3385 4472 3529 4544 quod

358 4592 402 4625 “
425 4590 494 4646 IV
527 4590 660 4660 Reg.
689 4604 816 4653 xxv,
850 4589 936 4643 11.
1020 4589 1063 4620 ⁸³
1110 4586 1243 4640 Dan.
1274 4600 1325 4648 ν,
1367 4586 1421 4640 5.
1501 4584 1684 4641 “Ose.
1715 4602 1833 4653 vm,
1864 4584 1950 4640 11.

346 4681 459 4756 (18)
492 4681 735 4756 Ζέοντα.
766 4679 900 4756 Reg.
921 4675 1322 4756 blﬂ,hCé_Ga-VTG;

347 4744 464 4825 (19)
495 4744 1009 4825 ’ξῖπιτιισσιξινῖτωνςζ
1044 4746 1227 4825 Schol:
1253 4763 1265 4798 :
1294 4744 1567 4825 Βασιλέων
1613 4744 1854 4825 ἑτεροδό-

272 4814 403 4892 ξων·
445 4814 470 4873 'c
514 4819 937 4892 Imperatoribus
966 4815 1246 4892 [haereticis
1285 4814 1717 4892 erutleliorent.{
1756 4814 1855 4867 llic

273 4886 613 4963 designatur"
649 4886 1181 4963 Pall_t_tdiu3___A§gypti
1235 4895 1448 4963 rector,
1501 4887 1659 4963 qui,
1697 4886 1851 4963 juxta

273 4954 700 5025 Theodoretum,
742 4957 884 5012 Hist.
926 4954 1147 5019 libaiv,
1188 4970 1239 5009 c.
1277 4955 1384 5025 se,
1424 4954 1852 5025 post_Athanasii

272 5034 507 5094 obitum,
540 5023 903 5094 Alexandriae,
926 5043 991 5083 ac
1017 5027 1071 5082 in
1118 5034 1227 5082 tota
1258 5024 1516 5096 IEgypto,
1546 5023 1854 5079 Catholicos

273 5104 597 5177 gravissime
624 5096 830 5177 aﬂlixit.

347 5172 484 5251 (ξεν)
512 5170 704 5251 Klter
721 5168 1003 5251 οιμφχάς.
1022 5166 1264 5251 θρτὶνρις
1300 5164 1571 5251 έῐταυςαο.
1590 5178 1855 5251 περιέξε-

270 5234 447 5308 τινὶὰς
469 5234 803 5308 ὀλεθρίοιᾲ
834 5234 1128 5309 .SicRegg.
1181 5238 1292 5299 bm,
1328 5236 1424 5301 hu,
1458 5246 1510 5288 et
1559 5243 1667 5309 tres
1696 5234 1847 5309 Qolh.

270 5301 465 5434 $312!,
517 5301 681 5364 τίνων
706 5301 951 5379 οἰμωγὰς
1001 5301 1215 5361 ἔπαυσα
1244 5302 1619 5377 πνευματικὰς
1636 5301 1853 5375 θρήνοις

404 5399 435 5434 ο
457 5396 558 5434 etc.

269 5382 558 5439 ὀλεθρίοις.

344 5396 727 5523 ﬂaminiam
798 5448 936 5505 Tres
1003 5447 1155 5505 Coll).
1214 5453 1270 5502 et
1315 5444 1531 5509 Comb.,
1589 5441 1743 5514 ὑμῶν
1797 5441 1854 5495 δὲ

270 5527 450 5579 ποῖον.

346 5592 460 5659 (21)
503 5590 660 5645 Θεία.
695 5590 855 5644 Deest
880 5589 932 5642 in
955 5587 1050 5644 Or.
1073 5588 1126 5643 1.

346 5594 429 5659 (21
503 5592 660 5645 Θεία.
695 5592 855 5644 Deest
880 5592 932 5642 in
955 5592 1050 5644 Or.
1073 5592 1126 5643 1.

345 5592 463 5732 (22)
493 5661 695 5716 Ποῖον.
736 5662 827 5716 Sic
860 5659 1026 5730 Regg.
1066 5673 1118 5724 a,
1154 5656 1210 5724 d,
1241 5654 1407 5713 Coisl.
1437 5654 1491 5719 1,
1517 5662 1624 5710 etc.
1648 5648 1708 5708 In
1736 5650 1852 5718 ed.,

271 5749 468 5791 ποιων.

2027 4671 2142 4742 (‘25)
2175 4669 2869 4742 Alozpd_.1yrlé'dpsror.
2908 4669 3000 4724 Sic
3038 4667 3220 4742 plures
3263 4669 3443 4742 codd,
3468 4670 3525 4727 In

1958 4738 2082 4798 Par.
2107 4738 2219 4804 éd.,
2256 4738 2459 4810 αἰσχρά
2509 4738 2872 4810 λογιζόμενον,
2909 4741 3048 4806 quod
3103 4738 3287 4810 Dillius
3311 4740 3469 4810 vertit
3506 4757 3521 4804 ς

1964 4832 1983 4867 ι
2022 4811 2248 4879 turpiter
2275 4808 2589 4865 cantillans.
2632 4830 2650 4862 ι
2680 4808 2822 4864 Nihil
2874 4822 3049 4864 tamen
3086 4808 3151 4861 de
3182 4808 3321 4879 turpi
3360 4820 3525 4879 cantu

1958 4876 2139 4935 exstat
2177 4881 2228 4932 in
2262 4879 2772 4934 PetriAlexandrini
2811 4880 3058 4949 epistola,
3104 4878 3244 4945 apud
3274 4876 3527 4949 Theodo-

1960 4963 2133 5004 retum
2174 4950 2270 5004 lib.
2296 4965 2371 5013 tv,
2416 4965 2467 5004 c.
2496 4949 2587 5016 22,
2623 4948 2867 5017 quamvis
2921 4959 3128 5016 turpem
3155 4959 3211 5001 et
3231 4948 3525 5004 obscenam

1942 5016 2161 5088 juvenis
2190 5019 2332 5074 illius
2361 5016 2795 5088 praedicatiOnem
2827 5024 3106 5088 memoret:

2020 5089 2131 5174 (2'4)
2188 5090 2292 5144 Διὰ
2337 5084 2501 5155 τινος
2558 5089 2673 5160 ἐγὼ
2729 5090 3022 5144 τοιούτου.
3071 5084 3206 5153 188.,
3258 5085 3346 5142 διὰ
3382 5085 3528 5153 τίνος

1947 5176 2224 5213 τοιούτων.

2019 5231 2133 5300 (25)
2164 5227 2672 5300 ᾉἘξιφχηοζάμην.
2698 5228 2795 5300 Sic
2819 5227 3000 5300 plures
3040 5226 3212 5300 Regg.
3251 5235 3307 5283 et
3339 5225 3526 5297 Ct)lh.,L

1948 5296 2042 5356 Or.
2076 5296 2127 5364 1,
2162 5298 2312 5368 Par.,
2332 5296 2663 5363 'Combf,etc.
2694 5299 2751 5351 In
2768 5300 2891 5368 Aed.,
2915 5296 3368 5368 ἐξορχησάμενος.

2043 5368 2134 5439 26)
2184 5367 2582 5439 Σοδομιτικοῦ.
2638 5369 2749 5439 Duo
2766 5366 2957 5439 Rogg.,
2985 5366 3310 5439 Σοδομιτῶν.

2046 5434 2136 5509 27)
2171 5434 2571 5509 :Arapmzelay-
2588 5434 2921 5509 φύσιν-.-εἷο
2939 5446 3047 5509 tres
3072 5434 3456 5509 ﬂegg.,(1oi§l.
3485 5434 3529 5491 Ξ

1954 5505 2145 5563 et.Par'.
2165 5507 2255 5562 Sic
2267 5505 2427 5561 etiam
2447 5506 2575 5575 legit
2588 5505 2791 5560 Billius.
2812 5505 2869 5559 ln
2886 5508 2973 5561 ed.
2989 5515 3044 5559 et
3060 5505 3174 5562 uno
3184 5505 3328 5573 cod.,
3344 5505 3522 5560 ἀπάν-

1954 5578 2203 5649 θρωπον,
2244 5595 2264 5629 ι
2309 5576 2579 5649 crudelem
2611 5586 2882 5649 naturam.
2925 5595 2944 5627 ι
2982 5576 3076 5649 Or.
3134 5578 3189 5641 1,
3225 5576 3521 5649 ἀπανθρωη

1955 5646 2134 5702 πείαν.
2162 5647 2284 5701 llaec
2312 5660 2473 5719 sensu
2498 5646 2832 5719 simpliciori,
2872 5655 2923 5719 et
2952 5648 3156 5715 absque
3179 5646 3526 5719 metaphdra,

1957 5722 2021 5773 de
2041 5719 2304 5774 damnatis
2328 5716 2393 5771 ad
2427 5716 2628 5772 bestias
2661 5717 2883 5789 intelligi
2916 5725 3163 5786 possunt.
