3910 6214
76 6104 100 6135 Ι

383 300 493 358 295
1626 293 1686 350 ε.
1725 288 2059 350 GnEGomi
2099 281 2452 342 THEOLOGI
3557 265 3669 324 εει
3738 372 3745 379 γ

382 430 619 489 utroque
645 415 917 473 elemento
944 414 1110 470 vitam
1143 415 1329 470 ducat.
1363 412 1431 468 At
1466 411 1650 476 nobis,
1676 402 1890 481 inquis,
1914 416 1966 464 et

2090 402 2416 470 πλήθουσα,
2458 398 2556 452 καί
2585 396 2776 466 δῆμος
2803 392 3128 463 κυμαίνων,
3155 386 3254 443 καὶ
3289 384 3526 454 ἀνδρῶν
3566 387 3670 442 εὖ»

382 486 578 567 mwnia
630 517 790 573 sunt,
842 516 895 562 et
938 508 1181 573 theatra,
1231 516 1280 560 et
1320 506 1449 559 circi
1465 545 1480 567 ,
1526 514 1577 558 et
1622 503 1867 572 palatia,
1909 509 1961 554 et

2090 495 2263 550 ρενῶν
2292 490 2616 560 συνέδριον
2641 486 3101 555 ἐπαινούμενον.

382 602 618 673 pulchra:
652 610 808 671 atque
840 600 1069 670 ingentes
1096 598 1330 669 porticus
1351 637 1366 660 ,
1401 605 1557 668 atque
1587 598 1683 650 hoc
1710 591 2016 649 incredibile
2047 606 2178 659 opus
2200 630 2214 652 ,
2290 587 2667 644 subterraneus
2739 583 3020 673 nimirum,
3053 585 3133 673 ‘ret
3197 589 3384 673 aereus
3446 573 3663 642 ﬂuvius,

384 670 430 747 et
459 692 680 747 illustris
724 670 836 745 lucc
878 707 940 743 ac
984 690 1199 744 visenda
1233 689 1511 753 columna,
1541 697 1588 742 et
1626 686 1800 757 {orum
1839 683 2113 752 frequens,
2149 690 2195 736 et
2231 677 2417 748 vulgus
2459 673 2763 739 exundans,
2814 682 2860 726 et
2920 670 3174 726 nobilium
3241 670 3475 724 virorum
3530 684 3667 737 pra:-

386 783 593 839 clarum
622 784 922 836 concilium.

458 877 627 948 608
670 876 773 930 Vll.
817 876 928 930 Cur
958 883 1137 930 autem
1170 888 1275 928 non
1303 889 1702 929 commemoras
1729 887 1968 928 commot-

2146 866 2221 917 Z'.
2262 859 2390 923 Πῶς
2410 859 2468 914 δὲ
2489 857 2550 912 οὐ
2576 857 2755 927 λέγεις
2779 856 2874 911 καὶ
2894 854 3098 917 θέσεως
3116 852 3421 925 εὐκαιρίαν,
3445 855 3539 907 καὶ
3560 852 3668 923 γῆν

389 965 673 1020 diss‘imum
720 966 870 1020 urbis
916 965 1111 1029 silum,
1159 973 1214 1019 et
1265 973 1468 1019 terram
1518 980 1582 1018 ac
1630 978 1780 1018 mare
1821 962 1969 1017 velut.

2090 956 2171 1013 tat
2206 952 2506 1014 Θάλασσαν,
2545 948 2734 1020 ὥσπερ
2762 945 3171 1017 ἁμιλλωμένας,
3204 944 3441 1016 ποτέρας
3481 943 3547 997 ἂν
3580 942 3669 1012 εῐη

388 1060 638 1115 certatim
671 1059 774 1113 sibi
808 1059 996 1113 urbem
1027 1059 1357 1113 vindicantia
1383 1097 1399 1122 ,
1426 1058 1647 1126 suisque
1682 1057 1837 1112 bonis
1866 1057 1968 1110 im-

386 1152 710 1222 peratricem
750 1152 942 1207 urbem
979 1152 1280 1206 ornantia?
1312 1152 1454 1220 Ergo
1491 1152 1604 1205 haec
1638 1148 1836 1219 injuria
1873 1163 1969 1203 no-

385 1252 498 1298 stra
549 1250 665 1307 est,
722 1243 867 1313 quod
923 1258 1019 1298 vos
1076 1243 1290 1312 quidem
1344 1242 1527 1312 magni
1581 1254 1637 1296 et
1681 1239 1969 1295 admodum

387 1333 655 1401 splendidi
683 1335 846 1399 estis,
883 1348 981 1388 nos
1010 1342 1189 1388 autem
1222 1334 1371 1401 parvi
1407 1348 1572 1403 atque
1605 1349 1633 1387 a
1669 1333 1849 1403 parvis
1881 1347 1973 1386 ve-

387 1423 647 1479 nientes?
698 1423 1001 1488 Nimirum,
1049 1425 1095 1479 si
1149 1425 1224 1478 ita
1254 1433 1377 1491 est,
1425 1425 1578 1478 multi
1627 1438 1844 1493 quoque
1878 1422 1971 1477 alii

389 1515 640 1569 eamdem
674 1514 829 1570 vobis
862 1514 1118 1584 iniuriam
1153 1514 1428 1579 inferunt,
1469 1524 1633 1585 alque
1662 1515 1797 1569 adeo
1848 1529 1972 1569 om-

390 1621 490 1660 nes
547 1607 621 1671 ii,
668 1607 867 1676 quibus
920 1607 1232 1676 superiores
1281 1607 1434 1662 estis.
1489 1605 1629 1660 Num
1684 1616 1968 1677 propterea

2079 1046 2280 1118 μᾶλλον
2321 1045 2356 1116 ή
2398 1042 2575 1106 πόλις,
2616 1039 2713 1093 καὶ
2750 1042 2862 1103 τοῖς
2901 1040 3029 1107 παρ’
3070 1035 3278 1090 ἑαυτῶν
3321 1034 3542 1104 ἀγαθοῖς
3571 1033 3671 1105 τὴν

2079 1138 2331 1211 βασιλίδα
2359 1134 2747 1205 δεξιουμένας;
2784 1131 2953 1185 Τοῦτο
2981 1126 3075 1184 οῦν
3115 1127 3425 1200 ἀδικοῦμεν,
3453 1128 3534 1181 ὅτι
3568 1145 3670 1199 με-

2077 1231 2234 1301 γάλοι
2272 1229 2373 1300 μὲν
2404 1229 2564 1299 ὑμεῖς
2602 1226 2695 1279 καὶ
2737 1223 3147 1295 ὑπέρλαμπροι,
3199 1221 3385 1293 μικροὶ
3424 1219 3482 1274 δὲ
3510 1221 3674 1290 ἡμεῖς

2078 1324 2175 1378 καὶ
2202 1325 2265 1376 ὲκ
2301 1320 2513 1393 μικρῶν
2535 1320 2800 1390 ἥκοντες;
2837 1315 3030 1375 Πολλοὶ
3064 1315 3156 1369 καὶ
3183 1312 3332 1369 ἄλλοι
3364 1312 3524 1366 τοῦτο
3554 1311 3673 1365 ἀδι-

2080 1416 2270 1481 κοῦσιν
2303 1414 2469 1484 ὑμᾶς,
2517 1411 2720 1483 μᾶλλον
2747 1409 2803 1462 δε
2841 1408 3039 1471 πάντες
3066 1401 3142 1461 ὧν
3178 1405 3509 1477 ὑπεραίρετε
3529 1420 3543 1435 ·
3577 1404 3675 1456 καὶ

2076 1509 2159 1562 δεῖ
2202 1506 2458 1560 τεθνάναι
2506 1505 2677 1576 ἡμᾶς,
2724 1502 2808 1555 ὅτι
2857 1501 2931 1573 μὴ
2970 1499 3123 1554 πόλιν
3164 1498 3495 1570 ἡγείραμεν,
3537 1495 3676 1567 μηδὲ

2076 1599 2233 1669 τείχη
2264 1593 2735 1668 περιεϐαλλόμεθα
2765 1591 2903 1664 (54),
2936 1591 3073 1663 μηδὲ
3109 1591 3356 1653 ἱππικοῖς
3396 1587 3675 1660 μεγαλαυ-

389 1703 564 1749 morte
588 1697 881 1752 muletandi
911 1712 1098 1752 sumus
1116 1737 1131 1762 ,
1160 1697 1304 1767 quod
1333 1711 1433 1752 nec
1454 1669 1733 1752 civitatein
1763 1705 1970 1753 exstru-

2090 1690 2307 1763 χοῦμεν,
2341 1689 2479 1761 μηδὲ.
2520 1688 2760 1750 σταδίοις
2806 1702 2867 1739 τε
2906 1684 3003 1739 καὶ
3035 1683 3403 1755 κυνηγεσίοις,
3432 1683 3526 1735 καὶ
3556 1684 3680 1746 ταῖς

386 1786 597 1854 ximus,
653 1802 755 1842 nec
801 1788 971 1843 muris
1018 1788 1182 1843 cincti
1214 1803 1443 1856 sumus,
1492 1803 1593 1844 nec
1632 1789 1833 1856 circis,
1872 1801 1977 1845 nec

390 1877 580 1933 stadiis
626 1886 682 1934 et
734 1879 1150 1947 venationibus,
1203 1889 1368 1949 atque
1419 1879 1629 1935 insanis
1685 1880 1831 1935 circa
1886 1893 1978 1935 res

389 1969 696 2038 huiusmodi
745 1972 983 2039 studiis,
1040 1988 1142 2029 nec
1193 1972 1516 2029 balneorum
1571 1982 1861 2028 venustate
1922 1983 1978 2029 et

389 2060 714 2130 Splendore,
749 2077 850 2116 nec
877 2078 1207 2119 marmorum
1240 2064 1558 2120 excellentia
1583 2106 1598 2131 ,
1627 2079 1726 2120 nec
1750 2065 1979 2134 picturis

388 2159 447 2205 et
476 2152 692 2221 punctis
728 2167 865 2208 auro
896 2154 1225 2225 fulgentibus
1247 2196 1264 2224 ,
1302 2158 1559 2226 varioque
1595 2173 1757 2227 opere
1788 2156 1971 2213 confe-

389 2242 529 2309 ctis,
575 2252 784 2299 naturae
832 2245 1111 2302 solertiam
1162 2250 1548 2318 propemodum
1606 2250 1975 2316 imitantibus,

390 2335 737 2405 gloriamur?
764 2337 877 2394 Nec
904 2354 1036 2395 vero
1067 2339 1228 2397 nobis
1262 2342 1442 2397 adhuc
1486 2357 1642 2396 mare
1683 2343 1736 2398 in
1788 2343 1974 2398 orbem

387 2423 733 2494 oﬂregimus,
780 2443 880 2483 nec
916 2430 1043 2483 anni
1095 2439 1278 2499 partes
1331 2430 1749 2500 temperavimus
1800 2431 1977 2502 (quod

398 2525 454 2571 tu
501 2516 753 2574 videlicet
792 2534 965 2574 novus
1008 2536 1189 2576 rerum
1253 2521 1547 2577 fabricator
1580 2521 1878 2595 effecisti),
1920 2531 1978 2576 ut

392 2607 559 2662 vitam
591 2608 987 2679 jucundissime
1025 2612 1184 2667 simul
1215 2624 1270 2668 et
1299 2615 1568 2670 tutissime
1602 2616 1973 2670 traducamus.

389 2701 546 2758 Adde
572 2739 587 2766 ,
620 2703 664 2757 si
708 2702 920 2772 placet,
955 2715 1008 2758 et
1037 2705 1139 2759 alia
1166 2707 1426 2768 crimina,
1458 2710 1547 2776 qui
1580 2709 1715 2761 dicis
1745 2727 1759 2764 :
1799 2709 1976 2762 Meum

389 2803 467 2846 est
520 2805 838 2864 argentum,
888 2809 933 2851 et
986 2814 1157 2850 meum
1209 2809 1283 2851 est
1312 2817 1504 2853 aurum
1552 2802 1620 2865 ’⁷,
1657 2800 1753 2854 Dei
1814 2818 1978 2858 voces

390 2898 678 2953 usurpans.
734 2886 842 2942 Nos
875 2902 973 2942 nec
1020 2889 1238 2943 divitias
1264 2889 1581 2958 jactamus,
1640 2893 1836 2961 quibus
1896 2893 1976 2947 af-

2081 1782 2212 1852 περὶ
2254 1780 2429 1834 ταῦτα
2466 1780 2706 1851 μανίαις,
2747 1777 2882 1850 μηδὲ
2917 1775 3161 1847 λουτρῶν
3192 1774 3379 1847 χάρισι
3413 1774 3508 1828 καὶ
3537 1772 3681 1844 λαμ-

2083 1875 2341 1946 πρότησι,
2377 1873 2473 1928 καὶ
2512 1873 2822 1944 μαρμάρων
2869 1867 3261 1931 πολυτελείαις,
3300 1867 3397 1920 καὶ
3435 1868 3682 1938 γραφαῖς

2079 1968 2176 2022 καὶ
2206 1966 2495 2037 κεντήσεσι
2526 1965 2642 2033 (55)
2678 1961 3014 2035 χρυσαυγέσι
3039 1979 3100 2014 τε
3137 1961 3233 2014 καὶ
3258 1958 3561 2012 πολυειδέσι
3589 1975 3683 2029 μι-

2081 2059 2219 2133 κροῦ
2245 2059 2616 2132 μιμουμέναις
2640 2057 2739 2128 τὴν
2769 2057 2962 2125 φύσιν;
2994 2055 3280 2109 Θάλασσαν
3307 2050 3420 2123 (56)
3443 2050 3502 2105 δὲ
3523 2048 3685 2104 οὔπω

2080 2150 2525 2225 περιερῤήξαμεν
2558 2152 2689 2220 ἡμῖν
2721 2149 2926 2212 αὐτοῖς,
2958 2145 3081 2201 οὐδὲ
3106 2144 3204 2208 τὰς
3226 2143 3376 2216 ὧρας
3407 2140 3683 2211 ὲκερασά-

2083 2244 2222 2316 μεθα
2253 2242 2303 2312 (ὃ
2334 2242 2399 2295 σὺ
2423 2241 2624 2313 δηλαδὴ
2655 2239 2983 2311 πεποίηκας,
3007 2239 3037 2291 ὁ
3064 2236 3183 2302 νέος
3205 2233 3582 2308 δημιουργὸς),
3612 2234 3682 2287 ἶν’

2079 2337 2156 2402 ὡς
2197 2334 2394 2409 ἥδιστά
2442 2351 2503 2387 τε
2549 2332 2685 2404 ὁμοῦ
2737 2332 2833 2384 καὶ
2871 2329 3256 2400 ἀσφαλέστατα
3312 2326 3679 2398 βιοτεύοιμεν.

2080 2427 2345 2499 Πρόσθες,
2383 2428 2432 2479 εί
2464 2425 2665 2496 βούλει,
2707 2422 2802 2477 καὶ
2825 2421 2991 2486 ἄλλας
3024 2420 3384 2493 κατηγορίας,
3411 2422 3441 2473 ὀ
3464 2418 3644 2487 λέγων
3664 2434 3678 2447 ·

2091 2522 2266 2591 Ὲμόν
2290 2520 2422 2573 ἐστι
2443 2518 2508 2571 τὸ
2537 2516 2844 2585 ἀργύριον,
2867 2524 2967 2567 καὶ
2987 2514 3135 2583 ἐμόν
3161 2514 3291 2565 ἐστι
3310 2511 3422 2579 (57)
3451 2510 3520 2564 τὸ
3541 2529 3684 2580 χρυ-

2080 2615 2246 2679 σίον,
2269 2612 2369 2676 τὰς
2391 2612 2487 2664 τοῦ
2512 2609 2650 2663 Θεοῦ
2686 2607 2803 2681 (58)
2833 2607 3037 2677 φωνάς.
3090 2605 3279 2673 Ἡμεῖς
3306 2601 3432 2656 οὐτε
3462 2601 3685 2673 πλούτῳ

2083 2705 2226 2775 μέγα
2247 2700 2576 2775 φρονοῦμεν,
2608 2693 2653 2767 ᾧ
2682 2699 2858 2770 ῥέοντι
2885 2696 2959 2768 μὴ
2990 2693 3400 2767 προστίθεσθαι,
3424 2693 3525 2764 τῆς
3546 2694 3685 2763 ἡμε-

2078 2797 2244 2867 τέρας
2287 2794 2408 2847 ἐστὶ
2449 2791 2794 2863 νομοθεσίας,
2842 2790 2965 2843 οὐδὲ
2995 2787 3291 2860 προσόδους
3333 2786 3685 2858 ἀριθμοῦμεν

2079 2887 2303 2959 ἐτησίας
2335 2904 2396 2939 τε
2431 2886 2526 2940 καὶ
2561 2884 2899 2957 ἡμερησίας,
2934 2882 3060 2936 οὐτε
3098 2879 3381 2952 τραπέζης
3408 2879 3559 2949 ὄγκῳ
3591 2895 3684 2946 φι-

390 2974 683 3033 ﬂuentibus
730 2994 824 3033 cur
861 2996 927 3033 ne
962 2993 1332 3048 apponamus,
1374 2982 1458 3035 lex
1497 2989 1681 3036 nostra
1720 2993 1866 3037 vetat
1902 2985 1969 3051 ⁸⁸,

2090 2979 2471 3052 ιοτιμούμεθα,
2527 2980 2622 3031 καὶ
2654 2977 3031 3050 φαρμακείαις
3076 2976 3175 3046 τῆς
3212 2973 3541 3044 ἀναισθήτου
3583 2989 3684 3040 γα-

391 3159 603 3229 turgida
642 3176 825 3217 mensa
866 3162 1176 3232 stupidique
1210 3165 1419 3218 ventris
1453 3163 1737 3220 lenociniis
1768 3167 1971 3235 gloria-

388 3265 530 3304 mur.
586 3249 698 3307 Nec
730 3254 873 3308 enim
911 3254 1207 3323 quidquam
1254 3269 1442 3309 eorum
1492 3255 1801 3322 laudamus,
1850 3273 1971 3326 quae

391 3344 559 3398 semel
587 3344 639 3398 in
673 3345 854 3401 fauces
884 3347 1202 3402 transmissa
1237 3347 1352 3415 pari
1381 3356 1564 3414 postea
1589 3347 1795 3402 honore
1822 3361 1969 3417 sunt,

389 3433 510 3499 vel,
546 3442 604 3487 ut
632 3435 833 3489 rectius
865 3435 1078 3503 loquar,
1122 3436 1239 3506 pari
1276 3435 1571 3504 ignominia
1603 3448 1659 3490 et
1692 3438 1805 3505 ipsa
1838 3437 1968 3506 reji-

367 3062 490 3118 'nec
519 3081 726 3121 annuos
755 3068 1083 3137 diurnosque
1112 3080 1404 3137 proventus
1450 3086 1800 3127 numeramus
1823 3112 1838 3137 ,
1870 3088 1970 3128 uec

2090 3074 2265 3142 στρός.
2300 3071 2437 3125 Οὐδὲ
2483 3070 2594 3142 γὰρ
2645 3069 2755 3142 (59)
2803 3068 3133 3139 ἐπαινοῦμέν
3167 3086 3220 3121 τι
3266 3067 3376 3120 τῶν
3415 3065 3557 3138 μετά
3591 3063 3683 3118 τὸν

2081 3164 2279 3226 λαιμὸν
2308 3162 2615 3235 ὁμοτίμων,
2652 3161 2851 3232 μᾶλλον
2877 3161 2955 3223 δὲ,
2981 3160 3191 3233 ἀτίμων
3213 3160 3417 3230 ὁμοίως
3437 3158 3534 3212 καὶ
3552 3160 3685 3213 ἀπο-

2081 3256 2294 3327 ϐλήτων
2321 3271 2334 3286 ο
2372 3253 2509 3307 ἀλλὰ
2535 3252 2717 3324 ζῶμεν
2746 3250 2919 3315 οὕτως
2952 3251 3139 3315 ἁπλῶς
3175 3252 3270 3304 καὶ
3302 3250 3550 3322 σχεδίως,
3589 3250 3685 3303 καὶ

2087 3348 2282 3420 μικρόν
2315 3346 2430 3416 (60)
2452 3363 2506 3398 τι
2527 3345 2636 3398 τῶν
2660 3344 2886 3417 θηρίων,
2912 3340 2994 3408 οἷς
3023 3346 3052 3397 ὁ
3074 3344 3186 3415 βίος
3216 3345 3447 3407 ἄσκευος
3479 3344 3576 3397 καὶ
3597 3343 3686 3396 ἀν-

2081 3439 2456 3510 επιτήδευτος,
2484 3437 2855 3509 διαφέροντες.

385 3524 603 3583 ιὶοιιιιιι.
643 3521 837 3577 Verum
875 3523 1103 3592 simplici
1136 3534 1299 3593 atque
1342 3525 1634 3580 illaborato
1675 3528 1855 3582 victus
1881 3543 2080 3598 genere
2114 3532 2341 3587 utimur.
2380 3545 2479 3583 nec
2512 3544 2539 3581 a
2609 3529 2831 3592 bestiis,
2888 3542 3117 3582 nuarum
3184 3526 3294 3581 vita
3363 3526 3683 3597 supellecti-

387 3619 455 3674 lis
493 3628 656 3688 atque
688 3618 866 3672 omnis
901 3627 1194 3687 apparatus
1224 3633 1417 3687 expers
1443 3622 1788 3687 est,multum
1823 3625 2172 3684 dissidemus.

458 3711 593 3768 VIII.
631 3712 715 3764 An
772 3711 900 3765 mihi
935 3726 1150 3782 quoque
1195 3712 1451 3768 detritam
1498 3727 1700 3771 vestem
1745 3720 1969 3789 obiicis,

2152 3725 2236 3778 H’.
2276 3719 2356 3777 Ἦ
2384 3724 2479 3777 καὶ
2508 3723 2611 3793 τῆς
2644 3719 2872 3791 ἐσθῆτός
2909 3723 3012 3791 μου
3056 3717 3117 3771 τὸ
3154 3717 3406 3789 τρύχινον
3435 3715 3685 3789 αῐτιάσῃ,

386 3803 675 3873 vultusque
717 3798 881 3856 situm
937 3802 1083 3856 haud
1133 3802 1270 3858 satis
1307 3803 1657 3874 elegantem?
1717 3808 1851 3862 Nam
1889 3811 1970 3866 bis

2090 3817 2178 3870 καὶ
2210 3814 2303 3869 τοῦ
2336 3814 2632 3887 προσώπου
2674 3813 2775 3883 τὴν
2817 3810 2970 3865 θέσιν
3009 3810 3123 3881 (iii)
3154 3811 3256 3863 οὐκ
3277 3809 3497 3880 εὐφυῶς
3528 3810 3689 3879 ἔχου-

391 3912 607 3967 quoque
637 3895 801 3951 rebus
832 3895 1122 3950 nonnullos
1153 3908 1341 3950 eorum
1364 3936 1379 3960 ,
1433 3899 1526 3966 qui
1580 3899 1735 3955 valde
1776 3902 1970 3971 abjecti

2090 3924 2220 3972 σαν;
2259 3906 2382 3959 ἐπεὶ
2420 3906 2513 3960 καὶ
2544 3906 2755 3967 τούτοις
2786 3902 2898 3974 ὁρῶ
2934 3919 3089 3965 τινας
3121 3902 3232 3955 τῶν
3255 3902 3376 3955 λίαν
3405 3902 3687 3955 ταπεινῶν

387 3989 559 4043 animi
581 3997 709 4043 sunt
730 4027 744 4051 ,
774 3987 956 4042 efferri
982 3987 1271 4056 perspicio.
1301 3987 1486 4055 Quid?
1518 3990 1762 4061 Caputne
1800 3995 1970 4064 ipsum

2090 3998 2410 4069 αἰρομένους
2457 3996 2594 4070 (62).
2628 3996 2737 4066 Τὴν
2774 3993 3018 4065 κεφαλὴν
3062 3993 3120 4045 δὲ
3159 3994 3391 4065 ἀφήσεις
3416 3992 3554 4064 (65),
3587 3994 3689 4047 καὶ

387 4083 654 4136 intactum
713 4080 1020 4149 relinques,
1076 4094 1178 4135 nec
1226 4080 1420 4137 iisdem
1474 4084 1720 4151 cavillis,
1777 4088 1970 4157 quibus

2090 4090 2184 4143 οὐκ
2224 4088 2561 4159 ἐπισκώψεις
2606 4087 2643 4142 ἃ
2690 4089 2783 4140 καὶ
2812 4086 2905 4140 τὸν
2943 4087 3243 4139 Ἐλισσαῖον
3277 4087 3327 4140 οἱ
3361 4087 3588 4151 παῖδες;
3621 4088 3687 4140 τὸ

386 4170 637 4228 Elisseum
660 4170 787 4226 olim
816 4170 966 4240 pueri
1003 4170 1111 4233 illi,
1142 4170 1427 4227 incesses?
1450 4172 1585 4228 Nam
1631 4188 1754 4244 qure
1779 4177 1970 4235 deinde

2090 4181 2188 4254 γὰρ
2218 4182 2346 4255 ἑξῆς
2386 4183 2755 4252 σιωπήσομαι.
2805 4178 3185 4233 Ἀπαιδευσίαν
3216 4179 3272 4231 δὲ
3314 4179 3414 4231 οὐκ
3448 4178 3683 4246 ἐγκαλέο

386 4270 706 4333 sequuntur,
749 4263 962 4316 tacebo.
998 4260 1182 4327 Quid?
1222 4262 1682 4320 Rusticitatemne
1710 4282 1884 4322 meam
1916 4280 1970 4324 et

2090 4294 2220 4342 σεις,
2251 4277 2285 4347 ἢ
2311 4279 2393 4331 ὅτι
2423 4275 2596 4349 τραχύ
2633 4293 2714 4328 σοι
2740 4274 2852 4347 (64)
2881 4272 3024 4327 δοκῶ
3049 4274 3141 4326 καὶ
3169 4272 3426 4342 ἄγροικον
3453 4273 3687 4343 φθέγγε-

386 4355 746 4415 insulsitatem
772 4369 878 4409 non
910 4353 1195 4409 accusabis
1215 4394 1230 4418 ,
1258 4357 1510 4425 quodque
1534 4370 1786 4426 asperum
1810 4363 1969 4430 quid-

387 4447 508 4503 dam
537 4454 594 4501 et
631 4454 846 4517 agreste
876 4444 1020 4514 loqui
1054 4443 1285 4499 videor?
1323 4444 1445 4501 Jam
1483 4462 1612 4504 vero
1639 4465 1873 4520 quonam
1913 4454 1966 4508 id

455 4565 498 4597 ³⁷
538 4565 706 4635 Agge.
739 4579 813 4629 ιι,
844 4562 899 4618 9.
976 4562 1022 4595 ¹⁸
1059 4562 1202 4621 Psal.
1243 4581 1363 4632 ut,
1400 4566 1489 4623 ll.

456 4680 571 4759 (54)
609 4681 1145 4752 Περιεϐαλλόμεθα.
1189 4679 1383 4738 Plures
1426 4684 1623 4754 Begg.,
1649 4688 1975 4759 περιεϐαλό-

390 4751 549 4829 μεθα.
979 4751 982 4752 ⁷
1513 4751 1572 4754 Π
1609 4751 1617 4753 ’
1727 4751 1741 4759 ’

407 4893 420 4897 Δ
460 4820 969 4897 (55)ΑΚεντςήσεοέι.
1003 4822 1094 4877 Sic
1117 4836 1294 4889 vocat,
1342 4825 1493 4893 juxta
1530 4826 1725 4891 Eliam,
1772 4844 1971 4897 puncta

390 4893 479 4947 tle
506 4894 702 4962 lapillis
735 4893 904 4956 facta,
931 4904 984 4948 et
1015 4897 1065 4947 in
1106 4898 1538 4952 texturisaureis
1570 4893 1847 4966 expressa.
1878 4901 1973 4954 Vel

388 4966 553 5017 etiam
592 4979 792 5036 (aureos
824 4978 1186 5036 argenteosve
1232 4968 1460 5034 lapillus,
1517 4968 1608 5036 qui
1663 4971 1728 5020 ad
1788 4984 1971 5023 rerum

387 5034 718 5105 naturalium
745 5034 1126 5100 imitationem,
1154 5038 1206 5090 in
1236 5034 1548 5105 parietibus
1568 5039 1765 5104 depicti
1791 5049 1970 5092 erant.

461 5104 576 5177 (56)
610 5105 962 5177 Θάλασσαν.
1005 5124 1024 5157 ι
1065 5106 1140 5160 De
1200 5104 1267 5162 eo
1312 5108 1450 5161 mari
1485 5109 1742 5172 loquitur.
1795 5108 1971 5175 inquit

387 5174 565 5256 Elius,
613 5176 757 5243 quod
799 5191 829 5229 a
872 5190 1043 5231 curnu
1089 5192 1300 5246 magna:
1333 5180 1481 5233 urbis
1518 5178 1774 5248 utrinque
1804 5174 1971 5232 veluti

388 5258 646 5309 Cingitur.
679 5264 698 5296 ι

620 5314 800 5387 Ἐστι.
834 5314 998 5387 Deest
1039 5316 1093 5387 in
1126 5316 1369 5387 pluribus
1402 5318 1569 5385 Παίζει.
1596 5329 1652 5370 et
1687 5318 1782 5374 Or.
1813 5320 1866 5374 1.

448 5383 576 5465 $5.8)
635 5386 747 5465 Tac
800 5383 908 5438 τοῦ
961 5383 1140 5440 Θεοῦξ
1196 5388 1287 5441 Sic
1344 5383 1529 5454 plures
1586 5389 1756 5460 liegg.
1815 5392 1977 5446 Deest

383 5470 575 5595 nisi?)
602 5454 764 5596 iiii-See
793 5524 925 5595 γάρ.
960 5525 1052 5581 Sic
1073 5526 1181 5582 duo
1211 5526 1383 5596 Rrgg.
1423 5539 1478 5581 et.
1531 5526 1627 5583 Or.
1675 5528 1807 5582 1.1..
1864 5529 1975 5593 ed.,

388 5594 704 5668 οὐδὲνγὰρ.
734 5594 992 5668 Eanulem
1024 5594 1354 5652 sententiam
1377 5599 1572 5651 extulit
1620 5598 1980 5668 Hieronymus

387 5663 447 5720 In
479 5663 663 5751 linisti
700 5667 767 5723 ad
805 5666 1106 5732 Paulinum,
1156 5677 1211 5723 et
1260 5669 1313 5724 in
1351 5668 1644 5741 Comment.
1685 5670 1736 5725 in
1773 5663 1974 5726 Eccles.

392 5751 443 5802 ο.
480 5736 533 5799 6.

2079 4367 2203 4423 σθαι
2225 4386 2240 4435 ;
2270 4369 2344 4422 Τὸ
2365 4369 2421 4421 δὲ
2446 4367 2520 4439 μὴ
2551 4365 2831 4437 στωμύλον
2859 4364 2969 4437 (65)
2993 4358 3154 4428 εἶναι,
3181 4363 3283 4417 ποῦ
3306 4365 3523 4436 στήσεις
3541 4365 3681 4435 (66),

2078 4459 2214 4531 μηδὲ
2238 4459 2561 4531 γελοιαστήν
2590 4473 2733 4523 τινα,
2778 4456 2875 4510 καὶ
2907 4457 3021 4519 τοῖς
3058 4454 3276 4509 συνοῦσι
3316 4453 3426 4527 (67)
3458 4473 3688 4529 κεχαρι-

2155 4692 2268 4756 (6ὓ)
2298 4691 2408 4745 Kal
2457 4694 2695 4761 μικρόν.
2730 4693 2893 4747 Deest
2917 4691 3011 4746 καί
3050 4691 3101 4744 in
3120 4690 3210 4748 Or.
3231 4692 3282 4746 i.

2151 4762 2264 4833 (Gl)
2314 4762 2439 4829 Τὴν
2496 4763 2691 4817 θέσιν.
2746 4764 2911 4834 Coisl.
2973 4763 2999 4816 1
3067 4775 3121 4815 et
3190 4765 3335 4825 Pan,
3390 4761 3488 4834 τὴν
3539 4763 3682 4833 ἕξιν,

2086 4834 2416 4907 shabitum.
2453 4852 2471 4884 ι
2528 4836 2621 4888 Sic
2669 4835 2834 4888 etiam
2872 4833 2967 4890 Or.
3014 4835 3062 4900 i,
3108 4835 3204 4888 sed
3247 4836 3314 4887 ad
3344 4848 3545 4904 Illat'g.,
3573 4834 3683 4907 τὴν

2080 4904 2264 5041 Θέῗθέ)
2294 4972 2681 5041 Αίρομένους.
2709 4972 2864 5029 Coll).
2898 4972 3349 5044 1,αίρουμένους,
3390 4993 3409 5021 σ
3451 4972 3611 5044 allici.
3653 4995 3675 5030 ι

2150 5044 2263 5115 (65)
2305 5044 2612 5113 Ἀερήσεις.
2656 5045 2748 5100 Sic
2796 5042 3046 5115 plerique
3075 5042 3236 5098 codd.
3301 5045 3355 5099 In
3406 5042 3519 5108 ed.,
3570 5045 3682 5115 ἀφ-

2078 5116 2267 5255 vitii.)
2315 5188 2507 5257 Τραχύ
2538 5202 2658 5243 σοι.
2714 5186 2807 5243 Sic
2858 5184 2951 5241 Or.
2982 5186 3036 5247 l,
3067 5195 3176 5241 etc.
3218 5184 3275 5239 In
3306 5185 3417 5252 θύη
3464 5183 3679 5257 τραχύς

2085 5270 2268 5391 cr("(655)
2300 5325 2642 5394 Στωμύλον.
2678 5328 2771 5381 Sic
2804 5325 2937 5394 Reg.
2975 5328 3085 5392 bm,
3124 5324 3293 5382 Coisl.
3325 5324 3362 5377 2
3391 5335 3447 5379 et
3467 5324 3580 5381 Jes.
3615 5326 3674 5380 In

2083 5396 2148 5451 ed
2158 5435 2193 5457 .,
2217 5394 2533 5464 στωμύλων.

2155 5467 2269 5537 (66)
2318 5462 2592 5532 Στήσεις.
2647 5463 2784 5522 Tres
2819 5462 3011 5534 [ἱρείη
3061 5465 3229 5523 Coisl.
3294 5466 3317 5519 1
3373 5478 3429 5520 et
3471 5464 3568 5521 Or.
3613 5466 3676 5533 1,

2082 5537 2290 5677 Maii).
2331 5607 2616 5663 Συνοῦσι.
2673 5605 2782 5665 Jes.
2828 5617 2881 5664 et
2935 5607 3149 5678 Camb.,
3202 5606 3463 5679 παροῦσι.
3540 5603 3668 5662 Βίιι.

2088 5695 2106 5730 ι
2144 5679 2521 5755 praesentibus.
2555 5698 2575 5732 ι
