3910 6214
244 248 360 305 2‘25

946 234 1224 301 .ORATIO
1261 241 1503 297 XXXIII.
1543 234 1902 296 —CONTRA
1942 238 2246 297 ARlANOS
2291 241 2379 298 ET
2422 241 2509 296 DE
2549 240 2815 298 SEIPSO.

3398 247 3507 303 228'

242 364 464 436 σμένον,
494 364 628 435 μηδὲ
653 360 942 434 ἀγοράζειν
967 362 1036 415 τὰ
1055 360 1244 425 πολλὰ,
1270 362 1404 432 μηδὲ
1432 360 1612 414 λαλεῖν
1638 378 1697 414 τε
1736 372 1831 414 καὶ

1944 361 2058 414 loco
2083 376 2279 431 pones,
2313 362 2453 432 quod
2485 377 2585 417 nec
2610 361 2820 429 lepidus
2849 374 2965 416 sum
2990 401 3004 428 ,
3033 362 3202 434 609
3234 379 3334 421 nec
3360 367 3507 423 face-

241 454 554 527 περιλαλεῖν
599 447 681 516 οἷς
727 453 907 523 ἔτυχε,
942 453 1037 505 καὶ
1074 453 1149 516 ὡς
1176 453 1385 523 ἔτυχεν,
1418 452 1562 506 ὥστε
1603 453 1832 521 ποιῆσαι

243 546 540 617 φορτικοὺς
568 547 665 599 καὶ
695 545 821 608 τοὺς
858 543 1068 612 λόγους,
1102 544 1236 614 μηδὲ
1258 545 1358 614 τὴν
1390 545 1517 596 νέαν
1558 545 1830 615 Ἰερουσαο

241 636 375 709 λὴμ,
406 635 498 689 τὸν
518 633 822 700 Ζεύξιππον
845 633 979 705 (68),
1009 634 1457 708 ἐπισκέπτεσθαι,
1490 635 1625 705 μηδὲ
1657 635 1833 688 οἰκίαν

240 724 304 789 ἐξ
332 723 510 787 ὀίκίας
536 723 783 793 ἀμείϐειν
817 722 1133 775 θωπεύοντά
1160 740 1219 776 τε
1247 724 1339 776 καὶ
1371 724 1799 795 γαστριζόμενον
1816 741 1829 754 ·

241 814 357 868 ἀλλ’
380 813 520 868 οἴκοι
541 812 612 867 τά
634 812 805 865 πολλὰ
831 812 1013 882 μένειν
1044 812 1265 883 κατηφῆ
1293 830 1352 865 τε
1378 816 1471 866 καὶ
1500 814 1832 883 σκυθρωπά-

242 905 427 969 ζοντα,
466 904 562 957 καὶ
599 903 721 956 καθ’
752 901 985 973 ἡσυχίαν
1015 900 1237 972 ἐμαυτῷ
1272 904 1665 972 συγγενόμενον
1695 904 1829 974 (69),

241 997 322 1069 τῷ
345 998 556 1067 γνησίῳ
582 995 690 1048 τῶν
720 994 1105 1065 πραττομένων
1128 992 1408 1063 ἐξεταστῇ,
1443 995 1535 1047 καὶ
1565 995 1661 1048 τοῦ
1681 996 1833 1066 δεθῆ-

242 1106 335 1141 ναι
374 1087 539 1158 τυχὸν
573 1086 709 1155 ἀξίῳ
735 1085 822 1139 διὰ
846 1084 907 1137 τὸ
934 1083 1299 1154 δύσχρηστον;
1333 1083 1457 1147 Πῶς
1490 1085 1663 1138 ταῦτα
1695 1103 1828 1154 συγ-

244 1180 446 1250 χωρεῖς
474 1179 629 1247 ήμῖν,
653 1175 748 1230 καὶ
773 1175 872 1229 οὐκ
905 1173 1191 1243 ὲγκαλεῖς;
1239 1174 1325 1238 Ὠς
1351 1175 1480 1246 ἡδὺς
1511 1176 1622 1245 (70)
1660 1171 1712 1229 εἴ
1735 1178 1828 1231 καὶ

245 1269 441 1338 φιλάνο
450 1285 630 1341 ρωπος
649 1272 664 1323 ι

1942 461 2028 505 tus
2059 453 2357 521 quispiam,
2403 468 2468 508 ac
2503 451 2861 506 familiaribus
2892 461 3079 521 gratus
3110 465 3164 508 et
3186 456 3458 524 jucundus
3486 499 3502 525 ,

1933 558 2031 598 nec
2063 543 2285 597 multum
2318 546 2371 598 in
2400 544 2521 599 foro
2545 560 2755 609 versor,
2787 559 2885 600 nec
2916 554 3119 602 temere
3146 555 3201 602 et
3227 563 3348 602 eum
3374 551 3499 618 quia

1931 634 2169 688 hnslibct
2218 636 2429 704 garrio,
2473 638 2606 691 adeo
2659 645 2718 691 ut
2772 652 3050 693 sermones
3094 654 3307 708 quoque
3357 640 3506 709 ipsos

1934 741 2123 795 graves
2152 737 2207 781 et
2240 729 2493 782 molestos
2528 729 2745 782 reddam
2769 770 2784 794 ,
2819 745 2919 784 nec
2946 745 3141 785 novam
3173 730 3318 785 illam
3348 730 3508 786 Jeru-

1931 815 2130 881 salem,
2173 817 2275 871 hoc
2303 826 2422 883 est,
2460 817 2791 886 Zeuxippum
2815 860 2830 885 ,
2866 821 3079 886 inviso,
3124 836 3227 876 nec
3267 837 3298 877 e
3344 823 3508 879 domo

1930 908 1985 962 in
2023 910 2240 964 domum
2271 909 2499 965 subinde
2527 923 2773 964 commeo
2793 948 2810 974 ,
2846 910 3150 965 hominibus
3178 912 3463 968 blandiens
3488 951 3504 978 ,

1932 999 2218 1065 ventrique
2244 1000 2493 1064 deditus;
2524 1013 2707 1054 verum
2737 1002 2877 1054 domi
2900 1041 2914 1067 ,
2942 1011 3001 1055 ut
3028 1003 3317 1071 plurimum
3343 1041 3359 1068 ,
3389 1019 3507 1057 ma-

1929 1104 2066 1157 neo,
2101 1091 2276 1145 tristis
2304 1106 2369 1145 ae
2418 1092 2684 1157 tetricus,
2735 1106 3051 1163 mecumque
3104 1096 3217 1163 ipse
3271 1097 3503 1158 tacitus,

1928 1197 2052 1234 cum
2088 1196 2216 1237 vero
2243 1182 2453 1237 scilicet
2482 1190 2645 1252 atque
2670 1198 2928 1253 germano
2956 1186 3226 1238 actionum
3263 1201 3503 1239 mearum

1923 1286 2179 1337 censore,
2221 1273 2661 1327 consuetudinem
2740 1274 2949 1340 habeo,
3007 1276 3345 1345 vinculisque
3390 1276 3504 1329 fore

248 1363 618 1429 tassediguus
684 1373 837 1422 sum,
885 1366 943 1409 ut
982 1355 1191 1411 inutilis
1239 1365 1397 1425 atque
1445 1355 1858 1415 incommodus?
1905 1360 2005 1427 Qui
2074 1360 2133 1415 lit
2183 1371 2243 1416 ut
2285 1362 2440 1416 nobis
2479 1362 2580 1416 ista
2612 1362 2915 1429 condones,
2979 1379 3078 1418 nec
3122 1363 3175 1417 in
3219 1364 3502 1418 criminum

245 1460 496 1514 ordinem
548 1456 796 1512 referas?
840 1455 1011 1522 Quam
1055 1453 1228 1509 facilis
1270 1469 1363 1517 es,
1406 1465 1460 1507 et
1490 1454 1626 1509 lenis
1655 1465 1817 1524 atque
1853 1457 2156 1512 humanus!

315 1550 395 1604 8'.
448 1546 591 1616 Ἐγὼ
635 1547 693 1600 δὲ
746 1546 919 1610 οὕτως
954 1548 1197 1620 ἀρχαίως
1233 1548 1342 1619 ἔχω
1380 1550 1475 1602 καὶ
1501 1548 1826 1619 φιλοσόφως,

2001 1550 2093 1604 1X.
2148 1553 2220 1606 At
2269 1565 2369 1620 ego
2411 1551 2486 1605 ita
2539 1549 2841 1618 priscorum
2898 1547 3173 1604 hominum
3222 1561 3393 1613 more,
3447 1553 3505 1604 et

244 1640 388 1694 ὥστε
428 1639 523 1693 ἕνα
556 1639 654 1711 μὲν
685 1639 935 1709 οὐρανὸν,
969 1641 1064 1694 καὶ
1100 1640 1277 1694 κοινὸν
1320 1642 1490 1695 ἅπασι
1521 1637 1612 1694 τδν
1645 1641 1828 1708 αὑτὸν,

246 1731 634 1802 ὑπολαμϐάνω,
664 1731 850 1802 κοινὴν
883 1731 939 1784 δὲ
972 1732 1124 1802 ἡλίου
1166 1734 1262 1787 καὶ
1300 1733 1530 1804 σελήνης
1561 1733 1829 1807 περίοδον,

247 1823 435 1895 κοινὴν
461 1824 519 1877 δὲ
551 1823 795 1892 ἀστέρων
812 1822 971 1890 τάξιν
995 1825 1089 1878 καὶ
1119 1823 1287 1889 θέσιν,
1320 1825 1507 1897 κοινὴν
1534 1824 1591 1878 δὲ
1616 1825 1831 1896 ἡμέρας

245 1918 344 1969 καὶ
383 1915 575 1978 νυκτὸς
618 1916 922 1986 ἰσομοιρίαν
956 1916 1050 1968 καὶ
1077 1915 1403 1986 εὐχρηστίαν
1426 1932 1440 1946 ·
1478 1915 1559 1968 ἐτι
1591 1915 1649 1968 δὲ
1673 1915 1832 1986 ὡρῶν

244 2008 510 2076 ἀλλαγὰς,
548 2008 643 2061 καὶ
685 2008 896 2072 ὑετοὺς,
923 2007 1019 2061 καὶ
1052 2010 1321 2079 καρποὺς,
1359 2009 1453 2063 κα)⁵
1479 2009 1641 2081 ἀέρος
1670 2007 1830 2072 ζωτι-

246 2101 353 2172 κὴν
411 2100 517 2170 (71)
565 2098 826 2169 δύναμιν·
884 2098 1139 2153 ἕλκεσθαι
1189 2100 1247 2154 δὲ
1309 2102 1608 2171 ποταμοὺς,
1667 2102 1832 2155 πᾶσιν

244 2193 449 2263 ὁμοίως
478 2192 568 2246 τὸν
597 2192 775 2245 κοινὸν
798 2192 1027 2246 πλοῦτον
1059 2193 1155 2246 καὶ
1180 2192 1410 2262 ἄφθονον
1429 2211 1442 2224 ο
1488 2194 1618 2264 μίαν
1649 2194 1704 2248 δὲ
1737 2194 1832 2249 καὶ

244 2284 347 2355 τὴν
385 2283 554 2355 αὐτὴν
591 2279 731 2336 εἶναι
756 2282 885 2353 γῆν,
925 2284 1135 2354 μητέρα
1168 2284 1262 2337 καὶ
1292 2284 1483 2353 τάφον,
1521 2285 1578 2351 ἐξ
1610 2280 1680 2357 ἧς
1709 2286 1834 2357 ὲλή-

247 2375 487 2445 φθημεν,
520 2375 616 2427 καὶ
651 2375 731 2436 είς
768 2374 835 2444 ῆν
874 2373 1436 2445 ἀποστραφησόμεθα,
1473 2376 1640 2446 μηδὲν
1670 2376 1832 2431 πλέον

246 2466 494 2538 ἀλλήλων
536 2466 779 2535 ἔχοντες·
836 2466 931 2518 καὶ
978 2464 1058 2519 ἔτι
1109 2465 1215 2537 πρὸ
1249 2465 1473 2531 τούτων,
1526 2467 1704 2522 κοινὸν
1747 2468 1828 2522 λό-

246 2574 346 2624 γον
378 2557 512 2626 (72),
547 2557 731 2626 νόμον,
772 2557 1075 2628 προφήτας,
1111 2556 1252 2610 αὐτὰ
1292 2556 1363 2609 τὰ
1392 2552 1630 2628 Χριστοῦ
1659 2559 1830 2630 πάθη,

245 2649 315 2703 δι’
339 2643 413 2702 ὧν
436 2648 872 2719 ἀνεπλάσθημεν,
907 2649 1007 2719 οὐχ
1033 2649 1062 2700 ὁ
1088 2648 1208 2718 μὲν,
1239 2650 1267 2701 ὁ
1296 2648 1341 2700 δ’
1371 2647 1431 2701 οὒ
1464 2648 1599 2719 (75),
1635 2650 1834 2714 πάντες

244 2740 307 2794 δὲ
358 2741 407 2793 oi
448 2738 545 2793 τοῦ
578 2738 745 2793 αὐτοῦ
799 2737 971 2808 Ἀδὰμ
1015 2738 1397 2809 μετασχόντες,
1448 2739 1544 2792 καὶ
1591 2740 1697 2793 ὑπὸ
1736 2739 1831 2793 τοῦ

245 2831 425 2900 δφεως
458 2830 967 2903 παραλογισθέντες,
1002 2830 1098 2883 καὶ
1133 2833 1199 2900 τῇ
1244 2829 1489 2902 ἁμαρτίᾳ
1522 2830 1633 2900 (71)
1668 2830 1833 2885 θανα-

1934 1642 2306 1711 philosophice
2345 1641 2573 1697 affectus
2608 1657 2762 1707 sum,
2813 1650 2867 1694 ut
2907 1655 3074 1695 unum
3114 1640 3363 1710 idemque
3393 1652 3504 1695 eteo

1930 1733 2040 1787 lum
2068 1734 2320 1789 omnibus
2347 1748 2638 1788 commune
2666 1748 2785 1788 esse
2809 1732 3134 1797 existimem,
3161 1746 3500 1787 communem

1931 1825 2059 1880 item
2085 1825 2213 1879 solis
2245 1834 2299 1879 et
2324 1825 2465 1878 lunae
2500 1825 2909 1879 conversionem
2935 1864 2951 1891 ,
2990 1839 3329 1878 communem
3361 1824 3505 1879 side-

1931 1932 2048 1971 rum
2104 1916 2263 1971 situm
2308 1926 2363 1970 et
2391 1917 2661 1984 ordinem,
2693 1930 3035 1970 communem
3079 1915 3183 1970 diei
3230 1925 3285 1968 et
3328 1916 3504 1969 noctis

1931 2008 2354 2076 aquabilitatem
2388 2016 2444 2061 et
2475 2009 2803 2073 utilitatem;
2842 2022 2906 2061 ac
2941 2008 3162 2075 insuper
3189 2021 3504 2061 communes

1932 2098 2058 2151 arani
2091 2097 2322 2165 partium
2356 2097 2780 2163 vicissitudines,
2829 2106 2887 2150 et
2927 2095 3160 2165 pluvias,
3190 2104 3245 2150 et
3275 2094 3501 2160 fruetus,

1932 2188 2154 2257 vimque
2215 2189 2359 2242 acris
2412 2188 2667 2251 vitalem;
2719 2188 2879 2242 fiuvia
2929 2188 3133 2252 etiam,
3190 2202 3505 2242 communes

1934 2280 2140 2335 scilicet
2166 2289 2221 2338 et
2267 2293 2535 2349 perennes
2563 2278 2803 2343 divitias,
2837 2292 2991 2347 aeque
3016 2277 3266 2333 omnibus
3294 2276 3502 2342 ﬂuere;

1933 2386 2096 2425 unam
2125 2381 2383 2441 praeterea
2417 2372 2776 2441 eamdemque
2806 2380 3005 2425 terram
3025 2411 3040 2435 ,
3069 2373 3125 2425 et
3152 2373 3414 2440 parentis,
3450 2381 3507 2427 et

1934 2462 2165 2531 sepulcri
2218 2462 2491 2516 rationem
2527 2462 2760 2524 habere,
2815 2477 2881 2517 ex
2913 2477 3017 2532 qua
3061 2463 3258 2531 sumpti
3296 2478 3502 2528 sumus,

1935 2564 1985 2608 et
2011 2554 2076 2608 ad
2100 2570 2260 2623 quam
2287 2566 2641 2620 revertemur,
2678 2554 2820 2608 nulla
2841 2555 2950 2623 jam
2978 2568 3037 2609 re
3059 2554 3148 2607 alii
3181 2554 3316 2609 alios
3346 2569 3506 2624 supe-

1936 2653 2118 2699 rantes
2149 2660 2163 2698 :
2193 2655 2268 2709 et,
2300 2655 2357 2700 ut
2382 2648 2561 2700 adhuc
2594 2644 2799 2712 majora
2839 2646 3130 2715 proferam,
3164 2661 3504 2700 communem

1936 2739 2221 2801 rationem,
2248 2737 2442 2807 legem,
2471 2739 2780 2807 prophetas,
2803 2740 2946 2806 ipsos
2978 2736 3177 2792 Christi
3209 2738 3501 2804 cruciatus,

1936 2849 2033 2902 per
2061 2848 2220 2903 quos,
2252 2848 2441 2887 omnes
2471 2833 2607 2887 citra
2636 2832 2797 2886 ullam
2824 2832 3189 2901 exceptionem
3214 2832 3504 2887 instaurati

244 2922 537 2989 τωθέντες,
566 2923 661 2976 καὶ
689 2922 778 2975 διὰ
804 2921 897 2975 τοῦ
929 2922 1254 2992 ἐπουρανίου
1277 2921 1388 2992 (75)
1426 2920 1598 2991 Ἀδὰμ
1620 2921 1832 2975 ἀνασω-

1944 2939 2145 2990 sumus,
2177 2927 2268 2995 qui
2301 2925 2476 2979 eidem
2524 2925 2732 2977 Adamo
2777 2923 3238 2992 participavimus,
3284 2934 3445 2991 atque
3474 2941 3504 2977 a

248 3012 458 3078 θέντες,
498 3014 591 3067 καὶ
630 3013 766 3085 πρὸς
801 3013 863 3065 τὸ
902 3011 1056 3076 ξύλλον
1091 3012 1189 3083 τῆς
1221 3010 1368 3083 ζωῆς
1410 3011 1828 3083 ἐπαναχθέντες,

245 3105 341 3159 διὰ
386 3105 481 3158 τοῦ
512 3105 668 3172 ξύλου
710 3103 822 3177 (76)
857 3105 956 3175 τῆς
985 3104 1228 3174 ἀτιμίας,
1269 3102 1391 3157 ὅθεν
1430 3103 1833 3167 ἀποπεπτὼκαο

252 3215 378 3271 μεν.

325 3378 383 3431 l’.
434 3376 651 3431 Ἦπάτα
697 3375 756 3429 δέ
812 3392 880 3447 με
933 3374 1027 3429 καὶ
1074 3376 1112 3447 ἡ
1165 3374 1259 3428 τοῦ
1317 3373 1570 3446 Σαμουὴλ
1631 3375 1835 3446 Ἀρμα-

249 3466 390 3538 θαῒμ
415 3466 549 3535 (77),
584 3468 618 3536 ή
650 3463 822 3537 μικρά
854 3465 949 3518 τοῦ
987 3462 1225 3535 μεγάλου
1259 3463 1480 3534 πατρὶς,
1513 3463 1613 3515 οὐκ
1638 3463 1835 3533 ἀτιμά-

250 3578 395 3615 σασα
441 3561 532 3614 τδν
578 3561 890 3632 προφήτην,
935 3558 1058 3611 οὐδὲ
1104 3558 1236 3627 παρ’
1281 3556 1479 3626 ἑαυτῆς
1532 3554 1753 3624 μᾶλλον,
1798 3553 1832 3623 ἢ

248 3653 384 3725 παρ’
413 3652 625 3706 ἐκείνου
659 3651 924 3721 γενομένη
953 3647 1256 3720 τιμιωτέρα
1279 3662 1293 3677 °
1329 3645 1388 3713 ἐξ
1420 3640 1489 3718 ἦς
1519 3645 1723 3708 ἐκεῖνος
1745 3645 1836 3697 οὑ-

245 3745 342 3799 δὲν
376 3743 647 3815 ἐκωλύθη,
689 3742 784 3797 καὶ
827 3741 947 3813 Θεῷ
984 3739 1204 3811 δοθῆναι
1246 3737 1354 3811 πρὸ
1399 3737 1686 3807 γενέσεως,
1740 3736 1835 3790 καὶ

246 3838 591 3912 χρηματίσαι
624 3836 837 3908 βλέπων
865 3836 934 3887 τά
957 3832 1265 3905 ἔμπροσθεν
1288 3849 1302 3862 ·
1333 3831 1395 3884 οὐ
1431 3830 1590 3901 μόνον
1627 3828 1705 3894 δὲ,
1740 3828 1836 3882 ἀλ-

246 3932 322 3986 λὰ
357 3931 454 3984 καὶ
482 3930 658 4001 χρίειν
683 3926 937 3999 βασιλέας
964 3926 1058 3978 καὶ
1089 3923 1292 3994 ἱερέας,
1329 3921 1424 3976 καὶ
1460 3919 1668 3992 κρίνειν
1709 3920 1838 3984 τοὺς

247 4027 319 4078 ὲκ
350 4022 458 4077 τῶν
481 4020 751 4093 λαμπρῶν
778 4018 1005 4073 πόλεων.
1037 4016 1175 4088 Περὶ
1208 4014 1264 4068 δὲ
1292 4013 1388 4068 τοῦ
1410 4013 1584 4068 Σαοὺλ
1614 4013 1832 4084 ἤκουον,

247 4119 335 4172 ὅτι
390 4117 488 4179 τὰς
526 4115 680 4178 ὅνους
735 4110 828 4167 τοῦ
867 4109 1072 4179 πατρὸς
1110 4106 1311 4179 ζητῶν,
1361 4103 1639 4176 βασιλείαν
1673 4102 1837 4174 εὗρα-

247 4226 316 4262 το
335 4208 470 4275 (78).
510 4206 622 4259 Καὶ
650 4203 815 4257 Δαϐὶδ
840 4201 1005 4264 αὐτὸς
1037 4201 1103 4252 ὲκ
1134 4197 1243 4250 τῶν
1275 4195 1541 4267 ποιμνίων
1564 4194 1673 4247 τῶν
1703 4206 1836 4265 προ-

248 4301 434 4354 ϐάτων
457 4297 918 4366 ἀναλαμϐάνεται,
948 4293 1045 4346 καὶ
1075 4290 1355 4360 ποιμαίνει
1380 4288 1471 4342 τὸν
1511 4286 1750 4358 Ἰσραήλ.
1773 4286 1837 4338 Τί

246 4393 338 4447 δαὶ
376 4389 585 4462 ’Δμώς;
615 4389 715 4441 οὐκ
735 4386 956 4448 αἰπόλος
978 4380 1089 4454 (79)
1119 4382 1216 4444 ὢν,
1252 4381 1345 4434 καὶ
1369 4380 1568 4445 κνίζων
1603 4377 1839 4448 συκάμι-

246 4501 338 4548 να,
393 4481 729 4553 προφήτειαν
783 4476 1131 4540 πιστεύεται;
1179 4472 1291 4527 Καὶ
1335 4471 1454 4535 πῶς
1502 4469 1594 4524 τὸν
1639 4469 1838 4541 Ἰωσὴφ

326 4644 370 4676 ¹⁹
401 4641 423 4697 1
453 4640 586 4709 Reg.
630 4654 671 4704 ι,
715 4638 743 4693 1
784 4651 906 4707 sqq.
983 4635 1028 4667 ²⁰
1071 4632 1262 4705 IReg.
1305 4646 1382 4697 ιιι,
1414 4630 1448 4685 '5
1477 4641 1630 4700 seqq.

323 4798 439 4870 (68)
474 4797 591 4852 Τὸν
615 4794 979 4860 Ζεύξιππον.
1034 4791 1160 4858 Alii,
1210 4789 1362 4859 juxta
1399 4788 1594 4856 Eliam,
1631 4787 1830 4843 intelli-

246 4880 385 4945 gunt
414 4870 629 4945 domum
690 4880 901 4920 summo
933 4873 1149 4944 sumptu
1195 4870 1531 4945 exstructam
1558 4871 1721 4945 atque
1742 4874 1833 4945 or-

247 4929 460 5002 iiatam,
514 4938 569 4992 in
616 4951 719 5003 qua
753 4949 921 5002 equos
968 4929 1165 5003 aurigae
1189 4929 1506 5003 iungebant,
1554 4931 1620 5003 a_d
1667 4944 1828 5003 quam

247 4997 608 5066 certaminum
636 4997 966 5075 equestrium
990 4997 1213 5056 studiosi
1242 4997 1434 5075 crebro
1462 4997 1829 5075 conﬂuebant.

245 5083 354 5138 Alii
386 5081 582 5143 locum,
613 5069 706 5128 ciu
755 5089 860 5142 quo
887 5075 1136 5143 dogmata
1172 5085 1269 5143 sua
1305 5070 1543 5143 haeretici
1579 5069 1832 5143 disserui:-

1710 4628 1759 4661 “
1783 4626 1806 4682 l
1831 4627 1968 4698 Reg.
2002 4640 2129 4695 χιιι,
2155 4625 2220 4680 11
2243 4642 2397 4698 seqq.

1932 3022 2187 3083 serpente
2233 3015 2286 3068 in
2355 3015 2604 3069 fraudem
2662 3013 2901 3081 inducti,
2959 3025 3014 3068 et
3075 3027 3172 3082 per
3226 3026 3504 3084 peccatum

1934 3115 2107 3162 morte
2155 3105 2359 3174 all‘ecti,
2420 3121 2487 3162 ac
2544 3122 2642 3177 per
2701 3106 2978 3161 caelestem
3030 3107 3292 3162 Adamum
3346 3109 3505 3166 saluti

1932 3196 2195 3260 restituti,
2221 3204 2382 3265 atque
2406 3197 2473 3250 ad
2502 3197 2625 3251 vitae
2669 3196 2898 3267 lignum,
2932 3198 3075 3251 unde
3107 3199 3506 3265 excideramus,

1934 3301 2031 3358 per
2059 3288 2369 3357 ignominias
2400 3287 2604 3356 lignum
2643 3289 2879 3343 revocati
2909 3303 3095 3344 sumus

2007 3375 2081 3429 Χ.
2121 3375 2199 3430 Me
2232 3391 2360 3429 vero
2391 3375 2657 3431 Samuelis
2689 3392 2905 3447 quoque
2950 3377 3214 3432 [laruatha
3253 3376 3505 3447 fallebat,

1935 3479 2126 3534 parva,
2159 3465 2401 3534 inquam,
2433 3466 2613 3536 magni
2644 3466 2789 3521 illius
2816 3467 2915 3521 viri
2942 3468 3115 3537 patria
3133 3469 3196 3535 ι’,
3231 3484 3352 3539 quae
3387 3484 3512 3539 pro-

1936 3557 2111 3623 pheta;
2141 3555 2390 3611 dedecori
2438 3557 2663 3612 minime
2691 3557 2809 3621 fuit,
2867 3572 2970 3613 nec
3016 3573 3048 3613 a
3091 3560 3267 3630 seipsa
3308 3563 3509 3629 potius,

1935 3661 2096 3714 quam
2133 3648 2200 3699 ab
2231 3661 2297 3701 eo
2332 3646 2594 3700 honorem
2633 3656 2924 3702 consecuta
2968 3658 3082 3715 est;
3128 3664 3230 3705 nec
3257 3650 3309 3705 ei
3340 3651 3514 3722 impe-

1936 3738 2177 3791 dimento
2203 3736 2325 3802 fuit,
2359 3738 2653 3807 quominus
2700 3738 2847 3803 Deo,
2887 3738 3038 3809 prius
3067 3742 3233 3795 etiam
3267 3757 3429 3812 quam
3457 3745 3511 3798 in

1937 3829 2107 3881 lucem
2154 3830 2417 3898 prodiret,
2474 3831 2792 3895 donaretur,
2843 3840 2899 3887 et
2940 3832 3157 3886 oracula
3191 3835 3397 3901 ederet,
3457 3843 3516 3890 et

1937 3918 2123 3973 futura
2153 3921 2523 3989 prospiceret;
2557 3936 2623 3976 ac
2650 3933 2911 3990 praeterea
2941 3939 3098 3995 reges
3124 3934 3179 3978 et
3201 3927 3515 3981 sacerdotes

1938 4019 2181 4082 uugeret,
2219 4022 2384 4082 atque
2436 4028 2498 4067 ex
2547 4013 2711 4069 claris
2763 4015 3075 4070 civitatibus
3112 4024 3261 4070 ortos
3303 4025 3516 4086 regeret

1937 4116 2000 4153 ae
2023 4100 2368 4169 gubernaret.
2390 4102 2554 4172 610
2567 4103 2701 4157 Tum
2727 4113 2904 4159 autem
2930 4106 3063 4159 illud
3081 4106 3146 4159 de
3165 4106 3324 4161 Saule
3339 4108 3517 4163 audie-

1940 4195 2081 4258 bam,
2109 4195 2252 4262 quod
2294 4198 2462 4265 patris
2493 4197 2673 4252 asinas
2700 4212 2951 4267 quaerens
2970 4237 2986 4262 ,
3020 4214 3242 4268 regnum
3272 4200 3515 4255 invenis-

1942 4296 2027 4341 set
2056 4285 2124 4339 ³⁸.
2154 4287 2332 4357 Atque
2377 4290 2490 4357 ipse
2519 4304 2733 4359 quoque
2769 4289 2934 4345 David
2958 4306 3021 4345 ex
3049 4292 3228 4345 ovium
3265 4293 3517 4363 gregibus

1946 4378 2011 4428 ad
2036 4377 2364 4446 pascendqu
2394 4376 2647 4432 Israelem
2688 4381 2984 4435 assumitur
3011 4381 3080 4438 ".
3128 4381 3268 4448 Quid
3304 4381 3517 4436 Amos?

1947 4466 2139 4522 Nonne
2169 4468 2452 4538 caprarius
2497 4477 2617 4522 erat
2655 4470 2726 4535 ¹¹,
2757 4484 2822 4524 ac
2848 4484 3030 4525 moros
3058 4471 3351 4540 carpebat,
3394 4486 3517 4525 cum

2475 4627 2521 4658 "
2550 4626 2717 4683 Amos
2757 4642 2796 4691 ι,
2828 4628 2882 4681 1.

2011 4785 2125 4854 (72)
2153 4784 2370 4839 Κοιγὸν
2399 4785 2603 4854 λόγον.
2639 4804 2662 4837 r
2684 4783 3034 4840 Communem
3061 4798 3382 4854 sermonem.
3408 4803 3428 4837 ι

2003 4853 2114 4928 (75)
2166 4857 2227 4908 Ὁ
2257 4854 2309 4928 δ’
2343 4855 2434 4908 οὔ.
2464 4853 2709 4922 Quatuor
2740 4860 2932 4924 ltegg.,
2961 4855 3019 4917 ὃς
3043 4854 3099 4907 δὲ
3131 4853 3214 4907 οὔ·
3244 4873 3263 4906 ι
3291 4854 3403 4908 Νοιι
3432 4853 3519 4909 hic

1933 4926 2178 4996 quidem.
2215 4926 2303 4996 ille
2340 4941 2464 4996 vero
2496 4928 2712 4996 minime
2738 4932 2873 4996 {sed
2909 4941 3164 4996 oiitues,»
3195 4933 3301 4978 etc.

2001 4996 2115 5067 (7d)
2159 4994 2238 5063 Τῇ
2267 4993 2540 5063 ἁμαρτίᾳ.
2569 4993 2732 5067 Cois].
2762 4995 2815 5058 1,
2848 4998 2914 5067 τῇ
2942 4994 3076 5067 αύτῇ
3118 4993 3375 5067 ἁμαρτίᾳ.

2006 5062 2120 5137 (75)
2165 5062 2577 5137 ΑἘποὺριινίου.
2608 5064 2698 5119 Sic
2723 5062 2953 5134 quatuor
2984 5062 3426 5133 liegg._etVCo_isl.
3459 5064 3513 5118 1.

247 5135 517 5213 nabant,»
571 5135 645 5200 ἰιι
676 5135 837 5213 estin
893 5135 1129 5213 Scholn
1175 5138 1452 5213 Evnomia
1484 5138 1598 5213 γάρ
1644 5137 1832 5213 πολλοὶ

1944 5137 1985 5189 in
2008 5135 2119 5200 ed.,
2153 5135 2505 5205 ὑπουρανίου,
2546 5154 2565 5186 ‹
2586 5138 2676 5205 qui
2710 5139 2811 5191 sub
2840 5137 2981 5191 caelo
3015 5145 3118 5198 est,
3140 5152 3160 5185 ›
3207 5148 3321 5198 seu,
3359 5152 3377 5185 ι
3412 5145 3520 5188 ter-

249 5210 527 5280 συνιόντες
551 5212 928 5287 ὲδογμάτιζον.
962 5211 1113 5268 Unde
1136 5225 1235 5287 per
1275 5211 1504 5287 ironiam
1537 5210 1829 5287 Gregorius

247 5299 411 5346 vocat
438 5278 580 5343 hunc
602 5278 802 5348 locum,
849 5303 867 5335 ι
897 5298 1090 5337 novam
1129 5281 1447 5336 Jerusalem.
1479 5298 1498 5332 ι
1543 5279 1649 5335 Alii
1676 5278 1828 5332 deni-

249 5376 366 5432 que
387 5357 800 5432 celeberrimum
842 5353 1099 5432 Zeuxippi
1137 5352 1408 5432 balneum.

321 5431 437 5501 (69)
486 5427 937 5497 Συγγενόμενον
1011 5419 1195 5482 Plures
1248 5421 1445 5493 Regg.,
1504 5419 1834 5491 συγγινόμε-

242 5519 358 5558 νον.

321 5569 438 5642 (7ο)
471 5569 567 5635 Ὠς
594 5566 822 5642 ,ήᾷύςη
844 5564 937 5622 Sic
969 5574 1080 5622 tres
1112 5562 1302 5636 Regg.,
1354 5562 1517 5618 Cois].
1560 5562 1616 5627 2,
1656 5560 1747 5618 Or.
1782 5559 1832 5626 1,

245 5638 355 5700 etc.
382 5641 540 5712 Deest
577 5638 653 5702 ὡς
676 5640 733 5712 in
758 5638 844 5712 e_d.
1195 5703 1221 5712 μ
1392 5702 1418 5712 -

321 5711 437 5784 (71)
460 5709 755 5779 Ζωτικήν.
780 5708 838 5768 In
872 5705 1166 5776 nonnullis,
1189 5703 1444 5770 ζωτικοῦ.

1932 5215 2191 5261 restrem.
2218 5224 2237 5257 )

2007 5277 2120 5346 (76)
2147 5273 2253 5327 Διὰ
2278 5274 2385 5328 τοῦ
2412 5274 2625 5339 ξύλου.
2660 5272 2841 5331 Schol.
2878 5292 2894 5331 :
2926 5271 3020 5329 τοῦ
3064 5272 3297 5344 σταυροῦ
3317 5289 3332 5304 ο
3375 5290 3394 5324 ι
3421 5287 3520 5343 per

1934 5346 2136 5416 lignum
2166 5346 2365 5399 crucis.
2395 5364 2414 5395 ι
2469 5415 2475 5416 γ
2626 5414 2670 5416 ν
2713 5404 2721 5409 .

2009 5415 2121 5487 (77)
2150 5415 2538 5487 ΔἈρμᾳθιιΐμ.
2617 5414 2710 5487 Sic
2756 5418 2994 5487 quinque
3042 5415 3232 5485 Regg.,
3288 5423 3522 5485 quatuor

1935 5483 2112 5558 Coll»,
2135 5483 2298 5558 Coisl.
2331 5484 2365 5536 2
2396 5483 2569 5558 etOr.
2607 5485 2657 5538 1.
2684 5485 2739 5540 lu
2773 5483 3237 5558 eil.,"z&_ppa0€p.

2006 5557 2121 5626 (78)
2150 5554 2400 5622 Εὕρατο.
2428 5557 2519 5610 Sic
2544 5564 2654 5611 tres
2689 5559 2857 5628 itegg.
2877 5551 2937 5612 et
2963 5551 3132 5613 Cdisl.
3156 5551 3210 5612 Ξ.
3240 5555 3296 5612 ln
3324 5554 3411 5614 ed.
3431 5551 3529 5610 εὓκ

1938 5643 2080 5701 ρετὲτ

2007 5695 2122 5767 (79)
2151 5695 2433 5762 Ais-iratae.
2466 5694 2598 5768 Reg.
2628 5696 2764 5766 bm.,
2796 5696 3063 5759 αίπωλος.
