3910 6214
436 256 544 312 ΞἮ

1681 232 1748 312 δέ
1778 254 2111 312 cnaeonu
2150 253 2500 313 THEOLOGI

3603 260 3710 318 228

435 369 711 443 prophetae
732 385 928 425 manus
961 370 1059 441 ipsi
1088 370 1443 427 commissum
1475 378 1531 425 et
1557 369 1862 442 delegatum
1895 372 2013 428 est?

2126 371 2487 444 παρέδραμον,
2537 369 2598 434 ὃς
2647 372 2741 424 καὶ
2786 364 2973 435 δοῦλος
3016 371 3257 441 ἐγένετο,
3301 372 3397 427 καὶ
3435 374 3709 447 σιτοδότης

437 463 718 532 Quomodo
748 461 1043 534 Josephum
1076 464 1337 533 praeterii,
1366 463 1457 533 qui
1495 470 1550 517 et
1581 478 1772 519 servus
1806 464 1907 519 fuit
1945 464 2013 528 ’³,

437 565 492 611 et
519 554 774 610 frumenti
807 553 861 608 in
898 553 1133 625 IEgypto
1166 555 1490 610 distributor
1528 557 1594 619 ’⁵,
1626 565 1681 610 et
1706 554 2019 610 innumera-

437 648 624 704 bilium
665 647 877 701 illarum
912 647 1211 716 copiarum,
1271 662 1392 718 quae
1448 648 1684 703 Abrahae
1738 649 2020 717 promissa:

438 739 675 805 fuerant,
713 738 903 807 pater?
944 736 1062 792 Jam
1094 739 1391 806 Abraham,
1425 747 1484 793 ut
1513 739 1719 810 majora
1746 740 2016 811 colligam,

439 846 506 885 an
543 846 650 886 non
686 831 1003 901 peregrinus
1051 831 1137 885 ’5?
1175 831 1388 901 Moyses
1415 841 1619 899 autem,
1667 848 1843 889 nonne
1873 835 2020 904 prius

437 923 718 994 expositus
754 924 820 989 ’°,
850 925 1044 979 deinde
1081 923 1359 994 legislator
1390 926 1461 991 ⁸⁷,
1493 935 1659 994 atque
1687 940 1898 994 eorum,
1928 927 2019 996 qui

438 1016 506 1069 ad
539 1015 856 1084 promissam
888 1025 1088 1070 terram
1129 1016 1550 1082 contendebant,
1608 1018 1924 1088 imperator,
1955 1020 2021 1074 de

438 1122 547 1176 quo
576 1115 654 1162 tot
684 1118 903 1177 tamque
934 1108 1253 1161 admiranda
1287 1110 1686 1177 praedicantur?
1729 1110 2021 1166 Enimvero

441 1212 530 1251 me
557 1212 773 1265 quoque
817 1197 964 1259 Elite,
1006 1197 1097 1267 qui
1135 1198 1293 1267 igneo
1331 1213 1494 1252 curru
1547 1198 1807 1268 abreptus
1837 1211 1920 1255 est
1951 1201 2017 1266 ’³,

438 1289 718 1343 Carmelus
753 1287 971 1343 fallebat
1005 1308 1019 1342 :
1049 1298 1104 1342 et
1145 1288 1321 1344 Elisaei
1378 1289 1575 1345 melote
1615 1292 1682 1356 ”,
1737 1306 1856 1359 quae
1903 1292 2022 1360 plus

438 1381 635 1434 virium
666 1381 872 1447 habuit,
907 1397 1068 1450 quam
1102 1382 1188 1434 tila
1218 1383 1416 1445 serica,
1467 1391 1521 1437 et
1554 1398 1746 1437 aurum
1783 1384 2022 1438 vestibus

438 1488 537 1542 per
552 1473 657 1526 vim
687 1483 954 1527 assutmu.
988 1472 1128 1539 Quin
1158 1473 1290 1526 mihi
1323 1488 1539 1543 quoque
1566 1475 1838 1530 desertum
1870 1476 2020 1540 illud,

439 1567 492 1619 in
528 1580 636 1633 quo
668 1564 938 1629 Joannes,
987 1567 1071 1618 vir
1119 1566 1261 1620 inter
1306 1575 1463 1622 natos
1508 1567 1796 1622 mulierum
1851 1570 2023 1621 maxi-

438 1672 560 1710 mus
584 1658 651 1720 ³⁸,
683 1673 805 1711 cum
862 1657 983 1712 cibo
1014 1659 1125 1720 illo,
1168 1667 1223 1711 et
1262 1667 1430 1724 veste,
1481 1668 1536 1712 et
1580 1675 1717 1713 zona
1770 1661 2020 1731 degebat,

2120 463 2426 532 Αἰγύπτου,
2485 463 2582 517 καὶ
2638 463 2822 535 πατὴρ
2878 462 3090 517 πολλῶν
3151 464 3449 535 μυριάδων,
3511 467 3570 520 αἳ
3631 465 3712 538 τῷ

2134 555 2386 626 Ἀϐραὰμ
2429 553 2889 627 προηγγέλθησαν
2916 554 3059 627 (80);
3097 555 3351 628 Ἀϐραὰμ
3398 557 3478 621 δὲ,
3519 558 3587 612 ἵν’
3630 560 3713 612 εί-

2121 663 2208 699 πω
2246 646 2308 697 τὸ
2361 643 2567 716 μεῖξον,
2620 646 2682 698 ού
2734 644 3114 717 μετανάστης;
3177 648 3419 719 Μωῦσῆς
3467 648 3544 712 δὲ,
3609 650 3711 704 οὐκ

2122 734 2341 799 ἔκθετος
2390 734 2676 807 πρότερον,
2734 731 2855 790 εἶτα
2903 736 3220 808 νομοθέτης,
3263 737 3359 791 καὶ
3403 739 3712 810 στρατηγὸς

2119 827 2228 882 τῶν
2259 828 2396 900 πρὸς
2434 828 2533 899 τὴν
2565 828 2671 898 γῆν
2713 829 2814 898 τῆς
2849 828 3178 898 ἐπαγγελίας
3223 830 3617 901 ἐπειγομένων,
3644 824 3708 884 οὗ

2122 920 2192 974 τὰ
2214 919 2425 991 μεγάλα
2449 921 2542 975 ml.
2568 919 2858 991 Θαυμαστὰ
2885 921 3231 992 διηγήματας
3268 921 3484 976 Ἦπάτα
3515 941 3585 994 με
3612 924 3713 978 καὶ

2121 1013 2149 1064 ὁ
2180 1012 2478 1084 Κάρμηλος
2520 1010 2722 1075 Ἠλίου,
2768 1013 2830 1066 τὸ
2864 1012 2958 1066 τοῦ
2990 1014 3161 1085 πυρὸς
3193 1013 3346 1085 ἅρμα
3384 1015 3707 1087 δεξάμενος’

2122 1106 2218 1159 κα)⁸
2269 1108 2303 1177 ἡ
2361 1104 2584 1178 μηλιιντὴ
2643 1105 2971 1174 Ἐλισσαίου,
3008 1107 3178 1162 πλείω
3216 1108 3528 1180 δυνηθεῖσα,
3568 1111 3602 1182 ἢ
3640 1110 3713 1165 τὰ

2126 1197 2308 1269 σηρῶν
2356 1202 2593 1269 νήματα,
2643 1200 2738 1252 καὶ
2778 1200 2807 1251 ὁ
2841 1198 3085 1270 βιασθεὶς
3119 1201 3199 1264 είς
3231 1200 3435 1273 ἐσθῆτα
3484 1203 3709 1274 χρυσός.

2135 1290 2349 1344 Ἦπάτα
2388 1308 2454 1361 με
2490 1292 2585 1344 κα)¹
2627 1292 2659 1361 ἡ
2688 1291 2893 1363 ἔρημος
2931 1293 3205 1358 Ἰωάννου,
3245 1294 3336 1348 τὸν
3370 1295 3630 1365 μέγιστον
3653 1298 3715 1351 ἐν

2123 1385 2399 1454 γεννητοῖς
2447 1382 2719 1451 γυναικῶν
2747 1383 2965 1455 ἔχουσα,
3012 1386 3150 1455 μετὰ
3179 1385 3281 1456 τῆς
3325 1388 3532 1459 τροφῆς
3568 1388 3715 1442 ὲκεί-

2124 1491 2242 1545 νης,
2269 1475 2362 1527 καὶ
2406 1475 2504 1545 τῆς
2544 1473 2740 1546 ζώνης,
2772 1477 2865 1529 καὶ
2906 1476 3002 1529 τοῦ
3032 1477 3362 1549 ἐσθήματος.
3403 1479 3716 1552 Ἐτόλμησά

2123 1583 2176 1619 τι
2229 1566 2322 1620 καὶ
2353 1567 2492 1638 ὑπὲρ
2527 1566 2722 1630 ταῦτα,
2759 1567 2892 1621 Θεὸν
2927 1562 3084 1639 εὖρον
3121 1569 3219 1641 τῆς
3244 1570 3385 1642 ἐμῆς
3423 1572 3713 1643 ἀγροικίας

2130 1659 2446 1729 συνήγορον.
2502 1657 2653 1712 Μετὰ
2709 1659 2957 1731 Βηθλεὲμ
3009 1661 3375 1733 ταχθήσομαι,
3416 1663 3556 1733 μετά
3610 1665 3713 1736 τῆς

440 1750 804 1818 imposturam
852 1749 1109 1805 faciebat.
1162 1750 1275 1807 Nec
1323 1766 1452 1806 vero
1506 1751 1729 1806 ulterius
1775 1754 2017 1823 progredi

2131 1751 2337 1822 φάτνης
2365 1751 2829 1825 ἀτιμασθήσομαι,
2866 1752 2932 1805 δι’
2967 1754 3032 1823 ἣν
3066 1755 3129 1806 σὺ
3156 1753 3288 1807 Θεὸν
3326 1755 3631 1826 ἀτιμάζων,
3654 1756 3712 1809 τί

443 1840 725 1903 dubitabo,
754 1840 920 1893 Deum
956 1843 1276 1897 rusticitatis
1323 1858 1454 1898 mea:
1488 1853 1776 1913 patronum
1809 1854 2023 1901 nactus.

441 1929 575 1985 Cum
630 1930 900 1984 Bethleem
969 1934 1298 1998 collorabor,
1340 1949 1464 1989 cum
1512 1935 1738 2003 praesepi
1792 1936 2021 2004 vilipen-

445 2023 565 2088 dar,
619 2033 841 2091 propter
884 2025 1048 2093 quod,
1104 2036 1226 2079 cum
1290 2025 1461 2080 Deum
1513 2034 1851 2090 contemnas,
1897 2027 2026 2095 quid

444 2115 663 2180 mirum,
707 2115 751 2169 si
796 2116 864 2170 ob
894 2119 1137 2172 eamdem
1182 2134 1399 2173 causam
1456 2132 1760 2188 praeconem
1810 2109 2028 2188 quoque

443 2205 752 2274 despicias?
796 2206 1097 2263 Producam
1140 2211 1302 2263 etiam
1336 2209 1430 2263 tibi
1463 2210 1783 2279 piscatores,
1807 2220 1862 2264 et
1892 2224 2023 2277 pau-

442 2308 637 2362 peres,
669 2295 868 2364 quibus
906 2296 1258 2366 Evangelium
1303 2296 1680 2362 annuntiatur,
1726 2312 1791 2351 ac
1841 2297 2023 2353 multis

444 2386 704 2443 divitibus
733 2387 1006 2457 prmlatos.
1049 2386 1409 2458 Nunquamne
1453 2389 1521 2445 de
1550 2387 1865 2445 civitatibus
1908 2389 2024 2459 glo-

445 2482 577 2536 riari
611 2482 863 2537 desines?
894 2481 1251 2551 Nunquamne
1270 2481 1366 2537 tibi
1399 2480 1782 2549 despicabilem
1809 2489 1866 2536 et
1892 2480 2024 2534 infa-

443 2584 588 2629 mem
645 2571 988 2626 solitudinem
1049 2571 1387 2628 venerationi
1439 2570 1705 2626 habebis?
1772 2568 2020 2626 Nondum

444 2664 572 2718 dico
596 2678 787 2720 aurum
828 2665 883 2719 in
912 2666 1094 2720 arenis
1119 2663 1294 2728 nasci,
1331 2662 1394 2719 et
1431 2662 1728 2734 pellucidus
1757 2661 1967 2731 lapides
1991 2675 2021 2714 a

2124 1843 2454 1914 θαυμαστὸν,
2515 1846 2565 1897 εἰ
2615 1846 2681 1898 ἐκ
2735 1845 2837 1915 τῆς
2890 1845 3061 1915 αὐτῆς
3120 1845 3298 1910 αἰτίας
3360 1848 3712 1919 περιφρονεξ

2124 1938 2218 1989 καὶ
2253 1936 2344 1989 τὸν
2382 1938 2599 2007 κήρυκα
2624 1955 2638 2003 ;
2673 1936 2958 2009 Προσοίσω
2988 1954 3069 1990 σοι
3100 1937 3211 2008 (81)
3239 1939 3330 1991 καὶ
3357 1940 3482 2003 τοὺς
3513 1938 3708 2003 ἁλιεῖς,

2110 2029 2216 2081 ’καὶ
2269 2030 2396 2090 τοὺς
2443 2027 2961 2100 εὐαγγελιζομένους
3004 2032 3254 2100 πτωχοὺς
3303 2030 3437 2102 (8‘2),
3486 2030 3707 2085 πολλῶν

2124 2120 2394 2173 πλουσίων
2424 2120 2881 2191 προτιμηθέντας.
2920 2119 3112 2193 Παύσῃ
3149 2120 3259 2193 (85)
3287 2122 3418 2175 ποτὲ
3451 2125 3570 2187 ταῖς
3611 2123 3716 2176 πό·

2122 2210 2269 2263 λεσιν
2307 2212 2702 2283 ὲπαιρόμενος;
2747 2211 3039 2284 αἰδεσθήσῃ
3072 2213 3203 2266 ποτὲ
3237 2213 3336 2284 τὴν
3364 2213 3716 2267 ἀπόπτυστόν

2122 2317 2204 2354 σοι
2236 2301 2330 2355 καὶ
2360 2301 2553 2370 ἄτιμον
2581 2301 2850 2373 ἐρημίαν;
2891 2300 3058 2355 Οὔπω
3093 2301 3206 2373 (84)
3238 2301 3384 2372 λέγω
3414 2303 3620 2375 χρυσὸν
3653 2305 3716 2357 ἐν

2118 2390 2366 2461 ψάμμοις
2404 2389 2743 2460 τικτόμενον,
2790 2390 2886 2444 καὶ
2928 2389 3110 2454 λίθους
3141 2390 3442 2459 διαφανεῖς,
3491 2391 3716 2465 πετρῶν

2121 2481 2484 2554 προϐλήματα
2506 2483 2601 2536 καὶ
2621 2483 2950 2555 δωρήματα·
2980 2477 3063 2548 οἷς
3083 2484 3132 2538 εί
3161 2485 3438 2559 ἀντιθείην
3472 2487 3586 2557 (85)
3617 2487 3718 2542 καὶ

2118 2572 2220 2627 ὅσα
2259 2574 2318 2625 ὲν
2362 2574 2582 2627 πόλεσιν
2625 2573 2818 2646 ἄτιμα,
2864 2575 3005 2647 τάχα
3040 2574 3107 2629 ἀν
3147 2578 3247 2631 οὐκ
3284 2579 3366 2642 είς
3409 2577 3573 2633 καλὸν
3611 2580 3715 2651 τῆς

2122 2664 2437 2737 παρρησίας
2465 2665 2840 2737 ἀπολαύσαιμι

441 2760 613 2829 petris
656 2757 882 2829 produci
926 2773 991 2812 ac
1042 2757 1265 2822 donari;
1319 2758 1517 2827 quibus
1561 2755 1609 2812 si
1656 2754 1918 2825 quidquid
1955 2753 2010 2808 in
2051 2758 2276 2813 urbibus
2306 2757 2414 2815 vile
2440 2768 2546 2824 est,
2612 2773 2887 2831 opponere
2950 2760 3135 2829 velim,
3165 2777 3363 2819 vereor
3391 2779 3460 2821 ne
3490 2765 3712 2823 dicendi

449 2850 703 2907 libertate
742 2850 882 2904 haud
910 2847 1046 2904 satis
1068 2848 1353 2903 commode
1376 2854 1520 2903 utar.

516 2941 610 2997 XI.
660 2942 732 2996 At
761 2940 925 2996 etiam
964 2940 1308 3010 peregrinum
1338 2948 1396 2995 et
1420 2948 1667 2993 exterum
1715 2950 2017 3007 pmconem

2195 2940 2298 2993 IA'.
2336 2935 2498 2990 Ἀλλά
2534 2937 2630 2991 καὶ
2663 2936 2814 3004 ξένος
2837 2941 2968 3011 ἡμῖν
3002 2938 3115 3012 (86)
3149 2942 3179 2996 ὁ
3204 2939 3381 3011 κῆρυξ
3420 2940 3512 2994 καὶ
3537 2941 3713 3012 ὑπερ-

446 3036 727 3097 habemus,
765 3033 911 3089 dicet
938 3030 1173 3088 fortasse
1199 3031 1471 3100 quispiam
1502 3045 1569 3085 ex
1597 3030 1701 3094 his,
1738 3029 1830 3098 qui
1859 3029 2020 3083 nimis

441 3123 866 3193 circumscripti,
916 3133 971 3178 et
1009 3123 1159 3177 carni
1201 3123 1370 3178 dediti
1408 3131 1555 3177 sunt.
1581 3120 1778 3186 .Quid?
1834 3119 2021 3175 Nonne

445 3216 680 3289 apostoli
713 3216 982 3287 peregrini
1017 3214 1240 3269 fuerunt
1264 3213 1404 3283 apud
1441 3212 1689 3267 nationes
1738 3209 1936 3265 multas
1966 3219 2023 3265 et

443 3312 607 3367 urbes
637 3310 691 3364 in
719 3323 856 3379 quas
886 3308 1044 3363 divisi
1088 3316 1236 3371 sunt,
1285 3315 1344 3359 ut
1393 3304 1742 3375 Evangelittm
1776 3318 2024 3373 quaqua-

442 3419 660 3461 versum
684 3409 951 3461 curreret.
984 3415 1084 3454 nec
1107 3401 1402 3469 quidquam
1429 3398 1556 3452 trini
1584 3396 1802 3451 luminis
1830 3411 2023 3464 expers

442 3505 611 3557 esset.
661 3509 726 3550 ac
774 3493 1020 3549 veritatis
1051 3491 1172 3546 luce
1203 3491 1425 3545 tninitne
1451 3489 1750 3560 perfusum,
1790 3490 1927 3544 adeo
1965 3499 2025 3544 ut

446 3591 515 3645 iis
542 3588 733 3653 etiam,
788 3586 882 3656 qui
918 3586 970 3640 in
1001 3585 1239 3640 tenebris
1288 3600 1350 3637 ac
1397 3583 1587 3637 mortis
1626 3581 1820 3637 umbra
1863 3582 2021 3636 sede-

443 3680 599 3742 bant,
628 3679 789 3751 611
827 3676 1146 3748 ignorantia:
1168 3676 1343 3745 caligo
1376 3671 1772 3729 discuteretur?
1811 3671 2020 3726 Audisti

441 3774 575 3845 quid
601 3772 798 3827 Paulus
825 3772 969 3825 dicat
1002 3788 1015 3824 :
1053 3768 1121 3824 Ut
1164 3785 1258 3822 nos
1281 3768 1509 3837 quidem,
1546 3766 1752 3835 inquit,
1785 3766 1853 3818 ad
1894 3781 2018 3835 gen-

444 3876 544 3934 tes,
570 3866 651 3921 illi
672 3876 847 3920 autem
878 3864 946 3919 ad
975 3862 1422 3917 circumcisionem
1464 3859 1532 3913 ³¹.
1579 3859 1665 3912 Sit
1700 3872 1830 3912 sane
1876 3856 2021 3911 Petri

440 3959 647 4015 Judaea.
695 3956 834 4025 Quid
866 3956 1032 4011 Paulo
1071 3970 1193 4010 cum
1237 3953 1489 4022 gentibus
1515 3964 1824 4013 commune,
1861 3947 2022 4002 Luca:

443 4066 569 4106 cum
608 4049 849 4115 Achaia,
907 4048 1139 4101 Andreae
1193 4060 1316 4100 cum
1375 4043 1580 4113 Epiro,
1650 4041 1846 4096 Joanni
1896 4055 2018 4094 cum

445 4141 682 4212 Epheso,
705 4139 925 4194 Thomaz
955 4154 1078 4193 cum
1110 4138 1281 4201 ludia,
1306 4134 1487 4189 Marco
1511 4149 1633 4189 cum
1664 4132 1858 4187 Italia?
1882 4130 2022 4199 Quid

445 4230 659 4285 caeteris
691 4232 962 4294 omnibus,
996 4244 1064 4283 ne
1090 4227 1365 4297 sigillatim
1401 4226 1774 4295 loquar,cum
1819 4222 1909 4288 iis,
1954 4221 2021 4275 ad

2121 3032 2285 3104 όριος,
2314 3030 2454 3101 τάχα
2486 3029 2552 3083 ἀν
2581 3032 2723 3084 εἴποι
2749 3049 2834 3094 τις
2860 3030 2969 3085 τῶν
2996 3032 3199 3103 σφόδρα
3231 3032 3627 3104 περιγραπτῶν
3649 3049 3714 3086 τε

2122 3124 2217 3177 καὶ
2237 3121 2598 3193 φιλοσάρκων.
2612 3122 2678 3175 Οἱ
2699 3123 2986 3177 ἀπόστολοι
3006 3125 3084 3187 δὲ,
3102 3126 3161 3178 οὐ
3201 3124 3338 3190 ξένοι
3362 3126 3470 3180 τῶν
3495 3127 3715 3181 πολλῶν

2122 3211 2292 3264 ἐθνῶν
2339 3228 2399 3265 τε
2448 3211 2543 3264 καὶ
2588 3212 2818 3277 πόλεων,
2852 3215 2931 3276 εἰς
2972 3212 3036 3275 ἀς
3059 3213 3169 3285 (87)
3203 3215 3594 3288 ἐμερίσθησαν,
3625 3219 3717 3271 ἵνα

2123 3303 2395 3375 πανταχοῦ
2434 3303 2617 3377 δράμῃ
2652 3305 2713 3358 τὸ
2742 3305 3093 3374 Εὑαγγέλιον,
3130 3307 3218 3359 ἵνα
3250 3307 3416 3377 μηδὲν
3454 3308 3716 3380 ἀλαμπὲς

2120 3393 2155 3472 ᾗ
2193 3396 2283 3450 τοῦ
2322 3397 2546 3469 τρισσοῦ
2593 3397 2788 3467 φωτὸς,
2827 3399 2922 3451 καὶ
2956 3398 3055 3468 τῆς
3084 3398 3343 3468 ἀληθείας
3378 3400 3712 3470 ἀφώτιστον,

2122 3485 2264 3539 ὥστε
2297 3486 2393 3539 καὶ
2428 3487 2540 3548 τοῖς
2566 3487 2624 3538 ὲν
2656 3485 2833 3556 σκότῳ
2861 3485 2973 3557 (88)
3004 3486 3099 3539 ml
3128 3489 3258 3558 σκιᾷ
3300 3488 3529 3543 θανάτου
3569 3490 3716 3544 καθ-

2120 3578 2346 3650 ημένοις
2373 3576 2601 3647 λυθῆναι
2622 3576 2719 3646 τὴν
2745 3576 2915 3630 νύκτα
2939 3577 3370 3648 τῆς.ἀγνωσιας;
3404 3581 3507 3635 σιν.
3536 3581 3719 3652 ἡμεῖς

2122 3670 2256 3742 μὲν,
2280 3670 2464 3741 φησιν,
2500 3671 2587 3735 εἰς
2618 3668 2690 3722 τὰ
2714 3669 2882 3737 ἔθνη,
2918 3670 3087 3723 αὐτοὶ
3118 3668 3188 3723 δὲ
3215 3673 3305 3738 εὶς
3336 3671 3452 3741 τὴν
3475 3689 3719 3741 περιτο-

2117 3763 2268 3831 μὴν,
2319 3763 2558 3834 ἤκουσας
2606 3759 2818 3814 Παύλου
2867 3760 3137 3829 λέγοντος.
3174 3764 3356 3817 Ἔστω
3415 3765 3627 3839 Πέτρου
3678 3768 3717 3838 ἡ

2136 3855 2396 3909 Ἰουδαία·
2431 3854 2484 3907 τί
2534 3853 2732 3925 Παύλῳ
2794 3854 2967 3910 κοινὸν
3020 3855 3158 3925 πρὸς
3208 3856 3298 3929 τὰ,
3330 3856 3481 3927 ἔθνη,
3524 3859 3718 3930 Δουκᾷ

2125 3947 2263 4018 πρὸς
2303 3946 2548 4016 Ἀχαίαν,
2588 3945 2814 4018 Ἀνδρέᾳ
2855 3945 2991 4016 πρὸς
3022 3944 3119 4017 τὴν
3155 3947 3440 4018 Ἤπειρον,
3486 3948 3719 4023 Ἰωάννῃ

2124 4040 2263 4108 πρὸς
2282 4037 2533 4105 Ἔφεσον,
2552 4036 2723 4107 Θωμᾷ
2750 4036 2885 4107 πρὸς
2920 4036 3168 4108 Ἰνδικὴν,
3184 4038 3396 4109 Μάρκῳ
3417 4039 3555 4111 πρὸς
3571 4041 3717 4094 Ἰτα-

2122 4129 2242 4183 λίαν
2261 4147 2275 4194 ;
2300 4129 2353 4183 τί
2372 4127 2461 4182 δαὶ
2477 4127 2585 4198 (89)
2607 4129 2720 4190 τοῖς
2738 4126 2919 4192 ἀλλοις
2943 4129 3130 4191 πᾶσιν,
3157 4129 3243 4182 ἵνα
3272 4129 3428 4201 μὴτά
3447 4132 3569 4185 καθ’
3589 4132 3716 4202 Μ)

2122 4220 2351 4274 ἕκαστον
2380 4222 2542 4291 λέγω,
2573 4225 2709 4295 πρὸς
2758 4225 2884 4289 τοὺς
2920 4222 3002 4290 οἷς
3032 4227 3426 4299 ὲπεδήμησαν;
3459 4229 3650 4296 Ὥστε,
3677 4230 3714 4302 ἢ

444 4337 585 4393 quos
620 4320 847 4392 profecti
877 4321 1045 4377 sunt?
1076 4320 1277 4387 Quare,
1308 4328 1403 4373 aut
1430 4318 1549 4372 illos
1572 4317 1738 4371 etiam
1764 4314 2011 4384 objurga,

2126 4312 2390 4377 κάκείνοις
2414 4315 2758 4387 ἐπιτίμησον,
2785 4318 2818 4387 ἢ
2843 4318 3013 4388 κάμοὶ
3042 4317 3420 4390 συγχώρησον.
3448 4320 3480 4392 ἢ
3508 4298 3715 4387 δεῖξον,

446 4423 542 4468 aut
567 4413 698 4467 mihi
728 4427 941 4482 quoque
970 4413 1209 4482 ignosce,
1242 4421 1335 4466 aut
1373 4410 1629 4471 ostende,
1667 4422 1792 4464 cum
1832 4422 2014 4463 veram

446 4507 750 4562 doctrinam
790 4505 1127 4574 potissimum
1174 4514 1433 4569 astruas,
1476 4517 1543 4559 ex
1593 4502 1813 4558 insulsis
1860 4499 2020 4569 nugis

449 4599 543 4653 tibi
582 4597 908 4653 calumniam
942 4597 1097 4655 strui.
1126 4596 1394 4664 Quoniam
1427 4604 1607 4650 autem
1637 4594 1704 4649 de
1739 4593 1825 4648 his
1855 4591 2018 4646 rebus

2124 4403 2205 4456 ὃτι
2237 4403 2325 4456 τὸν
2349 4403 2522 4474 ἀληθῆ
2559 4406 2669 4475 (91)
2705 4405 2861 4476 λόγον
2904 4408 3241 4479 πρεσϐεύων,
3277 4410 3559 4483 ὲπηρεαζῃ
3592 4411 3719 4485 τὴν

2124 4496 2413 4567 φλυαρίαν.
2455 4499 2608 4551 Ἐπεὶ
2639 4499 2696 4552 δὲ
2737 4500 3126 4571 μικροπρεπῶς
3161 4501 3439 4573 διελέχθην
3467 4520 3550 4556 σοι
3578 4505 3718 4575 περὶ

2123 4587 2347 4652 τούτων,
2395 4588 2547 4660 φέρε,
2590 4589 2939 4662 φιλοσοφήσω
2980 4592 3074 4647 καὶ
3103 4593 3713 4667 μεγαλοπρεπέστερον.

451 4693 730 4750 humiliter
755 4702 932 4749 tecum
965 4693 1226 4748 hactenus
1264 4701 1319 4747 et
1353 4690 1563 4759 abiecte
1607 4687 1861 4755 disserui,
1897 4699 2025 4758 age,
2076 4683 2367 4740 sublimius
2396 4684 2509 4753 jam
2543 4698 2605 4740 ac
2639 4686 3072 4757 magniﬁcentius
3105 4687 3416 4757 disputabo.

523 4830 569 4863 ’³
597 4828 737 4884 Gen.
766 4843 975 4893 xxxv",
999 4827 1088 4883 56.
1191 4827 1239 4860 “
1263 4825 1397 4882 Gen.
1428 4842 1538 4882 xu.
1575 4825 1664 4879 56.

447 4901 493 4934 ³⁸
525 4899 588 4955 IV
624 4900 755 4968 Reg.
786 4914 842 4964 tt,
873 4899 963 4954 11.
1036 4900 1081 4930 ²⁹
1110 4896 1241 4952 ibid.
1275 4899 1359 4952 l4.
1436 4896 1480 4928 ³⁰
1510 4895 1698 4949 Matth.
1736 4894 1924 4957 31,“.

518 5040 631 5111 (80)
656 5037 1182 5111 Προηγτέλθησαν.
1218 5036 1314 5111 __Sic
1361 5046 1472 5091 tres
1511 5035 1703 5108 chg.,
1732 5036 1837 5093 duo
1862 5036 2012 5091 Colb.

445 5121 501 5167 et
533 5107 625 5166 0r.
652 5107 715 5163 1.
735 5109 790 5164 In
828 5107 940 5180 ett,
977 5107 1457 5180 παρηγγέλθησαν.

515 5181 628 5250 (81)
667 5179 979 5249 Προσοίσω
1001 5174 1127 5250 ea;
1145 5174 1242 5250 Sic
1273 5174 1377 5233 duo
1403 5177 1594 5246 Regg.,
1613 5184 1843 5246 quatuor
1860 5174 2011 5232 Colb.

446 5262 501 5306 et
526 5247 620 5305 0r.
644 5247 889 5304 iﬁDecst
914 5265 995 5301 σοι
1028 5249 1082 5301 in
1115 5247 1201 5301 ed.
1550 5294 1553 5299 .

516 5319 628 5389 (82)
659 5315 1246 5389 Εὐαγγτλιζὀδιιένο-υςΔ
1271 5316 1563 5385 πτωχούς.
1623 5314 1744 5369 Bill.
1784 5333 1796 5367 :
1853 5334 1870 5367 ι
1891 5331 2017 5384 pan-

448 5384 605 5458 peres
645 5384 1103 5457 Evangeliuntes.
1131 5408 1150 5439 ι
1202 5384 1318 5440 Non
1352 5384 1534 5458 ret-te;
1593 5389 1805 5458 passiva
1840 5389 2003 5458 enim

446 5455 859 5530 signiﬁcatione,
889 5472 991 5513 non
1022 5459 1217 5523 activa,
1253 5472 1355 5512 vox
1381 5455 1469 5510 illa
1504 5458 1555 5512 in
1587 5456 1883 5525 Scripturis
1914 5471 2010 5509 ac-

448 5539 664 5584 Ctttttttr.

504 5548 886 5668 Ιξὲἓῖὶῖαύσῃ.
919 5597 1053 5653 Tres
1084 5597 1250 5668 Regg.
1289 5606 1343 5650 et
1374 5594 1485 5650 Jes.
1528 5593 1905 5668 :dettnlttmt.

514 5663 626 5736 (84)
656 5663 862 5723 Οὔπω.
909 5669 998 5724 Sic
1032 5679 1142 5725 tres
1168 5663 1373 5738 lit-33.,
1406 5668 1509 5721 duo
1534 5663 1720 5733 Coisl.,
1758 5663 1851 5721 0r.
1901 5666 1925 5718 1
1964 5674 2018 5723 et

1763 4824 1808 4857 "
1836 4824 1970 4878 Gen.
2009 4838 2107 4887 xu,
2150 4821 2177 4873 1
2221 4834 2374 4886 seqq.

2002 4895 2041 4924 “
2067 4892 2240 4947 Galat.
2266 4892 2385 4957 tt,9.

2119 5525 2147 5578 δ

2477 4818 2523 4850 ’⁸
2550 4817 2718 4874 Exod.
2749 4834 2809 4884 ιι,
2839 4820 2892 4875 5,
3000 4822 3045 4853 ³⁷
3086 4821 3253 4878 Exod.
3306 4838 3387 4886 tu,
3444 4824 3515 4879 10
3548 4840 3708 4896 seqq.

2124 5033 2235 5090 Jes.
2262 5035 2319 5089 In
2354 5033 2441 5090 ed.
2469 5032 2630 5090 οὕτω.

2195 5106 2308 5177 (85)
2350 5107 2688 5177 ᾎντιθξίην.
2708 5104 2845 5176 Reg.
2872 5105 2981 5170 bm,
3009 5104 3354 5177 ἀντιτιθείην.

2195 5174 2310 5247 (86⁷)
2346 5175 2528 5247 Ὴμῖῇᾴ.
2554 5176 2608 5229 ln
2636 5174 2986 5247 quibusdam.
3025 5177 3174 5247 ὑμῖν.

2193 5246 2306 5319 (87)
2330 5248 2434 5319 ζὶις
2462 5245 2555 5319 (ig.
2592 5246 2683 5319 Sic
2719 5245 2900 5319 plures
2946 5245 3119 5319 Regg.
3151 5257 3205 5302 et
3231 5245 3411 5315 Colb.,
3454 5247 3622 5305 Coisl.
3647 5249 3709 5318 2,

2122 5314 2215 5372 0r.
2248 5316 2300 5374 1,
2328 5314 2436 5371 Jes.
2462 5317 2618 5370 Deest
2639 5316 2719 5378 εἰς
2752 5318 2802 5367 in
2836 5319 2921 5370 ed.

2192 5385 2304 5455 (88)
2349 5386 2452 5439 Ἐν
2480 5386 2701 5452 σκότῳ.
2730 5385 2944 5451 Comb.,
2976 5388 3034 5440 ὲν
3073 5387 3276 5442 σκότει.

2150 5454 2302 5579 ἐ(89)
2344 5456 2404 5509 Τί
2430 5455 2548 5511 δαί.
2595 5456 2653 5509 In
2686 5457 2957 5511 nonnullis
2984 5458 3155 5523 deest,
3191 5455 3298 5512 δαί.
3337 5457 3444 5513 Alii
3502 5460 3710 5515 habent

2181 5564 2305 5671 '(so)
2334 5594 2582 5671 ῖάίκανθς.
2608 5595 2800 5671 ⁸υθεεει
2832 5597 2901 5650 τά
2929 5596 2980 5671 in
3009 5596 3179 5671 tutius
3222 5596 3388 5671 Regg.
3423 5608 3480 5655 et
3510 5597 3605 5658 οε.
3644 5602 3697 5659 9.

2195 5665 2307 5737 (91)
2349 5665 2577 5736 Ἀληθῆ.
2608 5665 2738 5737 Reg.
2777 5668 2886 5738 bm,
2916 5667 3183 5740 ἀληθινόν.
