3910 6214
168 251 277 310 939

880 248 1140 307 ORATIO
1178 248 1421 306 XXXIII.
1462 273 1527 291 -ι-ι-
1571 248 1853 305 CONTRA
1894 245 2326 302 ARIANOS‘ET
2366 244 2456 302 DE
2498 240 2758 305 SEIPSO.

3330 250 3439 312 2ὖο

241 367 344 423 IB’.
384 368 527 422 Πᾶσι
568 367 666 438 μία
724 372 834 433 τοῖς
882 368 1109 441 ὑψηλοῖς
1159 371 1379 441 πατρὶς,
1413 363 1458 423 ὦ
1505 364 1681 433 οὗτος,
1724 369 1757 440 ὴ

1932 365 2047 422 ΧΠ.
2094 365 2303 438 Magnis
2339 367 2595 422 omnibus
2624 379 2679 421 et
2707 366 2941 422 excelsis
2971 367 3136 434 viris,
3181 383 3215 425 0
3253 370 3441 438 hamo,

174 459 286 513 ἄνω
325 458 702 531 Ἰερουσαλὴμ,
744 461 823 522 εἰς
852 459 919 530 ἣν
943 459 1316 528 ἀποτιθέμεθα
1341 459 1403 511 τὺ
1437 460 1759 529 πολίτευμα.

175 549 316 603 Πᾶσι
366 548 523 617 γένος
565 549 644 611 ἒν,
682 550 729 601 εἰ
779 549 875 619 μὲν
924 549 992 602 τὰ
1034 549 1184 602 κάτω
1228 549 1410 618 βούλει
1455 554 1695 613 σκοπεῖν,
1735 552 1764 602 ὁ

176 640 306 711 χοῦς
329 657 341 668 ·
372 641 421 694 εἰ
446 639 504 693 δὲ
528 638 599 693 τὰ
627 639 956 712 ὑψηλότερα,
992 640 1053 694 τὸ
1076 641 1400 712 ἐμφύσημα,
1426 635 1488 694 οὗ
1514 641 1763 713 μετειλή-

176 750 379 803 φαμεν,
419 733 513 785 καὶ
549 732 578 785 ὃ
603 734 790 803 τηρεῖν
813 731 1237 805 ἐκελεύσθημεν,
1270 736 1365 788 καὶ
1411 734 1531 805 μεθ’
1562 728 1624 787 οὗ
1655 753 1761 787 παο

177 825 444 899 ραστῆναί
492 843 560 895 με
608 825 690 879 δεῖ
730 824 886 894 λόγον
920 824 1187 893 ὑφέξοντα
1225 827 1326 894 τῆς
1363 827 1569 881 ἄνωθεν
1603 829 1762 895 εὐγε-

176 917 323 979 νείας
355 917 451 972 καὶ
476 919 577 990 τῆς
606 917 831 982 εἰκόνος.
862 920 977 982 Πᾶς
1010 919 1109 989 μὲν
1141 916 1235 973 οὗν
1262 919 1508 989 εὐγενὴς,
1544 921 1573 972 ὁ
1605 919 1764 973 τοῦτο

179 1009 420 1078 φυλάξας
448 1009 508 1076 ἐξ
542 1010 764 1081 ἀρετῆς,
791 1011 885 1063 καὶ
913 1010 1011 1079 τῆς
1044 1011 1182 1082 πρὸς
1209 1011 1267 1064 τὸ
1297 1012 1605 1083 ἀρχέτυπον
1638 1010 1762 1064 νεύ-

179 1117 348 1164 σεως·
390 1099 651 1170 δυσγενὴς
697 1101 752 1153 δὲ
789 1099 955 1165 ἅπας,
989 1101 1018 1151 ὁ
1055 1103 1120 1170 τῇ
1165 1101 1332 1172 κακίᾳ
1371 1101 1633 1171 συγχέας,
1669 1104 1763 1154 καὶ

178 1191 394 1265 ,μορφὴν
414 1193 607 1262 ἑτέραν
638 1191 915 1246 ἐπιϐαλὼν
948 1191 1124 1263 ἐαυτῷ
1151 1192 1284 1263 (92),
1318 1194 1419 1264 τὴν
1440 1194 1532 1246 τοῦ
1564 1195 1759 1263 ὄφεως.

177 1285 245 1339 Αἱ
279 1283 338 1336 δὲ
372 1283 523 1337 κάτω
556 1282 813 1354 πατρίδες
840 1277 1022 1346 αὗται,
1053 1283 1147 1336 καὶ
1179 1285 1248 1337 τὰ
1276 1283 1409 1356 γένη
1437 1283 1628 1347 ταῦτα,
1663 1285 1763 1356 τῆς

180 1374 523 1444 προσκαίρου
558 1373 703 1444 ζωῆς
734 1375 830 1428 καὶ
856 1376 1061 1445 σκηνῆς
1095 1373 1252 1446 ἡμῶν
1288 1375 1397 1445 (95)
1419 1379 1608 1445 γέγονε
1636 1378 1764 1431 παί-

180 1479 325 1532 γνια.
369 1463 574 1535 Πατρίς
607 1480 666 1516 τε
708 1464 839 1535 γὰρ,
882 1466 947 1534 ἢν
994 1464 1400 1535 προκατέλαϐεν
1438 1465 1688 1527 ἕκαστος,
1729 1463 1761 1534 ἢ

179 1557 521 1627 τυραννήσας
554 1556 687 1628 (94),
731 1556 764 1625 ἢ
806 1556 1168 1627 δυστυχήσας,
1200 1551 1268 1628 ἦς
1318 1557 1519 1619 πάντες
1565 1555 1764 1625 ὁμοίιος

178 1647 322 1713 ξένοι
357 1647 451 1700 καὶ
472 1647 747 1717 πάροικοι,
785 1646 887 1701 κᾶν
916 1648 1010 1700 ἐπὶ
1042 1648 1177 1702 πολὺ
1204 1648 1273 1701 τὰ
1301 1649 1540 1718 ὀνόματα
1561 1647 1766 1714 παίξω-

1864 462 2034 529 patria
2064 475 2172 515 una
2199 468 2300 523 est,
2333 475 2567 530 superna
2596 459 2920 524 Jerusalem,
2949 460 3002 514 in
3027 475 3189 529 quam
3215 477 3444 519 conver-

1864 551 2124 607 sationem
2165 562 2405 606 nostram
2449 552 2793 606 recondimus
2828 550 2896 606 ³⁸.
2938 551 3205 607 Omnibus
3274 568 3445 624 genus

1863 659 2050 710 unum,
2093 643 2138 698 si
2180 643 2436 700 inferiora
2479 644 2595 698 haec
2634 654 2883 712 spectare
2920 642 3091 709 velis,
3139 646 3316 714 pulvis
3354 645 3441 712 ⁸³;

1863 737 2237 806 εἰσευρετίοτει,
2287 736 2615 805 spiraculum
2667 737 2794 789 illud
2835 735 2900 801 “,
2957 736 3111 805 cujus
3154 738 3445 808 participes

1863 828 1994 884 facti
2032 843 2241 893 sumus,
2276 828 2531 898 quodque
2555 843 2884 882 conservare
2926 828 3201 898 jubemur,
3231 837 3286 884 et
3308 844 3433 883 cum

1862 933 1972 989 quo
2015 918 2148 972 mihi
2196 917 2263 971 ad
2297 917 2530 972 tribunal
2564 917 2682 972 siSti
2724 931 2947 973 necesse
2984 927 3110 983 est,
3154 926 3213 972 ut
3250 917 3447 973 divini-

1864 1018 1953 1063 tus
1988 1008 2174 1062 inditae
2212 1006 2510 1061 nobilitatis
2567 1004 2927 1076 imaginisth
2993 1006 3258 1061 rationem
3306 1006 3448 1062 red-

1865 1101 2008 1156 dam.
2043 1100 2302 1170 Quisquis
2341 1099 2508 1167 igitur
2540 1114 2635 1168 per
2685 1110 2887 1154 rectam
2926 1096 3141 1154 vivendi
3173 1099 3443 1154 rationem

1863 1192 2136 1262 animique
2159 1193 2225 1247 ad
2246 1192 2525 1257 exemplar
2547 1207 2702 1247 suum
2730 1191 3164 1257 inclinationem,
3196 1193 3445 1263 spiracu-

1863 1285 1972 1339 lum
2040 1285 2168 1339 iIIud
2226 1284 2658 1347 conservaverit,
2723 1284 2851 1338 lmic
2915 1283 3134 1337 denmm
3192 1284 3446 1341 nobilitas

1864 1378 2151 1433 constabit.
2188 1376 2415 1442 Contra,
2452 1377 2542 1446 qui
2578 1377 2711 1431 illud
2765 1392 2861 1447 per
2905 1377 3095 1431 vitium
3136 1376 3444 1445 fmdaverit,

1866 1469 2204 1539 formamque
2243 1469 2497 1534 alteram,
2533 1468 2636 1524 hoc
2683 1477 2800 1534 est,
2861 1469 3130 1538 serpentis
3172 1471 3401 1524 formam
3427 1510 3445 1535 ,

1864 1561 1967 1616 sibi
2008 1561 2106 1630 ipsi
2140 1560 2447 1622 induxerit,
2501 1560 2588 1614 ille
2634 1576 2760 1615 vere
2796 1561 3048 1628 ignobilis
3080 1570 3136 1616 et
3174 1562 3446 1617 obscurus

1863 1649 2144 1705 habendus
2186 1650 2310 1705 erit.
2363 1648 2619 1705 Terrenaa
2667 1657 2845 1703 autem
2882 1650 2964 1704 ha:
3011 1649 3220 1720 patriae,
3280 1663 3446 1723 atque

181 1754 281 1807 μεν
320 1737 453 1807 (95).
491 1737 600 1791 Καὶ
639 1737 795 1806 γένος
828 1738 1047 1806 εὐγενὲς
1090 1740 1269 1812 μὲν,ἢ
1308 1742 1369 1794 τὸ
1404 1740 1571 1795 πάλαι
1600 1740 1763 1792 πλού-

1871 1741 1979 1794 hzcc
2026 1756 2284 1810 generum
2336 1739 2689 1806 discrimina,
2739 1742 2919 1796 brevis
2950 1742 3108 1812 hujus
3149 1753 3202 1798 et
3229 1746 3448 1809 caduca;

180 1846 318 1893 σιον,
345 1828 378 1901 ἢ
413 1829 475 1881 τὸ
507 1828 602 1881 νῦν
632 1828 952 1899 φυσώμενον
977 1847 989 1862 ·
1020 1831 1277 1899 δυσγενὲς
1315 1832 1391 1894 δὲ,
1428 1831 1488 1884 τὸ
1516 1832 1761 1902 πενήτων

178 1922 459 1993 πατέρων,
502 1922 535 1992 ἢ
573 1921 660 1975 διὰ
703 1923 1010 1994 συμφορὰν,
1049 1924 1081 1995 ἦ
1120 1924 1187 1977 δι’
1233 1926 1554 1979 ἐπιείκειαν.
1610 1922 1763 1976 Ἐπεὶ

180 2013 297 2077 πῶς
323 2011 531 2066 ἄνωθεν
564 2013 802 2081 εὐγενὲς,
854 2009 915 2068 οὗ
942 2014 1002 2067 τὸ
1039 2015 1135 2084 μὲν
1174 2016 1401 2089 ἄρχεται
1446 2016 1561 2080 νῦν,
1608 2016 1667 2069 τὸ
1705 2016 1763 2070 δὲ

179 2103 509 2159 καταλύεται
534 2121 547 2133 ·
584 2103 678 2157 καὶ
718 2106 828 2167 τοῖς
861 2104 962 2175 μὲν
994 2107 1055 2158 ού
1078 2105 1296 2171 δίδοται,
1323 2110 1436 2171 τοῖς
1463 2107 1521 2160 δὲ
1555 2107 1763 2178 γράφε-

177 2213 300 2261 ται;
331 2195 519 2259 υῦτως
546 2193 656 2264 ἐγὼ
689 2195 815 2267 περ)⁵
840 2195 1049 2251 τούτων
1072 2196 1199 2267 ἔχω.
1229 2199 1339 2251 Καὶ
1374 2197 1462 2251 διὰ
1487 2197 1664 2262 τοῦτο,
1702 2199 1762 2251 σέ

182 2288 282 2359 μὲν
324 2286 529 2357 ἀφίημι
567 2289 680 2350 τοῖς
707 2287 899 2356 τάφοις
934 2289 1357 2359 μεγαλοφρονεῖν
1402 2290 1536 2361 (96),
1583 2290 1614 2360 ἢ
1651 2294 1763 2354 τοῖς

183 2377 397 2448 μύθοις.
453 2376 592 2446 Ἐγὼ
623 2377 680 2430 δέ
709 2377 1004 2450 πειρῶμαι,
1034 2380 1109 2442 ὡς
1139 2375 1249 2432 οἶόν
1271 2397 1352 2442 τε,
1376 2379 1765 2451 ἀνακαθαίρειν

179 2471 419 2542 ἐμαυτὸν
471 2470 572 2541 τῆς
605 2469 717 2541 (97)
746 2470 982 2541 ἀπάτης,
1026 2472 1162 2544 ἵν’-ἢ
1211 2472 1430 2541 φυλάξω
1475 2473 1574 2545 τὴν
1617 2474 1771 2542 εὐγέ-

178 2580 235 2616 νε
244 2580 352 2625 ιαν,
380 2562 413 2633 ἢ
438 2561 885 2633 ἀνακαλέσωμαι.

1868 1834 1989 1887 vita:
2025 1844 2222 1888 nostrae
2252 1847 2315 1887 ac
2338 1848 2513 1887 secum
2537 1830 2647 1885 Indi
2680 1842 2825 1889 sunt.
2857 1833 3027 1901 Quam
3057 1835 3199 1890 enim
3217 1837 3448 1905 quisque

1871 1933 2092 1989 terram,
2143 1925 2255 1978 sive
2282 1938 2380 1992 per
2415 1923 2781 1994 tyrannidem,
2812 1924 2926 1979 sive
2959 1941 3054 1995 per
3082 1926 3447 1982 calamitatem

1869 2026 1995 2070 ante
2033 2016 2407 2087 occupaverit.
2451 2031 2516 2071 ea
2567 2020 2742 2086 patria
2786 2018 3008 2085 dicitur,
3058 2019 3213 2089 cujus
3258 2035 3449 2074 omnes

1868 2124 2022 2177 teque
2068 2108 2307 2177 hospites
2368 2116 2422 2162 et
2478 2110 2703 2164 advena:
2768 2124 2991 2175 sumus,
3055 2111 3450 2180 quantumlibet

1868 2215 2059 2254 vocum
2114 2200 2478 2269 appellatione
2536 2202 2803 2256 ludamus.
2872 2201 3025 2269 Jam,
3096 2220 3270 2274 genus
3321 2205 3449 2258 illttd

1870 2289 2052 2344 nobile
2104 2298 2378 2355 censetur,
2429 2292 2572 2360 quod
2641 2291 2723 2347 vel
2770 2293 2897 2346 olim
2949 2293 3145 2362 opibus
3185 2307 3241 2348 et.
3279 2294 3451 2363 copiis

1869 2380 2160 2445 excelluit,
2234 2380 2321 2435 vel
2373 2382 2515 2452 quod
2575 2398 2719 2438 nunc
2787 2385 3020 2452 superbe
3085 2385 3445 2441 intumescit:

1868 2469 2158 2525 obscurum
2202 2480 2393 2525 contra
2431 2480 2486 2526 et
2533 2472 2791 2543 ignobile,
2835 2474 2977 2542 quod
3028 2489 3058 2528 a
3110 2476 3448 2544 parentibus,

1124 2598 1140 2640 κ
1169 2607 1203 2654 ι.
1303 2583 1375 2663 cf
1404 2622 1423 2631 ,
1447 2575 1512 2643 ίκ
1530 2599 1627 2663 aq
1829 2649 1842 2662 .
1869 2561 1955 2615 vel
1986 2572 2203 2661 propter
2230 2561 2628 2630 calamitatem,
2669 2565 2751 2619 vel
2783 2577 3007 2632 propter
3031 2566 3198 2620 animi
3228 2567 3449 2635 aequita-

186 2599 352 2625 νων,
386 2599 413 2633 .,
438 2599 885 2633 “mum-NW..."
1124 2599 1140 2640 Ι
1169 2607 1203 2654 ι.
1303 2599 1375 2663 cf
1404 2622 1423 2631 ,
1447 2599 1504 2643 ί(
1530 2608 1575 2641 α
1879 2599 1955 2615 η.
1986 2599 2193 2631 νυνι...
2230 2599 2628 2630 να................,
2673 2599 2751 2619 ,ω
2783 2599 2994 2632 ,ιι-,νισι
3031 2599 3198 2620 an"...
3228 2599 3448 2635 ωιιιηια·

182 2666 287 2708 ιιοιιι
340 2655 626 2726 egentibus
658 2654 893 2711 ducitur.
961 2650 1205 2719 Quonam
1269 2667 1413 2707 enim
1480 2599 1934 2743 pactl'élivinitus
2003 2648 2173 2703 indita
2214 2662 2338 2703 esse
2380 2658 2561 2718 potest
2614 2652 2727 2706 lucc
2775 2651 3043 2717 nobilitas,
3089 2667 3209 2723 quae
3252 2651 3448 2722 partim

181 2766 323 2804 nunc
363 2749 573 2819 incipit,
608 2750 802 2819 partim
855 2747 1249 2817 exstinguitur;
1303 2757 1430 2816 atqu

1546 2743 1610 2801 iTs
1664 2747 1878 2815 quidem
1917 2754 2163 2813 negatur,
2199 2743 2321 2799 aliis
2385 2755 2565 2799 autem
2635 2746 2938 2817 principum
2980 2748 3257 2818 rescriptis
3317 2762 3449 2803 con-

177 2843 438 2897 ceditur?
493 2841 615 2898 Ilaec
677 2843 744 2897 de
800 2842 885 2897 his
933 2842 1097 2898 rebus
1155 2858 1273 2896 mea
1338 2843 1605 2897 sententia
1647 2850 1752 2897 est.
1795 2842 1873 2896 Ac
1933 2850 2257 2911 propterea,
2327 2849 2387 2895 te
2419 2842 2637 2911 quidem
2686 2845 2757 2899 ob
2816 2845 3065 2914 sepulcra
3106 2845 3186 2900 vel
3238 2844 3449 2901 fabulas

184 2936 477 3006 magniﬁce
508 2937 575 2991 de
623 2946 675 2991 te
727 2937 1042 2993 existimare
1105 2936 1245 2993 sino.
1319 2938 1428 3007 Ego
1459 2946 1641 2992 autem
1682 2936 1968 3003 tneipsum,
1997 2943 2261 3005 quantum
2326 2949 2572 3004 possum,
2608 2951 2639 2990 a
2688 2936 2876 2993 fraude
2926 2947 3087 3007 atque
3152 2938 3447 3009 impostura

180 3044 477 3098 repurgare
508 3027 701 3082 studeo
721 3068 735 3090 ,
781 3038 838 3081 ut
869 3031 1206 3085 nobilitatem
1242 3030 1324 3084 vel
1356 3045 1694 3095 conservcm,
1728 3029 1811 3084 vel
1845 3044 2182 3099 reruperem.

249 3126 317 3178 [Γ
336 3164 353 3179 .
395 3122 555 3178 Οὕτω
592 3125 691 3195 μὲν
722 3118 815 3177 οὖν
843 3124 937 3177 κα)⁵
969 3126 1055 3179 διὰ
1094 3125 1287 3191 ταῦτα,
1318 3126 1552 3197 ἐπέστην
1582 3127 1709 3196 ὑμῖν
1740 3128 1763 3179 o’

1941 3126 2106 3196 612
2129 3124 2263 3179 XIII.
2286 3123 2379 3179 Sic
2414 3124 2593 3193 igitur,
2616 3133 2784 3192 atque
2805 3120 2875 3176 ob
2906 3120 3002 3175 has
3033 3135 3221 3175 causas
3251 3135 3449 3189 parvus

180 3216 380 3287 μικρὸς
423 3215 534 3284 ἐγὼ
572 3218 666 3270 καὶ
705 3216 1065 3289 κακόπατρις,
1111 3218 1206 3272 καὶ
1245 3219 1422 3281 τοῦτο,
1471 3220 1569 3290 οὐχ
1601 3217 1763 3281 ἑκὼν,

177 3307 290 3361 οὐδ’
329 3307 792 3375 αὐτεπάγγελτος,
831 3308 972 3361 κατὰ
1008 3309 1136 3371 τοὺς
1163 3308 1390 3372 πολλοὺς
1408 3310 1516 3364 τῶν
1540 3309 1634 3363 νῦν
1658 3311 1769 3363 ἐπι·-

180 3399 480 3470 πηδώντων
513 3401 632 3461 ταῖς
660 3399 1038 3467 προστασίαις,
1079 3398 1217 3451 ἀλλὰ
1248 3399 1487 3471 κληθεὶς,
1523 3400 1617 3452 καὶ
1651 3402 1769 3469 βια-

182 3491 356 3553 σθεὶς,
391 3491 485 3543 καὶ
519 3489 998 3560 κατακολουθήσας
1038 3490 1189 3561 φόϐῳ
1230 3493 1322 3543 καὶ
1365 3490 1661 3561 Πνεύματι.
1699 3491 1767 3542 Ἢ

184 3580 506 3653 μακρότερα
549 3580 915 3650 πολεμηθείην
948 3581 1180 3634 ἐνταῦθα
1231 3581 1504 3651 διακενῆς,
1545 3581 1638 3634 καὶ
1671 3597 1771 3651 μη-

178 3674 310 3729 δένα
336 3673 439 3743 τῆς
455 3672 663 3740 πλάνης
694 3672 1144 3744 ἐλευθερώσαιμι,
1171 3672 1285 3726 ἀλλ’
1313 3674 1362 3725 οἱ
1380 3672 1630 3742 ἀτεχνίαν
1667 3671 1768 3739 τῆς

181 3761 329 3831 ἐμῆς
361 3760 749 3829 κατευχόμενοι
782 3760 962 3830 ψυχῆς
990 3761 1317 3831 ἐπιτύχοιεν,
1345 3764 1392 3814 εί
1412 3761 1610 3831 ψευδὴς
1634 3761 1662 3812 ὁ
1682 3760 1770 3813 λύε

179 3867 296 3920 γος.
340 3850 495 3902 Ἐπεὶ
523 3850 581 3902 δὲ
606 3847 787 3922 ἦλθον,
813 3852 907 3905 καὶ
934 3852 1062 3914 ἴσως
1081 3853 1142 3905 οὐ
1170 3853 1306 3922 μετὰ
1330 3853 1539 3922 φαύλης
1568 3853 1666 3923 τῆς
1685 3852 1770 3918 ἐξ·

180 3942 375 4005 ωσίας
403 3942 512 4011 (ἵνα
546 3943 740 4012 μικρόν
764 3960 820 3995 τι
852 3944 1217 4013 καυχήσωμαι
1256 3943 1367 3996 τῶν
1393 3944 1492 4014 τῆς
1524 3942 1769 4014 ἀφροσύ-

182 4035 330 4106 νης),
350 4034 474 4086 τίνα
503 4034 615 4087 τῶν
642 4033 932 4104 ἀπλήστων
950 4036 1312 4106 ἐμιμησάμην
1336 4052 1351 4099 ;
1374 4035 1427 4087 τί
1452 4033 1543 4087 τοῦ
1575 4034 1768 4105 καιροῦ

181 4125 576 4199 παρεζήλωσα,
606 4126 847 4194 καίτοιγε
873 4126 1095 4180 τοιαῦτα
1121 4127 1259 4197 ἔχων
1286 4127 1353 4180 τὰ
1374 4126 1767 4196 ὑποδείγματα,

178 4214 258 4274 ὧν
296 4220 395 4273 καὶ
425 4218 566 4288 δίχα,
599 4220 674 4289 μὴ
714 4219 882 4272 κακὸν
912 4220 1038 4291 ’(98)
1075 4215 1213 4273 εἶναι
1246 4219 1355 4271 τῶν
1386 4219 1640 4290 χαλεπῶν
1675 4218 1770 4272 καὶ

182 4310 470 4374 σπανίων;
509 4308 679 4361 Τίνων
717 4308 1055 4380 Ἐκκλτμιῶν
1081 4309 1208 4380 ὑμῖν
1239 4308 1767 4379 ἡμφισϐητήσαμεν;

181 4402 366 4455 Ποίων
386 4401 707 4472 χρημάτων,
732 4402 975 4469 καίτοιγε
999 4405 1111 4465 τοῖς
1140 4401 1424 4472 ἀμφότερα
1447 4400 1768 4453 πλουτοῦσιν

1867 3230 1969 3286 ego
2006 3216 2115 3277 ille,
2151 3225 2205 3269 et
2232 3215 2372 3268 mala
2397 3214 2572 3283 patria
2602 3225 2776 3276 ortus,
2801 3213 2866 3266 ad
2901 3226 2995 3265 vos
3025 3212 3253 3276 accessi,
3286 3212 3449 3281 idque

1869 3320 1972 3359 non
1991 3315 2200 3374 sponte,
2219 3320 2316 3359 nec
2330 3314 2532 3358 memet
2545 3302 2795 3367 oﬂ‘erens,
2810 3312 2866 3356 ttt
2892 3303 3039 3355 multi
3057 3317 3242 3356 eorum
3256 3303 3448 3367 solent,

1870 3397 1961 3466 qui
1992 3412 2133 3450 nunc
2168 3398 2235 3450 ad
2271 3396 2534 3450 Ecclesiae
2575 3396 2800 3464 imperia
2832 3393 3137 3461 prosiliunt,
3180 3395 3274 3449 sed
3303 3396 3449 3449 acci-

1868 3496 1952 3541 tus
1981 3495 2036 3540 et
2063 3493 2303 3551 coactus,
2351 3500 2414 3539 ac
2453 3485 2632 3538 timori
2681 3493 2738 3538 et
2784 3483 3010 3551 Spiritui
3048 3485 3447 3540 obsecundans.

1866 3578 2018 3644 Quod
2057 3577 2100 3632 si
2143 3577 2276 3630 falsa
2328 3579 2546 3646 loquor,
2601 3592 2703 3629 non
2746 3591 2960 3635 recuso.
3017 3577 3308 3645 quominus
3362 3577 3452 3632 hic

1866 3667 2069 3721 diutius
2113 3667 2387 3720 incassum
2437 3680 2736 3734 oppugner,
2774 3680 2875 3718 nec
2904 3679 3231 3734 quemquam
3262 3679 3453 3722 errore

1868 3758 2114 3824 liberem,
2161 3760 2255 3812 sed
2283 3759 2391 3813 voti
2429 3757 2517 3811 sui
2576 3766 2849 3825 compotes
2900 3758 3049 3818 ﬁant,
3115 3756 3207 3826 qui
3256 3757 3453 3813 animae

1869 3864 2002 3903 mea:
2027 3849 2365 3903 sterilitatem
2399 3850 2776 3915 imprecantur
2814 3847 2879 3902 ⁸⁸.
2928 3847 3220 3917 Postquam
3269 3857 3451 3904 autem

1869 3938 1973 3993 huc
1995 3940 2141 4004 veni,
2192 3955 2256 3993 ac
2302 3938 2545 3995 fortasse
2583 3955 2707 3994 cum
2763 3947 3029 4010 potestate
3073 3938 3290 3993 minime
3322 3954 3451 3993 con-

1867 4029 2156 4083 temnenda
2217 4027 2404 4099 (libet
2454 4027 2603 4084 enim
2658 4029 2728 4082 ob
2788 4042 2893 4092 ea,
2947 4043 3068 4097 quae
3128 4029 3451 4097 insipientia:

1868 4118 2084 4184 sunt“,
2133 4120 2379 4174 nonnihil
2418 4118 2711 4190 gloriari),
2759 4134 3049 4188 quemnam
3097 4133 3313 4185 eorum,
3355 4121 3448 4190 qui

1868 4209 2176 4279 inexplebili
2251 4209 2549 4280 cupiditate
2607 4206 2873 4278 ﬂagrant,
2943 4208 3264 4264 imitandum
3315 4210 3448 4265 mihi

1871 4302 2032 4357 duxi?
2066 4301 2333 4369 Quidnam
2365 4317 2429 4356 ex
2462 4302 2563 4356 hac
2590 4300 2855 4369 temporis
2897 4299 3113 4353 licentia
3162 4314 3447 4371 perperam

1871 4395 2151 4450 aemulatus
2190 4409 2332 4459 sum,
2369 4393 2534 4462 idque
2561 4406 2691 4448 cum
2727 4391 2855 4444 talia
2897 4390 3141 4460 exempla
3168 4392 3238 4447 ob
3264 4392 3450 4449 oculos

181 4493 332 4563 ὑπὲρ
353 4491 452 4562 τὴν
485 4492 694 4563 χρείαν,
728 4494 776 4545 οἱ
805 4491 862 4545 δὲ
893 4493 1094 4556 ἐνδεεῖς
1122 4493 1444 4564 ἀμφότερα;
1476 4493 1635 4545 Ποῖον
1670 4491 1763 4561 βα-

1871 4487 2042 4558 posita
2098 4486 2393 4550 haberem,
2441 4485 2638 4554 quibus
2687 4482 2855 4540 etiam
2911 4483 3176 4545 remotis,
3244 4484 3445 4538 malum

178 4583 394 4636 σιλικὸν
422 4583 597 4654 δόγμα
625 4583 734 4655 (99)
755 4584 1079 4638 διαπτυσθὲν
1110 4585 1629 4656 ἐζηλοτυπήσαμεν;
1665 4583 1762 4636 Τί-

176 4691 281 4737 νας
314 4674 590 4745 ἀρχόντων
614 4674 1056 4746 ἐθεραπεύσαμεν
1079 4675 1201 4729 καθ’
1231 4674 1385 4746 ὑμῶν
1405 4692 1419 4740 ;
1438 4674 1610 4727 Τίνων
1642 4672 1768 4745 θρα-

178 4765 397 4835 σύτητα
444 4764 933 4835 κατεμηνύσαμεν;
992 4765 1073 4818 Τὰ
1119 4765 1177 4818 δὲ
1221 4767 1303 4829 είς
1341 4765 1421 4837 (1)
1458 4764 1580 4836 ἐμὲ,
1610 4764 1764 4829 τίνα;

1867 4588 2047 4635 tamen
2077 4592 2183 4633 non
2213 4590 2354 4639 esse,
2386 4574 2604 4631 dimcile
2633 4590 2698 4631 ac
2733 4588 2920 4630 mrum
2957 4572 3083 4627 est?
3128 4572 3203 4626 De
3253 4573 3449 4641 quibus

1866 4670 2127 4727 Ecclesiis
2171 4668 2448 4725 vobiscum
2476 4663 2899 4723 contendimus?
2946 4663 3022 4718 De
3058 4663 3253 4733 quibus
3287 4677 3447 4733 pecu-

1869 4765 1994 4831 niis,
2032 4764 2216 4833 idque,
2259 4777 2382 4818 cum
2431 4776 2529 4816 vos
2562 4760 2616 4815 in
2667 4772 2897 4831 utraque
2939 4768 3030 4819 re,
3090 4755 3231 4811 ultra
3284 4769 3446 4824 quam

254 4962 316 5032 δ”
348 4961 578 5031 Philipp.
611 4975 692 5026 ιιι,
721 4959 812 5015 20.
887 4960 932 4993 ³³
964 4959 1097 5015 Gen.
1133 4972 1214 5019 ιιι,
1246 4954 1331 5010 19.
1409 4954 1455 4988 ³⁸
1489 4952 1623 5010 Gen.
1656 4969 1718 5018 tt,
1751 4953 1763 5005 '.

1881 4952 1925 4984 "
1969 4951 2110 5007 Psal.
2147 4966 2332 5015 xxxiv,
2372 4950 2458 5005 12.
2535 4952 2582 4984 ³⁸
2622 4950 2663 5006 ΙΙ
2685 4951 2807 5006 Cor.
2843 4966 2920 5015 XI,
2960 4950 3047 5006 I7.

252 5136 370 5207 (9‘2)
408 5133 846 5207 'Eqvttf)._Deest
875 5134 928 5207 i_u
957 5133 1099 5207 ftch
1119 5133 1228 5207 bm.

254 5201 372 5272 (9'5)
394 5204 563 5274 Ζωῆς
585 5204 683 5258 καὶ
706 5202 947 5274 σκηνῆς
977 5202 1172 5274 ἡμῶν.
1202 5203 1291 5256 Sic
1321 5209 1552 5274 quatuor
1583 5201 1755 5274 Regg.

177 5288 232 5335 et
262 5271 465 5330 Comb.
503 5271 556 5329 tu
582 5276 691 5335 ed...
721 5273 865 5344 ζωῆς
903 5271 1058 5343 ἡμῶν
1093 5271 1185 5324 καὶ
1216 5273 1439 5344 σκηνῆς.

254 5345 371 5419 (94)
424 5346 497 5401 Ἡ
542 5340 957 5411 τυραννήσας,
1005 5351 1110 5396 etc.
1179 5358 1230 5419 ¢__
1260 5340 1509 5419 Quidam,
1583 5340 1758 5419 inquit

173 5410 363 5473 Eli'as;
410 5410 742 5484 Sponte’sua
786 5421 1113 5484 praevertunt
1164 5411 1297 5484 alios
1327 5410 1671 5484 adltibita‘vi,
1698 5418 1753 5464 et

178 5503 279 5556 per
309 5480 648 5556 tyrannidem
691 5480 985 5552 oppressis,
1020 5481 1110 5549 qui
1148 5482 1298 5556 prius
1331 5480 1506 5556 locum
1537 5480 1755 5556 obtine-

176 5549 348 5609 bant:
367 5554 594 5620 Quidam
649 5549 855 5615 rursus,
892 5550 1338 5621 persequentibus
1360 5549 1505 5621 aliis,
1538 5549 1694 5617 ejecti
1724 5564 1755 5603 e

177 5625 354 5695 patria
387 5638 550 5691 quam
570 5620 908 5689 obtinebant,
931 5622 1092 5677 etiam
1126 5620 1301 5686 inviti,
1325 5620 1482 5674 aliam
1510 5633 1755 5695 qtuercre

177 5693 353 5751 ωειςειὶ
375 5700 522 5748 sunt.
547 5710 566 5744 ι
1520 5693 1535 5699 ”

1933 5130 2044 5270 (95)
2068 5132 2392 5201 Παίξωμενν.
2422 5131 2552 5213 Reg;
2582 5132 2692 5195 bm,
2727 5133 3028 5205 παίζωμεν,

1934 5200 2024 5267 (96
2080 5206 2580 5270 Μεγαλοφρονειν.
2613 5201 2800 5259 Plures
2829 5204 3028 5270 lleggd

1934 5200 2049 5275 (96)
2080 5200 2580 5272 Μεγαλοφρονεῖν.
2613 5201 2800 5259 Plures
2829 5200 2989 5275 lte'gg.
3014 5212 3066 5258 et
3086 5202 3179 5260 Or.
3199 5202 3250 5269 I,
3272 5219 3433 5275 μεγα-

1863 5273 2099 5340 ιρρονείν.
2912 5273 2926 5274 ί
2947 5273 2962 5275 ⁷

1932 5338 2041 5410 (97)
2072 5338 2202 5410 Τῆς.
2237 5341 2329 5395 Sic
2353 5343 2590 5410 plerique
2616 5343 2770 5395 codd.
2808 5340 2862 5395 In
2886 5344 2994 5404 ed.,
3024 5345 3155 5407 τοῖς.

1933 5409 2043 5480 (98)
2059 5408 2187 5505 μὴ.
2207 5413 2416 5505 κακόν.
2442 5408 2541 5505 LSic
2571 5411 2746 5491 plures
2773 5412 3143 5482 lizrgg.,Coisl.
3173 5414 3224 5479 Ι,
3261 5411 3350 5467 Or.
3372 5410 3428 5478 2,

1862 5479 1996 5540 Jes.,
2025 5492 2130 5532 etc.
2171 5480 2226 5531 In
2261 5482 2370 5543 ed.,
2396 5482 2470 5553 μὴ
2497 5481 2701 5533 κακῶν.
2856 5479 2911 5482 '—

1864 5546 2048 5669 ra(9.9)
2108 5548 2321 5617 Δόγμα.
2373 5550 2426 5605 Ιιι
2486 5551 2777 5614 nomtullis,
2826 5551 3088 5623 γράμμα,
3146 5553 3427 5620 «scriptu-

1864 5634 1941 5672 ra.
1978 5637 1995 5667 ι

1937 5689 2012 5757 (ι)
2042 5686 2115 5741 Τὰ
2143 5687 2211 5742 δὲ
2237 5690 2343 5759 εἰς,
2372 5699 2487 5767 εις.
2527 5688 2709 5769 BLllius
2743 5709 2829 5768 τι
2848 5691 3019 5772 Quid"
3041 5703 3218 5771 autem
3248 5689 3385 5763 ego?
3404 5709 3431 5745 ι
