3910 6214
489 297 595 358 ast
1731 297 1788 352 s.
1830 283 2167 356 GREGORII
2206 300 2558 360 THEOLOGI
3679 317 3788 372 232

490 431 717 476 necesse
751 421 897 473 esset
925 413 1240 479 alilueretis,
1283 428 1384 470 nos
1415 422 1598 469 autem
1632 416 1920 487 utriusque
1960 419 2079 474 ino-

2202 421 2378 489 ἴύριε,
2413 422 2503 490 μὴ
2543 421 2786 490 στήσῃς
2814 421 3020 488 αὐτοῖς
3052 419 3166 491 τὴν
3192 421 3485 492 ἁμαρτίαν
3522 426 3775 491 ταύτην,

491 513 579 581 pia
638 507 1042 581 premeremur?
1095 507 1382 577 Quodnam
1433 508 1785 577 imperatoris
1837 510 2073 566 edictum

2202 510 2268 563 :at‘t
2300 510 2422 563 τότε
2456 504 2610 563 εἶπον
2641 509 2940 582 (ἐμνήσθην
2980 510 3090 583 γὰρ
3122 512 3180 567 ὲν
3208 511 3384 584 καιρῷ
3411 513 3519 565 τῶν
3549 512 3765 581 Στεφά-

494 608 860 668 contemptum
891 608 946 654 et
982 615 1080 670 pro
1107 599 1280 655 nihilo
1326 598 1573 654 habitum
1618 603 1836 658 acribus
1880 603 2078 657 animis

2202 616 2265 651 ou
2294 599 2595 670 ῥημάτων),
2627 599 2721 651 καὶ
2746 597 2840 652 νῦν
2866 600 3257 673 προσεύχομαι.
3316 600 3770 671 Λοιδερούμενοι

493 692 761 763 persecuti
825 692 1051 748 sumus?
1103 692 1252 760 Quos
1307 694 1593 762 praefectos
1658 694 1713 749 in
1775 695 2072 764 perniciem

2202 681 2578 763 euxoroﬁyér'
2603 691 2949 762 διωκόμενοι
2990 694 3325 764 ἀνεχόμεθα
3342 712 3356 726 ’
3374 694 3759 763 βλασφημούο

494 794 735 839 vestram
772 784 1071 839 coluimus?
1105 786 1346 852 Quorum
1400 786 1683 840 audaciam
1733 787 2079 841 denuntiavi-

2202 801 2350 839 zeroe
2377 782 2846 853 παρακαλοῦμεν

496 879 652 933 mus?
680 881 752 934 At
788 892 1045 952 congesta
1074 883 1127 936 in
1158 898 1243 935 me
1269 882 1430 947 :nala,
1458 891 1594 950 quot
1617 891 1667 934 et
1690 882 1868 951 qualia
1895 881 2077 936 fuere?
2111 880 2245 935 Tum
2310 891 2490 934 autem
2558 879 2804 934 dicebam
2843 896 2856 932 :
2892 877 3134 941 Domine,
3174 894 3237 931 ne
3274 885 3480 931 statuas
3524 875 3629 929 illis
3669 875 3757 928 hoc

494 982 765 1039 peccatum
813 973 893 1038 ";
936 971 1098 1040 (nam
1148 985 1448 1043 opportune
1501 971 1761 1042 Stephani
1814 974 1976 1027 verba
2029 974 2084 1027 in
2124 982 2357 1026 mentem
2390 971 2726 1039 venerunt);
2773 979 2828 1025 et
2873 984 3015 1024 nunc
3075 969 3215 1023 idem
3279 982 3493 1038 precor.
3530 966 3756 1021 Maledi-

497 1069 687 1134 cimur,
734 1077 783 1123 et
834 1071 1186 1124 benedicimus
1220 1084 1240 1121 :
1271 1067 1682 1139 persecutionem
1723 1070 1975 1136 patimur,
2026 1078 2074 1122 et
2114 1070 2433 1123 sustinemus
2465 1085 2483 1122 :
2513 1066 2953 1135 blasphemomur,
2992 1072 3042 1119 et
3074 1062 3405 1115 obsecramus
3438 1057 3499 1115 ³⁸.

568 1159 711 1216 XIV.
776 1160 930 1228 Quod
984 1161 1030 1215 si
1074 1170 1362 1230 pr0plerea
1424 1160 1678 1229 injuriant
1737 1157 1898 1224 facio,
1954 1159 2080 1227 quia

2249 1162 2346 1212 IA’.
2389 1158 2452 1212 Ei
2477 1159 2554 1223 δὲ,
2582 1160 2663 1211 ὅτι
2694 1154 3126 1228 τυραννούμενος
3161 1151 3239 1221 (9..)
3270 1150 3446 1222 φέρω,
3477 1147 3634 1202 τοῦτο
3659 1147 3764 1202 άδι-

501 1253 791 1325 tyrannide
827 1268 1067 1321 pressus,
1097 1267 1251 1319 tequo
1280 1254 1459 1305 animo
1489 1252 1539 1304 id
1575 1249 1712 1316 fero,
1770 1251 1909 1305 hanc
1938 1250 2080 1317 inju-

2202 1252 2280 1317 ιῶ,
2309 1250 2607 1323 χαρίσασθέ
2633 1266 2721 1321 μοι
2746 1248 2844 1319 τὴν
2868 1246 3080 1301 ἀδικίαν
3100 1243 3328 1314 ταύτην,
3356 1241 3451 1295 καὶ
3476 1241 3569 1293 ὑπ’
3593 1240 3762 1294 ἄλλων

501 1347 637 1401 riam
681 1345 813 1398 mihi
852 1344 1008 1398 velim
1045 1344 1396 1406 condonetis;
1453 1356 1576 1395 nam
1627 1342 1790 1397 etiam
1850 1342 1917 1397 ab
1966 1343 2083 1397 aliis

2202 1345 2387 1415 ξνεγκα
2425 1339 2884 1413 τυραννούμενος·
2918 1338 3014 1392 καὶ
3064 1336 3223 1407 χάρις
3264 1334 3364 1403 (3),
3395 1333 3478 1386 ὄτι
3519 1331 3617 1403 τὴν
3648 1333 3765 1383 ὲπιο

500 1438 785 1509 tyrannice
812 1447 1059 1501 vexatus,
1093 1434 1318 1504 patienti
1351 1434 1532 1489 animo
1582 1434 1635 1488 id
1672 1433 1789 1488 tuli.
1838 1433 1918 1487 Ac
1953 1449 2085 1488 sane

2202 1438 2387 1489 ιίκειαν
2436 1433 2752 1504 ἐνεκλήθη-ιο,
2784 1432 2860 1494 ὡς
2891 1431 3095 1484 ἄνοιαν.
3128 1426 3429 1497 Λογίζομαι
3460 1423 3569 1496 γὰρ
3601 1422 3760 1485 οὕτω,

502 1531 730 1601 gratiam
768 1530 923 1583 vobis
950 1528 1146 1592 habeo,
1189 1526 1332 1596 quod
1355 1524 1824 1581 mansuetudinem
1856 1536 1911 1579 et
1948 1524 2083 1580 faci-

2202 1531 2306 1584 tiav
2333 1527 2687 1597 ὑψηλοτέροις
2721 1524 2754 1597 ἢ
2787 1524 2908 1578 καθ’
2943 1523 3088 1593 ὑμᾶς
3125 1521 3201 1589 (4)
3229 1519 3509 1588 λογισμοῖς
3554 1515 3767 1590 χρώμε-

502 1621 708 1676 litatem
762 1619 895 1674 mihi
965 1628 1224 1688 tanquam
1282 1618 1575 1672 amentiam
1628 1617 1925 1687 objecistis.
1990 1617 2083 1673 Sic

2202 1639 2278 1686 νος
2296 1638 2310 1653 ο
2340 1621 2513 1674 Πόσον
2543 1619 2618 1691 (5)
2649 1618 2815 1690 μέρος
2837 1616 3009 1670 ταῦτα
3034 1614 3145 1667 τῶν
3185 1611 3591 1684 ὲμπτυσμάτων
3620 1610 3766 1679 Χρι-

502 1712 672 1775 enim,
700 1708 969 1764 excelsius
1002 1708 1174 1761 multo
1204 1722 1366 1775 quam
1409 1722 1506 1777 pro
1535 1718 1717 1762 vestro
1759 1723 1931 1774 more,
1965 1724 2080 1762 me-

2202 1714 2314 1767 ῖτοῦ
2340 1714 2432 1768 καὶ
2457 1710 2842 1785 ραπισμάτων,
2874 1708 3014 1780 ὑπὲρ
3046 1699 3107 1760 οῦ
3130 1706 3222 1759 καὶ
3243 1703 3309 1757 δι’
3337 1703 3401 1756 ὃν
3426 1703 3474 1755 οἱ
3495 1699 3727 1754 κίνδυνοι
3748 1716 3764 1763 ς

503 1817 625 1857 cum
656 1810 841 1869 reputo
873 1817 887 1853 :
919 1798 1093 1865 Quota
1128 1800 1342 1852 tandem
1386 1813 1515 1868 pars
1556 1800 1676 1853 haec
1720 1810 1847 1853 sunt
1898 1810 2087 1869 sputo-

503 1906 625 1946 rum
677 1899 731 1942 et
776 1890 1051 1958 alaparum
1100 1889 1327 1953 Christi,
1367 1905 1467 1959 pro
1536 1904 1645 1959 quo
1707 1900 1773 1944 et-
1800 1890 1869 1944 ob
1900 1904 2084 1960 quem,

503 1980 741 2051 pericula
783 1979 1125 2034 subeuntur?
1160 1981 1355 2034 Omnia
1378 1983 1678 2050 enimvero,
1705 1984 1863 2037 unica
1898 1984 2085 2054 spinea

503 2086 727 2137 corona,
776 2087 896 2141 qua:
936 2072 1129 2125 victori
1179 2082 1369 2128 nostro
1415 2088 1672 2129 coronam
1718 2074 1975 2141 detraxit,
2030 2086 2087 2132 et

503 2158 804 2234 per'quam
849 2179 937 2217 me
979 2178 1193 2233 quoque
1226 2165 1351 2218 vita:
1388 2165 1680 2233 asperitate
1710 2166 1856 2219 velut
1885 2179 2085 2221 corona

504 2256 736 2325 quadam
769 2254 1011 2309 redimiri
1035 2256 1231 2317 sentio,
1259 2257 1484 2309 minoris
1516 2256 1655 2311 duco
1691 2274 1706 2309 :
1736 2256 1892 2311 unica
1923 2273 2088 2311 arun-

503 2346 795 2416 dine,'per
843 2360 1005 2414 quam
1051 2345 1326 2399 inﬁrmum
1376 2357 1432 2401 et
1487 2347 1756 2402 imbecille
1800 2349 2085 2415 imperium

505 2438 779 2493 sublatum
816 2447 941 2491 est:
971 2436 1133 2490 unico
1167 2436 1310 2497 felle,
1373 2448 1536 2505 atque
1576 2437 1735 2492 unico
1783 2450 1960 2504 aceto,
1994 2455 2090 2505 per

504 2526 668 2598 613
696 2542 814 2595 qua)
846 2525 1179 2578 amarulenta
1215 2535 1397 2578 nostra
1426 2526 1730 2593 degustatio
1757 2534 1940 2579 sanata
1964 2538 2044 2580 est
2072 2545 2084 2580 :

506 2621 666 2674 unica
718 2620 771 2673 in
820 2618 1143 2688 perferendo
1195 2617 1438 2671 cruciatu
1499 2616 1667 2670 animi
1715 2617 1969 2686 aequitate
2026 2633 2091 2671 ac

510 2708 750 2765 lenitate.
802 2706 858 2764 Si
901 2707 1088 2761 osculo
1135 2706 1398 2773 prodatur
1446 2703 1514 2772 θ’,
1558 2707 1804 2776 coarguit
1849 2708 2086 2775 quidem,

514 2805 609 2858 sed
658 2818 763 2857 non
812 2799 1159 2870 percutit:si
1217 2798 1400 2851 subito
1440 2798 1953 2866 comprehendatur,
2015 2797 2088 2851 ita

510 2893 824 2961 exprobrat,
853 2899 912 2944 ttt
941 2900 1120 2944 tamen
1146 2896 1409 2955 sequatur
1441 2906 1454 2942 :
1482 2888 1527 2941 si
1565 2887 1685 2941 zelo
1726 2886 2089 2943 inﬂammatus

512 2982 705 3039 Malcbi
759 2995 945 3035 aurem
987 2980 1165 3049 gladio
1202 2978 1516 3048 praacideris
1552 2977 1620 3044 ⁸ο,
1667 2977 1885 3047 indigne
1927 2977 2084 3045 feret,

511 3088 739 3141 eamque
762 3071 880 3124 loco
921 3086 1020 3125 suo
1048 3070 1303 3124 restituet
1335 3086 1349 3123 :
1376 3070 1420 3122 si
1452 3071 1573 3139 quis
1599 3070 1828 3122 sindone
1853 3071 2087 3127 amictus

510 3163 780 3233 prolugiat
828 3161 894 3227 δι,
945 3177 1067 3214 eunt
1131 3169 1383 3229 conleget
1420 3177 1432 3212 :
1467 3160 1512 3214 si
1554 3160 1733 3230 ignem
1791 3159 2088 3216 Sodomiti-

512 3270 636 3310 cum
666 3255 927 3308 adversus
955 3268 1067 3317 eos,
1100 3268 1129 3305 a
1163 3252 1359 3320 quibus
1385 3251 1636 3321 abigitur,
1674 3257 1984 3323 poposceris
2017 3257 2084 3324 δ’,

512 3346 926 3414 haudquaquam
966 3343 1252 3415 proluudet
1282 3361 1296 3397 :
1329 3345 1371 3397 si
1403 3343 1667 3399 latronem
1708 3349 1778 3401 ob
1821 3349 1999 3404 scelus
2030 3351 2085 3404 in

2199 1804 2347 1869 Ἐνὸς
2376 1805 2435 1857 οὐ
2457 1803 2706 1874 τιμῶμαι
2736 1802 2913 1854 πάντα
2938 1797 3032 1853 τοῦ
3064 1795 3356 1851 άκανθίνου
3392 1793 3679 1862 στεφάνου,
3711 1791 3769 1854 ὃς

2184 1898 2276 1953 τὸν
2300 1896 2525 1968 νικητὴν
2551 1894 2708 1966 ἡμῶν
2744 1890 3169 1959 ἁπεστεφάνωσε
3198 1886 3298 1957 (6),
3329 1885 3396 1938 δι’
3428 1879 3490 1938 οὗ
3517 1885 3609 1937 καὶ
3638 1900 3770 1953 μαν-

2188 1987 2333 2041 θάνω
2366 1986 2444 2057 (7)
2472 1988 2539 2057 τῇ
2561 1984 2654 2037 τοῦ
2682 1983 2797 2054 βίου
2829 1979 3127 2052 τραχύτητι
3157 1974 3589 2046 στεφανούμενος
3608 1990 3621 2002 ·
3654 1972 3771 2034 ἑνὸς

2185 2079 2280 2134 τοῦ
2302 2078 2574 2149 καλάμου,
2602 2075 2652 2128 δι
2684 2068 2745 2129 οὗ
2765 2073 2827 2126 τὸ
2854 2071 3052 2144 σαθρὸν
3080 2069 3281 2140 κράτος
3301 2065 3581 2120 ἐπαύσατο
3598 2082 3613 2095 ’
3643 2065 3770 2135 μιᾶς

2186 2172 2284 2243 τῆς
2320 2170 2500 2241 χολῆς,
2533 2164 2650 2231 ἑνὸς
2679 2166 2852 2230 ὄξους,
2886 2164 2953 2217 δι’
2984 2156 3059 2216 ὧν
3093 2162 3193 2231 τὴν
3231 2158 3436 2231 πικρὰν
3468 2156 3659 2226 γεῦσιν
3695 2155 3771 2226 (8)

2187 2259 2633 2332 ὲθεραπεύθημεν
2655 2272 2669 2285 ·
2708 2257 2835 2327 μιᾶς
2864 2254 2961 2323 τῆς
2979 2254 3036 2305 ὲν
3065 2250 3144 2321 τῷ
3169 2249 3329 2304 πάθει
3366 2245 3770 2319 μακροθυμίας.

2192 2352 2288 2403 "Av
2322 2349 2585 2420 φιλήματι
2627 2345 2859 2418 προδοθῇ
2895 2344 2991 2415 (9),
3029 2342 3240 2412 ἐλέγχει
3281 2340 3400 2411 μὲν,
3441 2339 3503 2391 οὐ
3549 2337 3773 2407 πλήττει

2186 2443 2263 2496 δέ.
2293 2443 2391 2494 “Av
2429 2440 2582 2509 ἄφνω
2622 2437 2923 2508 συλληφθῇ,
2963 2433 3210 2498 ὀνειδίζει
3268 2433 3387 2503 μὲν,
3432 2431 3629 2484 ἕπεται
3680 2428 3770 2482 δέ’

2188 2532 2293 2587 κᾶν
2329 2531 2575 2603 μαχαίρᾳ
2603 2529 2714 2600 (10)
2750 2529 2975 2598 Μάλχου
3016 2526 3221 2597 τέμνῃς
3252 2526 3367 2596 (11)
3398 2524 3457 2578 τὸ
3489 2525 3654 2577 ὠτίον
3689 2523 3777 2576 διὰ

2189 2623 2369 2694 ζῆλον,
2394 2623 2784 2694 ἀγανακτήσει,
2814 2623 2908 2674 καὶ
2935 2619 3376 2689 ἀποκαταστήσει
3396 2634 3410 2648 ⁸
3439 2615 3543 2670 κᾶν
3578 2618 3637 2669 ὲν
3667 2630 3779 2669 σιν-

2186 2716 2294 2768 δόνι
2324 2714 2433 2785 (1‘2)
2460 2731 2545 2777 τις
2567 2711 2763 2786 φεύγῃ,
2796 2710 3132 2784 περιπελεῖσ
3165 2709 3268 2763 κᾶν
3292 2709 3403 2780 πῦρ
3423 2709 3659 2778 αἰτήσῃς
3681 2708 3779 2760 Σο-

2187 2806 2462 2876 δομιτικὸν
2501 2806 2593 2858 ἐπὶ
2632 2806 2757 2867 τοὺς
2781 2803 3036 2872 ἄγοντας,
3070 2804 3170 2856 οὐκ
3202 2801 3485 2855 ἐπικλύσει
3504 2818 3519 2831 ·
3548 2800 3656 2854 κᾶν
3684 2800 3779 2871 λῃ-

2190 2898 2322 2969 στὴν
2347 2897 2487 2970 λάϐῃ
2515 2898 2604 2951 διὰ
2639 2896 2839 2951 κακίαν
2871 2895 3240 2968 κρεμάμενον,
3277 2896 3358 2957 εἰς
3391 2893 3481 2947 τὸν
3514 2892 3780 2970 παράδει-

2191 2968 2287 3042 σον
2308 2968 2516 3057 εἰσάγει
2545 2988 2633 3042 διὰ
2661 2987 3028 3060 χρηστότητα.
3057 2986 3240 3040 Πάντα
3269 2985 3412 3039 ἔστω
3442 2985 3511 3040 τὰ
3529 2968 3629 3038 ξτοῦ
3654 2985 3780 3056 φιλ-

2192 3081 2481 3153 ανθρώπου
2513 3080 2893 3153 φιλάνθρωπα,
2920 3080 2995 3144 ὡς
3023 3080 3080 3134 δὲ
3121 3079 3217 3132 κα).
3251 3078 3363 3133 τῶν
3398 3077 3642 3150 Χριστοῦ
3672 3093 3782 3132 πα-

2194 3167 2451 3239 θημάτων
2501 3168 2636 3240 (15),
2666 3165 2748 3232 οἷς
2791 3169 2844 3222 τί
2893 3169 3001 3221 τῶν
3047 3167 3307 3238 μειζόνων
3348 3167 3415 3223 ἂν
3446 3168 3695 3238 δοίημεν,
3733 3168 3781 3219 εἰ

2193 3257 2328 3312 Θεοῦ
2398 3261 2494 3314 καὶ
2555 3259 2955 3325 θανατωθέντος
3010 3259 3151 3331 ὑπὲρ
3202 3259 3379 3331 ήμῶν,
3438 3260 3599 3313 αὐτοὶ
3667 3263 3782 3322 τοῖς

2192 3351 2399 3422 ὁμοίοις
2429 3352 2564 3424 μηδὲ
2591 3353 2659 3406 τὰ
2685 3353 2892 3427 σμικρὰ
2920 3353 3030 3425 (14)
3057 3353 3555 3423 συγχωρήσαιμεν;

513 3450 729 3491 crucem
771 3434 1039 3489 sublatum
1068 3449 1262 3503 passus
1285 3436 1471 3503 fuerit,
1510 3455 1633 3496 eum
1674 3458 1770 3510 pro
1799 3458 1898 3499 sua
1960 3445 2300 3516 benignitate
2363 3448 2420 3504 in
2484 3450 2794 3519 paradisum
2858 3448 3164 3505 introdttcet
3199 3449 3509 3518 “.Benigni
3546 3448 3786 3518 denique

514 3526 751 3598 benigna
788 3527 897 3581 sint
943 3527 1146 3593 omnia,
1196 3528 1490 3600 itidemque
1537 3529 1738 3587 Christi
1781 3535 2076 3603 passiones,
2124 3540 2321 3608 quibus
2379 3540 2636 3610 quidnam
2699 3540 2913 3596 tandem
2949 3541 3093 3598 aliud
3126 3544 3297 3612 majus
3321 3558 3384 3598 ac
3425 3544 3787 3613 pnes-lautius
3899 3582 3906 3593 .

515 3622 786 3683 daremus,
840 3620 905 3680 si.
967 3636 1088 3675 cum
1158 3621 1295 3677 Deus
1353 3634 1580 3679 mortem
1631 3628 1799 3696 ipsam
1874 3642 2074 3686 nostra:
2145 3634 2338 3690 salutis
2393 3651 2559 3692 causa
2637 3637 2958 3706 pertulerit,
3020 3653 3117 3694 nos
3206 3648 3441 3704 contra,
3506 3654 3577 3692 ne
3632 3637 3788 3693 leves

516 3714 732 3785 quidem
797 3712 1031 3769 oﬂ'ensas
1104 3725 1159 3770 et
1224 3716 1447 3784 injurias

590 3804 705 3861 XV.
756 3803 895 3873 Quin
934 3808 1046 3862 ha‘c
1080 3823 1296 3878 quoque
1324 3829 1532 3869 mecum
1574 3819 1903 3887 cogitabam,
1928 3832 2090 3890 atque

517 3897 826 3954 etiamnunc
849 3899 1025 3969 cogito
1056 3898 1076 3969 (
1094 3916 1253 3968 quam
1285 3915 1448 3971 recte,
1487 3906 1582 3975 ipsi
1617 3908 1849 3978 videte).
1881 3911 1947 3965 de
1972 3912 2093 3981 qui-

516 3990 618 4044 bus
643 3988 804 4042 etiam
834 3989 967 4058 ipsis
993 3992 1133 4060 apud
1166 4008 1258 4048 vos
1303 4010 1444 4065 saepe
1484 3998 1739 4053 disserui.
1794 3999 1857 4054 lli
1904 4002 2093 4058 domos

518 4079 738 4145 habent,
767 4095 865 4134 nos
892 4083 1156 4151 hospitem
1184 4101 1197 4137 :
1227 4085 1281 4139 Ιιὶ
1311 4088 1528 4156 templa,
1560 4105 1657 4143 nos
1688 4090 1856 4146 Deum
1887 4106 1903 4148 :
1933 4095 2094 4165 idque

1528 3722 1825 3790 aequalibus
1891 3728 2092 3783 nostris
2129 3730 2504 3786 remittamus?

2268 3824 2368 3879 IE'.
2401 3827 2545 3899 Πρὸς
2571 3824 2629 3880 δὲ
2663 3827 2759 3880 καὶ
2783 3826 2957 3881 ταῦτα
2985 3825 3310 3897 ἐλογιζόμην
3338 3843 3399 3880 τε
3436 3826 3532 3880 καὶ
3561 3826 3788 3897 λογίςοδ

2203 3935 2320 3989 μαι,
2356 3919 2451 3972 καὶ
2481 3922 2753 3984 σκοπεῖτε,
2776 3921 2825 3973 εί
2855 3919 2928 3991 μὴ
2961 3919 3057 3972 καὶ
3089 3918 3209 3973 λίαν
3231 3918 3429 3990 ὀρθῶς,
3459 3918 3497 3972 ἃ
3523 3919 3624 3972 καὶ
3651 3920 3762 3973 πολ

2198 4008 2353 4073 λάκις
2386 4010 2514 4081 ὑμῖν
2549 4011 2938 4081 ἐφιλοσόφησα.
2961 4009 3215 4081 ’Έχουσιν
3245 4003 3389 4063 οὗτοι
3419 4012 3547 4074 τοὺς
3571 4013 3788 4077 οἴκους,

2198 4100 2361 4171 ἡμεῖς
2383 4099 2475 4154 τὸν
2505 4100 2708 4154 ἔνοικον
2727 4119 2739 4131 ·
2778 4094 2924 4155 οὗτοι
2947 4100 3073 4164 τοὺς
3101 4101 3283 4164 ναοὺς,
3308 4103 3470 4172 ἡμεῖς
3492 4101 3586 4154 τὸν
3612 4102 3783 4156 Θεόν’

518 4179 802 4240 praeterea,
860 4175 1002 4239 quod
1061 4175 1178 4230 viva
1230 4178 1460 4234 viventis
1506 4182 1598 4236 Dei
1639 4185 1835 4254 templa
1882 4200 2088 4254 sumus,

2202 4191 2292 4245 mi.
2315 4191 2376 4245 τὸ
2405 4193 2523 4246 ναοὶ
2551 4192 2805 4262 γενέσθαι
2825 4192 2960 4245 Θεοῦ
2983 4191 3184 4256 ζῶντος
3215 4193 3308 4246 καὶ
3335 4192 3558 4257 ζῶντες,
3601 4194 3791 4267 ἱερεῖα

519 4261 753 4316 Victimzc
795 4262 952 4327 vivw,
987 4264 1302 4321 holocausta
1339 4272 1547 4327 ratione
1578 4276 1800 4340 praedita
1825 4315 1840 4339 ,
1884 4278 2093 4332 sacriﬁ-

522 4353 607 4408 cia
641 4352 900 4422 perfecta,
951 4357 1022 4410 dii
1055 4358 1305 4427 denique,
1341 4360 1624 4420 Trinitatis
1654 4367 1892 4423 adoratae
1929 4368 2094 4424 bene-

522 4528 601 4581 tx,
623 4516 711 4571 54.
786 4516 833 4548 ’⁸³
867 4517 997 4572 Luc.
1023 4522 1286 4584 xxttt,45.

596 4634 672 4716 (2)
702 4637 781 4726 ΙΕἰ
804 4634 890 4726 δὲ,
922 4635 1013 4689 ὅτι
1052 4636 1585 4726 ,τυραγνοιξμενρςη
1613 4647 1728 4726 ειίξἶ
1783 4638 2088 4726 ᾼτὺῑιτιηιιι·

2202 4650 2513 4706 austerioris
2546 4652 2816 4722 palaestra,
2869 4654 3094 4726 adipisci
3138 4671 3225 4712 me
3258 4672 3515 4712 coronam
3569 4659 3795 4713 intelli-

2191 4731 2331 4786 gant.
2362 4738 2381 4770 ι

2266 4788 2353 4868 (8).
2378 4790 2743 4868 Γεᾷσιηβίο
2777 4792 2885 4868 duo
2912 4792 3108 4868 Regg.,
3147 4795 3314 4852 Coisl.
3345 4796 3399 4863 1,
3430 4795 3635 4866 aliique
3662 4798 3797 4868 plu-

524 4702 668 4781 Elias
702 4707 814 4781 haec
845 4704 1089 4781 Gregorii
1116 4702 1282 4781 verba
1336 4702 1490 4774 dirigi
1523 4706 1587 4781 ad
1611 4706 1939 4775 Catholicos,
1992 4715 2086 4781 qui

522 4777 708 4845 forsan
748 4775 1019 4842 'l'heologo
1041 4777 1391 4845 objiciebaut,
1419 4777 1580 4845 quod,
1624 4793 1743 4830 cum
1774 4775 2083 4836 facultatem

2199 4283 2448 4355 ἔμψυχα,
2499 4284 2930 4356 ὁλοκαυτώματα
2984 4283 3181 4352 λογικὰ
3209 4323 3223 4346 ,
3272 4283 3487 4355 θύματα
3540 4286 3739 4340 τέλεια
3777 4329 3793 4352 ,

2200 4375 2310 4429 θεοὶ
2333 4377 2443 4449 (15)
2466 4378 2553 4432 διὰ
2576 4378 2805 4449 Τρίαδος
2826 4376 3328 4449 προσκυνουμένης.
3359 4372 3517 4432 Οὗτοι
3543 4379 3796 4450 δήμους,

594 4446 1028 4533 ’:_Act;:'t-t,59.
1104 4446 1348 4533 uigor.
1382 4454 1562 4520 tv,12.
1641 4455 2171 4529 "illattlt.xxvt,49.
2246 4446 2480 4522 Moab.
2512 4446 2666 4533 mu,
2703 4468 2787 4523 10.
2864 4446 2906 4498 ει
2939 4465 3102 4519 Marc.
3139 4446 3474 4530 meum.
3564 4446 3795 4524 δίἰυο.

525 4844 814 4898 ulciscendi
841 4858 900 4898 se
929 4844 1172 4911 haberet,
1194 4847 1490 4914 imperante
1522 4844 1847 4914 Theodosio,
1886 4866 1949 4905 ea
1983 4868 2088 4906 non

2202 4844 2391 4932 res._'lo
2422 4862 2534 4932 ed.,
2567 4862 2772 4932 ρεῦσιν,
2812 4879 2830 4913 ι
2853 4844 3201 4920 Ῑιυχίδῖἷθῖηῖι

525 4924 783 4967 uteretur.

2263 4929 2646 5008 (9)_I{30609ﬁ.
2667 4933 2758 4988 Sic
2777 4945 3007 5001 quatuor
3027 4936 3219 5008 Regg.,
3238 4935 3405 5003 0r.1,
3431 4934 3556 4991 Bas.
3582 4934 3644 4990 In
3664 4939 3795 5005 ed.,

596 4982 672 5071 (Ei)
698 4983 808 5071 K_at
862 4980 1053 5071 χάρις,
1092 4995 1203 5071 etc_.l
1230 4983 1606 5071 .thatiasque
1644 4985 1790 5071 Deo,
1827 4990 1970 5070 quod
2021 4990 2088 5071 te:

2202 4980 2475 5071 “955936313

524 5053 670 5107 nitas
700 5063 754 5106 et
781 5055 1078 5107 moderatio
1113 5054 1269 5120 mihi,
1303 5064 1554 5123 tanquam
1592 5053 1862 5123 amentia,
1882 5058 2093 5115 crimini

525 5124 646 5176 data
687 5130 789 5177 est.
815 5140 834 5173 ι

597 5191 674 5277 et
700 5193 840 5277 ’.Σιὲθῗ
861 5189 1034 5277 ὑμᾶς·
1064 5191 1164 5277 οςι
1192 5195 1240 5255 ις
1271 5193 1392 5246 καθ’
1420 5195 1587 5277 atas;
1712 5265 1725 5277 .
1828 5210 1840 5219 ·

595 5259 920 5400 (5)116607‘.
958 5260 1093 5316 Tres
1126 5264 1291 5334 Regg.
1326 5277 1382 5319 et
1419 5259 1631 5328 Cbntb.,
1658 5265 1876 5324 πόστον.

595 5335 649 5398 (ti
705 5331 1211 5400 Ἂπεστεςοάνωσε.
1274 5331 1486 5398 Comb.,
1533 5335 1875 5400 ἐστεφάνωσε

595 5331 672 5400 (ti)
705 5331 1486 5405 Ἂπεστεςοάνωσεξξϐοιῃιιη
1533 5335 1896 5405 ἐστεφάνωσε.
1960 5356 1981 5390 t
2004 5337 2087 5391 vi-

527 5408 731 5479 ctorem
762 5416 938 5454 meum
990 5403 1331 5479 coronavit.»
1370 5403 1728 5479 Elias‘tamen
1759 5410 1920 5479 legit,
1984 5409 2090 5461 ἀπ-

525 5469 890 5537 εστεφάνωσε,
916 5486 980 5526 ac
1000 5472 1421 5540 interpretatur:
1469 5492 1487 5524 ι
1508 5472 1698 5529 Omnia
1742 5517 1757 5531 .
1780 5469 1841 5532 .ἷ
1872 5469 2089 5532 tametsi

527 5540 696 5593 multa
720 5541 848 5613 sint,
902 5555 1006 5596 non
1048 5542 1278 5596 arbitror
1309 5544 1397 5596 uni
1426 5546 1803 5613 aequiparanda
1833 5562 1954 5601 esse
1992 5563 2086 5601 co-

530 5623 675 5688 ronae
703 5612 918 5677 spineta,
946 5626 1051 5679 qna
1090 5613 1335 5688 Christus
1369 5612 1637 5688 diabolum
1663 5617 1832 5671 nostri
1871 5618 2089 5688 generis

523 5678 785 5733 victorem
817 5695 910 5747 sua
936 5678 1134 5735 corona
1163 5683 1429 5747 spoliavit.
1453 5702 1472 5733 ι

597 5747 672 5820 (7)
702 5750 784 5803 Δι’
803 5742 875 5806 οὗ
906 5750 1003 5804 καὶ
1051 5742 1347 5823 μανθάνω,
1376 5763 1479 5809 etc.
1517 5772 1535 5806 ι
1585 5753 1688 5811 Per
1739 5769 1924 5825 quam,
1968 5756 2089 5813 vita:

2263 5067 2372 5140 (10)
2411 5055 2702 5140 Ιίὶαχαίρᾳ.
2730 5072 2893 5134 Deest
2927 5077 2977 5129 in
3006 5074 3099 5130 0r.
3138 5076 3189 5130 1.

2264 5138 2373 5231 fil?
2410 5138 2838 5231 Εένῖέέίμίῖθε-
2870 5150 2981 5231 mn»
3008 5147 3201 5231 τὲιξῆςπ

3894 3776 3910 4347 3

3894 4378 3908 4755 ἒ

3894 4829 3906 4941 l

3896 4980 3910 5084 κ

2259 5194 2371 5279 (12)
2417 5194 2512 5264 Ἐἶν-
2557 5194 2981 5283 Eiéeéﬁi'eié'."
3007 5194 3296 5270 «”ἑίἱέἷιὸηθ
3328 5215 3582 5270 amictus.
3613 5234 3634 5266 ι
3688 5214 3799 5271 Sic
3900 5194 3901 5199 γ

2256 5487 2366 5564 (15)
2382 5492 2773 5564 μαθημάτων.
2805 5495 2938 5564 Reg.
2963 5509 3013 5557 a,
3046 5494 3209 5562 Cuisl,
3238 5493 3294 5559 2,
3316 5487 3411 5548 0r.
3443 5487 3504 5562 1;
3526 5504 3581 5549 et
3604 5495 3790 5562 Elius,

2190 5557 2463 5633 μαθῃτῶν,
2506 5557 2950 5633 (discipulorum.
3001 5583 3020 5616 ι

2406 5629 2648 5706 genteri.
2684 5626 2815 5702 Reg.
2837 5639 2961 5706 _lnn_,
2989 5644 3043 5689 ct
3072 5632 3167 5690 Or.
3209 5634 3259 5702 1,
3295 5634 3489 5706 μικρά.

2259 5698 2371 5770 (15)
2399 5702 2548 5756 Θεοί.
2583 5700 2712 5774 Reg.
2753 5698 2802 5770 ti,
2827 5702 2982 5758 Θεοῦ.

2120 5276 2617 5367 pinterpretjantur
2656 5276 2813 5341 Elias'
2863 5285 3156 5367 et_l_3illius.
3225 5283 3533 5367 Notandum
3590 5297 3795 5367 tamen
3900 5282 3907 5367 (

2192 5357 2294 5421 est,
2326 5352 2466 5416 quod
2493 5352 2546 5405 in
2576 5367 2731 5407 sacro
2757 5365 2902 5410 textu
2933 5354 3097 5411 Marc.
3122 5370 3233 5417 xlv,
3258 5353 3350 5421 52,
3379 5353 3601 5419 dicitur,
3640 5358 3795 5410 ado-
3897 5352 3906 5400 3

2189 5416 2510 5495 leseeutem,
2540 5440 2558 5471 ι
2583 5424 2770 5495 relicta
2801 5416 3282 5495 sindone,rnudum
3316 5416 3642 5495 profugisse.
3670 5444 3690 5476 ι

3900 5430 3907 5519 1
