3910 6214
253 4817 260 4827 ·
343 4798 433 4852 (I7

314 120 369 179 ἦ
932 118 1193 177 ORATIO
1230 119 1470 177 XXXIII.
1512 150 1581 161 —
1619 118 1896 176 CONTRA
1937 114 2245 172 ΔΗΙΑΝΟὸ
2282 114 2371 169 ET
2412 112 2500 169 DE
2539 110 2795 169 SEIPSO.
3397 110 3507 165 23$

260 239 424 311 Inui;
450 238 715 308 ἀγγέλους
734 256 747 271 ο
780 232 925 296 οὗτοι
945 241 1166 315 θράσος,
1188 244 1373 297 πίστιν
1400 244 1562 315 ἡμεῖς
1576 260 1590 274 ο
1613 236 1836 295 οῦτοιτὸ

1953 237 2082 293 icio.
2118 234 2185 291 Hi
2222 234 2449 306 populos
2480 234 2704 299 habent,
2742 246 2844 289 nos
2874 229 3133 300 angelos;
3196 228 3250 283 bi
3279 227 3505 282 temeri—

202 384 209 393 ,
261 328 522 393 ἀπειλεῖν,
538 330 701 402 ἡμεῖς
717 331 780 385 τὸ
796 332 1191 404 προσεύχεσθαι
1208 332 1344 404 (16)·
1359 325 1504 388 οῦτοι
1520 333 1583 386 τὸ
1600 331 1835 403 βάλλειν,

264 423 422 492 ἡμεῖς
452 420 516 473 τὺ
553 421 742 492 φέρειν
765 438 779 452 ·
811 416 957 477 οὗτοι
995 424 1196 495 χρυσὸν
1241 424 1337 477 καὶ
1366 423 1624 496 ἄργυρον,
1676 422 1839 492 ἡμεῖς

264 512 415 587 λόγον
437 513 871 585 κεκαθαρμένον.
918 516 1210 585 Ἐποίησας
1240 514 1452 586 σεαυτῷ
1474 513 1719 585 διώροφα
1744 514 1839 567 καὶ

264 603 542 677 τριώροφα
583 605 791 675 (γνῶθι
830 606 900 660 τὰ
946 609 1166 679 ῥήματα
1209 608 1311 679 τῆς
1359 608 1637 680 Γραφῆς),
1689 603 1838 661 οἶκον

266 698 534 770 ριπιστὸν,
581 698 964 769 διεσταλμένον
997 699 1248 773 θυρίσιν;
1293 700 1409 755 ἀλλ’
1456 697 1609 754 οῦπω
1666 698 1840 755 ταῦτα

262 787 358 856 τῆς
382 786 522 857 ἐμῆς
565 787 801 852 πίστεως
839 787 1169 862 ὑψηλότερα,
1202 791 1299 843 κα)⁵
1325 788 1435 843 τῶν
1458 788 1706 862 οὐρανῶν
1726 788 1839 860 (I7)

262 880 396 950 πρὸς
426 879 522 945 οὓς
538 881 796 952 φέρομαι.
822 883 1035 953 Μικρόν
1061 899 1151 954 μοι
1171 883 1233 937 τὸ
1254 882 1537 954 ποίμνιον;
1582 880 1721 935 Ἀλλ’
1737 880 1840 933 οὐκ

258 972 350 1024 ἐπὶ
367 972 630 1044 κρημνῶν
648 973 758 1044 (I8)
777 975 1097 1044 φερόμενον.
1117 974 1283 1044 Στενή
1301 991 1391 1046 μοι
1407 975 1440 1045 ἠ
1462 956 1841 1045 μάνδρα,πλὴ’ν

258 1060 445 1125 λύκοις
464 1061 808 1127 ἀνεπίϐατος,
823 1062 962 1135 πλὴν
976 1063 1038 1116 ού
1059 1062 1473 1136 παραδεχομένη
1491 1060 1842 1135 λῃστὴν,οὐδὲ

259 1154 704 1226 ὑπερϐαινομένη
720 1154 983 1220 κλέπταις
1002 1156 1097 1209 καὶ
1126 1153 1316 1221 ξένοις.
1341 1155 1582 1226 Ὄψομαι
1613 1153 1838 1226 ταύτην,

257 1242 316 1300 εὖ
352 1242 473 1300 οἶδα
497 1287 512 1311 ,
549 1246 646 1299 καὶ
676 1245 1039 1319 πλατυτέραν.
1084 1247 1319 1311 Πολλοὺς
1362 1245 1471 1300 τῶν
1515 1246 1611 1300 νῦν
1639 1245 1839 1310 λύκων,

257 1340 317 1392 ὲν
341 1337 637 1408 προϐάτοις
674 1336 979 1409 ἀριθμῆσαι
1017 1355 1083 1409 με
1118 1338 1218 1399 δεῖ,
1252 1338 1414 1409 τυχὸν
1442 1338 1538 1392 καὶ
1562 1336 1838 1406 ποιμέσιν.

260 1427 432 1481 Τοῦτο
465 1425 873 1497 εύαγγελίζεταί
910 1446 1000 1500 μοι
1054 1432 1083 1483 ό
1116 1430 1320 1500 ποιμὴν
1367 1432 1396 1483 ὁ
1432 1429 1621 1494 καλὸς,
1662 1429 1733 1483 δι’
1783 1429 1843 1483 ὃν

258 1519 371 1589 ἐγὼ
395 1520 585 1591 τίθημι
620 1518 719 1590 τὴν
756 1520 932 1591 ψυχὴν
959 1520 1102 1593 ὑπὲρ
1148 1521 1259 1574 τῶν
1285 1519 1595 1592 προϐάτων.
1639 1521 1714 1574 Οὐ
1750 1538 1844 1590 φο-

1938 337 2104 383 tatem
2133 336 2188 382 et
2221 326 2524 391 audaciam,
2565 340 2666 382 nos
2691 325 2848 382 ﬁdem
2874 340 2892 391 ;
2921 322 2977 378 bi
3015 321 3220 384 minas,
3254 332 3353 373 nos
3381 331 3508 372 ora-

1941 420 2150 488 tiones;
2185 420 2240 475 bi
2273 419 2415 490 quod
2469 418 2813 489 percutiunt,
2847 429 2947 471 nos
2984 414 3127 485 quod
3155 411 3421 476 ferimus;
3451 408 3508 464 bi

1939 525 2127 566 aurum
2173 520 2229 566 et
2280 521 2592 579 argentum,
2634 524 2732 566 nos
2783 514 3130 579 repurgatam
3184 502 3505 558 doctrinam.

1939 602 2138 658 Fecisti
2196 602 2294 657 tibi
2357 601 2601 672 duplices
2655 610 2711 657 et
2781 599 3025 669 triplices
3077 592 3511 663 contignationes

1942 693 2209 765 (agnosce
2260 692 2552 764 Scriptura;
2598 693 2827 764 verba),
2882 693 3101 747 domum
3151 682 3508 758 perﬂatilem,

1943 785 2195 841 fenestris
2228 786 2540 842 distinctam
2568 785 2656 838 ⁸⁸2
2696 787 2766 840 At
2803 786 2919 840 haec
2962 780 3198 837 nonduin
3247 776 3354 831 fide
3391 786 3512 829 mea

1943 878 2254 933 sublimiora
2279 888 2431 945 sunt,
2460 893 2559 934 nec
2578 878 2754 943 caelis,
2792 877 2859 932 ad
2891 890 3028 945 quos
3057 872 3239 928 tendo.
3272 868 3345 924 At
3380 865 3512 921 mihi

1943 988 2075 1045 grex
2126 973 2391 1044 exiguus?
2440 974 2546 1029 Sed
2593 975 2644 1026 in
2697 971 2992 1041 praecipitia
3041 981 3150 1022 non
3193 964 3384 1019 fertur.
3446 958 3517 1012 At

1945 1073 2169 1133 angusta
2202 1064 2330 1118 mibi
2362 1061 2557 1118 caula?
2588 1062 2694 1117 Sed
2717 1076 2839 1131 quas
2876 1060 3018 1130 lupis
3048 1073 3156 1112 non
3190 1061 3392 1125 pateat,
3419 1051 3515 1106 sed

1944 1169 2064 1225 qna:
2090 1153 2356 1208 latronem
2387 1168 2494 1209 non
2519 1153 2791 1219 admittat,
2818 1165 2919 1206 nec
2946 1166 2975 1204 a
3008 1148 3243 1211 furibus,
3273 1154 3329 1198 et
3364 1150 3516 1196 exte-

1945 1245 2021 1298 ris
2046 1244 2475 1299 transcendatur.
2524 1243 2681 1304 Eam,
2724 1242 2948 1311 'pulclire
2968 1238 3103 1303 scio,
3127 1249 3245 1290 eam
3268 1231 3515 1287 latiorem

1944 1337 2176 1391 videbo:
2221 1337 2421 1392 multos
2447 1336 2592 1391 enim
2623 1350 2689 1389 ex
2724 1334 2828 1402 his,
2861 1332 2953 1403 qui
2996 1343 3139 1384 nunc
3177 1326 3232 1380 in
3267 1324 3515 1390 luporum

1948 1443 2175 1484 numero
2217 1439 2366 1495 sunt,
2415 1429 2559 1483 inter
2584 1442 2734 1492 oves,
2789 1441 2854 1481 ac
2898 1424 3131 1479 fortasse
3162 1421 3326 1475 etiam
3376 1415 3518 1469 inter

1949 1531 2216 1589 pastores,
2248 1521 2608 1577 recensendos
2634 1520 2827 1574 habeo.
2873 1515 2986 1572 Hoc
3012 1513 3142 1570 mihi
3175 1510 3350 1565 fauste
3375 1521 3519 1561 nun-

261 1611 464 1682 ὁοῦμαι
492 1611 554 1664 τὸ
599 1610 793 1683 μικρὸν
821 1613 1092 1683 ποίμνιον,
1123 1612 1456 1666 εὐσύνοπτον
1480 1612 1589 1684 γάρ
1611 1631 1624 1643 ·
1654 1614 1737 1666 ὅτι
1765 1628 1844 1680 γι-

1953 1611 2047 1664 liat
2077 1610 2269 1665 Pastor
2292 1612 2381 1667 ille
2403 1614 2596 1676 bonus,
2622 1615 2694 1667 ob
2728 1624 2889 1680 quem
2931 1623 3031 1678 ego
3073 1604 3309 1677 animam
3342 1611 3518 1653 meam

259 1702 456 1756 νὼσκω
512 1702 580 1756 τά
621 1702 767 1773 ἐμά,
815 1704 910 1757 καὶ
958 1703 1299 1775 γινώσκομαι
1356 1705 1464 1759 ὑπὸ
1516 1702 1625 1758 τῶν
1670 1703 1840 1775 ὲμῶν.

258 1793 499 1847 Τοιαῦτα
536 1793 602 1847 τὰ
624 1793 757 1848 Θεὸν
786 1794 1146 1864 γινώσκοντα,
1176 1796 1273 1850 καὶ
1304 1795 1425 1867 Θεῷ
1440 1796 1840 1868 γινωσκόμενα.

265 1885 343 1939 Τὰ
378 1887 647 1954 πρόϐατα
683 1886 757 1941 τὰ
797 1886 911 1957 ἐμὰ
938 1886 1050 1956 τῆς
1101 1887 1312 1957 φωνῆς
1356 1905 1476 1959 μου
1512 1889 1739 1955 ἀκούει,
1777 1881 1846 1960 ἦς

258 1979 472 2050 ἥκουσα
500 1979 651 2052 παρὰ
682 1979 790 2033 τῶν
825 1977 989 2034 θείων
1010 1980 1232 2049 λογίων,
1266 1980 1335 2052 ἢν
1361 1981 1649 2053 ἐδιδάχθην
1694 1981 1847 2052 παρά

257 2070 368 2124 τῶν
421 2071 594 2139 ἀγίων
637 2070 918 2143 Πατέρων,
963 2072 1032 2143 ἣν
1077 2071 1294 2137 ἐδίδαξα
1335 2072 1448 2143 (l9)
1483 2071 1626 2126 κατά
1661 2072 1841 2126 πάντα

258 2162 451 2233 καιρὸν
475 2162 695 2232 ὁμοίως,
722 2163 784 2216 ού
809 2163 1299 2235 συμμορφούμενος
1317 2164 1433 2236 (20)
1456 2168 1571 2229 τοῖς
1605 2168 1839 2236 καιροῖς,

259 2255 357 2307 καὶ
388 2253 656 2309 διδάσκων
683 2255 747 2308 οὑ
798 2256 1083 2327 παύσομαι
1115 2254 1254 2327 (2i),
1289 2255 1408 2328 μεθ’
1430 2249 1498 2328 ἦς
1524 2258 1842 2329 ἐγεννήθην,

256 2344 356 2399 καὶ
450 2347 886 2419 συναπέρχομαι.

1947 1717 2046 1771 pro
2065 1702 2255 1757 ovibus
2283 1717 2428 1772 pono
2450 1703 2520 1757 ιδ.
2556 1703 2793 1773 Exiguus
2810 1715 2940 1771 grex
2969 1700 3219 1753 timorem
3246 1691 3377 1748 milii
3406 1704 3516 1745 non

1948 1793 2146 1863 injicit,
2196 1804 2382 1865 utpote
2433 1794 2593 1850 facile
2652 1794 3010 1863 conspicuus;
3082 1785 3337 1858 quoniam
3390 1795 3518 1839 oves

1948 1900 2099 1941 meas
2147 1901 2438 1956 cognosco,
2487 1893 2542 1942 et
2578 1900 2609 1940 a
2655 1886 2792 1940 meis
2820 1881 3058 1938 vicissim
3112 1889 3406 1948 cognoscor
3450 1873 3518 1928 “.

1949 1980 2109 2037 Tales
2170 1991 2317 2048 sunt,
2369 1997 2490 2052 quae
2554 1981 2720 2036 Deum
2780 1984 3152 2047 cognoscunt,
3216 1979 3271 2028 et
3322 1984 3355 2024 a
3410 1967 3519 2023 Deo

1944 2083 2365 2145 cognoscuntur.
2413 2070 2546 2127 Oves
2595 2087 2725 2126 mue
2773 2086 2945 2124 vocem
2990 2081 3160 2121 meam
3194 2064 3420 2119 audiunt
3454 2060 3518 2113 ".

1944 2182 2107 2238 qnam
2137 2182 2169 2221 a
2199 2166 2399 2222 divinis
2415 2164 2653 2221 oraculis
2675 2164 2879 2231 audivi,
2901 2159 3068 2234 614
3082 2173 3245 2230 quam
3269 2171 3302 2210 a
3322 2153 3518 2211 sanctis

1944 2258 2196 2315 Patribus
2250 2259 2439 2323 didici,
2494 2272 2657 2328 quam
2713 2271 2809 2325 per
2864 2264 3081 2308 omnem
3128 2251 3254 2306 vitae
3304 2261 3519 2303 cursum

1945 2353 2134 2408 eodem
2162 2351 2323 2408 modo
2351 2352 2511 2407 dncui
2544 2352 2925 2420 (nequaquam
2960 2359 3057 2415 pm
3082 2353 3325 2411 tempore
3362 2341 3520 2397 aliam

256 2448 426 2506 atque
471 2437 632 2492 aliam
666 2438 896 2492 subinde
947 2434 1176 2494 formam
1223 2438 1563 2511 assumens),
1600 2454 1700 2493 nec
1743 2455 1977 2510 unquam
2015 2443 2211 2498 docere
2233 2443 2503 2508 desinam,
2558 2454 2684 2495 cum
2755 2452 2860 2507 qua
2922 2445 3080 2489 natus
3117 2447 3260 2496 sum.
3292 2441 3350 2487 ει
3402 2445 3519 2487 cum

255 2544 366 2599 qua
391 2530 518 2585 binc
540 2532 841 2587 discedam.

336 2621 459 2687 ις’.
491 2619 676 2675 Ταῦτα
703 2621 855 2677 καλῶ
881 2621 1004 2674 κατ’
1033 2619 1205 2690 ὄνομα
1235 2617 1359 2689 (οὐκ
1404 2616 1665 2688 ἀνώνυμα
1710 2618 1841 2689 γὰρ,

2013 2613 2155 2670 XVI.
2213 2615 2319 2670 Eas
2378 2613 2696 2669 nominatim
2747 2628 2880 2671 voco
2930 2615 3067 2685 (nec
3106 2615 3252 2669 enim
3310 2612 3530 2669 nomine

262 2708 459 2782 ὥσπερ
481 2711 605 2764 οὐδὲ
635 2710 864 2784 ἀστέρες
918 2709 1314 2783 ἀριθμούμενοι
1362 2709 1457 2762 καὶ
1515 2707 1851 2781 ὀνομαζόμε-

259 2805 402 2875 νοι),
430 2804 527 2858 καὶ
552 2804 904 2858 ἀκολουθοῦσι
953 2821 1063 2874 μοι,
1098 2802 1350 2874 ἑκτρέφω
1376 2801 1487 2872 γὰρ
1527 2802 1621 2856 ἐπὶ
1653 2800 1849 2866 ὓδατος

257 2892 655 2958 ἀναπαύσεωςι
687 2892 1038 2948 ἀκολουθοῦσι
1074 2893 1185 2964 (22)
1218 2893 1276 2946 δὲ
1306 2893 1402 2947 καὶ
1423 2893 1585 2946 παντὶ
1620 2891 1850 2965 τοιούτῳ

258 2985 502 3058 ποιμένι,
535 2978 597 3040 οὗ
629 2985 726 3057 τὴν
753 2986 935 3057 φωνὴν
965 2987 1149 3057 ὁρᾶτε,
1186 2987 1336 3049 ὅπως
1357 2985 1529 3057 ἡδέως
1560 2985 1803 3055 ἥκουσαν
1831 3002 1846 3019 ο

259 3077 531 3148 ἀλλοτρίῳ
556 3077 614 3129 δὲ
666 3078 727 3130 ού
778 3077 853 3149 μὴ
905 3075 1372 3147 ἀκολουθήσωσιν,
1398 3076 1535 3130 ἀλλά
1564 3074 1849 3145 φεύξονται

258 3166 359 3219 ἀπ’
389 3165 577 3231 αὐτοῦ,
601 3166 684 3220 ὅτι
710 3165 1108 3238 διαγνωστικὴν
1144 3165 1258 3233 Ξξιν
1283 3166 1500 3237 ἔχουσιν
1533 3165 1634 3237 ἠδη
1663 3165 1850 3235 φωνῆς

256 3258 473 3323 οἰκείας
524 3260 618 3313 καὶ
663 3259 951 3330 ἀλλοτρίας
982 3259 1123 3330 (23).
1152 3258 1445 3324 Φεύξονται
1493 3257 1850 3312 Οὐαλεντίνου

258 3351 364 3422 τὴν
390 3350 484 3405 τοῦ
510 3352 629 3415 ἑνὸς
674 3353 755 3417 είς
783 3352 878 3405 δύο
915 3351 1254 3423 κατατομὴν,
1288 3352 1389 3405 οὔκ
1426 3350 1585 3405 ἀλλον
1613 3349 1725 3423 (24)
1752 3350 1849 3403 τοῦ

261 3442 476 3513 ἀγαθοῦ
533 3444 625 3498 τὸν
664 3443 1005 3516 Δημιουργὸν
1041 3443 1411 3508 πιστεύοντες,
1479 3444 1573 3496 καὶ
1611 3442 1703 3496 τὸν
1746 3442 1853 3494 Βυ-

264 3532 381 3598 Θδν,
412 3534 508 3588 καὶ
533 3533 632 3605 τὴν
665 3534 850 3606 Σιγὴν,
899 3535 994 3589 καὶ
1023 3536 1151 3597 τοὺς
1186 3532 1449 3605 μυθικοὺς
1495 3531 1731 3595 Αίῶνας,
1782 3531 1851 3584 τὰ

266 3623 435 3697 βυθοῦ
476 3626 572 3680 καὶ
621 3628 780 3697 σιγῆς
809 3626 960 3691 ὄντος
1002 3626 1146 3692 ἄξια.
1193 3624 1485 3692 Φεύξονται
1527 3623 1850 3693 Μαρκίωνος

262 3715 360 3769 τὸν
380 3718 447 3770 ὲκ
476 3718 754 3789 στοιχείων
788 3717 901 3789 (25)
931 3717 1025 3771 κα)⁵
1064 3715 1317 3789 ἀριθμῶν
1351 3715 1484 3769 Θεόν
1504 3730 1518 3745 ·
1574 3712 1850 3768 Μοντανοῦ

263 3807 330 3859 τὸ
378 3808 614 3880 πονηρὸν
666 3808 884 3881 πνεῦμα
936 3808 1032 3862 καὶ
1077 3808 1385 3877 γυναικεῖον
1428 3822 1441 3836 ·
1489 3804 1673 3859 Μάνου
1749 3802 1852 3875 τὴν

266 3895 404 3969 ὕλην
473 3899 611 3970 μετά
672 3899 767 3954 τοῦ
842 3900 1067 3963 σκότους
1092 3914 1107 3927 ⁸
1172 3898 1426 3953 Ναυάτου
1488 3898 1597 3969 τὴν
1652 3894 1851 3959 ἀλαζο-

1949 2718 2157 2778 carent,
2212 2707 2667 2779 quemadmodum
2716 2722 2820 2763 nec
2870 2708 3075 2772 sidera,
3123 2721 3245 2777 quae
3302 2720 3531 2762 numero

1948 2801 2500 2872 comprehenduntur,
2552 2815 2617 2855 ac
2662 2813 2763 2856 suo
2810 2814 3038 2870 quaeque
3074 2801 3295 2854 nomine
3341 2799 3531 2871 appel—

1951 2893 2131 2949 lantur
2160 2893 2259 2965 κ),
2296 2903 2353 2948 et
2391 2907 2479 2948 me
2523 2901 2850 2963 sequuntur,
2901 2902 3086 2961 utpote
3134 2909 3165 2948 a
3211 2908 3322 2963 quo
3371 2907 3532 2964 super

1950 2998 2144 3053 aquam
2197 2981 2509 3038 refectionis
2573 2982 2874 3037 educantur
2926 2980 2972 3015 δ’
3010 2983 3304 3052 :qnemvis
3367 2983 3533 3037 etiam

1952 3076 2116 3130 alium
2171 3074 2408 3130 similem
2454 3083 2729 3143 pastorem
2783 3082 3105 3144 sequuntur,
3145 3074 3300 3144 cujus
3344 3089 3532 3130 vocem

1949 3179 2150 3240 quanta
2192 3182 2314 3222 cum
2360 3167 2635 3239 voluptate
2665 3167 2992 3230 audiverim,
3026 3167 3260 3223 videtis:
3297 3166 3533 3222 alienum

1950 3268 2131 3315 autem
2174 3259 2400 3315 minime
2444 3267 2761 3330 sequentur,
2799 3273 2986 3313 verum
3019 3259 3089 3313 ab
3132 3273 3199 3313 eo
3230 3256 3534 3329 diffugient,

1950 3352 2383 3422 quandoquidem
2408 3352 2475 3408 ad
2512 3366 2635 3408 eum
2659 3352 2771 3422 jam
2793 3352 3033 3408 habitum
3064 3360 3444 3421 pervenerunt,
3473 3358 3534 3406 ut

1951 3441 2270 3514 familiarem
2304 3456 2492 3496 vocem
2516 3443 2585 3497 ab
2616 3442 2792 3499 aliena
2829 3444 3221 3497 internoscant.
3257 3441 3530 3497 Valentini

1952 3533 2111 3590 unius
2140 3534 2193 3588 in
2227 3534 2334 3588 dno
2374 3533 2671 3589 sectionem
2720 3532 2945 3605 fugient,
2982 3549 3163 3589 rerum
3209 3534 3458 3605 opificem
3503 3549 3535 3589 a

1951 3625 2095 3682 bono
2142 3626 2415 3680 diversum
2477 3626 2702 3683 minime
2759 3641 2882 3683 esse
2938 3627 3534 3699 credentes;Bytbum

1953 3715 2172 3787 insuper
2208 3727 2262 3771 et
2290 3716 2475 3789 Sigen,
2524 3727 2581 3774 et
2609 3717 2885 3774 fabulosos
2930 3718 3132 3775 Eones
3174 3720 3401 3788 fugient,
3446 3735 3537 3776 res

1955 3821 2086 3864 sane
2106 3807 2373 3877 profundo
2398 3811 2611 3881 gurgite
2640 3825 2706 3865 ac
2732 3811 2949 3867 silentio
2984 3812 3193 3881 dignas.
3246 3813 3537 3869 Marcionis

1952 3915 2166 3971 quoque
2208 3899 2498 3956 conﬂatum
2542 3918 2612 3957 ex
2657 3903 2939 3960 elementis
2983 3912 3038 3958 et
3079 3905 3321 3960 numeris
3367 3903 3537 3959 Deum

265 3989 438 4053 νείαν,
470 3991 568 4044 καὶ
603 3991 702 4064 τὴν
737 3994 795 4046 ὲν
829 3994 1037 4065 ῥήμασι
1095 3989 1445 4062 καθαρότητα
1478 4005 1493 4018 ·
1551 3987 1845 4042 Σαϐελλίου

1959 3991 2192 4061 fugient;
2242 3991 2478 4048 Montani
2523 4009 2747 4064 pravum
2780 4004 2836 4051 et
2874 3996 3194 4052 muliebrem
3247 3995 3535 4065 spiritum;

264 4080 366 4151 τὴν
419 4082 678 4137 ἀνάλυσιν
732 4085 831 4137 καὶ
886 4084 986 4154 τὴν
1041 4083 1304 4153 σύγχυσιν
1334 4124 1349 4149 ,
1399 4082 1495 4136 καὶ
1553 4079 1653 4152 τὴν
1692 4120 1708 4146 ,
1776 4079 1843 4132 ἵν’

265 4174 442 4238 οὕτως
475 4176 638 4242 εἴπω,
674 4177 995 4238 κατάποσιν.
1033 4176 1103 4230 τά
1138 4173 1268 4247 τρία
1309 4174 1389 4238 είς
1421 4173 1481 4226 ἓν
1528 4171 1848 4243 συναιροῦν-

266 4285 361 4333 τος
386 4267 520 4341 (26),
535 4270 648 4324 ἀλλ’
673 4272 775 4324 οὐκ
797 4273 854 4325 ὲν
874 4271 1054 4345 τρισὶν
1081 4269 1354 4339 ὑφεστῶσι
1385 4269 1448 4322 τὸ
1470 4268 1528 4321 ἓν
1551 4266 1849 4339 ὁρίζοντοςο

282 4363 498 4437 Ἀρείου
548 4364 645 4417 καὶ
674 4363 783 4416 τῶν
829 4363 923 4418 ὑπ’
974 4362 1170 4435 Ἀρείῳ
1196 4361 1295 4433 τὴν
1314 4360 1425 4415 τῶν
1457 4358 1673 4430 φύσεων
1697 4358 1851 4413 ἀλλο-

1955 4083 2126 4140 Ilanis
2170 4100 2275 4139 una
2328 4099 2450 4139 cum
2490 4087 2731 4141 tenebris
2782 4087 3097 4153 materiam;
3145 4087 3336 4143 Novati
3380 4101 3539 4142 arro-

1956 4175 2216 4243 gantiam,
2264 4184 2317 4231 et
2376 4177 2535 4232 sitam
2580 4177 2635 4232 in
2686 4178 2869 4234 verbis
2930 4178 3256 4248 puritatem;
3316 4178 3539 4234 Sabellli

1960 4266 2347 4323 resolutionem
2371 4278 2427 4323 et
2451 4268 2828 4325 confusionem
2854 4309 2870 4336 ,
2915 4281 3100 4339 atque,
3129 4279 3188 4325 ut
3216 4269 3292 4325 ita
3323 4269 3539 4342 loquar,

1958 4361 2385 4433 absorptionem,
2416 4370 2527 4417 tres
2554 4377 2812 4431 personas
2840 4364 2893 4419 in
2941 4378 3103 4419 unam
3143 4365 3539 4428 contrahentis,

345 4547 395 4586 “
425 4546 626 4606 Jerem.
666 4563 797 4612 un,
832 4547 921 4602 Η.
998 4543 1044 4577 ⁵⁸
1064 4543 1220 4601 Joan.
1253 4558 1309 4610 ι,
1346 4543 1434 4599 II.
1508 4542 1556 4575 “
1593 4541 1725 4599 ibid.
1756 4543 1845 4601 14.

1953 4546 1965 4577 ⁷
1996 4545 2128 4601 ibid.
2152 4544 2243 4599 27.
2318 4544 2365 4577 ⁴⁸
2395 4544 2527 4601 ibid.
2562 4546 2616 4600 5.
2696 4545 2740 4577 δ’
2778 4544 2923 4603 Psal.
2961 4562 3096 4614 XXII,
3121 4546 3178 4604 2.

343 4724 461 4869 (I6;
482 4729 957 4806 Προσεύχεσθαι.
1004 4730 1117 4784 Duo
1139 4728 1333 4801 Regg.,
1360 4726 1636 4799 εὔχεσθαι.
1810 4796 1821 4809 ⁸

371 4798 433 4852 l7
516 4800 823 4867 Οὐρανων.
893 4801 1029 4869 Reg.
1091 4800 1146 4866 b,
1208 4800 1497 4869 οὐρανίων,
1562 4816 1582 4850 ι
1613 4798 1821 4853 σαιιοειι

516 4798 823 4867 Οὐρανῶν.
893 4801 1029 4871 Reg.
1091 4800 1146 4866 b,
1208 4798 1497 4871 οὐρανίων,
1562 4816 1582 4850 ι
1613 4798 1858 4853 caelesti-

266 4869 458 5009 ιωῗίίῖ)
500 4939 626 4993 Ἐπί
664 4939 967 5011 κρημνῶν.
1003 4939 1138 4995 Tres
1167 4938 1600 5011 Rege-.a'iique'
1624 4936 1861 5007 ὲπίκρη-

271 5024 428 5079 “NOV:

268 5038 460 5215 :3?)
498 5078 798 5145 Ἐδίδαξα·
848 5078 942 5137 Sic
992 5079 1153 5136 codd.
1201 5038 1548 5136 Mendose‘in
1597 5078 1711 5144 ed.,
1755 5076 1866 5131 ἐδί-

346 5218 468 5303 (ἳθ)
491 5221 1057 5303 Σγμμορφούιιενος.
1107 5219 1243 5291 Reg.
1282 5221 1339 5286 b,
1406 5216 1859 5292 συμμορφιζόμε-

267 5304 388 5360 νος,
418 5290 475 5360 et
498 5290 565 5344 ad
598 5305 770 5360 marg.
796 5290 861 5346 ut
884 5293 938 5346 in
969 5295 1057 5347 ed.

344 5358 460 5431 (21)
485 5358 819 5431 Παύσοιὶαι.
853 5361 949 5417 0r.
986 5362 1037 5424 Ι,
1062 5360 1328 5431 παύομαι.

344 5430 461 5504 (22)
509 5431 949 5504 ᾏκολουθοῦσι,
991 5432 1163 5504 OrJ,
1203 5430 1649 5504 ἀκολουθήσουσι.

345 5501 462 5576 (23)
507 5502 870 5576 Ἀλλοτρίας.
928 5503 988 5576 In
1038 5503 1196 5576 editis
1234 5500 1482 5576 sequitur
1505 5500 1684 5571 ἄλλον,
1718 5504 1859 5576 quod

266 5572 542 5628 erasimus
566 5574 891 5627 auctoritate
920 5573 1272 5641 plurimorum
1300 5572 1571 5630 Codicum.
1612 5583 1617 5589 ‘

598 5664 870 5728 Panos.
901 5664 1019 5727 Gn.
1058 5665 1356 5729 XXXVI.

2030 4729 2156 4807 (Ἃ).
2178 4730 2541 4807 Θήῃ-ἄλλον.
2588 4730 2679 4807 Sic
2720 4737 2826 4807 duo
2856 4736 3049 4807 Regg.,
3085 4738 3298 4800 Comb.,
3325 4748 3431 4792 etc.
3487 4753 3542 4795 III

1964 4798 2205 4875 ed.,_0t‘ax
2236 4798 2646 4875 dikou.__Sectio
2694 4804 2855 4860 unius
2888 4798 3099 4872 invi-luo,
3132 4798 3293 4875 quam
3327 4808 3416 4863 hic
3444 4809 3541 4867 Va-

1965 4870 2172 4946 lentino
2193 4870 2383 4946 tribuit
2416 4871 2733 4946 gregarius,
2762 4876 2955 4946 dogma
2995 4870 3097 4931 fuit
3122 4870 3431 4933 Marcionis.
3467 4880 3543 4934 De

1965 4939 2243 5013 Yalentini
2266 4938 2559 5006 Eonibus',
2592 4938 2863 5013 blegenda'
2895 4948 3207 5002 dissertatio
3240 4948 3543 5004 novissimae

1969 5009 2030 5084 S.
2053 5010 2257 5084 Irenaai
2287 5026 2509 5084 operum
2541 5009 2770 5084 editioni,
2792 5019 3010 5084 praevia.
3053 5016 3321 5072 Caeterum
3348 5017 3535 5073 Valen-

1967 5080 2066 5135 tini
2099 5090 2154 5135 et
2192 5083 2418 5136 aliorum
2467 5082 2718 5153 dogmata
2751 5080 2949 5155 Epiph.
3002 5098 3059 5142 et
3099 5090 3238 5158 Aug.
3285 5099 3541 5146 accurate

2338 5223 2408 5277 ἐκ
2437 5223 2775 5307 στοιχείων,
2813 5233 2977 5307 etc._r
3000 5225 3301 5307 Conflatum
3344 5244 3411 5285 ex
3434 5228 3544 5284 ele-

1958 5294 2155 5364 mentis
2205 5299 2269 5364 _ct
2312 5295 2555 5364 numeris
2615 5294 2805 5348 Deum.
2837 5314 2857 5347 ι
2923 5297 3178 5352 Errorem
3228 5300 3396 5364 hunc,
3442 5315 3546 5353 non

1956 5359 2243 5441 Marcioni,
2304 5363 2402 5419 sed
2454 5364 2638 5420 Marco
2669 5365 2915 5422 tribuunt
2956 5367 3191 5423 Irenasus
3215 5379 3272 5424 et
3312 5359 3547 5441 Epipha~

2029 5500 2143 5582 (.26)
2173 5503 2279 5582 Εἰς
2313 5500 2384 5557 ἓν
2402 5506 2867 5582 ρὐγαιροῦνςτος.
2900 5505 3129 5582 Sic_tres
3173 5509 3367 5582 Regg.,
3403 5510 3548 5568 0r.I

1958 5581 2016 5630 et
2038 5573 2227 5629 Comb.
2265 5575 2322 5628 In
2352 5574 2463 5644 ed.,
2497 5573 2876 5649 συναιροῦντος
2896 5579 2976 5641 εἰς
3006 5578 3083 5633 ἓν.

3148 5672 3189 5749 8
