3910 6214
243 144 353 203 235

917 145 1178 204 ORATIO
1215 147 1455 204 XXXIII.
1498 178 1566 188 —
1604 144 1882 203 CONTRA
1923 141 2230 198 ARIANOS
2267 140 2357 196 ET
2397 139 2485 195 DE
2525 137 2781 195 SEIPSO.

3383 136 3492 191 23L

243 266 410 338 ἡμεῖς
437 265 700 335 ἀγγέλους
720 283 732 299 ·
766 259 911 323 οὗτοι
931 268 1152 341 θράσος,
1173 270 1358 324 πίστιν
1385 271 1574 342 ἡμεῖς·
1598 263 1821 322 οὐτοιτὸ

1941 264 2068 319 icio.
2104 261 2170 318 Hi
2208 261 2433 332 populos
2465 260 2690 326 habent,
2727 272 2829 316 nos
2859 255 3118 326 angelos;
3181 254 3236 308 lti
3264 253 3490 308 temeri-

244 355 508 421 ἀπειλεῖν,
525 358 686 429 ἡμεῖς
702 358 766 412 τὸ
781 359 1176 430 προσεύχεσθαι
1194 359 1242 432 (I
1252 360 1330 431 6)°
1344 352 1490 414 οῦτοι
1506 361 1568 413 τὸ
1586 357 1821 430 βάλλειν,

244 450 409 519 ἡμεῖς
440 447 503 500 τὸ
539 448 727 519 φέρειν
751 465 764 479 ·
796 444 943 504 οὗτοι
981 450 1182 522 χρυσὸν
1228 451 1324 504 καὶ
1351 451 1610 523 ἄργυρον,
1662 449 1824 519 ἡμεῖς

244 539 403 615 λόγον
425 540 857 612 κεκαθαρμένον.
904 542 1196 613 Ἐποίησας
1226 541 1437 612 σεαυτῷ
1460 540 1704 612 διώροφα
1730 541 1824 594 καὶ

244 630 528 704 τριώροφα
568 632 777 702 (γνῶθι
816 633 886 687 τὰ
932 635 1152 706 ῥήματα
1195 635 1297 706 τῆς
1345 634 1623 707 Γραφῆς),
1675 630 1824 688 οἶκον

248 725 520 797 ριπιστὸν,
567 725 950 796 διεσταλμένον
983 726 1234 799 θυρίσιν;
1280 727 1395 782 ἀλλ’
1441 725 1595 780 οὔπω
1652 725 1825 781 ταῦτα

244 815 345 884 τῆς
369 813 509 885 ἐμῆς
551 814 787 879 πίστεως
825 814 1154 888 ὑψηλότερα,
1189 818 1285 870 καὶ
1311 814 1421 870 τῶν
1443 815 1692 889 οὐρανῶν
1712 815 1825 887 (17)

245 907 384 978 πρὸς
414 906 509 972 οὒς
525 908 782 979 φέρομαι.
808 909 1020 980 Μικρόν
1048 927 1137 981 μοι
1157 910 1219 964 τὸ
1240 909 1523 980 ποίμνιον;
1568 906 1707 961 Ἀλλ’
1723 907 1826 987 οὐκ

243 1000 340 1052 ἐπὶ
355 999 617 1071 κρημνῶν
634 1000 744 1071 (18)
763 1001 1082 1072 φερόμενον.
1103 1002 1269 1071 Στενή
1287 1002 1427 1073 μοιὴ
1448 998 1827 1072 μάνδρα,πλὴν

244 1088 433 1152 λύκοις
451 1089 794 1154 ἀνεπίϐατος,
809 1089 948 1162 πλὴν
963 1090 1024 1143 οὐ
1045 1089 1459 1163 παραδεχομὲνη
1477 1086 1828 1162 λῃστὴν,οὐδὲ

245 1181 690 1253 ὑπερϐαινομένη
707 1181 969 1247 κλέπταις
988 1183 1083 1236 καὶ
1112 1180 1302 1248 ξένοις.
1327 1181 1568 1253 Ὄψομαι
1599 1180 1824 1253 ταύτην,

243 1270 305 1327 εὖ
341 1269 459 1327 οἶδα
484 1314 500 1338 ,
535 1273 631 1326 καὶ
662 1272 1026 1346 πλατυτέραν.
1068 1273 1305 1337 Πολλοὺς
1348 1273 1457 1327 τῶν
1502 1272 1597 1326 νῦν
1625 1272 1825 1337 λύκων,

244 1368 305 1418 ὲν
329 1364 623 1436 προϐάτοις
660 1363 965 1436 ἀριθμῆσαι
1003 1382 1070 1437 με
1104 1365 1204 1427 δεῖ,
1238 1365 1400 1436 τυχὸν
1428 1364 1524 1418 καὶ
1549 1363 1825 1433 ποιμέσιν.

246 1454 419 1509 Τοῦτο
450 1452 860 1524 εὐαγγελίζεταί
896 1474 986 1527 μοι
1040 1459 1069 1510 ὀ
1102 1457 1306 1527 ποιμὴν
1353 1458 1382 1510 ὁ
1418 1455 1607 1520 καλὸς,
1648 1456 1719 1509 δι’
1769 1455 1829 1510 ὃν

245 1546 358 1616 ἐγὼ
382 1547 571 1619 τίθημι
607 1547 705 1618 τὴν
742 1547 919 1618 ψυχὴν
944 1547 1088 1620 ὑπὲρ
1134 1547 1244 1601 τῶν
1272 1547 1580 1619 προϐάτων.
1625 1548 1701 1601 ῦύ
1736 1564 1830 1616 φο-

1924 364 2090 410 tatem
2117 363 2174 409 et
2206 353 2509 417 audaciam,
2550 367 2651 408 nos
2676 352 2833 408 fidem
2859 366 2877 417 ;
2905 349 2962 404 hi
2999 347 3205 410 minas,
3239 358 3339 400 nos
3367 357 3493 397 ora—

1927 447 2136 514 tiones;
2170 447 2225 501 hi
2259 446 2400 516 quod
2455 444 2798 516 percutiunt,
2833 457 2932 497 nos
2969 440 3113 511 quod
3140 437 3407 502 ferimus;
3436 434 3494 490 lti

1925 552 2113 592 aurum
2158 546 2214 592 et
2265 547 2578 606 argentum,
2620 551 2718 593 nos
2769 540 3116 604 repurgatam
3169 527 3491 584 doctrinam.

1924 628 2123 684 Fecisti
2182 628 2280 683 tibi
2342 627 2586 698 duplices
2641 636 2696 683 et
2767 625 3010 694 triplices
3062 618 3497 690 contignationes

1928 720 2194 791 (agnosce
2246 718 2538 791 Scriptura:
2583 719 2812 790 verba),
2868 719 3086 773 domum
3136 708 3494 784 perﬂatilem,

1928 812 2181 868 fenestris
2213 812 2526 869 distinctam
2554 811 2642 864 “‘2
2683 813 2752 866 At
2788 812 2905 866 haec
2947 807 3183 863 nondum
3233 802 3340 858 fide
3376 813 3498 855 mea

1930 905 2240 959 sublimiora
2264 914 2417 972 sunt,
2446 920 2545 961 nec
2565 904 2740 969 caelis,
2778 904 2845 958 ad
2877 916 3014 972 quos
3043 898 3224 954 tendo.
3259 894 3331 950 At
3367 891 3499 947 mihi

1928 1014 2061 1072 grex
2112 999 2376 1071 exiguus?
2425 1001 2531 1055 Sed
2579 1002 2631 1053 in
2683 997 2979 1067 praecipitia
3027 1008 3135 1048 non
3179 990 3370 1045 fertur.
3431 984 3503 1038 At

1930 1100 2155 1160 anguSIa
2187 1090 2316 1145 mihi
2348 1088 2543 1144 caula?
2573 1088 2680 1143 Sed
2703 1102 2825 1158 qua:
2862 1087 3003 1157 lupis
3034 1099 3142 1139 non
3175 1087 3378 1152 pateat,
3405 1077 3501 1132 sed

1930 1196 2050 1251 qua:
2075 1180 2341 1235 latronem
2372 1195 2480 1235 non
2505 1179 2777 1245 admittat,
2805 1191 2905 1233 nec
2932 1193 2961 1231 a
2993 1174 3228 1238 furibus,
3259 1181 3315 1224 et
3349 1177 3502 1222 exte-

1931 1272 2007 1325 ris
2032 1271 2461 1326 transcendatur.
2509 1270 2667 1331 Eam,
2710 1268 2934 1337 “pulchre
2954 1265 3089 1330 scio,
3112 1275 3230 1317 eam
3254 1258 3501 1313 latiorem

1931 1362 2161 1417 videbo:
2207 1364 2407 1418 multos
2433 1362 2579 1418 enim
2609 1376 2675 1416 ex
2710 1361 2814 1428 his,
2847 1358 2940 1429 qui
2981 1370 3124 1411 nunc
3162 1353 3218 1407 in
3253 1350 3501 1416 luporum

1935 1470 2160 1511 ntnnero
2203 1465 2352 1521 sunt,
2402 1456 2545 1510 inter
2570 1469 2720 1519 oves,
2775 1467 2840 1508 ac
2885 1451 3118 1505 fortasse
3149 1447 3312 1501 etiam
3362 1442 3504 1495 inter

1936 1558 2202 1615 pastores,
2234 1547 2594 1603 recensendos
2620 1547 2813 1601 habeo.
2859 1542 2973 1598 Hoc
2998 1540 3127 1595 mihi
3162 1537 3336 1591 fauste
3361 1548 3505 1587 nun-

248 1638 451 1710 6οῦμαι
480 1638 541 1692 τὸ
586 1638 780 1710 μικρὸν
807 1640 1078 1711 ποίμνιον,
1109 1639 1442 1693 εὐσύνοπτον
1466 1638 1575 1710 γάρ
1598 1658 1611 1670 ⁸
1641 1641 1724 1693 ὅτι
1751 1655 1830 1706 γι-

1941 1638 2033 1691 tiat
2063 1637 2256 1693 Pastor
2279 1638 2367 1693 ille
2389 1640 2582 1702 bonus,
2608 1641 2680 1693 ob
2715 1650 2875 1707 quem
2918 1649 3018 1705 ego
3059 1631 3295 1703 animam
3328 1637 3505 1679 meam

247 1730 444 1783 νὼσκω
499 1729 568 1783 τὰ
608 1729 753 1801 ὲμά,
802 1732 896 1784 καὶ
944 1730 1286 1802 γινώσκομαι
1342 1732 1450 1786 ὐπὸ
1502 1730 1612 1784 τῶν
1656 1729 1826 1802 ἐμῶν.

245 1820 487 1875 Τοιαῦτα
523 1820 589 1874 τὰ
611 1820 744 1875 Θεὸν
772 1821 1133 1892 γινώσκοντα,
1163 1823 1260 1877 καὶ
1292 1822 1411 1894 Θεῷ
1426 1823 1827 1894 γινωσκόμενα.

253 1912 330 1967 Τὰ
366 1914 633 1981 πρόϐατα
670 1913 743 1969 τὰ
784 1913 898 1985 ἐμὰ
924 1914 1037 1984 τῆς
1087 1914 1298 1984 φωνῆς
1343 1932 1463 1986 μου
1498 1916 1725 1983 ἀκούει,
1763 1909 1832 1987 ἦς

246 2006 458 2078 ηκουσα
486 2007 637 2078 παρά
668 2006 777 2060 τῶν
811 2004 975 2061 θείων
997 2007 1219 2076 λογίων,
1253 2008 1322 2079 ἢν
1348 2007 1635 2080 ἐδιδάχθην
1681 2008 1833 2079 παρά

246 2098 354 2151 τῶν
407 2098 580 2166 ἁγίων
624 2096 905 2169 Πατέρων,
950 2099 1018 2170 ἢν
1064 2097 1280 2164 ἐδίδαξα
1322 2098 1435 2171 (I9)
1470 2099 1613 2153 κατά
1646 2099 1827 2153 πάντα

247 2189 438 2261 καιρὸν
460 2189 682 2259 ὁμοίως,
709 2190 772 2243 οὐ
795 2205 859 2243 συ
868 2189 1286 2262 μμορφούμενος
1304 2190 1419 2262 (20)
1443 2194 1558 2256 τοῖς
1592 2195 1825 2263 καιροῖς,

248 2282 345 2335 καὶ
375 2280 642 2337 διδάσκων
670 2282 734 2336 οὐ
785 2283 1070 2354 παύσομαι
1102 2281 1241 2355 (21),
1274 2282 1395 2354 μεθ’
1416 2277 1485 2354 ἧς
1510 2284 1828 2356 ἐγεννήθην,

246 2372 344 2426 καὶ
368 2366 403 2446 ᾖ
438 2373 873 2445 συναπέρχομαι.

1932 1744 2032 1798 pro
2051 1728 2241 1784 ovibus
2269 1744 2415 1799 pono
2437 1731 2506 1784 “.
2542 1729 2779 1799 Exiguus
2796 1741 2927 1797 grex
2955 1726 3205 1780 timorem
3233 1718 3364 1774 mihi
3392 1730 3503 1771 non

1934 1819 2132 1890 injicit,
2182 1831 2368 1891 utpote
2419 1821 2580 1877 facile
2638 1820 2997 1889 conspicuus;
3068 1812 3324 1885 quoniam
3377 1821 3504 1864 oves

1934 1927 2085 1968 meas
2132 1927 2424 1983 cognosco,
2473 1920 2528 1969 et
2565 1927 2596 1966 a
2641 1913 2779 1967 meis
2807 1907 3044 1964 vicissim
3098 1915 3392 1974 cognoscor
3436 1899 3504 1954 “.

1935 2007 2095 2064 Tales
2156 2018 2303 2075 sunt,
2355 2023 2476 2079 quae
2540 2008 2706 2062 Deum
2766 2010 3138 2073 cognoscunt,
3203 2005 3257 2053 et
3309 2010 3342 2050 a
3396 1994 3505 2049 Deo

1931 2109 2352 2171 cognoscuntur.
2399 2096 2532 2154 Oves
2581 2113 2711 2153 mete
2758 2112 2931 2151 vocem
2976 2107 3146 2148 meum
3181 2090 3406 2146 audiunt
3440 2085 3505 2139 δ”.

1930 2209 2093 2264 quam
2123 2209 2156 2248 a
2185 2193 2385 2249 divinis
2401 2191 2640 2248 oraculis
2661 2190 2865 2257 audivi,
2887 2186 3055 2260 614
3069 2199 3231 2256 quam
3255 2197 3288 2237 a
3308 2179 3504 2237 sanctis

1931 2285 2182 2342 Patrihus
2236 2286 2425 2349 didici,
2481 2298 2644 2354 quam
2699 2297 2795 2352 per
2851 2293 3067 2334 omnem
3115 2277 3241 2332 vitae
3290 2287 3505 2329 cursum

1932 2379 2121 2435 eodem
2148 2378 2309 2434 modo
2337 2379 2497 2434 docui
2531 2380 2911 2446 (nequaquam
2946 2386 3044 2440 pro
3068 2379 3311 2437 tempore
3348 2367 3506 2423 aliam

246 2475 413 2533 atque
458 2464 619 2519 aliam
653 2465 883 2519 subinde
936 2462 1163 2521 formam
1209 2465 1549 2537 assumens),
1586 2482 1686 2520 nec
1729 2482 1963 2537 unquam
2002 2469 2197 2525 docere
2220 2470 2489 2535 desinam,
2545 2480 2671 2522 cum
2741 2478 2847 2533 qua
2908 2470 3066 2515 Italus
3104 2474 3247 2522 sum.
3279 2467 3336 2514 ει
3389 2471 3506 2514 cum

246 2571 354 2626 qua
378 2557 505 2613 hinc
526 2559 827 2614 discedam.

325 2649 445 2714 ις’.
477 2646 662 2703 Ταῦτα
690 2648 842 2703 καλῶ
867 2648 991 2701 κατ’
1020 2646 1191 2717 ὄνομα
1222 2644 1346 2716 (οὐκ
1390 2643 1652 2715 ἀνώνυμα
1696 2644 1827 2716 γὰρ,

2000 2640 2141 2697 XVI.
2199 2641 2305 2696 Eas
2364 2640 2682 2695 nominatim
2733 2655 2867 2697 voco
2916 2642 3053 2711 (nec
3093 2641 3239 2695 enim
3297 2639 3516 2695 nomine

253 2736 445 2809 ὥςπερ
468 2738 591 2791 οὐδὲ
621 2738 851 2811 ἀστέρες
905 2736 1301 2810 ἀριθμούμενοι
1349 2736 1444 2789 καὶ⁹
1501 2734 1837 2808 ὀνομαζόμε-

250 2832 389 2902 νοι),
418 2831 513 2885 καὶ
539 2830 891 2885 ἀκολουθοῦσι
940 2848 1051 2901 μοι,
1086 2829 1337 2901 ὲκτρέφω
1363 2827 1474 2900 γὰρ
1514 2829 1608 2883 ἐπὶ
1640 2828 1836 2894 ὓδατος

248 2919 609 2985 ἀναπαύσεως
628 2937 642 2950 ⁸
674 2919 1025 2975 ἀκολουθοῦσι
1061 2920 1172 2991 (22)
1205 2919 1263 2973 δὲ
1293 2920 1389 2974 καὶ
1410 2920 1572 2973 παντὶ
1606 2918 1837 2991 τοιούτῳ

250 3013 489 3085 ποιμένι,
523 3006 583 3067 οὗ
616 3012 713 3085 τὴν
740 3013 922 3084 φωνὴν
952 3014 1136 3084 ὁρᾶτε,
1173 3013 1323 3076 ὅπως
1343 3012 1515 3083 ἡδέως
1546 3013 1790 3082 ἥκουσαν
1817 3029 1832 3046 ο

250 3104 517 3175 ἀλλοτρίῳ
543 3104 600 3157 δὲ
652 3105 714 3157 οὐ
766 3105 840 3176 μὴ
892 3101 1359 3174 ἀκολουθήσωσιν,
1385 3102 1522 3157 ἀλλά
1550 3102 1836 3172 φεύξονται

250 3193 346 3247 ἀπ’
375 3191 562 3258 αὐτοῦ,
587 3193 671 3247 ὅτι
698 3193 1095 3264 διαγνωστικὴν
1131 3192 1245 3259 ἕξιν
1270 3192 1488 3264 ἔχουσιν
1520 3192 1621 3264 ήδη
1650 3192 1837 3262 φωνῆς

249 3285 460 3350 οἰκείας
511 3286 606 3339 καὶ
649 3285 938 3357 ἀλλοτρίας
969 3286 1110 3358 (25).
1139 3285 1432 3351 Φεύξονται
1480 3284 1836 3339 Οὐαλεντίνου

250 3378 351 3449 τὴν
376 3378 471 3431 τοῦ
497 3379 616 3442 ἑνὸς
661 3380 742 3443 είς
770 3379 865 3432 δύο
901 3378 1241 3449 κατατομήν,
1274 3379 1376 3431 οὐκ
1413 3377 1572 3432 ἀλλον
1600 3376 1712 3449 (24)
1739 3376 1836 3430 τοῦ

252 3469 463 3540 ἀγαθοῦ
521 3471 612 3525 τὸν
651 3471 993 3543 Δημιουργδν
1028 3470 1399 3535 πιστεύοντες,
1466 3471 1560 3523 καὶ
1598 3469 1690 3522 τὸν
1733 3468 1840 3521 Βυ-

254 3559 368 3626 θδν,
399 3561 495 3615 καὶ
521 3559 619 3633 τὴν
653 3561 838 3634 Σιγὴν,
886 3561 981 3616 καὶ
1011 3563 1138 3624 τοὺς
1174 3559 1436 3631 μυθικοὺς
1482 3558 1717 3622 Αίῶνας,
1769 3557 1838 3611 τὰ

256 3651 423 3724 βυθοῦ
464 3653 559 3707 καὶ
608 3655 768 3724 σιγῆς
797 3654 947 3717 ὄντος
989 3653 1133 3719 ἄξια.
1180 3651 1472 3719 Φεύξονται
1514 3649 1837 3720 Μαρκίωνος

251 3742 348 3796 τὸν
367 3745 435 3797 ὲκ
463 3745 742 3816 στοιχείων
776 3744 888 3816 (25)
918 3744 1013 3798 καὶ
1051 3742 1304 3815 ἀριθμῶν
1339 3742 1471 3796 Θεόν
1491 3757 1506 3772 ο
1562 3739 1837 3795 Μοντανοῦ

252 3834 317 3887 τὸ
365 3835 601 3906 πονηρὸν
653 3835 871 3908 πνεῦμα
923 3836 1020 3890 καὶ
1064 3835 1372 3904 γυναικεῖον
1415 3849 1428 3862 ·
1476 3830 1660 3887 Μάνου
1736 3829 1839 3902 τὴν

255 3922 391 3996 ὓλην
461 3927 598 3997 μετά
659 3926 755 3982 τοῦ
829 3926 1054 3991 σκότους
1080 3941 1094 3955 ⁸
1160 3925 1412 3980 Ναυάτου
1475 3924 1583 3995 τὴν
1639 3921 1838 3985 ἀλαζο-

1935 2744 2143 2805 carent,
2198 2734 2654 2806 quemadmodum
2703 2749 2806 2790 nec
2856 2734 3062 2798 sidera,
3109 2748 3231 2803 quae
3289 2746 3518 2787 numero

1935 2828 2487 2898 comprehenduntur,
2538 2841 2603 2882 ac
2648 2840 2749 2882 suo
2796 2840 3025 2897 quaeque
3061 2826 3282 2880 nomine
3328 2825 3517 2897 appel—

1937 2920 2117 2976 lantur
2146 2920 2246 2992 ⁸⁸),
2283 2930 2339 2975 et
2377 2934 2465 2974 me
2509 2929 2836 2990 sequuntur,
2887 2929 3073 2988 utpote
3121 2935 3152 2974 a
3199 2934 3307 2989 quo
3358 2933 3518 2989 super

1936 3025 2131 3080 aquam
2183 3008 2496 3065 refectionis
2560 3008 2860 3064 educantur
2913 3006 2958 3042 “
2996 3009 3290 3078 :quemvis
3354 3009 3520 3063 etiam

1938 3103 2103 3157 alium
2157 3101 2395 3157 similem
2441 3110 2716 3170 pastorem
2769 3108 3092 3170 sequuntur,
3131 3101 3286 3170 cujus
3331 3115 3519 3156 vocem

1936 3205 2136 3267 quanta
2179 3208 2301 3249 cum
2347 3193 2621 3265 voluptate
2652 3194 2978 3257 audiverint,
3013 3193 3247 3249 videtis:
3285 3192 3519 3248 alienum

1937 3294 2118 3341 autem
2161 3286 2387 3342 minime
2430 3294 2748 3356 sequentur,
2786 3299 2972 3339 verum
3005 3285 3075 3339 ab
3118 3299 3185 3339 eo
3217 3282 3520 3355 diﬂugient,

1938 3378 2370 3449 quandoquidem
2395 3379 2462 3434 ad
2499 3392 2621 3434 eum
2646 3379 2757 3448 jam
2780 3378 3020 3434 habitum
3051 3386 3431 3447 pervenerunt,
3459 3384 3520 3432 ut

1938 3467 2257 3541 familiarem
2290 3482 2479 3522 vocem
2503 3470 2572 3524 ab
2603 3468 2779 3525 aliena
2816 3471 3208 3524 internoscant.
3246 3468 3517 3523 Valentini

1939 3560 2098 3616 unius
2126 3560 2179 3614 in
2213 3560 2321 3615 duo
2361 3560 2657 3615 sectionem
2707 3559 2932 3631 fugient,
2969 3575 3150 3616 rerum
3196 3560 3445 3632 opificem
3490 3576 3521 3615 ι

1937 3651 2082 3708 bono
2129 3651 2403 3707 diversum
2463 3652 2689 3708 minime
2746 3667 2868 3709 esse
2925 3655 3255 3721 credentes;
3286 3654 3521 3725 Bytbum

1940 3742 2160 3814 insuper
2195 3753 2249 3798 et
2277 3742 2462 3815 Sigen,
2510 3754 2568 3800 et
2594 3744 2872 3801 fabulosus
2916 3745 3118 3802 Eones
3161 3746 3388 3814 fugient,
3433 3761 3524 3802 res

1941 3847 2073 3891 sane
2093 3834 2360 3903 profundo
2385 3837 2598 3908 gurgite
2627 3852 2692 3891 ac
2720 3837 2936 3894 silentio
2971 3839 3180 3907 dignas.
3234 3840 3524 3895 Marcionis

1939 3941 2153 3998 quoque
2195 3926 2485 3983 conﬂatum
2529 3944 2599 3984 ex
2643 3929 2926 3986 elementis
2970 3939 3025 3985 et
3066 3932 3308 3986 numeris
3354 3930 3524 3985 Deum

253 4017 426 4081 νείαν,
459 4018 556 4071 καὶ
591 4018 691 4090 τὴν
724 4020 783 4073 ὲν
816 4021 1025 4092 ῥήμασι
1083 4016 1432 4089 καθαρότητα
1466 4032 1481 4046 ’
1538 4014 1832 4068 Σαϐελλίου

1946 4018 2178 4088 fugient;
2230 4018 2465 4074 Montani
2509 4036 2734 4091 pravum
2768 4031 2823 4078 et
2861 4022 3181 4078 muliebrem
3234 4021 3522 4092 spiritum;

254 4106 354 4177 τὴν
407 4108 666 4164 ἀνάλυσιν
719 4111 818 4165 καὶ
873 4110 973 4181 τὴν
1028 4110 1291 4180 σύγχυσιν
1321 4151 1336 4176 ,
1387 4109 1482 4162 καὶ
1540 4106 1640 4178 τὴν
1679 4146 1695 4172 ,
1764 4105 1830 4159 ἶν’

255 4202 431 4266 οὕτως
463 4204 626 4268 εῑπω,
662 4205 982 4265 κατάποσιν.
1020 4203 1090 4257 τά
1126 4200 1255 4274 τρία
1297 4201 1377 4265 είς
1409 4199 1468 4253 ἒν
1515 4198 1835 4270 συναιροῦν-

256 4313 350 4360 τος
374 4295 635 4368 (26),ἀλλ’
661 4300 763 4351 οὐκ
784 4300 842 4352 ὲν
861 4299 1041 4371 τρισὶν
1069 4297 1340 4367 ὑφεστῶσι
1372 4296 1435 4349 τὸ
1457 4294 1515 4348 ἓν
1538 4293 1836 4365 ὁρίζοντοςο

270 4391 486 4464 Ἀρείου
537 4391 632 4444 καὶ
662 4390 771 4443 τῶν
816 4391 910 4445 ὑπ’
961 4389 1157 4462 Ἀρείῳ
1184 4387 1282 4461 τὴν
1301 4388 1413 4442 τῶν
1444 4385 1660 4457 φύσεων
1684 4385 1838 4440 ἀλλο-

1942 4110 2113 4166 Ilanis
2157 4127 2261 4165 una
2315 4126 2437 4166 cum
2477 4113 2718 4168 tenebris
2769 4114 3084 4179 materiam;
3132 4113 3324 4170 Novati
3367 4127 3526 4168 arro-

1943 4201 2203 4270 gantiam,
2251 4211 2305 4257 et
2364 4204 2522 4258 sitam
2567 4204 2622 4258 in
2672 4205 2856 4261 verbis
2917 4194 3242 4275 puritatem;
3303 4204 3526 4260 Sabellli

1947 4293 2334 4350 resolutionem
2358 4305 2413 4350 et
2438 4295 2815 4351 confusionem
2841 4335 2857 4362 ,
2902 4308 3087 4365 atque,
3116 4305 3175 4351 ut
3203 4295 3278 4351 ita
3310 4296 3527 4368 loquar,

1946 4388 2372 4459 absorptionem,
2402 4396 2515 4444 tres
2542 4403 2799 4458 personas
2828 4390 2880 4445 in
2928 4405 3091 4445 unam
3130 4392 3526 4455 contrahentis,

334 4574 383 4613 “
414 4573 614 4633 Jerem.
653 4591 784 4639 uti,
819 4574 909 4629 M.
985 4570 1207 4628 "Joan.
1241 4586 1296 4638 ι,
1333 4570 1421 4625 ll.
1496 4569 1543 4602 “
1580 4568 1713 4626 ibid.
1743 4570 1833 4628 M.
1906 4571 1953 4604 "
1984 4571 2116 4627 ibid.
2139 4571 2230 4626 27.
2306 4571 2352 4603 ⁸⁸
2383 4571 2514 4628 ibid.
2550 4572 2603 4626 5.
2682 4572 2728 4604 δ’
2765 4571 2911 4629 Psal.
2947 4589 3083 4640 xxtt,
3108 4572 3165 4630 2.

332 4750 944 4897 (I6)Hpoo'sﬁzea'6at.
991 4758 1105 4812 Duo
1127 4755 1321 4828 Regg.,
1348 4753 1623 4826 εὔχεσθαι.
1798 4823 1809 4836 ⁸

360 4826 422 4879 I7
505 4828 810 4894 Οὐρανων.
880 4828 1016 4897 Reg.
1079 4827 1134 4893 b,
1195 4826 1484 4897 οὐρανίων,
1551 4844 1569 4876 ι
1600 4826 1809 4880 οωιοειι

243 4844 270 4898 ’,
332 4826 448 4897 (Π)
505 4826 810 4894 Οὐρανῶνο
880 4828 1016 4898 Reg.
1079 4827 1134 4893 b,
1195 4826 1484 4898 οὐρανίων,
1551 4844 1569 4876 ι
1600 4826 1845 4880 caelesti-

256 4896 446 5037 bna-8D)
488 4965 615 5020 Ἐπὶ
652 4966 953 5037 κρτυινῶν,
989 4966 1126 5023 Tres
1154 4966 1346 5038 Regg.,
1366 4964 1587 5034 aliique,
1611 4963 1848 5034 ὲπίκρη-

261 5051 416 5106 Pw”:

258 5065 448 5242 Ξξῖἑ)
487 5106 786 5172 Ἐδίδαξα.
835 5105 929 5164 Sic
979 5106 1141 5163 codd.
1188 5065 1535 5163 Mendose‘in
1585 5105 1698 5171 ed.,
1742 5103 1854 5158 ιδι-

368 5193 425 5229 a.

335 5245 456 5331 (20)Δ
480 5248 1044 5331 Σγμμορςρούιιενος.
1095 5246 1230 5318 Reg.
1270 5248 1327 5313 b,
1394 5243 1846 5319 συμμορφιζόμε-

257 5331 375 5387 νος,
406 5326 464 5387 et
487 5317 553 5371 ad
586 5333 758 5387 marg.
784 5317 848 5373 ut
871 5320 925 5373 in
956 5322 1044 5374 ed.

334 5386 448 5457 (21)
473 5386 807 5457 Παύσομαι.
841 5387 936 5445 0r.
973 5390 1025 5450 1,
1050 5387 1316 5457 παύομαι.

333 5457 449 5531 (22)
497 5458 937 5531 Ἀκολουθοῦσι.
979 5459 1152 5531 Or.f,
1190 5457 1637 5531 ἀκολουθήσουσι.

335 5527 451 5603 (23)
495 5528 858 5603 Ἀλλοτρίας.
917 5530 975 5603 In
1026 5530 1183 5603 editis
1222 5527 1469 5603 sequitur
1493 5527 1673 5598 ἄλλον,
1705 5531 1846 5603 quod

256 5599 531 5655 erasimus
554 5601 879 5654 auctoritate
908 5600 1259 5667 plurimorum
1288 5599 1559 5657 codicum.
1599 5610 1605 5616 ‘

586 5691 858 5755 Panos.
888 5690 1007 5754 Gn.
1047 5692 1344 5757 XXXVI.

2018 4755 2528 4834 θωρῆξκρλλαν.
2575 4757 2666 4834 _Sic
2708 4763 2814 4834 duo
2844 4762 3036 4834 Regg.,
3072 4764 3285 4827 Comb.,
3313 4774 3418 4819 etc.
3474 4779 3529 4821 tn

1951 4825 2192 4901 βάς-οὐκ
2223 4825 2633 4901 άλλουεεεειὶο
2682 4830 2842 4886 ttnius
2874 4825 3086 4899 in'du'o,
3119 4825 3281 4901 quam
3314 4834 3404 4890 ltic
3431 4836 3528 4893 Va-

1952 4897 2160 4972 lentino
2181 4897 2371 4972 tribuit
2403 4897 2720 4972 tiregorjus,
2749 4901 2942 4972 dogma
2982 4897 3084 4958 fuit
3110 4897 3418 4960 Marcionis.
3455 4906 3530 4960 De

1951 4966 2229 5039 Yalentini
2254 4965 2547 5032 Eonibus‘,
2582 4965 2850 5039 glegenda'
2882 4974 3195 5028 dissertatio
3228 4976 3531 5031 novissimae

1957 5035 2017 5109 S.
2041 5036 2234 5109 Alrenaei
2274 5053 2497 5106 operum
2528 5035 2748 5093 editioni
2779 5045 2998 5109 praevia.
3040 5043 3309 5099 Caeterum
3336 5044 3523 5100 Valen-

1955 5106 2053 5162 tini
2087 5117 2142 5161 et
2179 5109 2405 5230 aiiorum
2454 5109 2705 5179 dogmata
2739 5106 2937 5182 Epiph.
2990 5125 3047 5168 et
3087 5115 3225 5185 Aug.
3273 5127 3528 5173 accurate

1954 5191 2205 5232 exnonun
2236 5217 2250 5230 .

2096 5193 2250 5232 IIUIII.

2037 5246 2128 5319 25)
2165 5246 2279 5301 Τὸν
2325 5248 2394 5304 ἐκ
2424 5249 2763 5318 στοιχείων,
2801 5259 2910 5307 etc.
2945 5271 2965 5304 ι
2988 5251 3289 5310 Conflatum
3332 5271 3399 5311 ex
3423 5255 3532 5310 ele-

1945 5318 2142 5390 mentis
2193 5325 2256 5390 et
2299 5321 2542 5390 numeris
2603 5320 2793 5374 Deum.
2825 5341 2844 5373 ι
2910 5323 3165 5378 Errorem
3215 5327 3384 5390 hunc,
3430 5342 3534 5380 non

1943 5386 2230 5513 :Iiigcloul,
2291 5389 2389 5445 sed
2441 5389 2625 5445 Marco
2656 5390 2902 5447 tribuunt
2942 5392 3178 5449 lrenaeus
3202 5404 3259 5450 et
3299 5386 3534 5467 Epipha-

2017 5526 2131 5608 (26)
2160 5529 2267 5608 Ek:
2300 5527 2854 5608 §r_0'vratpoﬁr:toq.
2887 5531 3116 5608 S_ie_tres
3160 5534 3354 5608 Regg.,
3390 5536 3483 5593 Or.
3510 5538 3535 5591 1

1945 5608 2003 5656 et
2026 5600 2216 5656 Comb.
2253 5602 2310 5655 In
2339 5600 2450 5670 ed.,
2484 5602 2864 5675 συναιροῦντος
2883 5605 2963 5667 είς
2993 5603 3070 5657 ἓν.

3135 5697 3177 5771 8
