3910 6214
445 223 550 283 ast
1685 222 1743 277 s.
1785 208 2120 280 GREGORII
2159 222 2508 282 THEOLOGI
3616 226 3716 283 232

446 356 671 401 necesse
707 347 854 399 esset
882 340 1197 406 amueretis,
1241 355 1340 397 nos
1371 348 1554 396 autem
1586 341 1873 412 utriusque
1912 343 2032 397 ino-

2149 345 2330 413 Κύριε,
2366 344 2455 414 μὴ
2495 342 2738 413 στήσῃς
2766 343 2974 412 αὐτοῖς
3006 342 3123 415 τὴν
3149 346 3444 416 ἁμαρτίαν
3480 345 3713 411 ταύτην,

447 439 536 507 pia
595 434 999 508 premeremur?
1053 435 1338 504 Quodnam
1389 434 1738 502 imperatoris
1791 434 2027 489 edictum

2149 434 2223 487 ια).
2254 434 2375 487 τότε
2410 429 2564 488 εἶπον
2594 434 2896 507 (ἐμνήσθην
2935 434 3046 508 γὰρ
3078 437 3137 492 ὲν
3164 436 3342 509 καιρῷ
3369 438 3479 490 τῶν
3510 435 3709 505 Στεφά-

451 535 818 596 contemptum
850 535 905 581 et
940 542 1038 597 pro
1064 525 1237 581 nihilo
1282 525 1528 580 habitum
1572 527 1791 582 acribus
1833 527 2032 581 animis

2149 541 2219 576 νου
2248 524 2551 594 ῥημάτων),
2582 524 2678 578 καὶ
2703 523 2797 579 νῦν
2822 525 3214 598 προσεύχομαι.
3273 526 3719 595 Δοιδερούμενοι

451 620 720 690 persecuti
783 619 1008 675 sumus?
1060 619 1208 686 Quos
1263 619 1547 687 prmfectos
1611 618 1667 673 in
1729 619 2026 688 perniciem

2149 608 2507 689 εὐλογοῦμεν
2521 635 2534 648 ·
2559 617 2904 688 διωκόμενοι
2947 620 3281 690 ἀνεχόμεθα
3298 637 3313 651 ·
3331 618 3717 688 ,ϐλασφημού-

453 722 694 767 vestram
730 711 1027 767 coluimus?
1062 711 1300 777 Quorum
1355 710 1637 765 audaciam
1687 712 2034 765 denuntiavi-

2149 727 2305 778 μενοι
2333 708 2802 778 παρακαλοῦμεν

454 808 611 861 mus?
638 809 710 861 At
746 817 1001 878 congesta
1029 808 1082 861 in
1112 822 1197 860 me
1222 807 1384 871 mala,
1413 815 1623 875 quotet
1645 807 1824 876 qualia
1849 806 2031 862 fuere?
2067 806 2201 861 Tum
2268 817 2446 860 autem
2514 805 2759 859 dicebam
2799 822 2812 857 :
2848 803 3089 868 Domine,
3130 819 3192 857 ne
3230 810 3435 856 statuas
3479 800 3586 854 illis
3627 800 3717 853 hoc

452 910 723 967 peccatum
769 899 848 965 ⁸⁷;
892 896 1053 965 (nam
1102 908 1403 967 opportune
1455 895 1716 967 Stephani
1770 899 1932 953 verba
1986 900 2040 953 in
2081 909 2314 952 mentem
2347 897 2681 964 venerunt);
2729 904 2784 950 et
2828 909 2970 949 nunc
3030 895 3170 948 idem
3235 908 3449 963 precor.
3485 891 3714 946 Maledi-

455 996 644 1060 cimur,
690 1004 739 1049 et
790 995 1140 1049 benedicimus
1175 1008 1193 1045 :
1225 992 1639 1062 persecutionem
1680 996 1932 1062 patimur,
1982 1004 2031 1048 et
2071 996 2389 1049 sustinemus
2421 1010 2439 1047 :
2469 992 2909 1061 blasphemamur,
2949 998 2999 1044 et
3030 987 3361 1041 obsecramus
3394 983 3454 1041 ³⁸,

527 1085 667 1142 XIV.
731 1086 884 1153 Quod
938 1085 985 1140 si
1029 1093 1317 1155 prepterea
1380 1085 1636 1154 iniuriam
1694 1083 1854 1149 facio,
1912 1085 2037 1153 quia

2206 1087 2302 1138 ΙΝ.
2345 1084 2408 1137 Εἰ
2433 1084 2509 1147 δὲ,
2538 1085 2619 1136 ὅτι
2650 1080 3082 1154 τυραννούμενος
3117 1076 3195 1146 (2)
3226 1076 3402 1147 φέρω,
3433 1073 3590 1128 τοῦτο
3615 1073 3722 1127 ἀδι-

458 1178 746 1251 tyrannide
782 1193 1022 1247 pressus,
1051 1192 1206 1244 aequo
1235 1179 1416 1231 animo
1446 1177 1496 1231 id
1533 1175 1669 1243 fero,
1727 1177 1866 1231 hanc
1895 1176 2037 1243 inju-

2149 1178 2237 1241 κῶ,
2265 1175 2564 1248 χαρίσασθὲ
2588 1192 2677 1247 μοι
2702 1174 2800 1244 τὴν
2824 1172 3037 1228 ἀδικίαν
3056 1169 3285 1240 ταύτην,
3312 1167 3407 1221 κα)⁵
3432 1167 3525 1219 ὑπ’
3547 1165 3719 1219 ἄλλων

457 1273 594 1327 riam
636 1270 768 1324 mihi
806 1269 963 1323 velim
999 1270 1354 1333 condonetis;
1411 1282 1534 1322 nam
1585 1269 1748 1323 etiam
1807 1268 1874 1323 ab
1923 1268 2041 1323 aliis

2149 1271 2343 1341 ήνεγκα
2381 1264 2840 1340 τυραννούμενος·
2874 1263 2970 1317 καὶ
3021 1262 3180 1333 χάρις
3221 1260 3320 1330 (5),
3350 1259 3433 1312 ὅτι
3475 1256 3572 1328 τὴν
3604 1258 3721 1309 ἑπι-

456 1364 741 1435 tyrannice
768 1372 1014 1427 vexatus,
1050 1361 1275 1430 patienti
1308 1360 1489 1415 animo
1540 1360 1592 1414 id
1630 1361 1747 1414 tuli.
1795 1359 1875 1414 Ac
1911 1375 2042 1414 Sane

2149 1363 2344 1416 είκειαν
2392 1359 2709 1430 ὲνεκλήθην,
2740 1357 2816 1421 ὡς
2847 1356 3051 1410 ἄνοιαν,
3084 1351 3385 1423 Λογίζομαι
3415 1349 3524 1421 γὰρ
3556 1347 3717 1412 οῦτω,

458 1456 686 1527 gratiam
723 1454 878 1509 vobis
907 1454 1102 1519 habeo,
1145 1453 1289 1522 quod
1312 1451 1782 1507 mansuetudinem
1814 1462 1868 1505 et
1906 1450 2041 1506 faci-

458 1547 664 1602 litatem
717 1545 851 1600 mihi
921 1554 1181 1614 tanquam
1239 1545 1533 1599 amentiam
1586 1544 1882 1614 obiecistis.
1948 1543 2041 1599 Sic

2142 1456 2262 1510 λίαν
2290 1454 2644 1523 ὑψηλοτέροις
2677 1450 2710 1523 ἢ
2743 1449 2864 1504 καθ’
2900 1449 3044 1519 ὑμᾶς
3081 1447 3157 1516 (4)
3185 1446 3465 1514 λογισμοῖς
3509 1440 3724 1516 χρώμε-

2145 1565 2234 1612 νος
2253 1565 2267 1578 ·
2298 1547 2470 1600 Πόσον
2500 1546 2574 1616 (5)
2606 1544 2771 1615 μέρος
2794 1542 2965 1596 ταῦτα
2991 1540 3102 1593 τῶν
3143 1536 3547 1608 ὲμπτυσμάτων
3576 1536 3723 1605 Χρι-

458 1637 628 1701 enim,
656 1634 926 1690 excelsius
959 1634 1131 1688 multo
1161 1649 1323 1702 quam
1367 1649 1464 1703 pro
1493 1643 1675 1689 vestro
1717 1649 1889 1700 more,
1923 1650 2038 1689 me-

2149 1640 2271 1694 στοῦ
2296 1641 2389 1694 καὶ
2413 1637 2799 1711 ραπισμάτων,
2830 1634 2970 1706 ὑπὲρ
3003 1625 3063 1686 οὗ
3087 1632 3179 1684 καὶ
3199 1627 3265 1683 δι’
3294 1628 3356 1682 ὃν
3382 1628 3430 1680 oi
3452 1625 3682 1679 κίνδυνοι
3704 1643 3719 1690 ;

459 1743 582 1784 eum
611 1736 798 1796 reputo
830 1744 845 1780 :
877 1725 1050 1792 Quota
1086 1728 1300 1779 tandem
1344 1739 1473 1794 pars
1514 1726 1635 1780 haec
1677 1737 1805 1779 sunt
1855 1736 2044 1795 sputo-

461 1833 583 1874 rum
634 1826 689 1870 et
734 1816 1008 1885 alaparum
1058 1816 1285 1880 Christi,
1325 1831 1425 1885 pro
1494 1831 1603 1886 quo
1665 1827 1731 1870 et-
1758 1817 1827 1870 ob
1858 1831 2041 1886 quem,

460 1908 701 1979 pericula
742 1906 1083 1962 subeuntur?
1119 1908 1313 1962 Omnia
1336 1909 1637 1976 enimvero,
1663 1910 1822 1963 unica
1856 1911 2042 1980 spinea

462 2014 686 2066 corona,
736 2015 857 2068 qua:
895 2000 1087 2053 victori
1138 2009 1326 2054 nostro
1373 2015 1629 2055 coronam
1676 2000 1933 2067 detraxit,
1988 2012 2044 2058 et

462 2086 763 2162 per’quam
809 2107 896 2145 me
939 2105 1152 2160 quoque
1184 2093 1309 2145 vitae
1346 2091 1638 2160 asperitate
1668 2088 1814 2144 velut
1842 2105 2042 2147 corona

464 2184 695 2253 quadam
729 2182 970 2237 redimiri
994 2183 1188 2243 sentio,
1216 2183 1441 2235 minoris
1473 2182 1612 2236 duco
1648 2199 1663 2235 :
1693 2182 1849 2236 unica
1880 2198 2045 2237 aruu-

463 2274 612 2340 dine,
658 2288 754 2343 per
802 2287 963 2341 quam
1009 2272 1283 2325 inﬁrmum
1333 2282 1389 2326 et
1445 2273 1713 2327 imbecille
1758 2274 2042 2340 imperium

465 2365 737 2421 sublatum
774 2374 857 2418 est
885 2378 898 2417 ι
929 2363 1091 2416 unico
1125 2361 1266 2424 felle,
1330 2373 1493 2431 atque
1533 2363 1692 2417 unico
1740 2375 1917 2429 aceto,
1951 2380 2048 2431 per

462 2451 625 2524 613
654 2467 771 2521 quae
803 2450 1137 2504 ainarulenta
1171 2460 1353 2504 nostra
1382 2451 1688 2519 degustatio
1714 2460 1898 2504 sanata
1922 2463 2002 2505 est
2029 2470 2041 2505 :

464 2547 622 2599 unica
674 2545 727 2598 in
777 2543 1098 2613 perferendo
1151 2542 1395 2597 cruciatu
1456 2541 1623 2595 animi
1671 2542 1926 2611 tequitate
1984 2558 2048 2597 ac

466 2633 705 2689 leuitate.
757 2631 814 2689 Si
856 2632 1044 2686 osculo
1090 2631 1355 2699 prodatur
1402 2629 1471 2697 ³³,
1514 2631 1761 2700 coarguit
1806 2633 2044 2700 quidem,

470 2729 565 2782 sed
613 2743 718 2782 non
769 2725 1115 2795 percutitzsi
1174 2724 1356 2777 subito
1396 2723 1911 2791 comprehendatur,
1972 2723 2046 2777 ita

467 2818 781 2886 exprobrat,
810 2824 869 2869 ut
898 2825 1077 2869 tamen
1103 2821 1365 2881 sequatur
1398 2831 1411 2867 :
1439 2813 1483 2867 si
1522 2812 1642 2866 zelo
1683 2811 2047 2869 inﬂammatus

468 2907 663 2963 Malcbi
717 2920 902 2960 aurem
944 2906 1122 2975 gladio
1159 2903 1472 2973 praecideris
1508 2902 1576 2969 ⁸ο,
1624 2902 1842 2973 indigne
1884 2902 2043 2971 feret,

467 3013 697 3066 eamque
719 2996 838 3051 loco
878 3012 977 3051 suo
1006 2995 1260 3050 reSIituet
1292 3011 1306 3048 :
1332 2995 1376 3047 si
1408 2996 1530 3064 quis
1556 2995 1785 3048 sindone
1811 2997 2045 3053 amictus

467 3088 738 3158 profugiat
785 3087 851 3152 “,
902 3102 1024 3139 eum
1088 3094 1339 3154 conteget
1376 3102 1389 3138 :
1423 3086 1468 3140 si
1511 3086 1690 3156 ignem
1749 3085 2046 3142 Sodomiti-

468 3195 593 3234 cum
623 3180 884 3234 adversus
911 3193 1024 3242 eos,
1058 3194 1087 3230 a
1119 3178 1316 3245 quibus
1341 3176 1594 3247 abigitur,
1631 3183 1942 3249 poposceris
1975 3182 2043 3249 ",

467 3271 883 3340 haudquaquam
923 3268 1209 3340 profundet
1239 3287 1253 3322 :
1286 3270 1328 3323 si
1360 3269 1624 3325 latronem
1666 3274 1736 3327 ob
1779 3275 1957 3329 scelus
1988 3276 2044 3330 in

2156 1730 2305 1794 Ἐνδς
2333 1731 2392 1783 οὐ
2414 1729 2663 1800 τιμῶμαι
2692 1728 2870 1781 πάντα
2895 1722 2988 1777 τοῦ
3020 1720 3312 1776 ἀκανθίνου
3349 1718 3634 1788 στεφάνου,
3666 1718 3726 1782 ὃς

2142 1824 2233 1879 τὸν
2257 1822 2482 1894 νικητὴν
2508 1820 2665 1892 ἡμῶν
2701 1815 3127 1885 ἁπεστεφὰνωσε
3155 1812 3255 1883 (6),
3285 1811 3353 1864 δι’
3385 1805 3446 1865 οὗ
3475 1811 3567 1863 καὶ
3594 1826 3728 1880 μαν·

2144 1913 2289 1967 θάνω
2323 1912 2401 1982 (7)
2429 1914 2495 1982 τῇ
2518 1909 2611 1963 τοῦ
2639 1909 2754 1980 βίου
2786 1905 3083 1978 τραχύτητι
3114 1900 3578 1972 στεφανούμενος·
3610 1898 3728 1961 ἑνὸς

2141 2004 2237 2060 τοῦ
2260 2003 2531 2075 καλάμου,
2559 2001 2609 2054 δι
2642 1995 2702 2055 οὗ
2722 1999 2783 2052 τὸ
2811 1997 3009 2068 σαθρὸν
3036 1995 3238 2066 κράτος
3258 1991 3537 2045 ἐπαύσατο
3556 2007 3570 2020 ο
3599 1991 3727 2060 μιᾶς

2143 2098 2242 2169 τῆς
2277 2095 2456 2168 χολῆς,
2490 2094 2607 2157 ἑνὸς
2635 2091 2809 2156 ὄξους,
2843 2089 2909 2143 δι’
2940 2082 3016 2142 ὧν
3049 2087 3149 2157 τὴν
3188 2084 3393 2157 πικρὰν
3425 2082 3614 2151 γεῦσιν
3649 2082 3727 2153 (8)

2144 2184 2590 2257 ὲθεραπεύθημεν
2612 2197 2626 2210 ⁶
2665 2183 2792 2253 μιᾶς
2820 2179 2917 2249 τῆς
2936 2179 2993 2230 ὲν
3021 2176 3100 2247 τῷ
3126 2176 3287 2230 πάθει
3323 2171 3725 2246 μακροθυμίας.

2149 2278 2247 2329 Ἂν
2280 2275 2541 2346 φιλήματι
2584 2271 2816 2344 προδοθῇ
2852 2269 2948 2341 (9),
2986 2268 3197 2338 ἐλέγχει
3239 2267 3357 2338 μὲν,
3398 2265 3460 2317 ού
3506 2263 3728 2334 πλήττει

2143 2368 2221 2422 δέ.
2251 2369 2349 2420 “Av
2386 2366 2539 2434 ἄφνω
2579 2363 2879 2435 συλληφθῇ,
2920 2359 3167 2425 ὀνειδίζει
3225 2360 3344 2429 μὲν,
3390 2356 3584 2410 ἕπεται
3634 2355 3725 2408 δέ’

2146 2458 2251 2512 κᾶν
2287 2458 2532 2529 μαχαίρᾳ.
2560 2455 2670 2527 (10)
2707 2455 2932 2525 Μάλχου
2973 2453 3178 2524 τέμνῃς
3210 2450 3323 2521 (ll)
3355 2450 3414 2503 τὸ
3447 2450 3608 2503 ὠτίον
3642 2449 3730 2503 διὰ

2147 2549 2326 2620 ζῆλον,
2351 2550 2741 2620 ἀγανακτήσει,
2771 2549 2865 2600 καὶ
2892 2546 3367 2615 ἀποκαταστήσει·
3397 2541 3500 2596 κᾶν
3534 2544 3592 2594 ὲν
3620 2554 3732 2595 σιν-

2144 2642 2252 2693 δόνι
2281 2640 2391 2711 (ίῖ)
2418 2658 2502 2703 τις
2525 2638 2719 2711 φεύγῃ,
2753 2636 3088 2709 περιστελεῖ·
3122 2635 3225 2689 κᾶν
3249 2635 3360 2705 πῦρ
3381 2634 3611 2704 αἰτήσῃς
3633 2634 3731 2685 Σο-

2145 2731 2420 2802 δομιτικὸν
2459 2732 2551 2784 ἐπ).
2589 2731 2713 2792 τοὺς
2738 2729 2992 2798 ἄγοντας,
3027 2730 3127 2782 οὐκ
3159 2726 3476 2781 ἐπικλύσει·
3503 2725 3609 2779 κᾶν
3636 2725 3733 2797 λῃ-

2148 2824 2279 2895 στὴν
2305 2824 2445 2895 λάϐῃ
2473 2823 2561 2877 διὰ
2596 2821 2796 2876 κακίαν
2829 2821 3197 2893 κρεμάμενον,
3234 2821 3315 2881 είς
3349 2818 3438 2872 τὸν
3471 2817 3733 2895 παράδει-

2149 2893 2246 2968 σον
2266 2893 2473 2982 εἰσάγει
2502 2914 2590 2967 διὰ
2618 2912 2985 2985 χρηστότητα.
3014 2912 3197 2965 Πάντα
3227 2910 3369 2964 ἔστω
3398 2910 3468 2965 τὰ
3486 2893 3583 2963 ςτοῦ
3605 2910 3733 2980 φιλ-

2151 3005 2439 3078 ανθρώπου
2471 3006 2849 3077 φιλάνθρωπα,
2877 3005 2952 3069 ὡς
2979 3005 3037 3058 δὲ
3078 3004 3174 3057 καὶ
3209 3003 3320 3057 τῶν
3355 3002 3593 3075 Χριστοῦ
3624 3018 3733 3056 παι

2152 3092 2409 3164 θημάτων
2458 3094 2593 3164 (15),
2623 3090 2705 3158 οἷς
2748 3094 2801 3147 τί
2849 3095 2958 3146 τῶν
3004 3092 3264 3163 μειζόνων
3304 3092 3372 3147 ἂν
3403 3093 3647 3162 δοίημεν,
3683 3094 3735 3145 εί

2151 3183 2286 3237 Θεοῦ
2356 3186 2451 3239 καὶ
2512 3184 2912 3250 θανατωθέντος
2967 3184 3107 3256 ὑπὲρ
3159 3184 3336 3256 ήμῶν,
3395 3184 3553 3237 αὐτοὶ
3619 3187 3735 3247 τοῖς

2150 3277 2357 3347 ὁμοίοις
2387 3277 2522 3349 μηδὲ
2548 3278 2616 3331 τὰ
2642 3278 2849 3352 σμικρὰ
2877 3278 2986 3349 (14)
3014 3278 3510 3348 συγχωρήσαιμεν;

470 3375 687 3416 crucem
729 3360 996 3415 sublatum
1025 3375 1218 3428 passus
1242 3362 1428 3429 fuerit,
1467 3382 1591 3423 eum
1632 3385 1728 3438 pro
1757 3385 1855 3425 sua
1919 3372 2257 3441 benignitate
2320 3373 2377 3429 in
2441 3376 2751 3444 paradisum
2816 3374 3121 3430 introdueet
3157 3374 3465 3443 ".Benigni
3501 3372 3738 3442 denique

473 3453 709 3523 benigna
746 3453 855 3507 sint
900 3453 1104 3519 omnia,
1153 3454 1447 3526 itidemque
1494 3456 1696 3514 Christi
1738 3462 2034 3530 passiones,
2083 3465 2278 3534 quibus
2337 3466 2593 3535 quidnam
2657 3465 2869 3521 tandem
2906 3466 3050 3523 aliud
3083 3468 3253 3537 majus
3276 3482 3341 3523 ac
3382 3467 3738 3538 praestantius

473 3547 744 3608 daremus,
797 3545 862 3605 si.
925 3561 1046 3600 cum
1116 3547 1253 3602 Deus
1310 3561 1538 3606 mortem
1589 3555 1756 3622 ipsam
1831 3567 2031 3612 nostra:
2102 3559 2296 3615 salutis
2350 3576 2516 3617 causa
2594 3562 2915 3631 pertulerit,
2977 3578 3074 3619 nos
3162 3574 3397 3629 contra,
3462 3577 3532 3617 ne
3583 3560 3741 3617 leves

474 3640 690 3711 quidem
756 3637 989 3695 offensas
1062 3651 1117 3696 et
1182 3642 1405 3710 injurias
1486 3648 1782 3716 aequalibus
1848 3653 2050 3709 nostris
2087 3656 2461 3711 remittamus?

547 3729 664 3787 XV.
715 3729 853 3798 Quin
892 3734 1004 3788 haec
1037 3749 1253 3804 quoque
1282 3755 1490 3795 mecum
1532 3745 1861 3812 cogitabam,
1886 3758 2044 3816 atque

2226 3749 2325 3804 lE'.
2358 3752 2503 3824 Πρὸς
2529 3747 2586 3805 δὲ
2621 3752 2716 3805 καὶ
2740 3750 2913 3805 ταῦτα
2942 3749 3266 3822 ἐλογιζόμην
3294 3768 3356 3805 τε
3392 3751 3488 3804 καὶ
3516 3751 3740 3822 λογίςοδ

474 3823 785 3880 etiamnunc
808 3825 983 3895 cogito
1014 3824 1210 3895 (quam
1243 3841 1406 3896 recte,
1445 3832 1541 3899 ipsi
1575 3834 1807 3904 videte).
1839 3837 1904 3890 de
1931 3838 2044 3906 qui-

2161 3860 2278 3913 μαι,
2314 3823 2420 3898 καὶ)
2439 3847 2710 3909 σκοπεῖτε,
2733 3846 2782 3897 εί
2812 3843 2885 3915 μὴ
2918 3843 3014 3896 καὶ
3046 3843 3166 3897 λίαν
3188 3842 3386 3915 ὀρθῶς,
3416 3842 3453 3897 ἃ
3479 3843 3576 3896 καὶ
3602 3843 3708 3896 πολ

473 3916 576 3971 bus
600 3914 762 3968 etiam
792 3915 925 3985 ipsis
951 3917 1091 3986 apud
1123 3934 1216 3974 vos
1261 3935 1402 3991 saepe
1442 3923 1696 3978 disserui.
1752 3924 1814 3978 lli
1862 3927 2044 3983 domos

2155 3932 2310 3997 λάκις
2344 3935 2472 4005 ὑμῖν
2507 3935 2895 4006 ἐφιλοσόφησα.
2918 3934 3172 4006 Ἔχουσιν
3201 3928 3345 3988 οὗτοι
3376 3937 3501 4000 τοὺς
3527 3937 3739 4002 οἴκους,

475 4004 696 4072 habent,
725 4021 824 4061 nos
850 4009 1114 4077 hospitem
1141 4027 1155 4063 :
1185 4011 1239 4065 hi
1269 4014 1486 4083 templa,
1518 4030 1615 4069 nos
1646 4015 1813 4071 Deum
1845 4032 1860 4072 :
1892 4019 2044 4090 idque

2156 4025 2319 4095 ἡμεῖς
2341 4004 2433 4078 τδν
2463 4024 2666 4079 ἔνοικον
2685 4043 2697 4056 ·
2736 4004 2881 4079 οῦτοι
2903 4004 3030 4089 τοῦς
3058 4026 3240 4089 ναοὺς,
3265 4028 3426 4097 ἡμεῖς
3449 4026 3541 4079 τὸν
3566 4026 3732 4080 Θεόνο

475 4105 760 4167 prmterea,
818 4100 960 4165 quod
1018 4101 1136 4155 viva
1187 4104 1417 4160 viventis
1462 4107 1556 4162 Dei
1597 4110 1793 4179 templa
1840 4126 2044 4179 sumus,

2156 4116 2333 4170 καὶτὸ
2362 4118 2480 4170 ναοὶ
2508 4117 2762 4186 γενέσθαι
2783 4116 2917 4169 Θεοῦ
2941 4116 3141 4180 ζῶντος
3171 4118 3265 4170 καὶ
3292 4116 3514 4181 ζῶντες,
3556 4119 3741 4191 ἱερεῖα

476 4188 711 4243 victim:e
752 4188 911 4254 vivae,
946 4190 1259 4247 holocausta
1296 4197 1505 4253 ratione
1536 4201 1757 4266 praedita
1782 4239 1797 4264 ,
1841 4202 2044 4256 sacrill-

2156 4207 2406 4279 ἐμψυχα,
2457 4208 2887 4279 ὁλοκαυτώματα
2942 4207 3138 4277 λογικὰ
3166 4247 3180 4270 ,
3230 4208 3445 4280 θύματα
3495 4188 3686 4264 τέλεια
3723 4252 3742 4276 ,

479 4280 564 4334 cia
600 4279 858 4349 perfecta,
909 4283 981 4336 dii
1013 4285 1263 4353 denique,
1298 4286 1581 4346 Trinitatis
1611 4292 1850 4348 adoratae
1886 4294 2044 4349 bene-

2157 4299 2267 4354 θεοὶ
2291 4300 2335 4372 (1
2348 4301 2400 4372 ὃ)
2422 4302 2511 4356 διὰ
2534 4302 2764 4374 Τρίαδος
2783 4317 3088 4373 προσκυνου
3098 4301 3285 4372 μένης.
3306 4279 3474 4357 Οὗτοι
3498 4303 3564 4373 δή
3574 4321 3746 4373 μους,

551 4373 871 4460 θζιΑοῑιδιξ,
897 4374 1106 4460 ξε
1136 4372 1306 4460 lgor.
1340 4380 1520 4445 ΝΛΞ.
1599 4380 1642 4414 ³³
1664 4382 1851 4438 Matth.
1871 4398 2044 4455 xxvr,‘

2203 4389 2249 4423 ⁶⁰
2281 4390 2438 4447 Joan.
2470 4372 2624 4459 xvnt,
2660 4392 2745 4447 10.
2821 4372 2864 4422 δι
2897 4390 3060 4445 Marc.
3094 4407 3209 4454 xw,
3238 4391 3431 4453 51,52.
3520 4372 3745 4446 “Luc.

479 4454 558 4508 lx,
581 4442 668 4497 54.
744 4442 790 4475 ⁵³
824 4442 955 4498 Luc.
980 4448 1244 4510 xxtu,45.

548 4560 629 4642 (Ξ)
659 4563 738 4651 ΙΕἰ
762 4558 848 4651 δὲ,
879 4560 970 4614 ὅτι
1010 4561 1542 4651 ,τυραγνοιξμενρᾳᾼ
1570 4571 1685 4651 ειηἒ
1740 4563 2044 4651 arbitratur

2151 4576 2470 4632 austerioris
2505 4576 2774 4646 palaestra,
2827 4579 3051 4651 adipisci
3095 4596 3182 4637 me
3215 4595 3471 4637 coronam
3526 4582 3746 4637 intelli-

481 4628 625 4711 Elias
659 4633 772 4711 haec
802 4630 1047 4711 Gregorii
1073 4628 1240 4711 verba
1294 4628 1448 4711 dirigi
1480 4631 1544 4711 ad
1568 4630 1896 4711 Catholicos,
1949 4639 2043 4705 qui
2147 4656 2288 4711 gam.
2316 4628 2338 4696 ᾧ

480 4700 2040 4793 Ἣἷὲῗὲξίζὲ¹ῗῗ¹⁴ζὲίίῙῬίῖθῖΫΡὲΡὲτῘίῖἒίδέίςι.ἕνέῗίῖθυίιθιέ¹¹¹
2148 4700 2178 4711 ν
2224 4712 2310 4793 (⁸).
2336 4716 2580 4793 F817“?-
2593 4716 2701 4793 βία
2735 4717 2843 4793 dm:
2870 4717 3065 4793 Besso
3105 4720 3270 4777 ϐοίδια
3301 4720 3355 4788 1,
3386 4720 3587 4791 aliique
3615 4722 3751 4792 Plu-

483 4769 772 4823 ulciscendi
799 4784 857 4823 se
886 4768 1128 4837 haberet,
1151 4772 1447 4839 imperante
1480 4768 1803 4838 Theodosio,
1843 4790 1905 4829 ea
1939 4793 2044 4831 non

2149 4768 2348 4856 res1'ln
2380 4787 2492 4856 εει..
2525 4787 2730 4856 ρεῦσιν,
2769 4804 2787 4837 ι
2812 4768 3122 4844 ίιυχίδῖἷθῖη.
3142 4810 3159 4844 ι

482 4849 782 4995 Τιῗὲῗιὲἀλ,
804 4906 1026 4995 κάρίξῖἱ
1049 4920 1161 4995 θ’(ἱι
1188 4909 1563 4995 ,ίίῗτθῖίθθίιυθ
1602 4910 1747 4995 θθοξ.
1783 4915 1927 4995 quo?
1978 4915 2044 4995 ίθῖ

2149 4849 2604 4995 πρὲεέδέἷῆοδοθῇ.
2625 4849 2965 4925 Sicquatuor
2984 4862 3176 4932 Regg.,
3195 4861 3290 4917 Or.
3309 4860 3362 4928 l,
3388 4860 3513 4917 Bas.
3540 4860 3597 4915 In
3618 4862 3747 4929 ed.,

481 4978 628 5102 Bittis
644 4981 1036 5102 :sttmoderatio
1071 4979 1226 5045 mihi,
1261 4989 1511 5048 tanquam
1549 4978 1819 5050 amentia,
1838 4984 2049 5040 crimini
2368 4978 2661 5065 ᾐῖαχαίρςι,
2688 4997 2850 5059 Deest
2884 5002 2935 5054 in
2964 4999 3056 5055 οει,
3095 5000 3147 5054 ί,

732 5066 791 5102 ο)
2368 5067 2595 5102 Τόηυηιη
2667 5068 2777 5102 Ωιι..
2827 5075 2911 5102 In“
2966 5072 3137 5102 “me...

2222 5063 2331 5132 ίίί)
2368 5063 2623 5154 Τέμνηςξ
2665 5068 2795 5142 Reg.
2826 5075 2938 5134 bm,
2966 5072 3158 5155 τεμῇς.
3378 5138 3391 5151 .
3700 5143 3711 5150 δ

2151 5200 2166 5211 _
2217 5132 2329 5204 (12)
2382 5137 2471 5189 Er
2516 5137 2771 5211 σινρᾴνι,
2800 5142 3252 5211 ειεκιδιιιύοῃε
3285 5146 3539 5211 amictus.
3569 5156 3588 5189 ι
3647 5137 3751 5193 S:c

552 5185 630 5326 (5)
656 5185 877 5241 Πόσον.
915 5185 1050 5242 Tres
1083 5189 1249 5259 Regg.
1283 5201 1339 5244 et
1375 5185 1588 5253 Cbtnb.,
1615 5190 1832 5250 πόστον.

552 5261 607 5324 (ti
662 5256 1167 5325 Ἆπεστεςράνωσε.
1231 5257 1443 5323 Comb.,
1490 5260 1853 5326 ἐστεφάνωσε.
1918 5282 1937 5315 ι
1960 5263 2044 5317 vi-

2151 5185 2596 5270 interimam};
2614 5185 2771 5264 Elia;
2801 5185 3750 5265 “Junius”:“a3t331ia;.3"'suna

2149 5281 2252 5326 est.
2284 5276 2424 5326 uuod
2451 5276 2503 5326 in
2534 5291 2689 5326 sacro
2715 5288 2859 5326 textu
2889 5278 3054 5326 Marc-
3079 5294 3190 5326 xw.
3215 5277 3306 5326 ΒΞ-
3335 5278 3556 5326 dicitur-
3594 5280 3750 5326 adn-

2149 5281 2252 5344 est,
2284 5276 2424 5340 quod
2451 5276 2503 5329 in
2534 5291 2689 5331 sacro
2715 5288 2859 5333 textu
2889 5278 3054 5334 Marc.
3079 5294 3191 5341 xw,
3215 5277 3306 5343 52,
3335 5278 3557 5344 dicitur,
3594 5280 3751 5333 ado-

2147 5340 2467 5419 lescentem,
2498 5363 2516 5395 ι
2541 5347 2728 5419 relicta
2759 5350 3005 5411 sindone,
3022 5340 3240 5419 gnudum
3273 5340 3596 5419 profugisse.
3629 5367 3651 5400 ι

2214 5411 2730 5488 (15)]1άθημάτων.
2762 5419 2895 5488 Reg.
2920 5432 2971 5481 a,
3003 5417 3167 5485 Coisl,
3195 5416 3251 5482 2,
3273 5411 3367 5472 0r.
3398 5411 3460 5487 1;
3480 5429 3537 5474 et
3559 5418 3747 5485 Elius,

2147 5481 2420 5558 μαθητῶν,
2463 5481 2907 5558 (discipulorum.
2958 5507 2977 5541 ι

2364 5554 2605 5630 ξμικρ-ᾴ.
2641 5550 2772 5627 Reg.
2797 5564 2918 5630 _hm_,
2946 5569 2999 5614 et
3029 5557 3124 5615 Or.
3166 5558 3216 5626 1,
3252 5558 3446 5630 μικρά.

2242 5623 2328 5695 15)
2357 5627 2506 5681 Θεοί.
2540 5626 2670 5698 Reg.
2710 5623 2759 5695 ti,
2784 5626 2938 5683 Θεοῦ.

662 5256 1443 5331 Ἆπεστεςράνωσεξξϐοῐῃικ,
1490 5260 1853 5331 ἐστεφάνωσε.
1918 5282 1937 5315 ι
1960 5263 2044 5317 vi-

485 5334 689 5404 ctorem
720 5340 896 5379 meum
947 5329 1247 5404 coronavit.
1268 5347 1288 5380 ι
1328 5329 1685 5404 Eliasjamen
1717 5335 1878 5404 legit,
1941 5335 2046 5386 ἀπ-

483 5395 847 5466 εστεφάνωσε,
873 5411 937 5451 ac
958 5397 1378 5466 interpretatur:
1426 5418 1444 5451 ‹
1465 5398 1656 5454 Omnia
1699 5442 1714 5457 .
1737 5395 1798 5457 ,ἶ
1829 5395 2046 5458 tametsi

485 5465 653 5517 multa
677 5466 804 5538 sint,
859 5481 963 5522 non
1005 5465 1235 5522 arbitror
1267 5469 1354 5522 uni
1382 5472 1760 5538 aequiparanda
1791 5487 1912 5527 esse
1949 5488 2043 5527 co-

487 5548 633 5613 ronae
660 5537 874 5603 spinam,
903 5552 1008 5606 qua
1047 5539 1293 5613 Christus
1326 5537 1594 5613 diabolum
1621 5543 1790 5596 nostri
1829 5544 2047 5613 generis

481 5608 742 5673 victorem
774 5621 867 5673 sua
893 5622 1092 5660 corona
1120 5608 1385 5673 spoliavit.
1411 5627 1429 5659 ι

555 5672 630 5746 (7)
659 5676 741 5729 Δι’
759 5666 832 5732 οὗ
863 5676 960 5730 καὶ
1008 5666 1304 5749 μανθάνω,
1334 5689 1436 5735 etc.
1474 5697 1493 5732 ι
1542 5678 1645 5736 Per
1697 5695 1881 5750 quam,
1926 5681 2046 5739 vita:
