3910 6214
242 141 353 199 I33

918 142 1179 201 ORATIO
1215 143 1455 201 XXXIII.
1498 175 1567 185 —
1604 142 1881 200 CONTRA
1923 138 2231 196 ARIANOS
2267 137 2357 193 ET
2396 137 2485 193 DE
2524 134 2780 193 SEIPSO.

3383 133 3492 188 251

243 263 410 334 ἡμεῖς
436 262 700 332 ἀγγέλους
719 280 732 295 ι
765 255 911 320 οὗτοι
931 265 1152 339 θράσος,
1173 267 1358 321 πίστιν
1385 268 1575 339 ἡμεῖς·
1599 260 1821 320 οὖτοιτὸ

1941 261 2067 316 icio.
2104 258 2170 315 Hi
2208 258 2434 330 populos
2465 257 2689 323 habent,
2727 269 2829 313 nos
2859 252 3118 324 angelos;
3181 251 3235 306 hi
3264 250 3490 305 temeri-

243 351 508 417 ἀπειλεῖν,
524 354 686 426 ἡμεῖς
702 355 766 408 τὸ
781 356 1177 427 προσεύχεσθαι
1193 356 1330 428 (16)·
1344 349 1490 411 οὗτοι
1506 357 1568 410 τὸ
1586 354 1820 427 βάλλειν,

243 447 409 516 ἡμεῖς
440 444 503 497 τὸ
539 444 727 515 φέρειν
750 462 764 475 ·
796 440 943 501 οὗτοι
981 447 1181 519 χρυσὸν
1227 448 1323 501 καὶ¹
1351 447 1610 519 ἄργυρον,
1661 446 1825 516 ἡμεῖς

244 535 402 609 λόγον
424 536 857 609 κεκαθαρμένον.
904 539 1196 609 Ἐποίησας
1227 537 1437 609 σεαυτῷ
1459 537 1704 609 διώροφα
1730 538 1824 591 καὶ

243 627 528 701 τριώροφα
568 629 776 699 (γνῶθι
816 630 886 684 τὰ
932 632 1152 703 ῥήματα
1195 632 1297 703 τῆς
1345 631 1623 703 Γραφῆς),
1675 627 1824 685 οἷκον

247 722 520 794 ριπιστὸν,
566 722 950 793 διεσταλμένον
983 723 1233 796 θυρίσιν;
1279 724 1394 779 ἀλλ’
1442 722 1595 777 οὒπω
1652 721 1825 778 ταῦτα

243 811 345 881 τῆς
369 811 508 882 ἐμῆς
551 811 787 876 πίστεως
825 811 1155 885 ὑψηλότερα,
1188 815 1285 867 καὶ
1311 812 1421 867 τῶν
1444 813 1692 885 οὐρανῶν
1712 812 1825 883 (17)

244 905 383 975 πρὸς
413 903 508 968 οὒς
525 905 782 976 φέρομαι.
807 906 1021 977 Μικρόν
1048 924 1137 978 μοι
1157 907 1219 960 τὸ
1240 906 1522 976 ποίμνιον;
1568 904 1707 959 Ἀλλ’
1722 904 1826 985 οὐκ

243 997 339 1049 ἐπὶ
355 996 616 1068 κρημνῶν
634 997 743 1068 (18)
763 998 1082 1068 φερόμενον.
1103 998 1269 1068 Στενὴ
1287 1015 1376 1069 μοι
1392 999 1427 1069 ὴ
1448 995 1827 1069 μάνδρα,πλὴν

244 1085 433 1148 λύκοις
451 1085 794 1150 ἀνεπίϐατος,
808 1086 948 1159 πλὴν
963 1087 1024 1140 οὐ
1045 1086 1459 1160 παραδεχομένη
1477 1084 1828 1159 λῃστὴν,οὐδὲ

245 1178 690 1250 ύπερϐαινομένη
706 1178 969 1244 κλέπταις
988 1179 1083 1233 καὶ
1112 1177 1302 1245 ξένοις.
1327 1178 1568 1250 Ὄψομαι
1599 1177 1824 1250 ταύτην,

242 1267 305 1324 εὖ
340 1266 459 1324 οἶδα
483 1311 499 1335 ,
536 1270 632 1323 καὶ
662 1269 1025 1343 πλατυτέραν.
1069 1270 1305 1334 Πολλοὺς
1347 1269 1457 1325 τῶν
1501 1269 1597 1323 νῦν
1625 1269 1825 1333 λύκων,

244 1365 305 1416 ὲν
329 1360 624 1433 προϐάτοις
660 1360 965 1433 ἀριθμῆσαι
1003 1379 1070 1433 με
1104 1362 1203 1424 δεῖ,
1238 1362 1400 1433 τυχὸν
1428 1361 1524 1415 καὶ
1549 1360 1824 1430 ποιμέσιν.

246 1451 419 1506 Τοῦτο
451 1450 860 1521 εύαγγελίζεταί
896 1470 986 1524 μοι
1040 1456 1068 1507 ὀ
1101 1454 1306 1524 ποιμὴν
1353 1455 1383 1506 ὁ
1418 1452 1607 1518 καλὸς,
1648 1453 1719 1506 δι⁹
1769 1452 1829 1507 ὃν

244 1543 358 1613 ἐγὼ
381 1544 571 1616 τίθημι
606 1543 706 1614 τὴν
742 1543 918 1615 ψυχὴν
944 1544 1087 1617 ὑπὲρ
1134 1544 1244 1598 τῶν
1272 1543 1581 1615 προϐάτων.
1625 1545 1701 1597 Οὐ
1735 1561 1830 1613 φο-

1925 361 2089 407 tatem
2117 359 2174 406 et
2206 350 2509 414 audaciam,
2550 364 2650 405 nos
2676 349 2833 405 fidem
2860 363 2877 413 ;
2905 346 2962 401 hi
2999 344 3205 407 minas,
3239 355 3338 397 nos
3367 354 3493 395 ora-

1927 444 2136 511 tiones;
2170 444 2225 498 hi
2258 443 2400 513 quod
2455 441 2798 513 percutiunt,
2832 453 2932 494 nos
2969 437 3113 508 quod
3140 434 3407 499 ferimus;
3436 430 3493 486 hi

1925 549 2113 589 aurum
2158 544 2214 590 et
2264 544 2577 603 argentum,
2620 547 2718 589 nos
2769 537 3116 602 repurgatam
3169 524 3490 581 doctrinam.

1924 625 2123 682 Fecisti
2182 625 2280 681 tibi
2341 624 2586 695 duplices
2641 633 2696 680 et
2767 623 3009 692 triplices
3063 615 3496 687 contignationes

1928 717 2195 788 (agnosce
2246 716 2537 788 Scripturaa
2583 716 2812 787 verba),
2867 716 3086 770 domum
3136 705 3493 781 perﬂatilem,

1929 809 2180 865 fenestris
2212 809 2525 865 distinctam
2554 808 2642 860 “i
2682 810 2751 863 At
2788 809 2904 863 haec
2947 804 3183 860 nondum
3232 799 3339 855 ﬁde
3376 809 3498 852 mea

1930 901 2240 956 sublimiora
2264 911 2416 969 sunt,
2446 917 2545 957 nec
2564 901 2739 966 caelis,
2778 901 2844 955 ad
2877 913 3013 968 quos
3043 895 3223 951 tendo.
3258 892 3330 946 At
3366 888 3498 945 mihi

1929 1012 2061 1069 grex
2112 996 2376 1068 exiguus?
2425 998 2531 1052 Sed
2578 998 2630 1050 in
2683 994 2978 1064 praecipitia
3026 1004 3135 1045 non
3178 987 3369 1043 fertur.
3431 981 3503 1035 At

1930 1096 2155 1157 angusta
2187 1087 2316 1142 mihi
2347 1085 2542 1141 caula?
2573 1085 2680 1140 Sed
2702 1099 2824 1155 quae
2862 1084 3003 1154 lupis
3034 1096 3142 1136 non
3175 1084 3377 1149 pateat,
3404 1074 3500 1129 sed

1930 1193 2050 1248 quae
2076 1177 2340 1232 latronem
2372 1192 2479 1232 non
2505 1176 2776 1242 admittat,
2804 1188 2904 1229 nec
2932 1190 2961 1227 a
2993 1171 3228 1235 furibus,
3258 1177 3314 1222 et
3349 1174 3501 1220 exte-

1931 1269 2006 1322 ris
2032 1268 2460 1322 transccndatur.
2510 1266 2666 1328 Eam.
2710 1265 2933 1334 'pnlchre
2954 1262 3089 1327 scio,
3112 1272 3230 1314 eam
3254 1255 3501 1310 latiorem

1930 1359 2161 1414 videbo:
2207 1360 2407 1416 mullos
2433 1360 2578 1415 enim
2609 1373 2675 1413 ex
2709 1358 2814 1425 his,
2847 1356 2940 1426 qui
2981 1366 3124 1408 nunc
3162 1350 3217 1404 in
3252 1347 3501 1414 luporum

1934 1467 2160 1508 numero
2203 1463 2352 1518 sunt,
2401 1453 2544 1507 inter
2570 1466 2719 1515 oves,
2775 1464 2840 1505 ac
2884 1448 3117 1503 fortasse
3148 1444 3312 1498 etiam
3361 1438 3503 1492 inter

1935 1554 2201 1613 pastores,
2234 1544 2594 1600 recensendos
2620 1544 2812 1598 habeo.
2858 1539 2972 1595 Hoc
2997 1537 3127 1592 mihi
3162 1534 3335 1587 fauste
3360 1544 3504 1584 nun-

246 1634 451 1706 ϐοὖμαι
479 1635 541 1688 τὸ
585 1635 780 1707 μικρὸν
807 1636 1078 1707 ποίμνιον,
1109 1636 1442 1690 εὐσύνοπτον
1467 1635 1575 1707 γάρ
1598 1654 1610 1666 ·
1640 1638 1723 1690 ὅτι
1751 1652 1830 1703 γι-

1941 1634 2033 1688 tiat
2063 1634 2255 1689 Pastor
2279 1636 2366 1690 ille
2389 1637 2581 1699 bonus,
2607 1638 2679 1690 ob
2714 1646 2875 1704 quem
2917 1646 3017 1701 ego
3058 1627 3295 1700 animam
3327 1634 3504 1676 meam

246 1726 443 1780 νώσκω
498 1726 567 1780 τὰ
608 1726 753 1797 ἐμὰ,
801 1728 896 1780 καὶ
944 1727 1286 1799 γινώσκομαι
1342 1729 1450 1782 ὑπὸ
1502 1727 1611 1781 τῶν
1656 1726 1826 1799 ἐμῶν.

245 1817 486 1872 Τοιαῦτα
523 1817 589 1872 τά
612 1817 744 1872 Θεὸν
772 1818 1131 1888 γινώσκοντα,
1163 1820 1260 1874 καὶ
1290 1818 1411 1891 Θεῷ
1426 1820 1827 1891 γινωσκόμενα.

253 1909 330 1963 Td
364 1911 633 1978 πρόϐατα
670 1910 743 1965 τὰ
784 1909 898 1981 ἐμὰ
924 1910 1036 1981 τῆς
1087 1910 1298 1981 φωνῆς
1343 1930 1463 1983 μου
1497 1912 1725 1979 ἀκούει,
1763 1906 1832 1984 ἧς

245 2003 459 2074 ἥκουσα
486 2003 637 2075 παρά
667 2003 777 2057 τῶν
811 2001 976 2057 θείων
996 2004 1218 2073 λογίων,
1253 2004 1321 2077 ἢν
1348 2004 1635 2076 ἐδιδάχθην
1681 2004 1833 2076 παρὰ

245 2094 355 2147 τῶν
408 2095 580 2163 ἁγίων
625 2094 905 2166 Πατέρων,
950 2096 1018 2166 ἢν
1063 2094 1279 2161 ἐδίδαξα
1322 2095 1434 2167 (l9)
1470 2095 1613 2149 κατὰ
1647 2095 1827 2150 πάντα

246 2186 438 2256 καιρὸν
460 2185 681 2256 ὁμοίως,
709 2187 771 2240 οὐ
795 2186 1285 2259 συμμορφούμενος
1304 2187 1419 2259 (20)
1443 2191 1557 2253 τοῖς
1591 2192 1825 2260 καιροῖς,

248 2279 345 2332 καὶ
375 2277 642 2333 διδάσκων
671 2279 733 2332 οὐ
785 2280 1070 2351 παύσομαι
1101 2278 1241 2351 (21),
1275 2278 1395 2351 μεθ’
1416 2273 1485 2351 ἧς
1510 2281 1828 2352 ἐγεννήθην,

246 2369 344 2423 καὶ
438 2370 873 2442 συναπέρχομαι.

1933 1741 2032 1795 pro
2051 1726 2241 1781 ovibus
2268 1741 2414 1796 pono
2437 1728 2506 1781 “.
2541 1726 2778 1796 Exiguus
2795 1738 2927 1794 grex
2954 1723 3204 1776 timorem
3232 1715 3363 1771 mihi
3391 1727 3502 1768 non

1934 1816 2132 1887 injicit,
2182 1827 2367 1888 utpote
2419 1817 2579 1874 facile
2637 1817 2996 1886 conspicuus;
3068 1809 3323 1881 quoniam
3376 1818 3504 1861 oves

1934 1923 2086 1964 meas
2132 1924 2423 1979 cognosco,
2473 1916 2528 1965 et
2564 1924 2595 1963 a
2641 1909 2778 1963 meis
2806 1904 3043 1961 vicissim
3097 1912 3392 1971 cognoscor
3435 1896 3503 1951 “.

1935 2004 2095 2061 Tales
2156 2015 2303 2071 sunt,
2354 2019 2475 2076 qua:
2540 2004 2705 2058 Deum
2765 2006 3137 2070 cognoscunt,
3202 2002 3257 2050 et
3308 2006 3340 2047 a
3395 1991 3505 2046 Deo

1931 2106 2351 2168 cognoscuntur.
2399 2093 2532 2150 Ores
2580 2110 2710 2149 mea
2758 2108 2930 2148 vocem
2976 2104 3146 2144 meam
3181 2087 3406 2142 audiunt
3439 2082 3504 2136 ".

1930 2205 2093 2261 quam
2123 2206 2155 2245 a
2184 2190 2385 2246 divinis
2401 2188 2639 2244 oraculis
2661 2187 2864 2253 audivi,
2887 2182 3054 2257 614
3068 2196 3230 2253 quam
3255 2193 3287 2234 a
3308 2176 3504 2234 sanctis

1931 2282 2182 2338 Patrihus
2236 2283 2424 2347 didici,
2481 2295 2643 2351 quam
2699 2294 2794 2349 per
2850 2282 3066 2331 omnem
3115 2274 3240 2329 vitae
3289 2284 3504 2326 cursum

1932 2377 2121 2432 eodem
2147 2375 2309 2431 modo
2337 2375 2496 2430 docui
2530 2376 2910 2443 (nequaquam
2946 2383 3042 2438 pro
3067 2376 3310 2434 tempore
3347 2364 3505 2419 aliam

245 2471 414 2530 atque
458 2461 618 2516 aliam
653 2462 883 2515 subinde
934 2459 1163 2518 formam
1209 2462 1549 2534 assumens),
1586 2478 1686 2516 nec
1728 2478 1963 2533 unquam
2001 2466 2197 2521 docere
2219 2467 2488 2531 desinam,
2544 2478 2670 2519 cum
2740 2475 2846 2530 qua
2908 2467 3066 2511 Italus
3103 2471 3246 2519 sum.
3278 2464 3335 2511 el
3388 2468 3505 2510 CIIII?

244 2567 354 2623 qua
378 2554 505 2609 hinc
527 2555 827 2611 discedam.

325 2645 446 2711 ις’.
477 2643 662 2699 Ταῦτα
689 2644 841 2700 καλῶ
868 2645 991 2698 κατ’
1019 2643 1191 2714 ὄνομα
1222 2641 1346 2713 (οὐκ
1390 2640 1652 2712 ἀνώνυμα
1696 2641 1826 2712 γὰρ,

2000 2637 2141 2694 XVI.
2198 2637 2305 2693 Eas
2365 2636 2681 2692 nominatim
2731 2652 2866 2694 voco
2915 2638 3053 2708 (nec
3093 2638 3237 2692 enim
3296 2635 3516 2692 nomine

252 2733 446 2806 ὥςπερ
468 2735 590 2788 οὐδὲ
621 2735 851 2806 ἀστέρες
904 2733 1300 2807 ἀριθμούμενοι
1349 2732 1443 2786 καὶ
1501 2730 1837 2805 ὀνομαζόμε-

249 2829 389 2899 νοι),
418 2828 514 2881 κα)⁸
538 2826 891 2882 ἀκολουθοῦσί
940 2844 1050 2898 μοι,
1085 2826 1336 2898 ὲκτρέφω
1363 2825 1474 2896 γὰρ
1514 2826 1608 2880 ἐπὶ
1640 2824 1836 2890 ὕδατος

248 2916 641 2981 ἀναπαύσεως’
674 2916 1025 2971 ἀκολουθοῦσι
1061 2917 1172 2988 (22)
1205 2916 1262 2969 δὲ
1293 2917 1388 2970 καὶ
1410 2916 1572 2969 παντὶ
1606 2915 1836 2988 τοιούτῳ

249 3009 488 3082 ποιμένι,
523 3002 583 3064 οὗ
614 3009 713 3081 τὴν
739 3009 922 3081 φωνὴν
951 3010 1136 3080 ὁρᾶτε,
1173 3010 1322 3073 ὅπως
1343 3008 1515 3080 ἡδέως
1546 3009 1790 3079 ἥκουσαν
1817 3026 1832 3042 ο

249 3101 517 3172 ἀλλοτρίῳ
543 3100 600 3154 δὲ
652 3102 714 3154 οὺ
766 3101 840 3172 μὴ
891 3098 1358 3170 ἀκολουθήσωσιν,
1384 3099 1522 3153 ἀλλά
1550 3098 1836 3169 φεύξονται

249 3190 345 3243 ἀπ’
374 3188 562 3255 αὐτοῦ,
586 3190 670 3243 ὃτι
697 3189 1095 3261 διαγνωστικὴν
1131 3188 1244 3256 ἕξιν
1270 3189 1487 3260 ἔχουσιν
1520 3188 1621 3261 ήδη
1650 3189 1836 3259 φωνῆς

248 3282 459 3346 οἰκείας
510 3284 604 3336 καὶ
648 3282 937 3353 ἀλλοτρίας
969 3282 1109 3355 (25).
1139 3281 1431 3348 Φεύξονται
1480 3280 1836 3335 Οὐαλεντίνου

249 3374 350 3447 τὴν
375 3374 470 3428 τοῦ
496 3376 615 3439 ἑνὸς
660 3376 742 3440 είς
770 3375 864 3429 δύο
901 3374 1240 3446 κατατομὴν,
1275 3375 1375 3428 οὐκ
1413 3373 1571 3428 ἀλλον
1599 3372 1712 3446 (24)
1739 3373 1835 3427 τοῦ

251 3466 462 3537 ἀγαθοῦ
520 3468 610 3521 τὸν
651 3467 992 3540 Δημιουργὸν
1027 3467 1398 3532 πιστεύοντες,
1465 3467 1560 3519 καὶ
1597 3465 1690 3519 τὸν
1733 3465 1839 3517 Βυ-

253 3556 367 3622 θδν,
399 3558 494 3612 καὶ
520 3556 618 3630 τὴν
652 3558 836 3630 Σιγὴν,
886 3558 981 3613 καὶ
1010 3559 1138 3620 τοὺς
1173 3556 1435 3627 μυθικοὺς
1481 3555 1717 3619 Αίῶνας,
1769 3553 1838 3607 τὰ

255 3648 421 3721 βυθοῦ
463 3651 558 3704 καὶ
607 3652 767 3720 σιγῆς
795 3650 947 3714 ὄντος
988 3649 1132 3716 ἀξια.
1179 3648 1471 3715 Φεύξονται
1513 3645 1837 3717 Μαρκίωνος

251 3740 347 3793 τὸν
366 3743 433 3794 ὲκ
462 3742 741 3813 στοιχείων
775 3741 887 3813 (25)
918 3741 1012 3795 καὶ
1050 3739 1304 3812 ἀριθμῶν
1338 3738 1470 3792 Θεόν
1491 3754 1505 3769 ο
1562 3736 1836 3792 Μοντανοῦ

252 3831 317 3883 τὸ
364 3832 600 3903 πονηρὸν
652 3831 870 3905 πνεῦμα
923 3832 1019 3886 καὶ
1064 3831 1372 3900 γυναικεῖον
1415 3845 1428 3859 ·
1475 3827 1659 3883 Μάνου
1736 3825 1838 3898 τὴν

255 3919 390 3993 ὕλην
459 3924 598 3994 μετά
658 3923 753 3978 τοῦ
829 3923 1054 3987 σκότους
1079 3937 1094 3951 °
1159 3922 1413 3977 Ναυάτου
1474 3921 1583 3992 τὴν
1639 3918 1838 3982 ἀλαζο-

1935 2741 2143 2801 carent,
2198 2730 2653 2802 quemadmodum
2702 2745 2806 2787 nec
2856 2730 3061 2794 sidera,
3109 2744 3231 2800 quae
3289 2743 3517 2785 numero

1934 2824 2486 2895 comprehenduntur,
2538 2838 2602 2878 ac
2648 2836 2749 2879 suo
2796 2836 3024 2893 qumque
3061 2823 3281 2877 nomine
3328 2821 3517 2893 appel—

1937 2917 2117 2973 lantur
2146 2917 2245 2988 '3),
2283 2926 2338 2971 et
2377 2931 2464 2971 me
2509 2925 2836 2986 sequuntur,
2887 2925 3073 2985 utpote
3120 2932 3151 2971 a
3198 2931 3307 2985 quo
3357 2930 3518 2986 super

1936 3022 2130 3076 aquam
2182 3005 2495 3061 refectionis
2559 3005 2860 3061 educantur
2912 3004 2959 3038 δ’
2996 3020 3011 3058 :
3042 3006 3290 3075 quemvis
3354 3006 3519 3060 etiam

1938 3100 2102 3153 alium
2157 3097 2394 3153 similem
2441 3106 2715 3166 pastorem
2768 3105 3091 3167 sequuntur,
3131 3097 3286 3167 cujus
3331 3111 3518 3152 vocem

1936 3202 2136 3262 quanta
2179 3205 2301 3245 cum
2346 3190 2620 3262 voluptate
2651 3190 2978 3254 audiverim,
3013 3190 3247 3246 videtis:
3284 3189 3519 3245 alienum

1937 3291 2117 3338 autem
2160 3282 2386 3338 minime
2430 3290 2747 3353 sequentur,
2785 3296 2972 3336 verum
3005 3281 3075 3336 ab
3118 3295 3185 3336 eo
3216 3279 3520 3352 diﬂugient,

1937 3375 2369 3445 quandoquidem
2395 3375 2462 3431 ad
2498 3389 2621 3431 eum
2645 3375 2757 3445 jam
2779 3375 3020 3431 habitum
3050 3383 3431 3443 pervenerunt,
3459 3381 3520 3428 ut

1938 3463 2257 3537 familiarem
2290 3479 2478 3519 vocem
2502 3466 2571 3520 ab
2602 3465 2778 3522 aliena
2816 3467 3207 3521 internoscant.
3244 3464 3516 3520 Valentini

1939 3556 2097 3612 unius
2125 3557 2179 3610 in
2212 3557 2320 3611 duo
2360 3556 2657 3612 sectionem
2706 3555 2932 3628 fugient,
2968 3572 3149 3612 rerum
3196 3557 3445 3628 opificem
3489 3572 3520 3611 ι

1937 3648 2081 3704 bono
2129 3648 2402 3703 diversum
2462 3649 2688 3705 minime
2745 3665 2868 3706 esse
2925 3650 3520 3721 credentes;Bytbum

1939 3738 2159 3810 insuper
2195 3750 2249 3794 et
2277 3739 2462 3812 Sigen,
2510 3750 2567 3796 et
2594 3740 2872 3797 fabulosus
2916 3741 3118 3798 Eones
3161 3743 3387 3811 fugient,
3432 3757 3523 3798 res

1940 3844 2073 3887 sane
2093 3830 2359 3900 profundo
2385 3834 2597 3904 gurgite
2627 3849 2692 3888 ac
2719 3834 2935 3890 silentio
2971 3835 3180 3904 dignas.
3233 3836 3524 3891 Marcionis

1938 3938 2152 3994 quoque
2195 3923 2484 3980 conflatum
2528 3941 2598 3981 ex
2643 3926 2926 3983 elementis
2970 3935 3025 3981 et
3066 3928 3308 3982 numeris
3354 3926 3523 3982 Deum

253 4014 425 4078 νείαν,
458 4015 555 4068 καὶ
589 4015 689 4087 τὴν
724 4017 781 4071 ὲν
815 4017 1023 4088 ῥήμασι
1082 4013 1432 4086 καθαρότητα
1465 4029 1480 4042 ο
1538 4011 1832 4065 Σαϐελλίου

1945 4014 2178 4084 fugient;
2229 4015 2465 4071 Montani
2510 4032 2734 4087 pravum
2767 4028 2822 4074 et
2860 4019 3180 4075 muliebrem
3234 4018 3522 4088 spiritum;

254 4104 353 4174 τὴν
406 4106 665 4161 ἀνάλυσιν
718 4108 817 4162 καὶ
872 4108 972 4178 τὴν
1028 4106 1290 4177 σύγχυσιν
1320 4147 1336 4172 ,
1386 4105 1482 4159 καὶ
1540 4102 1639 4175 τὴν
1678 4143 1694 4169 ,
1763 4102 1829 4156 ἵν’

255 4199 430 4263 οὕτως
462 4200 624 4265 εῐπω,
661 4201 981 4262 κατάποσιν,
1020 4200 1089 4254 τὰ
1125 4197 1254 4271 τρία
1295 4198 1376 4262 είς
1408 4196 1468 4250 ἓν
1515 4194 1834 4266 συναιροῦν-

255 4310 349 4357 τος
373 4292 507 4364 (26),
522 4294 634 4348 ἀλλ’
660 4296 762 4348 οὐκ
783 4297 841 4348 ὲν
860 4296 1040 4369 τρισὶν
1068 4293 1340 4364 ὑφεστῶσι
1371 4293 1435 4346 τὸ
1457 4291 1514 4345 ἓν
1538 4290 1835 4363 ὁρίζοντος*

269 4388 485 4461 Ἀρείου
535 4387 632 4441 καὶ
661 4387 770 4440 τῶν
814 4388 909 4441 ὑπ’
960 4386 1156 4458 Ἀρείῳ
1182 4384 1281 4457 τὴν
1300 4384 1412 4438 τῶν
1444 4382 1660 4454 φύσεων
1683 4381 1837 4437 ἀλλο-

1941 4107 2112 4163 Manis
2156 4123 2261 4162 una
2315 4122 2437 4162 cum
2477 4110 2717 4164 tenebris
2768 4110 3084 4176 materiam;
3132 4110 3323 4166 Novati
3367 4124 3526 4165 arro-

1942 4198 2202 4266 gantiam,
2250 4207 2305 4253 et
2363 4200 2521 4255 sitam
2566 4200 2622 4255 in
2672 4201 2856 4257 verbis
2916 4192 3242 4271 puritatem;
3302 4201 3525 4256 Sabellli

1946 4290 2333 4347 resolutionem
2357 4301 2413 4346 et
2438 4291 2814 4348 confusionem
2840 4332 2856 4358 ,
2902 4304 3086 4361 atque,
3116 4301 3175 4348 ut
3203 4292 3278 4348 ita
3309 4292 3526 4364 loquar,

1945 4384 2371 4456 absorptionem,
2402 4393 2514 4440 tres
2541 4400 2798 4454 personas
2826 4386 2879 4441 in
2927 4400 3090 4441 unam
3129 4388 3526 4450 contrahentis,

334 4570 381 4610 "*
413 4570 613 4630 Jerem.
652 4587 783 4637 un,
818 4571 908 4625 14.
985 4566 1207 4625 “Joan.
1240 4582 1295 4635 x,
1332 4567 1421 4622 11.
1495 4565 1543 4599 ⁸⁸
1580 4565 1711 4623 ibid.
1743 4567 1832 4624 M.

1941 4569 1952 4600 '
1983 4567 2115 4624 ibid.
2139 4567 2229 4622 27.
2305 4567 2351 4600 ⁴⁸
2382 4567 2513 4625 ibid.
2549 4569 2602 4622 5.
2682 4568 2727 4600 θ’
2764 4567 2910 4625 Psal.
2947 4585 3082 4636 xm,
3108 4568 3164 4626 2.

331 4748 942 4893 (1ϐζηροσεύχεσθαι.
991 4755 1104 4808 Duo
1126 4752 1319 4825 Regg.,
1347 4750 1623 4823 εὕχεσθαι.
1797 4820 1808 4832 υ

358 4822 421 4876 I7
503 4824 809 4891 Οὐρανων.
880 4825 1015 4893 Reg.
1078 4825 1133 4889 b,
1194 4823 1483 4893 οὐρανίων,
1549 4840 1568 4873 ι
1599 4822 1808 4876 caelesti

243 4841 293 4949 ἰ)
331 4822 447 4893 (I7)
503 4822 809 4891 Οὐρανῶν.
880 4825 1015 4895 Reg.
1078 4825 1133 4889 b,
1194 4822 1483 4895 οὐρανίων,
1549 4840 1568 4873 ι
1599 4822 1845 4876 caelesti-

298 4907 380 4946 us.
411 4911 431 4943 ι

331 4962 445 5033 (1⁸)
487 4963 614 5017 Ἐπὶ
650 4963 953 5034 κρημνῶν.
989 4963 1125 5019 Tres
1154 4963 1345 5035 Regg.,
1365 4962 1586 5031 aliique,
1610 4959 1847 5030 ὲπίκρτι-

257 5048 447 5238 ἓξὲξ)
486 5102 785 5168 Ἐδίδαξα.
834 5102 928 5160 Sic
979 5102 1139 5160 codd.
1187 5062 1534 5160 Mendosein
1584 5101 1698 5167 ed.,
1742 5100 1853 5154 ἐδί-

335 5242 456 5327 (20)
480 5245 1044 5327 Σιλμμορςοούιιενος.
1095 5244 1230 5315 Reg.
1269 5245 1327 5310 b,
1393 5240 1845 5316 συμμορφιζόμε-

256 5328 373 5376 νος,
407 5314 463 5383 et
487 5314 553 5367 ad
585 5330 757 5383 marg.
783 5314 847 5369 ut
870 5317 925 5370 in
955 5318 1043 5370 ed.

334 5382 448 5454 (21)
472 5382 806 5454 Παύσοιλαι.
840 5384 935 5441 0r.
972 5386 1023 5448 1,
1049 5383 1315 5454 παύομαι.

333 5454 449 5527 (22)
497 5455 936 5527 Ἀκολουθοῦσι.
978 5456 1073 5511 Or.
1097 5458 1151 5519 1,
1189 5454 1636 5527 ἀκολουθήσουσι.

334 5524 450 5599 (Ξξι)
495 5525 856 5594 Ἁλιοτρίας.
915 5527 974 5599 in
1025 5526 1182 5599 editis
1221 5524 1467 5596 sequitur
1492 5524 1671 5594 ἄλλον,
1704 5527 1846 5599 quod

256 5596 530 5651 erasimus
553 5598 878 5651 auctoritate
907 5597 1259 5664 plurimorum
1287 5599 1558 5654 codicum.
1600 5608 1604 5613 '

586 5688 857 5751 ΡΑτιιοι..
888 5687 1006 5750 Gn.
1045 5688 1343 5753 XXXVI.

2017 4752 2142 4830 (24)
2165 4752 2527 4830 Θήῃ-ἄλλον.
2574 4753 2664 4830 Sic
2707 4760 2812 4830 duo
2842 4758 3035 4830 Regg.,
3071 4759 3284 4823 Comb.,
3312 4770 3418 4815 etc.
3473 4775 3529 4817 tn

1951 4821 2192 4897 _ed.,_oinc
2222 4821 2632 4897 ἀλλουηὸεοιίο
2681 4827 2841 4883 unius
2874 4821 3085 4894 in'du'o,
3118 4821 3280 4897 quam
3313 4830 3402 4885 hic
3430 4832 3528 4890 Va—

1951 4893 2159 4969 lentino
2180 4893 2370 4969 tribuit
2402 4894 2720 4969 gregarius,
2748 4898 2941 4969 dogma
2981 4893 3084 4954 fuit
3109 4893 3417 4955 Marcionis.
3454 4903 3530 4956 De

1950 4962 2221 5035 Valentini
2253 4961 2546 5028 Eonibus',
2582 4961 2850 5035 glegenda'
2881 4971 3194 5025 dissertatio
3226 4971 3529 5027 novissitnzr

1956 5032 2017 5106 S.
2039 5033 2243 5106 glrcnaei,
2273 5048 2496 5106 operum
2527 5032 2756 5106 editioni
2778 5043 2997 5106 prmia.
3039 5039 3308 5095 Caeterum
3334 5040 3523 5096 Valen-

1954 5102 2053 5158 tini
2086 5113 2141 5157 et
2178 5102 2405 5159 aliorum
2453 5105 2704 5175 dogmata
2738 5102 2936 5178 Epiplt.
2989 5122 3046 5165 et
3086 5112 3225 5182 Aug.
3272 5122 3528 5169 accurate

1953 5183 2249 5244 exponunt.

2014 5243 2127 5316 (25)
2164 5243 2278 5297 Τὸν
2325 5245 2394 5300 ἐκ
2424 5246 2763 5314 στοιχείων,
2800 5256 2909 5304 etc.
2945 5267 2964 5301 ι
2987 5248 3289 5306 Conﬂatum
3332 5268 3399 5309 ex
3422 5252 3531 5307 ele-

1944 5315 2141 5387 mentis
2191 5322 2256 5387 _et
2299 5316 2541 5387 numeris
2602 5317 2791 5370 Deum.
2824 5337 2843 5369 ι
2910 5319 3164 5374 Erroretn
3215 5324 3383 5387 hunc,
3429 5338 3533 5376 non

1942 5383 2230 5464 Marcioni,
2290 5385 2388 5441 sed
2440 5385 2624 5441 Marco
2655 5387 2901 5443 tribuunt
2941 5389 3177 5445 lrenaeus
3201 5401 3258 5446 et
3298 5383 3533 5464 Epipha-

2016 5522 2130 5603 (26)
2160 5525 2266 5603 ῌὶς
2299 5523 2370 5579 ἓν
2388 5527 2854 5603 ρὐναιροῦνςτος.
2886 5527 2978 5603 Sic
2992 5536 3115 5603 tres
3159 5530 3354 5603 Regg.,
3389 5533 3482 5590 0r.
3510 5534 3535 5587 1

1945 5605 2002 5652 et
2024 5596 2215 5652 Camb.
2252 5598 2309 5652 In
2339 5596 2449 5667 ed.,
2483 5598 2863 5671 συναιροῦντος
2882 5601 2963 5662 είς
2992 5598 3069 5652 ἓν.

3134 5693 3177 5769 8.
