3910 6214
247 138 356 197 ω

923 140 1184 199 ORATIO
1222 142 1461 200 XXXIII.
1503 173 1572 184 —
1610 141 1887 199 CONTRA
1928 138 2236 196 ARIANOS
2273 137 2362 193 ET
2402 136 2490 193 DE
2531 134 2786 192 SEIPSO.

3389 135 3498 190 εει

248 260 414 331 ἡμεῖς
441 259 706 329 ἀγγέλους
725 278 737 293 ·
771 254 917 318 οὗτοι
936 262 1157 337 θράσος,
1179 266 1364 320 πίστιν
1390 266 1553 338 ἡμεῖς
1567 283 1580 297 ·
1604 259 1826 318 οῦτοιτὸ

1942 260 2073 316 licio.
2110 257 2175 314 Hi
2213 258 2439 329 populos
2470 257 2695 323 habent,
2732 270 2834 313 nos
2864 254 3124 324 angelos;
3186 252 3241 307 bi
3270 252 3496 307 temeri-

248 348 512 413 ἀπειλεῖν,
530 351 691 422 ἡμεῖς
707 352 771 407 τὸ
786 354 1182 425 προσεύχεσθαι
1199 354 1335 427 (16)·
1350 348 1495 410 οὗτοι
1511 356 1573 409 τὸ
1591 354 1826 426 βάλλειν,

249 444 412 512 ἡμεῖς
444 441 507 495 τὸ
544 442 733 513 φέρειν
755 459 770 473 ο
801 437 948 498 οὗτοι
986 445 1187 517 χρυσὸν
1233 446 1328 500 καὶ
1356 446 1615 519 ἄργυρον,
1667 445 1830 515 ἡμεῖς

248 533 405 607 λόγον
428 534 861 607 κεκαθαρμένον.
909 537 1201 607 Ἐποίησας
1231 536 1442 608 σεαυτῷ
1465 536 1709 608 διώροφα
1735 537 1829 590 καὶ

248 624 533 698 τριώροφα
573 626 781 696 (γνῶθι
820 627 890 682 τά
937 631 1156 700 ῥήματα
1200 631 1302 701 τῆς
1351 630 1628 702 Γραφῆς),
1680 625 1829 684 οἷκον

251 720 525 791 ριπιστὸν,
572 720 955 791 διεσταλμένον
988 721 1238 794 θυρίσινς
1284 723 1399 777 ἀλλ’
1446 720 1600 776 οῦπω
1657 721 1830 777 ταῦτα

247 808 348 878 τῆς
372 809 513 879 ἐμῆς
556 808 791 874 πίστεως
830 809 1159 883 ὑψηλότερα,
1193 814 1289 866 καὶ
1316 810 1425 865 τῶν
1449 811 1696 884 οὐρανῶν
1716 811 1829 883 (17)

249 902 387 972 πρὸς
417 900 513 966 οὓς
529 902 786 974 φέρομαι.
812 904 1025 975 Μικρὸν
1052 922 1142 976 μοι
1162 905 1223 959 τὸ
1245 905 1528 976 ποίμνιον;
1572 903 1712 957 Ἀλλ’
1727 903 1830 983 οὐκ

247 993 343 1046 ἐπὶ
358 993 621 1065 κρημνῶν
638 995 748 1066 (18)
767 996 1087 1066 φερόμενον.
1107 997 1273 1067 Στενή
1291 997 1431 1068 μοιὴ
1452 994 1831 1068 μάνδρα,πλὴν

248 1082 436 1146 λύκοις
455 1083 798 1148 ἀνεπίϐατος,
813 1084 952 1157 πλὴν
967 1085 1028 1138 ού
1049 1085 1463 1159 παραδεχομένη
1481 1083 1831 1157 λῃστὴν,ούδὲ

249 1175 694 1248 ὑπερϐαίνομένη
710 1176 973 1242 κλέπταις
991 1178 1087 1231 καὶ
1116 1176 1305 1243 ξένοις.
1331 1177 1572 1249 Ὀψομαι
1603 1176 1828 1249 ταύτην,

246 1263 309 1321 εὖ
344 1263 463 1321 οἶδα
487 1309 503 1332 ,
538 1267 635 1320 κα)⁸
666 1267 1030 1341 πλατυτέραν.
1074 1268 1309 1333 Πολλοὺς
1352 1268 1461 1323 τῶν
1506 1268 1601 1322 νῦν
1629 1267 1828 1333 λύκων,

247 1362 308 1412 ὲν
333 1358 627 1430 προϐάτοις
664 1357 969 1431 ἀριθμῆσαι
1007 1378 1073 1431 με
1108 1360 1207 1422 δεῖ,
1242 1360 1404 1432 τυχὸν
1432 1360 1528 1414 καὶ⁸
1553 1359 1828 1429 ποιμέσιν.

250 1449 422 1503 Τοῦτο
455 1447 863 1519 εὐαγγελίζεται
900 1468 989 1522 μοι
1043 1453 1072 1505 ὀ
1106 1452 1309 1523 ποιμὴν
1357 1453 1386 1505 ὁ
1421 1451 1610 1517 καλὸς,
1652 1452 1722 1505 δι’
1772 1451 1833 1506 ὃν

248 1540 362 1611 ἐγὼ
385 1541 574 1613 τίθημι
610 1540 710 1612 τὴν
746 1541 922 1613 ψυχὴν
948 1542 1091 1615 ὑπὲρ
1138 1543 1247 1596 τῶν
1275 1542 1584 1613 προϐάτων.
1629 1544 1704 1596 Οὐ
1739 1560 1833 1613 φο-

1930 360 2095 406 tatem
2122 359 2179 406 et
2211 350 2515 414 audaciam,
2555 364 2656 406 nos
2682 349 2838 406 ﬁdem
2865 364 2883 415 ;
2911 347 2968 402 hi
3005 345 3211 408 minas,
3244 356 3344 398 nos
3372 356 3498 396 ora—

1932 443 2141 511 tiones;
2175 444 2230 498 hi
2264 443 2405 513 quod
2460 442 2803 513 percutiunt,
2837 455 2938 495 nos
2974 438 3117 509 quod
3146 436 3412 505 ferimus;
3441 432 3498 488 IlI

1929 548 2118 588 aurum
2163 544 2219 589 et
2270 544 2582 603 argentum,
2625 548 2723 590 nos
2774 538 3121 602 repurgatam
3175 526 3496 582 doctrinam.

1929 625 2127 681 Fecisti
2186 625 2284 681 tibi
2346 624 2591 695 duplices
2645 633 2701 681 et
2772 623 3015 693 triplices
3067 616 3501 688 contignationes

1932 716 2199 788 (agnosce
2251 716 2542 787 Scriptura:
2588 717 2817 788 verba),
2873 717 3091 771 domum
3140 706 3498 782 perﬂatilem,

1933 808 2185 864 fenestris
2218 809 2530 865 distinctam
2559 809 2646 861 ἰδῖ
2687 811 2756 864 At
2793 810 2909 864 haec
2951 805 3187 861 nondum
3237 800 3345 856 ﬁde
3380 811 3503 853 mea

1934 901 2244 956 sublimiora
2268 911 2421 969 sunt,
2450 917 2549 958 nec
2569 902 2744 967 caelis,
2782 902 2849 955 ad
2881 915 3018 969 quos
3047 896 3228 952 tendo.
3262 892 3335 948 At
3370 890 3503 946 mihi

1933 1011 2065 1069 grex
2116 996 2381 1067 exiguus?
2430 998 2535 1052 Sed
2583 999 2634 1050 in
2687 995 2983 1065 praecipitia
3031 1006 3139 1047 non
3182 988 3374 1044 fertur.
3435 983 3507 1037 At

1934 1096 2158 1156 angusta
2191 1087 2320 1142 mihi
2352 1085 2547 1142 caula?
2578 1085 2684 1141 Sed
2707 1100 2829 1155 quae
2866 1085 3007 1154 lupis
3038 1097 3146 1137 non
3179 1085 3381 1150 pateat,
3409 1075 3504 1131 sed

1934 1192 2054 1247 qna:
2079 1176 2345 1232 latronem
2377 1192 2483 1232 non
2509 1177 2781 1243 admittat,
2807 1189 2909 1230 nec
2936 1191 2964 1228 a
2998 1173 3232 1236 furibus,
3263 1179 3319 1223 et
3353 1175 3506 1221 exte-

1934 1268 2011 1321 ris
2036 1268 2465 1322 transcendatur.
2513 1267 2671 1328 Eam,
2714 1266 2937 1335 'pnlchre
2958 1263 3092 1328 scio,
3116 1274 3235 1315 eam
3258 1256 3504 1311 latiorem

1934 1359 2165 1414 videbo:
2210 1361 2410 1415 multos
2437 1360 2582 1415 enim
2613 1374 2679 1414 ex
2713 1358 2818 1426 bis,
2851 1356 2943 1427 qui
2985 1368 3128 1409 nunc
3166 1350 3221 1405 in
3256 1348 3504 1415 luporum

1937 1466 2164 1507 numero
2206 1463 2355 1519 sunt,
2404 1453 2548 1507 inter
2573 1466 2723 1515 oves,
2778 1465 2843 1505 ac
2887 1449 3120 1503 fortasse
3151 1445 3315 1500 etiam
3365 1440 3507 1493 inter

1938 1554 2204 1612 pastores,
2236 1545 2598 1600 recensendos
2624 1544 2816 1598 habeo.
2862 1539 2975 1596 Hoc
3000 1537 3131 1593 mihi
3165 1535 3339 1589 fauste
3364 1546 3508 1586 nun-

251 1632 455 1703 ϐοῦμαι
483 1632 545 1686 τὸ
589 1632 784 1704 μικρὸν
811 1634 1081 1705 ποίμνιον,
1112 1635 1445 1689 εὐσύνοπτον
1470 1634 1578 1706 γάρ
1601 1653 1613 1665 ·
1644 1636 1726 1688 ὅτι
1755 1650 1833 1703 γι-

1942 1634 2036 1687 tiat
2066 1634 2259 1689 Pastor
2282 1635 2369 1690 ille
2392 1637 2584 1699 bonus,
2612 1639 2682 1691 ob
2718 1648 2878 1704 quem
2920 1646 3020 1702 ego
3062 1628 3297 1701 animam
3330 1636 3507 1677 meam

249 1723 447 1777 νώσκω
501 1723 571 1777 τὰ
611 1724 756 1795 tua,
805 1726 899 1778 καὶ
947 1725 1289 1797 γινώσκομαι
1345 1727 1453 1781 ὑπὸ
1505 1725 1614 1780 τῶν
1659 1726 1829 1798 ἐμῶν.

248 1814 490 1868 Τοιαῦτα
526 1814 592 1869 τὰ
614 1814 747 1869 Θεὸν
775 1816 1135 1886 γινώσκοντα,
1166 1819 1263 1872 καὶ
1294 1816 1414 1889 Θεῷ
1429 1819 1830 1890 γινωσκόμενα.

255 1906 333 1960 Τὰ
369 1908 636 1975 πρόϐατα
672 1908 746 1963 τὰ
787 1907 901 1979 ἐμὰ
927 1908 1039 1979 τῆς
1090 1909 1301 1979 φωνῆς
1345 1928 1466 1981 μου
1501 1911 1728 1978 ἀκούει,
1765 1904 1835 1983 ἧς

248 2000 461 2071 ηκουσα
490 2001 640 2073 παρὰ
671 2001 780 2054 τῶν
814 1999 978 2055 θείων
1000 2002 1221 2071 λογίων,
1256 2003 1325 2075 ἢν
1351 2003 1638 2075 ἐδιδάχθην
1683 2003 1835 2075 παρὰ

248 2091 357 2145 τῶν
411 2092 582 2161 ἀγίων
626 2092 907 2164 Πατέρων,
952 2094 1021 2164 ἢν
1066 2092 1283 2159 ἐδίδαξα
1325 2094 1437 2165 (l9)
1472 2094 1615 2148 κατὰ
1649 2094 1829 2149 πάντα

249 2183 441 2254 καιρὸν
463 2183 684 2254 ὁμοίως,
712 2185 774 2238 οὐ
798 2184 1288 2257 συμμορφούμενος
1306 2186 1421 2258 (ΞΟ)
1445 2190 1560 2252 τοῖς
1593 2191 1828 2259 καιροῖς,

250 2276 347 2329 καὶ
377 2274 644 2331 διδάσκων
673 2277 736 2330 οὐ
788 2278 1073 2349 παύσομαι
1104 2276 1243 2350 (ﬁl),
1277 2277 1397 2349 μεθ’
1418 2272 1487 2350 ἧς
1512 2280 1830 2352 ἐγεννήθην,

248 2366 346 2421 καὶ
439 2368 875 2440 συναπέρχομαι.

1936 1740 2035 1794 pro
2054 1725 2244 1781 ovibus
2271 1741 2417 1796 pono
2439 1727 2509 1781 ⁴⁸.
2545 1726 2782 1796 Exiguus
2799 1739 2929 1795 grex
2958 1725 3208 1777 timorem
3235 1716 3366 1773 mihi
3394 1729 3506 1769 non

1936 1816 2135 1886 injicit,
2186 1827 2371 1888 utpote
2423 1817 2582 1874 facile
2641 1818 2999 1887 conspicuus;
3071 1810 3326 1883 quoniam
3379 1820 3507 1863 oves

1936 1923 2089 1964 meas
2135 1924 2426 1978 cognosco,
2476 1917 2531 1965 et
2567 1924 2598 1963 a
2644 1910 2781 1964 meis
2809 1905 3046 1962 vicissim
3100 1914 3395 1972 cognoscor
3438 1898 3506 1952 “.

1938 2003 2097 2060 Tales
2158 2015 2306 2070 sunt,
2357 2020 2478 2075 qua:
2543 2004 2708 2059 Deum
2768 2007 3140 2071 cognoscunt,
3205 2003 3260 2051 et
3311 2008 3343 2048 a
3398 1992 3507 2047 Deo

1933 2106 2354 2168 cognoscuntur.
2401 2094 2535 2151 Oves
2584 2110 2714 2150 metu
2761 2110 2933 2149 uocem
2978 2105 3148 2145 meum
3183 2088 3408 2143 audiunt
3442 2083 3507 2138 δ’.

1933 2205 2095 2261 qnam
2125 2205 2158 2245 a
2187 2190 2387 2246 divinis
2403 2188 2642 2244 oraculis
2663 2187 2867 2255 audivi,
2889 2183 3056 2258 614
3071 2197 3233 2254 quam
3257 2195 3289 2235 a
3311 2178 3506 2235 sanctis

1933 2281 2185 2338 Patribus
2238 2283 2427 2347 didici,
2483 2295 2645 2351 quam
2701 2294 2797 2349 per
2853 2286 3069 2332 omnem
3117 2275 3242 2330 vita
3292 2286 3506 2327 cursum

1934 2375 2123 2431 eodem
2150 2375 2311 2431 modo
2339 2375 2499 2431 dncui
2532 2376 2913 2444 (nequaquam
2948 2384 3045 2439 pro
3070 2377 3312 2435 tempore
3350 2365 3507 2421 aliam

249 2469 416 2527 atque
460 2458 621 2513 aliain
655 2459 885 2514 subinde
937 2457 1165 2516 formam
1211 2461 1551 2533 assumens),
1587 2477 1687 2515 nec
1731 2478 1965 2533 unquam
2003 2466 2199 2521 docere
2222 2467 2490 2531 desinam,
2547 2478 2672 2519 cum
2743 2476 2848 2531 qua
2909 2468 3068 2512 Italus
3105 2472 3249 2521 sum.
3281 2465 3337 2512 ει
3391 2470 3507 2511 CIIII!

247 2565 354 2620 qua
379 2551 507 2607 blnc
529 2553 830 2609 discedam.

326 2643 446 2709 ις’.
479 2641 664 2696 Ταῦτα
692 2642 843 2698 καλῶ
869 2644 993 2696 κατ’
1021 2641 1193 2712 ὄνομα
1223 2639 1347 2711 (οὐκ
1391 2639 1654 2711 ἀνώνυμα
1697 2640 1829 2712 γὰρ,

2001 2637 2143 2693 XVI.
2201 2638 2306 2693 Eas
2366 2637 2682 2692 nominatim
2734 2652 2868 2694 voco
2917 2638 3055 2709 (nec
3094 2638 3239 2693 enim
3298 2636 3517 2693 nomine

255 2730 447 2803 ῶσπερ
469 2732 592 2785 οὐδὲ
623 2732 853 2805 ἀστέρες
907 2731 1302 2805 ἀριθμούμενοι
1350 2732 1445 2785 καὶ
1503 2730 1838 2804 ὀνομαζόμε-

251 2826 390 2896 νοι),
419 2826 516 2879 καὶ
541 2825 892 2880 ἀκολουθοῦσι
941 2843 1052 2896 μοι,
1086 2824 1338 2896 ὲκτρέφω
1364 2823 1475 2895 γάρ
1515 2825 1609 2879 ἐπὶ
1641 2823 1837 2889 ὕδατος

251 2914 642 2979 ἀναπαύσεως·
675 2914 1026 2970 ἀκολουθοῦσι
1062 2915 1174 2986 (22)
1206 2914 1263 2968 δὲ
1294 2915 1390 2969 καὶ
1410 2916 1573 2969 παντὶ
1607 2914 1838 2987 τοιούτῳ

251 3007 490 3079 ποιμένι,
524 2999 584 3061 οὗ
616 3007 714 3079 τὴν
741 3007 924 3079 φωνὴν
952 3009 1137 3079 ὁρᾶτε,
1174 3008 1323 3071 ὅπως
1345 3007 1516 3078 ἡδέως
1547 3007 1791 3078 ἥκουσαν
1818 3025 1833 3042 ·

252 3098 518 3169 ἀλλοτρίῳ
544 3098 601 3151 δὲ
653 3099 714 3151 οὐ
767 3099 841 3171 μή
893 3097 1359 3169 ἀκολουθήσωσιν,
1386 3098 1523 3152 ἀλλά
1551 3097 1837 3168 φεύξονται

250 3187 346 3240 ἀπ’
376 3186 564 3253 αὐτοῦ,
588 3188 671 3241 ὃτι
698 3187 1096 3259 διαγνωστικὴν
1131 3187 1245 3255 ἕξιν
1270 3188 1488 3259 ἔχουσιν
1520 3187 1622 3260 ἤδη
1651 3188 1838 3258 φωνῆς

249 3279 460 3344 οἰκείας
511 3281 606 3334 καὶ
650 3280 938 3351 ἀλλοτρίας
970 3281 1110 3353 (25).
1140 3280 1432 3346 Φεύξονται
1481 3279 1837 3335 Οὐαλεντίνου

250 3371 351 3443 τὴν
376 3371 471 3425 τοῦ
498 3373 617 3436 ἑνὸς
662 3374 742 3438 είς
770 3373 865 3427 δύο
902 3373 1241 3444 κατατομὴν,
1275 3373 1376 3427 ούκ
1414 3372 1572 3427 ἄλλον
1600 3371 1713 3445 (24)
1740 3372 1836 3426 τοῦ

252 3463 463 3534 ἀγαθοῦ
521 3465 612 3519 τὸν
651 3465 993 3538 Δημιουργδν
1028 3465 1398 3531 πιστεύοντες,
1466 3466 1561 3519 καὶ
1598 3465 1690 3518 τὸν
1734 3464 1840 3517 Bo-

254 3553 368 3620 θον,
399 3555 495 3609 καὶ
521 3554 619 3628 τὴν
652 3556 837 3628 Σιγὴν,
886 3556 981 3611 καὶ
1011 3558 1138 3619 τοὺς
1173 3554 1436 3626 μυθικοὺς
1482 3554 1717 3618 Αίῶνας,
1769 3553 1838 3607 τά

256 3644 422 3717 βυθοῦ
464 3648 559 3701 καὶ
608 3649 768 3718 σιγῆς
796 3648 947 3712 ὄντος
989 3648 1133 3714 ἀξια.
1180 3646 1472 3714 Φεύξονται
1514 3645 1837 3716 Μαρκίωνος

252 3736 347 3790 τὸν
367 3740 434 3791 ὲκ
463 3739 742 3810 στοιχείων
775 3739 888 3810 (25)
918 3739 1012 3793 καὶ
1051 3737 1304 3811 ἀριθμῶν
1339 3737 1471 3791 Θεόν
1491 3753 1505 3767 ·
1562 3735 1837 3791 Μοντανοῦ

253 3828 317 3880 τὸ
365 3829 601 3900 πονηρὸν
652 3829 870 3902 πνεῦμα
923 3830 1019 3884 καὶ
1064 3830 1372 3899 γυναικεῖον
1414 3844 1428 3858 ο
1475 3826 1659 3882 Μάνου
1736 3825 1838 3898 τὴν

254 3916 391 3990 ὕλην
460 3921 598 3991 μεεά
659 3920 753 3976 τοῦ
828 3921 1054 3985 σκότους
1079 3936 1095 3950 ο
1158 3921 1412 3975 Ναυάτου
1475 3920 1583 3991 τὴν
1639 3917 1838 3981 ἀλαζο-

1937 2741 2144 2801 carent,
2200 2730 2654 2802 quemadmodum
2704 2746 2807 2787 uec
2857 2731 3063 2795 sidera,
3110 2745 3233 2801 quae
3290 2745 3519 2786 numero

1936 2824 2487 2895 comprehenduntur,
2540 2838 2604 2878 ac
2650 2837 2750 2879 suo
2797 2838 3025 2894 qumque
3061 2824 3282 2878 nomine
3329 2823 3518 2895 appel-

1939 2916 2118 2973 lantur
2148 2917 2247 2988 κ),
2285 2927 2340 2972 et
2378 2931 2466 2971 me
2511 2926 2837 2987 sequuntur,
2888 2926 3074 2985 utpote
3122 2933 3152 2972 a
3199 2932 3309 2987 quo
3359 2932 3519 2988 super

1937 3021 2132 3076 aquam
2184 3005 2497 3062 refectionis
2560 3006 2861 3061 educantur
2914 3006 2958 3039 δ’
2997 3007 3291 3076 :quemvis
3355 3008 3520 3062 etiam

1939 3099 2103 3153 alium
2158 3098 2396 3153 similem
2442 3106 2716 3167 pastorem
2769 3106 3093 3168 sequuntur,
3132 3098 3287 3169 cujus
3331 3113 3520 3154 vocem

1936 3202 2137 3262 quanta
2180 3205 2302 3245 cum
2347 3190 2621 3262 voluptate
2653 3190 2978 3254 audiverint,
3013 3191 3248 3247 videtis:
3285 3191 3520 3247 alienum

1938 3290 2118 3337 autem
2162 3282 2387 3338 minime
2431 3291 2748 3354 sequentur,
2786 3297 2973 3337 verum
3005 3283 3075 3337 ab
3119 3297 3186 3337 eo
3217 3280 3521 3353 diffugient,

1938 3375 2370 3445 quandoquidem
2395 3376 2463 3431 ad
2499 3390 2621 3431 eum
2646 3376 2757 3446 jam
2780 3376 3020 3432 habitum
3051 3384 3431 3445 pervenerunt,
3459 3382 3520 3430 ut

1939 3463 2257 3537 familiarem
2291 3479 2479 3519 vocem
2503 3466 2572 3520 ab
2603 3466 2779 3522 aliena
2816 3468 3208 3522 internoscant.
3244 3466 3517 3521 Valentini

1940 3556 2098 3612 unius
2126 3557 2180 3610 in
2213 3557 2321 3611 duo
2361 3557 2658 3612 sectionem
2706 3555 2932 3629 fugient,
2968 3573 3149 3614 rerum
3196 3558 3445 3630 opificem
3490 3574 3521 3613 a

1938 3648 2082 3704 bono
2128 3647 2402 3703 diversum
2463 3649 2689 3706 minime
2746 3665 2868 3707 esse
2925 3652 3520 3723 credentes;Bythum

1939 3738 2159 3810 insuper
2195 3750 2249 3795 et
2277 3739 2462 3812 Sigen,
2510 3751 2568 3797 et
2596 3741 2872 3798 fabulosus
2916 3742 3118 3800 Eones
3161 3744 3387 3813 fugient,
3431 3759 3524 3800 res

1941 3844 2073 3886 sane
2092 3830 2360 3900 profundo
2385 3835 2598 3905 gurgite
2627 3848 2692 3888 ac
2719 3834 2935 3891 silentio
2971 3836 3180 3905 dignas.
3233 3838 3524 3893 Marcionis

1939 3938 2152 3994 quoque
2194 3923 2484 3980 conﬂatum
2529 3941 2598 3981 ex
2643 3927 2926 3984 elementis
2970 3936 3024 3982 et
3066 3930 3308 3984 numeris
3353 3928 3523 3984 Deum

253 4010 425 4075 νείαν,
458 4012 555 4066 καὶ
590 4012 689 4085 τὴν
724 4015 782 4068 ἐν
815 4015 1024 4087 ῥήμασι
1082 4011 1432 4084 καθαρότητα
1465 4028 1480 4042 ο
1537 4010 1833 4064 Σαϐελλίου

1945 4014 2178 4084 fugient;
2229 4014 2464 4071 Montani
2509 4032 2734 4087 pravum
2767 4028 2822 4074 et
2860 4019 3181 4076 muliebrem
3234 4019 3521 4090 spiritum;

253 4101 353 4170 τὴν
406 4103 665 4158 ἀνάλυσιν
717 4106 817 4159 καὶ
872 4105 972 4175 τὴν
1027 4105 1291 4176 σύγχυσιν
1320 4146 1336 4171 ,
1386 4104 1481 4158 καὶ
1539 4101 1638 4175 τὴν
1678 4142 1694 4168 ,
1763 4101 1829 4155 ἵν’

254 4196 430 4260 οὕτως
463 4197 624 4263 είπω,
660 4198 981 4260 κατάποσιν,
1019 4198 1089 4252 τά
1124 4195 1254 4269 τρία
1296 4197 1376 4260 εἰς
1408 4195 1467 4249 ἒν
1514 4194 1834 4266 συναιροῦν-

254 4306 349 4353 τος
373 4288 507 4361 (26),
522 4291 634 4345 ἀλλ’
660 4294 762 4345 οὐκ
783 4294 840 4347 ὲν
860 4293 1040 4366 τρισὶν
1067 4291 1340 4361 ὑφεστῶσι
1371 4291 1435 4344 τὸ
1456 4290 1514 4343 ἓν
1537 4289 1835 4361 ὁρίζοντος·

269 4384 484 4458 ’Δρείου
535 4385 631 4438 κα)⁸
660 4384 770 4437 τῶν
815 4386 909 4439 ὑπ’
960 4384 1156 4456 Ἀρείῳ
1182 4382 1281 4456 τὴν
1300 4383 1411 4437 τῶν
1443 4381 1659 4452 φύσεων
1683 4381 1836 4436 ἀλλο-

1942 4106 2112 4163 Manis
2156 4123 2261 4162 una
2314 4122 2437 4162 cum
2476 4110 2717 4165 tenebris
2768 4112 3084 4177 materiam;
3132 4111 3322 4168 Novati
3366 4125 3525 4167 arro-

1942 4198 2202 4266 gantiam,
2251 4207 2304 4253 et
2363 4200 2521 4255 sitam
2566 4200 2622 4255 in
2672 4202 2855 4257 verbis
2916 4202 3241 4272 puritatem;
3302 4202 3525 4258 Sabellli

1945 4289 2333 4346 resolutionem
2357 4301 2413 4346 et
2437 4292 2814 4349 confusionem
2840 4333 2856 4359 ,
2901 4304 3086 4362 atque,
3115 4303 3174 4349 ut
3202 4293 3277 4349 ita
3309 4293 3525 4366 loquar,

1944 4384 2371 4455 absorptionem,
2401 4393 2513 4441 tres
2541 4400 2798 4455 personas
2827 4387 2879 4442 in
2927 4402 3089 4442 unam
3128 4389 3525 4452 contrahentis,

333 4567 381 4607 ἰδ
412 4567 612 4627 Jerem.
651 4585 783 4634 uti,
818 4569 907 4623 14.
984 4565 1031 4599 ⁵⁸
1050 4564 1206 4623 Joan.
1239 4581 1294 4633 x,
1331 4565 1420 4621 11.
1494 4564 1542 4597 δ’
1579 4563 1711 4622 ibid.
1742 4566 1831 4623 14.

1942 4568 1951 4599 ’
1982 4567 2114 4624 ibid.
2137 4556 2229 4622 27.
2304 4567 2350 4600 ⁴⁸
2381 4567 2512 4625 ibid.
2548 4569 2602 4622 5.
2681 4569 2726 4601 δ’
2764 4567 2908 4626 PsaI.
2946 4587 3081 4638 κω,
3107 4570 3163 4627 2.

329 4744 447 4891 (16)
467 4750 942 4828 Προσεύχεσθαι.
989 4753 1103 4806 Duo
1125 4750 1318 4823 Regg.,
1346 4748 1621 4821 εὔχεσθαι.

358 4819 419 4873 17
503 4822 808 4889 Οὐρανων.
879 4823 1014 4891 Reg.
1077 4822 1132 4888 b,
1193 4821 1482 4891 οὐρανίων,
1548 4839 1567 4872 ι
1598 4819 1807 4876 coelesti

241 4819 446 4946 ’1)(17)
503 4819 808 4889 Οὐρανῶν.
879 4823 1014 4893 Reg.
1077 4822 1132 4888 b,
1193 4819 1482 4893 οὐρανίων,
1548 4839 1567 4872 ι
1598 4819 1844 4876 coelesti-

295 4906 327 4941 η
366 4930 379 4941 .
410 4908 430 4941 ι

330 4958 444 5030 (18)
486 4960 612 5014 Ἐπὶ
649 4961 951 5032 κρημνῶν.
987 4961 1123 5017 Tres
1152 4961 1344 5033 Regg.,
1364 4960 1585 5030 aliique,
1610 4958 1846 5029 ὲπίκρηο

256 5045 446 5235 ἓξὲξ)
484 5099 784 5166 Ἐδίδαξα.
833 5099 927 5159 Sic
977 5100 1138 5158 codd.
1185 5060 1533 5158 Mendose'in
1583 5100 1696 5166 ed.,
1740 5099 1852 5153 ἐδί-

333 5240 447 5312 (ἳο)
478 5243 1042 5314 Συμμορφούμεγος.
1092 5242 1228 5313 Reg.
1268 5243 1325 5309 b,
1391 5239 1844 5314 συμμορφιζόμε-

255 5325 370 5381 νος,
404 5311 461 5381 et
484 5311 551 5366 ad
583 5327 755 5381 marg.
781 5311 923 5368 utin
953 5316 1042 5369 ed.

332 5380 446 5452 (21)
470 5380 804 5452 Παύσομαι.
838 5382 933 5439 0r.
971 5385 1022 5446 1,
1047 5381 1313 5452 παύομαι.

331 5451 446 5526 (22)
493 5451 934 5526 Ἀκολουθοῦσι.
976 5454 1149 5526 Or._I,
1187 5451 1634 5526 ἀκολουθήσουσι.

332 5522 448 5603 (ἳξι)
492 5523 855 5603 Ἁλλοτρζας.
914 5525 972 5603 In
1023 5524 1180 5603 editis
1219 5522 1465 5603 sequitur
1489 5522 1669 5593 ἄλλον,
1702 5527 1844 5598 quod

255 5595 528 5648 erasintus
551 5596 877 5648 auctoritate
905 5595 1256 5662 plurimorum
1285 5597 1556 5652 codicum.
1598 5608 1603 5612 '

584 5686 854 5749 PATuOL.
886 5685 1003 5748 Gn.
1042 5687 1341 5752 XXXVI.

2016 4752 2526 4831 (24)⁸
2573 4753 2664 4831 Sic
2706 4761 2811 4831 duo
2841 4759 3034 4831 Regg.,
3071 4761 3283 4823 Comb.,
3310 4771 3416 4816 etc.
3472 4777 3527 4818 ιη

1949 4822 2191 4899 βάκ-οὐκ
2221 4822 2631 4899 ἀλλου.“8εοιὶο
2680 4828 2840 4883 unius
2872 4822 3083 4896 in'dn'o,
3117 4822 3278 4899 quam
3312 4832 3401 4886 hic
3429 4833 3527 4891 Va.

1950 4893 2158 4969 I_(_%ll_lInQ
2179 4894 2368 4969 tribuit
2401 4894 2718 4969 gregarius,
2747 4899 2939 4969 dogma
2980 4893 3082 4955 fuit
3107 4893 3415 4957 Marcionis.
3452 4904 3528 4958 De

1950 4962 2230 5036 Yalentini
2252 4961 2545 5029 Eonibus',
2578 4961 2848 5036 glegenda'
2879 4972 3193 5026 dissertatio
3225 4972 3528 5029 novissimae

1954 5032 2015 5107 S_.
2037 5032 2243 5107 Irenaei
2272 5049 2494 5107 operum
2525 5032 2747 5091 editioni
2777 5043 2995 5107 praevia.
3038 5040 3306 5096 Caeterum
3333 5041 3520 5098 Valen-

1952 5102 2051 5158 tini
2084 5113 2140 5157 et
2177 5102 2403 5159 aliorum
2452 5106 2703 5176 dogmata
2736 5102 2934 5180 Epiplt.
2987 5122 3044 5166 et
3084 5114 3223 5183 Aug.
3271 5123 3526 5170 accurate

1952 5182 2248 5243 exponunt.

2013 5242 2125 5316 (‘25)
2163 5243 2277 5297 Τὸν
2323 5245 2393 5300 ἐκ
2423 5247 2760 5315 στοιχείων,
2799 5257 2907 5305 etc.
2943 5269 2962 5302 ι
2985 5250 3287 5308 Conﬂatnm
3330 5268 3397 5310 ex
3420 5253 3529 5308 ele-

1943 5315 2140 5388 mentis
2189 5322 2254 5388 et
2297 5317 2539 5388 numeris
2600 5317 2790 5372 Deum.
2822 5338 2841 5370 ι
2908 5321 3162 5375 Errorent
3214 5325 3381 5388 hunc,
3427 5340 3531 5377 non

1941 5382 2227 5464 M_arcioni,
2288 5385 2387 5440 sed
2438 5386 2622 5442 Marco
2653 5388 2899 5445 tribuunt
2940 5390 3175 5446 lrcnaeus
3199 5402 3256 5448 et
3296 5382 3531 5465 Epipha-

1943 5469 2085 5509 ntus.

2014 5522 2128 5604 (g6)
2158 5525 2264 5604 βὶςς
2297 5523 2369 5580 ἓν
2386 5528 2852 5604 ρὐναιροῦκτος.
2884 5528 2976 5604 Sic
2991 5537 3112 5604 tres
3156 5531 3351 5604 Regg.,
3387 5534 3480 5590 Or.
3508 5536 3532 5589 1

1943 5604 2000 5652 et
2023 5595 2212 5652 Comb.
2250 5598 2307 5651 In
2336 5596 2447 5667 ed.,
2481 5595 2860 5671 συναιροῦντος
2880 5601 2961 5663 είς
2989 5600 3066 5653 έν.

3132 5693 3173 5769 8
