  <div class='ocr_page' id='page_1' title='image "/cluster/home/n/w/nwhite01/storage/ocr_20150623/36/nnc1.0022377409/145.png"; bbox 0 0 3910 6214; ppageno 0'>
   <div class='ocr_carea' id='block_1_1' title="bbox 379 105 497 186">
    <p class='ocr_par' dir='ltr' id='par_1_1' title="bbox 379 105 497 186">
     <span class='ocr_line' id='line_1_1' title="bbox 379 105 497 186; baseline 0 0"><span class='ocrx_word' id='word_1_1' title='bbox 379 105 497 186; x_wconf 60' lang='lat'><strong>9&#39;55</strong></span> 
     </span>
    </p>
   </div>
   <div class='ocr_carea' id='block_1_2' title="bbox 1619 121 2441 181">
    <p class='ocr_par' dir='ltr' id='par_1_2' title="bbox 1619 121 2441 181">
     <span class='ocr_line' id='line_1_2' title="bbox 1619 121 2441 181; baseline -0.006 0"><span class='ocrx_word' id='word_1_2' title='bbox 1619 127 1687 181; x_wconf 62' lang='lat' dir='ltr'><strong>&quot;S.</strong></span> <span class='ocrx_word' id='word_1_3' title='bbox 1727 125 2056 181; x_wconf 83' lang='lat' dir='ltr'><strong>GREGORII</strong></span> <span class='ocrx_word' id='word_1_4' title='bbox 2095 121 2441 178; x_wconf 86' lang='lat' dir='ltr'><strong>THEOLOGI</strong></span> 
     </span>
    </p>
   </div>
   <div class='ocr_carea' id='block_1_3' title="bbox 3541 117 3651 175">
    <p class='ocr_par' dir='ltr' id='par_1_3' title="bbox 3541 117 3651 175">
     <span class='ocr_line' id='line_1_3' title="bbox 3541 117 3651 175; baseline -0.009 0"><span class='ocrx_word' id='word_1_5' title='bbox 3541 117 3651 175; x_wconf 75' lang='lat'><strong>9.36</strong></span> 
     </span>
    </p>
   </div>
   <div class='ocr_carea' id='block_1_4' title="bbox 391 233 1946 312">
    <p class='ocr_par' dir='ltr' id='par_1_4' title="bbox 391 240 1940 312">
     <span class='ocr_line' id='line_1_4' title="bbox 391 240 1940 312; baseline -0.007 -9"><span class='ocrx_word' id='word_1_6' title='bbox 391 262 456 303; x_wconf 79' lang='lat' dir='ltr'><strong>ac</strong></span> <span class='ocrx_word' id='word_1_7' title='bbox 499 261 604 301; x_wconf 87' lang='lat' dir='ltr'><strong>non</strong></span> <span class='ocrx_word' id='word_1_8' title='bbox 645 259 806 299; x_wconf 91' lang='lat' dir='ltr'><strong>unam</strong></span> <span class='ocrx_word' id='word_1_9' title='bbox 843 243 895 299; x_wconf 92' lang='lat' dir='ltr'><strong>in</strong></span> <span class='ocrx_word' id='word_1_10' title='bbox 940 242 1112 298; x_wconf 86' lang='lat' dir='ltr'><strong>tribus</strong></span> <span class='ocrx_word' id='word_1_11' title='bbox 1157 240 1402 312; x_wconf 85' lang='lat' dir='ltr'><strong>personis</strong></span> <span class='ocrx_word' id='word_1_12' title='bbox 1439 242 1732 296; x_wconf 87' lang='lat' dir='ltr'><strong>essentiam</strong></span> <span class='ocrx_word' id='word_1_13' title='bbox 1769 242 1940 294; x_wconf 89' lang='lat' dir='ltr'><strong>consli</strong></span> 
     </span>
    </p>
   </div>
   <div class='ocr_carea' id='block_1_5' title="bbox 2067 233 3651 312">
    <p class='ocr_par' dir='ltr' id='par_1_5' title="bbox 2073 233 3651 307">
     <span class='ocr_line' id='line_1_5' title="bbox 2073 233 3651 307; baseline 0.001 -20"><span class='ocrx_word' id='word_1_14' title='bbox 2073 236 2316 307; x_wconf 82' lang='grc' dir='ltr'>τρίωσιν,</span> <span class='ocrx_word' id='word_1_15' title='bbox 2347 236 2439 289; x_wconf 73' lang='grc' dir='ltr'><strong>καὶ</strong></span> <span class='ocrx_word' id='word_1_16' title='bbox 2473 235 2564 289; x_wconf 85' lang='grc' dir='ltr'><strong>τὸν</strong></span> <span class='ocrx_word' id='word_1_17' title='bbox 2597 234 2779 289; x_wconf 86' lang='grc' dir='ltr'>καινὸν</span> <span class='ocrx_word' id='word_1_18' title='bbox 2823 235 3174 304; x_wconf 80' lang='grc' dir='ltr'>Ἰουδαϊσμὸν,</span> <span class='ocrx_word' id='word_1_19' title='bbox 3208 235 3351 304; x_wconf 84' lang='grc' dir='ltr'>μόνῳ</span> <span class='ocrx_word' id='word_1_20' title='bbox 3379 233 3458 304; x_wconf 82' lang='grc' dir='ltr'>τῷ</span> <span class='ocrx_word' id='word_1_21' title='bbox 3489 235 3651 302; x_wconf 85' lang='grc' dir='ltr'>ἀγεν-</span> 
     </span>
    </p>
   </div>
   <div class='ocr_carea' id='block_1_6' title="bbox 389 334 1970 403">
    <p class='ocr_par' dir='ltr' id='par_1_6' title="bbox 389 334 1970 403">
     <span class='ocr_line' id='line_1_6' title="bbox 389 334 1970 403; baseline -0.006 -11"><span class='ocrx_word' id='word_1_22' title='bbox 389 337 627 402; x_wconf 83' lang='lat' dir='ltr'><strong>tuentis;</strong></span> <span class='ocrx_word' id='word_1_23' title='bbox 658 337 796 401; x_wconf 88' lang='lat' dir='ltr'><strong>Arii,</strong></span> <span class='ocrx_word' id='word_1_24' title='bbox 839 344 892 390; x_wconf 90' lang='lat' dir='ltr'><strong>et</strong></span> <span class='ocrx_word' id='word_1_25' title='bbox 934 351 1144 398; x_wconf 88' lang='lat' dir='ltr'><strong>eorum,</strong></span> <span class='ocrx_word' id='word_1_26' title='bbox 1175 334 1265 403; x_wconf 98' lang='lat' dir='ltr'><strong>qui</strong></span> <span class='ocrx_word' id='word_1_27' title='bbox 1293 334 1423 388; x_wconf 83' lang='lat' dir='ltr'><strong>Ario</strong></span> <span class='ocrx_word' id='word_1_28' title='bbox 1462 335 1714 397; x_wconf 78' lang='lat' dir='ltr'><strong>subsunt,</strong></span> <span class='ocrx_word' id='word_1_29' title='bbox 1746 343 1970 386; x_wconf 88' lang='lat' dir='ltr'><strong>natura-</strong></span> 
     </span>
    </p>
   </div>
   <div class='ocr_carea' id='block_1_7' title="bbox 390 409 1965 490">
    <p class='ocr_par' dir='ltr' id='par_1_7' title="bbox 390 409 1965 490">
     <span class='ocr_line' id='line_1_7' title="bbox 390 409 1965 490; baseline -0.004 -7"><span class='ocrx_word' id='word_1_30' title='bbox 390 444 508 483; x_wconf 90' lang='lat' dir='ltr'><strong>rum</strong></span> <span class='ocrx_word' id='word_1_31' title='bbox 544 428 931 490; x_wconf 85' lang='lat' dir='ltr'><strong>diversitatem,</strong></span> <span class='ocrx_word' id='word_1_32' title='bbox 967 441 1030 480; x_wconf 92' lang='lat' dir='ltr'><strong>ac</strong></span> <span class='ocrx_word' id='word_1_33' title='bbox 1068 441 1260 480; x_wconf 87' lang='lat' dir='ltr'><strong>novum</strong></span> <span class='ocrx_word' id='word_1_34' title='bbox 1284 409 1644 486; x_wconf 64' lang='lat' dir='ltr'><strong>Judaismum,</strong></span> <span class='ocrx_word' id='word_1_35' title='bbox 1674 425 1790 478; x_wconf 83' lang='lat' dir='ltr'><strong>solo</strong></span> <span class='ocrx_word' id='word_1_36' title='bbox 1819 423 1965 476; x_wconf 88' lang='lat' dir='ltr'><strong>vide-</strong></span> 
     </span>
    </p>
   </div>
   <div class='ocr_carea' id='block_1_8' title="bbox 389 513 1965 588">
    <p class='ocr_par' dir='ltr' id='par_1_8' title="bbox 389 513 1965 588">
     <span class='ocr_line' id='line_1_8' title="bbox 389 513 1965 588; baseline -0.004 -16"><span class='ocrx_word' id='word_1_37' title='bbox 389 521 514 574; x_wconf 91' lang='lat' dir='ltr'><strong>licet</strong></span> <span class='ocrx_word' id='word_1_38' title='bbox 541 519 784 588; x_wconf 82' lang='lat' dir='ltr'><strong>Ingenito</strong></span> <span class='ocrx_word' id='word_1_39' title='bbox 815 518 1147 573; x_wconf 76' lang='lat' dir='ltr'><strong>divinitatem</strong></span> <span class='ocrx_word' id='word_1_40' title='bbox 1179 515 1708 581; x_wconf 87' lang='lat' dir='ltr'><strong>circumscribentis;</strong></span> <span class='ocrx_word' id='word_1_41' title='bbox 1753 513 1965 568; x_wconf 92' lang='lat' dir='ltr'><strong>Photini</strong></span> 
     </span>
    </p>
   </div>
   <div class='ocr_carea' id='block_1_9' title="bbox 389 605 1959 676">
    <p class='ocr_par' dir='ltr' id='par_1_9' title="bbox 389 605 1959 676">
     <span class='ocr_line' id='line_1_9' title="bbox 389 605 1959 676; baseline -0.003 -14"><span class='ocrx_word' id='word_1_42' title='bbox 389 621 665 665; x_wconf 88' lang='lat' dir='ltr'><strong>terrenum</strong></span> <span class='ocrx_word' id='word_1_43' title='bbox 698 610 997 674; x_wconf 75' lang='lat' dir='ltr'><strong>Christum,</strong></span> <span class='ocrx_word' id='word_1_44' title='bbox 1051 619 1211 676; x_wconf 88' lang='lat' dir='ltr'><strong>atque</strong></span> <span class='ocrx_word' id='word_1_45' title='bbox 1267 622 1294 661; x_wconf 90' lang='lat' dir='ltr'><strong>a</strong></span> <span class='ocrx_word' id='word_1_46' title='bbox 1340 606 1511 661; x_wconf 79' lang='lat' dir='ltr'><strong>Maria</strong></span> <span class='ocrx_word' id='word_1_47' title='bbox 1544 611 1694 660; x_wconf 88' lang='lat' dir='ltr'><strong>ortus</strong></span> <span class='ocrx_word' id='word_1_48' title='bbox 1748 605 1959 659; x_wconf 89' lang='lat' dir='ltr'><strong>initimn</strong></span> 
     </span>
    </p>
   </div>
   <div class='ocr_carea' id='block_1_10' title="bbox 389 697 1963 770">
    <p class='ocr_par' dir='ltr' id='par_1_10' title="bbox 389 697 1963 770">
     <span class='ocr_line' id='line_1_10' title="bbox 389 697 1963 770; baseline -0.004 -17"><span class='ocrx_word' id='word_1_49' title='bbox 389 700 710 755; x_wconf 87' lang='lat' dir='ltr'><strong>trahentem.</strong></span> <span class='ocrx_word' id='word_1_50' title='bbox 760 698 860 770; x_wconf 86' lang='lat' dir='ltr'><strong>Ipsi</strong></span> <span class='ocrx_word' id='word_1_51' title='bbox 890 715 1018 754; x_wconf 91' lang='lat' dir='ltr'><strong>vero</strong></span> <span class='ocrx_word' id='word_1_52' title='bbox 1045 699 1282 762; x_wconf 83' lang='lat' dir='ltr'><strong>Patrem,</strong></span> <span class='ocrx_word' id='word_1_53' title='bbox 1334 709 1389 752; x_wconf 88' lang='lat' dir='ltr'><strong>et</strong></span> <span class='ocrx_word' id='word_1_54' title='bbox 1439 698 1657 762; x_wconf 88' lang='lat' dir='ltr'><strong>Filium,</strong></span> <span class='ocrx_word' id='word_1_55' title='bbox 1690 706 1742 751; x_wconf 91' lang='lat' dir='ltr'><strong>et</strong></span> <span class='ocrx_word' id='word_1_56' title='bbox 1790 697 1963 765; x_wconf 85' lang='lat' dir='ltr'><strong>Spiri-</strong></span> 
     </span>
    </p>
   </div>
   <div class='ocr_carea' id='block_1_11' title="bbox 390 788 1963 856">
    <p class='ocr_par' dir='ltr' id='par_1_11' title="bbox 390 788 1963 856">
     <span class='ocr_line' id='line_1_11' title="bbox 390 788 1963 856; baseline -0.003 -13"><span class='ocrx_word' id='word_1_57' title='bbox 390 800 779 846; x_wconf 89' lang='lat' dir='ltr'><strong>tum&#39;sanctum</strong></span> <span class='ocrx_word' id='word_1_58' title='bbox 813 791 1131 856; x_wconf 81' lang='lat' dir='ltr'><strong>adorabunt,</strong></span> <span class='ocrx_word' id='word_1_59' title='bbox 1165 791 1420 844; x_wconf 82' lang='lat' dir='ltr'><strong>deitatem</strong></span> <span class='ocrx_word' id='word_1_60' title='bbox 1445 804 1642 853; x_wconf 90' lang='lat' dir='ltr'><strong>unam;</strong></span> <span class='ocrx_word' id='word_1_61' title='bbox 1674 789 1838 844; x_wconf 91' lang='lat' dir='ltr'><strong>Deum</strong></span> <span class='ocrx_word' id='word_1_62' title='bbox 1864 788 1963 840; x_wconf 55' lang='lat' dir='ltr'><strong>Pa.</strong></span> 
     </span>
    </p>
   </div>
   <div class='ocr_carea' id='block_1_12' title="bbox 389 879 1960 950">
    <p class='ocr_par' dir='ltr' id='par_1_12' title="bbox 389 879 1960 950">
     <span class='ocr_line' id='line_1_12' title="bbox 389 879 1960 950; baseline -0.001 -16"><span class='ocrx_word' id='word_1_63' title='bbox 389 890 548 946; x_wconf 87' lang='lat' dir='ltr'><strong>trem,</strong></span> <span class='ocrx_word' id='word_1_64' title='bbox 585 883 751 937; x_wconf 91' lang='lat' dir='ltr'><strong>Deum</strong></span> <span class='ocrx_word' id='word_1_65' title='bbox 789 882 1004 946; x_wconf 88' lang='lat' dir='ltr'><strong>Filium,</strong></span> <span class='ocrx_word' id='word_1_66' title='bbox 1055 883 1220 936; x_wconf 93' lang='lat' dir='ltr'><strong>Deum</strong></span> <span class='ocrx_word' id='word_1_67' title='bbox 1275 881 1415 950; x_wconf 90' lang='lat' dir='ltr'><strong>(nisi</strong></span> <span class='ocrx_word' id='word_1_68' title='bbox 1461 882 1563 935; x_wconf 89' lang='lat' dir='ltr'><strong>hoc</strong></span> <span class='ocrx_word' id='word_1_69' title='bbox 1607 879 1703 934; x_wconf 90' lang='lat' dir='ltr'><strong>tibi</strong></span> <span class='ocrx_word' id='word_1_70' title='bbox 1758 889 1960 934; x_wconf 87' lang='lat' dir='ltr'><strong>stoma-</strong></span> 
     </span>
    </p>
   </div>
   <div class='ocr_carea' id='block_1_13' title="bbox 387 971 1960 1041">
    <p class='ocr_par' dir='ltr' id='par_1_13' title="bbox 387 971 1960 1041">
     <span class='ocr_line' id='line_1_13' title="bbox 387 971 1960 1041; baseline -0.001 -19"><span class='ocrx_word' id='word_1_71' title='bbox 387 971 548 1024; x_wconf 86' lang='lat' dir='ltr'><strong>chum</strong></span> <span class='ocrx_word' id='word_1_72' title='bbox 583 975 824 1040; x_wconf 91' lang='lat' dir='ltr'><strong>movet),</strong></span> <span class='ocrx_word' id='word_1_73' title='bbox 877 971 1134 1041; x_wconf 86' lang='lat' dir='ltr'><strong>Spiritum</strong></span> <span class='ocrx_word' id='word_1_74' title='bbox 1172 982 1442 1037; x_wconf 87' lang='lat' dir='ltr'><strong>sanctum,</strong></span> <span class='ocrx_word' id='word_1_75' title='bbox 1504 985 1664 1023; x_wconf 88' lang='lat' dir='ltr'><strong>unam</strong></span> <span class='ocrx_word' id='word_1_76' title='bbox 1714 978 1960 1023; x_wconf 87' lang='lat' dir='ltr'><strong>naturam</strong></span> 
     </span>
    </p>
   </div>
   <div class='ocr_carea' id='block_1_14' title="bbox 2074 323 3650 399">
    <p class='ocr_par' dir='ltr' id='par_1_14' title="bbox 2074 323 3650 399">
     <span class='ocr_line' id='line_1_14' title="bbox 2074 323 3650 399; baseline 0.001 -21"><span class='ocrx_word' id='word_1_77' title='bbox 2074 331 2217 398; x_wconf 82' lang='grc' dir='ltr'>νήτῳ</span> <span class='ocrx_word' id='word_1_78' title='bbox 2261 328 2356 399; x_wconf 83' lang='grc' dir='ltr'>τὴν</span> <span class='ocrx_word' id='word_1_79' title='bbox 2399 327 2629 398; x_wconf 86' lang='grc' dir='ltr'>θεότητα</span> <span class='ocrx_word' id='word_1_80' title='bbox 2685 327 3149 398; x_wconf 61' lang='grc' dir='ltr'><strong>περιγράφοντος⁸</strong></span> <span class='ocrx_word' id='word_1_81' title='bbox 3209 323 3479 378; x_wconf 79' lang='grc' dir='ltr'>Φωτεινοῦ</span> <span class='ocrx_word' id='word_1_82' title='bbox 3533 327 3650 398; x_wconf 75' lang='grc'>(27)</span> 
     </span>
    </p>
   </div>
   <div class='ocr_carea' id='block_1_15' title="bbox 2069 417 3655 490">
    <p class='ocr_par' dir='ltr' id='par_1_15' title="bbox 2069 417 3655 490">
     <span class='ocr_line' id='line_1_15' title="bbox 2069 417 3655 490; baseline -0.001 -19"><span class='ocrx_word' id='word_1_83' title='bbox 2069 419 2159 471; x_wconf 88' lang='grc' dir='ltr'><strong>τὸν</strong></span> <span class='ocrx_word' id='word_1_84' title='bbox 2188 417 2338 471; x_wconf 85' lang='grc' dir='ltr'>κάτω</span> <span class='ocrx_word' id='word_1_85' title='bbox 2366 418 2620 490; x_wconf 84' lang='grc' dir='ltr'>Χριστὸν,</span> <span class='ocrx_word' id='word_1_86' title='bbox 2657 419 2748 471; x_wconf 73' lang='grc' dir='ltr'><strong>καὶ</strong></span> <span class='ocrx_word' id='word_1_87' title='bbox 2792 421 2899 472; x_wconf 86' lang='grc' dir='ltr'><strong>ἀπὸ</strong></span> <span class='ocrx_word' id='word_1_88' title='bbox 2940 419 3155 489; x_wconf 81' lang='grc' dir='ltr'>Μαρίας</span> <span class='ocrx_word' id='word_1_89' title='bbox 3193 417 3514 488; x_wconf 88' lang='grc' dir='ltr'>ἀρχόμενον.</span> <span class='ocrx_word' id='word_1_90' title='bbox 3544 419 3655 470; x_wconf 79' lang='grc' dir='ltr'><strong>Αύ-</strong></span> 
     </span>
    </p>
   </div>
   <div class='ocr_carea' id='block_1_16' title="bbox 2067 507 3654 580">
    <p class='ocr_par' dir='ltr' id='par_1_16' title="bbox 2067 507 3654 580">
     <span class='ocr_line' id='line_1_16' title="bbox 2067 507 3654 580; baseline 0.002 -22"><span class='ocrx_word' id='word_1_91' title='bbox 2067 507 2148 559; x_wconf 83' lang='grc' dir='ltr'><strong>τοὶ</strong></span> <span class='ocrx_word' id='word_1_92' title='bbox 2176 507 2233 560; x_wconf 85' lang='grc' dir='ltr'>δὲ</span> <span class='ocrx_word' id='word_1_93' title='bbox 2280 508 2646 578; x_wconf 80' lang='grc' dir='ltr'>προσκυνοῦσι</span> <span class='ocrx_word' id='word_1_94' title='bbox 2690 509 2780 563; x_wconf 88' lang='grc' dir='ltr'><strong>τὸν</strong></span> <span class='ocrx_word' id='word_1_95' title='bbox 2822 510 3058 580; x_wconf 77' lang='grc' dir='ltr'>Πατέρα,</span> <span class='ocrx_word' id='word_1_96' title='bbox 3095 508 3188 561; x_wconf 81' lang='grc' dir='ltr'><strong>καὶ</strong></span> <span class='ocrx_word' id='word_1_97' title='bbox 3230 507 3320 559; x_wconf 83' lang='grc' dir='ltr'><strong>τὸν</strong></span> <span class='ocrx_word' id='word_1_98' title='bbox 3368 507 3519 580; x_wconf 72' lang='grc' dir='ltr'>Υίὸν,</span> <span class='ocrx_word' id='word_1_99' title='bbox 3557 507 3654 560; x_wconf 73' lang='grc' dir='ltr'><strong>καὶ</strong></span> 
     </span>
    </p>
   </div>
   <div class='ocr_carea' id='block_1_17' title="bbox 2069 577 3650 672">
    <p class='ocr_par' dir='ltr' id='par_1_17' title="bbox 2069 577 3650 672">
     <span class='ocr_line' id='line_1_17' title="bbox 2069 577 3650 672; baseline -0.002 -20"><span class='ocrx_word' id='word_1_100' title='bbox 2069 599 2128 652; x_wconf 91' lang='grc' dir='ltr'><strong>τὸ</strong></span> <span class='ocrx_word' id='word_1_101' title='bbox 2155 599 2306 668; x_wconf 77' lang='grc' dir='ltr'>ἅγιον</span> <span class='ocrx_word' id='word_1_102' title='bbox 2329 577 2576 670; x_wconf 80' lang='grc' dir='ltr'><strong>Πνεῦμα,</strong></span> <span class='ocrx_word' id='word_1_103' title='bbox 2633 601 2760 672; x_wconf 90' lang='grc' dir='ltr'>μίαν</span> <span class='ocrx_word' id='word_1_104' title='bbox 2791 577 3046 671; x_wconf 79' lang='grc' dir='ltr'>θεότητα’</span> <span class='ocrx_word' id='word_1_105' title='bbox 3086 599 3216 652; x_wconf 85' lang='grc' dir='ltr'>Θεὸν</span> <span class='ocrx_word' id='word_1_106' title='bbox 3266 599 3356 651; x_wconf 87' lang='grc' dir='ltr'><strong>τὸν</strong></span> <span class='ocrx_word' id='word_1_107' title='bbox 3402 577 3650 669; x_wconf 69' lang='grc' dir='ltr'>Πατέρα,</span> 
     </span>
    </p>
   </div>
   <div class='ocr_carea' id='block_1_18' title="bbox 2067 688 3652 765">
    <p class='ocr_par' dir='ltr' id='par_1_18' title="bbox 2067 688 3652 765">
     <span class='ocr_line' id='line_1_18' title="bbox 2067 688 3652 765; baseline -0.003 -22"><span class='ocrx_word' id='word_1_108' title='bbox 2067 692 2199 745; x_wconf 84' lang='grc' dir='ltr'>Θεὸν</span> <span class='ocrx_word' id='word_1_109' title='bbox 2233 694 2322 746; x_wconf 92' lang='grc' dir='ltr'><strong>τὸν</strong></span> <span class='ocrx_word' id='word_1_110' title='bbox 2352 694 2500 758; x_wconf 90' lang='grc' dir='ltr'>Υἱὸν,</span> <span class='ocrx_word' id='word_1_111' title='bbox 2528 695 2679 758; x_wconf 84' lang='grc' dir='ltr'>Θεὸν,</span> <span class='ocrx_word' id='word_1_112' title='bbox 2710 697 2758 747; x_wconf 85' lang='grc' dir='ltr'><strong>εί</strong></span> <span class='ocrx_word' id='word_1_113' title='bbox 2806 695 2879 765; x_wconf 82' lang='grc' dir='ltr'>μὴ</span> <span class='ocrx_word' id='word_1_114' title='bbox 2924 693 3186 764; x_wconf 79' lang='grc' dir='ltr'>τραχύνῃ,</span> <span class='ocrx_word' id='word_1_115' title='bbox 3237 692 3298 745; x_wconf 87' lang='grc' dir='ltr'><strong>τὸ</strong></span> <span class='ocrx_word' id='word_1_116' title='bbox 3337 691 3562 760; x_wconf 79' lang='grc' dir='ltr'>Πνεῦμα</span> <span class='ocrx_word' id='word_1_117' title='bbox 3590 688 3652 740; x_wconf 89' lang='grc' dir='ltr'><strong>τὸ</strong></span> 
     </span>
    </p>
   </div>
   <div class='ocr_carea' id='block_1_19' title="bbox 2067 785 3649 856">
    <p class='ocr_par' dir='ltr' id='par_1_19' title="bbox 2067 785 3649 856">
     <span class='ocr_line' id='line_1_19' title="bbox 2067 785 3649 856; baseline -0.002 -19"><span class='ocrx_word' id='word_1_118' title='bbox 2067 785 2240 852; x_wconf 80' lang='grc' dir='ltr'>ἅγιον,</span> <span class='ocrx_word' id='word_1_119' title='bbox 2274 786 2401 856; x_wconf 87' lang='grc' dir='ltr'>μίαν</span> <span class='ocrx_word' id='word_1_120' title='bbox 2445 786 2604 854; x_wconf 82' lang='grc' dir='ltr'>φύσιν</span> <span class='ocrx_word' id='word_1_121' title='bbox 2657 789 2714 839; x_wconf 80' lang='grc' dir='ltr'><strong>ἐν</strong></span> <span class='ocrx_word' id='word_1_122' title='bbox 2756 787 2932 856; x_wconf 71' lang='grc' dir='ltr'>τρισὶν</span> <span class='ocrx_word' id='word_1_123' title='bbox 2989 786 3233 854; x_wconf 75' lang='grc' dir='ltr'><strong>ἰδιότησι,</strong></span> <span class='ocrx_word' id='word_1_124' title='bbox 3280 787 3514 855; x_wconf 89' lang='grc' dir='ltr'>νοεραῖς,</span> <span class='ocrx_word' id='word_1_125' title='bbox 3558 799 3649 834; x_wconf 89' lang='grc' dir='ltr'>τε-</span> 
     </span>
    </p>
   </div>
   <div class='ocr_carea' id='block_1_20' title="bbox 2066 872 3645 946">
    <p class='ocr_par' dir='ltr' id='par_1_20' title="bbox 2066 872 3645 946">
     <span class='ocr_line' id='line_1_20' title="bbox 2066 872 3645 946; baseline -0.002 -18"><span class='ocrx_word' id='word_1_126' title='bbox 2066 876 2258 940; x_wconf 80' lang='grc' dir='ltr'>λείαις,</span> <span class='ocrx_word' id='word_1_127' title='bbox 2287 877 2408 931; x_wconf 85' lang='grc' dir='ltr'><strong>καο’</strong></span> <span class='ocrx_word' id='word_1_128' title='bbox 2437 879 2636 941; x_wconf 70' lang='grc' dir='ltr'>ἑαυτὰς</span> <span class='ocrx_word' id='word_1_129' title='bbox 2664 876 3026 946; x_wconf 75' lang='grc' dir='ltr'>ὑφεστώσαις,</span> <span class='ocrx_word' id='word_1_130' title='bbox 3071 874 3290 946; x_wconf 85' lang='grc' dir='ltr'>ἀριθμῷ</span> <span class='ocrx_word' id='word_1_131' title='bbox 3322 872 3645 943; x_wconf 85' lang='grc' dir='ltr'>διαιρεταῖς,</span> 
     </span>
    </p>
   </div>
   <div class='ocr_carea' id='block_1_21' title="bbox 2063 969 2996 1042">
    <p class='ocr_par' dir='ltr' id='par_1_21' title="bbox 2063 969 2996 1042">
     <span class='ocr_line' id='line_1_21' title="bbox 2063 969 2996 1042; baseline 0 -21"><span class='ocrx_word' id='word_1_132' title='bbox 2063 971 2158 1022; x_wconf 72' lang='grc' dir='ltr'><strong>καὶ</strong></span> <span class='ocrx_word' id='word_1_133' title='bbox 2182 971 2242 1023; x_wconf 82' lang='grc' dir='ltr'><strong>ού</strong></span> <span class='ocrx_word' id='word_1_134' title='bbox 2281 972 2579 1042; x_wconf 84' lang='grc' dir='ltr'>διαιρεταῖς</span> <span class='ocrx_word' id='word_1_135' title='bbox 2618 969 2830 1040; x_wconf 81' lang='grc' dir='ltr'>θεότητι</span> <span class='ocrx_word' id='word_1_136' title='bbox 2863 969 2996 1039; x_wconf 72' lang='lat'><strong>(‘28).</strong></span> 
     </span>
    </p>
   </div>
   <div class='ocr_carea' id='block_1_22' title="bbox 382 1057 3644 1134">
    <p class='ocr_par' dir='ltr' id='par_1_22' title="bbox 382 1057 3644 1134">
     <span class='ocr_line' id='line_1_22' title="bbox 382 1057 3644 1134; baseline -0.003 -13"><span class='ocrx_word' id='word_1_137' title='bbox 382 1067 442 1121; x_wconf 82' lang='lat' dir='ltr'><strong>in</strong></span> <span class='ocrx_word' id='word_1_138' title='bbox 491 1066 664 1120; x_wconf 91' lang='lat' dir='ltr'><strong>tribus</strong></span> <span class='ocrx_word' id='word_1_139' title='bbox 704 1065 1141 1134; x_wconf 86' lang='lat' dir='ltr'><strong>proprietatibus,</strong></span> <span class='ocrx_word' id='word_1_140' title='bbox 1190 1065 1632 1134; x_wconf 84' lang='lat' dir='ltr'><strong>intelligentibus,</strong></span> <span class='ocrx_word' id='word_1_141' title='bbox 1679 1062 1954 1134; x_wconf 78' lang='lat' dir='ltr'><strong>perfectis,</strong></span> <span class='ocrx_word' id='word_1_142' title='bbox 1999 1077 2090 1130; x_wconf 86' lang='lat' dir='ltr'><strong>per</strong></span> <span class='ocrx_word' id='word_1_143' title='bbox 2117 1079 2177 1118; x_wconf 92' lang='lat' dir='ltr'><strong>se</strong></span> <span class='ocrx_word' id='word_1_144' title='bbox 2253 1081 2317 1119; x_wconf 91' lang='lat' dir='ltr'><strong>ac</strong></span> <span class='ocrx_word' id='word_1_145' title='bbox 2378 1065 2666 1134; x_wconf 82' lang='lat' dir='ltr'><strong>separatim</strong></span> <span class='ocrx_word' id='word_1_146' title='bbox 2700 1061 3140 1122; x_wconf 80' lang='lat' dir='ltr'><strong>subsistentibus,</strong></span> <span class='ocrx_word' id='word_1_147' title='bbox 3177 1073 3402 1112; x_wconf 86' lang='lat' dir='ltr'><strong>numero</strong></span> <span class='ocrx_word' id='word_1_148' title='bbox 3425 1057 3644 1128; x_wconf 89' lang='lat' dir='ltr'><strong>quidem</strong></span> 
     </span>
    </p>
   </div>
   <div class='ocr_carea' id='block_1_23' title="bbox 377 1161 1516 1226">
    <p class='ocr_par' dir='ltr' id='par_1_23' title="bbox 377 1161 1516 1226">
     <span class='ocr_line' id='line_1_23' title="bbox 377 1161 1516 1226; baseline -0.002 -10"><span class='ocrx_word' id='word_1_149' title='bbox 377 1161 675 1226; x_wconf 85' lang='lat' dir='ltr'><strong>distinctis,</strong></span> <span class='ocrx_word' id='word_1_150' title='bbox 715 1161 995 1214; x_wconf 85' lang='lat' dir='ltr'><strong>divinitate</strong></span> <span class='ocrx_word' id='word_1_151' title='bbox 1019 1169 1198 1214; x_wconf 89' lang='lat' dir='ltr'><strong>autem</strong></span> <span class='ocrx_word' id='word_1_152' title='bbox 1228 1174 1332 1214; x_wconf 89' lang='lat' dir='ltr'><strong>non</strong></span> <span class='ocrx_word' id='word_1_153' title='bbox 1364 1161 1516 1214; x_wconf 90' lang='lat' dir='ltr'><strong>item.</strong></span> 
     </span>
    </p>
   </div>
   <div class='ocr_carea' id='block_1_24' title="bbox 453 1240 1946 1326">
    <p class='ocr_par' dir='ltr' id='par_1_24' title="bbox 453 1253 1946 1326">
     <span class='ocr_line' id='line_1_24' title="bbox 453 1253 1946 1326; baseline -0.004 -16"><span class='ocrx_word' id='word_1_154' title='bbox 453 1253 616 1310; x_wconf 81' lang='lat' dir='ltr'><strong>XVII.</strong></span> <span class='ocrx_word' id='word_1_155' title='bbox 673 1253 781 1310; x_wconf 90' lang='lat' dir='ltr'><strong>Has</strong></span> <span class='ocrx_word' id='word_1_156' title='bbox 825 1269 985 1309; x_wconf 88' lang='lat' dir='ltr'><strong>voces</strong></span> <span class='ocrx_word' id='word_1_157' title='bbox 1030 1257 1160 1310; x_wconf 91' lang='lat' dir='ltr'><strong>mihi</strong></span> <span class='ocrx_word' id='word_1_158' title='bbox 1209 1257 1466 1312; x_wconf 86' lang='lat' dir='ltr'><strong>concedat</strong></span> <span class='ocrx_word' id='word_1_159' title='bbox 1525 1255 1766 1326; x_wconf 86' lang='lat' dir='ltr'><strong>quisquis</strong></span> <span class='ocrx_word' id='word_1_160' title='bbox 1827 1253 1946 1306; x_wconf 84' lang='lat' dir='ltr'><strong>mihi</strong></span> 
     </span>
    </p>
   </div>
   <div class='ocr_carea' id='block_1_25' title="bbox 2067 1240 3646 1326">
    <p class='ocr_par' dir='ltr' id='par_1_25' title="bbox 2130 1240 3646 1317">
     <span class='ocr_line' id='line_1_25' title="bbox 2130 1240 3646 1317; baseline -0.007 -15"><span class='ocrx_word' id='word_1_161' title='bbox 2130 1251 2226 1302; x_wconf 89' lang='lat' dir='ltr'><strong>lZ&#39;.</strong></span> <span class='ocrx_word' id='word_1_162' title='bbox 2264 1247 2480 1300; x_wconf 83' lang='grc' dir='ltr'>Τούτων</span> <span class='ocrx_word' id='word_1_163' title='bbox 2531 1246 2932 1317; x_wconf 84' lang='grc' dir='ltr'>παραχωρείτω</span> <span class='ocrx_word' id='word_1_164' title='bbox 2985 1261 3073 1313; x_wconf 88' lang='grc' dir='ltr'><strong>μοι</strong></span> <span class='ocrx_word' id='word_1_165' title='bbox 3110 1241 3216 1295; x_wconf 84' lang='grc' dir='ltr'><strong>τῶν</strong></span> <span class='ocrx_word' id='word_1_166' title='bbox 3251 1240 3441 1310; x_wconf 79' lang='grc' dir='ltr'>φωνῶν</span> <span class='ocrx_word' id='word_1_167' title='bbox 3474 1240 3583 1302; x_wconf 79' lang='grc' dir='ltr'>πᾶς</span> <span class='ocrx_word' id='word_1_168' title='bbox 3616 1240 3646 1292; x_wconf 97' lang='lat'><strong>6</strong></span> 
     </span>
    </p>
   </div>
   <div class='ocr_carea' id='block_1_26' title="bbox 385 1331 1946 1418">
    <p class='ocr_par' dir='ltr' id='par_1_26' title="bbox 385 1347 1946 1418">
     <span class='ocr_line' id='line_1_26' title="bbox 385 1347 1946 1418; baseline -0.001 -16"><span class='ocrx_word' id='word_1_169' title='bbox 385 1347 544 1402; x_wconf 88' lang='lat' dir='ltr'><strong>hodie</strong></span> <span class='ocrx_word' id='word_1_170' title='bbox 571 1347 849 1401; x_wconf 85' lang='lat' dir='ltr'><strong>minitatur</strong></span> <span class='ocrx_word' id='word_1_171' title='bbox 884 1363 897 1399; x_wconf 92' lang='lat'><strong>:</strong></span> <span class='ocrx_word' id='word_1_172' title='bbox 926 1347 1057 1401; x_wconf 87' lang='lat' dir='ltr'><strong>alias</strong></span> <span class='ocrx_word' id='word_1_173' title='bbox 1081 1357 1285 1412; x_wconf 91' lang='lat' dir='ltr'><strong>autem,</strong></span> <span class='ocrx_word' id='word_1_174' title='bbox 1325 1349 1415 1418; x_wconf 92' lang='lat' dir='ltr'><strong>qui</strong></span> <span class='ocrx_word' id='word_1_175' title='bbox 1448 1348 1645 1412; x_wconf 80' lang='lat' dir='ltr'><strong>volent,</strong></span> <span class='ocrx_word' id='word_1_176' title='bbox 1697 1347 1797 1401; x_wconf 92' lang='lat' dir='ltr'><strong>sibi</strong></span> <span class='ocrx_word' id='word_1_177' title='bbox 1834 1347 1946 1400; x_wconf 91' lang='lat' dir='ltr'><strong>vin-</strong></span> 
     </span>
    </p>
   </div>
   <div class='ocr_carea' id='block_1_27' title="bbox 2067 1331 3645 1418">
    <p class='ocr_par' dir='ltr' id='par_1_27' title="bbox 2067 1331 3645 1410">
     <span class='ocr_line' id='line_1_27' title="bbox 2067 1331 3645 1410; baseline -0.008 -15"><span class='ocrx_word' id='word_1_178' title='bbox 2067 1341 2298 1396; x_wconf 60' lang='grc' dir='ltr'>ἀπειλῶν</span> <span class='ocrx_word' id='word_1_179' title='bbox 2345 1341 2616 1410; x_wconf 73' lang='grc' dir='ltr'>σήμερονο</span> <span class='ocrx_word' id='word_1_180' title='bbox 2672 1337 2781 1392; x_wconf 86' lang='grc' dir='ltr'><strong>τῶν</strong></span> <span class='ocrx_word' id='word_1_181' title='bbox 2815 1337 2872 1390; x_wconf 86' lang='grc' dir='ltr'><strong>δὲ</strong></span> <span class='ocrx_word' id='word_1_182' title='bbox 2915 1336 3090 1389; x_wconf 82' lang='grc' dir='ltr'>ἄλλων</span> <span class='ocrx_word' id='word_1_183' title='bbox 3139 1331 3645 1404; x_wconf 83' lang='grc' dir='ltr'>μεταποιείσθωσαν</span> 
     </span>
    </p>
   </div>
   <div class='ocr_carea' id='block_1_28' title="bbox 381 1423 1946 1512">
    <p class='ocr_par' dir='ltr' id='par_1_28' title="bbox 381 1437 1946 1508">
     <span class='ocr_line' id='line_1_28' title="bbox 381 1437 1946 1508; baseline 0.001 -15"><span class='ocrx_word' id='word_1_184' title='bbox 381 1437 581 1493; x_wconf 91' lang='lat' dir='ltr'><strong>dicent.</strong></span> <span class='ocrx_word' id='word_1_185' title='bbox 631 1437 791 1492; x_wconf 86' lang='lat' dir='ltr'><strong>Pater</strong></span> <span class='ocrx_word' id='word_1_186' title='bbox 831 1437 966 1494; x_wconf 90' lang='lat' dir='ltr'><strong>Filio</strong></span> <span class='ocrx_word' id='word_1_187' title='bbox 1005 1439 1202 1508; x_wconf 89' lang='lat' dir='ltr'><strong>privari</strong></span> <span class='ocrx_word' id='word_1_188' title='bbox 1235 1455 1339 1494; x_wconf 88' lang='lat' dir='ltr'><strong>nou</strong></span> <span class='ocrx_word' id='word_1_189' title='bbox 1369 1440 1619 1503; x_wconf 91' lang='lat' dir='ltr'><strong>sustinet,</strong></span> <span class='ocrx_word' id='word_1_190' title='bbox 1652 1455 1750 1494; x_wconf 87' lang='lat' dir='ltr'><strong>nec</strong></span> <span class='ocrx_word' id='word_1_191' title='bbox 1790 1439 1946 1494; x_wconf 78' lang='lat' dir='ltr'><strong>Filius</strong></span> 
     </span>
    </p>
   </div>
   <div class='ocr_carea' id='block_1_29' title="bbox 2067 1423 3644 1512">
    <p class='ocr_par' dir='ltr' id='par_1_29' title="bbox 2067 1423 3644 1512">
     <span class='ocr_line' id='line_1_29' title="bbox 2067 1423 3644 1512; baseline -0.008 -26"><span class='ocrx_word' id='word_1_192' title='bbox 2067 1436 2104 1486; x_wconf 62' lang='grc' dir='ltr'><strong>δί</strong></span> <span class='ocrx_word' id='word_1_193' title='bbox 2168 1432 2498 1503; x_wconf 87' lang='grc' dir='ltr'>βουλόμενοι.</span> <span class='ocrx_word' id='word_1_194' title='bbox 2535 1429 2653 1484; x_wconf 75' lang='grc' dir='ltr'>Οὐκ</span> <span class='ocrx_word' id='word_1_195' title='bbox 2703 1429 2952 1499; x_wconf 80' lang='grc' dir='ltr'>ἀνέχεται</span> <span class='ocrx_word' id='word_1_196' title='bbox 2985 1427 3096 1497; x_wconf 68' lang='grc'>(29)</span> <span class='ocrx_word' id='word_1_197' title='bbox 3140 1425 3330 1494; x_wconf 79' lang='grc' dir='ltr'>Πατὴρ</span> <span class='ocrx_word' id='word_1_198' title='bbox 3381 1424 3508 1477; x_wconf 86' lang='grc' dir='ltr'>Υἰὸν</span> <span class='ocrx_word' id='word_1_199' title='bbox 3543 1423 3644 1512; x_wconf 69' lang='grc' dir='ltr'><strong>ζη-</strong></span> 
     </span>
    </p>
   </div>
   <div class='ocr_carea' id='block_1_30' title="bbox 381 1513 1946 1608">
    <p class='ocr_par' dir='ltr' id='par_1_30' title="bbox 381 1525 1946 1599">
     <span class='ocr_line' id='line_1_30' title="bbox 381 1525 1946 1599; baseline -0.001 -17"><span class='ocrx_word' id='word_1_200' title='bbox 381 1525 587 1596; x_wconf 88' lang='lat' dir='ltr'><strong>Spiritu</strong></span> <span class='ocrx_word' id='word_1_201' title='bbox 624 1526 786 1598; x_wconf 78' lang='lat'><strong>615</strong></span> <span class='ocrx_word' id='word_1_202' title='bbox 827 1536 1032 1582; x_wconf 91' lang='lat' dir='ltr'><strong>sancto.</strong></span> <span class='ocrx_word' id='word_1_203' title='bbox 1079 1527 1136 1582; x_wconf 90' lang='lat' dir='ltr'><strong>ld</strong></span> <span class='ocrx_word' id='word_1_204' title='bbox 1179 1539 1358 1583; x_wconf 84' lang='lat' dir='ltr'><strong>autem</strong></span> <span class='ocrx_word' id='word_1_205' title='bbox 1413 1530 1686 1599; x_wconf 86' lang='lat' dir='ltr'><strong>contingat</strong></span> <span class='ocrx_word' id='word_1_206' title='bbox 1738 1544 1946 1583; x_wconf 77' lang='lat' dir='ltr'><strong>necesse</strong></span> 
     </span>
    </p>
   </div>
   <div class='ocr_carea' id='block_1_31' title="bbox 2067 1513 3645 1608">
    <p class='ocr_par' dir='ltr' id='par_1_31' title="bbox 2069 1513 3645 1596">
     <span class='ocr_line' id='line_1_31' title="bbox 2069 1513 3645 1596; baseline -0.006 -18"><span class='ocrx_word' id='word_1_207' title='bbox 2069 1526 2378 1596; x_wconf 86' lang='grc' dir='ltr'>μιούμενος,</span> <span class='ocrx_word' id='word_1_208' title='bbox 2420 1522 2539 1575; x_wconf 84' lang='grc' dir='ltr'>οὐδὲ</span> <span class='ocrx_word' id='word_1_209' title='bbox 2573 1521 2702 1584; x_wconf 85' lang='grc' dir='ltr'>Υἱὸς</span> <span class='ocrx_word' id='word_1_210' title='bbox 2741 1520 2852 1590; x_wconf 81' lang='grc'>(50)</span> <span class='ocrx_word' id='word_1_211' title='bbox 2891 1520 2950 1572; x_wconf 87' lang='grc' dir='ltr'><strong>τὸ</strong></span> <span class='ocrx_word' id='word_1_212' title='bbox 2981 1516 3204 1588; x_wconf 88' lang='grc' dir='ltr'>Πνεῦμα</span> <span class='ocrx_word' id='word_1_213' title='bbox 3231 1517 3293 1569; x_wconf 89' lang='grc' dir='ltr'><strong>τὸ</strong></span> <span class='ocrx_word' id='word_1_214' title='bbox 3324 1516 3476 1584; x_wconf 74' lang='grc' dir='ltr'>ἅγιον</span> <span class='ocrx_word' id='word_1_215' title='bbox 3497 1531 3510 1543; x_wconf 86' lang='grc'>⁶</span> <span class='ocrx_word' id='word_1_216' title='bbox 3546 1513 3645 1584; x_wconf 81' lang='grc' dir='ltr'><strong>ζη-</strong></span> 
     </span>
    </p>
   </div>
   <div class='ocr_carea' id='block_1_32' title="bbox 379 1605 1946 1688">
    <p class='ocr_par' dir='ltr' id='par_1_32' title="bbox 379 1619 1946 1688">
     <span class='ocr_line' id='line_1_32' title="bbox 379 1619 1946 1688; baseline -0.001 -12"><span class='ocrx_word' id='word_1_217' title='bbox 379 1627 485 1684; x_wconf 85' lang='lat' dir='ltr'><strong>est,</strong></span> <span class='ocrx_word' id='word_1_218' title='bbox 521 1619 564 1673; x_wconf 90' lang='lat' dir='ltr'><strong>si</strong></span> <span class='ocrx_word' id='word_1_219' title='bbox 593 1620 821 1688; x_wconf 87' lang='lat' dir='ltr'><strong>tempori</strong></span> <span class='ocrx_word' id='word_1_220' title='bbox 864 1619 1240 1687; x_wconf 89' lang='lat' dir='ltr'><strong>subjiciautur,</strong></span> <span class='ocrx_word' id='word_1_221' title='bbox 1287 1629 1342 1675; x_wconf 92' lang='lat' dir='ltr'><strong>et</strong></span> <span class='ocrx_word' id='word_1_222' title='bbox 1385 1621 1429 1675; x_wconf 89' lang='lat' dir='ltr'><strong>si</strong></span> <span class='ocrx_word' id='word_1_223' title='bbox 1462 1622 1630 1675; x_wconf 88' lang='lat' dir='ltr'><strong>creati</strong></span> <span class='ocrx_word' id='word_1_224' title='bbox 1663 1631 1806 1675; x_wconf 90' lang='lat' dir='ltr'><strong>sunt.</strong></span> <span class='ocrx_word' id='word_1_225' title='bbox 1856 1621 1946 1675; x_wconf 69' lang='lat' dir='ltr'><strong>Ne</strong></span> 
     </span>
    </p>
   </div>
   <div class='ocr_carea' id='block_1_33' title="bbox 2067 1605 3645 1688">
    <p class='ocr_par' dir='ltr' id='par_1_33' title="bbox 2070 1605 3645 1687">
     <span class='ocr_line' id='line_1_33' title="bbox 2070 1605 3645 1687; baseline -0.008 -18"><span class='ocrx_word' id='word_1_226' title='bbox 2070 1615 2284 1687; x_wconf 88' lang='grc' dir='ltr'>μιοῦται</span> <span class='ocrx_word' id='word_1_227' title='bbox 2313 1616 2455 1679; x_wconf 80' lang='grc' dir='ltr'>δὲ,εί</span> <span class='ocrx_word' id='word_1_228' title='bbox 2483 1615 2634 1680; x_wconf 85' lang='grc' dir='ltr'>ποτὲ,</span> <span class='ocrx_word' id='word_1_229' title='bbox 2657 1615 2751 1668; x_wconf 79' lang='grc' dir='ltr'><strong>καὶ</strong></span> <span class='ocrx_word' id='word_1_230' title='bbox 2772 1615 2820 1665; x_wconf 81' lang='grc' dir='ltr'><strong>εί</strong></span> <span class='ocrx_word' id='word_1_231' title='bbox 2843 1613 3116 1681; x_wconf 88' lang='grc' dir='ltr'>κτίσματα</span> <span class='ocrx_word' id='word_1_232' title='bbox 3139 1609 3360 1680; x_wconf 82' lang='grc' dir='ltr'><strong>(51).οὐ</strong></span> <span class='ocrx_word' id='word_1_233' title='bbox 3387 1607 3496 1678; x_wconf 88' lang='grc' dir='ltr'>γὰρ</span> <span class='ocrx_word' id='word_1_234' title='bbox 3511 1605 3645 1669; x_wconf 88' lang='grc' dir='ltr'>Θεὸς</span> 
     </span>
    </p>
   </div>
   <div class='ocr_carea' id='block_1_34' title="bbox 379 1697 1946 1783">
    <p class='ocr_par' dir='ltr' id='par_1_34' title="bbox 379 1709 1946 1783">
     <span class='ocr_line' id='line_1_34' title="bbox 379 1709 1946 1783; baseline 0.001 -18"><span class='ocrx_word' id='word_1_235' title='bbox 379 1725 485 1781; x_wconf 90' lang='lat' dir='ltr'><strong>que</strong></span> <span class='ocrx_word' id='word_1_236' title='bbox 515 1711 656 1765; x_wconf 90' lang='lat' dir='ltr'><strong>enim</strong></span> <span class='ocrx_word' id='word_1_237' title='bbox 689 1709 829 1764; x_wconf 93' lang='lat' dir='ltr'><strong>Deus</strong></span> <span class='ocrx_word' id='word_1_238' title='bbox 859 1719 957 1771; x_wconf 91' lang='lat' dir='ltr'><strong>est,</strong></span> <span class='ocrx_word' id='word_1_239' title='bbox 994 1711 1134 1779; x_wconf 90' lang='lat' dir='ltr'><strong>quod</strong></span> <span class='ocrx_word' id='word_1_240' title='bbox 1175 1721 1409 1766; x_wconf 87' lang='lat' dir='ltr'><strong>creatur.</strong></span> <span class='ocrx_word' id='word_1_241' title='bbox 1461 1713 1538 1769; x_wconf 87' lang='lat' dir='ltr'><strong>Ne</strong></span> <span class='ocrx_word' id='word_1_242' title='bbox 1585 1714 1698 1776; x_wconf 84' lang='lat' dir='ltr'><strong>ipse</strong></span> <span class='ocrx_word' id='word_1_243' title='bbox 1747 1713 1946 1783; x_wconf 83' lang='lat' dir='ltr'><strong>quiderr</strong></span> 
     </span>
    </p>
   </div>
   <div class='ocr_carea' id='block_1_35' title="bbox 2067 1697 3646 1783">
    <p class='ocr_par' dir='ltr' id='par_1_35' title="bbox 2067 1697 3646 1777">
     <span class='ocr_line' id='line_1_35' title="bbox 2067 1697 3646 1777; baseline -0.007 -17"><span class='ocrx_word' id='word_1_244' title='bbox 2067 1708 2122 1760; x_wconf 84' lang='grc' dir='ltr'><strong>τὸ</strong></span> <span class='ocrx_word' id='word_1_245' title='bbox 2152 1706 2485 1777; x_wconf 79' lang='grc' dir='ltr'>κτιζόμενον.</span> <span class='ocrx_word' id='word_1_246' title='bbox 2509 1706 2584 1758; x_wconf 86' lang='grc' dir='ltr'>Ού</span> <span class='ocrx_word' id='word_1_247' title='bbox 2603 1705 2753 1774; x_wconf 79' lang='grc' dir='ltr'><strong>φέρω</strong></span> <span class='ocrx_word' id='word_1_248' title='bbox 2778 1702 3164 1774; x_wconf 78' lang='grc' dir='ltr'>ζημιούμενος,</span> <span class='ocrx_word' id='word_1_249' title='bbox 3182 1700 3302 1754; x_wconf 81' lang='grc' dir='ltr'>οὐδὲ</span> <span class='ocrx_word' id='word_1_250' title='bbox 3327 1697 3434 1766; x_wconf 79' lang='grc' dir='ltr'><strong>ἐγὼ</strong></span> <span class='ocrx_word' id='word_1_251' title='bbox 3451 1697 3548 1769; x_wconf 81' lang='grc' dir='ltr'><strong>τὴν</strong></span> <span class='ocrx_word' id='word_1_252' title='bbox 3565 1715 3646 1750; x_wconf 88' lang='grc' dir='ltr'>τε·</span> 
     </span>
    </p>
   </div>
   <div class='ocr_carea' id='block_1_36' title="bbox 379 1788 1946 1872">
    <p class='ocr_par' dir='ltr' id='par_1_36' title="bbox 379 1801 1946 1872">
     <span class='ocr_line' id='line_1_36' title="bbox 379 1801 1946 1872; baseline 0.001 -15"><span class='ocrx_word' id='word_1_253' title='bbox 379 1802 737 1872; x_wconf 88' lang='lat' dir='ltr'><strong>perfectionis</strong></span> <span class='ocrx_word' id='word_1_254' title='bbox 767 1803 1090 1856; x_wconf 84' lang='lat' dir='ltr'><strong>detrimento</strong></span> <span class='ocrx_word' id='word_1_255' title='bbox 1117 1801 1252 1858; x_wconf 85' lang='lat' dir='ltr'><strong>allici</strong></span> <span class='ocrx_word' id='word_1_256' title='bbox 1281 1806 1517 1860; x_wconf 91' lang='lat' dir='ltr'><strong>sustineo</strong></span> <span class='ocrx_word' id='word_1_257' title='bbox 1550 1822 1564 1858; x_wconf 90' lang='lat'><strong>:</strong></span> <span class='ocrx_word' id='word_1_258' title='bbox 1602 1804 1748 1858; x_wconf 81' lang='lat' dir='ltr'><strong>Unus</strong></span> <span class='ocrx_word' id='word_1_259' title='bbox 1787 1807 1946 1858; x_wconf 24' lang='lat' dir='ltr'><strong>Domit</strong></span> 
     </span>
    </p>
   </div>
   <div class='ocr_carea' id='block_1_37' title="bbox 2067 1788 3643 1872">
    <p class='ocr_par' dir='ltr' id='par_1_37' title="bbox 2067 1788 3643 1866">
     <span class='ocr_line' id='line_1_37' title="bbox 2067 1788 3643 1866; baseline -0.007 -14"><span class='ocrx_word' id='word_1_260' title='bbox 2067 1800 2296 1852; x_wconf 84' lang='grc' dir='ltr'>λείωσιν.</span> <span class='ocrx_word' id='word_1_261' title='bbox 2317 1793 2419 1864; x_wconf 82' lang='grc' dir='ltr'><strong>Εἷς</strong></span> <span class='ocrx_word' id='word_1_262' title='bbox 2445 1799 2684 1866; x_wconf 83' lang='grc' dir='ltr'>Κύριος,</span> <span class='ocrx_word' id='word_1_263' title='bbox 2702 1797 2811 1865; x_wconf 84' lang='grc' dir='ltr'><strong>μία</strong></span> <span class='ocrx_word' id='word_1_264' title='bbox 2836 1796 3061 1860; x_wconf 82' lang='grc' dir='ltr'><strong>πίστις,</strong></span> <span class='ocrx_word' id='word_1_265' title='bbox 3100 1792 3169 1846; x_wconf 79' lang='grc' dir='ltr'><strong>ἓν</strong></span> <span class='ocrx_word' id='word_1_266' title='bbox 3201 1791 3539 1859; x_wconf 77' lang='grc' dir='ltr'>βάπτισμα.</span> <span class='ocrx_word' id='word_1_267' title='bbox 3577 1788 3643 1842; x_wconf 80' lang='grc' dir='ltr'><strong>Εἰ</strong></span> 
     </span>
    </p>
   </div>
   <div class='ocr_carea' id='block_1_38' title="bbox 380 1880 1946 1963">
    <p class='ocr_par' dir='ltr' id='par_1_38' title="bbox 380 1893 1946 1962">
     <span class='ocr_line' id='line_1_38' title="bbox 380 1893 1946 1962; baseline 0.001 -16"><span class='ocrx_word' id='word_1_268' title='bbox 380 1909 498 1955; x_wconf 78' lang='lat' dir='ltr'><strong>nus,</strong></span> <span class='ocrx_word' id='word_1_269' title='bbox 515 1909 620 1946; x_wconf 84' lang='lat' dir='ltr'><strong>una</strong></span> <span class='ocrx_word' id='word_1_270' title='bbox 641 1893 793 1962; x_wconf 77' lang='lat' dir='ltr'><strong>ﬁdes,</strong></span> <span class='ocrx_word' id='word_1_271' title='bbox 828 1909 988 1947; x_wconf 82' lang='lat' dir='ltr'><strong>unum</strong></span> <span class='ocrx_word' id='word_1_272' title='bbox 1011 1894 1268 1961; x_wconf 83' lang='lat' dir='ltr'><strong>baptisma</strong></span> <span class='ocrx_word' id='word_1_273' title='bbox 1291 1895 1359 1947; x_wconf 67' lang='lat'><strong>5°.</strong></span> <span class='ocrx_word' id='word_1_274' title='bbox 1382 1894 1492 1950; x_wconf 81' lang='lat' dir='ltr'><strong>Hoc</strong></span> <span class='ocrx_word' id='word_1_275' title='bbox 1516 1897 1558 1949; x_wconf 91' lang='lat' dir='ltr'><strong>si</strong></span> <span class='ocrx_word' id='word_1_276' title='bbox 1587 1897 1716 1950; x_wconf 87' lang='lat' dir='ltr'><strong>mihi</strong></span> <span class='ocrx_word' id='word_1_277' title='bbox 1751 1897 1946 1949; x_wconf 72' lang='lat' dir='ltr'><strong>irrituu:</strong></span> 
     </span>
    </p>
   </div>
   <div class='ocr_carea' id='block_1_39' title="bbox 2067 1880 3642 1963">
    <p class='ocr_par' dir='ltr' id='par_1_39' title="bbox 2067 1880 3642 1963">
     <span class='ocr_line' id='line_1_39' title="bbox 2067 1880 3642 1963; baseline -0.008 -18"><span class='ocrx_word' id='word_1_278' title='bbox 2067 1892 2215 1946; x_wconf 89' lang='grc' dir='ltr'>τοῦτο</span> <span class='ocrx_word' id='word_1_279' title='bbox 2245 1891 2558 1963; x_wconf 85' lang='grc' dir='ltr'>ἀκυρωθείη</span> <span class='ocrx_word' id='word_1_280' title='bbox 2589 1907 2700 1960; x_wconf 89' lang='grc' dir='ltr'>μοι,</span> <span class='ocrx_word' id='word_1_281' title='bbox 2738 1887 2890 1958; x_wconf 84' lang='grc' dir='ltr'>παρὰ</span> <span class='ocrx_word' id='word_1_282' title='bbox 2913 1887 3056 1950; x_wconf 83' lang='grc' dir='ltr'>τίνος</span> <span class='ocrx_word' id='word_1_283' title='bbox 3080 1885 3187 1950; x_wconf 83' lang='grc' dir='ltr'><strong>’ἐξω</strong></span> <span class='ocrx_word' id='word_1_284' title='bbox 3207 1884 3269 1938; x_wconf 89' lang='grc' dir='ltr'><strong>τὸ</strong></span> <span class='ocrx_word' id='word_1_285' title='bbox 3282 1883 3553 1953; x_wconf 85' lang='grc' dir='ltr'>δεύτερον;</span> <span class='ocrx_word' id='word_1_286' title='bbox 3572 1880 3642 1933; x_wconf 89' lang='grc' dir='ltr'><strong>Τί</strong></span> 
     </span>
    </p>
   </div>
   <div class='ocr_carea' id='block_1_40' title="bbox 378 1975 1946 2052">
    <p class='ocr_par' dir='ltr' id='par_1_40' title="bbox 378 1984 1946 2052">
     <span class='ocr_line' id='line_1_40' title="bbox 378 1984 1946 2052; baseline 0 -13"><span class='ocrx_word' id='word_1_287' title='bbox 378 1985 658 2048; x_wconf 85' lang='lat' dir='ltr'><strong>reddatur,</strong></span> <span class='ocrx_word' id='word_1_288' title='bbox 709 1998 738 2038; x_wconf 86' lang='lat' dir='ltr'><strong>a</strong></span> <span class='ocrx_word' id='word_1_289' title='bbox 782 1999 890 2052; x_wconf 92' lang='lat' dir='ltr'><strong>quo</strong></span> <span class='ocrx_word' id='word_1_290' title='bbox 940 1985 1150 2038; x_wconf 90' lang='lat' dir='ltr'><strong>tandem</strong></span> <span class='ocrx_word' id='word_1_291' title='bbox 1185 1984 1413 2040; x_wconf 90' lang='lat' dir='ltr'><strong>alterum</strong></span> <span class='ocrx_word' id='word_1_292' title='bbox 1458 1986 1742 2042; x_wconf 86' lang='lat' dir='ltr'><strong>habiturus</strong></span> <span class='ocrx_word' id='word_1_293' title='bbox 1799 1989 1946 2042; x_wconf 73' lang='lat' dir='ltr'><strong>sumi</strong></span> 
     </span>
    </p>
   </div>
   <div class='ocr_carea' id='block_1_41' title="bbox 2067 1975 3640 2052">
    <p class='ocr_par' dir='ltr' id='par_1_41' title="bbox 2067 1975 3640 2052">
     <span class='ocr_line' id='line_1_41' title="bbox 2067 1975 3640 2052; baseline -0.008 -14"><span class='ocrx_word' id='word_1_294' title='bbox 2067 1985 2222 2052; x_wconf 74' lang='grc' dir='ltr'>φατὲ,</span> <span class='ocrx_word' id='word_1_295' title='bbox 2265 1987 2312 2038; x_wconf 90' lang='grc' dir='ltr'>οἱ</span> <span class='ocrx_word' id='word_1_296' title='bbox 2357 1981 2854 2046; x_wconf 81' lang='grc' dir='ltr'>καταϐαπτίζοντες</span> <span class='ocrx_word' id='word_1_297' title='bbox 2887 1978 3091 2051; x_wconf 68' lang='grc' dir='ltr'><strong>(⁸52),ἢ</strong></span> <span class='ocrx_word' id='word_1_298' title='bbox 3137 1975 3640 2039; x_wconf 76' lang='grc' dir='ltr'>ἀναϐαπτίζοντεςς</span> 
     </span>
    </p>
   </div>
   <div class='ocr_carea' id='block_1_42' title="bbox 378 2074 1956 2150">
    <p class='ocr_par' dir='ltr' id='par_1_42' title="bbox 378 2074 1956 2150">
     <span class='ocr_line' id='line_1_42' title="bbox 378 2074 1956 2150; baseline 0.002 -22"><span class='ocrx_word' id='word_1_299' title='bbox 378 2074 518 2142; x_wconf 85' lang='lat' dir='ltr'><strong>Quid</strong></span> <span class='ocrx_word' id='word_1_300' title='bbox 549 2075 614 2128; x_wconf 89' lang='lat' dir='ltr'><strong>ad</strong></span> <span class='ocrx_word' id='word_1_301' title='bbox 643 2077 758 2130; x_wconf 57' lang='lat' dir='ltr'><strong>hac</strong></span> <span class='ocrx_word' id='word_1_302' title='bbox 787 2075 985 2139; x_wconf 89' lang='lat' dir='ltr'><strong>dicitis,</strong></span> <span class='ocrx_word' id='word_1_303' title='bbox 1032 2076 1122 2143; x_wconf 90' lang='lat' dir='ltr'><strong>qui</strong></span> <span class='ocrx_word' id='word_1_304' title='bbox 1168 2077 1539 2144; x_wconf 69' lang='lat' dir='ltr'><strong>submergitis,</strong></span> <span class='ocrx_word' id='word_1_305' title='bbox 1586 2079 1666 2134; x_wconf 81' lang='lat' dir='ltr'><strong>vel</strong></span> <span class='ocrx_word' id='word_1_306' title='bbox 1696 2080 1956 2150; x_wconf 79' lang='lat' dir='ltr'><strong>remergi-</strong></span> 
     </span>
    </p>
   </div>
   <div class='ocr_carea' id='block_1_43' title="bbox 378 2166 1960 2238">
    <p class='ocr_par' dir='ltr' id='par_1_43' title="bbox 378 2166 1960 2238">
     <span class='ocr_line' id='line_1_43' title="bbox 378 2166 1960 2238; baseline 0.003 -17"><span class='ocrx_word' id='word_1_307' title='bbox 378 2167 488 2222; x_wconf 87' lang='lat' dir='ltr'><strong>tis?</strong></span> <span class='ocrx_word' id='word_1_308' title='bbox 553 2166 635 2220; x_wconf 85' lang='lat' dir='ltr'><strong>An</strong></span> <span class='ocrx_word' id='word_1_309' title='bbox 693 2169 979 2236; x_wconf 90' lang='lat' dir='ltr'><strong>quisquam</strong></span> <span class='ocrx_word' id='word_1_310' title='bbox 1037 2167 1155 2221; x_wconf 90' lang='lat' dir='ltr'><strong>sine</strong></span> <span class='ocrx_word' id='word_1_311' title='bbox 1215 2168 1418 2238; x_wconf 89' lang='lat' dir='ltr'><strong>Spiritu</strong></span> <span class='ocrx_word' id='word_1_312' title='bbox 1486 2170 1782 2236; x_wconf 88' lang='lat' dir='ltr'><strong>spiritualis</strong></span> <span class='ocrx_word' id='word_1_313' title='bbox 1838 2185 1960 2225; x_wconf 90' lang='lat' dir='ltr'><strong>esse</strong></span> 
     </span>
    </p>
   </div>
   <div class='ocr_carea' id='block_1_44' title="bbox 377 2258 1956 2331">
    <p class='ocr_par' dir='ltr' id='par_1_44' title="bbox 377 2258 1956 2331">
     <span class='ocr_line' id='line_1_44' title="bbox 377 2258 1956 2331; baseline 0.001 -17"><span class='ocrx_word' id='word_1_314' title='bbox 377 2260 586 2331; x_wconf 83' lang='lat' dir='ltr'><strong>potest?</strong></span> <span class='ocrx_word' id='word_1_315' title='bbox 607 2261 686 2312; x_wconf 89' lang='lat' dir='ltr'><strong>Au</strong></span> <span class='ocrx_word' id='word_1_316' title='bbox 710 2258 942 2328; x_wconf 90' lang='lat' dir='ltr'><strong>Spiritus</strong></span> <span class='ocrx_word' id='word_1_317' title='bbox 969 2259 1236 2327; x_wconf 88' lang='lat' dir='ltr'><strong>particeps</strong></span> <span class='ocrx_word' id='word_1_318' title='bbox 1266 2270 1369 2324; x_wconf 92' lang='lat' dir='ltr'><strong>est,</strong></span> <span class='ocrx_word' id='word_1_319' title='bbox 1413 2260 1504 2329; x_wconf 86' lang='lat' dir='ltr'><strong>qui</strong></span> <span class='ocrx_word' id='word_1_320' title='bbox 1549 2260 1808 2329; x_wconf 91' lang='lat' dir='ltr'><strong>Spiritum</strong></span> <span class='ocrx_word' id='word_1_321' title='bbox 1849 2277 1956 2316; x_wconf 93' lang='lat' dir='ltr'><strong>non</strong></span> 
     </span>
    </p>
   </div>
   <div class='ocr_carea' id='block_1_45' title="bbox 370 2349 1956 2418">
    <p class='ocr_par' dir='ltr' id='par_1_45' title="bbox 370 2349 1956 2418">
     <span class='ocr_line' id='line_1_45' title="bbox 370 2349 1956 2418; baseline 0.001 -14"><span class='ocrx_word' id='word_1_322' title='bbox 370 2349 648 2404; x_wconf 78' lang='lat' dir='ltr'><strong>honorat?</strong></span> <span class='ocrx_word' id='word_1_323' title='bbox 673 2351 754 2402; x_wconf 82' lang='lat' dir='ltr'><strong>An</strong></span> <span class='ocrx_word' id='word_1_324' title='bbox 787 2349 1036 2415; x_wconf 85' lang='lat' dir='ltr'><strong>honorat,</strong></span> <span class='ocrx_word' id='word_1_325' title='bbox 1081 2349 1172 2418; x_wconf 85' lang='lat' dir='ltr'><strong>qui</strong></span> <span class='ocrx_word' id='word_1_326' title='bbox 1199 2349 1250 2402; x_wconf 94' lang='lat' dir='ltr'><strong>in</strong></span> <span class='ocrx_word' id='word_1_327' title='bbox 1285 2359 1526 2404; x_wconf 89' lang='lat' dir='ltr'><strong>creatum</strong></span> <span class='ocrx_word' id='word_1_328' title='bbox 1554 2358 1607 2404; x_wconf 93' lang='lat' dir='ltr'><strong>et</strong></span> <span class='ocrx_word' id='word_1_329' title='bbox 1633 2364 1956 2406; x_wconf 88' lang='lat' dir='ltr'><strong>conservum</strong></span> 
     </span>
    </p>
   </div>
   <div class='ocr_carea' id='block_1_46' title="bbox 367 2440 1956 2510">
    <p class='ocr_par' dir='ltr' id='par_1_46' title="bbox 367 2440 1956 2510">
     <span class='ocr_line' id='line_1_46' title="bbox 367 2440 1956 2510; baseline 0 -15"><span class='ocrx_word' id='word_1_330' title='bbox 367 2441 720 2510; x_wconf 80' lang='lat' dir='ltr'><strong>baptizatur?</strong></span> <span class='ocrx_word' id='word_1_331' title='bbox 762 2440 978 2495; x_wconf 91' lang='lat' dir='ltr'><strong>Minime</strong></span> <span class='ocrx_word' id='word_1_332' title='bbox 1015 2440 1289 2510; x_wconf 82' lang='lat' dir='ltr'><strong>profecto;</strong></span> <span class='ocrx_word' id='word_1_333' title='bbox 1347 2455 1444 2494; x_wconf 89' lang='lat' dir='ltr'><strong>nec</strong></span> <span class='ocrx_word' id='word_1_334' title='bbox 1483 2441 1556 2506; x_wconf 90' lang='lat' dir='ltr'><strong>id,</strong></span> <span class='ocrx_word' id='word_1_335' title='bbox 1589 2440 1754 2496; x_wconf 89' lang='lat' dir='ltr'><strong>multa</strong></span> <span class='ocrx_word' id='word_1_336' title='bbox 1794 2442 1956 2496; x_wconf 88' lang='lat' dir='ltr'><strong>verba</strong></span> 
     </span>
    </p>
   </div>
   <div class='ocr_carea' id='block_1_47' title="bbox 378 2531 1955 2602">
    <p class='ocr_par' dir='ltr' id='par_1_47' title="bbox 378 2531 1955 2602">
     <span class='ocr_line' id='line_1_47' title="bbox 378 2531 1955 2602; baseline 0.001 -18"><span class='ocrx_word' id='word_1_337' title='bbox 378 2532 730 2602; x_wconf 83' lang='lat' dir='ltr'><strong>profundens,</strong></span> <span class='ocrx_word' id='word_1_338' title='bbox 772 2533 1095 2601; x_wconf 88' lang='lat' dir='ltr'><strong>persuadere</strong></span> <span class='ocrx_word' id='word_1_339' title='bbox 1140 2532 1360 2598; x_wconf 86' lang='lat' dir='ltr'><strong>pcteris.</strong></span> <span class='ocrx_word' id='word_1_340' title='bbox 1401 2531 1586 2585; x_wconf 86' lang='lat' dir='ltr'><strong>Fidem</strong></span> <span class='ocrx_word' id='word_1_341' title='bbox 1637 2533 1730 2586; x_wconf 89' lang='lat' dir='ltr'><strong>tibi</strong></span> <span class='ocrx_word' id='word_1_342' title='bbox 1775 2533 1955 2587; x_wconf 89' lang='lat' dir='ltr'><strong>datam</strong></span> 
     </span>
    </p>
   </div>
   <div class='ocr_carea' id='block_1_48' title="bbox 379 2619 1952 2689">
    <p class='ocr_par' dir='ltr' id='par_1_48' title="bbox 379 2619 1952 2689">
     <span class='ocr_line' id='line_1_48' title="bbox 379 2619 1952 2689; baseline 0.001 -15"><span class='ocrx_word' id='word_1_343' title='bbox 379 2637 482 2676; x_wconf 91' lang='lat' dir='ltr'><strong>non</strong></span> <span class='ocrx_word' id='word_1_344' title='bbox 511 2619 1170 2689; x_wconf 82' lang='lat' dir='ltr'><strong>fallam,Pater.principii</strong></span> <span class='ocrx_word' id='word_1_345' title='bbox 1197 2636 1418 2689; x_wconf 82' lang='lat' dir='ltr'><strong>expers:</strong></span> <span class='ocrx_word' id='word_1_346' title='bbox 1441 2622 1598 2675; x_wconf 84' lang='lat' dir='ltr'><strong>ﬁdem</strong></span> <span class='ocrx_word' id='word_1_347' title='bbox 1626 2637 1729 2676; x_wconf 86' lang='lat' dir='ltr'><strong>non</strong></span> <span class='ocrx_word' id='word_1_348' title='bbox 1749 2621 1952 2687; x_wconf 84' lang='lat' dir='ltr'><strong>fallam,</strong></span> 
     </span>
    </p>
   </div>
   <div class='ocr_carea' id='block_1_49' title="bbox 2065 2066 3644 2146">
    <p class='ocr_par' dir='ltr' id='par_1_49' title="bbox 2065 2066 3644 2146">
     <span class='ocr_line' id='line_1_49' title="bbox 2065 2066 3644 2146; baseline -0.009 -15"><span class='ocrx_word' id='word_1_349' title='bbox 2065 2079 2250 2131; x_wconf 88' lang='grc' dir='ltr'>Ἔστιν</span> <span class='ocrx_word' id='word_1_350' title='bbox 2274 2074 2412 2130; x_wconf 82' lang='grc' dir='ltr'>εἶναι</span> <span class='ocrx_word' id='word_1_351' title='bbox 2433 2074 2800 2146; x_wconf 84' lang='grc' dir='ltr'>πνευματικὸν</span> <span class='ocrx_word' id='word_1_352' title='bbox 2841 2073 2967 2144; x_wconf 86' lang='grc' dir='ltr'>δίχα</span> <span class='ocrx_word' id='word_1_353' title='bbox 3011 2068 3362 2141; x_wconf 62' lang='grc' dir='ltr'>Πνεύματοςῗ;</span> <span class='ocrx_word' id='word_1_354' title='bbox 3407 2066 3644 2135; x_wconf 84' lang='grc' dir='ltr'>Μετέχει</span> 
     </span>
    </p>
   </div>
   <div class='ocr_carea' id='block_1_50' title="bbox 2059 2157 3646 2236">
    <p class='ocr_par' dir='ltr' id='par_1_50' title="bbox 2059 2157 3646 2236">
     <span class='ocr_line' id='line_1_50' title="bbox 2059 2157 3646 2236; baseline -0.008 -16"><span class='ocrx_word' id='word_1_355' title='bbox 2059 2167 2116 2220; x_wconf 81' lang='grc' dir='ltr'><strong>δὲ</strong></span> <span class='ocrx_word' id='word_1_356' title='bbox 2141 2165 2453 2236; x_wconf 88' lang='grc' dir='ltr'>Πνεύματος</span> <span class='ocrx_word' id='word_1_357' title='bbox 2504 2168 2532 2219; x_wconf 89' lang='lat'><strong>6</strong></span> <span class='ocrx_word' id='word_1_358' title='bbox 2566 2165 2640 2236; x_wconf 82' lang='grc' dir='ltr'>μὴ</span> <span class='ocrx_word' id='word_1_359' title='bbox 2674 2163 2847 2234; x_wconf 82' lang='grc' dir='ltr'>τιμῶν</span> <span class='ocrx_word' id='word_1_360' title='bbox 2875 2163 2935 2216; x_wconf 87' lang='grc' dir='ltr'><strong>τὸ</strong></span> <span class='ocrx_word' id='word_1_361' title='bbox 2965 2160 3226 2231; x_wconf 89' lang='grc' dir='ltr'>Πνεῦμα;</span> <span class='ocrx_word' id='word_1_362' title='bbox 3252 2159 3400 2229; x_wconf 78' lang='grc' dir='ltr'>Τιμᾷ</span> <span class='ocrx_word' id='word_1_363' title='bbox 3427 2157 3482 2209; x_wconf 84' lang='grc' dir='ltr'>δὲ</span> <span class='ocrx_word' id='word_1_364' title='bbox 3508 2159 3537 2209; x_wconf 86' lang='lat'><strong>6</strong></span> <span class='ocrx_word' id='word_1_365' title='bbox 3561 2157 3646 2218; x_wconf 82' lang='grc' dir='ltr'><strong>εἰς</strong></span> 
     </span>
    </p>
   </div>
   <div class='ocr_carea' id='block_1_51' title="bbox 2061 2249 3638 2332">
    <p class='ocr_par' dir='ltr' id='par_1_51' title="bbox 2061 2249 3638 2332">
     <span class='ocr_line' id='line_1_51' title="bbox 2061 2249 3638 2332; baseline -0.009 -18"><span class='ocrx_word' id='word_1_366' title='bbox 2061 2262 2266 2332; x_wconf 86' lang='grc' dir='ltr'>κτίσμα</span> <span class='ocrx_word' id='word_1_367' title='bbox 2292 2260 2387 2313; x_wconf 69' lang='grc' dir='ltr'><strong>καὶ</strong></span> <span class='ocrx_word' id='word_1_368' title='bbox 2418 2259 2705 2330; x_wconf 82' lang='grc' dir='ltr'>ὁμόδουλον</span> <span class='ocrx_word' id='word_1_369' title='bbox 2742 2256 3167 2326; x_wconf 78' lang='grc' dir='ltr'>βαπτιζόμενος;</span> <span class='ocrx_word' id='word_1_370' title='bbox 3192 2253 3306 2305; x_wconf 78' lang='grc' dir='ltr'>Οὐκ</span> <span class='ocrx_word' id='word_1_371' title='bbox 3338 2250 3503 2312; x_wconf 73' lang='grc' dir='ltr'>ἐστιν,</span> <span class='ocrx_word' id='word_1_372' title='bbox 3533 2249 3638 2317; x_wconf 77' lang='grc' dir='ltr'>οὐχ</span> 
     </span>
    </p>
   </div>
   <div class='ocr_carea' id='block_1_52' title="bbox 2059 2339 3638 2421">
    <p class='ocr_par' dir='ltr' id='par_1_52' title="bbox 2059 2339 3638 2421">
     <span class='ocr_line' id='line_1_52' title="bbox 2059 2339 3638 2421; baseline -0.009 -16"><span class='ocrx_word' id='word_1_373' title='bbox 2059 2353 2222 2416; x_wconf 76' lang='grc' dir='ltr'>οὕτω,</span> <span class='ocrx_word' id='word_1_374' title='bbox 2241 2351 2409 2404; x_wconf 79' lang='grc' dir='ltr'>πολλὰ</span> <span class='ocrx_word' id='word_1_375' title='bbox 2424 2352 2567 2421; x_wconf 76' lang='grc' dir='ltr'>ἐρεῖς</span> <span class='ocrx_word' id='word_1_376' title='bbox 2585 2349 2716 2420; x_wconf 77' lang='grc'>(55).</span> <span class='ocrx_word' id='word_1_377' title='bbox 2737 2349 2811 2400; x_wconf 86' lang='grc' dir='ltr'>Ού</span> <span class='ocrx_word' id='word_1_378' title='bbox 2825 2345 3097 2417; x_wconf 73' lang='grc' dir='ltr'>ψεύσομαί</span> <span class='ocrx_word' id='word_1_379' title='bbox 3113 2361 3192 2407; x_wconf 91' lang='grc' dir='ltr'><strong>σε,</strong></span> <span class='ocrx_word' id='word_1_380' title='bbox 3210 2343 3392 2413; x_wconf 86' lang='grc' dir='ltr'>Πάτερ</span> <span class='ocrx_word' id='word_1_381' title='bbox 3410 2339 3638 2409; x_wconf 77' lang='grc' dir='ltr'>ἄναρχε·</span> 
     </span>
    </p>
   </div>
   <div class='ocr_carea' id='block_1_53' title="bbox 2059 2431 3644 2515">
    <p class='ocr_par' dir='ltr' id='par_1_53' title="bbox 2059 2431 3644 2515">
     <span class='ocr_line' id='line_1_53' title="bbox 2059 2431 3644 2515; baseline -0.009 -17"><span class='ocrx_word' id='word_1_382' title='bbox 2059 2448 2119 2500; x_wconf 82' lang='grc' dir='ltr'><strong>οὐ</strong></span> <span class='ocrx_word' id='word_1_383' title='bbox 2151 2444 2422 2515; x_wconf 74' lang='grc' dir='ltr'>ψεύσομαι</span> <span class='ocrx_word' id='word_1_384' title='bbox 2452 2461 2535 2508; x_wconf 90' lang='grc' dir='ltr'><strong>σε,</strong></span> <span class='ocrx_word' id='word_1_385' title='bbox 2568 2442 2853 2514; x_wconf 79' lang='grc' dir='ltr'>μονογενὲς</span> <span class='ocrx_word' id='word_1_386' title='bbox 2879 2440 3018 2508; x_wconf 83' lang='grc' dir='ltr'>Λόγε</span> <span class='ocrx_word' id='word_1_387' title='bbox 3040 2455 3052 2468; x_wconf 92' lang='grc'><strong>·</strong></span> <span class='ocrx_word' id='word_1_388' title='bbox 3082 2438 3142 2490; x_wconf 83' lang='grc' dir='ltr'><strong>ού</strong></span> <span class='ocrx_word' id='word_1_389' title='bbox 3166 2434 3438 2507; x_wconf 75' lang='grc' dir='ltr'>ψεύσομαι</span> <span class='ocrx_word' id='word_1_390' title='bbox 3468 2449 3550 2497; x_wconf 91' lang='grc' dir='ltr'><strong>σε,</strong></span> <span class='ocrx_word' id='word_1_391' title='bbox 3579 2431 3644 2484; x_wconf 92' lang='grc' dir='ltr'><strong>τὸ</strong></span> 
     </span>
    </p>
   </div>
   <div class='ocr_carea' id='block_1_54' title="bbox 2061 2523 3642 2607">
    <p class='ocr_par' dir='ltr' id='par_1_54' title="bbox 2061 2523 3642 2607">
     <span class='ocr_line' id='line_1_54' title="bbox 2061 2523 3642 2607; baseline -0.009 -17"><span class='ocrx_word' id='word_1_392' title='bbox 2061 2537 2284 2607; x_wconf 87' lang='grc' dir='ltr'>Πνεῦμα</span> <span class='ocrx_word' id='word_1_393' title='bbox 2311 2536 2372 2588; x_wconf 89' lang='grc' dir='ltr'><strong>τὸ</strong></span> <span class='ocrx_word' id='word_1_394' title='bbox 2398 2535 2570 2604; x_wconf 79' lang='grc' dir='ltr'>ἆγιον.</span> <span class='ocrx_word' id='word_1_395' title='bbox 2595 2529 2725 2586; x_wconf 82' lang='grc' dir='ltr'>Οἶδα</span> <span class='ocrx_word' id='word_1_396' title='bbox 2746 2531 2852 2586; x_wconf 88' lang='grc' dir='ltr'>τίνι</span> <span class='ocrx_word' id='word_1_397' title='bbox 2885 2529 3212 2600; x_wconf 81' lang='grc' dir='ltr'>ὡμολόγησα</span> <span class='ocrx_word' id='word_1_398' title='bbox 3239 2527 3373 2598; x_wconf 70' lang='grc'>(54),</span> <span class='ocrx_word' id='word_1_399' title='bbox 3406 2524 3501 2580; x_wconf 70' lang='grc' dir='ltr'>καὶ</span> <span class='ocrx_word' id='word_1_400' title='bbox 3529 2523 3642 2576; x_wconf 87' lang='grc' dir='ltr'>τίνι</span> 
     </span>
    </p>
   </div>
   <div class='ocr_carea' id='block_1_55' title="bbox 2059 2614 3644 2697">
    <p class='ocr_par' dir='ltr' id='par_1_55' title="bbox 2059 2614 3644 2697">
     <span class='ocr_line' id='line_1_55' title="bbox 2059 2614 3644 2697; baseline -0.008 -16"><span class='ocrx_word' id='word_1_401' title='bbox 2059 2627 2438 2697; x_wconf 80' lang='grc' dir='ltr'>ἀπεταξόιμην,</span> <span class='ocrx_word' id='word_1_402' title='bbox 2481 2625 2575 2678; x_wconf 77' lang='grc' dir='ltr'><strong>καὶ</strong></span> <span class='ocrx_word' id='word_1_403' title='bbox 2598 2623 2703 2676; x_wconf 89' lang='grc' dir='ltr'>τίνι</span> <span class='ocrx_word' id='word_1_404' title='bbox 2735 2621 3135 2692; x_wconf 79' lang='grc' dir='ltr'>συνεταξάμην.</span> <span class='ocrx_word' id='word_1_405' title='bbox 3171 2620 3245 2671; x_wconf 84' lang='grc' dir='ltr'><strong>Οὐ</strong></span> <span class='ocrx_word' id='word_1_406' title='bbox 3279 2618 3503 2688; x_wconf 79' lang='grc' dir='ltr'>δέχομαι</span> <span class='ocrx_word' id='word_1_407' title='bbox 3539 2614 3644 2678; x_wconf 78' lang='grc' dir='ltr'><strong>τὰς</strong></span> 
     </span>
    </p>
   </div>
   <div class='ocr_carea' id='block_1_56' title="bbox 377 2707 1946 2786">
    <p class='ocr_par' dir='ltr' id='par_1_56' title="bbox 377 2710 1946 2783">
     <span class='ocr_line' id='line_1_56' title="bbox 377 2710 1946 2783; baseline 0.005 -22"><span class='ocrx_word' id='word_1_408' title='bbox 377 2710 611 2768; x_wconf 66' lang='lat' dir='ltr'><strong>Verbum</strong></span> <span class='ocrx_word' id='word_1_409' title='bbox 640 2711 1008 2781; x_wconf 84' lang='lat' dir='ltr'><strong>unigenitum;</strong></span> <span class='ocrx_word' id='word_1_410' title='bbox 1043 2712 1200 2765; x_wconf 80' lang='lat' dir='ltr'><strong>ﬁdem</strong></span> <span class='ocrx_word' id='word_1_411' title='bbox 1228 2727 1331 2765; x_wconf 90' lang='lat' dir='ltr'><strong>non</strong></span> <span class='ocrx_word' id='word_1_412' title='bbox 1353 2711 1554 2776; x_wconf 81' lang='lat' dir='ltr'><strong>fallam,</strong></span> <span class='ocrx_word' id='word_1_413' title='bbox 1578 2713 1809 2783; x_wconf 90' lang='lat' dir='ltr'><strong>Spiritus</strong></span> <span class='ocrx_word' id='word_1_414' title='bbox 1829 2731 1946 2770; x_wconf 87' lang='lat' dir='ltr'><strong>sau-</strong></span> 
     </span>
    </p>
   </div>
   <div class='ocr_carea' id='block_1_57' title="bbox 2067 2707 3639 2786">
    <p class='ocr_par' dir='ltr' id='par_1_57' title="bbox 2067 2707 3639 2786">
     <span class='ocr_line' id='line_1_57' title="bbox 2067 2707 3639 2786; baseline -0.008 -14"><span class='ocrx_word' id='word_1_415' title='bbox 2067 2719 2250 2772; x_wconf 86' lang='grc' dir='ltr'>πιστοῦ</span> <span class='ocrx_word' id='word_1_416' title='bbox 2282 2717 2466 2786; x_wconf 78' lang='grc' dir='ltr'>φωνὰς</span> <span class='ocrx_word' id='word_1_417' title='bbox 2495 2715 2834 2786; x_wconf 81' lang='grc' dir='ltr'>διδαχθῆναι,</span> <span class='ocrx_word' id='word_1_418' title='bbox 2871 2714 2964 2766; x_wconf 74' lang='grc' dir='ltr'><strong>καὶ</strong></span> <span class='ocrx_word' id='word_1_419' title='bbox 2995 2713 3188 2783; x_wconf 84' lang='grc' dir='ltr'>μαθεῖν</span> <span class='ocrx_word' id='word_1_420' title='bbox 3208 2712 3469 2772; x_wconf 81' lang='grc' dir='ltr'>ἀπίστους</span> <span class='ocrx_word' id='word_1_421' title='bbox 3499 2707 3639 2778; x_wconf 74' lang='grc'>(55)·</span> 
     </span>
    </p>
   </div>
   <div class='ocr_carea' id='block_1_58' title="bbox 377 2799 1946 2882">
    <p class='ocr_par' dir='ltr' id='par_1_58' title="bbox 377 2802 1946 2874">
     <span class='ocr_line' id='line_1_58' title="bbox 377 2802 1946 2874; baseline 0.002 -16"><span class='ocrx_word' id='word_1_422' title='bbox 377 2813 483 2858; x_wconf 91' lang='lat' dir='ltr'><strong>cte.</strong></span> <span class='ocrx_word' id='word_1_423' title='bbox 523 2802 648 2859; x_wconf 88' lang='lat' dir='ltr'><strong>Scio</strong></span> <span class='ocrx_word' id='word_1_424' title='bbox 671 2803 799 2874; x_wconf 89' lang='lat' dir='ltr'><strong>quid</strong></span> <span class='ocrx_word' id='word_1_425' title='bbox 829 2803 1106 2872; x_wconf 83' lang='lat' dir='ltr'><strong>professus</strong></span> <span class='ocrx_word' id='word_1_426' title='bbox 1129 2803 1341 2868; x_wconf 83' lang='lat' dir='ltr'><strong>fuerim,</strong></span> <span class='ocrx_word' id='word_1_427' title='bbox 1379 2805 1463 2859; x_wconf 92' lang='lat' dir='ltr'><strong>cui</strong></span> <span class='ocrx_word' id='word_1_428' title='bbox 1496 2807 1871 2874; x_wconf 88' lang='lat' dir='ltr'><strong>renuntiarim,</strong></span> <span class='ocrx_word' id='word_1_429' title='bbox 1903 2817 1946 2863; x_wconf 90' lang='lat' dir='ltr'><strong>el</strong></span> 
     </span>
    </p>
   </div>
   <div class='ocr_carea' id='block_1_59' title="bbox 2067 2799 3642 2882">
    <p class='ocr_par' dir='ltr' id='par_1_59' title="bbox 2067 2799 3642 2882">
     <span class='ocr_line' id='line_1_59' title="bbox 2067 2799 3642 2882; baseline -0.008 -17"><span class='ocrx_word' id='word_1_430' title='bbox 2067 2811 2388 2882; x_wconf 65' lang='grc' dir='ltr'>δμολογῆσαι</span> <span class='ocrx_word' id='word_1_431' title='bbox 2431 2809 2708 2881; x_wconf 83' lang='grc' dir='ltr'>ἀλήθειαν,</span> <span class='ocrx_word' id='word_1_432' title='bbox 2745 2807 2840 2861; x_wconf 71' lang='grc' dir='ltr'>καὶ</span> <span class='ocrx_word' id='word_1_433' title='bbox 2879 2805 3132 2875; x_wconf 82' lang='grc' dir='ltr'>γενέσθαι</span> <span class='ocrx_word' id='word_1_434' title='bbox 3179 2803 3317 2874; x_wconf 75' lang='grc' dir='ltr'>μετὰ</span> <span class='ocrx_word' id='word_1_435' title='bbox 3365 2800 3458 2855; x_wconf 90' lang='grc' dir='ltr'><strong>τοῦ</strong></span> <span class='ocrx_word' id='word_1_436' title='bbox 3503 2799 3642 2870; x_wconf 73' lang='grc' dir='ltr'>ψεύο</span> 
     </span>
    </p>
   </div>
   <div class='ocr_carea' id='block_1_60' title="bbox 377 2891 1946 2972">
    <p class='ocr_par' dir='ltr' id='par_1_60' title="bbox 377 2894 1946 2966">
     <span class='ocr_line' id='line_1_60' title="bbox 377 2894 1946 2966; baseline 0.003 -14"><span class='ocrx_word' id='word_1_437' title='bbox 377 2896 460 2952; x_wconf 88' lang='lat' dir='ltr'><strong>cui</strong></span> <span class='ocrx_word' id='word_1_438' title='bbox 484 2910 568 2952; x_wconf 90' lang='lat' dir='ltr'><strong>me</strong></span> <span class='ocrx_word' id='word_1_439' title='bbox 585 2896 948 2965; x_wconf 78' lang='lat' dir='ltr'><strong>adjunxerim.</strong></span> <span class='ocrx_word' id='word_1_440' title='bbox 974 2894 1091 2950; x_wconf 92' lang='lat' dir='ltr'><strong>Non</strong></span> <span class='ocrx_word' id='word_1_441' title='bbox 1122 2899 1321 2966; x_wconf 89' lang='lat' dir='ltr'><strong>patior,</strong></span> <span class='ocrx_word' id='word_1_442' title='bbox 1351 2912 1473 2951; x_wconf 92' lang='lat' dir='ltr'><strong>cum</strong></span> <span class='ocrx_word' id='word_1_443' title='bbox 1511 2898 1681 2952; x_wconf 82' lang='lat' dir='ltr'><strong>ﬁdelis</strong></span> <span class='ocrx_word' id='word_1_444' title='bbox 1722 2899 1946 2956; x_wconf 78' lang='lat' dir='ltr'><strong>hominis</strong></span> 
     </span>
    </p>
   </div>
   <div class='ocr_carea' id='block_1_61' title="bbox 2067 2891 3636 2972">
    <p class='ocr_par' dir='ltr' id='par_1_61' title="bbox 2067 2891 3636 2972">
     <span class='ocr_line' id='line_1_61' title="bbox 2067 2891 3636 2972; baseline -0.008 -16"><span class='ocrx_word' id='word_1_445' title='bbox 2067 2903 2176 2964; x_wconf 73' lang='grc' dir='ltr'>Ξους</span> <span class='ocrx_word' id='word_1_446' title='bbox 2200 2900 2332 2972; x_wconf 84' lang='grc'>(56)·</span> <span class='ocrx_word' id='word_1_447' title='bbox 2368 2900 2442 2963; x_wconf 86' lang='grc' dir='ltr'>ὡς</span> <span class='ocrx_word' id='word_1_448' title='bbox 2465 2899 2838 2969; x_wconf 89' lang='grc' dir='ltr'>τελειούμενος</span> <span class='ocrx_word' id='word_1_449' title='bbox 2864 2897 2974 2967; x_wconf 79' lang='grc'>(57)</span> <span class='ocrx_word' id='word_1_450' title='bbox 3018 2895 3315 2958; x_wconf 85' lang='grc' dir='ltr'>κατελθεῖν,</span> <span class='ocrx_word' id='word_1_451' title='bbox 3349 2893 3445 2946; x_wconf 73' lang='grc' dir='ltr'><strong>καὶ</strong></span> <span class='ocrx_word' id='word_1_452' title='bbox 3473 2891 3636 2945; x_wconf 83' lang='grc' dir='ltr'>ἀνελ-</span> 
     </span>
    </p>
   </div>
   <div class='ocr_carea' id='block_1_62' title="bbox 365 2982 1946 3062">
    <p class='ocr_par' dir='ltr' id='par_1_62' title="bbox 365 2986 1946 3057">
     <span class='ocr_line' id='line_1_62' title="bbox 365 2986 1946 3057; baseline 0.004 -17"><span class='ocrx_word' id='word_1_453' title='bbox 365 2987 598 3042; x_wconf 85' lang='lat' dir='ltr'><strong>-vocibus</strong></span> <span class='ocrx_word' id='word_1_454' title='bbox 619 2986 857 3041; x_wconf 90' lang='lat' dir='ltr'><strong>imbutus</strong></span> <span class='ocrx_word' id='word_1_455' title='bbox 887 2986 1009 3051; x_wconf 93' lang='lat' dir='ltr'><strong>sim,</strong></span> <span class='ocrx_word' id='word_1_456' title='bbox 1046 2996 1105 3042; x_wconf 91' lang='lat' dir='ltr'><strong>ut</strong></span> <span class='ocrx_word' id='word_1_457' title='bbox 1147 2987 1375 3042; x_wconf 76' lang='lat' dir='ltr'><strong>infidelis</strong></span> <span class='ocrx_word' id='word_1_458' title='bbox 1406 2988 1528 3053; x_wconf 91' lang='lat' dir='ltr'><strong>sim,</strong></span> <span class='ocrx_word' id='word_1_459' title='bbox 1557 2989 1792 3057; x_wconf 87' lang='lat' dir='ltr'><strong>discere;</strong></span> <span class='ocrx_word' id='word_1_460' title='bbox 1832 3007 1946 3045; x_wconf 92' lang='lat' dir='ltr'><strong>cum</strong></span> 
     </span>
    </p>
   </div>
   <div class='ocr_carea' id='block_1_63' title="bbox 2067 2982 3638 3062">
    <p class='ocr_par' dir='ltr' id='par_1_63' title="bbox 2067 2982 3638 3062">
     <span class='ocr_line' id='line_1_63' title="bbox 2067 2982 3638 3062; baseline -0.006 -17"><span class='ocrx_word' id='word_1_461' title='bbox 2067 2991 2174 3045; x_wconf 87' lang='grc' dir='ltr'>θεῖν</span> <span class='ocrx_word' id='word_1_462' title='bbox 2214 2991 2594 3062; x_wconf 75' lang='grc' dir='ltr'>ἁτελὲστεροςο</span> <span class='ocrx_word' id='word_1_463' title='bbox 2638 2989 2713 3052; x_wconf 85' lang='grc' dir='ltr'>ὡς</span> <span class='ocrx_word' id='word_1_464' title='bbox 2764 2987 3062 3058; x_wconf 79' lang='grc' dir='ltr'>ζησόμενος</span> <span class='ocrx_word' id='word_1_465' title='bbox 3106 2984 3488 3056; x_wconf 77' lang='grc' dir='ltr'>βαπτισθῆναι,</span> <span class='ocrx_word' id='word_1_466' title='bbox 3538 2982 3638 3036; x_wconf 74' lang='grc' dir='ltr'><strong>καὶ</strong></span> 
     </span>
    </p>
   </div>
   <div class='ocr_carea' id='block_1_64' title="bbox 375 3073 1946 3152">
    <p class='ocr_par' dir='ltr' id='par_1_64' title="bbox 375 3078 1946 3152">
     <span class='ocr_line' id='line_1_64' title="bbox 375 3078 1946 3152; baseline 0.003 -20"><span class='ocrx_word' id='word_1_467' title='bbox 375 3079 658 3134; x_wconf 84' lang='lat' dir='ltr'><strong>veritatem</strong></span> <span class='ocrx_word' id='word_1_468' title='bbox 683 3078 967 3133; x_wconf 81' lang='lat' dir='ltr'><strong>confessus</strong></span> <span class='ocrx_word' id='word_1_469' title='bbox 984 3079 1107 3144; x_wconf 90' lang='lat' dir='ltr'><strong>sim,</strong></span> <span class='ocrx_word' id='word_1_470' title='bbox 1124 3081 1402 3135; x_wconf 90' lang='lat' dir='ltr'><strong>mendacio</strong></span> <span class='ocrx_word' id='word_1_471' title='bbox 1417 3081 1566 3151; x_wconf 79' lang='lat' dir='ltr'><strong>jungi</strong></span> <span class='ocrx_word' id='word_1_472' title='bbox 1590 3099 1605 3148; x_wconf 91' lang='lat'><strong>;</strong></span> <span class='ocrx_word' id='word_1_473' title='bbox 1629 3097 1750 3136; x_wconf 91' lang='lat' dir='ltr'><strong>cum</strong></span> <span class='ocrx_word' id='word_1_474' title='bbox 1778 3085 1946 3152; x_wconf 81' lang='lat' dir='ltr'><strong>perfe-</strong></span> 
     </span>
    </p>
   </div>
   <div class='ocr_carea' id='block_1_65' title="bbox 2067 3073 3636 3152">
    <p class='ocr_par' dir='ltr' id='par_1_65' title="bbox 2067 3073 3636 3151">
     <span class='ocr_line' id='line_1_65' title="bbox 2067 3073 3636 3151; baseline -0.005 -18"><span class='ocrx_word' id='word_1_475' title='bbox 2067 3081 2456 3151; x_wconf 76' lang='grc' dir='ltr'>ὲννεκρωθῆναι</span> <span class='ocrx_word' id='word_1_476' title='bbox 2480 3079 2556 3150; x_wconf 81' lang='grc' dir='ltr'>τῷ</span> <span class='ocrx_word' id='word_1_477' title='bbox 2576 3077 2728 3132; x_wconf 79' lang='grc' dir='ltr'>ὕδατι</span> <span class='ocrx_word' id='word_1_478' title='bbox 2754 3078 2886 3149; x_wconf 81' lang='grc'>(⁸58),</span> <span class='ocrx_word' id='word_1_479' title='bbox 2925 3077 3176 3147; x_wconf 87' lang='grc' dir='ltr'>καθάπερ</span> <span class='ocrx_word' id='word_1_480' title='bbox 3207 3075 3275 3129; x_wconf 83' lang='grc' dir='ltr'>τὰ</span> <span class='ocrx_word' id='word_1_481' title='bbox 3301 3077 3420 3136; x_wconf 84' lang='grc' dir='ltr'>ταῖς</span> <span class='ocrx_word' id='word_1_482' title='bbox 3449 3073 3636 3126; x_wconf 81' lang='grc' dir='ltr'>ὠδῖσιν</span> 
     </span>
    </p>
   </div>
   <div class='ocr_carea' id='block_1_66' title="bbox 371 3168 1946 3243">
    <p class='ocr_par' dir='ltr' id='par_1_66' title="bbox 371 3168 1946 3242">
     <span class='ocr_line' id='line_1_66' title="bbox 371 3168 1946 3242; baseline 0.003 -18"><span class='ocrx_word' id='word_1_483' title='bbox 371 3169 570 3224; x_wconf 90' lang='lat' dir='ltr'><strong>ctionis</strong></span> <span class='ocrx_word' id='word_1_484' title='bbox 591 3168 949 3238; x_wconf 75' lang='lat' dir='ltr'><strong>adipiscendae</strong></span> <span class='ocrx_word' id='word_1_485' title='bbox 974 3183 1138 3224; x_wconf 87' lang='lat' dir='ltr'><strong>causa</strong></span> <span class='ocrx_word' id='word_1_486' title='bbox 1165 3171 1555 3237; x_wconf 88' lang='lat' dir='ltr'><strong>descenderim,</strong></span> <span class='ocrx_word' id='word_1_487' title='bbox 1582 3173 1946 3242; x_wconf 82' lang='lat' dir='ltr'><strong>imperfectior</strong></span> 
     </span>
    </p>
   </div>
   <div class='ocr_carea' id='block_1_67' title="bbox 2067 3168 3632 3243">
    <p class='ocr_par' dir='ltr' id='par_1_67' title="bbox 2067 3168 3632 3243">
     <span class='ocr_line' id='line_1_67' title="bbox 2067 3168 3632 3243; baseline -0.005 -16"><span class='ocrx_word' id='word_1_488' title='bbox 2067 3172 2454 3227; x_wconf 75' lang='grc' dir='ltr'>ὲναποθανόντα</span> <span class='ocrx_word' id='word_1_489' title='bbox 2502 3173 2782 3243; x_wconf 86' lang='grc' dir='ltr'>κυήματα,</span> <span class='ocrx_word' id='word_1_490' title='bbox 2828 3171 2923 3225; x_wconf 74' lang='grc' dir='ltr'><strong>καὶ</strong></span> <span class='ocrx_word' id='word_1_491' title='bbox 2969 3170 3270 3241; x_wconf 86' lang='grc' dir='ltr'>σύνδρομον</span> <span class='ocrx_word' id='word_1_492' title='bbox 3298 3168 3534 3222; x_wconf 75' lang='grc' dir='ltr'>λαϐόντα</span> <span class='ocrx_word' id='word_1_493' title='bbox 3563 3170 3632 3238; x_wconf 87' lang='grc' dir='ltr'>τῇ</span> 
     </span>
    </p>
   </div>
   <div class='ocr_carea' id='block_1_68' title="bbox 375 3260 1946 3337">
    <p class='ocr_par' dir='ltr' id='par_1_68' title="bbox 375 3260 1946 3337">
     <span class='ocr_line' id='line_1_68' title="bbox 375 3260 1946 3337; baseline 0.004 -22"><span class='ocrx_word' id='word_1_494' title='bbox 375 3261 699 3328; x_wconf 86' lang='lat' dir='ltr'><strong>ascendere;</strong></span> <span class='ocrx_word' id='word_1_495' title='bbox 718 3276 861 3328; x_wconf 92' lang='lat' dir='ltr'><strong>cum,</strong></span> <span class='ocrx_word' id='word_1_496' title='bbox 879 3269 939 3315; x_wconf 92' lang='lat' dir='ltr'><strong>ut</strong></span> <span class='ocrx_word' id='word_1_497' title='bbox 959 3261 1218 3326; x_wconf 84' lang='lat' dir='ltr'><strong>vieturus,</strong></span> <span class='ocrx_word' id='word_1_498' title='bbox 1242 3260 1544 3330; x_wconf 88' lang='lat' dir='ltr'><strong>baptizatus</strong></span> <span class='ocrx_word' id='word_1_499' title='bbox 1567 3264 1690 3332; x_wconf 87' lang='lat' dir='ltr'><strong>sim,</strong></span> <span class='ocrx_word' id='word_1_500' title='bbox 1719 3266 1770 3319; x_wconf 92' lang='lat' dir='ltr'><strong>in</strong></span> <span class='ocrx_word' id='word_1_501' title='bbox 1798 3268 1946 3337; x_wconf 80' lang='lat' dir='ltr'><strong>aquis</strong></span> 
     </span>
    </p>
   </div>
   <div class='ocr_carea' id='block_1_69' title="bbox 2067 3260 3636 3337">
    <p class='ocr_par' dir='ltr' id='par_1_69' title="bbox 2067 3260 3636 3336">
     <span class='ocr_line' id='line_1_69' title="bbox 2067 3260 3636 3336; baseline -0.005 -18"><span class='ocrx_word' id='word_1_502' title='bbox 2067 3267 2302 3336; x_wconf 68' lang='grc' dir='ltr'>γεννήσει</span> <span class='ocrx_word' id='word_1_503' title='bbox 2318 3265 2408 3317; x_wconf 89' lang='grc' dir='ltr'><strong>τὸν</strong></span> <span class='ocrx_word' id='word_1_504' title='bbox 2431 3264 2679 3319; x_wconf 87' lang='grc' dir='ltr'>θάνατον.</span> <span class='ocrx_word' id='word_1_505' title='bbox 2705 3264 2770 3316; x_wconf 90' lang='grc' dir='ltr'>Τί</span> <span class='ocrx_word' id='word_1_506' title='bbox 2797 3281 2862 3335; x_wconf 86' lang='grc' dir='ltr'><strong>με</strong></span> <span class='ocrx_word' id='word_1_507' title='bbox 2877 3265 3050 3326; x_wconf 88' lang='grc' dir='ltr'>ποιεῖς</span> <span class='ocrx_word' id='word_1_508' title='bbox 3075 3264 3341 3333; x_wconf 83' lang='grc' dir='ltr'>μακάριον</span> <span class='ocrx_word' id='word_1_509' title='bbox 3369 3262 3424 3314; x_wconf 82' lang='grc' dir='ltr'><strong>ἐν</strong></span> <span class='ocrx_word' id='word_1_510' title='bbox 3449 3260 3636 3329; x_wconf 86' lang='grc' dir='ltr'>ταυτῷ</span> 
     </span>
    </p>
   </div>
   <div class='ocr_carea' id='block_1_70' title="bbox 372 3351 1946 3426">
    <p class='ocr_par' dir='ltr' id='par_1_70' title="bbox 372 3351 1946 3426">
     <span class='ocr_line' id='line_1_70' title="bbox 372 3351 1946 3426; baseline 0.003 -17"><span class='ocrx_word' id='word_1_511' title='bbox 372 3354 569 3419; x_wconf 90' lang='lat' dir='ltr'><strong>emori,</strong></span> <span class='ocrx_word' id='word_1_512' title='bbox 607 3353 1060 3422; x_wconf 85' lang='lat' dir='ltr'><strong>quemadmodum</strong></span> <span class='ocrx_word' id='word_1_513' title='bbox 1091 3351 1232 3407; x_wconf 86' lang='lat' dir='ltr'><strong>fetus</strong></span> <span class='ocrx_word' id='word_1_514' title='bbox 1262 3353 1354 3422; x_wconf 91' lang='lat' dir='ltr'><strong>qui</strong></span> <span class='ocrx_word' id='word_1_515' title='bbox 1402 3353 1544 3408; x_wconf 90' lang='lat' dir='ltr'><strong>inter</strong></span> <span class='ocrx_word' id='word_1_516' title='bbox 1589 3355 1732 3423; x_wconf 90' lang='lat' dir='ltr'><strong>ipsos</strong></span> <span class='ocrx_word' id='word_1_517' title='bbox 1765 3370 1946 3426; x_wconf 81' lang='lat' dir='ltr'><strong>partus</strong></span> 
     </span>
    </p>
   </div>
   <div class='ocr_carea' id='block_1_71' title="bbox 2067 3351 3634 3426">
    <p class='ocr_par' dir='ltr' id='par_1_71' title="bbox 2067 3351 3634 3425">
     <span class='ocr_line' id='line_1_71' title="bbox 2067 3351 3634 3425; baseline -0.005 -15"><span class='ocrx_word' id='word_1_518' title='bbox 2067 3358 2149 3410; x_wconf 68' lang='lat' dir='ltr'><strong>ml.</strong></span> <span class='ocrx_word' id='word_1_519' title='bbox 2181 3357 2382 3423; x_wconf 83' lang='grc' dir='ltr'>ἄθλιον,</span> <span class='ocrx_word' id='word_1_520' title='bbox 2429 3356 2784 3425; x_wconf 73' lang='grc' dir='ltr'>νεοφώτιστον</span> <span class='ocrx_word' id='word_1_521' title='bbox 2825 3356 2918 3409; x_wconf 71' lang='grc' dir='ltr'><strong>καὶ</strong></span> <span class='ocrx_word' id='word_1_522' title='bbox 2962 3354 3294 3424; x_wconf 75' lang='grc' dir='ltr'>ἀφώτιστον,</span> <span class='ocrx_word' id='word_1_523' title='bbox 3343 3351 3484 3404; x_wconf 86' lang='grc' dir='ltr'>θεῖον</span> <span class='ocrx_word' id='word_1_524' title='bbox 3537 3352 3634 3403; x_wconf 81' lang='grc' dir='ltr'><strong>καὶ</strong></span> 
     </span>
    </p>
   </div>
   <div class='ocr_carea' id='block_1_72' title="bbox 374 3443 1946 3520">
    <p class='ocr_par' dir='ltr' id='par_1_72' title="bbox 374 3445 1946 3520">
     <span class='ocr_line' id='line_1_72' title="bbox 374 3445 1946 3520; baseline 0.004 -20"><span class='ocrx_word' id='word_1_525' title='bbox 374 3445 590 3501; x_wconf 89' lang='lat' dir='ltr'><strong>dolores</strong></span> <span class='ocrx_word' id='word_1_526' title='bbox 643 3447 1076 3516; x_wconf 75' lang='lat' dir='ltr'><strong>exstinguuntur,</strong></span> <span class='ocrx_word' id='word_1_527' title='bbox 1139 3445 1438 3515; x_wconf 88' lang='lat' dir='ltr'><strong>eodemque</strong></span> <span class='ocrx_word' id='word_1_528' title='bbox 1493 3458 1802 3517; x_wconf 89' lang='lat' dir='ltr'><strong>momento,</strong></span> <span class='ocrx_word' id='word_1_529' title='bbox 1847 3466 1946 3520; x_wconf 85' lang='lat' dir='ltr'><strong>quo</strong></span> 
     </span>
    </p>
   </div>
   <div class='ocr_carea' id='block_1_73' title="bbox 2067 3443 3634 3520">
    <p class='ocr_par' dir='ltr' id='par_1_73' title="bbox 2067 3443 3634 3519">
     <span class='ocr_line' id='line_1_73' title="bbox 2067 3443 3634 3519; baseline -0.005 -16"><span class='ocrx_word' id='word_1_530' title='bbox 2067 3449 2230 3516; x_wconf 73' lang='grc' dir='ltr'>ἱθεον,</span> <span class='ocrx_word' id='word_1_531' title='bbox 2275 3450 2361 3502; x_wconf 84' lang='grc' dir='ltr'><strong>ἵνα</strong></span> <span class='ocrx_word' id='word_1_532' title='bbox 2405 3450 2700 3518; x_wconf 85' lang='grc' dir='ltr'>ναυαγήσω</span> <span class='ocrx_word' id='word_1_533' title='bbox 2753 3449 2846 3502; x_wconf 73' lang='grc' dir='ltr'><strong>καὶ</strong></span> <span class='ocrx_word' id='word_1_534' title='bbox 2876 3447 2974 3519; x_wconf 82' lang='grc' dir='ltr'><strong>τὴν</strong></span> <span class='ocrx_word' id='word_1_535' title='bbox 3023 3446 3213 3499; x_wconf 80' lang='grc' dir='ltr'>ἐλπίδα</span> <span class='ocrx_word' id='word_1_536' title='bbox 3253 3445 3351 3514; x_wconf 84' lang='grc' dir='ltr'>τῆς</span> <span class='ocrx_word' id='word_1_537' title='bbox 3383 3443 3634 3497; x_wconf 81' lang='grc' dir='ltr'>ἀναπλά-</span> 
     </span>
    </p>
   </div>
   <div class='ocr_carea' id='block_1_74' title="bbox 372 3536 1946 3614">
    <p class='ocr_par' dir='ltr' id='par_1_74' title="bbox 372 3536 1946 3606">
     <span class='ocr_line' id='line_1_74' title="bbox 372 3536 1946 3606; baseline 0.004 -16"><span class='ocrx_word' id='word_1_538' title='bbox 372 3536 484 3590; x_wconf 72' lang='lat' dir='ltr'><strong>nati</strong></span> <span class='ocrx_word' id='word_1_539' title='bbox 539 3545 686 3603; x_wconf 83' lang='lat' dir='ltr'><strong>sunt,</strong></span> <span class='ocrx_word' id='word_1_540' title='bbox 746 3545 921 3592; x_wconf 87' lang='lat' dir='ltr'><strong>morte</strong></span> <span class='ocrx_word' id='word_1_541' title='bbox 980 3537 1376 3606; x_wconf 91' lang='lat' dir='ltr'><strong>opprimuntur.</strong></span> <span class='ocrx_word' id='word_1_542' title='bbox 1462 3539 1600 3606; x_wconf 79' lang='lat' dir='ltr'><strong>Quid</strong></span> <span class='ocrx_word' id='word_1_543' title='bbox 1661 3556 1744 3597; x_wconf 91' lang='lat' dir='ltr'><strong>me</strong></span> <span class='ocrx_word' id='word_1_544' title='bbox 1792 3543 1946 3598; x_wconf 90' lang='lat' dir='ltr'><strong>simul</strong></span> 
     </span>
    </p>
   </div>
   <div class='ocr_carea' id='block_1_75' title="bbox 2067 3536 3628 3614">
    <p class='ocr_par' dir='ltr' id='par_1_75' title="bbox 2067 3536 3628 3614">
     <span class='ocr_line' id='line_1_75' title="bbox 2067 3536 3628 3614; baseline -0.004 -18"><span class='ocrx_word' id='word_1_545' title='bbox 2067 3559 2214 3607; x_wconf 75' lang='grc' dir='ltr'>ῖεως;</span> <span class='ocrx_word' id='word_1_546' title='bbox 2272 3543 2486 3614; x_wconf 80' lang='grc' dir='ltr'>Βραχὺς</span> <span class='ocrx_word' id='word_1_547' title='bbox 2529 3544 2558 3595; x_wconf 92' lang='lat'><strong>6</strong></span> <span class='ocrx_word' id='word_1_548' title='bbox 2609 3541 2800 3610; x_wconf 79' lang='grc' dir='ltr'>λόγος’</span> <span class='ocrx_word' id='word_1_549' title='bbox 2863 3540 3132 3611; x_wconf 82' lang='grc' dir='ltr'>μνήσθητι</span> <span class='ocrx_word' id='word_1_550' title='bbox 3183 3539 3280 3610; x_wconf 85' lang='grc' dir='ltr'>τῆς</span> <span class='ocrx_word' id='word_1_551' title='bbox 3313 3536 3628 3608; x_wconf 85' lang='grc' dir='ltr'>ὁμολογίας.</span> 
     </span>
    </p>
   </div>
   <div class='ocr_carea' id='block_1_76' title="bbox 371 3625 1946 3704">
    <p class='ocr_par' dir='ltr' id='par_1_76' title="bbox 371 3625 1946 3701">
     <span class='ocr_line' id='line_1_76' title="bbox 371 3625 1946 3701; baseline 0.004 -17"><span class='ocrx_word' id='word_1_552' title='bbox 371 3625 592 3684; x_wconf 85' lang='lat' dir='ltr'><strong>beatum</strong></span> <span class='ocrx_word' id='word_1_553' title='bbox 625 3639 679 3684; x_wconf 91' lang='lat' dir='ltr'><strong>et</strong></span> <span class='ocrx_word' id='word_1_554' title='bbox 708 3629 989 3698; x_wconf 91' lang='lat' dir='ltr'><strong>miserum,</strong></span> <span class='ocrx_word' id='word_1_555' title='bbox 1023 3631 1225 3686; x_wconf 89' lang='lat' dir='ltr'><strong>recenti</strong></span> <span class='ocrx_word' id='word_1_556' title='bbox 1271 3630 1386 3686; x_wconf 90' lang='lat' dir='ltr'><strong>luce</strong></span> <span class='ocrx_word' id='word_1_557' title='bbox 1425 3632 1699 3701; x_wconf 81' lang='lat' dir='ltr'><strong>perfusum</strong></span> <span class='ocrx_word' id='word_1_558' title='bbox 1729 3644 1784 3688; x_wconf 89' lang='lat' dir='ltr'><strong>et</strong></span> <span class='ocrx_word' id='word_1_559' title='bbox 1815 3635 1946 3690; x_wconf 89' lang='lat' dir='ltr'><strong>lucis</strong></span> 
     </span>
    </p>
   </div>
   <div class='ocr_carea' id='block_1_77' title="bbox 2067 3625 3630 3704">
    <p class='ocr_par' dir='ltr' id='par_1_77' title="bbox 2067 3629 3630 3704">
     <span class='ocr_line' id='line_1_77' title="bbox 2067 3629 3630 3704; baseline -0.004 -16"><span class='ocrx_word' id='word_1_560' title='bbox 2067 3637 2141 3698; x_wconf 74' lang='grc' dir='ltr'>Ξίς</span> <span class='ocrx_word' id='word_1_561' title='bbox 2180 3635 2230 3688; x_wconf 88' lang='grc' dir='ltr'><strong>τί</strong></span> <span class='ocrx_word' id='word_1_562' title='bbox 2255 3634 2593 3704; x_wconf 75' lang='grc' dir='ltr'>ἐϐαπτίσθης</span> <span class='ocrx_word' id='word_1_563' title='bbox 2613 3651 2626 3699; x_wconf 87' lang='grc'>;</span> <span class='ocrx_word' id='word_1_564' title='bbox 2650 3635 2728 3696; x_wconf 84' lang='grc' dir='ltr'><strong>είς</strong></span> <span class='ocrx_word' id='word_1_565' title='bbox 2756 3634 3008 3704; x_wconf 85' lang='grc' dir='ltr'>Πατέρα;</span> <span class='ocrx_word' id='word_1_566' title='bbox 3037 3632 3233 3695; x_wconf 86' lang='grc' dir='ltr'>Καλῶς</span> <span class='ocrx_word' id='word_1_567' title='bbox 3257 3646 3271 3660; x_wconf 79' lang='grc'><strong>⁸</strong></span> <span class='ocrx_word' id='word_1_568' title='bbox 3306 3631 3464 3702; x_wconf 78' lang='grc' dir='ltr'>πλὴν,</span> <span class='ocrx_word' id='word_1_569' title='bbox 3488 3629 3630 3682; x_wconf 88' lang='grc' dir='ltr'>Ἰου-</span> 
     </span>
    </p>
   </div>
   <div class='ocr_carea' id='block_1_78' title="bbox 372 3719 1950 3795">
    <p class='ocr_par' dir='ltr' id='par_1_78' title="bbox 372 3719 1950 3795">
     <span class='ocr_line' id='line_1_78' title="bbox 372 3719 1950 3795; baseline 0.006 -24"><span class='ocrx_word' id='word_1_570' title='bbox 372 3726 672 3786; x_wconf 74' lang='grc' dir='ltr'>θιρετιεηι,</span> <span class='ocrx_word' id='word_1_571' title='bbox 716 3719 956 3774; x_wconf 90' lang='lat' dir='ltr'><strong>divinum</strong></span> <span class='ocrx_word' id='word_1_572' title='bbox 988 3729 1042 3776; x_wconf 91' lang='lat' dir='ltr'><strong>et</strong></span> <span class='ocrx_word' id='word_1_573' title='bbox 1072 3720 1181 3776; x_wconf 93' lang='lat' dir='ltr'><strong>Deo</strong></span> <span class='ocrx_word' id='word_1_574' title='bbox 1228 3723 1473 3777; x_wconf 88' lang='lat' dir='ltr'><strong>orbatum</strong></span> <span class='ocrx_word' id='word_1_575' title='bbox 1506 3723 1663 3790; x_wconf 79' lang='lat' dir='ltr'><strong>lacis,</strong></span> <span class='ocrx_word' id='word_1_576' title='bbox 1709 3733 1767 3779; x_wconf 91' lang='lat' dir='ltr'><strong>ut</strong></span> <span class='ocrx_word' id='word_1_577' title='bbox 1796 3739 1950 3795; x_wconf 79' lang='lat' dir='ltr'><strong>rege-</strong></span> 
     </span>
    </p>
   </div>
   <div class='ocr_carea' id='block_1_79' title="bbox 371 3809 1950 3885">
    <p class='ocr_par' dir='ltr' id='par_1_79' title="bbox 371 3809 1950 3885">
     <span class='ocr_line' id='line_1_79' title="bbox 371 3809 1950 3885; baseline 0.005 -23"><span class='ocrx_word' id='word_1_578' title='bbox 371 3809 671 3865; x_wconf 88' lang='lat' dir='ltr'><strong>nerationis</strong></span> <span class='ocrx_word' id='word_1_579' title='bbox 713 3825 926 3882; x_wconf 89' lang='lat' dir='ltr'><strong>quoque</strong></span> <span class='ocrx_word' id='word_1_580' title='bbox 969 3827 1118 3882; x_wconf 88' lang='lat' dir='ltr'><strong>spem</strong></span> <span class='ocrx_word' id='word_1_581' title='bbox 1159 3815 1320 3882; x_wconf 89' lang='lat' dir='ltr'><strong>quasi</strong></span> <span class='ocrx_word' id='word_1_582' title='bbox 1350 3814 1628 3885; x_wconf 81' lang='lat' dir='ltr'><strong>naufragio</strong></span> <span class='ocrx_word' id='word_1_583' title='bbox 1661 3817 1950 3870; x_wconf 85' lang='lat' dir='ltr'><strong>amittam?</strong></span> 
     </span>
    </p>
   </div>
   <div class='ocr_carea' id='block_1_80' title="bbox 373 3897 1942 3959">
    <p class='ocr_par' dir='ltr' id='par_1_80' title="bbox 373 3897 1942 3959">
     <span class='ocr_line' id='line_1_80' title="bbox 373 3897 1942 3959; baseline 0.005 -8"><span class='ocrx_word' id='word_1_584' title='bbox 373 3897 619 3954; x_wconf 85' lang='lat' dir='ltr'><strong>Breviter</strong></span> <span class='ocrx_word' id='word_1_585' title='bbox 639 3899 815 3955; x_wconf 81' lang='lat' dir='ltr'><strong>dicam</strong></span> <span class='ocrx_word' id='word_1_586' title='bbox 851 3919 865 3956; x_wconf 90' lang='lat'><strong>:</strong></span> <span class='ocrx_word' id='word_1_587' title='bbox 894 3901 1301 3956; x_wconf 80' lang='lat' dir='ltr'><strong>Confessionem</strong></span> <span class='ocrx_word' id='word_1_588' title='bbox 1335 3913 1480 3956; x_wconf 90' lang='lat' dir='ltr'><strong>tuam</strong></span> <span class='ocrx_word' id='word_1_589' title='bbox 1506 3906 1765 3958; x_wconf 90' lang='lat' dir='ltr'><strong>memoria</strong></span> <span class='ocrx_word' id='word_1_590' title='bbox 1803 3914 1942 3959; x_wconf 90' lang='lat' dir='ltr'><strong>tene.</strong></span> 
     </span>
    </p>
   </div>
   <div class='ocr_carea' id='block_1_81' title="bbox 371 3988 1944 4062">
    <p class='ocr_par' dir='ltr' id='par_1_81' title="bbox 371 3988 1944 4062">
     <span class='ocr_line' id='line_1_81' title="bbox 371 3988 1944 4062; baseline 0.005 -18"><span class='ocrx_word' id='word_1_591' title='bbox 371 3988 429 4044; x_wconf 89' lang='lat' dir='ltr'><strong>In</strong></span> <span class='ocrx_word' id='word_1_592' title='bbox 476 3990 630 4061; x_wconf 87' lang='lat' dir='ltr'><strong>cujus</strong></span> <span class='ocrx_word' id='word_1_593' title='bbox 683 3993 903 4049; x_wconf 90' lang='lat' dir='ltr'><strong>nomine</strong></span> <span class='ocrx_word' id='word_1_594' title='bbox 953 3994 1259 4062; x_wconf 82' lang='lat' dir='ltr'><strong>baptizatus</strong></span> <span class='ocrx_word' id='word_1_595' title='bbox 1309 3996 1409 4052; x_wconf 89' lang='lat' dir='ltr'><strong>es?</strong></span> <span class='ocrx_word' id='word_1_596' title='bbox 1456 3995 1671 4052; x_wconf 83' lang='lat' dir='ltr'><strong>Patris?</strong></span> <span class='ocrx_word' id='word_1_597' title='bbox 1734 3996 1944 4053; x_wconf 83' lang='lat' dir='ltr'><strong>Recte:</strong></span> 
     </span>
    </p>
   </div>
   <div class='ocr_carea' id='block_1_82' title="bbox 369 4081 1946 4155">
    <p class='ocr_par' dir='ltr' id='par_1_82' title="bbox 369 4081 1946 4155">
     <span class='ocr_line' id='line_1_82' title="bbox 369 4081 1946 4155; baseline 0.008 -23"><span class='ocrx_word' id='word_1_598' title='bbox 369 4092 559 4136; x_wconf 71' lang='lat' dir='ltr'><strong>verum</strong></span> <span class='ocrx_word' id='word_1_599' title='bbox 611 4081 664 4137; x_wconf 92' lang='lat' dir='ltr'><strong>id</strong></span> <span class='ocrx_word' id='word_1_600' title='bbox 705 4081 879 4138; x_wconf 92' lang='lat' dir='ltr'><strong>adhuc</strong></span> <span class='ocrx_word' id='word_1_601' title='bbox 918 4081 1221 4139; x_wconf 73' lang='lat' dir='ltr'><strong>Iudaicum.</strong></span> <span class='ocrx_word' id='word_1_602' title='bbox 1281 4085 1440 4140; x_wconf 91' lang='lat' dir='ltr'><strong>Filii?</strong></span> <span class='ocrx_word' id='word_1_603' title='bbox 1487 4085 1791 4155; x_wconf 70' lang='lat' dir='ltr'><strong>Prazclare;</strong></span> <span class='ocrx_word' id='word_1_604' title='bbox 1845 4087 1946 4144; x_wconf 85' lang='lat' dir='ltr'><strong>hoc</strong></span> 
     </span>
    </p>
   </div>
   <div class='ocr_carea' id='block_1_83' title="bbox 443 4233 925 4306">
    <p class='ocr_par' dir='ltr' id='par_1_83' title="bbox 443 4233 925 4306">
     <span class='ocr_line' id='line_1_83' title="bbox 443 4233 925 4306; baseline 0.008 -17"><span class='ocrx_word' id='word_1_605' title='bbox 443 4233 492 4267; x_wconf 81' lang='lat'><strong>&#39;°</strong></span> <span class='ocrx_word' id='word_1_606' title='bbox 522 4235 722 4306; x_wconf 85' lang='lat' dir='ltr'><strong>Ephes.</strong></span> <span class='ocrx_word' id='word_1_607' title='bbox 762 4253 836 4303; x_wconf 78' lang='lat' dir='ltr'><strong>iv,</strong></span> <span class='ocrx_word' id='word_1_608' title='bbox 872 4238 925 4293; x_wconf 84' lang='lat'><strong>5.</strong></span> 
     </span>
    </p>
   </div>
   <div class='ocr_carea' id='block_1_84' title="bbox 2044 3720 3630 3795">
    <p class='ocr_par' dir='ltr' id='par_1_84' title="bbox 2044 3720 3630 3795">
     <span class='ocr_line' id='line_1_84' title="bbox 2044 3720 3630 3795; baseline -0.005 -16"><span class='ocrx_word' id='word_1_609' title='bbox 2044 3726 2228 3780; x_wconf 84' lang='grc' dir='ltr'>δαῖκὸν</span> <span class='ocrx_word' id='word_1_610' title='bbox 2258 3726 2335 3778; x_wconf 77' lang='grc' dir='ltr'>ἔτι</span> <span class='ocrx_word' id='word_1_611' title='bbox 2358 3725 2492 3795; x_wconf 79' lang='grc'>(59).</span> <span class='ocrx_word' id='word_1_612' title='bbox 2526 3724 2619 3788; x_wconf 79' lang='grc' dir='ltr'>Εἰς</span> <span class='ocrx_word' id='word_1_613' title='bbox 2653 3724 2778 3778; x_wconf 85' lang='grc' dir='ltr'>Υίόν</span> <span class='ocrx_word' id='word_1_614' title='bbox 2803 3741 2816 3789; x_wconf 91' lang='grc'><strong>;</strong></span> <span class='ocrx_word' id='word_1_615' title='bbox 2844 3724 3070 3788; x_wconf 84' lang='grc' dir='ltr'>Καλῶς·</span> <span class='ocrx_word' id='word_1_616' title='bbox 3103 3723 3205 3776; x_wconf 85' lang='grc' dir='ltr'><strong>οὐκ</strong></span> <span class='ocrx_word' id='word_1_617' title='bbox 3246 3721 3324 3774; x_wconf 78' lang='grc' dir='ltr'><strong>ἔτι</strong></span> <span class='ocrx_word' id='word_1_618' title='bbox 3359 3722 3456 3792; x_wconf 84' lang='grc' dir='ltr'><strong>μὲν</strong></span> <span class='ocrx_word' id='word_1_619' title='bbox 3490 3720 3630 3773; x_wconf 87' lang='grc' dir='ltr'>Ἰου-</span> 
     </span>
    </p>
   </div>
   <div class='ocr_carea' id='block_1_85' title="bbox 2044 3810 3628 3882">
    <p class='ocr_par' dir='ltr' id='par_1_85' title="bbox 2044 3810 3628 3882">
     <span class='ocr_line' id='line_1_85' title="bbox 2044 3810 3628 3882; baseline -0.005 -12"><span class='ocrx_word' id='word_1_620' title='bbox 2044 3817 2252 3881; x_wconf 81' lang='grc' dir='ltr'>δαϊκὸν,</span> <span class='ocrx_word' id='word_1_621' title='bbox 2305 3816 2456 3870; x_wconf 75' lang='grc' dir='ltr'>οὔπω</span> <span class='ocrx_word' id='word_1_622' title='bbox 2513 3817 2569 3869; x_wconf 82' lang='grc' dir='ltr'>δὲ</span> <span class='ocrx_word' id='word_1_623' title='bbox 2619 3816 2850 3868; x_wconf 82' lang='grc' dir='ltr'>τέλειον.</span> <span class='ocrx_word' id='word_1_624' title='bbox 2903 3814 2998 3878; x_wconf 77' lang='grc' dir='ltr'><strong>Εἰς</strong></span> <span class='ocrx_word' id='word_1_625' title='bbox 3051 3815 3111 3866; x_wconf 91' lang='grc' dir='ltr'><strong>τὸ</strong></span> <span class='ocrx_word' id='word_1_626' title='bbox 3157 3813 3312 3882; x_wconf 77' lang='grc' dir='ltr'>ἅγιον</span> <span class='ocrx_word' id='word_1_627' title='bbox 3363 3810 3628 3881; x_wconf 87' lang='grc' dir='ltr'>Πνεῦμα;</span> 
     </span>
    </p>
   </div>
   <div class='ocr_carea' id='block_1_86' title="bbox 2057 3899 3629 3978">
    <p class='ocr_par' dir='ltr' id='par_1_86' title="bbox 2057 3899 3629 3978">
     <span class='ocr_line' id='line_1_86' title="bbox 2057 3899 3629 3978; baseline -0.005 -17"><span class='ocrx_word' id='word_1_628' title='bbox 2057 3908 2393 3978; x_wconf 79' lang='grc' dir='ltr'>’Υπὲρευγε-</span> <span class='ocrx_word' id='word_1_629' title='bbox 2436 3907 2592 3962; x_wconf 91' lang='grc' dir='ltr'>τοῦτο</span> <span class='ocrx_word' id='word_1_630' title='bbox 2627 3907 2736 3977; x_wconf 74' lang='grc'>(40)</span> <span class='ocrx_word' id='word_1_631' title='bbox 2770 3907 2992 3960; x_wconf 83' lang='grc' dir='ltr'>τέλειον.</span> <span class='ocrx_word' id='word_1_632' title='bbox 3026 3900 3154 3975; x_wconf 66' lang='grc' dir='ltr'><strong>’Ἆρ’</strong></span> <span class='ocrx_word' id='word_1_633' title='bbox 3197 3899 3290 3957; x_wconf 80' lang='grc' dir='ltr'><strong>οὖν</strong></span> <span class='ocrx_word' id='word_1_634' title='bbox 3325 3903 3510 3966; x_wconf 85' lang='grc' dir='ltr'>ἁπλῶς</span> <span class='ocrx_word' id='word_1_635' title='bbox 3543 3902 3629 3966; x_wconf 79' lang='grc' dir='ltr'>εἰς</span> 
     </span>
    </p>
   </div>
   <div class='ocr_carea' id='block_1_87' title="bbox 2044 3993 3623 4070">
    <p class='ocr_par' dir='ltr' id='par_1_87' title="bbox 2044 3993 3623 4070">
     <span class='ocr_line' id='line_1_87' title="bbox 2044 3993 3623 4070; baseline -0.003 -18"><span class='ocrx_word' id='word_1_636' title='bbox 2044 3997 2235 4062; x_wconf 89' lang='grc' dir='ltr'>ταῦτα,</span> <span class='ocrx_word' id='word_1_637' title='bbox 2276 3999 2309 4070; x_wconf 87' lang='grc' dir='ltr'>ἢ</span> <span class='ocrx_word' id='word_1_638' title='bbox 2351 3998 2444 4052; x_wconf 87' lang='grc' dir='ltr'><strong>καί</strong></span> <span class='ocrx_word' id='word_1_639' title='bbox 2477 4017 2527 4052; x_wconf 92' lang='grc' dir='ltr'><strong>τι</strong></span> <span class='ocrx_word' id='word_1_640' title='bbox 2567 3998 2744 4051; x_wconf 88' lang='grc' dir='ltr'>κοινὸν</span> <span class='ocrx_word' id='word_1_641' title='bbox 2785 3997 2990 4051; x_wconf 85' lang='grc' dir='ltr'>τούτων</span> <span class='ocrx_word' id='word_1_642' title='bbox 3031 3997 3241 4066; x_wconf 79' lang='grc' dir='ltr'>ὅνομα;</span> <span class='ocrx_word' id='word_1_643' title='bbox 3276 3995 3384 4048; x_wconf 70' lang='grc' dir='ltr'><strong>Ναὶ</strong></span> <span class='ocrx_word' id='word_1_644' title='bbox 3417 3993 3623 4048; x_wconf 87' lang='grc' dir='ltr'>κοινόν.</span> 
     </span>
    </p>
   </div>
   <div class='ocr_carea' id='block_1_88' title="bbox 2043 4086 3627 4163">
    <p class='ocr_par' dir='ltr' id='par_1_88' title="bbox 2043 4086 3627 4163">
     <span class='ocr_line' id='line_1_88' title="bbox 2043 4086 3627 4163; baseline -0.002 -20"><span class='ocrx_word' id='word_1_645' title='bbox 2043 4090 2109 4143; x_wconf 86' lang='grc' dir='ltr'><strong>Τί</strong></span> <span class='ocrx_word' id='word_1_646' title='bbox 2139 4090 2332 4158; x_wconf 86' lang='grc' dir='ltr'>τοῦτο;</span> <span class='ocrx_word' id='word_1_647' title='bbox 2367 4089 2580 4163; x_wconf 81' lang='grc' dir='ltr'>Δηλαδὴ</span> <span class='ocrx_word' id='word_1_648' title='bbox 2616 4091 2678 4144; x_wconf 88' lang='grc' dir='ltr'><strong>τὸ</strong></span> <span class='ocrx_word' id='word_1_649' title='bbox 2703 4091 2795 4145; x_wconf 88' lang='grc' dir='ltr'><strong>τοῦ</strong></span> <span class='ocrx_word' id='word_1_650' title='bbox 2822 4090 2979 4144; x_wconf 88' lang='grc' dir='ltr'>Θεοῦ.</span> <span class='ocrx_word' id='word_1_651' title='bbox 3017 4089 3112 4153; x_wconf 88' lang='grc' dir='ltr'><strong>Εἰς</strong></span> <span class='ocrx_word' id='word_1_652' title='bbox 3144 4087 3304 4142; x_wconf 90' lang='grc' dir='ltr'>τοῦτο</span> <span class='ocrx_word' id='word_1_653' title='bbox 3347 4087 3410 4142; x_wconf 86' lang='grc' dir='ltr'><strong>τὸ</strong></span> <span class='ocrx_word' id='word_1_654' title='bbox 3440 4086 3627 4140; x_wconf 75' lang='grc' dir='ltr'>κοινὸν</span> 
     </span>
    </p>
   </div>
   <div class='ocr_carea' id='block_1_89' title="bbox 441 4346 1946 4432">
    <p class='ocr_par' dir='ltr' id='par_1_89' title="bbox 441 4346 1937 4432">
     <span class='ocr_line' id='line_1_89' title="bbox 441 4346 1937 4432; baseline 0.006 -31"><span class='ocrx_word' id='word_1_655' title='bbox 441 4346 553 4429; x_wconf 70' lang='grc'>(27)</span> <span class='ocrx_word' id='word_1_656' title='bbox 584 4349 1052 4432; x_wconf 45' lang='grc' dir='ltr'><strong>Φωτειγοῇ..11ςε.</strong></span> <span class='ocrx_word' id='word_1_657' title='bbox 1075 4366 1129 4432; x_wconf 84' lang='lat' dir='ltr'><strong>a_,</strong></span> <span class='ocrx_word' id='word_1_658' title='bbox 1167 4353 1425 4432; x_wconf 68' lang='grc' dir='ltr'>Φςιγτινοῦ.</span> <span class='ocrx_word' id='word_1_659' title='bbox 1447 4353 1718 4432; x_wconf 68' lang='lat' dir='ltr'><strong>Photinus</strong></span> <span class='ocrx_word' id='word_1_660' title='bbox 1753 4357 1937 4432; x_wconf 85' lang='lat' dir='ltr'><strong>Sirmii</strong></span> 
     </span>
    </p>
   </div>
   <div class='ocr_carea' id='block_1_90' title="bbox 2067 4346 3624 4432">
    <p class='ocr_par' dir='ltr' id='par_1_90' title="bbox 2067 4357 3624 4432">
     <span class='ocr_line' id='line_1_90' title="bbox 2067 4357 3624 4432; baseline 0.001 -22"><span class='ocrx_word' id='word_1_661' title='bbox 2067 4374 2211 4422; x_wconf 86' lang='grc' dir='ltr'>στιν,</span> <span class='ocrx_word' id='word_1_662' title='bbox 2247 4357 2345 4429; x_wconf 81' lang='grc' dir='ltr'>οὐχ</span> <span class='ocrx_word' id='word_1_663' title='bbox 2371 4358 2668 4432; x_wconf 66' lang='lat' dir='ltr'><strong>661w,_x&amp;v</strong></span> <span class='ocrx_word' id='word_1_664' title='bbox 2681 4358 2862 4432; x_wconf 61' lang='grc' dir='ltr'><strong>Δπολλὰ</strong></span> <span class='ocrx_word' id='word_1_665' title='bbox 2893 4360 3106 4432; x_wconf 78' lang='grc' dir='ltr'>διαιρῆς</span> <span class='ocrx_word' id='word_1_666' title='bbox 3132 4376 3145 4390; x_wconf 88' lang='grc'><strong>·</strong></span> <span class='ocrx_word' id='word_1_667' title='bbox 3179 4377 3197 4410; x_wconf 77' lang='grc' dir='ltr'><strong>ι</strong></span> <span class='ocrx_word' id='word_1_668' title='bbox 3222 4357 3336 4413; x_wconf 83' lang='grc' dir='ltr'><strong>Νοη</strong></span> <span class='ocrx_word' id='word_1_669' title='bbox 3382 4366 3485 4422; x_wconf 86' lang='lat' dir='ltr'><strong>est,</strong></span> <span class='ocrx_word' id='word_1_670' title='bbox 3509 4371 3624 4412; x_wconf 88' lang='lat' dir='ltr'><strong>non</strong></span> 
     </span>
    </p>
   </div>
   <div class='ocr_carea' id='block_1_91' title="bbox 358 4419 1940 4497">
    <p class='ocr_par' dir='ltr' id='par_1_91' title="bbox 358 4419 1940 4497">
     <span class='ocr_line' id='line_1_91' title="bbox 358 4419 1940 4497; baseline 0.009 -27"><span class='ocrx_word' id='word_1_671' title='bbox 358 4419 794 4497; x_wconf 69' lang='lat' dir='ltr'><strong>cpiscopus,_ah</strong></span> <span class='ocrx_word' id='word_1_672' title='bbox 815 4419 1030 4476; x_wconf 83' lang='lat' dir='ltr'><strong>Arianis</strong></span> <span class='ocrx_word' id='word_1_673' title='bbox 1065 4423 1225 4477; x_wconf 92' lang='lat' dir='ltr'><strong>simul</strong></span> <span class='ocrx_word' id='word_1_674' title='bbox 1264 4434 1319 4478; x_wconf 90' lang='lat' dir='ltr'><strong>et</strong></span> <span class='ocrx_word' id='word_1_675' title='bbox 1345 4424 1637 4481; x_wconf 80' lang='lat' dir='ltr'><strong>Catholicis</strong></span> <span class='ocrx_word' id='word_1_676' title='bbox 1661 4427 1731 4482; x_wconf 89' lang='lat' dir='ltr'><strong>ob</strong></span> <span class='ocrx_word' id='word_1_677' title='bbox 1765 4429 1940 4484; x_wconf 58' lang='lat' dir='ltr'><strong>haere-</strong></span> 
     </span>
    </p>
   </div>
   <div class='ocr_carea' id='block_1_92' title="bbox 360 4490 984 4546">
    <p class='ocr_par' dir='ltr' id='par_1_92' title="bbox 360 4490 984 4546">
     <span class='ocr_line' id='line_1_92' title="bbox 360 4490 984 4546; baseline 0.011 -7"><span class='ocrx_word' id='word_1_678' title='bbox 360 4490 468 4540; x_wconf 77' lang='lat' dir='ltr'><strong>sim</strong></span> <span class='ocrx_word' id='word_1_679' title='bbox 503 4504 652 4541; x_wconf 88' lang='lat' dir='ltr'><strong>suam</strong></span> <span class='ocrx_word' id='word_1_680' title='bbox 680 4490 984 4546; x_wconf 87' lang='lat' dir='ltr'><strong>damnatus.</strong></span> 
     </span>
    </p>
   </div>
   <div class='ocr_carea' id='block_1_93' title="bbox 441 4556 1938 4640">
    <p class='ocr_par' dir='ltr' id='par_1_93' title="bbox 441 4556 1938 4640">
     <span class='ocr_line' id='line_1_93' title="bbox 441 4556 1938 4640; baseline 0.009 -29"><span class='ocrx_word' id='word_1_681' title='bbox 441 4556 550 4640; x_wconf 64' lang='lat'><strong>@8)</strong></span> <span class='ocrx_word' id='word_1_682' title='bbox 579 4560 660 4640; x_wconf 57' lang='lat' dir='ltr'><strong>OQ</strong></span> <span class='ocrx_word' id='word_1_683' title='bbox 699 4560 1030 4640; x_wconf 59' lang='grc' dir='ltr'>διαιρεταῖς</span> <span class='ocrx_word' id='word_1_684' title='bbox 1055 4563 1304 4640; x_wconf 76' lang='grc' dir='ltr'>θεότῃτι.</span> <span class='ocrx_word' id='word_1_685' title='bbox 1357 4563 1447 4640; x_wconf 77' lang='lat' dir='ltr'><strong>Sic</strong></span> <span class='ocrx_word' id='word_1_686' title='bbox 1488 4573 1597 4640; x_wconf 77' lang='lat' dir='ltr'><strong>tres</strong></span> <span class='ocrx_word' id='word_1_687' title='bbox 1627 4565 1819 4640; x_wconf 69' lang='lat' dir='ltr'><strong>Regg.,</strong></span> <span class='ocrx_word' id='word_1_688' title='bbox 1843 4568 1938 4626; x_wconf 88' lang='lat' dir='ltr'><strong>Or.</strong></span> 
     </span>
    </p>
   </div>
   <div class='ocr_carea' id='block_1_94' title="bbox 367 4625 1676 4705">
    <p class='ocr_par' dir='ltr' id='par_1_94' title="bbox 367 4625 1676 4705">
     <span class='ocr_line' id='line_1_94' title="bbox 367 4625 1676 4705; baseline 0.009 -26"><span class='ocrx_word' id='word_1_689' title='bbox 367 4625 422 4692; x_wconf 88' lang='grc'><strong>1,</strong></span> <span class='ocrx_word' id='word_1_690' title='bbox 445 4625 588 4705; x_wconf 49' lang='lat' dir='ltr'><strong>les&quot;</strong></span> <span class='ocrx_word' id='word_1_691' title='bbox 613 4625 830 4705; x_wconf 56' lang='lat' dir='ltr'><strong>90:an</strong></span> <span class='ocrx_word' id='word_1_692' title='bbox 855 4640 958 4705; x_wconf 78' lang='lat' dir='ltr'><strong>etc.</strong></span> <span class='ocrx_word' id='word_1_693' title='bbox 990 4625 1159 4705; x_wconf 66' lang='lat' dir='ltr'><strong>Deest</strong></span> <span class='ocrx_word' id='word_1_694' title='bbox 1181 4625 1476 4705; x_wconf 76' lang='grc' dir='ltr'>διαιρεταῖς</span> <span class='ocrx_word' id='word_1_695' title='bbox 1508 4636 1559 4689; x_wconf 89' lang='lat' dir='ltr'><strong>in</strong></span> <span class='ocrx_word' id='word_1_696' title='bbox 1587 4637 1676 4692; x_wconf 88' lang='lat' dir='ltr'><strong>ed.</strong></span> 
     </span>
    </p>
   </div>
   <div class='ocr_carea' id='block_1_95' title="bbox 437 4698 1936 4780">
    <p class='ocr_par' dir='ltr' id='par_1_95' title="bbox 437 4698 1936 4780">
     <span class='ocr_line' id='line_1_95' title="bbox 437 4698 1936 4780; baseline 0.009 -29"><span class='ocrx_word' id='word_1_697' title='bbox 437 4698 548 4780; x_wconf 63' lang='lat'><strong>(29)</strong></span> <span class='ocrx_word' id='word_1_698' title='bbox 578 4701 719 4780; x_wconf 52' lang='lat' dir='ltr'><strong>9223c</strong></span> <span class='ocrx_word' id='word_1_699' title='bbox 766 4699 1062 4780; x_wconf 68' lang='grc' dir='ltr'>ᾀνεξχεται.</span> <span class='ocrx_word' id='word_1_700' title='bbox 1101 4701 1206 4780; x_wconf 60' lang='lat' dir='ltr'><strong>Sic:</strong></span> <span class='ocrx_word' id='word_1_701' title='bbox 1238 4698 1418 4780; x_wconf 72' lang='lat' dir='ltr'><strong>plures</strong></span> <span class='ocrx_word' id='word_1_702' title='bbox 1451 4698 1632 4780; x_wconf 62' lang='lat' dir='ltr'><strong>liegg.</strong></span> <span class='ocrx_word' id='word_1_703' title='bbox 1678 4717 1733 4762; x_wconf 92' lang='lat' dir='ltr'><strong>et</strong></span> <span class='ocrx_word' id='word_1_704' title='bbox 1763 4708 1936 4777; x_wconf 88' lang='lat' dir='ltr'><strong>Colb.,</strong></span> 
     </span>
    </p>
   </div>
   <div class='ocr_carea' id='block_1_96' title="bbox 363 4769 1747 4848">
    <p class='ocr_par' dir='ltr' id='par_1_96' title="bbox 363 4769 1747 4848">
     <span class='ocr_line' id='line_1_96' title="bbox 363 4769 1747 4848; baseline 0.007 -24"><span class='ocrx_word' id='word_1_705' title='bbox 363 4769 538 4848; x_wconf 32' lang='lat' dir='ltr'><strong>Coifi“.</strong></span> <span class='ocrx_word' id='word_1_706' title='bbox 572 4771 622 4848; x_wconf 77' lang='lat' dir='ltr'><strong>l_,</strong></span> <span class='ocrx_word' id='word_1_707' title='bbox 847 4773 1011 4848; x_wconf 48' lang='grc' dir='ltr'><strong>ΔΡίιρ,</strong></span> <span class='ocrx_word' id='word_1_708' title='bbox 1043 4781 1149 4848; x_wconf 80' lang='lat' dir='ltr'><strong>etc.</strong></span> <span class='ocrx_word' id='word_1_709' title='bbox 1185 4769 1252 4826; x_wconf 49' lang='lat' dir='ltr'><strong>In&#39;</strong></span> <span class='ocrx_word' id='word_1_710' title='bbox 1275 4777 1383 4848; x_wconf 49' lang='grc' dir='ltr'>σιμ,</span> <span class='ocrx_word' id='word_1_711' title='bbox 1414 4769 1747 4848; x_wconf 20' lang='grc' dir='ltr'>οῦνδέἱεται.</span> 
     </span>
    </p>
   </div>
   <div class='ocr_carea' id='block_1_97' title="bbox 455 4837 1602 4912">
    <p class='ocr_par' dir='ltr' id='par_1_97' title="bbox 455 4837 1602 4912">
     <span class='ocr_line' id='line_1_97' title="bbox 455 4837 1602 4912; baseline 0.009 -22"><span class='ocrx_word' id='word_1_712' title='bbox 455 4837 544 4912; x_wconf 69' lang='lat'><strong>2&#39;30)</strong></span> <span class='ocrx_word' id='word_1_713' title='bbox 582 4839 735 4893; x_wconf 84' lang='grc' dir='ltr'><strong>Οὐδὲ</strong></span> <span class='ocrx_word' id='word_1_714' title='bbox 761 4843 909 4908; x_wconf 80' lang='grc' dir='ltr'>Υἱός.</span> <span class='ocrx_word' id='word_1_715' title='bbox 943 4841 1078 4910; x_wconf 72' lang='lat' dir='ltr'><strong>Reg.</strong></span> <span class='ocrx_word' id='word_1_716' title='bbox 1123 4845 1232 4909; x_wconf 90' lang='lat' dir='ltr'><strong>bm,</strong></span> <span class='ocrx_word' id='word_1_717' title='bbox 1264 4837 1377 4897; x_wconf 56' lang='grc' dir='ltr'>οὐδί</span> <span class='ocrx_word' id='word_1_718' title='bbox 1401 4848 1430 4898; x_wconf 85' lang='grc' dir='ltr'>ὁ</span> <span class='ocrx_word' id='word_1_719' title='bbox 1458 4837 1602 4912; x_wconf 70' lang='grc' dir='ltr'>Υίόξξ</span> 
     </span>
    </p>
   </div>
   <div class='ocr_carea' id='block_1_98' title="bbox 455 4907 1931 5001">
    <p class='ocr_par' dir='ltr' id='par_1_98' title="bbox 455 4907 1931 5001">
     <span class='ocr_line' id='line_1_98' title="bbox 455 4907 1931 5001; baseline 0.001 0"><span class='ocrx_word' id='word_1_720' title='bbox 455 4907 546 5001; x_wconf 64' lang='grc' dir='ltr'><strong>Ξέὶ</strong></span> <span class='ocrx_word' id='word_1_721' title='bbox 576 4907 982 5001; x_wconf 44' lang='lat' dir='ltr'><strong>weisse-</strong></span> <span class='ocrx_word' id='word_1_722' title='bbox 1014 4907 1104 5001; x_wconf 62' lang='lat' dir='ltr'><strong>Sic</strong></span> <span class='ocrx_word' id='word_1_723' title='bbox 1133 4907 1264 5001; x_wconf 59' lang='grc' dir='ltr'>ηςιτ</span> <span class='ocrx_word' id='word_1_724' title='bbox 1291 4914 1480 5001; x_wconf 53' lang='grc' dir='ltr'><strong>βεηοηιη</strong></span> <span class='ocrx_word' id='word_1_725' title='bbox 1503 4907 1611 4984; x_wconf 55' lang='lat' dir='ltr'><strong>edi.</strong></span> <span class='ocrx_word' id='word_1_726' title='bbox 1633 4920 1681 5001; x_wconf 65' lang='grc' dir='ltr'><strong>ςι</strong></span> <span class='ocrx_word' id='word_1_727' title='bbox 1708 4921 1931 5001; x_wconf 57' lang='grc' dir='ltr'>κτίσμαο</span> 
     </span>
    </p>
   </div>
   <div class='ocr_carea' id='block_1_99' title="bbox 397 4980 1934 5058">
    <p class='ocr_par' dir='ltr' id='par_1_99' title="bbox 397 4980 1934 5058">
     <span class='ocr_line' id='line_1_99' title="bbox 397 4980 1934 5058; baseline 0.008 -28"><span class='ocrx_word' id='word_1_728' title='bbox 397 5047 410 5058; x_wconf 44' lang='lat'><em>.</em></span> <span class='ocrx_word' id='word_1_729' title='bbox 435 4980 1132 5058; x_wconf 57' lang='lat' dir='ltr'><strong>(52)_Kata€aaz£{ortec.</strong></span> <span class='ocrx_word' id='word_1_730' title='bbox 1166 4980 1567 5058; x_wconf 83' lang='lat' dir='ltr'><strong>_Combelisius,</strong></span> <span class='ocrx_word' id='word_1_731' title='bbox 1597 4980 1666 5042; x_wconf 42' lang='lat' dir='ltr'><strong>&#39;ut</strong></span> <span class='ocrx_word' id='word_1_732' title='bbox 1699 4994 1804 5044; x_wconf 88' lang='lat' dir='ltr'><strong>vim</strong></span> <span class='ocrx_word' id='word_1_733' title='bbox 1838 4980 1934 5046; x_wconf 60' lang='lat' dir='ltr'><strong>&#39;vo...</strong></span> 
     </span>
    </p>
   </div>
   <div class='ocr_carea' id='block_1_100' title="bbox 363 5051 1928 5130">
    <p class='ocr_par' dir='ltr' id='par_1_100' title="bbox 363 5051 1928 5130">
     <span class='ocr_line' id='line_1_100' title="bbox 363 5051 1928 5130; baseline 0.009 -27"><span class='ocrx_word' id='word_1_734' title='bbox 363 5051 443 5103; x_wconf 81' lang='lat' dir='ltr'><strong>cis</strong></span> <span class='ocrx_word' id='word_1_735' title='bbox 476 5051 683 5130; x_wconf 77' lang='lat' dir='ltr'><strong>reddat,</strong></span> <span class='ocrx_word' id='word_1_736' title='bbox 724 5051 802 5130; x_wconf 75' lang='lat' dir='ltr'><strong>sic</strong></span> <span class='ocrx_word' id='word_1_737' title='bbox 860 5054 1020 5130; x_wconf 76' lang='lat' dir='ltr'><strong>vertit</strong></span> <span class='ocrx_word' id='word_1_738' title='bbox 1056 5072 1069 5108; x_wconf 90' lang='lat'><strong>:</strong></span> <span class='ocrx_word' id='word_1_739' title='bbox 1120 5072 1138 5104; x_wconf 75' lang='grc' dir='ltr'><strong>ε</strong></span> <span class='ocrx_word' id='word_1_740' title='bbox 1165 5053 1219 5106; x_wconf 92' lang='lat' dir='ltr'><strong>lu</strong></span> <span class='ocrx_word' id='word_1_741' title='bbox 1276 5055 1472 5130; x_wconf 69' lang='lat' dir='ltr'><strong>malam</strong></span> <span class='ocrx_word' id='word_1_742' title='bbox 1521 5073 1644 5130; x_wconf 75' lang='lat' dir='ltr'><strong>rem</strong></span> <span class='ocrx_word' id='word_1_743' title='bbox 1681 5062 1928 5130; x_wconf 85' lang='lat' dir='ltr'><strong>tingitis:</strong></span> 
     </span>
    </p>
   </div>
   <div class='ocr_carea' id='block_1_101' title="bbox 359 5120 1930 5188">
    <p class='ocr_par' dir='ltr' id='par_1_101' title="bbox 359 5120 1930 5188">
     <span class='ocr_line' id='line_1_101' title="bbox 359 5120 1930 5188; baseline 0.008 -16"><span class='ocrx_word' id='word_1_744' title='bbox 359 5131 514 5174; x_wconf 87' lang='lat' dir='ltr'><strong>certo</strong></span> <span class='ocrx_word' id='word_1_745' title='bbox 547 5120 714 5176; x_wconf 81' lang='lat' dir='ltr'><strong>exitio</strong></span> <span class='ocrx_word' id='word_1_746' title='bbox 746 5120 1054 5188; x_wconf 88' lang='lat' dir='ltr'><strong>baptizatis,</strong></span> <span class='ocrx_word' id='word_1_747' title='bbox 1081 5142 1098 5174; x_wconf 84' lang='grc'><strong>›</strong></span> <span class='ocrx_word' id='word_1_748' title='bbox 1140 5131 1248 5178; x_wconf 90' lang='lat' dir='ltr'><strong>etc.</strong></span> <span class='ocrx_word' id='word_1_749' title='bbox 1301 5123 1396 5180; x_wconf 93' lang='lat' dir='ltr'><strong>His</strong></span> <span class='ocrx_word' id='word_1_750' title='bbox 1421 5128 1601 5180; x_wconf 85' lang='lat' dir='ltr'><strong>verbis</strong></span> <span class='ocrx_word' id='word_1_751' title='bbox 1636 5120 1930 5186; x_wconf 70' lang='lat' dir='ltr'><strong>insectatur</strong></span> 
     </span>
    </p>
   </div>
   <div class='ocr_carea' id='block_1_102' title="bbox 363 5189 1928 5315">
    <p class='ocr_par' dir='ltr' id='par_1_102' title="bbox 363 5189 1928 5315">
     <span class='ocr_line' id='line_1_102' title="bbox 363 5189 1928 5315; baseline 0.009 -74"><span class='ocrx_word' id='word_1_752' title='bbox 363 5189 708 5268; x_wconf 78' lang='lat' dir='ltr'><strong>Eunomium,</strong></span> <span class='ocrx_word' id='word_1_753' title='bbox 734 5192 848 5257; x_wconf 90' lang='lat' dir='ltr'><strong>qui,</strong></span> <span class='ocrx_word' id='word_1_754' title='bbox 880 5200 1014 5246; x_wconf 89' lang='lat' dir='ltr'><strong>teste</strong></span> <span class='ocrx_word' id='word_1_755' title='bbox 1045 5193 1365 5315; x_wconf 63' lang='lat' dir='ltr'><strong>Elpiphanio,</strong></span> <span class='ocrx_word' id='word_1_756' title='bbox 1399 5197 1696 5264; x_wconf 87' lang='lat' dir='ltr'><strong>baptizatos</strong></span> <span class='ocrx_word' id='word_1_757' title='bbox 1737 5201 1928 5255; x_wconf 92' lang='lat' dir='ltr'><strong>iterum</strong></span> 
     </span>
     <span class='ocr_line' id='line_1_103' title="bbox 363 5259 1928 5315; baseline 0.003 -4"><span class='ocrx_word' id='word_1_758' title='bbox 363 5259 688 5315; x_wconf 79' lang='lat' dir='ltr'><strong>baptizabat.</strong></span> <span class='ocrx_word' id='word_1_759' title='bbox 730 5260 782 5313; x_wconf 92' lang='lat' dir='ltr'><strong>in</strong></span> <span class='ocrx_word' id='word_1_760' title='bbox 819 5263 1036 5315; x_wconf 86' lang='lat' dir='ltr'><strong>nomine</strong></span> <span class='ocrx_word' id='word_1_761' title='bbox 1123 5266 1171 5315; x_wconf 80' lang='lat' dir='ltr'><strong>ei</strong></span> <span class='ocrx_word' id='word_1_762' title='bbox 1204 5265 1450 5315; x_wconf 83' lang='lat' dir='ltr'><strong>increati.</strong></span> <span class='ocrx_word' id='word_1_763' title='bbox 1504 5277 1557 5315; x_wconf 84' lang='lat' dir='ltr'><strong>et</strong></span> <span class='ocrx_word' id='word_1_764' title='bbox 1616 5267 1667 5315; x_wconf 88' lang='lat' dir='ltr'><strong>in</strong></span> <span class='ocrx_word' id='word_1_765' title='bbox 1717 5275 1928 5315; x_wconf 69' lang='lat' dir='ltr'><strong>nomine</strong></span> 
     </span>
    </p>
   </div>
   <div class='ocr_carea' id='block_1_103' title="bbox 359 5259 1930 5340">
    <p class='ocr_par' dir='ltr' id='par_1_103' title="bbox 359 5259 1930 5340">
     <span class='ocr_line' id='line_1_104' title="bbox 359 5259 1930 5340; baseline 0.01 -31"><span class='ocrx_word' id='word_1_766' title='bbox 359 5259 688 5340; x_wconf 50' lang='lat' dir='ltr'><strong>baptizabat,</strong></span> <span class='ocrx_word' id='word_1_767' title='bbox 730 5260 782 5313; x_wconf 93' lang='lat' dir='ltr'><strong>in</strong></span> <span class='ocrx_word' id='word_1_768' title='bbox 813 5263 1036 5340; x_wconf 79' lang='lat' dir='ltr'><strong>nomine</strong></span> <span class='ocrx_word' id='word_1_769' title='bbox 1076 5259 1171 5340; x_wconf 81' lang='lat' dir='ltr'><strong>Dei</strong></span> <span class='ocrx_word' id='word_1_770' title='bbox 1204 5259 1478 5340; x_wconf 50' lang='lat' dir='ltr'><strong>in_crea_ti,&#39;</strong></span> <span class='ocrx_word' id='word_1_771' title='bbox 1504 5277 1557 5321; x_wconf 93' lang='lat' dir='ltr'><strong>et</strong></span> <span class='ocrx_word' id='word_1_772' title='bbox 1615 5267 1668 5321; x_wconf 91' lang='lat' dir='ltr'><strong>in</strong></span> <span class='ocrx_word' id='word_1_773' title='bbox 1715 5275 1930 5326; x_wconf 86' lang='lat' dir='ltr'><strong>nomine</strong></span> 
     </span>
    </p>
   </div>
   <div class='ocr_carea' id='block_1_104' title="bbox 355 5325 1929 5452">
    <p class='ocr_par' dir='ltr' id='par_1_104' title="bbox 355 5325 1929 5452">
     <span class='ocr_line' id='line_1_105' title="bbox 355 5325 1929 5452; baseline 0.01 -72"><span class='ocrx_word' id='word_1_774' title='bbox 355 5325 705 5452; x_wconf 49' lang='lat' dir='ltr'><strong>Eliéigticreati,</strong></span> <span class='ocrx_word' id='word_1_775' title='bbox 771 5338 826 5385; x_wconf 90' lang='lat' dir='ltr'><strong>et</strong></span> <span class='ocrx_word' id='word_1_776' title='bbox 860 5332 913 5386; x_wconf 91' lang='lat' dir='ltr'><strong>in</strong></span> <span class='ocrx_word' id='word_1_777' title='bbox 970 5334 1190 5390; x_wconf 89' lang='lat' dir='ltr'><strong>nomine</strong></span> <span class='ocrx_word' id='word_1_778' title='bbox 1243 5325 1477 5406; x_wconf 81' lang='lat' dir='ltr'><strong>Spiritus</strong></span> <span class='ocrx_word' id='word_1_779' title='bbox 1508 5353 1539 5392; x_wconf 89' lang='lat' dir='ltr'><strong>a</strong></span> <span class='ocrx_word' id='word_1_780' title='bbox 1575 5349 1759 5395; x_wconf 89' lang='lat' dir='ltr'><strong>creato</strong></span> <span class='ocrx_word' id='word_1_781' title='bbox 1792 5325 1929 5396; x_wconf 86' lang='lat' dir='ltr'><strong>Filio</strong></span> 
     </span>
    </p>
   </div>
   <div class='ocr_carea' id='block_1_105' title="bbox 351 5411 544 5452">
    <p class='ocr_par' dir='ltr' id='par_1_105' title="bbox 351 5411 544 5452">
     <span class='ocr_line' id='line_1_106' title="bbox 351 5411 544 5452; baseline -0.01 0"><span class='ocrx_word' id='word_1_782' title='bbox 351 5411 476 5452; x_wconf 90' lang='lat' dir='ltr'><strong>crea</strong></span> <span class='ocrx_word' id='word_1_783' title='bbox 485 5411 519 5452; x_wconf 86' lang='grc' dir='ltr'><strong>ιι</strong></span> <span class='ocrx_word' id='word_1_784' title='bbox 529 5436 544 5450; x_wconf 91' lang='grc'><strong>.</strong></span> 
     </span>
    </p>
   </div>
   <div class='ocr_carea' id='block_1_106' title="bbox 409 5467 1924 5592">
    <p class='ocr_par' dir='ltr' id='par_1_106' title="bbox 409 5467 1924 5592">
     <span class='ocr_line' id='line_1_107' title="bbox 409 5467 1924 5592; baseline 0.007 -70"><span class='ocrx_word' id='word_1_785' title='bbox 409 5467 540 5592; x_wconf 51' lang='lat' dir='ltr'><strong>I$55)</strong></span> <span class='ocrx_word' id='word_1_786' title='bbox 566 5470 688 5524; x_wconf 81' lang='grc' dir='ltr'><strong>Οὐκ</strong></span> <span class='ocrx_word' id='word_1_787' title='bbox 714 5471 902 5535; x_wconf 75' lang='grc' dir='ltr'>ἐστιν,</span> <span class='ocrx_word' id='word_1_788' title='bbox 932 5473 1046 5543; x_wconf 89' lang='grc' dir='ltr'><strong>οὺχ</strong></span> <span class='ocrx_word' id='word_1_789' title='bbox 1070 5473 1245 5539; x_wconf 84' lang='grc' dir='ltr'>οὕτω,</span> <span class='ocrx_word' id='word_1_790' title='bbox 1277 5476 1478 5530; x_wconf 79' lang='grc' dir='ltr'><em>πολλὰ</em></span> <span class='ocrx_word' id='word_1_791' title='bbox 1501 5477 1670 5546; x_wconf 84' lang='grc' dir='ltr'>ἐρεῖς.</span> <span class='ocrx_word' id='word_1_792' title='bbox 1699 5479 1886 5534; x_wconf 86' lang='lat' dir='ltr'><strong>Comh.</strong></span> <span class='ocrx_word' id='word_1_793' title='bbox 1912 5499 1924 5510; x_wconf 88' lang='lat'><strong>-</strong></span> 
     </span>
     <span class='ocr_line' id='line_1_108' title="bbox 455 5544 1923 5592; baseline 0 0"><span class='ocrx_word' id='word_1_794' title='bbox 455 5556 521 5592; x_wconf 85' lang='lat' dir='ltr'><strong>un</strong></span> <span class='ocrx_word' id='word_1_795' title='bbox 555 5549 656 5592; x_wconf 85' lang='lat' dir='ltr'><strong>est.</strong></span> <span class='ocrx_word' id='word_1_796' title='bbox 695 5557 797 5592; x_wconf 88' lang='lat' dir='ltr'><strong>non</strong></span> <span class='ocrx_word' id='word_1_797' title='bbox 826 5544 918 5592; x_wconf 76' lang='lat' dir='ltr'><strong>ila.</strong></span> <span class='ocrx_word' id='word_1_798' title='bbox 950 5545 1241 5592; x_wconf 73' lang='lat' dir='ltr'><strong>idemidem</strong></span> <span class='ocrx_word' id='word_1_799' title='bbox 1273 5548 1437 5592; x_wconf 73' lang='lat' dir='ltr'><strong>dir-es-</strong></span> <span class='ocrx_word' id='word_1_800' title='bbox 1474 5567 1491 5592; x_wconf 78' lang='grc' dir='ltr'><strong>ι</strong></span> <span class='ocrx_word' id='word_1_801' title='bbox 1525 5547 1736 5592; x_wconf 65' lang='grc' dir='ltr'>Νίιιμιης</span> <span class='ocrx_word' id='word_1_802' title='bbox 1768 5568 1780 5592; x_wconf 59' lang='grc' dir='ltr'><strong>γ</strong></span> <span class='ocrx_word' id='word_1_803' title='bbox 1811 5553 1923 5592; x_wconf 72' lang='grc' dir='ltr'>Πύν</span> 
     </span>
    </p>
   </div>
   <div class='ocr_carea' id='block_1_107' title="bbox 357 5544 1924 5609">
    <p class='ocr_par' dir='ltr' id='par_1_107' title="bbox 357 5544 1924 5609">
     <span class='ocr_line' id='line_1_109' title="bbox 357 5544 1924 5609; baseline 0.01 -19"><span class='ocrx_word' id='word_1_804' title='bbox 357 5554 381 5590; x_wconf 72' lang='grc' dir='ltr'><strong>ε</strong></span> <span class='ocrx_word' id='word_1_805' title='bbox 409 5544 521 5594; x_wconf 81' lang='lat' dir='ltr'><strong>Non</strong></span> <span class='ocrx_word' id='word_1_806' title='bbox 555 5549 656 5608; x_wconf 89' lang='lat' dir='ltr'><strong>est,</strong></span> <span class='ocrx_word' id='word_1_807' title='bbox 695 5557 797 5598; x_wconf 88' lang='lat' dir='ltr'><strong>non</strong></span> <span class='ocrx_word' id='word_1_808' title='bbox 825 5544 918 5609; x_wconf 90' lang='lat' dir='ltr'><strong>ita,</strong></span> <span class='ocrx_word' id='word_1_809' title='bbox 950 5545 1241 5601; x_wconf 84' lang='lat' dir='ltr'><strong>identidem</strong></span> <span class='ocrx_word' id='word_1_810' title='bbox 1273 5548 1437 5603; x_wconf 90' lang='lat' dir='ltr'><strong>dices.</strong></span> <span class='ocrx_word' id='word_1_811' title='bbox 1472 5567 1491 5599; x_wconf 77' lang='grc' dir='ltr'><strong>ι</strong></span> <span class='ocrx_word' id='word_1_812' title='bbox 1521 5544 1736 5606; x_wconf 68' lang='lat' dir='ltr'><strong>Nicetes</strong></span> <span class='ocrx_word' id='word_1_813' title='bbox 1767 5568 1780 5604; x_wconf 87' lang='lat'><strong>:</strong></span> <span class='ocrx_word' id='word_1_814' title='bbox 1811 5553 1924 5605; x_wconf 82' lang='grc' dir='ltr'><strong>Οὐκ</strong></span> 
     </span>
    </p>
   </div>
   <div class='ocr_carea' id='block_1_108' title="bbox 433 4839 452 5049">
    <p class='ocr_par' dir='ltr' id='par_1_108' title="bbox 433 4839 452 5049">
     <span class='ocr_line' id='line_1_110' title="bbox 433 4839 452 5049; baseline 0 0"><span class='ocrx_word' id='word_1_815' title='bbox 433 4839 452 5049; x_wconf 67' lang='grc' dir='ltr'>ἓ</span> 
     </span>
    </p>
   </div>
   <div class='ocr_carea' id='block_1_109' title="bbox 2047 4428 2918 4496">
    <p class='ocr_par' dir='ltr' id='par_1_109' title="bbox 2047 4428 2918 4496">
     <span class='ocr_line' id='line_1_111' title="bbox 2047 4428 2918 4496; baseline 0.001 -13"><span class='ocrx_word' id='word_1_816' title='bbox 2047 4428 2141 4491; x_wconf 90' lang='lat' dir='ltr'><strong>ita,</strong></span> <span class='ocrx_word' id='word_1_817' title='bbox 2166 4428 2412 4496; x_wconf 81' lang='lat' dir='ltr'><strong>quamvis</strong></span> <span class='ocrx_word' id='word_1_818' title='bbox 2445 4429 2609 4481; x_wconf 80' lang='lat' dir='ltr'><strong>inulta</strong></span> <span class='ocrx_word' id='word_1_819' title='bbox 2641 4429 2867 4484; x_wconf 82' lang='lat' dir='ltr'><strong>dividas.</strong></span> <span class='ocrx_word' id='word_1_820' title='bbox 2897 4449 2918 4484; x_wconf 73' lang='grc' dir='ltr'><strong>ι</strong></span> 
     </span>
    </p>
   </div>
   <div class='ocr_carea' id='block_1_110' title="bbox 2119 4496 3625 4570">
    <p class='ocr_par' dir='ltr' id='par_1_110' title="bbox 2119 4496 3625 4570">
     <span class='ocr_line' id='line_1_112' title="bbox 2119 4496 3625 4570; baseline -0.001 -16"><span class='ocrx_word' id='word_1_821' title='bbox 2119 4499 2228 4570; x_wconf 78' lang='grc'>(54)</span> <span class='ocrx_word' id='word_1_822' title='bbox 2259 4496 2403 4553; x_wconf 78' lang='grc' dir='ltr'>Οἶδα</span> <span class='ocrx_word' id='word_1_823' title='bbox 2433 4500 2550 4552; x_wconf 82' lang='grc' dir='ltr'>τίνι</span> <span class='ocrx_word' id='word_1_824' title='bbox 2578 4500 2959 4570; x_wconf 77' lang='grc' dir='ltr'>ὡμολόγησα,</span> <span class='ocrx_word' id='word_1_825' title='bbox 2990 4510 3096 4554; x_wconf 90' lang='lat' dir='ltr'><strong>etc.</strong></span> <span class='ocrx_word' id='word_1_826' title='bbox 3155 4519 3174 4551; x_wconf 85' lang='grc'><strong><em>‹</em></strong></span> <span class='ocrx_word' id='word_1_827' title='bbox 3199 4497 3325 4553; x_wconf 91' lang='lat' dir='ltr'><strong>Scio</strong></span> <span class='ocrx_word' id='word_1_828' title='bbox 3382 4512 3471 4570; x_wconf 72' lang='lat' dir='ltr'><strong>cui</strong></span> <span class='ocrx_word' id='word_1_829' title='bbox 3493 4516 3625 4569; x_wconf 83' lang='lat' dir='ltr'><strong>pro-</strong></span> 
     </span>
    </p>
   </div>
   <div class='ocr_carea' id='block_1_111' title="bbox 2045 4568 3620 4640">
    <p class='ocr_par' dir='ltr' id='par_1_111' title="bbox 2045 4568 3620 4640">
     <span class='ocr_line' id='line_1_113' title="bbox 2045 4568 3620 4640; baseline 0.001 -17"><span class='ocrx_word' id='word_1_830' title='bbox 2045 4568 2222 4640; x_wconf 62' lang='lat' dir='ltr'><strong>fessus</strong></span> <span class='ocrx_word' id='word_1_831' title='bbox 2259 4585 2399 4635; x_wconf 82' lang='lat' dir='ltr'><strong>sum,</strong></span> <span class='ocrx_word' id='word_1_832' title='bbox 2423 4571 2523 4640; x_wconf 77' lang='lat' dir='ltr'><strong>_cui</strong></span> <span class='ocrx_word' id='word_1_833' title='bbox 2560 4568 2837 4636; x_wconf 83' lang='lat' dir='ltr'><strong>spopondi,</strong></span> <span class='ocrx_word' id='word_1_834' title='bbox 2870 4573 2956 4626; x_wconf 90' lang='lat' dir='ltr'><strong>cui</strong></span> <span class='ocrx_word' id='word_1_835' title='bbox 2994 4580 3181 4640; x_wconf 88' lang='lat' dir='ltr'><strong>pactus</strong></span> <span class='ocrx_word' id='word_1_836' title='bbox 3218 4583 3357 4624; x_wconf 88' lang='lat' dir='ltr'><strong>sum.</strong></span> <span class='ocrx_word' id='word_1_837' title='bbox 3389 4587 3408 4620; x_wconf 72' lang='grc' dir='ltr'><strong>ι</strong></span> <span class='ocrx_word' id='word_1_838' title='bbox 3449 4568 3620 4626; x_wconf 85' lang='lat' dir='ltr'><strong>COisl.</strong></span> 
     </span>
    </p>
   </div>
   <div class='ocr_carea' id='block_1_112' title="bbox 2043 4637 2744 4703">
    <p class='ocr_par' dir='ltr' id='par_1_112' title="bbox 2043 4637 2744 4703">
     <span class='ocr_line' id='line_1_114' title="bbox 2043 4637 2744 4703; baseline 0.003 -11"><span class='ocrx_word' id='word_1_839' title='bbox 2043 4638 2080 4692; x_wconf 75' lang='grc'><strong>2</strong></span> <span class='ocrx_word' id='word_1_840' title='bbox 2111 4650 2163 4694; x_wconf 91' lang='lat' dir='ltr'><strong>et</strong></span> <span class='ocrx_word' id='word_1_841' title='bbox 2187 4640 2279 4696; x_wconf 93' lang='lat' dir='ltr'><strong>Or.</strong></span> <span class='ocrx_word' id='word_1_842' title='bbox 2307 4640 2359 4703; x_wconf 90' lang='grc'><strong>1,</strong></span> <span class='ocrx_word' id='word_1_843' title='bbox 2394 4637 2508 4693; x_wconf 80' lang='grc' dir='ltr'>οἶδα</span> <span class='ocrx_word' id='word_1_844' title='bbox 2532 4640 2607 4702; x_wconf 87' lang='grc' dir='ltr'><strong>τί,</strong></span> <span class='ocrx_word' id='word_1_845' title='bbox 2638 4650 2744 4694; x_wconf 86' lang='lat' dir='ltr'><strong>etc.</strong></span> 
     </span>
    </p>
   </div>
   <div class='ocr_carea' id='block_1_113' title="bbox 2116 4707 3617 4783">
    <p class='ocr_par' dir='ltr' id='par_1_113' title="bbox 2116 4707 3617 4783">
     <span class='ocr_line' id='line_1_115' title="bbox 2116 4707 3617 4783; baseline 0.001 -19"><span class='ocrx_word' id='word_1_846' title='bbox 2116 4710 2232 4783; x_wconf 83' lang='grc'>(55)</span> <span class='ocrx_word' id='word_1_847' title='bbox 2264 4711 2602 4776; x_wconf 82' lang='grc' dir='ltr'>Ἀπίστους.</span> <span class='ocrx_word' id='word_1_848' title='bbox 2634 4709 2767 4767; x_wconf 83' lang='lat' dir='ltr'><strong>Tres</strong></span> <span class='ocrx_word' id='word_1_849' title='bbox 2788 4711 2980 4783; x_wconf 76' lang='lat' dir='ltr'><strong>Regg.,</strong></span> <span class='ocrx_word' id='word_1_850' title='bbox 3015 4709 3178 4766; x_wconf 88' lang='lat' dir='ltr'><strong>Coisl.</strong></span> <span class='ocrx_word' id='word_1_851' title='bbox 3210 4708 3265 4773; x_wconf 75' lang='grc'>2,</span> <span class='ocrx_word' id='word_1_852' title='bbox 3302 4708 3448 4776; x_wconf 92' lang='lat' dir='ltr'><strong>Par.,</strong></span> <span class='ocrx_word' id='word_1_853' title='bbox 3479 4707 3617 4779; x_wconf 84' lang='lat' dir='ltr'><strong>Jes.,</strong></span> 
     </span>
    </p>
   </div>
   <div class='ocr_carea' id='block_1_114' title="bbox 2040 4782 2449 4844">
    <p class='ocr_par' dir='ltr' id='par_1_114' title="bbox 2040 4782 2449 4844">
     <span class='ocr_line' id='line_1_116' title="bbox 2040 4782 2449 4844; baseline 0 -11"><span class='ocrx_word' id='word_1_854' title='bbox 2040 4787 2167 4843; x_wconf 88' lang='lat' dir='ltr'><strong>etc.,</strong></span> <span class='ocrx_word' id='word_1_855' title='bbox 2203 4782 2449 4844; x_wconf 85' lang='grc' dir='ltr'>ἄπιστος.</span> 
     </span>
    </p>
   </div>
   <div class='ocr_carea' id='block_1_115' title="bbox 2067 4847 3618 4974">
    <p class='ocr_par' dir='ltr' id='par_1_115' title="bbox 2067 4847 3618 4974">
     <span class='ocr_line' id='line_1_117' title="bbox 2067 4847 3618 4974; baseline -0.001 -69"><span class='ocrx_word' id='word_1_856' title='bbox 2067 4849 2222 4974; x_wconf 74' lang='lat' dir='ltr'><strong>d(36)</strong></span> <span class='ocrx_word' id='word_1_857' title='bbox 2258 4851 2369 4906; x_wconf 85' lang='grc' dir='ltr'><strong>Τοῦ</strong></span> <span class='ocrx_word' id='word_1_858' title='bbox 2413 4850 2698 4918; x_wconf 70' lang='grc' dir='ltr'>ψεύδους.</span> <span class='ocrx_word' id='word_1_859' title='bbox 2731 4851 2825 4907; x_wconf 88' lang='lat' dir='ltr'><strong>Sic</strong></span> <span class='ocrx_word' id='word_1_860' title='bbox 2869 4858 2979 4906; x_wconf 85' lang='lat' dir='ltr'><strong>tres</strong></span> <span class='ocrx_word' id='word_1_861' title='bbox 3009 4850 3181 4921; x_wconf 78' lang='lat' dir='ltr'><strong>Regg.</strong></span> <span class='ocrx_word' id='word_1_862' title='bbox 3224 4849 3383 4905; x_wconf 85' lang='lat' dir='ltr'><strong>Deest</strong></span> <span class='ocrx_word' id='word_1_863' title='bbox 3422 4847 3516 4902; x_wconf 88' lang='grc' dir='ltr'><strong>τοῦ</strong></span> <span class='ocrx_word' id='word_1_864' title='bbox 3561 4850 3618 4904; x_wconf 86' lang='lat' dir='ltr'><strong>in</strong></span> 
     </span>
    </p>
   </div>
   <div class='ocr_carea' id='block_1_116' title="bbox 2035 4935 2122 4975">
    <p class='ocr_par' dir='ltr' id='par_1_116' title="bbox 2035 4935 2122 4975">
     <span class='ocr_line' id='line_1_118' title="bbox 2035 4935 2122 4975; baseline -0.023 0"><span class='ocrx_word' id='word_1_865' title='bbox 2035 4935 2122 4975; x_wconf 88' lang='lat' dir='ltr'><strong>ea.</strong></span> 
     </span>
    </p>
   </div>
   <div class='ocr_carea' id='block_1_117' title="bbox 2111 4988 3615 5064">
    <p class='ocr_par' dir='ltr' id='par_1_117' title="bbox 2111 4988 3615 5064">
     <span class='ocr_line' id='line_1_119' title="bbox 2111 4988 3615 5064; baseline 0 -20"><span class='ocrx_word' id='word_1_866' title='bbox 2111 4991 2222 5064; x_wconf 78' lang='grc'>(57)</span> <span class='ocrx_word' id='word_1_867' title='bbox 2264 4994 2696 5061; x_wconf 76' lang='grc' dir='ltr'>Τελειούμενος.</span> <span class='ocrx_word' id='word_1_868' title='bbox 2728 4992 2820 5048; x_wconf 89' lang='lat' dir='ltr'><strong>Sic</strong></span> <span class='ocrx_word' id='word_1_869' title='bbox 2840 4991 3132 5064; x_wconf 76' lang='lat' dir='ltr'><strong>Regg.bm,</strong></span> <span class='ocrx_word' id='word_1_870' title='bbox 3159 4989 3254 5047; x_wconf 89' lang='lat' dir='ltr'><strong>Or.</strong></span> <span class='ocrx_word' id='word_1_871' title='bbox 3277 4990 3313 5043; x_wconf 76' lang='grc'><strong>2</strong></span> <span class='ocrx_word' id='word_1_872' title='bbox 3337 4998 3391 5044; x_wconf 91' lang='lat' dir='ltr'><strong>et</strong></span> <span class='ocrx_word' id='word_1_873' title='bbox 3417 4988 3615 5044; x_wconf 86' lang='lat' dir='ltr'><strong>Comb.</strong></span> 
     </span>
    </p>
   </div>
   <div class='ocr_carea' id='block_1_118' title="bbox 2030 5057 2608 5131">
    <p class='ocr_par' dir='ltr' id='par_1_118' title="bbox 2030 5057 2608 5131">
     <span class='ocr_line' id='line_1_120' title="bbox 2030 5057 2608 5131; baseline 0.009 -19"><span class='ocrx_word' id='word_1_874' title='bbox 2030 5057 2085 5113; x_wconf 83' lang='lat' dir='ltr'><strong>In</strong></span> <span class='ocrx_word' id='word_1_875' title='bbox 2111 5057 2223 5128; x_wconf 64' lang='lat' dir='ltr'><strong>ett,</strong></span> <span class='ocrx_word' id='word_1_876' title='bbox 2255 5057 2608 5131; x_wconf 69' lang='grc' dir='ltr'>τελειόμενος.</span> 
     </span>
    </p>
   </div>
   <div class='ocr_carea' id='block_1_119' title="bbox 2103 5129 3616 5203">
    <p class='ocr_par' dir='ltr' id='par_1_119' title="bbox 2103 5129 3616 5203">
     <span class='ocr_line' id='line_1_121' title="bbox 2103 5129 3616 5203; baseline -0.002 -18"><span class='ocrx_word' id='word_1_877' title='bbox 2103 5133 2214 5203; x_wconf 84' lang='grc'>(58)</span> <span class='ocrx_word' id='word_1_878' title='bbox 2248 5135 2356 5187; x_wconf 80' lang='grc' dir='ltr'><strong>Καὶ</strong></span> <span class='ocrx_word' id='word_1_879' title='bbox 2403 5129 2842 5203; x_wconf 48' lang='grc' dir='ltr'>ὲηεκρωθῆναι</span> <span class='ocrx_word' id='word_1_880' title='bbox 2876 5151 2956 5200; x_wconf 87' lang='grc' dir='ltr'><strong>τῳ</strong></span> <span class='ocrx_word' id='word_1_881' title='bbox 2986 5131 3176 5185; x_wconf 74' lang='grc' dir='ltr'>ὕδατι.</span> <span class='ocrx_word' id='word_1_882' title='bbox 3236 5129 3616 5203; x_wconf 86' lang='lat' dir='ltr'><strong>Sic_quatuor</strong></span> 
     </span>
    </p>
   </div>
   <div class='ocr_carea' id='block_1_120' title="bbox 2030 5199 3615 5323">
    <p class='ocr_par' dir='ltr' id='par_1_120' title="bbox 2030 5199 3615 5323">
     <span class='ocr_line' id='line_1_122' title="bbox 2030 5199 3615 5323; baseline -0.007 -62"><span class='ocrx_word' id='word_1_883' title='bbox 2030 5199 2222 5323; x_wconf 48' lang='grc' dir='ltr'>ἓξὲξ..</span> <span class='ocrx_word' id='word_1_884' title='bbox 2249 5203 2412 5323; x_wconf 65' lang='grc' dir='ltr'>βοῆς).</span> <span class='ocrx_word' id='word_1_885' title='bbox 2453 5204 2478 5257; x_wconf 90' lang='grc'><strong>1</strong></span> <span class='ocrx_word' id='word_1_886' title='bbox 2511 5199 2654 5273; x_wconf 62' lang='grc' dir='ltr'>δι’ἳ,</span> <span class='ocrx_word' id='word_1_887' title='bbox 2691 5199 2838 5270; x_wconf 85' lang='lat' dir='ltr'><strong>Par.,</strong></span> <span class='ocrx_word' id='word_1_888' title='bbox 2875 5199 2978 5260; x_wconf 86' lang='lat' dir='ltr'><strong>etc.</strong></span> <span class='ocrx_word' id='word_1_889' title='bbox 3013 5203 3174 5258; x_wconf 86' lang='lat' dir='ltr'><strong>Deest</strong></span> <span class='ocrx_word' id='word_1_890' title='bbox 3210 5201 3302 5254; x_wconf 81' lang='grc' dir='ltr'><strong>καὶ</strong></span> <span class='ocrx_word' id='word_1_891' title='bbox 3346 5201 3615 5268; x_wconf 81' lang='grc' dir='ltr'>ἐννεκρω-</span> 
     </span>
     <span class='ocr_line' id='line_1_123' title="bbox 2068 5287 2409 5323; baseline 0 0"><span class='ocrx_word' id='word_1_892' title='bbox 2068 5287 2215 5323; x_wconf 82' lang='grc' dir='ltr'>ηναι.</span> <span class='ocrx_word' id='word_1_893' title='bbox 2247 5290 2300 5323; x_wconf 81' lang='lat' dir='ltr'><strong>In</strong></span> <span class='ocrx_word' id='word_1_894' title='bbox 2325 5289 2370 5323; x_wconf 77' lang='grc' dir='ltr'><strong>θ(</strong></span> <span class='ocrx_word' id='word_1_895' title='bbox 2396 5314 2409 5323; x_wconf 90' lang='grc'><strong>.</strong></span> 
     </span>
    </p>
   </div>
   <div class='ocr_carea' id='block_1_121' title="bbox 2108 5275 2409 5335">
    <p class='ocr_par' dir='ltr' id='par_1_121' title="bbox 2108 5275 2409 5335">
     <span class='ocr_line' id='line_1_124' title="bbox 2108 5275 2409 5335; baseline 0.007 -11"><span class='ocrx_word' id='word_1_896' title='bbox 2108 5290 2215 5335; x_wconf 90' lang='grc' dir='ltr'>ναι,</span> <span class='ocrx_word' id='word_1_897' title='bbox 2247 5275 2300 5326; x_wconf 91' lang='lat' dir='ltr'><strong>in</strong></span> <span class='ocrx_word' id='word_1_898' title='bbox 2325 5277 2409 5326; x_wconf 87' lang='lat' dir='ltr'><strong>ed.</strong></span> 
     </span>
    </p>
   </div>
   <div class='ocr_carea' id='block_1_122' title="bbox 2068 5287 3608 5413">
    <p class='ocr_par' dir='ltr' id='par_1_122' title="bbox 2068 5287 3608 5413">
     <span class='ocr_line' id='line_1_125' title="bbox 2068 5287 3608 5413; baseline -0.002 -16"><span class='ocrx_word' id='word_1_899' title='bbox 2068 5287 2220 5412; x_wconf 59' lang='grc' dir='ltr'><strong>ηἷὲθ)</strong></span> <span class='ocrx_word' id='word_1_900' title='bbox 2247 5287 2572 5398; x_wconf 52' lang='grc' dir='ltr'><strong>Ξῗοὲἓαϊκὸν</strong></span> <span class='ocrx_word' id='word_1_901' title='bbox 2592 5344 2698 5402; x_wconf 79' lang='grc' dir='ltr'>ἔτι.</span> <span class='ocrx_word' id='word_1_902' title='bbox 2730 5344 2820 5400; x_wconf 90' lang='lat' dir='ltr'><strong>Sic</strong></span> <span class='ocrx_word' id='word_1_903' title='bbox 2843 5353 3070 5400; x_wconf 80' lang='lat' dir='ltr'><strong>auatuor</strong></span> <span class='ocrx_word' id='word_1_904' title='bbox 3092 5338 3390 5413; x_wconf 80' lang='lat' dir='ltr'><strong>Regg.,Or.</strong></span> <span class='ocrx_word' id='word_1_905' title='bbox 3406 5338 3457 5404; x_wconf 85' lang='grc'><strong>1,</strong></span> <span class='ocrx_word' id='word_1_906' title='bbox 3481 5336 3608 5394; x_wconf 88' lang='lat' dir='ltr'><strong>Par.</strong></span> 
     </span>
    </p>
   </div>
   <div class='ocr_carea' id='block_1_123' title="bbox 2037 5413 2794 5468">
    <p class='ocr_par' dir='ltr' id='par_1_123' title="bbox 2037 5413 2794 5468">
     <span class='ocr_line' id='line_1_126' title="bbox 2037 5413 2794 5468; baseline 0.005 -4"><span class='ocrx_word' id='word_1_907' title='bbox 2037 5421 2086 5464; x_wconf 88' lang='lat' dir='ltr'><strong>et</strong></span> <span class='ocrx_word' id='word_1_908' title='bbox 2112 5413 2298 5465; x_wconf 73' lang='lat' dir='ltr'><strong>(Iomh.</strong></span> <span class='ocrx_word' id='word_1_909' title='bbox 2334 5415 2488 5467; x_wconf 76' lang='lat' dir='ltr'><strong>Deest</strong></span> <span class='ocrx_word' id='word_1_910' title='bbox 2517 5414 2596 5468; x_wconf 77' lang='grc' dir='ltr'><strong>ἔτι</strong></span> <span class='ocrx_word' id='word_1_911' title='bbox 2623 5418 2671 5468; x_wconf 92' lang='lat' dir='ltr'><strong>in</strong></span> <span class='ocrx_word' id='word_1_912' title='bbox 2707 5417 2794 5468; x_wconf 88' lang='lat' dir='ltr'><strong>ed.</strong></span> 
     </span>
    </p>
   </div>
   <div class='ocr_carea' id='block_1_124' title="bbox 2109 5479 3608 5554">
    <p class='ocr_par' dir='ltr' id='par_1_124' title="bbox 2109 5479 3608 5554">
     <span class='ocr_line' id='line_1_127' title="bbox 2109 5479 3608 5554; baseline -0.001 -20"><span class='ocrx_word' id='word_1_913' title='bbox 2109 5483 2219 5552; x_wconf 72' lang='grc'>(40)</span> <span class='ocrx_word' id='word_1_914' title='bbox 2262 5483 2457 5537; x_wconf 77' lang='grc' dir='ltr'>Τοῦτο.</span> <span class='ocrx_word' id='word_1_915' title='bbox 2487 5485 2740 5552; x_wconf 73' lang='lat' dir='ltr'><strong>Sequitur</strong></span> <span class='ocrx_word' id='word_1_916' title='bbox 2778 5486 2830 5537; x_wconf 92' lang='lat' dir='ltr'><strong>in</strong></span> <span class='ocrx_word' id='word_1_917' title='bbox 2873 5483 2958 5538; x_wconf 88' lang='lat' dir='ltr'><strong>ed.</strong></span> <span class='ocrx_word' id='word_1_918' title='bbox 2987 5483 3068 5547; x_wconf 87' lang='grc' dir='ltr'><strong>τό,</strong></span> <span class='ocrx_word' id='word_1_919' title='bbox 3111 5483 3251 5554; x_wconf 87' lang='lat' dir='ltr'><strong>quod</strong></span> <span class='ocrx_word' id='word_1_920' title='bbox 3282 5479 3608 5538; x_wconf 84' lang='lat' dir='ltr'><strong>auctoritate</strong></span> 
     </span>
    </p>
   </div>
   <div class='ocr_carea' id='block_1_125' title="bbox 2034 5554 3064 5626">
    <p class='ocr_par' dir='ltr' id='par_1_125' title="bbox 2034 5554 3064 5626">
     <span class='ocr_line' id='line_1_128' title="bbox 2034 5554 3064 5626; baseline 0.006 -22"><span class='ocrx_word' id='word_1_921' title='bbox 2034 5563 2266 5622; x_wconf 88' lang='lat' dir='ltr'><strong>quatuor</strong></span> <span class='ocrx_word' id='word_1_922' title='bbox 2299 5554 2464 5626; x_wconf 58' lang='lat' dir='ltr'><strong>llr-ag.</strong></span> <span class='ocrx_word' id='word_1_923' title='bbox 2495 5558 2736 5612; x_wconf 82' lang='lat' dir='ltr'><strong>codicum</strong></span> <span class='ocrx_word' id='word_1_924' title='bbox 2773 5555 3064 5611; x_wconf 84' lang='lat' dir='ltr'><strong>delevimus</strong></span> 
     </span>
    </p>
   </div>
  </div>
