3910 6214
437 219 558 276 413-9
1651 216 1708 268 S.
1749 205 2088 268 GREGORIIl
2114 214 2464 269 THEOLOGI
3578 219 3686 275 240

453 337 661 398 serius
695 333 1067 411 attendisset
1098 331 1192 393 vir
1221 333 1473 406 doctus,
1518 333 1575 393 si
1606 331 1882 408 singula,
1917 337 1981 393 ut
2014 331 2094 392 ita
2128 332 2358 407 dicam,
2392 333 2834 410 perpendisset
2875 334 3082 404 verba,
3124 334 3173 394 si
3221 351 3364 411 quae
3409 335 3671 397 demum

451 412 795 491 Gregorius
840 410 1121 473 Carmine
1174 411 1245 473 de
1290 411 1422 491 vita
1474 429 1587 491 suo
1641 411 1917 491 scripsit,
1975 411 2325 491 studiosius
2373 413 2957 483 animadvertisset,
3016 410 3344 491 nunquam
3386 413 3672 491 profecto

455 488 639 555 talem
675 491 1056 552 sententiam
1093 490 1487 570 protulisset.
1538 489 1695 562 Quae
1722 489 1978 570 quidem
2014 496 2080 570 ut
2115 488 2472 570 refellatur,
2512 491 2666 553 satis
2697 492 2817 552 erit
2849 509 2918 570 ea
2957 488 3191 552 referre
3217 507 3360 570 quae
3387 488 3468 565 lin
3516 492 3678 553 hanc

451 589 584 633 rem
639 570 962 631 adnotavit
1013 567 1424 632 doctissimus
1473 570 1703 647 Pagius
1744 567 1894 641 (ω).
1930 568 2400 647 γαΒδΓοΠῘιιδμ
2457 569 2671 647 inquit
2724 569 3014 630 eruditus
3064 570 3176 630 ille
3234 567 3388 629 artis
3439 570 3680 630 critica;

452 649 776 725 magister,
817 649 1177 727 «(Beronius
1206 649 1292 709 ait
1315 649 1567 727 Petrum
1600 645 2098 727 Alexandrinum
2134 654 2374 727 septem
2418 645 2752 727 episcopos
2787 648 3066 724 Egypti,
3101 647 3665 727 adperﬁciendam

448 724 710 798 Maximi
744 725 1230 797 ordinationem,
1269 725 1519 786 misisse
1553 746 1568 786 :
1601 725 1876 801 citatque
1914 724 2071 803 hanc
2107 726 2458 803 orationem
2494 724 2779 803 Gregorii
2838 727 2904 786 in
2955 726 3395 801 Egyptiorum
3433 725 3678 786 adven-

447 811 610 868 tum.
659 806 920 875 Verum,
955 806 1061 882 qui
1098 806 1164 864 in
1199 823 1269 865 ea
1303 806 1734 882 nominantur,
1771 820 1892 861 non
1929 802 2213 882 episcOpi
2249 812 2452 870 erant.
2481 806 2589 865 sed
2626 802 2854 874 nautae,
2908 821 3022 864 seu
3070 806 3285 880 potius
3353 805 3673 880 guberna-

449 889 618 946 tores
650 883 865 944 classis
890 880 1374 961 Alexandrinae,
1417 882 1527 961 qui
1558 880 1949 961 frumentum
1989 898 2065 941 ex
2106 881 2378 961 Egypto
2423 882 3042 960 Constantinopolim
3077 883 3490 961 advexerant.
3523 883 3669 954 Quo

450 962 724 1022 maxime
757 968 1130 1037 argumento
1197 959 1598 1022 convincitur
1633 975 1740 1019 eos
1771 959 2106 1038 episcOpos
2143 959 2267 1019 non
2300 959 2538 1032 fuisse;
2598 978 2808 1038 neque
2851 959 3027 1021 enim
3064 960 3408 1037 episcopali
3464 961 3674 1037 digni-

449 1043 558 1100 tati
609 1039 905 1100 convenit
952 1038 1258 1099 frumenti
1319 1039 1628 1098 advectio.
1679 1037 1925 1098 Deinde
1988 1037 2052 1096 in
2111 1044 2235 1116 tota
2289 1039 2393 1099 illa
2438 1037 2727 1102 oratione
2761 1055 2872 1100 eos
2923 1055 3248 1116 nunquam
3303 1037 3669 1116 episcopos,

449 1134 702 1194 semper
738 1133 886 1177 vero
925 1116 1113 1178 laicos
1137 1117 1575 1178 Nazianzenus
1607 1116 1900 1186 appellat,
1937 1133 2076 1176 cum
2112 1114 2262 1174 dicit
2305 1119 2518 1191 toties,
2561 1119 2878 1194 «Populus
2909 1114 3115 1185 meus,
3155 1118 3427 1192 pepulus
3465 1114 3607 1188 Dei,
3641 1141 3671 1174 ι»

449 1204 570 1257 etc.
626 1197 894 1256 Domum
957 1195 1086 1256 haec
1144 1196 1329 1256 verba
1381 1195 1668 1269 Gregorii
1737 1195 1837 1272 (η.
1870 1194 1946 1272 '7)
1984 1216 1998 1253 :
2033 1196 2495 1270 «Posteaquam
2557 1196 2824 1268 Caesari,
2863 1212 3004 1273 quae
3053 1204 3201 1255 sunt
3251 1196 3544 1268 Caesaris,
3606 1203 3677 1257 ut

452 1296 481 1329 α
527 1291 633 1350 par
669 1282 824 1342 erat,
859 1273 1247 1343 contulistis,
1284 1276 1410 1332 Deo
1446 1275 1659 1346 etiam,
1693 1289 1834 1352 quae
1868 1273 1977 1332 Dei
2009 1274 2556 1352 sunt,rtribuistis,
2590 1275 2682 1335 illi
2724 1292 2952 1351 nempe
2983 1274 3267 1350 vectigal,
3305 1274 3452 1334 huic
3487 1275 3676 1336 tirno-

452 1375 480 1407 «
517 1370 686 1423 rem;
729 1359 790 1412 et
833 1359 1169 1430 postquam
1203 1352 1362 1413 cibis
1398 1353 1622 1411 vestris
1656 1351 1961 1430 pupulum
2000 1351 2250 1430 aluistis
2275 1396 2290 1421 ,
2344 1354 2464 1428 ipsi
2516 1369 2801 1430 quoque,
2838 1364 2905 1411 ut
2939 1370 2970 1412 a
3008 1352 3194 1413 nobis
3247 1353 3505 1413 alamini
3546 1353 3675 1414 huc

449 1453 480 1488 ‹‹
518 1429 870 1492 acceditis}
902 1453 932 1487 »
967 1429 1429 1508 haar,inquam,
1466 1430 1649 1489 verba
1691 1437 1901 1508 aperte
1939 1429 2130 1489 laicos
2159 1429 2496 1508 designant
2539 1429 2611 1493 et
2655 1429 2902 1500 nautas,
2950 1431 3055 1508 qui
3091 1432 3504 1501 frumentum,
3551 1447 3672 1491 seu

447 1524 752 1570 canonem
806 1509 946 1570 urbi
991 1507 1709 1584 Constantiimpolitanze
1755 1507 2162 1568 advexerant.
2229 1507 2384 1581 Quae
2423 1510 2828 1582 observatio,
2860 1533 2888 1564 »
2937 1507 3110 1570 addit
3161 1510 3459 1582 criticus,
3521 1518 3673 1570 «est

451 1587 682 1648 Valesii
717 1588 781 1646 in
815 1587 983 1647 notis
1013 1585 1087 1647 ad
1122 1585 1231 1646 lib.
1270 1605 1300 1644 v
1334 1586 1743 1656 Theodoreti,
1786 1602 1840 1646 ρ.
1871 1586 1934 1646 8.
1971 1607 1999 1640 ››

523 1667 637 1748 Ill.
686 1664 1363 1748 Iisdemuargumentis
1397 1664 1671 1748 Baronii_
1703 1663 2079 1748 sententiam
2129 1665 2503 1748 impugnant
2552 1667 2860 1748 Hermant
2908 1671 2968 1727 et
3006 1663 3668 1748 Tillemqntiusth);

444 1761 562 1806 nec
590 1745 750 1822 ipsis
783 1743 1091 1822 possibile
1125 1742 1566 1822 videt_ur,eam
1601 1741 1674 1802 ad
1725 1742 2010 1822 Gregorii
2064 1741 2423 1804 orationem
2456 1744 2963 1805 accommodare.
2997 1748 3086 1804 Ac
3120 1744 3346 1803 merito
3376 1741 3666 1822 quidem,

447 1831 506 1885 et
538 1820 808 1884 Baronio
842 1831 902 1883 et
932 1820 1703 1899 Bollandistisobjiciunt,
1733 1821 1906 1898 quod
1939 1822 2196 1881 nonnisi
2253 1838 2439 1884 unam
2477 1822 2920 1899 Egyptiorum
2956 1830 3223 1882 turmam
3258 1820 3662 1898 agnoverint,

444 1919 588 1962 cum
621 1901 963 1978 Gregorius
1006 1900 1142 1978 ipse
1194 1898 1507 1978 geminam
1546 1907 1843 1978 agnoscat
1891 1915 1960 1959 ac
2008 1899 2382 1978 distinguat.
2421 1898 2698 1962 Primum
2735 1901 2995 1972 etenim,
3050 1908 3116 1959 ut
3153 1899 3216 1959 in
3255 1900 3546 1978 Carmine
3598 1901 3671 1961 de

441 1979 574 2039 vita
601 1997 713 2038 sua
740 1976 974 2057 legitur
1007 1976 1202 2056 (vers.
1234 1977 1351 2057 83ft
1385 1983 1445 2037 et
1478 1977 1717 2055 seqq.),
1745 1979 1920 2036 missi
1964 1985 2110 2057 sunt
2144 1976 2478 2050 «A'mmon,
2511 1985 2863 2054 Apamon,»
2892 1987 3040 2049 etc.,
3073 1994 3234 2054 quos
3299 1977 3667 2056 Theologus

447 2058 768 2118 «miseros
807 2056 1032 2119 nautas
1056 2078 1084 2112 n
1130 2056 1422 2134 appellat,
1459 2063 1519 2116 et
1552 2063 1991 2134 «catascopos,
2023 2077 2046 2109 ο
2081 2056 2140 2115 id
2179 2065 2296 2129 est,
2333 2080 2361 2113 α
2390 2057 2847 2132 exploratores,
2877 2081 2904 2112 »
2945 2058 3058 2134 qui
3090 2062 3418 2129 venerant,
3456 2067 3522 2116 ut
3563 2075 3666 2119 res

440 2134 1167 2213 ConstantinOpolitanre
1209 2133 1505 2213 Ecclesiae
1535 2133 1976 2213 observarent.
2005 2133 2274 2213 Deinde,
2329 2159 2357 2192 α
2387 2152 2514 2197 non
2552 2135 2750 2196 multo
2787 2143 2923 2210 post
2959 2133 3295 2206 venerunt,
3329 2134 3440 2212 qui
3483 2137 3667 2213 prius
3741 2161 3749 2180 ο

445 2230 555 2276 eos
604 2211 988 2284 miserant,»
1049 2212 1112 2272 id
1165 2219 1284 2285 est,
1344 2211 1622 2290 episc0pi
1659 2229 1692 2270 a
1731 2213 1912 2271 Petro
1949 2212 2378 2275 Alexandrino
2427 2214 2736 2290 delegati,
2784 2224 2853 2274 ut
2901 2215 3248 2274 Maximum
3297 2211 3667 2290 episcopum

445 2298 914 2354 consecrarent.
955 2291 1055 2351 Illi
1087 2308 1118 2351 a
1143 2289 1451 2370 Gregorio
1476 2296 1877 2370 «pastorum»
1912 2289 2168 2370 nomine
2201 2289 2653 2370 designantur;
2686 2300 2747 2353 et
2782 2293 3074 2369 quamvis
3103 2300 3294 2363 certe,
3321 2299 3396 2370 rut
3429 2291 3672 2353 facino-

444 2371 528 2430 ris
561 2379 852 2432 auctores
883 2377 944 2432 et
979 2371 1197 2441 duces,
1237 2368 1557 2444 prioribus
1591 2367 1790 2427 multo
1833 2368 2232 2430 nocentiores
2267 2367 2506 2440 essent,
2564 2372 2723 2447 ipsis
2759 2367 2992 2440 tamen,
3052 2371 3135 2431 ob
3187 2369 3463 2430 debitam
3511 2387 3670 2431 sane

441 2448 790 2527 episcopali
825 2447 1116 2524 dignitati
1149 2447 1598 2527 reverentiam,
1637 2462 1886 2522 parcere
1919 2462 1989 2506 se
2023 2447 2347 2527 profitetur
2379 2449 2767 2525 Theologus.
2820 2449 2979 2509 Cum
3017 2449 3214 2526 igitur
3264 2455 3546 2524 tempora
3585 2452 3670 2510 ab

443 2524 588 2606 ipso
611 2524 917 2606 Gregorio
951 2531 1074 2587 tam
1108 2524 1366 2606 praise
1401 2532 1837 2606 secernautur,
1877 2525 2116 2584 nemini
2160 2525 2431 2606 dubium
2479 2524 2898 2602 esse’potest,
2951 2524 3108 2605 quin
3154 2529 3510 2606 necessario
3546 2528 3671 2589 du-

450 2602 594 2683 plex
613 2605 1074 2683 distinguenda
1094 2602 1188 2683 ,Sit
1232 2602 1672 2683 ngyptiorum
1707 2609 1938 2683 turma,
1970 2619 2113 2683 quae
2160 2604 2431 2683 diversis
2465 2606 2901 2682 temporibus,
2963 2602 3092 2666 non
3139 2605 3213 2666 ad
3267 2605 3667 2667 frumentum

443 2679 887 2745 advehendufn
937 2682 1213 2761 (nullam
1269 2679 1435 2761 enim
1481 2681 1581 2761 de
1606 2679 1906 2761 frumenti
1954 2680 2326 2761 advectione
2365 2679 2758 2746 mentionem
2801 2684 2946 2744 facit
2993 2684 3385 2761 Gregorius).
3421 2686 3534 2745 sed
3587 2689 3668 2746 ad

445 2763 706 2825 Maximi
741 2760 1202 2822 ordinationem
1248 2759 1716 2838 perficiendam,
1759 2758 2377 2838 ConstantinOpolim
2407 2765 2666 2837 appulsa
2701 2771 2819 2825 est.
2857 2765 2984 2824 Nec
3017 2758 3270 2823 movere
3305 2758 3418 2823 nos
3448 2763 3666 2834 debet,

439 2842 611 2918 quod
649 2858 678 2900 a
710 2839 1124 2918 Bollandistis
1153 2839 1216 2898 in
1249 2839 1543 2918 medium»
1566 2836 1902 2918 profertur,
1935 2836 2199 2918 scilicet,
2243 2839 2409 2910 618
2437 2841 2744 2903 Hermant
2785 2859 3129 2918 agnoscere
3163 2841 3306 2918 (ῐι9).
3356 2864 3383 2896 α
3415 2844 3667 2903 nullum

437 2913 873 2981 distinctionis
907 2916 1240 2994 vestigium
1275 2916 1337 2976 in
1375 2916 1583 2976 verbis
1612 2913 1898 2994 Gregorii
1933 2917 2222 2994 reperiri.
2257 2942 2286 2975 »
2339 2921 2407 2980 ω
2465 2919 2634 2978 enim
2657 2963 2674 2991 ,
2733 2929 2799 2982 ut
2825 2913 3138 2981 'observat
3171 2913 3666 2992 "l‘t'llemontius,

433 3017 504 3061 ac
554 2999 788 3077 cuique
846 2992 1110 3077 legenti;
1141 3011 1253 3072 per
1293 3011 1361 3054 se
1397 3002 1578 3077 patet,
1642 2992 2042 3077 librariorum
2081 3013 2257 3057 error
2297 3007 2415 3077 est,
2466 2997 2575 3074 qui
2635 2999 2849 3074 procul
2901 2999 3098 3060 dubio
3152 3020 3180 3052 κ
3215 2998 3592 3075 Gregorium
3631 3022 3664 3056 ι

436 3073 853 3154 scripserunt,
894 3077 1004 3136 ubi
1056 3075 1360 3154 Herm_ant
1411 3073 1858 3154 «Baronium»
1909 3074 2271 3154 scripserat.
2324 3073 2499 3137 Hinc
2539 3073 2764 3137 merito
2824 3077 3053 3154 conjici
3109 3073 3370 3151 potest;
3396 3077 3665 3148 primam

433 3149 878 3234 JEgjtptiorum
920 3161 1189 3234 turritam
1217 3149 1830 3234 ConstantipOpolim
1856 3151 2243 3234 advenisse,
2278 3164 2550 3216 exeunte
2592 3171 2761 3216 anno
2807 3149 3052 3216 379'vel
3090 3149 3357 3234 ineunte
3403 3155 3548 3230 380,
3604 3165 3667 3219 et

434 3229 689 3295 alteram
750 3248 969 3291 mense
1019 3231 1363 3308 Februario
1401 3229 1685 3305 ejusdem
1721 3229 1872 3290 anni
1915 3229 2055 3300 380,
2101 3231 2182 3290 ita
2225 3240 2292 3293 ut
2347 3234 2660 3293 Maximus
2703 3234 3059 3296 consecrari
3118 3233 3393 3308 potuerit
3444 3229 3667 3295 niense

431 3314 660 3376 Martio
698 3309 794 3371 vel
834 3309 1035 3385 Aprili
1085 3309 1234 3369 anni
1264 3307 1404 3369 380.
1443 3308 1698 3368 Constat
1732 3309 1925 3380 enim,
1963 3316 2030 3367 ut
2062 3309 2338 3371 vidimus
2375 3312 2440 3371 in
2496 3311 2744 3372 Monito
2784 3312 2848 3373 in
2901 3307 3253 3373 orationem
3293 3311 3662 3373 vicesimam

434 3401 702 3458 sextam,
738 3389 1082 3469 Maximum
1116 3387 1276 3447 circa
1325 3387 1628 3469 medium
1656 3403 1894 3446 annum
1926 3385 2044 3447 380
2083 3405 2117 3469 e
2149 3387 2698 3469 ConstantinOpoli
2733 3390 3002 3469 ejectum
3037 3389 3262 3450 fuisse.
3300 3389 3389 3450 Ex
3421 3391 3666 3468 quibus

435 3469 592 3531 nihil
629 3474 816 3548 vetat,
867 3467 1214 3548 quominus
1265 3480 1546 3525 mensem
1601 3465 2099 3548 Augustum_vel
2151 3467 2581 3548 Septembrem
2624 3465 2782 3548 anni
2810 3469 2927 3530 380
2963 3469 3389 3546 assiguemus,
3430 3465 3491 3528 i'n
3530 3486 3663 3548 quo

435 3546 860 3610 Alexandrina
887 3542 1109 3625 classis
1140 3543 1533 3625 frumentum
1567 3543 1915 3625 advehens,
1946 3542 2562 3625 Constantinoriolim
2595 3547 2860 3625 appulsa
2892 3542 3125 3620 fuerit;
3168 3563 3240 3606 ac
3294 3542 3568 3623 proinde'
3592 3549 3661 3608 in

425 3624 1000 3706 quo_pronuntiata
1032 3621 1223 3683 fuerit
1259 3622 1391 3682 ι]ωο
1425 3623 1648 3682 oratio.
1680 3621 1844 3706 Huic
1873 3622 2162 3706 epinioni
2201 3621 2387 3706 favet
2433 3621 2742 3686 frumenti
2775 3625 3130 3687 advehendi
3171 3621 3446 3704 tempus,
3483 3628 3659 3705 quod

434 3701 715 3782 profecto
757 3719 1030 3782 messem
1062 3711 1124 3762 et
1152 3708 1428 3761 restatem
1463 3702 1836 3782 antecedere
1870 3701 2266 3782 nondebuit.

510 3784 618 3844 ιν.
666 3780 862 3840 Nobis
899 3783 1243 3841 etiamnum
1277 3783 1572 3855 superest
1599 3787 1664 3838 ut
1695 3778 1878 3839 aliam
1913 3777 2444 3842 Bollandistarum
2474 3781 2910 3844 difficultatem
2941 3783 3288 3843 solvamus.
3341 3784 3439 3844 Sic
3485 3784 3659 3844 enim

425 3861 512 3922 de
546 3864 663 3922 hac
697 3859 987 3920 oratione
1017 3860 1429 3939 pronuntiant
1459 3857 1583 3933 (50)
1615 3879 1630 3915 :
1663 3857 1829 3939 {Est
1861 3875 1929 3939 ea
1963 3857 2163 3939 oratio
2193 3876 2372 3939 xxiv,
2406 3861 2504 3931 cui
2541 3861 2764 3921 titulus
2805 3883 2821 3923 :
2857 3862 2935 3922 In
2968 3860 3408 3939 Egyptiorum
3439 3861 3665 3922 adven-

429 3948 564 4000 tum
599 3959 620 4000 :
656 3955 845 4016 quam
884 3956 996 4000 cur
1018 3935 1222 4016 aliqui
1260 3936 1453 4016 velint
1489 3943 1628 4011 post
1659 3935 1918 4016 Maximi
1953 3935 2420 4016 ordinationem
2455 3939 2685 3998 dictam
2709 3984 2727 4013 ,
2777 3940 2947 4002 nulla
2984 3935 3243 4016 apparet
3273 3941 3472 4007 ratio;
3509 3957 3659 4002 cum

432 4013 970 4096 absurdissimum
1009 4016 1092 4075 sit
1128 4013 1221 4075 vel
1256 4014 1533 4096 cogitare
1561 4058 1578 4085 ,
1632 4014 1800 4096 quod
1835 4020 1976 4096 tam
2027 4013 2280 4096 prolixa
2308 4014 2779 4096 laudatioPetri
2822 4013 3098 4096 potuerin
3148 4036 3222 4078 ex
3273 4018 3658 4079 Nazianzeni

432 4113 545 4157 ore
596 4095 926 4173 proﬁcisci,
958 4101 1101 4173 post
1139 4101 1260 4153 tam
1301 4091 1617 4173 insignem
1657 4091 1952 4173 in_juri_am
1984 4093 2061 4173 ab
2098 4109 2174 4173 eo
2216 4092 2448 4173 illatam
2484 4093 2608 4156 sibi
2658 4104 2720 4157 et
2749 4091 3068 4158 Ecclesiae.
3096 4119 3126 4152 »
3163 4096 3408 4158 Siccine
3443 4097 3661 4158 debita

430 4169 717 4251 Gregorii
752 4169 1036 4251 charitati
1073 4172 1207 4231 laus
1241 4169 1666 4251 persolvitur?
1696 4169 1944 4251 Siccine
1987 4169 2147 4251 Petri
2185 4172 2609 4251 poenitentiae,
2643 4191 2821 4251 quae,
2871 4174 3219 4236 fatentibus
3248 4175 3659 4247 adversariis,

432 4248 780 4332 probabilis
811 4250 1085 4332 videtur,
1121 4265 1365 4332 merces
1400 4249 1741 4323 penditur?
1791 4249 1992 4332 Quam
2041 4248 2413 4332 longissime
2446 4269 2478 4311 a
2517 4248 3000 4332 nobi’sidistant,
3036 4253 3329 4332 quitalia
3368 4251 3659 4330 loquun-

430 4326 570 4392 turl
613 4329 788 4392 Licet
825 4330 994 4391 enim
1027 4327 1295 4388 dubium
1331 4333 1522 4407 esset,
1579 4336 1788 4386 utrum
1823 4327 2041 4386 Petrus
2070 4326 2582 4407 Alexandrinus,
2631 4331 2878 4407 publica
2913 4326 3466 4403 reconciliatione,
3509 4349 3662 4393 cum

429 4410 741 4487 Gregorio
795 4408 863 4468 in
923 4407 1181 4488 gratiam
1239 4402 1516 4488 redierit,
1564 4411 1838 4464 attamen
1887 4413 2126 4465 tantum
2163 4405 2362 4488 abest,
2414 4417 2480 4488 ut
2539 4402 2829 4488 «prolixa
2868 4411 3040 4488 Petri
3097 4402 3449 4479 laudatio,»
3513 4427 3663 4488 quae

430 4483 826 4550 adversarios
861 4483 1174 4563 priecipue
1209 4491 1441 4554 movet,
1497 4483 1718 4542 innuat
1760 4490 2032 4563 tempus,
2078 4485 2247 4560 quod
2295 4485 2554 4545 Maximi
2593 4483 3070 4548 ordinationem
3121 4483 3548 4562 praecesserit,
3592 4495 3663 4548 ut

430 4575 646 4628 contra
702 4562 872 4625 inde
915 4563 1409 4632 concludamus,
1463 4568 1836 4640 eagtempus
1893 4562 2296 4640 subsequens
2351 4563 2698 4640 designari.
2758 4563 3014 4625 Constat
3064 4567 3231 4624 enim
3298 4564 3657 4625 Maximum

429 4641 1156 4719 ConstantinOpolitanaa
1190 4640 1360 4719 sedis
1390 4655 1504 4719 spe
1535 4638 1875 4719 dejectuui,
1937 4638 2144 4719 ipsum
2178 4641 2435 4702 Petrum
2468 4638 2548 4703 ex
2580 4641 2812 4703 throno
2852 4643 3284 4703 Alexandrino
3316 4644 3660 4706 exturbare

429 4741 502 4786 ac
541 4722 817 4800 dejicere
864 4716 1378 4800 'praesumpsisse.
1441 4717 1576 4800 Non
1628 4717 1818 4800 igitur
1842 4738 1884 4800 χ(
1907 4716 2332 4800 absurdum,»
2373 4725 2438 4778 ut
2487 4721 2710 4800 volunt
2770 4721 3197 4792 Bollandistze,
3259 4721 3388 4800 imo
3443 4722 3660 4796 potius

428 4794 781 4864 verisimile
811 4794 929 4868 est,
960 4815 1030 4858 ac
1065 4794 1400 4873 utriusque
1429 4794 1730 4876 antistitis
1767 4795 2071 4869 religione
2117 4795 2407 4876 dignum,
2455 4799 2719 4875 expulso
2758 4817 2792 4859 a
2828 4800 3120 4876 praefecto
3155 4815 3228 4876 ex
3267 4794 3659 4861 Alexandria

427 4880 741 4950 Maximo,
784 4878 1036 4936 Petrum
1071 4872 1347 4954 errorem
1402 4875 1766 4954 agnovisse,
1815 4883 1875 4934 et
1917 4889 2060 4934 cum
2103 4872 2431 4954 Gregorio
2459 4872 2842 4954 in'gratiam'
2877 4876 3166 4936 rediisse.
3200 4875 3264 4935 ld
3304 4876 3532 4936 merito
3576 4897 3657 4937 ex

430 4957 724 5034 religiosa
759 4971 1005 5022 eorum,
1044 4953 1156 5032 qui
1184 4951 1575 5034 frumentum
1608 4951 2024 5034 advexerant,
2056 4952 2281 5028 agendi
2324 4951 2959 5034 rationeconjicitur.
2995 4955 3658 5034 Praeterea,qu_amvis

327 5039 331 5042 ’
426 5029 666 5096 incerta
703 5051 801 5095 res
832 5041 1027 5100 esset,
1060 5029 1185 5110 non
1213 5031 1410 5110 inde,
1435 5036 1838 5108 sequeretur,
1870 5029 2122 5110 Petrum
2175 5046 2300 5110 non
2348 5033 2633 5107 potuisse
2669 5029 3050 5110 a'Gregorio
3109 5029 3392 5092 laudari.
3427 5032 3658 5093 Petrus

429 5113 627 5181 enim.
682 5111 802 5175 etsi
845 5111 910 5169 in
964 5109 1223 5170 Maximi
1263 5107 1874 5186 gratiamadversus
1933 5107 2305 5183 Gregorium
2369 5111 2742 5183 peccaverit,
2801 5107 3008 5187 magni
3056 5121 3259 5170 tamen
3317 5110 3662 5170 Athanasii

427 5190 731 5253 doctrina)
763 5204 1019 5266 semper
1046 5187 1417 5266 adhaeserat,
1456 5203 1706 5266 semper
1753 5187 2137 5266 Arianorum
2194 5196 2399 5260 partes
2453 5197 2870 5264 Oppugnarat,
2920 5204 3173 5263 semper
3223 5188 3541 5266 integrum
3585 5206 3659 5249 ac

427 5270 746 5329 incolume
790 5264 934 5328 ﬁdei
985 5267 1145 5326 circa
1194 5264 1569 5325 Trinitatem
1626 5265 2355 5343 depositumservarat,
2413 5276 2603 5343 atque
2650 5269 2791 5327 ideo
2837 5268 2984 5342 jure
3037 5265 3278 5325 laudari
3323 5267 3531 5341 potuit
3585 5285 3660 5327 ac

428 5347 671 5409 debuit.
718 5348 793 5408 Et
849 5345 1079 5422 posito,
1113 5343 1286 5422 quod
1321 5344 1522 5420 ipsius
1559 5360 1699 5404 cum
1750 5341 2055 5418 Gregorio
2089 5341 2522 5404 reconciliatio
2566 5346 2780 5421 ignota
2827 5341 2923 5404 Vel
2965 5346 3136 5404 nulla
3169 5343 3384 5418 fuerit,
3421 5346 3656 5420 praedi-

497 5515 608 5586 (47)
633 5514 766 5568 Crit.
794 5515 849 5568 in
880 5511 991 5567 Bar
1059 5531 1110 5569 n.
1146 5514 1215 5567 24
1239 5523 1290 5570 et
1318 5529 1493 5583 seqq.,
1517 5528 1642 5582 pag.
1677 5511 1800 5577 479,
1851 5526 1986 5566 nova
2164 5512 2272 5581 (49)
2303 5512 2456 5586 (ξτες).
2485 5514 2629 5586 eum,
2670 5520 2708 5564 t.
2743 5510 2803 5573 ll,
2838 5526 2888 5577 p.
2919 5508 3038 5586 18_8.

424 5579 548 5638 Bar.
576 5579 662 5641 ed.
1395 5579 1447 5583 ””
1520 5579 1536 5582 ’
1598 5579 1614 5581 ἡ
2165 5579 2274 5655 (50)
2304 5583 2455 5652 Greg.
2502 5583 2626 5648 Vin,
2664 5593 2772 5636 not.
2800 5598 2850 5644 e,
2880 5597 2933 5649 p.
2967 5579 3092 5632 406.

496 5656 606 5726 (48)
639 5655 702 5711 Τ.
737 5652 828 5718 Ix,
861 5668 913 5724 p.
949 5653 1069 5708 m.
