3910 6214
446 436 555 495 265
1644 444 1701 501 S.
1747 443 2016 504 GREGOB

2128 445 2204 501 ΙἮ
2212 442 2460 505 Εοιοαι
3573 454 3687 514 ΞΗ

444 552 561 611 non
584 555 741 625 panis
784 556 1009 627 famem,
1050 566 1144 616 aut
1177 575 1330 634 aqua
1366 563 1515 619 sitim
1562 566 1786 632 curatis,
1818 567 2014 637 quibus

2128 570 2344 624 ἀκοῦσαι
2367 570 2527 639 λόγου
2567 568 2680 643 (58)
2708 570 2935 642 Κυρίου,
2956 568 3013 625 ὅν
3042 569 3139 625 καὶ
3185 570 3415 642 πάσχειν
3452 570 3678 629 ἐλεεινό-

440 661 547 735 nee
585 651 761 718 premi
812 652 1100 710 admodum
1144 670 1308 724 grave
1347 665 1450 724 est,
1484 666 1540 713 et
1566 657 1759 714 iisdem
1806 660 2013 715 mederi

2128 676 2299 725 τατον,
2354 660 2451 714 καὶ
2482 660 2804 733 θεραπεύειν
2860 658 2956 716 νῦν
3002 659 3435 733 ὲργωδέστατονο
3494 661 3689 735 ἐπειδὴ

438 732 638 806 facile;
661 740 756 797 sed
771 740 969 799 famem
996 745 1253 802 audiendi
1280 748 1504 805 verbum
1521 749 1734 815 Domini
1756 751 1825 816 ⁸⁸,
1847 765 2011 822 quam

2128 750 2433 823 ἐπληθύνθη
2454 755 2489 824 ἠ
2520 753 2741 825 ἀνομία,
2771 753 2866 808 καὶ
2898 732 3109 822 ὀλίγους
3140 754 3379 827 εὑρίσκω
3405 754 3531 820 τοὺς

441 836 497 881 et
525 829 636 897 pati
662 832 1029 891 miserrimum
1048 878 1064 905 ,
1100 846 1155 893 et
1185 854 1381 896 curare
1417 842 1524 898 hoc
1556 850 1796 913 tempore
1821 856 2010 912 perar-

2128 844 2267 908 rlouc
2290 845 2495 917 ταύτης
2523 844 2876 917 θεραπευτάς.
2938 838 2939 841 “

381 1002 389 1007 _
441 918 610 1064 digim
637 930 692 978 et
720 926 1029 993 perdiliicile
1052 946 1065 992 ;
1091 930 1342 996 quoniam
1372 931 1664 988 abundavit
1697 934 1957 1004 iniquitas
1985 933 2060 1002 ",
2102 950 2167 990 ac
2199 938 2399 1006 paucos
2444 937 2677 1006 reperio,
2716 937 2806 1006 qui
2834 950 2961 992 vere
2998 951 3063 992 ae
3091 936 3232 991 bona
3264 934 3367 992 lide
3390 935 3520 991 huic
3549 933 3685 991 fami

440 1023 494 1063 m
567 1022 782 1064 cantur.

440 1022 782 1070 nneaeantur.

513 1101 607 1158 III.
643 1104 790 1161 Talis
820 1110 1099 1165 enimvero
1139 1120 1255 1166 erat
1286 1111 1509 1183 Josepb,
1545 1116 1890 1187 dispensator
1919 1136 2013 1176 ve-

2185 1119 2257 1171 l".
2288 1117 2541 1181 Τοιοῦτος
2593 1114 2787 1187 Ἰωσὴφ
2831 1116 2861 1168 ό
2905 1113 3166 1186 ὑμέτερος
3191 1115 3512 1186 σιτομέτρης
3540 1114 3681 1185 (59),

442 1200 575 1261 ster,
613 1209 678 1252 ac
706 1198 931 1266 proinde
967 1211 1021 1257 et
1068 1211 1272 1267 noster,
1315 1205 1408 1275 qui
1454 1217 1507 1261 et
1538 1222 1639 1276 pro
1682 1210 1878 1264 eximia
1915 1226 2011 1267 sua

2128 1207 2309 1261 ταυτὸν
2336 1207 2395 1260 δὲ
2423 1208 2599 1259 εἰπεῖν
2650 1206 2745 1257 καὶ
2791 1203 3080 1275 ἡμέτερος,
3126 1203 3186 1267 ὃς
3223 1205 3316 1258 καὶ
3357 1204 3689 1276 προόλέπειν

440 1285 701 1353 sapientia
744 1289 944 1346 lamem
1006 1296 1312 1365 prospicere
1372 1308 1552 1364 norat,
1578 1309 1632 1354 et
1672 1302 1903 1357 consilio
1950 1320 2013 1358 ac

2128 1298 2229 1368 ᾔδει
2255 1296 2411 1367 λιμὸν
2436 1295 2540 1349 ὑπὸ
2580 1296 2772 1365 σοφίας
2820 1293 3264 1366 ύπερὸαλλούσης
3299 1293 3433 1366 (60),
3466 1295 3560 1348 καὶ
3591 1294 3688 1348 θε-

440 1379 732 1447 prudentia
774 1398 999 1449 curare,
1047 1387 1386 1455 perpulehris
1442 1389 1696 1445 nimirum
1736 1404 1791 1447 et
1830 1394 2013 1449 obesis

2128 1388 2374 1442 nnadew
2422 1388 2602 1457 λόγοις
2635 1387 2971 1458 οἰκονομίας,
3022 1390 3140 1451 ταῖς
3172 1387 3363 1451 καλαῖς
3387 1386 3496 1439 τῶν
3544 1385 3688 1457 βοῶν

439 1467 638 1538 bobus,
662 1470 935 1528 deformes
961 1488 1027 1529 ae
1055 1477 1227 1531 macie
1255 1476 1530 1533 confectas
1558 1494 1778 1537 sanans.
1805 1484 1870 1535 Et
1887 1483 2012 1550 qui-

2128 1481 2210 1534 καὶ
2242 1480 2408 1545 πίοσι,
2447 1480 2544 1542 τὰς
2576 1479 2806 1551 αἱσχράς
2847 1481 2940 1533 καὶ
2995 1480 3264 1550 ἀτρόφους
3298 1477 3541 1550 ἰώμενος.
3570 1478 3689 1532 Καὶ

441 1561 562 1615 dem
591 1565 861 1621 utrumvis
888 1563 1085 1637 Ioseph
1115 1568 1415 1639 intelligere
1437 1571 1691 1638 volueris,
1726 1572 1838 1627 sive
1860 1574 2009 1628 illum

2129 1571 2324 1643 Ἰωσὴφ
2348 1572 2610 1643 ὁπότερον
2626 1570 2804 1641 βούλει
2831 1570 3149 1640 λαμϐάνειν,
3175 1570 3283 1624 εἴτε
3306 1570 3395 1623 τὸν
3414 1570 3515 1640 τῆς
3543 1569 3686 1623 ἀθαο

441 1651 869 1713 immortalitatis
908 1668 1207 1714 amatorem
1260 1670 1315 1715 et
1357 1660 1688 1729 eﬂ‘ectorem,
1714 1671 1767 1718 et
1811 1679 2008 1719 nomen

2128 1662 2302 1726 κασίας
2350 1663 2585 1734 ἐραστὴν
2628 1659 2760 1732 (61),
2807 1661 2900 1714 καὶ
2928 1661 3277 1732 δημιουργὸν,
3331 1661 3425 1714 καὶ
3468 1659 3688 1714 ἐπώνυ-

441 1740 735 1809 ferentem;
766 1746 882 1801 sive
934 1746 1102 1814 illius,
1136 1758 1191 1803 et
1233 1750 1286 1803 in
1335 1750 1532 1805 throno
1563 1759 1620 1805 et
1652 1751 1708 1806 in
1739 1751 2005 1819 doctrina,

2128 1771 2214 1821 κον
2244 1751 2355 1824 (62)
2378 1770 2392 1783 ’
2424 1752 2533 1805 εἴτε
2563 1752 2657 1807 τὸν
2691 1752 2898 1806 ἐκείνου
2934 1755 3028 1805 καὶ
3056 1753 3248 1823 θρόνῳ,
3278 1753 3372 1806 καὶ
3399 1752 3560 1823 λόγῳ,
3585 1751 3687 1806 καὶ

441 1840 496 1884 et
515 1831 568 1886 in
594 1834 795 1889 canitie
816 1852 1212 1908 successorem,
1239 1856 1462 1906 novum,
1494 1842 1736 1913 inquam,
1767 1855 2013 1899 nostrum

2128 1843 2275 1914 πολιᾷ
2305 1842 2568 1913 διάδοχον,
2596 1842 2688 1895 τὸν
2719 1843 2839 1897 νέον
2864 1843 3069 1915 Πέτρον
3103 1845 3254 1914 ἡμῖν,
3278 1842 3375 1913 οὐχ
3402 1838 3565 1913 ἦττον
3581 1840 3687 1912 τὴν

441 1919 685 1990 Petrum,
714 1940 823 1980 non
852 1928 1034 1983 minus
1062 1928 1259 1985 virtute
1285 1946 1446 1999 quam
1473 1933 1688 1987 nomine
1714 1952 1726 1987 :
1761 1949 1790 1987 a
1814 1936 2010 2004 quibus

2128 1935 2333 2008 iper'hv,
2363 1935 2517 2007 ῆτὴν
2549 1935 2744 2005 κλῆσιν
2770 1952 2783 1965 ·
2825 1936 2914 2003 ὑφ’
2953 1928 3027 1988 ὧν
3048 1936 3108 1989 τὸ
3135 1936 3295 2006 μέσον
3325 1933 3559 2006 ἐξεκόπη
3589 1934 3688 1988 καὶ

442 2012 499 2068 id
524 2013 671 2083 quod
703 2017 938 2072 medium
966 2017 1085 2085 fuit,
1115 2021 1359 2076 excisum
1397 2033 1451 2077 et
1476 2025 1768 2079 contritum
1793 2037 1897 2091 est,
1933 2036 2011 2079 ta-

2128 2026 2424 2099 ιυνετρίὸη,
2463 2027 2565 2079 κᾶν
2594 2025 2676 2078 ἔτι
2709 2024 3047 2098 σπαιρῃ(65)
3077 2026 3248 2096 μικρά
3266 2042 3324 2077 τε
3346 2025 3440 2079 καὶ
3459 2024 3685 2092 ἀσθενῆ,

445 2106 606 2161 metsi
643 2108 918 2177 paululum
962 2111 1140 2167 adhuc
1172 2123 1226 2167 et
1256 2114 1526 2181 languide.
1562 2116 1709 2170 velut
1748 2118 2013 2186 serpentis

445 2195 686 2253 intercisi
724 2200 918 2266 cauda,
948 2203 1170 2272 palpitet
1197 2224 1211 2258 :
1238 2220 1463 2274 quorum
1503 2207 1638 2263 alter
1675 2210 1727 2262 in
1754 2211 1893 2264 bona
1922 2225 2011 2265 se-

445 2297 660 2346 nectute
703 2299 824 2362 post
850 2294 1049 2351 multas
1086 2297 1462 2355 dimicationes
1505 2310 1558 2355 et
1596 2300 1871 2369 palatstras
1900 2303 2010 2356 vita

445 2380 748 2451 defunctus,
780 2400 924 2441 nune
971 2402 1058 2442 res
1105 2398 1343 2452 nostras,
1379 2402 1438 2445 ut
1465 2406 1782 2462 persuasum
1816 2395 2009 2460 habeo,

446 2470 659 2529 cmlitus
683 2473 918 2543 inspicit,
951 2492 1016 2532 ae
1050 2478 1264 2534 virtutis
1306 2495 1467 2536 causa
1497 2482 1869 2538 laborantibus
1894 2498 2012 2536 ma-

445 2576 574 2619 num
616 2564 862 2635 porrigit,
893 2580 1065 2637 eoque
1103 2571 1292 2641 magis,
1320 2572 1462 2641 quod
1501 2574 1741 2642 corporis
1786 2574 2013 2630 vinculis

445 2651 705 2711 liberatus
742 2666 859 2724 est;
886 2659 1022 2718 alter
1055 2677 1179 2716 vero
1212 2662 1278 2718 ad
1309 2663 1557 2719 eumdem
1588 2665 1715 2720 vita:
1745 2666 1902 2720 linem
1922 2674 2014 2720 aut

445 2746 854 2814 resolutionem,
905 2760 1027 2820 post
1072 2755 1259 2808 eadem
1310 2755 1604 2809 certamina
1659 2765 1932 2826 properat,
1962 2766 2016 2812 et

445 2836 715 2893 caelitibus
762 2841 979 2908 quidem
1028 2844 1138 2913 jam
1196 2847 1532 2916 propinquus
1584 2858 1697 2912 est;
1759 2858 2012 2905 caeterum

444 2929 706 2986 hactenus
737 2933 909 2988 adhuc
943 2935 996 2989 in
1036 2952 1198 2992 carne
1223 2948 1483 3005 versatur,
1515 2949 1573 2994 ut
1611 2941 1734 2996 fidei
1761 2943 2016 2997 doctrinae

444 3028 769 3088 postremam
818 3038 972 3094 opem
1014 3025 1172 3095 ferat,
1204 3044 1267 3083 ac
1298 3044 1417 3083 cum
1464 3032 1706 3101 ampliori
1745 3043 1799 3088 et
1830 3033 2013 3102 copio-

445 3111 580 3167 siori
610 3114 806 3171 viatico
839 3116 940 3170 iter
969 3128 1234 3187 capessat.

514 3201 606 3258 Ν.
636 3202 751 3259 Vos
774 3207 905 3262 estis
932 3206 1133 3262 alumni
1178 3218 1232 3265 et
1262 3213 1473 3267 suboles
1513 3212 1721 3268 illorum
1756 3224 2010 3284 prmstan-

446 3290 584 3345 tium
621 3294 861 3349 veritatis
905 3295 1206 3363 doctorum,
1240 3308 1295 3355 et
1340 3312 1809 3372 propugnatorum,
1836 3316 1889 3359 et
1931 3306 2011 3359 vi—

447 3393 656 3441 ctorum
684 3404 699 3451 ;
739 3400 873 3454 quos
904 3402 1010 3443 non
1042 3396 1269 3459 tempus,
1303 3406 1407 3446 non
1454 3392 1720 3461 princeps,
1747 3409 1851 3448 non
1894 3410 2007 3448 ser-

447 3487 561 3539 mo,
585 3490 691 3528 non
721 3475 940 3543 invidia,
967 3493 1071 3533 non
1099 3490 1291 3545 metus,
1316 3497 1418 3537 non
1444 3494 1741 3550 accusator,
1780 3499 1886 3539 nou
1918 3500 2009 3538 ea-

448 3562 763 3630 lumniator,
789 3581 894 3621 non
930 3568 1126 3623 bellum
1156 3580 1339 3639 aperte
1370 3571 1628 3636 inferens,
1664 3588 1769 3629 non
1797 3574 2014 3630 clande-

449 3654 621 3711 stinas
656 3656 877 3711 insidias
910 3665 1146 3725 struens,
1180 3674 1284 3713 non
1315 3660 1368 3715 iu
1415 3662 1647 3729 speciem
1677 3671 1877 3729 noster,
1906 3679 2011 3718 non

450 3746 682 3812 alienus,
698 3763 804 3804 non
828 3765 1038 3814 aurum,
1062 3752 1302 3807 occultus
1324 3753 1409 3808 ille
1432 3764 1708 3825 tyrannus,
1738 3770 1832 3825 per
1854 3741 2026 3827 quem.

451 3852 597 3893 nunc
622 3840 783 3911 621
816 3840 978 3895 multa
1017 3859 1230 3898 sursum
1272 3845 1650 3915 deorsumque,
1679 3846 1822 3901 velut
1848 3848 1902 3901 in
1933 3857 2016 3900 ta-

449 3926 625 3982 lorum
678 3929 823 3997 ludo,
866 3930 1157 3997 jactantur,
1197 3948 1302 3990 non
1335 3933 1626 4000 blanditia,
1677 3951 1779 3991 non
1835 3938 2013 4002 mina),

451 4036 559 4075 non
581 4021 769 4077 exsilia
786 4062 802 4088 ,
826 4031 882 4077 et
902 4024 1067 4078 multa
1090 4034 1144 4079 et
1165 4026 1414 4081 diuturna
1443 4028 1562 4096 (soli
1585 4027 1727 4081 enim
1755 4027 2015 4082 bonorum

451 4113 833 4183 proscriptioni
885 4114 938 4169 in
974 4129 1067 4170 eos
1099 4125 1316 4185 propter
1371 4131 1595 4187 magna;
1640 4119 1756 4173 illas
1784 4120 2016 4184 divitias,

454 4203 561 4259 hoc
600 4213 705 4271 est,
734 4205 993 4275 inopiam,
1025 4208 1157 4263 nihil
1201 4208 1396 4281 licuit),
1431 4225 1536 4264 non
1571 4210 1716 4265 aliud
1746 4212 2017 4281 quidpiam

455 4296 755 4352 absentium
784 4305 877 4350 aut
907 4299 1273 4367 praesentium,
1300 4309 1390 4354 aut
1416 4300 1469 4353 in
1498 4302 1898 4369 exspectatione
1922 4317 2019 4372 po-

456 4389 705 4455 sitorum,
735 4389 947 4450 extulit,
973 4398 1067 4444 aut
1114 4391 1380 4445 adducere
1422 4394 1612 4461 potuit,
1647 4403 1706 4447 ut
1726 4394 2021 4451 deteriores

2110 2118 2363 2188 καθάπερ
2394 2117 2456 2170 τὸ
2505 2117 2724 2187 οὐραῖον
2762 2116 3114 2180 διακοπέντος
3150 2115 3241 2169 τοῦ
3283 2115 3459 2186 ὄφεως
3481 2131 3496 2145 ·
3546 2108 3623 2169 ὧν
3652 2116 3688 2167 ὁ

2114 2210 2210 2280 μὲν
2243 2211 2302 2263 ἐν
2334 2210 2484 2280 γήρᾳ⁵
2513 2208 2665 2278 καλῷ
2712 2208 3022 2273 καταλύσας
3053 2208 3144 2262 τὸν
3186 2208 3299 2280 βίον
3346 2208 3439 2261 ἐπὶ
3467 2206 3688 2269 πολλοῖς

2112 2304 2223 2364 τοῖς
2254 2301 2602 2371 ἀγωνίσμασι
2628 2300 2722 2353 καὶ
2744 2299 3077 2371 ἀθλήμασιν,
3108 2299 3312 2355 ἀνωθεν
3367 2298 3683 2363 ἐποπτεύει,

2111 2384 2169 2441 εὖ
2193 2383 2331 2452 οἴδα,
2366 2387 2460 2442 νῦν
2486 2388 2553 2441 τά
2576 2386 2840 2457 ἡμέτερα,
2869 2389 2963 2440 καὶ
2994 2391 3151 2457 χεῖρα
3197 2387 3376 2457 ὀρέγει
3396 2390 3510 2449 τοῖς
3540 2386 3690 2457 ὑπὲρ

2109 2478 2204 2532 τοῦ
2255 2477 2423 2533 καλοῦ
2484 2478 2775 2549 κάμνωσι,
2831 2479 2926 2532 καὶ
2970 2478 3112 2550 τόσῳ
3144 2477 3343 2548 μᾶλλον
3365 2519 3381 2544 ,
3418 2478 3528 2547 ὅσῳ
3568 2466 3689 2531 τῶν

2110 2570 2326 2642 δεσμῶν
2353 2572 2500 2624 ἐστιν
2528 2569 2840 2640 ὲλεύθερος’
2868 2571 2897 2623 ὁ
2923 2569 2980 2622 δὲ
3016 2569 3108 2622 ἐπὶ
3130 2568 3228 2639 τὴν
3251 2568 3419 2640 αὐτὴν
3447 2567 3689 2621 κατάλυε-

2114 2680 2197 2717 σιν
2254 2663 2389 2733 (64),
2423 2662 2457 2733 ἦ
2504 2661 2782 2726 ἀνάλυσιν,
2842 2661 2934 2715 ἐπὶ
2984 2661 3098 2724 τοῖς
3125 2661 3305 2723 αὐτοῖς
3341 2659 3521 2722 ἄθλοις
3564 2657 3687 2730 (63)

2111 2753 2409 2822 ἐπείγεται,
2445 2754 2540 2808 καὶ
2572 2752 2862 2825 πλησιάζει
2918 2753 3015 2824 μὲν
3048 2752 3147 2823 ἤδη
3200 2754 3312 2815 τοῖς
3338 2753 3468 2818 ἄνω,
3499 2750 3689 2804 τοσοῦ-

2110 2862 2201 2898 τον
2223 2844 2280 2897 δὲ
2317 2844 2454 2915 μετά
2479 2845 2578 2916 τῆς
2609 2844 2811 2916 σαρκός
2841 2845 2986 2896 ἐστιν
3009 2842 3110 2906 ἑτι,
3137 2843 3259 2895 ὅσον
3305 2840 3566 2913 βοηθῆσαι
3604 2839 3691 2910 τῷ

2112 2935 2254 3006 λόγῳ
2284 2936 2351 2989 τά
2377 2935 2686 2999 τελευταῖα,
2717 2934 2811 2988 καὶ
2855 2935 2954 3006 τῆς
3002 2933 3123 2987 ὁδοῦ
3149 2932 3401 3002 γενέσθαι
3432 2931 3567 3003 μετά
3596 2931 3692 2985 δαο

2112 3028 2445 3098 ψιλεστέρων
2481 3026 2589 3079 τῶν
2630 3026 2870 3096 ἐφοδίων.

2182 3204 2255 3258 Δ’.
2283 3204 2498 3258 Τούτων
2528 3204 2687 3275 ὑμεῖς
2722 3203 3013 3274 θρέμματα
3069 3203 3162 3256 καὶ
3194 3201 3551 3273 προϐλήματα
3573 3200 3692 3255 τῶν

2117 3298 2387 3370 μεγάλων,
2419 3297 2513 3352 καὶ
2544 3294 2941 3367 δογματιστῶν,
2965 3296 3059 3349 καὶ
3083 3294 3397 3364 ἀγωνιστῶν
3424 3294 3525 3364 τῆς
3548 3294 3678 3366 ἀλη-

2114 3390 2285 3455 θείας,
2321 3389 2417 3443 κα).
2447 3387 2682 3460 νικητῶν
2705 3405 2718 3419 ·
2748 3385 2843 3450 οὒς
2868 3387 2928 3439 οὐ
2952 3386 3162 3458 καιρὸς,
3193 3387 3254 3439 οὐ
3285 3386 3573 3458 δυνάστης.
3622 3386 3691 3439 οὐ

2114 3482 2291 3550 λόγος,
2330 3481 2392 3534 οὐ
2437 3480 2648 3549 φθόνος,
2694 3477 2755 3531 οὐ
2801 3477 2985 3546 φόϐος,
3006 3478 3065 3531 οὐ
3092 3478 3413 3549 κατήγορος,
3437 3478 3499 3530 ού
3526 3493 3691 3530 συκο-

2116 3574 2342 3644 φάντης,
2369 3572 2430 3625 οὐ
2467 3571 2717 3644 φανερῶς
2761 3569 3035 3641 πολεμῶν,
3069 3569 3130 3622 οὐ
3164 3568 3434 3636 λαθραίως
3461 3567 3688 3621 ἐπιδου-

2114 3666 2308 3729 λεύων,
2358 3664 2456 3734 οὐχ
2481 3664 2748 3733 ἡμέτερος
2776 3662 2854 3734 τῷ
2900 3662 3097 3723 δοκεῖν,
3154 3661 3254 3714 οὐκ
3291 3659 3587 3731 ἀλλότριος,
3622 3659 3692 3712 οὐ

2117 3755 2334 3829 χρυσὸς,
2367 3757 2396 3808 ό
2418 3756 2631 3825 ἀφανὴς
2660 3755 2944 3826 τύραννος,
2974 3747 3017 3821 ᾧ
3045 3752 3142 3807 νῦν
3187 3752 3255 3806 τά
3282 3751 3451 3805 πολλὰ
3482 3753 3691 3824 μεταρ-

2119 3848 2365 3918 ρίπτεται
2389 3846 2486 3899 καὶ
2520 3845 2863 3913 πεττεύεται,
2896 3847 2955 3899 οὐ
2988 3845 3411 3917 θεραπεῖαι,ούκ
3442 3843 3688 3906 ἀπειλαὶ,

2117 3938 2216 3991 οὐκ
2262 3936 2465 4008 ὲξορίαι
2517 3936 2724 4007 μακραί
2747 3953 2807 3988 τε
2836 3936 2930 3989 καὶ
2964 3934 3360 4006 ἀριθμούμεναι
3404 3932 3689 4004 (δημεύσει

2118 4027 2227 4097 γάρ
2258 4025 2358 4079 οὐκ
2380 4025 2626 4094 ὲγένοντο
2661 4026 2819 4097 μόνον
2851 4024 3067 4090 ἀλωτοὶ,
3091 4023 3178 4077 διὰ
3205 4024 3295 4076 τὸν
3325 4023 3497 4093 μέγαν
3521 4022 3693 4077 πλοῦ-

2117 4136 2230 4181 τον,
2254 4118 2353 4189 τὴν
2376 4114 2809 4189 ἀκτημοσύνην),
2833 4116 2934 4169 ούκ
2959 4114 3084 4169 ἀλλο
3106 4114 3256 4168 οὐδὲν
3278 4114 3388 4168 τῶν
3416 4114 3690 4181 ἀπόντων,

2119 4210 2153 4280 ἢ
2185 4208 2295 4262 τῶν
2324 4208 2628 4280 παρόντων,
2656 4208 2688 4278 ἢ
2710 4206 2822 4260 τῶν
2839 4206 3303 4278 προσδοκωμένων
3323 4205 3546 4276 ἐπῆρεν,
3566 4207 3696 4260 οὐδὲ

2120 4299 2373 4353 ἀνέπεισε
2425 4301 2637 4371 χείρους
2690 4296 2963 4366 γενέσθαι,
3017 4296 3109 4349 καὶ
3151 4294 3441 4366 προδοῦναί
3486 4311 3540 4347 τι
3587 4294 3696 4366 τῆς

2122 4392 2369 4464 Τριάδος,
2406 4392 2498 4444 καὶ
2532 4389 2876 4461 ζημιωθῆναι
2908 4387 3139 4457 θεότητα
3187 4385 3319 4457 (66).
3368 4385 3699 4439 Τούναντίον

455 4475 673 4544 ﬁerent,
697 4492 760 4532 ac
786 4477 853 4533 de
881 4477 1144 4533 Trinitate
1173 4478 1374 4548 aliquid
1411 4481 1720 4548 proderent,
1743 4490 1797 4537 et
1828 4482 2016 4537 divini-

2128 4484 2224 4555 μὲν
2248 4479 2340 4537 οὖν
2377 4481 2730 4554 ὲρῤώσθησαν
2761 4483 2872 4545 τοῖς
2899 4479 3182 4542 κινδύνοις,
3232 4478 3327 4531 κα).
3351 4476 3698 4546 φιλοτιμότε-

454 4569 587 4623 tatis
605 4568 868 4637 iacturam
897 4569 1153 4624 facerent.
1185 4570 1292 4623 lmo
1315 4580 1525 4635 contra,
1555 4586 1621 4626 ex
1650 4571 1782 4641 ipsis
1806 4573 2019 4641 pericu-

457 4660 525 4715 lis
548 4660 710 4715 robur
732 4660 1082 4728 collegerunt,
1113 4669 1274 4730 atque
1300 4661 1365 4715 ad
1391 4660 1641 4729 pietatem
1667 4660 2022 4721 ferventiores

458 4750 797 4808 exstiterunt.
837 4748 987 4805 Talia
1020 4751 1165 4806 enim
1196 4765 1294 4821 pro
1324 4750 1538 4808 Christo
1568 4754 1697 4822 pati,
1729 4757 1900 4811 amori
1929 4771 2025 4812 cu-

529 4947 577 4979 “
605 4947 769 5003 Amos
806 4961 925 5012 vm,
952 4946 1041 5000 ll.
1118 4947 1163 4978 "’
1201 4945 1386 5003 Matth.
1440 4964 1590 5015 xxxv,
1638 4950 1723 5004 12.

529 5146 647 5220 (58)
670 5149 887 5220 Λόγους
922 5146 1052 5216 Res-
1076 5163 1129 5220 ag
1164 5147 1341 5220 λάγανα

554 5217 643 5290 59)
675 5217 1051 5290 Σιτομέτρης.
1082 5218 1244 5290 Coisl.
1274 5219 1326 5290 1,
1358 5218 1651 5290 σιτοδότης,

554 5227 643 5285 59)
675 5227 1051 5285 Σιτομέτρης.
1082 5227 1244 5270 (Loisl.
1274 5227 1326 5279 ‘l,
1358 5227 1651 5290 σιτοδότης.

530 5227 643 5361 (60)
674 5289 899 5363 Σξοερίᾳς
935 5289 1456 5363 ὑμερᾷαλλούσης.
1502 5288 1592 5343 Sic
1638 5289 1771 5363 Reg.
1823 5293 1914 5346 hu.
1967 5294 2028 5348 In

458 5356 581 5429 edl,‘
602 5356 793 5429 σοφίας
817 5356 1244 5429 ὑπερϐαλούσης.

675 5426 989 5502 ξιξραρ-τῄγ.
1019 5427 1129 5479 Duo
1156 5426 1342 5502 Re_gg.,
1372 5427 1465 5479 καὶ
1500 5428 1753 5502 ἐραστήν.

534 5497 643 5565 (62)
666 5498 774 5550 Καὶ
798 5495 1129 5565 ἐπώνυμον.
1165 5513 1184 5547 ι
1206 5495 1487 5550 Ειίιιοηιιεη
1515 5495 1577 5551 ex
1606 5513 1665 5553 ea
1688 5495 1975 5554 'ferentem.
2000 5520 2021 5552 ι

463 5564 559 5639 Sic
589 5563 697 5620 duo
730 5566 898 5639 ᾕρεε.
932 5563 1005 5619 ln‘
1037 5567 1325 5639 ed._deest,
1358 5566 1473 5619 καί.
1493 5567 1765 5639 ΔΙιιιεηίεἰι
1788 5569 2029 5639 (Athana-

463 5637 626 5706 sium,
665 5633 1071 5706 cujus"nomen
1119 5635 1331 5690 ducitur
1378 5651 1444 5691 ex
1482 5633 1720 5703 Graeco]
1739 5638 2025 5706 ἀθανασία,

469 5724 489 5754 ι
523 5705 913 5759 immortalitas.
935 5725 954 5756 ι

467 5775 648 5899 ll“(63)
682 5778 931 5845 Σπαίρῃ.
984 5776 1112 5846 Reg.
1145 5773 1255 5844 bm,
1306 5774 1525 5846 σκαίρῃ,
1585 5797 1604 5832 ι
1633 5779 1906 5850 tripudiet,
1940 5795 2029 5837 sa-

507 5861 516 5874 ⁸
562 5884 576 5898 ο
600 5864 618 5897 ι

507 5853 576 5899 al.
600 5864 618 5897 ι

2127 4593 2207 4646 ροι
2234 4574 2518 4643 γεγόνασιν
2542 4576 2621 4637 εἰς
2649 4572 2949 4625 εὐσέϐειαν.
2977 4570 3199 4623 Τοιοῦτο
3235 4568 3343 4639 γάρ
3386 4567 3447 4619 τὸ
3497 4566 3701 4621 παθεῖν

2127 4667 2266 4738 ὑπὲρ
2304 4665 2559 4737 Χριστοῦ,
2588 4662 2666 4734 τῷ
2689 4664 2893 4734 φίλτρῳ
2914 4660 3261 4733 προστίθησι,
3305 4661 3399 4713 καὶ
3430 4653 3543 4712 οἷον
3590 4661 3699 4732 ἀρ-

2132 4757 2313 4828 ραϐὼν
2342 4756 2549 4825 γίνεται
2600 4755 2707 4808 τῶν
2757 4755 2882 4825 ἑξῆς
2929 4753 3103 4807 ἀθλων
3144 4756 3254 4817 τοῖς
3307 4751 3697 4823 μεγαλόφροσι.

2209 5152 2320 5224 (65)
2358 5154 2410 5205 Ὁ
2437 5151 2507 5206 δὲ
2534 5151 2632 5205 ἐπὶ
2664 5152 2779 5221 τὴν
2807 5151 3001 5221 αὐτὴν
3037 5154 3392 5216 κατάλυσιν,
3424 5161 3528 5224 etc.
3564 5169 3581 5201 ι
3605 5152 3692 5205 Al-

2138 5220 2228 5276 ιθιί
2245 5220 2371 5278 vero
2400 5225 2466 5277 ad
2496 5220 2766 5289 eumdem,
2788 5242 2808 5275 ι
2842 5220 2955 5278 etc.
2983 5224 3073 5277 Sic
3098 5225 3402 5278 reddiderat
3424 5220 3610 5275 Billius
3643 5224 3699 5275 iu

2136 5294 2310 5361 prima
2336 5293 2604 5352 editione;
2662 5295 2862 5348 rectius
2895 5294 3130 5361 quidem,
3160 5308 3317 5361 quam
3349 5294 3399 5345 in
3436 5292 3699 5361 secunda,

2133 5359 2225 5415 ubi
2256 5364 2335 5417 sie
2376 5363 2538 5416 vertit
2571 5383 2586 5419 :
2620 5382 2639 5414 ι
2670 5364 2817 5419 Alter
2853 5359 2925 5416 ad
2969 5359 3121 5417 idem
3155 5359 3465 5428 hospitium,
3510 5359 3595 5414 vel
3632 5363 3699 5412 ad

2135 5445 2326 5499 supera
2368 5432 2739 5501 migrationem
2787 5443 2905 5501 post
2937 5434 3121 5488 eadem
3155 5433 3457 5486 certamina
3507 5443 3695 5498 prepe-

2134 5511 2234 5554 rat.
2258 5522 2276 5553 ι

2205 5572 2318 5643 (65)
2373 5576 2495 5626 Ἐπι
2525 5574 2649 5637 τοῖς
2681 5571 2884 5637 αὐτοῖς
2914 5569 3451 5643 ᾇθλοιςζδὶς-ιῖθεε.
3485 5565 3598 5630 bm,
3629 5566 3699 5620 hu

2135 5651 2189 5697 et
2213 5638 2320 5716 duo
2341 5643 2503 5697 Coisl.
2533 5643 2592 5696 In
2616 5644 2735 5716 ed"
2769 5643 2861 5693 ἐπὶ
2893 5641 3000 5716 τῶν
3029 5638 3472 5716 αὐτῶνάθλοις...
3514 5705 3525 5715 _
3572 5704 3583 5716 .

2208 5712 2318 5782 (66)
2369 5711 2743 5782 Ζημιωθῆναι
2814 5712 3082 5780 θεότητα.
3134 5709 3250 5765 Bill.
3340 5728 3359 5760 ι
3423 5707 3704 5764 divinitate

2139 5784 2508 5840 multarentur.
2539 5800 2559 5833 )
