3910 6214
109 6111 131 6139 ,ε

419 5973 431 6005 Ι

440 455 547 514 247
663 465 667 468 ’
1673 460 1731 519 S.
1770 459 2027 517 GREGOI

2139 459 2230 514 ΤΗ
2239 459 2482 516 EOLOGI
3567 452 3688 518 ’248

441 577 664 648 Ieri'pte,
697 577 804 644 cui,
829 575 908 632 Tu
937 576 1078 634 enim
1103 592 1162 634 es
1187 578 1432 633 voluntas
1484 592 1600 634 mea
1642 579 1711 645 ",
1738 579 1869 634 dicit
1902 580 2010 633 Do-

2135 581 2373 644 τολλάκις
2393 581 2537 650 ὑμᾶς
2571 579 2914 649 ἀναστρέφω·
2950 576 3280 648 κατατρυφῶ
3302 575 3410 648 γὰρ
3439 575 3592 649 ὑμῶν
3611 577 3687 652 τῇ

442 669 664 738 minus;
703 677 777 734 et,
817 669 989 724 Porta:
1039 680 1140 726 tua:
1177 673 1450 737 sculptura
1478 672 1546 737 ⁸⁸,
1597 679 1650 726 et
1681 686 2010 740 quacunque

2135 672 2365 742 ruvsxaia
2395 671 2493 740 τῆς
2522 670 2788 741 κλήσεως,
2820 669 3006 739 ὥσπερ
3039 670 3087 721 οἱ
3135 668 3422 738 Θεαμάτων
3443 668 3627 736 τινῶν,
3645 668 3684 742 ἦ

442 769 628 831 pbstea
675 762 743 817 ad
786 776 901 829 eos,
936 763 1025 830 qui
1057 762 1283 819 salutem
1317 764 1657 818 consecuturi
1687 772 1834 828 sunt,
1869 761 2010 816 refe-

2135 763 2476 833 ίκουσμάτων
2508 761 2798 832 ἀπλήστως
2823 760 3240 831 ἐμφορούμενοι.

445 863 657 908 runtur.
691 853 913 923 Popule,
941 868 1003 907 ac
1041 868 1105 906 ne
1148 868 1256 916 me,
1302 869 1504 922 quaeso,
1532 864 1786 924 tanquam
1823 852 2194 917 immodicum,
2251 853 2611 916 admiremini,
2683 852 2727 906 si
2783 865 2878 906 vos
2930 850 3224 905 identidem
3263 849 3560 919 compello;
3603 851 3689 905 in-

441 943 754 999 credibilem
783 944 924 999 enim
954 959 1018 997 ex
1047 943 1202 998 vobis
1246 943 1457 998 assidua
1492 945 1792 1015 bujusmodi
1843 943 2200 1012 appellatione
2250 942 2487 996 laetitiam
2566 943 2742 1012 capio,
2825 957 2930 997 non
3009 955 3166 997 secus
3211 939 3484 1010 videlicet,
3525 949 3692 1011 atque

441 1033 534 1100 qui
575 1034 904 1102 spectaculis
931 1033 1252 1101 quihusdam
1276 1035 1356 1088 vel
1393 1036 1758 1090 auditionibus
1783 1038 2071 1092 insatiabili
2103 1039 2334 1108 quadam
2368 1033 2623 1088 aviditate
2655 1033 2924 1087 fruuntur.

515 1120 631 1176 VII.
667 1121 758 1185 At,
789 1138 822 1174 o
844 1122 937 1177 Dei
969 1125 1184 1193 p0pule,
1214 1134 1267 1177 et
1299 1135 1501 1190 noster,
1539 1127 1762 1194 pulchra
1798 1130 2013 1198 qttitlezn

2186 1130 2260 1182 Z'.
2307 1128 2466 1192 Ἀλλ’,
2504 1121 2547 1181 ὦ
2579 1125 2711 1178 Θεοῦ
2743 1125 2891 1189 λαὸς,
2940 1125 3032 1177 καὶ
3065 1123 3348 1195 ἡμέτερος,
3396 1123 3535 1196 καλὴ
3588 1122 3693 1194 μὲν

444 1223 562 1267 erat
604 1228 792 1268 recens
839 1230 1056 1284 quoque
1103 1216 1191 1268 illa
1239 1228 1414 1270 vestra
1444 1218 1745 1282 celebritas,
1772 1236 1930 1289 quam
1965 1223 2016 1274 in

2135 1219 2269 1290 ipa?“
2296 1220 2390 1272 καὶ
2430 1221 2463 1290 ἡ
2495 1217 2686 1290 πρώην
2733 1217 2844 1286 (75)
2890 1218 3213 1286 πανήγυρις,
3239 1215 3305 1285 ἣν
3337 1213 3428 1266 ἐπὶ
3455 1213 3555 1282 τῆς
3591 1211 3693 1266 θα-

446 1303 584 1357 mari
639 1304 928 1368 statuistis,
958 1313 1032 1370 et,
1075 1305 1118 1358 si
1153 1320 1258 1373 qua
1309 1305 1435 1369 alia,
1473 1307 1644 1361 oculis
1673 1320 1824 1378 grata
1853 1319 1907 1364 et
1931 1309 2019 1378 ju-

445 1394 642 1456 cunda,
669 1408 791 1448 cum
830 1409 979 1449 mare
1009 1395 1294 1450 arboribus
1340 1406 1590 1461 stratum,
1625 1407 1681 1452 et
1713 1399 2016 1454 manufacta

446 1485 589 1539 nube
626 1487 896 1540 obtectum
941 1487 1072 1552 vidi,
1109 1497 1162 1540 et
1209 1488 1445 1553 navium,
1483 1489 1629 1542 velut
1670 1488 1737 1543 ad
1768 1505 2012 1560 pompam

447 1577 853 1640 instructarum.
889 1577 1208 1648 elegantiam
1247 1594 1308 1634 ac
1333 1579 1683 1648 celeritatem,
1719 1583 2014 1637 modicum-

447 1683 552 1737 que
575 1670 644 1724 ad
673 1671 890 1739 puppim
928 1680 1167 1736 ventum,
1195 1679 1410 1727 nantem
1460 1673 1511 1728 in
1556 1675 1690 1728 mari
1718 1675 2009 1739 civitatem,

2115 1311 2320 1381 λὰσσης
2343 1309 2663 1382 ἐστήσασθε,
2691 1312 2786 1360 καὶ
2826 1308 2982 1377 εἴπερ
3009 1307 3138 1377 ἄλλη
3169 1324 3252 1370 τις
3269 1305 3562 1376 ὀφθαλμῶν
3590 1305 3694 1376 χά-

2121 1421 2224 1474 ρις,
2259 1403 2424 1475 ἡνίκα
2474 1399 2612 1454 εἶδον
2671 1399 3065 1472 δενδρουμένην
3115 1397 3211 1468 τὴν
3263 1398 3556 1462 θάλασσαν,
3597 1397 3695 1450 καὶ

2119 1495 2486 1566 χειροποιήτῳ
2528 1493 2676 1560 νέφει
2705 1490 3148 1561 κεκαλυμμένην,
3180 1489 3272 1541 καὶ
3301 1487 3494 1551 κάλλος
3519 1487 3689 1558 νηῶν,

2119 1587 2214 1638 καὶ
2241 1585 2423 1655 τάχος,
2456 1583 2644 1654 ὥσπερ
2673 1585 2752 1645 εἰς
2772 1581 2993 1652 πομπὴν
3021 1579 3387 1650 ἐσταλμένων,
3410 1579 3504 1633 καὶ
3533 1577 3696 1632 πνεῦ-

2127 1691 2201 1745 μα
2235 1673 2454 1744 μέτριον
2483 1671 2623 1725 κατὰ
2653 1670 2906 1743 πρύμναν
2960 1669 3264 1739 ἱστάμενον,
3294 1667 3482 1737 ὥσπερ
3533 1667 3700 1739 δορυ-

451 1771 706 1831 tanquam
752 1761 932 1816 dedita
978 1776 1140 1831 opera
1186 1762 1498 1832 stipantem,
1526 1772 1689 1833 atque
1723 1766 1790 1819 ad
1831 1766 2014 1819 urbem

2135 1761 2327 1834 φοροῦν
2356 1761 2695 1833 ἐξεπίτηδες,
2738 1761 2833 1813 καὶ
2864 1757 3234 1828 παραπέμπον
3261 1759 3328 1828 τῇ
3365 1755 3518 1810 πόλει
3543 1756 3701 1811 πάλιν

456 1852 952 1920 transmittentem;
985 1853 1260 1923 pulchrior
1289 1864 1466 1910 tamen
1510 1863 1564 1910 et
1595 1855 2022 1923 magniﬁcentior

2135 1855 2383 1924 πελάγιον
2407 1854 2521 1921 (74)
2542 1870 2555 1884 ο
2586 1853 2819 1906 καλλίων
2847 1851 2902 1904 δέ
2934 1853 2967 1922 ἡ
2993 1849 3087 1902 νῦν
3119 1849 3368 1924 ὁρωμένη
3403 1850 3494 1901 καὶ
3530 1865 3704 1920 μεγα-

450 1942 587 2005 Iuec,
608 1956 767 2010 quam
801 1957 942 1997 nunc
963 1943 1254 1998 cernimus.
1285 1943 1393 2000 Nec
1417 1946 1561 2000 enim
1594 1959 1689 2000 vos
1711 1946 1852 2015 ipsos
1887 1944 2022 1999 mul-

452 2031 665 2086 titudini
702 2034 1086 2101 admiscuistis,
1137 2050 1235 2090 nec
1272 2034 1548 2090 hominum
1592 2051 1820 2091 numero
1850 2037 2020 2104 pieta-

452 2134 559 2177 tem
595 2124 948 2192 delinivistis,
981 2139 1077 2180 nec
1113 2125 1440 2180 inconditum
1479 2127 1655 2195 p0tius
1685 2125 1874 2196 vulgus
1904 2140 2023 2178 esse

449 2217 803 2283 sustinuiStis,
828 2232 988 2286 quam
1027 2217 1272 2286 populus,
1299 2217 1394 2272 Dei
1437 2217 1599 2271 verbo
1635 2225 2021 2287 perpurgatus;

449 2322 662 2372 verum,
699 2317 1048 2376 posteaquam
1097 2307 1295 2363 Caesari
1347 2323 1465 2378 quae
1515 2318 1643 2364 sunt
1695 2307 1925 2364 Caesaris
1955 2309 2022 2370 “.

453 2407 715 2468 quantum
765 2400 924 2454 ofﬁcii
970 2401 1108 2455 ratio
1160 2402 1484 2470 postulabat,
1542 2401 1867 2468 contulistis,
1919 2405 2024 2457 Deo

451 2490 638 2555 etiam,
668 2507 786 2560 qua:
823 2491 915 2546 Dei
947 2501 1074 2545 sunt
1115 2493 1421 2559 tribuistis;
1457 2494 1528 2547 illi
1563 2509 1751 2562 nempe
1777 2495 2024 2564 vectigal,

451 2581 580 2636 huic
614 2583 861 2636 timorem
879 2582 959 2650 ";
985 2592 1040 2637 et
1069 2593 1353 2652 postquam
1383 2585 1517 2639 cibis
1548 2586 1738 2639 vestris
1772 2586 2021 2654 populum

451 2670 682 2734 aluistis,
716 2672 817 2740 ipsi
849 2687 1082 2741 quoque,
1111 2681 1169 2726 ut
1213 2688 1243 2728 a
1278 2675 1434 2730 nobis
1460 2675 1701 2742 alamini,
1729 2677 1837 2730 huc
1863 2691 2017 2730 acce-

452 2761 598 2817 ditis.
644 2762 778 2817 Nam
823 2775 878 2820 et
929 2779 1028 2818 nos
1070 2767 1231 2820 etiam
1278 2765 1606 2821 frumentum
1659 2768 1936 2839 largimur,
1966 2784 2028 2823 ac

450 2853 781 2908 frumentum
817 2857 1033 2925 quidem
1067 2865 1252 2911 vestro
1299 2874 1636 2928 nequaquam
1670 2859 1898 2914 fortasse
1931 2861 2027 2914 de-

453 2947 644 3000 terius.
689 2945 886 3011 Venite,
923 2949 1174 3002 comedite
1215 2965 1402 3013 panem
1441 2966 1635 3014 meum,
1669 2962 1713 3004 et
1749 2951 1906 3006 bibite
1948 2953 2027 3006 vi-

453 3052 600 3102 num,
632 3039 770 3105 quod
811 3039 998 3092 miscui
1033 3039 1173 3093 vobis
1211 3040 1290 3094 ’σε
1337 3041 1404 3094 ad
1439 3056 1680 3094 mensam
1717 3057 1890 3097 meam
1936 3058 2029 3097 vos

2122 1945 2555 2018 λοπρεπεστέρα.
2585 1945 2658 1998 Οὐ
2695 1943 2805 2014 γὰρ
2855 1946 2966 2006 τοῖς
3018 1941 3231 2005 πολλοῖς
3265 1941 3520 2013 φέροντες
3553 1940 3703 2011 ὑμᾶς

2125 2027 2322 2100 αὐτοῦς
2364 2035 2679 2106 ἀνεμίξατε,
2725 2035 2844 2087 οὐδὲ
2905 2033 3096 2106 πλήθει
3127 2032 3225 2104 τὴν
3259 2033 3538 2085 εὐσέϐειαν
3573 2034 3705 2103 ἐμε-

2133 2135 2395 2203 τρήσατε,
2421 2129 2541 2182 ούδέ
2562 2128 2728 2198 δῆμος
2756 2126 3008 2196 γενέσθαι
3059 2126 3258 2196 μᾶλλον
3306 2123 3544 2195 ὁχλώδης
3606 2127 3707 2196 ὴν-

2126 2223 2372 2295 έσχεσθε,
2397 2221 2429 2291 ἢ
2465 2221 2592 2284 λαὸς
2620 2220 2755 2272 Θεοῦ
2789 2220 2932 2289 λόγῳ
2954 2218 3362 2290 κεκαθαρμένος
3382 2233 3400 2250 ο
3436 2217 3549 2270 ἀλλ’
3579 2217 3708 2270 ὅσον

2127 2313 2294 2379 εἰκὸς,
2343 2312 2582 2382 Καίσαρι
2609 2309 2680 2362 τὰ
2712 2309 2806 2362 τοῦ
2859 2307 3138 2378 Καίσαρος
3173 2304 3594 2374 είσενεγκόντες,
3627 2304 3708 2374 τῷ

2126 2404 2245 2475 Θεῷ
2277 2403 2346 2457 τὰ
2381 2402 2476 2456 τοῦ
2511 2401 2646 2454 Θεοῦ
2696 2399 3092 2473 προσενείματε
3113 2415 3125 2428 ο
3161 2396 3240 2467 τῷ
3291 2397 3387 2468 μέν
3420 2396 3480 2450 τὸ
3517 2395 3668 2458 τέλος
3690 2433 3710 2461 ,

2128 2494 2206 2564 τῷ
2236 2493 2293 2546 δέ
2328 2493 2420 2546 τὸν
2453 2492 2644 2562 φόϐονδ
2687 2491 2782 2544 καὶ
2813 2489 2901 2542 τὸν
2929 2489 3097 2559 δῆμον
3126 2491 3236 2552 τοῖς
3268 2489 3552 2561 ὑμετέροις
3579 2488 3711 2558 θρέ-

2128 2589 2347 2657 ψαντες,
2381 2587 2545 2657 ἥκετε
2601 2583 2696 2638 καὶ
2743 2583 2896 2636 αὐτοὶ
2935 2582 3064 2653 παρ’
3091 2580 3251 2653 ἡμῶν
3278 2581 3710 2653 τραφησόμενοι.

2129 2675 2513 2746 Σιτοδοτοῦμεν
2538 2675 2646 2747 γὰρ
2673 2675 2765 2728 καὶ
2796 2676 2976 2745 ἡμεῖς,
3005 2673 3098 2726 καὶ
3129 2672 3427 2727 σιτοδοσίαν
3450 2673 3578 2735 ἴσως
3605 2670 3712 2742 τῆς

2132 2769 2401 2840 ὑμετέρας
2448 2768 2509 2820 οὐ
2541 2767 2897 2836 φαυλοτέραν.
2945 2766 3144 2829 Δεῦτε,
3181 2765 3396 2836 φάγετε
3430 2765 3536 2818 τὸν
3560 2765 3716 2832 ἐμὸν

2131 2860 2331 2927 ἄρτον,
2361 2860 2455 2913 καὶ
2490 2861 2655 2913 πίετε
2671 2859 2857 2921 οἶνον,
2900 2859 2972 2910 ὄν
3012 2857 3307 2925 κεκέριικα
3349 2855 3521 2924 ὑμῖν·
3557 2855 3713 2908 καλῶ

2137 2953 2276 3023 μετὰ
2300 2954 2399 3023 τῆς
2421 2951 2608 3020 σοφίας
2623 2951 2768 3021 ὑμᾶς
2790 2951 2867 3012 είς
2888 2949 3133 3020 τὴνέμὴν
3156 2947 3455 3019 τράπεζαν.
3473 2948 3716 3000 Ἐπαινῶ

2135 3042 2242 3112 γὰρ
2266 3043 2362 3112 τῆς
2391 3040 2833 3111 εὐγνωμοσύνης,
2861 3040 2956 3092 καὶ
2977 3037 3300 3112 προστρέχω
3321 3040 3386 3109 τῇ
3406 3037 3713 3108 προθυμίᾳ,

452 3144 574 3182 cum
593 3130 866 3198 Sapientia
902 3132 1089 3186 invito.
1112 3133 1410 3188 Candorem
1434 3133 1597 3204 623
1619 3135 1760 3188 enim
1795 3145 2027 3190 vestrum

2135 3133 2216 3184 ὅτι
2247 3132 2322 3194 ὼς
2356 3131 2447 3183 ἐπὶ
2469 3130 2663 3201 λιμένα
2687 3130 2816 3182 τδιον
2842 3129 2987 3199 ἡμᾶς
3009 3129 3407 3198 κατηντήσατε,
3440 3126 3516 3196 τῷ
3541 3127 3719 3198 ὁμοίῳ

454 3219 652 3286 laudo,
691 3230 855 3288 atque
899 3223 1062 3275 animi
1107 3222 1528 3291 promptitudine
1573 3224 1725 3278 vobis
1781 3239 2028 3291 occurro,

453 3312 710 3377 quoniam
738 3312 804 3365 ad
834 3327 950 3376 nos,
978 3322 1232 3381 tauquam
1261 3314 1329 3368 ad
1361 3325 1598 3368 vestrum
1628 3324 1840 3385 portum
1869 3330 2034 3384 appu-

454 3401 616 3465 listis,
649 3403 715 3455 ad
739 3402 968 3457 similem
998 3403 1244 3459 videlicet
1273 3413 1642 3471 accurrentes,
1676 3404 1906 3473 fideique
1934 3419 2030 3459 co-

453 3494 760 3564 gnationem
813 3494 1018 3549 honore
1083 3496 1350 3565 prosecuti
1405 3496 1571 3559 estis,
1629 3495 2036 3566 absurdumque

455 3599 576 3638 esse
623 3585 932 3650 censuistis,
963 3601 1086 3640 cum
1131 3587 1165 3640 ii
1198 3587 1289 3656 qui
1323 3575 1410 3642 res
1447 3603 1668 3656 superas
1695 3588 2034 3644 contumeliis

455 3677 815 3739 insectantur,
852 3677 992 3732 inter
1022 3692 1082 3732 se
1113 3679 1455 3733 consentiant
1483 3689 1645 3750 atque
1677 3679 2030 3745 concordent,

461 3783 525 3822 ac
547 3768 814 3837 privatam
856 3771 1116 3839 cujusque
1141 3771 1564 3827 imbecillitatem
1608 3773 1876 3826 communi
1907 3786 2036 3825 con-

457 3874 621 3915 sensu
666 3869 722 3913 et
764 3861 1198 3930 conspiratione,
1248 3878 1352 3917 non
1385 3879 1541 3918 secus
1571 3879 1635 3917 ac
1665 3864 1886 3918 funiculi
1935 3864 2033 3930 illi,

459 3952 552 4021 qui
600 3961 788 4007 mutuo
826 3968 964 4007 nexu
1011 3955 1356 4019 roborantur,
1398 3954 1654 4010 Sull’ulciri
1702 3965 1907 4024 putent,
1940 3971 2035 4011 vos

460 4050 641 4098 autem
672 4059 776 4098 non
805 4060 908 4098 una
937 4046 1253 4112 convenire,
1283 4061 1380 4101 nec
1405 4062 1525 4101 curn
1561 4045 1628 4100 iis
1654 4045 1920 4116 colligari,
1943 4047 2036 4115 qui

459 4133 698 4203 ejusdem
720 4137 1004 4190 sententiae
1031 4146 1177 4202 sunt,
1206 4139 1400 4206 quibus
1429 4149 1606 4192 tamen
1636 4139 1805 4193 multo
1828 4139 2035 4207 :equius

459 4231 562 4288 est,
593 4240 713 4279 cum
763 4227 863 4295 ipsi
897 4227 1148 4281 deitatem
1181 4243 1397 4298 quoque
1422 4228 1831 4299 conjungainus.
1859 4228 2036 4298 Atque

461 4325 521 4369 ut
549 4331 644 4370 vos
690 4315 830 4368 haud
861 4315 1058 4371 frustra
1091 4318 1156 4372 ad
1207 4335 1302 4373 nos
1331 4322 1653 4383 accurrisse,
1684 4333 1856 4388 neque
1883 4329 1940 4373 ut
1969 4320 2036 4373 ad

459 4412 713 4460 externos
736 4417 792 4460 et
816 4407 1038 4471 alienos,
1066 4409 1160 4462 sed
1191 4410 1256 4464 ad
1281 4421 1492 4464 vestros
1524 4419 1713 4479 portus
1747 4409 2033 4478 appulisse,

2136 3223 2594 3294 προσδραμόντες,
2641 3223 2732 3274 καὶ
2762 3221 2822 3273 τὸ
2851 3221 3112 3289 συγγενὲς
3133 3221 3232 3291 τῆς
3260 3219 3490 3282 πίστεως
3524 3220 3718 3290 ἐτιμή-

2137 3333 2290 3381 σατε,
2325 3315 2420 3369 καὶ
2450 3314 2564 3367 τῶν
2596 3315 2812 3367 ἀτόπων
2842 3313 3293 3384 ἐνομίσατε,τοῦς
3317 3313 3414 3383 μὲν
3449 3311 3720 3382 ὑϐριστὰς

2134 3408 2243 3461 τῶν
2294 3408 2405 3462 ἄνω
2433 3406 2544 3477 (75)
2576 3408 2905 3477 συμφρονεῖν
2947 3405 3200 3474 ἀλλήλοις
3250 3405 3346 3459 καὶ
3380 3403 3720 3474 συναρμόζε-

2137 3499 2282 3562 σθαι,
2313 3498 2492 3551 καὶτὸ
2522 3497 2644 3549 καθ’
2685 3497 2914 3550 ἕκαστον
2952 3496 3148 3567 σαθρὸν
3191 3496 3398 3549 οἴεσθαι
3430 3497 3539 3565 (76)
3570 3496 3712 3566 διορ-

2135 3589 2359 3642 θοῦσθαι
2385 3587 2462 3657 τῷ
2487 3587 2652 3658 κοινῷ
2679 3588 2776 3657 τῆς
2807 3587 3136 3650 συστάσεως,
3167 3587 3416 3656 καθάπερ
3437 3586 3543 3640 τῶν
3569 3604 3720 3656 σχοι-

2136 3682 2264 3734 νίων
2296 3679 2366 3733 τὰ
2423 3683 2489 3751 τῇ
2538 3679 2712 3751 πλοκῇ
2765 3679 3168 3750 δυναμούμενα,
3205 3680 3359 3731 αὐτοὶ
3386 3680 3441 3732 δὲ
3477 3679 3551 3750 μὴ
3588 3697 3720 3731 συν-

2140 3769 2277 3823 ιέναι
2311 3769 2449 3838 (77),
2485 3769 2619 3840 μηδέ
2670 3769 2977 3822 συνδεῖσθαι
2998 3771 3110 3831 τοῖς
3162 3767 3540 3839 ὁμογνώμοσιν
3572 3809 3586 3832 ,
3637 3764 3723 3832 οἷς

2135 3878 2200 3929 γε
2228 3861 2338 3931 (78)
2362 3862 2506 3924 εἰκὸς
2547 3860 2747 3931 μᾶλλον
2773 3879 2784 3890 ·
2827 3862 2978 3913 αὐτοὶ
3000 3860 3107 3932 γὰρ
3145 3860 3448 3928 συνάγομεν
3486 3859 3581 3913 καὶ
3602 3859 3709 3913 θεά

2135 3971 2294 4024 τητα.
2332 3955 2442 4006 Kal
2478 3955 2564 4007 ἵνα
2596 3971 2657 4022 γε
2701 3953 2900 4022 εἰδῆτε,
2943 3954 3017 4025 μὴ
3071 3953 3246 4024 μάτην
3281 3951 3724 4022 προσδραμόντες

2135 4046 2288 4116 ἡμῖν,
2328 4045 2462 4117 μηδέ
2496 4046 2571 4109 ὡς
2602 4045 2772 4110 ξένοις
2797 4047 2890 4098 καὶ
2920 4045 3244 4117 ἀλλοτρίοις,
3293 4045 3406 4098 ἀλλ’
3433 4048 3489 4098 ἐν
3520 4046 3725 4116 ὑμετέ-

2141 4154 2252 4208 ροις
2281 4136 2662 4207 καταχθέντες,
2718 4137 2811 4192 καὶ
2855 4137 3035 4198 καλῶς
3083 4136 3436 4207 ὀδηγηθέντες
3481 4136 3588 4188 ὑπὸ
3621 4137 3724 4190 τοῦ

2135 4229 2470 4300 Πνεύματος,
2529 4229 2737 4302 βραχέα
2763 4231 2890 4299 περὶ
2933 4229 3068 4282 Θεοῦ
3101 4229 3532 4300 φιλοσοφήσομεν
3555 4229 3716 4300 ὑμῖν.

2136 4322 2248 4376 Kal
2277 4323 2581 4395 γνωρίσατε
2612 4324 2680 4376 τὰ
2709 4323 2970 4394 ὑμέτερα,
3005 4322 3194 4393 ὥσπερ
3209 4323 3254 4374 oi
3281 4324 3393 4386 τοῖς
3425 4323 3728 4394 ἐπισήμοις

2137 4412 2245 4466 τῶν
2278 4414 2457 4467 ὃπλων
2485 4416 2548 4468 τὸ
2582 4417 2780 4467 οἰκεῖον
2809 4412 3278 4482 διαγινώσκοντες.

460 4497 898 4567 praeclarumque
945 4500 1152 4555 itineris
1186 4502 1348 4556 vestri
1395 4505 1583 4556 ducem
1657 4501 1912 4570 Spiritum
1948 4518 2190 4561 sanctum
2257 4506 2532 4562 exstitisse
2574 4505 2932 4576 cognoscatis,
3003 4521 3172 4576 pauca
3217 4506 3283 4559 de
3343 4503 3452 4559 Deo
3501 4505 3568 4559 ad
3625 4521 3727 4561 vos

460 4595 808 4660 disseremus.
853 4597 931 4648 Ac
968 4593 1150 4658 laeite,
1181 4602 1238 4646 ut
1271 4601 1453 4646 vestra
1490 4595 1818 4663 agnoscatis,
1843 4597 2294 4665 quemadmodum
2341 4599 2435 4668 qui
2478 4613 2607 4653 suos
2637 4612 2702 4650 ex
2762 4613 3038 4653 armorum
3085 4599 3256 4669 signis
3291 4608 3609 4667 agnoscunt.

537 4686 672 4740 VIII.
703 4685 848 4741 Duas
890 4699 1128 4740 summas
1170 4685 1222 4738 in
1255 4683 1339 4747 iis,
1367 4700 1486 4754 quae
1529 4696 1676 4748 sunt,
1705 4686 2027 4742 differentias

2213 4694 2294 4744 fl’.
2329 4688 2432 4742 Δύο
2471 4688 2733 4761 διαφορὰς
2775 4691 2832 4742 ἐν
2864 4691 2977 4752 τοῖς
3014 4684 3133 4742 οὖσι
3167 4687 3418 4756 γινώσκω
3454 4689 3554 4750 τὰς
3582 4689 3729 4741 ἀνω-

466 4778 700 4847 reperio,
745 4778 1170 4834 dominationem
1217 4793 1408 4847 nempe
1437 4786 1492 4831 et
1527 4779 1838 4832 servitutem
1872 4799 1884 4832 :
1927 4794 2027 4834 non

2135 4779 2301 4848 τάτω,
2330 4780 2644 4834 δεσποτείαν
2669 4797 2730 4832 τε
2759 4779 2852 4834 καὶ
2882 4779 3124 4834 δουλείαν
3146 4796 3158 4807 ⁵
3193 4780 3289 4849 οὐχ
3315 4779 3380 4842 ἃς
3405 4780 3535 4849 παρ’
3559 4780 3720 4848 ἡμῖν,

465 4885 601 4938 quas
642 4872 784 4941 apud
831 4887 950 4936 nos,
999 4869 1082 4924 vel
1130 4871 1374 4939 tyrannis
1404 4871 1587 4933 scidit,
1632 4869 1712 4923 vel
1747 4879 2042 4938 paupertas

458 4964 759 5032 disjunxit;
790 4965 884 5019 sed
928 4979 1068 5033 quas
1103 4974 1292 5016 natura
1334 4961 1602 5026 distinxit,
1640 4960 1685 5014 si
1735 4960 1822 5014 cui
1860 4970 2038 5015 tamen

458 5057 565 5110 hac
607 5069 739 5110 voce
774 5055 851 5109 uti
900 5054 1083 5109 libeat.
1112 5053 1250 5106 Nam
1286 5053 1426 5120 quod
1471 5053 1703 5121 primum
1748 5060 1850 5116 est,
1880 5065 2040 5119 supra

460 5156 712 5201 naturam
752 5161 967 5216 quoque
1001 5156 1102 5199 est.
1139 5143 1342 5198 Harum
1370 5152 1548 5197 autem
1588 5143 1759 5197 altera
1799 5141 2042 5197 effectrix

460 5247 567 5302 est,
602 5245 657 5292 et
685 5238 957 5307 princeps,
991 5251 1054 5290 ac
1084 5246 1262 5292 motus
1281 5249 1511 5306 expers:
1543 5235 1711 5289 altera
1748 5233 1959 5299 eﬂ‘ecta,
1990 5244 2046 5289 et.

2135 4873 2170 4940 ἢ
2201 4872 2456 4944 τύραννις
2483 4873 2699 4944 ἔτεμεν,
2727 4873 2760 4944 ἢ
2791 4874 2950 4927 πενία
2985 4873 3286 4945 διέστησεν,
3319 4871 3432 4925 ἀλλ’
3461 4871 3527 4934 ἃς
3553 4871 3725 4941 φύσις

2136 4962 2405 5034 διώρισεν,
2444 4963 2499 5016 εῐ
2517 4978 2598 5033 τῳ
2628 4962 2780 5032 φίλον
2815 4961 2957 5016 οὕτω
2983 4963 3188 5016 καλεῖν.
3219 4962 3293 5015 Τὸ
3334 4961 3444 5033 γὰρ
3477 4961 3720 5032 πρῶτον,

2136 5054 2230 5107 καὶ
2268 5055 2409 5126 ὑπὲρ
2441 5054 2541 5126 τὴν
2584 5054 2767 5124 φύσιν.
2811 5053 3027 5108 Τούτων
3055 5055 3133 5120 δὲ,
3177 5056 3210 5125 ἡ
3250 5053 3348 5123 μὲν
3379 5054 3636 5124 ποιητική
3662 5051 3725 5104 τέ

2137 5146 2272 5204 ἐστι.
2306 5146 2398 5198 καὶ
2437 5145 2664 5216 ἀρχικὴ,
2713 5146 2806 5200 καὶ
2835 5145 3122 5216 ἀκίνητος
3175 5145 3210 5214 ἡ
3253 5143 3310 5196 δὲ
3352 5142 3720 5214 πεποιημένη,

2138 5237 2232 5288 καὶ
2262 5236 2366 5288 ὑπὸ
2393 5237 2574 5306 χεῖρα,
2600 5237 2694 5288 καὶ
2727 5236 3163 5306 μεταπίπτουσα.
3191 5233 3303 5285 Kal
3327 5231 3408 5284 ἔτι
3443 5229 3724 5299 συντομώ-

537 5351 582 5383 ⁸¹
612 5346 717 5404 lsa.
749 5364 879 5414 Lm,
913 5348 966 5404 4.
1045 5350 1090 5381 ⁸³
1121 5350 1224 5405 lsa.
1266 5365 1375 5414 Ltv,
1406 5348 1506 5414 19.;
1544 5365 1632 5412 ιι,
1672 5349 1760 5404 18.
1837 5348 1882 5380 ⁸⁸
1910 5347 2027 5404 Matt

2135 5366 2264 5415 χχιι,
2293 5349 2386 5403 ‘21.
2463 5350 2509 5382 °'
2531 5349 2686 5404 Rcui.
2718 5364 2839 5414 xm,
2877 5348 2928 5403 7.
3006 5349 3051 5380 “
3075 5347 3235 5403 Prov.
3275 5363 3349 5409 ιιι,
3385 5345 3418 5400 5

533 5463 649 5535 (75)
684 5463 796 5519 Kal
833 5465 886 5535 νή
930 5463 1153 5534 πρώην.
1208 5463 1400 5520 Comb.
1439 5465 1682 5523 detracto
1717 5468 1773 5535 ἡ.
1830 5464 2035 5520 vertit:

466 5543 686 5590 «vestra
718 5534 914 5590 nudius
943 5537 1134 5590 tertius
1167 5537 1474 5604 celebritas,
1515 5552 1580 5593 ac
1601 5534 1914 5593 conventus.
1941 5553 1962 5586 ι

532 5604 645 5676 (74)
689 5605 878 5676 ῌόλιν
901 5605 1210 5676 πελάγιον.
1237 5605 1357 5676 Bill.
1417 5626 1436 5660 ι
1487 5608 1749 5661 marinam
1780 5605 1989 5676 urbem,
2015 5623 2037 5658 ι

531 5673 645 5746 (75)
678 5673 1007 5746 ςΥϐρισ-τάς
1057 5673 1176 5730 τῶν
1239 5675 1381 5732 ἄνω.
1425 5677 1609 5733 Schol.
1678 5674 2044 5740 Κακοδοξοῦν-

459 5741 558 5808 τας
577 5761 593 5776 ο
625 5741 651 5795 ἰ
678 5741 992 5801 Haereticos.
1017 5763 1036 5796 ι

533 5813 647 5883 (76)
682 5814 944 5869 Οῖεσθαι.
970 5815 1061 5869 Sic
1094 5815 1186 5870 0r.
1213 5815 1267 5870 2.
1293 5815 1348 5870 In
1378 5817 1462 5872 ed.
1489 5815 1685 5872 οἴεσθε.

538 5885 651 5957 (77)
679 5884 859 5941 Αὐτοὶ
881 5885 950 5939 δὲ
978 5885 1063 5958 μὴ
1087 5886 1380 5944 συνιέναι.
1416 5906 1433 5940 ι
1456 5886 1562 5945 Vos
1587 5897 1764 5945 autem
1803 5905 1910 5948 non
1934 5903 2044 5947 una

2146 5465 2499 5542 convenire.)
2536 5464 2670 5519 Tota
2702 5471 2878 5518 textus
2906 5462 3076 5542 series
3116 5461 3374 5542 postulat,
3401 5467 3459 5511 ut
3484 5459 3572 5542 Isic
3609 5459 3724 5542 haec

2145 5535 2324 5599 verba,
2359 5536 2672 5596 reddantur,
2711 5534 3002 5600 repetendo
3041 5529 3349 5589 συνιέναι,ιι
3386 5529 3552 5582 verbo
3590 5529 3724 5600 σύν-

2147 5597 2315 5668 ειμι,
2344 5623 2363 5655 ι
2403 5605 2685 5660 convenio.
2713 5623 2732 5655 ι
2774 5597 2972 5657 Billius
3022 5617 3051 5656 a
3075 5601 3318 5668 Gregorii
3347 5610 3526 5653 mente
3566 5597 3724 5668 aher~

2145 5685 2249 5739 rat,
2269 5667 2287 5754 ,ί
2305 5675 2432 5729 dum
2487 5688 2518 5728 a
2549 5676 2718 5754 verbo
2748 5674 2994 5754 συνιήμι,
3019 5667 3332 5754 _¢__intelligo,
3359 5689 3377 5722 ι
3415 5667 3632 5738 repetit,
3661 5681 3728 5722 ac

2144 5746 2309 5800 vertit
2333 5763 2347 5798 :
2382 5758 2520 5812 «vos
2542 5752 2734 5800 contra
2759 5759 2865 5798 non
2891 5741 3228 5812 intelligere.
3259 5761 3277 5792 ι

2175 5815 2330 5903 ν(78)
2361 5809 2461 5881 Οἷς
2514 5831 2599 5884 γε.
2635 5812 2849 5878 Comb.,
2905 5813 2957 5866 οἵ
2990 5806 3107 5879 γε.⁷
3137 5810 3193 5867 In
3233 5806 3576 5881 quihusdam,
3629 5806 3728 5862 zeal

2145 5905 2226 5951 οις
2257 5902 2338 5954 γε.
