3910 6214
245 415 358 474 289

1003 416 1260 475 ORATIO
1299 415 1540 470 XXXIV.
1581 444 1651 454 —
1688 413 1752 467 IN
1796 412 2277 469 A‘IGYPTIORUM
2320 408 2723 466 ADVENTUM.

3398 403 3500 460 250

241 563 413 621 τερον
442 547 636 611 εἰπεῖν,
681 545 715 614 ἡ
754 542 872 613 μὲν.
897 540 1038 612 ὑπὲρ
1078 538 1289 609 χρόνον,
1323 540 1356 607 ὴ
1389 536 1445 589 δὲ
1484 536 1588 588 ὑπὸ
1617 534 1826 605 χρόνον.

1946 535 2159 602 nuper-io
2206 533 2439 603 subjecta
2485 539 2541 587 et
2582 529 2804 584 caduca.
2831 533 3028 594 Atque,
3060 535 3118 580 ut
3153 525 3500 594 compendio-

249 640 516 695 Καλεῖται
537 637 594 690 δὲ
628 639 662 708 ἡ
699 637 818 707 μὲν,
858 632 1008 698 Θεὸς,
1041 631 1134 684 καὶ
1158 633 1214 683 ὲν
1238 629 1386 700 τρισὶ
1411 630 1523 691 τοῖς
1556 627 1832 697 μεγίστοις

254 733 495 794 ἵσταται,
534 727 714 797 αἰτίῳ,
750 727 844 778 καὶ
880 721 1215 794 δημιουργῷ,
1249 722 1342 774 καὶ
1377 717 1719 788 τελειοποιῷ·
1755 717 1832 787 τῷ

255 822 436 894 Πατρὶ
460 822 625 888 λέγω,
653 820 744 872 καὶ
767 817 843 888 τῷ
869 815 1006 886 Υἱῴ,
1039 815 1131 868 καὶ
1161 813 1239 883 τῷ
1262 813 1401 878 ἁγίω
1430 810 1729 879 [Ινεύματι.
1765 809 1832 860 Ἀ

260 915 402 984 μήτε
431 912 603 976 οὕτως
636 910 881 980 ἀλλήλων
920 905 1390 978 ἀπήρτηταισθ),
1435 903 1510 965 ὡς
1549 900 1822 982 φύσεητέ-

260 1003 518 1074 μνεσθαι·
557 1002 692 1071 μήτε
719 998 888 1060 οὕτως
911 997 1202 1049 ὲστένωται
1225 996 1358 1061 (80),
1377 994 1451 1055 ὡς
1485 992 1562 1054 εἰς
1586 989 1642 1042 ἓν
1667 989 1834 1060 πρόσ-

256 1111 410 1149 ωπον
473 1090 944 1163 περιγράφεσθαιο
991 1089 1052 1140 τὸ
1098 1087 1197 1157 μὲν
1242 1085 1352 1156 γὰρ
1393 1087 1494 1152 τῆς
1549 1081 1832 1153 ’Λρειανῆς

261 1187 485 1257 μανίας,
529 1186 588 1238 τὸ
627 1185 682 1237 δὲ
713 1184 812 1253 τῆς
842 1179 1258 1249 Σαϐελλιανικῆς
1279 1178 1388 1247 (8H
1423 1175 1612 1238 ἀθεΐας
1650 1173 1829 1226 ἐστίν·

257 1279 377 1332 ἀλλ’
399 1277 536 1339 ἐστι,
563 1277 669 1329 τῶν
703 1276 799 1347 μὲν
827 1275 1000 1343 πάντη
1040 1271 1323 1342 διαιρετῶν
1366 1267 1684 1336 ένικωτέρα,
1721 1263 1833 1318 τῶν

255 1371 318 1424 δὲ
351 1369 570 1430 τελείως
587 1367 696 1437 (82)
736 1363 1036 1437 μοναδικῶν
1087 1361 1460 1432 ἀφθονωτέρα.
1501 1359 1564 1409 Ἠ
1607 1356 1662 1408 δὲ
1713 1353 1830 1425 μεθ’

257 1464 292 1530 ἡ
304 1461 420 1531 μῶν
443 1460 505 1512 τέ
539 1461 678 1524 εστι,
719 1458 813 1511 καὶ
851 1455 1096 1508 καλεῖται
1122 1453 1319 1518 κτίσις,
1357 1450 1460 1504 κᾶν
1497 1447 1630 1502 ἄλλα
1660 1445 1832 1499 ἄλλων

259 1552 560 1624 ὑπεραίρῃ,
597 1551 737 1604 κατὰ
767 1549 863 1620 τὴν
890 1547 1178 1614 ἀναλογίαν
1214 1545 1313 1614 τῆς
1361 1541 1495 1612 πρὸς
1543 1537 1672 1590 Θεὸν
1722 1535 1832 1606 (85)

257 1645 580 1712 ὲγγύτητος.

1931 629 2042 680 sius
2092 625 2266 678 adhuc
2306 625 2520 692 loquar,
2547 620 2717 676 altera
2756 632 2918 687 supra
2956 627 3164 686 tempus
3201 624 3303 681 est»,
3329 614 3497 670 altera

1937 715 2160 784 tempori
2207 713 2412 768 subest.
2447 710 2686 766 Vocatur
2716 719 2895 762 autem
2938 706 3024 761 illa
3065 705 3304 775 quidem,
3330 703 3497 768 Deus,

1933 819 1984 861 et
2015 808 2064 859 in
2105 806 2276 858 tribus
2321 802 2568 856 maximis
2594 800 2868 863 consistit,
2897 800 2948 852 in
2976 812 3164 861 causa,
3194 797 3246 850 in
3282 794 3498 865 opiﬁce,

1933 893 1984 945 in
2031 891 2352 961 perfectore;
2407 890 2509 943 hoc
2552 897 2651 949 est,
2694 888 2746 940 in
2790 885 2972 954 Patre,
3018 886 3149 940 Filio
3193 894 3246 940 et
3293 883 3498 955 Spiritu

1934 985 2142 1030 sam-to.
2173 976 2272 1040 Qui
2306 976 2521 1044 quidem
2571 988 2668 1029 nec
2702 975 2774 1027 ila
2812 974 2955 1028 inter
2982 989 3041 1028 se
3075 974 3320 1028 distracti
3352 984 3500 1035 sunt,

1935 1080 1991 1122 ut
2020 1074 2210 1122 natura
2244 1069 2557 1122 scindantur
2585 1084 2598 1120 :
2633 1081 2732 1120 nec
2771 1080 2958 1120 rursus
2991 1065 3065 1119 ita
3099 1066 3150 1118 in
3179 1073 3387 1119 arctum
3420 1081 3505 1119 re-

1934 1163 2088 1214 dacta
2119 1171 2333 1220 natura,
2371 1159 2499 1212 utin
2529 1173 2688 1210 unam
2711 1156 3191 1210 circumscribatur
3217 1168 3504 1224 personam

1935 1253 2087 1322 (illud
2136 1252 2280 1305 enim
2315 1261 2397 1304 est
2439 1249 2636 1303 furoris
2669 1247 2874 1313 Ariani,
2918 1247 3020 1302 hoc
3051 1244 3371 1300 Sabelliauaa
3405 1246 3507 1298 im-

1935 1341 2200 1413 pietatis);
2226 1342 2318 1396 sed
2353 1350 2410 1394 ut
2441 1341 2611 1408 magis
2644 1339 2935 1410 singularis
2957 1349 3061 1403 est,
3092 1353 3251 1406 quam
3279 1351 3361 1402 ea,
3387 1351 3508 1405 qua:

1938 1438 1988 1487 iu
2038 1435 2357 1488 divisionem
2410 1434 2632 1485 omnino
2670 1432 2892 1496 cadunt,
2922 1431 2994 1484 ita
3026 1431 3310 1500 copiosior,
3341 1443 3504 1499 quam

1935 1541 1996 1579 ea
2039 1539 2156 1591 quae
2204 1537 2424 1592 prorsus
2465 1520 2760 1591 singularia
2809 1530 2954 1575 sunt.
2997 1518 3122 1574 Haec
3164 1533 3294 1574 vero
3337 1518 3506 1573 altera

1937 1615 2214 1669 uobiscum
2238 1623 2341 1677 est,
2377 1627 2440 1667 ac
2465 1623 2714 1666 creatura
2747 1612 3084 1678 nominatur;
3120 1610 3332 1666 tametsi
3367 1610 3508 1664 inter

1937 1720 2023 1760 rcs
2058 1715 2271 1759 creatas
2309 1705 2426 1757 ali-.u
2458 1704 2578 1758 aliis
2609 1703 2871 1772 dignitate
2915 1711 3192 1770 praestent,
3231 1709 3389 1755 prout
3427 1701 3508 1756 vi-

1938 1797 2134 1850 delicet
2163 1810 2390 1864 quaeque
2423 1794 2591 1849 Deum
2629 1795 2979 1864 propinquius
3005 1795 3236 1864 attingit.

332 1919 412 1974 8'.
437 1917 654 1972 Τούτων
699 1916 754 1970 δὲ
798 1915 970 1976 οὕτως
999 1911 1248 1982 ἐχόντων,
1292 1911 1398 1979 ὅτῳ
1429 1926 1526 1979 μεν
1566 1923 1597 1978 η
1639 1908 1833 1979 καρδία

2009 1886 2174 1958 624
2201 1886 2292 1939 IX.
2320 1885 2450 1952 Quae
2477 1901 2597 1939 cum
2623 1889 2696 1939 ita
2723 1901 2782 1940 se
2809 1887 3064 1948 habeant,
3101 1886 3143 1939 si
3171 1887 3292 1954 quis
3321 1900 3414 1942 cor
3441 1888 3508 1941 ad

257 2009 400 2080 πρὸς
420 2007 648 2078 Κύριον,
689 2007 784 2059 ἴτω
826 2003 943 2075 μεθ’
967 2001 1144 2073 ἡμῶν,
1182 1999 1278 2054 καὶ
1317 1997 1710 2070 προσκυνῶμεν
1735 1996 1832 2066 τὴν

258 2103 394 2176 μίαν
417 2104 476 2156 ὲν
505 2104 618 2164 τοῖς
641 2099 788 2170 τρισὶ
812 2097 1062 2166 θεὸτητα,
1093 2093 1258 2164 μηδὲν
1295 2091 1682 2160 ταπεινότητος
1713 2089 1833 2142 δνο-

260 2211 343 2265 μα
367 2195 433 2264 τῇ
464 2189 745 2262 ἀπροσίτῳ
761 2187 889 2259 δόξῃ
911 2184 1294 2256 προσάγοντες,
1322 2181 1456 2234 ἀλλὰ
1478 2179 1574 2242 τὰς
1600 2179 1836 2248 ὑψώσεις

253 2284 356 2338 τοῦ
387 2281 504 2346 ἐνὸς
533 2279 667 2333 θεοῦ
698 2281 755 2331 ὲν
782 2280 895 2339 τοῖς
914 2276 1062 2346 τρισὶ
1091 2271 1383 2334 διαπαντὸς
1414 2273 1472 2324 ὲν
1499 2268 1578 2340 τῷ
1602 2269 1834 2339 λάρυγγι

256 2374 540 2444 φέροντες.
557 2363 666 2431 Ἦς
691 2367 797 2438 γὰρ
824 2366 946 2418 οὐδὲ
972 2363 1198 2435 μέγεθος
1221 2361 1434 2430 φύσεως
1462 2358 1668 2430 κυρίως
1689 2357 1836 2411 ἐστιν

255 2465 459 2525 εἰπεῖν,
486 2460 574 2514 διὰ
606 2459 668 2512 τὸ
708 2459 932 2527 ἄπειρον
967 2455 1061 2508 ml.
1085 2454 1358 2526 ἀόριστον,
1402 2450 1520 2514 πῶς
1551 2448 1720 2520 ταύτῃ
1742 2465 1838 2501 τα-

253 2552 556 2622 πεινότητα
603 2549 990 2618 ἐπεισάξομενς
1037 2546 1230 2608 Ὅστις
1277 2543 1335 2597 δὲ
1386 2541 1679 2613 ἀλλοτρίως
1724 2541 1834 2610 ἔχει

252 2644 420 2710 Θεοῦ,
445 2642 538 2696 καὶ
568 2641 657 2695 διὰ
679 2640 835 2694 τοῦτο
859 2639 1045 2708 τέμνει
1069 2636 1168 2708 τὴν
1195 2635 1321 2706 μίαν
1366 2635 1460 2688 καὶ
1492 2634 1632 2704 ὑπὲρ
1661 2633 1838 2686 πάντα

251 2735 332 2788 τὰ
359 2735 489 2788 ὅντα
505 2733 614 2803 (84)
637 2730 821 2784 οὐσίαν
843 2732 922 2792 είς
941 2728 1234 2798 ἀνισότητα
1255 2726 1489 2795 φύσεων,
1504 2724 1834 2792 θαυμαστὸν,

250 2827 312 2882 εἰ
342 2824 418 2896 μὴ
451 2828 518 2896 τῇ
551 2821 790 2895 ῥομφαίᾳ
829 2819 1188 2891 τμηθήσεται,
1235 2817 1329 2870 καὶ
1373 2816 1434 2868 τὸ
1473 2815 1637 2886 μέρος
1674 2813 1837 2866 αὐτοῦ

255 2917 407 2990 μετὰ
436 2917 544 2970 τῶν
591 2915 834 2968 ἀπίστων
873 2911 1186 2982 τεθήσεται,
1225 2908 1462 2978 πονηρὸν
1505 2905 1838 2976 δρεπομένου

256 3009 512 3078 πονηρᾶς
537 3004 696 3076 δόξης
721 3004 949 3075 καρπὸν,
976 3003 1071 3055 καὶ
1093 3000 1188 3054 νῦν
1210 2999 1303 3052 καὶ
1324 2999 1568 3069 ὕστερον.

1939 1980 2221 2034 Dominum
2249 1980 2427 2043 habet,
2459 1978 2736 2032 nobiscum
2764 1976 3025 2046 jungatur
3045 1977 3111 2042 θ’,
3144 1987 3306 2046 atque
3346 1992 3509 2031 unam

1938 2074 1990 2125 in
2025 2071 2194 2126 tribus
2249 2072 2495 2139 personis
2534 2069 2798 2124 Deitatem
2838 2069 3144 2134 adoremus,
3179 2068 3381 2122 nullum
3412 2069 3514 2123 hu-

1939 2164 2188 2218 militatis
2217 2164 2417 2217 nomen
2452 2161 2810 2216 iuaccessibili
2848 2162 3030 2230 gloria:
3071 2160 3391 2226 tribuentes,
3418 2159 3512 2214 sed

1938 2257 2098 2310 unius
2133 2255 2221 2308 Dei
2267 2255 2320 2308 in
2355 2255 2528 2309 tribus
2557 2253 2802 2322 personis
2832 2253 3188 2307 exaltationes
3212 2265 3426 2320 semper
3460 2252 3513 2304 in

1938 2355 2156 2415 gutture
2195 2344 2432 2400 ferentes
2459 2344 2524 2397 ⁸⁸.
2558 2343 2721 2412 Cujus
2773 2343 2918 2398 enim
2972 2356 3040 2396 ne
3084 2342 3512 2412 magnitudinem

1937 2439 2154 2507 quidem
2184 2447 2410 2501 natura),
2436 2444 2655 2505 propter
2683 2434 2946 2488 inﬁnitam
2985 2443 3041 2488 et
3082 2433 3242 2488 nullis
3272 2432 3517 2488 terminis

1939 2530 2202 2585 inclusam
2244 2529 2412 2598 ipsius
2439 2528 2569 2590 vim,
2606 2526 2821 2596 prOprie
2853 2527 3032 2580 dicere
3065 2539 3374 2594 possumus,
3409 2537 3519 2590 quo

1941 2622 2156 2677 tandem
2206 2621 2364 2675 modo
2409 2619 2508 2687 ipsi
2553 2618 2910 2674 humilitatem
2957 2616 3320 2690 inducemus?
3357 2616 3517 2682 Quis-

1939 2715 2060 2784 quis
2090 2722 2266 2766 autem
2303 2727 2332 2765 a
2355 2713 2464 2766 Deo
2491 2711 2705 2765 alienus
2734 2718 2788 2763 et
2813 2723 3034 2763 aversus
3066 2718 3169 2772 est,
3197 2708 3266 2762 ob
3291 2721 3519 2776 eamque

1939 2821 2182 2869 causam,
2215 2821 2375 2857 unam
2409 2803 2553 2856 illam
2595 2802 2859 2870 rebusque
2889 2800 3142 2854 omnibus
3175 2798 3516 2868 superiorem

1941 2899 2231 2953 essentiam
2285 2897 2336 2949 in
2382 2895 2625 2964 dispares
2654 2899 2878 2947 naturas
2925 2891 3135 2958 dividit,
3168 2891 3363 2944 mirum
3387 2901 3522 2944 sane

1943 2990 2125 3054 fuerit,
2157 2991 2200 3044 si
2253 3003 2358 3042 non
2396 2988 2509 3056 ipse
2539 2986 2718 3056 gladio
2752 2984 3041 3050 dividatur,
3074 2996 3311 3052 parsque
3350 2981 3520 3051 ipsius

1942 3097 2061 3135 eum
2093 3079 2397 3134 inlidelibus
2419 3087 2649 3146 ponatur
2671 3077 2736 3143 θ’,
2767 3090 2992 3145 pravum
3024 3088 3204 3143 pravae
3237 3074 3522 3129 sententia:

1945 3173 2204 3234 fructum,
2234 3180 2290 3225 et
2319 3185 2480 3234 nunc,
2509 3177 2558 3223 et
2587 3179 2769 3238 postea
2799 3167 3166 3236 percipientis.

336 3275 396 3326 ι’.
424 3273 560 3344 Περὶ
586 3271 684 3342 μὲν
707 3269 814 3340 γὰρ
849 3268 941 3321 τοῦ
981 3265 1216 3336 Πατρὸς,
1245 3264 1299 3317 τί
1321 3263 1428 3335 χρὴ
1450 3263 1543 3316 καὶ
1561 3262 1758 3330 λέγειν,
1781 3254 1841 3314 οὗ

2015 3263 2089 3318 Χ.
2125 3263 2202 3316 Ac
2232 3262 2297 3316 de
2323 3260 2486 3314 Patre
2509 3259 2746 3329 quidem,
2781 3257 2910 3325 quid
2949 3257 3129 3311 dicere
3163 3269 3383 3312 necesse
3415 3265 3519 3321 est,

255 3368 364 3424 καί
404 3365 465 3418 τὸ
511 3361 922 3434 παρὰπάντων
958 3356 1380 3428 συγκεχωρηκὸς
1422 3353 1695 3424 φείδεσθαι
1732 3351 1844 3422 (85)

254 3463 389 3524 ταῖς
424 3459 678 3528 φυσικαῖς
728 3452 958 3516 ἐννοίαις
997 3449 1558 3522 προκατειλημμένων
1601 3447 1742 3517 (86);
1784 3446 1847 3498 Εἰ

259 3551 366 3606 καὶ
396 3549 496 3619 τῆς
518 3546 744 3616 ἀτιμίας
767 3544 836 3597 τὰ
855 3541 1048 3614 πρῶτα
1067 3540 1355 3610 ἠνέγκατο,
1386 3538 1598 3610 πρῶτος
1621 3535 1849 3607 τμηθεὶς

261 3647 351 3708 εἰς
365 3642 592 3712 Ἀγαθὸν
615 3640 711 3694 καὶ
722 3644 796 3708 Δη
805 3655 924 3708 μιου
932 3636 1061 3708 ργὸν
1075 3634 1184 3706 (87)
1200 3634 1351 3705 παρὰ
1365 3635 1463 3704 τῆς
1478 3633 1707 3703 ἀρχαίας
1720 3649 1844 3684 και-

261 3734 546 3806 νοτομίας.
571 3731 707 3802 Περὶ
728 3730 783 3783 δὲ
806 3727 899 3781 τοῦ
922 3725 1074 3792 Υίοῦ,
1099 3727 1193 3779 καὶ
1214 3723 1308 3777 τοῦ
1332 3724 1488 3792 ἁγίου
1503 3722 1841 3793 Πνεύματος,

267 3827 526 3882 σκοπεῖτε
556 3823 632 3886 ὡς
671 3819 859 3883 ἁπλῶς
893 3818 985 3874 καὶ
1019 3816 1299 3886 συντόμως
1329 3812 1699 3883 διαλεξὼμεθα
1724 3852 1738 3867 .
1780 3813 1844 3865 Εἰ

269 3917 376 3992 μέν
403 3931 490 3978 τις
514 3912 628 3984 ἔχοι
652 3912 860 3964 τούτων
882 3926 935 3961 τι
957 3907 1144 3980 λέγειν,
1161 3905 1272 3978 (88)
1310 3904 1541 3979 τρεπτὸν
1565 3904 1596 3975 ἦ
1622 3903 1844 3956 ἀλλοιω-

263 4010 388 4074 τὸν,
420 4007 453 4078 ἢ
485 4005 680 4078 χρόνῳ,
722 4003 756 4073 ἢ
803 4001 973 4070 τόπῳ,
1008 3999 1042 4070 ἢ
1085 3998 1334 4068 δυνάμει,
1373 3997 1406 4068 ἢ
1447 3996 1699 4069 ἐνεργείᾳ
1743 4012 1843 4065 με·

268 4099 590 4172 τρούμενον,
619 4094 653 4166 ἢ
677 4095 738 4146 οὐ
766 4091 1010 4162 φυσικῶς
1039 4091 1262 4160 ἀγαθὸν,
1285 4091 1318 4160 ἢ
1345 4091 1443 4142 οὐκ
1473 4088 1842 4158 αὐτοκίνητον,

269 4191 310 4262 ἢ
332 4191 431 4244 οὐκ
452 4185 817 4252 αὐτεξούσιον,
839 4185 872 4254 ἢ
893 4182 1223 4253 λειτουργὸν,
1245 4181 1278 4252 ἢ
1305 4179 1568 4251 ὑμνῳδὸν,
1596 4179 1628 4249 ἢ
1656 4178 1849 4247 φοϐού-

277 4300 460 4355 μενον,
497 4282 532 4352 ἢ
575 4277 1064 4350 ἐλευθερούμενον,
1123 4274 1158 4345 ἢ
1203 4274 1263 4326 ού
1315 4270 1842 4343 συναριθμούμενον·

270 4373 539 4428 δεικνύτω
592 4371 782 4427 τοῦτο.
836 4369 929 4422 καὶ
970 4369 1130 4438 ἡμεῖς
1172 4364 1500 4437 στέρξομεν,
1550 4362 1847 4416 συνδούλων

1944 3355 2027 3409 cui
2055 3368 2160 3408 uno
2187 3367 2452 3408 consensu
2482 3366 2692 3414 omnes,
2724 3348 3061 3403 naturalibus
3092 3346 3257 3401 animi
3291 3345 3522 3400 notioni-

1945 3448 2046 3503 bus
2074 3446 2250 3502 edocti
2276 3455 2438 3513 atque
2462 3443 2674 3509 imbuti,
2710 3439 2976 3510 parcunt?
3008 3438 3326 3508 Quanquam
3359 3439 3522 3493 etiam

1930 3541 2147 3612 ‘primas
2177 3537 2485 3606 ignominiae
2506 3535 2647 3599 tulit,
2682 3542 2864 3603 utpote
2887 3532 2978 3602 qui
3003 3533 3210 3600 primus
3235 3532 3288 3584 in
3315 3529 3522 3599 Bonum

1947 3643 2004 3686 et
2035 3630 2293 3698 Opiﬁcem
2329 3644 2359 3682 a
2395 3627 2585 3698 priscis
2629 3627 2977 3681 novatoribus
3019 3626 3285 3680 dissectus
3311 3631 3413 3677 est.
3451 3621 3524 3677 De

1949 3717 2086 3773 Filio
2111 3729 2290 3770 autem
2322 3725 2376 3768 et
2409 3714 2613 3784 Spiritu
2657 3725 2866 3778 sancto,
2899 3714 3078 3768 videte
3125 3728 3286 3783 quam
3318 3712 3516 3780 simpli-

1951 3811 2086 3864 citer
2112 3818 2166 3864 et
2199 3809 2436 3862 breviter
2473 3807 2826 3861 disseramus.
2873 3805 2929 3860 Si
2976 3805 3098 3874 quis
3137 3806 3332 3859 borum
3366 3804 3522 3857 alter-

1952 3912 2154 3970 utrum,
2186 3899 2264 3954 vel
2295 3899 2630 3954 conversioni
2657 3907 2750 3952 aut
2780 3898 3064 3951 mutationi
3088 3898 3330 3961 subesse,
3356 3895 3440 3949 vel
3473 3897 3524 3948 in

1952 3994 2231 4063 temporis,
2278 4000 2372 4046 aut
2419 3990 2544 4053 loci,
2590 4000 2684 4042 aut
2732 3989 3003 4058 potentia,
3057 3994 3150 4041 aut
3196 3985 3525 4055 operationis

1955 4098 2260 4150 mensuram
2297 4081 2511 4146 cadere,
2539 4081 2622 4134 vel
2665 4095 2771 4133 non
2827 4089 3022 4132 natura
3048 4077 3266 4140 bonum,
3294 4076 3378 4130 vel
3420 4091 3525 4130 non

1954 4190 2050 4245 per
2077 4189 2136 4230 se
2163 4175 2392 4238 moveri,
2419 4172 2503 4228 vel
2541 4171 2754 4226 arbitrii
2788 4171 3037 4225 libertate
3074 4184 3280 4236 carere,
3318 4168 3402 4222 vel
3430 4167 3523 4222 mi-

1956 4269 2208 4334 nistrum,
2229 4267 2314 4322 vel
2340 4267 2533 4321 divinat
2555 4265 2727 4319 laudis
2754 4273 3051 4326 cautorem,
3082 4262 3165 4317 vel
3203 4271 3528 4318 metuentem

1955 4361 2038 4414 vel
2073 4361 2325 4416 libertate
2352 4357 2629 4424 donatum,
2660 4358 2743 4413 vel
2771 4372 2879 4411 non
2908 4355 3065 4409 simul
3093 4370 3214 4409 cum
3237 4353 3398 4408 Patre
3425 4359 3524 4408 nu-

274 4465 567 4537 σεμνότοοτι
597 4461 964 4531 δοξαζόμενοι,
993 4436 1046 4511 εἰ
1080 4457 1173 4511 καὶ
1211 4436 1343 4509 Θεὸν
1382 4453 1745 4526 ζημιούμεθα.
1784 4454 1842 4506 El

1954 4462 2240 4517 meralum,
2277 4452 2456 4507 dicere
2487 4459 2697 4521 potest;
2728 4450 2829 4504 hoc
2849 4448 3121 4515 ostendat,
3149 4455 3204 4503 et
3223 4447 3514 4516 acquiesce-

382 4603 428 4634 ⁸⁷
456 4601 623 4657 Exod.
657 4614 830 4665 xxx",
861 4596 949 4651 26.
1024 4595 1069 4626 ⁸⁸
1097 4593 1240 4648 Psal.
1269 4607 1449 4658 cmx,
1476 4591 1528 4645 6.

350 4763 468 4832 (79)
507 4762 878 4832 Ἀπηρτηται.
941 4755 1108 4832 C_nisl.
1137 4754 1196 4832 ι,
1238 4752 1490 4832 διῄρηται
1513 4751 1598 4832 ’ὡς
1624 4750 1701 4831 εἰς
1729 4748 1854 4820 τρία

273 4822 487 4901 ἒκῲυλα
514 4831 606 4883 καὶ
636 4822 892 4901 ἆλλότρια
933 4824 1256 4901 τέμνεσθαιο
1300 4822 1341 4874 vi
1362 4822 1476 4878 Non
1509 4823 1584 4901 ita
1627 4822 1770 4901 inter
1796 4835 1856 4901 se

274 4891 925 4963 dirimuntur,utin'tres
972 4891 1216 4950 diversas
1264 4904 1423 4960 atque
1472 4892 1677 4947 alienas
1723 4891 1855 4945 divi-

275 4977 478 5027 dantur
507 4980 747 5024 naturas.
773 4985 791 5017 ›
827 4963 884 5019 In
917 4965 1208 5024 nonnullis,
1235 4963 1534 5034 ἁτε-ᾕρηται.

351 5042 467 5113 ίὸθ)
498 5039 661 5113 Μήτε
695 5036 884 5113 οὕτως
908 5035 1247 5113 ἐςᾳτένωται,
1282 5028 1388 5088 etC.
1412 5028 1637 5113 Eetnpe,
1667 5028 1857 5083 δεσπο-

272 5105 422 5177 τεία,
448 5105 488 5162 ἰ
509 5105 823 5168 dominatio,
846 5125 875 5177 »ν
924 5107 974 5159 id
997 5114 1099 5177 est,
1158 5123 1176 5156 ι
1201 5114 1391 5158 natura
1425 5105 1622 5177 divina,
1651 5120 1669 5151 ι
1733 5116 1848 5177 seu,

280 5199 307 5234 ι
337 5169 636 5237 εεέεηιίθη
689 5178 782 5230 Sic
810 5176 974 5231 etiam
1015 5169 1091 5227 ad
1116 5183 1362 5227 naturam
1410 5172 1668 5236 divinam,
1707 5169 1853 5224 refe-

279 5252 450 5309 renda
477 5260 606 5304 sunt
633 5247 1124 5317 sequentiaverba,
1164 5241 1478 5314 ἐνικωτέρα,
1505 5251 1576 5317 _et
1614 5240 1856 5317 ἀφθονω-

279 5321 439 5392 τέρα.
479 5319 596 5374 Non
659 5309 797 5372 bene
835 5314 1024 5392 _Bill_i_us
1055 5309 1769 5392 ad_per_sonas_refert,.quae
1791 5311 1857 5364 de

283 5381 508 5454 natura,
534 5403 629 5444 seu
651 5385 886 5442 essentia
914 5385 1092 5439 divina
1131 5381 1473 5454 intelligenda
1514 5381 1854 5435 manifestum

278 5470 406 5526 est;
453 5453 616 5528 atque
643 5457 830 5528 etiam,
887 5464 946 5528 ut
975 5454 1061 5528 ita_
1080 5453 1463 5528 intelligantur,
1504 5465 1633 5528 sana
1670 5459 1857 5528 postu-

281 5517 364 5586 lat
389 5517 684 5598 theologia.
720 5517 826 5598 Sic'
853 5525 998 5598 enim
1047 5523 1222 5579 locum
1252 5517 1422 5576 'vertit
1449 5517 1468 5576 7:
1496 5538 1528 5598 _¢
1549 5517 1764 5598 N_ec_'ita
1802 5519 1856 5573 in

282 5610 497 5655 arctum
533 5589 760 5659 re'dacti,
797 5605 854 5648 ut
903 5593 954 5647 in
979 5609 1141 5648 unam
1177 5605 1461 5660 personam
1495 5589 1857 5660 includantur,

281 5680 341 5725 et
389 5667 907 5724 circumscribantur
951 5701 1006 5718 ..
1035 5701 1050 5716 .
1097 5659 1191 5717 sed
1235 5671 1292 5714 ut.
1341 5660 1510 5729 magis
1557 5659 1859 5728 singulares

287 5750 440 5803 sunt,
466 5752 628 5808 quam
652 5751 753 5808 ea,
781 5749 902 5808 quae
930 5733 986 5788 in
1047 5732 1366 5788 divisionem
1387 5731 1608 5786 omnino
1638 5731 1859 5793 cadum,

287 5811 366 5864 ita
406 5806 603 5864 rursus
635 5806 971 5874 copiosiores
1001 5811 1148 5872 sunt,
1181 5815 1341 5872 quam
1371 5814 1457 5866 ea,
1497 5814 1618 5871 quae
1641 5815 1860 5868 prorsus

287 5877 584 5952 singularia
609 5885 753 5935 sunt.
781 5893 801 5928 ι

1605 4591 1648 4622 ⁸⁸
1677 4589 1805 4644 Luc.
1839 4604 1934 4655 xu,
1961 4588 2047 4643 46.

1952 4745 2656 4888 λιέὲἑέοΣαϐελλιανικῆς.
2682 4747 2795 4802 Ι)υο
2814 4745 2982 4818 Regg.
3014 4757 3064 4802 et
3091 4747 3303 4810 Comb.,
3327 4742 3521 4798 Σαϐελ-

2026 4884 2136 5027 ἒ82)
2167 4887 2431 4952 Τελείως.
2462 4885 2628 4941 Coisl.
2661 4887 2684 4939 l
2715 4895 2768 4940 et
2795 4887 3005 4950 Comb.,
3036 4884 3333 4947 παντελῶς.

2048 4961 2136 5027 85)
2167 4957 2324 5026 Πρὸς
2357 4958 2522 5027 (dedit.
2563 4959 2616 5009 In
2640 4958 2931 5020 nonnullis,
2966 4957 3102 5026 πρὸς
3139 4956 3230 5008 τὸν
3256 4955 3333 5006 Θε‹

2048 4954 2136 5028 85)
2167 4957 2324 5026 Πρὸς
2357 4958 2522 5028 (dedit.
2563 4959 2616 5009 In
2640 4958 2931 5028 nonnullis,
2966 4957 3102 5026 πρὸς
3139 4956 3230 5008 τὸν
3256 4954 3410 5008 Θεόν.

2049 5025 2139 5096 84)
2168 5029 2244 5082 Τὰ
2269 5029 2430 5080 ὄντα.
2469 5025 2594 5096 Hmc
2629 5027 2825 5080 desunt
2853 5029 2905 5080 in
2931 5025 3062 5095 Reg.
3086 5043 3136 5078 ιι.

2050 5090 2140 5170 85)
2170 5098 2499 5152 Φείδεσθαι.
2533 5095 2665 5164 Reg.
2702 5111 2755 5160 a,
2804 5097 2966 5152 Coisl.
3003 5090 3037 5149 ἱ
3065 5105 3121 5150 et
3167 5091 3378 5157 Comb.,
3412 5090 3527 5162 φείσ

1950 5169 2133 5308 δεῑὲἓ)
2163 5234 2787 5319 Προκατειλημμένων.
2840 5233 2897 5288 In
2949 5231 3243 5299 nonnullis,
3292 5229 3511 5302 ἠττημέι

1952 5318 2562 5460 νωᾷ73ηἲῖἓ.’λγῃθόν
2608 5373 3126 5460 καὶ-ᾼημιοιῳγόνέ
3185 5387 3204 5420 ι
3231 5367 3291 5460 In
3323 5368 3528 5460 Bonum

1954 5461 2006 5504 et
2031 5444 2308 5517 Opiﬁcem.
2336 5467 2354 5499 ι
2388 5444 2506 5501 Duo
2561 5449 2820 5514 principia
2869 5455 3076 5517 veteres
3109 5444 3369 5517 haeretici,
3413 5452 3526 5490 nna-

1959 5511 2100 5574 xime
2120 5519 2470 5580 Marcionita,
2500 5511 2918 5578 constituebant,
2949 5512 3176 5566 alterum
3214 5527 3233 5561 ι
3257 5511 3480 5580 bonum,
3504 5523 3528 5559 ι

1955 5592 2182 5645 alterum
2214 5607 2233 5640 ι
2264 5576 2482 5640 malum.
2508 5604 2527 5637 ι
2587 5585 2688 5639 Per
2728 5605 2746 5636 ι
2774 5576 2992 5650 malum,
3020 5601 3040 5635 ι
3077 5594 3258 5637 rerum
3313 5576 3521 5636 eﬂecto-

1957 5677 2090 5724 rem,
2121 5655 2893 5729 δημιουργόν,ἰηιεΙιίςθικιηι.

2029 5713 2402 5800 (δὲλἎέγεὶῷο.
2431 5713 2533 5800 _S_ic
2563 5713 2742 5794 plures
2771 5724 2928 5781 codd.
2958 5731 3014 5781 et
3039 5720 3260 5794 quidem
3285 5713 3528 5774 melioris

1960 5796 2131 5856 notat.
2148 5799 2205 5853 ln
2229 5796 2409 5865 editis,
2431 5796 2597 5864 λέγοι.
