3910 6214
386 356 498 418 εει

1592 357 1650 414 S.
1693 358 2028 417 GREGORII
2068 357 2413 416 THEOLOGI

3536 356 3652 420 259

390 491 537 540 mus,
569 485 777 547 nosque
811 490 1198 534 conservorum
1228 477 1399 549 gloria
1431 486 1483 533 et
1505 477 1768 547 dignitate
1794 479 1965 532 hono-

2081 478 2124 531 ῑὲ
2148 477 2327 531 πάντα
2352 477 2452 528 ὅσα
2484 473 2597 545 ἔχει
2631 473 2662 528 ὁ
2693 474 2905 546 Πατὴρ,
2938 471 3033 533 τοῦ
3057 472 3186 526 Υἱοῦ
3218 473 3354 540 ἐστι,
3387 471 3527 545 πλὴν
3543 474 3652 548 τῆς

389 567 500 623 rari
525 566 779 633 feremus,
825 567 922 623 Dei
974 568 1099 623 licet
1140 567 1410 638 iacturam
1470 568 1752 625 faciamus.
1791 569 1861 623 At
1895 569 1961 635 si,

386 655 647 727 quidquid
702 655 863 712 Pater
909 656 1091 724 habet,
1118 657 1285 724 idem,
1324 667 1523 727 praeter
1562 672 1803 724 causam,
1845 657 1965 712 Filii

391 757 511 814 est;
543 746 806 819 quidquid
837 747 964 803 item
1005 747 1177 804 Filius
1205 749 1386 817 habet,
1422 749 1562 804 idem
1595 763 1811 820 quoque
1844 748 1967 818 Spi-

387 836 529 893 ritus
572 837 747 893 sancti
793 847 897 904 est,
932 849 1126 906 praeter
1171 838 1507 905 filiatiottem,
1551 853 1723 908 eaque
1759 840 1964 904 omnia,

386 945 506 999 qua:
527 944 787 1000 corporea
810 931 1017 985 ratione
1039 932 1105 985 de
1134 946 1199 987 eo
1223 931 1604 1000 praedicantur,
1637 940 1856 1000 propter
1878 945 1964 986 me

387 1021 684 1087 hominem,
725 1036 1005 1089 meamque
1037 1021 1285 1088 salutem,
1320 1032 1396 1089 ut,
1430 1022 1571 1091 quod
1612 1037 1789 1076 meum
1820 1032 1961 1087 erat,

385 1108 660 1177 accipiens
683 1108 824 1176 quod
850 1124 1005 1162 suum
1027 1118 1129 1173 esl,
1155 1109 1284 1164 mihi
1315 1124 1411 1179 per
1433 1125 1625 1165 novatn
1659 1109 1796 1163 hanc
1817 1124 1964 1162 com-

394 1199 702 1254 ntistionem
748 1200 1043 1269 largiatur;
1080 1200 1292 1254 tandem
1330 1201 1618 1270 aliquando
1651 1202 1837 1271 nugari
1869 1202 1960 1256 de-

2070 570 2251 634 αἰτίας
2266 568 2408 640 (89)·
2445 570 2623 623 πάντα
2661 568 2720 623 δὲ
2754 570 2855 622 ὅσα
2885 565 2999 621 τοῦ
3021 565 3173 628 Υίοῦ,
3218 566 3311 620 καῖ
3344 565 3438 619 τοῦ
3474 567 3648 621 Ilvati-

2074 678 2265 733 ματος,
2301 660 2441 733 πλὴν
2478 661 2578 732 τῆς
2610 661 2877 731 υἱότητος,
2917 659 3012 713 καὶ
3040 658 3150 713 τῶν
3179 659 3280 712 ὅσα
3316 661 3647 730 σωματικῶς

2071 752 2200 824 περὶ
2234 748 2401 804 αὐτοῦ
2444 749 2661 819 λέγεται
2683 750 2770 804 διὰ
2794 750 2907 803 τὸν·
2929 749 3061 822 ἐμὸν
3084 748 3368 820 ἄνθρωπον
3386 749 3523 821 (90),
3551 751 3651 806 καὶ

2069 843 2170 925 τὴν
2209 841 2349 913 ἐμὴν
2372 841 2668 914 σωτηρίαν,
2719 843 2807 896 ἵνα
2835 841 2897 895 τὸ
2930 841 3062 912 ἐμὸν
3104 840 3306 909 λαϐὼν,
3348 842 3412 895 τὸ
3451 841 3650 897 ἑαυτοῦ

2067 932 2361 1004 χαρίσηται
2405 933 2493 987 διὰ
2537 933 2636 1004 τῆς
2688 928 2882 1003 καινῆς
2930 932 3318 1003 ἀνακράσεωςο
3363 933 3653 990 παύσασθε

2069 1024 2512 1097 παραληροῦντες
2534 1025 2632 1096 ὀψὲ
2664 1024 2819 1093 γοῦν,
2842 1018 2888 1077 ὦ
2919 1024 3173 1094 σοφισταὶ
3203 1024 3375 1079 κενῶν
3409 1025 3521 1096 (91)
3551 1029 3657 1097 ρη-

2074 1117 2280 1187 μάτων,
2313 1117 2477 1170 αὐτοῦ
2516 1117 2856 1172 πιπτόντων.
2881 1116 2991 1170 Καὶ
3034 1118 3122 1170 ἴνα
3158 1117 3212 1170 τί
3240 1116 3651 1189 ἀποθνήσκετε,

2066 1202 2214 1269 οἶκος
2252 1206 2495 1278 Ἰσραὴλ,
2550 1207 2617 1260 ἵν’
2655 1209 2719 1259 ὲκ
2756 1207 2855 1277 τῆς
2885 1206 3111 1278 Γραφῆς
3144 1207 3290 1277 ὑμᾶς
3328 1207 3651 1280 ὁδύρωμαι;

380 1288 583 1355 sinite,
634 1304 667 1344 o
696 1289 936 1344 inanium
985 1292 1272 1345 vcrlmrnm
1322 1307 1386 1347 ac
1437 1292 1618 1346 statim
1661 1294 1965 1348 cadentium
2005 1296 2262 1353 artifices.
2306 1300 2375 1353 Et
2420 1315 2610 1370 quare,
2645 1308 2703 1354 ut
2729 1314 2795 1353 ex
2844 1299 3125 1369 Scriptura
3188 1313 3281 1354 vos
3341 1297 3652 1368 deplorem,

387 1380 716 1447 moriemini,
746 1383 936 1437 domus
967 1381 1131 1436 lsrael
1169 1382 1261 1434 ὀἳ

459 1474 554 1531 XI.
581 1479 698 1545 Ipse
726 1474 994 1543 equidem,
1022 1483 1076 1527 et
1107 1471 1270 1526 Verbi
1302 1474 1685 1543 appellationes
1712 1486 1789 1533 tot
1812 1476 1961 1531 scili-

387 1579 475 1623 cet
517 1578 734 1639 tamque
770 1582 990 1634 magnas
1021 1575 1076 1620 et
1120 1565 1397 1632 sublimes,
1428 1566 1590 1637 625
1619 1576 1819 1638 etquae
1853 1569 1963 1620 da:-

2139 1475 2243 1529 IA’.
2283 1474 2371 1538 Ὠς
2390 1474 2566 1544 ἔγωγε
2583 1473 2835 1546 αἰδοῦμαι
2881 1475 2979 1546 μὲν
3013 1476 3113 1539 τάς
3137 1446 3230 1529 τοῦ
3266 1475 3437 1546 Λόγου
3469 1458 3652 1549 προσ·
3722 1462 3725 1463 ν

2067 1567 2336 1638 ηγορίας,
2377 1566 2645 1630 τοσαύτας
2692 1584 2753 1619 τε
2803 1565 3002 1631 οὔσας,
3058 1566 3153 1620 καὶ
3208 1566 3382 1633 οὕτως
3435 1567 3653 1638 ὑψηλὰς

388 1661 642 1715 monibus
673 1660 835 1714 etiam
867 1658 1124 1728 pudorem
1153 1659 1520 1725 incusserunt,
1552 1675 1822 1717 revereor.
1854 1661 1958 1714 Re-

2081 1661 2160 1715 tal
2194 1660 2455 1731 μεγάλας,
2493 1659 2561 1724 ἃς
2599 1660 2695 1713 κα)¹
2734 1659 3429 1731 δαίμονες.ὲνετράπησαν·
3464 1658 3652 1714 αἰδοῦ-

386 1762 580 1803 vereor
609 1749 770 1802 etiam
809 1745 1043 1816 Spiritus
1090 1747 1260 1801 sancti
1313 1747 1708 1816 aequalitatem;
1740 1765 1804 1804 ac
1831 1764 1962 1804 con-

387 1839 632 1895 stitutam
679 1837 735 1893 in
769 1853 885 1905 eos,
914 1838 1006 1907 qui
1054 1837 1385 1907 blasphemis
1413 1838 1592 1893 verbis
1620 1853 1742 1893 eum
1795 1841 1965 1910 impe-

387 1938 508 1986 tunt
554 1931 622 1996 “,
687 1930 1162 1985 comminationem
1220 1929 1565 1997 pertimesco.
1623 1928 1964 2000 Blaspltemia

382 2036 551 2091 porro
574 2029 682 2088 est,
710 2037 815 2076 non
865 2020 1149 2090 theologia,
1183 2019 1233 2075 ei
1271 2019 1605 2075 divinitatem
1629 2020 1864 2076 auferre.
1902 2022 1964 2076 In

386 2128 497 2184 quo
524 2113 653 2167 illttd
674 2113 1088 2176 observandum,
1115 2111 1262 2182 quod
1294 2111 1361 2174 is,
1394 2112 1846 2183 quiblaspltemis
1868 2129 1964 2168 vo-

387 2207 541 2260 cibus
587 2203 979 2267 incessebatur,
1016 2202 1275 2259 Dominus
1319 2211 1467 2270 erat;
1516 2203 1564 2258 is
1630 2210 1832 2271 autem,
1873 2205 1963 2274 qui

385 2295 782 2362 vindicabatur,
818 2294 1051 2363 Spiritus
1085 2303 1326 2360 sanctus,
1360 2294 1547 2363 procul
1581 2295 1744 2350 dubio
1775 2306 1832 2349 ttt
1855 2296 1962 2351 Do-

384 2388 586 2443 minus.
620 2386 737 2441 Non
770 2385 1031 2450 suStineo,
1065 2394 1186 2455 post
1220 2385 1664 2441 illuminationem
1696 2386 1832 2443 lucis
1868 2403 1964 2442 ex-

384 2496 512 2551 pers
558 2493 699 2545 esse,
729 2472 998 2547 quidpiam
1032 2478 1193 2531 trium
1239 2477 1291 2530 in
1318 2493 1438 2547 qua:
1477 2476 1783 2548 baptizatus
1819 2494 1961 2546 sum,

389 2571 722 2637 adulterans,
753 2584 818 2624 ac
851 2583 973 2623 vere
1008 2569 1060 2623 in
1089 2568 1245 2638 aquis
1287 2569 1524 2637 sepeliri,
1557 2570 1773 2625 nonoad
1808 2585 1962 2642 rege-

391 2663 755 2727 nerationem,
783 2662 874 2716 sed
907 2661 973 2714 ad
999 2669 1225 2722 mortem
1260 2660 1526 2717 initiatus.

454 2755 574 2809 XII.
618 2754 887 2809 Audacius
940 2752 1141 2822 aliquid
1178 2752 1488 2823 proloquar,
1522 2767 1557 2807 o
1588 2751 1863 2819 Trinitas;
1899 2767 1964 2809 ac

383 2846 681 2903 temeritati
716 2845 870 2901 venia
899 2845 1054 2900 detur
1085 2861 1101 2911 ;
1144 2859 1268 2899 nam
1291 2843 1359 2898 de
1388 2844 1581 2898 animae
1610 2843 1785 2900 salute
1816 2832 1962 2914 peri-

381 2936 561 2994 culum
590 2948 693 2991 est.
723 2935 814 2990 Dei
844 2948 1056 3006 quoque
1084 2934 1197 3002 ipse
1218 2949 1336 2989 sum
1365 2936 1563 3001 imago,
1586 2950 1833 3003 supernae
1857 2935 1963 2991 sci-

2069 1770 2167 1823 μαι
2193 1753 2250 1806 δὲ
2283 1752 2380 1824 τὴν
2421 1751 2713 1823 ὁμοτιμίαν
2756 1750 2851 1806 τοῦ
2898 1751 3247 1823 Πνεύματοςο
3291 1750 3652 1822 φοϐοῦμαιδὲ

2062 1843 2162 1914 τὴν
2188 1843 2503 1915 ὡρισμένην
2536 1844 2765 1915 ἀπειλὴν
2793 1845 2908 1907 τοῖς
2955 1845 3037 1907 είς
3070 1844 3204 1897 αὐτὸ
3237 1843 3647 1915 βλασφημοῦσι.

2064 1936 2391 2006 Βλασφημία
2419 1936 2496 2000 δὲ,
2528 1937 2626 2007 οὑχ
2663 1939 2697 2007 ἡ
2729 1935 2997 2005 θεολογία,
3030 1936 3090 1990 τὸ
3119 1937 3177 1990 δὲ
3209 1936 3522 2010 ἀλλοτριοῦν
3546 1938 3652 2009 τῆς

2064 2027 2336 2098 θεότητος.
2357 2027 2468 2081 Καὶ
2492 2026 2758 2100 τηρητέον
2782 2026 3036 2091 ἐνταῦθα,
3062 2027 3143 2080 ὅτι
3171 2027 3231 2080 τὺ
3267 2028 3365 2098 μὲν
3401 2026 3653 2099 βλασφη-

2067 2116 2357 2189 μούμενον,
2388 2119 2415 2171 ὁ
2445 2117 2648 2188 Κύριος
2663 2113 2759 2189 ἦν·
2782 2118 2844 2171 τὸ
2875 2118 2931 2170 δὲ
2962 2117 3363 2188 ὲκδικούμενον,
3390 2118 3451 2172 τὸ
3476 2117 3655 2171 Πνεῦ-

2067 2227 2146 2281 μα
2176 2210 2237 2263 τὸ
2267 2210 2445 2278 ἅγιον,
2490 2208 2647 2279 δῆλον
2685 2208 2761 2273 ὡς
2799 2209 3029 2281 Κύριος.
3076 2209 3151 2262 Οὐ
3191 2209 3472 2281 φέρω(92)
3496 2207 3652 2278 ἀφώ-

2063 2316 2243 2362 τιστος
2290 2294 2428 2353 εἶναι
2481 2299 2621 2370 μετά
2670 2298 2731 2351 τὸ
2783 2297 3062 2369 φώτισμα,
3115 2298 3563 2371 παραχαράσσων
3595 2316 3655 2353 τι

2061 2395 2170 2448 τῶν
2204 2394 2393 2466 τριῶν.
2425 2395 2504 2458 εἰς
2535 2393 2570 2448 ἃ
2604 2393 2997 2465 βεϐάπτισμαι,
3025 2392 3119 2446 καὶ
3156 2393 3326 2456 ὁντως
3348 2392 3460 2463 (95)
3492 2394 3655 2447 ἐντα-

2063 2481 2227 2551 φῆναι
2252 2479 2330 2551 τῷ
2356 2480 2530 2547 ὒδατι,
2561 2481 2660 2534 οὐκ
2686 2483 2767 2544 είς
2792 2481 3174 2552 ἀναγέννησιν,
3204 2481 3318 2535 ἀλλ’
3343 2483 3423 2546 είς
3441 2481 3658 2554 νέκρω-

2066 2590 2151 2628 σιν
2183 2572 2391 2627 τελειού
2400 2590 2560 2644 μενος

2135 2746 2238 2801 lB'.
2261 2745 2456 2818 Τολμῶ
2487 2765 2539 2801 τι
2572 2746 2928 2817 φθέγξασθαι,
2955 2742 3000 2802 ὦ
3026 2749 3197 2819 Τριάς
3220 2764 3234 2778 ·
3272 2716 3367 2804 καί
3401 2751 3655 2820 συγγνώ-

2067 2855 2143 2909 μη
2175 2841 2239 2909 τῇ
2276 2838 2537 2910 ἀπονοίςν
2588 2838 2722 2910 περ).
2754 2837 2931 2909 ψυχῆς
2976 2838 3088 2910 γὰρ
3115 2841 3144 2892 ὁ
3176 2839 3438 2905 κίνδυνος.
3468 2840 3655 2895 Είκών

2064 2930 2181 2998 είμι
2213 2928 2308 2981 καὶ
2347 2928 2512 2992 αὐτὸς
2551 2926 2711 2992 Θεοῦ,
2744 2928 2845 2999 τῆς
2889 2928 3002 2982 ἀνω
3038 2928 3219 2999 δόξης,
3269 2933 3318 2983 εἰ
3363 2932 3459 2985 καὶ
3498 2932 3655 2987 κάτω

382 3027 518 3084 licet.
552 3028 771 3098 gloriae,
809 3027 934 3081 licet
972 3026 1122 3080 humi
1174 3025 1404 3094 positus.
1456 3025 1572 3080 Non
1633 3028 1870 3081 adducor
1907 3035 1965 3080 ut

2081 3019 2336 3090 ιέθειμαι.
2387 3020 2461 3073 Οὺ
2498 3019 2757 3091 πείθομαι
2784 3018 2861 3090 τῷ
2889 3020 3136 3091 ὁμοτίμῳ
3168 3020 3455 3085 σώζεσθαι.
3486 3023 3549 3075 El
3577 3022 3653 3094 μὴ

382 3118 625 3182 credam,
658 3117 789 3173 mihi
822 3124 890 3171 ab
925 3116 1115 3186 atquali
1148 3117 1375 3172 salutem
1407 3115 1611 3172 afferri.
1646 3118 1701 3172 Si
1735 3118 1968 3187 Spiritus

388 3217 613 3263 sanctus
640 3207 780 3261 Deus
828 3223 931 3260 non
978 3216 1084 3271 est,
1131 3205 1274 3261 Deus
1305 3208 1454 3275 prius
1485 3207 1770 3273 elliciatur,
1807 3219 1969 3280 atque

382 3299 461 3355 ita
510 3301 722 3355 demum
774 3315 880 3365 me,
931 3298 1191 3367 aqualem
1245 3314 1423 3366 suum,
1462 3301 1627 3355 Deum
1658 3300 1872 3357 eﬂiciat.
1903 3304 1970 3357 At

383 3406 547 3457 nunc,
573 3405 693 3460 qua:
706 3390 819 3444 haec
838 3389 1023 3459 gratia:
1038 3390 1330 3459 intpostura
1353 3403 1454 3456 est,
1471 3392 1551 3445 vel
1564 3408 1749 3448 eorum
1771 3395 1966 3464 potius,

383 3484 474 3552 qui
499 3483 728 3552 gratiam
758 3482 1019 3546 tribuunt,
1053 3481 1199 3535 velut
1226 3481 1279 3535 in
1310 3483 1474 3536 Deunt
1504 3485 1748 3549 credere,
1773 3494 1828 3538 et
1858 3486 1975 3541 Deo-

386 3575 638 3630 orbatum
690 3574 982 3627 recedere?
1017 3574 1174 3628 Aliud
1220 3574 1520 3644 professum
1566 3590 1707 3643 esse,
1737 3586 1791 3630 et
1825 3578 1969 3632 aliud

385 3666 605 3722 doceri?
635 3664 829 3732 Quales
864 3664 1074 3719 furtivae
1095 3665 1380 3719 verborum
1428 3665 1661 3732 fraudes,
1687 3683 1782 3737 per
1810 3668 1968 3723 aliam

382 3756 868 3827 interrogationem
904 3763 961 3810 et
991 3754 1409 3821 confessionem,
1437 3757 1542 3811 alio
1572 3757 1851 3813 ferentes?
1888 3759 1970 3814 Me

383 3850 643 3905 miserum
671 3846 980 3916 Splendoris
1009 3846 1170 3916 hujus
1199 3847 1440 3916 nomine,
1475 3850 1519 3903 si
1548 3858 1673 3918 post
1701 3849 1969 3905 lavacrum

383 3943 539 4012 niger
568 3940 792 3994 ell'ectus
816 3953 956 4007 sum,
989 3938 1036 3992 si
1070 3953 1167 3992 eos
1193 3939 1286 4007 qui
1315 3938 1552 3993 nondum
1582 3941 1790 4008 purgati
1822 3950 1966 4007 sunt,

389 4029 786 4099 splendidiores
821 4042 1006 4093 cerno,
1040 4030 1085 4081 si
1133 4041 1228 4096 per
1271 4042 1491 4099 pravam
1530 4028 1819 4085 initiatoris
1863 4030 1969 4085 mei

385 4119 724 4185 doctrinam,
775 4128 1031 4188 tanquam
1076 4119 1201 4174 talis
1247 4119 1570 4189 quibusdam
1621 4119 1861 4186 deludor,
1921 4123 1968 4177 si

382 4213 811 4284 praestantiorem
831 4211 1091 4280 Spiritum
1113 4227 1321 4281 quaero,
1344 4227 1445 4267 nec
1473 4213 1712 4269 invenio.
1737 4213 1813 4268 Da
1839 4215 1969 4269 mihi

384 4303 613 4358 alterum
660 4302 955 4367 lavacrum,
1000 4317 1085 4358 ac.
1115 4313 1227 4357 tum
1278 4304 1344 4358 de
1383 4303 1563 4372 priore
1600 4303 1742 4357 male
1771 4304 1967 4373 cogita.

2070 3110 2202 3177 Θεὸς
2227 3112 2288 3164 τὸ
2312 3110 2539 3182 Πνεῦμα
2566 3112 2627 3166 τὸ
2650 3111 2827 3181 ἆγιον,
2858 3111 3116 3183 θεωτήτω
3146 3112 3360 3184 πρῶτον
3385 3113 3520 3183 (94),
3553 3113 3648 3166 καὶ

2069 3201 2213 3257 οὕτω
2246 3202 2451 3257 θεούτω
2485 3220 2553 3275 με
2595 3204 2686 3256 τὸν
2718 3205 3002 3275 ὁμότιμον.
3047 3203 3161 3257 Νῦν
3191 3204 3248 3256 δὲ
3290 3204 3372 3267 τίς
3402 3206 3435 3275 ἡ
3465 3204 3650 3259 ἀπάτη

2068 3295 2169 3367 τῆς
2202 3296 2442 3367 χάριτος,
2474 3297 2675 3367 μᾶλλον
2705 3297 2784 3362 δὲ,
2815 3297 2924 3349 τῶν
2955 3297 3202 3350 διδόντων
3234 3295 3333 3367 τὴν
3360 3297 3541 3368 χάριν,
3574 3296 3650 3361 ὡς

2071 3389 2151 3450 είς
2180 3387 2312 3441 Θεὸν
2343 3388 2651 3453 πιστεῦσαι,
2701 3389 2795 3443 καὶ
2831 3389 3073 3443 ἀνελθεῖν
3110 3387 3300 3453 ἀθεον;
3349 3389 3476 3442 ἄλλο
3514 3387 3650 3442 καθ-

2071 3479 2425 3550 ομολογῆσαι,
2450 3481 2542 3534 καὶ
2555 3480 2682 3534 ἄλλο
2714 3480 3058 3535 διδάσκεσθαι
3080 3498 3094 3545 ;
3129 3482 3238 3534 οἵαι
3265 3480 3375 3534 τῶν
3398 3480 3573 3549 λόγων
3595 3480 3650 3537 a.I

2070 3558 2271 3622 κλοπαὶ
2300 3570 2413 3639 (95)
2466 3571 2561 3623 καὶ
2609 3568 2838 3633 ἀπάται,
2884 3569 2950 3623 δι’
2996 3569 3162 3641 ἄλλης
3204 3571 3528 3641 ἐρωτήσεως
3558 3568 3648 3623 καὶ

2070 3661 2385 3731 ὁμολογίας,
2427 3663 2508 3725 είς
2554 3661 2680 3714 ἄλλο
2715 3661 2974 3732 φέρουσαι
2999 3661 3145 3733 (96);
3181 3662 3339 3733 Οίμοι
3379 3663 3477 3733 τῆς
3514 3662 3639 3733 λαμι

2072 3753 2367 3824 πρὸτητος,
2428 3754 2476 3805 εί
2525 3753 2665 3822 μετά
2713 3752 2804 3806 τὸν
2857 3752 3079 3824 λουτρὸν
3139 3753 3551 3824 μεμελάνωμαι,
3603 3755 3655 3807 εί

2070 3844 2490 3915 λαμπροτέρους
2514 3844 2625 3914 ὁρῶ
2655 3845 2783 3908 τοὺς
2809 3841 2963 3897 οὔπω
3005 3842 3468 3914 κεκαθαρμένους,
3498 3846 3547 3897 εί
3583 3845 3654 3914 τῇ

2069 3933 2164 3988 τοῦ
2208 3934 2507 4004 βαπτιστοῦ
2556 3934 2848 4005 κακοδοξίᾳ
2894 3934 3198 4006 κυϐεύομαι
3227 3934 3359 4005 (97),
3404 3937 3454 3988 εί
3502 3932 3655 4004 ζητῶ

2071 4026 2299 4096 Πνεῦμα
2331 4010 2603 4096 κρεῖττον,
2642 4026 2737 4079 καὶ
2783 4028 2881 4097 οὐχ
2925 4027 3192 4098 εὑρίσκωί
3244 4026 3345 4090 Δός
3390 4043 3480 4097 μοι
3532 4027 3658 4080 λου-

2070 4118 2195 4189 τρὸν
2224 4117 2497 4188 δεύτερον,
2521 4118 2613 4171 καὶ
2638 4118 2763 4189 περ).
2789 4117 2882 4170 τοῦ
2912 4117 3130 4189 πρώτου
3165 4117 3348 4181 κακῶς
3375 4117 3655 4188 ἐννόησον.

2070 4210 2137 4262 Τί
2167 4226 2257 4280 μοι
2305 4209 2520 4278 φθονεῖς
2569 4212 2673 4280 τῆς
2724 4209 2939 4271 τελείας
2982 4210 3429 4280 ἀναγεννήσεως;
3474 4210 3529 4263 τί
3583 4227 3657 4282 με

2073 4304 2267 4366 ποιεῖς,
2298 4302 2423 4355 ναὸν
2472 4302 2603 4355 ὄντα
2631 4300 2725 4354 τοῦ
2765 4300 3081 4371 Πνεῦματος
3105 4300 3180 4364 ὡς
3209 4301 3364 4366 Θεοῦ,
3392 4318 3659 4372 κατοικη-

383 4395 523 4463 Quid
555 4394 687 4448 mihi
728 4393 1019 4463 perfectam
1069 4396 1534 4464 regeneratimtem
1567 4396 1807 4451 invides?
1834 4396 1965 4461 Quid

2081 4396 2265 4465 τήριον
2303 4392 2630 4464 κτίσματος;
2665 4393 2717 4447 τί
2748 4392 2809 4445 τὸ
2845 4392 2944 4463 μὲν
2975 4396 3141 4464 τιμᾷς
3174 4393 3283 4448 τῶν
3330 4395 3480 4466 ἐμῶν
3514 4394 3659 4466 (98),

284 4498 289 4505 ‘
384 4501 493 4551 me,
514 4502 633 4542 cum
662 4485 916 4555 Spiritus,
950 4495 1203 4554 tanquam
1230 4486 1346 4551 Dei,
1385 4486 1639 4557 templum
1664 4487 1764 4540 sim
1793 4487 1860 4550 τ’,
1897 4489 1971 4541 rei

384 4568 582 4633 creata:
625 4577 949 4632 domicilium
1004 4578 1176 4632 facis?
1205 4578 1345 4644 Quid
1372 4592 1456 4645 ea,
1484 4593 1604 4645 quae
1656 4593 1775 4630 mea
1823 4587 1967 4641 sunt,

383 4671 578 4740 partim
625 4671 850 4737 honore,
885 4671 1083 4739 partim
1124 4671 1418 4740 ignominia
1459 4670 1649 4737 alIicis,
1686 4672 1883 4724 malum
1917 4679 1968 4725 te

2079 4486 2139 4538 τὸ
2176 4486 2230 4538 δὲ
2261 4485 2549 4556 ἀτιμάζεις
2577 4485 2760 4549 κακῶς
2794 4484 3005 4555 θεότητι
3038 4486 3278 4552 διαιτῶν,
3312 4486 3379 4540 ἵν’
3412 4487 3536 4557 ἐμοὶ
3562 4488 3661 4540 τέ-

2083 4593 2189 4649 μῃς
2215 4577 2409 4648 (99)τὸ
2430 4577 2699 4649 χάρισμα,
2741 4576 2937 4648 μᾶλλον
2968 4577 3043 4643 δὲ,
3087 4577 3248 4631 αὐτὸν
3291 4578 3393 4648 ἐμὲ
3431 4578 3510 4648 τῷ
3548 4596 3660 4649 χα-

2081 4668 2310 4740 ρίσματι
2331 4668 2438 4740 (1);
2471 4669 2541 4722 Ἢ
2568 4669 2630 4721 τὸ
2659 4671 2767 4723 πᾶν
2795 4668 3044 4739 τίμησον,
3079 4667 3124 4720 ὦ
3151 4668 3394 4740 acati/HQ)
3412 4668 3659 4737 θεολόγε,

454 4784 502 4815 ⁷⁸
531 4782 726 4837 Ezeclt.
758 4799 911 4844 xvttt,
937 4783 1026 4835 51.
1102 4783 1145 4813 ⁷¹
1177 4781 1364 4835 Matth.
1398 4798 1496 4846 xu,
1534 4781 1623 4836 51.
1700 4783 1745 4814 τ’
1774 4782 1795 4836 1
1821 4782 1944 4838 Cor.
1978 4798 2053 4851 vt,
2084 4784 2171 4839 l9.

456 4879 568 4949 (89)
598 4878 772 4943 Πλὴν
795 4878 907 4947 τῆς
934 4879 1147 4944 αἰτίας.
1187 4878 1349 4932 Coisl.
1376 4879 1427 4941 1,
1461 4878 1658 4945 aliique
1704 4895 1805 4933 non
1838 4896 1966 4948 patt-

386 4950 458 5016 ci,
486 4950 627 5020 πλὴν
649 4950 750 5018 τῆς
776 4949 1125 5019 ἀγεννησίας,
1164 4967 1181 4999 t
1212 4961 1407 5016 pratter
1437 4949 1895 5019 ingetterationetu
1942 4970 1961 5003 ι

389 5020 812 5091 ςιιοόῌδείἱὶςει,
834 5037 851 5068 ι
878 5020 1024 5091 solus
1052 5033 1169 5091 asc
1202 5021 1291 5071 sit.
1323 5037 1342 5070 ι

458 5088 572 5161 (90)
619 5087 724 5143 Διὰ
755 5088 1035 5161 τόνᾲέμὸν
1071 5086 1401 5155 ἄνθρωπον.
1458 5106 1476 5139 t
1502 5088 1729 5161 Propter
1790 5104 1966 5143 meum

386 5159 686 5216 hominem.
724 5178 743 5211 ›
826 5159 879 5212 ld
937 5170 1039 5225 cat,
1095 5170 1314 5225 propter
1376 5168 1619 5211 naturam
1680 5159 1967 5213 humanam

2147 4879 2258 4949 (97)
2296 4881 2368 4933 El
2414 4877 2490 4947 τῇ
2526 4878 2631 4933 τοῦ
2670 4878 3012 4944 ,βαπτιστοῦ
3050 4877 3372 4942 κακοδοξίᾳ
3414 4878 3660 4949 κυϐεύο-

2068 4948 2198 5020 par.
2224 4950 2347 5004 Haec
2382 4950 2434 5003 in
2470 4950 2703 5020 melioris
2732 4960 2869 5004 notae
2907 4948 3179 5004 codicibus
3206 4952 3448 5014 proxime
3471 4948 3659 5016 legun-

2063 5019 2151 5075 (ιιι,
2188 5029 2308 5087 post
2338 5019 2742 5090 μεμελάνωμαι.
2843 5088 2865 5090 _
2942 5088 2949 5090 ξ
3015 5086 3036 5090 Α
3143 5089 3154 5090 ί
3256 5088 3279 5090 ξ
3528 5070 3535 5090 ρ

2148 5091 2258 5161 (9S)
2290 5086 2349 5142 Τί
2377 5086 2440 5142 τὸ
2459 5088 2576 5157 μὲν
2597 5086 2767 5158 τιμᾷς
2793 5088 2912 5141 τῶν
2927 5086 3102 5161 ἐμῶν.
3134 5089 3225 5144 Sic
3252 5088 3417 5156 Regg.
3443 5101 3495 5161 a,
3528 5087 3658 5161 hin:

2088 5180 2107 5212 ι
2130 5155 2266 5226 Quid
2296 5175 2379 5222 ea,
2422 5155 2540 5226 quae
2575 5155 2689 5213 mea
2719 5171 2862 5220 sunt,
2885 5178 2903 5209 ι
2940 5155 2989 5211 id
3022 5169 3126 5219 est.
3167 5178 3186 5210 ι
3215 5155 3348 5227 quas
3379 5155 3499 5209 colo
3529 5155 3657 5208 Tri-

389 5244 550 5297 quam
581 5229 889 5298 assumpsit,
924 5237 979 5282 et
1006 5242 1166 5297 quam
1202 5227 1331 5281 tttilti
1365 5229 1765 5290 communicat,
1801 5228 1973 5284 factus
2083 5231 2267 5286 nitatis
2305 5244 2589 5297 personas,
2616 5248 2635 5280 ι
2698 5240 2751 5281 ιιι
2791 5244 2936 5282 recte
2975 5228 3139 5291 filias,
3203 5246 3267 5282 ac
3332 5230 3658 5298 ipseqlexuls

389 5300 574 5355 homo.
590 5319 597 5327 ·

461 5368 572 5436 (91-)
605 5366 828 5422 Κενῶν.
854 5368 968 5421 Duo
998 5365 1190 5436 Regg.,
1222 5366 1445 5435 καινῶν,
1487 5386 1506 5419 t
1537 5383 1818 5423 novorum.
1841 5387 1859 5420 t

461 5438 575 5508 (92)
611 5437 793 5508 Φέρῳ.
828 5438 1017 5508 C0mb_.
1045 5438 1213 5502 addit,
1253 5436 1332 5490 δέ.

482 5506 572 5577 95)
604 5509 725 5577 Καὶ,
744 5506 946 5573 ὅντως.
978 5506 1136 5574 Reg.,
1160 5510 1344 5576 Lypr.,
1374 5507 1469 5561 καὶ
1498 5506 1691 5573 οὓτως.

484 5576 575 5649 94)
602 5576 860 5646 Πρῶτον.
888 5577 1103 5649 (ἐριιψη
1133 5579 1419 5649 πρότερον.

486 5647 575 5718 95)
628 5648 882 5702 Κλοπαί.
926 5647 1114 5701 Billius
1170 5647 1316 5714 legit,
1381 5648 1600 5710 πλοκαί,
1660 5656 1714 5703 et
1763 5648 1969 5703 vertit:

395 5719 644 5785 “Quales
679 5722 964 5772 verborum
999 5733 1168 5770 nexus
1203 5728 1253 5768 et
1284 5719 1577 5785 captiuncs.
1608 5737 1625 5769 ι

471 5787 585 5860 (υϐ)
616 5790 929 5859 Φέρουσαι.
958 5788 1087 5856 Ileg.
1120 5786 1173 5853 tl,
1217 5787 1493 5857 φέρεσθαι.

2083 5294 2340 5367 postulai,
2378 5316 2394 5348 I
2423 5299 2615 5367 partim
2651 5299 2871 5361 honore,
2898 5316 2915 5348 ι
2969 5309 3073 5354 etc.
3126 5298 3244 5353 Bill.
3301 5315 3320 5346 t
3353 5294 3507 5363 Quid
3542 5309 3657 5359 me,

2080 5366 2297 5440 ρπιίψο
2328 5387 2362 5440 ³,
2389 5379 2493 5421 Nc.
2527 5366 2717 5440 lttedr
2755 5368 2806 5420 τί
2845 5368 2904 5420 τὸ
2934 5368 3033 5436 μὲν
3060 5369 3217 5440 τιμᾷ,
3249 5378 3336 5421 etc

2152 5437 2263 5560 (9'9)
2297 5436 2502 5507 Τέμῃς.
2535 5436 2625 5492 Sic
2670 5436 2861 5507 Regg.,
2892 5432 3003 5503 bitt,
3058 5432 3254 5492 lttt'.'ltt
3306 5436 3422 5499 ed.,
3471 5432 3655 5503 θέλῃς,

2152 5525 2194 5560 re
2222 5525 2282 5560 ts.
2309 5527 2328 5559 ι

2088 5529 2106 5561 ι
2136 5525 2282 5561 ιἐιιε.
2309 5527 2328 5559 δ

2152 5579 2228 5645 (1)
2265 5578 2348 5642 Τῷ
2412 5578 2748 5647 χαρίσματι.
2822 5578 2911 5630 Sic
2963 5575 3140 5645 plures
3168 5575 3323 5631 codd.
3359 5573 3417 5627 In
3455 5572 3565 5633 ed.,
3592 5571 3652 5624 τὶ

2079 5650 2396 5721 χαρίσματι.

2153 5713 2228 5784 (2)
2250 5713 2333 5770 ’Ὦ
2354 5726 2556 5787 ριαινέ.
2595 5717 2778 5771 Plures
2813 5715 3004 5786 Ιίνιιις,
3032 5732 3059 5772 a
3086 5731 3228 5787 nque
3247 5713 3460 5785 optimae
3487 5720 3656 5777 note,

2081 5802 2133 5845 ct
2163 5783 2324 5855 Elius,
2348 5783 2392 5843 ὦ
2426 5788 2573 5855 κενέ,
2619 5806 2637 5839 t
2668 5805 2699 5844 0
2728 5804 2880 5845 vauc.
2909 5806 2927 5839 ι
