3910 6214
243 403 358 461 253

1023 405 1281 465 ORATIO
1317 408 1558 467 XXXIV.
1598 439 1669 451 —
1704 409 1775 465 IN
1815 407 2297 467 ASGYPTIORUM
2332 406 2712 465 ADVENTUM

3383 407 3495 466 ΞΜ

247 523 286 595 ἢ
322 520 383 575 τὸ
417 521 527 575 πᾶν
557 520 843 593 ἀτίμασον,
890 523 996 587 ἵνα,
1034 523 1136 578 κᾶν
1176 526 1402 600 ἀσεὸῇς,
1441 527 1578 583 άλλά
1611 527 1821 599 σεαυτῷ

1949 528 2187 584 livinitati
2234 527 2499 583 arbitrum
2551 506 3103 597 prabensIuIIn'iibi
3147 523 3496 595 baptismum,

244 628 319 680 γε
353 612 645 772 tignum;
683 608 772 688 ᾖς,
808 612 883 684 μὴ
925 614 1125 686 κρίνων
1171 618 1371 682 ἀνίσως
1432 618 1595 690 φύσιν
1648 620 1832 692 ὁμότι-

252 718 358 772 μον
466 742 482 756 .

200 719 217 748 ι
252 718 358 774 μον
383 718 482 772 (ο).

1927 619 2010 674 vel
2041 634 2129 675 me
2171 620 2347 690 ipsum
2398 617 2576 688 potius
2621 632 2719 688 per
2771 616 3118 685 baptismum,
3183 616 3368 671 seces?
3391 617 3501 671 Aut

1930 719 2101 766 totum
2133 712 2338 767 honore
2369 724 2714 781 prosequere,
2749 724 2782 764 o
2814 723 2950 763 nove
2992 706 3255 774 theOIOge,
3286 716 3379 761 aut
3418 716 3501 761 to-

253 803 368 846 tum
399 808 615 862 sperne,
643 801 722 858 ut,
747 793 957 851 etiamsi
1004 796 1198 867 impius
1226 796 1323 865 sis,
1358 799 1452 856 tibi
1489 807 1669 857 tamen
1712 798 1829 870 ipse
1866 808 2101 866 constes,
2178 812 2426 856 naturam
2497 800 2700 854 honore
2736 814 2921 869 parem
2956 800 3364 873 haudquaquam
3389 803 3504 860 dis-

253 884 371 953 pari
402 885 563 939 modo
589 888 916 955 expendens.

328 975 430 1028 II".
462 975 771 1046 Κεφάλαιον
813 977 870 1031 es
911 977 1006 1031 τοῦ
1041 978 1234 1048 λόγου·
1284 980 1441 1035 Μετὰ
1484 980 1594 1036 τῶν
1640 1000 1831 1054 χερου-

254 1061 361 1133 σὶμ
378 1063 457 1135 (4)
489 1064 733 1129 δόξασον,
767 1068 1102 1136 συναγόντων
1133 1068 1232 1132 τὰς
1255 1072 1405 1141 τρεῖς
1436 1070 1728 1143 άγιότητας
1749 1074 1830 1138 εἰς

259 1153 394 1223 μίαν
423 1155 741 1226 κυριότητα,
785 1157 879 1210 καὶ
916 1159 1166 1213 τοσοῦτον
1213 1161 1686 1229 παραδεικνύντων
1731 1165 1832 1235 τῆς

256 1243 487 1316 πρώτης
517 1245 724 1312 οὐσίας,
756 1247 880 1301 ὅσον
910 1248 1261 1318 ὑπανοίγουσι
1290 1254 1402 1314 τοῖς
1433 1253 1739 1321 φιλοπόνοις
1772 1256 1830 1308 αἱ

257 1335 555 1407 πτέρυγες.
588 1337 741 1391 Μετὰ
780 1339 942 1392 Δαδὶδ
981 1341 1298 1413 φωτίσθητι,
1332 1344 1469 1414 πρὸς
1495 1344 1557 1399 τὸ
1590 1346 1706 1416 φῶς
1752 1347 1832 1400 λέ-

256 1443 450 1500 γοντος
464 1444 479 1458 ο
510 1429 614 1483 Ἐν
633 1429 713 1496 τῷ
730 1432 879 1499 φωτί
905 1445 1022 1486 σου
1048 1433 1315 1502 ὀψόμεθα
1337 1434 1485 1505 φῶς,
1508 1432 1618 1492 οἷον
1641 1439 1831 1512 ὥσπερ

256 1519 320 1572 ὲν
359 1518 439 1589 τῷ
489 1520 765 1592 Πνεῦματι
799 1522 889 1575 τὸν
918 1523 1076 1577 Υίόν·
1106 1518 1168 1577 οῦ
1199 1525 1253 1579 τί
1276 1525 1344 1581 ἂν
1384 1528 1592 1596 γένοιτο
1630 1531 1831 1601 τηλαυ-

257 1610 555 1684 γὲστερον;
594 1614 751 1668 Μετὰ
802 1615 1046 1669 Ἰωάννου
1089 1615 1402 1689 βρόντησον,
1453 1620 1547 1674 τοῦ
1591 1621 1709 1675 υἱοῦ
1735 1623 1835 1695 τῆς

261 1704 518 1776 βροντῆς,
551 1707 719 1779 μηδὲν
746 1709 874 1779 περὶ
913 1708 1050 1763 Θεοῦ
1079 1711 1332 1766 ταπεινὸν
1361 1712 1530 1783 ἠχῶν,
1577 1714 1698 1785 μηδ’
1726 1715 1834 1769 ἀπὸ

1996 982 2142 1038 XIII.
2161 980 2243 1037 Sit
2264 987 2442 1035 autem
2464 978 2566 1034 hoc
2589 976 2851 1033 orationis
2872 988 3031 1048 caput
3048 997 3061 1034 :
3079 979 3244 1051 626
3267 979 3502 1034 divinam

1927 1073 2152 1145 gloriam
2184 1086 2306 1126 cum
2334 1069 2638 1137 seraphinis
2671 1068 2925 1136 prmdica,
2949 1069 3036 1137 qui
3064 1080 3171 1125 tres
3192 1069 3506 1125 sanctitates

1928 1166 1982 1221 in
2016 1178 2179 1219 unam
2232 1162 2651 1217 dominationem
2680 1158 2726 1190 ⁷³
2755 1159 3105 1224 contrahunt,
3167 1160 3508 1228 primamque

1928 1257 2213 1314 essentiam
2243 1256 2504 1310 hactenus
2557 1253 2818 1316 indicant,
2847 1263 3118 1321 quatenus
3146 1266 3264 1307 eam
3300 1252 3506 1305 studio-

1927 1350 2003 1405 sis
2026 1348 2332 1404 hominibus
2358 1359 2544 1399 eorum
2576 1345 2673 1398 alte
2695 1342 2965 1414 paululum
2996 1344 3262 1410 aperiunt.
3300 1342 3504 1396 lllumi-

1930 1454 2059 1495 nare
2096 1453 2216 1493 cum
2262 1436 2480 1501 Davide,
2516 1435 2607 1505 qui
2643 1434 2721 1490 sic
2754 1433 2933 1488 lumen
2963 1433 3289 1501 alloquitur:
3322 1431 3387 1503 In
3412 1433 3497 1486 lu-

1926 1529 2066 1583 mine
2090 1538 2178 1582 tuo
2202 1525 2484 1581 videbimus
2520 1524 2697 1578 lumen
2735 1523 2801 1589 ⁷⁸,
2835 1522 2937 1577 hoc
2970 1531 3052 1578 est
3092 1523 3144 1576 in
3178 1521 3379 1592 Spiritu
3409 1522 3504 1576 Fi—

1930 1617 2057 1671 lium
2086 1635 2101 1671 :
2131 1631 2237 1685 quo
2263 1616 2389 1685 quid
2423 1613 2676 1683 fulgidius
2721 1626 2841 1668 esse
2885 1611 3091 1681 possit?
3130 1612 3263 1667 Cum
3294 1610 3505 1666 Joanne

1932 1709 2045 1776 illo,
2080 1707 2300 1763 tunitrui
2350 1706 2460 1760 lilio
2487 1706 2557 1771 ⁷⁸,
2596 1706 2801 1769 intona,
2836 1704 2970 1759 nihil
2997 1706 3063 1758 de
3097 1704 3206 1758 Deo
3238 1703 3503 1773 ahjectum

257 1796 389 1867 γῆς,
442 1798 559 1851 ἀλλ’
592 1798 793 1869 ὑψηλὸν
840 1801 936 1854 καὶ
988 1803 1261 1874 μετέωρον
1312 1803 1423 1873 (τὸν
1475 1805 1533 1859 ὲν
1589 1805 1728 1876 ἀρχῇ
1772 1824 1832 1859 τε

1949 1814 2001 1854 ιο
2053 1808 2326 1854 terrenum
2383 1796 2662 1861 insonans,
2713 1793 2809 1849 sed
2863 1787 3138 1848 excelsum
3189 1801 3243 1848 et
3280 1792 3507 1847 sublime

260 1888 414 1952 ὅντα,
444 1890 542 1943 καὶ
572 1890 707 1959 πρὸς
734 1890 825 1943 τὸν
852 1891 984 1945 Θεὸν
1021 1892 1171 1957 ὄντα,
1213 1894 1307 1947 καὶ
1331 1894 1463 1949 Θεὸν
1486 1896 1676 1965 Λόγον,
1701 1896 1833 1950 Θεὸν

1949 1889 2153 1962 [nempe
2202 1886 2442 1943 Verbum
2488 1886 2638 1949 illud,
2683 1884 2826 1954 quod
2887 1884 2937 1937 in
2972 1883 3232 1953 principio
3275 1892 3422 1946 erat,
3453 1891 3510 1935 et

259 1978 570 2048 γινώσκων,
604 1980 702 2035 καὶ
731 1981 864 2035 Θεὸν
907 1982 1157 2053 ἀληθινὸν
1195 1985 1255 2049 ἐξ
1297 1985 1553 2057 ἀληθινοῦ
1598 1988 1830 2060 Πατρὸς,

261 2069 379 2123 ἀλλ’
404 2070 465 2122 οὐ
503 2070 783 2126 σύνδουλον
818 2072 1042 2140 ἀγαθὸν,
1079 2073 1197 2128 υἱοῦ
1231 2078 1573 2149 προσηγορίᾳ
1600 2079 1735 2152 μόνῃ
1756 2081 1833 2151 (5)

258 2162 628 2245 τετιμημένον
646 2177 659 2191 ’
713 2163 806 2216 καὶ
851 2163 943 2217 τὸν
990 2165 1150 2219 ἄλλον
1204 2166 1584 2237 Παράκλητον,
1634 2170 1834 2243 δηλαδὴ

261 2250 423 2305 ἄλλον
453 2249 547 2302 τοῦ
573 2249 822 2319 λέγοντος
840 2269 853 2281 ·
890 2251 1024 2305 Θεοῦ
1053 2252 1111 2305 δὲ
1140 2251 1219 2323 (6)
1249 2255 1277 2306 ό
1316 2254 1510 2325 Λόγος)
1532 2272 1545 2285 ·
1582 2256 1677 2309 καὶ
1706 2257 1834 2309 ὅταν

266 2339 389 2411 μὲν,
426 2339 576 2410 Ἐγὼ
600 2340 699 2394 καὶ
717 2344 751 2395 ό
774 2341 979 2411 Πατὴρ
1003 2342 1073 2397 ἓν
1095 2343 1305 2413 ἐσμεν,
1334 2346 1713 2420 άναγινώσκῃς
1734 2348 1832 2419 (7),

262 2431 328 2483 τὸ
369 2432 604 2500 συναφὲς
645 2432 743 2503 τῆς
791 2433 980 2497 οὐσίας
1030 2436 1515 2507 ὲνοπτριζόμενος·
1567 2438 1695 2491 ὅταν
1744 2439 1833 2502 δὲ,

259 2523 421 2589 Πρὸς
448 2521 637 2576 αὐτὸν
669 2524 1060 2593 ἐλευσόμεθα,
1111 2526 1209 2579 καὶ
1251 2526 1452 2596 μονὴν
1495 2528 1631 2596 παρ’
1676 2528 1837 2594 αὐτῷ

262 2617 660 2684 ποιησόμεθα,
706 2616 768 2668 τὺ
799 2615 1127 2688 διῃρημένον
1163 2617 1272 2671 τῶν
1307 2618 1658 2672 ὑποστάσεων
1685 2618 1837 2687 λογι-

262 2705 519 2775 ζόμενος·
551 2706 680 2759 ὅταν
707 2705 786 2769 δὲ,
824 2707 887 2758 τὸ
929 2706 1164 2779 Πατρὸς,
1208 2707 1304 2761 καὶ
1348 2707 1477 2761 Υἱοῦ
1499 2747 1514 2773 ,
1558 2709 1654 2763 καὶ
1682 2710 1836 2778 ἁγίου

264 2798 589 2870 meeum;
610 2798 801 2870 ὄνομα,
827 2800 922 2864 τὰς
948 2803 1100 2874 τρεῖς
1136 2799 1425 2872 ἰδιότητας.

338 2979 437 3031 1Δ’.
478 2977 633 3032 Μετὰ
677 2979 861 3031 Λουκᾶ
889 2977 1278 3049 ὲμπνεύσθητι,
1312 2981 1432 3043 ταῖς
1462 2978 1698 3051 Πράξεσι
1730 2979 1838 3033 τῶν

263 3068 580 3124 ἀποστόλων
610 3068 976 3141 προσομιλῶν.
1009 3070 1074 3122 Τί
1109 3070 1246 3139 μετὰ
1284 3069 1528 3123 Ἀνανίου
1552 3070 1720 3143 τάττῃ
1743 3070 1838 3123 καὶ

1934 1982 2072 2050 apud
2104 1982 2268 2036 Deum
2301 1987 2442 2045 erat,
2476 1988 2532 2033 et
2566 1980 2707 2033 Deus
2734 1985 2851 2032 erat
2879 1976 2945 2039 ⁷⁸,
2982 1976 3149 2031 Deum
3194 1988 3509 2045 agnoscens,

1933 2080 1982 2125 61
2007 2070 2172 2125 Deum
2200 2084 2385 2123 verum
2412 2084 2479 2123 ex
2504 2066 2664 2122 Patre
2689 2081 2836 2132 vero,
2861 2079 2966 2120 non
2992 2073 3165 2119 autem
3194 2077 3509 2118 conservum

1935 2163 2155 2229 bonum,
2189 2161 2304 2218 solo
2326 2159 2447 2215 Filii
2471 2162 2688 2216 nomine
2719 2167 2969 2215 ornatum
2995 2170 3012 2210 :
3034 2168 3195 2227 atque
3222 2155 3386 2209 alium
3412 2153 3513 2208 Pa-

1933 2260 2213 2325 racletum,
2238 2257 2426 2322 alium,
2455 2256 2695 2325 inquam,
2743 2255 2811 2310 ab
2833 2268 2899 2309 eo
2921 2254 3012 2323 qui
3041 2253 3395 2322 loquebatur;
3417 2252 3510 2305 Dei

1933 2362 2094 2418 porro
2120 2345 2349 2401 Verbum
2370 2344 2740 2414 loquebatur);
2769 2356 2997 2411 eamque
3025 2342 3287 2395 rationem
3317 2339 3490 2394 iniens

1935 2447 1989 2493 ut
2018 2453 2139 2493 cum
2174 2437 2261 2491 illa
2290 2435 2421 2505 legis
2448 2454 2463 2486 :
2511 2432 2624 2504 Ego
2657 2445 2703 2487 et
2742 2433 2904 2487 Pater
2940 2448 3100 2486 unum
3128 2448 3306 2486 sumus
3337 2430 3405 2498 ",
3429 2445 3515 2485 es-
3624 2447 3629 2452 '

1935 2529 2121 2585 sentite
2145 2525 2578 2597 conjunctionem
2606 2525 2700 2579 tibi
2741 2526 2810 2579 ob
2837 2522 3027 2578 oculos
3052 2538 3320 2592 proponas
3346 2539 3360 2576 :
3388 2536 3510 2575 cum

1936 2629 2115 2674 autem
2168 2618 2254 2671 illa
2286 2637 2299 2671 :
2333 2617 2414 2670 Ad
2455 2633 2571 2671 eum
2611 2616 2893 2677 veniemus,
2918 2621 2967 2667 et
3016 2613 3335 2666 mansionem
3366 2610 3509 2681 apud

1933 2725 2052 2763 eum
2077 2709 2328 2778 faciemus
2349 2707 2419 2772 ⁷⁸,
2445 2719 2791 2775 personarum
2831 2703 3227 2757 distinctionem
3271 2701 3508 2772 cogites:

1936 2815 2056 2854 cum
2104 2814 2232 2855 vero
2277 2798 2474 2863 Patris,
2525 2807 2574 2853 et
2623 2797 2770 2862 Filii,
2816 2805 2871 2850 et
2911 2795 3147 2865 Spiritus
3203 2794 3374 2849 sancti
3412 2809 3512 2849 no-

1935 2906 2058 2946 men
2076 2892 2146 2956 7’,
2181 2899 2292 2945 tres
2316 2890 2667 2961 proprietates
2692 2901 2924 2959 spectes.

2003 2982 2144 3038 XIV.
2198 2980 2334 3037 Cum
2380 2981 2523 3035 Luca
2579 2982 2832 3036 divinitus
2881 2979 3104 3044 aﬂlare,
3151 2977 3514 3047 apostolorum

1934 3073 2068 3129 Acta
2102 3074 2303 3143 legens.
2333 3073 2467 3139 Quid
2500 3083 2550 3127 te
2570 3073 2790 3127 Ananiae
2806 3071 3156 3141 Saphiracque
3172 3070 3216 3102 ⁸ο
3247 3070 3516 3139 adjungis,

261 3162 586 3233 Σαπφείρας
608 3160 717 3215 τῶν
739 3160 939 3214 καινῶν
957 3160 1033 3231 (8)
1054 3161 1356 3231 νοσφιστῶν
1379 3161 1455 3230 (εί
1467 3178 1531 3229 γε
1555 3162 1738 3215 καινὸν
1757 3161 1831 3231 (9)

1949 3165 2093 3220 novis
2125 3164 2231 3218 illis
2261 3165 2501 3233 pecunia:
2544 3162 2782 3217 furibus?
2819 3161 2977 3233 (nova
3006 3161 3206 3215 etenim
3242 3160 3382 3214 haud
3412 3160 3516 3214 du-

262 3254 438 3316 ίιντως
464 3255 498 3325 ἠ
529 3252 636 3307 τῶν
668 3252 813 3306 ἰδίων
848 3252 1070 3323 κλοπὴ),
1105 3253 1199 3306 καὶ
1232 3250 1404 3305 ταῦτα
1428 3250 1833 3322 νοσφιζόμενος,

261 3348 373 3398 οὐκ
397 3344 679 3416 ἀργύριον,
706 3344 814 3397 οὐδ’
847 3343 974 3398 ἄλλο
995 3361 1049 3397 τι
1076 3342 1185 3397 τῶν
1214 3343 1444 3397 εὐτελῶν
1472 3345 1567 3398 καὶ
1600 3344 1832 3417 μικρῶν,

263 3429 383 3489 οἷον
408 3434 658 3504 γλῶσσαν
696 3436 924 3505 χρυσῆν,
963 3434 999 3505 ἦ
1030 3433 1189 3505 ψιλὴν
1203 3432 1336 3505 (10),
1365 3434 1398 3506 ἢ
1423 3434 1737 3506 δίδραχμον,
1762 3436 1837 3501 ῶς

265 3542 404 3577 ποτε
432 3522 769 3595 στρατιώτης
793 3523 1084 3594 ἄπληστος,
1118 3524 1230 3577 ἀλλ’
1251 3524 1420 3593 αὐτὴν
1450 3523 1698 3577 κλέπτων
1720 3524 1839 3578 θεό-

263 3633 429 3688 τητα,
480 3615 575 3668 καὶ
606 3614 954 3684 ψευδόμενος,
1003 3615 1105 3666 οὐκ
1146 3612 1452 3685 ἄνθρωπον,
1504 3612 1642 3666 ἀλλὰ
1685 3613 1837 3679 Θεὸν,

264 3712 410 3781 ὅπερ
446 3709 717 3779 ἦκουσαςς
768 3705 866 3769 Τίς
920 3705 1072 3776 Μηδὲ
1122 3705 1221 3776 τὴν
1277 3704 1528 3769 ἐξουσίαν
1576 3705 1699 3777 αἰδῇ
1749 3706 1840 3759 τοῦ

266 3803 611 3870 Πνευματος,
645 3799 729 3867 ἐφ’
751 3796 845 3860 οὓς
870 3797 1034 3861 ϐέλει,
1058 3797 1153 3850 καὶ
1173 3797 1354 3867 ἡνίκα,
1370 3798 1465 3849 καὶ
1491 3799 1617 3852 ὅσον
1646 3798 1840 3852 πνέον-

262 3906 396 3955 τος;
439 3889 727 3957 Ἐπιδημεί
754 3889 857 3950 τοῖς
885 3886 1014 3959 περὶ
1030 3884 1327 3957 Κορνήλιον
1368 3884 1473 3956 πρὸ
1516 3885 1609 3938 τοῦ
1647 3885 1843 3956 βαπτί-

268 3997 501 4052 σματος,
520 3978 697 4043 ἄλλοις
724 3978 861 4048 μετὰ
881 3978 943 4030 τὸ
974 3976 1251 4047 βάπτισμα
1264 3975 1353 4030 διὰ
1378 3975 1487 4028 τῶν
1512 3977 1841 4033 ἀποστόλων.

268 4073 441 4125 Ὠστε
472 4069 881 4141 ἀμφοτέρωθεν,
913 4069 976 4123 ἐκ
994 4087 1054 4123 τε
1076 4060 1150 4122 ὧν
1182 4068 1565 4139 ὲπιφοιτᾷ(11)
1598 4068 1846 4123 δεσποτι-

267 4162 407 4226 κῶς,
443 4160 557 4215 ἀλλ’
582 4161 644 4213 οὐ
690 4159 969 4224 δουλικῶς,
1002 4161 1097 4213 καὶ
1128 4161 1185 4226 ἐξ
1232 4152 1307 4213 ὧν
1339 4158 1681 4231 ὲπιζητεῖται
1711 4162 1847 4231 πρὸς

267 4254 375 4323 τὴν
404 4252 704 4317 τελείωσιν,
727 4251 823 4322 τὴν
849 4250 1078 4322 θεότητα
1108 4249 1499 4321 μαρτυρεῖσθαι
1528 4250 1622 4303 τοῦ
1675 4251 1848 4303 Πνεῦ-

483 4432 639 4487 Μετὰ
661 4432 875 4487 Παύλου
901 4431 1239 4502 Θεολόγησον,
1271 4431 1363 4484 τοῦ
1390 4432 1525 4503 πρὸς
1550 4430 1729 4502 τρίτον
1760 4432 1853 4483 οὐ-

1941 3256 2028 3310 bie
2052 3264 2136 3309 est
2158 3256 2495 3324 propriarum
2535 3268 2711 3308 rerum
2738 3252 3057 3321 subreptio),
3090 3251 3255 3320 idque
3285 3265 3388 3305 non
3420 3265 3515 3316 pe-

1941 3346 2175 3413 cuniam,
2205 3355 2299 3400 aut
2323 3345 2470 3398 aliud
2504 3345 2781 3414 quidpiam
2812 3344 2928 3399 leve
2957 3354 3010 3399 et
3044 3344 3221 3414 exigui
3250 3343 3405 3413 pretii
3435 3358 3519 3397 su-

1941 3454 2186 3499 surrans,
2218 3447 2275 3491 ut
2322 3438 2557 3508 linguam
2614 3452 2856 3504 auream,
2905 3435 3362 3505 paludamentum,
3423 3440 3517 3487 aut

1940 3527 2274 3591 didrachma,
2311 3537 2369 3580 ut
2398 3527 2668 3596 quondam
2699 3541 2892 3580 avarus
2924 3525 3077 3579 miles
3101 3525 3168 3589 δι,
3197 3525 3288 3579 sed
3349 3525 3519 3593 ipsam

1942 3617 2274 3673 divinitatem
2296 3618 2623 3686 subripiens,
2650 3631 2713 3670 ac
2738 3617 2845 3671 Deo
2867 3632 2971 3669 non
3006 3617 3204 3669 homini
3232 3617 3514 3680 mentiens,

1946 3716 2005 3762 ut
2032 3707 2321 3776 Scriptura:
2344 3708 2521 3761 verhis
2546 3716 2665 3761 utar
2692 3708 2759 3763 ⁸⁸.
2790 3707 2969 3773 Quid?
2998 3705 3075 3761 Ne
3104 3708 3271 3775 ipsam
3301 3705 3515 3775 quidem

1948 3800 2217 3855 revereris
2229 3799 2461 3869 Spiritus
2472 3807 2811 3867 potestatem,
2828 3799 2939 3867 qui,
2962 3798 3014 3851 in
3032 3813 3189 3868 quos.
3215 3805 3268 3849 et
3283 3795 3516 3864 quando,

1953 3899 2007 3943 et
2031 3901 2288 3959 quantum
2319 3890 2432 3943 vult
2476 3890 2648 3959 spirat
2667 3890 2752 3943 υἱ)
2780 3890 2859 3944 Ad
2903 3888 3208 3943 Cornelium
3260 3895 3385 3939 ante
3427 3884 3515 3937 ba-

1947 3982 2199 4049 ptismum
2248 3982 2501 4044 accedit;
2560 3982 2625 4034 ad
2701 3983 2855 4045 alios,
2924 3979 3284 4047 apostolorum
3332 3992 3513 4045 opera,

1949 4081 2069 4141 post
2091 4072 2413 4140 baptismum
2438 4076 2501 4132 ⁸³,
2519 4071 2594 4126 Ita
2628 4072 2897 4139 utrinque,
2930 4085 3119 4138 nempe
3137 4076 3192 4124 et
3214 4080 3355 4121 exeo
3380 4065 3516 4134 quod

1952 4162 2127 4228 herili,
2156 4178 2265 4217 non
2295 4172 2471 4217 autem
2492 4160 2675 4216 servili
2700 4162 2857 4215 modo
2876 4159 3098 4221 accedit,
3125 4166 3175 4212 et
3195 4172 3260 4212 ex
3284 4171 3348 4211 eo
3374 4155 3516 4225 quod

1956 4255 2024 4306 ad
2047 4255 2366 4323 baptismum
2390 4254 2642 4308 omnibus
2668 4253 2902 4307 numeris
2927 4251 3312 4307 absolvendum
3342 4251 3517 4319 requi«

1952 4346 2116 4409 ritur,
2150 4345 2385 4415 Spiritus
2408 4346 2579 4399 sancti
2608 4344 2857 4399 divinitas
2885 4354 3076 4398 testata
3107 4343 3445 4410 relinquitur.

2022 4436 2142 4492 XV.
2170 4437 2303 4491 Cum
2324 4437 2489 4491 Paulo
2526 4438 2592 4491 de
2618 4438 2777 4491 rebus
2797 4437 2989 4491 divinis
3014 4436 3239 4497 dissere,
3262 4449 3380 4487 cum
3409 4434 3517 4500 illo,

274 4526 441 4599 ρανὸν
495 4524 847 4595 ἀναχθέντος·
900 4526 1032 4577 ποτὲ
1089 4524 1189 4595 μὲν
1242 4522 1698 4593 συναριθμοῦντος
1747 4522 1838 4586 τὰς

1950 4528 2369 4597 inquam,quiad
2385 4528 2596 4580 tertium
2610 4528 2800 4581 ccelum
2817 4537 3034 4581 evectus
3053 4536 3135 4580 est
3167 4525 3212 4557 ³⁸
3237 4543 3251 4592 ;
3281 4526 3518 4594 quinon~

268 4612 429 4689 τρεῖς
458 4614 806 4680 ὑποστάσεις,
829 4615 924 4668 καὶ
954 4613 1113 4667 τοῦτο
1140 4612 1570 4684 ἐνηλλαγμένως,
1599 4613 1659 4665 οὐ
1684 4629 1843 4683 τετη-

276 4705 533 4779 ρημένως
568 4709 689 4770 ταῖς
717 4702 928 4770 τάξεσι,
967 4702 1455 4775 προαριθμοῦντος,
1488 4703 1845 4775 ὲναριθμοῦν-

352 4846 405 4879 ’³
426 4846 533 4901 Isa.
565 4861 639 4908 vt,
674 4846 727 4899 5.
804 4844 851 4875 ⁷⁸
872 4842 1014 4897 Psal.
1044 4858 1211 4910 xxxv,
1233 4843 1319 4897 10.
1395 4842 1441 4874 ⁷⁸
1470 4842 1634 4897 Marc.
1668 4858 1749 4900 ιιι.
1783 4841 1838 4895 1³1

352 4915 539 4967 Matth.
568 4930 764 4967 xxvnt.
800 4914 888 4967 l9.
974 4913 1021 4945 ⁸⁸
1044 4913 1167 4967 Act.
1193 4927 1246 4967 v.
1274 4915 1297 4966 1
1327 4920 1380 4966 et
1408 4926 1559 4967 seua.
1644 4911 1686 4943 "
1716 4911 1827 4967 Jos.

1965 4843 2011 4873 ⁷⁸
2044 4841 2199 4897 Joan.
2239 4858 2278 4906 ι,
2314 4842 2368 4894 1.
2471 4843 2515 4875 ⁷⁷
2548 4841 2703 4897 Joan.
2746 4858 2800 4907 ι,
2841 4841 2928 4894 50.

1949 4953 1956 4967 .
1988 4912 2077 4967 21.
2153 4914 2197 4945 δ’
2221 4914 2339 4966 Act.
2376 4928 2427 4967 ν.
2458 4912 2511 4967 4.
2587 4912 2632 4943 ⁸⁸
2659 4911 2813 4966 Joan.
2845 4927 2927 4967 ιιι.
2961 4909 2994 4964 8

1748 4928 1827 4967 os.
1860 4928 1956 4980 vn,
1988 4923 2077 4968 21.
2153 4923 2197 4945 "
2221 4923 2339 4966 Act.
2376 4928 2427 4977 ν,
2458 4923 2511 4967 4.
2587 4923 2632 4943 ⁸⁸
2659 4923 2813 4966 Joan.
2845 4927 2927 4977 ιιι,
2961 4923 3013 4964 δ.

271 4917 326 4949 ἠ
351 4915 539 4970 Matth.
568 4930 764 4979 xxvnt,
800 4914 888 4968 l9.
974 4913 1021 4945 ⁸⁸
1044 4913 1167 4973 Act.
1193 4927 1246 4979 v,
1274 4915 1297 4966 1
1327 4920 1380 4966 et
1408 4926 1559 4982 seqq.

270 5001 395 5049 xu,
419 4984 477 5038 2.
547 4985 596 5018 ⁸³
623 4983 667 5038 11
690 4985 815 5039 Cor.
840 4999 937 5047 xu,
961 4983 1019 5038 2.

348 5099 429 5165 (3)
477 5099 671 5151 Φύσιν
694 5099 1018 5167 ὁμότιμον.
1062 5096 1178 5167 Sic_
1205 5093 1340 5167 Reg.
1380 5109 1433 5160 a,
1481 5095 1573 5167 hu,
1615 5094 1776 5167 Cuisl.
1801 5098 1854 5167 _I,

275 5163 497 5234 οοίηιί..
530 5178 638 5222 etc.
685 5163 746 5220 hi
794 5163 1136 5235 quibusdam,
1164 5163 1431 5220 ὶσότιιιον.
1486 5165 1544 5219 In
1567 5165 1678 5230 ed.,
1709 5165 1856 5219 ἀσώ-

279 5253 504 5310 ματονδ
522 5256 542 5289 ι
567 5237 812 5310 corporis
840 5246 1189 5310 expertem.)

353 5307 433 5378 (4)
460 5302 772 5390 ζερουϐίμ.
840 5304 897 5360 lu
916 5302 1270 5375 quibusdam,
1303 5311 1357 5358 et
1389 5303 1445 5358 in
1498 5302 1639 5359 Isaia
1697 5320 1767 5370 vt,
1799 5305 1854 5373 2,

277 5394 548 5432 σεοαφιυ..

677 5446 891 5516 Addunt
912 5444 1068 5516 editi,
1089 5461 1177 5516 et,
1194 5443 1334 5516 quod
1354 5443 1404 5496 in
1428 5440 1667 5511 pluribus
1688 5442 1854 5514 Regg.

278 5513 391 5574 non
417 5513 655 5584 legitur"
673 5515 915 5584 ideoque
946 5513 1071 5567 illud
1098 5513 1407 5584 delet/imus.

355 5585 436 5654 (6)
471 5580 623 5639 Θεοῦ
652 5583 740 5654 δέ.
767 5580 857 5639 Sic
891 5596 999 5654 tres
1034 5584 1199 5653 Regg.
1231 5582 1389 5654 Deest
1410 5580 1564 5654 6é,_in
1596 5584 1677 5638 ed;

381 5649 434 5724 7)
476 5652 930 5724 Ἀνατινώοκῃς.
965 5652 1096 5724 Reg.
1118 5649 1245 5719 'bm,
1270 5649 1677 5720 ἀναγινώσκεις.

378 5722 435 5792 8)
462 5722 715 5778 Καινῶν.
746 5722 803 5777 1η
831 5722 1171 5792 quibusdam,
1209 5724 1397 5792 κενῶν.

357 5790 434 5868 (9)
453 5795 697 5850 Καινόν.
728 5793 785 5850 In
813 5790 1101 5862 nonnullis,
1123 5790 1295 5847 κενόν.

1957 4632 2225 4687 nunquam
2238 4629 2343 4674 tres
2357 4618 2519 4689 627
2540 4633 2795 4687 personas
2807 4624 3174 4682 connumerat,
3190 4617 3344 4686 idque
3356 4615 3519 4679 varie,

1958 4724 2058 4763 nec
2084 4710 2357 4765 nominum
2387 4711 2575 4764 ordine
2602 4718 2833 4774 servato,
2862 4709 3220 4781 sedeamdem
3242 4720 3519 4776 personam

3033 4841 3080 4874 ⁷⁸
3111 4839 3264 4893 Joan.
3296 4854 3408 4903 xw,
3431 4839 3522 4892 25.

3115 4908 3163 4941 ⁸⁸
3187 4909 3307 4962 Act.
3347 4925 3404 4974 χ,
3428 4910 3522 4973 με

1965 4843 2011 4873 ⁷⁸
2044 4840 2199 4897 Joan.
2239 4858 2278 4906 ι,
2314 4842 2368 4894 1.
2471 4843 2515 4875 ⁷⁷
2548 4841 2703 4897 Joan.
2746 4858 2800 4907 ι,
2841 4840 2928 4894 50.

2030 5094 2137 5162 (10)
2171 5091 2383 5157 Ψιλήν.
2440 5086 2497 5143 In
2530 5085 2869 5162 quibusdam,
2907 5082 3142 5162 ψέλλιον,
3180 5080 3278 5162 _vel
3321 5081 3524 5162 ψέλιον,

1962 5149 2350 5226 ιὀ“ι·ιιι’ἱιιοιιι,ἰ
2405 5174 2510 5227 qua
2537 5149 2668 5211 voce
2716 5157 2797 5208 usi
2834 5149 2960 5207 sunt
3007 5151 3145 5227 LXX
3179 5149 3524 5227 Interpretes,

1955 5218 2054 5290 Job
2084 5249 2174 5296 xu,
2211 5218 2302 5285 21.
2333 5218 2530 5285 Verum
2566 5227 2689 5280 ideo
2738 5234 2985 5278 constare
3007 5225 3184 5282 debet,
3224 5218 3405 5340 tpthpv,
3440 5234 3519 5271 vc-

1956 5320 2070 5340 ram
2106 5317 2224 5340 neco
2285 5300 2586 5340 Ιριιιὶηηρηι,
2645 5293 2785 5340 nnml
2814 5291 3104 5340 Gregorius
3136 5298 3285 5340 notat
3346 5298 3519 5340 urtunt

1956 5320 2070 5358 ram
2106 5291 2224 5357 esse
2284 5300 2588 5363 lectionem,
2645 5293 2785 5364 quod
2814 5291 3104 5364 Gregorius
3136 5298 3285 5344 notat
3323 5291 3525 5340 furtum

1954 5374 2164 5436 Achan,
2190 5371 2279 5439 qui
2310 5370 2518 5422 furatus
2551 5359 2633 5420 est
2658 5359 2818 5439 ψιλὴν
2856 5359 3178 5439 ποικιλτικῇ]
3201 5366 3401 5415 vestem
3431 5371 3526 5439 va-

1958 5426 2116 5507 riam,
2150 5426 2169 5494 ι
2209 5426 2268 5495 ut
2313 5439 2506 5503 legitur
2542 5426 2685 5504 apud
2714 5426 3282 5507 septuaginta,‘losue
3310 5426 3523 5507 vingit.

1956 5500 2113 5580 Quod
2141 5521 2321 5580 autem
2349 5500 2716 5580 Tlteodoretus
2756 5500 2969 5580 στολήν,
3005 5515 3023 5547 ι
3044 5509 3268 5580 vestem,
3297 5513 3315 5546 ι
3362 5500 3525 5580 in‘ter-

1956 5563 2221 5652 Miami,
2251 5578 2482 5648 Cyrinus
2537 5588 2658 5652 esse
2712 5572 2845 5639 νιιιιν
2880 5563 3281 5652 ἀτρετιωτικὴν,
3309 5563 3524 5652 ἳτφλην)

1961 5635 1979 5702 ἶ
2007 5635 2509 5721 paludamentum,»
2536 5643 2793 5721 ‘yttlgata,
2829 5635 2870 5690 ἰ
2897 5635 3112 5707 pallium
3138 5635 3519 5721 coccineum.)

2028 5719 2139 5790 (11)
2179 5715 2495 5787 Ἐπιέροιτςὶ
2529 5707 2740 5778 Ουιιιιιη
2773 5707 3186 5782 προσεπιφοιτᾷ,
3230 5723 3248 5757 ι
3271 5715 3520 5773 superve-

1957 5790 2055 5846 nit.
2077 5809 2096 5841 ι
3440 5795 3447 5803 ’
