3910 6214
242 416 3385 453 ...__—_____________________________________________

724 532 1089 622 ΛΟΓΟΣ
1164 536 1345 623 ΛΕ·

348 716 458 782 Εἰς
486 715 631 782 τοὺς
655 715 987 786 μάρτυρας,
1022 718 1123 773 καί
1158 721 1310 775 κατὰ
1342 720 1678 791 Ἀρειανῶν.

291 873 356 925 Α.
388 872 454 926 Τί
503 870 754 927 τοσοῦτον
788 872 937 927 ἔστιν
960 876 1157 938 εἰπεῖν,
1188 877 1313 931 ὅσον
1340 879 1451 941 τοῖς
1511 877 1808 950 ὀφθαλμοῖς

215 962 458 1035 πάρεστι
484 958 707 1034 βλέπειν
736 981 754 1031 ;
789 964 885 1029 Τίς
908 965 966 1020 δὲ
993 966 1151 1036 λόγος
1187 968 1297 1040 (18)
1327 970 1437 1024 τῶν
1467 972 1807 1041 φαινομένων

214 1055 445 1122 ἀγαθῶν
479 1056 813 1124 ἰσοστάσιοςς
858 1058 989 1112 Ἰδοὺ
1028 1061 1315 1132 πρόκειται
1356 1067 1469 1127 τοῖς
1507 1064 1807 1137 ὀφθαλμοῖς

222 1147 379 1216 ἡμῶν
400 1148 463 1201 τὸ
504 1149 901 1221 ἀπιστούμενον
933 1152 1133 1225 θέαμα,
1195 1154 1225 1208 ὃ
1261 1155 1357 1209 καὶ
1386 1156 1500 1229 (19)
1549 1157 1677 1213 ἰδεῖν
1707 1160 1807 1228 μὲν

216 1236 481 1300 πολλάκις
506 1238 809 1309 ηὐξάμεθα,
851 1243 1097 1313 κρεῖττον
1140 1242 1198 1296 δὲ
1224 1239 1294 1315 ἦν
1326 1244 1359 1316 ἢ
1396 1249 1518 1299 κατ’
1550 1248 1716 1319 εὐχὴν
1745 1250 1808 1303 τὸ

216 1326 575 1397 ποθούμενον.
615 1327 784 1382 Πάλιν
813 1329 1048 1384 ἐνταῦθα
1094 1333 1390 1405 μαρτύρων
1426 1336 1606 1406 τιμαὶ,
1639 1339 1806 1392 πολὺν

216 1418 324 1490 ήδη
352 1419 445 1472 τὸν
461 1419 567 1491 πρὸ
587 1419 778 1473 τούτου
808 1421 998 1494 χρόνον
1017 1423 1395 1496 ἀμεληθεῖσαι·
1424 1426 1585 1482 πάλιν
1618 1429 1806 1500 ἱερέων

215 1510 356 1565 Θεοῦ
383 1512 701 1584 συνδρομαίο
746 1514 907 1569 πάλιν
944 1517 1297 1588 χοροστασίαι
1330 1520 1425 1573 καὶ
1467 1521 1808 1594 πανηγύρεις

217 1604 605 1674 πνευματικαί.
658 1606 718 1660 Ὁ
747 1605 1004 1677 σύλλογος
1039 1607 1467 1682 πολυάνθρωπος
1503 1613 1803 1684 ἑορτάξειν,

215 1697 318 1767 οὐχ
343 1696 681 1769 ὁπλομαχεῖν
717 1699 1187 1773 προθυμούμενος.
1244 1704 1309 1755 Ὢ
1353 1703 1448 1757 τοῦ
1505 1703 1803 1776 θαύματος·

214 1787 473 1860 ἔρριπται
505 1790 615 1844 τῶν
649 1791 853 1864 χειρῶν
882 1792 953 1848 τὰ
983 1794 1144 1861 ὅπλα,
1177 1794 1393 1850 λέλυται
1415 1799 1449 1869 ή
1476 1798 1804 1871 παράταξις,

214 1881 501 1953 ἀμελεῖται
530 1884 560 1935 ό
581 1883 838 1955 πόλεμος.
899 1886 1014 1939 Οὐκ
1044 1885 1125 1939 ἔτι
1156 1887 1214 1941 αἰ
1261 1889 1437 1958 φωναὶ
1470 1888 1579 1944 τῶν
1602 1890 1806 1944 άλαλα-

214 1971 421 2037 ζόντων
453 1975 766 2031 ἀκούονταιο
799 1977 925 2032 ἀντὶ
945 1978 1003 2032 δὲ
1026 1978 1233 2036 τούτων
1262 1982 1469 2052 ἑορταὶ,
1492 1984 1587 2036 καὶ
1606 1983 1807 2057 εὐφρο-

1224 268 1486 326 ORATIO
1528 270 1739 326 XXXV.
1782 305 1852 315 —
1891 272 1975 326 DE
2016 274 2478 332 MARTYRIBUS
3386 278 3497 337 258

2321 548 2703 626 ORATIO
2778 551 3113 631 XXXV“.

2159 725 2236 779 De
2265 727 2611 797 martyribus.
2646 739 2696 782 et
2724 728 2973 784 adversus
3003 729 3232 786 Arianos

1986 884 2024 938 I.
2066 882 2204 950 Quid
2243 895 2450 938 tantum
2479 884 2585 939 dici
2613 895 2811 955 potest,
2839 898 3102 956 quantum
3136 887 3307 943 oculis
3336 903 3433 941 usu
3448 905 3502 937 r-

1915 989 2042 1043 pare
2074 975 2234 1028 licet?
2278 976 2538 1039 Quaenam
2580 987 2760 1030 autem
2795 978 3000 1042 oratio,
3050 995 3170 1033 cum
3206 979 3290 1033 his
3341 977 3501 1032 boni.»

1911 1080 2030 1135 quae
2052 1067 2440 1135 conspicimus,
2478 1069 2782 1135 comparari
2830 1070 3046 1138 potest?
3076 1070 3154 1123 En
3191 1071 3362 1125 oculis
3395 1086 3495 1124 no-

1913 1158 2040 1212 stris
2067 1158 2388 1213 incredibile
2415 1161 2735 1228 proponitur
2762 1161 3156 1230 spectaculum,
3185 1161 3327 1229 quod
3349 1176 3495 1229 saepe

1911 1250 2129 1319 quidem
2185 1249 2373 1304 videre
2415 1252 2721 1320 Optavimus
2746 1291 2763 1317 ,
2794 1253 3088 1319 expetitum
3113 1264 3290 1307 autem
3317 1292 3336 1320 ,
3368 1264 3494 1308 vota

1896 1357 2125 1415 “quoque
2150 1343 2380 1397 excedit.
2406 1342 2502 1398 llic
2530 1358 2719 1398 rursus
2748 1344 2991 1398 defertur
3019 1346 3353 1417 martyribus
3389 1346 3491 1400 ho-

1912 1450 2035 1501 nor,
2064 1434 2158 1504 qui
2189 1434 2348 1504 longo
2386 1435 2498 1503 jam
2537 1436 2797 1504 temporis
2824 1437 2997 1503 spatio
3031 1436 3309 1507 neglectus
3337 1447 3491 1504 erat;

1908 1538 2099 1579 rursus
2133 1524 2225 1579 Dei
2264 1525 2606 1581 sacerdotum
2641 1539 2977 1591 concursus;
3028 1542 3221 1581 rursus
3252 1527 3491 1597 tripudia

1909 1624 1963 1669 et
1988 1614 2297 1684 spirituales
2326 1615 2688 1673 celebritates.
2732 1617 3012 1687 Frequens
3049 1618 3136 1672 hic
3161 1628 3484 1681 conventus,

1909 1719 2014 1759 non
2050 1706 2117 1760 ad
2144 1721 2295 1760 arma
2332 1709 2623 1774 movenda,
2652 1710 2746 1762 sed
2770 1709 2836 1761 ad
2872 1708 3015 1763 diem
3051 1708 3249 1764 festum
3274 1709 3489 1779 agitan-

1909 1798 2035 1851 dum
2056 1808 2335 1868 promptus
2358 1814 2421 1855 ac
2453 1808 2675 1867 paratus
2697 1809 2802 1855 est.
2832 1799 2876 1855 Ο
2906 1801 3095 1871 ingens
3122 1801 3441 1856 miraculum
3470 1801 3483 1854 ἰ

1907 1889 2073 1943 Arma
2120 1905 2152 1945 e
2198 1890 2448 1945 manibus
2478 1890 2716 1960 proiecta
2766 1901 2935 1955 sunt,
2975 1892 3148 1947 soluta
3181 1901 3268 1948 est
3305 1894 3489 1956 acies,

1910 1980 2032 2036 belli
2076 1995 2206 2036 cura
2262 1979 2540 2049 abjicitur.
2578 1979 2695 2035 Non
2725 1981 2838 2052 jam
2890 1981 3125 2049 amplius
3164 1981 3486 2037 ululantium

214 2062 401 2129 σύναι,
446 2066 541 2119 καὶ
563 2068 843 2138 εἰρηνικαί¹
888 2068 1147 2142 θυμηδίαι
1174 2072 1276 2143 τὴν
1313 2072 1468 2128 πόλιν
1494 2076 1677 2129 πᾶσαν
1707 2092 1800 2129 πε-

1912 2085 2069 2126 voces
2096 2070 2424 2138 audiuntur;
2460 2080 2654 2126 contra
2686 2085 2819 2125 vero
2842 2110 2857 2135 ,
2894 2071 3051 2135 festa,
3082 2080 3133 2126 et
3167 2072 3401 2141 gaudia,
3436 2082 3485 2127 et

215 2156 577 2229 ριχορεύουσι·
626 2158 726 2230 τὴν
776 2160 942 2214 πάλαι
993 2161 1094 2234 μὲν
1150 2158 1314 2219 οὖσαν
1359 2164 1468 2221 τῶν
1510 2167 1805 2240 μαρτύρων

214 2250 452 2321 μητέρα,
513 2251 683 2308 πολὺν
710 2251 769 2306 δὲ
799 2252 892 2308 τὸν
926 2254 984 2307 ὲν
1005 2254 1085 2325 τῷ
1128 2255 1279 2329 μέσῳ
1312 2258 1524 2330 χρόνον,
1576 2261 1804 2332 ἄμοιρον

211 2345 514 2415 γενομένην
546 2344 648 2416 τῆς
683 2347 777 2400 ἐπὶ
823 2349 939 2411 τοῖς
992 2347 1202 2412 τέκνοις
1250 2351 1438 2422 τιμῆς.
1491 2350 1653 2405 Ἀλλά
1708 2351 1805 2406 νῦν

210 2436 412 2507 ἀπέχει
434 2437 615 2491 πάντα
647 2438 743 2492 καὶ
790 2439 1128 2511 περισσεύει,
1161 2439 1348 2504 καθώς
1373 2457 1539 2512 φησιν
1565 2444 1595 2496 ὁ
1640 2444 1803 2497 Ἀπό-

211 2526 420 2592 στολος.
472 2525 637 2599 Εὖγε,
690 2524 737 2583 ὦ
793 2533 1087 2605 μάρτυρες·
1129 2532 1392 2604 ὑμέτερος
1444 2535 1540 2589 καὶ
1572 2530 1726 2600 οὗτος
1775 2538 1806 2591 ὁ

211 2613 399 2684 ἆθλοςο
430 2621 590 2692 ὑμεῖς
617 2625 941 2695 νενικήκατε
977 2625 1072 2680 τὸν
1093 2626 1261 2681 πολὺν
1291 2627 1547 2699 πόλεμον,
1570 2623 1630 2682 εὖ
1664 2625 1800 2684 οἰδα.
1850 2627 1858 2636 ’

209 2712 367 2765 nova.
385 2713 675 2769 καὶταῦτα
714 2714 825 2786 (20)
852 2716 961 2770 τῶν
1000 2717 1281 2791 ὑμετέρων
1310 2717 1549 2792 ἱδρώτων
1570 2719 1641 2774 τὰ
1668 2738 1804 2775 κατ-

207 2801 528 2874 ορθώματα.
568 2806 756 2877 Ὑμεῖς
780 2808 1041 2880 ἠγείρατε
1067 2812 1133 2882 τῇ
1166 2812 1361 2886 εἰρήνῃ
1412 2812 1475 2866 τὸ
1518 2813 1798 2884 τρόπαιον.

220 2893 414 2965 Ὑμεῖς
437 2896 567 2961 τοὺς
597 2898 775 2971 ἱερέας
805 2898 901 2953 τοῦ
924 2900 1061 2955 Θεοῦ
1099 2903 1185 2973 ἐφ’
1211 2902 1441 2967 ἑαυτοὺς
1480 2905 1805 2974 ἐφειλκύσα-

208 2985 330 3040 σθε.
371 2988 561 3059 Ὑμεῖς
582 2990 710 3054 τοὺς
730 2989 996 3062 χορευτὰς
1034 2991 1129 3045 τοῦ
1169 2993 1326 3063 ἁγίου
1354 2994 1670 3066 Πνεύματος
1725 2995 1805 3067 τῷ

208 3080 461 3152 συλλόγῳ
503 3082 679 3155 τούτῳ
712 3084 1146 3157 προεστήσασθε.
1193 3088 1259 3140 Ὢ
1287 3089 1463 3160 πόσην
1501 3090 1805 3144 πεπόνθασι

203 3172 311 3244 τὴν
337 3172 566 3245 ζημίαν,
596 3171 680 3240 οἷς
707 3176 736 3229 ὁ
758 3177 949 3248 χρόνος
987 3181 1090 3250 τῆς
1119 3178 1265 3250 ζωῆς
1301 3181 1463 3253 μέχρι
1493 3181 1591 3235 τοῦ
1623 3181 1718 3235 νῦν
1740 3184 1803 3236 ού

201 3264 467 3338 διήρκεσε
528 3268 832 3340 θεάματος,
870 3271 958 3324 ἵνα
985 3271 1094 3325 τῶν
1131 3271 1473 3344 σκυθρωπῶν
1527 3275 1610 3338 εἰς
1641 3275 1805 3345 κόρον

202 3358 479 3424 ἐλθόντες,
510 3360 619 3414 τῶν
644 3361 865 3430 ἀγαθῶν
885 3362 986 3435 τῆς
1014 3364 1239 3437 εἰρήνης
1260 3364 1619 3419 ἀπελαύσειεν
1653 3364 1788 3438 (ﬁl)!

278 3527 359 3582 Β.
388 3530 611 3600 Οῖχεται
659 3530 794 3602 μὲν,
832 3532 927 3586 καὶ
959 3533 1255 3604 ἠφάνισται
1295 3536 1329 3607 ή
1382 3536 1483 3607 τῆς
1530 3537 1798 3609 αἱρέσεως

203 3620 419 3693 ἀπάτη,
454 3617 566 3675 οἷόν
602 3639 688 3686 τις
738 3623 959 3698 ὀμίχλη,
998 3627 1105 3680 ὑπὸ
1134 3626 1229 3680 τοῦ
1286 3627 1442 3698 ἀγίου
1480 3629 1800 3700 Πνεύματος

205 3710 591 3768 σκεδασθεῖσαο
639 3714 857 3787 καθαρά
915 3717 973 3771 δὲ
1018 3718 1314 3791 διέλαμψεν
1352 3722 1387 3793 ἡ
1427 3721 1529 3792 τῆς
1573 3722 1800 3794 εἰρήνης

203 3802 415 3876 αἰθρία,
448 3806 544 3859 καὶ
567 3807 940 3878 διαφαίνονται
990 3812 1112 3865 κατ’
1163 3812 1336 3884 αὐτὴν
1363 3814 1413 3866 οἰ
1464 3813 1560 3867 τοῦ
1589 3814 1799 3880 ἄστεως

204 3895 266 3946 ὲν
300 3893 541 3967 λαμπρῷ
562 3897 662 3969 τῆς
681 3897 939 3970 ἀληθείας
961 3901 1102 3970 φωτί
1120 3902 1611 3975 μαρμαρύσσοντες
1634 3905 1801 3959 ἀστέ-

207 4002 326 4058 ρες,
362 3982 485 4058 ούχὶ
537 3985 694 4042 νυκτὶ
720 3990 1243 4064 άποκεκληρωμένοι
1306 3997 1401 4049 καὶ
1445 3997 1643 4068 σκότῳ,
1681 3996 1798 4051 ἀλλ’

202 4079 576 4151 ήμεροφανεῖς
597 4083 647 4133 οἰ
677 4082 900 4151 πάντες,
942 4083 1021 4154 τῷ
1044 4084 1284 4157 ἀληθινῷ
1304 4087 1445 4156 φωτὶ
1468 4088 1567 4158 τῆς
1590 4088 1798 4142 δικαιο-

206 4169 379 4239 σύνης
435 4169 877 4243 άναλάμψαντες.
937 4174 1048 4228 Καὶ
1082 4174 1293 4247 ἐπειδὴ,
1362 4176 1509 4231 καθά
1553 4194 1719 4249 φησιν
1768 4179 1798 4233 ό

217 4260 565 4328 ’Δπόστολος,
596 4265 631 4335 ή
667 4263 765 4329 νὺξ
813 4264 1088 4336 προέκοψε
1107 4304 1124 4331 ,
1169 4265 1370 4336 μᾶλλον
1411 4267 1488 4332 δὲ,
1536 4268 1598 4321 τὸ
1618 4269 1797 4340 παρά-

204 4370 320 4406 παν
340 4353 661 4423 ἠφάνισται,
697 4354 776 4426 τῷ
813 4355 871 4409 δὲ
903 4357 1046 4425 φωτὶ
1100 4356 1218 4427 (εει)
1250 4356 1352 4428 τῆς
1387 4357 1603 4430 ἡμέρας
1648 4357 1797 4413 ἀπαν

203 4447 706 4519 καταφαιδρύνεται
733 4447 869 4520 (23),
903 4434 1097 4519 φεύγει
1132 4449 1232 4520 μὲν
1259 4449 1328 4503 τὰ
1352 4450 1659 4522 νυκτονόμα
1681 4451 1795 4523 (24)

200 4539 316 4595 τῶν
355 4538 584 4613 θηρίων,
642 4543 738 4595 καὶ
767 4541 1178 4597 συνελαύνονται
1211 4543 1349 4615 πρὸς
1381 4544 1506 4608 τοὺς
1556 4544 1798 4616 δρυμοὺς

202 4633 301 4687 καὶ
331 4631 432 4697 τάς
459 4632 796 4706 σιιτήλυγγιις⁸
825 4632 1087 4704 φεύγουσι
1108 4633 1165 4688 δὲ
1190 4635 1498 4707 νυκτερίδες
1522 4638 1798 4707 αἰρετικαὶ

199 4724 525 4797 τρύζουσαι,
566 4727 661 4780 καί⁵
704 4724 842 4798 πρὸς
879 4726 943 4780 τὺ
979 4727 1079 4797 τῆς
1117 4726 1375 4797 ἀληθείας
1402 4727 1520 4800 φῶς
1540 4729 1794 4801 ἀμϐλυὼο

1908 2162 2145 2231 pacitica:
2188 2161 2494 2218 animorum
2533 2162 2899 2232 jucunditates
2951 2172 3119 2217 totam
3166 2162 3486 2227 civitatem,

1907 2256 2053 2309 velut
2104 2256 2351 2310 instituto
2397 2254 2587 2320 choro,
2643 2255 2893 2310 ambiunt
2936 2274 2949 2309 :
2999 2256 3173 2322 hanc,
3234 2256 3485 2324 inquam,

1906 2361 2027 2416 qua:
2055 2347 2186 2402 olim
2235 2355 2536 2418 martyrum
2590 2361 2788 2416 parens
2821 2356 2978 2411 erat,
3011 2362 3199 2402 verum
3232 2348 3485 2402 diuturno

1907 2437 2109 2491 interea
2140 2445 2403 2507 tempore,
2431 2451 2496 2491 eo
2525 2436 2751 2503 honore,
2782 2451 2942 2505 quem
2971 2451 3037 2489 ex
3065 2434 3190 2488 filiis
3208 2434 3482 2504 capiebat,

1904 2529 2116 2584 orbata.
2152 2530 2223 2583 At
2258 2542 2423 2591 nunc,
2471 2535 2531 2581 ut
2574 2527 2821 2597 Apostoli
2874 2527 3053 2582 verbis
3106 2534 3249 2590 utar,
3297 2525 3484 2579 omnia

1907 2622 2068 2677 habet
2099 2631 2153 2677 et
2203 2623 2443 2676 abundat
2487 2622 2557 2677 ⁹⁰.
2592 2622 2770 2691 Euge,
2822 2636 2857 2676 o
2892 2631 3191 2691 martyres;
3243 2626 3485 2674 vestrum

1904 2711 2009 2766 hoc
2033 2725 2249 2781 quoque
2278 2719 2554 2765 certamen
2583 2719 2706 2766 est:
2747 2725 2845 2766 vos
2892 2710 3084 2779 ingens
3115 2708 3312 2763 bellum
3347 2722 3483 2763 con—

1907 2803 2127 2868 fecistis,
2163 2815 2248 2857 sat
2281 2805 2414 2859 scio.
2450 2803 2574 2858 Hmc
2600 2818 2815 2872 quoque
2856 2802 3084 2857 sudores
3125 2801 3294 2857 vestri
3338 2815 3484 2871 prae-

1905 2895 2177 2948 stiterunt.
2227 2894 2331 2949 Vos
2391 2895 2507 2964 paci
2555 2903 2817 2962 tropaeum
2876 2891 3023 2949 istud
3067 2891 3340 2948 erexistis.
3378 2892 3488 2948 Vos

1910 2985 1998 3038 Dei
2031 2984 2369 3048 sacerdotes,
2414 2984 2482 3038 ad
2522 2999 2616 3040 vos
2647 2986 2793 3054 ipsos
2834 2983 3158 3039 attraxistis.
3208 2981 3319 3038 Vos
3365 2983 3460 3052 Spi

1907 3076 2045 3130 ritus
2072 3077 2246 3130 sancti
2297 3076 2680 3144 tripudiatores
2700 3117 2717 3142 ,
2750 3077 2876 3131 huic
2903 3077 3191 3130 conventui
3246 3074 3488 3144 pra-feci-

1905 3166 2023 3220 stis.
2053 3166 2097 3222 Ο
2123 3175 2323 3234 quanto
2349 3165 2527 3221 affecti
2560 3173 2686 3220 sunt
2719 3167 2938 3229 damno,
2974 3167 3168 3235 quibus
3199 3167 3319 3219 vitae
3350 3176 3487 3219 tem-

1906 3273 2007 3327 pus
2039 3261 2106 3311 ad
2137 3258 2239 3312 hoc
2267 3271 2439 3327 usque
2474 3258 2840 3327 spectaculum
2878 3272 2982 3311 non
3014 3268 3346 3325 pertractum
3376 3266 3486 3322 est,

1907 3356 1966 3401 ut
2003 3348 2263 3402 molestiis
2293 3349 2658 3419 aerumnisque
2688 3348 2915 3404 saturati
2941 3386 2956 3413 ,
2983 3348 3131 3417 pacis
3158 3346 3318 3402 bonis
3342 3345 3483 3402 frue-

1826 3429 1872 3488 C
1906 3441 2123 3494 rentur!

1977 3531 2045 3583 Il.
2086 3530 2256 3598 Abiit,
2289 3540 2344 3586 et
2375 3530 2548 3585 deleta
2580 3538 2664 3587 est
2697 3529 2920 3584 haeresis
2948 3528 3274 3599 impostura,
3313 3527 3484 3582 instat

1902 3623 2114 3678 nebula:
2147 3624 2451 3694 cujusdam,
2483 3639 2512 3677 a
2550 3621 2754 3694 Spiritu
2791 3632 2980 3677 sancto
3026 3621 3308 3691 dissipata.
3341 3620 3484 3676 Pura

1902 3725 2083 3769 autem
2115 3714 2317 3770 effulsit
2361 3717 2511 3786 pacis
2539 3715 2809 3772 serenitas
2832 3754 2848 3781 ,
2880 3731 2945 3769 ac
2981 3729 3076 3783 per
3097 3728 3217 3769 eam
3243 3715 3486 3768 emicant

1903 3807 2052 3861 urbis
2100 3806 2302 3871 stellae,
2335 3808 2387 3860 in
2419 3806 2700 3876 splendida
2729 3806 2976 3861 veritatis
3004 3805 3126 3860 luce
3174 3803 3486 3869 radiantes;

1902 3912 2008 3953 non
2040 3897 2207 3969 63o
2240 3899 2383 3952 nocti
2435 3914 2500 3954 ac
2532 3898 2772 3954 tenebris
2810 3899 3122 3962 attributae,
3166 3896 3263 3952 sed
3296 3910 3485 3951 omnes

1900 3988 2133 4043 interdiu
2162 3989 2436 4057 lucentes,
2485 4006 2616 4045 vero
2638 3990 2866 4059 justitiam
2893 3990 3098 4045 lumine
3128 3982 3483 4060 refulgentes.

1901 4078 1968 4134 Et
1999 4082 2277 4149 quoniam,
2308 4092 2369 4137 ut
2393 4084 2471 4137 ait
2492 4083 2820 4154 Apostolus,
2849 4098 2956 4137 nox
2988 4082 3357 4152 praecessit”,
3399 4081 3487 4138 vel

1899 4174 2080 4242 potius
2104 4175 2326 4229 omnino
2358 4174 2608 4240 evanuit,
2638 4185 2800 4245 atque
2828 4176 2935 4231 diei
2971 4175 3091 4230 luce
3117 4175 3300 4230 omnia
3338 4174 3480 4230 hila-

1901 4277 2161 4334 rescunt,
2192 4266 2406 4339 fugiunt
2452 4267 2670 4337 quidem
2713 4269 2838 4323 ferte
2863 4308 2879 4333 ,
2921 4283 3042 4339 quae
3075 4267 3268 4337 pabula
3320 4275 3487 4322 noctu

1900 4366 2169 4425 quaerunt,
2197 4372 2262 4411 ac
2287 4357 2340 4410 in
2367 4357 2536 4412 saltus
2565 4367 2621 4412 et
2653 4360 2946 4428 speluncas
2975 4373 3034 4412 se
3062 4358 3331 4427 recipiunt
3356 4398 3371 4421 ,
3403 4357 3480 4411 ita

1898 4452 2062 4506 etiam
2140 4450 2356 4521 fugiunt
2421 4453 2796 4525 nycticoraces
2849 4452 3119 4507 haeretica;
3191 4450 3484 4506 stridorem

1899 4544 2154 4612 edentes;
2189 4555 2245 4600 et
2296 4545 2364 4600 ad
2404 4543 2654 4599 veritatis
2692 4544 2868 4599 lucem
2912 4544 3291 4608 mentientes,
3323 4552 3491 4611 atque

1900 4639 2165 4707 capitibus
2209 4639 2352 4694 inter
2389 4653 2448 4693 se
2484 4638 2780 4702 haerentes,
2813 4639 2866 4691 in
2902 4648 3177 4707 petrarum
3212 4638 3488 4690 scissuras

1902 4745 1961 4784 se
2005 4730 2319 4800 conjiciunt.
2356 4729 2459 4785 Per
2496 4729 2657 4800 hujus
2689 4728 2797 4784 diei
2845 4728 3019 4784 lucem
3059 4736 3347 4782 cessarunt
3387 4739 3486 4780 co-

201 4793 441 4870 ⁸ιέτουσιιι
479 4816 615 4889 (25),
636 4793 764 4872 ἤια).⁷
784 4818 866 4881 εἰς
897 4817 997 4882 τὰς
1024 4793 1275 4889 τρώγλας
1320 4793 1429 4873 τῶν
1459 4793 1674 4891 πετρῶν
1697 4836 1796 4875 κα·

1912 4793 2259 4877 messatorum
2286 4836 2352 4877 ac
2382 4793 2797 4879 temulentorum
2843 4821 3115 4877 sodalitia.
3148 4818 3318 4874 Fures
3339 4856 3355 4883 ,
3385 4831 3486 4888 pa-

276 4927 329 4961 ”
367 4925 608 4996 Philipp.
638 4941 713 4989 tv,
743 4924 833 4980 18.
907 4926 952 4957 ⁸³
984 4924 1145 4979 Rom.
1176 4940 1299 4988 xm,
1334 4924 1419 4979 12.

277 5033 308 5062 ι
331 5022 482 5077 Alias
512 5019 760 5084 XLVIII;
800 5032 921 5087 qua;
953 5026 1132 5072 autem
1168 5016 1240 5072 35
1268 5027 1408 5078 erat,
1438 5033 1579 5074 nunc
1608 5018 1697 5073 29.
1732 5051 1802 5060 —

202 5092 409 5148 Habita
435 5101 668 5146 exeunte
697 5103 885 5143 mense
911 5087 1201 5142 Novembri
1229 5103 1320 5141 an.
1348 5087 1473 5142 580.

275 5161 393 5233 (18)
429 5160 529 5226 Τίς
564 5160 635 5215 δὲ
660 5160 861 5233 λόγος.
913 5157 1331 5233 Sic__legendu_m
1377 5167 1650 5233 putamus
1674 5174 1797 5233 eum

200 5227 577 5293 Montacutio,
623 5227 878 5298 quamvis
925 5228 1144 5284 codices
1185 5227 1406 5296 quidam
1442 5237 1496 5283 et
1523 5228 1653 5282 editi
1701 5231 1795 5284 Ita-

196 5305 389 5363 beant,
420 5301 506 5365 τίς
538 5299 805 5367 διάλογος.
1594 5304 1597 5309 '

275 5371 393 5443 (19)
417 5372 548 5426 Kal.
584 5373 745 5443 Deest
778 5367 996 5443 in‘Reg.
1019 5368 1139 5443 _bm.

274 5436 392 5513 (20)
426 5444 597 5513 Μόνα
629 5441 729 5494 καὶ
762 5436 970 5513 mam:
1016 5436 1412 5493 Leuvenklaius
1443 5438 1571 5509 legit
1610 5439 1789 5510 μόνον.

201 5509 447 5569 Ilotttac.
480 5512 673 5566 melius
699 5519 849 5578 putat
875 5509 1072 5581 μόνων.

276 5582 393 5651 (21)
420 5578 887 5636 Ἀπελαύσειενζ
909 5581 1041 5650 Reg.
1067 5581 1174 5640 bm,
1203 5579 1537 5651 ἀπέλαυσαν.
1557 5578 1785 5651 ,Οοιηὴη

196 5647 594 5708 ἀπελαύσειαν.
617 5651 849 5705 Montac.
870 5651 922 5704 in
953 5647 1125 5715 textu,
1142 5650 1479 5721 ἀπέλαυσαν,
1502 5647 1569 5702 ad
1593 5666 1785 5721 marg.,

199 5723 279 5779 ῐσ.
312 5722 692 5789 ἀπελαύσειεν,
721 5730 775 5776 et
803 5722 855 5775 in
894 5722 1039 5777 notis
1069 5720 1143 5775 ῖσ.
1184 5720 1540 5775 ἀπελαύσειεν
1573 5720 1657 5775 ἄν.

1980 5016 2092 5087 (22)
2134 5013 2219 5081 Τῷ
2241 5014 2309 5069 δὲ
2327 5015 2619 5087 φωτιειο.
2666 5014 2785 5070 Bill.
2809 5034 2828 5067 ι
2862 5015 2973 5071 Diei
3007 5026 3186 5087 autem
3223 5016 3343 5072 luce
3359 5030 3488 5071 cun.

1911 5085 1997 5142 cta
2024 5088 2246 5141 evitant.
2289 5105 2308 5137 ι
2344 5085 2479 5139 Hinc
2503 5085 2869 5142 Montacutius
2896 5091 3015 5141 ait:
3051 5105 3071 5138 ι
3102 5086 3243 5153 Quid
3296 5086 3491 5142 Billins

1907 5157 2100 5225 legerit
2124 5157 2371 5211 divinare
2422 5171 2528 5211 non
2561 5171 2802 5226 possum.
2848 5176 2866 5208 ι
2902 5156 3011 5211 Nos
3034 5168 3213 5211 autem
3257 5155 3486 5221 COIIjit'i-

1906 5243 2026 5281 Inus
2054 5226 2401 5297 librariorum
2428 5241 2668 5279 errorem
2697 5241 2835 5290 esse,
2875 5231 2970 5297 qui
3005 5245 3023 5278 ι
3062 5227 3292 5289 evitant,
3335 5244 3355 5277 ι
3387 5241 3487 5296 pro

1907 5315 1928 5348 ‹
1956 5298 2210 5360 emicant,
2244 5315 2263 5347 ι
2302 5296 2653 5363 scripserunt.

1970 5366 2081 5437 (25)
2117 5368 2341 5437 Ἅπανῄ
2373 5366 2925 5437 καταφαιδρύνεται.
2972 5365 3107 5436 Reg.
3169 5367 3253 5419 lim
3287 5407 3301 5430 ,
3362 5364 3484 5437 καθ’

1899 5436 2116 5491 ἅπαντα
2149 5436 2523 5508 φαιδρύνεται.
2567 5436 2763 5491 Μυηίὶιι
2785 5447 2862 5491 ut.
2896 5438 2964 5491 ad
2996 5452 3167 5507 marg.
3200 5453 3293 5508 γρ.
3340 5436 3483 5489 πάν-

1896 5525 1982 5559 τα.

1957 5577 2079 5647 Γ(24)
2114 5578 2491 5647 Νυκτονῷμα.
2521 5574 2653 5645 Reg.
2698 5578 2806 5641 lnn,
2836 5576 3152 5647 νυκτινόμα.

1970 5645 2083 5722 (25)
2121 5645 2671 5715 Ἀμϐλυώπτουσαι.
2724 5647 2955 5703 Montac.
3006 5645 3067 5703 et
3115 5645 3333 5713 C0mb.,
3372 5646 3482 5722 άμ-

1898 5717 2169 5770 6λυώττου
2178 5733 2286 5776 σαι.
