3910 6214
394 238 504 297 259

1634 224 1690 282 S.
1733 223 2066 281 GREGORII
2105 223 2453 281 THEOLOGI

3530 225 3640 281 260

395 353 589 410 rietum
613 348 914 411 eﬂ‘ossores,
945 342 1245 414 praedones,
1280 346 1332 393 et
1364 350 1409 393 ε.
1463 337 1583 409 [uid
1612 337 1756 392 aliud
1786 337 1963 391 noctis

2086 336 2364 399 ταδύονται,
2392 334 2483 389 ἐπὶ
2509 332 2751 405 κεφαλὴν
2779 333 3020 405 ἀλλήλων
3056 335 3331 405 ἐχόμεναι.
3355 334 3640 390 Πέπαυται

392 459 530 515 opus
579 451 703 505 est,
756 446 945 494 exorto
1001 434 1149 506 pacis
1195 431 1444 495 lumine,
1493 428 1731 483 latebras
1788 428 1963 497 petiit.

393 535 639 604 Quandiu
672 547 830 603 porro
856 546 959 583 nox
998 528 1084 581 illa
1116 534 1253 590 erat,
1281 523 1486 579 erroris
1517 521 1747 588 caligine
1773 527 1966 573 cuncta

393 628 729 692 obscurans,
773 622 948 693 qualia
982 619 1198 673 tandem
1251 617 1400 671 fuere
1432 628 1554 683 qua:
1601 608 1967 683 gerebantur?

395 719 808 787 Haecsiquidem
840 712 1106 769 oblivione
1140 708 1357 778 altoque
1406 707 1568 776 digna
1618 704 1833 759 silentio
1860 742 1876 769 ,
1912 710 1971 755 ut

396 825 465 866 ne
491 810 722 864 tristium
754 820 932 860 rerum
967 801 1226 857 memoria
1274 812 1512 868 praesens
1542 795 1793 863 gaudium
1833 808 1967 847 con-

395 902 708 956 taminetur.
754 898 995 963 Quonam
1041 893 1185 948 enim
1227 890 1387 944 modo
1414 929 1429 955 ,
1456 903 1579 958 quae
1617 898 1728 939 tum
1759 893 1966 954 patrata

396 1000 522 1048 sunt
559 990 695 1044 mala
719 1032 735 1054 ,
773 988 1038 1057 quispiam
1095 980 1337 1036 dixerit?
1395 994 1460 1033 ac
1499 992 1732 1046 quonam
1785 990 1971 1027 rursus

395 1085 555 1137 modo
584 1098 645 1137 ea
671 1078 931 1134 tacuerit?
960 1077 1080 1145 quis
1103 1074 1169 1127 ad
1195 1072 1340 1126 hunc
1366 1071 1581 1123 modum
1616 1084 1678 1120 ex
1708 1067 1964 1134 tragoedia

394 1181 693 1229 commotus
719 1170 841 1225 est?
872 1182 991 1237 qua:
1029 1166 1209 1220 fabula
1239 1174 1417 1216 tantas
1443 1161 1775 1213 calamitates
1817 1157 1969 1209 ellin-

396 1266 512 1320 xit?
545 1265 663 1332 quis
709 1260 978 1328 tragtedus
1010 1272 1122 1310 rem
1174 1263 1280 1308 tam
1322 1254 1624 1306 luctuosam
1676 1264 1772 1317 pro
1808 1264 1967 1301 scena

396 1351 786 1413 conclamarit?
818 1348 1098 1406 Sermonis
1144 1346 1452 1399 facultatem
1488 1341 1771 1396 calamitas
1816 1354 1973 1407 supc-
2008 1398 2013 1403 ,

396 1457 522 1504 rat:
559 1445 755 1514 majora
814 1449 938 1496 sunt
986 1439 1147 1505 mala,
1196 1453 1358 1508 quam
1407 1445 1464 1490 ut
1516 1434 1639 1504 quis
1680 1431 1858 1486 verbis
1908 1446 1969 1485 ea

396 1548 653 1593 enarrare
686 1532 882 1602 possit.

2068 427 2155 481 διὰ
2174 428 2270 497 τῆς
2302 427 2517 497 ἡμέρας
2564 422 2766 496 ταύτης
2813 425 2880 479 τὰ
2932 426 3042 480 τῶν
3071 425 3378 497 κωμαστῶν
3402 427 3496 479 καὶ
3529 427 3640 479 τῶν

2073 518 2377 590 μεθυόντων
2407 516 2776 587 συντάγματα.
2796 517 3132 581 Λωποδύται,
3166 517 3260 569 καὶ
3294 517 3639 587 τοιχωρύχοι,

2071 602 2162 655 καὶ
2190 601 2436 664 κλέπται,
2463 601 2558 654 καὶ
2582 599 2636 652 εἴ
2654 618 2707 653 τι
2724 599 2851 654 ἄλλο
2880 600 2980 670 τῆς
2995 599 3185 662 νυκτὸς
3205 599 3364 671 ἔργον
3390 601 3526 664 ἐστὶ,
3543 598 3642 653 τοῦ

2070 693 2244 761 φωτὸς
2275 694 2373 763 τῆς
2394 693 2615 763 εἰρήνης
2637 691 3103 757 ἐπανατείλαντος,
3130 690 3455 762 κέκρυπται.
3493 691 3645 753 Ἕως

2069 784 2124 837 δὲ
2143 780 2209 855 ἦν
2235 786 2267 854 ή
2300 783 2396 848 νὺξ
2424 785 2604 855 ἐκείνη
2650 782 2728 854 τῷ
2777 785 2875 854 τῆς
2907 782 3121 853 ἀπάτης
3149 782 3333 853 γνόφῳ
3367 781 3435 835 τὰ
3464 782 3645 835 πάντα

2072 874 2557 940 κατασκοτίξουσα,
2585 871 2672 928 οἷα
2694 872 2762 947 ἦν
2790 876 2857 930 τὰ
2878 874 3226 946 πραττόμενα
3249 891 3264 940 ;
3301 873 3485 944 Λήθης
3516 873 3648 940 ἄξια

2071 968 2164 1020 καὶ
2195 967 2413 1037 βαθείας
2446 969 2624 1038 σιγῆς,
2676 967 2752 1030 ὡς
2782 969 2847 1021 ἂν
2897 966 2969 1038 μὴ
2999 968 3188 1038 μνήμῃ
3237 964 3345 1019 τῶν
3391 964 3648 1035 ἀηδεστὲ-

2074 1075 2200 1128 ρων,
2227 1061 2258 1127 ἡ
2288 1058 2535 1129 παροῦσα
2561 1058 2718 1130 χάρις
2762 1056 3207 1129 καταμολύνοιτο.
3258 1055 3383 1118 Πῶς
3426 1056 3534 1125 γὰρ
3576 1054 3646 1107 ἄν

2073 1165 2154 1210 τις
2197 1149 2337 1201 εἴποι
2369 1148 2437 1201 τὰ
2465 1151 2584 1201 κατ’
2632 1150 2802 1219 αὐτῆς
2838 1147 3014 1213 κακά;
3069 1146 3185 1208 πῶς
3232 1146 3288 1198 δὲ
3314 1145 3380 1198 άν
3431 1161 3515 1206 τις
3547 1144 3648 1196 καὶ

2076 1241 2406 1308 σιωπήσειε;
2458 1240 2510 1291 τί
2563 1239 2733 1302 πάθος
2798 1241 2861 1291 ἐκ
2892 1237 3198 1308 τραγῳδίας
3249 1233 3522 1296 τοιοῦτον;
3557 1233 3648 1296 τίς

2077 1325 2241 1394 μῦθος
2276 1326 2558 1397 συμφορὰς
2613 1326 3003 1392 ἀναπλάσσων;
3043 1325 3127 1387 τίς
3164 1325 3392 1395 ποιητὴς
3428 1323 3647 1394 δραμά-

2072 1434 2178 1473 των
2210 1417 2446 1470 τοιοῦτον
2505 1418 2597 1470 ἐπὶ
2626 1417 2830 1487 σκηνῆς
2858 1416 3025 1479 πάθος
3055 1416 3312 1487 ὲϐόησεν;
3359 1416 3527 1483 ’Υπὲρ
3557 1414 3649 1468 λός-

2074 1525 2167 1574 γον
2209 1508 2241 1577 ή
2282 1507 2552 1578 συμφορά·
2587 1508 2726 1578 ὑπὲρ
2767 1508 2862 1579 τὴν
2890 1508 3116 1561 δύναμιν
3145 1507 3252 1561 τῶν
3273 1508 3648 1579 διηγουμένων

2073 1602 2142 1653 τά
2173 1600 2341 1669 πάθη.

468 1709 561 1761 Ill.
604 1708 812 1760 Chorus
848 1704 956 1767 ille,
992 1700 1193 1755 diaboli
1226 1700 1385 1754 sedes
1413 1708 1467 1752 et
1512 1697 1968 1767 propugnaculum

2144 1689 2216 1740 I".
2264 1688 2629 1760 Ὁρμητήριον
2673 1684 2741 1759 ἦν
2787 1686 2879 1741 τοῦ
2920 1689 3165 1743 διαϐόλου
3227 1691 3256 1742 6
3309 1690 3468 1760 χορός
3508 1685 3647 1760 (26).

396 1809 534 1855 erat.
565 1799 662 1852 Hic
693 1798 795 1852 sibi
825 1795 1121 1849 exercitum
1155 1792 1532 1852 constituerat,
1563 1805 1627 1842 ac
1654 1788 1969 1841 defensores

399 1899 456 1945 et
478 1888 735 1945 satellites
767 1887 821 1939 in
856 1900 921 1939 eo
960 1883 1272 1938 collocarat.
1326 1881 1422 1935 Hic
1473 1878 1735 1933 mendacii
1766 1885 1970 1939 castra,

396 1979 600 2033 erroris
643 1985 1100 2046 propugnatores,
1147 1974 1451 2026 daamonum
1504 1968 1815 2036 expeditio,
1869 1965 1972 2019 im-

401 2070 719 2125 mundorum
765 2067 1044 2136 spirituum
1088 2063 1358 2132 legiones;
1413 2076 1496 2124 ac,
1549 2061 1593 2114 si
1643 2059 1770 2126 quid
1804 2058 1970 2113 etiam

404 2171 751 2215 externorum
798 2157 1071 2211 nominum
1120 2167 1382 2220 usurpare
1416 2151 1563 2213 licet,
1609 2150 1733 2204 hinc
1777 2164 1973 2218 pravus

404 2251 687 2305 Furiarum
711 2249 978 2304 exercitus
1002 2247 1261 2300 adversus
1281 2243 1573 2297 Ecclesium
1614 2240 1975 2296 debacchatus

403 2352 506 2398 est.
538 2341 630 2397 Sic
668 2341 810 2397 enim
857 2339 1116 2402 adducor,
1162 2345 1223 2391 ut
1281 2350 1375 2391 eas
1421 2335 1648 2389 feminas
1684 2332 1974 2402 appellem,

402 2449 524 2505 qua:
552 2447 712 2503 supra
744 2440 988 2485 naturam
1018 2430 1084 2484 ad
1120 2429 1319 2483 malum
1357 2427 1545 2482 viriles
1582 2441 1701 2481 sese
1729 2425 1973 2496 praebue-

405 2533 551 2579 runt.
575 2522 690 2578 Una
719 2533 835 2578 erat
859 2523 912 2576 in
937 2522 1123 2577 diebus
1148 2520 1277 2574 Elite
1315 2517 1535 2575 Iezabel
1563 2518 1822 2572 adversus
1852 2532 1976 2586 pro-

403 2619 595 2688 phetas
640 2616 848 2669 Domini
893 2616 1091 2669 caedem
1119 2612 1378 2667 anhelans
1405 2613 1482 2676 ”;
1518 2625 1751 2679 eamque
1802 2610 1974 2678 inspi-

404 2717 522 2762 rata
550 2708 800 2762 divinitus
835 2706 1112 2775 Scriptura
1137 2705 1453 2774 proscindit,
1486 2712 1565 2767 ut,
1601 2718 1718 2756 mea
1749 2702 1972 2771 quidem

406 2799 706 2864 sententia,
747 2813 906 2853 omne
945 2797 1199 2865 deinceps
1241 2795 1494 2849 saeculum
1521 2834 1536 2858 ,
1578 2793 1868 2862 petulantis
1915 2806 1980 2847 ac

406 2889 686 2959 impudica:
709 2888 947 2943 mulieris
976 2888 1375 2949 recordatione,
1409 2884 1713 2939 erudiatur.
1744 2881 1972 2945 Verum,

2087 1778 2350 1833 Ἐνταῦθα
2377 1779 2436 1832 τὸ
2485 1778 2844 1850 στρατόπεδον
2877 1779 3055 1849 ἑαυτῴ
3106 1781 3509 1850 κατεστήσατο,
3551 1780 3652 1833 καὶ

2074 1871 2200 1934 τοὺς
2230 1870 2392 1934 ἰδίους
2442 1869 2786 1933 ὑπασπιστὰς
2832 1873 2888 1923 ὲν
2936 1870 3083 1941 αύτῷ
3112 1870 3489 1942 καθιδρύσατο.
3527 1870 3654 1924 Ἐν-

2074 1964 2248 2018 ταῦθα
2274 1966 2304 2017 6
2334 1964 2562 2035 στρατὸς
2590 1964 2684 2017 τοῦ
2735 1962 2963 2033 ψεύδους
2981 2004 2996 2029 ,
3031 1968 3080 2018 ot
3127 1966 3227 2034 τῆς
3256 1965 3472 2035 ἀπάτης
3511 1964 3654 2035 πρό-

2080 2071 2264 2125 μαχοι,
2302 2056 2335 2125 ή
2363 2054 2471 2107 τῶν
2516 2054 2782 2124 δαιμόνων
2806 2054 3148 2126 ὲκστρατεία,
3174 2057 3229 2108 αί
3252 2055 3518 2125 λεγεῶνες
3541 2055 3654 2108 τῶν

2078 2144 2401 2217 ἀκαθάρτων
2449 2146 2796 2216 πνευμάτων·
2838 2147 2887 2198 εί
2932 2146 2988 2198 δὲ
3012 2146 3118 2216 χρὴ
3169 2147 3264 2200 καὶ
3297 2145 3407 2199 τῶν
3450 2145 3656 2215 ἔξωθεν

2078 2237 2355 2308 ὀνομάτων
2384 2239 2581 2300 εἰπεῖν,
2604 2236 2876 2291 ’ἐντεῦθεν
2912 2239 2941 2290 6
2979 2236 3214 2308 πονηρὸς
3238 2236 3349 2291 τῶν
3379 2238 3657 2308 δαιμόνων

2079 2326 2336 2397 ὲριννύων
2362 2324 2590 2393 στρατὸς
2633 2326 2776 2378 κατὰ
2814 2326 2915 2396 τῆς
2953 2326 3276 2397 Ἐκκλησίας
3337 2324 3652 2397 ἐκώμασεν.

2079 2417 2234 2471 Οῦτω
2266 2417 2377 2488 (27)
2418 2416 2527 2487 γὰρ
2567 2414 2851 2486 ὀνομάζειν
2904 2415 3003 2479 τὰς
3031 2419 3292 2485 γυναῖκας
3313 2417 3654 2487 προάγομαι,

2088 2509 2144 2563 αἳ
2173 2494 2323 2580 ὑπὲρ
2359 2508 2456 2578 τὴν
2484 2507 2644 2576 φύσιν
2673 2509 2753 2570 είς
2779 2507 2839 2560 τὸ
2863 2508 3032 2562 κακὸν
3063 2506 3391 2579 ὴνδρίζοντο.
3432 2509 3548 2563 Μία
3583 2504 3659 2579 ἦν

2080 2602 2138 2654 ὲν
2180 2604 2298 2664 ταῖς
2322 2600 2558 2672 ἡμέραις
2594 2598 2773 2652 Ἠλιοῦ
2819 2600 2851 2668 ἡ
2891 2599 3144 2665 Ἰεζάϐελ,
3197 2600 3337 2654 γατά
3369 2600 3476 2654 τῶν
3519 2616 3658 2672 προ-

2083 2690 2265 2761 φητῶν
2288 2691 2381 2743 τοῦ
2400 2691 2603 2760 Κυρίου
2635 2689 2850 2759 φονῶσα
2876 2681 3010 2760 (i3),
3041 2691 3134 2744 καὶ
3156 2692 3456 2762 στηλιτεύει
3481 2692 3659 2763 αὐτὴν

2080 2784 2113 2852 ἡ
2141 2780 2493 2845 θεόπνευστος
2522 2780 2750 2853 ίστορία,
2781 2781 2856 2843 ὡς
2902 2781 2967 2834 ἂν
2994 2777 3169 2852 οἶμαι,
3204 2786 3271 2855 τῇ
3325 2786 3511 2854 μνήμῃ
3559 2783 3659 2837 τοῦ

2082 2871 2378 2926 ἀκολάστου
2404 2871 2762 2940 γυναίου,πᾶς
2782 2874 2809 2925 6
2832 2872 2969 2942 μετὰ
2988 2872 3156 2927 ταῦτα
3184 2873 3297 2944 βίος
3325 2875 3654 2930 παιδεύοιτο.

407 2991 540 3051 quot
582 2980 817 3036 Jezabeli
863 2981 987 3034 huic
1024 2978 1264 3042 similes,
1299 2980 1445 3031 velut
1487 2977 1662 3030 cicuta
1685 3014 1700 3039 ,
1736 2990 1807 3028 ex
1833 2988 1965 3042 agro

2086 2964 2350 3016 Τοσαῦται
2375 2963 2551 3016 τοίνυν
2605 2962 2744 3015 κατά
2782 2963 2879 3033 τὴν
2936 2962 3170 3028 Ἰεζάϐελ
3198 2964 3432 3034 ἐκείνην,
3467 2966 3659 3037 ῶσπερ

2217 3055 2230 3073 ρ
2444 3056 2456 3073 ,
2534 3054 2623 3073 κεν
2714 3053 3017 3073 ιηηιημν
3111 3056 3267 3073 mu-
3593 3057 3619 3069 -

410 3080 633 3142 repente
674 3072 1035 3143 pullularunt,
1073 3069 1266 3135 majori
1307 3068 1469 3138 631
1512 3081 1723 3136 quoque
1770 3066 1976 3120 saevitia

408 3178 550 3227 eam,
604 3177 764 3232 quam
816 3160 1273 3221 commemoravi,
1327 3167 1670 3226 superantes.
1724 3154 1875 3221 Quod
1933 3155 1980 3209 si

411 3255 569 3309 ﬁdem
595 3253 826 3308 sermoni
859 3267 978 3307 meo
1007 3265 1112 3305 non
1141 3250 1344 3303 habeas
1365 3287 1380 3311 ,
1419 3247 1700 3301 historiam
1746 3244 1976 3316 inspice.

409 3346 504 3400 Illa
550 3345 764 3415 quidem
814 3342 1021 3398 Naboth
1062 3341 1273 3394 vineam
1330 3337 1580 3393 maerenti
1637 3336 1825 3389 Achab
1874 3344 1980 3388 tra-

409 3435 576 3502 didit,
605 3442 665 3489 ut
688 3449 755 3489 ex
784 3433 937 3487 vinea
974 3433 1190 3485 hortum
1224 3427 1426 3481 faceret
1457 3463 1472 3489 ,
1514 3424 1671 3478 luxus
1699 3435 1985 3478 ornamen-

413 3540 525 3582 tum
549 3569 564 3593 ,
601 3527 890 3581 muliebres
940 3522 1204 3589 delicias;
1240 3522 1351 3574 ista:
1385 3526 1562 3571 autem
1587 3554 1603 3580 ,
1634 3529 1730 3583 per
1780 3514 1985 3582 seipsas

412 3620 517 3673 hoc
564 3617 760 3672 malum
808 3622 1225 3687 perpetrantes,
1256 3610 1435 3663 vivam
1477 3608 1569 3661 Dei
1619 3607 1830 3659 vineam
1860 3641 1877 3668 ,
1932 3602 1986 3656 id

412 3717 517 3772 est,
554 3707 885 3770 Ecclesiam,
933 3702 1145 3773 penitus
1175 3700 1231 3755 vi
1273 3700 1451 3754 delere
1492 3711 1555 3750 ac
1582 3704 1830 3750 evertere
1866 3702 1986 3746 ten-

417 3794 629 3856 tarum."
646 3796 925 3865 Quodnam
957 3795 1078 3866 ejus
1108 3793 1252 3865 quod
1288 3789 1468 3845 refero
1493 3785 1801 3856 exemplum
1833 3796 1989 3853 repe-

415 3888 592 3946 riam?
637 3902 861 3958 ecquam
907 3885 1069 3955 hujus
1100 3881 1386 3957 pravitatis
1442 3894 1508 3934 ac
1561 3877 1816 3948 nequitiae
1850 3875 1988 3929 ima-

415 3983 592 4052 ginem
623 3978 981 4051 excogitabo?
1033 3976 1157 4033 Vidi
1192 3978 1248 4031 in
1301 3972 1548 4029 dealbato
1577 3969 1787 4041 pariete
1813 3967 1991 4037 pictu-

414 4089 532 4129 ram
561 4071 1071 4147 (ignoscite-animo
1118 4067 1386 4123 malorum
1421 4061 1796 4119 recordatione
1835 4056 1990 4113 exul-

415 4176 636 4230 cerato;
681 4166 790 4220 imo
819 4163 996 4232 potius
1044 4175 1143 4216 vos
1188 4159 1290 4229 ipsi
1330 4158 1569 4212 dolorem
1621 4160 1864 4206 nostrum
1892 4150 1990 4204 do-

416 4255 560 4319 lete;
611 4261 796 4309 nostra
826 4250 1024 4320 quippe
1045 4290 1061 4313 ,
1096 4262 1204 4303 non
1243 4245 1419 4301 aliena
1454 4242 1593 4297 mala
1642 4236 1988 4310 narramus).

2080 3074 2132 3111 τι
2163 3055 2407 3120 κώνειον,
2441 3056 2506 3108 ὲκ
2526 3054 2628 3124 τῆς
2660 3053 2843 3125 χώρας
2872 3053 3081 3125 ἀθρόως
3108 3056 3468 3127 ἐϐλάστησαν,
3493 3057 3661 3110 νικῶ·

2082 3165 2171 3200 σαι
2203 3147 2302 3219 τὴν
2338 3164 2443 3218 μνη
2452 3146 2803 3216 μονευθεῖσαν
2819 3148 2884 3216 τῇ
2902 3146 3001 3217 τῆς
3018 3147 3242 3216 πικρίας
3275 3147 3568 3219 ὑπερϐολῇ.
3592 3149 3661 3202 Εἰ

2079 3238 2137 3291 δὲ
2160 3238 2407 3300 ἀπιστεῖς
2431 3236 2508 3307 τῷ
2537 3237 2699 3308 λόγῳ,
2729 3238 2829 3308 τὴν
2852 3237 3088 3309 ἱστορίαν
3117 3239 3431 3309 ἐπίσκεψαι.
3458 3241 3657 3312 Εκείνη

2080 3330 2179 3400 τὴν
2205 3328 2446 3400 ἄμπελον
2458 3328 2551 3381 τοῦ
2567 3329 2841 3381 Ναϐουθαὶ
2856 3328 2935 3398 τῷ
2962 3329 3170 3399 ὲκλύτῳ
3194 3329 3397 3401 Ἀχαάϐ
3415 3330 3659 3403 ἐχαρίζε-

2082 3435 2165 3482 το,
2207 3418 2294 3472 ἴνα
2331 3420 2532 3488 ποιήσῃ
2565 3416 2739 3486 κῆπον
2770 3420 2869 3489 τὴν
2899 3417 3160 3488 ἄμπελον,
3204 3419 3417 3489 τρυφῆς
3454 3420 3659 3488 ἐγκαλ-

2083 3507 2363 3578 λώπισμα,
2401 3508 2716 3576 γυναικείαν
2758 3509 2961 3581 χλιδήν·
3010 3503 3169 3564 αῦται
3219 3510 3317 3582 τὴν
3344 3511 3524 3577 ζῶσαν
3563 3514 3658 3567 τοῦ

2084 3598 2219 3652 Θεοῦ
2260 3599 2370 3669 (29)
2405 3599 2668 3670 ἄμπελον,
2703 3600 2799 3671 τὴν
2840 3600 3164 3672 Ἐκκλησίαν
3209 3600 3371 3671 λέγω,
3412 3605 3493 3667 είς
3523 3621 3663 3658 παν-

2083 3687 2212 3758 τελῆ
2264 3688 2566 3760 ἀφανισμὸν
2607 3693 2953 3760 μετενεγκεῖν
3003 3691 3328 3756 ἐϐιάσαντο,
3394 3680 3556 3748 αὗται
3589 3695 3660 3749 δι’

2088 3779 2296 3833 ἑαυτῶν
2327 3779 2389 3831 τὸ
2428 3781 2596 3834 κακὸν
2635 3781 2978 3852 ὲνεργοῦσαι.
3014 3783 3173 3837 Ποῖον
3206 3783 3352 3856 εὕρω
3380 3785 3473 3839 τοῦ
3499 3785 3659 3855 λόγου

2089 3870 2471 3943 παράδειγμα;
2533 3872 2653 3926 τίνα
2692 3873 2792 3943 τῆς
2817 3873 3015 3938 κακίας
3056 3876 3257 3948 ταύτης
3284 3878 3556 3949 ὲπινοήσω
3584 3882 3663 3932 εί-

2090 3961 2256 4027 κόνα;
2289 3957 2442 4015 Εἶδον
2496 3964 2589 4016 ἐπὶ
2632 3965 2957 4036 κονιάματος
3010 3966 3122 4037 (50)
3172 3968 3353 4039 τοίχου
3402 3971 3664 4043 τοιαύτην

2088 4056 2307 4125 γραφήν
2359 4056 2490 4127 (51)·
2531 4055 2624 4108 καί
2676 4074 2779 4127 μου
2823 4057 3126 4128 βαστάσατε
3185 4061 3284 4132 τὴν
3324 4063 3553 4134 καρδίαν
3595 4068 3662 4136 τῇ

2088 4147 2200 4202 τῶν
2249 4149 2435 4203 κακῶν
2471 4152 2659 4224 μνήμῃ
2698 4153 3182 4222 περιοιδαίνουσανο
3234 4156 3434 4226 μᾶλλον
3458 4156 3541 4220 δὲ,
3584 4158 3667 4230 τῷ

2092 4238 2240 4310 πόνῳ
2271 4241 2365 4294 καὶ
2398 4240 2555 4311 ὑμεῖς
2593 4240 2982 4312 συναλγήσατε⁹
3011 4242 3254 4313 ἡμέτερα
3290 4244 3419 4314 γὰρ,
3450 4245 3544 4298 καὶ
3565 4247 3667 4299 οὐκ

416 4343 674 4413 Quasnam
703 4341 866 4411 igitur
887 4339 975 4395 illa
999 4347 1118 4393 erat
1151 4336 1386 4406 pictura,
1410 4347 1569 4404 quam
1604 4332 1766 4385 rebus
1788 4330 1980 4385 nostris

2094 4330 2348 4403 ἀλλότρια
2397 4331 2732 4403 διηγούμεθα
2754 4333 2923 4403 πάθη’
2978 4337 3063 4398 τίς
3086 4333 3317 4406 τοίνυνή
3352 4335 3559 4408 γραφὴ,
3598 4337 3668 4407 ἢν

419 4433 713 4504 comparo?
745 4446 945 4500 procax
978 4444 1043 4484 ac
1071 4426 1406 4498 praepudiosa
1460 4422 1705 4490 quaedam
1734 4428 1850 4474 erat
1878 4436 1993 4473 mu-

420 4526 614 4583 lierum
654 4524 850 4579 chorea
877 4561 893 4587 ,
923 4520 1029 4577 alia
1074 4518 1128 4574 in
1158 4517 1320 4572 aliam
1376 4512 1597 4583 tripudii
1649 4511 1883 4581 speciem
1927 4525 1992 4567 ac

422 4614 886 4686 gesticulationem
930 4625 1052 4667 sese
1097 4610 1502 4677 distorquentcs
1545 4602 1718 4673 (tales
1760 4601 1992 4657 feminas

421 4706 687 4764 Maenadas
712 4703 906 4760 fabulae
932 4698 1184 4772 vocant).
1219 4697 1302 4753 Ad
1329 4711 1476 4751 aurae
1499 4695 1689 4751 llatum
1715 4709 1885 4750 comae
1911 4695 1994 4748 in-

419 4797 762 4854 volitabant:
815 4800 1065 4864 aspectus
1110 4789 1309 4844 furoris
1337 4787 1512 4841 aditus
1553 4793 1673 4842 erat
1705 4798 1991 4840 :accensaa

421 4887 571 4946 faces
601 4886 847 4942 manibus
877 4883 1246 4955 gestabantur,
1274 4892 1345 4933 ex
1374 4877 1572 4947 quibus
1590 4874 1844 4941 ﬂammae,
1868 4888 1992 4930 cor-

421 4992 616 5051 porum
641 4976 987 5040 volutatione,
1019 4970 1340 5028 rotabantur
1369 4986 1383 5022 :
1419 4982 1549 5021 aura
1582 4966 1635 5020 in
1671 4965 1792 5020 sinu
1819 4963 1995 5034 peplo-

422 5088 544 5130 rum
575 5072 893 5128 concinnam
921 5066 1242 5139 gravitatem
1273 5077 1339 5118 ac
1384 5058 1709 5117 modestiam
1739 5058 1995 5117 deturpa-

484 5154 542 5198 ³³
563 5162 630 5218 Ill
652 5163 782 5233 Reg.
804 5177 920 5230 XXI,
959 5160 1013 5217 1.

517 5261 608 5332 26)
637 5257 909 5332 'Ogopdg.
925 5251 1213 5332 Leuvenkl:
1233 5248 1429 5321 legityh
1447 5244 1621 5317 χώρα,
1645 5262 1664 5296 ι
1688 5242 1956 5300 locusille.
1976 5261 1995 5294 ι

521 5320 611 5402 27)
644 5320 826 5402 Οὕτω.
860 5324 993 5402 Reg:
1022 5325 1133 5402 bm,
1157 5320 1349 5402 ουτως.

633 5382 909 5473 ᾧονῶσα.
941 5382 1320 5473 monta'cutius;
1350 5382 2004 5473 putatnlelgendunrgfpd-

422 5453 520 5530 Vm;
548 5453 830 5528 ῶδίνουσα,
860 5484 880 5517 ι
912 5464 1085 5519 caedes
1098 5453 1427 5530 parturiens.
1451 5478 1471 5512 ›
1502 5453 1733 5511 Budaeus
1763 5453 2000 5524 scripsit,

427 5540 601 5663 90ng
625 5539 763 5616 idem
786 5536 985 5615 valere,
1020 5548 1085 5615 ac
1117 5551 1136 5583 ι
1167 5530 1575 5604 οωόὶεῆενὶόυηι
1607 5539 1750 5581 esse.
1777 5542 1797 5575 ι
1853 5591 1880 5603 _

502 5612 520 5663 ί
560 5608 617 5663 9)
651 5610 763 5663 Του
778 5607 945 5661 Θεου.
976 5602 1066 5661 Sic
1094 5604 1222 5662 lter.
1251 5605 1362 5658 bm.
1402 5599 1461 5655 ln
1501 5598 1588 5657 ed.
1615 5596 1766 5653 deest
1788 5609 1880 5648 του

502 5596 617 5679 (ΞΘ)
651 5604 763 5663 Τοῦ
778 5604 945 5661 Θεοῦ.
971 5596 1066 5661 Sic
1094 5604 1222 5662 lter.
1251 5601 1362 5658 bm’.
1402 5599 1461 5655 ln
1501 5598 1588 5657 ed.
1615 5596 1766 5653 deest
1788 5596 1904 5650 τοῦ.

2096 4423 2439 4496 προσεικάζω
2467 4426 2580 4486 τοῖς
2613 4425 2928 4496 πράγμασι;
2971 4427 3159 4498 χορεία
3186 4445 3270 4491 τις
3297 4424 3366 4499 ἦν
3393 4429 3670 4499 γυναικῶν

2096 4512 2499 4584 ἀσχημονοῦσα,
2535 4514 2700 4585 ἄλλης
2730 4516 2850 4569 κατ’
2885 4515 3013 4570 ἄλλο
3042 4536 3094 4571 τι
3131 4518 3315 4589 σχῆμα
3342 4520 3671 4591 ὀρχηστικὸν

2095 4601 2294 4674 ἑαυτὴν
2353 4604 2829 4677 διαστρεϐλούσης.
2886 4606 3166 4671 Μαινάδας
3231 4610 3282 4662 οἱ
3351 4608 3509 4680 μῦθοι
3566 4610 3671 4675 τὰς

2094 4693 2347 4758 τοιαύτας
2411 4697 2673 4763 γυναῖκας
2733 4695 3009 4752 καλοῦσιν.
3062 4698 3246 4768 Κόμαι
3295 4701 3415 4763 ταῖς
3473 4699 3671 4772 αὖραις

2097 4784 2548 4856 ἀνασοϐούμεναι,
2581 4786 2802 4857 βλέμμα
2832 4788 3027 4857 μανίας
3072 4790 3322 4861 πάροδον,
3363 4796 3562 4864 πυρσοὶ
3582 4793 3673 4849 διὰ

2099 4878 2295 4949 χειρῶν
2326 4878 2635 4949 φερόμενοι,
2673 4880 2768 4932 καὶ
2822 4878 3019 4948 φλόγες
3072 4883 3138 4935 ὲκ
3170 4882 3377 4938 τούτων
3411 4886 3478 4956 τῇ
3514 4904 3674 4958 περι-

2100 4970 2304 5040 στροφῇ
2343 4969 2451 5022 τῶν
2482 4968 2753 5039 σωμάτων
2785 4970 3229 5042 ὲνειλισσόμεναιο
3268 4970 3411 5046 αὖρα
3448 4977 3506 5028 ἐν
3543 4976 3672 5042 κόλτΔ

2101 5074 2225 5121 ποις
2247 5056 2343 5129 τὴν
2366 5058 2778 5130 εὐσχημοσύνην
2792 5058 2904 5132 (52)
2919 5061 3026 5115 τῶν
3041 5061 3264 5118 πέπλων
3279 5063 3669 5140 λυμαινομένη⁶

2310 5236 2690 5311 Κονιάματο-ς.
2713 5236 2928 5311 C0_mb.,
2954 5240 3336 5311 κονιάσματος.

2170 5306 2284 5379 (51)
2315 5307 2585 5390 [Zeugma
2612 5308 2758 5390 Reg.
2793 5309 2903 5375 bm,
2935 5306 3282 5383 ὲπιγραῷήν,
3313 5331 3331 5364 c
3364 5313 3675 5384 inscriptio-

2100 5377 2816 5445 nem.'»SiclegitBillius.
2925 5399 2933 5406 ο
3044 5377 3080 5381 ’⁷
3359 5411 3362 5414 .

2171 5447 2933 5530 (32_)Ti_1rsdgznyoat§mr.
2968 5450 3059 5530 _Sic
3091 5450 3220 5530 legit
3258 5450 3674 5530 Leuvenklaitis.

2100 5518 2232 5585 Quae
2259 5518 2415 5595 lectio
2440 5534 2470 5572 a
2502 5518 2832 5578 Montacutio
2864 5518 3169 5595 probatur:
3196 5520 3254 5576 lu
3288 5523 3443 5591 edit.,
3481 5527 3547 5595 τῇ
3587 5525 3649 5579 εὐ

2105 5589 2436 5664 σχημοσύνῃ.
