3910 6214
111 227 220 287 161

1122 218 1384 276 ORATIO
1424 218 1758 277 XXXV.-—-
1794 219 1884 275 DE
1924 217 2404 275 MARTYRIBUS.

3288 216 3400 273 282

111 345 284 409 πόδες
308 342 740 415 ἀκροϐατοῖωτες
772 345 867 398 καὶ
912 338 1293 410 ύφαλλόμενοι·
1328 339 1493 404 αἰδὼς
1517 339 1717 410 εύσχήο

1829 337 1953 393 bat:
2006 338 2231 393 summis
2279 338 2504 406 pedibus
2544 332 2854 389 insiliebant
2907 346 2970 386 ac
3021 330 3388 388 saltitabant:

116 453 244 509 μων
264 437 379 506 (55)
409 437 622 500 οὐδενὸς
652 437 760 491 τῶν
787 436 1088 509 γινομένων
1122 433 1502 504 ἐφαπτομένη.

192 613 270 665 A'.
303 610 405 665 Διὰ
443 610 608 681 μέσου
643 612 702 665 δὲ
762 612 862 681 τῆς
916 608 1171 679 τοιαύτης
1221 607 1462 679 χορείας,
1524 606 1717 677 ἀνδρὸς

114 701 345 756 εἴδωλον
373 703 634 756 τοιοῦτοψ
661 700 921 774 μιξόθηλύ
957 718 1041 765 τις
1062 740 1078 765 ,
1116 705 1211 755 καὶ
1232 701 1332 771 τὴν
1368 700 1528 770 φύσιν
1554 700 1721 770 ἀμφί·

116 794 303 858 ϐολος.
334 794 430 849 καὶ
473 794 764 865 θηλυδρίας
793 795 854 847 τὸ
894 790 1056 859 εἶδος,
1100 797 1158 847 ὲν
1200 792 1439 865 μεθορίῳ
1491 794 1589 863 τῆς
1620 792 1721 861 φύ-

120 902 267 950 σεως
293 886 569 956 κείμενος,
592 885 884 957 λελυμένος
909 885 987 957 τῷ
1031 886 1291 957 σχήματι,
1335 880 1447 938 οἷόν
1481 901 1585 937 τινι
1608 883 1718 937 κὼ-

124 995 265 1049 ματι
304 980 400 1031 καὶ
453 978 593 1051 μέθῃ
627 978 965 1049 παράφορος.
997 972 1169 1040 Οὗτος
1209 977 1301 1029 ἐπί
1332 993 1475 1038 τινος
1504 976 1718 1047 ἀπήνης

120 1070 493 1135 ἐξυπτιάζων,
526 1070 612 1124 διὰ
641 1070 736 1124 τοῦ
774 1070 938 1142 χοροῦ
987 1070 1095 1123 τῶν
1144 1068 1428 1123 Μαινάδων
1468 1067 1572 1121 ὑπὸ
1625 1067 1718 1138 θη-

123 1163 241 1235 ρῶν
275 1163 389 1233 (54)
428 1160 732 1234 ἐκομίζετο.
766 1162 940 1224 Πολὺς
966 1162 1024 1214 δὲ
1059 1161 1189 1231 περὶ
1222 1159 1383 1213 αὐτὸν
1416 1161 1479 1211 ὲκ
1518 1159 1720 1230 κρατῆ-

126 1271 222 1325 ρος
258 1257 287 1308 ὁ
324 1255 585 1326 ἄκρατος,
615 1255 709 1307 καί
730 1272 873 1318 τινες
898 1254 1068 1317 λάλοι,
1101 1254 1200 1322 τὴν
1233 1252 1394 1321 φύσιν
1420 1250 1716 1313 ἀλλόκοτοι,

122 1347 262 1420 περὶ
285 1346 349 1400 τὸ
390 1347 607 1401 εῐδωλον
631 1342 791 1418 ἦσαν,
830 1345 901 1399 τά
946 1346 1213 1418 πρόσωπα
1245 1343 1443 1405 λάσιοι,
1474 1341 1568 1395 ἐπὶ
1596 1358 1722 1393 σκε-

121 1442 236 1497 λῶν
270 1440 542 1511 τραγείων
572 1437 1036 1510 περισκιρτῶντες
1080 1436 1141 1489 τὸ
1193 1435 1431 1488 εἴδωλον.
1484 1433 1722 1486 Τοιαῦτα

119 1534 229 1604 τῆς
260 1532 458 1595 νυκτὸς
487 1532 703 1602 ἐκείνης
736 1530 804 1584 τά
823 1529 1160 1600 διηγήματα.
1192 1528 1457 1589 Γυναῖκες
1497 1525 1581 1578 ἐπ’
1605 1525 1722 1577 άτι-

125 1626 233 1696 μίᾳ
271 1623 659 1695 γνωρισθεῖσαι
691 1621 787 1675 τοῦ
816 1621 1027 1689 γένους,
1061 1621 1216 1689 κοινῇ
1257 1616 1562 1687 κατηγορίᾳ
1618 1614 1720 1683 τῆς

1820 429 2078 483 honestus
2110 429 2282 498 pudor
2329 427 2461 481 nihil
2489 440 2676 481 eorum
2700 465 2715 491 ,
2752 440 2872 496 quae
2915 424 3148 493 ﬁebant,
3181 426 3398 480 contin-

1820 520 1999 589 gebat.

1893 605 1978 660 IV.
2017 605 2119 660 Per
2152 605 2384 660 medium
2431 614 2611 660 autem
2656 604 2966 675 hujusmodi
3011 605 3263 669 choreae,
3298 603 3405 658 tale

1820 697 1919 751 viri
1948 698 2300 750 simulacrum
2330 696 2539 750 adverti
2567 715 2580 750 :
2613 697 2835 751 semivir
2859 696 3074 763 quidam
3102 706 3244 762 erat,
3269 711 3402 749 sexu

1822 788 2013 841 dubius
2065 797 2118 840 et
2164 788 2309 840 vultu
2360 786 2747 854 effeminatus,
2804 788 2855 841 in
2906 799 3114 843 naturae
3166 788 3404 842 conlinio

1822 880 2047 949 positus,
2106 889 2258 949 gestu
2296 879 2501 934 fractus
2554 895 2615 933 ac
2649 879 2963 947 dissolutus,
3006 880 3154 934 velut
3201 894 3407 935 comes-

1822 975 2031 1028 satiouc
2066 975 2295 1041 quadam
2348 983 2400 1028 et
2450 974 2794 1038 temulentia,
2844 980 3022 1026 mente
3066 980 3275 1042 captus.
3306 972 3406 1026 Hic

1823 1066 1875 1119 in
1913 1081 2073 1118 curru
2105 1066 2338 1134 quodam
2372 1066 2656 1135 resupinus
2699 1081 2795 1135 per
2850 1066 3146 1119 Maenadum
3174 1067 3400 1119 chorum

1822 1175 1849 1211 a
1885 1158 2011 1212 feris
2036 1161 2365 1228 gestabatur.
2405 1161 2596 1229 Ingens
2638 1170 2814 1214 autem
2849 1161 2992 1214 circa
3044 1160 3216 1228 ipsum
3268 1161 3404 1213 meri

1824 1251 1974 1317 copia
2012 1259 2166 1315 erat,
2211 1266 2275 1304 ac
2327 1250 2580 1318 loquaces
2626 1251 2843 1318 quidam
2885 1262 3073 1303 natura
3116 1250 3404 1303 monstrosi

1822 1344 2175 1397 simulacrum
2206 1344 2671 1403 circumstabant.
2704 1345 2841 1397 facie
2879 1344 3056 1411 pilosi,
3088 1344 3138 1395 in
3182 1343 3407 1397 hircinis

1824 1436 2074 1490 cruribus
2109 1437 2253 1489 circa
2284 1437 2635 1491 simulacrum
2672 1438 3052 1503 tripudiantes.
3092 1436 3242 1490 Talia
3277 1445 3406 1490 sunt

1823 1529 2068 1598 exposita
2104 1529 2262 1598 lmjus
2308 1531 2481 1584 noctis
2512 1530 2842 1599 spectacula.
2895 1528 3131 1583 Feminae
3163 1531 3212 1583 in
3243 1544 3408 1584 sexus

1825 1622 1907 1674 sui
1937 1620 2171 1675 dedecus
2201 1632 2254 1675 et
2280 1623 2537 1689 probrum
2574 1631 2850 1691 spectatas,
2888 1623 3160 1677 communi
3197 1632 3402 1676 naturae

122 1694 348 1785 φύσεως
557 1712 949 1784 νενομισμένην
992 1713 1050 1764 ὲν
1112 1708 1359 1777 γυναιξὶν
1423 1705 1718 1776 εὐκοσμίαν

1829 1714 2185 1776 accusatione,
2216 1723 2530 1767 consuetam
2564 1714 2882 1769 mulieribus
2915 1715 3231 1770 modestiam
3263 1714 3401 1782 abji-

122 1808 590 1882 ὲξορχησάμεναι,
621 1808 847 1879 πομπὴν
877 1802 1012 1878 ἦγον
1048 1804 1139 1859 διὰ
1167 1804 1340 1875 μέσης
1361 1804 1461 1873 τῆς
1487 1801 1715 1867 πόλεως,

92 1899 514 1972 .θεατρίζουσαι
555 1898 621 1951 δι’
658 1896 864 1951 ἑαυτῶν
913 1893 1330 1966 ἀσχημονοῦσαν
1386 1893 1488 1964 τὴν
1532 1892 1715 1962 φύσιν,

120 1989 303 2052 λίθοις
325 1988 426 2051 τὰς
458 1991 646 2059 χεῖρας
668 1988 789 2041 ἀντὶ
820 1984 1028 2057 θυρεῶν
1044 1984 1358 2047 ὁπλίσασαι,
1396 1982 1576 2051 φόνιον
1604 1981 1716 2052 (55)

123 2080 448 2151 βλέπουσαι,
477 2079 771 2151 ἀναιδεῖτῇ
808 2077 916 2132 τῶν
953 2077 1218 2149 ὀμμάτων
1247 2075 1400 2151 βολῇ,
1441 2074 1717 2145 ἐντὸςβϐ)

120 2173 237 2227 τῶν
262 2172 424 2226 θείων
446 2172 747 2244 περιϐόλων
778 2171 1089 2242 γενόμεναι,
1119 2171 1212 2222 ἐπὶ
1235 2170 1335 2241 τῆς
1371 2169 1525 2239 ἱερᾶς
1547 2167 1718 2221 καθέ-

118 2267 261 2334 δρας
295 2265 570 2335 ἀνέθηκαν
603 2263 811 2319 ἑαυτῶν
862 2264 954 2318 τὸν
994 2261 1335 2334 Κορύϐαντα.
1376 2257 1509 2314 Εἶτα
1556 2260 1718 2333 μέθη,

121 2358 223 2410 καὶ
253 2356 524 2429 ἄκρατος,
560 2358 655 2410 καὶ
692 2359 742 2409 οἱ
771 2358 835 2410 ὲκ
868 2354 977 2409 τῶν
1008 2353 1361 2425 ἀσκτοτηρίων
1392 2354 1589 2417 Πᾶνες,
1627 2352 1721 2405 καὶ

121 2451 246 2516 νὺξ,
285 2451 378 2504 καὶ
402 2450 644 2519 διαγωγὴ
679 2448 982 2519 συμμιγὴς,
1035 2448 1130 2501 καὶ
1169 2448 1349 2501 πάντα
1388 2447 1488 2500 ὅσα
1519 2445 1722 2498 κωλύει

122 2539 154 2591 ὁ
198 2537 523 2601 Ἀπόστολος
544 2536 742 2606 λέγειν,
774 2536 970 2601 εἰπὼν,
999 2537 1082 2589 ὅτι
1120 2537 1198 2590 Τὰ
1245 2534 1449 2605 κρυφῇ
1478 2535 1579 2589 ὐπ’
1613 2537 1722 2590 αὑ-

122 2626 249 2681 τῶν
292 2631 605 2698 γενόμενα,
637 2628 897 2697 αἰσχρόν
940 2628 1071 2681 ἐστι
1100 2627 1200 2681 καὶ
1234 2626 1454 2697 λέγειν.
1491 2626 1587 2690 Τίς
1612 2626 1722 2697 γὰρ

128 2722 198 2776 ἂν
228 2721 373 2793 μετά
393 2721 679 2792 ἀκριϐείας
712 2718 972 2787 διεξέλθοι
1030 2717 1108 2790 τῷ
1159 2718 1303 2790 λόγῳ
1328 2718 1388 2771 τὸ
1415 2717 1548 2789 πῦρ,
1596 2717 1723 2779 τοὺς

127 2814 333 2879 λίθους,
363 2813 462 2878 τὰς
485 2813 720 2882 σφαγὰς,
749 2812 818 2866 τὰ
841 2811 1163 2883 τραύματα;
1192 2809 1386 2873 Ὅπως
1413 2811 1479 2862 ὲκ
1504 2808 1720 2880 βάθρων

128 2906 430 2977 ἀνατρέψαι
457 2907 582 2969 τοὺς
604 2904 713 2960 τῶν
761 2904 923 2974 ἱερῶν
959 2902 1125 2956 οἴκων
1169 2900 1514 2972 θεραπευτὰς
1543 2899 1722 2969 ἐφιλο-

128 2998 422 3068 νείκησανς
469 2995 555 3057 Ὡς
583 2994 671 3047 διὰ
717 2995 887 3065 μέσης
918 2994 1017 3064 τῆς
1054 2992 1262 3055 πόλεως
1304 2989 1552 3062 ζηλωτήν
1601 3007 1722 3042 τινα

126 3089 229 3160 τῆς
252 3086 514 3159 ἀληθείας
560 3085 814 3157 ῥοπάλοις
863 3084 1255 3157 διεχειρίσαντο
1280 3124 1295 3148 ,
1330 3082 1427 3136 καὶ
1485 3081 1576 3135 τὸν
1603 3082 1717 3152 ('57)

125 3181 306 3252 ἀληθῆ
332 3180 492 3249 φόνον
512 3181 541 3233 ὁ
561 3177 883 3249 ὑπονοηθεὶς
904 3178 1062 3247 φόνος
1084 3176 1356 3230 ἐκώλυσεν
1377 3192 1392 3241 ;
1435 3174 1595 3228 Ἀλλὰ
1610 3174 1720 3247 γὰρ

124 3273 230 3327 οὐκ
257 3268 398 3338 οῖδα,
430 3269 548 3332 πῶς
582 3270 693 3339 (58)
725 3270 826 3341 τῆς
886 3268 1203 3341 πρεπούσης
1243 3268 1438 3340 ἡδονῆς
1470 3267 1722 3339 ἀπερρύη

124 3368 155 3416 ὁ
181 3362 363 3431 λόγος,
425 3359 881 3431 ὲμφιλοχωρήσας
938 3362 1052 3423 τοῖς
1114 3359 1324 3431 γηῖνοις
1363 3359 1720 3430 διηγήμασιν.

126 3450 341 3506 Οὐκοῦν
374 3449 659 3503 ἐπανιτέον
716 3448 839 3502 ὅθεν
875 3447 1165 3520 ἐξέϐημεν,
1201 3448 1343 3501 ὥστε
1394 3448 1585 3517 γλυκεῖ
1628 3449 1724 3502 καὶ

127 3542 350 3613 τωτίμῳ
381 3540 460 3612 τῷ
516 3540 659 3611 λόγῳ
690 3540 791 3611 τὴν
829 3539 1079 3611 ἁλμυρὰν
1132 3539 1348 3611 ἐκείνην
1402 3537 1517 3611 (59)
1553 3539 1725 3611 ἀκοὴν

127 3633 568 3690 ἀποκλύσασθαι.
615 3634 717 3687 Ἐν
754 3632 866 3701 γὰρ
896 3631 1089 3702 ’ἡμέρᾳ
1119 3631 1255 3705 (40),
1291 3633 1477 3703 φησὶν,
1504 3620 1726 3702 εὐφρο-

130 3729 330 3794 σύνης
370 3724 680 3795 ἀμνηστία
709 3723 820 3789 (41)
851 3722 1074 3778 κακῶν
1107 3723 1273 3778 πάλιν
1301 3723 1482 3777 τοίνυν
1504 3723 1599 3777 ἐπὶ
1631 3723 1726 3777 τὸν

131 3818 294 3872 αὐτὸν
328 3816 712 3888 ἐπανέρχομαι
752 3815 866 3887 (42)
890 3815 1071 3885 λόγον,
1101 3816 1183 3869 ὅτι
1230 3817 1264 3887 ή
1297 3814 1392 3882 νὺξ
1420 3816 1603 3888 ἐκείνη
1628 3817 1726 3870 καὶ

129 3913 160 3964 ὁ
184 3909 383 3980 γνόφος
426 3908 743 3979 ἠφάνισται,
780 3910 838 3963 αί
877 3908 935 3963 δὲ
978 3911 1081 3980 τῆς
1120 3910 1343 3981 εἰρήνης
1371 3910 1589 3974 ἀκτῖνες
1635 3909 1725 3964 διὰ

133 4003 384 4073 καθαρᾶς
411 4001 514 4072 τῆς
543 3999 763 4073 αἰθρίας
796 3999 876 4071 τῷ
931 4002 1031 4072 τῆς
1083 4000 1339 4074 ἀληθείας
1388 4002 1537 4071 φωτὶ’
1563 4018 1727 4073 περι-

134 4097 465 4169 λάμπουσιν.
512 4093 614 4146 Διά
648 4092 810 4146 τοῦτο
861 4092 1188 4164 ἐκϐέϐληται
1238 4092 1338 4164 μὲν
1397 4091 1507 4145 τῶν
1569 4091 1727 4145 θείων

137 4185 440 4258 περιϐόλων
474 4184 585 4237 πᾶν
614 4183 645 4237 δ
684 4199 737 4237 τι
812 4182 1050 4247 δυσῶδες
1102 4184 1197 4237 καὶ.
1236 4182 1482 4255 βέϐηλον·
1511 4184 1726 4236 ἀντεισ-

135 4276 300 4348 ῆκται
319 4276 377 4329 δὲ
400 4276 583 4348 πάσης
606 4260 948 4347 εὐφροσύνης
972 4272 1083 4328 τῶν
1110 4272 1478 4328 εὐσεϐούντων
1497 4275 1547 4327 οί
1562 4269 1726 4340 οἶκοι,

1822 1802 2061 1869 cientes,
2120 1818 2216 1872 per
2268 1804 2497 1858 mediam
2570 1807 2759 1857 urbem
2814 1821 3063 1874 pompam
3128 1805 3401 1874 agebant,

1796 1902 2157 1951 'ostentantes
2198 1904 2447 1949 naturam
2480 1897 2706 1964 turpiter
2735 1910 2830 1965 per
2863 1897 3005 1964 ipsas
3047 1912 3113 1950 ac
3153 1896 3405 1951 indecore

1824 1976 2097 2051 habitam;
2149 2000 2377 2053 manus,
2423 1995 2698 2041 scutorum
2751 1986 2901 2050 loco,
2951 1989 3098 2043 saxis
3140 1999 3403 2055 armatae,

1822 2077 2022 2131 caedem
2057 2077 2354 2144 occultam,
2389 2080 2686 2148 impudenti
2732 2081 2896 2152 632
2947 2081 3223 2136 oculorum
3270 2097 3407 2138 con-

1816 2169 1985 2238 jeclu,
2020 2171 2352 2237 minitantes,
2384 2172 2521 2226 intra
2547 2173 2727 2227 divina
2756 2185 2906 2243 septa
2940 2177 3216 2243 ingressze,
3245 2190 3407 2229 suum

1824 2261 1877 2314 in
1904 2278 2057 2317 sacra
2089 2264 2216 2317 sede
2243 2263 2606 2334 Corybantem
2642 2265 3001 2321 collocarunt.
3040 2266 3242 2321 Deinde
3277 2283 3408 2321 cra-

1823 2351 1969 2420 pula,
1997 2362 2051 2405 et
2081 2367 2313 2418 merum,
2345 2364 2397 2407 et
2426 2369 2491 2408 ex
2518 2354 2778 2410 solitariis
2803 2356 2938 2411 locis
2968 2355 3166 2423 Panes,
3191 2368 3246 2412 et
3272 2372 3404 2422 nox,

1824 2452 1877 2496 et
1908 2443 2211 2513 promiscua
2238 2447 2600 2512 consuetudo,
2626 2456 2679 2501 et
2705 2462 2767 2501 ea
2793 2449 2997 2514 omnia,
3024 2464 3145 2518 quae
3172 2450 3409 2518 Aposto-

1824 2534 1907 2588 lus
1934 2534 2015 2589 vel
2042 2535 2217 2603 eloqui
2259 2536 2550 2605 prohibet,
2584 2536 2776 2591 dicens
2805 2555 2819 2590 :
2853 2537 2985 2601 Quae
3035 2547 3211 2591 autem
3238 2539 3294 2592 in
3328 2554 3411 2593 ac-

1824 2623 1963 2678 cullo
1988 2623 2052 2676 ab
2080 2626 2151 2678 eis
2178 2624 2335 2693 ﬁunt,
2372 2633 2525 2694 turpe
2548 2636 2620 2679 est
2648 2627 2817 2680 dicere
2840 2626 2905 2681 °'.
2939 2625 3071 2693 Quis
3086 2627 3228 2682 enim
3251 2642 3411 2683 accu-

1824 2727 1941 2771 rate
1966 2717 2147 2772 verbis
2172 2732 2490 2785 percurrere
2516 2729 2683 2788 queat
2708 2719 2907 2789 ignem,
2939 2718 3165 2788 lapides,
3203 2722 3404 2783 caedes,

1823 2809 2087 2864 vulnera?
2116 2810 2233 2877 Quo
2263 2819 2420 2879 pacto
2463 2811 2716 2865 certatim
2756 2827 3035 2866 sacrarum
3065 2812 3261 2866 :edium
3299 2813 3408 2868 cul-

1826 2910 1972 2957 tores
2024 2900 2269 2957 funditus
2318 2913 2564 2958 evertere
2638 2904 2952 2958 tentarunt?
3009 2903 3290 2970 Quomodo
3350 2905 3404 2959 in

1749 3036 1791 3092 Ο
1827 2994 1999 3047 media
2028 2993 2160 3046 urbe
2187 2993 2358 3047 virum
2385 2996 2696 3063 quemdam,
2734 2996 2978 3051 veritatis
3008 2996 3123 3050 zelo
3155 2994 3407 3066 ﬂagran-

1828 3096 1972 3149 tem,
2027 3084 2261 3139 fustibus
2331 3085 2679 3151 ceciderunt,
2732 3102 2893 3157 quem
2939 3086 3148 3141 scilicet
3199 3088 3409 3142 caedere

1825 3179 2172 3244 destiterunt,
2203 3178 2345 3247 quod
2380 3188 2649 3233 mortuum
2677 3180 3003 3234 crederent?
3027 3179 3234 3235 Verum
3264 3180 3407 3235 baud

1826 3271 1983 3337 scio,
2031 3270 2301 3341 quomodo
2352 3271 2420 3325 ab
2476 3285 2579 3339 ea,
2636 3286 2769 3345 qua:
2820 3272 3079 3337 decebat,
3120 3272 3402 3342 voluptate

1825 3360 2048 3417 deﬂuxit
2068 3362 2271 3426 oratio,
2307 3362 2361 3417 in
2402 3364 2633 3418 terrenis
2663 3364 2952 3419 immorata
2982 3365 3407 3420 narrationibus.

1802 3452 2011 3523 itaque
2047 3467 2147 3519 eo,
2179 3456 2322 3509 unde
2353 3454 2580 3525 digressi
2630 3470 2819 3509 sumus
2842 3494 2859 3521 ,
2902 3455 3239 3510 redeundum
3280 3464 3407 3525 est,

1826 3552 1887 3600 ut
1913 3544 2062 3600 suavi
2091 3554 2351 3616 grataque
2379 3545 2640 3601 orationis
2661 3547 2902 3615 potione,
2941 3546 3139 3601 salsam
3173 3554 3228 3601 et
3259 3560 3414 3602 ama-

1828 3650 1942 3691 ram
1973 3650 2192 3702 eorum,
2224 3652 2342 3706 qua:
2381 3647 2599 3692 narrata
2636 3646 2783 3702 sunt,
2819 3638 3096 3707 potionem
3130 3637 3407 3694 eluamus.

1826 3725 1897 3782 In
1923 3728 2009 3783 die
2032 3728 2168 3783 enim
2200 3729 2422 3795 (milia,
2470 3730 2665 3801 inquit,
2705 3729 2969 3785 mulorum
3002 3730 3196 3785 oblivio
3234 3739 3312 3786 eu
3339 3730 3411 3786 “.

1828 3818 2094 3886 Quocirca
2120 3820 2188 3876 ad
2218 3822 2468 3877 eumdem
2493 3837 2798 3877 sermonem
2831 3833 3096 3888 revertor,
3128 3822 3271 3893 quod
3300 3822 3413 3877 sci-

1830 3911 1955 3968 licet
1986 3928 2094 3969 nox
2127 3914 2216 3968 illa
2249 3924 2305 3969 et
2336 3914 2513 3985 caligo
2541 3914 2761 3984 depulsa
2790 3924 2908 3979 est,
2939 3917 3198 3986 pacisque
3236 3915 3408 3980 radii,

1830 4018 1925 4073 per
1953 4019 2145 4073 puram
2178 4006 2553 4072 serenitatem,
2588 4007 2835 4062 veritatis
2864 4008 2984 4063 luce
3016 4008 3269 4077 undique
3289 4007 3411 4063 col-

1829 4098 2029 4151 lucent.
2082 4097 2421 4169 Quapropter
2470 4114 2503 4154 e
2554 4099 2754 4155 divinis
2804 4100 2973 4170 septis
3030 4100 3263 4171 ejectum
3326 4109 3414 4156 est

1829 4189 2089 4261 quidquid
2118 4191 2258 4246 male
2286 4190 2437 4246 olens
2460 4200 2517 4247 et
2542 4190 2830 4260 profanum
2871 4198 2989 4247 erat
3013 4209 3030 4257 ;
3063 4201 3254 4247 contra
3284 4208 3416 4248 vero

1830 4281 1978 4336 omni
2014 4280 2225 4352 piorum
2273 4283 2512 4337 virorum
2559 4283 2750 4338 laetitia
2790 4283 2934 4339 aedes
2980 4291 3272 4351 resonant,
3315 4300 3419 4341 nec

137 4367 233 4421 καὶ
270 4366 447 4420 λείπει
475 4366 615 4438 πρὸς
633 4364 970 4438 εὐφροσύνην
1008 4364 1181 4419 οὐδέν’
1228 4365 1280 4418 oi
1305 4364 1650 4436 δαιτυμόνες,
1677 4367 1721 4419 oi

1832 4370 2123 4441 quidquam
2154 4372 2221 4427 ad
2243 4372 2639 4443 iucunditatem
2665 4373 3026 4430 desideratur.
3058 4373 3268 4431 Praesto
3286 4385 3419 4431 sunt

140 4461 475 4531 ἑστιάτορες,
505 4460 539 4530 ή
575 4460 687 4523 τοῖς
718 4458 946 4528 ἀγαθοῖς
982 4456 1264 4530 ὲδωδίμοις
1288 4458 1568 4530 πλήθουσα
1588 4458 1727 4530 τρά-

139 4551 301 4618 πεζα.
508 4556 517 4564 ’

207 4689 254 4722 ⁸³
290 4687 490 4759 Ephes.
525 4702 579 4754 ν,
610 4687 699 4743 l2.
776 4686 822 4718 ’δ
858 4686 1025 4744 Eccli.
1055 4704 1130 4754 ιι,
1171 4688 1260 4744 27.

210 4849 322 4923 (35)
350 4847 540 4915 Αἰδὼς
562 4845 907 4923 εὐσχήμων,
943 4861 1047 4901 etc.
1080 4845 1354 4904 Leuveok.
1391 4866 1413 4900 ι
1453 4847 1726 4917 Nusquam

144 4920 369 4978 honesta
404 4920 753 4974 verecundia.
780 4938 799 4969 ι

213 4991 324 5064 (54)
363 4989 500 5044 Ὑπὸ
525 4988 742 5058 θηρῶν.
768 4990 858 5045 Sic
883 4987 1013 5058 Reg.
1054 4987 1165 5042 hm.
1199 4987 1257 5043 In
1293 4989 1460 5056 editi,
1500 4988 1605 5042 ὑπὸ
1631 4987 1727 5041 θυ-

226 5078 274 5114 ν.
1254 5064 1270 5086 ⁸

148 5080 326 5202 ραὶἒεῖ)
356 5133 593 5187 Φάνιον.
621 5128 856 5202 Μοιιιοο.
890 5128 1303 5202 ad_ttta_rg.,yp,_
1332 5131 1512 5198 φόνον⁸

366 5202 592 5268 Ἔντός.
626 5218 651 5273 «Α
682 5201 847 5255 Intra.
887 5218 906 5249 ι
948 5198 1040 5252 Sic
1072 5198 1342 5254 Leuve’nk.
1395 5214 1449 5256 et
1489 5200 1722 5256 Montac.

147 5271 334 5344 Bil'lius
369 5276 497 5344 legit
526 5271 707 5335 ἐκτός,
732 5289 751 5321 ι
790 5280 966 5344 extra.
988 5287 1029 5344 ε.

217 5342 327 5414 (57)
354 5333 470 5399 Κᾶί
493 5345 624 5400 τόν.
661 5333 793 5412 Reg.
824 5343 939 5405 btn,
959 5333 1020 5392 οἶ)
1048 5338 1142 5392 κα)¹
1172 5340 1282 5409 τόν,
1311 5359 1329 5393 ι
1370 5342 1543 5411 cujus,
1577 5363 1594 5396 ι
1616 5350 1723 5398 εισι

1103 5499 1139 5553 ’ξ

1838 4464 2238 4528 convivatores,
2267 4466 2532 4534 convivae,
2559 4475 2615 4523 et
2641 4465 2927 4535 exquisitis
2960 4466 3156 4523 rel’erta
3180 4466 3412 4540 dapibus

1838 4571 2047 4612 mensa.

1907 4847 2018 4920 (58)
2053 4842 2197 4921 οῖδα
2219 4847 2364 4915 πῶς.
2407 4849 2539 4921 Reg.
2571 4850 2687 4918 bm,
2724 4849 2821 4904 οἷδ’
2845 4853 3015 4918 ὅπως.

1908 4919 2023 4991 (59)
2059 4919 2362 4989 Ἀλμυρὰν
2410 4919 2677 4990 exsto-mw.
2739 4924 2832 4977 Sic
2888 4924 3020 4995 Reg.
3081 4923 3195 4979 ιω.
3260 4924 3428 4983 Deest

1834 4989 2053 5061 ἐκείνην
2085 4991 2136 5043 in
2165 4996 2252 5061 ed.
2450 5059 2457 5061 Α
2726 5060 2745 5061 νγ

1908 5059 2020 5134 (ιο)
2053 5061 2159 5134 Ἑν
2192 5059 2303 5134 γὰρ
2345 5059 2556 5130 ἡμέρᾳ.
2602 5061 2695 5118 Sic
2723 5060 2893 5132 LXX,
2947 5074 3001 5121 et
3031 5063 3164 5134 Reg.
3211 5063 3325 5120 bm.
3376 5067 3430 5120 lu

1834 5130 1955 5203 ed.,_
1975 5132 2033 5203 έν
2054 5131 2162 5203 γὰρ
2189 5131 2448 5203 ἡμέραις.

1907 5201 2019 5273 (41)
2056 5200 2407 5273 Ἀμνὴσέία.
2446 5200 2537 5255 Sic
2567 5201 2732 5269 LXX,
2771 5204 2903 5273 Reg.
2939 5203 3048 5271 bm,
3086 5214 3142 5260 et
3182 5202 3306 5259 Mon
3326 5213 3430 5261 ιςιι.

1834 5272 2101 5343 adtnarg.
2139 5272 2191 5325 In
2219 5274 2329 5343 ed"
2366 5273 2694 5343 ἀμνηστίαν.

1908 5341 2020 5413 (42)
2071 5340 2526 5415 Ἐπανέρχομαι.
2557 5343 2689 5415 Reg.
2714 5346 2827 5414 bm,
2854 5343 3287 5417 ὲπανερχόμεθα.

1736 5523 1806 5542 ρ
