3910 6214
489 170 594 226 263
1747 172 1805 230 S.
1849 171 2176 230 GREGORII
2217 170 2566 228 THEOLOGI
3620 166 3721 225 εει

507 319 3716 354 W

975 477 1136 550 633
1180 493 1757 585 MONITUM
1837 492 1959 580 IN
2035 490 2747 582 ORATIONEM
2820 491 3261 582 XXXVI.

570 821 620 882 Ι.
668 818 810 890 Quo
864 815 964 877 die
1008 813 1411 894 Theodosius
1468 815 1740 891 Magnus
1785 814 2132 877 Catholicis
2186 816 2532 886 ecclesias,
2588 833 2730 893 quae
2781 823 2903 876 tam
2956 815 3268 878 diuturno
3318 823 3601 894 tempore
3644 819 3720 879 ab

497 899 758 959 Arianis
797 903 1116 972 occupatas
1159 892 1432 964 fuerant,
1487 894 1788 972 restituit,
1843 911 1918 952 eo
1971 895 2110 971 ipso
2157 895 2284 965 die,
2329 902 2394 955 ut
2430 913 2506 956 ex
2539 892 2830 971 Gregorii
2875 895 3272 956 carminibus
3316 892 3718 970 perspicuum

493 983 610 1062 est
639 974 790 1051 (1&3),
827 971 1112 1062 unanimi
1149 988 1472 1062 consensu
1501 971 1578 1032 ab
1617 971 2000 1062 imperatore
2041 983 2467 1050 p0poscerunt
2498 973 3217 1062 Gonstantinopolitapi,
3255 980 3323 1035 ut
3359 973 3724 1062 episeopate

493 1050 725 1115 solium
771 1050 1227 1113 conscenderet
1274 1050 1670 1130 Theologus.
1738 1051 1916 1110 Tunc
1966 1066 2115 1111 vero
2171 1055 2523 1127 expugnari
2562 1069 2701 1130 non
2763 1050 2970 1130 potuit
3023 1050 3224 1128 ipsius
3270 1050 3607 1124 modestia,
3658 1061 3722 1112 ut

493 1149 830 1193 assensum
894 1130 1221 1205 prmberet.
1277 1128 1457 1188 Victa
1522 1135 1731 1206 tamen
1785 1129 2219 1206 postmodum,
2274 1131 2402 1189 imo
2444 1129 2658 1206 petius
2699 1128 2912 1190 coacta
2953 1137 3016 1192 et
3045 1146 3349 1206 oppressa
3419 1137 3534 1191 est.
3597 1130 3718 1204 Qui

493 1216 706 1270 autem
740 1211 803 1269 in
838 1224 985 1270 eum
1026 1207 1175 1268 odio
1204 1205 1684 1285 ﬂagrabant,rad
1723 1205 1798 1266 id
1826 1207 2250 1282 improbitatis
2284 1218 2344 1268 et
2373 1205 2668 1270 amentiae
2706 1217 3055 1277 venerunt,
3095 1205 3181 1267 ’ut
3206 1253 3224 1282 ,
3277 1211 3450 1285 vagis
3487 1225 3727 1271 sermo:

495 1289 712 1355 nibus,
766 1295 958 1365 atque
995 1286 1228 1362 injusta
1264 1284 1633 1345 ambitionis
1667 1285 2113 1353 accusatione,
2168 1287 2598 1364 undequaque
2650 1287 2853 1363 ipsius
2897 1286 3078 1347 famas
3127 1284 3460 1349 dedecoris
3513 1297 3720 1349 notam

493 1366 759 1428 inurere
794 1372 1136 1426 tentarent.
1176 1365 1334 1424 Eum
1369 1380 1672 1440 namque,
1726 1365 1899 1424 velut
1933 1365 2145 1424 inanis
2191 1364 2410 1434 gloriae
2455 1365 2785 1442 cupidum,
2835 1383 2904 1425 ac
2949 1365 3243 1426 simulata
3281 1366 3538 1438 virtute,
3591 1367 3724 1443 epi-

495 1445 774 1523 _SCOpaliS
806 1443 976 1523 sedis
1012 1443 1288 1502 honores
1321 1443 1733 1510 ambientem,
1761 1443 2170 1523 exhibebant.
2203 1443 2550 1523 Gregorius
2585 1460 2762 1516 vero,
2792 1445 3039 1523 tametsi
3069 1444 3332 1523 minime
3357 1454 3466 1506 aut
3502 1462 3719 1521 parum

495 1520 1066 1584 his'sermonibus
1130 1528 1520 1600 moveretur,
1576 1535 1705 1581 non
1765 1520 2086 1600 dubitavit
2146 1527 2356 1600 tamen
2404 1522 2519 1584 hac
2577 1525 2870 1584 oratione
2916 1521 3174 1600 injustis
3211 1520 3720 1600 adversariorum

495 1601 836 1662 calumniis
869 1599 1281 1674 respondere.
1330 1598 2194 1679 Primum‘causasinquirit
2232 1599 2411 1659 illius
2445 1601 2681 1669 studii,
2736 1598 3078 1679 quodis‘ibi
3125 1617 3155 1658 a
3210 1599 3550 1661 Catholicis
3600 1611 3716 1660 tam

495 1680 792 1740 ardenter
857 1679 1303 1756 praestabatur;
1365 1685 1426 1736 et
1480 1676 1857 1747 posthabitis
1909 1676 2006 1736 his
2055 1679 2381 1747 omnibus,
2422 1698 2497 1739 ex
2537 1676 2776 1753 quibus
2827 1678 3029 1754 ipsius
3081 1679 3275 1754 gloria
3329 1681 3722 1756 praestantior

498 1757 704 1819 videri
739 1764 978 1834 posset,
1009 1755 1231 1834 easad
1271 1754 1403 1815 haec
1435 1757 1551 1815 tria
1582 1755 1788 1833 capita
1812 1765 2110 1816 revocat:
2140 1759 2234 1816 vel
2269 1761 2439 1833 quod
2469 1778 2499 1818 a
2529 1757 3258 1833 ConstantinOpolitanis
3287 1754 3551 1831 accitus,
3585 1759 3720 1830 ipse

497 1837 675 1898 velut
714 1832 1040 1914 proprium
1078 1832 1332 1914 illorum
1368 1849 1530 1910 opus
1563 1851 1633 1894 ac
1668 1832 1990 1914 peculiare
2023 1836 2264 1914 honuni
2293 1832 2656 1914 haberetur
2691 1856 2706 1895 :
2749 1836 2843 1897 vel
2891 1832 3062 1914 quod
3116 1835 3390 1914 simplici
3426 1844 3486 1896 et
3520 1835 3724 1913 philo-

497 1912 758 1990 sophica
809 1913 1066 1971 vivendi
1112 1913 1357 1972 ratione
1387 1920 1600 1990 utens,
1651 1912 1775 1971 sibi
1812 1912 1959 1973 inde
1992 1929 2211 1973 eorum
2256 1913 2767 1975 benevolentiam
2819 1912 3194 1973 conciliaret
3234 1935 3250 1974 :
3287 1913 3383 1974 vel
3436 1912 3719 1988 demum,

497 1989 667 2071 quod
707 1991 948 2071 invidia
983 2007 1054 2071 ac
1086 1989 1643 2071 persecutionibus
1681 2007 2056 2066 Oppressus,
2095 1992 2233 2071 ipse
2282 1992 2533 2053 charior
2596 1992 2925 2071 magisque
2961 1992 3193 2052 civium
3238 2008 3453 2053 amore
3486 1992 3719 2070 dignus

497 2069 875 2131 (iniceretur.
921 2069 1163 2149 Deinde
1195 2069 1566 2149 ambitionis
1620 2077 1832 2149 notam
1867 2087 1899 2128 a
1934 2088 2002 2128 se
2036 2069 2319 2130 modeste
2355 2071 2625 2148 repellit.
2651 2146 2662 2149 _
2686 2069 2929 2136 Caelum
2973 2079 3332 2149 terramque
3363 2069 3719 2149 attestatur,

495 2165 566 2227 se
601 2164 926 2226 nunquam
965 2145 1585 2227 constantinopolim
1621 2145 1904 2227 venisse,
1933 2155 2004 2227 ut
2034 2145 2514 2227 «episcOpalem
2549 2146 2908 2220 cathedram
2941 2145 3262 2210 aﬂ‘ectare—t
3292 2149 3379 2226 (n.
3413 2148 3508 2227 6);
3547 2170 3575 2204 ao
3605 2151 3720 2210 sed

498 2226 663 2287 hanc
694 2224 882 2286 unam
914 2225 1212 2286 veniendi
1248 2241 1498 2305 causam
1545 2224 1789 2305 tuisse,
1829 2235 1897 2284 ut
1944 2225 2090 2305 fidei
2139 2226 2666 2301 patrocinaretur,
2708 2228 3046 2303 viduaeque
3076 2224 3380 2288 Ecclesiae
3411 2224 3721 2305 sponsum

497 2323 572 2366 ea
605 2305 873 2382 dignum
919 2310 1307 2382 procuraret.
1344 2303 1507 2364 Hinc
1543 2303 1906 2382 catholicos
1947 2301 2266 2382 hortatur,
2319 2313 2387 2364 ut
2422 2307 2576 2365 tales
2616 2315 2873 2382 tamque
2910 2301 3170 2382 iniquos
3200 2301 3718 2367 adversariorum

497 2381 829 2444 sermunes
861 2381 1348 2461 parvipendant,
1383 2399 1453 2442 ac
1485 2381 1605 2442 soli
1639 2382 1798 2452 Deo,
1847 2381 1956 2461 qui
2007 2383 2296 2461 omnium
2328 2385 2516 2446 corda
2549 2381 2858 2457 intuetur,
2908 2381 3041 2444 haec
3068 2383 3481 2461 disceptanda
3517 2382 3719 2444 relin-

495 2468 721 2539 quant.
785 2460 1286 2541 Docetinsuper
1316 2461 1754 2537 improborum
1779 2460 2143 2541 calumnias
2165 2476 2502 2541 nunquam
2543 2463 2680 2524 viro
2729 2465 2926 2540 probo
2973 2478 3206 2523 nocere
3246 2460 3466 2541 posse;
3523 2470 3584 2541 et
3639 2465 3722 2524 ad

495 2537 831 2620 auditores,
854 2537 1208 2620 orationem
1250 2549 1630 2620 convertens
1665 2559 1750 2620 :_«
1779 2539 1935 2609 Vos,
1996 2537 2206 2614 inquit
2260 2537 2351 2616 (nI
2399 2542 2522 2619 10),
2569 2537 2766 2620 gloria
2822 2558 2959 2601 mea
3005 2537 3266 2614 estote,'
3297 2540 3722 2620 defensioque

496 2636 633 2678 mea
669 2619 836 2694 apud
870 2635 1006 2689 eos,
1039 2617 1151 2696 qui
1181 2633 1282 2677 me
1306 2617 1615 2696 judican_t.
1654 2617 2165 2676 Obtrectatorum
2200 2617 2488 2679 meorum
2524 2617 2854 2680 maledicta
2886 2620 3228 2696 superabo,
3258 2621 3453 2680 modo
3488 2617 3717 2691 Patris,

498 2706 560 2759 et
594 2697 764 2766 Filii,
797 2703 857 2756 et
886 2694 1394 2775 Spiritusisancti
1429 2694 1902 2775 confessionem
1938 2696 2178 2775 ﬁrmam
2207 2714 2279 2775 ac
2315 2694 3008 2775 integramretineatis‘.
3058 2719 3090 2754 »

575 2777 656 2836 ll.
693 2797 723 2830 α
756 2772 1068 2857 Baronius
1095 2773 1463 2857 egistimare
1489 2772 1770 2857 _vide_tur,
1801 2795 1836 2857 ».
1866 2773 2170 2857 inquiunt
2202 2772 2608 2857 Bollandistte
2631 2774 2783 2857 (ιώ),
2821 2798 2851 2857 <_<
2881 2775 3056 2857 quod
3096 2775 3226 2836 haec
3259 2776 3462 2857 oratio
3489 2775 3713 2857 habita

496 2853 604 2926 sit,
641 2863 976 2932 postquam
1013 2852 1082 2912 in
1117 2851 1416 2932 thronum
1449 2851 1526 2911 ab
1558 2851 1877 2932 episcopis
1903 2851 2028 2932 fuit
2054 2860 2314 2932 evectus
2344 2851 2784 2932 Gregorium)»,
2825 2851 2958 2931 lpéi
2997 2871 3146 2915 vero
3189 2862 3371 2914 antea
3404 2853 3710 2927 habitam,

500 2941 568 2994 ut
630 2929 1046 2992 verisimilius
1107 2929 1530 3000 arbitrantur;
1564 2945 1682 2989 nec
1715 2929 2035 3008 immerito
2073 2930 2360 3008 quidem.
2416 2929 2539 2992 Sed
2592 2947 2723 2991 non
2769 2929 2872 2992 ita'
2892 2938 3060 2993 recte
3093 2932 3442 3008 conjiciunt
3474 2933 3714 2994 eruditi

494 3011 642 3081 viri,
705 3027 848 3071 cum
907 3012 1068 3069 hanc
1114 3007 1466 3084 orationem
1519 3008 1594 3067 ad
1643 3021 1926 3084 mensem
1977 3006 2261 3082 Aprilem
2318 3009 2790 3084 pronuntiatam
2829 3009 3132 3072 referunt.
3188 3006 3288 3070 Sic
3345 3012 3518 3071 enim
3581 3027 3716 3072 rem

497 3095 832 3168 exponunt
879 3087 998 3165 (Iis)
1036 3108 1050 3147 :
1087 3108 1115 3142 α
1145 3086 1216 3144 In
1254 3083 1543 3145 Carmine
1589 3084 1661 3144 de
1709 3082 1841 3143 vita
1891 3101 2026 3168 suo,
2067 3082 2532 3168 nou_meminit
2558 3096 2818 3168 sanctus
2861 3088 3063 3168 hujus
3105 3087 3448 3168 violentiae,
3509 3105 3722 3168 eoque

496 3163 821 3227 ditlicilius
852 3163 947 3227 est
981 3174 1283 3234 statuere,
1313 3179 1443 3240 quo
1477 3172 1759 3240 tempore
1798 3164 2058 3241 princise
2088 3163 2148 3222 ei
2181 3164 2352 3224 illata
2374 3164 2641 3226 fuerit...
2667 3166 2758 3227 Sit
2790 3163 2983 3241 igitur
3013 3167 3146 3230 haec
3179 3184 3277 3227 res
3307 3166 3467 3228 facta
3499 3163 3724 3229 mense

496 3245 848 3306 Februario
875 3254 983 3305 aut
1024 3242 1282 3323 Martio;
1340 3242 1543 3303 oratio
1581 3257 1728 3323 vero
1759 3240 2228 3323 habita_m_ense
2259 3243 2527 3323 Aprili,»
2577 3251 2698 3306 etc.
2755 3240 3030 3316 verum,
3077 3262 3202 3306 non
3249 3244 3332 3304 ita
3373 3247 3727 3323 conjicien-

497 3325 649 3384 dum
685 3323 1089 3402 arbitramur.
1121 3322 1274 3402 Nam
1309 3336 1437 3398 quo
1473 3321 1670 3396 magis
1703 3320 1862 3402 ipsis
1894 3317 2217 3402 dig‘icijius
2241 3321 2573 3382 videbatur
2612 3339 2742 3384 rem
2775 3331 3082 3397 statuere,
3116 3341 3192 3384 eo
3225 3323 3428 3402 magis
3459 3317 3719 3400 singula

497 3400 1251 3480 quaequeiperpendenda
1285 3394 1501 3470 erant;
1543 3394 1892 3480 praesertim
1947 3394 2116 3468 634
2162 3416 2307 3480 cum
2354 3402 2685 3480 adnotent,
2727 3402 2940 3478 ipsum
2975 3394 3284 3462 Hermant
3321 3394 3614 3474 censere,
3661 3405 3726 3464 id

494 3476 731 3560 iactum
762 3476 967 3560 fuisse
1008 3479 1226 3560 paucis
1274 3485 1416 3560 post
1470 3476 1883 3560 ecclesiarum
1943 3478 2417 3560 restitutionem
2447 3479 2724 3560 diebus.
2757 3476 3271 3560 Quamvisienim
3309 3497 3426 3541 nos
3458 3498 3728 3560 quoque

499 3558 836 3636 fateamur,
870 3557 1248 3636 Gregorium
1276 3554 1343 3617 in
1367 3555 1734 3636 snpradicto
1755 3554 2073 3636 carmine,
2106 3571 2232 3636 non
2265 3558 2642 3618 meminisse
2669 3558 2989 3620 violentiae
3021 3559 3145 3619 sibi
3175 3575 3210 3617 a
3242 3554 3730 3636 pepulo'illa‘tae,

499 3635 620 3697 etsi
654 3632 1022 3696 meminerit
1052 3635 1227 3696 illius
1255 3632 1766 3714 quam—episcoiii
1806 3632 1870 3714 i_n
1901 3635 2177 3714 concilio
2210 3637 2548 3696 coadunati
2582 3637 2704 3714 ipsi
2741 3640 3146 3714 postmodum
3183 3632 3564 3708 intulerunt,
3597 3653 3732 3697 non

495 3714 650 3775 inde
704 3723 915 3774 tamen
968 3714 1128 3774 hanc
1183 3709 1311 3774 rem
1357 3715 1432 3774 ad
1475 3709 1762 3772 mensem
1809 3709 2227 3773 Februarium
2260 3723 2366 3774 aut
2401 3709 2698 3774 Martium
2741 3709 3198 3775 remittendam
3252 3715 3732 3776 concludimus.

497 3792 762 3853 Constat
800 3792 1149 3871 siquidem,
1183 3793 1323 3870 ipso
1353 3793 1459 3852 die
1489 3809 1619 3871 quo
1650 3788 1996 3871 Catholicis
2028 3792 2338 3871 restitutas
2367 3801 2516 3852 sunt
2551 3794 2867 3865 ecclesia),
2909 3793 3160 3870 plebem
3207 3793 3454 3869 magnis
3495 3798 3740 3855 clamo-

499 3871 681 3932 ribus
725 3871 824 3950 abr
856 3867 1240 3950 imperatore
1295 3867 1765 3950 expostulasse,
1819 3874 1888 3950 ut
1933 3867 2284 3950 Gregorius
2333 3871 2702 3948 episc0pale
2732 3867 2966 3932 solium
3010 3867 3492 3950 conscenderet.
3547 3871 3741 3932 Hunc

501 3945 1296 4025 multitudinis'impetum
1347 3945 1515 4027 aegre
1554 3945 2210 4027 ferensu'l‘heologus,
2246 3952 2352 4027 vix
2376 3945 2509 4027 'pro
2556 3945 2908 4021 momento,
2957 3948 3215 4027 collegae
3253 3949 3614 4011 ministerio
3667 3969 3742 4011 ac

499 4044 657 4090 voce
697 4036 908 4101 utens,
944 4027 1120 4090 brevi
1153 4025 1445 4090 oratione
1470 4028 1738 4089 sedavit.
1771 4025 1948 4087 Unde
1982 4025 2516 4106 verisiinillimum
2553 4039 2672 4102 est,
2725 4029 3108 4106 Gregorium
3136 4025 3275 4088 non
3318 4029 3518 4088 multo
3567 4039 3742 4106 post,

501 4106 1070 4168 effervescentibus
1101 4107 1308 4168 adhuc
1342 4106 1598 4177 animis,
1646 4113 1836 4182 atque
1890 4103 2216 4184 ardentius
2248 4106 2492 4166 iteratis
2547 4108 2714 4184 apud
2767 4103 3216 4184 imperatorem
3282 4103 3742 4183 petitionibus,

501 4188 804 4248 thronum
864 4184 1297 4246 conscendere
1337 4193 1592 4246 coactus
1645 4184 1870 4242 fuisse.
1927 4184 1995 4242 Id
2051 4183 2373 4259 colligitur
2417 4183 2701 4245 saue'ex
2755 4183 2873 4245 his
2903 4187 3094 4247 istius
3157 4188 3467 4244 orationis
3522 4186 3748 4246 verbis

498 4260 607 4342 (η,
641 4265 716 4340 2)
756 4283 771 4322 :
808 4285 836 4318 α
859 4263 997 4324 Hoc
1019 4265 1428 4342 perspicuum
1458 4261 1699 4342 factum
1725 4269 1842 4330 est,
1877 4278 1952 4342 ex
1989 4277 2155 4342 novo
2184 4279 2258 4322 eo
2289 4262 2594 4333 facinore,
2629 4265 2798 4342 quod
2833 4265 2996 4342 circa
3033 4281 3132 4325 me
3167 4264 3332 4323 haud
3365 4262 3448 4322 ita
3491 4264 3745 4340 pridem

507 4339 822 4415 edidiStis,
853 4339 1186 4420 cum’vos,
1216 4341 1329 4420 qui
1370 4340 1552 4417 plebs
1585 4341 1767 4420 estis,
1831 4339 1966 4420 zelo
2001 4348 2062 4402 et
2094 4340 2420 4420 iracundia
2455 4339 2799 4416 ferventes,
2842 4341 3222 4402 clamantem
3254 4359 3353 4401 me
3386 4350 3448 4401 et
3487 4339 3749 4402 lamen-

499 4429 743 4480 tantem
778 4421 843 4479 in
875 4419 990 4480 hac
1019 4421 1173 4482 sede
1203 4418 1638 4482 collocastis.»
1691 4419 1830 4478 Non
1865 4418 2036 4478 enim
2072 4419 2308 4496 rationi
2339 4429 2843 4482 consentaneum
2877 4428 3006 4491 est,
3043 4429 3257 4496 pacata
3291 4420 3747 4490 multitudine,

508 4496 759 4574 plebem
794 4504 935 4576 post
968 4507 1098 4559 tres
1128 4498 1404 4560 subinde
1447 4507 1557 4558 aut
1588 4505 1866 4576 quatuor
1901 4511 2159 4576 menses
2204 4495 2281 4558 ad
2322 4499 2387 4558 id
2441 4498 2760 4558 violentiae
2801 4495 3198 4576 prorupisse.
3249 4498 3408 4558 Nam
3457 4497 3512 4558 si
3562 4499 3750 4559 illata

499 4574 818 4652 Gregorio
847 4575 942 4636 vis
975 4578 1052 4637 ad
1087 4594 1371 4637 mensem
1403 4574 1978 4654 Febru‘arium_aut
2008 4574 2295 4654 Aprilem
2344 4577 2724 4650 remittatur,
2763 4574 3066 4654 culpandi
3096 4586 3248 4638 sunt
3282 4577 3751 4637 Constantino-

509 4651 775 4731 politani
835 4654 1034 4725 cives,
1095 4655 1450 4733 culpandus
1499 4655 1754 4733 etﬁipse
1809 4651 2182 4733 Gregorius,
2241 4658 2415 4733 quod
2475 4651 2955 4733 episcOporum,
3021 4656 3133 4732 qui
3194 4656 3748 4725 convocabantur,

509 4735 848 4794 adventura
880 4750 1010 4793 non
1042 4731 1494 4811 exspectarint.
1539 4732 1656 4792 His
1688 4731 1783 4811 ita
1801 4732 2173 4811 perpensis,
2213 4731 2399 4795 nubis
2430 4731 2575 4795 cum
2609 4731 2920 4794 Hermant
2950 4743 3016 4796 et
3043 4731 3456 4795 Tillemontio
3497 4735 3746 4794 veris-i-

502 4810 726 4891 milius
761 4813 1036 4884 videtur,
1100 4809 1469 4891 violentiam
1527 4810 1839 4891 Gregorie
1873 4825 1907 4869 a
1943 4809 2126 4891 plebe
2166 4811 2406 4891 illatam
2459 4813 2808 4887 contigisse
2849 4814 3072 4889 paucis
3135 4822 3276 4891 post
3323 4811 3752 4873 ecclesiarum

508 4890 984 4972 restitutionem
1021 4891 1286 4972 diebus,
1341 4888 1632 4972 hancque
1669 4886 2038 4972 orationem
2081 4886 2741 4972 fuisseunonmulto
2794 4886 2936 4969 post
2991 4886 3490 4970 pronuntiatam.
3545 4891 3758 4953 Recte

509 4967 703 5046 igitur
734 4969 948 5030 medio
979 4968 1230 5032 circiter
1265 4983 1485 5030 mense
1514 4966 1855 5029 Decembri
1889 4966 2042 5027 anni
2076 4966 2194 5028 380
2225 4966 2520 5030 collocari
2560 4975 2791 5046 potest.

575 5151 690 5227 (15)
726 5151 907 5227 Cum.
935 5155 1001 5209 de
1030 5153 1450 5227 vita_sua,_ve_rs.
1477 5153 1608 5209 1581
1642 5152 1712 5225 et]
1737 5167 1890 5223 seqq.

1446 5193 1450 5206 .
1477 5153 1608 5209 1581
1642 5152 1712 5225 et]
1737 5167 1890 5223 seqq.
2252 5155 2360 5227 (45)
2396 5155 2529 5213 Ibid.
2557 5167 2669 5214 not.
2697 5173 2746 5223 ε,
2776 5171 2830 5225 ρ.
2865 5153 2990 5212 412.

572 5223 687 5295 (44)
726 5223 908 5280 9Maii
960 5233 1072 5280 not.
1111 5224 1165 5290 ά,
1201 5223 1410 5294 p.411.
1699 5223 1711 5225 ἡ
2264 5223 2272 5225 ~
2342 5223 2350 5227 -
2777 5223 2790 5225 -
2893 5257 2897 5262 _
