3910 6214
453 245 562 301 ‘267

1650 242 1704 296 S.
1745 237 2071 296 GREGOBH
2109 239 2456 297 THEOLOGI

3600 242 3711 299 268

447 369 815 432 comparatus,
852 368 913 415 ut
944 358 1222 414 hominum
1263 358 1694 414 benevolentiam
1749 359 2017 414 blanditiis

2125 359 2256 429 ἐγὼ,
2298 360 2390 413 καὶ
2421 354 2534 422 οἶος
2573 356 2831 429 κολακείᾳ
2864 357 3118 412 κλέπτειν
3146 358 3244 430 τὴν
3282 358 3495 414 εὔνοιαν
3517 375 3531 389 ⁸
3563 358 3713 422 οῖους

448 469 506 513 et
528 455 892 511 assentatione
925 453 1204 523 subripere
1225 467 1419 522 queam
1447 468 1461 507 :
1493 451 1681 520 quales
1707 452 1903 507 multos
1936 466 2024 507 eo-

455 563 570 605 rum
606 549 781 609 video,
812 546 904 615 qui
933 545 1037 600 hoc
1077 552 1318 614 tempore
1346 544 1636 599 sacerdotii
1680 560 1875 599 munus
1907 558 2029 612 pro-

448 634 1148 706 ﬁtentur,quiﬁdeinostrae
1173 636 1445 705 pietatem,
1481 650 1600 704 qua:
1631 637 1780 704 prius
1800 636 2027 707 simplex

450 738 611 797 atque
621 726 757 782 artis
767 739 960 796 expers
972 734 1108 791 erat,
1122 726 1461 782 artiﬁciosam
1476 726 1845 793 reddiderunt,
1860 742 1924 782 ac
1936 741 2045 782 ιιοο,

447 832 576 870 vum
591 818 860 884 quoddam
873 815 1118 887 politices
1133 832 1324 886 genus,
1342 833 1368 872 a
1385 817 1502 873 foro
1514 819 1579 873 ad
1603 830 1789 873 sancta
1806 818 2030 874 transla-

451 917 538 973 tae,
562 919 654 962 eta
672 908 897 963 theatris
917 909 983 962 ad
1005 909 1325 973 sacrarium,
1346 909 1488 980 vulgi
1508 908 1681 964 oculis
1708 909 1927 964 minime
1946 910 2030 965 in-

448 1000 793 1068 spectandum
822 1015 836 1051 :
863 1001 934 1053 ita
958 1010 1037 1065 ut,
1067 1001 1112 1056 si
1140 1001 1394 1056 audacter
1421 1003 1526 1056 hoc
1552 1002 1733 1056 dicere
1760 1010 2025 1070 oporteat,

449 1093 567 1145 duae
586 1092 697 1159 jam
718 1105 892 1146 scenae
920 1093 1051 1155 sint,
1074 1092 1358 1162 interquas
1383 1093 1484 1148 hoc
1508 1093 1772 1148 duntaxat
1793 1094 2026 1162 intersit,

448 1183 588 1251 quod
622 1181 968 1237 illaomnibus
982 1191 1181 1251 pateat,
1206 1183 1322 1239 haec
1344 1183 1664 1253 quibusdam
1689 1200 1704 1249 ;
1737 1184 1826 1237 illa
1855 1183 2026 1237 ridea-

449 1281 560 1335 tur,
590 1274 704 1327 haec
730 1273 785 1327 in
805 1274 1014 1329 honore
1038 1273 1142 1341 sit;
1171 1274 1258 1328 illa
1283 1275 1565 1341 theatrica,
1594 1276 1705 1329 lucc
1736 1274 2031 1345 spiritualis

446 1364 776 1418 nominetur.
814 1363 918 1418 Vos
958 1373 1138 1430 testes,
1182 1365 1432 1435 et.Deus,
1483 1373 1541 1418 ut
1585 1364 1820 1435 Apostoli
1855 1368 2032 1421 verbis

449 1466 570 1508 utar
594 1456 660 1517 ⁸³,
693 1469 790 1508 nos
813 1455 881 1509 ab
922 1456 1022 1510 hac
1043 1463 1197 1524 parte
1227 1455 1448 1510 minime
1489 1465 1654 1519 stare,
1678 1472 1862 1511 verum
1895 1456 2029 1512 tales

447 1559 594 1610 esse,
616 1556 674 1600 ut
691 1547 1024 1602 morositatis
1044 1548 1221 1616 potius
1240 1556 1297 1602 et
1315 1547 1650 1614 rusticitatis,
1669 1564 1829 1616 quam
1849 1548 2032 1602 adula-

447 1637 612 1693 tionis
641 1652 706 1693 ac
735 1628 947 1709 servilis
973 1638 1136 1691 animi
1160 1646 1286 1693 nota
1310 1641 1361 1691 In
1385 1652 1484 1693 nos
1504 1638 1686 1703 cadat;
1716 1638 1912 1708 quippe
1934 1637 2028 1707 qui

2130 450 2245 523 ὁρῶ
2278 449 2508 513 πολλοὺς
2534 448 2644 503 τῶν
2677 449 2771 503 νῦν
2815 449 3114 521 ἱερατεύειν
3154 450 3626 521 ὑπισχνουμένων,
3658 450 3711 503 οἳ

2129 542 2227 612 τὴν
2255 542 2367 612 (58)
2393 541 2570 612 ἁπλῆν
2589 542 2686 594 καὶ
2713 540 2936 612 ἄτεχνον
2962 541 3115 613 ἡμῶν
3140 541 3441 606 εὐσέϐειαν,
3459 541 3712 612 ἔντεχνον

2131 633 2500 702 πεποιήκασι,
2534 632 2630 684 ttat
2645 632 2946 703 ’πολιτικῆς
2976 647 3028 684 τι
3063 630 3249 683 καινὸν
3294 627 3432 695 εἶδος
3463 630 3573 684 ἀπὸ
3607 631 3715 700 τῆς

2129 725 2334 797 ἀγορᾶς
2363 727 2442 788 εἰς
2481 724 2552 778 τὰ
2593 723 2726 793 am
2774 723 3248 795 μετενηνεγμένης
3288 722 3423 791 (59).
3466 722 3564 777 καὶ
3601 722 3716 778 ἀπὸ

2128 816 2237 871 τῶν
2271 818 2511 889 θεάτρων
2532 817 2626 870 ἐπὶ
2653 816 2750 888 τὴν
2770 818 2882 879 τοῖς
2913 815 3127 879 πολλοῖς
3155 815 3383 869 ἀθέατον
3416 830 3714 886 μυσταγω-

2130 909 2255 978 γίαν
2274 927 2285 938 ·
2316 909 2391 972 ὡς
2419 906 2554 963 εἷναι
2600 907 2693 961 δύο
2731 906 2957 979 σκηνὰς,
2983 907 3032 959 εί
3089 906 3171 959 δεῖ
3221 904 3569 976 τολμήσαντα
3598 904 3713 974 (60)

2129 999 2289 1054 τοῦτο
2329 1001 2525 1062 εἰπεῖν,
2565 996 2822 1054 τοσοῦτον
2868 997 3114 1069 ἀλλήλων
3158 996 3540 1070 διαφερούσας,
3586 997 3712 1050 ὅσον

2130 1091 2231 1161 τὴν
2265 1091 2365 1162 μὲν
2408 1092 2574 1145 πᾶσιν
2605 1090 2888 1153 ἀνεῖσθαι,
2938 1090 3033 1160 τὴν
3078 1075 3306 1142 δὲ’τισί·
3351 1089 3446 1142 καὶ
3478 1092 3576 1158 τὴν
3611 1086 3712 1157 μὲν

2129 1179 2410 1247 γελᾶσθαι,
2439 1182 2539 1253 τὴν
2571 1180 2629 1234 δὲ
2655 1179 2956 1250 τιμᾶσθαι·
3006 1180 3102 1232 καὶ
3125 1178 3223 1248 τὴν
3260 1177 3360 1247 μὲν
3393 1177 3712 1248 θεατρικὴν,

2129 1271 2228 1343 τὴν
2267 1272 2324 1325 δὲ
2356 1273 2730 1344 πνευματικὴν
2761 1269 3146 1343 ὀνομάζεσθαι.
3188 1269 3376 1339 Ὑμεῖς
3409 1269 3711 1339 μάρτυρες,

2133 1364 2226 1417 καὶ
2256 1365 2285 1416 ὁ
2321 1362 2472 1427 Θεὸς,
2501 1364 2664 1432 φησὶν
2694 1366 2723 1417 ὁ
2756 1362 2898 1426 θεῖος
2941 1359 3282 1425 Ἀπόστολος,
3313 1360 3388 1423 ὡς
3410 1359 3471 1411 οὗ
3506 1358 3713 1429 ταύτης

2131 1454 2291 1526 ⁴ἦμεῖς
2311 1456 2407 1526 τῆς
2432 1456 2665 1527 μερίδος,
2689 1455 2801 1509 ἀλλ’
2825 1448 2927 1507 οἶοι
2950 1453 3271 1524 σκαιότητος
3294 1451 3359 1506 ἂν
3381 1451 3576 1507 θᾶττον
3596 1449 3711 1523 (61)

2132 1548 2228 1601 κα)⁹
2248 1548 2552 1619 ἀγροικίας,
2583 1547 2616 1619 ἢ
2645 1547 2884 1610 θωπείας
2913 1546 3009 1599 καὶ
3039 1544 3421 1609 ἀνελευθερίας
3456 1543 3711 1615 ἔγκλημα

2131 1637 2414 1703 δέξασθαν
2457 1640 2514 1692 οῖ
2556 1656 2620 1709 γε
2668 1640 2932 1709 καὶπρὸς
2973 1637 3099 1702 τοὺς
3151 1636 3272 1691 λίαν
3318 1634 3711 1707 ἀντεχομένους

444 1740 542 1783 eos
567 1727 753 1793 etiam,
789 1728 880 1797 qui
909 1728 1082 1782 nostri
1130 1728 1296 1800 636
1326 1729 1568 1798 apprime
1612 1729 1840 1784 studiosi
1877 1738 2017 1795 sunt,

2135 1732 2290 1803 ἡμῶν
2325 1730 2469 1784 ἔστιν
2501 1731 2590 1783 ὅτε
2636 1730 2730 1783 καὶ
2765 1730 2897 1783 ὅπου
2937 1726 3241 1799 φαινόμεθα
3288 1723 3710 1798 τραχυνόμενοι,

447 1819 689 1887 asperius
718 1818 987 1874 interdum
1021 1821 1369 1888 accipiamus,
1396 1819 1441 1873 si
1489 1819 1617 1887 quid
1647 1819 1803 1875 nobis
1832 1834 1939 1874 non
1966 1829 2024 1874 ut

448 1908 645 1964 rationi
667 1923 1095 1966 consentanequ
1134 1920 1238 1976 est,
1266 1909 1446 1966 facere
1490 1911 1795 1967 videantur.
1845 1914 2022 1980 Atque

446 2001 551 2057 hoc
585 2016 652 2055 ex
685 2016 825 2057 novo
866 2016 931 2057 eo
981 2002 1222 2059 facinore
1271 2004 1617 2074 perspicuum
1668 2003 1868 2058 factum
1915 2014 2019 2067 est,

444 2092 587 2158 quod
613 2093 755 2147 circa
799 2106 886 2148 me
911 2093 1055 2148 haud
1089 2093 1163 2148 ita
1199 2094 1406 2163 pridem
1433 2094 1699 2160 edidistis,
1733 2108 1857 2149 cum
1883 2109 2003 2159 vos,

445 2185 535 2253 qui
564 2184 713 2255 plebs
739 2184 892 2251 estis,
919 2184 1035 2241 zelo
1061 2193 1119 2240 et
1138 2185 1414 2241 iracundia
1440 2184 1730 2251 ferventes,
1763 2185 2009 2245 claman-

445 2282 552 2328 tem
583 2288 667 2328 me
682 2285 737 2330 et
752 2276 1132 2329 lamentantem
1162 2273 1215 2331 in
1231 2274 1335 2330 hac
1352 2276 1481 2331 sede
1497 2273 1826 2341 collocastis,
1853 2291 2017 2347 quam

445 2363 808 2436 tyrannicam,
841 2380 910 2419 an
939 2365 1298 2437 episcopalem
1347 2365 1530 2421 dicere
1557 2366 1806 2432 debeam,
1839 2368 2017 2424 incer-

444 2463 557 2508 tum
584 2455 790 2521 habeo;
815 2457 907 2511 sed
940 2453 1246 2514 collocastis
1266 2466 1473 2523 tamen,
1490 2468 1712 2529 propter
1736 2459 1845 2513 vim
1875 2473 2021 2514 amo-

452 2548 528 2603 ris
552 2563 678 2619 erga
714 2562 802 2603 me
830 2549 1021 2615 vestri,
1072 2549 1243 2620 legem
1301 2550 1590 2606 violantes.
1640 2549 1758 2615 Quo
1799 2550 2018 2617 quidem

445 2647 692 2709 tempore
726 2641 1001 2696 nonnullis
1030 2655 1242 2707 eorum,
1264 2644 1354 2711 qui
1384 2632 1702 2697 lérvidiores
1726 2652 1906 2702 erant.
1936 2657 2019 2697 us-

436 2743 546 2800 que
565 2729 703 2783 adeo
724 2732 1159 2797 succensuimus,
1188 2742 1245 2786 ut
1270 2748 1457 2787 amore
1483 2734 1535 2786 in
1568 2732 1753 2785 odium
1788 2740 2016 2793 mutato,

2124 1824 2191 1879 ἄν
2221 1840 2276 1877 τι
2322 1822 2396 1893 μὴ
2431 1821 2572 1876 κατὰ
2614 1820 2773 1890 λόγον
2812 1821 2944 1892 ἡμῖν
2974 1821 3148 1872 ποιεῖν
3197 1816 3548 1888 νομίζωνται.
3595 1814 3711 1867 Καὶ

2120 1915 2278 1971 τοῦτο
2306 1914 2504 1980 ἔδειξεν
2531 1917 2565 1985 η
2596 1912 2787 1985 πρώην
2815 1910 3083 1983 γενομένη
3114 1910 3245 1981 περὶ
3270 1909 3422 1980 ἡμᾶς
3450 1923 3704 1962 καινοτο-

2124 2009 2223 2081 μία
2278 2009 2440 2078 ἡνίκα
2475 2006 2624 2079 ζήλῳ
2654 2005 2748 2059 καὶ
2791 2002 2947 2076 θυμῷ
2993 2002 3247 2068 ζέσαντες
3282 2001 3441 2073 ὑμεῖς
3482 2000 3512 2053 ὁ
3553 1998 3704 2066 λαὸς,

2122 2100 2361 2173 βοῶντας
2396 2115 2459 2152 τε
2486 2097 2589 2152 καὶ
2626 2095 2986 2168 ὀδυρομένους
3025 2095 3121 2149 ἐπὶ
3154 2094 3248 2149 τὸν
3286 2093 3474 2166 θρόνον
3512 2091 3708 2146 τοῦτον

2120 2191 2380 2263 ὲθήκατε,
2414 2189 2507 2243 τὸν
2544 2187 2647 2241 οὐκ
2695 2181 2792 2240 οἷδ’
2825 2185 2933 2239 εῖτε
2983 2184 3307 2257 τυραννικὸν
3349 2182 3458 2256 χρὴ
3494 2182 3702 2253 λέγειν,

2118 2282 2233 2336 εἴτε
2266 2279 2653 2353 ἀρχιερατικόν
2686 2279 2835 2351 (62)·
2872 2278 3106 2351 ὲθήκατε
3135 2277 3183 2331 δ’
3211 2272 3327 2341 οὖν,
3356 2276 3445 2330 διὰ
3477 2275 3569 2330 τὸν
3603 2274 3709 2329 πό·

2119 2371 2213 2426 θον
2241 2372 2746 2442 παρανομήσαντες.
2801 2366 2973 2422 Ἔνθα
3011 2366 3268 2422 τοσοῦτόν
3299 2383 3409 2420 τισι
3444 2365 3554 2421 τῶν
3580 2366 3707 2438 θερ-

2122 2462 2365 2535 μοτέρων
2447 2459 2885 2533 ὲδυσχεράναμεν
2904 2499 2920 2521 ,
2973 2459 3114 2513 ὥστε
3181 2458 3540 2530 ἀπεπήδησαν
3587 2458 3703 2529 (63)

2118 2552 2298 2622 ἡμῶν,
2330 2550 2392 2604 τὸ
2420 2551 2641 2621 φίλτρον
2670 2552 2750 2614 είς
2778 2548 2978 2620 ἔχθραν
3005 2548 3305 2621 τρέψαντες
3331 2549 3385 2621 (6
3397 2548 3465 2619 ί).
3491 2549 3565 2602 Οὐ
3590 2549 3704 2621 γὰρ

2118 2638 2179 2703 eg
2204 2632 2278 2691 ὧν
2307 2637 2649 2711 χαριούμεθα
2684 2636 2997 2709 σκοποῦμεν
3034 2637 3268 2710 μᾶλλον,
3297 2637 3333 2710 ἢ
3374 2636 3436 2703 ἐξ
3462 2632 3537 2693 ὧν
3565 2638 3707 2707 ὠφε-

2118 2728 2358 2801 λήσομεν
2393 2727 2525 2801 (65).

438 2836 471 2876 a
498 2821 653 2877 nobis
675 2822 972 2897 confestim
994 2824 1339 2879 recesserint.
1379 2822 1494 2878 Non
1521 2823 1665 2878 enim
1689 2832 1797 2877 tam
1819 2820 2099 2876 hominum
2126 2821 2354 2891 gratiam
2405 2835 2565 2890 quam
2605 2820 2887 2877 utilitatem
2923 2828 3249 2890 spectamus.

510 2910 595 2966 lll.
627 2911 756 2979 Qum
778 2913 942 2983 igitur
974 2914 1104 2968 tanti
1169 2927 1296 2984 erga
1348 2928 1449 2969 nos
1502 2927 1885 2979 sermonesque
1924 2925 2020 2965 no-

441 3012 583 3060 stros
622 3005 872 3061 desiderii
896 3016 950 3058 et
988 3005 1149 3060 studii
1181 3019 1342 3060 causa
1386 3006 1476 3070 sit,
1512 3005 1745 3060 vultisne
1780 3004 1878 3074 ipsi
1923 3016 2018 3056 ex-

2194 2911 2268 2964 l".
2313 2911 2408 2975 Τίς
2444 2906 2536 2965 οὖν
2571 2914 2603 2981 ἡ
2641 2911 2789 2965 αίτία
2822 2909 2917 2964 τοῦ
2962 2910 3217 2964 τοσούτου
3254 2909 3384 2980 περὶ
3418 2907 3565 2978 ἡμᾶς
3601 2909 3705 2960 πό-

2126 3003 2240 3069 θου,
2272 3004 2366 3056 καὶ
2393 3006 2520 3068 τοὺς
2550 3003 2741 3073 λόγους
2762 3004 2888 3066 τοὺς
2912 3001 3236 3076 ἡμετέρους,
3266 3002 3421 3054 αὐτοὶ
3449 3000 3701 3071 βούλεσθε

439 3108 708 3165 promere,
736 3104 899 3165 atque
947 3094 999 3149 in
1038 3096 1270 3150 medium
1298 3094 1542 3165 proferre
1568 3134 1584 3158 ,
1613 3095 1888 3163 animique
1919 3108 2011 3146 ve-

2123 3094 2362 3165 δηλῶσαι
2400 3094 2604 3166 ταύτην
2650 3096 2744 3149 καὶ
2790 3094 3172 3166 παραστῆσαι,
3206 3094 3301 3147 καὶ
3334 3092 3395 3145 τὸ
3438 3093 3701 3163 ὑμέτερον

440 3187 536 3243 ςιιί
562 3185 813 3242 affectum
843 3186 1105 3250 indicare,
1131 3201 1196 3241 an
1226 3187 1402 3257 potius
1435 3201 1530 3255 per
1553 3201 1649 3240 nos
1702 3185 1802 3239 hoc
1830 3183 2010 3238 decla-

439 3289 586 3341 rare,
613 3277 1064 3347 quemadmodum
1095 3286 1147 3331 et
1177 3277 1245 3330 ad
1281 3289 1367 3330 res
1389 3276 1523 3330 alias
1548 3274 1893 3345 exponendas
1918 3288 2013 3328 no-

441 3368 525 3423 bis
557 3384 663 3423 nou
693 3368 966 3423 illibenter
994 3369 1068 3422 uti
1091 3367 1312 3422 soletis?
1353 3367 1477 3422 Mihi
1508 3383 1636 3422 vero
1670 3382 1774 3421 non
1807 3375 1891 3422 est
1911 3365 2012 3420 du-

438 3460 625 3525 bium,
656 3460 784 3529 quin
808 3460 945 3514 hanc
976 3458 1104 3513 mihi
1144 3459 1357 3513 dicendi
1403 3459 1732 3528 provinciam
1764 3457 2010 3527 impona-

440 3550 530 3614 tis,
558 3561 820 3620 quantum
860 3550 1074 3619 quidem
1105 3565 1171 3606 ex
1203 3561 1382 3607 vestro
1412 3551 1627 3605 silentio
1668 3549 1915 3620 judicare
1948 3547 2012 3601 li-

438 3651 543 3697 cet.
568 3642 764 3704 Audite
790 3642 970 3712 igitur,
1002 3652 1164 3712 atque
1197 3642 1499 3711 expendite,
1530 3657 1659 3695 num
1709 3639 1882 3694 malus
1915 3638 2014 3693 htt-

437 3730 668 3797 iusmodi
708 3746 887 3786 rerum
938 3733 1041 3787 sim
1091 3733 1385 3801 coujector.
1434 3731 1698 3793 Primum,
1741 3730 1868 3799 quia
1914 3743 2011 3782 nos

439 3821 565 3890 ipsi.
589 3819 863 3876 accivistis
891 3860 907 3887 ,
943 3820 1146 3876 idcirco
1182 3820 1386 3891 judicio
1419 3829 1598 3875 vestro
1638 3834 1794 3889 opem
1832 3817 2012 3872 subsi-

438 3913 694 3981 diumqne
725 3894 891 3975 ferre,
927 3926 989 3967 ac
1017 3913 1162 3966 velut
1190 3912 1424 3980 praedam
1452 3920 1683 3966 vestram
1721 3911 1900 3966 fovere
1927 3912 2008 3966 vi-

437 4004 661 4058 demini.
696 4002 794 4057 Est
837 4003 982 4058 enim
1029 4004 1101 4058 ita
1150 4014 1338 4057 natura
1376 4010 1766 4073 comparatum,
1793 4012 1851 4056 ut
1896 4003 2011 4061 suis

439 4096 690 4165 quisque,
724 4106 831 4149 tam
867 4094 1101 4165 praediis,
1154 4109 1315 4163 quam
1362 4092 1548 4148 liberis
1572 4108 1637 4148 ac
1670 4095 2012 4151 sermonibus

438 4186 615 4242 faveat
643 4227 661 4254 ,
705 4196 1110 4256 spontaueaque
1157 4184 1529 4240 benevolentia
1586 4186 1640 4238 in
1689 4200 1818 4240 suos
1873 4184 2013 4243 fetus

435 4278 789 4346 propendeat.
821 4277 1038 4339 Deinde,
1071 4274 1213 4329 nulla
1249 4287 1307 4328 re
1338 4273 1559 4344 perinde
1589 4276 1815 4337 moveri,
1848 4290 2009 4342 quam

437 4366 580 4434 quod
606 4380 723 4430 nos,
753 4380 852 4420 nec
886 4365 1191 4434 praecipites
1218 4372 1272 4419 et
1300 4366 1657 4431 importunos,
1686 4378 1787 4418 nec
1816 4366 2013 4421 violen-

2120 3187 2291 3249 πάθος
2318 3186 2474 3240 αὐτοὶ
2497 3186 2786 3258 γνωρίσαι,
2812 3186 2845 3259 ἢ
2871 3186 2937 3240 δι’
2963 3185 3118 3258 ἡμῶν
3141 3184 3298 3239 τοῦτο
3321 3184 3699 3256 δημοσιεῦσαι,

2117 3278 2192 3341 ὡς
2223 3280 2332 3348 (66)
2366 3278 2593 3332 καὶτῶν
2625 3277 2799 3332 ἄλλων
2859 3280 2991 3349 ἡμῖν
3032 3277 3239 3348 χρῆσθε
3280 3275 3574 3347 προθύμως
3614 3276 3702 3343 ἐξ-

2119 3372 2384 3441 ηγηταῖς;
2428 3368 2722 3440 Ἦμέτερον
2749 3365 2842 3423 οἷδ’
2874 3368 2987 3440 (67)
3014 3368 3094 3421 ὅτι
3118 3367 3357 3422 ποιεῖσθε
3385 3368 3476 3421 τὸν
3517 3367 3691 3437 λόγον,

2118 3458 2240 3512 ὅσον
2278 3462 2342 3512 ὲκ
2362 3462 2462 3530 τῆς
2487 3459 2713 3531 ἡσυχίας
2740 3459 3133 3531 τεκμαίρομαι.
3164 3458 3374 3512 Οὐκοῦν
3402 3459 3697 3527 ἀκούσατε,

2120 3551 2213 3604 καὶ
2244 3554 2520 3613 σκοπεῖτε,
2548 3552 2621 3623 μὴ
2643 3552 2844 3621 φαῦλος
2876 3550 2984 3621 ἐγὼ
3011 3551 3117 3604 τῶν
3143 3551 3399 3605 τοιούτων
3421 3555 3696 3624 εἰκαστής.

2132 3643 2286 3713 Ἐμοὶ
2335 3644 2540 3697 δοκεῖτε
2595 3643 2830 3715 μάλιστα
2884 3643 3007 3713 μὲν,
3057 3641 3131 3705 ὡς
3183 3643 3336 3696 αὐτοὶ
3373 3643 3701 3709 καλέσαντες

2120 3733 2286 3803 ἡμᾶς,
2317 3734 2495 3804 οἰκείᾳ
2521 3733 2735 3804 βοηθεῖν
2765 3734 2965 3806 κρίσει,
2997 3732 3091 3786 καὶ
3115 3732 3202 3787 διὰ
3233 3734 3389 3787 τοῦτο
3416 3735 3697 3806 περιέπειν

2118 3822 2180 3875 τὸ
2220 3822 2484 3893 ὑμέτερον
2515 3823 2759 3893 θήραμα.
2795 3821 2959 3885 Φύσις
2987 3822 3043 3875 δὲ
3077 3821 3215 3893 αὕτη
3251 3823 3386 3893 πρὺς
3414 3823 3475 3876 τὸ
3501 3827 3697 3878 οἰκεῖον

2118 3910 2265 3966 ἅπαν
2285 3911 2526 3982 εὐμενῶς
2558 3912 2725 3981 ἔχειν,
2749 3911 2861 3964 εἴτε
2897 3912 3107 3985 κτῆμα,
3147 3914 3257 3966 εἴτε
3293 3915 3557 3985 γέννημα,
3584 3913 3695 3967 εἴτε

2118 4002 2296 4070 λόγον,
2333 4003 2426 4055 καὶ
2461 4003 2510 4056 δι
2557 4003 2770 4067 εὐνοίας
2800 4004 3049 4057 ἑκουσίου
3082 4004 3396 4076 χειροῦσθαι
3427 4008 3543 4069 τοῖς
3570 4008 3699 4059 έαυ·

2117 4093 2224 4147 τῶν
2280 4095 2667 4166 προϐλήμασιν.
2737 4095 2995 4167 Δεύτερον
3052 4096 3129 4161 δὲ,
3185 4097 3340 4150 οὐδὲν
3390 4097 3561 4162 οὕτως
3606 4101 3695 4153 al-

2117 4184 2322 4238 δεῖσθαι
2349 4184 2481 4256 (68),
2530 4186 2605 4250 ὡς
2645 4187 2708 4240 τὸ
2743 4188 2818 4260 μὴ
2870 4189 3062 4259 ἰταμὸν
3107 4188 3287 4260 ἡμῶν.
3322 4191 3461 4261 μήτε
3500 4190 3692 4260 βίαιον,

2119 4277 2260 4348 μήτε
2289 4276 2574 4348 θεατρικόν
2605 4296 2664 4332 τε
2699 4280 2794 4333 καὶ
2822 4281 3221 4353 πανηγυρικὸν,
3260 4281 3376 4334 ἀλλ’
3407 4283 3695 4355 ὑποχωρη-

2116 4368 2267 4424 τικόν
2293 4387 2359 4422 τε
2390 4372 2484 4423 καὶ
2512 4370 2731 4443 μέτριον
2749 4410 2765 4438 ,
2795 4373 2892 4426 καί
2917 4366 3029 4425 οἷον
3056 4370 3274 4425 ἄκοινον
3312 4373 3369 4425 ὲν
3400 4373 3477 4443 τῷ
3505 4374 3693 4445 κοινῷ,

440 4432 548 4519 tos,
580 4471 679 4509 nec
729 4455 796 4509 ad
824 4432 1157 4510 theatrorum
1203 4466 1260 4509 et
1307 4453 1660 4508 festivitatnm
1695 4457 2010 4510 ostentatio-

2123 4457 2208 4510 καὶ
2242 4432 2763 4532 μονότροπδνξκαὶ,
2795 4460 3205 4534 συντομώτερον
3231 4464 3407 4516 εἰπεῖν
3433 4432 3512 4516 έτι
3557 4432 3692 4533 (69.),

436 4562 562 4601 nem
596 4546 942 4615 compositos,
978 4546 1071 4600 sed
1098 4545 1368 4600 modestos
1410 4555 1466 4600 et
1502 4546 1821 4612 submissos,
1856 4556 2017 4615 atque

439 4639 494 4692 in
531 4636 807 4691 hominum
834 4635 1137 4706 frequentia
1168 4646 1222 4692 et
1248 4636 1522 4703 societate,
1569 4638 1721 4691 velut
1746 4639 1814 4692 ah
1839 4637 2015 4691 homi-

440 4744 569 4782 num
598 4729 925 4783 commercio
959 4737 1195 4782 remotos
1241 4743 1306 4782 ac
1332 4728 1651 4797 singulares,
1682 4739 1760 4795 et,
1815 4739 1872 4783 ut
1903 4730 2017 4784 bre-

434 4819 557 4874 vius
613 4821 788 4874 adhuc
841 4820 1055 4890 loquar,
1116 4820 1463 4890 philosophos
1518 4835 1635 4875 esse
1686 4820 2011 4891 perspicitis.

509 4939 555 4970 ”
591 4938 612 4998 ι
655 4937 848 4992 Thess.
882 4952 943 5003 ιι,
976 4937 1065 4991 10.

510 5029 624 5100 (58)
667 5029 733 5082 Οἳ
749 5029 881 5098 τήν.
914 5028 1037 5083 Haec
1053 5031 1244 5100 desunt
1272 5031 1323 5083 ἰιι
1359 5032 1451 5086 Or.
1470 5032 1542 5100 ΠΙ.

513 5098 626 5169 (59)
663 5098 1202 5171 Μετενηνεγμένης.
1239 5100 1328 5153 Sic
1350 5117 1440 5154 sex
1469 5099 1657 5171 chg.,
1691 5109 1802 5156 tres
1829 5099 2004 5167 Colb.,

441 5168 534 5223 0r.
561 5168 614 5227 l.
646 5182 752 5223 etc.
779 5169 965 5240 lnged.,
996 5171 1480 5240 μετενηνεγμένην.

513 5240 624 5311 (60)
666 5238 1077 5308 Τολμήσαντα.
1132 5238 1222 5295 Sic
1282 5238 1521 5311 plerique
1582 5240 1740 5295 codd.
1789 5241 1844 5294 lu
1893 5240 2005 5305 etl.,

440 5310 828 5372 τολμήσαντος.

513 5326 533 5362 ι.
619 5326 828 5372 σαντος.

513 5326 624 5446 (ἕῖ)
665 5376 906 5433 Θᾱττον.
931 5376 1143 5443 Comb.,
1175 5379 1390 5446 μᾶλλον.

513 5397 596 5446 (01
665 5397 906 5433 σαττον.
931 5397 1143 5443 Momm,
1215 5397 1390 5434 αΑΑον.

511 5397 624 5517 (62)
675 5448 1116 5517 Ἀρχιερατικόν.
1151 5397 1353 5513 liillius,
1377 5467 1397 5501 ι
1426 5447 1954 5516 archiepiscopalem.
1981 5465 2001 5499 ι

438 5516 558 5574 Non
580 5516 903 5601 orecte.’Vo.x
951 5519 1096 5572 enim
1140 5537 1159 5570 ι
1196 5520 1670 5590 archiepiscopalis
1709 5536 1729 5568 ι
1772 5519 2007 5572 nondum

438 5602 509 5647 Qa
528 5596 685 5643 aetate
713 5596 830 5647 erat
861 5596 913 5642 in
940 5602 1063 5642 IIS“.

511 5654 625 5731 (65)
666 5645 844 5713 Ὠσὶε
891 5657 1311 5727 ἀπεπήδςῳιαν.
1367 5656 1759 5714 Leuvenklaius
1802 5656 2003 5713 vertit:

2115 4551 2433 4622 φιλόσοφοψ
2459 4553 2581 4608 οὐδὲ
2614 4556 2683 4608 αὑ
2698 4553 2748 4607 τὸ
2775 4555 3061 4626 τεχνικῶς,
3099 4555 3197 4609 καὶ
3229 4555 3522 4620 πολιτικῶς
3559 4558 3695 4626 ἡμῖν

2114 4642 2504 4715 ἀνευρημένον,
2532 4645 2647 4698 ἀλλ’
2684 4647 2873 4711 ἁπλῶς
2905 4648 3002 4701 καὶ
3042 4648 3429 4718 πνευματικῶς
3468 4666 3695 4721 τετιμηο

2118 4734 2297 4806 μένον.
2327 4738 2401 4790 Οὐ
2430 4737 2560 4810 γάρ,
2591 4739 2677 4792 ἵνα
2702 4741 3045 4812 ζητηθῶμεν,
3073 4740 3557 4813 ἀποκρυπτόμεθα,
3585 4741 3693 4795 οὐδ’

2114 4825 2203 4880 ῖνα
2247 4827 2492 4893 πλείονος
2546 4830 2687 4897 ἄξιοι
2732 4831 2973 4904 δόξωμεν
3021 4833 3222 4905 τιμῆς,
3275 4831 3464 4903 ῶσπερ
3505 4832 3557 4885 οἱ
3594 4831 3696 4896 τὰς

2110 5048 2132 5081 ι
2174 5045 2203 5083 a
2243 5028 2398 5083 vobis
2428 5028 2812 5102 discessimus;
2852 5051 2885 5102 ι
2918 5032 3061 5101 quod
3108 5031 3325 5101 quidem
3373 5046 3402 5085 a
3443 5029 3696 5102 Gregorii

2109 5107 2290 5168 mente
2314 5108 2369 5152 et
2401 5101 2579 5168 verbis
2602 5098 2821 5168 prorsus
2847 5098 3077 5156 alienum
3104 5098 3207 5156 est.

2335 5166 2689 5259 Ξρέψαγτὲς.
2723 5169 2845 5259 Duo,
2867 5172 3055 5259 lleglg”
3083 5170 3435 5259 στρέψμντες.

2202 5237 2289 5313 (iii)
2340 5237 2773 5313 ξῼέρεᾼήσομεν,
2794 5240 2937 5313 Reg:
2953 5237 3080 5305 lim,
3135 5237 3530 5313 ὠφελήσωμεν.

2342 5307 2548 5383 ξῼςηιιι
2579 5307 3108 5383 ῐιόιιιιιιίιίελῶσπερ.

2210 5376 2302 5452 6:1)
2347 5377 2659 5452 ᾚμέτερον
2688 5377 2817 5452 οἶδ’.
2850 5376 3070 5447 (ἒοιιιιι.,’
3093 5379 3361 5452 ἡμέτερον
3390 5376 3451 5452 εὖ
3481 5376 3623 5435 οἴδα.

2112 5445 2311 5569 85308;
2335 5445 2659 5506 Αὶδεῐσθαι.
2694 5450 2827 5506 Tres
2851 5452 3018 5520 Regg.
3048 5445 3367 5520 et'quatuor
3389 5448 3573 5514 Colb.,
3607 5453 3693 5505 αῖ-

2175 5532 2311 5569 ισυε.

2114 5584 2536 5711 πεξῗθζι.Είπεῖν
2566 5590 2673 5644 ἐτι.
2710 5589 2847 5648 Tres
2865 5589 3056 5662 Regg.,
3090 5588 3186 5647 Or.
3222 5587 3251 5645 1
3283 5597 3339 5643 et
3368 5584 3588 5652 Comh.,
3620 5589 3707 5643 ει-
