3910 6214
244 296 345 352 169

1227 306 1488 365 ORATIO
1524 311 1764 368 XXXVI.
1805 342 1876 353 ——
1911 314 2000 369 DE
2036 314 2298 380 SEIPSO,
2355 311 2510 369 ETC.

3400 309 3506 365 270

243 413 391 507 rhea;
414 505 433 507 Α
455 415 653 488 μικρὸν
709 422 1136 490 προφαίνοντες,
1199 422 1301 481 εἶθ’
1362 431 1780 498 ὑποστέλλοντες
1804 452 1816 464 ·

1941 435 2329 507 Philosophiam
2383 442 2566 489 autem
2599 431 2738 498 dico,
2773 445 2879 486 non
2916 429 3126 495 callide,
3179 439 3236 484 et
3288 430 3504 498 politico

243 504 360 558 ἀλλ’
410 505 497 560 ἵνα
541 507 656 578 (70)
695 510 756 563 τὸ
823 513 1046 582 φεύγειν
1094 518 1196 580 τὰς
1243 523 1554 594 προεδρίας,
1607 526 1702 578 καλ⁸
1750 526 1823 598 μὴ

246 598 657 666 μεταποιεῖσθαι
677 600 786 653 τῶν
811 603 1068 659 τοιούτων
1089 609 1284 680 τιμῶν,
1313 613 1390 684 τῷ
1416 615 1625 687 ἡσυχίῳ
1647 617 1805 682 δείξω

245 703 364 756 μεν,
394 689 610 759 Τρίτον,
636 693 873 764 ὁρῶντες
896 699 1044 768 ἡμᾶς
1064 695 1150 753 οἷα
1182 703 1464 776 πάσχομεν
1495 709 1600 761 ὑπό
1628 726 1688 762 τε
1718 710 1824 762 τῶν

241 777 442 842 ἔξωθεν
473 783 883 854 πολεμούντων,
929 793 1023 844 καὶ
1067 793 1176 847 τῶν
1208 795 1418 850 ἔνδοθεν
1449 800 1827 854 ἐπιϐουλευόν-

137 903 150 914 α
240 888 348 924 των
367 891 379 902 ·
410 873 620 947 ἐπειδὴ,
648 879 792 932 κατὰ
827 880 918 934 τὸν
949 884 1168 957 Δανιὴλ,
1217 887 1480 962 ἐξῆλθεν
1505 893 1727 962 ἀνομία
1752 896 1821 948 ἐκ

242 966 665 1036 πρεσϐυτέρων
715 971 785 1025 ἐκ
840 975 1235 1044 Βαϐυλῶνος,
1267 960 1341 1034 ὀἳ
1404 960 1664 1039 ἐδόκουν
1707 987 1831 1054 κρί-

238 1073 371 1110 νειν
389 1058 497 1112 τὸν
531 1061 799 1129 Ἰσραήλ·
827 1067 1163 1136 σχετλιάζειν
1190 1071 1288 1142 μὲν
1314 1075 1408 1127 καὶ
1431 1075 1828 1148 δυσχεραίνειν,

242 1149 335 1200 καὶ
353 1149 453 1202 οὐκ
468 1150 611 1221 ἔχειν
633 1154 783 1218 ὅπως
804 1159 1118 1232 ὲπαμύνητε
1142 1163 1254 1232 (71)
1273 1182 1537 1237 τυραννου
1546 1169 1712 1239 μένῳ,
1740 1170 1836 1240 μό-

241 1256 332 1293 νον
353 1241 413 1294 es
435 1242 555 1296 ἀντὶ
585 1246 804 1301 πάντων
823 1251 1096 1321 εἰσφέρειν
1119 1255 1209 1309 τὸν
1238 1256 1404 1313 ἔλεον.
1440 1259 1499 1313 '0
1529 1257 1622 1314 οὖν
1656 1257 1834 1325 οἶκτος

241 1332 308 1400 τῇ
349 1332 490 1386 αἰδοῖ
520 1338 849 1407 συγκραθεὶς
881 1343 1102 1416 φίλτρον
1130 1348 1366 1418 ἐγένετο.
1401 1351 1512 1406 Καὶ
1542 1352 1702 1407 τοῦτο
1728 1353 1828 1424 τῆς

242 1424 374 1494 περὶ
403 1426 505 1496 ἐμὲ
541 1429 708 1500 τιμῆς
743 1431 806 1484 τὺ
842 1436 1160 1507 μυστήριον.

1927 527 2157 582 artilicio
2179 526 2538 593 excogitatam
2570 533 2735 592 atque
2760 522 3105 586 accersitam,
3135 520 3230 575 sed
3254 519 3507 590 simplici-

1929 628 2013 674 ter
2043 633 2108 672 ac
2163 617 2519 687 spiritualiter
2579 614 2782 670 cultam
2845 622 2902 668 et
2961 613 3324 667 observatam.
3388 609 3506 663 Non

1927 711 2096 776 enim,
2131 718 2191 763 ut
2215 723 2544 778 quaerantur,
2590 705 2825 759 latebras
2856 704 3112 774 petimus,
3161 718 3261 758 nec
3284 710 3340 756 ut
3368 717 3508 771 prae-

1928 804 2173 858 stantiori
2202 803 2408 857 honore
2452 799 2599 870 digni
2630 813 3009 869 appareamus,
3055 796 3506 866 quemadmodum

1931 895 2022 965 qui
2051 895 2278 950 eximias
2301 893 2560 963 quasdam
2594 892 2796 946 formas
2830 890 3106 960 paululum
3140 897 3388 944 ostensas
3409 899 3510 941 sta-

1933 987 2029 1041 tim
2070 1001 2138 1041 ex
2169 985 2342 1041 oculis
2373 984 2717 1050 subducunt;
2751 983 2844 1038 sed
2888 991 2949 1038 ut
2992 997 3088 1052 per
3120 981 3358 1051 quietam
3394 989 3450 1035 et
3478 994 3509 1033 e

1934 1077 2113 1132 medio
2143 1078 2424 1132 reductam
2448 1077 2575 1131 vitae
2619 1075 2906 1140 rationem,
2935 1075 3059 1130 illud
3095 1075 3311 1143 planum
3342 1073 3509 1128 facia-

1936 1185 2074 1235 mus,
2105 1169 2267 1239 637
2293 1183 2387 1223 nos
2417 1184 2444 1222 a
2473 1169 2813 1238 praefecturis
2838 1167 3008 1222 sacris
3060 1165 3378 1228 abhorrere,
3410 1181 3510 1221 nec

1937 1260 2240 1328 huiusmodi
2277 1261 2511 1316 honores
2541 1259 2748 1314 ambire
2785 1267 2946 1327 atque
2988 1257 3266 1328 aucupari.
3300 1255 3508 1320 Tertio,

1935 1366 2082 1417 cum,
2111 1349 2307 1420 quibus
2335 1351 2514 1416 malis,
2545 1358 2656 1403 tum
2679 1348 2748 1403 ab
2771 1347 3008 1403 externis
3029 1355 3217 1417 aperto
3245 1361 3342 1400 nos
3369 1345 3510 1401 bello

1939 1441 2346 1508 lacessentibus,
2375 1449 2489 1496 tum
2519 1441 2587 1495 ab
2615 1439 2842 1496 internis
2873 1447 2927 1494 et
2953 1438 3263 1494 domesticis
3286 1437 3509 1493 insidias

243 1512 613 1577 molientibus.
668 1519 988 1588 aﬂiciamur,
1034 1527 1374 1598 exploratum
1443 1532 1690 1588 habeatis
1757 1531 2234 1604 (quandoquidem,
2287 1532 2440 1603 juxta
2485 1530 3019 1600 Danielem,egressa
3074 1538 3150 1584 est
3195 1529 3511 1600 iniquitasa

241 1606 538 1672 senioribus
569 1606 931 1680 Babylonicis,
961 1617 1051 1684 qui
1075 1615 1327 1674 Israelem
1353 1636 1528 1692 regere
1555 1621 2070 1692 existimabantur‘);
2111 1620 2313 1676 idcirco
2337 1619 2597 1690 conqueri
2647 1619 2863 1688 quidem
2922 1631 3084 1690 atque
3126 1620 3324 1675 animis
3387 1621 3511 1691 angi

242 1699 524 1770 videmini,
562 1719 681 1769 nec,
709 1721 943 1776 quonam
994 1709 1154 1764 modo
1177 1723 1333 1779 opem
1379 1711 1565 1783 iniqua
1616 1712 1667 1767 vi
1713 1726 1976 1781 oppresso
1997 1711 2205 1776 feratis,
2237 1711 2468 1776 habere;
2532 1724 2597 1765 ac
2653 1710 2902 1781 proinde,
2964 1712 3106 1783 quod
3167 1727 3333 1766 unum
3360 1713 3511 1778 licet,

223 1787 420 1846 'vicem
481 1803 725 1851 nostram
779 1797 1160 1869 fortunamque
1214 1800 1488 1857 miserari.
1550 1801 1828 1858 Miseratio
1863 1817 2026 1873 porro
2087 1801 2276 1874 pudori
2344 1801 2631 1875 conjuncta
2664 1816 2902 1858 amorem
2953 1801 3279 1872 procreavit.
3332 1798 3513 1870 Atque

243 1880 347 1937 bas
371 1883 588 1940 demum
612 1887 832 1944 honoris
855 1890 984 1944 mihi
1017 1891 1182 1947 habiti
1229 1907 1459 1950 arcanas
1485 1908 1678 1951 causas
1702 1910 1823 1951 esse
1859 1909 2078 1952 censeo.

317 1979 392 2032 Δ’.
441 1980 597 2033 Ἐπεὶ
636 1982 696 2035 δὲ
738 1983 787 2036 οἱ
826 1983 977 2052 λόγοι
1006 1985 1068 2038 τὸ
1099 1983 1526 2057 πολεμούμενον,
1551 1988 1644 2042 καὶ
1672 1989 1707 2059 ἡ
1739 2005 1829 2042 πε-

2007 1986 2100 2044 ιν.
2136 1987 2401 2057 Quoniam
2444 1996 2624 2044 autem
2666 2001 2774 2044 non
2821 1969 2987 2042 aliam
3010 1987 3079 2042 oh
3111 1999 3222 2041 rem
3253 1984 3394 2040 bello
3419 2001 3514 2055 pe-

245 2072 403 2144 ριττὴ
439 2074 533 2127 καὶ
555 2075 846 2144 ἐπίφθονος
878 2076 1014 2149 αὕτη
1047 2077 1284 2146 γλῶττα,
1319 2081 1386 2150 ἢν
1418 2081 1476 2134 ὲν
1497 2083 1610 2145 τοῖς
1634 2081 1832 2148 ἔξωθεν

244 2164 629 2220 παιδευθεῖσαν
659 2167 859 2237 λόγοις,
898 2171 1014 2233 τοῖς
1062 2169 1228 2233 θείοις
1263 2171 1830 2244 ὲξευγενίσαμενκἹΞ),

243 2257 345 2313 καὶ
359 2259 459 2330 τὴν
484 2259 689 2331 πικρὰν
711 2260 804 2313 καὶ
827 2260 1026 2315 ἄποτον
1054 2262 1281 2333 Μεῤῥὰν
1305 2261 1381 2333 τῷ
1401 2263 1500 2334 τῆς
1528 2263 1674 2334 ζωῆς
1694 2263 1834 2335 ξύλῳ

244 2351 756 2422 κατεγλυκάναμεν,
793 2353 1099 2407 πεπόνθατέ
1139 2371 1192 2407 τι
1242 2354 1412 2413 πάθος
1459 2355 1657 2420 ἱκανῶς
1682 2357 1834 2410 ἐλευ-

245 2438 428 2510 Θὲριον
454 2456 467 2469 ο
500 2439 660 2493 τοῦτο
683 2441 962 2510 στέργετε,
994 2441 1062 2494 δι’
1104 2443 1133 2496 ὃ
1178 2442 1582 2514 πολεμούμεθα.
1624 2446 1690 2498 Τί
1723 2446 1833 2519 γὰρ

244 2531 308 2582 οὐ
341 2529 438 2600 τὴν
463 2532 653 2601 κωφὴν
696 2530 808 2600 (75)
841 2532 1216 2604 ἡσπασόιμεθα
1248 2534 1567 2602 παίδευσιν;
1602 2535 1655 2588 τί
1687 2536 1741 2589 δὲ
1771 2538 1831 2590 οὐ

246 2623 346 2694 τὴν
389 2624 559 2694 ξηράν
587 2640 648 2677 τε
692 2625 785 2677 καὶ
835 2625 985 2678 κάτω
1037 2625 1369 2696 βαίνουσανς
1422 2627 1476 2679 τί
1521 2627 1609 2680 δαὶ
1658 2628 1834 2700 ταύτῃ

245 2713 539 2784 χαίροντας
599 2716 728 2780 τοὺς
773 2716 1004 2780 πολλοὺς
1066 2716 1305 2789 ὁρῶντες
1332 2759 1347 2784 ,
1402 2717 1832 2790 ἐφιλοσοφοῦμεν

247 2805 379 2872 ξένα
409 2808 504 2859 καὶ
525 2806 754 2876 ἔκφυλα,
790 2809 883 2862 καὶ
931 2809 1070 2880 πρὸς
1103 2807 1201 2872 τὰς
1242 2808 1552 2874 ἀντιθέτους
1581 2810 1834 2879 γλώσσας

249 2898 550 2969 ίστάμεθα;
573 2900 689 2954 δέον
703 2900 1002 2972 θρασύτητι
1023 2899 1246 2982 φεύγειν
1267 2903 1392 2965 τοὺς
1410 2901 1723 2974 λογισμοὺς,
1740 2904 1837 2958 καὶ

247 2991 434 3044 πίστιν
463 2993 748 3063 ὀνομάζειν
763 2993 862 3064 τὴν
879 2993 1120 3062 ἀλογίαν,
1139 2995 1206 3065 ἢν
1223 2994 1488 3062 ἠγάπησα
1533 2993 1598 3048 ἂν
1627 2995 1720 3047 καὶ
1737 2995 1836 3047 αὑ-

244 3081 360 3144 τὸς,
392 3077 452 3135 εὖ
479 3080 615 3149 ἴστε,
651 3082 834 3146 ἁλιεὺς
856 3082 932 3136 ὧν
961 3100 972 3113 ·
1002 3084 1190 3154 ἐπειδὴ
1219 3085 1376 3136 τοῦτο
1407 3083 1696 3156 πρόχειρον
1721 3087 1834 3149 τοῖς

1937 2079 2124 2144 timur,
2182 2093 2345 2148 quam
2389 2088 2611 2148 propter
2648 2077 3039 2148 eloquentiam,
3082 2087 3137 2132 et
3189 2093 3515 2146 supervaca-

1929 2186 2092 2227 neam
2136 2171 2278 2226 banc
2302 2180 2358 2226 et
2384 2169 2708 2226 invidiosam
2737 2170 2998 2242 linguam,
3034 2184 3219 2240 quam,
3250 2171 3302 2224 in
3330 2168 3516 2238 profa-

1937 2262 2026 2317 nis
2085 2261 2352 2317 doctrinis
2394 2261 2685 2329 eruditam,
2736 2261 2936 2317 divinis
2973 2269 3159 2331 postea
3205 2259 3515 2315 nobilitavi-

1935 2368 2074 2421 mus,
2124 2352 2434 2422 salsamque
2501 2353 2646 2408 illam
2700 2361 2755 2408 et
2803 2353 3198 2408 amarulentam
3243 2352 3444 2407 Maram
3466 2353 3509 2419 ',

1937 2448 2037 2515 per
2065 2445 2188 2500 vita:
2211 2445 2416 2516 lignum
2445 2444 2656 2500 dulcem
2691 2444 3050 2507 reddidimus,
3085 2443 3336 2500 aﬂ‘ectum
3381 2461 3515 2501 sane

1935 2536 2136 2591 animis
2191 2535 2444 2604 ingenuis
2485 2545 2540 2591 et
2582 2535 2902 2590 liberalibus
2950 2537 3172 2607 dignum
3220 2535 3509 2594 imluistis:

1935 2625 2042 2680 hoc
2065 2626 2286 2689 amatis,
2315 2627 2400 2694 {ob
2439 2626 2583 2695 quod
2631 2640 3028 2697 oppugnamur.
3072 2626 3182 2681 Cur
3218 2627 3360 2682 enim
3393 2643 3515 2681 mn-

1933 2726 2043 2772 tam
2090 2717 2450 2773 eruditionem
2502 2718 2737 2788 amplexi
2789 2735 2897 2775 non
2954 2719 3182 2774 sumus?
3259 2734 3356 2774 cur
3398 2737 3507 2775 non

1935 2810 2144 2864 aridam
2178 2821 2232 2865 et
2261 2810 2409 2864 humi
2455 2810 2798 2880 reptantem?
2842 2825 2962 2876 cur,
2993 2827 3114 2865 cum
3139 2825 3201 2868 ea
3231 2812 3516 2884 plerosque

1939 2902 2199 2959 delectari
2248 2903 2711 2974 conspiceremus,
2767 2903 2822 2958 in
2862 2903 3150 2974 peregrina
3177 2906 3420 2974 quaedam
3459 2917 3516 2960 et

1932 2997 2112 3052 aliena
2142 2997 2319 3052 studia
2344 2997 2712 3063 incubuimus,
2763 3008 2930 3067 atque
2962 2997 3290 3052 adversariis
3317 2997 3515 3068 linguis

1934 3089 2284 3145 obstitimus?
2323 3106 2445 3146 cum
2489 3100 2682 3147 contra
2732 3092 3036 3160 oportuerit
3072 3091 3513 3146 ratiocinationes

244 3173 466 3237 πολλοῖς
511 3173 592 3236 είς
625 3174 922 3243 ἀπολογίαν
951 3174 1052 3245 τῆς
1085 3174 1356 3245 ἀμαθίας’
1393 3177 1442 3228 εἰ
1484 3175 1642 3244 λόγον
1689 3172 1829 3246 εἶχον

1941 3182 2195 3236 audacter
2224 3182 2502 3251 defugere,
2553 3198 2618 3238 ac
2663 3191 2830 3238 mutae
2883 3183 3112 3238 inscitia:
3158 3183 3281 3238 fidei
3317 3197 3511 3238 nomen

243 3265 359 3318 τῶν
393 3265 635 3336 σημείων
682 3267 782 3337 τήν
832 3266 1080 3337 δύναμιν.
1125 3267 1212 3331 Ὠς
1246 3267 1502 3321 ἀπόλοιτο
1538 3266 1598 3332 ἐξ
1624 3267 1829 3338 ἀνθρὼ-

1941 3272 2240 3342 imponere,
2290 3289 2453 3344 quam
2484 3276 2597 3343 ipse
2639 3289 2878 3344 quoque,
2916 3275 3050 3329 mihi
3090 3275 3316 3340 credite,
3366 3289 3516 3329 com-

247 3377 369 3414 πων
400 3361 428 3412 ὁ
477 3360 688 3430 φθόνος,
729 3363 761 3432 ἡ
797 3361 1008 3431 δαπάνη
1041 3360 1150 3413 τῶν
1193 3360 1448 3430 ἐχόντων,
1493 3362 1522 3414 ὀ
1554 3361 1664 3414 τῶν
1722 3378 1829 3414 πα-

1941 3367 2131 3436 plexns
2157 3382 2360 3433 essem,
2390 3377 2448 3421 ut
2483 3369 2718 3438 piscator
2754 3367 3208 3438 (quandoquidem
3243 3369 3346 3422 hoc
3375 3367 3516 3421 mul-

247 3454 486 3525 σχόντων
514 3454 612 3517 ἰὸς,
640 3453 701 3506 τὸ
732 3453 892 3524 μόνον
922 3453 1030 3506 τῶν
1056 3453 1244 3507 παθῶν
1273 3452 1604 3507 ἀδικώτανόν
1627 3470 1688 3506 τε
1713 3452 1829 3524 ἅμα

1941 3457 2008 3512 tis
2050 3459 2118 3511 ad
2165 3457 2398 3512 inscitiae
2435 3459 2843 3514 excusationem
2897 3459 2951 3513 in
3005 3467 3256 3528 promptu
3293 3458 3437 3526 est);
3469 3457 3513 3512 si

245 3549 341 3602 καὶ
370 3548 706 3602 δικαιότατον
724 3564 739 3580 ο
767 3545 828 3599 τὸ
855 3547 973 3618 μὲν,
997 3547 1080 3599 ὅτι
1111 3548 1244 3600 πᾶσι
1262 3545 1461 3617 διοχλεῖ
1485 3549 1596 3609 τοῖς
1624 3546 1826 3610 καλοῖς·

1941 3547 2207 3602 sermonis
2240 3563 2303 3602 ac
2337 3549 2599 3603 doctrinae
2633 3548 2776 3614 loco,
2831 3548 3107 3617 signorum
3140 3556 3194 3601 et
3222 3546 3516 3602 miraculo-

245 3643 310 3696 τὺ
351 3642 408 3696 δὲ
435 3641 570 3714 (74),
629 3641 710 3694 ὅτι
767 3641 923 3701 τήκει
968 3641 1096 3703 τοὺς
1155 3638 1397 3709 ἔχοντας.
1452 3639 1526 3692 Οὐ
1562 3637 1671 3709 γὰρ
1712 3641 1828 3703 τοῖς

1944 3655 2064 3693 rum
2121 3641 2227 3692 vim
2282 3639 2611 3695 habuissem.
2682 3637 2896 3694 Utinam
2949 3652 3015 3693 ex
3066 3639 3345 3694 hominum
3408 3639 3517 3692 vita

247 3731 487 3805 πρώτως
537 3731 651 3804 (75)
702 3729 1053 3784 ὲπαινὲσασιν
1106 3729 1254 3799 ἡμᾶς
1305 3728 1716 3798 καταράσομαι’
1772 3729 1829 3780 οὐ

1941 3726 2192 3783 interiret
2217 3727 2378 3791 livor,
2415 3729 2531 3783 haec
2561 3728 2864 3783 invidorum
2898 3728 3067 3793 tabes,
3101 3729 3204 3784 hoc
3248 3743 3517 3783 venenum

245 3826 360 3897 γὰρ
387 3825 608 3896 ᾔδεισαν
636 3822 745 3876 τῶν
793 3823 1035 3875 ἐπαίνων
1089 3819 1149 3873 τὸ
1192 3819 1345 3883 τέλος
1366 3837 1380 3850 ’
1413 3819 1488 3882 ὡς
1516 3819 1659 3890 τάχα
1685 3818 1752 3873 ἄν
1781 3836 1829 3872 τι

1941 3831 2148 3883 eorum,
2202 3817 2292 3887 qui
2327 3831 2394 3873 eo
2419 3816 2694 3882 laborant,
2728 3817 2876 3872 solus
2915 3831 2981 3872 ex
3019 3817 3273 3873 omnibus
3314 3817 3518 3872 allecti-

247 3916 346 3969 καὶ
374 3913 644 3984 λοιδορίας
704 3911 1073 3984 προσέθηκαν,
1107 3910 1196 3963 ἵνα
1217 3909 1310 3963 τὸν
1342 3908 1539 3978 φθόνον
1596 3908 1829 3980 ἐπίσχω-

1941 3907 2037 3962 bus
2084 3907 2458 3976 iniquissimus
2499 3907 2661 3964 simul
2689 3919 2744 3962 et
2776 3909 3168 3978 aequissimus:
3208 3910 3359 3975 illud,
3390 3910 3518 3978 quia

247 4022 356 4058 σιν.
1934 3997 2094 4054 bunis
2120 3999 2377 4055 omnibus
2407 4000 2636 4056 infestus
2669 4010 2784 4065 est;
2823 4003 2944 4066 hoc,
2975 4004 3102 4070 quia
3135 4015 3250 4067 eos,
3296 4002 3384 4070 qui
3416 4001 3520 4054 hoc

245 4102 383 4156 vitio
430 4099 699 4164 laborant,
729 4096 967 4153 coniicit.
999 4093 1114 4150 Non
1143 4094 1289 4150 enim
1324 4095 1411 4160 iis,
1451 4093 1542 4164 qui
1571 4107 1669 4148 nos
1694 4091 1944 4149 laudibus
1969 4096 2127 4164 primi
2192 4096 2522 4164 extulerunt,
2591 4097 2718 4152 mali
2782 4095 3076 4165 quidquam
3140 4093 3508 4162 imprecabor.

246 4181 436 4268 Neque
472 4195 640 4259 enim,
667 4194 791 4266 quis
853 4192 1071 4248 laudum
1113 4189 1238 4244 linis
1278 4188 1492 4245 futurus
1555 4200 1720 4252 esset,
1758 4201 2097 4258 perspectum
2149 4192 2444 4248 habebant.
2522 4191 2657 4246 Nam
2731 4189 2933 4260 alioqui
2987 4186 3238 4244 nonnihil
3297 4200 3518 4258 quoque

250 4290 646 4346 maledicentiae
689 4287 1101 4354 adjunxissent,
1156 4291 1216 4338 ut
1267 4284 1526 4338 invidiam
1566 4284 1951 4351 reprimereut.

320 4383 394 4437 ΕΩ
435 4377 624 4446 Οὗτος,
657 4383 750 4435 καὶ
797 4381 886 4435 τὸν
924 4382 1232 4454 Ἑωσφόρον
1259 4381 1529 4443 ὲσκότισε,
1586 4396 1828 4432 καταπε-

245 4477 412 4530 σόντα
444 4475 512 4528 δι’
542 4475 775 4545 ἔπαρσιν
801 4491 814 4504 °
847 4475 906 4526 οὐ
943 4475 1052 4545 γὰρ
1079 4475 1301 4545 ἤνεγκε,
1323 4473 1464 4536 θεῖος
1503 4471 1598 4536 ὢν,
1632 4471 1704 4542 μὴ
1736 4473 1832 4525 καὶ

243 4567 369 4631 θεὸς
405 4567 760 4637 νομισθῆναι·
807 4565 899 4620 καὶ
917 4567 1030 4627 ,τὸν
1064 4565 1234 4636 Ἀδὰμ
1275 4563 1498 4629 ἐξέϐαλε
1526 4562 1622 4616 τοῦ
1653 4579 1833 4633 παρα-

240 4659 448 4723 δείσου,
487 4657 554 4711 δι’
598 4659 791 4729 ἡδονῆς
835 4657 1038 4727 κλέψας
1090 4656 1186 4710 καὶ
1233 4656 1513 4725 γυναικός.
1569 4655 1826 4728 Ἐπείσθη

241 4753 377 4825 γὰρ.
418 4753 494 4817 ὡς
543 4752 663 4819 θεὸς
701 4750 839 4807 εἷναι
886 4752 1259 4823 βασκαίνεται,
1293 4752 1386 4806 τοῦ
1429 4753 1528 4824 τῆς
1579 4752 1832 4820 γνώσεως

244 4845 407 4910 ξύλου
456 4844 594 4911 τέως
643 4847 978 4918 εἰργόμενος.
1025 4839 1193 4910 Οὗτος
1235 4846 1328 4900 καὶ
1367 4847 1457 4899 τὸν
1500 4845 1640 4899 Κάῖν
1673 4845 1830 4900 ἀδελ-

319 4939 336 4971 ¹
372 4942 503 4995 Dan.
537 4956 654 4997 xm.
683 4941 738 4993 5.
815 4943 835 4974 ’
861 4941 1028 4995 Exod.
1054 4957 1146 5006 xv,
1164 4938 1254 4994 2'5.

333 5035 447 5101 (70)
496 5037 647 5089 Ἀλλ’
669 5036 790 5090 ἵνα.
829 5034 918 5090 Sic
940 5036 1095 5092 codd.
1120 5037 1280 5090 Deest
1311 5033 1448 5088 ἀλλά
1481 5032 1532 5087 in
1563 5033 1650 5089 ed.

318 5106 434 5170 (7|)
486 5106 880 5174 Ἐπαμύνητε.
905 5105 1069 5160 Coisl.
1104 5106 1153 5170 l,
1179 5105 1546 5175 ἐπαμύνηται.

320 5175 433 5244 (79.)
489 5171 1005 5246 Ἐξεύγενίσαμεν.
1034 5175 1168 5230 Tres
1197 5171 1348 5229 (ΞΟΠ).
1380 5171 1434 5229 et
1453 5173 1643 5229 Comb.
1675 5171 1833 5244 ἐξηυ-

242 5247 436 5318 γενῖσα
445 5263 564 5318 eiv-

319 5313 808 5401 (73)3Tl._7~'d£_pb
855 5314 972 5401 τὴν
1006 5315 1246 5401 μωφήν,
1286 5323 1458 5401 ,ειμι
1504 5313 1833 5401 Qbscnrissi-

244 5383 360 5448 ma,
415 5383 834 5454 inquit’Billius.
885 5395 968 5440 est
1006 5383 1119 5441 haec
1186 5385 1458 5447 periodus.
1508 5383 1677 5453 Hujus
1742 5392 1826 5454 ta-

244 5472 374 5511 men
401 5453 641 5518 sensum,
667 5455 767 5510 nisi
795 5471 891 5510 nos
917 5457 1100 5522 opinio
1130 5455 1286 5518 fallit,
1311 5455 1694 5519 expressimus.
1729 5453 1832 5507 Ob-

245 5528 354 5582 iter
388 5527 479 5580 hic
515 5541 610 5580 eos
648 5534 796 5579 notat
828 5525 1138 5594 Gregorius,
1174 5527 1288 5596 qui,
1324 5525 1408 5578 vel
1444 5523 1670 5596 inscitiae
1715 5537 1826 5596 sua:

244 5596 604 5662 conscientia,
637 5597 720 5650 vel
753 5593 966 5650 invidiae
1005 5609 1170 5660 metu,
1193 5593 1285 5649 'ab
1324 5594 1470 5648 omni
1507 5593 1826 5661 disputatio-

246 5681 401 5736 num,
432 5668 779 5722 contentione
834 5665 1191 5736 refugiebant,
1242 5679 1304 5718 ac
1331 5663 1486 5736 lupos
1517 5663 1733 5730 impune
1772 5662 1824 5714 in

245 5734 465 5792 Domini
497 5753 714 5805 gregem
756 5734 1010 5807 impetum
1055 5737 1234 5792 facere
1264 5734 1624 5806 patiebantur,
1666 5739 1826 5802 atque

2012 4382 2078 4438 V.
2133 4383 2299 4451 Haec,
2354 4394 2409 4440 et
2443 4383 2750 4439 Luciferum
2809 4382 3150 4446 obscuravit,
3201 4379 3272 4434 ob
3323 4379 3520 4434 mentis

1941 4478 2231 4533 elationem
2261 4479 2612 4550 prolapsum;
2667 4476 2944 4544 indignum
2989 4476 3133 4529 enim
3177 4485 3340 4543 atque
3380 4473 3520 4527 into-

1941 4571 2222 4625 lerandum
2275 4572 2526 4634 ducebat,
2583 4584 2666 4634 se,
2726 4583 2848 4624 cum
2915 4567 3130 4620 divinus
3185 4572 3349 4630 esset,
3406 4579 3515 4618 non

1943 4661 2103 4715 deum
2157 4677 2372 4731 quoque
2426 4659 2761 4725 existimari;
2815 4659 3077 4713 Adamnm
3140 4669 3376 4724 quoque,
3423 4670 3519 4722 per

1941 4753 2269 4821 voluptatem
2303 4761 2358 4806 et
2381 4753 2668 4806 mulierem
2704 4751 3157 4811 circumventum,
3203 4763 3232 4803 e
3260 4747 3514 4816 paradiso

1939 4846 2163 4916 expulit.
2200 4845 2367 4916 638
2409 4845 2687 4900 Adductus
2725 4852 2810 4899 est
2852 4844 3018 4909 enim,
3048 4852 3106 4896 ut
3129 4841 3382 4894 deitatem
3411 4840 3516 4898 sibi

1937 5029 2098 5086 etiam
2141 5028 2506 5096 turpissimam
2534 5041 2685 5079 suam
2721 5023 2990 5096 ignaviam
3041 5021 3421 5096 honestissimo
3451 5023 3517 5096 ίίτ

1938 5101 2022 5155 dei
2079 5091 2400 5169 pietatisque
2449 5098 2667 5169 nontine
2708 5091 3097 5169 obvelabant...
3134 5092 3284 5156 Quod
3318 5091 3386 5169 _si
3430 5095 3515 5144 cui

1936 5162 2134 5224 mirum
2173 5162 2433 5230 videatur,
2493 5167 2655 5233 quod,
2717 5165 2962 5232 ἀλογίαν,
2995 5178 3100 5216 ιιοη
3147 5162 3513 5233 temeritatem,

1941 5240 2036 5295 sed
2106 5239 2368 5292 inscitiam
2447 5231 2739 5299 verterim,
2807 5231 2988 5288 mirari
3061 5231 3306 5300 profecto
3375 5233 3518 5284 desi-

1941 5319 2056 5366 net.
2090 5310 2136 5364 si
2159 5308 2297 5363 sciat
2326 5306 2644 5374 Gregorium
2681 5306 2800 5359 aliis
2823 5317 3038 5372 quoque
3078 5301 3348 5374 nonnullis
3383 5304 3517 5354 locis

1931 5382 2119 5434 eadem
2156 5372 2713 5446 signiticationeibanc
2747 5372 3234 5446 vocerrt_e.xtulisse.
3274 5390 3293 5446 ι

2005 5450 2116 5520 (74)
2156 5442 2230 5502 Τό
2279 5446 2367 5510 δέ,
2405 5457 2511 5520 εις.
2539 5444 2744 5520 _Billius
2791 5462 2806 5501 :
2851 5462 2870 5494 ι
2921 5443 3058 5508 lloc,
3101 5442 3229 5511 quia
3269 5442 3518 5496 dominos

1933 5515 2061 5576 sues
2093 5515 2247 5574 exest
2269 5528 2322 5571 et
2357 5515 2596 5571 conficit.
2630 5535 2648 5568 ι

2004 5589 2118 5657 (75)
2155 5586 2420 5661 Hptbtwc.
2455 5586 2604 5661 Unus
2637 5581 3077 5661 Regna-cptinmg.
3110 5580 3239 5636 Haec
3259 5580 3323 5634 de
3345 5594 3515 5661 unoe

1933 5653 2288 5729 presbyteris,
2325 5659 2414 5726 qui
2465 5657 2532 5710 ab
2573 5657 2687 5726 ipso
2718 5653 3048 5721 defecerant,
3089 5662 3316 5723 possunt
3356 5653 3517 5706 intel-

1932 5729 2044 5800 ligi.
