3910 6214
430 294 526 350 ΩΉ

1621 284 1681 342 S.
1720 285 2047 344 GREGORII
2085 287 2436 347 TIIEOLOGI

3569 295 3678 352 279.

441 404 670 462 invideri
722 404 989 468 crederet,
1044 401 1170 456 dum
1207 414 1237 456 a
1273 400 1510 456 scientia:
1550 399 1694 471 ligno
1736 400 1995 455 hactenus

2102 404 2355 471 φοκτόνον
2384 404 2641 474 ἐποίησεν
2680 403 2813 473 (76),
2845 404 2945 458 οὐκ
2981 403 3276 474 ἐνεγκόντα
3305 405 3498 460 θυσίαν
3521 408 3678 463 ὁσιω-

432 506 729 554 arceretur.
779 495 925 561 Haec,
963 504 1020 551 et
1053 495 1187 550 Cain
1223 494 1289 548 ad
1343 493 1678 549 inferendam
1723 494 1876 548 fratri
1912 508 2002 550 ne-

431 605 549 645 cem
598 588 834 659 impulit,
861 587 1002 657 quod
1030 586 1223 657 purius
1255 586 1609 653 sanctiusque
1634 586 1752 655 ejus
1784 579 1994 640 sacrifi-

432 685 577 738 cium
647 695 801 749 aequo
858 681 1038 734 animo
1088 678 1231 734 ferre
1277 694 1382 733 non
1432 678 1710 748 potuisset.
1753 676 1901 741 Haec,
1945 687 2003 733 et

434 773 689 830 mundum
728 770 1004 826 immunde
1033 779 1196 840 atque
1228 770 1586 838 incomposite
1636 784 1695 824 se
1722 778 1999 838 gerentem

431 866 587 934 aquis
638 864 789 928 texit,
839 873 894 917 et
935 863 1238 917 Sodomitas
1309 863 1431 930 igne
1486 861 1686 915 obruit.
1747 859 1892 923 Ηεεο,
1946 871 2004 917 et

435 959 661 1019 Dathan,
694 966 748 1011 et
773 956 995 1016 Abiron,
1034 956 1294 1009 adversus
1330 953 1549 1025 Moysen
1588 953 1775 1007 furore
1803 953 1997 1016 elatos,

432 1047 486 1102 in
524 1057 720 1100 terram
771 1043 1000 1110 defodit,
1051 1054 1105 1098 et
1150 1044 1398 1109 Mariam,
1428 1057 1548 1112 quae
1594 1046 1851 1097 adversus
1887 1043 2000 1097 fra-

434 1146 571 1191 trem
625 1135 997 1190 tantummodo
1045 1142 1487 1188 murmuraverat
1519 1173 1535 1198 ,
1590 1132 1738 1201 lepra
1793 1131 2000 1187 infecit.

434 1227 584 1293 llaec,
618 1238 672 1282 et
705 1227 1086 1296 prophetarum
1127 1241 1321 1281 cruore
1364 1236 1562 1279 terram
1592 1226 1998 1295 contaminavit,

431 1328 487 1374 et
539 1313 997 1388 sapientissimum
1041 1318 1190 1372 illum
1241 1316 1591 1372 Salomonem
1621 1332 1717 1386 per
1750 1318 2002 1373 mulieres

432 1409 680 1478 perculit.
714 1407 856 1473 Haec,
913 1417 970 1463 et
995 1408 1143 1462 illum
1172 1407 1361 1475 laqueo
1388 1407 1603 1477 dignum
1637 1405 1851 1471 ludam,
1885 1409 2003 1461 exi-

435 1516 539 1571 gua
577 1499 801 1568 pecunia
852 1499 1110 1563 illectum,
1146 1498 1473 1565 proditorem
1504 1497 1769 1563 exhibuit,
1804 1506 1859 1552 et
1884 1496 2005 1551 Hc—

434 1588 620 1643 rodem
664 1603 948 1656 puerorum
982 1585 1407 1650 interfectorem,
1432 1594 1488 1639 et
1516 1584 1743 1639 Pilatum
1772 1584 2003 1640 Christi-

432 1682 605 1735 cidam
634 1680 826 1734 effecit.
883 1679 1030 1745 Haec,
1073 1688 1128 1732 et
1174 1678 1427 1733 lsraelem
1475 1676 1773 1741 ventilavit,
1823 1691 1888 1731 ac
1922 1677 2005 1731 di-

2100 494 2286 567 τέραν.
2317 488 2486 559 οὗτος
2521 495 2615 549 καὶ
2649 495 2800 549 ὕδατι
2830 497 3034 567 κόσμον
3064 497 3333 567 ἐκάλυψεν
3367 498 3649 569 ἁκοσμοῦν

2099 601 2189 648 τα,
2223 586 2317 640 καὶ
2350 585 2641 656 Σοδομίτας
2670 586 2804 657 πυρὶ
2841 586 3178 640 κατέκλυσεν
3215 586 3349 658 (77).
3380 580 3551 651 Οὗτος
3579 588 3678 643 καὶ
3707 586 3713 594 ’

2100 676 2277 733 Δαθὰν
2308 679 2403 731 καὶ
2447 676 2708 750 Ἀὀειρὼν
2730 678 3008 750 κατέχωσε
3038 678 3179 733 κατὰ
3204 679 3445 742 Μωσέως
3479 681 3679 752 μανέν-

2100 786 2220 833 τας,
2261 769 2356 822 καὶ
2383 768 2610 840 Μαριὰμ
2642 771 2917 841 ὲλέπρωσε
2948 769 3090 824 κατὰ
3119 769 3214 825 τοῦ
3247 770 3478 839 ἀδελφοῦ
3517 772 3678 841 μόνον

2102 860 2469 930 γογγύσασαν.
2524 859 2692 926 Οὗτος
2733 863 2828 915 καὶ
2858 863 3156 934 προφητῶν
3194 863 3390 934 αἵμασι
3430 864 3527 934 τὴν
3571 864 3680 935 γῆν

2101 951 2314 1019 ἐμίανε,
2348 952 2443 1005 καὶ
2466 950 2791 1022 Σολομῶντα
2815 952 3029 1020 γυναιξὶ
3064 952 3348 1005 κατέσεισε
3376 953 3467 1006 τὸν
3500 952 3679 1022 σοφώ-

2100 1058 2278 1094 τατον.
2306 1034 2475 1105 Οὗτος
2503 1042 2599 1095 καὶ
2643 1042 2843 1095 Ἰούδαν
2870 1042 3135 1115 προδότην
3167 1041 3459 1107 ἀνέδειξεν.
3506 1044 3682 1117 ἀργυ-

2107 1133 2205 1203 ρίῳ
2236 1131 2416 1203 μικρῷ
2444 1131 2740 1198 κλαπέντα,
2770 1133 2857 1185 τὸν
2891 1133 3121 1205 ἀγχόνης
3165 1132 3313 1198 ἄξιον
3333 1151 3347 1164 ο
3376 1134 3469 1186 καὶ
3504 1134 3682 1206 Ἡρώ-

2101 1217 2197 1286 δην
2226 1217 2565 1286 παιδοφόνον,
2587 1220 2683 1272 καὶ
2704 1221 3094 1274 Χοιστοκτόνον
3124 1222 3353 1276 Πιλᾶτον
3383 1223 3678 1294 ἐδημιούρο

2101 1326 2288 1379 γησεν.
2320 1306 2487 1373 Οὗτος
2511 1313 2606 1364 καὶ
2636 1315 2729 1364 τὸν
2767 1312 2983 1383 Ἰσραὴλ
3014 1314 3281 1383 ὲλίκμησε
3310 1315 3405 1368 καὶ
3432 1315 3680 1369 διέσπει-

2105 1419 2220 1475 ρεν,
2261 1404 2319 1469 ἐξ
2360 1400 2428 1475 ἧς
2475 1402 2629 1457 οὔπω
2674 1403 2769 1456 καὶ
2827 1404 2922 1457 νῦν
2974 1404 3326 1459 ἀνανεύουσιν
3379 1407 3676 1479 ἁμαρτίας.

2103 1490 2273 1557 Οὗτος
2325 1496 2418 1548 καὶ
2459 1496 2550 1548 τὸν
2593 1497 2904 1567 ἀποστάτην
2933 1499 3063 1569 ἡμῖν
3097 1500 3435 1571 ὲπανέστησε
3476 1500 3679 1572 τύραν-

2104 1601 2214 1645 νον,
2243 1579 2303 1640 οὗ
2351 1586 2448 1640 καὶ
2499 1585 2595 1639 νῦν
2625 1587 2707 1640 ἔτι
2754 1587 3169 1658 παραλυποῦσιν
3202 1592 3251 1642 οἱ
3303 1590 3594 1661 ἄνθρακες,
3629 1590 3681 1641 εί

2104 1676 2200 1729 καὶ
2225 1675 2322 1748 τὴν
2379 1677 2553 1747 φλόγα
2598 1679 3058 1750 διαπεφεύγαμεν.
3099 1674 3266 1745 Οὗτος
3304 1682 3400 1734 καὶ
3430 1682 3491 1735 τὸ
3515 1680 3682 1735 καλὸν

432 1772 649 1840 spersit,
681 1786 748 1824 ne
772 1786 913 1824 nunc
942 1771 1157 1839 quidem
1198 1771 1376 1823 adhuc
1401 1783 1433 1822 e
1456 1777 1679 1836 peccato
1703 1782 1802 1822 suo
1828 1782 1998 1822 emer-

2105 1763 2264 1835 σῶμα
2288 1766 2387 1837 τῆς
2422 1767 2746 1838 Ἐκκλησίας
2772 1770 3093 1842 κατέτεμεν,
3137 1772 3215 1836 εἰς
3257 1771 3550 1841 διαφόρους
3583 1773 3699 1826 καὶ⁴

432 1871 669 1931 gentem.
693 1858 843 1926 llaec,
871 1871 925 1913 et
957 1870 1257 1928 apostatam
1308 1868 1597 1928 tyrannum
1624 1859 1678 1912 in
1713 1873 1812 1914 nos
1859 1858 2006 1913 exci-

435 1952 588 2015 tavit,
641 1949 795 2015 cujus
839 1950 1102 2004 carbones
1162 1948 1338 2002 adhnc
1388 1947 1690 2002 molestiam
1742 1946 2004 2012 inferunt,

435 2044 559 2099 licet
608 2042 880 2096 ﬂammam
922 2043 1092 2111 ipsam
1127 2040 1497 2110 effugerimus.
1532 2041 1677 2105 Hzec,
1705 2048 1760 2094 et
1789 2039 2007 2109 prarcla-

433 2150 552 2189 rum
595 2135 849 2189 Ecclesiae
899 2149 1097 2203 corpus
1151 2134 1394 2200 discidit,
1436 2135 1490 2187 in
1526 2135 1737 2187 diversa
1782 2142 1840 2187 et
1878 2147 2008 2187 con-

434 2226 597 2280 traria
643 2226 815 2280 studia
859 2226 1169 2280 dissectum.
1215 2225 1361 2292 Haec,
1400 2234 1456 2279 et
1501 2222 1788 2279 Jeroboam
1851 2223 2001 2277 illum

433 2318 636 2384 peccati
666 2330 878 2370 servum
923 2316 975 2368 in
1021 2331 1121 2370 nos
1167 2316 1481 2382 concitavit,
1509 2324 1564 2370 et
1597 2315 1789 2385 linqu
1818 2314 2004 2369 vincu-

432 2405 543 2458 lum
606 2406 855 2475 impoait.
910 2405 1279 2473 Disrumpitur
1339 2405 1483 2460 enim
1539 2404 2002 2474 splendescentem

431 2495 746 2552 Trinitatem
769 2512 1015 2562 cernens,
1046 2512 1109 2551 ac
1151 2507 1257 2552 tota
1311 2498 1591 2552 divinitate
1626 2496 1999 2559 collucenteau,

429 2601 649 2654 eosque,
699 2604 730 2643 a
771 2589 966 2656 quibus
997 2588 1212 2642 sincere
1244 2589 1570 2655 praedicatur
1618 2587 1771 2641 vobis
1806 2587 1999 2641 charos

2102 1857 2426 1922 ἀντιπάλους
2486 1860 2723 1924 σπουδὰς
2770 1863 3020 1934 μερίσας.
3061 1858 3230 1928 Οὗτος
3278 1866 3373 1918 καὶ
3404 1866 3536 1936 ἡμῖν
3588 1865 3682 1919 τὸν

2114 1948 2392 2020 Ἱεροὸοὰμ
2421 1950 2528 2021 (78)
2562 1952 2896 2024 ὲπανέστησε
2916 1954 3009 2009 τὸν
3034 1956 3219 2010 δοῦλον
3243 1957 3345 2027 τῆς
3373 1956 3678 2028 ἁμαρτίας.

2104 2040 2199 2093 καὶ
2229 2043 2294 2112 τῇ
2325 2039 2545 2113 γλώσσῃ
2572 2042 2771 2114 δεσμὸν
2800 2046 3110 2117 ἐπιτίθησιν
3134 2064 3149 2078 ο
3184 2047 3246 2100 οὐ
3274 2048 3384 2119 γὰρ
3406 2048 3562 2120 φέρει
3578 2048 3682 2118 τὴν

2104 2131 2310 2201 Τριάδα
2367 2132 2848 2207 λαμπρυνομένην.
2888 2138 2984 2190 καὶ
3038 2137 3133 2210 ὅλῃ
3181 2138 3397 2211 θεότητι
3429 2139 3680 2210 λάμπου-

2106 2237 2222 2285 σαν,
2265 2224 2358 2277 καὶ
2409 2226 2624 2296 τιμίους
2668 2226 2929 2282 ποιοῦσαν
2961 2229 3090 2301 ὑμῖν
3117 2230 3231 2301 (79)
3262 2231 3391 2296 τοὺς
3423 2232 3684 2302 γνησίους

2099 2314 2297 2386 ἑαυτῆς
2321 2317 2583 2387 κήρυκας.
2624 2313 2772 2390 Ἀρα
2813 2318 3075 2393 φλυαρεῖν
3108 2322 3236 2393 ὑμῖν
3280 2322 3563 2395 δοκοῦμεν,
3587 2323 3684 2378 οὔ·

2098 2423 2207 2469 τως
2237 2407 2583 2474 εἰκάζοντεςς
2610 2410 2644 2482 ἢ
2678 2412 2773 2464 καὶ
2797 2410 2917 2465 λίαν
2950 2412 3127 2484 ὀρθῶς
3152 2413 3248 2468 τοῦ
3280 2415 3447 2470 πόθου
3469 2414 3569 2479 τὰς
3590 2417 3681 2469 al-

2096 2497 2217 2562 τίας
2241 2501 2270 2552 ό
2309 2503 2555 2571 γραφεὺς
2583 2502 2742 2571 λόγος
2777 2504 3276 2578 ἀνεζωγράφησεν;
3313 2509 3450 2580 Περὶ
3484 2508 3583 2579 μὲν
3610 2507 3681 2579 δὴ

2096 2589 2301 2643 τούτων
2334 2590 2479 2646 οὕτω
2500 2593 2775 2661 γινώσκω.

430 2679 760 2735 reddentem.
831 2676 1023 2732 Utrum
1086 2678 1303 2731 tandem
1366 2677 1522 2732 vobis
1574 2676 1762 2744 nugari
1821 2685 1985 2744 atque
2025 2675 2254 2745 ineptire
2320 2680 2587 2750 videmur,
2630 2682 2704 2737 ita
2746 2684 3163 2752 coniectantes?
3208 2688 3293 2743 An
3362 2704 3492 2744 vero
3553 2704 3680 2756 pcr-

429 2789 590 2844 quam
620 2771 833 2842 egregie
857 2769 1020 2826 vestri
1061 2783 1187 2841 erga
1224 2784 1310 2823 me
1346 2769 1547 2824 amoris
1615 2782 1807 2824 causas
1863 2767 2125 2824 orationis
2181 2772 2430 2840 penicillo
2490 2776 2890 2846 expressimus?
2926 2777 3006 2832 Ac
3045 2780 3114 2834 de
3149 2780 3234 2834 bis
3267 2779 3483 2849 quidem
3517 2782 3684 2836 rebus

431 2871 502 2924 ita
524 2868 730 2938 judico.

503 2959 588 3013 Vl.
632 2957 895 3024 Quoniam
934 2964 1114 3010 autem
1153 2953 1441 3008 nonnullos
1489 2953 1843 3010 contmnelias
1870 2969 1998 3023 quo-

2176 2948 2270 3016 ς’.
2318 2947 2470 3002 Ἐπεὶ
2497 2949 2554 3002 δὲ
2585 2951 2681 3004 καὶ
2708 2954 2827 3016 ταῖς
2849 2952 3070 3024 ὕϐρεσιν
3093 2954 3204 3026 ὁρῶ
3220 2972 3371 3021 τινας
3392 2957 3682 3031 δυσχεραί-

428 3065 534 3120 que
564 3049 721 3103 nobis
752 3048 961 3101 inustas
991 3044 1220 3098 molesto
1252 3043 1430 3097 animo
1458 3042 1621 3108 ferre,
1660 3054 1820 3113 atque
1849 3046 1998 3114 igno-

431 3139 656 3193 miniam
682 3146 949 3201 nostram,
981 3132 1346 3188 calamitatem
1378 3148 1530 3187 suam
1556 3134 1753 3189 ducere
1787 3135 2000 3204 conspi-

427 3231 537 3297 cio,
569 3242 689 3298 age,
721 3228 789 3283 de
816 3241 882 3279 eo
912 3240 1128 3297 quoque
1175 3226 1364 3293 paucis
1401 3225 1748 3281 disseramus.
1787 3226 1998 3281 Etenim

429 3321 478 3376 si
512 3321 806 3374 humanum
859 3316 1062 3385 aliquid
1115 3315 1490 3386 ahjectumque
1528 3317 1800 3387 cogitans,
1838 3325 2001 3385 atque

429 3412 573 3467 hanc
627 3410 942 3489 cathedram
995 3405 1279 3472 affectans,
1313 3420 1407 3461 aut
1455 3409 1559 3463 huc
1610 3408 1997 3477 primumcum

431 3510 710 3557 senectute
751 3502 853 3554 hac
894 3515 1049 3564 cana,
1079 3509 1135 3553 et
1168 3499 1250 3553 his
1279 3500 1555 3565 membris,
1601 3509 1713 3554 tum
1740 3501 1863 3555 vita:
1890 3500 2003 3553 diu-

432 3591 708 3656 turnitate,
740 3592 851 3643 tum
902 3589 1090 3643 morbo
1141 3591 1341 3661 rugatis
1379 3600 1537 3659 atque
1581 3592 1873 3645 contractis
1911 3606 2002 3644 vc-

429 3684 655 3745 nissem,
704 3690 798 3735 aut
841 3696 984 3735 nunc
1036 3682 1133 3734 has
1161 3682 1486 3751 ignominias
1514 3681 1734 3743 ferrem,
1760 3681 2000 3750 profecto

428 3771 624 3825 caelum
672 3779 727 3823 et
775 3778 972 3822 terram
1007 3768 1147 3839 (quae
1190 3760 1462 3825 veteribus
1507 3772 1749 3826 attestari
1775 3770 1796 3801 ³
1828 3772 1993 3825 moris

427 3868 566 3932 erat)
624 3861 999 3916 erubescet-em
1030 3874 1046 3913 :
1077 3863 1451 3916 erubescerent
1494 3862 1656 3916 etiam
1703 3861 1845 3916 hanc
1906 3878 2001 3915 ca-

431 3955 692 4015 thedram,
726 3961 781 4005 et
804 3965 1016 4005 sacrum
1046 3949 1149 4004 hoc
1173 3950 1484 4018 concilium,
1507 3960 1562 4005 et
1586 3963 1834 4007 sanctam
1860 3953 2002 4007 hanc

430 4058 728 4113 recensque
766 4050 1194 4111 coagmentatam
1255 4041 1498 4112 plebem,
1546 4044 1803 4098 adversus
1838 4058 1999 4112 quam

429 4146 506 4190 tot
544 4136 930 4190 sceleratorum
980 4134 1256 4188 hominum
1317 4137 1485 4201 copiae
1520 4137 1690 4189 aciem
1729 4137 2001 4190 insnruxe-

428 4236 573 4292 runt,
602 4225 769 4297 639
794 4234 871 4289 ut,
919 4227 1231 4294 priusquam
1277 4225 1563 4294 conjuncta
1604 4227 1693 4289 sit,
1730 4227 1993 4281 dissolva-

2100 3056 2311 3104 νοντας,
2324 3040 2419 3092 καλ⁵
2431 3040 2715 3112 συμφορὰν
2731 3041 2939 3095 ἑαυτῶν
2958 3043 3327 3114 ποιουμένους,
3344 3045 3441 3116 τὴν
3455 3048 3683 3117 ἀτιμίαν

2099 3130 2197 3202 τὴν
2214 3131 2489 3202 ἡμετέραν
2510 3131 2647 3204 (80),
2676 3132 2829 3204 φέρε,
2858 3134 2952 3188 καὶ
2982 3135 3110 3206 περὶ
3125 3137 3327 3206 ταύτης
3351 3136 3558 3208 βραχέα
3586 3157 3681 3207 φι-

2100 3221 2510 3294 λοσοφήσωμεν.
2550 3222 2692 3293 Ἐγὼ
2718 3224 2849 3296 γὰρ,
2884 3226 2934 3277 εί
2985 3225 3086 3294 μὲν
3131 3225 3473 3298 ἀνθρώπινόν
3504 3246 3558 3281 τι
3585 3231 3682 3284 καὶ

2105 3313 2298 3385 μικρὸν
2347 3314 2561 3381 ἐννοῶν,
2597 3315 2630 3387 ἢ
2679 3315 2778 3385 τῆς
2810 3315 3078 3387 καθέδρας
3105 3317 3309 3388 ταύτης
3351 3320 3679 3391 μεταποιού-

2103 3423 2283 3477 μενος,
2338 3405 2372 3477 ἥ
2418 3406 2530 3476 (81)
2560 3405 2660 3477 τὴν
2699 3407 2873 3478 ἀρχὴν
2931 3408 3167 3484 ἐπέστην
3204 3411 3354 3481 ὑμῖν,
3396 3412 3533 3482 μετὰ
3577 3412 3682 3483 τῆς

2101 3497 2294 3561 πολιᾶς
2324 3497 2549 3570 ταύτης,
2600 3501 2696 3553 καὶ
2747 3498 2856 3553 τῶν
2896 3501 3316 3572 ὲρῤικνωμένων
3348 3503 3551 3558 τούτων
3583 3504 3683 3559 καὶ

2101 3591 2276 3661 χρόνῳ
2299 3590 2394 3644 καὶ
2422 3584 2561 3659 νόσῳ
2585 3590 2784 3661 μελῶν,
2809 3590 2843 3660 ἦ
2867 3590 2963 3645 νῦν
2996 3592 3198 3657 ταύτας
3232 3594 3383 3666 φέρω
3412 3595 3511 3658 τὰς
3555 3596 3681 3648 ἀτι-

2103 3678 2254 3749 μίας,
2285 3681 2643 3752 αἰσχυνοίμην
2692 3682 2790 3752 μὲν
2824 3681 2891 3735 ἂν
2919 3682 3011 3736 τὸν
3049 3685 3278 3756 οὐρανὸν
3305 3686 3398 3739 καὶ
3423 3686 3523 3757 τὴν
3550 3687 3677 3757 γῆν,

2099 3769 2135 3823 ἃ
2169 3771 2263 3823 καὶ
2293 3774 2407 3834 τοῖς
2433 3772 2681 3836 παλαιοῖς
2702 3772 2823 3837 ἔθος
2858 3774 3262 3848 μαρτύρεσθαι·
3316 3778 3680 3852 αἰσχυνοίμην

2100 3860 2145 3912 δ’
2187 3861 2253 3915 ἂν
2278 3861 2373 3933 τὴν
2396 3863 2663 3936 καθέδραν
2688 3865 2916 3938 ταύτην,
2977 3869 3071 3922 καὶ
3099 3869 3161 3922 τὸ
3197 3869 3340 3940 ἱερὸν
3363 3871 3519 3924 τοῦτο
3551 3889 3680 3925 συν-

2102 3954 2301 4025 έδριον,
2333 3956 2425 4009 καὶ
2458 3957 2548 4010 τὸν
2582 3957 2736 4026 ἆγιον
2773 3960 2963 4014 τοῦτον
3010 3962 3104 4014 καὶ
3129 3964 3370 4034 νεοπαγῆ
3413 3963 3559 4028 λαὸν,
3589 3965 3660 4033 ἐφ

2099 4047 2159 4099 ὃν
2184 4050 2416 4119 τοσαύτη
2442 4048 2551 4102 τῶν
2577 4051 2833 4121 πονηρῶν
2857 4051 3139 4123 δυνάμεων
3173 4055 3207 4122 ή
3238 4054 3562 4124 παράταξις,
3587 4055 3678 4110 ἵνα

2102 4137 2231 4208 πρὶν
2263 4141 2523 4212 συστῆναι
2569 4140 2725 4214 λυθῇ,
2757 4143 2850 4196 καὶ
2892 4145 3022 4215 πρὶν
3047 4146 3371 4216 γεννηθῆναι
3401 4147 3676 4219 νεκρωθῇ,

2100 4229 2243 4283 κατὰ
2267 4231 2503 4302 Χριστὸν
2536 4232 2636 4305 ἤδη
2688 4236 3081 4307 μορφούμενος.
3119 4236 3488 4308 Δίσχυνοίμην
3534 4238 3579 4291 δ’
3608 4239 3679 4292 ἂν

428 4327 536 4381 tur,
570 4325 625 4371 et
657 4318 971 4386 priusquam
1003 4314 1055 4367 in
1090 4315 1263 4368 lucem
1307 4321 1553 4382 prodeat,
1595 4317 1993 4384 exstinguatur,

2102 4321 2227 4384 τοὺς
2259 4299 2424 4392 ἐμοὺς
2464 4299 2772 4395 καμάτους.
2798 4299 2918 4381 καὶ.
2949 4299 3168 4392 πόνους,
3217 4299 3312 4382 καὶ
3351 4299 3411 4382 τό
3442 4299 3680 4402 ’ἔσθημα

420 4408 532 4479 jam
563 4409 856 4462 secundum
901 4406 1173 4460 Christum
1208 4405 1426 4459 formari
1460 4405 1744 4473 incipiens.
1776 4407 1854 4459 Ad
1882 4407 1998 4463 haec

426 4486 961 4556 laborum'meoruin
991 4505 1047 4549 et
1089 4511 1454 4550 aerumnarum
1503 4510 1589 4551 me
1634 4497 1899 4565 puderet,
1943 4506 1999 4553 et

425 4603 633 4658 aspera:
679 4588 839 4656 hujus
890 4586 1076 4650 vestis,
1130 4596 1184 4639 et
1232 4600 1478 4642 secessus
1529 4602 1593 4642 ac
1650 4588 1991 4652 solitudinis,

423 4696 587 4752 quam
615 4677 936 4732 familiarem
973 4691 1186 4746 semper
1218 4676 1525 4742 habuimus,
1566 4688 1620 4732 et
1660 4678 1783 4733 vitae
1814 4677 1993 4734 facilis

493 4842 518 4875 ³
546 4843 698 4897 Deut.
731 4853 900 4900 χχιιι,
919 4838 967 4891 1.

492 4999 604 5070 (76)
652 5001 984 5070 Ἐποίησεν.
1022 4998 1189 5067 chg.
1220 4997 1330 5061 bm,
1367 4995 1472 5049 duo
1520 4994 1670 5049 Colh.
1697 5003 1749 5048 et
1772 4992 1991 5058 Comb.,

423 5072 744 5144 πεποίηκεν.

493 5135 622 5207 (77)’
641 5141 1049 5207 Κατέκλυσεν.
1080 5135 1342 5207 Comhef..
1370 5135 1728 5207 κατέκαυσεν.

491 5205 606 5282 (78)
648 5213 760 5265 Τὸν
797 5205 1255 5282 Ἰεροϐοάμ.“ΙΔ1λιίιξο
1281 5206 1606 5282 deblaxinto
1639 5207 1780 5260 dicta
1809 5216 1997 5282 censet

424 5276 595 5344 Elias,
626 5295 783 5348 quem
830 5276 1074 5347 sequunt-
1102 5276 1306 5348 Billius.
1336 5276 1505 5329 Aliter
1533 5286 1709 5330 tamen
1735 5277 1888 5331 nobis
1922 5277 1995 5327 vi-

420 5347 909 5405 detur.anlatenus
926 5348 1069 5401 enim
1080 5347 1306 5399 ilaxiuio
1327 5349 1795 5415 conveniunt,qu:e
1809 5354 1992 5399 narrat

418 5418 732 5484 Gregorius,
768 5422 834 5473 de
861 5420 966 5472 isto
993 5416 1297 5478 Jerohoam,
1330 5417 1420 5484 qui
1449 5416 1590 5469 ferre
1620 5432 1723 5468 non
1756 5425 1985 5483 poterat,

421 5498 481 5541 ut
514 5488 749 5544 Trinitas
774 5490 1184 5557 splendescerct.
1220 5484 1486 5540 Maximus
1533 5487 1761 5557 quidem
1790 5485 1985 5557 adver-

419 5573 512 5611 sus
536 5556 848 5628 Gregorium
883 5559 1205 5623 insurrexit;
1231 5558 1331 5628 sed
1354 5571 1622 5628 nunquam
1646 5557 1692 5608 ei
1709 5556 1983 5628 obiectum

419 5637 547 5680 esta
566 5624 826 5698 Gregorio
853 5644 975 5698 eum
1002 5630 1143 5681 circa
1172 5626 1331 5698 fidem
1355 5624 1864 5698 errare.Credimus
1892 5625 1985 5691 igi-

2101 4411 2261 4465 τοῦτο
2290 4413 2350 4466 τὸ
2375 4415 2649 4486 τρύχινον,
2686 4418 2780 4470 καὶ
2805 4420 2903 4489 τὴν
2933 4408 3169 4497 ἐρημίαν
3211 4422 3304 4475 καὶ
3335 4422 3434 4493 τὴν
3463 4424 3680 4492 ἀναχώ-

2106 4520 2264 4575 ρησιν
2354 4506 2750 4580 συνεζήσαμεν,
2786 4511 2881 4563 καὶ
2911 4511 3001 4565 τὸν
3032 4511 3263 4565 ἄσκευον
3294 4513 3428 4582 βίον,
3458 4514 3551 4568 καὶ
3576 4516 3680 4586 τὴν

2102 4597 2294 4667 εὐτελῆ
2325 4599 2621 4667 τράπεζαν,
2656 4601 2850 4672 μικρὸν
2877 4602 2987 4673 (82)
3019 4602 3128 4656 τῶν
3162 4604 3378 4675 πτηνῶν
3413 4605 3678 4658 ἀποδέου-

2103 4700 2223 4738 σαν.
2269 4686 2703 4758 Ἀληθευέτωσαν
2729 4690 2787 4744 δὲ
2820 4691 2914 4745 καί
2947 4710 3092 4757 τινες
3118 4694 3243 4765 περ)⁵
3269 4693 3444 4766 ἡμῶν,
3475 4694 3557 4748 ὅτι
3580 4713 3678 4764 γυ-

2095 4996 2179 5048 w-l
2210 4996 2599 5070 Demophilum,
2636 4997 2716 5051 vel
2747 4998 3069 5063 Eudoxium,
3091 5001 3182 5070 qui
3219 5011 3327 5070 tum
3362 4999 3676 5054 Constanti-

2096 5068 2283 5139 nopoli
2309 5068 2627 5120 Arianorum
2659 5078 2774 5120 erat
2805 5071 3052 5129 antistes,
3090 5067 3122 5123 εἰ
3146 5087 3253 5139 quo
3279 5067 3475 5124 Valens
3500 5072 3674 5138 impe-

2097 5147 2245 5189 rator
2277 5138 2576 5190 hantozatus
2602 5147 2656 5188 et
2693 5139 2880 5192 lucresi
2924 5138 3302 5193 imbutusfuit.

2105 5274 2119 5291 ν
2167 5206 2278 5337 (ἐξ)
2330 5205 2505 5274 Ὑμῖν.
2532 5206 2660 5276 Reg.
2698 5207 2783 5260 bm
2814 5209 2864 5260 iu
2897 5217 3066 5276 textu,
3089 5221 3144 5264 et
3174 5208 3268 5265 0r.
3299 5209 3350 5275 l,
3379 5210 3446 5263 ad
3474 5224 3676 5280 marg.,

2105 5292 2173 5337 υμ
2246 5314 2260 5327 .

2096 5293 2260 5327 υμας.

2135 5292 2278 5415 μῶςά)
2325 5344 2440 5411 Τὴν
2476 5345 2784 5415 ἡμετέραν.
2814 5345 2937 5400 Hinc
2961 5346 3156 5401 desunt
3185 5348 3236 5402 in
3266 5347 3359 5404 Or.
3388 5348 3440 5403 1.

2169 5414 2281 5486 (8i)
2327 5416 2412 5468 Ἠ.
2441 5414 2794 5469 (-‘onibetisius
2820 5417 3101 5471 delendum
3127 5428 3296 5486 putat.

2167 5485 2279 5555 (8‘2)
2317 5487 2560 5557 Μικρόγ,
2592 5496 2698 5539 etc.
2722 5486 2837 5557 _Sic
2877 5487 3111 5555 loquitur
3147 5487 3461 5554 Gregorius,
3503 5489 3669 5557 quod,

2095 5554 2333 5610 nt'aves
2383 5554 2585 5627 semina
2633 5554 2909 5623 colligunt,
2950 5554 3159 5624 quibus
3198 5554 3531 5627 pascantur,
3557 5561 3673 5626 ipse

2092 5639 2307 5691 quoque
2352 5625 2681 5688 seminibus,
2723 5626 3081 5695 leguminibus
3126 5638 3181 5683 et
3201 5625 3498 5697 quibusvis
3534 5625 3672 5684 cibis

418 5703 505 5751 tur
535 5713 628 5768 per
658 5694 815 5755 istum
850 5696 1131 5754 Jeroboam
1168 5697 1369 5750 rectius
1412 5694 1818 5765 intelligendum
1860 5709 1982 5750 esse
2091 5705 2423 5752 vesceretur.
