3910 6214
412 252 521 308 275

1618 251 1678 310 S.
1719 251 2050 309 GREGORII
2089 249 2434 307 THEOLOGI

3565 248 3677 306 276

411 386 573 441 quem
614 370 749 426 nihil
782 385 996 434 eorum,
1045 385 1165 440 quae
1207 377 1353 438 sunt,
1384 370 1536 439 latet,
1563 379 1657 426 aut
1687 370 1858 425 latere
1890 385 1986 440 po—

2097 368 2238 434 Θεὸς
2261 368 2371 440 (96)
2384 370 2473 433 εἰς
2497 365 2767 436 καρδίαν.
2805 366 3080 429 Ἤκουσας
3108 365 3208 438 τῆς
3233 364 3456 437 Γραφῆς
3484 344 3649 436 λεγού

410 473 548 530 test;
583 463 674 531 qui
709 462 866 517 aliter
886 478 978 518 res
1003 473 1214 518 nostras
1250 464 1509 531 intuetur,
1541 472 1704 534 atque
1733 462 1990 516 mortales

410 555 608 608 solent.
659 551 833 607 Homo
863 554 1006 607 enim
1030 554 1166 607 videt
1189 554 1246 606 in
1271 553 1456 622 faciem
1484 568 1502 607 :
1538 552 1676 607 Deus
1703 562 1879 606 autem
1905 553 1990 605 in-

410 653 590 697 tuetur
626 661 717 698 cor
743 645 782 697 ⁶.
812 643 1025 698 Audisti
1068 644 1407 713 Scripturam
1454 645 1566 699 bmc
1600 642 1901 699 dicentem:
1927 656 1991 698 ac

410 734 570 789 ﬁdem
616 736 836 790 adhibe.
886 735 1055 804 Cujus
1106 735 1371 805 judicium
1408 736 1646 791 cordatis
1681 735 1993 790 hominibus

410 827 582 893 pluris
624 822 961 894 faciendum,
1014 830 1295 898 magisque
1340 830 1639 884 curandum
1672 837 1793 891 est,
1826 841 1988 896 quam

409 918 651 972 omnium
687 919 916 975 aliorum
962 920 1017 974 in
1064 936 1231 975 unum
1281 930 1614 975 coactorum.
1649 921 1730 973 Au
1756 930 1833 987 tu,
1858 922 1993 973 duos

410 1010 628 1078 quidem
664 1011 932 1078 homines,
967 1027 1199 1081 quorum
1234 1012 1372 1067 alter
1399 1015 1610 1068 acutior
1636 1020 1691 1068 et
1714 1013 1982 1083 sagacior,

408 1103 544 1155 alter
576 1103 878 1171 imperitior
899 1116 952 1160 et
981 1105 1222 1160 hebetior
1246 1116 1419 1169 esset,
1457 1105 1523 1160 de
1547 1106 1733 1161 eodem
1765 1106 1981 1175 negotio

2094 478 2214 531 οης,
2238 461 2332 514 καὶ
2352 461 2595 514 πίστευε.
2635 453 2710 514 Οῦ
2737 460 3083 531 φροντιστέον
3132 459 3351 530 μᾶλλον,
3389 458 3422 529 ἢ
3456 459 3677 513 πάντων

2090 552 2228 623 ὁμοῦ
2260 552 2370 606 τῶν
2417 552 2612 618 ἄλλων,
2659 553 2774 615 τοῖς
2806 568 2869 621 γε
2914 551 3039 606 νοῦν
3076 550 3309 622 ἔχουσιν.
3351 551 3423 605 Ἢ
3448 550 3542 604 δύο
3576 550 3677 621 μὲν

2091 644 2404 717 ἀνθρώποις
2434 645 2565 716 περὶ
2606 641 2701 697 τοῦ
2750 643 2917 696 αὐτοῦ
2974 643 3299 715 πράγματος
3351 640 3677 713 συμϐούλοις

2092 736 2396 808 χρώμενος,
2446 735 2794 806 συνετωτέρῳ
2835 753 2895 788 τε
2937 736 3033 789 καὶ
3076 735 3584 807 ἀμαθεστέρῳ,οὐκ
3609 733 3678 787 ἂν

2096 823 2155 882 εὖ
2192 830 2409 899 φρονεῖν
2461 825 2668 890 ἔδοξας,
2713 827 2762 878 εί
2800 825 2893 879 τὸν
2946 824 3309 899 συνετώτερον
3340 824 3556 897 παρεὶς,
3598 822 3679 894 τῷ

2096 916 2459 989 ἀμαθεστέρῳ
2488 914 3006 987 κατηκολούθησας;
3060 915 3180 970 οὐδὲ
3211 916 3322 987 γὰρ
3365 918 3395 969 ὁ
3442 914 3682 985 Ῥοϐοάμ

2096 1009 2356 1081 ἐπῃνέθη,
2399 1009 2482 1061 ὅτι
2520 1008 2619 1079 τήν
2662 1006 2858 1079 βουλὴν
2885 1006 2995 1060 τῶν
3042 1006 3429 1078 πρεσϐυτέρων
3479 1005 3682 1075 ἀτιμά-

2097 1119 2217 1165 σας,
2247 1101 2348 1171 τὴν
2375 1099 2486 1152 τῶν
2513 1099 2792 1170 νεωτέρων
2823 1098 3040 1170 ἔστησε.
3074 1098 3209 1152 θεοῦ
3241 1098 3299 1152 δέ
3330 1098 3427 1152 καὶ
3463 1094 3679 1170 ἀνθρώ-

411 1191 466 1246 in
510 1193 795 1249 consilium
841 1196 1126 1258 adhibens,
1168 1197 1310 1251 haud
1333 1203 1482 1250 recta
1515 1204 1696 1250 mente
1731 1195 1988 1262 praeditus

2097 1209 2213 1244 πων
2237 1189 2659 1261 ἐξεταζομένων,
2698 1191 3060 1261 προτιμήσεις
3087 1188 3156 1243 τὰ
3189 1188 3298 1242 τῶν
3331 1187 3678 1261 ἀνθρώπων;

415 1296 539 1339 esse
574 1284 862 1352 videreris,
905 1287 973 1351 si,
1026 1287 1221 1342 relicto
1260 1287 1542 1355 prudentis
1571 1285 1820 1353 consilio,
1844 1284 1988 1354 judi-

2099 1284 2176 1336 oo
2209 1282 2273 1335 σύ
2303 1298 2390 1351 γε,
2423 1283 2490 1335 ἂν
2513 1282 2638 1352 ἐμοὶ
2665 1280 2849 1352 πείθῃ,
2885 1282 2982 1334 καὶ
3012 1282 3216 1353 φρονῇς
3246 1280 3491 1351 ἄμεινον.

408 1378 553 1433 cium
600 1377 835 1449 imperiti
883 1379 1227 1449 sequereris?
1269 1378 1455 1449 Neque
1476 1379 1618 1435 enim
1651 1377 1893 1433 Roboam
1951 1391 2016 1431 ex
2055 1390 2120 1430 eo
2156 1375 2368 1429 laudem
2412 1382 2496 1429 est
2541 1381 2885 1436 consecutus,
2915 1372 3076 1441 quod,
3105 1388 3202 1443 pro
3264 1372 3432 1427 nihilo
3493 1367 3681 1426 habita

409 1488 599 1529 senum
640 1477 928 1542 sententia,
972 1474 1230 1543 iuvenum
1273 1474 1515 1530 consiliis
1568 1472 1814 1543 paruit".
1857 1471 1994 1525 Cum
2037 1479 2218 1524 autem
2265 1468 2409 1524 Deus
2449 1478 2505 1524 et
2547 1468 2794 1523 homines
2844 1467 2988 1522 inter
3052 1478 3114 1521 se
3171 1467 3566 1536 expendantur,
3591 1466 3682 1537 ju-

408 1568 547 1623 dicia
620 1569 898 1624 hominum
954 1569 1163 1638 potiora
1208 1571 1394 1638 duces,
1452 1586 1612 1642 quam
1653 1568 1789 1624 Dei?
1821 1569 2166 1638 Nequaquam
2206 1578 2353 1623 certe
2392 1566 2442 1620 id
2478 1564 2663 1628 facies,
2706 1565 2752 1620 si
2796 1578 2885 1620 me
2923 1564 3130 1629 audias,
3172 1575 3427 1633 recteque
3449 1563 3676 1617 sentias.

486 1664 613 1721 Vlll.
655 1666 746 1732 At,
772 1669 968 1737 inquis,
1006 1677 1221 1724 tuarum
1274 1669 1722 1725 contumeliarum
1767 1684 1864 1723 nos
1905 1684 1988 1738 pu-

2170 1667 2254 1721 H'.
2287 1665 2429 1718 Ἀλλ’
2461 1663 2830 1734 αἰσχυνόμεθά
2872 1679 3003 1725 σου,
3052 1660 3210 1731 φησὶ,
3255 1661 3375 1721 ταῖς
3426 1654 3676 1727 ὕϐρεσιν.

412 1761 525 1816 det.
575 1759 663 1816 Me
697 1776 827 1816 vero
867 1762 1060 1829 vestri,
1107 1776 1243 1831 quos
1286 1762 1355 1817 ob
1383 1776 1503 1816 eam
1548 1777 1661 1816 rem
1712 1763 1988 1830 pudescat.

408 1851 546 1905 Nam
607 1852 653 1906 si
724 1852 838 1907 hare
892 1852 1035 1920 juste
1083 1854 1344 1922 patimur,
1409 1854 1566 1908 nobis
1606 1852 1785 1923 potius
1837 1852 1990 1923 ipsis,

413 1959 577 2014 quam
606 1943 758 1998 vobis
794 1955 975 1999 nostra
1008 1960 1193 2012 causa,
1239 1945 1672 2001 erubescendum
1718 1955 1837 2011 est;
1885 1961 1992 2000 non

415 2035 542 2105 quia
566 2041 980 2103 contemnimur,
1007 2037 1099 2091 sed
1117 2036 1243 2106 quia
1268 2045 1577 2106 contemptu
1616 2044 1669 2090 et
1698 2036 1991 2098 ignominia

415 2127 613 2195 dignos
671 2142 772 2182 nos
826 2126 1125 2195 praebemus
1157 2143 1172 2181 :
1203 2128 1248 2183 si
1292 2137 1472 2183 autem
1527 2128 1736 2197 inique,
1785 2128 1993 2183 crimen

413 2232 610 2272 eorum
649 2227 752 2282 est,
792 2219 884 2288 qui
927 2218 1310 2274 contumeliam
1352 2217 1631 2285 inferunt;
1667 2234 1731 2274 ac
1765 2220 1994 2289 proinde

408 2306 628 2361 illorum
676 2309 893 2375 potius,
952 2323 1113 2378 quam
1166 2309 1341 2365 nostri
1393 2325 1559 2365 causa
1612 2311 1880 2380 indignari
1935 2318 1992 2365 et

411 2398 745 2453 stomachari
789 2398 1020 2465 debetis,
1067 2401 1324 2470 quoniam
1377 2400 1415 2455 ii
1465 2409 1612 2465 sunt,
1671 2402 1992 2470 quibuscum

412 2489 557 2543 male
589 2489 789 2558 agitur.
826 2489 979 2556 Quod
1005 2489 1051 2544 si
1099 2505 1207 2556 me,
1249 2506 1370 2545 cum
1414 2491 1588 2546 malus
1629 2506 1827 2556 essem,
1860 2491 1996 2560 Opti-

409 2597 557 2637 mum
620 2582 796 2636 virum
852 2583 1238 2650 existimares,
1305 2583 1433 2652 quid
1494 2583 1625 2637 mihi
1685 2582 1992 2638 faciendum

411 2670 598 2726 esset?
656 2671 1029 2741 lmprobiorne
1091 2683 1151 2727 ut
1206 2688 1386 2730 essem
1418 2712 1434 2738 ,
1488 2688 1597 2743 quo
1651 2673 1826 2742 magis
1897 2673 1993 2728 tibi

415 2765 733 2833 placerem?
772 2761 1201 2833 Haudquaquam
1232 2779 1364 2818 sane
1395 2764 1448 2819 id
1481 2763 1612 2818 mihi
1646 2762 1862 2818 consilii
1898 2764 1996 2818 de-

408 2848 636 2904 dissem.
670 2848 870 2904 Eodem
907 2850 1066 2906 modo
1106 2866 1204 2906 nec
1231 2851 1277 2906 si
1314 2867 1424 2915 me,
1464 2861 1612 2907 recte
1647 2860 1704 2907 et
1734 2868 1854 2908 cum
1883 2852 1995 2907 vir-

410 2948 530 2994 tute
571 2938 937 3001 incedentem,
974 2938 1250 2995 oil’endere
1296 2955 1360 2995 ac
1406 2940 1519 2995 labi
1564 2951 1746 3013 putes,
1777 2940 1989 3014 2641

2096 1758 2327 1829 Ἐγὼ,δέ
2363 1759 2512 1827 ὑμῖν,
2543 1758 2625 1810 ὅτι
2675 1754 3019 1827 αἰσχύνεσθε.
3070 1754 3136 1806 El
3191 1752 3290 1822 μὲν
3341 1750 3451 1821 γὰρ
3501 1746 3683 1821 ὀρθῶς

2094 1849 2268 1904 ταῦτα
2296 1849 2598 1919 πάσχομεν,
2635 1847 2951 1917 αἰσχυντέον
2982 1848 3117 1917 ἡμῖν
3150 1843 3370 1915 μᾶλλον,
3390 1841 3569 1913 ἥὺμῖν
3591 1840 3680 1908 ἐφ’

2091 1948 2224 2016 ἡμῖν
2248 1963 2259 1974 ·
2286 1944 2383 2014 οὐχ
2420 1945 2503 1998 ὅτι
2538 1943 2652 2015 (97)
2686 1941 3068 2013 ἁτιμαζόμεθα
3101 1940 3369 2013 μᾶλλον,ἢ
3394 1941 3477 1993 ὅτι
3509 1937 3680 2010 ἐσμὲν

2094 2036 2320 2107 ἀτιμίας
2336 2035 2475 2099 ἄξιοι
2495 2051 2510 2066 ο
2531 2037 2579 2087 εἰ
2602 2034 2659 2086 δὲ
2677 2033 2899 2098 ἀδίκως,
2920 2033 3030 2087 τῶν
3047 2032 3377 2104 ὑϐριζόντων
3405 2031 3465 2085 τὸ
3482 2031 3681 2102 ἐγκλη-

2095 2144 2194 2198 μα.
2225 2128 2320 2181 καὶ
2366 2127 2508 2198 ὑπὲρ
2557 2127 2783 2179 ἐκείνων
2815 2126 3101 2198 μᾶλλον,ῆ
3151 2126 3291 2199 ὑπὲρ
3336 2124 3497 2197 ἡμῶν
3541 2124 3683 2192 ἀγα-

2091 2218 2387 2290 νακτητὲον
2404 2234 2418 2248 °
2448 2218 2650 2270 ἐκεῖνοι
2671 2217 2779 2289 γὰρ
2805 2220 2852 2271 οἱ
2878 2218 3066 2281 κακῶς
3090 2216 3408 2288 πάσχοντες.
3439 2215 3505 2268 El
3523 2213 3580 2266 δέ
3608 2230 3681 2284 με

2092 2308 2220 2362 ὄντα
2265 2309 2455 2375 κακὸν,
2513 2309 2735 2380 ἄριστον
2790 2309 3173 2381 ὑπελάμϐανες
3201 2349 3216 2375 ,
3270 2309 3323 2363 τί
3381 2325 3450 2379 με
3500 2309 3683 2361 ποιεῖν

2093 2402 2298 2473 ἐχρῆν;
2330 2398 2487 2457 Εἶναι
2522 2402 2725 2474 μᾶλλον
2770 2402 2961 2468 κακὸν,
2993 2402 3081 2456 ἵνα
3108 2402 3272 2456 πλέον
3303 2402 3523 2474 ἀρέσκω
3558 2399 3678 2465 sol;

2096 2494 2211 2546 Οὐκ
2230 2495 2296 2547 ἂν
2318 2494 2479 2548 τοῦτο
2515 2493 2741 2566 ἐμαυτῷ
2789 2492 3207 2549 συνεϐούλευσα.
3236 2493 3423 2557 Οὕτως
3449 2492 3593 2554 οὐδὲ,
3627 2493 3680 2545 εί

2092 2583 2464 2656 κατορθοῦντά
2496 2603 2564 2657 με
2596 2585 2812 2639 πταίειν
2841 2585 3245 2656 ὑπολαμϐάνεις
3259 2584 3395 2656 (98),
3423 2582 3521 2638 τοῦ
3546 2602 3684 2638 κατ-

2101 2675 2294 2748 ορθοῦν
2357 2677 2446 2731 διὰ
2488 2678 2548 2731 σὲ
2598 2677 2979 2749 μεταϐήσομαι
3017 2677 3156 2751 (99).
3199 2677 3285 2729 Ζῶ
3327 2675 3457 2747 γὰρ,
3502 2676 3564 2731 οὐ
3594 2675 3683 2730 σοὶ

2097 2766 2297 2837 μᾶλλον
2338 2767 2371 2839 ἢ
2421 2766 2643 2839 ἐμαυτῷ
2666 2785 2681 2799 ’
2717 2769 2813 2822 καὶ
2860 2768 3165 2840 σύμϐουλον
3215 2767 3323 2838 ἐχω
3368 2768 3499 2838 περὶ
3540 2768 3684 2821 πάν-

2093 2875 2202 2911 των
2249 2858 2342 2912 τὸν
2393 2858 2572 2927 λόγον,
2615 2859 2812 2914 καὶτὰ
2840 2859 2936 2913 τοῦ
2980 2858 3120 2913 Θεοῦ
3167 2857 3549 2929 δικαιώματα,
3585 2859 3680 2928 ὑφ’

2092 2943 2167 3005 ὧν
2201 2950 2496 3022 άλίσκομαι
2539 2952 2637 3024 μὲν
2671 2952 2951 3019 πολλάκις,
2975 2952 3191 3017 οὐδενὸς
3221 2952 3678 3025 κατηγοροῦντος·

414 3040 567 3086 recta
616 3029 840 3085 vivendi
896 3030 1111 3087 ratione
1160 3041 1385 3100 propter
1442 3042 1496 3088 te
1552 3034 1830 3089 desistam.
1877 3034 1988 3090 Nec

2097 3046 2326 3116 άφίεμαι
2355 3045 2433 3111 δέ,
2475 3047 2687 3101 πολλῶν
2731 3048 3191 3121 κατακρινόντων.
3240 3051 3351 3103 Καὶ
3394 3047 3551 3104 τοῦτο
3583 3049 3683 3120 μό-

411 3122 558 3177 enim
596 3119 693 3175 tibi
737 3119 931 3188 magis,
980 3134 1142 3190 quam
1192 3119 1324 3175 mihi
1380 3120 1480 3191 ipsi
1529 3123 1698 3178 vivo:
1736 3132 1899 3193 atque
1930 3125 1986 3179 in

408 3210 661 3266 omnibus
702 3209 865 3264 rebus
911 3210 1210 3265 consiliarii
1262 3210 1402 3276 loco,
1457 3211 1720 3266 rationem
1756 3215 1991 3284 ‘_Deique

412 3301 834 3371 iustiﬁcationes
874 3302 1068 3368 habeo,
1116 3317 1145 3355 a
1179 3301 1378 3370 quibus
1427 3302 1768 3373 plerumque,
1821 3308 1987 3363 etiam

410 3393 559 3448 nullo
603 3406 917 3462 accusante,
971 3393 1297 3460 convincor;
1344 3403 1400 3448 et
1446 3410 1680 3463 rursum,
1730 3399 1987 3453 condem-

409 3485 669 3542 nantibus
709 3486 911 3551 multis,
959 3485 1235 3541 absolvor.
1264 3490 1444 3555 Atque
1474 3489 1582 3542 hoc
1608 3504 1773 3544 unum
1812 3491 1990 3546 tribu-

408 3577 503 3634 nal
539 3591 699 3634 nemo
733 3576 973 3649 eil‘ugere
1003 3587 1199 3650 potest,
1252 3578 1529 3635 internum
1576 3595 1773 3654 nempe
1826 3592 1991 3654 atque

2095 3151 2185 3188 νον
2217 3136 2316 3188 οὐκ
2351 3134 2466 3189 ἐστι
2499 3136 2803 3207 διαφυγεῖν,
2828 3139 2889 3192 τὸ
2919 3139 3072 3194 ἔνδον
3102 3140 3198 3194 καὶ
3226 3141 3285 3194 ἐν
3324 3141 3457 3211 ἡμῖν
3494 3141 3682 3205 αὐτοῖς

2094 3227 2468 3299 δικαστήριον,
2490 3231 2629 3301 πρὸς
2643 3231 2672 3285 ὃ
2688 3231 2988 3302 βλέποντας
3012 3234 3194 3304 μόνον,
3209 3234 3311 3306 τὴν
3333 3233 3546 3287 εὐθεῖαν
3561 3233 3680 3288 ὁδον

2097 3319 2257 3373 ἰτέον.
2287 3319 2361 3374 Τὸ
2382 3321 2560 3377 δοκεῖν
2583 3322 2663 3385 δὲ,
2692 3323 2759 3376 ἂν
2790 3323 2887 3393 μὲν
2919 3324 3140 3398 ὑπάρχῃ
3157 3324 3259 3396 (1),
3293 3323 3578 3397 δεξόμεθα,
3607 3325 3678 3378 ῐν*

2094 3408 2237 3463 εἴπω
2265 3429 2319 3465 τι
2364 3412 2460 3466 καὶ
2492 3411 2835 3484 ἀνθρώπινον
2860 3430 2876 3445 ·
2906 3414 2973 3468 ἂν
3008 3414 3066 3470 δὲ
3098 3417 3420 3489 ἀντιπίπτῃ,
3466 3417 3682 3490 χαίρειν

2094 3490 2332 3573 ἐάσομεν
2358 3502 2461 3576 t2),
2495 3504 2594 3559 καὶ
2620 3504 2773 3558 οὐδὲν
2796 3505 2893 3560 τοῦ
2924 3500 3066 3561 εἶναι
3098 3506 3189 3562 διὰ
3212 3507 3276 3563 τὺ
3313 3507 3494 3563 δοκεῖν
3513 3508 3682 3563 ἀφαι-

2101 3594 2361 3666 ρήσομεν.

406 3671 466 3728 in
509 3673 667 3729 nobis
704 3673 888 3741 situm,
929 3674 1090 3745 idque
1129 3674 1305 3729 solum
1373 3677 1443 3732 ob
1504 3677 1692 3736 oculos
1733 3684 2066 3753 propositum
2106 3688 2407 3759 habentes,
2436 3701 2651 3750 rectum
2697 3695 2823 3753 vitae
2851 3695 2958 3752 iter
2985 3703 3172 3753 tenere
3204 3695 3483 3754 debemus.
3523 3694 3680 3764 Quod

411 3773 595 3821 autem
663 3765 732 3822 ad
789 3766 1069 3823 hominum
1111 3771 1177 3827 de
1222 3772 1381 3830 nobis
1432 3773 1891 3833 existimationem
1942 3785 2282 3851 attinet,'ita
2329 3788 2512 3844 animo
2550 3790 2850 3860 comparati
2894 3805 3106 3858 sumus,
3139 3800 3221 3860 ut,
3285 3791 3552 3862 siquidem
3612 3806 3681 3848 ea

407 3862 706 3933 contingat,
753 3864 860 3918 non
920 3863 1189 3921 illibenter
1251 3870 1527 3938 accepturi
1589 3869 1782 3937 simus,
1835 3879 1896 3928 ut
1936 3873 2156 3933 humani
2203 3880 2369 3936 etiam
2430 3881 2630 3953 aliquid
2684 3884 2893 3949 dicam;
2962 3882 3047 3940 sin
3111 3891 3293 3938 autem
3335 3882 3389 3937 in
3452 3889 3580 3938 cont
3611 3897 3676 3936 a-

407 3954 553 4012 rium
583 3959 763 4025 cadat,
792 3957 975 4013 valere
1017 3957 1342 4033 iubebimus,
1377 3979 1477 4021 nec
1499 3967 1793 4036 quidquam
1836 3970 1903 4024 de
1942 3972 2019 4027 rei
2054 3974 2281 4030 veritate
2304 3985 2522 4046 propter
2548 3976 2820 4033 hominum
2856 3978 3162 4048 opinionem
3196 3977 3560 4032 detrahemus.

483 4052 559 4145 Π(
617 4053 709 4110 Sic
739 4054 880 4110 enim
910 4068 1280 4128 comparatum
1311 4070 1395 4117 est
1419 4079 1434 4118 :
1457 4063 1551 4133 qui
1586 4062 1869 4119 honestum
1896 4065 1988 4120 ali-

2169 4069 2247 4123 8’.
2291 4073 2403 4126 Καὶ
2453 4073 2555 4145 γὰρ
2592 4072 2766 4136 οὕτως
2800 4073 2951 4145 ἔχει’
2990 4073 3019 4125 ὁ
3059 4072 3159 4143 μέν
3214 4086 3360 4135 τινος
3401 4070 3588 4125 ἕνεκεν
3617 4070 3682 4124 es

406 4144 565 4216 cuius
604 4160 767 4202 causa
815 4148 1058 4204 studiose
1112 4162 1369 4218 sectatur,
1423 4152 1471 4209 is
1518 4153 1764 4224 profecto
1810 4158 1994 4213 neuti-

407 4252 573 4308 quam
624 4237 808 4295 lirmas
844 4240 895 4291 in
937 4240 1142 4297 virtute
1187 4243 1402 4300 radices
1440 4244 1567 4316 egit.
1627 4243 1801 4301 Simul
1847 4249 1991 4303 enim

407 4335 572 4397 atque
602 4341 690 4383 res
719 4343 783 4383 ea
841 4328 1133 4399 efﬂuxerit,
1174 4333 1310 4388 recti
1359 4350 1575 4406 quoque
1616 4339 1850 4395 studium
1897 4342 1993 4396 de-

406 4429 602 4491 ponet;
654 4423 1109 4490 quemadmodum
1138 4424 1229 4496 qui
1264 4437 1506 4496 quznstus
1541 4444 1708 4485 causa
1753 4432 1990 4504 navigat,

405 4511 512 4567 nisi
553 4510 763 4566 lucrum
814 4523 1013 4581 ιιι-εοειο
1062 4515 1153 4580 sit,
1196 4519 1455 4587 navigare
1504 4521 1752 4577 desistet.
1794 4524 1868 4578 At
1901 4525 1993 4595 qui

404 4599 607 4657 bonum
643 4602 817 4673 ipsum
853 4616 1073 4674 propter
1114 4622 1172 4662 se
1198 4608 1326 4663 colit
1352 4617 1409 4662 et
1445 4612 1805 4680 amplectitur,
1855 4628 1992 4683 quo-

406 4690 551 4745 niam
596 4705 708 4747 rem
741 4693 900 4748 lixam
928 4706 983 4749 et
1009 4696 1257 4752 stabilem
1308 4705 1477 4762 amat,
1523 4709 1727 4755 certam
1777 4717 1993 4775 quoque

403 4791 462 4838 et
499 4791 838 4838 constantem
864 4798 986 4853 erga
1038 4783 1165 4839 illud
1201 4783 1365 4840 animi
1411 4786 1750 4844 alacritatem
1794 4791 1988 4861 habet;

404 4877 542 4931 adeo
569 4887 628 4932 ut
669 4878 910 4932 divinum
955 4879 1155 4948 aliquid
1210 4884 1464 4952 sentiens,
1500 4885 1588 4942 his
1641 4903 1853 4958 quoque
1897 4891 1990 4946 Dei

403 4969 587 5023 verbis
624 4969 700 5024 uti
749 4970 918 5038 possit
954 4986 969 5023 :
1019 4974 1133 5038 Ego
1186 4973 1322 5027 idem
1347 4992 1485 5042 sum,
1512 4985 1562 5031 et
1597 4995 1703 5033 non
1748 4993 1923 5036 mutor
1945 4983 1988 5038 ⁸.

404 5057 765 5125 Quamobrem
795 5074 896 5115 nec
931 5060 1000 5114 ab
1026 5062 1208 5117 animo
1233 5078 1332 5118 suo
1357 5064 1631 5135 migrabit,
1657 5083 1757 5123 nec
1785 5069 1983 5124 immu-

406 5152 612 5207 tabitur
651 5160 814 5222 atque
850 5166 882 5206 a
915 5167 975 5208 se
1002 5153 1287 5223 desciscet,
1327 5171 1428 5212 nec
1466 5173 1588 5213 cum
1649 5162 1982 5232 temporibus

2102 4163 2266 4218 καλὸν
2292 4164 2650 4237 ἐπιτηδεύων,
2683 4166 2745 4219 οὐ
2781 4165 3000 4237 βέϐαιος
3029 4167 3108 4229 είς
3140 4164 3362 4236 ἀρετήν.
3408 4162 3577 4233 Ὁμοῦ
3618 4179 3681 4217 τε

2100 4256 2211 4327 γὰρ
2260 4256 2543 4330 παρῆλθεν
2599 4258 2795 4324 ἐκεῖνο,
2859 4259 2955 4313 καὶ
3010 4256 3104 4310 τοῦ
3153 4255 3318 4310 καλοῦ
3379 4257 3679 4328 στήσεται·

2100 4345 2290 4421 ὥσπερ
2321 4349 2352 4401 ὁ
2392 4348 2619 4421 κέρδους
2656 4349 2844 4405 ἕνεκεν
2876 4348 3088 4413 πλέων,
3130 4346 3224 4401 τοῦ
3267 4346 3443 4413 πλεῖν,
3492 4346 3561 4401 ἂν
3605 4346 3683 4419 μὴ

2100 4441 2249 4511 παρῇ
2292 4440 2352 4493 τὸ
2378 4442 2702 4513 κερδαίνειν.
2749 4441 2808 4496 '0
2841 4442 2895 4495 δὲ
2927 4441 3058 4495 αὐτὸ
3102 4440 3169 4494 δι’
3214 4438 3376 4494 ἐαυτὸ
3414 4439 3592 4512 τιμῶν
3622 4457 3681 4494 τε

2100 4527 2196 4580 καὶ
2225 4529 2523 4598 περιέπων,
2554 4530 2742 4602 ἐπειδὴ
2767 4529 2862 4584 τοῦ
2893 4530 3125 4594 ἑστῶτος
3154 4531 3277 4602 ἐρᾷ,
3300 4531 3546 4586 ἑστῶσαν
3566 4530 3682 4601 ἔχει

2100 4619 2195 4671 καὶ
2214 4618 2314 4690 τὴν
2343 4621 2473 4692 περὶ
2503 4621 2636 4674 αὐτὸ
2663 4622 2968 4693 προθυμίαν
2987 4638 3000 4651 ο
3024 4619 3165 4675 ὥστε
3195 4620 3338 4681 θεῖόν
3360 4639 3412 4674 τι
3434 4622 3678 4690 πάσχων,

2099 4711 2195 4764 καὶ
2229 4711 2290 4764 τὸ
2313 4711 2409 4764 τοῦ
2440 4713 2577 4766 Θεοῦ
2603 4713 2861 4768 δύνασθαι
2889 4714 3069 4783 λέγειν
3088 4727 3102 4743 ’
3158 4710 3307 4783 Ἐγὼ
3349 4711 3450 4778 δὲ,
3502 4714 3536 4765 ό
3572 4714 3653 4766 αὐ

2099 4803 2202 4866 τός
2222 4805 2363 4872 ειμι,
2399 4804 2498 4858 καὶ
2533 4806 2645 4859 οὐκ
2686 4806 3039 4874 ἠλλοίωμαι.
3074 4802 3285 4858 Οὔκουν
3315 4803 3682 4875 μεταποιηθήο

2100 4912 2272 4963 σεται,
2289 4897 2411 4951 οὐδὲ
2443 4900 2889 4970 μετατεθήσεται,
2918 4898 3041 4952 οὐδὲ
3071 4899 3574 4969 συμμεταπεσεῖται
3601 4898 3679 4968 (ᾖ)

2097 4989 2211 5051 τοῖς
2240 4991 2453 5060 καιροῖς
2484 4990 2580 5044 καὶ
2620 4994 2732 5056 τοῖς
2760 4992 3103 5064 πράγμασιν,
3130 4991 3317 5046 ἄλλοτε
3342 4986 3503 5051 ἄλλος
3531 4989 3654 5058 γινό

2092 5092 2269 5146 μενος,
2299 5077 2396 5130 καὶ
2433 5077 2634 5143 πολλὰς
2663 5081 3095 5153 μεταλαμϐάνων
3129 5074 3329 5156 χρόας,
3365 5080 3556 5153 ὥσπερ
3581 5081 3681 5147 τάς

2089 5166 2199 5221 τῶν
2233 5168 2452 5241 πετρῶν
2480 5171 2532 5223 οἱ
2566 5170 2889 5243 πολύποδες,
2922 5170 3010 5238 αἷς
3041 5176 3108 5230 ἂν
3139 5175 3479 5247 ὁμιλήσωσι·
3527 5175 3681 5246 μενεῖ

477 5289 499 5321 ⁸
531 5287 709 5361 lReg.
752 5304 868 5357 xvr,
886 5289 942 5344 7.
1017 5290 1039 5323 '
1066 5288 1134 5344 Ill
1159 5291 1294 5361 Reg.
1319 5307 1421 5360 xu,
1446 5292 1481 5350 8
1512 5309 1667 5367 seqq.
1744 5298 1768 5331 ⁸
1792 5296 2025 5356 Malach.
2057 5318 2137 5368 ιιι,
2163 5303 2214 5358 6.

399 5406 588 5533 δε(96)
638 5408 693 5462 '0
743 5407 814 5463 δὲ
873 5396 1039 5476 Θεός.
1091 5407 1211 5466 Duo
1268 5407 1439 5481 Begg.
1492 5419 1549 5467 et
1602 5411 1696 5470 Or.
1742 5412 1802 5481 1,
1855 5414 1989 5480 Θεὸς

464 5516 587 5620 ’(97)
630 5550 753 5627 οὐχ
795 5548 904 5606 ὅτι.
932 5549 1148 5618 Comb.,
1183 5550 1420 5607 οὐδ’ὂτι.
1469 5569 1490 5604 ι
1538 5548 1657 5609 Non
1701 5559 1811 5609 tam
1857 5554 1984 5627 quia

402 5622 827 5687 (,mtselnnimur,
858 5637 1043 5689 quam,
1084 5640 1103 5673 ι
1139 5631 1247 5678 etc.
1873 5622 1913 5686 ί

478 5691 592 5756 (98-)
638 5691 1130 5761 'rnomu6drszg.
1171 5690 1307 5765 Reg.
1339 5693 1454 5763 ιω,
1485 5692 1897 5768 ὑπολαμϐάνῃς.

2165 5419 2280 5497 (99)
2316 5419 2781 5497 _Metqﬂriaopat.
2821 5422 2912 5479 Sic
2965 5432 3077 5481 tres
3122 5423 3313 5497 Regg.,
3380 5422 3480 5482 0r.
3536 5426 3568 5483 1
3628 5433 3684 5486 et

2093 5487 2371 5565 Combuln
2408 5493 2520 5565 ed.,
2546 5487 2983 5565 μετασθήσομαι.

2162 5559 2241 5638 1
2280 5559 2566 5638 ξζθξάρχῃζ
2607 5559 2821 5638 ροηιὺᾎ,
2849 5559 3085 5638 ὖπᾴρξῃ.

2163 5621 2242 5715 (3)
2275 5621 2595 5715 gzdabﬁ's‘r.
2619 5632 2754 5715 Reg.
2788 5621 2901 5715 βωλ
2931 5621 3200 5715 tatam.

2163 5700 2244 5775 (ὃ)
2264 5700 2828 5774 Συμμέταπεονεῗται.
2857 5703 2992 5785 Reg.
3016 5700 3128 5775 hui,
3162 5706 3546 5784 συμπεσεῖται.
