3910 6214
168 281 275 336 επ
1171 279 1433 335 ORATIO
1472 278 1714 334 XXXVI.
1754 311 1821 322 ——
1865 279 1953 335 DE
1992 279 2253 349 SEIPSO,
2297 279 2447 338 ETC.

3333 280 3443 340 2'28

168 397 226 451 δὲ
252 398 283 449 ὁ
315 395 481 460 αὐτὸς
511 396 622 460 ἀεὶ,
656 393 850 464 πάγιος
883 396 942 448 ὲν
979 394 1040 449 οὐ
1068 395 1368 470 πεπηγόσι,
1399 397 1494 450 καὶ
1517 398 1575 449 ὲν
1599 413 1759 466 στρε-

1881 414 1928 455 ic
1955 401 2115 456 rebus
2141 400 2459 464 collabetur,
2492 399 2627 454 alias
2655 399 2790 455 alios
2840 412 3021 454 mores
3081 400 3326 464 induens,
3373 417 3441 461 ac

169 488 431 559 φομένοις
463 489 768 559 ἀστροφος·
799 487 974 557 πέτρα
1007 504 1111 551 τις,
1141 482 1318 558 οἶμαι,
1350 488 1487 559 πρὸς
1522 487 1761 557 ἐμϐολὰς

1881 508 2032 548 tovos
2064 494 2295 549 subinde
2315 493 2526 548 colores
2572 505 2878 557 assumens,
2917 506 3020 546 non
3046 505 3202 548 secus
3232 508 3295 549 ac
3338 510 3440 564 po-

169 583 393 652 ανέμων
423 598 484 634 τε
518 581 613 634 καὶ
651 580 934 649 κυμάτων,
969 577 1096 632 οὒτε
1126 580 1515 651 τινασσομένη,
1548 580 1642 633 καὶ
1665 579 1760 632 δα-

1882 585 1997 656 ypi,
2028 590 2328 655 petrarum,
2352 584 2419 639 ad
2458 597 2596 653 quas
2647 582 2999 649 accesserint,
3044 583 3255 640 colores
3297 584 3432 642 refe.
3464 568 3476 611 ¹

167 675 403 728 πανῶσα
429 674 560 746 περὶ
601 673 807 743 ἑαυτὴν
834 672 904 725 τά
951 673 1391 744 προσπίπτοντα.
1442 671 1628 726 Ταῦτα
1660 672 1760 742 μὲν

1881 686 2033 731 runt:
2064 691 2252 731 verum
2283 676 2423 730 idem
2474 689 2687 743 semper
2719 674 2911 743 suique
2936 675 3127 730 similis
3152 690 3445 745 permane-

168 770 251 832 εἰς
271 765 531 822 τοσοῦτον
550 783 565 799 ·
595 765 718 820 οὐδὲ
742 765 853 837 γάρ
885 782 975 836 μοι
1000 765 1166 837 σχολὴ
1193 766 1314 830 ταῖς
1337 764 1612 834 γλώσσαις
1649 766 1755 837 μά-

1881 767 1962 832 ιὶι,
2006 767 2143 823 ﬁxus
2200 769 2254 823 in
2291 770 2453 823 rebus
2499 768 2721 821 minime
2761 766 2904 831 ﬁxis,
2951 768 3208 823 immotus
3264 769 3318 823 in
3354 770 3442 823 in-

168 858 386 930 χεσθαι,
425 858 522 912 καὶ
549 857 723 912 ταῦτα
761 857 839 927 (4)
881 859 1013 921 ῐσως
1048 856 1219 911 πλείω
1249 856 1345 909 τοῦ
1377 856 1614 921 δέοντος.

1881 856 2033 912 sertis
2060 865 2114 912 et
2164 855 2568 921 fluctuantibus,
2606 869 2711 909 non
2754 852 2933 919 aliter,
2971 856 3184 925 Opinor,
3236 871 3302 913 ac
3350 872 3443 911 ru-

171 971 291 1027 pes,
322 970 447 1026 quae
481 965 763 1010 ventorum
791 955 1159 1022 ﬂuctuunrque
1197 952 1399 1021 impetu
1433 967 1539 1006 non
1597 952 1759 1005 modo
1794 964 1900 1006 non
1930 950 2258 1015 concutitur,
2287 951 2380 1005 sed
2423 952 2586 1004 etiam
2667 950 3008 1010 incursantes
3074 956 3246 1011 undas
3294 956 3441 1014 circa

171 1066 232 1105 se
271 1050 476 1121 frangit
504 1059 666 1119 atque
694 1050 949 1105 absumit.
987 1048 1185 1105 Verum
1226 1048 1297 1103 de
1329 1047 1415 1101 liis
1450 1047 1755 1101 hactenus:
1796 1060 1897 1102 nec
1957 1046 2102 1102 enim
2146 1045 2279 1101 mihi
2327 1055 2489 1100 vacat
2533 1035 2654 1104 cum
2725 1048 2923 1117 linguis
2959 1064 3230 1122 pugnare;
3281 1060 3445 1124 atque

170 1144 339 1199 etiam
414 1140 645 1195 fortasse
716 1139 868 1209 plura
950 1139 1208 1204 diximus,
1263 1151 1425 1205 quam
1505 1136 1839 1192 conveniret.

244 1236 305 1287 l'.
344 1232 484 1304 Ἤδη
526 1232 586 1286 δέ
626 1249 717 1303 μοι
754 1230 892 1303 πρὸς
925 1231 1069 1302 ὑμᾶς
1094 1233 1124 1284 ὁ
1149 1231 1330 1299 λόγος,
1371 1229 1434 1283 τὺ
1473 1228 1607 1300 ὲμδν
1638 1226 1760 1281 ποί-

1936 1226 2004 1280 Χ.
2036 1225 2155 1283 Jam
2194 1229 2261 1282 ad
2289 1244 2411 1295 vos,
2444 1244 2477 1285 o
2512 1232 2583 1285 mi
2632 1247 2784 1303 grex,
2836 1250 2894 1289 se
2943 1239 3209 1293 convertit
3244 1242 3441 1298 oratio.

177 1341 354 1405 pvtoy.
419 1322 616 1392 Ὑμεῖς
647 1320 898 1394 τένεσθέ
926 1321 1004 1393 (5)
1030 1338 1157 1391 μοι,
1212 1321 1378 1390 φησιν
1451 1321 1480 1374 ὁ
1523 1318 1758 1384 Παῦλος,

174 1414 362 1483 δόξα,
427 1414 528 1468 καὶ
578 1414 763 1483 χαρὰ,
831 1414 932 1467 καὶ
1003 1410 1360 1482 καυχήσεως
1420 1410 1753 1480 στέφανος·

1877 1317 1980 1373 Vos
2012 1328 2198 1384 estote,
2238 1321 2690 1389 quemadmodum
2726 1327 2802 1380 ait
2830 1325 3044 1394 Paulus,
3088 1329 3258 1398 gloria
3305 1348 3444 1407 mea,

1861 1413 1913 1465 et
1951 1412 2226 1482 gaudium,
2258 1424 2305 1466 et
2342 1413 2528 1482 gloria:
2579 1431 2772 1470 corona
2803 1418 2825 1450 ⁹
2856 1436 2868 1472 :
2906 1433 3001 1473 vos
3050 1431 3224 1476 estote
3259 1420 3445 1480 defen-

176 1509 337 1579 ὑμεῖς
380 1506 650 1575 ἀπολογία
696 1509 808 1570 τοῖς
851 1506 951 1577 ἐμὲ
993 1505 1408 1577 ἀνακρίνουσιν⁹
1447 1503 1535 1568 ἵν’,
1571 1502 1762 1574 ὥσπερ

1881 1502 1944 1554 sio
1970 1516 2088 1557 mea
2128 1503 2267 1571 apud
2312 1517 2407 1558 eos
2458 1505 2550 1575 qui
2591 1521 2677 1561 me
2719 1507 2964 1577 judicaut
3004 1528 3019 1564 :
3060 1521 3137 1576 ut,
3176 1515 3449 1581 quemad,

175 1602 293 1664 τοῖς
328 1600 665 1662 τεκτονικοῖς
703 1597 779 1668 (6)
814 1596 850 1668 ἢ
878 1599 1172 1669 γραφικοῖς
1215 1594 1638 1665 ἀπαιτουμένοις
1669 1593 1759 1647 λό-

176 1706 298 1759 γον,
326 1688 548 1761 ἐξαρκεί
569 1688 776 1754 δείξασι
816 1688 878 1742 τὸ
910 1687 1239 1758 τεκτονηθὲν
1271 1688 1305 1758 ἢ
1332 1686 1544 1758 γραφὲν
1581 1685 1762 1757 ἀπηλ-

175 1781 375 1853 λάχθαι
404 1780 747 1853 πραγμάτων
774 1780 968 1852 (ἔργον
999 1779 1110 1850 γὰρ
1140 1779 1321 1847 λόγου,
1372 1779 1571 1849 φησὶν,
1611 1777 1761 1847 ίσχυ-

179 1873 448 1946 ρότερον),
468 1873 642 1938 οὕτως
675 1873 751 1943 (7)
782 1872 878 1927 καὶ
905 1871 1066 1935 αὐτὸς
1089 1872 1235 1941 ὑμᾶς
1262 1868 1556 1936 ἐπιδείξας,
1586 1866 1762 1939 ὑπερέ

182 1966 286 2032 ἔξω
322 1966 400 2038 (8)
426 1965 527 2030 τὰς
562 1965 856 2037 λοιδορίας.
902 1961 1183 2035 ’Υπερέξω
1232 1962 1291 2016 δὲ
1338 1959 1491 2025 πῶς;
1540 1956 1763 2033 Πρῶτον

176 2059 306 2129 μὲν,
338 2057 436 2111 ἐὰν
454 2058 554 2128 τὴν
576 2059 656 2121 είς
679 2056 920 2128 Πατέρα,
954 2055 1048 2109 καὶ
1072 2055 1222 2117 Υἱὺν,
1246 2055 1341 2108 καὶ
1363 2052 1517 2120 ἆγιον
1541 2050 1766 2121 Πνεῦμα

176 2148 474 2220 ὁμολογίαν
502 2148 697 2219 ἀκλινῆ
729 2149 826 2202 καὶ
860 2147 934 2220 (9)
972 2146 1197 2218 βεϐαίαν
1231 2144 1558 2215 φυλάττητε,
1598 2141 1765 2213 μηδὲν

179 2240 589 2312 προστιθέντες,
623 2240 758 2312 μηδὲ
798 2239 1180 2312 ἀφαιροῦντες,
1211 2236 1347 2309 μηδὲ
1378 2233 1767 2306 σμικρύνοντες

177 2332 279 2402 τῆς
324 2332 455 2402 μιᾶς
494 2332 759 2401 Θεότητος
792 2330 889 2402 (τὸ
919 2345 1029 2401 γαρ
1067 2327 1392 2389 ἐλαττωθὲν,
1431 2324 1527 2380 τοῦ
1567 2324 1767 2387 παντός

179 2425 331 2478 ἐστιν
367 2424 663 2488 ἐλάττωσις
706 2424 768 2496 )ο
803 2424 929 2485 τοὺς
980 2422 1039 2475 δὲ
1070 2420 1199 2476 ἄλλο
1246 2436 1300 2472 τι
1332 2417 1697 2490 φρονοῦντας,
1731 2415 1766 2485 ἢ

179 2515 459 2586 λέγοντας,
487 2515 521 2587 ἢ
551 2515 769 2585 φύσεων
802 2514 1019 2586 μέτροις
1054 2513 1114 2566 τὸ
1140 2511 1198 2565 ἓν
1229 2511 1567 2573 διαλύοντας,
1597 2509 1630 2579 ἢ
1655 2508 1769 2561 δια-

180 2609 538 2680 τειχίζοντας,
568 2609 643 2672 ὡς
668 2607 848 2679 λύμην
876 2607 977 2677 τῆς
1020 2604 1367 2676 Ἐκκλησίας,
1392 2602 1488 2656 καὶ
1515 2602 1612 2673 τῆς
1638 2601 1768 2671 ἀλη-

184 2700 337 2763 θείας
365 2698 466 2762 ίὺν,
501 2696 942 2769 ἁποπέμποισθε,
973 2695 1047 2767 μὴ
1075 2694 1384 2765 μισοῦντες,
1412 2691 1525 2745 ἀλλ’
1558 2690 1770 2745 ἐλεοῦν-

181 2807 272 2854 τες
308 2789 405 2843 τοῦ
443 2789 758 2860 πτώματος.
813 2787 1078 2857 Δεύτερον
1114 2786 1202 2850 δὲ,
1239 2786 1288 2838 εί
1341 2784 1441 2856 τὴν
1494 2783 1768 2837 πολιτείαν

180 2881 478 2937 ἀκόλουθον
527 2882 605 2952 τῷ
638 2880 785 2954 ὀρθῷ
822 2880 968 2951 λόγῳ
1007 2879 1320 2951 παρέχοιτε,
1359 2877 1426 2931 ἵν’
1464 2872 1563 2948 ἦτε
1612 2892 1768 2948 περιο

181 2976 350 3041 δέξιοι
379 2976 481 3047 τὴν
512 2974 736 3046 ἀρετὴν,
766 2972 905 3027 ἀλλά
938 2970 1014 3044 μὴ
1039 2970 1118 3042 τῷ
1160 2969 1332 3043 ἑτέρῳ
1360 2968 1660 3031 λείποντες.

1861 1595 2080 1648 modum
2128 1595 2212 1656 iis.
2249 1595 2338 1663 qui
2376 1594 2675 1651 fabricandi
2702 1610 2796 1653 aut
2822 1600 3075 1669 pingendi
3103 1612 3274 1656 artem
3310 1618 3442 1672 pro-

1861 1684 2104 1754 ﬁtentur,
2161 1701 2283 1741 cum
2325 1687 2461 1743 artis
2498 1693 2761 1745 rationem
2815 1703 3204 1761 cxposcuntur,
3259 1695 3449 1751 fabrile

1862 1785 1955 1831 ant
1996 1776 2284 1847 pictorium
2334 1791 2470 1848 opus
2529 1783 2816 1836 ostendere
2871 1782 3081 1850 sulIicit,
3126 1793 3184 1838 ut
3237 1785 3448 1855 negotio

1864 1869 2010 1924 omni
2034 1882 2098 1923 ac
2125 1868 2370 1925 molestia
2401 1870 2701 1925 liberentur
2722 1872 2879 1943 (opus
2893 1875 3058 1941 enim,
3081 1875 3254 1945 inquit
3280 1878 3448 1932 ille“.

1865 1976 2117 2017 sermone
2143 1960 2336 2017 fortius
2374 1964 2509 2032 est),
2556 1965 2635 2019 sic
2670 1949 2782 2034 ipse
2818 1980 3052 2035 quoque,
3092 1967 3243 2022 vobis
3285 1968 3450 2040 653

1866 2052 1919 2106 in
1952 2053 2184 2107 medium
2237 2053 2533 2122 productis,
2581 2054 3005 2112 obtrectatorum
3056 2074 3298 2114 meorum
3337 2075 3452 2114 ma-

1865 2144 2061 2199 ledicta
2118 2160 2390 2213 superem.
2450 2134 2734 2214 Quomodo
2786 2158 2968 2203 autem
3010 2165 3073 2205 ea
3143 2151 3455 2220 superabo?

1867 2235 2130 2303 Primum,
2161 2237 2206 2292 si
2235 2236 2434 2305 Patris,
2465 2250 2516 2295 el
2549 2240 2694 2304 Filii,
2723 2248 2778 2293 et
2821 2240 3055 2311 Spiritus
3096 2244 3268 2298 sancti
3325 2259 3457 2304 con-

1870 2326 2157 2382 fessionem
2190 2329 2401 2384 ﬁrmant
2456 2343 2511 2388 et
2557 2343 2893 2387 constantem
2952 2335 3257 2403 retineatis,
3314 2313 3452 2391 uiliil

1868 2419 1959 2472 uni
2000 2418 2193 2472 Deitati
2249 2420 2530 2489 addentes,
2568 2438 2669 2478 nec
2705 2423 3075 2490 detrahentes,
3129 2441 3226 2481 nec
3271 2428 3455 2483 immi-

1871 2518 2097 2564 nueutes
2155 2509 2302 2581 (nam
2350 2513 2395 2565 si
2457 2513 2585 2580 quid
2651 2502 2994 2567 ituminutum
3046 2514 3232 2582 fuerit,
3286 2526 3456 2572 totum

1869 2616 2083 2670 quoque
2113 2601 2272 2656 simul
2330 2603 2743 2674 imminuetur);
2801 2619 2896 2660 eos
2928 2615 3127 2672 autem,
3168 2609 3258 2677 qui
3309 2608 3455 2663 aliud

1869 2692 2123 2761 quiddam
2156 2695 2416 2759 sentiunt,
2450 2704 2542 2747 aut
2575 2695 2918 2765 profitentur,
2952 2706 3045 2751 aut
3085 2712 3180 2768 per
3207 2699 3454 2755 diversos

1873 2793 2185 2838 naturarum
2238 2787 2436 2856 gradus
2475 2786 2826 2857 diversasque
2857 2804 3142 2846 mensuras
3190 2788 3452 2848 unitatem

1871 2884 2124 2932 evertunt
2155 2886 2248 2932 aut
2291 2879 2574 2942 dirimunt.
2632 2888 2888 2951 tauquam
2920 2880 3175 2938 Ecclesia:
3203 2883 3378 2939 labem
3405 2894 3464 2942 et

1876 2967 2194 3035 perniciem,
2223 2984 2287 3025 ac
2315 2970 2557 3027 veritatis
2587 2973 2735 3026 virus
2766 2970 3050 3042 ablegatis,
3103 2989 3211 3030 non
3240 2989 3335 3031 eos
3376 2977 3463 3041 in-

184 3069 337 3123 visos
366 3069 651 3129 habentes,
670 3065 764 3120 sed
791 3078 980 3119 eurum
1009 3067 1190 3132 potius
1210 3074 1395 3116 casum
1432 3061 1772 3112 miserantes.
1814 3055 2037 3121 Deinde,
2072 3058 2116 3113 si
2154 3059 2317 3114 vitam
2347 3072 2494 3116 recte
2556 3061 2816 3124 doctrinae
2843 3079 3261 3127 consentaneam
3321 3088 3465 3145 prte-

181 3162 365 3226 stetis,
398 3169 460 3214 ut
508 3173 660 3229 aqua
715 3156 997 3225 utriusque
1033 3154 1252 3209 virtutis
1296 3152 1457 3208 laude
1489 3149 1755 3216 ﬁoreatis,
1795 3162 1860 3207 ac
1911 3165 2021 3206 non
2062 3150 2231 3206 altera
2265 3164 2416 3222 parte
2455 3153 2745 3214 deﬁciatis.

255 3260 361 3312 IA'.
399 3258 463 3310 Οἱ
497 3255 757 3327 βασιλεῖς,
785 3250 1024 3307 αἰδεῖσθε
1046 3250 1147 3323 τὴν
1168 3248 1467 3321 ἁλουργίδα
1488 3263 1504 3279 ’
1540 3245 1772 3318 νομοθε-

184 3356 343 3428 τήσει
382 3354 493 3424 γὰρ
526 3353 624 3404 καὶ
664 3346 986 3420 νομοθέταις
1029 3346 1060 3400 ό
1102 3343 1280 3414 λόγος.
1316 3341 1620 3397 Γινώσκετε
1650 3340 1776 3395 ὅσον

183 3446 249 3501 τὸ
285 3443 578 3498 πιστευθὲν
608 3442 756 3513 ὑμῖν,
785 3439 879 3494 καὶ
903 3439 957 3492 τί
986 3438 1048 3491 τὸ
1076 3437 1222 3508 μέγα
1244 3435 1374 3508 περ),
1400 3436 1546 3505 ὑμᾶς
1573 3433 1778 3505 μυστή-

190 3553 329 3609 ριον.
363 3533 584 3604 Κόσμος
611 3532 731 3595 ὅλος
771 3528 878 3583 ὑπὸ
923 3529 1082 3599 χεῖρα
1117 3526 1216 3597 τὴν
1254 3525 1552 3597 ὑμετέραν,
1597 3522 1780 3593 διαδή-

194 3643 328 3698 ματι
362 3623 544 3696 μικρῷ
576 3622 672 3676 καὶ
703 3620 896 3693 βραχεῖ
929 3619 1107 3691 ρακίῳ
1135 3616 1529 3688 κρατούμενος.
1566 3614 1647 3668 Τὰ
1678 3614 1778 3685 μὲν

189 3721 330 3784 ἀνω,
372 3716 536 3788 μόνου
576 3713 711 3767 Θεοῦ
732 3728 748 3744 ’
782 3711 863 3764 τά’
888 3711 1039 3766 κάτω
1069 3709 1146 3768 δὲ,
1191 3709 1284 3761 καὶ
1319 3706 1493 3778 ὑμῶν.
1536 3704 1662 3759 Θεοὶ
1688 3704 1780 3773 γέ-

190 3811 353 3866 νεσθε
384 3809 495 3879 (10)
524 3809 637 3869 τοῖς
671 3803 757 3874 ὑφ’
792 3803 959 3874 ὑμᾶς,
989 3802 1058 3854 ἶν’
1085 3799 1225 3853 εἴπω
1246 3815 1299 3851 τι
1325 3797 1418 3850 καὶ
1447 3795 1778 3866 τολμηρότε-

194 3922 310 3978 ρον.
342 3900 567 3969 Καρδίιι
596 3896 904 3962 ,βασιλέως
931 3894 1000 3946 ἐν
1026 3891 1178 3961 χειρί
1209 3889 1380 3952 Θεοῦ,
1415 3889 1510 3941 καὶ
1539 3887 1777 3960 εἴρηται,

193 3977 289 4051 παὶ
315 3990 654 4046 πιστεύεται.
699 3984 964 4040 Ἐνταῦθα
991 3983 1133 4036 ἔστω
1158 3982 1218 4035 τὸ
1244 3981 1616 4051 κράτοςηὺμῖν,
1646 3977 1781 4031 ἀλλὰ

198 4089 276 4163 μὴ
321 4085 401 4157 τῷ
444 4080 633 4155 χρυσῷ
672 4080 767 4133 καὶ
804 4080 922 4140 ταῖς
961 4075 1249 4145 φάλαγξιν.
1286 4068 1349 4124 Οἱ
1379 4072 1507 4142 περὶ
1534 4072 1603 4163 τὰ
1631 4069 1782 4163 βᾳσί-

191 4161 315 4238 λεια
348 4180 443 4234 καὶ
484 4178 610 4239 τοὺς
662 4173 906 4245 θρόνους,
968 4170 1042 4241 μὴ
1100 4167 1304 4265 σφόδρα
1352 4167 1476 4265 ταῖς
1508 4161 1776 4265 ἐξουσίαις
1810 4210 1851 4265 D

197 4268 535 4341 ἐπαίρεσθε,
570 4265 704 4336 μηδὲ
744 4263 989 4317 ἀθάνατα
1018 4257 1315 4313 διανοεῖσθε
1360 4255 1488 4325 περὶ
1532 4254 1640 4306 τῶν
1676 4253 1777 4306 οὐκ

196 4360 504 4418 ἀθανάτων.
537 4355 728 4410 Πιστοὶ
756 4354 947 4426 μένετε
970 4353 1082 4415 τοῖς
1110 4347 1407 4422 βασιλεῦσι,
1436 4344 1557 4417 Θεῷ
1575 4345 1631 4397 δὲ
1660 4343 1788 4416 πρό-

197 4471 381 4527 τερον,
424 4451 491 4504 δι’
527 4450 586 4504 ὃν
628 4450 723 4503 καὶ
753 4447 961 4510 τούτοις
1006 4438 1089 4509 οἷς
1130 4441 1521 4511 ἐπιστεύθητε,
1573 4440 1666 4493 καὶ
1702 4431 1786 4501 οἷς

195 4540 596 4615 παραδέδοσθε.
629 4540 695 4592 Οἱ
731 4537 791 4591 τὸ
822 4537 979 4603 γένος
1019 4532 1396 4606 κομπάζοντες
1420 4570 1436 4593 ,
1465 4529 1558 4583 τὸν
1585 4527 1785 4601 τρόπον

197 4636 591 4706 ἑξευγενίσατε
612 4650 628 4665 ·
674 4631 709 4704 ἢ
734 4629 1037 4702 φθέγξομαι
1060 4646 1114 4681 τι
1143 4626 1250 4681 τῶν
1274 4625 1453 4696 ἀηδῶν
1480 4623 1600 4694 μὲν,
1631 4621 1787 4688 εὐγε-

197 4732 308 4807 vi»):
338 4728 429 4793 δέ.
470 4726 607 4779 Τότε
647 4723 757 4796 γὰρ
789 4722 987 4792 ἀληθὲς
1034 4717 1146 4788 (ll)
1179 4716 1564 4785 εὐγενέστατον
1719 4713 1785 4766 ἄν

199 4802 343 4877 τιτὸ
373 4817 664 4889 ὑμέτερον,
697 4815 747 4867 εί
778 4813 854 4885 μὴ
887 4811 981 4865 καὶ
1005 4809 1172 4863 δέλτοι
1196 4807 1322 4869 τοὺς
1349 4805 1629 4874 δυσγενεῖς
1658 4802 1786 4874 ὑμῖν

198 4910 509 4979 ἀνέγραφον
538 4906 671 4976 (12).

1949 3243 2046 3302 XI.
2116 3246 2516 3316 Imperatores,
2577 3264 2875 3323 purpuram
2943 3254 3274 3321 vereamini;
3335 3268 3463 3311 nam

1878 3351 2061 3396 sermo
2117 3348 2307 3394 noster
2348 3339 2746 3407 legislatoribus
2781 3359 2997 3415 quoque
3043 3344 3185 3415 leges
3238 3354 3461 3402 statuet.

1879 3429 2206 3498 Cognoscite
2235 3439 2498 3499 quantum
2536 3434 2589 3487 id
2622 3435 2717 3499 sit,
2756 3436 2899 3503 quod
2944 3445 3133 3491 vestra:
3165 3432 3285 3491 ﬁdei
3318 3452 3466 3490 com-

1885 3521 2109 3577 missum
2140 3530 2243 3586 est,
2273 3532 2641 3592 quantumque
2675 3524 2825 3579 circa
2859 3540 2952 3579 vos
2992 3527 3327 3596 mysterium.
3363 3524 3468 3581 Or-

1886 3616 1967 3669 bis
1995 3614 2276 3668 universus
2297 3618 2398 3671 sub
2426 3632 2584 3671 manu
2613 3628 2792 3673 vestra
2816 3627 2918 3681 est,
2946 3618 3254 3679 diademate
3276 3634 3464 3688 parvo,

1885 3716 2047 3775 atque
2078 3708 2274 3776 exiguo
2307 3723 2481 3778 panno
2511 3709 2803 3764 coercitus.
2855 3708 3061 3777 Supera
3094 3711 3331 3780 quidem,
3377 3726 3471 3766 so-

1886 3798 1990 3852 lius
2044 3799 2135 3853 Dei
2189 3810 2346 3864 sunt;
2396 3798 2563 3853 infera
2622 3810 2825 3865 autem,
2864 3810 3041 3855 vestra
3101 3802 3262 3856 etiam
3317 3812 3466 3857 sunt.

1887 3888 2128 3946 Subditis
2151 3893 2348 3946 vestris
2378 3892 2507 3946 deos
2539 3906 2633 3944 vos
2663 3892 2922 3960 pnebete,
2960 3901 3019 3945 ut
3072 3892 3328 3947 audacius
3355 3892 3460 3945 ali-

1886 3983 2015 4054 quid
2057 3982 2257 4037 dicam.
2320 3980 2426 4038 Cor
2475 3984 2610 4053 regis
2662 3984 2714 4035 in
2771 3999 2931 4035 manu
3006 3982 3102 4035 Dei
3152 3996 3248 4044 est,
3298 3993 3358 4037 ut
3400 3999 3467 4039 ex

1887 4069 2167 4137 Scriptura
2198 4068 2446 4122 audimus
2476 4066 2538 4129 “,
2580 4081 2644 4120 ac
2700 4066 2993 4120 credimus.
3053 4065 3149 4120 llic
3184 4067 3468 4135 imperium

1888 4171 2127 4214 vestrum
2157 4160 2248 4224 sit,
2285 4174 2387 4213 non
2441 4169 2620 4213 autem
2658 4159 2710 4211 in
2745 4173 2879 4211 auro
2912 4171 2967 4213 et
3012 4159 3063 4211 in
3117 4157 3467 4212 exercitibus.

1886 4251 2081 4316 Aulici,
2112 4266 2363 4321 proceres
2408 4265 2471 4304 ac
2497 4250 2818 4304 sublimibus
2868 4250 3077 4304 tiu-onis
3117 4257 3172 4303 et
3224 4250 3458 4320 dignita-

1888 4345 2034 4399 tibus
2062 4344 2320 4415 iusignes,
2368 4357 2435 4397 ne
2461 4344 2530 4397 ob
2578 4342 2873 4411 potentiam
2909 4356 3229 4410 magnopere
3262 4342 3473 4394 animos

1889 4433 2150 4498 eﬂ‘eratis,
2204 4449 2305 4489 nec
2340 4433 2406 4488 de
2454 4432 2771 4486 mortalibus
2838 4431 2996 4485 rebus
3059 4440 3314 4500 tauquam
3371 4431 3474 4483 int-

1896 4526 2217 4582 mortalibus
2249 4525 2523 4595 cogitetis.
2554 4524 2740 4580 Fidem
2773 4522 3192 4592 imperatoribus
3236 4530 3469 4585 servate,

1891 4621 1985 4676 sed
2015 4621 2163 4690 prius
2197 4620 2330 4682 Deo,
2355 4625 2579 4687 propter
2612 4630 2773 4684 quem
2798 4616 2881 4669 bis
2907 4614 3071 4667 etiam
3102 4614 3297 4684 quibus
3324 4629 3471 4668 com-

1894 4714 2041 4769 missi
2081 4725 2137 4768 et
2173 4712 2351 4767 traditi
2394 4710 2548 4766 estis.
2589 4707 2689 4773 Qui
2746 4707 2959 4776 generis
3010 4706 3344 4775 splendorem
3386 4704 3472 4773 ja—

1891 4803 2075 4868 ctatis,
2112 4804 2240 4857 date
2292 4817 2511 4870 operam
2548 4809 2606 4852 ut
2646 4812 2826 4851 mores
2869 4811 3083 4867 quoque
3133 4797 3472 4851 nobilitatis:

1891 4903 1985 4947 aut
2032 4894 2233 4963 aliquid
2283 4896 2484 4958 dicam,
2544 4891 2891 4963 injucundum
2937 4888 3151 4957 quidem
3200 4895 3254 4942 et
3308 4887 3475 4942 mole-

202 5011 373 5062 stum,
405 4999 662 5052 atnobile
689 5002 941 5048 tamenet
978 5003 1321 5061 generosum.
1363 4984 1495 5040 Nam
1522 4994 1633 5037 tum
1665 4997 1787 5038 vere
1828 4983 2197 5039 nobilissimus
2262 4995 2406 5039 esset
2471 4985 2605 5039 ordo
2641 4996 2840 5050 vester,
2882 4985 2925 5041 si
2962 4983 3222 5056 ignobiles
3267 4984 3476 5040 tabellis

201 5093 404 5147 vestris
432 5106 538 5145 non
570 5087 985 5145 ascriberentur.

269 5227 345 5285 ⁸1
373 5228 568 5285 Thess.
601 5241 667 5292 ιι,
693 5225 782 5293 19,
804 5223 897 5279 20.
975 5223 1020 5254 "
1048 5218 1155 5274 Tit.
1184 5216 1359 5283 ιιι,1ιι.
1441 5216 1482 5247 ¹⁸
1509 5213 1670 5268 Prov.
1700 5226 1813 5270 xxt.
1842 5211 1895 5266 l.

300 5367 358 5430 ι)
398 5364 608 5419 Ταῦτα.
635 5361 771 5433 Reg.
802 5362 916 5425 bm,
947 5358 1194 5433 ταύταις.

302 5425 358 5506 5)
386 5435 672 5489 Γένεσθε.
711 5425 841 5501 Reg.
879 5432 990 5506 bin,
1022 5425 1295 5506 γενέσθαι.

278 5502 357 5577 (6)
409 5506 540 5577 Τοῖς
597 5502 979 5577 τεκτονικοῖς.

203 5570 377 5637 Coisl.
413 5575 467 5637 1,
497 5585 630 5638 etc.,
663 5576 773 5636 τοῖς
798 5570 1120 5640 τεκτονικῆς

873 5565 1126 5655 ξτονικῆς
1216 5565 1509 5636 γραφικῆς.

278 5648 359 5719 (7)
392 5642 730 5719 QOTGK‘LOI'.
760 5644 809 5719 l_,
841 5642 1001 5719 οὕτω.

242 5752 249 5761 -
400 5706 711 5785 'l‘aepsfw.
771 5711 905 5783 Reg.
960 5712 1072 5781 bm,
1102 5719 1330 5782 quatuor
1351 5710 1503 5767 Colb.
1538 5718 1588 5765 et
1623 5706 1713 5763 0r.
1749 5706 1800 5772 l,

1083 5513 1202 5567 egg.
1254 5512 1306 5559 a,
1342 5492 1396 5559 b,
1432 5500 1569 5567 _tres
1618 5495 1796 5563 Colb.,

1902 5348 2176 5425 ὑπέρσχωο
2207 5347 2350 5425 Bas_..
2381 5344 2651 5425 ὑπερέκω·
3028 5423 3048 5425 θλ
3072 5406 3099 5425 .,

1996 5404 2052 5489 ti)
2078 5404 2470 5489 Ἆκλινῆκαζ.
2490 5404 2881 5489 Ἱιῇἰιοιιιιιιιίὶε,
2915 5405 3109 5478 ἀκλινῆ
3136 5423 3195 5460 τε
3221 5404 3331 5462 καί.

1884 5486 1889 5489 ⁸
1976 5480 2088 5556 (10)
2116 5480 2397 5542 Γένεσθε.
2425 5485 2518 5539 Or.
2548 5487 2601 5549 1,
2636 5480 2868 5556 γίνεσθε.

2004 5552 2087 5631 ll)
2127 5556 2383 5631 Ἀληθές.
2418 5552 2863 5631 ποι-Ψίάληθῶς.
2898 5554 3049 5631 Eutr.

1977 5614 2090 5696 (ιε)
2125 5614 2494 5697 ἐνέγράφοη
2531 5614 2623 5697 sic
2647 5614 2774 5697 θεῖς,
2808 5624 2900 5697 hu,
2956 5616 3167 5676 Coisl.l
3201 5626 3253 5673 et
3285 5614 3475 5675 Comb.

1911 5701 2001 5760 Sic
2038 5694 2202 5759 etiam
2231 5694 2586 5768 legitBillius.
2613 5696 2671 5751 ιιι
2709 5694 2820 5760 ed.,
2847 5696 3101 5769 ἔγραφον.
