3910 6214
413 255 519 314 279

1626 254 1684 309 S.
1726 255 2057 312 GREGORII
2092 252 2437 311 THEOLOGI

3554 247 3661 302 280

479 375 595 430 XII.
628 372 939 445 Sapientes,
985 383 1042 430 et
1070 373 1396 445 philosophi,
1428 383 1483 430 et
1523 376 1691 432 barba
1720 393 1785 432 ac
1826 379 1987 448 pallio

2159 379 2261 432 IB'.
2290 379 2353 430 Οἱ
2389 376 2563 446 σοφοὶ,
2594 373 2688 428 καὶ
2714 373 3014 443 φιλόσοφοι,
3047 389 3142 426 και
3169 373 3354 449 σεμνοὶ
3385 373 3485 441 τὴν
3517 373 3662 442 ὑπή-

406 467 724 531 venerandi,
782 480 990 536 vosque
1036 466 1292 535 sophista:
1329 475 1384 522 et
1423 468 1829 533 grammatistae,
1885 486 1982 540 pu-

406 553 642 623 blicique
676 553 896 623 plausus
920 563 1245 623 captatores,
1275 554 1416 611 haud
1469 557 1582 613 scio
1612 573 1844 626 quonam
1889 574 1984 628 pa-

406 656 498 699 eto
528 644 800 714 sapientes
856 645 1109 715 appellari
1161 646 1397 714 possitis,
1427 648 1685 716 primario
1736 665 1985 705 sermone

410 748 474 789 ac
508 735 754 789 doctrina
792 745 1062 790 carentes.
1119 735 1219 802 Qui
1270 737 1462 806 opibus
1508 739 1759 805 studetis,
1804 742 1984 796 audite

408 825 736 895 PrOpbetam
776 829 1041 883 dicentem
1076 846 1090 882 :
1130 829 1343 883 Divitiae
1372 831 1418 882 si
1443 830 1677 901 amuant,
1708 833 1869 886 nolite
1896 849 1987 886 cor

410 933 672 987 apponere
705 918 747 951 “
780 937 795 972 :
828 921 1021 974 scitote
1056 935 1152 974 vos
1196 934 1256 975 re
1285 920 1489 975 incerta
1511 932 1565 974 et
1597 919 1770 991 fragili
1802 922 1898 977 niti
1931 933 1986 978 et

408 1004 704 1058 conlidere.
733 1004 934 1059 Navem
971 1006 1245 1073 paululum
1293 1023 1550 1072 exonera,
1581 1019 1638 1064 ut
1682 1011 1851 1067 levius
1882 1027 1984 1066 na-

407 1093 580 1162 viges.
612 1093 765 1150 Hosti
801 1097 1031 1153 fortasse
1058 1097 1260 1167 aliquid
1296 1100 1577 1169 eripueris,
1607 1102 1671 1156 ad
1700 1117 1858 1170 quem
1905 1101 1983 1156 la-

410 1182 641 1238 cnltates
695 1192 802 1239 tua:
835 1185 1205 1241 devolventur.
1255 1185 1357 1253 Qui
1416 1188 1625 1244 deliciis
1678 1190 1983 1262 indulgetis,

409 1272 612 1342 aliquid
646 1273 809 1345 643
863 1276 1021 1345 genio
1058 1285 1114 1329 et
1156 1278 1333 1332 ventri
1376 1279 1711 1345 subtrahite,
1764 1297 1828 1337 ac
1872 1283 1984 1351 spi-

407 1363 534 1418 ritui
566 1365 707 1420 date.
739 1365 797 1418 lu
829 1369 1130 1437 propinquo
1162 1377 1244 1423 est
1274 1383 1476 1439 pauper
1505 1385 1521 1424 :
1557 1370 1741 1427 morbo
1767 1387 1988 1426 succur-

405 1471 466 1509 re
501 1472 514 1510 :
551 1454 756 1525 aliquid
810 1471 1019 1524 eorum,
1059 1473 1178 1527 quae
1227 1460 1324 1514 tibi
1379 1461 1703 1527 redundant,
1747 1462 1800 1517 in
1843 1462 1988 1520 hunc

406 1558 594 1602 eructa
647 1558 702 1603 et
750 1564 960 1604 evome.
998 1549 1109 1605 Cur
1144 1560 1369 1621 uterque
1411 1562 1649 1609 vestrum
1701 1555 1985 1625 premitur,

410 1647 464 1689 lu
497 1637 787 1702 cruditate,
819 1637 907 1691 ille
938 1636 1117 1692 fame?
1177 1648 1231 1693 tu
1264 1641 1505 1710 crapula,
1532 1643 1621 1700 ille
1647 1662 1784 1717 aqua
1816 1651 1985 1705 inter-
2012 1679 2014 1682 ν

406 1726 570 1781 cute?
618 1727 698 1780 'l‘u
730 1728 1068 1784 saturitatem
1101 1732 1384 1786 saturitate
1427 1749 1678 1804 gravaris,
1710 1739 1799 1795 ille
1837 1758 1985 1796 mor-
2015 1721 2058 1775 Β

406 1816 478 1870 bo
507 1816 805 1871 vacillans?
839 1816 916 1872 Ne
942 1818 1206 1874 Lazarum
1242 1833 1388 1876 tuum
1448 1825 1536 1880 hic
1584 1833 1891 1897 asperneris
1918 1832 1984 1898 ’³,

408 1914 470 1957 ut
497 1920 564 1958 ne
597 1914 647 1956 te
688 1906 807 1974 ipse
838 1907 889 1960 in
922 1907 1102 1964 futuro
1148 1925 1263 1966 aevo
1290 1913 1443 1967 diviti
1475 1915 1547 1969 illi
1578 1918 1807 1973 similem
1861 1922 1987 1975 red-

409 1996 523 2048 dat.
557 1994 666 2050 Vos
706 2012 913 2064 magna:
945 1999 1095 2053 urbis
1132 2001 1299 2067 cives,
1332 2004 1420 2072 qui
1450 2006 1608 2074 primi
1656 2009 1834 2063 statim
1869 2019 1988 2080 post

408 2086 638 2157 primam
667 2089 818 2156 esris,
851 2099 945 2143 aut
980 2106 1048 2145 ne
1071 2092 1123 2147 id
1144 2095 1358 2161 quidem
1386 2096 1437 2150 ei
1462 2100 1778 2169 conceditis,
1806 2114 1987 2158 osten-

408 2181 522 2235 dite
564 2194 661 2236 vos
709 2184 840 2237 mihi
895 2185 1100 2253 primos
1143 2202 1284 2252 esse,
1336 2204 1439 2242 non
1500 2190 1861 2260 improbitate.
1893 2202 1987 2251 sed

408 2269 645 2338 virtute;
686 2289 793 2328 non
831 2288 1042 2328 morum
1078 2276 1432 2334 dissolutione
1477 2295 1542 2336 ac
1592 2283 1835 2351 mollitie,
1892 2286 1986 2340 sed

409 2362 629 2431 Optimis
671 2363 902 2433 legibus.
955 2365 1134 2435 Turpe
1181 2368 1323 2423 enim
1365 2370 1546 2435 fuerit,
1585 2374 1629 2428 si
1692 2375 1807 2430 bzrc
1858 2377 1987 2432 urbs

410 2453 485 2508 ita
522 2453 744 2510 urbibus
777 2457 898 2512 aliis
943 2467 1181 2528 prmstet,
1216 2470 1275 2515 ut
1312 2472 1488 2517 tamen
1520 2464 1880 2536 voluptatibus
1900 2482 1989 2523 ce-

411 2544 537 2609 dat;
592 2554 684 2600 aut
731 2558 929 2602 caetera
973 2551 1188 2618 quidem
1241 2553 1418 2621 gravis
1469 2565 1523 2610 et
1564 2558 1840 2613 moderata
1892 2559 1983 2625 sit,

410 2655 598 2695 verum
621 2642 765 2697 circa
794 2642 949 2698 ludos
982 2644 1284 2711 circenses,
1315 2656 1370 2703 et
1419 2651 1743 2718 spectacula,
1781 2661 1834 2707 et
1859 2668 1986 2709 cur-

409 2744 505 2787 sus
529 2747 595 2787 ac
619 2734 935 2791 venationes
965 2735 1103 2791 adeo
1135 2737 1390 2803 insaniat,
1428 2750 1490 2795 ut
1519 2742 1635 2797 hac
1660 2758 1757 2812 pro
1788 2744 1893 2799 vita
1932 2754 1987 2800 et

411 2821 555 2880 serio
600 2825 831 2894 quodam
880 2827 1129 2884 instituto
1182 2830 1400 2897 habeat,
1433 2842 1594 2903 atque
1642 2835 1791 2904 urbs,
1849 2836 1989 2892 inter

413 2913 574 2970 nrbes
599 2915 959 2986 principatum
986 2926 1197 2984 tenens,
1225 2920 1521 2976 ludentium
1550 2924 1678 2980 urbs
1706 2925 1796 2988 sit,
1826 2941 1985 2994 quam

412 3004 535 3059 aliis
579 3021 796 3076 quoque
846 3007 1110 3063 virtutum
1154 3012 1392 3066 omnium
1446 3013 1691 3082 exempla
1748 3015 1989 3082 praebere

2083 487 2182 541 νην
2208 468 2304 523 καὶ
2325 468 2387 521 τὸ
2415 464 2722 539 τριϐώνιον,
2742 466 2790 519 οἱ
2813 464 3084 533 σοφισταὶ,
3105 461 3200 516 καὶ
3221 462 3662 534 γραμματισταὶ,

2084 561 2179 615 καὶ
2208 559 2320 613 τῶν
2357 556 2634 629 δημοσίων
2667 555 2928 627 θηρευταὶ
2964 553 3175 626 κρότων
3198 591 3215 617 ,
3250 552 3351 605 οὐκ
3397 547 3514 605 οἶδα
3545 550 3663 612 πῶς

2085 653 2152 708 ἂν
2183 652 2337 721 σοφοὶ
2368 649 2660 723 κληθείητε
2697 648 2831 718 (15),
2858 646 2950 700 τὸν
2982 645 3200 719 πρῶτον
3234 644 3393 713 λόγον
3418 644 3530 710 (14)
3562 643 3665 697 οὐκ

2082 744 2320 815 ἔχοντες.
2353 743 2415 795 Οἱ
2444 740 2575 813 περὶ
2596 740 2687 794 τὸν
2714 737 2965 802 πλοῦτον,
2983 736 3251 791 ἀκούσατε
3274 734 3368 789 τοῦ
3389 735 3661 805 λέγοντος·

2084 834 2353 900 Πλοῦτος
2402 833 2510 887 ἐὰν
2540 830 2674 900 ῥέῃ,
2712 829 2799 901 μὴ
2851 830 3243 898 προστίθεσθε
3277 827 3510 895 καρδίᾳ·
3548 826 3662 880 ἴστε

2085 927 2415 999 θαρροῦντες
2446 923 2686 995 ἀϐεϐαίῳ
2714 924 3025 993 πράγματι.
3065 920 3452 991 Ἀποφόρτισαί
3481 938 3535 973 τι
3563 921 3663 991 τῆς

2086 1020 2237 1090 νηὸς,
2272 1017 2360 1073 ἵνα
2386 1016 2554 1088 πλέῃς
2587 1014 2935 1084 κουφότερος.
2972 1010 3196 1083 Ἐχθροῦ
3225 1028 3279 1064 τι
3308 1011 3468 1080 τυχὸν
3499 1012 3665 1080 ὑφαι-

2088 1114 2297 1185 ρήσεις,
2333 1110 2414 1172 εἰς
2440 1109 2500 1161 ὃν
2523 1107 2593 1162 τὰ
2623 1105 2693 1159 σὰ
2725 1105 3133 1177 περιστήσεται.
3164 1100 3230 1156 Ol
3260 1104 3390 1173 περὶ
3413 1103 3512 1173 τὴν
3535 1120 3668 1174 τρυ-

2087 1202 2192 1275 φὴν
2253 1200 2390 1273 (15),
2438 1197 2666 1267 ὑφέλετὲ
2717 1213 2771 1249 τι
2823 1194 2924 1265 τῆς
2971 1193 3208 1266 γαστρὸς
3253 1193 3390 1262 (16),
3430 1194 3548 1247 δότε
3584 1192 3668 1264 τῷ

2088 1295 2383 1363 τωεύματι.
2430 1291 2628 1359 Ἐγγὺς
2655 1289 2685 1341 ὁ
2709 1287 2878 1357 πένης
2901 1304 2915 1316 ·
2958 1288 3026 1357 τῇ
3056 1285 3195 1356 νόσῳ
3239 1284 3535 1358 βοήθησονο
3584 1288 3667 1350 είς

2085 1384 2276 1439 τοῦτον
2296 1380 2664 1455 ἅπέρευξαίτι
2689 1378 2797 1432 τῶν
2824 1376 3110 1450 περιττῶν.
3145 1377 3211 1430 Τί
3235 1379 3413 1432 καὶσὺ
3436 1378 3669 1449 κάμνεις

2087 1475 2370 1537 ἁπεπτῶν,
2399 1474 2494 1528 καὶ
2521 1465 2677 1536 οὗτος
2707 1469 2941 1534 πεινῶν;
2967 1470 3062 1522 καὶ
3106 1471 3170 1523 σὺ
3198 1469 3540 1542 κραιπαλῶν,
3571 1467 3669 1522 καὶ

2086 1559 2241 1628 οὗτος
2278 1562 2544 1634 ὑδεριῶν;
2593 1560 2688 1614 καὶ
2728 1560 2794 1613 σὺ
2835 1558 2984 1629 κόρῳ
3028 1557 3188 1629 κόρον
3237 1558 3346 1628 (17)
3393 1556 3666 1628 βαρύνων,

2087 1657 2180 1710 καὶ
2204 1649 2359 1715 οὗτος
2383 1651 2846 1726 περιτρεπόμενος
2863 1652 3006 1723 νόσῳ
3026 1668 3040 1715 ;
3081 1651 3168 1722 Μὴ
3195 1651 3428 1722 παρίδῃς
3451 1650 3543 1704 τὸν
3574 1649 3669 1703 σὺν

2092 1745 2346 1819 Λάζαρον
2379 1744 2632 1807 ἐνταῦθα,
2680 1745 2753 1815 μή
2795 1760 2855 1796 σε
2892 1744 3094 1814 ποιήσῃ
3126 1743 3216 1796 τὸν
3264 1741 3474 1796 ἐκεῖθεν
3504 1740 3672 1795 πλού-

2095 1855 2228 1892 σιον.
2277 1837 2533 1907 Ὑμεῖςή
2578 1834 2786 1906 μεγάλη
2820 1834 2974 1896 πόλις
3014 1834 3148 1903 (18),
3179 1835 3227 1887 οἱ
3274 1833 3480 1905 πρῶτοι
3528 1834 3670 1905 μετὰ

2092 1930 2190 2001 τὴν
2239 1927 2462 2000 πρώτην
2512 1927 2737 1991 εὐθέως,
2790 1926 2822 1997 ἢ
2879 1926 3015 1996 μηδὲ
3058 1926 3168 1995 (l9)
3199 1925 3353 1993 τοῦτο
3401 1942 3670 1996 παραχω-

2094 2017 2334 2090 ροῦντες,
2367 2017 2570 2087 φάνητε
2607 2032 2697 2087 μοι
2744 2014 2969 2086 πρῶτοι,
3014 2014 3090 2085 μὴ
3133 2012 3228 2085 τὴν
3266 2013 3498 2077 κακίαν,
3531 2012 3671 2067 ἀλλὰ

2091 2108 2190 2181 τὴν
2241 2109 2476 2179 ἀρετήν’
2521 2107 2597 2177 μὴ
2638 2106 2739 2178 τὴν
2767 2105 3005 2169 ἔκλυσιν,
3060 2104 3195 2158 ἀλλὰ
3252 2104 3349 2175 τὴν
3387 2103 3667 2174 εὐνομίαν.

2104 2202 2191 2265 Ὡς
2229 2201 2374 2254 ἔστιν
2402 2199 2645 2270 αἰσχρὸν,
2673 2197 2783 2251 τῶν
2825 2198 2923 2269 μὲν
2951 2195 3158 2251 πόλεων
3199 2198 3441 2267 κρατεῖν,
3473 2195 3584 2248 τῶν
3609 2195 3672 2249 δὲ

2094 2293 2294 2366 ἡδονῶν
2334 2290 2597 2363 ἡττᾶσθαι
2617 2306 2630 2318 ⁸
2659 2289 2693 2360 ἢ
2722 2289 2791 2343 τὰ
2828 2289 2926 2360 μὲν
2951 2288 3084 2342 ἄλλα
3107 2290 3424 2358 σωφρονεῖν,
3457 2286 3587 2358 περὶ
3610 2286 3672 2339 δὲ
3716 2322 3722 2326 -

2091 2385 2219 2448 τοὺς
2248 2383 2529 2445 ἱππικοὺς,
2559 2380 2744 2434 καὶτὰ
2768 2379 2987 2449 θέατρα,
3014 2378 3109 2432 καὶ
3138 2379 3208 2431 τὰ
3235 2377 3443 2443 στάδια,
3476 2378 3570 2430 καὶ
3598 2375 3673 2429 τὰ

2092 2473 2392 2544 κυνηγέσια
2416 2470 2670 2525 τοσοῦτον
2696 2468 3018 2541 μεμηνέναι,
3040 2466 3182 2521 ὥστε
3201 2466 3374 2520 ταῦτα
3396 2465 3671 2519 ποιεῖσθαι

2094 2564 2207 2635 βίον
2229 2605 2244 2624 ,
2278 2564 2372 2617 καὶ
2402 2562 2555 2616 πόλιν
2599 2557 2739 2615 εἴναι
2769 2558 3071 2622 παιζόντων
3099 2558 3197 2627 τὴν
3228 2558 3451 2628 πρώτην
3483 2559 3541 2611 ὲν
3566 2555 3671 2609 πό-

2093 2656 2261 2722 λεσιν,
2291 2654 2358 2724 ἢν
2385 2655 2482 2707 καὶ
2522 2655 2640 2714 ταῖς
2669 2650 2857 2712 ἄλλαις
2883 2649 3053 2702 τύπον
3086 2645 3224 2702 εἶναι
3263 2647 3430 2702 καλοῦ
3465 2646 3671 2710 παντὸς

2098 2746 2565 2818 πρεπωδέστερον.
2599 2743 2783 2797 Ταῦτα
2812 2741 3125 2796 διαπτύοιτε
3157 2739 3267 2811 (20)
3287 2781 3303 2804 ,
3330 2739 3464 2793 Θεοῦ
3511 2738 3671 2801 πόλις

2094 2835 2275 2908 εἴητε.
2307 2835 2399 2887 ἐπὶ
2434 2833 2542 2887 τῶν
2580 2831 2780 2904 χειρῶν
2816 2829 2908 2883 τοῦ
2943 2830 3152 2902 Κυρίου
3190 2826 3671 2899 ζωγραφηθείητε,

2093 2927 2189 2980 καὶ
2233 2923 2681 2998 παραστήσαισθε
2728 2923 2839 2994 (21)
2883 2923 2980 2977 σὺν
3018 2924 3153 2993 ἡμῖν
3189 2920 3268 2991 τῷ
3309 2919 3527 2991 μεγάλῳ
3571 2933 3675 2971 πο-

2093 3016 2249 3088 λιστῇ
2284 3016 2526 3087 λαμπροὶ
2554 3012 2821 3085 λαμπρῶς
2851 3011 3099 3083 ὕστερον.
3134 3010 3304 3064 Τοῦτο
3330 3011 3474 3080 ὑμᾶς
3502 3009 3674 3077 εὐαγ-

413 3072 828 3167 multo‘aequius
872 3109 1009 3163 erat,
1067 3108 1123 3155 et
1176 3102 1580 3171 congruentius.
1606 3072 1840 3159 -Utin'am
1874 3105 1988 3164 haec

2096 3072 2376 3179 γελίξομαὶ
2423 3072 2483 3161 έν
2528 3072 2677 3177 αὖτῷ
2715 3072 2937 3177 δίρῖστῷ
2979 3072 3057 3175 τῷ
3096 3102 3289 3173 Κυρίῳ
3332 3072 3524 3172 ἡμῶν·
3547 3092 3592 3168 ᾧ
3615 3072 3672 3171 -ἠ

414 3185 707 3256 abjiciatis,
738 3187 940 3243 utinam
973 3188 1066 3243 Dei
1101 3189 1294 3246 civitas
1338 3192 1480 3260 sitis,
1514 3202 1677 3264 atque
1710 3193 1764 3248 in
1815 3197 1988 3250 maui-

2090 3199 2238 3264 δόξα,
2279 3198 2435 3270 τιμὴ,
2481 3199 2681 3270 κράτος
2724 3202 2803 3263 εἰς
2845 3199 2969 3263 τοὺς
2999 3197 3222 3260 αἰῶνας.
3266 3195 3460 3265 Ἀμήν.

414 3272 515 3328 bus
542 3270 756 3329 Domini
797 3277 1179 3347 depingamini,
1226 3294 1290 3334 ac
1318 3282 1532 3336 tandem
1565 3283 1846 3339 nobiscum
1912 3301 2107 3356 magno
2166 3291 2379 3344 urbium
2443 3289 2724 3344 Conditori
2791 3289 3056 3359 splendidi
3112 3286 3391 3359 splendide
3443 3281 3671 3337 astetis!

417 3367 572 3423 Hunc
596 3370 749 3423 vobis
792 3370 969 3424 laetum
1002 3372 1247 3428 nuntium
1299 3374 1486 3442 aﬂero,
1518 3377 1572 3432 in
1607 3378 1721 3447 ipso
1751 3379 1968 3436 Christo
2018 3381 2247 3441 Domino
2287 3393 2513 3441 nostro:
2545 3385 2631 3441 cui
2690 3385 2883 3456 gloria,
2953 3385 3125 3439 honor
3169 3393 3225 3439 et
3280 3380 3564 3450 imperium
3613 3376 3673 3431 in

416 3461 630 3517 saecula.
656 3464 846 3518 Amen.

491 3616 534 3646 ”
555 3614 695 3670 Psal.
728 3631 839 3683 ut,
859 3617 945 3672 11.
1025 3618 1069 3650 ⁸³
1090 3617 1220 3673 Luc.
1249 3634 1363 3688 xvr,
1396 3620 1469 3675 20
1497 3635 1653 3691 seqq.

491 3751 978 3825 (151Κληθείητε.
1010 3753 1101 3810 Sic
1145 3756 1301 3811 codd.
1338 3755 1591 3811 Mendose
1638 3755 1694 3810 in
1723 3754 1849 3813 Par.
1879 3758 1989 3825 ed.,

419 3821 643 3893 κληθείη
662 3838 742 3893 τε.

492 3891 605 3962 (14)
632 3891 640 3893 “
665 3891 777 3964 Τὸν
821 3892 1055 3962 πρῶτον
1090 3896 1297 3964 Myer.
1361 3893 1724 3950 «Primarium
1782 3910 1991 3953 sermo-

420 3956 565 4025 nem,
586 3956 615 4013 ’1
658 3963 711 4016 id
738 3972 841 4027 est,
859 3956 892 4016 ἰ
920 3978 1062 4016 verae
1090 3956 1557 4019 lidéi'doctrinam.
1581 3983 1600 4015 1

492 4032 605 4103 (15)
667 4032 928 4101 Τρυφήν.
1001 4032 1093 4088 Sic
1147 4035 1251 4087 duo
1300 4032 1494 4102 Regg.,
1528 4034 1765 4103 quinque
1811 4032 1990 4099 Colb.,

419 4101 903 4189 Coislgﬂmwnnb.’
932 4112 1046 4189 etei;
1080 4102 1134 4155 In
1169 4104 1283 4189 ed.,
1327 4101 1560 4189 τροφῄνξ
1584 4122 1605 4189 ε
1644 4105 1938 4189 alimentis:
1967 4123 1986 4155 1

2098 3758 2293 3822 σίλεια,
2345 3757 2465 3810 οὐδὲ
2511 3760 2578 3827 τῇ
2617 3754 2801 3828 Ῥώμῃ
2859 3755 2967 3828 τῶν
3001 3751 3283 3828 πρωτείων
3322 3751 3673 3828 παρεχώρεῖ*

2101 3829 2299 3900 μᾶλλον
2328 3829 2409 3900 ⁸ᾷὲ
2448 3823 2800 3900 muscam;
2851 3826 2926 3900 ὡς
2979 3823 3359 3900 προσηκόντων
3420 3823 3673 3900 ἀντεποι-

2098 3893 2240 3951 εῖτο·
2286 3917 2305 3949 ι
2326 3897 2826 3967 Magnaprimaque
2869 3893 3377 3958 Constantinopolis,
3408 3902 3527 3959 post
3555 3894 3672 3967 pri-3

2100 3984 2239 4022 mam
2280 3964 2483 4029 statim,
2519 3966 2571 4019 id
2620 3976 2721 4029 est,
2756 3967 3001 4027 Romam,
3032 3978 3173 4032 quae,
3203 3971 3481 4032 propterea
3522 3964 3672 4030 quod

2098 4040 2150 4090 in
2190 4052 2306 4090 eam
2335 4036 2545 4104 imperii
2580 4036 2736 4088 sedes
2768 4038 3025 4088 translata
3051 4030 3303 4104 _era_t_,_ne
3330 4030 3510 4104 Roma:
3531 4033 3670 4104 ,ιιιιί-

2097 4109 2216 4159 dem
2243 4101 2443 4173 primas
2470 4104 2828 4169 concedebat;
2867 4106 2975 4159 imo
2999 4118 3089 4157 eas
3126 4101 3226 4155 sibi
3260 4102 3412 4169 quasi
3462 4102 3544 4156 sui
3573 4101 3635 4170 ju

493 4172 619 4245 (16)Δ
644 4165 940 4242 Γαστρόζι.
1005 4171 1121 4227 Duo
1177 4165 1629 4243 ReﬁgfefCoisl.
1668 4174 1723 4237 1,
1770 4173 1988 4245 σαρκός,

2101 4178 2176 4230 ris
2204 4165 2576 4245 vindicabat.)

423 4256 448 4296 ι
472 4242 674 4296 carnis.
696 4260 717 4293 ι

493 4311 605 4378 (17)
634 4311 802 4383 Ιςόρφ
825 4312 1023 4383 κόρον.
1050 4311 1141 4368 Sic
1163 4322 1270 4368 tres
1293 4310 1708 4383 Regg.,Coisl.l
1743 4320 1799 4368 et
1815 4310 1908 4368 0r.
1942 4312 1995 4371 1.

422 4381 591 4450 Deest
611 4381 769 4450 κόρον
797 4384 845 4433 in
878 4382 963 4435 ed.

494 4449 603 4525 _(_l8)
634 4449 881 4525 Μεγάλη
907 4453 1101 4525 πᾴλις.
1138 4451 1385 4525 Schol._:
1430 4451 1658 4525 Μεγάλη
1685 4451 1780 4525 καὶ.
1808 4452 1997 4525 πρῴτη

419 4520 1077 4593 ή-Κωνσταντινούπολις,
1111 4520 1249 4592 μετὰ
1286 4521 1399 4593 Δτὴν
1422 4520 1656 4593 πρώτην
1670 4520 1864 4593 εὐθὺς,
1882 4520 1998 4593 ἤτοι

419 4587 519 4660 τὴν
563 4587 798 4660 Ῥώμην,
838 4592 872 4660 ἥ
899 4590 986 4644 διὰ
1033 4587 1204 4656 eset;
1236 4587 1406 4663 αὐτῆν
1445 4587 1755 4662 μεταθεῖναι
1786 4592 1856 4646 τὰ
1899 4587 1998 4663 βα·-

2197 4244 2280 4312 19)
2311 4242 2564 4312 Ἢμηδέ.
2594 4241 2758 4296 Coisl.
2784 4242 2835 4305 1,
2863 4243 2913 4294 οἱ
2946 4241 3102 4312 μηδέ.

2192 4308 2280 4377 20)
2338 4308 2526 4367 Τὰῦτα
2560 4312 2916 4366 διαπτύοιτε.
2947 4308 3136 4366 ἀιιὶςι.
3165 4310 3217 4377 1,
3254 4309 3438 4363 Ταῦτα
3484 4308 3670 4364 διατύο

2100 4379 2273 4437 ποιτεζ
2315 4382 2503 4437 Comb.
2532 4393 2587 4436 et
2623 4383 2811 4443 Leuv.,
2849 4384 2944 4435 Ἂν
2998 4379 3170 4435 ταῦτα
3217 4380 3542 4433 διαπτύοιτε.
3606 4379 3667 4433 In

2100 4456 2238 4517 aliis,
2275 4456 2372 4506 Ἂν
2397 4451 2568 4505 ταῦτα
2599 4451 2996 4521 διαπράττοιτε.

2172 4524 2284 4591 (21)
2310 4518 2830 4590 Παραστήσαιάθε.
2870 4520 3008 4591 Duo
3028 4519 3200 4582 Colb.,
3228 4518 3668 4591 παραστήσεσθε.

2100 4591 2157 4647 111
2184 4590 2472 4657 nonnullis,
2507 4590 2969 4663 παραστήσεσθαι.

424 4843 3627 4877 W

791 4996 1549 5110 “"MONITUM
1632 5021 1754 5107 1N
1831 5016 2546 5111 ORATIONEM
2618 5016 3115 5106 XXXVII.

504 5362 758 5444 l._Htec
805 5371 901 5444 est
940 5364 1128 5428 unica
1171 5366 1462 5444 Gregorii
1510 5366 1577 5428 in
1632 5366 2069 5442 evangelicum
2133 5370 2371 5425 textum
2437 5361 2657 5444 oratio_
2687 5378 2804 5444 seu
2858 5355 3150 5444 bomilia.
3216 5357 3673 5444 conjectarunt

432 5441 715 5525 eruditi,
759 5441 1130 5525 nullatenus
1175 5436 1538 5525 verisimile
1595 5461 1761 5519 esse,
1797 5436 2199 5525 Theologum
2249 5461 2325 5503 ex
2356 5451 2481 5525 tam
2529 5441 2747 5525 multis
2795 5436 3223 5525 agupopulum
3270 5436 3673 5525 familiariter

432 5512 833 5582 edocendum
892 5523 1354 5591 concionibus.
1430 5523 1590 5586 hanc
1650 5512 1842 5584 unam
1908 5512 2139 5583 litteris
2203 5521 2537 5583 mandasse
2623 5521 2757 5583 lmo
2815 5512 3261 5579 Tillemonlius
3319 5518 3669 5591 existimat.

438 5597 867 5684 nullumesse
896 5599 1190 5684 dubium,
1227 5604 1399 5684 quin
1421 5603 1635 5684 plures
1669 5600 1868 5680 hujus
1903 5600 2155 5684 generis
2195 5599 2517 5684 orationes
2544 5602 2916 5684 a_Gregori0
2958 5593 3505 5684 Prglalm‘luerint.
3541 5598 3671 5684 ista

429 5677 652 5746 etiam.
685 5679 761 5742 de
793 5696 922 5745 qua
953 5677 1711 5748 agimus.'iosi'videtur
1741 5677 1883 5742 esse
1931 5696 1988 5741 νε

2096 5687 2106 5741 L
2137 5678 2426 5755 quadam
2490 5681 2686 5746 series
2725 5698 2865 5744 seu.
2896 5677 3294 5738 οοιιῐιῑιυιιιὶο
3329 5677 3666 5754 cujusdam
