3910 6214
337 300 446 357 235
1582 301 1640 357 S.
1681 301 2009 358 GREGORII
2048 300 2396 358 THEOLOGI
3488 301 3598 361 284

336 416 494 488 plura
547 412 664 469 loca
734 412 1057 471 sanetilicet.
1110 413 1202 469 Fit
1251 412 1450 468 .lndzeis
1502 422 1756 482 tanquam
1823 413 1918 468 .lua

2057 413 2305 476 Ιουδαὶοις
2361 413 2437 477 ὡς
2511 411 2795 477 Ἰουδαῖος,
2846 413 2935 467 ἵνα
2986 414 3272 477 Ἰουδαίους
3326 414 3596 488 κερδάνῃο

338 507 506 567 (heus,
540 513 600 558 ut
646 501 858 559 Iudaeos
883 503 1183 559 lucrifaciat
1216 520 1232 557 :
1270 503 1376 566 his,
1400 503 1490 570 qui
1510 503 1608 558 sub
1637 502 1751 573 lege
1770 511 1914 567 sunt,

2057 507 2130 567 οἷς
2165 504 2271 557 ὑπὸ
2304 504 2488 573 νόμον,
2532 505 2608 567 ὡς
2651 504 2756 557 ὑπὸ
2801 505 2963 574 νόμον
3022 505 3153 576 (28),
3198 505 3283 558 ἵνα
3330 507 3458 569 τοὺς
3492 505 3600 559 ὑπὸ

341 604 595 663 tanquam
622 594 723 661 legi
751 595 1026 663 subjectus
1049 635 1065 661 ,
1109 604 1168 650 ut
1198 609 1292 649 eos
1312 636 1327 659 ,
1358 596 1448 662 qui
1481 595 1581 648 sub
1608 594 1724 664 lege
1758 603 1915 660 sunt,

2057 596 2181 664 ὁμον
2225 595 2534 668 ἐξαγοράσῃ
2558 616 2571 628 ·
2605 599 2718 660 τοῖς
2765 597 3068 659 ἀσθενέσιν,
3106 597 3181 661 ὡς
3212 596 3465 668 ἀσθενὴς,
3512 599 3600 650 ἵνα

345 685 575 739 redimat
599 702 611 737 :
640 683 893 750 infirmis,
920 694 1169 753 tanquam
1199 682 1466 746 infirmus,
1486 691 1545 736 ut
1571 681 1801 736 inﬁrmis
1826 697 1916 736 sa-

2057 689 2143 751 οὺς
2180 687 2429 752 ἀσθενεῖς
2460 688 2629 759 σώσῃ.
2674 688 2892 742 Γίνεται
2922 689 3098 743 πάντα
3131 690 3316 753 πᾶσιν,
3352 689 3439 741 ἴνα
3471 688 3600 750 τοὺς

343 774 510 830 lutem
548 775 760 830 afferat.
807 776 1002 831 Omnia
1038 775 1288 829 omnibus
1327 774 1575 839 ellicitnr,
1622 784 1682 829 ut
1728 789 1918 830 omnes

2057 779 2225 841 άντας
2268 779 2522 848 κερδάνῃ.
2550 780 2615 832 Τί
2642 779 2700 832 δὲ
2726 778 2888 848 λέγω,
2924 778 3051 846 τοῖς
3080 779 3231 833 πᾶσι
3263 777 3497 844 πάντα;
3529 780 3597 830 Ὃ

345 864 643 921 lucrifaciat
663 866 728 921 ³⁷.
762 866 899 932 Quid
941 866 1082 927 dico,
1112 864 1346 918 omnibus
1376 865 1592 918 omnia?
1617 863 1729 919 lmo
1764 880 1915 931 vero,

2057 869 2156 940 ,ηδὲ
2209 869 2422 933 Παῦλος
2463 868 2574 941 (29)
2626 870 2757 941 περὶ
2789 870 2985 924 ἑαυτοῦ
3037 870 3151 940 (50)
3208 871 3468 941 ἠνέσχετο
3504 868 3598 921 ει-

344 953 488 1024 quod
511 953 708 1008 Paulus
729 954 794 1008 de
816 953 994 1024 seipse
1026 953 1206 1007 dicere
1223 966 1327 1006 non
1358 951 1636 1015 sustinuit,
1666 942 1770 1006 hoc
1793 950 1916 1006 Sal-

2057 962 2159 1025 :siv,
2212 959 2369 1013 τοῦτο
2422 961 2660 1031 εὑρίσκω
2700 961 2812 1032 (51)
2866 962 2958 1015 τὸν
3015 962 3243 1032 Σωτῆρα
3297 962 3595 1031 πάσχοντα.

343 1045 518 1100 vatori
553 1045 843 1116 contigisse
872 1044 1101 1112 reperio.
1138 1042 1253 1098 Non
1295 1044 1440 1097 enim
1469 1040 1685 1097 Iudaeus
1711 1051 1914 1097 tantum

2057 1052 2093 1103 ’ὑ
2128 1049 2238 1122 γὰρ
2278 1053 2531 1115 Ἰουδαῖος
2561 1052 2771 1120 γίνεται
2823 1053 3004 1123 μόνον,
3049 1052 3159 1105 οὐδ’
3196 1053 3296 1105 ὅσα
3327 1053 3435 1105 τῶν
3474 1053 3598 1106 ἀτόο

344 1132 597 1199 eﬂicitur,
626 1148 725 1189 nec
752 1133 1013 1203 quidquid
1059 1132 1413 1188 absurdorum
1453 1140 1506 1186 et
1551 1132 1916 1201 improborum

2057 1159 2135 1194 ῖων
2166 1141 2261 1195 κα)¹
2294 1140 2586 1212 μοχθηρῶν
2614 1142 2894 1213 ὀνομάτων
2921 1144 3001 1205 εἰς
3034 1141 3225 1196 ἑαυτὸν
3254 1141 3595 1212 ἀναδέχεται,

345 1225 621 1279 nominum
648 1233 768 1290 est,
820 1225 874 1278 in
925 1238 985 1279 se
1021 1223 1267 1292 recepit:
1302 1221 1433 1285 sed,
1471 1221 1626 1291 quod
1644 1222 1727 1275 his
1753 1220 1919 1293 646

2057 1229 2152 1283 λλά
2198 1234 2292 1284 καὶ
2317 1231 2346 1284 ὃ
2384 1232 2590 1286 τούτων
2633 1234 2852 1287 πάντων
2889 1231 3266 1303 ἀτοπώτερον,
3310 1231 3406 1285 καὶ
3437 1232 3600 1285 αὑτο-

343 1316 594 1371 omnibus
620 1314 907 1370 absurdius
947 1322 1050 1380 est,
1082 1314 1371 1380 ipsummet
1403 1314 1568 1369 etiam
1598 1324 1877 1383 peccatum
1898 1353 1914 1379 ,

2058 1320 2258 1391 μαρτία
2288 1322 2381 1373 καὶ
2422 1322 2802 1394 αὑτοκατάραο
2829 1324 2930 1376 οὐκ
2976 1322 3092 1374 ἔστι
3126 1322 3224 1392 μὲν
3249 1322 3382 1392 (52),
3408 1323 3598 1378 ἀκούει

344 1418 399 1463 et
425 1408 655 1477 ipsamet
689 1406 1037 1474 maledictio;
1071 1421 1176 1460 non
1206 1406 1348 1475 quod
1381 1415 1661 1473 peccatum
1689 1405 1796 1470 sit,
1821 1407 1915 1460 sed

2057 1413 2091 1465 ἑ.
2127 1413 2251 1475 Πῶς
2287 1412 2396 1484 γὰρ
2439 1414 2707 1485 ἁμαρτία,
2750 1416 2779 1468 6
2827 1414 2924 1467 καὶ
2977 1415 3127 1483 ἡμᾶς
3175 1414 3275 1484 τῆς
3325 1415 3600 1485 ἁμαρτίας

343 1500 486 1569 quod
520 1499 594 1553 ita
621 1499 952 1553 nominetur.
980 1496 1099 1565 Quo
1128 1497 1273 1552 enim
1303 1497 1462 1551 modo
1488 1507 1767 1564 peccatum
1797 1511 1918 1551 esse

2057 1504 2350 1576 λευθερῶνς
2382 1506 2500 1569 πῶς
2530 1506 2588 1559 δὲ
2610 1507 2843 1577 κατάρα,
2866 1508 2895 1558 ὁ
2926 1504 3273 1575 ὲξαγοράζων
3307 1506 3419 1574 (55)
3449 1508 3598 1577 ἡμᾶς

345 1600 532 1661 queat,
567 1591 657 1660 qui
687 1605 785 1646 nos
816 1591 978 1646 etiam
1010 1605 1038 1644 a
1072 1590 1278 1659 peccati
1311 1591 1570 1644 servitute
1600 1589 1655 1644 in
1692 1589 1914 1645 Iiberta-

2057 1610 2080 1646 ιι
2128 1595 2228 1665 τῆς
2281 1596 2528 1664 κατάρας
2575 1595 2666 1649 τοῦ
2720 1596 2921 1667 νόμου;
2965 1596 3105 1649 Ἀλλ’
3152 1597 3238 1649 ἵνα
3286 1598 3382 1650 καὶ
3434 1599 3599 1669 μέχρι

346 1693 454 1737 tem
504 1682 697 1737 asserit
733 1682 813 1737 *3?
855 1682 1135 1749 Quomodo
1180 1681 1529 1747 maledictio,
1577 1682 1667 1750 qui
1703 1697 1732 1735 a
1783 1681 1917 1752 legis

2057 1683 2216 1738 οὑτων
2247 1686 2309 1739 τὸ
2359 1687 2617 1740 ταπεινὸν
2673 1687 3044 1758 ἐπιδείξηται,
3097 1687 3285 1741 τυπῶν
3337 1690 3483 1759 ἡμᾶς
3517 1690 3602 1752 εἰς

345 1776 632 1831 maledicto
666 1792 765 1832 nos
803 1775 1125 1830 redimit"?
1161 1774 1420 1828 Nimirum
1452 1785 1531 1840 ut,
1557 1781 1709 1829 tanto
1749 1775 1923 1828 humi-

2058 1777 2349 1845 απείνωσιν
2395 1778 2495 1832 τὴν
2537 1777 2704 1848 ὕψους
2759 1778 3037 1849 πρόξενον.
3072 1780 3249 1851 Ὅπερ
3298 1775 3390 1833 οὖν
3422 1775 3599 1844 εἷπον,

345 1865 512 1922 litatis
544 1869 687 1923 edito
737 1876 1083 1937 argumento,
1133 1882 1233 1921 nos
1274 1869 1339 1920 ad
1378 1867 1543 1920 animi
1598 1867 1916 1922 submissio-

2057 1869 2206 1931 ,λιεὺς
2270 1869 2513 1937 γίνεται,
2574 1872 2708 1922 πᾶσι
2763 1870 3219 1937 συγκαταϐαίνει,
3270 1870 3598 1942 σαγηνεύει,

347 1972 507 2022 nem,
550 1975 671 2028 quae
701 1958 1091 2013 sublimitatem
1124 1959 1287 2028 parit,
1320 1958 1588 2013 instituat.
1618 1957 1706 2012 Fit
1734 1959 1915 2027 igitur,

2057 1959 2201 2013 πάντα
2225 1961 2428 2028 στέγει,
2456 1960 2522 2014 ἵν’
2551 1961 2663 2031 (54)
2689 1964 2754 2014 ὲκ
2783 1959 2982 2030 βάθους
3003 1961 3095 2015 τὸν
3125 1961 3276 2032 ἰχθὺν
3310 1963 3600 2033 ἀνενέγκῃ,

348 2050 799 2119 quemadmodum
831 2049 965 2112 dixi,
993 2050 1251 2118 piscator,
1280 2050 1347 2104 ad
1367 2065 1556 2104 omnes
1580 2065 1639 2105 se
1665 2050 1917 2116 demittit,

2058 2051 2117 2104 ὸν
2162 2053 2462 2123 νηχόμενον
2514 2054 2572 2105 ὲν
2613 2054 2726 2115 τοῖς
2770 2053 3026 2117 ἀστάτοις
3072 2055 3166 2106 καὶ
3199 2054 3459 2125 ἁλμυροῖς
3506 2050 3604 2108 τοῦ

348 2140 651 2195 everriculo
694 2141 885 2206 utitur,
935 2140 1120 2194 omnia
1155 2140 1380 2209 perfert,
1412 2150 1469 2194 ut
1503 2141 1704 2208 piscem
1733 2155 1762 2193 e
1792 2155 1918 2208 pro-

2057 2143 2144 2196 tou
2179 2144 2420 2216 κύμασιν
2445 2145 2755 2216 ἄνθρωπον.

348 2229 514 2286 fundo
564 2231 832 2299 extrahat,
877 2244 1040 2300 atque
1071 2231 1123 2285 in
1163 2231 1330 2285 altum
1363 2230 1572 2297 efferat,
1619 2230 1890 2286 hominem
1930 2232 2140 2289 scilicet
2201 2236 2256 2290 in
2293 2237 2632 2292 instabilibus
2659 2246 2715 2290 et
2749 2235 2908 2291 salsis
2939 2235 3100 2306 hujus
3162 2234 3288 2290 vitae
3352 2233 3608 2291 ﬂuctibus

348 2335 650 2381 natantem.

418 2418 484 2475 II.
524 2419 787 2487 Quocirca
810 2434 955 2474 nune
974 2432 1210 2488 quoque,
1236 2422 1512 2484 postquam
1537 2416 1917 2469 consummavit

2093 2415 2175 2472 B'.
2210 2414 2307 2468 Διά
2337 2413 2498 2468 τοῦτο
2532 2413 2644 2484 (55)
2675 2414 2771 2468 καὶ
2801 2412 2917 2479 νῦν,
2942 2413 3042 2467 ὅτε
3057 2412 3303 2467 ἐτέλεσε
3329 2408 3441 2481 (56)
3462 2408 3610 2475 τοὺς

348 2510 443 2564 hos
479 2525 766 2575 sermones,
809 2509 1055 2578 migravit
1091 2524 1123 2560 a
1157 2504 1406 2568 Galila’a,
1436 2514 1483 2558 et
1527 2506 1660 2558 venit
1689 2509 1757 2558 ad
1788 2506 1920 2575 ﬁnes

2057 2506 2243 2575 ἱότους
2274 2504 2543 2569 τούτους,
2561 2502 2821 2573 μετῆρεν
2842 2504 2953 2574 (57)
2977 2503 3095 2557 ἀπὸ
3122 2500 3231 2570 τῆς
3251 2502 3607 2565 Γαλιλαίας,

347 2602 552 2657 Judrew
582 2609 728 2655 trans
761 2599 1072 2655 Iordanem.
1107 2600 1164 2654 In
1201 2597 1478 2654 Galilaeam
1512 2612 1571 2652 se
1600 2595 1832 2664 confert,
1864 2605 1923 2651 ttt

2057 2598 2131 2650 ιαὶ
2151 2592 2337 2666 ἦλθεν
2352 2598 2439 2662 εὶς
2455 2595 2527 2648 τὰ
2548 2594 2680 2663 ὅρια
2700 2595 2810 2663 τῆς
2825 2595 3112 2659 ἰουδαίας
3131 2594 3322 2661 πέραν
3336 2591 3442 2646 τοῦ
3467 2594 3608 2658 ἰορο

349 2694 609 2764 populus,
642 2695 732 2762 qui
776 2694 1002 2748 sedebat
1042 2693 1094 2745 in
1130 2692 1402 2756 tenebris,
1443 2689 1620 2744 lucem
1671 2703 1918 2760 magnam

2057 2685 2233 2738 Γεἰν-ου.
2260 2684 2549 2748 Γαλιλαίας
2579 2684 2834 2756 ἐπιδημεῖ
2858 2683 3058 2751 καλῶς,
3085 2682 3376 2746 ϊναόλαδς,
3413 2682 3443 2734 6
3475 2679 3614 2735 καθ-

351 2785 599 2840 ι·ἰιΙεει’⁰.
636 2783 693 2837 1η
718 2783 956 2840 Iudaeam
989 2784 1204 2854 migrat,
1231 2797 1338 2851 quo
1356 2781 1482 2836 illud
1516 2781 1671 2835 nobis
1700 2795 1924 2850 persua-

2057 2790 2228 2844 ιμενος
2256 2774 2314 2826 ὲν
2349 2774 2559 2839 σκότει,
2589 2772 2674 2844 ἴδῃ
2704 2772 2819 2841 φῶς
2854 2772 2998 2844 μέγα
3023 2772 3157 2844 (58).
3213 2772 3308 2835 Εἰς
3347 2769 3446 2842 τὴν
3480 2770 3613 2822 Ἰου-

350 2879 508 2942 deat,
542 2885 595 2930 ut
626 2890 658 2929 a
684 2876 862 2930 littera
902 2887 1288 2944 exsurgamus,
1330 2887 1395 2928 ac
1426 2871 1672 2941 spiritum
1728 2885 1924 2940 sequa-

2057 2865 2182 2918 αιαν
2209 2862 2552 2935 μεθίσταται,
2582 2864 2669 2917 ἵνα
2713 2865 2877 2935 πείσῃ
2913 2862 3008 2916 τοῦ
3045 2862 3371 2934 γράμματος
3414 2859 3613 2925 ἐξανα-

353 2984 492 3022 mur.
522 2967 675 3021 Nune
726 2967 779 3020 in
812 2975 997 3020 monte
1025 2966 1183 3018 docet
1205 2965 1272 3030 “,
1314 2978 1458 3018 nunc
1487 2963 1540 3016 in
1582 2961 1758 3032 planis
1793 2961 1924 3016 locis

2059 2955 2292 3017 τάντας,
2343 2954 2707 3023 ἀκολουθῆσαι
2744 2953 2823 3026 τῷ
2857 2955 3150 3025 πνεύματι.
3202 2952 3315 3007 Νῦν
3368 2951 3466 3023 μὲν
3520 2952 3611 3004 ἐπ’

352 3053 569 3110 disserit
595 3055 662 3119 ",
691 3067 833 3108 nunc
862 3053 917 3105 in
954 3050 1258 3105 naviculam
1291 3050 1486 3104 transit
1513 3050 1580 3113 ⁸³,
1615 3064 1757 3102 nunc
1786 3058 1924 3102 teut-

2057 3061 2183 3118 ρους
2220 3042 2483 3109 διδάσκει,
2510 3043 2605 3097 νῦν
2645 3043 2703 3096 δὲ
2739 3044 2797 3099 ἐν
2827 3043 3035 3107 πεδίοις
3074 3042 3402 3111 διαλέγεται,
3429 3041 3525 3095 νῦν
3550 3040 3615 3096 δὲ

353 3155 617 3214 pestatem
665 3143 912 3213 increpat
954 3140 1023 3195 “.
1075 3138 1217 3207 Quin
1266 3140 1369 3195 hac
1418 3152 1633 3210 quoque
1689 3136 1925 3193 fortasse

2058 3137 2105 3199 ις
2145 3133 2331 3189 πλοῖον
2374 3133 2711 3207 μεταϐαίνει,
2751 3133 2847 3189 νῦν
2873 3134 2931 3188 δὲ
2958 3134 3190 3206 ὶπιτιμᾷ
3217 3133 3425 3198 ζάλαις.
3456 3132 3616 3204 Τάχα

3908 1202 3910 1253 |

3905 1286 3910 1345 ί

353 3234 565 3290 ratione
602 3238 852 3289 somnum
902 3229 1050 3302 capit
1075 3231 1144 3299 ⁸⁵,
1181 3240 1242 3285 ut
1284 3243 1535 3285 somnum
1595 3228 1924 3285 benedicat:

352 3324 586 3380 fortasse
614 3325 779 3379 etiam
811 3322 1065 3392 fatigatur
1093 3321 1166 3387 ",
1211 3328 1272 3375 ut
1313 3317 1689 3390 fatigationem
1726 3317 1929 3374 sancti-

355 3414 523 3470 licet:
559 3412 793 3469 fortasse
829 3412 992 3469 etiam
1058 3411 1328 3482 laerymas
1380 3408 1575 3477 fundit,
1631 3417 1690 3465 ut
1752 3407 1931 3479 lacry-

356 3521 475 3563 mas
501 3504 799 3561 laudabiles
831 3503 1042 3561 reddat.
1079 3503 1157 3558 Ex
1186 3502 1322 3560 locis
1364 3501 1416 3556 in
1449 3500 1566 3556 loca
1595 3499 1813 3567 transit,
1836 3500 1930 3570 qui

358 3598 507 3655 nullo
530 3599 634 3655 loci
675 3599 849 3669 spatio
879 3599 1207 3662 continetur,
1239 3596 1346 3661 ille,
1379 3595 1621 3666 inquam,
1649 3595 1929 3664 temporis,

357 3699 412 3744 et
460 3689 721 3760 corporis,
757 3698 811 3745 et
842 3686 1365 3757 circumscriptionis
1400 3699 1616 3755 expers.
1660 3684 1839 3750 Idem,
1877 3692 1935 3738 et

359 3792 479 3838 erat
529 3793 582 3839 et
622 3783 722 3837 lit:
758 3793 814 3836 et
853 3795 1015 3850 supra
1068 3790 1279 3847 tempus
1313 3787 1469 3845 erat,
1499 3786 1556 3831 et
1594 3775 1694 3831 sub
1723 3785 1933 3844 tempus

358 3876 547 3942 venit;
579 3884 634 3931 et
677 3874 962 3929 invisibilis
993 3880 1153 3939 erat,
1188 3881 1243 3926 et
1280 3871 1512 3924 videtur.
1567 3867 1637 3922 In
1679 3868 1934 3936 principio

359 3978 494 4033 erat,
524 3946 741 4038 et’apud
767 3965 935 4020 Deum
956 3975 1090 4031 erat,
1114 3975 1164 4018 et
1192 3962 1329 4018 Deus
1343 3972 1453 4016 erat
1478 3960 1747 4015 ".Tertio
1782 3973 1938 4026 repe-

361 4060 502 4117 ritur
543 4060 646 4115 hoc
678 4060 939 4123 verbum,
970 4065 1081 4112 erat
1104 4096 1120 4123 ,
1162 4063 1218 4109 ut
1250 4067 1480 4109 numero
1508 4052 1626 4120 ipso
1649 4051 1938 4106 confirme-

363 4159 470 4204 tur.
500 4149 556 4204 ld
589 4149 733 4220 quod
774 4156 928 4213 erat,
974 4145 1312 4201 exinanivit:
1348 4144 1436 4209 id,
1473 4143 1616 4212 quod
1643 4156 1749 4196 non
1781 4150 1935 4206 erat,

433 4265 534 4318 "'1
592 4264 715 4320 Cor.
779 4280 852 4330 Ix,
899 4262 1091 4316 20-22.
1197 4260 1243 4294 "
1284 4260 1572 4330 Ralm)“,
1784 4257 1874 4312 22.

1999 4258 2041 4291 ¹⁹
2080 4256 2254 4314 Galat.
2317 4273 2410 4323 ιιι,
2455 4258 2541 4313 15.

2026 3225 2122 3280 καὶ
2165 3223 2334 3279 ὕπνον
2368 3224 2604 3295 δέχεται,
2638 3225 2727 3279 ἵνα
2757 3225 2854 3279 καὶ
2902 3223 3072 3278 ὕπνον
3118 3224 3424 3297 εὐλογήσῃ·
3469 3222 3618 3294 τάχα

2026 3317 2123 3373 καὶ
2146 3318 2333 3389 κοπιᾷ,
2360 3316 2450 3371 ἵνα
2482 3317 2578 3371 καὶ
2614 3318 2707 3371 τὸν
2733 3317 2898 3370 τόπον
2940 3316 3144 3389 ἁγιάσῃ
3166 3331 3185 3349 ο
3215 3315 3359 3388 τάχα
3397 3314 3491 3369 καὶ
3520 3313 3617 3368 δα-

2028 3408 2205 3482 κρύει,
2241 3409 2330 3464 ῐνα
2360 3408 2423 3463 τὸ
2462 3408 2698 3490 δάκρυον
2735 3408 3018 3466 ἐπαινετὸν
3062 3408 3467 3480 ἀπεργάσηται.
3498 3405 3618 3461 Με-

2027 3500 2273 3557 ταὸαίνει
2304 3501 2471 3555 τόπον
2494 3503 2558 3555 ὲκ
2593 3499 2762 3554 τόπου
2797 3500 2909 3571 (59)
2939 3500 2969 3552 6
2995 3500 3184 3572 μηδενὶ
3222 3500 3372 3570 τόπῳ
3404 3497 3616 3570 χωρού-

2034 3610 2226 3666 μενος,
2269 3593 2299 3646 ὁ
2339 3593 2596 3662 ἄχρονος,
2643 3592 2672 3644 ὁ
2708 3590 3013 3661 ἀσώματος,
3057 3592 3086 3643 6
3119 3589 3505 3662 ἀπερίληπτος.
3551 3586 3617 3641 '0

2031 3684 2215 3749 αὐτὸς,
2241 3682 2338 3735 καὶ
2360 3677 2449 3753 ἦν,
2476 3683 2572 3735 καὶ
2604 3680 2817 3749 γίνεται
2834 3697 2848 3711 ο
2882 3680 2985 3734 καὶ
3015 3680 3155 3750 ὑπὲρ
3180 3679 3371 3751 χρόνον
3396 3674 3484 3749 ἦν,
3518 3678 3617 3732 καὶ

2033 3775 2140 3828 ὑπὸ
2176 3773 2366 3845 χρόνον
2413 3772 2664 3844 ἔρχεται·
2714 3772 2808 3824 καὶ
2840 3771 3067 3842 ἀόρατος
3114 3767 3203 3843 ἦν,
3249 3772 3345 3824 καὶ
3394 3772 3614 3843 ὁρᾶται.

2046 3870 2143 3921 Ἐν
2180 3866 2336 3937 ἀρχῇ
2380 3863 2479 3938 ἦν,
2511 3866 2607 3921 καὶ
2644 3865 2794 3934 πρὸς
2836 3866 2946 3921 τὸν
2989 3870 3138 3922 Θεὸν
3174 3864 3273 3936 ἦν,
3314 3868 3413 3922 καὶ
3471 3868 3619 3935 Θεὸς

2006 3952 2007 3955 “
2034 3955 2134 4030 ἦν.
2173 3959 2369 4031 Τρίτον
2400 3957 2482 4022 τὸ,
2511 3953 2611 4028 ἦν,
2639 3958 2719 4028 τῷ
2761 3957 2982 4030 ἀριθμῷ
3013 3958 3414 4032 βεϐαιούμενον.
3453 3962 3519 4013 Ὀ
3546 3956 3621 4031 ἦν

2038 4050 2276 4105 ὲκένωσε
2309 4049 2444 4120 (40),
2477 4051 2575 4104 καὶ
2605 4051 2634 4104 ὃ
2679 4049 2755 4121 μὴ
2795 4046 2864 4121 ἦν
2908 4051 3238 4123 προσέλαϐεν
3257 4067 3272 4083 ο
3304 4051 3366 4105 οὐ
3398 4051 3491 4104 δύο
3519 4068 3618 4121 γε-

2038 4142 2266 4213 νόμενος
2312 4140 2449 4212 (41),
2491 4141 2607 4195 ἀλλ’
2630 4142 2688 4194 ἓν
2721 4143 2786 4195 ἐκ
2828 4141 2937 4195 τῶν
2965 4141 3058 4195 δύο
3101 4140 3352 4210 γενέσθαι
3387 4142 3621 4212 ἀνασχό-

2646 4260 2693 4291 ¹⁰
2732 4261 2837 4316 lsa.
2868 4276 2948 4325 ιχ,
2994 4259 3049 4312 2.
3152 4258 3196 4290 ¹¹
3238 4256 3430 4314 Matth.
3478 4273 3528 4325 ν,
3564 4258 3617 4313 io

362 4336 411 4369 ¹²
449 4334 583 4389 Luc.
614 4351 691 4399 Vl,
716 4334 804 4389 17.
838 4326 847 4330 ⁷
881 4335 927 4367 ³³
951 4334 1118 4388 Marc.
1143 4346 1219 4399 tv,
1245 4330 1333 4386 58.
1389 4329 1437 4362 "‘
1459 4329 1590 4383 ibid.
1630 4328 1677 4360 ³³
1698 4326 1858 4383 Joan.
1903 4342 1975 4394 tv,
2022 4329 2075 4382 6.
2150 4329 2196 4361 ³⁸
2224 4326 2380 4383 Joau.
2425 4344 2499 4393 xl,
2542 4329 2629 4384 55.
2708 4331 2751 4361 ³⁷
2790 4331 2944 4385 Joan.
2983 4346 3024 4395 1,
3066 4328 3120 4382 1.

434 4449 548 4524 (28)
595 4451 690 4518 Ὡς
712 4449 833 4507 ὑπὸ
867 4453 1012 4522 νόμο
1027 4470 1081 4508 ν.
1122 4453 1214 4509 Sic
1260 4452 1368 4509 duo
1402 4450 1571 4523 Regg.
1603 4460 1659 4506 et
1698 4449 1862 4506 Coisl.
1888 4450 1939 4505 5.

2119 4451 2234 4524 (55)
2259 4450 2362 4524 Διὰ
2389 4448 2583 4524 τοῦτο.
2621 4448 2737 4504 Duo
2758 4448 2945 4517 Coisl.,
2978 4458 3209 4517 quatuor
3232 4446 3409 4514 Colb.,
3434 4447 3530 4502 0r.
3564 4447 3620 4515 1,

364 4521 490 4576 Haec
520 4523 713 4575 desunt
753 4524 803 4574 in
828 4526 912 4575 ed.

362 4590 550 4713 “C(29)
588 4592 656 4644 '0
695 4591 851 4661 μηδὲ
877 4592 1135 4661 Παῦλος.
1188 4591 1352 4649 Coisl.
1380 4591 1433 4658 1,
1483 4591 1620 4663 ὅπερ
1653 4591 1749 4644 καὶ
1794 4589 1945 4645 Παῦε

395 4679 557 4820 οἱῖὸο).
590 4730 864 4810 Ἑαυτοῦ.
922 4731 1012 4786 Sic
1038 4732 1170 4800 Reg.
1201 4733 1312 4793 bm.
1367 4729 1462 4787 0r.
1499 4731 1524 4784 1
1575 4741 1631 4786 et
1664 4730 1852 4786 Comb.
1884 4727 1943 4783 lu

362 4802 769 4940 θίιίέιῗῖτῖἔῧτο
795 4871 1072 4940 εὑρίσκω.
1106 4868 1283 4927 Coisl.
1326 4870 1378 4935 1,
1415 4870 1606 4925 τούτου
1639 4869 1750 4941 γάρ
1780 4868 1944 4924 πλέον

364 4942 625 5013 εὑρίσκω,
642 4960 681 5013 ί(
709 4942 915 5013 plenius
940 4943 1117 5013 adhuc
1142 4942 1364 5013 reperio.
1394 4959 1414 4993 ι

439 5007 549 5083 (52)
580 5007 873 5083 Οὐθίὲοίτι
898 5008 1032 5081 μέν,
1069 5017 1175 5064 etc.
1204 5007 1210 5008 “
1239 5008 1359 5061 Bill.
1410 5026 1426 5063 :
1463 5008 1723 5083 «tametsi
1756 5007 1942 5083 falso,

368 5078 698 5136 nominatur.
728 5099 747 5133 ι
783 5078 1021 5136 Probare
1048 5094 1154 5134 non
1193 5093 1474 5147 possumus
1505 5078 1643 5133 hanc
1670 5078 1769 5132 viri
1801 5079 1945 5133 docti

369 5150 891 5232 interpretationem.
937 5148 1606 5232 Christus‘qu‘idemmnec
1667 5158 1945 5232 peccatum

370 5217 525 5282 fecit,
550 5235 650 5274 nec
676 5221 856 5273 facere
884 5220 1084 5289 potuit;
1137 5217 1229 5272 sed
1287 5217 1427 5272 Deus
1455 5217 1603 5271 illum
1641 5232 1737 5284 pro
1794 5218 1950 5271 nobis

370 5300 651 5414 [accentum
696 5289 841 5344 fecit.
900 5288 1266 5370 Metaphorice
1316 5287 1476 5356 igitur
1521 5298 1797 5357 peccatum
1851 5287 1951 5340 fuit

423 5360 644 5414 hristus.
713 5374 806 5413 seu
835 5360 1011 5414 hostia
1057 5372 1155 5414 oro
1211 5368 1464 5414 peccato:
1498 5357 1640 5414 quod
1666 5358 1951 5412 excludere

423 5360 644 5429 hristus,
700 5374 806 5429 seu
835 5358 1011 5415 hostia
1055 5372 1155 5429 pro
1209 5368 1464 5427 peccato;
1498 5357 1640 5426 quod
1666 5358 1954 5412 excludere

373 5428 583 5482 videtur
612 5428 815 5482 Billius.

448 5497 563 5569 (55)
606 5498 659 5551 Ὁ
697 5494 1084 5568 ὲξαγοράζων.
1145 5495 1239 5555 Sic
1283 5496 1418 5568 Reg.
1468 5496 1582 5552 bm.
1630 5496 1792 5552 Deest
1820 5495 1850 5548 6
1898 5496 1952 5552 in

378 5568 564 5705 ed(56)
588 5638 931 5710 Σαγηνεύει,
957 5637 1155 5710 ,πάντα
1190 5637 1409 5710 στέγει,
1443 5638 1542 5705 ἵν’,
1566 5644 1667 5695 etc.
1703 5634 1866 5694 Coisl.
1900 5636 1955 5705 1,

385 5708 673 5779 οαγηνεύει
712 5710 937 5777 πάντας,
964 5709 1069 5763 ἵνα.

2047 4521 2152 4576 etc.
2164 4562 2178 4578 .
2216 4522 2305 4574 διὰ
2334 4521 2539 4576 τοῦτον.

2121 4593 2233 4661 (56)
2265 4593 2394 4661 Ὅτε
2431 4590 2693 4661 ἐτέλεσε.
2729 4590 2819 4646 Sic
2856 4588 3034 4658 plures
3054 4589 3221 4658 Regg.
3256 4595 3310 4643 et
3324 4585 3500 4653 Colb.,
3522 4585 3622 4645 Dr.

2050 4662 2103 4726 1,
2134 4660 2238 4713 etc.
2268 4660 2425 4713 Deest
2450 4660 2537 4712 ὅτε
2570 4662 2620 4712 in
2652 4664 2738 4716 ed.

2121 4731 2233 4801 (57)
2266 4727 2552 4801 Μετῆρεν.
2595 4729 2725 4799 Reg.
2755 4731 2865 4801 hut,
2895 4727 3174 4801 μετῆλθεν.

2121 4796 2233 4869 (⁷58)
2268 4798 2397 4869 Φῶς
2423 4798 2593 4869 μέγα.
2639 4796 2749 4853 Duo
2780 4796 2946 4854 Coisl.
2999 4796 3054 4851 et
3087 4801 3192 4853 duo
3220 4797 3370 4852 Colb.
3398 4796 3623 4869 addunt,

2049 4867 2546 4994 ίτῇςὲάιιγνιίισεώς,
2605 4885 2896 4940 «ιιιιιειιιιιιι
2950 4871 3122 4923 lucem
3180 4869 3381 4924 notitite
3429 4867 3519 4921 Dei
3561 4882 3627 4922 ac

2066 4957 2081 4993 ι
2122 4955 2190 4992 et.
2217 4958 2235 4990 ι

2066 4941 2190 4993 idei.
2217 4958 2235 4990 ι

2082 5009 2231 5132 ὀ(59)
2271 5009 2367 5063 Ἐκ
2415 5008 2622 5063 τόπου.
2658 5007 2749 5063 Sic
2777 5006 2942 5065 Coisl.
2971 5007 3006 5062 5
3053 5014 3107 5061 et
3131 5005 3224 5063 Or.
3251 5007 3300 5060 1.
3338 5005 3398 5060 ln
3420 5004 3531 5069 cd.,
3561 5005 3630 5056 ὲκ

2113 5095 2249 5132 πων.

2049 5095 2229 5133 τοπων
2236 5117 2249 5130 .

2124 5148 2238 5218 (40)
2299 5149 2359 5200 Ὃ
2396 5142 2476 5218 ἦν
2522 5146 2802 5204 ἐκένωσε.
2859 5166 2878 5198 ι
2904 5146 3055 5218 Quod
3100 5154 3220 5200 erat
3257 5142 3622 5218 exinauirit.)

2056 5213 2371 5288 llu'jns'modj
2403 5213 2757 5288 locutionum
2769 5217 3183 5288 explicationem
3222 5215 3408 5288 videin
3448 5213 3630 5288 libello

2057 5282 2293 5357 Leporii,
2328 5285 2528 5340 Concil.
2567 5298 2696 5357 tom.
2743 5286 2807 5351 ll,
2847 5282 2968 5355 pag.
3002 5285 3136 5357 1681
3189 5293 3241 5338 et
3290 5283 3373 5357 in_
3389 5282 3631 5336 celeber-

2059 5352 2195 5413 rima
2230 5358 2288 5410 S.
2323 5357 2515 5409 Leonis
2538 5359 2602 5408 ad
2634 5352 2942 5410 Flavianum
2977 5356 3158 5422 epist.,
3191 5367 3308 5418 cap.
3343 5352 3397 5405 5.

2132 5427 2243 5497 (41)
2283 5427 2365 5480 Οὐ
2395 5426 2503 5497 δύο
2532 5427 2877 5497 γενόμενος,
2904 5420 3060 5497 θερί(
3082 5423 3195 5476 Non
3235 5422 3340 5497 duo
3387 5420 3583 5497 factus,
3607 5434 3628 5470 ι

2061 5491 2479 5564 αυέιείἐθοι·εῙιιι
2531 5491 2586 5548 et
2635 5491 2741 5551 duo
2792 5496 2907 5549 lilii.
2939 5493 3074 5548 Vere
3127 5493 3327 5564 etenim
3356 5491 3633 5564 Christus,

2061 5556 2180 5621 eum
2206 5567 2258 5620 in
2291 5567 2405 5633 ipso
2434 5567 2552 5620 dua:
2608 5566 2718 5619 sint
2774 5576 3002 5626 natum,
3035 5561 3504 5633 eompositu_s_est;
3538 5556 3636 5633 sed

2064 5651 2201 5717 unus
2227 5628 2440 5762 almum
2473 5650 2536 5689 ex
2560 5636 2838 5706 utriusque
2869 5642 3073 5689 natura:
3102 5628 3493 5699 co’tnpositione
3515 5628 3636 5682 efﬂ-

2064 5716 2202 5761 t‘Itut‘
2311 5716 2489 5760 rtstns.

2063 5706 2202 5761 citur
2227 5706 2489 5761 Christus.
