3910 6214
230 287 337 345 285

1190 292 1448 351 ORATIO
1481 293 1913 354 XXXVll.—IN
1949 297 2210 355 MATTH.
2247 297 2391 367 XIX,
2431 298 2580 354 1-12.

3355 291 3534 356 .286.

236 420 417 471 μενος.
467 401 604 466 Θεὸς
653 403 762 476 γὰρ
814 405 1121 477 ἀμφότερα,
1157 407 1218 461 τό
1265 425 1325 460 τε
1363 408 1692 480 προσλαϐὸν,
1727 412 1821 465 καὶ

1939 413 2252 481 issumpsit:
2284 430 2389 470 non
2430 415 2538 470 duo
2586 413 2802 477 factus,
2838 412 2931 468 sed
2975 426 3140 466 unum
3185 424 3253 466 ex
3293 408 3488 479 duplici

231 495 294 548 τὸ
329 493 712 566 προσληφθέν·
757 495 850 548 δύο
903 497 1094 566 φύσεις
1145 499 1226 561 εἰς
1277 499 1335 553 ἒν
1379 501 1816 572 συνδραμοῦσαι,

232 587 331 654 οὐχ
371 586 482 638 υἱοὶ
523 585 617 638 δύο
642 603 656 616 °
703 587 778 657 μὴ
824 587 1245 656 καταψευδέσθω
1283 591 1316 660 ἡ
1352 589 1656 662 σύγκρασις
1683 593 1817 662 (42).

233 671 405 739 Οὗτος
439 678 468 728 ὀ
500 676 838 746 τηλικοῦτος,
871 681 899 731 ὀ
931 678 1220 742 τοσοῦτοςο
1267 680 1403 734 ἀλλὰ
1441 681 1494 734 τί
1541 684 1819 752 πέπονθας

235 769 407 823 Πάλιν
445 769 784 838 ὲμπέπτωκα
811 771 892 833 είς
920 769 1238 841 ἀνθρώπινα
1273 773 1514 843 ῥήματα.
1549 774 1675 838 Πῶς
1715 759 1823 847 γὰρ

233 861 293 912 τὸ
321 859 530 914 ἁπλοῦν
571 861 861 926 τοσοῦτον;
902 861 1019 924 πῶς
1056 862 1114 915 δὲ
1145 864 1206 915 τὸ
1245 863 1446 917 ἄποσον
1472 865 1816 936 τηλικοῦτον;

246 952 410 1005 Ἀλλά
456 953 577 1005 δότε
632 953 962 1023 συγγνώμην
1014 953 1092 1024 τῷ
1131 955 1302 1026 λόγῳ·
1364 957 1582 1028 ὀργάνῳ
1635 958 1825 1029 βραχεῖ

236 1047 366 1114 περ)¹
399 1045 510 1098 τῶν
563 1046 834 1116 μεγίστων
885 1045 1214 1118 φθέγγομαι.
1251 1050 1361 1102 Καὶ
1409 1048 1570 1102 τοῦτο
1623 1051 1759 1103 οἴσει
1795 1054 1824 1104 ὀ

236 1133 428 1197 πολὺς,
465 1136 494 1186 ὀ
527 1132 899 1204 μακρόθυμος,
941 1136 974 1204 ἡ
1004 1135 1241 1200 ἀνείδεος
1276 1136 1439 1206 φύσις
1472 1138 1566 1190 καὶ
1601 1137 1825 1209 ἀσώμα-

235 1243 348 1289 τος,
370 1227 499 1289 τοὺς
527 1226 602 1288 ὡς
645 1225 773 1296 περὶ
801 1223 1051 1296 σώματος
1089 1229 1184 1281 καὶ
1210 1229 1310 1299 τῆς
1345 1229 1604 1298 ἀληθείας
1631 1230 1824 1297 λόγους

235 1317 660 1387 ἀσθενεστέρους
689 1317 821 1387 (45).
851 1318 914 1370 Εἰ
947 1317 1056 1390 γάρ
1105 1319 1285 1390 σάρκα
1331 1319 1566 1387 ἐδέξατο,
1605 1321 1696 1374 καὶ
1729 1321 1821 1375 τὸν

235 1405 479 1459 τοιοῦτον
511 1405 737 1476 φέρεται
769 1404 883 1477 (44)
927 1405 1104 1474 λόγον.

1922 514 2112 559 natura
2144 505 2258 559 ﬁeri
2301 506 2602 560 sustinens.
2639 503 2815 558 Ambo
2840 502 2983 558 enim
3015 502 3178 565 Deus,
3205 502 3493 566 nimirum,

1919 596 2062 666 quod
2105 598 2434 666 assumpsit,
2471 606 2526 651 et
2550 599 2690 666 quod
2723 605 3057 664 assumptum
3086 602 3167 649 est
3202 613 3216 649 :
3246 594 3366 649 duae
3399 607 3496 646 na-

1924 697 2056 742 turas
2082 686 2138 740 in
2169 704 2331 741 unum
2386 697 2799 752 concurrentes,
2830 700 2934 740 non
2964 686 3068 740 duo
3121 683 3212 737 filii
3279 697 3345 735 ne
3374 680 3500 734 falsi-

1923 788 2048 832 nota
2087 788 2360 846 prematur
2391 777 2582 832 unitio.
2623 826 2625 828 .
2660 773 2758 831 Hic
2813 775 2902 844 qui
2939 783 3118 828 tantus
3146 782 3250 838 est,
3281 779 3497 836 tamque

1923 883 2150 936 magnus
2183 887 2196 923 :
2238 869 2330 923 sed
2370 869 2499 937 quid
2529 867 2667 936 ago?
2711 866 2922 920 Rursus
2954 865 3008 918 in
3059 865 3295 918 humana
3331 859 3494 914 verba

1925 961 2205 1030 prolapsus
2235 974 2377 1014 sum.
2419 958 2536 1026 Quo
2567 958 2710 1012 enim
2744 956 2925 1022 modo,
2959 957 3102 1025 quod
3133 953 3359 1021 simplex
3391 960 3494 1014 est,

1926 1061 2128 1106 tantum
2162 1065 2284 1104 esse
2314 1049 2531 1119 potest?
2563 1050 2680 1116 Quo
2719 1050 2845 1103 item
2890 1049 3069 1108 modo,
3101 1045 3242 1113 quod
3283 1041 3498 1110 quanti-

1933 1149 2094 1194 tatem
2141 1138 2343 1205 nescit,
2397 1148 2556 1192 tanta:
2594 1136 3016 1208 magnitudinis?
3050 1134 3154 1188 Sed
3188 1133 3347 1187 dictis
3398 1144 3497 1184 no-

1929 1228 2076 1292 stris,
2113 1243 2331 1296 quaeso,
2384 1226 2647 1296 ignoscite
2684 1244 2699 1280 :
2752 1241 2954 1296 organo
2997 1225 3191 1294 exiguo
3230 1223 3296 1277 de
3336 1221 3499 1275 rebus

1928 1321 2180 1374 maximis
2207 1318 2371 1390 647
2403 1320 2614 1387 loquor.
2658 1317 2835 1387 Atque
2869 1319 2969 1372 hoc
3011 1307 3372 1372 feret'multus
3409 1312 3500 1366 ille

1926 1420 1980 1461 et
2014 1409 2358 1477 longanimis,
2385 1415 2577 1461 natura
2607 1407 2696 1460 illa
2722 1406 2908 1462 forma:
2933 1415 2988 1460 et
3015 1404 3258 1474 corporis
3281 1415 3497 1470 expers,

239 1502 403 1570 quod,
428 1501 572 1555 velut
601 1501 668 1557 de
689 1515 918 1571 corpore
943 1501 1192 1572 loquens.
1223 1503 1614 1560 infirmioribus
1641 1505 1821 1560 verbis
1858 1513 2002 1570 utar,
2035 1519 2196 1574 quam
2235 1504 2437 1559 veritas
2471 1504 2586 1573 ipsa
2621 1501 2872 1571 postulet.
2903 1497 3035 1552 Nam
3093 1511 3217 1551 cum
3279 1505 3499 1548 carnem

238 1596 561 1664 susceperit,
597 1595 782 1664 utique
803 1605 862 1650 et
889 1594 1192 1664 hujusmodi
1222 1609 1526 1649 sermonem
1564 1594 1819 1664 perferet.

306 1690 379 1744 Ρ.
420 1693 531 1743 Καὶ
547 1691 978 1760 ἠκολούθησαν
987 1688 1148 1754 αὐτῷ
1163 1688 1333 1758 ὄχλοι
1346 1691 1564 1744 πολλοὶ
1582 1690 1714 1762 (45),
1724 1690 1827 1744 καί

2000 1687 2096 1741 ΙΙΙ.
2137 1682 2209 1737 Et
2235 1691 2426 1737 secuta:
2465 1688 2587 1734 sunt
2615 1694 2730 1732 eum
2758 1675 2924 1730 turba:
2961 1672 3141 1727 multa:
3164 1712 3180 1738 ,
3213 1678 3263 1723 et
3303 1665 3501 1722 curavit

236 1781 646 1848 ἐθεράπευσεν
664 1781 890 1848 αὐτοὺς
909 1780 1052 1846 ἐκεῖ,
1082 1780 1211 1834 ἔνθα
1247 1779 1488 1852 πλείωνὴ
1504 1782 1600 1853 ὲρη
1612 1782 1729 1851 μία.
1762 1782 1825 1834 Εί

237 1874 337 1928 ἐπὶ
368 1873 466 1943 τῆς
502 1873 641 1936 ἰδίας
692 1873 876 1944 ἔμεινε
931 1872 1238 1944 περιωπῆς,
1285 1874 1334 1925 εί
1386 1871 1460 1942 μὴ
1515 1871 1824 1942 συγκατέόη

236 1968 306 2036 τῇ
343 1963 622 2033 ἀσθενείᾳ,
651 1965 700 2016 εί
729 1965 866 2034 ὅπερ
894 1958 963 2034 ἦν
1007 1962 1268 2033 ἐμεινειν,
1311 1962 1606 2033 ἀπρόσιτον
1636 1961 1826 2014 ἑαυτὸν

238 2056 526 2124 φυλάττων
555 2056 652 2108 καὶ
700 2054 1092 2126 ἀπερίληπτον,
1129 2053 1298 2123 ὀλίγοι
1339 2054 1406 2107 ἂν
1453 2052 1828 2123 ἠκολούθησαν

247 2152 434 2221 ηιχόν·
461 2151 563 2204 οὐκ
588 2147 702 2204 οἶδα
736 2151 812 2214 δὲ,
839 2153 888 2203 εί
921 2151 1015 2203 καὶ
1049 2149 1242 2218 ὀλίγοι,
1282 2150 1424 2219 τάχα
1469 2148 1628 2219 μόνος
1662 2148 1828 2200 Μωῦ-

241 2260 363 2311 ang,
393 2242 488 2295 καὶ
533 2235 688 2305 οὗτος
715 2239 990 2306 τοσοῦτον,
1025 2239 1169 2293 ὥστε
1203 2239 1356 2311 μόλις
1407 2239 1532 2292 ίδεῖν
1578 2237 1712 2291 Θεοῦ
1758 2236 1830 2290 τὰ

237 2330 483 2385 ὀπίσθια.
530 2331 642 2402 Τὴν
676 2331 773 2401 μὲν
801 2330 909 2401 γὰρ
950 2330 1180 2400 νεφέλην
1209 2329 1442 2399 διέσχεν,
1470 2328 1574 2393 ἐξω
1600 2328 1694 2381 τοῦ
1725 2344 1829 2380 σω-

244 2421 477 2493 ματικοῦ
531 2421 731 2494 βάρους
776 2423 1067 2492 γενόμενος
1087 2460 1102 2485 ,
1141 2421 1176 2493 ἢ
1227 2420 1510 2483 συσταλεὶς
1561 2419 1673 2474 ἀπὸ
1721 2417 1829 2472 τῶν

240 2513 584 2582 αἰσθήσεωνο
614 2513 750 2567 Θεοῦ
786 2515 842 2566 δὲ
882 2513 1206 2583 λεπτότητα,
1246 2513 1280 2583 ἢ
1328 2511 1748 2582 ἀσωματότητα,
1792 2509 1827 2578 ἢ

239 2610 343 2660 οὐκ
369 2603 484 2660 οἶδα
529 2608 677 2672 ὅπως
713 2606 824 2678 (46)
855 2604 920 2658 ἄν
957 2623 1042 2668 τις
1076 2604 1389 2675 ὀνομάσειε,
1433 2602 1550 2666 πῶς
1581 2601 1647 2654 ἂν
1676 2599 1832 2654 ὲθεά-

245 2716 377 2754 σατο
411 2699 574 2770 σῶμά
616 2717 676 2752 τε
717 2699 815 2765 ὢν,
857 2699 952 2752 καὶ
1000 2696 1278 2768 αἰσθητοῖς
1320 2695 1618 2764 ὀφθαλμοῖς
1658 2709 1829 2763 προσ-

243 2792 494 2854 ϐάλλωνς
551 2790 689 2843 Ἀλλ’
751 2790 938 2861 ἐπειδὴ
992 2786 1247 2841 κενοῦται
1295 2786 1363 2839 δι’
1412 2785 1594 2856 ἡμᾶς,
1641 2782 1830 2853 ἐπειδὴ

244 2884 577 2954 κατέρχεται
633 2881 884 2953 (κένωσιν
914 2880 973 2933 δὲ
1022 2879 1167 2948 λέγω
1218 2878 1319 2949 τὴν
1368 2875 1470 2945 τῆς
1516 2871 1674 2941 δόξης
1720 2865 1830 2925 οἷον

244 2972 441 3041 ὓφεσίν
476 2989 536 3025 τε
574 2973 670 3025 καὶ
719 2969 1062 3041 ἐλάττωσιν),
1096 2969 1188 3023 διὰ
1238 2968 1399 3023 τοῦτο
1447 2963 1695 3036 χωρητὸς
1742 2963 1830 3031 γί-

243 3080 395 3118 νεται
403 3100 420 3118 ο

1927 1793 2013 1831 eos
2056 1774 2200 1836 illic,
2241 1772 2330 1826 ubi
2374 1770 2580 1824 vastior
2617 1768 2848 1822 solitudo
2892 1774 3028 1819 erat.
3077 1761 3135 1816 Si
3186 1761 3237 1813 i'n
3288 1756 3501 1827 specula

1927 1882 2021 1922 sua
2051 1864 2361 1928 mansisset,
2395 1865 2438 1917 si
2471 1863 2536 1916 ad
2565 1863 2846 1915 hominum
2878 1854 3249 1910 infirmitatem
3283 1849 3503 1904 minime

1929 1970 1985 2010 se
2013 1953 2334 2017 demisisset,
2362 1952 2430 2018 si,
2456 1952 2597 2020 quod
2633 1958 2772 2013 erat,
2809 1949 3117 2008 mansisset,
3152 1938 3502 1997 inaccessibi-

1928 2045 2058 2114 lem_
2097 2045 2331 2112 seipsum
2392 2051 2447 2097 et
2493 2035 3095 2108 incomprehensibilem
3164 2029 3501 2092 custodiens,

1927 2135 2081 2206 pauci
2123 2135 2355 2188 fortasse
2386 2133 2558 2187 secuti
2606 2130 2833 2184 fuissent
2873 2147 2886 2183 :
2925 2137 3089 2196 atque
3118 2123 3257 2178 haud
3289 2121 3404 2174 scio
3435 2133 3504 2172 an

1930 2225 2106 2294 pauci,
2140 2224 2372 2281 fortasse
2397 2223 2608 2293 Moyses
2631 2221 2814 2284 solus;
2845 2219 3006 2286 idque
3027 2218 3190 2272 etiam
3220 2215 3502 2274 hactenus,

1930 2329 1987 2373 ut
2023 2319 2112 2372 Dei
2157 2317 2455 2386 posteriora
2476 2329 2619 2385 agre
2660 2315 2864 2369 videret
2891 2311 3028 2363 ηδ’.
3055 2307 3262 2362 Etenim
3310 2304 3504 2357 nubem

1930 2410 2148 2479 quidem
2195 2408 2283 2464 ille
2317 2409 2620 2477 penetravit
2643 2406 2712 2472 ³ο,
2748 2414 2904 2459 extra
2983 2399 3224 2468 corporis
3299 2397 3507 2464 pondus

1929 2501 2162 2570 positus,
2191 2509 2281 2554 aut
2327 2515 2356 2552 a
2409 2498 2659 2555 sensibus
2688 2497 2946 2552 collectus
2979 2507 3044 2547 ac
3071 2491 3360 2552 reductus;
3411 2473 3506 2539 Dei

1931 2609 2060 2649 vero
2105 2592 2451 2657 tenuitatem,
2514 2597 2607 2644 aut
2657 2603 2687 2642 a
2727 2599 2954 2655 corpore
3011 2581 3376 2641 vacuitatem,
3415 2583 3509 2628 aut

1930 2698 2251 2753 quocunque
2281 2681 2495 2737 tandem
2528 2680 2634 2735 alio
2683 2659 2906 2733 nomine
2935 2688 3023 2729 res
3081 2686 3145 2726 ea
3190 2665 3509 2738 appellanda

1931 2779 2029 2836 sit,
2059 2791 2166 2845 quo
2207 2775 2420 2828 tandem
2449 2773 2606 2826 modo
2649 2768 2957 2836 perspicere
2983 2763 3272 2830 potuisset,
3324 2756 3415 2826 qui
3454 2762 3512 2809 et

1931 2885 2126 2939 corpus
2147 2879 2291 2933 erat,
2310 2878 2362 2924 et
2382 2864 2658 2936 corporeis
2691 2861 2865 2916 oculis
2918 2853 3212 2913 cernebat?
3273 2849 3508 2913 Verum,

1933 2962 2185 3031 quoniam
2213 2971 2395 3016 nostra
2437 2970 2602 3014 causa
2629 2951 2964 3015 exinanitur,
2997 2945 3251 3016 quoniam
3283 2941 3514 2996 descen-

1858 3047 1900 3105 C
1935 3030 2012 3108 dit
2047 3053 2506 3124 (exinanitionem
2534 3055 2712 3101 autem
2769 3057 2938 3108 voco,
2966 3037 3120 3111 quasi
3158 3032 3345 3107 gloria:
3381 3030 3510 3088 sub-

245 3160 564 3216 missionem
626 3165 684 3212 et
745 3155 1241 3228 imminutionem),
1295 3153 1502 3209 idcirco
1543 3145 1906 3221 perceptibilis
1955 3154 2012 3202 et
2055 3141 2560 3218 comprehensibilis
2598 3137 2847 3195 eﬂicitur.

319 3351 394 3402 Δ⁹.
433 3347 565 3400 Δότε
613 3343 672 3399 δέ
731 3344 842 3417 (47)
907 3359 1000 3416 μοι
1061 3336 1396 3410 συγγνώμην
1451 3333 1656 3408 μεταξὺ
1677 3373 1694 3400 ,
1742 3330 1840 3385 καὶ

245 3436 425 3501 πάθος
451 3453 506 3490 τι
541 3433 884 3506 ἀνθρώπινον
927 3432 1090 3486 πάλιν
1135 3430 1422 3500 πάσχοντι.
1463 3423 1652 3496 Θυμοῢ
1699 3421 1840 3492 πλη-

250 3526 457 3600 ροῦμαι
487 3527 582 3580 καὶ
607 3525 787 3596 λύπης
814 3527 906 3578 ἐπὶ
938 3523 1016 3597 τῷ
1049 3521 1169 3593 ὲμῷ
1194 3519 1435 3592 Χριστῷ,
1464 3515 1840 3587 συμπάσχοιτε

248 3620 308 3673 δὲ
347 3619 462 3685 (48)
507 3619 604 3672 καὶ
640 3618 820 3689 ὑμεῖς,
852 3617 982 3670 ὅταν
1014 3615 1109 3670 ίδω
1139 3612 1228 3667 διὰ
1256 3611 1416 3664 τοῦτο
1443 3605 1841 3689 ἀτιμαζόμενόν

254 3721 360 3776 μου
387 3703 478 3757 τὸν
509 3685 766 3780 Χριστρν,
791 3703 857 3755 δι’
885 3701 914 3754 ὃ
953 3699 1190 3772 μάλιστα
1221 3695 1488 3770 τιμᾶσθαι
1515 3693 1721 3754 δίκαιος
1747 3685 1839 3762 ἦν.

251 3797 353 3851 Διά
382 3795 541 3849 τοῦτο
569 3795 681 3868 γὰρ
716 3797 931 3866 ἄτιμος,
964 3794 1086 3848 εἰπέ
1136 3809 1250 3864 μοι,
1297 3790 1380 3843 ὃτι
1420 3787 1509 3842 διὰ
1548 3785 1610 3839 σὲ
1651 3800 1844 3838 ταπει-

253 3890 381 3953 νός;
409 3887 510 3940 Διὰ
549 3887 711 3939 τοῦτο
749 3886 977 3956 κτίσμα,
1007 3884 1090 3936 ὅτι
1125 3881 1222 3935 τοῦ
1255 3881 1553 3951 κτίσματος
1581 3877 1840 3947 κήδεται;

255 3984 359 4042 Διὰ
391 3981 552 4038 τοῦτο
579 3980 686 4035 ὑπὸ
723 3979 936 4051 χρόνον,
971 3978 1052 4030 ὅτι
1083 3977 1211 4039 τοὺς
1244 3974 1350 4027 ὑπὸ
1387 3979 1577 4044 χρόνον
1619 3968 1844 4022 ἐπισκέ-

256 4095 489 4140 πτεται;
535 4072 682 4144 Πλὴν
731 4071 911 4124 πάντα
941 4069 1121 4140 φέρει,
1150 4067 1331 4120 πάντα
1376 4065 1610 4135 δέχεται.
1641 4061 1752 4115 Καὶ
1791 4060 1846 4113 τί

258 4167 616 4240 θαυμαστόν;
679 4163 1029 4232 Ῥαπίσματα
1098 4159 1368 4230 ἤνεγκεν,
1435 4151 1847 4226 ὲμπτυσμάτων

259 4262 544 4333 ἠνέσχετο.
573 4257 736 4328 χολῆς
771 4253 1034 4323 ἐγεύσατο
1069 4250 1155 4303 διὰ
1188 4249 1288 4320 τὴν
1327 4247 1468 4318 ἐμὴν
1506 4244 1715 4314 γεῦσιν.
1750 4243 1850 4295 Φέ-

261 4373 347 4428 ρει
379 4353 474 4406 καὶ
505 4350 600 4403 νῦν
640 4346 1014 4416 λιθαζόμενος,
1061 4343 1120 4395 οὐ
1161 4341 1320 4411 μόνον
1369 4338 1474 4392 ὑπὸ
1511 4336 1620 4389 τῶν
1665 4337 1848 4406 ὲμπη-

264 4447 588 4520 ρεαζόντων,
629 4441 766 4496 ἀλλὰ
812 4439 906 4492 καὶ
941 4439 1032 4505 ὑφ’
1071 4435 1230 4506 ἡμῶν
1261 4431 1437 4486 αὐτῶν
1469 4429 1578 4482 τῶν
1606 4428 1848 4480 εὐσεϐεῖν

259 4519 582 4594 δοκούντων.
634 4533 707 4586 Τὺ
757 4529 866 4601 γὰρ
921 4526 1052 4598 περὶ
1095 4523 1389 4594 ἀσωμάτου
1445 4519 1844 4588 διαλεγόμενον,

2015 3324 2107 3380 IV.
2153 3325 2234 3380 Ac
2256 3321 2390 3378 mihi
2414 3319 2575 3376 velim
2597 3314 2914 3389 ignoscatis,
2948 3281 3198 3367 aﬂectu'in
3229 3301 3516 3377 quemdam

1941 3421 2235 3476 humanum
2277 3429 2468 3471 rursus
2505 3408 2781 3467 sentienti.
2827 3409 2912 3461 Ira
2943 3414 3001 3460 et
3034 3413 3267 3458 mcerore
3292 3395 3518 3466 impleor

1940 3521 2162 3584 propter
2189 3523 2368 3564 meum
2397 3493 2698 3567 Chiistum,
2732 3500 2960 3572 (utinam
2994 3494 3094 3564 ipsi
3121 3504 3331 3576 quoque
3355 3485 3518 3542 simul

1942 3580 2170 3662 doleatis
2193 3601 2237 3670 ι)
2271 3614 2394 3656 cum
2424 3611 2550 3652 eum
2590 3595 2695 3650 hac
2723 3593 2788 3646 de
2829 3602 2990 3644 causa
3020 3580 3287 3642 contemni
3317 3593 3381 3633 ac
3419 3589 3522 3647 pro

1946 3693 2122 3750 nihilo
2148 3667 2337 3746 haberi
2365 3685 2666 3756 conspicio,
2697 3690 2918 3753 propter
2942 3691 3104 3742 quam
3134 3687 3258 3729 eum
3285 3667 3521 3724 maxime

1943 3783 2200 3842 honorari
2230 3797 2330 3852 par
2362 3788 2504 3836 erat.
2545 3777 2628 3831 An
2666 3774 2888 3835 idcirco,
2918 3771 3004 3824 dic
3036 3766 3188 3830 mihi,
3221 3760 3439 3818 humilis
3467 3765 3521 3811 et

1918 3878 2190 3947 ‘abjectus
2232 3851 2359 3938 est,
2413 3871 2534 3941 quia
2591 3874 2811 3937 propter
2863 3871 2918 3917 te
2962 3856 3219 3915 humilis?
3268 3855 3351 3907 An
3401 3851 3522 3905 ideo

1945 3975 2196 4022 creatura
2221 4001 2236 4030 ,
2265 3963 2390 4032 quia
2429 3961 2498 4015 de
2543 3969 2793 4012 creatura
2843 3951 3108 4007 sollicitus
3136 3945 3254 4002 est?
3286 3944 3366 3996 An
3399 3941 3521 3996 ideo

1947 4056 2176 4128 tempori
2212 4031 2418 4117 subest,
2452 4050 2576 4121 quia
2609 4062 2726 4108 eos,
2757 4044 2850 4114 qui
2883 4039 3110 4110 tempori
3153 4034 3402 4098 subsunt,
3433 4031 3520 4084 in-

1944 4120 2110 4205 visit?
2145 4120 2522 4201 Verumtamen
2566 4138 2748 4196 omnia
2797 4135 2942 4198 fert,
2972 4129 3153 4186 omnia
3194 4123 3410 4192 excipit.
3457 4120 3524 4177 Et

1946 4240 2074 4311 quid
2130 4237 2364 4292 mirum?
2407 4233 2602 4303 Alapas
2639 4229 2761 4284 tulit
2790 4221 3053 4292 “,sputis
3107 4214 3322 4290 aspergi
3356 4210 3524 4270 susti-

1948 4306 2088 4395 nuit,
2130 4337 2350 4399 propter
2399 4334 2611 4395 gustum
2661 4332 2838 4374 meum
2882 4313 2951 4372 fel
2998 4312 3234 4382 gustavit
3259 4311 3325 4363 ".
3372 4306 3526 4360 Nunc

1950 4425 2112 4478 etiam
2133 4395 2518 4488 iseilapidibus
2548 4412 2743 4469 incessi
2795 4411 2995 4480 patitur
3020 4405 3085 4471 ³³,
3117 4417 3220 4456 non
3256 4401 3413 4453 modo
3458 4395 3526 4449 ab

1953 4512 2387 4571 obtrectantibus
2429 4519 2484 4564 et
2531 4505 2882 4563 vexantibus,
2932 4499 3025 4552 sed
3075 4511 3104 4549 a
3157 4492 3311 4548 nobis
3361 4489 3526 4543 etiam

263 4580 420 4594 “vv'v'
437 4580 448 4589 ’
468 4580 582 4588 ’“””’
643 4580 667 4586 ’“
686 4580 703 4584 ⁷
770 4580 780 4599 ο
801 4580 857 4601 “Γ
999 4580 1010 4598 ι
1219 4580 1231 4594 ι
1609 4580 1618 4585 -
1667 4580 1678 4588 -

263 4629 601 4700 σωματικοῖς
638 4620 941 4692 κεχρῆσθαι
973 4618 1222 4687 ὀνόμασι,
1252 4614 1415 4684 τυχὸν
1441 4609 1833 4680 ἐπηρεαζόντων

1961 4607 2110 4675 ipsis,
2145 4622 2236 4675 qut
2273 4603 2396 4659 ﬁdei
2433 4601 2686 4671 pietatem
2734 4593 3069 4665 profitemur.
3105 4585 3315 4641 Etenim
3349 4582 3415 4637 de
3446 4580 3530 4633 in-

2285 4697 2315 4700 ““
2867 4699 2871 4700 ν
2929 4682 2994 4700 J-
3052 4677 3360 4700 _-_‘2-.:l...-
3412 4671 3487 4700 ..ιῖ

265 4671 527 4772 Ξῗστῗῄκαὶ
941 4671 1081 4775 (49):
1127 4671 1262 4757 ἀλλὰ
1311 4671 1630 4770 συγγνώμη,
1665 4671 1833 4752 Ῠπάλιι

1961 4713 2219 4767 corporeo
2265 4697 2666 4763 disputantem,
2719 4682 2997 4752 corporeis
3052 4677 3363 4733 nominibus
3412 4671 3529 4734 uti,

573 4762 877 4869 ἀσθενείᾳ.
929 4762 1232 4861 λιθάζομεν
1279 4762 1402 4861 γὰρ.
1429 4762 1547 4858 ὀὐχ
1598 4762 1819 4852 ξκόντες

1961 4762 2209 4844 vexaulis
2245 4762 2472 4840 fortasse
2509 4781 2690 4844 fuerit,
2718 4789 2774 4833 et
2810 4773 3133 4844 lapidantis;
3166 4769 3256 4823 sed
3305 4762 3533 4820 infirmi-

516 4855 874 4962 ⁸φθέγγεσθαι
915 4855 1092 4948 ἄλλως
1118 4855 1219 4937 όὺκ
1249 4855 1482 4952 ἔχοντες,
1581 4880 1638 4934 δὲ
1661 4879 1833 4951 ἔχομει

1964 4884 2060 4937 tati
2097 4891 2316 4944 nostrae,
2349 4881 2543 4931 iterum
2583 4876 2781 4933 dicam,
2815 4869 2972 4922 venia
2996 4862 3343 4918 concedatur.
3372 4855 3532 4922 Lapi-

262 4946 562 5061 xptbitaVOt:
594 4946 769 5052 Λόγος
804 4977 1044 5042 ἀκούεις,
1071 4946 1180 5029 -καὶ
1212 4946 1353 5044 ὑπερ
1393 4946 1550 5041 λόγον
1589 4946 1833 5046 disits,

1964 4967 2154 5030 damus
2183 4975 2326 5028 enim
2368 4969 2510 5023 haud
2559 4967 2845 5020 lubenter:
2890 4957 2982 5013 sed
3015 4954 3143 5025 quia
3191 4951 3346 5006 aliter
3386 4946 3533 5015 loqui

340 5123 462 5157 “-"
501 5118 671 5176 Exod.
710 5132 903 5182 xxxttt,
935 5115 1028 5170 23.
1100 5113 1146 5146 ⁸⁰
1183 5111 1356 5167 Exod.
1380 5127 1473 5178 xx,
1523 5109 1616 5165 2i.
1693 5111 1738 5142 ”
1777 5111 1942 5169 Marc.
1983 5129 2091 5178 xlv,
2118 5112 2206 5167 65.
2284 5111 2329 5143 δ’
2367 5107 2527 5164 Joan.
2555 5121 2668 5169 xxx,
2701 5102 2790 5156 29.
2863 5097 2908 5130 ³³
2946 5095 3102 5150 Joan.
3137 5109 3193 5157 x,
3227 5092 3318 5146 5i.

2010 5229 2300 5314 μειοῠκ
2327 5221 2460 5279 οῖδα
2487 5223 2668 5286 ὅπως.
2710 5219 2802 5273 Sic
2857 5229 2966 5274 tres
2995 5215 3149 5271 Coll).
3206 5211 3263 5266 In
3297 5211 3406 5275 ed.,
3433 5209 3534 5274 οὐκ

1952 5297 2069 5354 οῖδα
2093 5299 2232 5362 πῶς.

2026 5369 2137 5438 (47)
2173 5367 2262 5438 Δέ.
2299 5366 2457 5438 Deest
2484 5363 2536 5438 in
2569 5359 2662 5438 ρι’.
2703 5361 2752 5414 1.

2027 5429 2138 5507 (48)
2171 5436 2262 5490 Δέ.
2307 5434 2554 5507 Dees[__in
2583 5429 2733 5507 Βςε.⁵
2753 5430 2804 5483 b.

2172 5487 2692 5576 Ῑέξπὴρεαζόντῳνν
2708 5501 2840 5576 ἐστι
2889 5495 2986 5549 καὶ
3019 5490 3405 5576 λιθαζόντωνξ.
3444 5487 3536 5576 §ic

1957 5557 2545 5633 dub-ffuIIi—aeiCOCOI'ttb.
2582 5569 2638 5625 lu
2660 5573 2770 5636 ed.,
2800 5565 3234 5640 ἐπηρεαζόντων,
3263 5559 3426 5632 τυχὸν
3448 5557 3535 5620 λε-

1956 5647 2247 5714 θαςόντων.

342 5243 458 5315 (ιε’.)
489 5240 586 5310 Μὴ
617 5234 1096 5315 καταψρτεδέσθερ.
1114 5232 1531 5315 ﬂammes-
1576 5226 1696 5315 (iis
1727 5228 1850 5315 ῐεηξί

269 5299 400 5369 ιιοῖιι
425 5299 705 5386 prematur
743 5299 936 5386 unitio.
961 5323 980 5355 ι
1042 5299 1307 5371 εἰσιῡιιιιὶ
1333 5300 1570 5353 maluere
1599 5299 1854 5386 theologi,

271 5366 398 5468 post
427 5366 614 5436 italum
639 5377 952 5458 Eutychetis
984 5366 1250 5436 errorem,
1287 5384 1448 5452 quam
1478 5366 1852 5438 συγκράσεως,

271 5457 328 5509 td
367 5463 472 5515 est,
514 5471 533 5503 ι
557 5457 972 5509 commisttoms,
996 5462 1016 5496 ι
1063 5457 1197 5498 voce
1236 5452 1338 5506 utt,
1395 5439 1526 5494 hcet.
1579 5434 1859 5494 familiaris

269 5525 346 5581 sit
377 5521 657 5591 Gregorio.

348 5577 461 5665 (45)
489 5577 1022 5665 ν’ᾼὸιθενεσξέρους.
1060 5581 1217 5665 Deest
1247 5581 1300 5634 in
1334 5577 1466 5651 Reg.
1499 5578 1552 5634 b.

345 5651 460 5730 (4-4)
487 5662 748 5728 Φέρεται.
779 5651 1254 5730 Ωοίηῒιηηφερέτω.

345 5719 461 5805 μβ)
492 5719 739 5790 udum:
776 5719 1282 5788 Nonnulli'addunt,
1317 5719 1468 5793 φησί.
