3910 6214
363 262 496 341 ,2.ἶ7

1631 259 1690 314 S.
1733 258 2063 315 CRECOBII
2105 259 2452 316 THEOLOCI

3547 262 3654 319 288

390 397 495 432 non
553 391 880 446 possumus,
937 375 1137 445 quibus
1191 388 1476 444 possumus
1519 374 1696 428 verbis
1749 378 1970 430 utimur.

2080 377 2194 445 φῶς
2227 373 2296 441 εἴ,
2337 377 2430 430 καὶ
2470 375 2584 444 φῶς
2609 377 2850 449 ὀνομάζῃ
2871 394 2884 406 ·
2921 377 3032 448 πῦρ
3066 378 3306 441 ἀκούεις,
3336 380 3434 431 οὐκ
3463 382 3654 453 αἰσθησ-

395 469 629 523 Verbum
657 469 854 522 diceris
878 508 893 531 ,
926 479 980 522 et
1007 467 1170 520 verbo
1199 468 1346 520 omni
1384 466 1633 536 superior
1664 482 1758 528 es;
1794 467 1964 522 lucem

388 576 634 628 superas,
659 570 712 615 et
739 560 827 613 lux
859 559 1193 625 nominaris;
1230 559 1366 626 ignis
1402 558 1636 622 vocaris,
1665 558 1832 629 648
1862 575 1968 614 non

390 653 533 719 quod
566 652 617 704 in
649 667 867 706 sensum
901 651 1084 712 cadas,
1115 651 1206 702 sed
1235 650 1360 718 quia
1385 648 1556 703 levem
1584 659 1636 704 et
1665 651 1965 719 improbam

392 743 673 797 materiam
703 756 969 810 expurgas
1001 759 1015 796 :
1052 741 1282 810 gladius,
1317 742 1442 808 quia
1487 753 1693 796 rectum
1750 758 1782 797 a
1821 746 1964 798 malo

392 837 636 891 scindis:
683 835 1076 898 ventilabrnm,
1127 835 1248 903 quia
1301 849 1482 888 aream
1541 851 1832 906 repurgas,
1864 853 1966 905 ac,

393 927 656 998 quidquid
696 927 812 980 leve
839 935 890 979 et
926 935 1204 980 ventosum
1238 940 1344 990 est,
1379 927 1654 994 rejiciens,
1699 929 1748 982 id
1777 945 1964 993 omne,

391 1020 536 1089 quod
584 1033 747 1089 grave
789 1028 843 1072 et
877 1018 1091 1086 plenum
1132 1027 1249 1082 est,
1282 1019 1335 1071 in
1373 1033 1604 1087 superna
1647 1020 1839 1073 horrea
1877 1036 1964 1074 re-

313 1179 318 1184 _
393 1110 619 1176 condis;
648 1111 851 1163 securis
875 1149 890 1174 ,
923 1111 1046 1179 quia
1083 1109 1332 1162 diuturna
1370 1110 1627 1178 patientia
1662 1122 1716 1164 et
1743 1111 1966 1167 lenitate

394 1214 556 1264 usus,
610 1199 979 1269 infrugil‘eram
1030 1199 1188 1253 ﬁcum
1242 1200 1456 1253 tandem
1493 1200 1766 1255 exscindis
1792 1240 1808 1264 ,
1837 1201 1965 1270 quia

392 1291 756 1360 improbitatis
800 1291 1008 1346 radices
1047 1301 1334 1355 amputas;
1375 1292 1612 1355 ostium,
1643 1302 1860 1360 propter
1885 1293 1970 1344 in-

397 1383 828 1448 troductionem;
879 1382 986 1448 via,
1037 1383 1163 1452 quia
1207 1392 1356 1438 recto
1409 1383 1607 1437 itinere
1653 1383 1966 1453 gradimur;

395 1471 544 1536 ovis,
572 1476 699 1542 quia
748 1474 1002 1541 victima;
1064 1473 1304 1543 pontifex
1327 1514 1342 1539 ,
1378 1475 1504 1544 quia
1550 1490 1749 1544 corpus
1770 1476 1966 1541 oll'ers,

398 1561 596 1627 Filius,
646 1564 770 1631 quia
815 1564 1013 1619 Patris.
1051 1565 1259 1618 Rursus
1295 1565 1508 1634 linguas
1543 1566 1710 1620 incito
1741 1582 1804 1622 ac
1839 1582 1969 1636 pro-

398 1667 532 1706 voco
559 1670 572 1715 ;
609 1668 796 1708 rursus
827 1655 1086 1709 adversus
1115 1655 1389 1709 Christum
1421 1656 1638 1722 quidam
1669 1657 1963 1723 insaniunt,

2072 470 2165 532 τὺς
2217 469 2314 532 ὢν,
2357 469 2470 522 ἀλλ’
2511 470 2590 522 δτι
2646 471 2743 539 τὴν
2801 469 3006 540 κούφην
3047 470 3141 522 καὶ
3195 470 3472 540 μοχθηρὰν
3517 473 3652 526 ἀνα-

2073 559 2352 631 καθαίρεις
2373 560 2507 630 ὓλην
2530 576 2544 590 δ
2585 560 2852 630 μάχαιρα,
2883 562 2964 613 ὅτι
3006 561 3225 631 τέμνεις
3259 562 3319 614 τὸ
3340 567 3518 634 χεῖρον
3544 565 3654 618 ἀπὸ

2070 651 2165 704 ’ωὖ
2213 651 2552 722 κρείττονος·
2582 651 2772 715 πτύον,
2817 653 2898 704 ὅτι
2941 652 3332 722 ἁνακαθαίρεις
3376 655 3472 723 τὴν
3515 655 3649 721 ἆλω,

2071 743 2166 796 καὶ
2215 743 2338 796 ὅσον
2368 741 2570 810 κοῦφόν
2621 759 2681 794 τε
2729 743 2823 796 καὶ
2853 744 3133 812 ἀνεμιαίον
3163 745 3648 817 ἀποπεμπόμενος,

2069 835 2191 886 ὅσον
2226 834 2364 905 βαρὺ
2398 835 2491 887 καὶ
2526 833 2730 904 πλῆρες
2771 833 2882 904 (50)
2928 835 3022 887 ἐπὶ
3083 835 3182 898 τὰς
3231 837 3512 906 ἀποθήκας
3551 839 3652 902 τὰς

2070 925 2184 979 ἄνω
2205 923 2316 994 (51)
2341 923 2717 977 ὲναποτίθεσαι
2735 923 2870 994 (5‘2)°
2900 924 3080 995 ἀξίνη,
3106 927 3187 978 ὅτι
3217 927 3329 997 (55)
3354 928 3452 998 τὴν
3480 929 3654 1000 ἄκαρ-

2071 1033 2170 1069 πον
2211 1017 2500 1078 ὲκκόπτεις
2533 1017 2704 1086 συκῆν
2738 1017 2830 1069 ἐπὶ
2882 1019 3016 1071 πολὺ
3065 1019 3529 1089 μακροθυμήσας,
3567 1022 3652 1074 ὅτι

2070 1107 2168 1171 τὰς
2201 1107 2357 1179 ῥίζας
2403 1107 2692 1177 ὲκτὲμνεις
2729 1107 2830 1177 τῆς
2875 1110 3172 1179 πονηρίας·
3209 1109 3378 1180 θύρα,
3414 1111 3504 1164 διὰ
3552 1111 3652 1182 τὴν

2069 1200 2412 1270 εἰσαγωγήν
2466 1199 2619 1264 ὁδὸς,
2693 1201 2773 1254 ’ότι
2839 1200 3280 1272 εύθυποροῦμεν·
3354 1202 3648 1272 πρόϐατον,

2069 1292 2152 1344 ὅτι
2197 1291 2378 1361 θῦμα·
2438 1293 2760 1364 ἀρχιερεὺς,
2803 1293 2886 1346 δτι
2961 1295 3295 1364 προσφέρεις
3335 1295 3397 1348 τὸ
3454 1295 3648 1366 σῶμα·

2071 1384 2218 1449 Υἱὸς,
2257 1386 2338 1438 ὅτι
2375 1385 2608 1456 Πατρός.
2646 1385 2813 1439 Πάλιν
2863 1386 2998 1438 κινῶ
3031 1386 3130 1448 τάς
3166 1386 3452 1454 γλώσσας·
3486 1387 3652 1440 πάλιν

2070 1475 2212 1528 κατὰ
2279 1475 2518 1546 Χριστοῦ
2574 1492 2719 1539 τινες
2780 1475 3091 1546 μαίνονται,
3143 1475 3343 1545 μᾶλλον
3401 1477 3480 1540 δὲ,
3527 1479 3650 1530 κατ’

2071 1564 2229 1636 ἐμοῦ,
2277 1566 2336 1629 ὃς
2373 1565 2610 1638 ἠξιώθην
2653 1569 2746 1621 τού
2795 1567 2970 1636 Λόγου
3026 1566 3279 1635 γενέσθαι
3331 1567 3525 1639 κῆρυξ.
3562 1569 3650 1633 Ὠς

2081 1657 2335 1728 Ἰωάννης
2373 1657 2630 1729 γίνομαι·
2678 1658 2848 1726 Φωνὴ
2893 1657 3166 1723 ,βοῶντος
3195 1658 3264 1710 ἐν
3308 1656 3384 1725 τῇ
3429 1658 3646 1727 ἐρήμῳ,

393 1744 478 1796 vel
508 1745 790 1799 adversum
820 1762 904 1799 me
929 1746 1128 1814 potius,
1153 1746 1266 1812 qui,
1292 1756 1350 1800 ut
1380 1744 1536 1801 Verbi
1559 1749 1739 1801 lierem
1767 1763 1968 1816 praeco.

2078 1750 2268 1819 ερήμῳ
2319 1749 2447 1801 ποτὲ
2496 1749 2591 1802 καὶ
2634 1749 2871 1820 ἀνύδρῳ,
2920 1749 3013 1802 νῦν
3063 1749 3121 1802 δὲ
3170 1747 3263 1802 καὶ
3306 1748 3426 1801 λίαν
3465 1749 3649 1803 οἰκου-

396 1833 588 1902 dignus
617 1835 828 1889 habitus
873 1852 1013 1890 sum.
1059 1837 1127 1892 Ut
1149 1837 1387 1892 Joannes
1413 1838 1616 1891 eﬁicior
1647 1857 1660 1892 :
1710 1837 1825 1891 Vox
1851 1837 1966 1892 cla-

2080 1839 2237 1909 μένῃ.

395 1927 588 1979 mantis
615 1929 670 1979 in
709 1925 916 1982 deserto
940 1929 1007 1992 ”,
1035 1929 1251 1984 deserto
1283 1930 1499 1998 quidem
1531 1931 1682 1999 prius
1728 1931 1867 1996 loco,
1915 1942 1970 1987 et
2009 1931 2252 2000 siccitate
2279 1933 2574 1998 laboranti,
2615 1946 2760 1987 nunc
2805 1939 2987 1986 autem
3052 1927 3208 1984 valde
3280 1929 3564 1990 habitabili
3595 1937 3654 1985 et

395 2018 689 2088 frequenti.

469 2110 533 2164 V.
583 2111 847 2164 Caeterum
871 2149 888 2175 ,
923 2121 982 2164 ut
1019 2111 1085 2166 ad
1128 2127 1240 2166 rem
1274 2113 1513 2178 redeam,
1552 2127 1968 2184 sermonemque

398 2216 577 2254 meum
603 2213 861 2269 repetam,
893 2204 1010 2255 ideo
1033 2205 1397 2272 sequebantur
1423 2221 1546 2260 eum
1573 2208 1740 2260 turba!
1765 2207 1966 2272 multae,

395 2293 522 2360 quia
565 2293 630 2346 ad
689 2292 1020 2348 inﬁrmitatis
1078 2305 1277 2350 nostra:
1322 2305 1540 2364 captum
1597 2312 1655 2350 se
1710 2297 1965 2351 demittit.

395 2381 533 2448 Quid
560 2383 783 2450 postea?
819 2381 888 2435 Et
923 2394 1269 2448 accesserunt,
1297 2384 1492 2453 inquit.
1527 2387 1595 2438 ad
1624 2402 1742 2439 eum
1778 2385 1969 2439 Phari-

393 2478 510 2538 δτι-ἱ,
543 2485 797 2529 tentantes
825 2493 965 2540 eum,
991 2486 1039 2528 et
1062 2477 1290 2530 dicentes
1318 2492 1336 2530 .'
1371 2476 1433 2531 Si
1463 2477 1583 2530 licet
1611 2477 1810 2531 homini
1839 2495 1971 2547 qua-

393 2585 594 2638 (imque
636 2585 700 2621 ex
742 2585 901 2621 causa
944 2569 1208 2622 dimittere
1259 2585 1475 2621 uxorem
1528 2570 1724 2621 suant?
1759 2571 1968 2623 ltursus

393 2657 650 2713 Pharisaei
683 2669 930 2724 tentant;
981 2675 1193 2724 rursus,
1224 2660 1315 2727 qui
1349 2659 1516 2728 legem
1561 2659 1762 2728 legunt,
1799 2660 1967 2730 legem

395 2766 500 2802 non
553 2749 884 2818 intelligunt;
932 2763 1152 2814 rursus,
1209 2748 1299 2817 qui
1349 2763 1415 2803 se
1463 2749 1595 2818 legis
1646 2750 1968 2822 interpretes

392 2841 741 2907 proﬁtentur,
793 2840 1066 2910 magistris
1117 2839 1238 2893 aliis
1282 2855 1417 2906 opus
1476 2839 1696 2894 habent.
1763 2838 1966 2893 Parum

393 2941 509 2986 erat
555 2933 881 2986 Sadduczeos
931 2932 995 2988 de
1049 2931 1444 2986 resurrectione
1475 2939 1752 2995 tentasse,
1807 2931 1969 2999 legis-

395 3024 600 3092 peritos
652 3021 719 3075 de
776 3021 1106 3088 perfectione
1167 3019 1572 3088 ii'tterrogasse,
1630 3019 1970 3076 Herodianos

396 3113 462 3166 de
493 3127 655 3166 censu
676 3153 692 3178 ,
719 3113 852 3168 alios
890 3113 956 3166 de
986 3120 1272 3180 potestate.
1300 3110 1492 3166 Adhuc
1519 3112 1585 3165 de
1620 3111 1970 3165 matrimonio

395 3205 664 3273 quispiam
710 3219 866 3268 eum,
897 3203 986 3272 qui
1031 3202 1226 3257 tentari
1269 3218 1376 3257 non
1408 3210 1620 3270 potest,
1650 3202 1743 3270 qui
1791 3204 1972 3258 matri-

395 3295 636 3348 monium
661 3293 888 3356 creavit,
915 3292 1005 3362 qui
1039 3305 1105 3346 ex
1135 3292 1308 3360 prima
1337 3306 1498 3345 causa
1531 3292 1840 3346 universum
1869 3292 1971 3346 hoc

2145 2113 2222 2166 E'.
2265 2110 2415 2180 Πλὴν
2448 2111 2583 2180 ὅπερ
2633 2107 2841 2175 ἔλεγον,
2892 2106 2978 2161 ἵνα
3029 2105 3164 2180 πρὸς
3210 2105 3304 2158 τὸν
3345 2105 3478 2176 ἐμὸν
3517 2106 3656 2160 ἀνα-

2069 2207 2264 2277 δράμω
2292 2205 2470 2272 λόγον,
2503 2202 2593 2255 διὰ
2624 2201 2781 2254 τοῦτο
2813 2199 3140 2269 ἠκολούθουν
3179 2199 3288 2268 (54)
3316 2197 3466 2267 αὐτῷ
3503 2197 3654 2267 ὄχλοι

2073 2299 2281 2360 πολλοὶ,
2308 2297 2390 2349 ὅτι
2423 2297 2544 2357 ταῖς
2578 2292 2882 2356 ἀσθενείαις
2911 2291 3334 2360 συγκαταϐαίνει
3365 2294 3485 2354 ταῖς
3514 2293 3656 2362 ἠμε-

2073 2390 2282 2462 τέραις.
2329 2381 2463 2440 Εἶτα
2508 2386 2593 2451 τί;
2629 2385 2740 2438 Καὶ
2787 2383 3142 2452 προσῆλθον
3167 2381 3347 2449 αὐτῷ,
3383 2383 3565 2453 φησὶν,
3597 2383 3656 2434 οἱ

2071 2479 2411 2548 Φαρισαῖοι,
2447 2475 2824 2550 πειράζοντες
2866 2476 3053 2529 αὑτὸν
3090 2475 3188 2528 καὶ
3227 2475 3540 2542 λέγοντες-ο
3582 2475 3658 2528 El

2069 2572 2312 2637 ἔξεστιν
2345 2568 2634 2636 ἀνθρώπῳ
2679 2567 2829 2622 κατὰ
2876 2566 3084 2621 πᾶσαν
3115 2568 3313 2619 aletur
3347 2565 3658 2628 ἀπολῦσαι

2071 2663 2186 2729 τὴν
2217 2661 2469 2731 γυναῖκα
2499 2659 2721 2721 αὐτοῦ;
2757 2657 2923 2712 Πάλιν
2961 2659 3243 2728 Φαρισαῖοι
3290 2656 3610 2728 πειράζουσι
3637 2674 3650 2688 ·

2072 2753 2235 2806 πάλιν
2263 2753 2312 2804 οἱ
2345 2752 2437 2805 τὸν
2494 2751 2658 2820 νόμον
2721 2749 3206 2817 ἀναγινώσκοντες,
3254 2748 3345 2801 τὸν
3390 2751 3552 2820 νόμον
3589 2749 3654 2803 οὐ

2071 2843 2436 2912 γινώσκουσι·
2474 2841 2635 2894 πάλιν
2672 2842 2720 2893 οἱ
2753 2839 3018 2910 ἐξηγηταὶ
3045 2844 3158 2911 (55)
3190 2841 3284 2894 τοῦ
3315 2841 3478 2910 νόμου
3522 2857 3655 2908 τυγ-

2072 2935 2346 3005 χάνοντες,
2392 2932 2564 2986 ἄλλων
2615 2931 2946 2985 διδασκάλων
2992 2931 3218 2986 δέονται.
3249 2933 3362 2985 Οὐκ
3410 2931 3657 3003 ἤρκεσαν

2073 3025 2420 3078 Σαδδουκαῖοι
2449 3025 2560 3091 (56)
2595 3024 2945 3096 πειράζοντες
2978 3024 3106 3094 περ).
3150 3024 3519 3087 ἀναστάσεως,
3558 3023 3658 3076 καὶ

2071 3131 2287 3186 νομικοι
2317 3115 2714 3186 πυνθανόμενοι
2746 3115 2874 3185 περὶ
2917 3113 3288 3184 τελειότητος,
3336 3115 3432 3165 καὶ
3475 3113 3658 3184 Ἥρω·

2069 3207 2240 3261 διανοὶ
2269 3208 2397 3278 περὶ
2436 3209 2657 3278 κήνσου,
2689 3207 2781 3258 καὶ
2814 3205 2944 3276 περὶ
2977 3204 3223 3270 ἐξουσίας
3252 3203 3449 3274 ἕτεροι.
3491 3203 3661 3256 Ἀλλὰ

2073 3300 2167 3352 καὶ
2201 3299 2328 3368 περὶ
2375 3299 2553 3367 γάμου
2585 3314 2671 3360 τις
2702 3295 2863 3350 πάλιν
2915 3297 3095 3366 ἐρωτᾷ
3140 3294 3252 3364 (57)
3292 3295 3383 3346 τὸν
3420 3294 3658 3364 ἀπείρα-

397 3385 678 3440 hominuut
711 3401 881 3455 genus
913 3383 1172 3447 condidit,
1212 3393 1614 3453 percunctatur.
1648 3384 1766 3452 Ipse
1788 3394 1965 3438 autem

2078 3408 2217 3454 στον,
2241 3393 2332 3446 τὸν
2364 3391 2587 3461 κτίστην
2615 3389 2716 3458 τῆς
2759 3388 3043 3457 συζυγίας,
3074 3389 3165 3441 τὸν
3201 3388 3266 3441 ὲκ
3292 3387 3394 3456 τῆς
3427 3386 3660 3458 πρώτης

398 3477 751 3544 respondens.
781 3477 914 3530 dixit
938 3477 1056 3531 eis:
1093 3474 1214 3530 Non
1243 3475 1459 3546 legistis,
1485 3476 1611 3544 quia
1645 3477 1690 3530 is
1730 3477 1819 3546 qui
1847 3477 1968 3545 fecit

399 3569 656 3620 hominem
684 3570 748 3620 ab
781 3569 965 3634 initio,
998 3567 1290 3621 masculum
1319 3577 1366 3620 et
1401 3565 1648 3633 feminam
1683 3567 1807 3634 fecit
1846 3569 1972 3621 eos?

397 3658 649 3713 Christus
677 3661 936 3727 quasdam
983 3659 1311 3728 quaestiones
1360 3657 1574 3712 solvere
1609 3668 1771 3725 atque
1797 3658 1973 3726 expli-

397 3764 526 3804 care
552 3751 708 3818 solet,
736 3753 995 3818 quasdam
1027 3751 1171 3805 velut
1194 3751 1476 3803 obstructo
1512 3749 1968 3818 interrogantiuin

398 3856 497 3895 ore
522 3843 897 3910 comprimere.
944 3840 1075 3894 Cum
1103 3856 1170 3894 ex
1199 3857 1264 3896 eo
1296 3842 1556 3910 quaaritnr
1583 3858 1596 3894 :
1641 3840 1708 3894 In
1747 3857 1851 3908 qua
1878 3857 1973 3909 po-

399 3942 588 3986 testate
637 3935 748 3987 lucc
788 3933 1024 4001 facis”?
1058 3933 1284 4002 Propter
1332 3935 1603 4000 ingentem
1652 3947 1838 3986 eorum
1881 3931 1972 4000 qui

398 4024 903 4093 interrogaveram.
953 4025 1246 4091 ineptiam,
1300 4025 1536 4077 vicissim
1590 4023 1705 4091 ipse
1757 4035 1974 4091 quoque

399 4114 735 4184 interrogat:
786 4115 1082 4183 Baptismus
1113 4116 1336 4169 Joannis
1368 4117 1431 4168 de
1461 4115 1588 4168 coelo
1625 4124 1777 4178 erat,
1811 4131 1878 4166 an
1912 4129 1977 4168 ea:

2075 3482 2252 3546 αἰτίας
2303 3481 2414 3550 (58)
2463 3481 2526 3534 τὸ
2576 3481 2703 3534 πᾶν·
2754 3481 2863 3534 τῶν
2930 3478 3235 3551 ἀνθρώπων
3294 3477 3453 3548 γένος
3499 3477 3662 3531 τοῦτο

2079 3575 2503 3644 συστησάμενον.
2543 3572 2601 3626 '0
2641 3572 2698 3625 δὲ
2730 3571 3051 3642 ἀποκριθεὶς
3092 3567 3246 3623 εἶπεν
3279 3571 3498 3634 αὐτοῖς’
3533 3571 3663 3625 Οὐκ

2076 3665 2391 3734 ἀνέγνωτε,
2442 3665 2535 3718 ὅτι
2573 3668 2605 3718 ὀ
2641 3663 2906 3731 ποιήσας
2937 3662 3006 3726 ἐξ
3059 3659 3276 3730 ἀρχῆς,
3324 3661 3507 3730 ἆρῤεν
3554 3660 3663 3713 καὶ

2079 3758 2236 3824 θῆλυ
2270 3758 2558 3824 ἐποίησεν
2599 3758 2850 3825 adrade;
2885 3751 3006 3809 Οἵδε
3043 3752 3329 3824 τινάςμὲν
3361 3755 3469 3807 τῶν
3514 3767 3659 3826 ερωο

2079 3849 2288 3916 τήσεων
2327 3847 2584 3911 διαλύειν,
2615 3846 2768 3910 τινὰς
2807 3846 2864 3898 δὲ
2902 3846 3294 3915 ἐπιστομίζειν.
3330 3846 3460 3898 Ὅτε
3511 3847 3662 3916 ἐρω-

2081 3940 2260 4001 τᾶται,
2307 3939 2404 3991 Ἐν
2454 3941 2595 4006 ποίᾳ
2647 3938 2899 4005 ἐξουσίᾳ
2949 3937 3137 3991 ταῦτα
3194 3938 3417 4002 ποιεῖς;
3463 3937 3552 3991 διὰ
3596 3937 3665 3992 τὸ

2077 4027 2216 4093 ἄγαν
2267 4026 2587 4078 ἀπαίδευτον
2624 4026 2734 4078 τῶν
2754 4026 3166 4098 ἐρωτησάντων,
3199 4028 3291 4080 καὶ
3340 4027 3501 4089 αὐτὸς
3531 4028 3664 4080 ἀντ-

2091 4118 2302 4188 ερωτιῖι⁶
2345 4117 2414 4170 Τὸ
2461 4117 2778 4184 βάπτισμα
2821 4115 2882 4169 τὸ
2950 4117 3223 4170 Ἰωάννου
3274 4118 3409 4188 (59),
3450 4117 3516 4181 ἐξ
3553 4119 3662 4171 οὺ-

397 4206 692 4260 hominibus
715 4207 793 4262 ³⁸2
826 4207 992 4280 649
1025 4197 1197 4276 Atque
1238 4207 1491 4276 utrinque
1545 4206 1970 4274 interrogatores

2078 4208 2258 4276 ρανοῦ
2309 4205 2410 4278 ἦν,
2463 4208 2501 4276 ἢ
2554 4208 2622 4272 ἐξ
2681 4207 3039 4275 ἀνθρώπων;
3095 4211 3206 4263 Καὶ
3268 4208 3666 4280 ἀμφοτέρωθεν

397 4316 526 4354 suos
557 4302 754 4370 premit
781 4317 843 4354 ac
878 4304 1218 4371 constringit.
1251 4301 1404 4358 Unde
1437 4300 1603 4355 etiam
1641 4301 1794 4353 nobis
1835 4316 1973 4353 non-

397 4406 673 4461 nunquam
723 4394 788 4447 ad
821 4393 1020 4449 Chriin
1067 4393 1421 4447 imitationem
1468 4406 1593 4457 eos,
1622 4393 1711 4460 qui
1756 4391 1972 4446 curiosa

466 4503 513 4536 ³⁸
550 4504 743 4560 Matth.
778 4521 858 4572 nt,
886 4506 942 4560 5.
1017 4507 1063 4540 ³⁵
1102 4507 1233 4561 Luc.
1262 4520 1353 4572 xx,
1386 4504 1441 4558 2.
1519 4503 1564 4535 ”
1604 4502 1734 4558 ibid.
1759 4505 1816 4557 4.

2077 4299 2398 4371 συμποδίζει
2443 4302 2568 4364 τοὺς
2623 4300 2967 4371 ἐρωτῶντας.
2995 4302 3158 4354 Ὥστε
3223 4301 3499 4372 δυνάμεθα
3563 4301 3667 4355 καὶ

2071 4394 2238 4464 ἡμεῖς
2273 4390 2602 4461 μιμούμενοι
2649 4391 2908 4462 Χριστὸν,
2957 4392 3103 4446 ἐστιν
3133 4393 3222 4446 ὅτε
3255 4395 3380 4457 τοὺς
3413 4393 3522 4464 (60)
3563 4409 3666 4446 πε-

467 4625 580 4698 (50)
617 4627 802 4707 "_0_o'or
825 4626 987 4707 ,βαρὶξ
1010 4627 1109 4680 καὶ
1131 4626 1380 4696 πλῆρες.
1413 4625 1504 4682 Sic
1538 4626 1780 4682 nonnulli
1815 4627 1970 4682 codd.

2083 4697 2097 4707 .
2156 4626 2266 4706 (5§)
2303 4625 2530 4707 Τὸν-,ὲκ
2575 4623 2686 4707 τῆς
2720 4624 2955 4707 πρώτης
2999 4624 3216 4703 αἰτίας..
3253 4620 3449 4707 ’(Ξοηιι).
3484 4620 3612 4702 legit
3645 4641 3662 4677 :

397 4697 559 4752 Deest
595 4697 802 4766 πλῆρες
833 4699 883 4749 in
918 4697 1004 4766 egl.

470 4767 584 4829 (5H
626 4765 737 4831 Τὰς
765 4766 906 4818 ἄνω.
949 4765 1072 4820 Haec
1106 4767 1300 4819 desunt
1323 4766 1374 4818 in
1402 4766 1662 4834 pluribus.

465 4837 580 4907 (5‘2)
617 4836 1090 4907 Ἐναποτζθεσαα
1116 4834 1281 4907 C_oisl.
1318 4837 1372 4907 5,
1403 4835 1815 4906 ἀποτιθέμενος.

465 4904 582 4974 (55)
626 4905 843 4972 Ἀξίνη,
872 4905 981 4959 ὅτι.
1009 4907 1099 4959 Sic
1133 4904 1226 4969 Or.
1255 4908 1307 4959 1.
1353 4905 1510 4960 Deest
1535 4907 1616 4958 ὅτι
1639 4904 1702 4959 in
1733 4909 1819 4961 ed.

469 4977 581 5044 (54)
628 4977 1058 5046 Ἠκολούθουνἶ
1095 4974 1227 5042 Reg.
1268 4977 1356 5046 lim
1385 4978 1551 5046 addit,
1592 4975 1710 5046 μέν.

469 5043 582 5115 (55)
616 5050 681 5100 Ol
709 5046 1014 5115 ἐξηγηταί.
1041 5044 1270 5115 Deestin
1299 5045 1503 5115 duobus
1539 5043 1700 5114 ltegg.
1725 5054 1780 5099 et
1801 5043 1894 5100 0r.
1927 5045 1983 5100 1.

470 5114 582 5189 (56)
628 5119 751 5189 οὐκ
801 5114 1070 5189 ἤρκεσαν
1103 5114 1514 5189 Σαδδοῳιαξοι.
1555 5115 1680 5189 Haec
1710 5116 1902 5189 desunt
1931 5116 1984 5169 in

397 5184 611 5244 duobus
639 5187 807 5256 Regg.
835 5185 891 5238 ln
926 5185 1135 5256 duobus
1163 5186 1283 5240 aliis
1306 5187 1394 5239 hic
1423 5186 1575 5241 locus
1613 5185 1691 5240 sic
1733 5184 1932 5253 legitur
1964 5203 1978 5239 :

397 5259 641 5318 Δέονται,
677 5253 778 5310 καῖ
799 5256 855 5325 οξ
871 5253 1241 5325 πειράζοντες,
1270 5264 1376 5308 etc.

469 5327 584 5398 (57)
639 5323 877 5394 Ἐρωτᾷ.
911 5395 925 5398 _
951 5323 1138 5398 Co_tnb.
1187 5325 1359 5398 legit,_
1384 5325 1648 5394 ἐρωτῶσι,
1672 5341 1729 5398 __t
1754 5323 1982 5398 interro-

399 5392 610 5464 gant,»
636 5392 864 5464 eamque
911 5395 1194 5449 lectionem
1222 5392 1456 5462 praefert,
1507 5410 1626 5463 qua:
1661 5392 1862 5448 Christi
1895 5411 1981 5449 re-

400 5463 690 5532 sponsione
716 5463 1087 5518 conﬁrmatur.
1135 5463 1251 5517 Non
1283 5464 1370 5518 ttni
1421 5465 1707 5532 siquidem,
1740 5464 1832 5516 sed
1855 5463 1977 5531 plu-

404 5540 555 5590 ribus
592 5537 897 5604 respondet,
927 5550 1048 5604 cum
1102 5534 1232 5588 dicit
1263 5551 1275 5586 :
1319 5553 1338 5585 ι
1363 5533 1477 5586 Non
1506 5533 1755 5604 legistis,
1780 5535 1903 5602 quia
1934 5535 1979 5588 is

403 5606 506 5734 (καί,
529 5605 654 5659 fecit
670 5605 948 5728 pernitiem
994 5603 1062 5660 ab
1096 5605 1272 5671 initio,
1317 5603 1609 5660 masculum
1635 5614 1689 5659 et
1720 5603 1976 5658 feminam

426 5684 533 5731 ecrt
562 5690 656 5732 eos
714 5693 734 5726 ι

426 5675 533 5731 ecit
562 5675 694 5732 eos?
714 5693 734 5726 ι

2080 4693 2279 4764 ὲκγῆς
2332 4694 2543 4766 πρῶτον
2589 4695 2653 4748 τὸ
2711 4693 2838 4757 πᾶν,
2889 4705 3017 4753 etc.,
3087 4694 3217 4766 equi
3253 4693 3380 4766 limo
3426 4693 3662 4766 primum
3712 4704 3719 4714 '

2085 4762 2394 4820 universum
2440 4766 2712 4818 hominum
2770 4779 2938 4829 genus
2987 4763 3289 4815 condidit.»
3330 4764 3460 4827 Quae
3497 4762 3663 4815 lectio

2085 4837 2383 4905 planiorem
2410 4849 2626 4888 sensum
2664 4833 2850 4888 efﬁcit.
2885 4833 3014 4887 Nam
3043 4847 3106 4886 ex
3145 4833 3458 4905 liis__Verbi_s,
3489 4849 3508 4882 ι
3530 4832 3662 4885 limo

2083 4901 2336 4976 primum,
2365 4925 2383 4956 ι
2421 4905 2658 4976 Adamus
2697 4905 3026 4976 intelligitur,
3091 4904 3178 4976 qui
3237 4901 3364 4976 limo
3399 4901 3664 4976 formatus

2083 4971 2189 5039 est,
2242 4983 2296 5028 et
2349 4976 2428 5028 sic
2486 4975 2648 5026 totius
2702 4971 2921 5028 humani
2977 4972 3193 5041 generis
3254 4971 3659 5041 radixmevasit.

2087 5046 2260 5100 Verba
2302 5057 2476 5098 tamen
2510 5060 2627 5109 qua:
2652 5044 2778 5096 editi
2814 5044 2934 5097 libri
2965 5039 3243 5104 exhibent,
3289 5039 3504 5109 intelligi
3537 5055 3658 5109 pns-

2085 5108 2695 5180 sunt,quentadtnmlum
2713 5113 2810 5166 ista
2831 5112 2995 5168 Pauli.
3014 5111 3135 5163 Act.
3157 5125 3285 5180 xvii,
3309 5108 3378 5180 26
3403 5125 3416 5159 :
3446 5108 3664 5178 Ἐποίηο

2086 5184 2144 5236 σέ
2179 5200 2237 5236 τε
2270 5179 2328 5250 ἐξ
2372 5183 2489 5245 ἑνὸς
2536 5182 2764 5252 αἵματος
2804 5184 2916 5236 πᾶν
2949 5181 3099 5241 ἔθνος
3156 5179 3657 5252 ἀνθρώπων,ᾼειο.,;

2085 5273 2104 5306 ι
2135 5249 2389 5322 Fecitque
2437 5268 2501 5308 ex
2560 5249 2664 5306 uno
2722 5252 3026 5322 (sanguine)
3070 5265 3232 5303 omne
3262 5249 3438 5318 genus
3479 5249 3656 5302 homi-

2081 5339 2228 5383 num,
2261 5342 2279 5374 ι
2320 5332 2422 5376 etc.

2148 5393 2260 5462 (59)
2296 5393 2364 5447 Τὸ
2407 5390 2694 5446 Ἰωάννου.
2731 5391 2968 5447 Βεεειτό
3007 5390 3058 5462 in
3087 5387 3258 5462 Or.r_l.

2151 5455 2262 5531 (60)
2296 5464 2509 5516 Ἔστιν
2537 5463 2838 5536 (iterat-c1
2881 5464 2978 5536 ,δίο
3026 5461 3134 5536 duo
3178 5458 3328 5512 Coll).
3373 5456 3550 5536 Quam.
3577 5455 3653 5536 le-

2078 5527 2312 5586 ctionem
2342 5537 2582 5602 sequitur
2607 5527 2981 5594 Combeﬁsius,
3002 5539 3074 5602 ,ει
3107 5529 3219 5602 ipse
3256 5539 3472 5602 secutus
3504 5527 3624 5578 vide

2080 5612 2166 5659 tur
2188 5602 2390 5659 Billius.
2420 5598 2576 5667 'Alii,
2637 5603 2721 5654 ὅτε
2756 5602 2852 5672 μὲν
2897 5601 3034 5671 περὶ·
3067 5598 3215 5664 τούς,
3266 5598 3410 5654 nullo
3467 5611 3652 5650 sensu.
