3910 6214
281 285 391 342 239
1043 281 1047 286 ’
1171 280 1432 339 ORATIO
1468 283 1736 340 XXXVII.
1776 311 1846 325 —
1883 284 1954 341 IN
1991 286 2254 344 MATTll.
2297 289 2444 353 XlX,
2490 292 2636 348 1-12.
3235 295 3238 299 ’
3436 306 3542 365 290

283 398 522 470 ριέργως
560 396 693 468 ἡμῖν
723 395 1142 466 διαλεγομένους
1185 395 1584 468 ἐπιστομίζειν,
1620 398 1716 453 καὶ
1747 401 1842 454 ἀτο

1973 401 2339 471 disputatione
2385 406 2826 478 nos-lacessunt,
2870 411 3259 482 comprimere,
3290 420 3546 484 quastio-

281 487 555 558 πωτέροις
617 487 1039 558 ἀντερωτήμασι
1099 487 1212 558 (61)
1271 487 1419 542 λύειν
1487 490 1589 561 τὴν
1638 491 1842 544 ἀτοπία·

1971 508 2210 564 numque
2265 496 2658 553 absurditatem
2719 501 3130 558 absurdioribus
3162 504 3546 576 interrogatio-

277 579 391 632 τῶν
438 580 784 650 ἐρωτήσεων.
821 578 1020 648 Ἐσμὲν
1075 578 1185 652 γὰρ
1243 580 1338 633 καὶ
1380 581 1539 651 ἡμεῖς
1588 583 1742 651 σοφοὶ
1798 600 1842 635 τε

1969 588 2128 644 nibus
2163 589 2372 644 solvere
2417 589 2565 647 licet.
2603 591 2736 646 Nam
2786 593 2886 663 ipsi
2935 609 3150 664 quoque
3175 595 3445 652 interdum
3489 603 3546 658 in

281 669 488 740 μάταια
539 668 688 722 ἐστιν
730 669 840 733 ὅτε,
890 669 979 723 ἵνα
1031 668 1104 722 τὰ
1141 669 1241 739 τῆς
1284 670 1598 741 ἀφροσύνης
1655 674 1842 743 καυχήι

1966 678 2129 732 rebus
2156 679 2311 732 vanis
2336 680 2458 734 sciti
2489 690 2653 751 atque
2683 682 2947 753 ingeniosi
2987 698 3176 738 sumus
3205 704 3220 740 :
3253 696 3313 740 ut
3345 687 3401 741 in
3434 689 3544 757 bis,

281 777 482 831 σωμαι.
514 760 645 813 Ὅτε
696 759 754 812 δέ
798 758 1067 831 ἐρώτησιν
1120 761 1224 830 ὁρᾷ
1266 760 1531 830 λογισμοῦ
1579 760 1839 832 δεομένην

1962 783 2085 838 quae
2117 780 2245 824 sunt
2278 770 2597 842 insipientia;
2617 813 2632 838 ,
2678 773 2897 843 glorier.
2933 776 3004 829 At
3035 792 3157 831 cum
3185 780 3540 848 quaestionem

277 853 397 906 τότε
428 852 531 905 οὐκ
567 850 792 915 ἀπαξιοῖ
818 851 948 915 τοὺς
992 849 1315 922 ἐρωτῶντας
1345 851 1579 906 συνετῶν
1628 852 1842 923 ἀποκρίι

1962 859 2374 917 ratiocinatione
2400 879 2465 917 ac
2489 862 2692 932 judicio
2717 863 3043 934 indigentem
3070 868 3238 933 videt,
3272 879 3383 923 tum
3412 884 3535 932 eos,

276 961 440 1000 σεων.
1591 1002 1607 1033 λ
1961 966 1992 1005 a
2013 952 2207 1021 quibus
2229 955 2610 1024 interrogatur,
2633 959 2883 1028 prudenti
2912 973 3172 1029 reapouso
3195 954 3543 1033 nequaquam

1962 1043 2208 1112 indignos
2234 1057 2446 1104 censet.

2035 1133 2121 1187 Vl.
2164 1134 2404 1201 Quaestio
2447 1137 2585 1202 hare,
2634 1139 2828 1208 inquit,
2873 1154 3034 1210 quam
3082 1143 3432 1214 proposuisti,
3473 1144 3544 1200 ad

1959 1226 2235 1294 pudicitiae
2274 1229 2475 1283 cultum
2499 1240 2554 1285 et
2582 1234 2843 1288 honorem
2875 1245 3123 1304 spectare
3150 1239 3281 1292 mihi
3306 1239 3540 1306 videtur,

1591 1002 1607 1034 ἱ

348 1129 438 1194 ς’.
469 1127 543 1179 Τὸ
574 1125 856 1198 ἐρώτημα,
899 1125 927 1179 ὃ
964 1124 1269 1198 ἐρώτησας,
1309 1125 1469 1179 τοῦτο
1503 1125 1859 1197 σωφροσύνην

272 1221 438 1289 τιμᾷν
470 1236 559 1288 μοι
592 1218 759 1281 δοκεῖ,
801 1218 899 1271 καὶ
936 1218 1234 1289 ἀπόκρισιν
1267 1218 1519 1270 ἀπαιτεῖν
1549 1216 1857 1289 φιλάνθρω-

274 1328 404 1365 πον·
438 1309 814 1381 σωφροσύνην,
842 1309 975 1380 περὶ
1010 1308 1077 1379 ἢν
1110 1307 1224 1379 ὁρῶ
1252 1310 1378 1372 τοὺς
1415 1308 1644 1372 πολλοὺς
1670 1306 1859 1370 κακῶς

268 1403 667 1474 διακειμένους,
700 1403 794 1455 καὶ
821 1400 912 1454 τὸν
941 1400 1104 1466 νόμον
1137 1401 1318 1454 αὐτῶν
1348 1400 1555 1460 ἄνισον,
1594 1399 1689 1453 καὶ
1719 1397 1858 1453 ἀνώ-

272 1495 464 1565 μαλον.
500 1495 567 1547 Τί
602 1495 802 1566 δήποτε
831 1492 960 1563 γὰρ,
992 1492 1056 1544 τὸ
1084 1492 1183 1561 μὲν
1212 1490 1346 1562 θῆλυ
1382 1492 1668 1555 ἐκόλασαν,
1696 1491 1758 1544 τὸ
1796 1491 1853 1544 δὲ

1961 1317 2477 1387 responsionemque
2530 1320 2822 1376 humanam
2876 1329 2930 1378 et
2974 1326 3308 1379 commodam
3354 1337 3539 1398 postu-

1956 1402 2090 1458 lare.
2111 1405 2265 1461 Circa
2298 1410 2438 1464 hanc
2460 1412 2603 1465 enim
2632 1413 2917 1483 plerosque
2941 1417 3078 1470 male
3107 1416 3326 1474 aﬂ'ectos
3348 1435 3536 1485 cerno,

1957 1509 2023 1549 ac
2056 1496 2223 1568 legem
2254 1513 2444 1554 eorum
2479 1502 2862 1572 iniquam,uec
2889 1507 2990 1562 sibi
3014 1518 3370 1564 constantem.
3401 1511 3540 1579 Quid

267 1588 439 1656 ᾶρρεν
471 1583 779 1655 ἐπέτρεψαν
794 1583 934 1653 (6‘2);
970 1582 1083 1635 Καὶ
1107 1581 1246 1651 γυνὴ
1281 1580 1382 1650 μὲν
1411 1581 1598 1644 κακῶς
1635 1581 1842 1651 βουλευ⁴

1956 1587 2102 1641 enim
2137 1603 2315 1644 causae
2350 1590 2472 1657 fuit,
2503 1609 2602 1647 cur
2635 1595 2916 1661 mulierem
2971 1609 3308 1663 coercerent,
3343 1604 3540 1658 marito

268 1676 484 1746 σαμένη
513 1674 642 1746 περὶ
670 1674 857 1743 κοίτην
875 1673 985 1742 (65)
1010 1664 1221 1742 ἀνδρὸς.
1257 1671 1529 1740 μοιχᾶται.
1557 1670 1653 1723 καὶ
1679 1669 1842 1738 πικρὰ

1957 1688 2144 1731 contra
2190 1680 2552 1751 indulgerent,
2591 1698 2823 1756 eumque
2861 1686 3085 1743 liberum
3128 1691 3540 1760 relinquerent?

265 1766 521 1823 ἐντεῦθεν
541 1768 610 1823 τὰ
630 1766 739 1820 τῶν
770 1766 951 1835 νόμων
977 1762 1232 1834 ἐπιτίμια
1256 1778 1271 1793 ⁶
1305 1762 1445 1833 ἀνὴρ
1479 1762 1538 1814 δὲ
1576 1778 1842 1832 καταπορ-

1957 1768 2028 1823 Et
2052 1770 2245 1824 mulier
2273 1773 2513 1840 quidem,
2540 1790 2662 1844 quae
2699 1776 2999 1847 improbum
3027 1781 3312 1835 consilium
3345 1784 3540 1838 adver-

263 1858 441 1913 νεύων
470 1855 750 1925 γυναικὸς,
795 1853 1122 1916 ἁνεύθυνος;
1153 1852 1228 1904 Οὐ
1265 1850 1492 1920 δέχομαι
1520 1850 1726 1920 ταύτην
1755 1849 1842 1920 τὴι

1957 1875 2050 1914 sus
2079 1861 2180 1915 viri
2217 1863 2299 1917 sui
2335 1864 2513 1919 cubile
2538 1870 2860 1938 susceperit,
2892 1870 3143 1925 adulterii
3172 1873 3380 1942 piaculo
3407 1890 3538 1930 con-

262 1948 609 2020 νομοθεσίαν,
633 1947 734 2000 οὐκ
759 1943 969 1999 ἐπαινῶ
988 1944 1088 2013 τὴν
1112 1941 1425 2013 συνήθειαν.
1463 1941 1686 2012 Ἄνδρες
1714 1938 1842 2010 ἧσαι

1956 1951 2276 2021 stringatur,
2311 1954 2784 2028 acerbissimisque
2824 1959 2998 2030 legum
3032 1938 3208 2031 pmnis
3251 1967 3537 2024 excrucie-

260 2042 310 2093 oi
342 2037 788 2110 νομοθετοῦντες,
831 2035 919 2089 διὰ
948 2032 1108 2087 τοῦτο
1139 2032 1282 2086 κατά
1324 2031 1598 2101 γυναικῶν
1631 2033 1664 2102 ἡ
1692 2048 1842 2102 νομο-

1956 2049 2075 2105 tur;
2107 2042 2193 2096 vir
2222 2054 2427 2114 autem,
2451 2046 2544 2115 qui
2573 2047 2732 2102 ﬁdem
2772 2051 2927 2104 uxori
2970 2051 3148 2106 datam
3190 2067 3287 2122 per
3327 2055 3536 2113 adulte-

260 2131 451 2185 θεσία·
489 2130 610 2183 ἐπεὶ
639 2128 735 2182 καὶ
762 2130 874 2191 τοῖς
897 2125 1165 2197 πατράσιν
1196 2124 1287 2177 ὑπ’
1313 2123 1560 2187 ἐξουσίαν
1586 2120 1842 2176 δεδώκασι

1956 2133 2094 2187 rium
2126 2135 2424 2204 violaverit,
2454 2139 2582 2193 nulli
2619 2141 2883 2210 supplicio
2929 2120 3204 2207 obnoxius
3235 2146 3342 2201 sit?
3387 2146 3540 2206 Hanc

256 2227 333 2277 τὰ
373 2223 560 2283 τέκνα,
612 2220 674 2274 τὺ
728 2219 787 2272 δὲ
841 2216 1234 2287 ἀσθενέστερον
1270 2214 1419 2287 (64),
1477 2213 1852 2286 ἀθεράπευτον

257 2318 477 2373 εἴασαν.
509 2315 639 2378 Θεὸς
664 2313 721 2366 δὲ
748 2313 848 2383 οὐχ
878 2309 1084 2373 οὕτως’
1120 2308 1279 2373 ἀλλὰ,
1317 2309 1458 2377 Τίμα
1482 2308 1591 2361 τὸν
1624 2308 1852 2376 πατέρα

254 2427 382 2465 σου
411 2406 510 2462 καὶ
533 2405 652 2475 τὴν
671 2402 905 2474 μητέρα
931 2416 1071 2464 σου,
1095 2401 1220 2470 ἥτις
1241 2400 1390 2451 ἐστὶν
1417 2397 1603 2469 ἐντολὴ
1634 2398 1846 2470 πρώτη,

254 2499 363 2554 ἵνα
396 2493 468 2553 εὖ
501 2513 601 2551 σοι
627 2496 894 2566 γένηται,
929 2493 988 2546 ἐν
1034 2489 1391 2560 ἐπαγγελίαις
1441 2489 1554 2560 (65)
1595 2489 1845 2560 κειμένη.

252 2590 394 2652 Καὶ,
433 2588 497 2642 '0
540 2583 893 2654 κακολογῶν
949 2583 1177 2652 πατέρα
1225 2582 1264 2653 ἢ
1303 2583 1557 2653 μητέρα,
1617 2583 1848 2652 θανάτῳ

251 2677 611 2734 τελευτάτω.
657 2674 890 2746 Ὁμοίως
945 2675 1040 2728 καὶ
1086 2673 1148 2726 τὸ
1192 2672 1395 2742 ἀγαθὸν
1437 2672 1666 2743 ἐτίμησε
1710 2671 1844 2743 (66),

250 2771 355 2822 καί
386 2783 447 2820 το
474 2766 643 2819 καγὸν
674 2763 953 2819 ἐκόλασεν.
987 2763 1120 2827 Καὶ,
1145 2763 1412 2833 Εὐλογία
1449 2763 1672 2831 πατρὸς
1698 2777 1846 2830 στη-

247 2859 396 2930 ρίξει
430 2858 635 2922 οἴκους
665 2854 892 2909 τέκνων
913 2844 935 2886 θ’
971 2853 1200 2922 κατάρα
1242 2853 1314 2908 δὲ
1352 2855 1580 2923 μητρὸς
1630 2853 1851 2921 ὲκριζοῐ

248 2948 520 3018 θεμέλια.
562 2947 757 3017 Ὁρᾶτε
794 2946 856 2998 τὸ
905 2943 1020 2997 ἴσον
1054 2943 1155 3014 τῆς
1185 2944 1526 3014 νομοθεσίας.
1564 2938 1660 3006 Εἷς
1688 2959 1844 3013 ποιη-

244 3042 358 3111 τὴς
399 3039 593 3109 ἀνδρὸς
637 3038 733 3092 καὶ
773 3035 1054 3105 γυναικὸς,
1095 3029 1178 3098 εἷς
1210 3033 1338 3106 χοῦς
1369 3035 1673 3106 ἀμφότεροι
1705 3034 1840 3105 (67),

245 3129 423 3186 εἰκὼν
460 3131 576 3201 μία,
629 3128 794 3195 νόμος
846 3122 949 3190 εἷς,
992 3125 1221 3189 θάνατος
1257 3123 1358 3190 εἷς,
1389 3126 1687 3191 ἀνάστασις
1722 3127 1843 3197 μία.

256 3225 502 3296 Ὅμοίως
529 3222 589 3289 ἐξ
608 3222 802 3295 ἀνδρὸς
828 3221 924 3275 καὶ
951 3221 1211 3290 γυναικὸς
1239 3221 1541 3293 γεγόναμεν
1564 3239 1578 3253 ·
1608 3221 1667 3275 ἒν
1688 3223 1848 3293 χρέος

245 3317 408 3387 παρὰ
440 3317 549 3370 τῶν
582 3316 788 3369 τέκνων
814 3315 926 3376 τοίς
954 3311 1207 3381 γονεῦσιν
1223 3312 1339 3384 (68)
1369 3313 1664 3382 ὀφείλεται.

1953 2223 2126 2291 legem
2181 2224 2600 2297 haudquaquam
2647 2230 2838 2299 probo,
2886 2232 3027 2288 hanc
3088 2239 3534 2294 consuetudinem

1953 2318 2176 2372 minime
2216 2319 2396 2378 laudo.
2429 2319 2543 2376 Viri
2584 2333 2760 2390 erant,
2803 2326 2893 2395 qui
2936 2328 3079 2383 hanc
3127 2328 3299 2401 legem
3344 2348 3539 2391 sanxe-

1955 2417 2101 2470 runt,
2130 2422 2194 2461 ac
2226 2420 2510 2479 propterea
2535 2415 2795 2471 adversus
2811 2417 3185 2476 muliereslata
3214 2432 3327 2489 est;
3359 2439 3534 2495 quan-

1951 2497 2237 2568 doquidem
2281 2512 2337 2554 et
2377 2501 2515 2556 ﬁlios
2561 2513 2800 2572 paternae
2839 2510 3099 2575 potestati
3157 2513 3547 2583 subjecerunt,

1951 2588 2304 2644 intiruiiorem
2334 2606 2524 2648 sexum
2565 2596 2829 2650 incultum
2870 2608 3035 2668 atque
3068 2603 3373 2659 iucuratum
3408 2605 3535 2662 reli-

1948 2690 2202 2748 querunt.
2245 2683 2324 2736 Ac
2353 2684 2497 2738 Deus
2529 2701 2631 2740 non
2671 2690 2786 2754 sic;
2812 2704 2995 2745 verum
3025 2710 3042 2746 :
3082 2692 3299 2748 Honora
3329 2708 3532 2763 patrem

1947 2778 2098 2824 tuum
2117 2782 2163 2826 et
2188 2783 2409 2827 matrem
2436 2777 2812 2841 tuam,utbene
2834 2781 2928 2834 tibi
2961 2784 3026 2836 sit
3045 2783 3114 2849 ⁸⁷,
3137 2788 3279 2854 quod
3309 2795 3393 2841 est
3422 2789 3534 2854 pri-

1949 2876 2096 2914 mum
2147 2866 2487 2929 mandatum,
2524 2867 2576 2920 iu
2625 2868 3107 2937 pollicitationibus
3138 2878 3300 2931 situm
3319 2878 3385 2933 ³⁸.
3416 2880 3476 2934 Et
3508 2895 3524 2933 :

1951 2951 2056 3017 Qui
2088 2953 2421 3009 maledixerit
2451 2958 2592 3024 patri
2637 2957 2717 3013 vel
2756 2963 2939 3025 matri,
2973 2975 3139 3019 morte
3180 2970 3439 3021 moriatur
3458 2969 3525 3023 ³⁹.

1947 3041 2147 3112 Aﬂque,
2190 3056 2245 3100 et
2296 3047 2481 3103 virtuti
2534 3049 2795 3105 honorem
2839 3068 2904 3106 ac
2955 3059 3199 3124 praemia,
3244 3070 3300 3114 et
3338 3061 3529 3117 sceleri

1955 3150 2171 3206 pinnam
2221 3154 2321 3193 con
2337 3142 2523 3196 etituit.
2552 3142 2680 3197 Item
2719 3146 2825 3200 alio
2855 3146 2975 3201 loco
2999 3165 3013 3200 :
3035 3147 3334 3205 Benedictio
3363 3155 3530 3216 patris

1952 3225 2132 3294 ﬁrmat
2160 3228 2342 3282 domus
2365 3229 2635 3298 ﬁliorum;
2665 3234 2964 3287 maledictio
2994 3248 3167 3290 autem
3202 3238 3384 3292 matri:
3407 3255 3529 3292 era-

1952 3318 2096 3371 dicat
2145 3318 2573 3389 fundamenta”.
2627 3321 2788 3392 Legis
2834 3327 3262 3393 aequabilitatem
3310 3329 3527 3384 videtis.

246 3414 413 3471 Unus
442 3415 542 3467 viri
573 3424 629 3467 et
658 3412 900 3467 mulieris
963 3408 1207 3470 Creator,
1240 3407 1412 3476 pulvis
1480 3424 1622 3462 unus
1661 3419 1908 3477 uterque,
1962 3410 2141 3482 imago
2191 3428 2318 3478 una,
2373 3413 2453 3467 lex
2507 3429 2634 3480 una,
2683 3431 2831 3472 mors
2865 3434 2988 3484 una,
3040 3424 3366 3477 resnrrectio
3400 3438 3526 3479 una.

245 3506 432 3574 (Eque
472 3519 539 3558 ex
591 3506 709 3559 viro
738 3513 791 3556 et
833 3502 1057 3559 muliere
1100 3510 1371 3575 procreati
1404 3519 1637 3561 smnus:
1671 3522 1834 3559 unum
1874 3506 2128 3578 idemque
2192 3510 2512 3580 parentibus
2543 3512 2785 3567 debitum
2848 3515 2943 3570 lilii
2987 3518 3400 3586 persolvenduin
3427 3521 3531 3575 ha-

249 3606 406 3656 leui.

328 3701 403 3752 Z'.
440 3699 566 3762 Πῶς
609 3696 705 3755 οὖν
754 3700 820 3752 σὺ
880 3695 1236 3767 σωφροσύνην
1286 3696 1386 3766 μὲν
1428 3695 1699 3759 ἀπαιτεῖς,
1739 3693 1841 3771 οὐκ

247 3791 628 3862 ἀντεισίρὲρεις
677 3791 771 3854 δέ;
829 3793 967 3855 πῶς,
1013 3788 1045 3842 δ
1096 3789 1170 3859 μὴ
1220 3787 1415 3849 δίδως,
1465 3789 1673 3850 αἱτεῖςς
1712 3784 1841 3849 πῶς

246 3882 513 3953 ὁμότιμον
541 3883 701 3954 σῶμα
727 3882 824 3943 ὢν,
858 3882 1059 3944 ἀνίσως
1078 3879 1190 3949 (69)
1223 3877 1565 3949 νομοθετείς;
1600 3877 1664 3929 El
1689 3875 1747 3928 δὲ
1775 3875 1843 3928 τὰ

246 3975 422 4047 χείρω
444 3978 698 4039 σιιιοοιιεῖιις⁵
724 3976 971 4046 ἥμαρτεν
997 3976 1031 4044 ἡ
1056 3972 1215 4042 γυνὴ,
1243 3970 1407 4024 τοῦτο
1436 3968 1533 4022 καὶ
1561 3970 1590 4021 ὁ
1633 3966 1805 4037 Ἀδάμ
1824 3983 1838 3996 ο

247 4065 602 4136 ἀμφοτέρους
635 4068 665 4119 ὁ
692 4066 817 4134 δφις
845 4065 1149 4135 ἠπάτησεν.
1180 4063 1254 4114 Οὐ
1298 4060 1361 4113 τὸ
1393 4059 1492 4130 μὲν
1524 4057 1844 4112 ἀσθενέστε-

250 4174 352 4228 ρον
380 4156 600 4228 εὑρέθη,
633 4157 695 4210 τὸ
731 4157 788 4210 δὲ
825 4157 1191 4227 ἰσχυρότερον.
1235 4152 1399 4206 Ἀλλὰ
1423 4150 1493 4205 τὰ
1526 4149 1723 4221 βελτίω
1751 4148 1841 4203 λο-

248 4248 411 4320 γίξῃ;
434 4248 776 4318 ἀμφοτέρους
804 4248 967 4311 σώζει
983 4245 1218 4318 Χριστὸς
1238 4247 1352 4307 τοῖς
1374 4242 1624 4298 πάθεσιν.
1666 4240 1839 4312 ’Υπὲρ

247 4339 444 4409 ἀνδρὸς
498 4340 635 4411 σὰρξ
688 4341 936 4408 ἐγένετος
994 4337 1158 4392 τοῦτο
1209 4337 1306 4389 καὶ
1359 4334 1501 4406 ὑπὲρ
1554 4332 1835 4401 γυναικός.

261 4429 439 4502 ’Υπὲρ
465 4431 656 4503 ἀνδρὸς
688 4431 960 4492 ἀπέθανες
998 4430 1093 4484 καὶ
1124 4430 1158 4500 ὴ
1189 4426 1329 4497 γυνὴ
1368 4425 1446 4496 τῷ
1487 4423 1704 4493 θανάτῳ
1733 4422 1838 4475 σώ-

2020 3692 2187 3765 650
2225 3692 2332 3748 VII.
2376 3694 2490 3761 Qua
2529 3694 2692 3764 igitur
2733 3695 2912 3751 fronte
2967 3697 3279 3766 pudicitiam
3331 3697 3526 3768 exigis,

1946 3800 2106 3856 quam
2143 3788 2258 3853 ipse
2298 3787 2531 3841 vicissim
2574 3803 2679 3843 non
2727 3789 2994 3857 praestas?
3044 3787 3344 3855 Quomodo,
3382 3792 3526 3859 quod

1944 3893 2049 3932 non
2084 3879 2205 3941 das,
2239 3878 2414 3947 petis?
2445 3879 2726 3945 Quomodo
2757 3880 2970 3949 corpori
3016 3882 3129 3949 pari
3162 3881 3363 3936 honore
3386 3897 3525 3950 pra:-

1941 3969 2076 4033 dito,
2107 3968 2367 4038 imparem
2413 3968 2584 4038 legem
2624 3971 2861 4025 statuis?
2889 3969 2946 4025 Si
3013 3971 3280 4026 deteriora
3321 3986 3525 4040 expen-

1938 4058 2061 4114 dis:
2090 4059 2336 4129 peccavit
2388 4060 2625 4126 mulier;
2663 4061 2853 4117 eodem
2882 4076 3097 4131 quoque
3148 4062 3305 4116 modo
3351 4063 3523 4116 Adam

1934 4150 2163 4214 peccarit
2186 4163 2207 4204 :
2237 4159 2528 4218 utrumque
2568 4166 2794 4221 serpens
2835 4152 3050 4221 decepit
3105 4162 3261 4220 atque
3289 4151 3340 4203 in
3370 4149 3521 4205 frau-

1943 4243 2064 4293 dem
2108 4240 2405 4309 impulit“.
2443 4241 2557 4295 Non
2607 4241 2777 4295 altera
2828 4240 3092 4295 inﬁrmior
3160 4241 3373 4294 inventa
3414 4253 3518 4305 est,

1944 4330 2082 4384 alter
2134 4330 2344 4386 fortior.
2406 4334 2478 4386 At
2529 4332 2755 4386 meliora
2816 4331 3172 4386 consideras?
3223 4329 3521 4399 Utrumque

1943 4420 2189 4475 Christus
2228 4422 2481 4489 passione
2513 4436 2611 4476 sua
2649 4421 2822 4475 salute
2850 4419 3089 4474 donavit.
3121 4420 3225 4474 Pro
3249 4421 3363 4473 viro
3391 4433 3521 4474 caro

246 4524 427 4588 ζεται.
475 4525 568 4577 Ἐκ
616 4524 930 4595 σπέρματος
968 4520 1132 4575 Δασιδ
1174 4518 1536 4589 ὀνομάζεται’
1569 4513 1836 4585 τιμᾶσθαι

1956 4512 2115 4566 "actus
2140 4513 2262 4566 est?
2295 4511 2398 4565 Pro
2430 4513 2652 4567 muliere
2680 4514 2829 4566 item.
2862 4511 2965 4567 Pro
2982 4513 3101 4566 viro
3135 4520 3361 4566 mortem
3391 4514 3520 4564 sub-

248 4613 387 4678 ῐσως
430 4613 533 4667 οἱέι
573 4614 664 4668 τὸν
717 4613 920 4684 ἄνδρας
965 4611 1101 4666 ἀλλὰ
1140 4610 1234 4665 καὶ
1281 4611 1345 4661 ἐκ
1396 4607 1674 4678 Παρθένου
1714 4623 1837 4674 γεν-

243 4707 429 4770 νᾶται,
464 4705 622 4759 τοῦτο
651 4705 746 4761 καὶ
780 4704 923 4775 ὑπὲρ
956 4702 1251 4772 γυναικῶν.
1289 4702 1578 4754 Ἔσονται
1615 4699 1715 4769 μὲν
1742 4691 1835 4750 οὖν

1946 4602 2043 4656 iit?
2074 4601 2246 4671 Ipsius
2280 4605 2408 4655 item
2451 4614 2624 4656 morte
2677 4601 2885 4656 mulieri
2930 4601 3076 4656 salus
3121 4610 3272 4672 parta
3317 4611 3419 4655 est.
3448 4602 3519 4654 At.

1944 4708 2010 4745 ex
2058 4692 2265 4747 semine
2318 4692 2485 4746 David
2527 4690 2915 4757 nominatur“,
2953 4701 3114 4760 atque
3160 4692 3282 4746 hinc
3334 4691 3516 4744 forsan

322 4847 365 4877 ³⁷
403 4846 568 4900 Exod.
603 4844 797 4908 “.12.
873 4843 918 4875 ³⁸
948 4843 1141 4911 Ephes.
1175 4857 1247 4905 νι,
1270 4839 1325 4894 2.
1404 4839 1446 4869 ³⁹
1462 4838 1630 4892 Exod.
1664 4853 1774 4899 xxi,
1808 4834 1830 4888 1

1968 4830 2014 4861 ⁸ο
2039 4827 2202 4883 Eccli.
2229 4845 2311 4897 ιιι,
2339 4829 2425 4884 11.
2502 4827 2545 4861 ⁸¹
2577 4828 2713 4885 Gen.
2750 4845 2832 4897 ιιι,
2862 4828 2895 4883 6
2928 4844 3052 4899 sqq.
3125 4828 3170 4861 δ’
3207 4827 3362 4883 Rom.
3393 4845 3429 4895 ι,
3457 4829 3515 4885 3.

320 4963 437 5033 (6|)
491 4963 974 5031 Ἀντερωτήμίισι.
1022 4959 1152 5029 Reg.
1201 4957 1236 5013 b
1282 4968 1337 5014 et
1397 4955 1492 5013 Or.
1529 4956 1582 5020 1,
1627 4954 1835 5026 ἐρωτή-

247 5050 435 5175 μῆῗὶξξ)
477 5101 821 5175 ξΕκόλασαν
843 5141 866 5175 ἠ.
885 5140 899 5154 .
918 5139 932 5153 .
952 5097 1308 5175 ἐπέτρεψαν.
1341 5095 1434 5150 Sic
1461 5093 1626 5175 coisl.
1668 5091 1736 5175 ll.‘
1772 5107 1831 5146 ιιι

243 5161 359 5238 αι),
401 5161 627 5225 ἐκόλασε
757 5170 1042 5240 ἐπέτρεψε.
1089 5161 1198 5222 Hic
1231 5167 1650 5240 observandum,
1695 5161 1832 5240 Gre-

244 5232 460 5311 gorium
491 5242 633 5323 loqui
658 5232 924 5334 μελίνης.
945 5232 1325 5334 Romanorum.

245 5305 512 5383 ronyinus
537 5305 697 5381 epist.
724 5311 815 5375 50,
852 5310 929 5363 ait
954 5327 969 5362 :
1000 5327 1019 5359 ι
1049 5307 1181 5360 Alia:
1204 5314 1329 5361 sunt
1355 5305 1497 5374 leges
1531 5305 1826 5385 Ctesarutn,

245 5385 366 5436 alia:
397 5381 621 5436 Christi.
671 5381 830 5436 Aliud
862 5378 1206 5447 Papinianus,
1267 5376 1409 5447 aliud
1432 5373 1707 5447 ⁸(ᾷὶιιιειιιε
1738 5386 1836 5447 no-

244 5465 359 5506 ster
382 5452 644 5519 praecipit.
683 5451 839 5518 Apud
868 5440 987 5502 illos
1023 5446 1155 5519 viris
1192 5440 1538 5519 impudicitiae
1568 5440 1719 5495 frena
1754 5441 1834 5493 la-

245 5514 486 5590 xantur;
521 5514 662 5590 apud
692 5514 787 5574 nos
818 5521 960 5588 quod
987 5531 1090 5590 non
1120 5515 1248 5569 licet
1276 5514 1508 5590 feminis,
1536 5526 1692 5590 irque
1726 5526 1830 5564 non

245 5588 375 5644 licet
419 5583 570 5656 viris;
597 5599 653 5645 et
684 5583 875 5644 eadem
913 5586 1149 5644 servitus
1201 5586 1315 5655 pari
1349 5583 1659 5639 conditione
1704 5595 1831 5635 ceu-

243 5674 701 5791 .e't't'igl’Kolmr.
731 5727 948 5784 Coisl.l
985 5736 1039 5781 et
1066 5722 1156 5780 0r.
1191 5724 1241 5778 1.
1268 5722 1473 5786 κοίτης.

2004 4946 2115 5019 (64)
2162 4946 2231 5001 To
2263 4945 2333 5000 δὲ
2373 4945 2834 5014 ἀσθενέστερον.
2869 4943 3142 5009 Nonnulli,
3167 4945 3229 4997 τὸ
3264 4942 3309 4995 δ’
3353 4942 3517 4996 ἀσθε-

1931 5017 2116 5157 νέ(65)
2156 5087 2259 5142 Ἔν
2284 5084 2693 5155 ἐπαγγελίαις.
2721 5083 2781 5138 ln
2814 5083 3159 5153 quibusdam,
3189 5084 3248 5137 ἐν
3277 5084 3517 5151 ἐπαγγε-

1928 5157 2039 5227 λίᾳ.

1996 5221 2110 5296 (66)
2158 5226 2456 5294 Ἑτίμησε.
2518 5223 2633 5279 Duo
2683 5222 2837 5280 Coll).
2873 5232 2928 5278 et
2969 5221 3135 5278 Coisl.
3170 5222 3222 5291 1,
3257 5221 3511 5293 ἐπῄνεσε,

1935 5314 1956 5349 ι
1980 5297 2164 5350 Iaudes
2191 5297 2496 5350 constituit.
2530 5313 2549 5345 ›

2002 5364 2116 5434 (67)
2155 5366 2510 5435 Ἀμφότεροι.
2546 5362 2709 5435 coisl.
2740 5365 2794 5429 1,
2821 5362 3171 5435 ἀμφοτέροις.

2002 5430 2116 5504 (68)
2150 5430 2429 5488 Γοφῖεῦσὶ.
2464 5435 2557 5490 Or.
2591 5434 2642 5500 1,
2670 5430 3004 5505 γεινομένοις
3122 5430 3509 5505 γειναμένοις).

1930 5504 1986 5560 In
2012 5502 2358 5573 quihusdam,
2408 5502 2713 5575 γινομένοις
2758 5502 3150 5574 ρι’-γεννήσασι.
3201 5502 3257 5557 lu
3288 5505 3407 5557 aliis
3447 5502 3515 5557 ad

1930 5590 2123 5641 tnarg.,
2150 5575 2595 5647 γεννησαμένοις.

2001 5643 2114 5715 (69)
2171 5645 2436 5711 ’Δνίσως.
2491 5645 2584 5700 Sic
2647 5645 2751 5700 duo
2797 5642 2964 5715 Regg.
2996 5652 3051 5700 et
3085 5642 3178 5700 0r.
3220 5643 3273 5701 1.
3311 5642 3365 5696 lu
3398 5643 3511 5709 eJ.,

1927 5714 2115 5783 ἀνίσῳ.
2581 5740 2584 5749 λ
