3910 6214
389 294 398 302 ·
428 272 532 333 9.9!

1633 273 1691 334 S.
1730 274 2058 331 GREGORII
2098 274 2448 335 THEOLOG!

3573 276 3681 331 ⁸292

432 387 582 440 viros
626 385 833 442 honore
863 385 1104 456 praeferri
1144 386 1385 458 colligis?
1417 388 1613 454 Audio,
1648 392 1742 446 sed
1779 407 1846 447 ex
1881 392 1994 445 Vir-

2106 397 2159 448 οἱ
2172 395 2301 460 δύο,
2317 395 2500 468 φησὶν,
2521 397 2611 461 εις
2629 395 2826 463 σάρκα
2841 395 3008 464 μίαν·
3023 395 3160 466 καὶὴ
3179 394 3278 467 μία
3303 392 3514 462 (70-71)
3544 391 3683 464 σὰρξ

431 477 556 546 gine
586 490 802 545 quoque
827 477 1151 543 nascitur",
1187 478 1328 546 quod
1361 487 1416 532 et
1438 493 1538 546 pro
1578 480 1892 534 mulieribus
1915 496 2003 533 va-

430 565 525 619 let.
555 564 726 619 Erunt
762 565 943 634 igitur,
970 568 1164 636 inquit,
1194 575 1298 622 duo
1322 569 1378 621 in
1400 585 1555 622 carne
1579 586 1685 623 una
1701 571 1748 601 “
1775 586 1790 622 :
1822 572 2006 640 proin-

427 656 498 711 de
528 671 677 719 caro,
725 673 844 727 quae
889 675 993 712 una
1041 644 1155 723 est,“
1192 661 1450 728 aequalem
1494 661 1749 716 honorem
1787 663 2003 719 habeat.

427 744 545 799 Jam
585 762 715 801 vero
752 747 947 802 Paulus
989 752 1237 819 exemplo
1275 765 1489 824 quoque
1525 754 1828 807 castitatem
1863 753 2010 807 velut

427 835 544 907 lege
572 839 892 918 praescribit.
919 839 1036 906 Quo
1064 843 1277 896 tandem
1320 844 1498 906 modo,
1530 852 1584 898 et
1623 858 1728 913 qua
1756 845 2003 898 ratione?

429 927 829 983 Sacramentum
885 931 981 984 hoc
1023 947 1268 1002 magnum
1315 942 1392 988 est
1420 947 1438 986 :
1466 951 1558 1004 ego
1587 946 1760 989 autem
1787 935 1906 988 dico
1939 936 1995 990 in

428 1016 634 1072 Christo
660 1029 706 1072 et
729 1021 783 1073 in
816 1020 1050 1076 Ecclesia
1072 1021 1140 1076 ”.
1175 1022 1470 1078 Pulchrum
1492 1034 1574 1079 est
1606 1025 1814 1078 mulieri
1842 1024 2001 1079 Citri-

427 1120 570 1164 Stum
617 1127 714 1180 per
752 1113 924 1167 virum
983 1117 1220 1169 revereri
1256 1116 1582 1185 :pulchrum
1636 1130 1852 1184 quoque
1887 1117 2002 1170 viro

426 1202 724 1261 Ecclesiam
772 1225 868 1278 per
915 1225 1139 1264 uxorem
1176 1225 1281 1264 non
1333 1211 1634 1280 aspernari.
1667 1210 1886 1275 Mulier,
1929 1210 2002 1264 in-

425 1296 564 1363 quit,
599 1307 658 1351 ut
682 1300 849 1353 virum
883 1303 1059 1355 timeat
1079 1301 1148 1366 “,
1179 1301 1378 1371 quippe
1406 1312 1460 1356 et
1485 1302 1780 1357 Christum.
1820 1303 1890 1356 At
1914 1301 2000 1355 vir

2103 486 2274 554 ἐχέτω
2313 486 2374 539 τὸ
2412 487 2694 557 ὁμότιμον.
2744 485 2954 550 Παῦλος
2995 486 3052 538 δὲ
3085 486 3286 557 καὶτῷ
3318 484 3681 554 ὑποδείγματι

2101 575 2199 645 τὴν
2229 575 2581 647 σωφροσύνην
2613 575 2912 646 νομοθετεῖ.
2953 575 3098 639 Πῶς,
3144 576 3237 629 xui.
3281 576 3402 628 τίνα
3441 574 3677 645 τρόπον;

2108 665 2180 717 Τὸ
2198 665 2539 734 μυστήριον
2563 666 2740 720 τοῦτο
2758 666 2913 735 μέγα
2940 666 3114 718 ἐστιν
3137 683 3151 697 ο
3178 664 3293 734 ἐγὼ
3319 665 3389 717 δὲ
3411 664 3570 729 λέγω
3589 665 3678 728 εις

2104 757 2362 823 Χριστὸν
2399 757 2496 810 καὶ
2537 760 2624 823 εὶς
2667 756 2910 825 τὴν-(72)
2967 757 3349 823 Ἐκκλησίαν.
3402 754 3582 808 Καλὸν
3614 756 3680 824 τῇ

2105 848 2322 914 γυναικὶ
2357 847 2590 918 Χριστὸν
2613 847 2878 901 αἰδεῖσθαι
2906 847 2996 900 διὰ
3023 847 3116 900 τοῦ
3139 845 3330 915 ἀνδρός
3353 862 3365 874 ·
3393 845 3557 898 καλὸν
3584 845 3684 896 καὶ

2103 938 2181 1009 τῷ
2219 939 2370 1010 ἀνδρὶ
2397 939 2496 1008 τὴν
2545 940 2872 1010 Ἐκκλησίαν
2910 939 2985 1009 μὴ
3015 937 3305 1008 ἀτιμάζειν
3346 936 3433 988 διὰ
3466 936 3565 1004 τῆς
3585 951 3686 1002 γυ-

2102 1029 2307 1092 ναικός.
2356 1031 2426 1084 Ἡ
2450 1029 2629 1099 γυνὴ,
2675 1032 2864 1101 φησὶν,
2895 1030 2997 1083 ἵνα
3031 1027 3280 1098 φοϐῆται
3316 1027 3425 1081 τὸν
3455 1024 3680 1093 ἅνδρα’

2110 1119 2204 1172 καὶ
2234 1121 2466 1189 Χριστὸν
2488 1122 2616 1193 γάρ.
2663 1121 2823 1174 Ἀλλά
2851 1123 2993 1174 καὶὸ
3018 1120 3178 1192 ἀνὴρ,
3205 1120 3292 1172 ἵνα
3320 1119 3558 1188 περιέπῃ
3582 1117 3684 1187 τὴν

2101 1215 2334 1280 γυναῖκα
2356 1230 2369 1243 ·
2405 1215 2500 1268 καὶ
2528 1213 2637 1286 γὰρ
2667 1214 2903 1285 Χριστὸς
2935 1214 3036 1284 τὴν
3081 1211 3432 1282 Ἐκκλησίαν.
3465 1209 3684 1264 Μᾶλλον

2102 1301 2146 1354 δ’
2176 1302 2255 1356 ἔτι
2279 1303 2392 1374 (75)
2419 1305 2512 1357 καὶ
2541 1304 3132 1374 προσφιλοπονήσωμεν
3160 1301 3237 1372 τῷ
3271 1299 3439 1372 ῥητῷ.

425 1387 610 1454 etiam,
640 1399 698 1444 ut
729 1406 950 1446 uxorem
975 1392 1153 1446 foveat
1179 1403 1342 1463 atque
1367 1393 1754 1464 complectatur
1770 1393 1995 1458 ";nam
2034 1401 2090 1448 et
2111 1394 2356 1452 Christus
2393 1396 2708 1452 Ecclesiam.
2743 1394 2882 1462 Quin
2918 1396 3080 1449 etiam
3117 1392 3232 1448 haec
3269 1392 3430 1446 verba
3472 1387 3685 1444 studio-

423 1481 540 1536 sius
567 1492 622 1536 et
649 1487 952 1539 accuratius
977 1487 1366 1554 expendamus.

500 1570 631 1626 Vill.
675 1571 850 1643 Mulge
884 1575 987 1639 lac,
1024 1575 1101 1628 ait
1146 1575 1256 1636 ille,
1295 1585 1342 1628 et
1401 1575 1499 1628 erit
1547 1575 1890 1645 butyrum“:
1919 1590 1994 1632 se-

2177 1577 2262 1631 H'.
2295 1575 2542 1644 Ἄμελγε
2569 1572 2746 1644 τάλα,
2770 1571 2869 1626 καὶ
2897 1570 3070 1625 ἔσται
3081 1569 3388 1638 βούτυρον
3406 1583 3419 1597 ·
3441 1565 3682 1634 ἐξέταξεν

425 1663 552 1718 dulo
577 1664 820 1732 exquire,
855 1677 908 1719 et
945 1665 1176 1721 fortasse
1205 1665 1259 1718 in
1294 1665 1363 1721 iis
1405 1666 1771 1722 succulentius
1795 1667 2000 1736 aliquid

422 1751 687 1809 invenies.
721 1752 834 1808 Hoc
862 1756 1004 1808 enim
1041 1769 1294 1810 sermone
1336 1755 1600 1812 secundas
1631 1757 1841 1826 nuptias
1868 1758 2000 1813 mihi

423 1843 737 1901 dissuadere
773 1845 999 1899 videtur.
1034 1844 1090 1900 Si
1128 1846 1272 1902 enim
1319 1847 1429 1901 duo
1471 1845 1674 1902 Christi
1705 1857 1873 1914 sunt,
1895 1848 2002 1904 duo

421 1950 640 2010 quoque
682 1937 785 1992 viri
818 1938 946 2002 sint,
977 1945 1032 1992 et
1071 1936 1192 1999 duae
1239 1953 1440 1994 uxores
1474 1939 1566 1994 :si
1630 1947 1809 1994 autem
1863 1953 2002 1994 unus

423 2026 693 2095 Christus,
724 2043 888 2082 unum
919 2027 1175 2086 Ecclesia;
1211 2037 1406 2098 caput,
1425 2043 1533 2084 una
1562 2027 1729 2085 etiam
1754 2043 1885 2085 caro
1907 2029 2000 2096 sit,

423 2118 660 2176 secunda
705 2128 885 2174 autem
922 2129 1229 2186 respuatur.
1265 2118 1418 2186 Quod
1449 2120 1494 2174 si
1548 2121 1840 2174 secundam
1876 2134 2003 2189 pro-

422 2207 628 2275 hibeat,
658 2207 726 2264 de
765 2209 922 2264 tertia
983 2209 1109 2277 quid
1157 2209 1440 2264 dicendum
1478 2209 1604 2264 est?
1635 2209 1876 2265 Primum
1915 2209 2001 2264 lex

423 2308 530 2367 est,
555 2299 851 2357 secundum
891 2301 1044 2354 venia
1072 2307 1128 2354 et
1175 2299 1530 2369 indulgentia,
1559 2301 1778 2370 tertium
1801 2299 2000 2369 iniqui-

423 2401 530 2448 tas.
581 2389 683 2458 Qui
731 2399 907 2444 autem
952 2391 1093 2445 hunc
1143 2403 1430 2443 numerum
1463 2389 1696 2456 excedit,
1745 2391 2000 2460 porcinus

419 2481 582 2552 plane
621 2491 722 2546 est,
761 2491 944 2550 utpote
991 2495 1061 2534 ne
1113 2480 1280 2534 multa
1325 2480 1542 2551 quidem
1589 2481 1702 2534 vitii
1755 2481 1998 2550 exempla

422 2573 646 2630 habens.
689 2571 974 2626 Enimvero
1023 2571 1122 2625 Iex‘
1179 2587 1369 2626 omnes
1421 2571 1490 2625 ob
1533 2585 1725 2626 causas
1764 2571 2000 2626 libellum

422 2662 516 2717 dat
546 2662 774 2733 repudii.
809 2661 880 2715 At
917 2661 1168 2717 Christus
1214 2677 1320 2715 non
1362 2662 1432 2716 ob
1461 2675 1673 2724 omnes,
1695 2661 1787 2715 sed
1808 2661 1876 2714 ab
1901 2661 2002 2715 im-

418 2754 614 2825 pudica
658 2763 862 2808 tantum
893 2762 947 2807 et
969 2751 1211 2808 adultera
1250 2766 1420 2807 uxore
1458 2751 1574 2806 viro
1609 2752 1847 2820 separari
1876 2767 2001 2821 per-

420 2844 882 2915 mittit:reliquis
941 2854 1119 2898 autem
1188 2843 1441 2898 omnibus
1505 2843 1561 2896 in
1617 2845 1775 2897 rebus
1834 2843 2000 2898 animi

2107 1671 2204 1724 καὶ
2238 1669 2399 1740 τυχὸν
2432 1669 2498 1724 ἂν
2524 1669 2705 1742 εὕροις
2735 1686 2789 1722 τι
2817 1670 2875 1721 ὲν
2898 1666 3047 1737 αὐτῷ
3069 1663 3497 1738 τροφιμώτερον.
3523 1664 3685 1716 Δοκεί

2113 1782 2201 1837 μοι
2234 1765 2343 1835 γὰρ
2361 1765 2476 1836 (74)
2511 1764 2895 1835 παραιτεῖσθαι
2944 1761 3045 1827 τὴν
3083 1761 3346 1833 διγαμίαν
3390 1759 3625 1814 ἐνταῦθα
3654 1759 3684 1811 ό

2106 1862 2284 1931 λόγος.
2321 1862 2386 1916 Ei
2422 1861 2524 1934 μὲν
2551 1860 2661 1934 γὰρ
2687 1861 2782 1916 δύο
2822 1859 3070 1932 Χριστοὶ,
3096 1857 3189 1912 δύο
3223 1857 3318 1912 καὶ
3347 1857 3561 1927 ἄνδρες,
3586 1853 3683 1908 δύο

2106 1959 2203 2015 καὶ
2232 1960 2522 2029 γυναῖκες·
2560 1960 2609 2012 εί
2647 1957 2706 2012 δὲ
2749 1953 2832 2021 εἷς
2877 1955 3135 2028 Χριστὸς,
3181 1955 3280 2026 μία
3323 1953 3534 2023 κεφαλὴ
3582 1951 3682 2022 τῆς

2119 2055 2464 2126 Ἐκκλησίας,
2483 2054 2577 2109 καὶ
2598 2055 2696 2125 μία
2719 2051 2856 2126 σάρξ
2873 2069 2888 2084 ο
2908 2055 2941 2124 ἠ
2961 2051 3189 2124 δευτέρα
3207 2051 3263 2104 δὲ
3289 2032 3680 2104 ἀποπτυέσθω.

2107 2154 2180 2207 Τὸ
2203 2152 2452 2222 δεύτερον
2485 2151 2540 2204 δὲ
2566 2150 2632 2205 ἂν
2662 2149 2904 2223 κωλύσῃ,
2935 2147 3027 2202 τοῦ
3056 2148 3242 2219 τρίτου
3279 2147 3367 2211 τίς
3391 2145 3576 2214 λόγος;
3608 2143 3685 2196 Th

2107 2247 2322 2318 πρῶτον
2361 2245 2546 2316 νόμος,
2589 2244 2652 2296 τὸ
2691 2242 2941 2315 δεύτερον
2973 2244 3340 2314 συγχώρησις,
3394 2241 3455 2295 τὸ
3496 2238 3684 2310 τρίτον

2107 2342 2439 2416 παρανομία.
2502 2341 2562 2394 '0
2599 2340 2656 2394 δὲ
2705 2339 2845 2412 ὑπὲρ
2890 2339 3069 2404 τοῦτο,
3118 2331 3686 2410 χοιρὼδης(75),οἷος

2105 2441 2226 2494 οὐδὲ
2258 2437 2426 2492 πολλὰ
2460 2437 2597 2508 έχων
2645 2437 2744 2506 τῆς
2793 2435 2991 2499 κακίας
3021 2435 3090 2488 τὰ
3136 2434 3576 2505 παραδείγματα.
3641 2429 3687 2482 0

2110 2540 2206 2609 μὲν
2233 2537 2399 2605 νόμος
2426 2531 2570 2588 κατὰ
2597 2533 2776 2586 πᾶσαν
2799 2531 2978 2585 αἰτίαν
3018 2531 3080 2584 τὸ
3109 2530 3437 2583 ἀποστάσιον
3465 2527 3681 2580 δίδωσι·

2106 2633 2340 2706 Χριστὸς
2385 2631 2533 2684 δὲού
2583 2627 2726 2682 κατὰ
2757 2629 2937 2682 πᾶσαν
2984 2627 3189 2681 αίτίαψ
3227 2625 3364 2680 ἀλλά
3411 2624 3690 2694 συγχωρεῖ

2109 2732 2207 2803 μὲν
2235 2730 2394 2800 μόνον
2421 2726 2751 2798 χωρίζεσθαι
2772 2725 2872 2796 τῆς
2895 2724 3098 2795 πόρνης
3115 2765 3130 2789 ,
3166 2725 3234 2778 τὰ
3256 2722 3314 2776 δὲ
3339 2721 3472 2774 ἄλλα
3505 2720 3685 2780 πάντα

2107 2826 2413 2896 φιλοσοφεῖν
2450 2821 2679 2876 κελεύει.
2715 2823 2825 2874 Καὶ
2866 2821 2964 2892 τὴν
2995 2821 3222 2892 πόρνην,
3246 2821 3330 2873 ὅτι
3367 2815 3574 2872 νοθεύει
3614 2813 3677 2866 τὸ

426 2938 684 3008 aequitate
733 2912 798 2992 ac
839 2934 1096 3004 patientia
1147 2934 1224 2988 uti
1253 2934 1427 3004 jubet.
1483 2932 1624 3002 Ergo
1656 2931 1984 3000 impudicam

2106 2926 2272 2997 γένος·
2307 2921 2376 2974 τὰ
2404 2920 2448 2973 δ’
2481 2918 2616 2972 ἀλλα
2634 2918 2810 2972 πάντα
2827 2916 2937 2986 (76)
2963 2916 3318 2988 καρτερῶμεν
3351 2915 3445 2969 xui.
3469 2912 3687 2982 φιλοσο-

419 3029 658 3099 qnidem,
693 3028 818 3097 quia
861 3041 1029 3097 genus
1057 3026 1353 3096 corrumpit
1379 3033 1432 3079 ct
1475 3023 1764 3089 adulterat,
1795 3023 1986 3092 expel-

419 3119 634 3174 lamus:
660 3128 854 3176 ctntera
883 3127 1060 3170 autem
1095 3117 1276 3172 omnia
1314 3117 1578 3187 patienter
1621 3123 1676 3170 et
1707 3114 1989 3171 moderate

417 3226 485 3267 ac
506 3211 776 3282 sapienter
811 3209 972 3280 651
1005 3208 1270 3273 feramus;
1298 3216 1414 3270 aut,
1447 3217 1506 3260 nt
1548 3205 1752 3262 rectius
1779 3207 1991 3278 loquar,

419 3305 692 3374 sapienter
718 3311 772 3357 et
798 3304 1078 3355 moderate
1124 3297 1281 3364 ferte,
1306 3300 1616 3367 quicunque
1661 3299 1995 3353 matrimonii

428 3399 617 3469 jugum
645 3396 906 3451 subiistis.
953 3395 1009 3449 Si
1047 3394 1206 3449 illitos
1237 3392 1360 3448 fuco
1392 3401 1446 3447 et
1469 3407 1659 3448 cerusa
1692 3393 1902 3447 colores
1938 3401 1997 3447 et

421 3487 697 3558 pigmenta
745 3487 1107 3556 perspexeris,
1143 3500 1262 3540 eam
1303 3485 1404 3539 hoc
1451 3493 1647 3539 ornatu
1691 3483 1861 3553 spolia
1903 3505 1914 3538 :
1949 3483 1994 3538 si

419 3593 703 3650 procacem
731 3588 786 3632 et
811 3577 1135 3646 petulantem
1171 3575 1435 3645 linguam,
1470 3589 1662 3630 coerce
1694 3595 1707 3629 :
1739 3575 1784 3630 si
1817 3589 1991 3630 mere-

420 3671 633 3725 tricium
653 3669 843 3737 risum,
863 3668 1242 3724 verecundiam
1266 3677 1320 3722 et
1345 3667 1666 3737 gravitatem
1693 3681 1954 3736 compone
1977 3683 1992 3720 :

421 3764 468 3818 si
496 3771 767 3832 sumptum
805 3769 895 3815 aut
957 3768 1141 3830 potum
1195 3759 1562 3821 immodicum,
1611 3758 1914 3814 contrahe:
1947 3758 1994 3812 si

419 3850 823 3921 intempestivos
862 3861 1203 3919 progressus,
1245 3847 1389 3902 domi
1426 3845 1664 3901 cohibet:
1693 3847 1738 3900 si
1781 3846 1994 3900 oculum

418 3941 618 3998 elatum
643 3951 697 3996 et
728 3955 943 4011 vagum,
977 3939 1228 4008 reprime.
1269 3939 1338 3990 At
1378 3953 1496 3992 eam
1543 3952 1609 3992 ne
1641 3948 1841 3992 temere
1872 3952 1902 3991 a
1943 3947 1996 3992 te

419 4033 643 4093 divellas
679 4041 733 4088 et
782 4031 1088 4088 abstrahas.
1157 4031 1426 4084 Incertum
1457 4039 1559 4094 est,
1607 4041 1726 4083 utra
1781 4045 1908 4100 pars
1941 4031 1994 4085 in

417 4127 733 4182 discrimine
777 4134 1044 4188 versetur,
1073 4137 1229 4184 eane,
1289 4137 1407 4190 quae
1459 4129 1627 4185 secat,
1664 4137 1732 4174 an
1778 4136 1838 4175 ea
1869 4137 1992 4191 quae

417 4229 652 4274 secatur.
689 4217 834 4271 Fons
872 4233 1042 4286 aqua,
1084 4215 1160 4268 ait
1204 4215 1314 4277 ille,
1350 4217 1420 4268 ait
1450 4214 1543 4266 tibi
1578 4216 1866 4282 proprius:
1903 4231 1995 4268 nec

2101 3020 2309 3092 φῶμεν
2337 3016 2534 3089 μᾶλλον
2552 3015 2608 3068 δὲ
2627 3015 2942 3085 καρτερεῖτε
2964 3013 3058 3067 καὶ
3080 3011 3436 3080 φιλοσοφεῖτε,
3457 3009 3570 3060 ὅσοι
3593 3005 3686 3060 τὸν

2099 3115 2194 3170 τοῦ
2212 3114 2392 3185 γάμου
2407 3110 2568 3180 ζυγὸν
2589 3108 2861 3175 ἐδέξασθε.
2893 3107 3019 3161 Ἐὰν
3039 3105 3350 3178 ἐπιγραφὰς
3373 3104 3532 3175 ἴδῃςῆ
3554 3104 3686 3156 ὑπο-

2100 3211 2318 3283 γραφάς
2369 3207 2503 3280 (77),
2545 3207 2962 3277 ἀποκόσμησον⁶
2990 3203 3094 3258 κᾶν
3121 3201 3374 3271 γλῶσσαν
3412 3197 3684 3270 προπετῆ,

2103 3306 2436 3378 σωφρόνισον
2456 3322 2470 3336 θ
2508 3303 2575 3358 ἂν
2605 3303 2819 3372 γέλωτα
2857 3299 3132 3372 πορνικὸν,
3158 3296 3382 3369 κατηφῆ
3420 3297 3648 3364 ποίησον
3667 3313 3680 3325 ·

2101 3402 2196 3456 ἐὰν
2233 3401 2499 3471 οαπάνην,
2530 3399 2565 3470 ἢ
2600 3400 2763 3452 ποτὸν
2809 3397 3046 3468 ἄμετρον
3073 3395 3209 3465 (78),
3243 3393 3519 3446 σύστειλθν
3540 3409 3554 3422 ·
3582 3391 3684 3443 ἐὰν

2105 3493 2364 3562 προόδους
2406 3490 2694 3562 ἀκαίρους,
2729 3487 2962 3559 πέδησον
2983 3503 2998 3518 ·
3037 3486 3131 3540 ἐὰν
3174 3483 3454 3555 ὀφθαλμὸν
3479 3482 3687 3554 μετέω-

2107 3600 2218 3654 ρον,
2249 3583 2495 3636 κόλασον.
2549 3581 2641 3652 Μὴ
2679 3580 2851 3650 τέμῃς
2893 3578 2952 3632 δὲ
2996 3576 3307 3647 προπετῶς,
3341 3575 3415 3647 μὴ
3437 3574 3549 3646 (79)
3572 3592 3686 3644 χω-

2103 3673 2280 3746 ρίσῃς.
2296 3672 2544 3741 Ἀδηλον,
2566 3671 2618 3724 τί
2638 3667 3156 3738 κινδυνεύει(80),τὸ
3173 3668 3387 3737 τέμνον,
3409 3666 3442 3736 ἢ
3470 3665 3529 3718 τὸ
3552 3682 3610 3716 τε
3620 3683 3688 3734 μ-

2101 3764 2342 3834 νόμενον.
2383 3763 2453 3817 Ἠ
2471 3761 2656 3832 πηγὴ,
2686 3761 2840 3831 φησὶ,
2871 3759 2978 3812 τοῦ
2997 3758 3216 3823 ὕδατος
3233 3758 3389 3811 ἔστω
3409 3771 3508 3810 σοι
3536 3755 3682 3821 ἰδία,

2100 3855 2197 3909 καὶ
2223 3853 2434 3925 μηδεὶς
2460 3853 2775 3920 ἀλλότριος
2797 3848 3146 3920 μετασχέτω
3179 3864 3277 3902 σοι
3294 3865 3308 3879 ο
3333 3848 3448 3910 καὶ,
3470 3846 3686 3911 Πῶλος

2101 3942 2230 3998 σῶν
2270 3943 2546 4013 χαρίτων,
2591 3941 2692 3996 καὶ
2739 3942 2964 4010 ἔλαφος
3006 3938 3128 4008 σῆς
3166 3939 3370 4007 φιλίας
3406 3937 3686 4002 ὀμιλείτω

2100 4051 2221 4092 σοι.
2270 4035 2343 4088 Σὺ
2393 4033 2572 4087 τοίνυν
2614 4034 2688 4105 μὴ
2722 4033 2872 4102 γίνου
2915 4031 3158 4101 ποταμὸς
3203 4029 3507 4100 ἀλλότριος,
3541 4026 3685 4098 μηδὲ

2098 4125 2286 4189 ἄλλαις
2321 4126 2578 4198 ἀρέσκειν
2621 4124 2887 4188 σπούδαζε
2933 4121 3153 4193 μᾶλλον,
3183 4122 3216 4191 ἢ
3253 4123 3318 4192 τῇ
3346 4122 3412 4190 σῇ
3436 4119 3682 4188 γυναικί.

2101 4217 2164 4269 Εἰ
2188 4217 2243 4269 δὲ
2273 4216 2504 4288 ἀλλαχοῦ
2535 4217 2699 4288 φέρῃ,
2732 4216 2825 4268 καὶ
2849 4213 2927 4284 τῷ
2953 4213 3030 4284 σῷ
3059 4211 3208 4283 μέλει
3229 4211 3343 4280 (81)
3365 4209 3685 4280 νομοθετεῖς

418 4309 560 4364 ullus
605 4320 885 4363 extraneas
924 4315 1094 4360 tecum
1151 4305 1218 4358 ait
1259 4301 1599 4372 particeps".
1654 4301 1764 4355 Et:
1796 4301 1993 4358 Pullus

2106 4308 2194 4378 τὴν
2224 4309 2532 4376 ἀσέλγειαν.
2572 4307 2728 4361 Οὕτω
2757 4306 2854 4376 μὲν
2881 4307 2910 4358 ὁ
2935 4305 3147 4375 Σωτήρ.

478 4450 522 4482 η
549 4448 738 4503 Matth.
763 4463 803 4511 l,
822 4446 915 4500 25.

414 4535 470 4588 v,
495 4521 583 4576 17.

487 4626 1198 4708 (70-71)_'H_ula._Cumh.
1267 4624 1416 4691 legit,
1464 4623 1514 4674 εί
1567 4621 1684 4691 μία,
1739 4619 1827 4675 tsi
1891 4634 1995 4674 una

413 4695 562 4765 caro.
594 4695 851 4758 eutitdettr
876 4695 1431 4765 sortiaturhonm'em.
1459 4711 1478 4741 ›

487 4759 600 4845 (ἾΞ)
635 4773 748 4827 Καὶ
793 4772 879 4845 είς
932 4762 1232 4845 τὼς-δίο.
1262 4777 1413 4817 sacer
1463 4769 1658 4826 textus,
1695 4759 1825 4827 Reg.
1879 4773 1990 4825 om,

411 4834 626 4910 Comb.,
659 4852 765 4897 etc.
800 4834 954 4910 Deest
985 4837 1063 4910 εἰς
1091 4836 1143 4910 in
1170 4834 1252 4892 ed.

614 4897 884 4967 ’Μᾶλλον
907 4907 958 4960 δ’
978 4897 1085 4958 ἔτι.
1109 4903 1240 4972 Reg.
1265 4905 1320 4965 ι),
1346 4899 1437 4972 Or:
1464 4897 1823 4972 Lpti'tnovoé
1845 4914 1916 4951 τι.

511 4916 577 4968 75
635 4916 884 4967 Μᾶλλον
907 4916 958 4960 δ’
978 4916 1085 4958 ἑτι.
1110 4916 1240 4972 tieg.
1265 4916 1320 4965 ι),
1346 4916 1437 4954 ur.
1464 4916 1512 4960 ι,
1542 4916 1739 4971 μαλλον
1767 4916 1823 4949 οε
1845 4916 1916 4951 τι.

485 4916 598 5058 in;
632 4981 806 5058 ᾼωεεῖ
826 4975 1101 5058 μριμτάρν
1126 4982 1233 5058 θίθο
1257 4973 1370 5058 ,ἓίεδ
1388 4971 1564 5058 ροῖδὲ
1580 4969 1986 5058 1’-,9ἔ¹¹ἰ¹ἶῖι.ῗξῗ·

412 5039 719 5122 Βεέείγάρί
739 5053 796 5122 in
818 5039 905 5122 éd.
937 5039 1204 5100 Caeterum
1246 5056 1315 5122 cx
1339 5042 1442 5095 hoc
1473 5039 1989 5122 contextunnullate-

991 4443 1037 4475 “
1064 4441 1201 4499 Gen.
1229 4457 1290 4506 ll,
1328 4441 1419 4494 ‘Zi.
1495 4439 1540 4471 ⁸³
1572 4439 1762 4508 Ephes.
1792 4455 1842 4505 v,
1879 4440 1969 4494 52.
2047 4442 2094 4475 ⁸⁵
2121 4444 2254 4499 ihid.
2294 4444 2383 4500 55.

2461 4444 2505 4475 ⁸⁷
2536 4443 2665 4498 ibid.
2691 4442 2779 4496 5'5.
2855 4441 2902 4472 ⁸⁸
2930 4439 3091 4495 Prov.
3121 4452 3251 4501 xxx,
3274 4434 3364 4491 55.
3441 4430 3486 4465 ⁸⁸
3508 4432 3680 4494 Prov.

2137 4692 2148 4704 ι
2176 4621 2288 4692 (75)
2314 4620 2630 4690 Χοιρὼδης.
2662 4617 2908 4673 Nonnulli
2945 4615 3168 4679 addunt,
3201 4612 3336 4683 βίος*
3364 4631 3385 4665 ι
3413 4612 3524 4668 vita
3554 4630 3686 4685 por-

2102 4708 2294 4832 cui'i-(i),
2331 4762 2514 4816 Ἄλλοι
2560 4759 2774 4832 σῑάντα.
2821 4756 2911 4810 Sic
2942 4754 3091 4808 Colb.
3128 4752 3180 4808 1.
3229 4758 3388 4808 Deest
3411 4768 3590 4809 παντα
3623 4757 3678 4811 in

2092 4828 2206 4893 ed.,
2231 4828 2480 4900 quamvis
2511 4846 2544 4900 7a
2574 4828 2729 4880 Billio
2755 4840 3088 4900 expressum.

2159 4891 2270 4972 (77')
2313 4901 2454 4954 Ἐὰν
2497 4891 3549 4972 ἐπιγραφὰςξ-ἵδῃςλιήὑπο-γραφάςε-
3578 4892 3677 4950 Sic

2089 4963 2372 5040 legendum
2408 4972 2560 5040 docet
2583 4963 2966 5040 Cbnibelisius.
3011 4964 3143 5040 Illud
3176 4964 3365 5040 probat
3403 4963 3674 5040 ex‘Chry-

2086 5033 2220 5094 so§t.
2237 5040 2328 5093 lib.
2350 5041 2413 5092 de
2434 5036 2757 5101 Sacerdotio,
2774 5037 2910 5104 apud
2927 5036 3177 5104 quemsic
3195 5034 3422 5104 legitur;
3443 5033 3678 5102 Ὀφθαλ-

413 5102 1020 5180 ιῖιῖζὶὸὶὶὶιίιίιεηαυιη,
1069 5113 1332 5167 secundas
1383 5110 1595 5180 nuptias
1616 5178 1625 5180 _
1646 5123 1676 5161 a
1698 5178 1706 5180 ᾗ
1728 5107 1988 5180 Gregorio

2106 5109 2202 5162 ιῶν
2254 5109 2596 5180 ὑπογραφαὶ,
2617 5179 2625 5180 7
2646 5107 2765 5180 και
2790 5102 3042 5180 παρειῶν⁸
3104 5102 3408 5180 έπιγραφαί
3426 5119 3439 5131 °
3465 5122 3510 5180 _t
3537 5104 3674 5180 FttL'i

413 5177 640 5264 prorsus
689 5188 956 5264 damnari.
1010 5177 1267 5264 Quamvis
1309 5177 1474 5264 enin't'
1505 5178 1744 5264 Ecclesia
1786 5177 1980 5264 _Gra3c_a

413 5247 533 5320 sese
553 5259 874 5316 severiorem
903 5257 1007 5310 hac
1033 5247 1083 5306 in
1119 5265 1198 5315 re,
1235 5247 1636 5320 quatnLatina,
1657 5247 1977 5320 praetulerit,

413 5315 675 5388 secundas
698 5339 874 5383 tamen
903 5323 1114 5392 nuptias
1140 5315 1489 5392 nonfotnnino
1514 5317 1806 5392 prohibuit.
1828 5315 1980 5392 Quod

454 5385 626 5456 uident
658 5385 997 5454 manifestum
1027 5400 1113 5446 est
1141 5406 1205 5445 ex
1257 5390 1339 5442 his
1383 5385 1750 5458 Chrjsostomi
1774 5385 1977 5458 verbis,

473 5455 615 5526 οηιίι.
657 5483 747 5523 xlv
778 5469 829 5519 in
861 5465 1085 5534 primam
1120 5459 1454 5534 a_d_Timoth_.
1488 5455 1698 5534 Epist.:
1726 5455 1980 5534 «Curiu-

413 5525 546 5597 citat
577 5550 631 5595 et
651 5525 902 5593 admonet
931 5528 1235 5601 (Ecclesia),
1276 5543 1344 5601 ne
1385 5529 1451 5582 ad
1473 5525 1733 5601 secundas
1763 5525 1979 5592 nuptias

413 5593 732 5671 transeant?
766 5604 901 5659 Num
933 5593 1043 5657 rem
1087 5593 1229 5654 hanc
1270 5598 1582 5654 damnavit?
1608 5593 1976 5668 Nequaquam.

413 5679 529 5738 Hoc
560 5680 704 5735 enim
746 5673 1120 5733 haereticorum
1151 5679 1254 5726 est.
1281 5687 1301 5721 ι

2085 5597 2228 5670 σῷμ

2083 5171 2274 5234 subtus
2325 5171 2499 5234 oculis
2545 5177 2788 5240 adhibiti,
2824 5171 2887 5230 et'
2925 5176 3076 5245 geni.)
3108 5171 3363 5241 impositi.
3387 5190 3404 5223 ι
3462 5171 3521 5226 lu
3554 5177 3674 5241 ed.,

2095 5248 2219 5301 Ἐὰν
2247 5247 2568 5319 ἀπογραφὰς
2591 5246 2726 5319 ἴδῃς,
2757 5256 2860 5319 etc.

2154 5319 2267 5387 (78)
2307 5309 2616 5387 ’Ᾰρειίρὸη
2646 5309 2799 5387 'ich.
2826 5317 2857 5370 b
2881 5325 2936 5368 et
2961 5313 3056 5368 Or.
3093 5312 3146 5378 1,
3170 5309 3500 5384 ἀμέτρητον.

2155 5385 2268 5459 (79)
2303 5385 2545 5459 Mri._0r.
2578 5388 2630 5451 ι,
2661 5385 2822 5456 μηδέ.

2154 5451 2268 5528 (80)
2301 5451 2674 5528 Κινδυνεύξῄ
2703 5451 2759 5528 lu
2786 5451 3466 5528 nonnulli_s,_xtv§uvst_ioe:t.

2155 5465 2245 5528 (δυ
2301 5465 2670 5512 Κινδυνεῠει.
2706 5465 2759 5510 In
2786 5465 3076 5514 nonnullis,
3110 5465 3466 5506 κινουνευσει.

2155 5465 2268 5651 (81}
2289 5528 2398 5582 Καὶ
2434 5526 2512 5592 τῷ
2545 5526 2634 5590 σῷ
2653 5526 2842 5594 μέλει,
2867 5535 2970 5577 etc.
3001 5522 3166 5603 Qoisl.
3199 5523 3254 5587 1,
3278 5523 3395 5585 πῶς
3441 5519 3562 5592 οὐχὶ
3587 5519 3671 5594 τῷ

2155 5617 2162 5648 ι
2191 5616 2228 5651 υ.
2260 5599 2362 5651 λει.
2394 5617 2412 5650 ι
2437 5601 2705 5651 ouomodo
2743 5611 2848 5650 non
2875 5607 3029 5650 uxori
3053 5601 3217 5651 tuac.»
3251 5602 3357 5648 etc.

2260 5599 2362 5664 λει,
2394 5617 2412 5650 ι
2437 5593 2705 5668 quomodo
2743 5611 2848 5650 non
2875 5593 3029 5650 uxori
3053 5601 3217 5660 tuac,»
3251 5602 3357 5648 etc.
