3910 6214
311 283 422 338 293
1273 279 1534 336 ORATIO
1573 277 1833 332 XXXVII.
1874 306 1906 318 -

2015 278 2049 332 Ν
2087 276 2347 334 ΜΛΤΤΗ.
2391 280 2532 343 XIX,
2575 281 2723 336 1-12.
3474 286 3579 342 994

301 400 603 469 gratiarum
631 405 866 462 tuarum,
896 406 942 452 et
965 410 1141 451 cervus
1169 396 1416 449 amicitia:
1455 403 1582 456 tum,
1607 394 2030 448 consuetudinem
2061 393 2181 448 vitae
2213 403 2379 448 tecum
2450 393 2638 448 habeat
2662 394 2731 449 ‘°.
2793 392 3058 458 Quocirca
3127 393 3220 451 tibi
3284 398 3579 451 cavendum

304 496 414 549 est,
443 501 511 540 ne
548 487 740 541 ﬂuvius
774 489 980 542 alienus
1026 490 1304 556 elﬁciaris;
1337 498 1499 560 alque
1525 489 1645 544 aliis
1671 491 1868 558 potius,
1910 504 2070 557 quam
2104 489 2258 545 uxori
2307 499 2429 555 tute,
2504 490 2717 560 placere
2777 490 3017 545 studeas.
3049 489 3202 557 Quod
3268 491 3314 546 si
3343 491 3448 546 alio
3470 491 3580 546 fer-

304 524 414 549 w.,
444 524 511 540 ..υ
774 524 980 542 ...ωηω
1026 524 1304 556 “nemus,
1337 524 1406 543 ...ι
1435 524 1498 544 ..υ
1527 524 1645 544 αι...
1671 524 1868 558 rem”,
1910 524 2070 557 ψη...-
2106 524 2258 545 mu...
2307 524 2429 555 ιυσε,
2507 524 2717 560 putem
2777 524 3017 545 οιυυυαδ.
3049 524 3202 557 ww
3268 524 3314 546 οι
3343 524 3448 546 αιιυ
3470 524 3580 546 .m-

229 524 250 632 ί
309 587 398 634 tur
417 579 685 647 cupiditas
726 593 836 646 tua,
874 581 1008 652 parti
1039 597 1255 652 quoque
1298 524 1708 638 tuaglibidinetn
1751 581 2074 652 praescribis.
2139 583 2315 652 Atque
2354 583 2421 636 ad
2464 581 2604 637 hunc
2664 584 2880 653 quidem
2949 587 3167 642 modum
3226 587 3471 644 Salvator
3503 587 3580 645 lo-

306 683 466 729 (ξυιυς
493 683 596 728 est.
1693 665 1702 676 Κ

378 763 458 818 Θν.
494 764 560 816 Τί
600 765 657 818 δὲ
680 765 729 818 οἱ
756 765 1072 836 Φαρισαῖοι;
1111 764 1338 834 Τραχὺς
1372 763 1607 830 τούτοις
1637 765 1671 816 ὁ
1710 763 1894 831 ,λόγος

2071 755 2160 812 ΙΧ.
2204 754 2340 822 Quid
2385 769 2562 810 autem
2596 756 2897 824 Pharisaei?
2925 761 3103 816 Durus
3148 763 3255 817 illis
3301 765 3385 818 hic
3413 761 3582 818 sermo

308 855 560 924 φαίνεται
587 856 718 924 (82).
772 857 882 909 Καὶ
913 855 1021 926 γὰρ
1070 856 1164 909 καὶ
1210 855 1344 908 ἄλλα
1374 852 1487 906 τῶν
1534 851 1715 914 καλῶς
1745 851 1897 922 ἐχόν-

307 964 418 1000 των
460 948 786 1019 ἀπαρέσκει,
831 949 926 1001 καὶ
970 951 1084 1010 τοῖς
1128 947 1249 1000 τότε
1284 946 1618 1017 Φαρισαίοις,
1655 945 1749 998 καὶ
1783 945 1896 1005 τοῖς

309 1035 404 1090 νῦν
435 1039 768 1108 Φαρισαίοις.
804 1040 1103 1111 Φαρισαῖον
1145 1038 1275 1110 γὰρ,
1319 1037 1380 1091 οὐ
1413 1036 1475 1088 τὸ
1516 1036 1672 1104 γένος
1714 1035 1894 1104 μόνον,

306 1129 450 1184 ἀλλά
483 1131 576 1182 καὶ
619 1131 648 1182 6
682 1131 882 1203 τρόπος
921 1129 1215 1200 ἐργάζεται
1273 1128 1432 1182 Οὕτω
1466 1128 1562 1180 κα)⁴
1611 1125 1896 1197 Ἀσσύριον

308 1219 448 1286 οῖδα,
482 1224 576 1276 καὶ
601 1222 921 1290 Αίγύπτιον,
949 1223 1040 1275 τὸν
1065 1224 1131 1292 τῇ
1169 1219 1487 1292 προαιρέσει
1521 1219 1662 1289 μετὰ
1689 1216 1896 1270 τούτων

307 1318 657 1387 ταττόμενον.
673 1315 737 1368 Τί
757 1311 849 1368 οὖν
869 1316 918 1366 oi.
937 1315 1256 1385 Φαρισαῖοι;
1282 1315 1353 1366 El
1373 1311 1548 1374 οὕτω,
1573 1310 1737 1380 φασὶν
1757 1308 1894 1376 (85),

309 1411 539 1479 ἐστινὴ
560 1409 718 1464 αίτιά
736 1407 886 1477 μετὰ
910 1405 1022 1473 τῆς
1044 1403 1352 1474 γυναικὸς,
1381 1405 1452 1456 οὺ
1480 1403 1769 1471 συμφέρει
1789 1415 1896 1468 γα-

305 1503 522 1574 μῆσαι.
558 1501 672 1554 Νῦν
699 1501 756 1554 δὲ
785 1499 943 1553 τοῦτο
972 1497 1428 1568 καταμανθάνεις,
1447 1488 1492 1547 ὦ
1512 1494 1794 1565 Φαρισαῖε,
1813 1489 1894 1554 τὸ,

315 1598 400 1649 Οὐ
434 1591 728 1663 συμφέρει
760 1589 1063 1660 Tauriani;
1094 1588 1358 1660 πρότερον
1385 1587 1444 1640 δὲ
1477 1586 1579 1639 οὐκ
1603 1585 1894 1654 ἠπίστασο,

310 1687 476 1758 ἡνίκα
517 1684 616 1747 τὰς
653 1681 882 1755 χηρείας
930 1680 1129 1752 ἑώρας,
1178 1679 1275 1733 καὶ
1316 1681 1416 1740 τὰς
1467 1676 1755 1748 ὀρφανίας,
1803 1676 1898 1728 καὶ

307 1776 440 1838 τοὺς
469 1774 682 1845 ἀώρους
729 1772 1014 1835 θανάτους,
1051 1771 1146 1824 καὶ
1178 1768 1246 1822 τά
1292 1768 1514 1839 διάδοχα
1546 1768 1654 1820 τῶν
1683 1766 1894 1838 κρότων

313 1865 511 1938 πένθη,
545 1866 641 1918 καὶ
677 1865 804 1927 τοὺς
851 1863 944 1916 ἐπὶ
977 1864 1090 1926 τοῖς
1125 1860 1390 1931 θαλάμοις
1411 1859 1523 1929 (84)
1551 1860 1776 1928 τάφους,
1805 1858 1898 1911 καὶ

307 1959 413 2023 τὰς
438 1958 714 2020 ἀτεκνίας,
747 1956 841 2008 καὶ
866 1954 966 2018 τάς
996 1953 1377 2016 κακοτεχνίας,
1405 1951 1500 2005 καὶ¹
1529 1953 1654 2014 τοὺς
1688 1949 1898 2013 ἀτελεῖς

1998 849 2293 902 videtur“.
2317 847 2425 901 Nec
2457 847 2674 913 mirum,
2699 865 2820 905 cum
2851 863 2902 906 et
2939 853 3058 908 aliis
3089 854 3332 910 honestis
3357 865 3411 909 et
3439 871 3580 922 prte-

1997 939 2162 994 claris
2206 939 2370 993 rebus
2398 938 2762 1006 oﬂ‘eudantur,
2805 952 2918 997 tum
2970 944 3111 1000 illius
3148 948 3409 1017 temporis
3439 946 3580 1000 Pha-

2001 1031 2162 1093 t‘ismi,
2208 1038 2319 1082 tum
2358 1030 2520 1084 etiam
2568 1043 2857 1087 nostrates.
2897 1033 3228 1090 Phariszeum
3269 1039 3434 1102 enim,
3469 1053 3574 1092 non

1998 1122 2171 1178 solum
2213 1136 2402 1190 genus,
2448 1121 2544 1176 sed
2593 1123 2756 1177 etiam
2798 1140 3005 1180 morum
3039 1127 3265 1196 vitaeque
3303 1127 3439 1182 ratio
3467 1127 3582 1182 eﬂi~

1997 1214 2091 1269 cit.
2121 1212 2212 1267 Sic
2250 1213 2532 1283 Assyrium
2575 1229 2792 1284 quoque
2825 1227 2881 1270 et
2913 1215 3247 1287 Egyptinm,
3282 1235 3402 1273 eum
3450 1236 3578 1274 ceu-

1997 1318 2110 1370 seo,
2145 1303 2234 1372 qui
2271 1305 2438 1358 animi
2472 1304 2718 1360 instituto
2754 1315 2807 1360 et
2840 1307 3116 1363 voluntate
3167 1309 3298 1378 ipsis
3335 1309 3580 1378 adjuugi-

2003 1405 2108 1450 tur.
2147 1394 2284 1462 Quid
2338 1395 2504 1462 igitur
2562 1396 2856 1452 Pharisaei?
2909 1398 2972 1453 Si
3021 1401 3100 1454 ita
3150 1410 3250 1464 est,
3308 1401 3578 1470 inquiunt,

1999 1504 2161 1542 causa
2194 1488 2419 1541 heminis
2450 1504 2567 1541 cum
2599 1504 2785 1553 uxore,
2807 1506 2909 1544 non
2952 1494 3154 1558 expedit
3187 1493 3396 1547 nubere.
3425 1493 3581 1550 Nunc

1999 1584 2234 1644 demum,
2269 1595 2302 1634 0
2334 1578 2606 1634 Pharisaee
2634 1618 2650 1644 ,
2702 1579 2828 1634 illud
2883 1582 3130 1650 agnoscis
3158 1599 3172 1636 :
3201 1581 3324 1636 Non
3370 1586 3580 1652 expedit

1999 1672 2236 1727 nubere?
2261 1675 2343 1727 An
2379 1671 2527 1742 prius
2560 1673 2610 1726 id
2645 1674 2951 1738 nesciebas,
2981 1690 3098 1729 cum
3158 1675 3448 1730 viduitates
3499 1687 3579 1730 at-

1999 1781 2103 1836 que
2132 1765 2392 1820 orbitates
2423 1765 2656 1829 videres,
2681 1775 2734 1819 et
2774 1775 3128 1833 praematuras
3167 1778 3387 1835 mortes,
3414 1781 3467 1822 et
3491 1769 3578 1823 Iu-

1997 1868 2119 1913 ctns
2158 1857 2438 1927 plausibus
2474 1858 2845 1922 succedentes,
2881 1867 2937 1911 et
2960 1857 3144 1912 funera
3195 1859 3457 1915 thalamos
3482 1871 3580 1916 ex-

2000 1948 2279 2019 cipientis,
2309 1958 2364 2002 et
2391 1949 2727 2013 sterilitates,
2757 1960 2812 2003 et
2840 1948 3082 2006 infelices
3138 1951 3429 2006 liberorum
3456 1966 3582 2021 pro~

308 2049 506 2110 τόκους
549 2047 646 2101 καὶ
676 2047 979 2116 ἀμήτορας,
1021 2043 1116 2096 καὶ
1165 2043 1348 2095 πᾶσαν
1394 2041 1494 2114 τὴν
1549 2040 1679 2113 περὶ
1727 2039 1899 2093 ταῦτα

2015 2039 2327 2103 :reationes,
2355 2049 2414 2094 et
2457 2038 2804 2109 imperfectos
2853 2051 3040 2109 partus
3061 2055 3125 2096 ac
3156 2043 3345 2098 matris
3379 2058 3576 2113 exper-

310 2107 607 2208 κωμῳοίαν
636 2135 670 2207 ἣ
716 2107 1058 2206 ﬁmum;
1120 2107 1576 2202 'Apupé'repa'ydp
1607 2107 1783 2182 εἰπεῖν
1819 2129 1897 2182 οἱ·

2015 2141 2113 2196 tes,
2140 2140 2300 2199 atque
2325 2107 2549 2184 omnemi
2571 2107 2872 2202 hujusmodi
2906 2145 3087 2186 rerum
3118 2107 3584 2188 commdiam-sive

312 2228 616 2284 κειότατον.
651 2224 945 2296 Συμεθέρει
981 2222 1284 2296 fumium;
1316 2222 1475 2291 κάγὼ
1512 2222 1742 2292 δέχομαι
1760 2236 1777 2254 ο
1812 2219 1901 2275 Τί-

308 2338 450 2392 μιος
473 2320 586 2392 (85)
615 2321 726 2389 γὰρ
748 2321 781 2372 ὀ
811 2318 1016 2389 γάμος,
1045 2318 1144 2372 καί
1177 2318 1215 2386 ἠ
1246 2316 1414 2384 κοίτη
1439 2314 1552 2385 (86)
1575 2315 1862 2384 ἀμίαντος
1880 2329 1896 2346 ο

315 2411 588 2484 συμφέρει
630 2410 689 2464 δὲ
729 2413 842 2475 τοῖς
879 2409 1142 2482 μετρίοις,
1190 2408 1251 2460 οὐ
1284 2409 1398 2470 τοῖς
1443 2405 1764 2477 ἀπλήστοις,
1804 2403 1900 2458 καὶ

315 2503 479 2558 πλέον
522 2503 556 2573 ἢ
602 2501 684 2556 δεῖ
728 2503 828 2574 τὴν
872 2501 1051 2573 σάρκα
1099 2501 1268 2572 τιμᾷν
1318 2499 1682 2570 βουλομένοις.
1731 2499 1901 2552 Ὅταν

314 2591 476 2648 τοῦτο
516 2593 676 2664 μόνον
719 2594 747 2646 6
793 2594 969 2663 γάμος
999 2589 1056 2665 ᾖ,
1091 2590 1124 2662 ἢ
1160 2592 1337 2661 γάμος
1360 2589 1496 2661 (87),
1523 2590 1617 2642 καὶ
1648 2588 1900 2656 συζυγία,

317 2687 416 2739 καὶ
435 2685 638 2738 παίδων
662 2685 909 2756 διαδοχῆς
937 2683 1094 2737 ἐπιθυ
1103 2682 1220 2754 μία,
1240 2681 1403 2743 καλὸς
1424 2683 1452 2734 6
1475 2681 1652 2751 γάμος
1682 2699 1696 2712 ο
1727 2681 1906 2734 πλείο-

315 2792 416 2838 νας
443 2775 550 2847 γὰρ
591 2776 798 2844 εἰσάγει
848 2776 974 2838 τοὺς
1018 2772 1450 2844 εὐαρεστοῦντας
1479 2769 1620 2840 Θεῷ.
1651 2770 1819 2822 Ὅταν
1846 2769 1905 2822 δὲ

319 2865 455 2938 ὖλην
505 2867 735 2938 ἐξάπτῃ,
787 2867 883 2920 καὶ¹
932 2865 1053 2928 ταῖς
1110 2862 1376 2926 ἀκάνθαις
1433 2861 1757 2932 περιϐάλλῃ,
1808 2861 1905 2912 καὶ

317 2953 433 3012 οἷον
461 2957 660 3020 κακίας
689 2956 806 3019 ὁδὸς
833 2955 1176 3027 εὑρίσκηται,
1209 2954 1332 3007 τότε
1373 2951 1528 3023 κάγὼ
1561 2951 1900 3022 φθέγγομαιο

314 3049 402 3100 οὐ
432 3045 723 3116 συμφέρει
753 3044 1043 3115 γαμῆσαι.

391 3313 452 3366 I'.
480 3309 662 3365 Καλὸν
695 3309 725 3363 6
757 3309 933 3380 γάμος
955 3325 969 3339 ο
1005 3306 1120 3361 ἀλλ’
1150 3305 1251 3360 οὐκ
1299 3305 1408 3377 ἔχω
1436 3303 1635 3372 λέγειν,
1685 3306 1766 3359 ὅτι
1813 3305 1906 3360 καὶ

321 3404 655 3478 ὕψηλάτερον
691 3401 1009 3474 παρθενίας.
1040 3399 1176 3452 Οὐδὲ
1205 3398 1312 3468 γάρ
1363 3398 1430 3452 ἂν
1449 3398 1562 3470 (88)
1591 3394 1659 3469 ἦν
1684 3415 1735 3450 τι
1763 3399 1906 3468 μέγα

321 3499 360 3568 ἡ
420 3496 710 3568 παρθενία,
769 3493 843 3564 μὴ
901 3491 1068 3545 καλοῦ
1115 3491 1348 3544 καλλίων
1404 3491 1769 3560 τυγχάνουσα.
1816 3491 1906 3561 Μὴ

321 3587 389 3659 δὴ
407 3586 516 3656 (89)
545 3583 921 3655 χαλεπαίνετε,
952 3583 1070 3634 ὅσαι
1099 3581 1203 3633 ὑπὸ
1221 3580 1405 3648 ζυγόν.
1434 3580 1790 3650 Πειθαρχεῖν
1821 3579 1917 3633 δεῖ

327 3675 451 3742 Θεῷ
491 3675 732 3745 μᾶλλον
779 3673 818 3739 ἢ
853 3671 1204 3736 ἀνθρώποις.
1244 3671 1388 3740 Πλὴν
1418 3669 1673 3739 ἀλλήλαις
1731 3670 1912 3722 συνδε-

327 3765 575 3838 σμεῖτθε,
606 3767 700 3818 καί
722 3763 1000 3836 παρθένοι,
1046 3764 1140 3814 καὶ
1172 3763 1447 3829 γυναῖκες,
1483 3764 1576 3814 καὶ
1617 3763 1674 3814 ἓν
1706 3763 1828 3814 ἐστε
1854 3765 1911 3815 ἐν

323 3858 541 3930 Κυρίῳ,
576 3857 670 3910 καὶ
700 3855 941 3924 ἀλλήλων
987 3851 1373 3922 καλλώπισμα.
1423 3853 1538 3904 Οὐκ
1569 3852 1634 3904 ἂν
1673 3848 1742 3922 ἦν
1771 3854 1910 3920 ἄγα-

329 3967 451 4020 μος,
478 3951 528 4001 εἰ
557 3949 632 4017 μὴ
663 3947 861 4016 γάμος.
885 3945 1056 3998 Πόθεν
1083 3944 1190 4015 γὰρ
1221 3944 1302 4007 εἰς
1336 3943 1526 3995 τοῦτον
1551 3944 1798 4015 παρῆλθε
1820 3945 1912 3998 τὸν

328 4040 444 4112 βίον
475 4039 779 4110 παρθένοςς
819 4037 933 4090 Οὐκ
957 4035 1022 4088 ἂν
1048 4032 1115 4106 ἦν
1138 4035 1314 4106 γάμος
1342 4034 1560 4104 σεμνὸς,
1593 4037 1645 4087 εἰ
1672 4034 1746 4105 μὴ
1771 4050 1915 4105 παρ-

328 4133 482 4186 θένον
517 4127 882 4201 καρποφορῶν
907 4129 1001 4180 καὶ
1026 4127 1104 4197 τῷ
1135 4125 1254 4196 Θεῷ
1288 4129 1384 4179 καὶ
1409 4125 1488 4196 τῷ
1518 4125 1637 4194 βίῳ.
1669 4125 1914 4196 Τίμησον

328 4221 427 4275 ται.)⁸
457 4222 522 4274 σὺ
547 4220 649 4288 τὴν
681 4217 892 4288 μητέρα
916 4214 1013 4286 τὴν
1048 4215 1168 4285 σὴν,
1197 4214 1258 4279 ἐξ
1300 4209 1369 4286 ἦς
1397 4214 1645 4283 γέγονας.
1674 4215 1916 4286 Τίμησον

329 4312 428 4366 καὶ
481 4312 548 4364 σὺ
599 4309 698 4381 τὴν
751 4311 818 4362 ἐκ
876 4308 1104 4379 μητρὸς,
1170 4308 1266 4360 καὶ
1328 4306 1542 4378 μητέρα
1603 4306 1735 4377 (90).
1799 4307 1919 4378 Μή-

328 4421 440 4476 τηρ
501 4403 600 4473 μὲν
667 4403 767 4455 οὐκ
815 4401 950 4460 ἔστι,
1005 4400 1244 4472 Χριστοῦ
1308 4399 1365 4451 δὲ
1418 4397 1603 4469 νύμφη
1653 4397 1788 4452 ἐστί.
1845 4400 1918 4452 Τὸ

332 4495 435 4567 μὲν
471 4495 794 4565 φαινόμενον
830 4493 1024 4555 κάλλος
1073 4491 1134 4544 ού
1185 4490 1489 4560 κρύπτεται
1543 4489 1682 4560 (9I)°
1744 4492 1804 4542 τὸ
1861 4489 1918 4542 δὲ

330 4587 536 4655 ἀφανὲς
556 4586 675 4657 Θεῷ
698 4586 971 4657 βλέπεται.
988 4581 1158 4638 Πᾶσα
1176 4585 1210 4651 ἡ
1229 4582 1377 4646 δόξα
1391 4581 1499 4649 τῆς
1514 4581 1800 4650 θυγατρὸς
1813 4579 1920 4634 τοῦ

331 4677 644 4743 Βασιλέως
667 4678 915 4740 ἔσωθεν,
947 4677 1017 4729 ἐν·
1045 4673 1416 4742 κροσσωτοῖς
1432 4673 1684 4742 χρυσοῖς
1704 4677 1922 4740 περιϐε-

2004 2220 2356 2291 lragoediam?
2387 2219 2685 2290 Utrumque
2725 2220 2870 2277 enim
2918 2223 3316 2292 appositissime
3342 2224 3448 2280 dici
3486 2238 3588 2293 po-

2003 2319 2104 2369 test
2132 2327 2148 2365 :
2183 2311 2405 2382 Expedit
2431 2311 2740 2368 nubere?ld
2775 2313 2890 2383 ipse
2919 2329 3134 2384 quoque
3155 2316 3365 2386 probo;
3401 2315 3586 2371 Hono-

2004 2402 2174 2458 rabile
2194 2405 2332 2458 enim
2356 2404 2694 2468 connubium,
2737 2414 2784 2457 et
2833 2415 2978 2459 torus
3006 2405 3465 2475 immaculatus";
3488 2409 3586 2465 sed

2004 2493 2298 2551 moderatis
2325 2493 2562 2564 expedit,
2587 2509 2691 2548 non
2732 2494 3102 2564 petulantibus
3129 2506 3184 2552 et
3222 2497 3442 2554 libidine
3463 2515 3586 2567 per-

2005 2586 2150 2649 ditis,
2181 2589 2384 2656 quique
2432 2588 2553 2657 plus
2607 2601 2760 2656 :nquo
2782 2600 3002 2640 carnem
3046 2589 3225 2643 colere
3258 2589 3308 2642 in
3343 2592 3586 2646 animum

2006 2678 2286 2732 inducunt.
2321 2678 2457 2734 Cum
2503 2677 2912 2733 matrimonium
2948 2679 3080 2732 nihil
3123 2680 3262 2734 aliud
3301 2693 3384 2735 est
3420 2697 3585 2751 quam

2007 2768 2434 2831 matrimonium,
2475 2778 2531 2823 et
2551 2767 2880 2837 conjunctio,
2911 2777 2965 2822 et
2993 2768 3158 2837 prolis
3183 2785 3244 2823 ac
3281 2773 3585 2825 successio-

2005 2859 2090 2913 nis
2115 2860 2407 2929 cnplditas,
2441 2870 2550 2913 tutu
2584 2859 2782 2914 bonum
2812 2869 2896 2913 est
2945 2861 3368 2915 matrimonium.
3397 2861 3585 2916 Plures

2005 2949 2151 3005 enim
2202 2949 2513 3014 introducit,
2547 2951 2638 3019 qui
2676 2949 2785 3007 [)eo
2811 2952 3080 3021 placeant.
3113 2954 3183 3006 At
3233 2969 3354 3008 cum
3391 2955 3574 3010 carnis

2005 3040 2203 3096 molem
2232 3040 2552 3106 inﬂammat,
2579 3040 2744 3112 652
2778 3051 2834 3096 et
2867 3043 3036 3109 spinis
3088 3043 3411 3106 circumdat,
3442 3045 3587 3098 vitii-

2007 3147 2113 3201 que
2144 3133 2300 3202 quasi
2329 3133 2416 3186 via
2451 3133 2742 3200 invenitur,
2781 3143 2890 3188 tum
2923 3134 3038 3204 ipse
3070 3135 3234 3190 etiam
3267 3136 3429 3192 dico:
3457 3134 3584 3193 Νοη

2007 3225 2211 3293 expedit
2239 3223 2452 3278 nubere.
3528 3215 3532 3218 ’

2084 3314 2155 3371 Χ.
2194 3314 2399 3368 Bonum
2440 3321 2527 3369 est
2559 3313 2960 3368 matrimonium
2998 3315 3155 3383 :sed,
3188 3317 3328 3386 quod
3363 3316 3588 3387 virgini-

2013 3412 2124 3457 tate
2176 3403 2522 3471 praestantius
2543 3403 2636 3467 sit,
2695 3403 2876 3458 dicere
2940 3420 3044 3458 non
3107 3422 3346 3474 possum.
3403 3408 3588 3476 Neque

2012 3498 2154 3550 enim
2191 3509 2447 3564 magnum
2499 3495 2699 3563 aliquid
2736 3506 2880 3550 esset
2907 3497 3207 3568 virginitas,
3246 3501 3345 3553 nisi
3393 3516 3450 3554 re
3486 3501 3582 3553 ali-

2010 3600 2114 3654 qua
2145 3585 2280 3638 bona
2307 3584 2497 3638 melior
2525 3593 2578 3639 et
2602 3586 2912 3655 praeclarior
2937 3598 3098 3643 esset.
3131 3588 3306 3645 Nolite
3334 3592 3434 3646 hoc
3462 3607 3580 3645 mo-

2013 3675 2148 3728 leste
2198 3671 2364 3737 ferre,
2402 3687 2523 3742 quae
2578 3677 2909 3731 matrimonii
2949 3677 3079 3748 jugo
3127 3681 3380 3750 subjectae
3425 3685 3579 3738 estis.

2013 3766 2239 3820 Obedire
2268 3774 2466 3833 Oportet
2498 3766 2608 3820 Deo
2651 3769 2816 3837 magis
2849 3787 3005 3838 quam
3051 3773 3345 3827 hominibus
3367 3775 3430 3826 ⁵³.
3467 3775 3588 3829 Cze-

2015 3866 2188 3910 terum
2216 3855 2395 3915 facite,
2421 3865 2480 3909 ut
2521 3859 2660 3912 inter
2689 3875 2782 3913 vos
2819 3863 2972 3928 quasi
3007 3864 3217 3918 vinculo
3251 3869 3591 3938 conisu-iuga-

2017 3945 2166 4010 mini,
2198 3954 2254 3999 et
2300 3947 2538 4012 virgines
2577 3958 2632 4002 et
2688 3964 2904 4015 uxores,
2942 3962 3100 4021 atque
3151 3969 3312 4008 unum
3371 3957 3488 4011 sitis
3536 3961 3588 4012 in

2019 4035 2266 4098 Domino,
2312 4045 2667 4107 mutuumqne
2733 4040 2852 4096 alite
2902 4042 3130 4098 aliarum
3181 4060 3585 4104 ornamentum.

2014 4127 2130 4182 Non
2163 4138 2310 4184 esset
2347 4129 2575 4204 lcaalebs,
2618 4133 2718 4186 nisi
2769 4135 3168 4190 matrimonium
3220 4149 3379 4194 esset.
3439 4140 3593 4198 Unde

2017 4221 2157 4274 enim
2185 4221 2236 4274 in
2269 4219 2408 4275 hanc
2431 4222 2594 4275 vitam
2623 4224 2774 4294 virgo
2803 4227 3123 4293 prodiisset?
3151 4228 3265 4282 Non
3312 4242 3455 4286 esset
3492 4234 3590 4286 ho-

2019 4310 2299 4365 noriﬁcum
2341 4320 2396 4364 et
2435 4316 2800 4367 venerandum
2831 4317 3257 4384 matrimonium,
3295 4321 3396 4374 nisi
3428 4322 3592 4392 virgi-

2021 4415 2141 4454 nem
2169 4399 2456 4469 proferret,
2489 4410 2599 4454 tum
2637 4403 2765 4466 Deo,
2793 4412 2904 4457 tum
2941 4405 3082 4459 vitae.
3116 4405 3329 4461 IIonora
3371 4419 3424 4462 tu
3459 4427 3594 4479 quo-

2019 4506 2127 4560 que
2163 4501 2390 4544 matrem
2428 4501 2593 4555 tuam,
2623 4507 2691 4546 ex
2732 4508 2837 4562 qua
2889 4506 3049 4549 natus
3082 4512 3160 4553 es.
3190 4497 3402 4552 Honora
3431 4503 3594 4554 etiam

2021 4596 2163 4644 eam,
2191 4596 2310 4649 qua:
2333 4596 2398 4635 ex
2429 4591 2600 4635 matre
2638 4593 2742 4646 est,
2778 4595 2832 4638 et
2857 4597 3049 4639 mater.
3080 4587 3190 4642 Non
3232 4591 3445 4659 quidem
3482 4609 3597 4644 nta-

2024 4681 2106 4725 ter
2139 4680 2242 4736 est,
2275 4673 2367 4726 sed
2402 4673 2601 4728 Chrisu
2631 4690 2848 4744 sponsa.
2886 4676 3235 4735 Pnlchritudo
3267 4684 3480 4750 quidem
3507 4700 3594 4750 ea,

331 4767 628 4838 ᾶὶημένη,
652 4765 1103 4836 πεποικιλμένη,
1137 4766 1234 4819 εἴτ’
1257 4761 1349 4818 οὖν
1376 4763 1662 4835 πράξεσιν,
1688 4765 1797 4819 εἴτε
1828 4767 1906 4819 ua‘

2025 4779 2143 4830 qua:
2178 4764 2230 4817 in
2284 4764 2470 4819 oculos
2512 4766 2680 4832 cadit,
2733 4783 2836 4822 non
2879 4771 3224 4830 occultatur:
3255 4789 3374 4843 qua:
3414 4785 3595 4832 autem

408 4885 456 4916 ⁸ο
482 4884 641 4938 Prov.
681 4898 737 4947 v,
767 4880 853 4937 I9.
938 4880 1170 4965 ".Joan.
1207 4896 1279 4941 vi,
1307 4879 1399 4934 6|.
1473 4879 1519 4910 ⁵⁸
1550 4879 1710 4932 llcbr.
1747 4896 1864 4944 xtu,
1898 4906 1906 4925 ι

2030 4880 2077 4912 ⁸³
2098 4882 2219 4934 Act.
2255 4895 2307 4940 ν,
2331 4879 2423 4934 29.

409 4974 522 5045 (8‘2)
554 4975 855 5040 Τούτοις...
882 4973 1174 5043 φαίνεται.
1207 4974 1261 5028 lu
1301 4974 1646 5042 quibusdam,
1674 4974 1924 5037 αὐτοῖς...

333 5045 751 5112 καταφαίνεται.

412 5111 526 5187 (85)
561 5115 781 5187 φασίν.
824 5113 956 5187 Tres
996 5113 1153 5179 Reg.,
1211 5113 1395 5187 φησίν.
1453 5111 1704 5166 Memoria
1741 5113 1921 5187 lapsus

337 5183 431 5240 est
453 5187 539 5238 hic
561 5183 869 5251 Gregorius.
908 5183 1022 5235 Non
1063 5188 1203 5236 enim
1234 5186 1624 5238 Pharisaeorum
1649 5196 1777 5236 sunt
1803 5185 1916 5238 lucc

336 5257 526 5316 verba,
557 5261 649 5307 sed
678 5253 876 5306 Christi
910 5253 1313 5318 discipulorum.

413 5321 526 5393 ('85)
562 5324 689 5389 Τοῖς
713 5321 1020 5393 θαλάμοις.
1050 5321 1182 5392 Reg.
1215 5323 1323 5393 bin,
1346 5321 1472 5384 τοὺς
1504 5320 1801 5392 θαλάμους.

415 5391 531 5463 (85)
565 5395 777 5461 Τίμιος.
818 5392 872 5444 In
904 5391 1194 5463 nonnullis,
1223 5391 1422 5463 τίμιον.

415 5459 530 5534 (86)
555 5459 664 5534 Καὶ
687 5465 726 5530 ἡ
753 5463 940 5526 κοίτη.
972 5462 1064 5517 Sic
1084 5467 1189 5517 duo
1219 5459 1640 5532 Régg.,Coisl.2
1659 5470 1712 5516 et
1727 5459 1916 5517 Comh.

338 5530 402 5588 In
425 5530 538 5595 τά..
569 5533 663 5586 καὶ
684 5536 735 5587 ot
764 5534 940 5598 κοίτῃ.

341 5671 398 5726 in
564 5603 630 5660 '0
661 5603 848 5673 γάμος
869 5595 931 5676 ᾗ.
979 5601 1018 5672 ἢ
1053 5600 1260 5673 γάμος.
1307 5601 1398 5658 Sic
1417 5600 1585 5659 Coisl.
1616 5601 1670 5658 ι.
1705 5595 1917 5675 υεεειῇ

367 5690 398 5726 ιι
425 5688 514 5728 eu.

2129 4973 2216 5027 88t
2253 4975 2370 5026 "Ar.
2400 4975 2553 5028 Deest
2573 4974 2624 5028 in
2651 4974 2782 5040 Reg.
2820 4978 2930 5032 bm.

2127 5046 2215 5119 89)
2252 5043 2348 5119 in"?
2379 5041 2474 5108 δή.
2513 5045 2759 5119 βορειᾳδή
2787 5050 2838 5119 in
2866 5048 2996 5119 Reg.
3027 5048 3138 5104 bm.
3303 5118 3309 5119 ί
3489 5098 3491 5100 .

2126 5116 2214 5183 90)
2237 5112 2347 5196 Καὶ
2373 5113 2616 5196 μῃςέρα.
2669 5112 3216 5196 (ὶοὶιιικίίεῧιεξνιοβίι,
3248 5118 3352 5196 κᾷν
3381 5119 3455 5192 μὴ
3497 5140 3598 5196 μη-

2029 5182 2199 5259 τέρα,
2223 5202 2241 5234 ι
2273 5186 2485 5259 tametsi
2507 5196 2675 5237 mater
2703 5201 2810 5259 non
2841 5190 2929 5240 sit.
2957 5207 2975 5239 ›
3006 5187 3092 5242 Sic
3118 5182 3395 5259 legendum
3421 5182 3599 5248 censet

2028 5255 2113 5336 vir
2135 5256 2345 5336 ductus,
2373 5255 2442 5306 ob
2474 5255 2586 5307 haec
2605 5257 2764 5336 verba
2797 5259 3039 5325 proxime
3060 5255 3333 5326 sequentia
3363 5279 3376 5314 :
3400 5263 3600 5336 Μήτηρ

2028 5322 2128 5392 μὲν
2144 5323 2252 5399 ρύκ
2278 5321 2413 5399 ἔστι,
2445 5340 2464 5399 ι
2492 5339 2592 5399 non
2629 5321 2845 5393 quidem
2877 5339 3048 5399 mater
3081 5321 3192 5393 est;
3219 5349 3237 5380 ι
3271 5332 3412 5399 quod
3458 5321 3601 5388 s'cil'il-

2026 5390 2114 5466 cet
2144 5390 2306 5466 Virgo
2338 5393 2524 5457 Maria,
2547 5393 2612 5446 de
2641 5390 2744 5466 qua
2787 5411 2890 5450 non
2924 5397 3012 5452 hic
3059 5390 3241 5454 sermo
3265 5390 3371 5466 est,
3390 5404 3518 5457 sola
3537 5410 3602 5460 at)

2025 5461 2127 5514 hac
2159 5463 2336 5528 regula
2365 5472 2588 5529 excepta
2617 5465 2708 5516 sit.

2097 5529 2208 5610 (9i)
2249 5529 2599 5610 ίίρύπτεται.
2647 5534 3021 5610 _Cnmbeiisi_ns_
3069 5536 3217 5607 legit,
3250 5537 3550 5610 θρύπτεται
3587 5562 3601 5601 :

2031 5615 2052 5652 ι
2074 5599 2406 5676 Copepicnus
2429 5601 2600 5656 oculis
2620 5601 2811 5676 decor,
2839 5604 2970 5661 nihil
2999 5599 3250 5676 fractum,
3276 5599 3410 5665 nihil
3442 5599 3601 5665 iuollc

2023 5681 2077 5726 et
2107 5670 2469 5725 eﬂ‘cmiualum
2499 5670 2738 5742 praefert.
2765 5691 2785 5724 ι
