3910 6214
353 307 461 364 295
506 264 519 275 ’
1549 294 1606 349 s.
1647 290 1976 350 caseum:
2015 291 2363 350 Tt~lE0l.OGl
3496 292 3605 348 sne

354 431 630 477 oculorum
665 414 836 471 aciem
898 412 1069 485 fugit,
1116 427 1145 466 a
1190 410 1300 466 Deo
1337 409 1684 480 perspicitur.
1749 408 1933 461 Omnis

2057 407 2215 478 Ιεωρή
2225 422 2408 477 μασιν.
2422 404 2692 476 Καὶήὺπὸ
2705 403 2867 473 ζυγὸν
2880 403 3019 457 ἔστω
3029 421 3081 456 τι
3096 404 3209 475 (92)
3226 402 3485 474 Χριστοῦε
3510 410 3606 460 καὶ

354 513 524 581 gloria
549 508 677 576 ﬁlia:
698 505 852 575 Regis
893 505 957 557 ab
981 506 1144 565 intus,
1170 504 1223 555 in
1244 501 1465 572 ﬁmbriis
1495 501 1674 553 aureis
1703 499 1927 551 circum-

354 610 482 657 data
502 602 569 663 “,
600 602 713 654 sive
740 597 1067 658 actionibus,
1097 597 1210 648 sive
1255 595 1418 646 etiam
1461 588 1930 657 contemplationi-

355 695 477 748 bus.
518 692 647 758 Qua:
680 691 779 745 sub
800 688 932 756 jugo
961 695 1065 749 est,
1107 684 1284 753 aliqua
1321 698 1387 737 ex
1415 693 1566 750 parte
1589 680 1793 735 Christi
1824 681 1924 734 sit:

2024 497 2338 569 ἡπαρθένος
2364 497 2460 566 ὅλη
2493 494 2754 567 Χριστοῦ.
2793 495 2857 548 Ἦ
2881 496 2978 566 μὲν
3029 496 3103 567 μὴ
3148 495 3427 558 παντελῶς
3457 498 3608 549 ἐνδε-

2025 588 2268 659 σμείσθω
2289 588 2367 659 τῷ
2391 588 2580 659 κόσμῳ
2605 589 2717 661 (95)
2736 604 2751 619 ⁸
2780 587 2899 657 ή“δὲ
2927 588 3048 658 μηδ’
3077 589 3214 651 ὅλως
3252 588 3488 657 γινέσθω
3513 587 3608 640 τοῦ

2027 681 2255 752 κόσμου.
2289 683 2354 734 Ὃ
2381 681 2489 751 γάρ
2525 683 2641 734 ἐστι
2684 684 2751 753 τῇ
2801 682 2905 734 ὑπὸ
2952 680 3113 749 ζυγὸν
3157 682 3218 734 τὸ
3249 681 3433 752 μέρος,
3451 681 3612 734 τοῦτο

355 800 477 855 quae
501 783 861 855 virginitatem
913 778 1160 846 amplexa
1188 785 1292 841 est,
1326 782 1434 829 tota
1472 773 1670 828 Christi
1711 772 1801 826 sit.
1836 770 1930 826 Illa

2057 771 2287 835 παντελὲς
2329 774 2396 843 τῇ
2446 771 2719 844 παρθένῳ.
2781 772 3052 841 Ἀγγέλων
3106 773 3453 845 ὲπανῄρησαι
3492 772 3608 841 (94)

356 878 557 932 mundo
590 889 694 929 non
730 886 949 941 prorsus
976 869 1262 935 alligetur:
1291 867 1405 919 ha'c
1441 865 1588 918 nullo
1625 862 1783 917 modo
1808 863 1927 916 ani-

354 982 502 1023 mnm
533 963 731 1020 mundo
761 962 989 1016 addicat.
1010 957 1162 1024 Quod
1187 961 1327 1011 enim
1346 956 1648 1025 conjngatae
1675 963 1758 1008 est
1779 967 1925 1023 pars,

356 1058 409 1111 id
441 1056 636 1124 virgini
669 1063 838 1107 totum
877 1061 980 1105 est.
1013 1047 1337 1118 Angelorum
1373 1046 1537 1098 vitam
1585 1044 1838 1114 elegisti?
1869 1046 1926 1097 In

354 1160 540 1200 eorum
574 1142 815 1197 ordinem
850 1149 905 1193 te
949 1136 1272 1207 aggregasti,
1303 1136 1392 1204 qui
1420 1134 1609 1203 jugum
1651 1133 1930 1188 nesciunt?

355 1237 435 1292 Ne
463 1236 514 1288 in
547 1246 763 1287 carnem
791 1227 1110 1299 prolabaris,
1137 1239 1204 1278 ne
1232 1225 1284 1278 in
1323 1226 1604 1277 materiam
1631 1222 1927 1290 dejiciaris,

355 1345 424 1385 ne
455 1342 576 1381 cum
605 1323 827 1379 materia
861 1318 1205 1373 matrimonio
1233 1316 1502 1385 jnugaris.
1535 1315 1749 1370 etiamsi
1785 1315 1925 1371 alio-

354 1421 524 1492 quiin
557 1417 806 1472 caelibatu
839 1419 1069 1481 perstes.
1100 1407 1302 1463 Oculus
1337 1407 1573 1462 lascivus
1604 1417 1661 1461 et
1700 1406 1933 1476 impudi-

353 1530 453 1571 cus
490 1510 848 1581 virginitatem
897 1505 1121 1558 minime
1180 1501 1610 1569 servatzlingua
1665 1500 1932 1568 impudica

353 1606 564 1663 diabolo
593 1597 1075 1666 miscetur:pedes
1127 1595 1463 1659 vacillantes,
1521 1601 1614 1646 aut
1663 1593 1933 1655 morbum,

354 1712 447 1754 aut
480 1696 806 1754 imminentis
849 1691 1023 1746 morbi
1081 1688 1380 1757 periculum
1416 1687 1674 1754 produnt.
1700 1684 1939 1754 Virgini-

2035 863 2346 929 πολιτείανς
2400 865 2540 934 μετὰ
2570 864 2679 918 τῶν
2710 864 2928 932 ἀξύγων
2968 864 3237 936 ἐτάχθηςς
3284 867 3358 936 μὴ
3389 883 3613 919 κατενε-

2035 953 2167 1025 χθῇς
2214 954 2292 1017 είς
2342 954 2541 1026 σάρκα,
2582 954 2656 1026 μὴ
2701 955 3163 1029 κατενεχθῇς(95)
3200 960 3277 1021 είς
3319 958 3450 1029 ὓλην
3474 959 3608 1029 (96),

2038 1044 2112 1115 μὴ
2161 1047 2228 1117 τῇ
2277 1045 2375 1117 ὕλῃ
2420 1046 2719 1118 γαμηθῇς,
2771 1046 2877 1100 κᾶν
2927 1046 3102 1111 ἄλλως
3150 1049 3366 1119 ἄγαμος
3419 1050 3609 1122 μένῃς.

2047 1134 2353 1207 Ὀφθαλμὸς
2405 1138 2681 1209 πορνεύων
2727 1140 2788 1192 οὐ
2834 1141 3095 1209 φυλάσσει
3142 1141 3240 1212 τὴν
3288 1141 3606 1211 παρθενίαν,

2035 1227 2251 1296 γλῶττα
2312 1230 2650 1301 πορνεύουσσ
2709 1231 2782 1302 τῷ
2839 1234 3061 1303 πονηρῷ
3116 1232 3387 1302 μίγνυται.
3444 1233 3611 1297 Πόδες

2035 1317 2246 1371 ἄτακτα
2269 1319 2543 1390 βαίνοντες
2570 1322 2925 1390 ὲγκαλοῦνται
2951 1325 3124 1389 νόσον,
3147 1325 3180 1395 ἢ
3207 1326 3449 1379 κίνδυνον
3474 1327 3609 1396 (97).

2037 1411 2423 1482 Παρθενευέτω
2465 1413 2576 1484 (98)
2626 1415 2722 1468 καὶ
2777 1417 2810 1486 ὴ
2864 1415 3111 1469 διάνοια·
3173 1416 3246 1489 μὴ
3302 1418 3612 1489 ρεμϐέσθω,

2041 1503 2115 1573 μὴ
2143 1504 2253 1573 (99)
2291 1504 2605 1569 πλανάσθω,
2657 1508 2731 1578 μὴ
2775 1509 2980 1572 τύπους
3011 1511 3069 1562 ὲν
3098 1510 3236 1580 αὐτῇ
3273 1511 3349 1581 (1)
3399 1513 3616 1582 φερέτω

2040 1595 2292 1665 πονηρῶν
2329 1599 2694 1668 πραγμάτων·
2732 1602 2827 1653 καὶ
2874 1605 2903 1656 ὁ
2946 1605 3112 1667 τύπος
3143 1605 3311 1676 μέρος
3359 1605 3616 1676 πορνείας

2041 1687 2185 1739 ἐστίν
2219 1688 2293 1759 μὴ
2324 1689 2734 1745 είδωλοποιείτω
2754 1696 2819 1765 τῇ
2843 1694 2986 1768 ψυχῇ
3016 1697 3084 1750 τὰ
3114 1697 3437 1768 μισούμενα.

356 1805 523 1849 tatem
570 1793 784 1845 animus
828 1797 1043 1855 quoque
1094 1783 1210 1850 ipse
1258 1782 1402 1837 colat
1434 1796 1541 1836 :ne
1588 1790 1831 1848 vagetur,
1865 1794 1934 1833 ne
1970 1781 2210 1847 oberret,
2277 1799 2345 1838 ne
2387 1787 2818 1843 meretriciarum
2889 1806 3067 1843 rerum
3115 1788 3317 1843 formas
3352 1790 3404 1842 in
3436 1789 3616 1857 seipse

356 1889 495 1944 ferat
528 1890 672 1957 (nam
706 1879 942 1938 libidinis
973 1890 1188 1948 quoque
1214 1891 1362 1946 pars,
1395 1876 1657 1945 impressa
1710 1889 1765 1928 ιιι
1795 1879 1980 1928 animo
2039 1874 2215 1931 forma
2245 1880 2372 1949 est),
2409 1894 2478 1934 ne
2535 1882 2660 1936 odio
2696 1884 3009 1938 iusectanda
3077 1898 3254 1938 rerum
3325 1882 3617 1937 simulacra

359 1993 411 2030 tn
436 1976 613 2028 anima
640 1970 877 2037 eﬂingat.

426 2062 589 2136 653
626 2060 716 2115 XI.
751 2060 822 2113 At
872 2056 962 2112 ille
995 2056 1133 2112 dixit
1187 2053 1269 2111 eis
1301 2072 1315 2107 :
1350 2052 1473 2107 Non
1506 2064 1682 2105 omnes
1728 2051 1943 2119 capiunt

2115 2054 2219 2106 lA'.
2261 2052 2320 2107 Ὀ
2344 2052 2401 2105 δὲ
2428 2048 2581 2107 εἷπεν
2607 2055 2791 2118 αὐτοῖς
2808 2070 2822 2084 ·
2853 2057 2936 2109 Οὺ
2969 2055 3191 2122 πάντες
3216 2050 3477 2125 χωροῦσι
3513 2055 3624 2109 τὸν

361 2158 566 2211 uerbum
598 2150 760 2217 istud,
797 2153 891 2203 sed
924 2147 1111 2219 quibus
1138 2145 1322 2199 datum
1358 2153 1455 2197 est.
1483 2139 1697 2195 Videtis
1727 2143 1805 2196 rei
1830 2141 1937 2196 bu-

363 2248 454 2318 ius
471 2238 902 2300 sublimitatem?
935 2236 1335 2307 Propemodum
1359 2233 1525 2287 etiam
1556 2231 1682 2286 talis
1734 2231 1940 2301 reperi-

364 2347 476 2401 tur,
506 2344 660 2390 utne
681 2330 893 2400 concipi
940 2329 1163 2400 quidem
1219 2335 1276 2380 et
1332 2321 1723 2394 comprehendi
1751 2329 1935 2392 queat.

364 2430 559 2482 Annon
605 2424 749 2478 enim
777 2420 1123 2491 praestantius
1155 2425 1262 2482 est,
1288 2429 1453 2485 quam
1487 2427 1585 2482 pro
1614 2413 1798 2468 carnis
1834 2410 1943 2467 ira-

338 2520 589 2591 -gilitate,
627 2517 701 2582 id,
730 2513 876 2584 quod
903 2528 969 2566 ex
1000 2526 1168 2567 carne
1214 2516 1462 2563 creatum
1499 2506 1593 2570 sit,
1634 2507 1688 2559 in
1718 2519 1939 2559 carnem

365 2625 472 2665 non
500 2606 758 2679 gignere?
814 2607 1012 2659 Annon
1062 2601 1221 2670 plane
1271 2598 1767 2668 angelicum,eam,
1822 2609 1945 2663 quae

364 2704 548 2759 carnis
578 2699 810 2754 vinculis
838 2697 1053 2767 alligata
1081 2696 1172 2753 sit.
1208 2704 1319 2745 non
1364 2688 1670 2746 secundum
1718 2700 1943 2740 carnem

367 2798 566 2858 vivere,
628 2791 723 2846 sed
777 2797 967 2842 natura
998 2788 1116 2855 ipsa
1170 2781 1531 2837 excelsiorem
1587 2777 1757 2833 esse?
1805 2776 1945 2831 Caro

367 2880 574 2938 mundo
602 2878 864 2943 devinxit,
894 2874 988 2930 sed
1024 2874 1164 2926 ratio
1192 2871 1260 2924 ad
1282 2867 1456 2923 Deum
1493 2865 1768 2922 subvexit.
1803 2862 1947 2918 Caro

367 2974 657 3044 depressit,
679 2972 772 3025 sed
811 2965 949 3021 ratio
980 2963 1193 3026 extulit,
1228 2962 1388 3029 eique
1426 2957 1573 3012 velut
1617 2971 1823 3025 pennas
1847 2955 1947 3010 ad-

367 3069 524 3122 didit.
552 3065 693 3119 Caro
720 3058 949 3115 vinculis
981 3055 1257 3118 astrinxit,
1282 3050 1378 3107 sed
1404 3064 1561 3104 amor
1597 3048 1784 3103 solvit.
1809 3047 1946 3103 Tota

369 3158 572 3221 anima,
604 3170 639 3210 o
665 3153 834 3221 virgo,
879 3148 947 3203 ad
982 3145 1150 3200 Deum
1196 3145 1409 3198 iutensa
1441 3151 1563 3196 esto
1612 3140 1742 3210 (hoc
1764 3149 1947 3194 autem

371 3251 548 3319 ipsum
571 3260 625 3302 et
648 3248 780 3302 viris
811 3257 865 3301 et
895 3243 1213 3299 mulieribus
1247 3235 1566 3310 praescribo)
1595 3276 1610 3295 .
1658 3251 1756 3291 nec
1790 3235 1952 3306 quid-

372 3355 532 3408 quam
562 3339 658 3393 tibi
685 3354 752 3392 ex
785 3336 1040 3391 omnibus
1080 3333 1202 3387 aliis
1237 3331 1402 3385 rebus
1435 3329 1730 3399 pulchrum
1760 3327 1948 3380 videa-

2042 2146 2249 2215 λόγον,
2277 2146 2414 2198 ἀλλ’
2444 2140 2535 2212 οἷς
2556 2145 2813 2199 δέδοται.
2848 2146 3040 2216 Ὁρᾶτε
3083 2148 3176 2200 τοῦ
3216 2150 3537 2219 πράγματος
3561 2147 3623 2200 τὸ

2047 2237 2283 2309 ὑψηλόνς
2318 2237 2534 2309 Μικροῦ
2561 2238 2658 2291 κα)⁸
2685 2237 2966 2309 ἀχὼρητον
2994 2240 3322 2311 εὑρίσκεται.
3357 2239 3480 2303 Πῶς
3510 2240 3624 2311 γὰρ

2045 2330 2109 2383 οὐ
2134 2331 2377 2401 κρεῖττον
2401 2330 2623 2400 σαρκὸς,
2654 2330 2715 2383 τὸ
2746 2332 2810 2383 ὲκ
2847 2329 3047 2401 σαρκὸς
3073 2330 3359 2400 γενόμενον
3391 2330 3464 2401 μὴ
3500 2347 3625 2398 γεν-

2046 2423 2144 2492 νᾷν
2173 2424 2250 2485 εἰς
2275 2421 2486 2493 σάρκα,
2516 2422 2641 2485 Πῶς
2660 2422 2767 2493 γὰρ
2793 2422 2892 2475 οὐκ
2913 2421 3199 2491 ἀγγελικὸν
3223 2422 3283 2474 τὸ
3315 2421 3474 2493 σαρκὶ
3502 2439 3628 2474 cnv-

2047 2512 2332 2582 δεδεμένην
2359 2512 2433 2582 μὴ
2459 2512 2601 2566 κατὰ
2637 2513 2813 2583 σάρκα
2843 2511 2962 2583 ζῇν,
2993 2512 3105 2565 ἀλλ’
3128 2507 3267 2565 εἶναι
3287 2513 3385 2583 τῆς
3409 2511 3628 2581 φύσεως

2050 2604 2417 2676 ὑψηλοτέρανς
2465 2605 2529 2657 Ἦ
2564 2604 2701 2676 σὰρξ
2728 2604 2806 2675 τῷ
2837 2604 3025 2675 κόσμῳ
3057 2605 3409 2677 προσέδησεν,
3449 2604 3564 2657 ἀλλ’
3597 2605 3629 2660 6

2050 2695 2310 2766 λογισμὸς
2347 2695 2484 2766 πρὸς
2536 2696 2669 2750 Θεὸν
2710 2698 3011 2765 ἀνήγαγεν·
3060 2698 3094 2767 ἡ
3142 2697 3277 2768 σὰρξ
3333 2696 3628 2767 εϐἁρησεν.

2051 2788 2165 2840 ἀλλ’
2188 2787 2265 2857 (2)
2293 2789 2321 2840 ὁ
2341 2787 2598 2858 λογισμὸς
2623 2787 2960 2860 ἐπτέρωσεν·
2987 2791 3020 2860 ἡ
3051 2788 3188 2859 σὰρξ
3216 2788 3421 2859 ἔδησεν,
3451 2788 3567 2841 ἀλλ’
3599 2790 3630 2842 ὁ

2053 2876 2214 2939 πόθος
2247 2875 2454 2929 ἔλυσεν.
2488 2875 2625 2948 Ὂλῃ
2645 2876 2841 2928 τέτασο
2872 2875 3005 2946 πρὸς
3027 2875 3180 2939 Θεὸν,
3212 2868 3258 2927 ὧ
3283 2873 3536 2944 παρθένε,
3559 2874 3629 2944 τῇ

2052 2962 2234 3033 ψυχῇ·
2267 2963 2424 3016 τοῦτο
2446 2962 2555 3034 γὰρ
2587 2963 2719 3016 αὐτὸ
2743 2964 2836 3017 καὶ
2862 2964 3089 3035 ἀνδράσι
3118 2963 3390 3033 νομοθετῶ
3416 2963 3512 3015 καὶ
3546 2979 3635 3031 γυ-

2054 3053 2225 3119 ναιξί·
2261 3054 2357 3107 καὶ
2406 3055 2467 3107 οὐ
2522 3056 2594 3127 μή
2634 3054 2713 3124 (ὅ)
2752 3056 2807 3107 τί
2862 3072 2944 3108 σοι
2993 3057 3137 3125 φανῇ
3176 3053 3286 3107 τῶν
3330 3054 3503 3109 ἄλλων
3534 3070 3635 3106 κα-

2055 3143 2145 3197 λὸν
2180 3145 2277 3215 (4),
2319 3146 2420 3199 ὅσα
2458 3149 2571 3211 τοῖς
2605 3147 2848 3211 πολλοῖς’
2883 3149 2945 3201 οὐ
2992 3149 3159 3216 γένος,
3194 3149 3254 3201 οὐ
3282 3147 3536 3210 πλοῦτος,
3567 3146 3632 3199 οὺ

2058 3234 2264 3305 θρόνος,
2294 3237 2355 3289 οὐ
2390 3236 2699 3319 δυναστεία,
2735 3240 2796 3292 οὐ
2825 3239 2887 3292 τὸ
2928 3240 2986 3292 ὲν
3010 3238 3229 3309 εὐχροία
3256 3239 3351 3290 καὶ
3388 3237 3636 3290 συνθέσει

2062 3326 2240 3397 μελῶν
2269 3327 2673 3398 φανταζόμενον
2706 3329 2920 3392 κάλλος,
2951 3329 3142 3400 χρόνου
3184 3328 3278 3381 καὶ
3320 3319 3474 3380 νόσου
3503 3326 3633 3380 παί-

381 3443 489 3497 tur,
510 3446 629 3502 qua:
655 3433 812 3500 vulgo
839 3429 1005 3483 videri
1038 3426 1254 3481 solent:
1289 3438 1394 3477 non
1425 3422 1641 3492 generis
1673 3417 1946 3488 splendor,

2057 3436 2226 3487 γνιον.
2266 3420 2329 3473 Εἰ
2357 3420 2483 3491 ὅλην
2507 3422 2779 3485 ὲκένωσας
2818 3422 2954 3493 πρὸς
2991 3421 3123 3474 Θεὸν
3168 3419 3260 3473 τοῦ
3288 3420 3510 3489 φίλτρου
3535 3419 3639 3489 τὴν

379 3540 485 3579 non
516 3538 671 3594 opes,
717 3537 822 3576 non
873 3520 981 3574 alta
1030 3515 1311 3579 subsellia,
1365 3529 1469 3567 non
1523 3512 1865 3581 principatus
1892 3515 1950 3561 et

375 3615 641 3686 potentia,
699 3626 802 3665 non
829 3606 1179 3681 pulchritudo
1207 3618 1292 3670 ea,
1325 3617 1446 3671 qua:
1485 3603 1537 3653 in
1580 3599 1781 3655 coloris
1832 3598 1950 3651 ele-

376 3708 557 3775 gantia
580 3715 636 3760 et
659 3713 781 3774 apta
813 3701 1178 3756 membrorum
1201 3695 1600 3764 compositione
1627 3691 1810 3744 animo
1845 3692 1951 3742 lin-

378 3790 544 3868 gitur,
576 3794 836 3864 temporis
862 3791 1050 3858 utique
1077 3797 1133 3842 et
1162 3787 1336 3842 morbi
1381 3783 1699 3837 ludibrium.
1743 3779 1799 3833 Si
1836 3778 1946 3831 vim

379 3900 549 3945 totam
579 3887 784 3941 amoris
813 3886 866 3938 in
894 3881 1067 3935 Deum
1096 3877 1359 3943 eﬂ‘udisti,
1394 3875 1439 3930 si
1486 3884 1540 3928 tu
1580 3887 1687 3926 non
1717 3868 1954 3940 duplicis

351 3971 455 4036 rei
482 3993 667 4033 amore
694 3976 912 4045 ﬂagras,
944 3972 1105 4027 ﬂuxas
1140 3969 1423 4029 nimirum,
1449 3975 1507 4020 et
1531 3966 1793 4026 immouc,
1824 3960 1957 4013 visi-

2059 3511 2305 3582 δύναμιν,
2328 3513 2376 3564 εί
2409 3512 2484 3583 μὴ
2508 3512 2601 3565 δύο
2626 3529 2709 3566 σοι
2734 3512 2818 3584 εἴη
2847 3513 2915 3566 τὰ
2935 3512 3258 3583 ποθούμενα.
3285 3511 3377 3564 καὶ
3403 3511 3464 3562 τὸ
3489 3509 3635 3580 ῥέον,

2059 3602 2154 3653 καὶ
2186 3601 2249 3653 rb
2279 3603 2508 3673 ἀόρατον
2528 3620 2542 3634 ’
2575 3604 2684 3674 ἄρα
2712 3603 2965 3657 τοσοῦτον
3003 3602 3245 3674 ὲτρώθης
3281 3601 3360 3671 τῷ
3396 3599 3640 3670 ὲκλεκτῷ

2063 3688 2225 3758 βέλει,
2277 3692 2373 3744 καὶ
2413 3691 2508 3744 τοῦ
2550 3695 2784 3764 νυμφίου
2816 3694 2878 3747 τὸ
2909 3693 3103 3756 κάλλος
3130 3691 3460 3762 κατέμαθες,
3494 3690 3642 3744 ὥστε

2059 3780 2155 3832 καὶ
2209 3779 2465 3834 δύνασθαι
2510 3781 2688 3851 λέγειν
2727 3784 2792 3835 ἐκ
2827 3780 2920 3834 τοῦ
2958 3777 3227 3847 νυμφικοῦ
3258 3778 3534 3850 δράματός
3575 3793 3642 3829 τε

2057 3870 2152 4012 :a‘t
2178 3870 2443 4011 ῗσματος,
2475 3873 2556 3926 ὅτι
2582 3875 2947 3942 Γλυκασμός
2977 3868 3051 3928 εἷ.
3082 3870 3183 3925 καὶ
3214 3869 3357 3935 ὅλος
3392 3869 3470 3941 (5)
3512 3868 3645 3922 ἐπι-

2095 3976 2176 4012 υιι
2201 3975 2261 4012 α.

2095 3975 2261 4027 υμια.

380 4072 527 4135 bilis,
561 4078 617 4123 et
644 4069 927 4123 oculorum
960 4063 1209 4116 obtutum
1272 4055 1555 4126 fugientis,
1587 4050 1833 4122 profecto
1866 4060 2039 4115 usque
2064 4048 2202 4101 adeo
2268 4048 2437 4103 electa
2510 4064 2598 4102 tua
2646 4052 2841 4117 sagitta
2906 4053 3149 4107 sauciata
3214 4053 3295 4116 es,
3346 4054 3647 4122 spcusique

383 4163 837 4234 puli-liritmlincm
865 4149 1208 4222 cnguovisti,
1265 4153 1325 4201 ut
1378 4144 1509 4200 illud
1542 4154 1759 4211 quoque
1786 4136 2059 4207 sponsalis
2118 4136 2382 4191 dramatis
2411 4148 2465 4191 et
2520 4138 2718 4191 cantici
2786 4140 2969 4195 dicere
3026 4158 3195 4209 queas
3240 4162 3254 4197 :
3306 4143 3533 4196 Dulcedo
3562 4159 3644 4209 es,

381 4263 433 4306 et
464 4261 606 4304 totus
636 4244 1010 4302 desiderabilis
1042 4241 1113 4295 ⁸⁸.

346 4376 350 4381 -
455 4341 572 4397 Xll.
627 4339 903 4392 Videtisne
973 4348 1235 4403 aquarum
1320 4329 1623 4402 protluvia,
1691 4325 1961 4398 plumbeis

386 4430 673 4487 carnalibus
704 4428 933 4489 inclusa,
982 4441 1129 4495 quae,
1186 4432 1473 4494 propterea
1533 4419 1678 4490 quod
1735 4419 1961 4472 nimium

387 4523 842 4590 comprimuntur,
870 4527 1032 4585 atque
1062 4519 1130 4571 ad
1159 4530 1324 4568 unum
1364 4512 1633 4574 feruntur,
1684 4508 1822 4563 adeo
1853 4506 1966 4577 ple-

460 4678 509 4712 “
540 4676 686 4731 Psal.
712 4690 853 4736 xuv,
882 4673 970 4727 M.
1047 4672 1094 4704 ”
1118 4670 1277 4726 Cant.
1305 4685 1357 4736 v,
1385 4669 1473 4723 16.

463 4796 575 4866 (92)
607 4794 689 4866 Τις.
722 4795 878 4866 Deest
910 4793 960 4843 in

464 4852 576 4937 (‘93)
610 4863 936 4937 Iliadum).
992 4862 1084 4916 Sic
1112 4859 1245 4930 ueg.
1297 4859 1407 4920 Iun,
1457 4855 1552 4912 Or.
1604 4857 1628 4910 ι
1689 4863 1744 4909 et
1776 4852 1966 4907 Comb.

393 4933 566 4992 Deest
587 4933 663 5003 τῷ
693 4935 743 4985 in
775 4936 862 5003 ed.

467 4988 579 5077 (94)
624 4988 1046 5077 Ἐπανῄρησαι.
1101 4997 1194 5054 Sic
1221 4996 1355 5066 Reg.
1396 4995 1510 5063 bm,
1544 4990 1673 5049 Bas.
1700 5001 1756 5046 et
1778 4988 1969 5045 Comb.

397 5077 456 5132 In
480 5076 597 5137 fed.,
622 5076 844 5143 ᾕρησαι.

470 5131 595 5213 (95)
617 5131 1019 5213 Κὶιὲςςννεχθῆςἰ
1054 5137 1167 5190 Duo
1194 5134 1382 5213 Coisl.,
1405 5131 1739 5213 καταπέσης.

470 5201 581 5287 (96)
612 5217 715 5287 Eii;
743 5201 982 5278 ὔλήἱρξῖ
1002 5206 1067 5287 Ιιι⁵
1093 5207 1400 5287 materiam,
1428 5224 1446 5255 ι
1504 5206 1554 5255 id
1581 5201 1690 5287 est,
1713 5201 1810 5281 «in
1846 5211 1972 5254 car-

401 5272 825 5345 nales'atl'ectus,
848 5272 857 5278 ’
877 5292 933 5334 et
979 5275 1236 5347 quidquid
1269 5277 1526 5343 virginem
1580 5287 1611 5324 a
1634 5272 1852 5327 Christo
1880 5281 1969 5322 re-

401 5357 801 5494 rr‘lgi'lli’ndoeg
838 5419 1061 5472 ἄτακτα
1076 5414 1413 5494 ’βαίνοντες
1448 5408 1844 5494 ἐγκαλοῖξνῖαι
1871 5408 1972 5461 νδ.

400 5480 540 5555 a'o‘r,
568 5480 618 5561 3i}
663 5480 970 5561 κίνδυνονζ.
1030 5480 1967 5561 gl’edesinhoneste“ambulantes,
2034 5511 2039 5517 ~

406 5547 671 5623 morbum,
713 5568 805 5613 aut
849 5557 1138 5624 periculum
1191 5554 1491 5624 indicant”
1554 5547 1967 5624 SicuCoislui,

408 5615 604 5699 aliique
630 5615 863 5683 melioris
893 5636 1030 5680 uota:
1062 5624 1292 5699 codices.
1345 5622 1399 5699 In
1447 5618 1722 5699 nonnullis
1753 5632 1767 5669 :
1803 5615 1972 5696 [16655

404 5684 614 5761 ἄτακτα.
638 5699 906 5761 βαίνοντες
944 5693 1295 5766 ὲγκαλοῦνται
1325 5691 1499 5756 νόσον,
1525 5690 1573 5760 ,ἢ
1606 5688 1846 5742 κίνδυνον
1893 5684 1971 5753 τῷ

2136 4322 2236 4376 IB'.
2279 4320 2472 4391 Ὁρᾶτε
2511 4317 2581 4370 τὰ
2626 4318 3219 4390 ἐμπεριλαμϐανόμενα
3258 4323 3371 4383 τοῖς
3410 4318 3652 4390 μολιϐδί-

2067 4429 2180 4475 νοις
2228 4412 2435 4481 ὀχετοῖς
2484 4408 2748 4480 ῥεύματα.
2784 4410 2867 4462 ὅτι
2906 4410 2985 4481 τῷ
3017 4411 3137 4465 λίαν
3176 4411 3646 4482 στενοχωρεῖσθαι,

2069 4505 2167 4560 καὶ
2194 4504 2325 4575 πρὸς
2354 4502 2410 4554 ἓν
2439 4501 2719 4572 φέρεσθαι.
2744 4502 2997 4556 τοσοῦτον
3034 4503 3275 4558 ἐκϐαίνει
3314 4504 3415 4575 τὴν
3452 4501 3648 4582 ὕδατος

2001 4783 2045 4838 D
2075 4778 2182 4850 νῷν
2217 4795 2237 4828 ι
2261 4774 2434 4850 Mollis
2461 4782 2517 4828 et
2553 4773 2754 4850 fractus
2790 4770 3035 4850 incessus
3071 4769 3350 4850 morbii!!!1
3383 4777 3472 4850 aut
3497 4770 3651 4835 peri-

2074 4839 2178 4902 culi
2204 4847 2507 4915 opinionum
2541 4846 2706 4915 tuenti
2740 4842 2926 4915 injicit.
2955 4861 2973 4891 ι
3017 4840 3077 4915 lit
3105 4841 3216 4902 ed.,
3245 4839 3410 4915 Ιξόδες
3434 4839 3650 4915 ἄτακτα

2076 4908 2368 4989 βαίνοντες
2404 4912 2755 4989 ἐγκαλοῦνται
2809 4910 2997 4989 νὸσρν,
3050 4908 3083 4979 ἢ
3146 4908 3418 4962 κινοῦνται
3480 4909 3645 4979 νόσῳ.

2075 4978 2226 5052 Quod
2252 4978 2543 5037 Billiussic
2573 4981 2744 5034 reddit
2785 4999 2798 5033 :
2845 4998 2865 5032 σ
2890 4978 3288 5034 Ρωεειειηθτε
3335 4978 3653 5047 gradientes

2074 5058 2320 5111 morbum
2356 5061 2633 5112 accusant,
2658 5060 2752 5103 aut
2774 5052 2960 5103 morbo
2992 5059 3292 5102 moventur.
3320 5066 3339 5099 ι

2146 5124 2255 5192 (98)
2316 5120 2746 5192 Παρθενευέτω,
2806 5129 2912 5192 etc.
2973 5118 3136 5192 Coisl.
3187 5118 3276 5192 _l,‘
3310 5116 3461 5192 Coll).
3594 5127 3655 5172 ct

2075 5188 2262 5248 Cumb.
2444 5190 2519 5260 νῷ
2548 5189 2945 5261 παρθενευέτω,
2984 5188 3080 5241 καὶ
3124 5190 3214 5261 ,μὴ
3256 5188 3465 5256 διανοίᾳ
3514 5188 3655 5258 ῥεμ-

2079 5263 2287 5317 ϐἐσθω’
2327 5280 2345 5310 ι
2371 5260 2547 5314 Mente
2583 5260 2652 5314 sit
2676 5261 2846 5326 virgo,
2882 5274 2980 5312 nec
3018 5260 3341 5324 cogitatione
3366 5267 3648 5323 νεικείω-,ι

2151 5332 2260 5398 (99)
2289 5332 2405 5398 Μή.
2451 5330 2503 5382 lu
2540 5329 2828 5384 nonnullis.
2869 5328 3024 5397 μηδέ.
3077 5330 3128 5380 lu
3159 5329 3504 5397 quubusdam,
3531 5326 3655 5383 καί.

2148 5406 2223 5472 (1)
2246 5400 2429 5467 Αὑτῇ.
2460 5400 2571 5472 Duo
2596 5401 2782 5469 liegg.,
2807 5399 2991 5472 ὲιιιυτῇἒ

2149 5466 2225 5541 f2)
2263 5466 2455 5525 Ἀλλ’.
2491 5470 2646 5541 θεοιῆ
2671 5466 2724 5522 iu
2750 5466 2955 5541 duobus
2977 5466 3142 5541 Regg.
3169 5476 3223 5541 et
3246 5466 3338 5524 0r.
3368 5466 3418 5522 1.

2171 5537 2223 5610 ὅ)
2251 5541 2360 5594 Καὶ
2392 5542 2464 5593 οὐ
2485 5538 2591 5609 μή.
2624 5537 2679 5590 lu
2708 5538 2997 5610 nonnullis,
3023 5538 3117 5592 καὶ
3153 5539 3249 5609 μή.

2171 5605 2227 5679 ’4)
2258 5605 2645 5679 Κιλλόνξῐὶθς.
2671 5611 2778 5666 but,
2804 5605 3003 5679 καλῶν.

2151 5677 2226 5750 (5)
2259 5685 2450 5746 ’Όλος.
2489 5677 2599 5734 Duo
2631 5678 2819 5746 Regg,
2843 5677 2982 5730 ὅλον.

3907 3994 3910 4137 ι

3908 4172 3910 4303 |

3908 4766 3910 4877 ι
