3910 6214
218 316 328 374 ειη

1115 311 1375 369 ORATIO
1411 308 1681 367 XXXVII.
1724 342 1790 354 —-—
1828 310 1894 365 IN
1932 308 2193 366 ΜΑΤΊἬ.
2234 308 2375 376 XIX,
2418 312 2567 366 1-12.

3374 315 3483 374 298

219 432 485 496 πολλάκις
509 428 694 500 φύσιν,
722 430 864 484 ὥστε
888 432 983 484 καὶ
1007 430 1146 503 πρὸς
1178 430 1241 483 τὺ
1263 429 1378 484 ἄνω
1404 430 1606 500 χωρεῖν
1629 429 1718 482 ἀεὶ
1748 428 1811 480 τὸ

1938 441 2146 497 umque
2173 440 2327 497 aquae
2351 434 2607 480 naturam
2660 425 2958 492 excedunt,
3012 434 3089 493 ut,
3153 429 3298 499 quod
3333 445 3482 489 retro

219 524 451 581 κατόπιν
495 522 805 593 ὠθούμενον
837 521 938 594 (6).
966 522 1152 585 Οὕτως
1189 520 1284 574 ἐὰν
1314 520 1549 593 σφίγξῃς
1582 520 1676 574 τὸν
1718 521 1815 573 πό-

219 616 341 681 θον,
367 614 463 668 καὶ
495 613 592 683 ὅλη
618 612 740 684 Θεῷ
772 613 1050 684 συναφθῇς
1075 611 1175 685 (7),
1209 613 1323 667 ἄνω
1349 614 1597 685 χωρίσης
1628 611 1727 681 (8),
1752 612 1813 665 οὐ

225 706 310 780 μὴ
340 706 492 760 κάτω
518 705 714 777 πέσῃς,
744 705 805 757 οὐ
858 705 933 776 μὴ
981 703 1264 775 διαχυθῇς,
1313 702 1411 776 ὅλη
1447 704 1685 776 Χριστοῦ
1719 721 1815 775 με-

223 801 362 862 νεῖς,
407 796 602 869 μέχρις
648 796 714 850 ἂν
749 797 842 850 καὶ
878 798 1112 868 Χριστὸν
1154 796 1271 869 ἴδῃς
1316 795 1408 852 ’ὢν
1441 798 1534 851 σὸν
1561 797 1810 868 νυμφίον.

238 890 558 962 ’Δπρόσιτον
588 889 783 960 ἑαυτὴν
816 888 1074 958 φύλαττε,
1105 890 1200 943 καὶ
1231 888 1397 959 λόγῳ,
1418 890 1510 942 καὶ
1533 889 1699 960 ἔργῳ,
1722 889 1817 942 καὶ

228 981 354 1054 βίῳ,
410 981 507 1035 καὶ
564 980 906 1052 διανοήματι,
939 980 1032 1034 καί
1075 981 1357 1052 κινήματι.
1396 979 1741 1050 Πανταχόθεν
1788 981 1817 1031 ὁ

227 1073 475 1145 Πονηρὸς
516 1071 938 1145 περιεργὰζεταί
974 1089 1057 1135 σε,
1101 1072 1279 1126 πάντα
1322 1073 1679 1133 κατασκοπεῖ,
1711 1070 1815 1123 ποῦ

228 1163 392 1238 βάλῃ,
427 1162 532 1217 ποῦ
559 1162 780 1235 τρώσει.
818 1164 893 1234 μή
926 1181 978 1216 τι
1006 1161 1535 1233 παραγυμνον3μενον
1564 1159 1700 1232 εῦρῃ
1723 1159 1817 1212 καὶ

225 1256 371 1328 πρὸς
398 1255 613 1327 πληγὴν
634 1255 871 1326 ἕτοιμον.
898 1255 1050 1325 Ὀσῳ
1067 1254 1458 1325 καθαρωτέραν
1490 1254 1612 1323 ὁρᾷ,
1637 1251 1820 1304 τοσού-

225 1364 312 1418 τῳ
373 1346 574 1417 μᾶλλον
630 1345 899 1400 σπιλῶσαι
944 1347 1270 1415 φιλονεικεῖο
1311 1345 1404 1398 καὶ
1440 1343 1550 1414 γὰρ
1594 1343 1818 1413 ἐσθῆτος

226 1435 492 1507 λαμπρᾶς
540 1436 591 1489 οί
638 1433 818 1488 σπίλοι
879 1434 1349 1506 περιφανέστερα.
1401 1431 1494 1501 Μὴ
1543 1428 1818 1499 ὀφθαλμὸς

224 1526 509 1598 ὀφθαλμὸν
559 1524 784 1591 ἐλκέτω,
823 1525 897 1597 μὴ
947 1524 1121 1594 γέλως
1172 1523 1406 1592 γέλωτα,
1443 1521 1518 1593 μὴ
1562 1520 1820 1591 συνήθεια

229 1618 409 1673 νύκτα
434 1617 534 1689 (9)⁹
562 1618 636 1690 μὴ
660 1619 756 1683 νὺξ
788 1616 1083 1671 ἀπώλειαν.
1117 1614 1190 1669 Τὸ
1221 1614 1333 1686 γὰρ
1365 1614 1502 1667 κατὰ
1527 1614 1691 1684 μέρος
1720 1614 1821 1680 ὑφ-

228 1709 525 1781 ελκόμενον
568 1711 664 1763 καὶ
712 1708 1099 1779 κλεπτόμενον,
1144 1705 1541 1777 ἀνεπαίσθητον
1592 1705 1689 1775 μὲν
1722 1704 1820 1775 τὴν

227 1801 372 1872 πρὸς
406 1801 468 1855 τὸ
495 1802 666 1873 παρδν
697 1801 809 1873 ἔχει
838 1800 1063 1873 βλάϐην,
1097 1804 1179 1865 είς
1203 1801 1266 1853 τὸ
1291 1799 1586 1869 κεφάλαιον
1622 1798 1679 1851 δὲ
1718 1797 1821 1868 τῆς
1850 1782 1894 1838 Β

227 1894 436 1958 κακίας
462 1895 696 1965 ἀπαντᾷ.

303 2165 409 2221 ll".
440 2166 525 2220 Οὐ
563 2165 807 2232 πάντες,
842 2166 997 2238 φησὶ,
1029 2160 1295 2236 χωροῦσι
1335 2166 1444 2221 τὸν
1474 2168 1660 2237 λόγον
1688 2166 1823 2222 τοῦ·

230 2278 364 2327 τον,
390 2262 540 2316 ἀλλ’
566 2253 657 2329 οἷς
691 2258 944 2315 δέδοται.
993 2260 1086 2325 Τὸ,
1118 2258 1372 2322 δέδοται,
1401 2260 1531 2314 ὅταν
1560 2260 1819 2332 ἀκούσῃς,

236 2354 407 2426 μηδὲν
444 2354 721 2426 αἱρετικὸν
775 2353 976 2428 πάθῃς,
1020 2352 1095 2424 μὴ
1130 2351 1230 2415 τὰς
1266 2352 1457 2420 φύσεις
1496 2352 1820 2425 είσαγάγῃς,

236 2446 317 2518 μὴ
343 2447 470 2510 τοὺς
508 2447 724 2517 χοῖκοὺς
775 2446 909 2517 (10),
954 2446 1049 2500 καὶ
1088 2445 1215 2509 τοὺς
1245 2447 1650 2515 πνευματικοὺς
1684 2445 1820 2518 (11),

234 2539 336 2593 καὶ
354 2539 479 2602 τοὺς
504 2539 722 2609 μέσους.
746 2537 868 2591 Εἰσὶ
892 2537 1000 2610 γὰρ
1024 2535 1167 2590 οὕτω
1192 2536 1338 2600 τινὲς
1366 2537 1702 2608 διακείμενοι
1721 2555 1824 2591 κα-

233 2630 374 2695 κῶς,
393 2630 535 2686 ὥστε
562 2629 791 2696 οἴεσθαι,
823 2631 950 2694 τοὺς
975 2630 1074 2701 μὲν
1102 2631 1279 2701 πάντη
1305 2630 1681 2702 ἀπολλυμένης
1713 2629 1823 2701 (l2)

234 2721 380 2779 εἶναι
433 2723 667 2793 φύσεως,
710 2724 839 2786 τοὺς
876 2722 932 2776 δὲ
992 2722 1333 2794 σωζομένης.
1375 2723 1502 2785 τοὺς
1540 2722 1596 2775 δὲ
1653 2724 1825 2786 οὕτως

237 2815 408 2886 ἔχειν,
437 2816 586 2878 ὅπως
619 2814 686 2869 ἂν
720 2815 753 2886 ἡ
789 2814 1107 2885 προαίρεσις
1142 2815 1249 2886 ἄγῃ
1285 2814 1422 2884 πρὸς
1455 2815 1514 2867 τὸ
1545 2817 1747 2885 χεῖρον,
1790 2813 1825 2883 ἦ

240 2907 471 2979 βέλτιον.
518 2906 958 2977 Ἐπιτηδειότητα
1004 2906 1104 2977 μὲν
1145 2908 1253 2978 γὰρ
1298 2906 1454 2959 ἄλλον
1497 2906 1655 2961 ἄλλου
1691 2907 1828 2977 μᾶλ-

238 3000 356 3064 λον,
393 2999 427 3071 ἢ
457 2999 674 3053 ἔλαττον
710 2998 875 3069 ἔχειν,
927 2998 1084 3067 κάγὼ
1123 2999 1347 3069 δέχομαι
1368 3015 1381 3027 ο
1427 3000 1528 3052 οὐκ
1554 3001 1741 3071 ἀρκεῖν
1771 2998 1828 3051 δὲ

242 3096 417 3168 μόνην
449 3094 560 3166 (15)
612 3095 713 3167 τὴν
743 3093 1161 3165 ἐπιτηδειότητα
1216 3094 1354 3166 πρὸς
1393 3094 1706 3147 τελείωσιν·
1740 3094 1829 3147 λο-

1938 3088 2057 3143 dum
2115 3088 2500 3155 perfectionem
2538 3127 2551 3151 ,

240 3186 446 3258 γισμδν
471 3187 528 3240 δὲ
559 3183 694 3241 εἶναι
724 3188 817 3240 τὸν
847 3187 1052 3260 ταύτην
1087 3186 1511 3257 ὲκκαλούμενον,
1552 3186 1694 3258 ἵναή
1730 3186 1829 3255 φύ-

244 3293 335 3343 σις
363 3280 446 3343 είς
472 3277 634 3351 ἔργον
662 3278 924 3352 προέλθῃ,
957 3279 1210 3349 καθάπερ
1238 3278 1383 3343 λίθος
1412 3279 1648 3350 πυρίτης
1684 3278 1831 3348 σιδή-

245 3387 330 3443 ρῳ
364 3370 673 3435 κρουσθεὶς,
729 3371 823 3425 καὶ
875 3369 1018 3425 οὕτω
1064 3370 1176 3442 πῦρ
1210 3371 1436 3441 γένηται
1491 3370 1626 3441 (14).
1665 3371 1833 3422 Ὅταν

240 3463 509 3535 ἀκούσῃς,
531 3458 634 3529 Οἷς
657 3460 911 3524 δέδοται,
935 3462 1191 3534 πρόσθες,
1222 3462 1429 3515 δέδοται
1464 3463 1562 3533 μὲν
1589 3465 1701 3525 τοῖς
1735 3479 1834 3514 κα-

240 3555 532 3627 λουμένοις
557 3554 670 3624 (15)
704 3554 800 3608 καὶ
841 3556 955 3617 τοῖς
982 3553 1125 3607 οῦτω
1163 3553 1397 3607 νεύουσι.
1429 3554 1538 3607 Καὶ
1570 3553 1678 3623 γὰρ
1707 3555 1835 3605 ὅταν

244 3645 509 3721 ἀκούσῃς,
544 3648 617 3701 οὐ
660 3644 769 3700 τοῦ
808 3644 1118 3710 θέλοντος,
1160 3644 1303 3699 οὐδὲ
1349 3645 1455 3699 τοῦ
1495 3645 1832 3715 τρέχοντος,

243 3739 414 3795 ἀλλὰ
438 3736 549 3791 τοῦ
569 3736 893 3803 ἐλεοῦντος
932 3735 1102 3802 Θεοῦ,
1140 3734 1491 3806 συμὸουλεύω
1532 3752 1611 3788 σοι
1641 3735 1837 3788 ταυτὸν

246 3829 559 3886 ὑπολαϐεῖν.
603 3828 821 3901 Ἐπειδὴ
852 3830 962 3899 γάρ
989 3828 1094 3882 εἰσί
1124 3846 1268 3893 τινες
1298 3830 1349 3880 οἱ
1381 3828 1636 3883 τοσοῦτον
1665 3846 1839 3899 μεγα-

246 3921 639 3993 λοφρονοῦντες
688 3923 781 3978 ἐπὶ
816 3924 929 3986 τοῖς
969 3921 1081 3992 (16)
1123 3918 1565 3993 κατορθώμασιν,
1590 3921 1731 3975 ὥστε
1776 3922 1839 3976 τὸ

246 4017 365 4072 πᾶν
393 4015 607 4078 ἑαυτοῖς
625 4013 844 4078 διδόναι,
867 4014 961 4067 καὶ
990 4013 1155 4085 μηδὲν
1184 4015 1261 4085 τῷ
1288 4014 1593 4085 ποιήσαντι,
1621 4017 1716 4068 καὶ
1749 4032 1838 4068 σο-

251 4108 494 4179 φίσαντι,
518 4106 613 4161 καὶ
644 4104 866 4177 χορηγῷ
896 4105 1005 4159 τῶν
1038 4104 1239 4171 καλῶν,
1279 4106 1517 4160 διδάσκει
1550 4107 1774 4172 τούτους
1813 4112 1842 4163 ὁ

251 4200 433 4269 λόγος,
470 4199 554 4252 ὅτι
583 4198 679 4251 καὶ
707 4198 771 4250 τὸ
798 4196 1082 4267 βούλεσθαι
1129 4197 1329 4261 καλῶς,
1361 4196 1532 4251 δεῖται
1563 4199 1664 4269 τῆς
1690 4201 1841 4269 παρὰ

252 4286 394 4342 θεοῦ
427 4286 679 4358 βοηθείας
701 4302 715 4318 ⁸
753 4285 952 4356 μᾶλλον
973 4284 1049 4350 δὲ,
1083 4285 1217 4339 αὐτὸ
1248 4286 1358 4355 (17)
1381 4287 1441 4339 τὸ
1464 4290 1841 4359 προαιρεῖσθαι

252 4380 327 4433 τὰ
352 4378 563 4441 δέοντα,
588 4376 729 4430 θεῖόν
764 4393 818 4429 τι
851 4376 945 4429 καὶ
966 4376 1030 4429 ὲκ
1063 4374 1196 4428 Θεοῦ
1215 4375 1385 4447 δῶρον
1413 4378 1838 4450 φιλανθρωπίας·

1914 519 2227 588 impellitur,
2254 532 2473 573 sursum
2509 533 2724 588 semper
2765 520 3000 575 tendat?
3024 520 3303 578 Consimili
3327 527 3487 580 modo

1915 610 1962 666 si
1983 624 2223 666 amorem
2248 609 2554 674 strinxeris,
2583 619 2805 680 totaque
2836 609 2950 666 Deo
2972 612 3257 682 conjuncta
3296 615 3481 680 fueris,

1915 718 2131 760 sursum
2188 704 2397 771 tendes,
2462 718 2740 775 nunquam
2809 703 2962 759 humi
3009 704 3333 775 prolaberis.
3384 724 3487 763 nec

1917 795 2144 863 dilﬂues,
2172 805 2283 852 tota
2317 796 2521 853 Christi
2556 796 2824 863 manebis,
2878 811 3163 866 quousque
3213 796 3487 853 Christum
3580 856 3589 869 ,

1918 903 2136 959 quoque
2185 903 2444 958 sponsum
2510 897 2658 942 tuum
2693 888 2896 943 videas.
2938 887 3368 944 Inaccessibilem
3406 900 3487 944 te-

1920 981 2092 1051 ipsam
2130 983 2360 1045 custodi,
2388 989 2443 1035 et
2463 979 2650 1047 verbo,
2705 988 2760 1036 et
2792 996 2974 1051 opere,
3012 991 3065 1036 et
3090 982 3221 1046 vita,
3251 992 3304 1037 et
3342 985 3489 1053 cogi-

1921 1071 2156 1135 tatione,
2210 1080 2265 1125 et
2314 1082 2458 1126 Inotu
2519 1080 2683 1140 atque
2733 1072 3067 1142 impulsione.
3120 1072 3491 1143 Undequaque

1918 1177 2119 1233 pravus
2146 1163 2235 1217 ille
2293 1174 2346 1217 te
2395 1172 2787 1233 perscrutatur,
2839 1174 3005 1234 atque
3047 1165 3333 1234 explorat,
3396 1168 3488 1221 ubi

1920 1251 2104 1316 feriat,
2129 1253 2219 1306 ubi
2253 1252 2519 1319 vulneret,
2547 1268 2673 1307 num
2729 1253 2928 1308 nudum
2978 1254 3107 1322 quid
3159 1262 3214 1309 ct
3240 1265 3491 1325 apertum

1919 1346 2197 1417 plagasque
2228 1346 2448 1401 obvium
2482 1346 2739 1417 reperiat.
2765 1344 3181 1415 Quo‘puriorem
3207 1347 3402 1412 cernit,
3426 1362 3492 1402 co

1920 1439 2136 1494 enixius
2164 1448 2215 1493 te
2242 1437 2643 1493 commaculare
2674 1446 2837 1507 atque
2867 1437 3154 1506 inquinare
3180 1438 3489 1492 contendit:

1922 1530 2219 1600 splendidae
2254 1530 2417 1584 etiam
2457 1530 2625 1585 vestis
2683 1528 3089 1584 manifestiores
3122 1537 3249 1582 sunt
3276 1529 3493 1582 sordes.

1922 1621 2001 1677 Ne
2025 1623 2214 1678 oculus
2243 1622 2456 1676 oculum
2490 1621 2691 1687 trahat,
2721 1634 2789 1674 ne
2832 1620 2975 1676 risus
3004 1620 3197 1685 risum,
3228 1635 3296 1675 ne
3330 1619 3493 1674 fami-

1922 1713 2134 1768 liaritas
2170 1721 2403 1776 noctem,
2439 1728 2508 1767 ne
2540 1727 2646 1765 nox
2680 1710 2958 1766 interitum
2990 1720 3046 1766 et
3077 1711 3321 1766 exitium.
3357 1710 3492 1765 Nam

1921 1806 2065 1877 quod
2094 1804 2355 1875 paulatim
2390 1804 2707 1868 attrahitur,
2744 1817 2807 1868 ac
2858 1813 3114 1872 tanquam
3173 1803 3495 1873 subripitur,

1923 1900 2137 1953 tametsi
2158 1911 2276 1951 eam
2303 1897 2569 1951 rationem
2596 1893 2762 1967 654
2800 1893 3016 1960 habeat,
3056 1906 3115 1949 ut
3151 1895 3405 1949 damnum
3440 1895 3494 1950 in

1920 1989 2177 2060 praesenti
2207 1987 2429 2043 minime
2462 1986 2751 2055 sentiatur,
2783 1994 2964 2042 tamen
2997 1986 3050 2041 in
3084 1985 3203 2041 vitii
3228 2002 3495 2043 summam

1923 2082 2183 2137 occurrit.

1992 2169 2127 2226 XIII.
2149 2170 2271 2225 Non
2301 2188 2496 2234 omnes,
2529 2172 2719 2240 inquit,
2738 2170 2949 2241 capiunt
2971 2171 3181 2225 uerbum
3203 2171 3367 2238 istud,
3404 2172 3495 2226 sed

1923 2263 2109 2332 quibus
2149 2264 2331 2317 datum
2355 2275 2453 2318 est.
2483 2263 2619 2318 Cum
2676 2266 2833 2318 audis
2878 2265 2999 2327 hoc,
3035 2264 3222 2318 datum
3265 2274 3364 2332 est,
3400 2279 3499 2320 nec

1926 2352 2182 2408 haeretico
2208 2354 2314 2408 ullo
2354 2353 2546 2409 aﬂ‘ectu
2585 2356 2840 2422 tenearis,
2874 2369 2973 2409 nec
2995 2355 3319 2426 multiplices
3342 2366 3500 2411 natu-

1925 2465 2015 2505 ras
2039 2447 2367 2514 introducas,
2387 2462 2486 2502 nec
2505 2450 2770 2515 terrenos,
2785 2457 2839 2503 et
2855 2447 3182 2517 Spirituales,
3199 2458 3254 2503 et
3269 2449 3498 2504 medios.

1928 2541 2068 2597 Sunt
2092 2541 2239 2596 enim
2267 2540 2485 2609 quidam
2520 2540 2593 2593 ita
2626 2538 2764 2593 ntale
2784 2538 2993 2604 aﬂ'ecti,
3029 2549 3085 2592 ut
3114 2539 3249 2594 alios
3281 2540 3502 2595 omnino

1927 2633 2151 2703 perdita:
2170 2645 2291 2686 esse
2316 2641 2525 2686 natura:
2544 2640 2752 2700 putent,
2772 2630 2909 2685 alios
2929 2630 3156 2685 salutem
3177 2641 3497 2702 acceptum,

1928 2722 2066 2777 alios
2105 2723 2361 2792 denique,
2390 2731 2450 2776 ut
2478 2738 2573 2777 eos
2593 2722 2680 2776 vel
2714 2722 2781 2776 ad
2812 2722 3066 2776 virtutem
3096 2721 3180 2777 vel
3212 2725 3279 2776 ad
3308 2723 3500 2779 vitium

1928 2815 2176 2870 voluntas
2191 2814 2421 2880 duxerit,
2454 2814 2525 2867 ita
2555 2827 2612 2867 se
2637 2812 2856 2867 habere.
2885 2812 3113 2880 Atvero,
3146 2814 3500 2884 aptitudinem

1930 2904 2147 2973 quidem
2185 2904 2317 2958 alios
2342 2903 2464 2957 aliis
2489 2943 2504 2967 ,
2547 2902 2632 2958 vel
2680 2902 2961 2972 majorem,
3011 2903 3093 2957 vel
3121 2904 3383 2959 minorem
3409 2906 3506 2959 lia-

1933 2999 2083 3064 bere,
2117 2997 2232 3065 ipse
2255 3011 2470 3066 quoque
2493 2997 2769 3051 concedo:
2805 3004 3059 3051 caeterum
3096 2997 3164 3053 ad
3194 2998 3506 3068 adipiscen-

2615 3086 2967 3155 aptitudinem
3044 3087 3214 3142 solam
3285 3089 3506 3145 minime

1935 3176 2181 3232 sufﬁcere
2230 3179 2533 3242 contendo;
2577 3178 2841 3231 rationem
2892 3177 3036 3230 enim
3062 3192 3205 3244 esse,
3234 3194 3354 3249 quae
3385 3194 3507 3235 eam

1934 3269 2154 3335 excitet,
2187 3278 2249 3323 ut
2272 3278 2463 3323 natura
2491 3270 2545 3322 in
2576 3284 2713 3339 opus
2743 3268 3005 3336 prodeat,
3054 3273 3507 3340 quemadmodum

1935 3363 2071 3418 silex
2101 3364 2245 3416 ferro
2280 3361 2546 3431 pulsatus,
2581 3373 2743 3431 atque
2772 3361 2847 3415 ita
2884 3363 3025 3433 ignis
3053 3364 3343 3418 excutitur.
3370 3364 3508 3420 Cum

1936 3455 2198 3517 audieris.
2231 3454 2419 3524 quibus
2451 3456 2633 3507 datum
2669 3465 2781 3521 est,
2833 3455 3009 3512 adde:
3043 3454 3263 3514 Vocatis
3320 3458 3509 3513 datum

1939 3557 2045 3614 est,
2075 3558 2237 3616 atque
2270 3548 2355 3613 iis,
2391 3546 2485 3616 qui
2517 3561 2579 3600 ea
2618 3546 2782 3599 animi
2813 3547 3173 3617 propensione
3205 3559 3355 3604 sunt.
3412 3550 3511 3608 Et-

1937 3641 2083 3695 enim
2120 3654 2240 3694 cunt
2275 3638 2403 3693 illud
2433 3638 2627 3693 audis:
2669 3637 2790 3692 Non
2824 3646 2901 3693 est
2938 3639 3175 3708 volentis,
3197 3659 3360 3712 neque
3386 3660 3513 3697 cur—

1938 3733 2119 3797 remis,
2148 3732 2238 3784 sed
2266 3732 2557 3784 miserentis
2580 3730 2675 3784 Dei
2690 3730 2768 3797 5‘;
2797 3731 2939 3785 idem
2973 3732 3068 3786 tibi
3095 3734 3512 3789 existimandum

1940 3836 2155 3878 censeo.
2189 3821 2455 3888 Quoniam
2486 3822 2629 3876 enim
2663 3822 2907 3877 nonnulli
2949 3833 3097 3890 sunt,
3133 3825 3223 3893 qui
3270 3825 3343 3879 ob
3368 3838 3513 3882 recte

1941 3914 2079 3968 facta
2104 3914 2176 3967 ita
2210 3904 2761 3978 animis'cﬂ‘eruntur,
2828 3922 2885 3968 ut
2932 3915 2985 3969 id
3016 3925 3186 3971 totum
3241 3919 3346 3972 sibi
3380 3920 3514 3989 ipsis

1941 4003 2216 4058 ascribunt
2250 4043 2266 4069 ,
2299 4017 2398 4058 nec
2459 4004 2760 4073 quidquam
2809 4005 3074 4071 Creatori,
3143 4018 3197 4060 et
3236 4010 3515 4077 sapientia:

1942 4110 2129 4149 eorum
2161 4095 2392 4162 auctori,
2426 4111 2489 4149 ac
2539 4096 2806 4150 bonorum
2839 4098 3080 4152 omnium
3126 4101 3513 4167 suppeditatori

1944 4197 2225 4258 acceptum
2258 4189 2458 4255 ferant,
2488 4187 2574 4244 his
2606 4191 2783 4245 verbis
2806 4206 2899 4245 eos
2936 4192 3091 4246 docet
3115 4189 3339 4257 Paulus,
3368 4198 3509 4262 quod

1944 4278 2122 4349 ipsum
2153 4281 2318 4335 etiam
2368 4289 2513 4335 recte
2546 4278 2701 4346 velle,
2758 4280 2942 4335 divino
2999 4282 3206 4336 auxilio
3236 4282 3514 4351 indigeat;

1944 4374 2073 4441 imo,
2108 4383 2165 4428 ut
2193 4374 2391 4429 rectius
2447 4375 2676 4443 loquar,
2733 4373 2982 4429 voluntas
3031 4389 3252 4445 quoque
3311 4376 3428 4445 ipsa
3463 4389 3521 4432 et

252 4468 340 4521 δεῖ
371 4467 501 4537 γὰρ,
531 4466 625 4520 καὶ
654 4465 716 4518 τὺ
738 4466 821 4535 ἐφ’
847 4466 979 4536 ἡμῖν
1008 4460 1167 4531 εἶναι,
1196 4464 1291 4519 καὶ
1321 4466 1383 4518 τὸ
1414 4468 1477 4518 ὲκ
1505 4467 1639 4520 Θεοῦ
1670 4467 1830 4532 σώζε-

1945 4467 2140 4522 electio
2198 4482 2411 4532 eorum,
2460 4482 2578 4535 quae
2627 4475 2776 4520 recta
2802 4475 3004 4521 etcum
3028 4464 3205 4523 olIicio
3232 4470 3521 4540 conjuncta

257 4557 385 4612 σθαι
410 4556 543 4627 (18).
578 4554 675 4608 Διὰ
699 4553 855 4608 τοῦτό
882 4570 1073 4624 φησιν·
1104 4556 1188 4608 Οὐ
1217 4553 1325 4608 τοῦ
1353 4553 1660 4623 θέλοντος·
1694 4558 1839 4612 τοῦτ’

334 4682 382 4715 ’⁵
404 4682 562 4737 Rom.
596 4696 673 4746 ix,
719 4679 802 4734 I6.

339 4803 414 4869 ’6)
440 4803 513 4858 Τὸ
537 4803 790 4857 κατόπιν
817 4800 1177 4868 ὠθούμενον.
1237 4795 1372 4868 Reg.
1407 4799 1519 4863 bm,
1544 4796 1707 4854 Coisl.
1745 4800 1770 4853 1
1798 4809 1852 4856 et

256 4868 479 4935 Comh.,
511 4873 589 4941 τῷ
617 4872 847 4926 κατόπιν
874 4868 1179 4941 ὠθούμενοι.

337 4944 416 5015 ('7)
447 4936 790 5015 Equyoﬁc.
822 4936 1399 5015 δενέιησυνοςρθεξσα.

339 5005 883 5085 (8)Χωρίοῖῃςῖίυυο
913 5009 1108 5080 Regg..
1156 5008 1252 5064 0r.
1279 5008 1304 5062 1
1333 5017 1388 5062 et
1410 5005 1623 5071 Comh.,
1674 5010 1851 5080 χωρή-

264 5102 422 5219 68(3))
447 5154 665 5208 Νύκτα.
695 5151 790 5208 0r.
827 5150 879 5215 1.
901 5149 1122 5212 νύκτας.

364 5156 422 5219 9)
447 5156 665 5208 Νύκτα.
695 5156 790 5208 0r.
827 5156 879 5215 1.
901 5156 1122 5212 νύκτας.

339 5156 458 5295 (10)
496 5224 633 5291 Τοὺς
661 5223 931 5295 χοϊκούς,
952 5231 1060 5275 etc.
1093 5218 1190 5272 Hic
1213 5214 1618 5295 Xaleutinianos
1653 5216 1851 5295 intelli-

264 5285 370 5366 git,
412 5285 478 5350 de
511 5285 704 5364 quibus
736 5294 860 5347 vide
891 5285 1175 5351 Irenaeum,
1212 5286 1306 5341 lib.
1341 5301 1360 5340 ι
1408 5288 1662 5341 Adversus
1687 5285 1852 5342 Ιιωτε-

263 5383 397 5521 m‘ft
410 5366 614 5521 ita
635 5433 781 5500 τοὺς
802 5429 1261 5502 πνευματικούς·
1315 5426 1407 5482 δία
1444 5425 1539 5482 0"
1583 5427 1638 5484 ¹ο
1693 5425 1855 5482 nec“

263 5507 691 5648 T0239!)n&g;‘tn
735 5572 1180 5643 ἀπολλυμένης.
1210 5568 1360 5625 Coll).
1396 5569 1448 5634 1,
1480 5568 1697 5632 πάντως
1725 5570 1855 5624 ἀπο-

262 5644 592 5718 λελυμένηςέ

382 5709 465 5785 15)
495 5709 723 5785 Μόνηντ.
755 5713 867 5767 Duo
889 5711 1059 5785 Begg.
1084 5709 1243 5766 etOr.
1263 5709 1572 5785 l_._pa_).)tov.

381 5780 467 5856 14)
490 5786 599 5841 Καὶ
631 5780 788 5839 οὕτω
835 5780 1228 5852 πῦρῖγῖένηται
1288 5780 1380 5833 Sic
1416 5780 1695 5851 legendum
1741 5792 1873 5834 cen-

597 5879 873 5940 ΡΑτιιοι..
921 5875 1039 5938 Gtt.
1086 5871 1380 5935 XXXVI.

1948 4570 2095 4627 sunt,
2121 4562 2357 4616 divinum
2386 4559 2657 4630 quoddam
2697 4558 3022 4616 beneﬁcium
3054 4573 3160 4625 est,
3181 4572 3344 4634 atque
3370 4578 3401 4618 a
3426 4564 3519 4619 Dei

1949 4814 2152 4861 semus,
2206 4793 2454 4864 quamvis
2511 4792 2599 4864 hic
2636 4790 2851 4864 deficiat
2900 4788 3143 4864 codicum
3198 4791 3517 4864 auctoritas.

1948 4869 2090 4924 Editi
2116 4859 2313 4922 habent
2346 4882 2361 4917 :
2390 4863 2485 4916 xui.
2508 4861 2666 4930 06er
2692 4859 2909 4930 σίδηρος
2938 4860 3182 4930 γένηται,
3218 4877 3236 4909 ι
3260 4869 3419 4930 atque
3446 4861 3517 4912 ita

1947 4939 2147 4995 ferrum
2180 4937 2301 5000 ﬁat,
2328 4953 2347 4985 ι
2375 4943 2432 4987 ιιι
2460 4933 2622 4986 vertit
2658 4929 2779 4983 Bill.
2799 4928 2939 4995 Qum
2970 4928 3129 5000 lectio
3163 4944 3260 5000 nec
3300 4928 3517 4995 rationi,

1947 5024 2048 5064 nec
2075 4997 2421 5075 experientia:
2446 5009 2934 5075 consentaneaest.
2972 4997 3104 5075 Quis
3126 4998 3270 5051 enim
3298 5000 3517 5075 dixerit,

1946 5065 2199 5149 lapidem.
2229 5075 2311 5149 vel
2334 5074 2539 5149 silicem
2570 5071 2742 5149 ferro"
2738 5068 3026 5149 pulsatum,
3039 5065 3266 5149 ferr-um
3292 5067 3448 5149 fieri?

2017 5147 2126 5219 (15)
2172 5141 2598 5219 Ιςναλοῆυμιιὲνοιςἐ
2652 5135 3011 5219 κ’γίοοειίεηη
3039 5135 3363 5219 οροιξεεε.,
3417 5140 3522 5191 duo

1944 5205 2135 5280 CoIslf,
2172 5227 2278 5269 tres
2305 5205 2455 5267 Co'lh.
2480 5223 2533 5264 et
2555 5205 2699 5265 0n!
2729 5211 2947 5280 habent,
2984 5205 3344 5276 βουλομένοις,
3386 5226 3405 5258 (
3433 5223 3522 5262 νο-

1950 5277 2200 5343 lentihits.
2223 5304 2241 5337 ι
2281 5283 2373 5336 Sic
2410 5282 2570 5336 etiam
2603 5280 2729 5347 legit
2759 5277 2963 5331 Biltius.

2023 5356 2133 5430 (16)
2183 5344 2787 5430 Μεχαλοφρονοῦὶιτες
2828 5347 2926 5400 ἐπὶ
2969 5346 3111 5411 τοῖς.
3169 5344 3304 5401 Tres
3342 5344 3519 5414 Colb.,

1953 5423 2417 5500 μεταφρογοῦγτες
2448 5423 2578 5500 τοῖς·

2021 5487 2329 5570 (η’)Ἀῠτόο
2361 5493 2492 5570 Βεθε-
2531 5493 2644 5570 ικῑιο
2684 5489 2781 5570 ιιαὲ
2809 5487 2958 5570 οεῠῖάε

2022 5554 2134 5639 (18)
2178 5565 2276 5639 ᾼεῖ
2326 5554 2600 5639 γᾲρῙ-καὶ
2628 5559 2708 5639 ,τὸ
2751 5560 2841 5629 ἐφ’
3072 5554 3249 5639 εἶναι,
3306 5555 3404 5610 καὶ
3458 5556 3528 5639 τὸ

1949 5628 2040 5693 ἕλε’
2069 5628 2217 5692 Θεοῦ
2268 5628 2572 5696 σώζεσθαι.
2625 5630 2753 5687 ﬂare
2786 5628 2836 5686 ’a
2869 5629 3025 5685 Billio
3071 5638 3165 5684 aut
3192 5628 3527 5699 typographo

1952 5711 2173 5768 omissa.

3136 5852 3211 5912 10
