3910 6214
417 286 523 342 299
1615 282 1670 352 ὃ.
1713 283 1989 340 GREGOB

2096 285 2426 343 l'liEOLOGl
3532 240 3537 245 ’
3559 285 3665 343 eoo

415 402 746 475 benignitate
797 415 1042 457 manans.
1078 400 1228 467 Quod
1261 398 1408 455 enim
1455 397 1746 463 salvantur,
1784 400 1836 455 id
1871 412 1926 455 et
1952 416 1981 454 a

2096 404 2248 469 ἔστιν,
2282 406 2342 458 οὐ
2373 404 2530 475 μόνον
2562 401 2654 455 τοῦ
2683 400 2944 467 Θέλοντος,
2971 402 3091 455 οὐδὲ
3125 401 3217 455 τοῦ
3248 398 3531 474 τρέχοντος
3564 405 3666 476 p.6-

417 496 593 561 nobis,
617 506 672 548 et
698 508 727 548 a
760 493 870 550 Deo
899 508 1020 549 esse
1048 500 1283 562 Oportet.
1323 491 1532 545 Idcirco
1584 490 1659 543 ait
1693 508 1707 544 :
1740 488 1864 545 Non
1892 508 1983 545 uo-

2096 513 2198 561 νον,
2228 494 2363 548 ἀλλὰ
2400 496 2490 547 καὶ
2518 494 2611 547 τοῦ
2645 494 2920 557 ἐλεοῦντος
2953 494 3109 548 Θεοῦ.
3145 490 3298 559 Εἶτα,
3338 495 3523 567 ἐπειδὴ
3568 497 3666 550 καὶ

419 586 596 649 lentis,
630 586 682 639 id
732 596 835 651 est,
884 600 990 640 non
1036 584 1209 639 solum
1254 581 1510 646 volentis,
1581 596 1679 635 nec
1727 583 1983 636 currentis

2096 585 2150 638 τὸ
2179 583 2461 654 βούλεσθαι
2487 584 2638 654 παρά
2659 582 2816 648 Θεοῦ,
2853 583 2914 636 τὸ
2938 585 3047 637 πᾶν
3076 583 3299 647 εἰκότως
3325 583 3558 655 ἀνέθηκε
3586 585 3665 656 τῷ

418 679 616 741 solum,
645 680 733 730 sed
757 680 918 731 etiam
951 676 1244 730 miserantis
1279 673 1399 729 Dei.
1431 673 1527 737 lla,
1565 673 1819 741 quoniam
1850 674 1986 727 velle

2096 676 2228 746 Θεῷ.
2257 677 2418 730 Ὅσον
2449 674 2516 728 ἂν
2543 675 2774 746 δράμῃς,
2798 675 2920 727 ὅσον
2948 674 3013 728 ἂν
3036 675 3294 747 ἀγωνίσῃ,
3318 676 3523 747 χρῄζης
3550 676 3667 747 (19)

420 783 636 839 quoque
659 769 832 837 ipsum
865 783 893 821 a
927 768 1037 822 Deo
1070 775 1171 830 est,
1223 765 1429 834 Optimo
1476 762 1601 833 jure
1651 774 1820 818 totum
1875 764 1985 818 Deo

2096 768 2183 821 τοῦ
2196 767 2426 830 διδόντος
2449 766 2540 820 τὸν
2571 766 2849 836 στέφανον.
2868 766 3000 820 Ἐὰν
3010 764 3097 835 μὴ
3125 768 3336 835 Κύριος
3362 768 3669 837 οἰκοδομή-

419 859 733 928 assignavit.
768 855 1174 924 Quantumlibet
1204 869 1413 918 curras,
1437 854 1837 922 quantumlibet
1861 868 1984 907 cer-

418 958 523 1014 tes,
559 962 693 1015 opus
718 947 882 1001 habes
916 961 1000 1011 eo,
1033 944 1124 1014 qui
1148 946 1237 998 det
1263 958 1537 998 coronam.
1587 943 1706 996 Nisi
1732 943 1986 998 Dominus

418 1038 755 1108 wdiﬁcarerit
789 1040 1023 1103 domum,
1048 1037 1103 1090 in
1126 1051 1313 1089 vanum
1332 1035 1721 1097 laboraverunt,
1746 1036 1833 1103 qui
1858 1037 1989 1089 tedi-

417 1131 580 1199 ficant
627 1146 762 1184 eam.
864 1127 987 1182 Nisi
1047 1126 1303 1180 Dominus
1340 1125 1649 1179 custodierit
1704 1126 1986 1190 civitatem,

420 1221 618 1290 frustra
652 1220 887 1290 vigilant,
928 1219 1019 1289 qui
1052 1219 1351 1273 custodiunt
1384 1234 1498 1270 eam
1522 1217 1588 1269 ⁵⁷.
1624 1216 1986 1286 Scio,inquit,

418 1312 562 1382 quod
592 1328 684 1365 nec
710 1310 964 1365 velocium
1027 1325 1210 1363 cursus
1240 1318 1336 1371 est,
1382 1323 1472 1361 nec
1524 1308 1738 1376 fortium
1777 1308 1986 1370 bellum,

420 1419 511 1458 nec
532 1404 879 1473 pugnantium
909 1385 1131 1455 victoria
1162 1400 1209 1433 ⁵⁸
1229 1440 1243 1462 ,
1294 1414 1395 1454 nec
1429 1413 1688 1468 prospere
1733 1399 1991 1469 navigan-

423 1493 556 1557 tium
587 1502 776 1560 portus
802 1510 814 1544 :
841 1491 934 1546 sed
965 1490 1060 1545 Dei
1085 1499 1188 1555 est,
1208 1488 1373 1561 655
1424 1488 1707 1543 victoriam
1775 1489 1987 1553 allerre,

418 1596 467 1638 et
498 1584 820 1639 incolumem
844 1584 1096 1652 scapham
1125 1581 1178 1635 in
1212 1593 1421 1650 portum
1463 1581 1776 1650 perducere.

489 1673 627 1729 XIV.
666 1673 784 1729 Jam
818 1673 945 1727 illud
987 1687 1220 1742 quoque,
1281 1673 1425 1741 quod
1478 1672 1583 1726 alio
1618 1671 1733 1725 loco
1767 1671 1986 1735 dicitur,

2093 858 2181 926 σῃ
2210 854 2395 921 οἷκον,
2422 861 2508 922 εἱς
2540 857 2740 927 μάτην
2762 858 3096 911 ἑκοπίιισαν
3128 860 3181 911 οἱ
3211 859 3670 929 οἰκοδομοῦντες

2094 951 2296 1003 αὐτόν.
2339 949 2479 1003 Ἐὰν
2508 949 2587 1018 μὴ
2616 950 2826 1016 Κύριος
2860 948 3103 1018 φυλάξῃ
3127 952 3327 1015 πόλιν,
3350 953 3437 1016 είς
3466 951 3670 1021 μάτην

2094 1044 2491 1112 ἠγρύπνησαν
2519 1044 2572 1094 οἱ
2598 1041 3023 1110 φυλάσσοντες
3055 1042 3269 1111 αὐτήν.
3301 1043 3452 1108 Οἶδα,
3477 1046 3666 1114 φησιν,

2093 1134 2266 1188 ὅτιού
2292 1133 2413 1198 τοῖς
2437 1134 2685 1201 κούφοις
2720 1136 2751 1185 ό
2788 1132 3025 1201 δρόμος,
3052 1132 3195 1187 οὐδὲ
3230 1133 3353 1198 τοῖς
3386 1134 3670 1201 δυνατοῖς

2095 1229 2127 1279 ὁ
2154 1228 2431 1295 πόλεμος,
2463 1225 2604 1281 οὐδὲ
2632 1224 2741 1294 (20)
2765 1225 2883 1278 τῶν
2900 1223 3257 1294 μαχομένων
3284 1227 3322 1293 ὴ
3349 1227 3509 1294 νίκη,
3540 1226 3669 1279 οὔτε

2095 1318 2199 1371 τῶν
2231 1316 2569 1369 εὐπλούντων
2600 1317 2649 1367 οἱ
2677 1314 2891 1385 λιμένες
2912 1332 2926 1345 ·
2957 1314 3091 1368 ἀλλὰ
3125 1315 3237 1385 (21)
3265 1315 3424 1379 Θεοῦ,
3461 1316 3554 1369 καὶ
3583 1316 3670 1369 νί-

2096 1425 2196 1477 κην
2246 1404 2683 1477 ἀπεργάσασθαι,
2744 1405 2839 1458 καὶ
2889 1406 2968 1469 εἰς
3009 1404 3231 1476 λιμένας
3277 1406 3560 1461 ἀποσῶσαι
3606 1406 3672 1460 τὸ

2098 1494 2322 1563 σκάφος.

2168 1676 2263 1729 ῙΔ¹.
2300 1675 2411 1728 Καὶ
2446 1674 2603 1729 τοῦτο
2637 1676 2866 1748 ἀλλαχοῦ
2899 1677 3206 1747 λεγόμενον,
3236 1696 3328 1731 και
3357 1678 3665 1750 νοούμενον,

421 1773 585 1834 atque
611 1764 950 1834 intelligitur,
979 1764 1216 1830 mihique
1263 1760 1316 1815 in
1348 1772 1580 1817 mentem
1634 1762 1801 1823 venit,
1832 1777 1989 1830 supe-

2096 1766 2185 1819 καὶ
2226 1765 2354 1829 ἴσως
2394 1767 2683 1835 ἀναγκαῖον
2715 1767 3024 1838 προσθεῖναι
3068 1769 3163 1822 καὶ
3201 1769 3262 1822 τὸ
3304 1769 3527 1823 ἐπελθὸν
3556 1775 3672 1835 τοῖς

421 1856 654 1912 rioribus
688 1856 976 1924 adjungere
1018 1856 1250 1909 fortasse
1300 1854 1666 1907 necessarium
1715 1854 1897 1914 fuerit,
1936 1860 1989 1906 ut

2096 1858 2418 1930 εἰρημένοις,
2451 1859 2537 1911 ἵνα
2555 1859 2645 1912 τὸν
2670 1859 2799 1928 ἐμὸν
2825 1859 3051 1913 πλοῦτον
3075 1860 3169 1913 καὶ
3186 1862 3312 1931 ὑμῖν
3334 1862 3668 1932 χαρίσωμαι.

420 1963 572 2005 meas
622 1962 751 2017 opes
800 1948 952 2002 vobis
1007 1949 1167 2000 etiam
1221 1945 1438 2014 largiar.
1497 1944 1795 2000 Postulavit
1821 1953 1993 1999 mater

422 2040 653 2095 tiliorum
679 2034 940 2100 Zebedaei.
979 2047 1223 2093 materno
1245 2040 1477 2109 quodam
1512 2036 1704 2093 all‘ectn
1738 2038 1988 2106 impulsa,

423 2140 590 2199 atque
621 2142 831 2191 eorum,
861 2143 982 2198 quae
1008 2130 1246 2198 petebat,
1274 2129 1490 2183 modum
1535 2116 1805 2198 ignorans,
1831 2128 1990 2198 digna

423 2230 626 2285 tamen,
654 2219 762 2287 cui,
792 2230 1011 2289 propter
1037 2221 1378 2274 immodicam
1410 2219 1514 2273 vim
1546 2223 1749 2274 amoris
1779 2236 1845 2274 ac
1894 2222 1990 2274 be-

421 2310 780 2366 nevolentiam
808 2309 933 2366 (iliis
981 2311 1214 2366 debitam
1245 2352 1260 2376 ,
1313 2317 1682 2381 ignosceretur
1711 2313 1776 2367 ⁸³.
1808 2310 1992 2380 Neque

420 2404 564 2458 enim
597 2402 892 2473 quidquam
920 2413 1003 2457 est
1036 2411 1280 2456 materno
1309 2401 1500 2457 alIeCtu
1542 2404 1799 2458 mollius:
1832 2405 1992 2470 idque

417 2509 486 2550 eo
516 2507 906 2558 commemoro,
940 2501 1001 2548 ut
1031 2502 1262 2549 matrum
1317 2494 1509 2549 honori
1552 2496 1707 2564 quasi
1743 2495 1845 2549 lata
1875 2494 1991 2565 lege

420 2585 719 2641 consulam.
775 2584 1075 2640 Postulavit
1103 2600 1234 2655 ergo
1262 2601 1289 2639 a
1315 2586 1442 2642 Jesu
1472 2598 1645 2641 mater
1672 2586 1909 2652 illorum,
1934 2594 1994 2640 ut

419 2678 652 2739 alterum
687 2679 754 2734 ad
782 2680 1082 2742 dexteram,
1123 2678 1353 2733 alterum
1385 2681 1451 2734 ad
1509 2680 1787 2735 sinistram
1824 2679 1991 2733 collo-

419 2780 590 2825 caret.
628 2769 766 2836 Quid
797 2770 863 2826 ad
893 2770 1006 2826 haec
1039 2768 1327 2824 Salvator?
1391 2771 1634 2825 Primum
1674 2771 1887 2840 quierit,
1922 2785 1991 2823 an

420 2862 643 2917 calicem
674 2858 862 2917 bibere
894 2871 1118 2932 queant,
1154 2877 1315 2931 quem
1375 2863 1490 2931 ipse
1552 2863 1818 2916 hibiturus
1851 2870 1988 2916 erat.

421 2954 493 3010 Ut
522 2964 701 3008 autem
736 2956 788 3009 id
813 2969 1027 3025 quoque
1076 2956 1304 3027 professi
1358 2965 1485 3012 sunt
1534 2963 1694 3024 atque
1753 2954 1990 3007 aliirma-

2094 1952 2330 2020 ’ᾙτησεν
2369 1952 2401 2020 ἡ
2438 1952 2618 2022 μήτηρ
2657 1950 2767 2002 τῶν
2824 1952 2956 2004 υἱῶν
2983 1951 3267 2005 Ζεϐεδαίου
3303 1953 3581 2021 φιλότεκόν
3616 1972 3670 2007 τι

2091 2038 2334 2093 παθοῦσα
2370 2040 2502 2110 (22).
2532 2041 2625 2092 καὶ
2657 2040 2717 2092 τὸ
2753 2039 2950 2111 μέτρον
2984 2040 3250 2108 ἀγνοοῦσα
3275 2041 3379 2094 τῶν
3418 2042 3676 2114 αἰτουμέ-

2090 2148 2215 2193 νων,
2267 2130 2404 2201 πλὴν
2460 2133 2776 2204 συγγνωστὴ
2820 2132 2884 2184 δι’
2939 2133 3243 2203 ὑπερϐολὴν
3288 2134 3530 2205 φίλτρου,
3574 2135 3674 2188 καὶ

2089 2220 2443 2291 ὀφειλομένην
2475 2221 2687 2275 εὔνοιαν
2714 2222 2942 2285 τέκνοις.
2990 2224 3154 2281 Οὐδὲν
3188 2224 3295 2295 γὰρ
3343 2225 3545 2296 μητρὸς
3575 2227 3671 2278 εὑ·-

2092 2313 2520 2383 σπλαγχνότερον
2539 2331 2552 2343 ·
2587 2313 2681 2367 καὶ
2709 2313 2869 2366 τοῦτο
2894 2314 3055 2382 λέγω,
3087 2316 3173 2368 ἵνα
3214 2315 3474 2385 τιμᾶσθαι
3506 2334 3671 2388 vapo-

2091 2402 2300 2475 θετήσω
2326 2402 2436 2471 (25)
2458 2403 2557 2466 τὰς
2582 2404 2841 2475 μητέρας.
2871 2406 3108 2475 ’ᾘτησεν
3145 2401 3238 2459 οὖν
3272 2406 3363 2460 τὸν
3402 2406 3606 2475 Ἰησοῦν
3633 2409 3670 2477 ἡ

2093 2495 2275 2566 μήτηρ
2318 2485 2707 2554 ἐκείνων,’ἓνα
2740 2496 2804 2547 ἐκ
2839 2493 3025 2560 δεξιῶν
3061 2494 3303 2557 καθίσαι,
3348 2496 3441 2549 καὶ
3484 2494 3673 2560 ἓνα.ὲξ

2090 2585 2413 2657 ἀριστερῶν.
2484 2585 2644 2638 Ἀλλὰ
2680 2587 2733 2639 τί
2765 2589 2794 2638 ὁ
2819 2588 3042 2657 Σωτήρ;
3089 2588 3302 2658 Ἐρωτᾷ
3339 2588 3401 2640 τὸ
3433 2587 3672 2659 πρῶτον,

2090 2680 2138 2731 εἱ
2167 2678 2227 2730 τὸ
2249 2679 2503 2748 ποτήριον
2542 2677 2793 2731 δύνανται
2823 2679 2986 2741 πιεῖν,
3031 2677 3059 2730 ὃ
3096 2678 3257 2741 αὐτὸς
3296 2678 3471 2731 πίνειν
3501 2678 3676 2749 ἤμελ-

2090 2768 2196 2821 λεν.
2235 2768 2322 2830 Ὠς
2345 2767 2403 2820 δὲ
2433 2768 2526 2821 xui.
2553 2767 2710 2820 τοῦτο
2731 2766 3076 2837 ὡμολογήθη,
3106 2766 3201 2819 καὶ
3227 2768 3254 2819 ό
3280 2766 3473 2837 Σωτὴρ
3497 2766 3679 2833 ἐδέξα-

2088 2879 2150 2915 το
2177 2861 2312 2932 (ᾔδει
2345 2860 2453 2931 γὰρ
2493 2857 2607 2931 [⁵24]
2634 2860 2916 2921 κάκείνους
2956 2858 3031 2928 τῷ
3064 2857 3212 2928 αὑτῷ
3243 2858 3675 2928 τελειουμένους,

2094 2953 2292 3024 μᾶλλον
2334 2952 2411 3016 δὲ,
2442 2951 2870 3020 τελεωθήσεσθαι
3046 2951 3380 3021 μέλλοντας),
3409 2952 3461 3003 τί
3504 2967 3676 3021 φησι;

420 3055 565 3112 runt,
593 3061 657 3101 ac
679 3046 928 3103 Salvator
956 3048 1071 3117 ipse
1101 3063 1356 3103 assensus
1407 3059 1492 3102 est
1543 3046 1805 3117 (futurum
1842 3044 1986 3098 enim

2097 3043 2167 3097 Τὸ
2189 3041 2308 3112 μὲν
2335 3040 2619 3108 ποτήριον
2644 3042 2897 3102 πίονται,
2923 3040 2990 3092 τὸ
3015 3039 3083 3091 δὲ
3111 3041 3352 3093 καθίσαι
3371 3041 3439 3093 ἐκ
3462 3038 3679 3105 δεξιῶν

419 3148 601 3201 norat,
634 3148 692 3191 ut
720 3138 794 3191 illi
829 3152 1044 3207 quoque
1073 3140 1320 3194 eumdem
1346 3138 1570 3193 calicem
1595 3138 1899 3199 haurirent,
1926 3150 1989 3188 ac

2096 3153 2208 3205 μου
2247 3134 2358 3205 (“2.6)
2387 3135 2484 3187 καὶ
2512 3133 2580 3197 ἐξ
2604 3130 2948 3201 ἀριστερῶν,
2980 3135 3091 3186 οὐκ
3124 3133 3297 3187 ἐστιν
3317 3133 3484 3203 ἐμὸν,
3517 3135 3675 3204 φησὶ,

425 3239 690 3309 martyrio
714 3236 1226 3309 perfungerentur);
1254 3238 1383 3306 quid
1421 3234 1731 3304 subjunxit?
1765 3234 1989 3288 Calicem

2101 3227 2274 3280 τοῦτο
2311 3225 2540 3289 δοῦναι,
2579 3226 2715 3278 ἀλλ’
2743 3220 2833 3291 οἷς
2862 3224 3118 3278 δέδοται.
3157 3224 3323 3278 Οὐδὲν
3360 3222 3453 3277 οὖν
3487 3226 3515 3277 ό
3543 3227 3680 3296 ἠγε-

419 3331 627 3401 quidem
663 3329 832 3382 bibent
864 3347 882 3386 :
918 3329 1176 3383 collocare
1211 3340 1382 3383 autem
1440 3345 1527 3382 eos
1579 3328 1647 3380 ad
1673 3328 1911 3380 dextram
1943 3333 1989 3377 et

2096 3315 2209 3387 μὼν
2237 3314 2359 3379 νοῦς
2383 3332 2397 3379 ;
2428 3315 2581 3368 οὐδὲν
2614 3318 2642 3368 ὁ
2679 3316 2869 3382 πόνος;
2893 3316 3043 3368 οὐδὲν
3068 3319 3096 3369 ὁ
3122 3315 3308 3385 λόγος;
3337 3315 3488 3370 οὐδὲν
3517 3316 3550 3386 ἡ
3580 3332 3677 3384 φι-

419 3421 837 3485 sinistram,non
867 3429 943 3474 est
966 3436 1137 3474 meum
1162 3421 1258 3474 hoc
1286 3425 1435 3483 dare,
1475 3419 1564 3473 sed
1593 3417 1780 3488 quibus
1807 3419 1989 3469 datum

2096 3406 2315 3476 λοσοφία
2339 3424 2352 3472 ;
2387 3406 2537 3460 οὐδὲν
2563 3407 2623 3459 τὸ
2651 3407 2943 3478 νηστεῦσαι
2970 3425 2983 3472 ;
3011 3408 3162 3461 οὐδὲν
3198 3408 3258 3460 τὺ
3289 3408 3634 3478 ἀγρυπνῆσαι
3658 3424 3676 3473 ;

419 3523 495 3567 cst
531 3511 598 3565 “.
626 3510 769 3564 Nihil
797 3511 961 3581 igitur
991 3525 1143 3565 mens
1183 3513 1290 3566 dux
1326 3521 1379 3565 et
1434 3508 1820 3581 gubernatrix?
1864 3505 1989 3561 nihil

2096 3499 2153 3552 τὸ
2189 3499 2564 3570 χαμευνῆσαι;
2605 3499 2665 3551 τὸ
2695 3498 2878 3570 πηγὰς
2907 3499 3098 3565 στάξαι
3124 3498 3411 3571 δακρύωνς
3452 3498 3675 3551 Τούτων

420 3604 610 3660 labor?
639 3602 774 3657 nihil
825 3602 1000 3656 ratio?
1052 3600 1187 3656 nihil
1248 3601 1627 3672 philosophia?
1680 3599 1811 3653 nihil
1852 3597 1989 3668 jeju‘

2096 3590 2264 3651 οὐδὲν,
2312 3590 2447 3644 ἀλλά
2496 3591 2636 3644 κατά
2680 3608 2800 3643 τινα
2842 3591 3244 3663 ἀποκληρωσιν,
3276 3592 3369 3644 καὶ
3400 3590 3676 3662 Ἱερεμίας

421 3696 619 3753 nasse?
647 3694 780 3749 nihil
810 3704 995 3749 noctes
1021 3697 1296 3750 insomnes
1321 3693 1540 3748 duxisse
1564 3694 1589 3747 ?
1609 3691 1739 3748 nihil
1768 3692 1989 3746 humum

2104 3683 2400 3755 ἲγιὰζεται,
2423 3683 2515 3737 καὶ
2544 3683 2692 3736 ἄλλοι
2719 3684 2783 3736 ἐκ
2816 3684 3025 3753 μήτρας
3044 3684 3480 3755 άλλοτριοῦνται;

423 3804 520 3857 pro
546 3796 715 3843 strato
738 3784 1021 3840 habuisse?
1056 3781 1979 3854 fonteslacrymarumprofudisse?
2020 3779 2167 3834 Nihil
2196 3778 2486 3846 quidquam
2520 3775 2711 3828 horum
2756 3776 3041 3844 profuerit,
3094 3777 3189 3831 sed
3257 3776 3397 3831 forte
3437 3774 3672 3845 quadam

422 3895 487 3936 ac
516 3879 633 3950 lege
660 3875 832 3941 fatali,
870 3886 926 3932 et
951 3872 1213 3932 Jeremias
1240 3875 1610 3932 sanctiﬁcatur
1640 3875 1707 3942 “,
1730 3873 1892 3929 etalii
1931 3872 1999 3926 ab
2038 3873 2151 3941 ipsa
2180 3869 2333 3923 vulva
2378 3866 2738 3932 rejiciuutur?

493 3969 843 4034 XV.Vereor,
862 3968 1357 4024 neabsurdaetiam
1386 3982 1448 4022 ac
1477 3979 1805 4035 praepostera
1829 3965 1977 4035 cogi-

2160 3958 2260 4013 IE'.
2301 3957 2575 4029 Φοϐοῦμαι
2608 3958 2681 4029 μὴ
2708 3959 2800 4011 καὶ
2824 3959 3022 4023 ἄτοπός
3045 3977 3128 4024 τις
3151 3961 3364 4035 εἰσέλθῃ
3390 3963 3669 4035 λογισμὸς,

423 4066 552 4121 tatio
581 4064 831 4134 cuiquam
855 4063 1108 4131 obrepat,
1131 4069 1384 4129 tanquam
1413 4059 1591 4113 anima
1606 4058 1731 4113 alibi
1757 4071 1985 4127 usquam

2096 4052 2166 4115 ὼς
2197 4052 2294 4121 τῆς
2322 4050 2499 4120 ψυχῆς
2532 4050 2643 4121 (27)
2666 4050 2900 4121 ἀλλαχοῦ
2930 4051 3414 4125 πολιτευσαμένης,
3448 4052 3569 4110 εἶτα
3592 4057 3673 4128 τῷ

421 4165 637 4211 versata
670 4155 761 4219 sit,
795 4170 857 4208 ac
884 4152 1075 4207 deinde
1098 4151 1310 4221 corpori
1344 4150 1474 4204 huic
1526 4150 1747 4206 astricta
1786 4147 1985 4214 fuerit;

2096 4142 2306 4212 σώματι
2352 4140 2526 4211 τούτῳ
2568 4142 2874 4212 ἐνδεθείσης
2899 4158 2915 4174 ο
2952 4145 3046 4197 καὶ
3073 4147 3139 4198 ὲκ
3173 4145 3272 4215 τῆς
3313 4147 3520 4201 ἐκεῖθεν
3557 4148 3674 4219 (28)

425 4256 607 4316 atque,
633 4256 796 4315 prout
826 4244 933 4299 illic
962 4257 1021 4297 se
1074 4242 1323 4309 gesserit,
1362 4240 1451 4295 alii
1487 4240 1820 4310 prophetiam
1846 4239 1989 4292 acci-

2096 4232 2389 4297 πολιτείας,
2427 4232 2534 4285 τῶν
2563 4233 2660 4302 μὲν
2688 4234 2959 4289 λαϐόντων
2979 4235 3075 4306 τὴν
3100 4237 3457 4307 προφητείαν,
3486 4239 3596 4293 τῶν
3616 4240 3676 4294 δὲ

424 4337 594 4407 piant,
649 4335 757 4399 alii,
788 4334 880 4403 qui
926 4331 1167 4403 improbe
1232 4331 1505 4394 vixerunt,
1539 4329 1985 4384 condemnentur.

2096 4321 2591 4392 κατακρινομένων,
2623 4321 2735 4375 ὅσοι
2762 4322 2949 4387 κακῶς
2974 4322 3316 4393 βεϐιώκασιν.
3358 4324 3496 4381 Ἀλλ’
3524 4326 3678 4380 trs:-

425 4429 530 4484 Sed
552 4426 805 4495 quoniam
857 4424 959 4478 huc
1004 4422 1318 4477 existimare
1352 4422 1512 4476 nimis
1552 4420 1771 4475 stultum
1805 4429 1860 4475 et
1891 4421 1987 4475 ab-

2096 4413 2157 4485 δὴ
2184 4412 2341 4466 τοῦτο
2364 4413 2651 4467 ὑπολαϐεῖν
2674 4414 2793 4468 λίαν
2815 4416 3034 4480 ἄτοπον,
3060 4419 3153 4470 καὶ
3174 4418 3273 4470 οὐκ
3293 4419 3675 4490 ἐκκλησιαστι-

421 4494 646 4575 surdum
678 4523 779 4578 est,
806 4523 969 4581 atque
991 4512 1057 4566 ab
1087 4511 1458 4567 ecclesiastica
1497 4510 1602 4565 [ide
1657 4518 1713 4564 et
1742 4511 1988 4565 doctrina

2096 4504 2188 4559 κὸν
2223 4505 2391 4575 (ἄλλοι
2428 4506 2526 4576 μὲν
2551 4508 2658 4577 γὰρ
2689 4508 2815 4579 περὶ
2838 4507 2945 4560 τῶν
2967 4508 3223 4561 τοιούτων
3247 4508 3361 4581 [29]
3386 4510 3674 4581 δογμάτων

423 4608 657 4663 alienant
684 4603 797 4675 (alii
830 4603 973 4657 enim
1002 4602 1070 4655 de
1092 4599 1400 4669 huiusmodi
1426 4598 1793 4668 dogmatibus,
1822 4599 1868 4651 si
1894 4613 1988 4652 ve-

2098 4596 2462 4664 παιζέτωσαν,
2493 4601 2624 4670 ἡμῖν
2663 4600 2719 4653 δὲ
2751 4600 2820 4653 τά
2859 4600 3085 4654 τοιαῦτα
3127 4601 3342 4667 παίζειν
3370 4605 3469 4657 οὐκ
3501 4605 3677 4674 ἀσφα-
3742 4652 3745 4655 ,

421 4701 546 4765 lim,
579 4698 762 4751 ludant
785 4711 799 4760 ;
823 4694 976 4748 nobis
1010 4699 1190 4747 autem
1243 4690 1548 4759 huiusmodi
1603 4690 1743 4746 ludis
1778 4690 1987 4745 animos

2096 4690 2229 4760 λὲς),
2266 4691 2427 4744 κάκεῖ
2464 4690 2562 4761 τῷ,
2593 4691 2702 4745 Καὶ
2742 4686 2833 4757 οἷς
2881 4692 3134 4758 δέδοται,
3170 4695 3402 4766 πρόσθες
3437 4696 3519 4762 τὸ,
3564 4700 3677 4762 τοῖς

424 4790 694 4847 oblectare
723 4785 941 4841 minime
971 4791 1141 4837 tutum
1164 4782 1302 4853 est);
1336 4781 1444 4836 illic
1489 4795 1702 4850 quoque
1753 4779 1838 4834 his
1870 4794 1988 4832 ver-

2096 4776 2246 4834 οὖσιν
2296 4780 2493 4845 ἀξίοις·
2529 4782 2577 4834 οἳ
2625 4782 2687 4835 τὸ
2737 4779 2873 4836 εἶναι
2919 4785 3168 4851 τοιοῦτοι,
3205 4788 3267 4839 οὐ
3319 4789 3478 4859 μόνον
3523 4790 3677 4862 παρὰ

495 5002 540 5035 ⁵⁷
580 4997 726 5055 Psal.
768 5014 952 5064 cxxvr,
987 4999 1039 5053 i.
1115 4996 1160 5028 ⁸⁸
1186 4992 1365 5050 Ecclc.
1394 5010 1470 5062 Ix,
1509 4994 1599 5049 ll.
1673 4994 1718 5025 ⁸³
1751 4990 1945 5046 Matth.
1970 5008 1989 5046 ι

2096 4990 2171 5045 ιο.
2248 4990 2293 5023 ⁸⁸
2318 4989 2447 5044 ibid.
2469 4990 2561 5043 25.
2640 4990 2681 5021 ⁶¹
2715 4988 2914 5045 Jerem.
2950 5010 2989 5055 ι,
3026 4993 3059 5047 5

916 5114 1090 5192 Or._1,
1115 5113 1357 5192 χρῄζεις.
2318 5111 2812 5192 ῇςλεωρήσεσθαι.
2846 5114 2937 5170 Or.
3049 5119 3515 5192 τελειωθήσεσθαι.

498 5171 607 5258 (20)
636 5171 973 5258 asserta,
1009 5171 1334 5258 nutriere:

2308 5171 2666 5258 MOU._Deest
2698 5187 2751 5258 i_n
2788 5171 3077 5258 nonnullis.

497 5252 614 5334 (ἓξ)
640 5254 857 5334 ξΑλλᾴ·
879 5253 973 5334 9"
1000 5255 1188 5334 ’μκαίτ
1418 5323 1464 5334 .-
1640 5324 1662 5334 -

2172 5252 2400 5334 ςῖῖλὨς
2416 5253 2526 5334 τῇς
2551 5252 2781 5334 ψυχῆς,
2808 5264 2915 5313 etc.
2939 5257 3352 5334 Pythagoricum
3383 5261 3576 5334 dogma
3609 5266 3676 5321 de

637 5330 694 5400 Ti
718 5324 1017 5400 πιτθοῦρνα1
1039 5320 1335 5400 (ἷοιιιὺηςτι
1360 5323 1528 5400 πάθος
1553 5324 1821 5400 παθοῦσα.
1839 5395 1869 5400 __
1913 5394 1944 5400 __

2101 5320 2510 5400 animabushic
2526 5320 2730 5400 ειη·ρἰ
2727 5320 3039 5400 Gregorius.
3450 5320 3454 5383 ξ

497 5390 609 5468 (2'5)
643 5391 1501 5468 ἼναῌτιμᾶσθᾳιΔνομρᾷεζήσω.
1544 5395 1708 5468 _Coisl.
1742 5394 1795 5468 ,
1830 5394 1985 5468 Coll).

2172 5394 2284 5467 (28)
2352 5390 2644 5450 Ἐκεῖθενξ
2689 5390 3119 5454 ΤιέεὊοιὺεςη.
3158 5410 3218 5467 et
3250 5400 3352 5456 ‘Or.
3404 5402 3457 5467 1,
3523 5404 3675 5457 ἐκεῖ-

428 5462 745 5535 1,’οοηιι›.,
780 5464 868 5538 ἴνα
914 5462 1185 5538 τιμᾶσθαι
1206 5463 1418 5532 διδάξω,
1477 5466 1571 5538 καὶ
1620 5463 1983 5538 νομοθετήσω,
2095 5483 2176 5521 σε.

432 5534 534 5591 tul
559 5544 761 5590 matres
790 5534 965 5588 colere
988 5537 1230 5597 doceam,
1263 5545 1316 5589 et
1342 5537 1513 5617 quasi.
1532 5535 1649 5617 lege
1679 5534 1933 5593 statuam.
1961 5556 1981 5589 ο
2127 5534 2276 5665 ερθ)
2308 5536 2612 5593 Τοιούτων.
2650 5535 2811 5594 Deest
2842 5554 2895 5595 in
2949 5537 3082 5611 Reg.
3112 5539 3162 5607 b,
3198 5539 3298 5599 0r.
3328 5540 3354 5596 l
3390 5552 3446 5599 et
3495 5542 3675 5600 Com"

499 5605 608 5665 (24)
645 5604 809 5665 "aest
832 5604 963 5665 γάρ.
990 5614 1096 5659 etc.
1127 5622 1147 5656 ι
1173 5603 1407 5659 Noverat
1426 5620 1569 5660 enim
1593 5605 1714 5661 illos
1738 5620 1989 5663 consum-
2088 5607 2124 5665 h
2182 5644 2198 5663 .

499 5605 608 5677 (24)
645 5604 809 5677 ’ῌδει
832 5604 963 5677 γάρ,
990 5614 1096 5659 etc.
1127 5622 1147 5656 ι
1173 5603 1407 5659 Noverat
1426 5605 1569 5660 enim
1590 5603 1714 5661 illos
1738 5620 1989 5663 consum-
2088 5603 2198 5665 hef.

425 5675 585 5745 mari,
625 5675 733 5732 inio
759 5690 887 5732 vero
925 5675 1037 5731 fore
1063 5684 1125 5731 ut
1156 5688 1680 5732 consummarentur.
1705 5694 1725 5730 ο
