3910 6214
246 227 351 284 501

1158 218 1416 276 ORATIO
1449 217 1713 277 XXXVII.
1750 248 1820 258 —
1855 215 1925 272 IN
1962 217 2223 275 MATTH.
2264 217 2404 285 XIX,
2447 218 2601 275 1-12.

3408 214 3517 273 502

247 342 349 398 τοῦ
400 342 617 413 Πατρδς
663 342 970 413 εἰλήφασιν,
1022 337 1158 394 ἀλλὰ
1210 342 1304 394 κα)⁵
1357 342 1570 405 ἑαυτοῖς
1602 340 1839 394 δεδώκα-

1951 342 2060 407 bis,
2090 342 2160 397 Et
2190 343 2378 412 quibus
2407 342 2591 397 datum
2641 347 2739 405 est,
2786 338 2888 395 hoc
2937 336 3320 408 adiunge,.qui
3370 336 3516 407 digni

249 452 339 489 σιν
362 435 499 508 (50).

326 619 442 683 Ιίῖν.
472 614 609 670 Εὶσὶ
635 613 747 686 γὰρ
774 615 1077 686 εὐνοῦχοι,
1112 616 1330 682 οἵτινες
1368 614 1438 670 ἐκ
1475 619 1710 697 κοιλίας
1728 636 1842 688 μη-

250 708 393 778 τρὸς
420 707 936 777 εὐνουχίσθησαν,
967 708 1063 761 καὶ
1091 706 1160 761 τὰ
1193 706 1342 778 ἑξῆς.
1371 708 1586 782 Σφόδρα
1624 710 1843 764 ἐϐουλό-

253 820 369 873 μην
390 799 642 871 ἀνδρικόν
666 816 719 852 τι
751 798 881 870 περὶ
906 799 1015 853 τῶν
1040 799 1310 869 εὐνούχων
1327 798 1438 869 (51)
1472 800 1617 870 ἔχειν
1643 805 1837 857 εἰπεῖν.

247 893 348 965 Μὴ
382 892 523 964 μέγα
569 891 681 962 (5‘2)
716 893 984 961 φρονεῖτε,
1019 893 1066 944 οἱ
1104 893 1168 945 ὲκ
1205 890 1423 960 φύσεως
1459 891 1726 963 εὐνοῦχοι.
1768 893 1844 947 Τὸ

246 985 364 1057 γὰρ
400 988 498 1056 τῆς
540 983 912 1057 σωφροσύνης,
947 985 1077 1048 ι’σως
1115 984 1390 1039 ἀκούσιον.
1418 984 1492 1038 Οὐ
1534 984 1643 1057 γὰρ
1679 981 1842 1056 ἦλθεν

249 1075 335 1137 εἰς
364 1074 614 1143 βάσανον,
644 1073 765 1127 οὐδὲ
804 1075 866 1127 τὸ
916 1076 1213 1146 σωφρονεῖν
1259 1074 1594 1146 ἐδοκιμάσθη
1631 1072 1719 1127 διὰ
1741 1075 1843 1145 τῆς

250 1165 470 1236 πείρας.
496 1165 568 1218 Τὸ
603 1167 702 1236 μὲν
731 1165 841 1236 γὰρ
874 1167 939 1219 ἐκ
969 1165 1183 1235 φύσεως
1209 1167 1434 1235 ἀγαθὸν,
1462 1166 1718 1238 ἀδόκιμον
1741 1182 1754 1196 ο
1783 1167 1843 1220 τὸ

248 1254 298 1308 δ’
340 1256 405 1307 ὲκ
448 1255 843 1326 προαιρέσεως,
884 1257 1186 1311 ἐπαινετόν.
1232 1257 1329 1322 Τίς
1371 1257 1504 1329 πυρὶ
1554 1258 1714 1328 χάρις
1748 1260 1842 1311 τοῦ

251 1346 464 1414 acetiam;
501 1348 560 1401 τὸ
590 1348 698 1419 γὰρ
720 1349 895 1403 καίειν
925 1349 989 1401 ἐκ
1018 1348 1232 1418 φύσεως
1262 1349 1396 1422 ἔχει.
1431 1350 1527 1415 Τίς
1556 1348 1707 1404 ὕδατι
1731 1350 1842 1422 (55)

250 1437 351 1491 τού
387 1438 540 1492 κάτω
580 1439 879 1510 φέρεσθαι;
925 1440 1084 1494 τοῦτο
1123 1442 1231 1513 γὰρ
1278 1443 1394 1513 ἔχει
1434 1443 1585 1515 παρὰ
1617 1443 1711 1496 τοῦ
1749 1442 1844 1514 δη-

257 1531 709 1602 μιουργήσαντος.
755 1532 853 1595 Τίς
883 1532 1019 1602 χιόνι
1066 1531 1169 1604 τῆς
1205 1534 1542 1606 ψυχρότητος
1585 1535 1772 1607 χάρις;
1807 1533 1841 1605 ἢ

251 1618 336 1691 τῷ
373 1619 513 1691 ἡλίῳ
555 1619 649 1674 τοῦ
680 1620 926 1690 φαίνειν;
955 1622 1137 1676 Φαίνει
1165 1623 1271 1695 γὰρ
1305 1624 1408 1678 κᾶν
1451 1625 1524 1696 μὴ
1567 1625 1842 1696 βούληται.

1943 442 2101 499 ευηι;
2138 436 2359 503 quique,
2391 443 2450 488 ut
2475 434 2609 489 tales
2643 434 2773 501 sint,
2805 446 2911 487 non
2937 431 3098 487 modo
3122 445 3152 485 a
3180 427 3341 485 Patre
3367 441 3517 485 acce-

1946 534 2163 595 perunt,
2194 526 2287 580 sed
2320 524 2423 581 sibi
2450 525 2583 596 ipsis
2614 525 2779 580 etiam
2810 524 3093 580 dederunt.

2012 614 2155 673 XVI.
2188 618 2322 673 Sunt
2352 619 2491 673 enim
2537 618 2782 683 eunuchi,
2815 619 2903 689 qui
2933 632 2997 671 ex
3023 624 3172 670 utero
3201 612 3384 667 matris
3424 627 3518 664 ca-

1943 710 2097 765 strati
2121 720 2264 776 sunt,
2298 723 2406 765 etc.
2457 709 2820 766 Vehementer
2878 721 3131 778 cuperem
3169 704 3335 777 656
3363 699 3520 757 virile

1945 801 2146 871 aliquid
2187 802 2254 857 de
2288 801 2551 856 eunuchis
2599 800 2845 871 proloqui
2896 812 3074 868 posse.
3127 795 3205 852 Ne
3229 795 3520 851 admodum

1945 891 2230 961 magniﬁce
2260 891 2326 946 de
2354 889 2508 945 vobis
2533 890 2801 955 sentiatis,
2846 889 2937 959 qui
2986 903 3019 944 a
3064 897 3257 944 natura
3285 884 3521 943 eunuchi

1943 982 2098 1039 estis.
2130 981 2382 1037 Fortasse
2416 982 2559 1037 enim
2598 982 2861 1052 pudicitia
2909 982 3024 1037 haec
3072 981 3298 1036 minime
3329 978 3522 1035 volun-

1947 1074 2084 1127 taria
2109 1081 2214 1129 est.
2244 1071 2360 1126 Non
2394 1073 2538 1127 enim
2592 1071 2869 1141 explorata
2926 1082 3029 1137 est,
3068 1085 3168 1126 nec
3195 1068 3520 1127 castimonia

1945 1164 2184 1234 pericqu
2229 1162 2375 1219 facto
2425 1163 2798 1233 comprobata...
2856 1162 3066 1218 Bonum
3108 1162 3253 1219 enim
3304 1163 3447 1231 quod
3487 1174 3520 1215 a

1945 1265 2142 1311 natura
2189 1256 2577 1327 proliciscitur,
2632 1257 2846 1313 laudem
2898 1271 3006 1312 non
3059 1264 3343 1311 meretur:
3376 1255 3519 1323 quod

1945 1361 2127 1404 autem
2160 1363 2191 1402 a
2221 1347 2389 1403 libera
2421 1347 2697 1404 voluntate
2730 1347 3008 1418 animique
3039 1347 3283 1403 instituto
3312 1346 3447 1414 ﬂuit,
3467 1345 3523 1400 id

1946 1438 2107 1495 laude
2140 1438 2362 1510 dignum
2417 1439 2834 1495 existimandum
2877 1449 2982 1497 est.
3043 1439 3174 1506 Quae
3209 1438 3321 1509 igni
3349 1437 3524 1509 gratia

1947 1540 2053 1600 est,
2079 1532 2223 1600 quod
2247 1532 2394 1588 urit?
2433 1531 2603 1588 Urere
2653 1533 2799 1589 enim
2857 1548 2889 1586 a
2941 1541 3136 1588 natura
3181 1531 3362 1588 habet.
3392 1529 3525 1597 Quae

1949 1636 2126 1692 aquae,
2179 1625 2321 1692 quod
2377 1624 2627 1679 deorsum
2680 1622 2889 1677 fertur?
2922 1620 3034 1677 Hoc
3067 1621 3212 1676 enim
3251 1636 3280 1675 a
3311 1635 3525 1675 summo

249 1688 496 1783 Χαρίζου
552 1730 643 1784 μοι
691 1688 752 1767 τὸ
794 1713 1078 1785 βούλεσθαι
1120 1688 1188 1768 τά
1221 1688 1486 1786 βελτίονα.
1513 1688 1739 1789 ’έαρίζῇ
1768 1716 1840 1795 δὲ,

1953 1688 2136 1771 rerum
2168 1688 2406 1772 omnium
2437 1716 2631 1785 Opiﬁcc
2671 1716 2856 1771 habet.
2911 1715 3041 1781 Quae
3072 1715 3182 1770 nivi
3223 1715 3393 1784 gratia
3424 1715 3527 1769 ha-

248 1804 351 1858 ὲὰν
376 1803 514 1875 σὰρξ
538 1804 850 1874 γενόμενος,
877 1807 1247 1878 πνευματικὸς
1273 1808 1404 1879 γένῃ
1427 1827 1441 1839 '
1468 1809 1563 1863 ἐὰν
1593 1811 1657 1880 τῇ
1694 1807 1846 1879 μολί-

249 1894 339 1949 ϐδι
364 1894 474 1967 (5·1)
503 1897 603 1968 τῆς
625 1898 828 1969 σαρκὸς
851 1899 1164 1970 ἑλκόμενος,
1195 1901 1480 1973 πτερωθῇς
1508 1901 1614 1955 ὑπὸ
1636 1900 1728 1955 τοῦ
1758 1901 1843 1954 λό-

247 2003 384 2058 γου·
422 1988 518 2042 ἐὰν
557 1988 807 2060 οὐράνιος
851 1991 1104 2063 εὑρεθῇς,
1144 1992 1401 2056 ταπεινὸς
1442 1992 1713 2063 γεγονώςο
1750 1992 1846 2047 ἐὰν

250 2080 419 2151 σαρκὶ
449 2080 742 2147 συνδεθεὶς,
773 2081 916 2153 ὑπὲρ
936 2083 1116 2155 σάρκα
1143 2088 1319 2156 φανῇς
1341 2084 1475 2155 (55).

1952 1805 2127 1862 benda
2153 1814 2256 1871 est,
2281 1807 2422 1877 quod
2462 1806 2655 1877 frigida
2691 1807 2803 1861 sit?
2858 1816 2953 1861 aut
2989 1805 3110 1871 soli,
3136 1805 3279 1875 quod
3310 1803 3526 1859 luceat?

1952 1895 2176 1952 Lucebit
2197 1897 2340 1951 enim
2388 1897 2551 1953 etiam
2600 1897 2822 1952 invitus.
2868 1895 2983 1951 Hoc
3011 1896 3140 1950 mihi
3197 1895 3415 1964 largire,
3443 1900 3525 1959 ut,

1952 2002 2072 2058 quae
2100 1998 2247 2044 recta
2299 1998 2447 2057 sunt,
2514 1988 2671 2043 velis.
2714 1988 2989 2059 Largieris
3029 1999 3236 2052 autem,
3294 1988 3338 2042 si
3396 1999 3527 2041 caro

1951 2079 2148 2145 factus,
2172 2079 2468 2150 spiritualis
2522 2079 2812 2148 elﬁciaris;
2863 2080 2907 2134 si
2961 2093 2990 2132 a
3039 2079 3291 2149 plumbea
3339 2074 3527 2134 carnis

249 2173 397 2226 mole
423 2181 632 2228 tractus
660 2184 824 2244 atque
868 2174 1180 2244 depressus,
1239 2192 1270 2230 a
1312 2177 1525 2231 ratione
1572 2177 1625 2231 in
1657 2179 1826 2231 altum
1866 2173 2203 2240 subleveris;
2243 2173 2287 2227 si
2317 2173 2533 2228 humilis
2556 2184 2791 2242 creatus,
2830 2172 3070 2229 caelestis
3120 2171 3448 2237 inveniaris;
3478 2169 3526 2225 si

251 2264 410 2318 carni
446 2266 607 2333 quasi
638 2265 870 2322 vinculis
896 2267 1221 2336 quibusdam
1267 2272 1543 2338 astrictus,
1585 2271 1830 2341 superior
1865 2281 2028 2324 carne
2072 2281 2353 2335 apparens.

284 2356 419 2429 IlZ’.
463 2356 682 2428 Ἐπειδὴ
735 2352 828 2411 οὖν
879 2358 942 2411 τὸ
997 2359 1285 2431 σωματικὰ
1324 2366 1542 2432 φρονεῖν
1587 2362 1701 2434 (56)
1744 2363 1846 2416 οὐκ

247 2446 558 2513 ἐπαινετὸν,
586 2446 714 2501 ἄλλο
752 2465 806 2501 τι
831 2448 966 2502 αἰτῶ
992 2451 1119 2514 τοὺς
1142 2451 1449 2522 εὐνούχους.
1487 2453 1578 2525 Μὴ
1613 2453 1847 2525 πορνεύ-

250 2553 385 2607 ante
426 2538 557 2609 περὶ
601 2538 850 2611 θεότητα.
893 2541 1118 2613 Χριστῷ
1161 2543 1571 2614 συζευχθέντες,
1606 2547 1841 2621 Χριστὸν

250 2628 329 2699 μὴ
352 2629 679 2701 ἀτιμάσητε.
714 2631 849 2686 Ὑπὸ
871 2633 965 2686 τοῦ
993 2633 1312 2705 Πνεύματος
1339 2635 1728 2707 τελειούμενοι,
1765 2638 1840 2709 μὴ

246 2721 512 2791 ὁμότιμον
536 2723 749 2786 ἑαυτοῖς
772 2723 832 2776 τὸ
856 2723 1082 2795 Πνεῦμα
1107 2727 1392 2798 ποιήσητε.
1418 2730 1489 2780 El
1516 2726 1605 2780 ἔτι
1633 2726 1851 2795 ἀνθρώ-

248 2820 391 2875 ποις
421 2809 706 2878 ἤρεσκον,
728 2814 757 2865 ὁ
788 2809 1000 2877 Παῦλος
1022 2830 1173 2883 φησι,
1198 2816 1458 2882 Χριστοῦ
1486 2815 1710 2882 δοῦλος
1731 2820 1845 2872 οὐκ
1890 2814 1893 2817 ’

248 2898 331 2953 ἂν
356 2898 540 2970 ἤμην.
572 2902 637 2954 El
664 2902 921 2973 κτίσματι
950 2904 1263 2977 ἐλάτρευον,
1290 2908 1392 2960 οὐκ
1418 2906 1484 2961 ἂν
1517 2909 1848 2980 Χριστιανὸς

2024 2357 2183 2413 XVII.
2226 2358 2490 2425 Quoniam
2516 2359 2681 2429 igitur
2708 2375 2969 2430 corporea
3023 2374 3236 2430 sapere,
3289 2358 3529 2415 carnali-

1947 2451 2158 2520 busque
2187 2450 2474 2506 affectibus
2503 2452 2642 2515 duci,
2675 2453 3099 2523 haudquaquam
3131 2451 3399 2508 laudabile
3418 2460 3526 2516 est,

1948 2540 2094 2595 aliud
2123 2540 2379 2609 quiddam
2408 2541 2479 2595 ab
2509 2541 2774 2596 eunuchis
2803 2543 3035 2612 postulo.
3089 2541 3169 2598 Ne
3213 2543 3357 2599 circa
3388 2542 3528 2599 divi-

1951 2631 2177 2685 nitatem
2206 2633 2545 2688 scortemini.
2606 2633 2707 2700 Qui
2761 2633 2982 2690 Christo
3046 2636 3317 2706 conjuncti
3370 2635 3527 2705 estis,

1950 2723 2227 2779 Christum
2263 2739 2330 2779 ne
2359 2727 2741 2783 contemnatis.
2773 2727 2872 2795 Qui
2913 2744 2944 2783 a
3002 2727 3204 2799 Spiritu
3235 2729 3529 2801 perfectio-

1950 2831 2074 2871 nem
2098 2817 2366 2887 accipitis,
2392 2834 2461 2873 ne
2489 2835 2675 2889 parem
2701 2821 2854 2876 vobis
2895 2820 3159 2892 Spiritum
3205 2821 3438 2878 faciatis.
3465 2823 3528 2881 Si

1949 2908 2122 2962 adhuc
2149 2909 2444 2964 hominibus
2474 2912 2754 2980 placerem,
2787 2913 2962 2984 inquit
3010 2914 3206 2972 Paulus
3227 2916 3295 2982 “,
3330 2917 3527 2972 Christi

245 2986 636 3062 ὠνομαζόμην.
682 2972 867 3054 Είςίτί
902 2992 1016 3063 (57)
1051 2972 1160 3064 γάρ
1203 2994 1231 3046 ὁ
1274 2972 1602 3065 Χριστιανὸς
1631 2972 1840 3068 τίμιον,

1951 3015 2126 3053 seruus
2144 3016 2246 3054 non
2272 3018 2453 3056 essem.
2480 3002 2535 3057 Si
2563 3016 2867 3059 creaturam
2896 3005 3150 3073 colerem,
3178 3007 3527 3065 Christianus

243 3081 365 3152 Ούχ
391 3081 474 3135 ὅτι
505 3082 639 3146 Θεὸς
681 3085 710 3136 ὁ
745 3084 1016 3152 Χριστός;
1058 3086 1120 3138 Εἰ
1163 3085 1237 3155 μὴ
1267 3085 1425 3139 τοῦτο
1454 3089 1530 3151 ὡς
1557 3087 1847 3160 ἄνθρωπος

245 3172 410 3228 πάθω
421 3173 552 3245 (58),
568 3174 721 3245 φιλίᾳ
734 3173 869 3247 πρὸς
880 3173 1043 3228 αὑτὸν
1060 3193 1337 3249 συγκεκρα
1344 3178 1525 3249 μένος.
1543 3181 1737 3234 Καίτοι
1753 3182 1848 3234 καὶ

246 3265 460 3337 Πέτρον
480 3265 648 3335 τιμῶ,
672 3266 789 3320 ἀλλ’
811 3269 910 3322 οὐκ
929 3267 1115 3322 ἀκούω
1153 3270 1470 3342 Πετριανός·
1497 3271 1591 3324 καὶ
1613 3271 1846 3339 Παῦλον,

246 3353 551 3419 Παυλιανὺς
571 3355 628 3408 δὲ
649 3357 751 3410 οὐκ
771 3358 997 3427 ἥκουσα.
1015 3357 1089 3412 Οὐ
1115 3358 1341 3429 δέχομαι
1370 3360 1522 3430 παρὰ
1547 3360 1848 3432 ἀνθρώπων

245 3446 631 3517 ὀνομάζεσθαι,
646 3448 796 3519 παρὰ
808 3449 943 3502 Θεοῦ
959 3448 1216 3519 γεγονώς.
1234 3450 1420 3514 Οὕτως
1441 3453 1489 3504 εί
1504 3452 1850 3523 μὲν,ὄτιΘεὸν

247 3536 579 3610 ὑπείληφας,
608 3537 865 3593 διάτοῦτο
877 3540 1016 3612 καλῇ
1035 3541 1378 3611 Χριστιανὸς,
1405 3543 1499 3595 καὶ
1523 3543 1729 3605 καλοῖο,
1747 3546 1844 3599 καὶ

251 3630 506 3702 μένοιςὲν
520 3629 599 3698 τῷ
627 3630 930 3703 ὀνόματι,ῆ
968 3631 1047 3704 τῷ
1070 3633 1182 3704 (59)
1217 3635 1525 3705 πράγματι.
1556 3636 1620 3689 Ei
1652 3637 1729 3695 δὲ.
1762 3638 1845 3691 ὃτι

248 3722 505 3795 στέργεις
517 3722 775 3792 Χριστὸν,
794 3722 884 3775 διὰ
895 3722 1056 3777 τοῦτο
1071 3722 1132 3788 ἐξ
1144 3725 1309 3779 αὑτοῦ
1331 3727 1491 3799 καλῇ,
1510 3728 1661 3781 οὐδὲν
1680 3727 1841 3781 πλέον

248 3813 440 3886 νέμεις
479 3813 651 3886 αὐτῷ,
684 3813 795 3885 (40)
818 3815 927 3868 τῶν
952 3814 1129 3868 ἄλλων
1157 3816 1424 3888 κλήσεων,
1459 3820 1517 3873 αἶ
1559 3819 1669 3873 ἀπό
1694 3837 1839 3883 τινος

248 3905 692 3978 ἐπιτηδεύματος
722 3906 755 3977 ἢ
785 3907 1110 3977 πράγματος
1140 3908 1400 3964 τίθενται.

1950 3092 2137 3162 utique
2171 3107 2277 3148 non
2313 3095 2633 3164 appellarer.
2668 3096 2778 3151 Cur
2805 3098 2948 3152 enim
3000 3099 3294 3155 Christiani
3333 3117 3527 3157 nomen

1950 3184 2263 3239 venerabile
2288 3186 2414 3240 est?
2464 3186 2659 3241 Annon
2735 3189 2862 3258 quia
2929 3188 3180 3246 Christus
3200 3191 3381 3247 Deus?
3413 3191 3527 3247 Nisi

1951 3270 2182 3328 fortasse
2214 3274 2321 3330 hoc
2348 3275 2588 3332 humano
2620 3292 2773 3332 more
2801 3277 2966 3343 facio,
3009 3281 3243 3336 amicitia
3274 3281 3526 3337 nimirum

1952 3379 2073 3418 eum
2109 3381 2174 3419 eo
2208 3367 2631 3437 conglutinatus.
2658 3370 2728 3423 At
2752 3379 2810 3425 et
2849 3369 3066 3432 Petrum
3098 3373 3306 3430 honore
3333 3389 3527 3445 prose-

1954 3471 2110 3526 quor,
2138 3471 2239 3512 nec
2259 3467 2443 3513 tamen
2497 3459 2783 3517 Petrianus
2811 3478 3009 3519 vocor:
3049 3475 3105 3520 et
3149 3467 3397 3535 Paulum,
3427 3484 3532 3526 nec

1955 3557 2133 3605 tamen
2165 3549 2456 3606 Paulianus
2508 3554 2824 3610 nominatus
2871 3572 3014 3612 sum.
3049 3558 3167 3615 Non
3200 3561 3317 3617 fero
3342 3578 3431 3618 me
3458 3564 3528 3620 ab

1950 3639 2258 3696 hominibus
2283 3656 2478 3697 nomen
2539 3644 2760 3710 ducere,
2796 3648 2888 3717 qui
2929 3663 2959 3703 a
2986 3649 3097 3706 Deo
3140 3665 3259 3707 sum
3289 3662 3526 3709 creatus.

1952 3731 2182 3786 Proinde
2213 3732 2283 3797 si,
2318 3733 2445 3803 quia
2481 3735 2646 3790 Deum
2670 3738 2846 3806 ipsum
2877 3741 3177 3811 existimas,
3205 3743 3328 3801 ideo
3364 3745 3528 3801 Chri-

1948 3823 2156 3877 stianus
2184 3826 2399 3880 vocaris
2429 3842 2445 3880 :
2472 3828 2682 3883 voceris
2708 3843 2859 3895 sane,
2880 3843 3174 3889 etmaneas
3200 3835 3253 3889 in
3280 3838 3526 3903 nomine,

1947 3923 2106 3983 atque
2140 3917 2276 3969 adeo
2303 3916 2357 3970 in
2380 3930 2458 3971 re.
2484 3916 2580 3972 Sin
2611 3929 2790 3974 autem
2819 3936 2924 3975 non
2957 3923 3117 3979 aliam
3145 3925 3215 3981 ob
3246 3941 3463 3982 causam
3492 3943 3525 3983 a

248 3998 474 4054 Christo
509 4012 706 4051 nomen
740 3998 918 4062 ducis,
947 4011 1109 4066 quam
1134 3998 1277 4066 quod
1308 3996 1431 4052 eum
1484 4013 1670 4053 amore
1695 3999 2096 4070 complecteris,
2132 4004 2267 4058 nihil
2293 4005 2526 4075 amplius
2586 4008 2685 4076 ipsi
2752 4009 2965 4075 tribuis,
3005 4028 3169 4083 quam
3239 4016 3360 4073 aliis
3420 4035 3525 4076 no-
3558 4018 3588 4047 ⁸

246 4089 509 4150 minibus.
533 4104 655 4158 qua:
700 4102 731 4141 a
764 4089 943 4144 studio
987 4089 1220 4156 quodam
1263 4098 1319 4142 et
1362 4089 1630 4155 instituto,
1661 4099 1751 4145 aut
1778 4107 1835 4146 re
1873 4093 2054 4163 aliqua
2082 4096 2511 4151 constituuntur.

317 4180 429 4235 IH'.
470 4152 661 4253 Ὁρᾶτε
692 4181 820 4244 τοὺς
858 4152 1117 4253 περὶ-τὰς
1161 4181 1527 4253 ἱπποδρομίας
1565 4152 1832 4236 ἐσπουδα-

1966 4152 2459 4257 ’,Χν111.,γίἀειίε
2506 4190 2632 4258 hos,
2686 4192 2779 4260 qui
2809 4191 2864 4246 in
2913 4195 3162 4251 cursibus
3182 4152 3526 4268 equestribus

247 4276 417 4341 κότας
449 4276 690 4341 τούτους.
724 4277 788 4331 0?
840 4274 1084 4331 ἁπὸιτῶν
1130 4278 1439 4349 χρωμάτων
1485 4276 1594 4349 (41)
1633 4279 1835 4332 ὀνομά-

326 4437 374 4470 ⁶²
399 4435 517 4494 Gal.
541 4452 579 4504 ι,
631 4437 719 4491 10.

323 4556 441 4629 (50)
473 4556 743 4624 Ἐαυτοῖς
767 4557 1120 4613 δεδώκασιν.
1156 4577 1175 4609 σ
1203 4556 1316 4612 Sibi
1350 4557 1479 4629 ipsis
1498 4557 1785 4623 dederunt,
1810 4580 1830 4613 ι

246 4627 473 4696 nempe,
508 4631 694 4697 gratiae
721 4629 974 4682 excitanti
1026 4645 1091 4681 ac
1129 4629 1360 4682 moventi
1398 4627 1566 4683 libere
1600 4645 1838 4685 consen-

253 4700 460 4753 tiendo.
526 4699 656 4767 Reg.
704 4699 793 4753 bm
844 4699 1025 4763 habet,
1076 4698 1304 4761 ἑαυτοὺς
1344 4697 1663 4767 δεδώκασιν,
1727 4718 1746 4752 ι
1778 4714 1838 4755 se

249 4770 403 4838 ipsos
423 4768 711 4838 dederunt:
741 4786 760 4817 ι

325 4836 441 4908 (51)
468 4838 608 4907 Περὶ
637 4836 758 4890 τῶν
783 4838 1112 4906 εὐνούχων.
1154 4854 1173 4888 ι
1209 4838 1285 4892 De
1319 4839 1600 4894 eunuchis.
1623 4858 1643 4890 ι
1701 4837 1838 4894 Gre-

248 4910 442 4975 gorius
467 4910 667 4976 passim
698 4908 975 4979 eunuchos
1005 4909 1321 4979 insectatur,
1360 4917 1547 4979 utpote
1586 4909 1677 4979 qui
1717 4924 1834 4962 nta-

250 4979 402 5040 xima
434 4993 499 5032 ex
527 4987 698 5045 parte,
723 4977 945 5041 Ariana,
990 4979 1068 5032 vel
1093 4977 1475 5033 Macedoniana
1526 4977 1676 5047 peste
1699 4994 1836 5034 con-

248 5051 668 5102 taminarentttr.

348 5117 439 5187 52)
475 5116 654 5187 Μέγα.
682 5116 812 5187 Reg.
846 5115 957 5171 bm.
983 5127 1041 5175 et
1061 5115 1153 5171 Or.
1184 5117 1206 5170 1
1241 5117 1461 5182 addunt,
1493 5135 1565 5171 τι.

350 5182 440 5273 ἐξ)
466 5182 926 5273 ἶῖδὶξῖέλοίὶιηοβ
955 5188 1338 5273 “diesdes-

324 5257 441 5323 (54)
470 5257 748 5326 Μολίόδι.
771 5257 949 5320 Forte,
988 5255 1323 5326 μολιϐδίτιδι.
1354 5256 1514 5313 Ευῐτ.

326 5327 442 5392 (53)
475 5326 700 5395 φανῇς.
728 5325 861 5396 Reg.
896 5325 1009 5390 bm,
1042 5327 1249 5396 φανείς.

325 5397 441 5467 (56)
474 5399 540 5452 Τὸ
563 5396 869 5466 σωματικὰ
900 5398 1164 5464 φρονεῖν.
1233 5396 1400 5452 Coisl.
1435 5399 1488 5468 1,
1515 5397 1576 5451 τὸ
1612 5415 1827 5468 σωφρο-

242 5471 390 5525 νεῖν.
421 5468 588 5533 Quam
622 5468 903 5521 lectionem
945 5469 1204 5536 optimam
1235 5477 1421 5522 censet
1446 5467 1824 5523 Combetisius.

254 5538 744 5606 «Quandoquidem
773 5537 935 5603 igitur
956 5538 1300 5608 laudemnon
1344 5550 1583 5592 meretur
1623 5540 1831 5608 pudici-

248 5608 355 5672 tia,
396 5622 513 5675 qna:
538 5609 611 5660 sit
642 5622 671 5659 a
705 5616 917 5668 natura,
950 5622 1051 5660 non
1078 5621 1107 5659 a
1137 5607 1303 5662 libera
1333 5607 1672 5663 voluntate.»
1720 5607 1833 5662 Pu-

242 5676 443 5735 dicitia
491 5677 635 5733 enim
660 5678 713 5732 in
741 5676 1032 5744 eunuchis,
1066 5691 1170 5732 non
1204 5678 1444 5742 virtutis,
1476 5679 1570 5733 sed
1596 5679 1833 5734 necessi-

1943 4280 2178 4334 studium
2220 4289 2381 4350 atque
2413 4297 2642 4352 operam
2661 4294 2981 4352 posuerunt.
3034 4288 3199 4360 657
3224 4290 3297 4347 llli
3332 4294 3527 4349 acoloo

1942 4559 2069 4637 tatis
2099 4558 2348 4637 est._llo_s
2375 4560 2638 4637 ad__aliam
2675 4561 2991 4637 pudicitiam
3023 4563 3278 4637 hortatur
3310 4566 3520 4637 Grego-

1942 4632 2077 4693 rius,
2112 4630 2177 4683 ad
2210 4630 2569 4704 [ideiscilicet
2599 4630 2987 4704 integritatem,
3020 4649 3124 4702 qua
3153 4636 3364 4691 laudem
3402 4630 3522 4693 nie-

1943 4708 2188 4773 reantur.
2210 4698 2395 4773 Lectio
2427 4699 2645 4773 vulgata
2679 4698 2740 4756 εἰ
2783 4702 2920 4756 Billii
2958 4698 3355 4773 interpretatio,
3415 4723 3521 4764 nec

1941 4769 2283 4847 commodum
2314 4768 2818 4847 elliciuninsensum,
2853 4787 2953 4828 nec
2981 4768 3376 4847 cum-‘Gregorii
3403 4793 3523 4847 pro-

1945 4840 2121 4907 posito
2151 4839 2503 4919 conveniunt.
2543 4838 2878 4896 Crediderim
2939 4838 3269 4914 scripsisse:
3302 4838 3518 4919 σώματι

1940 4910 2257 4979 σωφρονεῖν.

2007 4977 2122 5048 (5⁷7)
2158 4980 2264 5044 Εἰς
2285 4980 2359 5031 τί.
2389 4977 2554 5032 Coisl.
2589 4980 2641 5044 1,
2663 4979 2750 5033 διὰ
2771 4981 2843 5034 τί.

2007 5048 2126 5123 (58)
2161 5048 2258 5113 Ὧς
2279 5048 2588 5123 ἄνθρωπρς
2614 5049 2800 5123 πᾴθω.
2840 5051 3003 5107 Cois].
3032 5054 3083 5120 1,
3122 5053 3213 5109 Or.
3250 5056 3301 5121 1,
3324 5056 3514 5123 Gabr.,

1934 5118 2009 5182 ὼς
2035 5118 2319 5189 ἄνθρωπον
2345 5117 2595 5185 ἀγαπῶν.
2650 5120 3008 5177 Combelisius
3062 5117 3247 5179 censet
3274 5117 3342 5181 ex
3368 5117 3519 5182 utra;

1937 5204 2046 5262 que
2070 5188 2321 5262 lectione,
2349 5190 2790 5262 sicsarciendam
2831 5205 2949 5262 esse
2994 5193 3228 5249 litteram
3267 5215 3280 5251 :
3312 5196 3387 5262 ὡς
3413 5197 3513 5253 ἄν.

1935 5255 2150 5329 θ’ρωπος
2177 5255 2355 5325 πάθω,
2414 5257 2699 5329 ἄνθρωπον
2740 5259 2989 5328 ἀγαπῶν.
3046 5283 3065 5315 ι
3090 5262 3337 5326 Humano
3366 5255 3518 5326 inore

1933 5327 2139 5406 atﬁcior
2184 5329 2455 5382 hominem
2502 5327 2797 5400 diligens”
2861 5330 2916 5391 id
2942 5342 3050 5400 est,
3092 5353 3110 5385 ‹
3142 5336 3303 5391 homo
3367 5352 3515 5406 sum,

1925 5398 2198 5452 hominem
2231 5412 2372 5454 amo.
2400 5416 2419 5448 ι

2235 5466 2336 5531 τῷ.
2372 5468 2588 5543 Cptn_o.,
2618 5472 2711 5543 καὶ
2745 5472 2842 5543 τῷ.

1988 5536 2345 5661 ἔέιῇζχέμεις
2366 5536 2543 5603 αὐτῷ.
2608 5536 2857 5609 ϐοἱειλ,
2895 5544 3081 5616 νέμεις
3136 5548 3514 5623 σαυτῷ,.σιί1)ἰ

1936 5617 2205 5747 magi);
2228 5678 2344 5733 ἀπὸ
2381 5677 2499 5735 τῶν
2526 5681 2875 5752 χρωμάτων.
2924 5682 2982 5742 In
3015 5689 3160 5747 circo
3185 5689 3513 5762 quadrigaril
