3910 6214
399 268 508 329 503

1630 266 1687 322 S.
1728 266 2057 326 GREGORII
2097 268 2444 326 THEOLOGI

3548 278 3649 335 505

401 388 552 443 ribus
590 384 954 450 nominantur,
980 391 1143 452 alque
1191 382 1260 437 ab
1313 382 1380 437 iis
1407 384 1669 450 partibus,
1694 399 1815 439 cum
1850 386 1963 454 qui-

2079 384 2292 451 ζονται,
2323 387 2418 441 καὶ
2451 386 2560 441 τῶν
2601 387 2852 460 μερίδων,
2887 384 2975 453 αἶς
3007 391 3417 462 συνεστήκασιν.
3466 392 3653 465 Ὑμεῖς

400 475 501 533 bus
527 480 815 529 steterunt.
849 471 957 529 Vos
993 473 1210 527 nomina
1237 473 1351 543 ipsa
1384 474 1598 540 tenetis,
1632 475 1971 530 etiamsinon

400 569 608 623 dixero.
641 564 698 621 Si
731 566 797 621 ad
820 565 1067 621 eumdem
1096 568 1310 621 modum
1345 564 1688 621 Christianus
1727 567 1965 635 vocaris,

400 673 626 728 parvum
659 657 945 712 admodum
973 671 1037 711 ac
1093 656 1211 711 leve
1263 657 1365 710 hoc
1412 669 1829 725 cognomentum
1867 667 1969 723 est,

400 763 466 802 eo
496 747 622 802 licet
643 747 909 818 glorieris,
941 747 1142 815 tibique
1185 746 1418 816 placeas.
1474 747 1568 801 Sin
1595 757 1797 811 autem,
1845 749 1973 818 quia

399 840 568 895 Deum
599 841 792 906 credis,
841 841 1001 896 rebus
1051 839 1183 909 ipsis
1213 839 1356 908 quod
1388 839 1600 905 credas,
1634 841 1878 895 ostende.
1914 840 1973 894 Si

399 931 574 986 Filius
597 939 844 986 creatura
892 938 993 995 est,
1045 944 1187 983 nunc
1244 943 1460 999 quoque
1509 944 1810 983 creaturam
1841 929 1972 984 colis

403 1034 604 1096 praeter
630 1021 966 1077 Creatorem.
995 1019 1051 1075 Si
1083 1020 1317 1091 Spiritus
1340 1028 1559 1076 sanctus
1588 1032 1836 1076 creatura
1867 1031 1970 1086 est,

397 1115 672 1170 incassum
699 1111 1003 1181 baptizatus
1030 1128 1112 1176 es,
1138 1127 1202 1167 ac
1232 1113 1441 1167 duabus
1479 1113 1693 1181 quidem
1729 1112 1973 1181 partibus

396 1221 561 1261 sanus
586 1221 667 1269 es,
698 1206 807 1260 imo
834 1220 903 1259 ne
951 1204 1056 1260 illis
1100 1205 1315 1273 quidem
1345 1220 1359 1259 :
1405 1220 1510 1258 una
1541 1215 1720 1260 autem
1755 1204 1973 1259 omnino

395 1299 743 1373 periclitatis.
798 1297 967 1367 Finge
1051 1298 1373 1352 Trinitatem
1444 1312 1562 1352 esse
1625 1299 1970 1366 margaritam

398 1394 704 1463 quamdam,
725 1391 960 1462 undique
986 1390 1090 1445 sibi
1121 1390 1374 1452 similem,
1401 1402 1563 1459 atque
1594 1405 1745 1460 reque
1771 1390 1974 1459 fulgen-

397 1492 527 1541 tem.
552 1480 898 1550 Quaacunque
922 1480 1234 1548 margaritae
1272 1492 1396 1547 pars
1428 1477 1590 1531 fuerit
1618 1479 1838 1542 obl-.esa,
1861 1486 1971 1532 tota

394 1572 590 1642 lapidis
623 1572 798 1643 gratia
846 1571 1116 1626 exstincta
1166 1568 1355 1625 fuerit.
1403 1568 1602 1622 Eodem
1661 1570 1819 1621 modo
1847 1583 1968 1622 cum

394 1661 587 1717 Filium
612 1661 935 1724 contemnis,
974 1671 1030 1713 ut
1071 1658 1288 1714 Patrem
1323 1659 1528 1713 honore
1557 1658 1783 1722 allicias,
1819 1669 1968 1711 tuum

394 1758 655 1812 honorem
681 1769 786 1808 non
821 1753 1034 1822 recipit.
1067 1751 1149 1805 Ad
1206 1760 1573 1820 contemptum
1628 1750 1771 1814 Filii,
1810 1750 1972 1807 Pater

393 1847 807 1916 haudquaquam
838 1844 1190 1914 gloriﬁcatur.
1228 1844 1285 1897 Si
1314 1843 1455 1898 ﬁlius
1491 1844 1708 1912 sapiens
1736 1843 1973 1898 laetiﬁcat

391 1947 602 2009 patrem
629 1937 696 2003 “,
735 1946 938 2007 quanto
968 1937 1140 2007 magis
1189 1934 1310 1989 Filii
1342 1936 1532 1999 honor,
1561 1933 1735 1988 Patris
1761 1948 1974 2003 quoque

392 2031 571 2087 honor
601 2028 808 2084 fuerit?
842 2028 994 2097 Quod
1026 2028 1072 2082 si
1132 2029 1236 2082 hoc
1276 2027 1437 2080 etiam
1487 2025 1713 2095 probas:
1745 2023 1874 2091 Fili,
1911 2042 1974 2080 ne

390 2122 641 2192 glorieris
677 2122 742 2177 de
770 2121 1060 2191 ignominia
1107 2120 1273 2187 patris
1311 2118 1357 2150 δ”
1386 2136 1401 2174 :
1444 2119 1633 2172 eodem
1683 2120 1841 2171 modo
1873 2133 1973 2172 nec

390 2212 554 2269 Pater
587 2211 657 2267 ob
682 2211 1030 2280 ignominiam
1058 2208 1182 2265 Filii
1222 2208 1577 2279 gloriﬁcatur.
1610 2211 1665 2264 Si
1699 2210 1962 2279 Spiritum

390 2311 641 2360 sanctum
677 2303 1008 2372 aspernaris,
1045 2304 1309 2357 honorem
1338 2312 1486 2356 tuum
1508 2301 1675 2357 Filius
1701 2303 1967 2372 repudiat.

392 2394 631 2451 Tametsi
661 2396 803 2451 enim
829 2410 934 2448 non
963 2396 1173 2457 eodem,
1199 2409 1306 2463 quo
1321 2394 1510 2461 Filius,
1531 2394 1691 2450 modo
1712 2410 1779 2450 ex
1808 2393 1970 2448 Patre

391 2495 498 2553 est,
531 2494 706 2541 tamen
732 2501 800 2540 ex
830 2487 1018 2540 eodem
1054 2484 1218 2541 Patre
1249 2493 1356 2540 est.
1392 2484 1498 2538 Aut
1545 2494 1715 2539 totum
1765 2485 1972 2538 honore

391 2577 563 2646 atﬁce,
581 2586 674 2633 aut
693 2587 862 2633 totum
878 2588 1181 2641 contemne,
1202 2586 1260 2630 ut
1281 2576 1469 2631 saltem
1495 2576 1586 2631 tibi
1603 2577 1701 2647 ipsi
1730 2584 1967 2629 constes.

390 2669 737 2726 Dimidiatum
770 2671 932 2726 istam
958 2669 1212 2739 pietatem
1240 2669 1507 2739 improbo.
1534 2667 1727 2721 Totum
1751 2667 1967 2735 quidem

392 2771 448 2817 te
476 2761 623 2832 pium
653 2775 775 2817 esse
808 2760 953 2827 volo,
977 2759 1073 2814 sed
1099 2758 1553 2828 quemadmodum
1583 2758 1723 2811 volo.
1748 2757 1969 2824 Ignosce

390 2851 831 2910 aﬂ'eclui.Eorum
857 2865 1072 2922 quoque
1087 2851 1260 2906 vicem
1283 2849 1458 2913 doleo,
1492 2850 1581 2918 qui
1603 2864 1687 2901 me
1717 2850 1964 2901 oderunt.

389 2944 689 3001 Membrum
720 2958 901 2999 meum
940 2958 1083 3010 eras,
1121 2943 1220 2998 etsi
1241 2958 1381 2997 nunc
1411 2941 1969 2996 abscinderisnuem-

386 3038 549 3092 brum
583 3049 801 3106 quoque
838 3034 1065 3089 rortasse
1106 3033 1233 3090 ﬁes:
1278 3042 1440 3100 atque
1466 3031 1536 3086 ob
1572 3032 1711 3085 hanc
1749 3043 1966 3084 causam

2075 477 2133 531 δὲ
2174 479 2288 531 ἴστε
2335 478 2404 531 τά
2435 477 2695 549 ὀνόματα,
2730 478 2834 533 κᾶν
2877 478 2990 549 ἐγὼ
3025 481 3100 552 μὴ
3149 481 3311 551 λέγω.
3365 483 3428 536 Ei
3483 482 3651 550 οὕτως

2076 563 2295 628 ἀκούεις
2326 567 2671 637 Χριστιανὸς,
2715 568 2886 639 μικρά
2916 568 3037 624 λίαν
3084 571 3119 642 ἡ
3161 573 3520 644 προσηγορίαι,
3552 574 3651 629 κᾶν

2076 656 2163 708 ἐπ’
2196 657 2331 727 αὐτῇ
2370 657 2711 730 καλλωπίςῃ·
2744 662 2792 712 εί
2817 659 2895 727 δὲ,
2931 661 3017 714 ὅτι
3047 662 3142 715 καὶ
3171 662 3305 717 Θεὸν
3327 663 3648 736 ὑπείληφας,

2074 746 2243 812 δεῖξον
2256 751 2368 810 τοῖς
2387 747 2566 819 ἔργοις
2578 750 2651 814 ὡς
2669 750 2990 823 ὑπείληφας.
3009 752 3071 805 Ei
3092 752 3296 824 κτίσμα
3316 756 3343 807 6
3366 754 3494 818 Υἱὸς
3517 755 3649 827 (42),

2076 837 2156 891 ἔτι
2180 841 2272 892 καὶ
2287 838 2381 893 νῦν
2403 839 2685 911 λατρεύεις
2707 843 2773 912 τῇ
2800 842 2975 894 κτίσει
3001 842 3152 913 παρά
3168 844 3258 896 τὸν
3281 843 3646 916 κτίστηνμὸ).

2074 930 2138 982 Ei
2172 931 2376 1001 κτίσμα
2406 931 2467 984 τὸ
2512 931 2736 1003 Πνεῦμα
2767 932 2829 986 τὸ
2862 932 3043 1002 ἅγιον,
3082 935 3259 1007 μάτην
3292 935 3645 1008 ὲδαπτίσθης,

2075 1020 2308 1085 καὶτοῖς
2346 1021 2444 1092 μὲν
2478 1021 2595 1075 δυσὶ
2637 1022 2749 1094 (44)
2784 1023 3005 1095 μέρεσιν
3047 1026 3327 1095 ὑγιαίνεις,
3364 1029 3559 1099 μᾶλλον
3591 1030 3649 1084 δὲ

2074 1112 2193 1165 οὐδὲ
2216 1114 2442 1178 ἐκείνοις
2459 1129 2471 1145 ⁸
2496 1117 2572 1187 τῷ
2599 1116 2655 1169 δὲ
2682 1118 2781 1181 ἑνὶ,
2806 1117 3083 1182 παντελῶς
3106 1119 3453 1185 κινδυνεύεις.
3491 1122 3651 1175 Ὑπό-

2077 1199 2169 1254 θου
2205 1204 2546 1275 μαργαρίτην
2587 1204 2684 1258 ἕνα
2728 1201 2993 1276 εἶναιτὴν
3033 1206 3263 1278 Τριάδα,
3315 1206 3647 1278 πανταχόθεν

2073 1294 2277 1363 ὅμοιον,
2314 1295 2409 1347 κα)⁵
2452 1295 2563 1347 ἴσον
2599 1294 2898 1348 στίλϐοντα.
2940 1297 3006 1349 Ὅ
3030 1313 3081 1350 τι
3126 1298 3190 1350 ἂν
3230 1297 3376 1369 πάθῃ
3412 1298 3523 1370 (45)
3554 1296 3647 1352 τοῦ

2078 1387 2436 1457 μαργαρίτου,
2462 1389 2495 1457 ἠ
2530 1387 2681 1441 πᾶσα
2712 1386 2805 1440 τοῦ
2835 1387 2982 1442 λίθου
3009 1390 3167 1460 χάρις
3191 1390 3508 1459 ἠφάνισται.
3540 1389 3646 1444 Οὕ-

2072 1499 2182 1545 τως
2203 1482 2331 1535 ὄταν
2360 1482 2632 1552 ἀτιμάζῃς
2659 1482 2808 1545 Υἱὸν,
2830 1481 2918 1535 ἵνα
2948 1485 3184 1556 τιμήσῃς
3213 1484 3453 1557 Πατέρα,
3481 1485 3542 1538 ού
3572 1483 3652 1539 δὲ-

2074 1573 2227 1645 χεταί
2259 1592 2351 1627 σου
2383 1574 2481 1646 τὴν
2505 1576 2690 1645 τιμήν.
2735 1576 2852 1628 Ἐπ’
2880 1576 3074 1646 ἀτιμίᾳ.
3101 1575 3193 1628 τοῦ
3232 1576 3363 1629 Υἱοῦ
3397 1579 3424 1630 6
3462 1576 3649 1648 Πατὴρ

2074 1667 2134 1719 ού
2165 1666 2462 1731 δοξάζεται.
2492 1666 2556 1718 Ei
2593 1660 2755 1734 σοφὸς
2783 1666 2897 1729 υίὸς
2922 1666 3201 1736 εὐφραίνει
3227 1668 3460 1737 πατέρα.
3499 1667 3648 1736 πόσῳ

2003 1734 2047 1790 Β
2076 1758 2273 1831 μᾶλλον
2305 1761 2337 1829 ἡ
2380 1759 2475 1811 τοῦ
2518 1758 2650 1811 Υἱοῦ
2685 1759 2838 1829 τιμὴ,
2870 1758 3001 1830 τιμὴ
3030 1734 3134 1811 τοῦ
3177 1734 3388 1830 Πατρὸς
3417 1758 3526 1828 (46)
3557 1734 3648 1827 γέξ

2072 1864 2261 1919 νηται;
2308 1850 2371 1902 Εἰ
2419 1849 2476 1902 δὲ
2519 1846 2801 1901 καὶτοῦτο
2842 1832 2967 1917 δέξῃ
3004 1847 3247 1919 (Vn-Td
3298 1847 3530 1905 τέκνον.
3559 1847 3646 1916 μὴ

2071 1939 2323 2005 δοξάζου
2352 1941 2444 1993 ἐπ’
2472 1941 2673 2010 ἀτιμίᾳ
2704 1940 2962 2007 Πατρός’
2993 1938 3163 2001 οὕτως
3191 1939 3311 1992 οὐδὲ
3342 1940 3531 2010 Πατὴρ
3562 1941 3646 1991 ἐπ’

2072 2029 2265 2100 ἀτιμία
2295 2028 2388 2081 τοῦ
2425 2028 2557 2080 Υἱοῦ
2589 2026 2890 2094 δοξάζεται.
2917 2029 2979 2080 Ei
3008 2028 3293 2098 ἀτιμάζεις
3326 2027 3387 2081 τὸ
3427 2027 3650 2098 Πνεῦμα

2071 2122 2132 2175 τὸ
2166 2123 2339 2191 ἆγιον,
2369 2121 2430 2173 ού
2463 2121 2678 2191 δέχεταί
2717 2138 2809 2174 σου
2835 2121 2933 2191 τὴν
2966 2122 3130 2191 τιμὴν
3182 2122 3210 2173 6
3250 2121 3395 2183 Υἱός.
3439 2121 3501 2174 Εἰ
3540 2121 3650 2193 γὰρ

2072 2214 2165 2268 καὶ
2205 2213 2279 2285 μὴ
2317 2214 2393 2278 ὼς
2427 2214 2553 2277 Υἱὸς
2589 2205 2654 2267 ἐκ
2682 2214 2775 2267 τοῦ
2811 2213 3043 2284 Πατρός,
3074 2212 3188 2265 ἀλλ’
3218 2208 3310 2265 οῦν
3339 2214 3400 2265 ὲκ
3429 2211 3522 2266 τοῦ
3554 2214 3649 2266 αύ-

2068 2306 2163 2361 τοῦ
2188 2306 2422 2374 Πατρός.
2454 2305 2525 2358 Ἦ
2549 2305 2611 2358 τὸ
2637 2306 2745 2358 πᾶν
2777 2305 3028 2375 τίμησόν,
3059 2304 3091 2373 ἢ
3122 2304 3184 2356 τὸ
3214 2304 3333 2357 ὅλον
3362 2296 3671 2372 ἀτίμασον,

2071 2396 2157 2449 ἵνα
2196 2393 2489 2456 ἀκόλουθος
2531 2393 2654 2456 νοῦς
2697 2393 2806 2464 (48)
2847 2392 3055 2463 σεαυτῷ
3102 2393 3396 2466 τυγχάνῃς.
3443 2394 3516 2446 Οὐ
3562 2394 3648 2447 δέ-

2069 2486 2236 2558 χομαί
2272 2502 2366 2537 σου
2399 2485 2461 2537 τὸ
2500 2483 2560 2548 ἐξ
2597 2484 2851 2556 ἡμισείας
2898 2485 3008 2553 (49)
3059 2485 3300 2548 εὐσεϐές.
3351 2485 3509 2538 Ὅλον
3558 2486 3650 2538 εύ-

2072 2572 2204 2642 σεὸῆ
2241 2572 2338 2642 μὲν
2370 2567 2508 2626 εἷναί
2548 2589 2606 2624 σε
2651 2572 2933 2643 βούλομαι,
2969 2572 3103 2626 ἀλλὰ
3141 2572 3325 2637 καθὼς
3367 2573 3645 2645 βούλομαι,

2070 2662 2351 2731 Σύγγνωθι
2377 2662 2455 2733 τῷ
2482 2663 2667 2717 πάθει.
2708 2665 2880 2734 Ἀ).γῶ
2908 2667 3002 2719 καὶ
3027 2666 3166 2738 ὑπὲρ
3191 2666 3297 2720 τῶν
3321 2668 3647 2737 μισούντων.

2067 2754 2243 2816 Μέλος
2268 2748 2336 2821 ἧς
2369 2754 2518 2824 ἐμὸν,
2552 2755 2645 2807 καὶ
2690 2756 2738 2808 εί
2771 2755 2866 2809 νῦν
2895 2757 3205 2829 ἀποτέμνῃ·
3242 2756 3401 2827 μέλος
3431 2758 3526 2811 καὶ
3556 2773 3652 2822 γε-

2068 2846 2209 2917 νήσῃ
2240 2844 2429 2916 τυχόν·
2475 2844 2562 2899 διὰ
2591 2845 2749 2899 τοῦτο
2779 2848 2872 2901 καὶ
2915 2847 3273 2919 φιλάνθρωπα
3318 2848 3648 2920 φθέγγομαι.

2069 2936 2251 2988 Ταῦτα
2286 2937 2374 2990 διὰ
2404 2938 2529 3001 τοὺς
2555 2938 2863 3009 εὐνούχους,
2891 2941 2978 2994 ἵνα
3003 2943 3130 3012 περὶ
3160 2940 3389 3015 θεότητα
3434 2959 3651 3014 σωφρο-

2069 3045 2250 3080 νωσιν.

388 3132 625 3188 humane
652 3145 713 3187 ac
743 3130 973 3202 benigne
1001 3129 1213 3199 loquor.
1247 3128 1371 3183 Haec
1402 3128 1775 3183 cunuchorum
1796 3139 1962 3183 causa
2001 3125 2157 3180 nobis
2191 3127 2333 3181 dicta
2360 3128 2488 3193 sint,
2521 3137 2579 3181 ut
2633 3128 2773 3183 circa
2833 3128 3165 3183 divinitatem
3203 3129 3394 3199 pudice
3423 3136 3475 3184 et
3499 3138 3650 3185 caste

386 3238 448 3279 se
481 3233 691 3291 gerant.

458 3316 602 3373 XIX.
634 3317 753 3372 Non
797 3317 945 3371 enim
998 3322 1283 3386 peccatum
1324 3312 1453 3368 illud
1484 3312 1681 3378 solum,
1724 3312 1866 3382 quod
1905 3313 1957 3367 in

2136 3312 2237 3367 10'.
2286 3313 2360 3366 Οὐ
2401 3312 2510 3384 γὰρ
2552 3316 2584 3385 ή
2625 3313 2734 3385 (50)
2770 3315 2899 3385 περὶ
2961 3312 3119 3383 σῶμα
3173 3311 3330 3382 μόνον
3381 3311 3648 3383 ἁμαρτία,

387 3423 616 3478 corpore
649 3406 974 3469 admittitur,
1009 3404 1298 3459 fornicatio
1319 3402 1709 3457 etadultcrium
1741 3401 1961 3467 dicitur,

388 3500 483 3557 sed
506 3509 561 3555 et
590 3501 822 3569 quodvis
857 3499 1001 3552 aliud
1054 3496 1343 3565 ﬂagitium,
1373 3510 1435 3567 ac
1457 3494 1757 3565 prmsertim
1790 3493 1966 3548 scelus

386 3593 463 3659 id,
495 3593 636 3661 quod
677 3591 732 3645 in
799 3589 1040 3645 divinum
1087 3603 1282 3643 numen
1329 3596 1694 3657 perpetretur.
1729 3584 1882 3640 Unde
1912 3583 1967 3638 id

387 3682 759 3745 ostendamus,
793 3680 1023 3735 fortasse
1041 3671 1279 3749 quaeris?
1302 3676 1579 3731 Fornicati
1600 3686 1742 3741 sum,
1764 3676 1965 3744 inquit,

386 3777 443 3827 in
466 3772 919 3827 adinventionibus
979 3773 1089 3825 suis
1134 3772 1200 3825 ".
1265 3770 1498 3825 Videsne
1557 3777 1614 3823 ct
1678 3767 1965 3836 impudens

387 3864 761 3921 fornicationis
829 3861 1083 3918 facinus?
1126 3861 1193 3917 Et
1246 3861 1351 3915 alio
1398 3860 1515 3916 loco
1555 3876 1570 3914 :
1630 3858 1959 3912 Adulterium

385 3959 773 4015 committebant
806 3960 861 4011 in
909 3958 1048 4027 ligno
1082 3958 1150 4009 “.
1203 3955 1436 4012 Videsne
1492 3964 1547 4006 et
1593 3953 1959 4007 adulterinum

385 4050 673 4120 quemdam
718 4049 886 4122 658
912 4049 1157 4103 cultum?
1185 4046 1451 4113 Quocirca
1489 4059 1555 4098 ne
1583 4045 1767 4098 animo
1806 4042 1962 4097 adul—

387 4143 585 4198 terium
609 4144 940 4207 committas,
973 4154 1201 4210 corpore
1237 4138 1548 4194 castitatem
1595 4134 1962 4189 coleus.A|io-

384 4232 481 4303 qui
533 4233 874 4302 perspicuum
923 4232 1111 4295 facies,
1158 4239 1229 4292 te,
1253 4229 1435 4299 quoad
1491 4242 1710 4282 carnem
1743 4229 1958 4290 attinet,

386 4321 554 4378 invite
575 4324 827 4393 pudicum
878 4338 1022 4390 esse,
1064 4323 1321 4393 quoniam
1367 4322 1419 4374 in
1450 4320 1514 4374 iis
1543 4320 1727 4384 rebus,
1751 4320 1805 4372 in
1842 4320 1963 4387 qui-

384 4415 489 4471 bus
525 4417 755 4472 scortari
787 4416 884 4470 tibi
919 4414 1403 4486 licet,pudicitiam
1424 4427 1532 4467 non
1554 4420 1799 4480 praestas.
1820 4410 1961 4478 Quid

2064 3404 2289 3475 πορνεία
2319 3404 2413 3458 καὶ
2458 3404 2668 3475 μοιχεία
2704 3404 2942 3472 λέγεται,
2979 3403 3113 3458 ἀλλά
3143 3404 3235 3455 κα)¹
3263 3402 3438 3456 ὁτιοῦν
3467 3402 3650 3475 ἦμαρ-

2062 3517 2174 3563 τες,
2211 3500 2304 3551 καὶ
2348 3498 2583 3569 μάλιστα
2615 3502 2646 3569 ἡ
2678 3499 2806 3570 περὶ
2837 3498 2896 3551 τὸ
2931 3497 3072 3551 θεῖον
3107 3496 3443 3567 παρανομία.
3475 3494 3649 3548 Πόθεν

2066 3595 2438 3666 παράσχωμεν
2512 3593 2661 3664 (Si);
2726 3592 2884 3646 τοῦτο
2950 3592 3111 3661 τυχὸν
3183 3591 3431 3653 ἀπαιτεῖς
3499 3587 3646 3658 (52)*

2079 3687 2504 3755 Ἐπόρνειοσιιν,
2555 3687 2740 3757 φησὶν,
2773 3686 2842 3738 ἐν
2872 3683 2997 3750 τοῖς
3045 3682 3514 3750 ἐπιτηδεύμασιν
3543 3684 3651 3735 αύ-

2066 3775 2204 3828 τῶν.
2252 3776 2415 3847 Ὁρᾷς
2452 3780 2545 3829 καὶ
2587 3776 2783 3846 πρᾶξιν
2817 3774 3072 3846 πορνείας
3111 3773 3462 3843 ἀναίσχυντον
3496 3772 3647 3845 (55);

2068 3869 2197 3935 Καὶ,
2260 3867 2636 3938 Ἐμίιχῶντο,
2673 3868 2862 3937 φησιν,
2898 3867 2968 3919 ἐν
3013 3865 3090 3931 τῷ
3122 3865 3306 3929 ξύλῳ.
3353 3866 3515 3935 Ὁρᾷς
3556 3866 3651 3918 καὶ⁵

2070 3957 2364 4030 θρησκείαν
2389 3961 2507 4010 τινὰ
2534 3956 2843 4028 μοιχαλίδα;
2867 3956 2959 4026 Μὴ
2980 3954 3157 4008 τοίνυν
3181 3953 3474 4025 μοιχεύσῃς
3506 3952 3650 4007 κατά

2067 4048 2264 4119 ψυχὴν,
2316 4049 2607 4119 σωφρονῶν
2654 4048 2732 4118 τῷ
2760 4047 3003 4118 σώματι·
3057 4046 3133 4118 μὴ
3174 4044 3367 4110 δείξεις
3422 4045 3535 4117 (54)
3585 4045 3651 4099 τὸ

2069 4139 2338 4202 ἀκουσίως
2368 4142 2434 4211 τῇ
2471 4139 2635 4210 σαρκὶ
2674 4141 2969 4210 σωφρονεῖν
3002 4138 3059 4205 ἐξ
3091 4132 3165 4192 ὧν
3210 4138 3271 4190 ού
3324 4139 3646 4211 σωφρονεῖς,

2069 4233 2126 4284 ἐν
2158 4227 2239 4295 οἷς
2270 4230 2551 4302 πορνεύειν
2576 4231 2799 4293 δυνατὸς
2828 4226 2898 4284 εἴ.
2931 4230 2996 4283 Τί
3027 4230 3362 4301 πεποιήκατε
3392 4229 3489 4299 τὴν
3517 4228 3649 4282 ἀσέ-

2069 4322 2220 4374 ϐειαν
2257 4321 2560 4391 ὑμετέραν;
2601 4320 2665 4372 Τί
2694 4321 2895 4383 πάντες
2926 4320 3017 4373 ἐπὶ
3060 4320 3119 4373 τὸ
3165 4322 3349 4391 χεῖρον
3380 4319 3646 4392 φέρεσθε,

2069 4413 2144 4474 ὠς
2169 4414 2363 4464 ταυτὸν
2399 4407 2537 4465 εἶναι
2573 4411 2757 4464 λοιπὸν
2777 4451 2791 4475 ,
2823 4411 2856 4482 ἢ
2886 4409 3159 4481 εὐνοῦχον,
3188 4410 3223 4481 ἥ
3248 4411 3422 4482 ἀσεῦῆ
3459 4411 3650 4465 καλεῖ-

472 4555 518 4589 ⁶³
545 4553 708 4611 Prov.
733 4554 860 4623 x,l.
938 4537 1170 4610 “Eccli.
1201 4567 1283 4618 ιιι,
1315 4552 1404 4607 12.
1486 4552 1528 4583 ⁸⁵
1548 4551 1691 4607 Psal.
1722 4566 1808 4617 εν,
1838 4551 1926 4607 59.

2077 4551 2278 4608 Jerem.
2315 4569 2396 4614 ιιι,
2424 4552 2478 4606 6.

390 4725 603 4785 pannos
619 4711 789 4785 variis
806 4709 1085 4785 coloribus
1100 4709 1383 4785 distinctos
1413 4707 1722 4785 gestabant,
1758 4708 1854 4785 alii
1879 4709 1958 4763 al-
1991 4719 2037 4773 ι)
2064 4710 2244 4776 τοῦτο,
2281 4707 2430 4773 δέξαι
2458 4708 2547 4761 τό·
2597 4724 2617 4757 ι
2637 4710 2786 4775 Quod
2837 4707 2883 4763 si
2913 4708 3013 4764 hoc
3054 4712 3245 4780 etiam,
3287 4710 3417 4766 illud
3450 4712 3653 4785 proba-

387 4774 480 4847 bo,
515 4781 607 4835 alii
631 4781 1019 4847 caruleo,_etc.
1054 4780 1211 4835 Plebs
1234 4793 1360 4833 vero
1398 4774 1517 4846 Quae
1546 4779 1956 4845 circumstabat,

386 4844 557 4910 scissa
582 4853 637 4907 in
675 4844 944 4906 contraria
976 4851 1174 4915 studia,
1210 4849 1317 4903 alia
1354 4844 1474 4902 aliis
1498 4849 1766 4903 coloribus
1793 4849 1946 4903 fave-

387 4923 503 4984 bat,
538 4937 638 4977 suo
658 4924 884 4991 quat'que
904 4919 1100 4991 colori.
1221 4987 1231 4991 _
1508 4986 1551 4991 η
1867 4969 1873 4976 .

455 4992 567 5064 (42)
602 4986 848 5055 ὈῪὶός.
898 4989 989 5044 Sic
1046 4987 1327 5110 legendum
1379 4986 1724 5041 manifestum
1777 4997 1860 5042 est
1889 5004 1955 5044 ex

455 5063 750 5110 uirentibus-
778 5075 882 5110 non
916 5074 1066 5110 vero.
1145 5058 1296 5110 Θεός.
1339 5069 1395 5110 ιιι
1424 5061 1679 5110 mendose
1714 5060 1764 5110 in
1799 5060 1955 5110 editis

384 5058 750 5187 lsequentibus,
778 5075 883 5114 non
916 5074 1066 5125 vero,
1098 5058 1297 5124 όΘεός,
1339 5069 1395 5113 ιιι
1424 5061 1679 5112 mendose
1714 5060 1764 5112 in
1799 5060 1958 5115 editis

405 5143 598 5187 cantur.

405 5137 598 5188 eaitur.

436 5149 882 5275 ἦιὶξῖοιίτιοξτῃν.
921 5199 1034 5275 Duo
1064 5197 1552 5275 Golb.,_xfc_icavra.

457 5268 571 5344 (44)
595 5272 766 5330 Δυσι.
793 5270 930 5344 iteg.
959 5272 1069 5344 bin,
1095 5272 1202 5344 duo
1230 5270 1382 5344 Qolb.
1410 5279 1464 5344 et
1486 5268 1637 5344 Ur._l
1671 5268 1789 5344 δύο.

430 5338 569 5469 d(€355)
596 5345 667 5397 Ὀ
698 5359 756 5396 τι
786 5340 863 5396 ἂν
895 5338 1077 5410 πάθῃ.
1120 5338 1209 5395 Sic
1231 5339 1420 5395 Comb.
1445 5339 1505 5393 In
1529 5340 1639 5404 ed.,
1670 5339 1792 5391 Ὅτι
1823 5338 1888 5392 ἄν
1907 5356 1962 5392 τι

498 5428 553 5469 η.

383 5427 553 5484 πασῃ.

458 5470 570 5555 (ὦ)
605 5485 667 5541 Ἠ
700 5484 806 5538 τοῦ
845 5483 982 5555 Υἱοῦ
1039 5481 1199 5553 τιμὴ,
1242 5480 1379 5552 τιμὴ
1423 5480 1529 5535 τοῦ
1563 5480 1812 5555 Πατρός,
1848 5489 1953 5555 etc.

387 5549 480 5609 Sic
506 5549 666 5609 Cbisl.
699 5555 725 5608 1
755 5563 810 5608 et
842 5553 935 5608 0r.
970 5555 1024 5619 1,
1066 5549 1424 5608 εειιεθοίιιιύιι
1458 5566 1638 5605 manu.
1682 5549 1857 5604 Prave
1901 5551 1954 5605 in

385 5626 568 5697 ed,,_'i)
591 5624 687 5697 τοῦ
720 5623 850 5697 Υίοῦ
877 5623 1051 5697 τιμὴη
1068 5621 1144 5693 μὴ
1173 5621 1269 5697 τοῦ
1298 5621 1530 5697 Πατρός.

456 5689 568 5767 (47)
619 5696 690 5751 Ei
719 5694 788 5749 δὲ
814 5694 912 5749 καὶ
937 5689 1142 5749 ’τοῦτα
1163 5691 1328 5763 δέξῃ.
1387 5689 1597 5757 Comb.,
1656 5689 1719 5743 Ei
1756 5690 1812 5745 δὲ
1860 5690 1953 5745 καὶ

2072 4792 2249 4922 to.(4’8)
2290 4851 2467 4922 Νοῦς.
2504 4849 2626 4903 Haec
2659 4863 2762 4922 \jox
2792 4863 3193 4922 supervacanea
3218 4850 3453 4906 videtur.

2137 4919 2248 4991 (49)
2286 4921 2355 4975 Τὸ
2384 4922 2453 4984 ἐξ
2485 4919 2782 4989 ἡμισείας.
2840 4920 2930 4972 Sic
2952 4922 3055 4974 duo
3081 4921 3252 4991 Regg.
3276 4936 3510 4991 quorum
3547 4937 3651 4975 au-

2066 4990 2312 5045 eloritate
2342 4991 2638 5044 detevinms
2670 4991 2764 5060 μή,
2802 4991 2943 5057 quod
2975 4991 3055 5045 sic
3101 4991 3157 5045 in
3180 4990 3359 5046 editis
3392 4990 3594 5060 legitur
3631 5009 3647 5045 :

2069 5060 2132 5112 τὸ
2161 5061 2234 5131 μὴ
2267 5060 2325 5126 ἐξ
2356 5060 2695 5131 ἡμισείας-⁸
2774 5129 2801 5131 _
2944 5129 2952 5131 _
3204 5130 3217 5131 ί
3267 5130 3275 5131 7
3476 5127 3497 5131 _

2069 5061 2132 5112 τὸ
2161 5061 2234 5131 μὴ
2267 5061 2325 5126 ἐξ
2356 5061 2630 5131 ἡμισείας.

2073 5200 2111 5213 ἢ
2144 5133 2363 5213 (soror;
2391 5130 2502 5213 γᾴρ
2528 5129 2590 5195 ἠ.
2641 5128 2732 5184 Sic
2774 5129 2904 5199 Reg.
2941 5129 2996 5196 b,
3055 5140 3161 5185 tres
3186 5130 3336 5186 Colb.
3379 5139 3435 5185 et
3464 5127 3560 5184 0r.
3591 5144 3646 5184 ι.

2071 5200 2233 5254 Deest
2259 5203 2291 5271 ἡ
2324 5203 2375 5254 in
2404 5205 2491 5254 ed.

2140 5270 2252 5342 (bl)
2286 5268 2711 5342 Παράσχωμεν.
2742 5266 3114 5342 Iunounullis,
3146 5268 3533 5342 παράσχωμαι.

2139 5339 2251 5413 (ἓξ)
2294 5340 2596 5413 Ἀπαιτξῖς·
2621 5343 2677 5413 ³5⁸
2708 5339 3050 5413 (Ιειῖῧυεάειιιι,
3078 5339 3425 5413 ἀπαιέςήσειςέ

2138 5410 2250 5480 (55)
2295 5410 2582 5479 Πορνείας
2626 5409 3058 5477 ἀναίσχυντον.
3114 5409 3364 5466 Nonnulli
3420 5410 3647 5478 habent,

2066 5481 2271 5552 πόρνην
2298 5482 2670 5550 ἀναίσχυντον.
2695 5497 2714 5531 ι
2744 5480 2901 5537 Vides
2928 5486 3194 5537 actionem
3219 5481 3502 5552 impudens
3523 5499 3652 5538 esse

2063 5553 2634 5699 εοῖὲἱῖᾝῖὴιδείξεις.
2671 5619 2802 5691 Reg.
2833 5620 3014 5699 b,_duo
3040 5620 3194 5699 Golb.
3248 5630 3303 5674 et
3326 5620 3420 5682 Or.
3468 5624 3524 5691 1,
3565 5622 3651 5699 μὴ

2060 5690 2241 5765 οείξῃς
2278 5690 2553 5765 [optime],
2592 5709 2610 5745 ι
2631 5707 2697 5748 ne
2725 5690 3072 5761 perspicuum
3096 5690 3284 5748 facias.
3314 5709 3334 5743 ι
