3910 6214
254 248 364 309 305

1159 253 1417 309 ORATIO
1456 252 1720 309 XXXVII.
1758 283 1829 292 —
1869 253 1933 310 IN
1972 251 2233 309 MATTH.
2277 251 2416 319 XIX,
2458 253 2606 308 1-12.

3410 257 3522 319 ειὶϐ

259 361 420 428 σθαις
466 360 694 415 Γένεσθε
732 362 869 433 μετὰ
900 361 1009 415 τῶν
1036 362 1270 434 ἀνδρῶν,
1300 363 1400 433 ὀψὲ
1432 363 1564 431 ’χοῦν
1592 361 1840 433 ἀνδρικόν

1950 364 2286 433 impietatem
2320 372 2558 417 vestram
2588 360 3042 431 eﬁecistisiQuid
3096 382 3287 424 omnes
3348 369 3401 425 in
3437 373 3522 429 vi-

254 470 310 507 τι
338 455 681 524 φρονήσατε,
709 454 909 525 φύγετε
932 453 1033 517 τὰς
1060 454 1526 522 γυναικωνίτιδας,
1564 452 1638 524 μὴ
1668 469 1838 524 προσ-

254 544 472 615 τεθήτω
507 543 585 615 τῷ
617 544 829 616 αἶσχρῷ
863 546 958 599 τοῦ
987 546 1250 616 ὀνόματος
1282 545 1342 599 τὸ
1370 544 1595 615 αἰσχρὸν
1620 543 1714 598 τοῦ
1749 562 1848 615 κη-

256 632 539 705 ρύγματος
566 635 700 706 (55).
731 634 998 689 Βούλεσθε
1035 636 1230 707 μικρὸν
1257 636 1337 689 ἔτι
1381 636 1459 707 τῷ
1492 636 1637 706 λόγῳ
1677 651 1847 706 προσ-

255 725 697 795 καρτηρήσωμεν
746 722 896 795 (56);
935 725 1008 778 Ἢ
1049 725 1211 797 κόρον
1267 726 1378 797 ἔχει
1425 725 1492 779 τὰ
1538 724 1842 797 εἰρημένα;

253 814 404 884 Πλὴν
432 813 821 886 τιμηθήτωσαν
849 817 946 870 καὶ
983 818 1032 869 οἱ
1072 815 1316 871 εὐνοῦγοι
1348 819 1460 881 τοῖς
1487 815 1645 885 ἑξῆς·
1680 818 1837 868 ἐπαι-

255 904 408 969 νετὸς
435 904 546 977 γὰρ
571 908 600 959 ὁ
626 905 802 975 λόγος.

1951 454 2082 508 tium
2114 452 2417 523 prmcipites
2457 453 2715 518 l'erimini,
2751 463 2811 508 ut
2840 453 3093 524 deinceps
3134 457 3275 511 idem
3300 458 3394 522 sit,
3424 471 3522 519 aut:

1953 544 2282 605 eunuchum,
2319 552 2413 597 aut
2436 542 2658 612 impium
2696 544 2919 598 vocari?
2950 542 3184 599 Tandem
3227 547 3521 617 aliquando

1951 634 2082 690 viris
2110 651 2205 689 vos
2244 635 2540 705 adjungite,
2602 635 2810 690 virilem
2843 635 3076 704 aliquem
3132 636 3383 695 allectum
3421 640 3518 696 ha-

1951 725 2097 791 beto,
2136 741 2386 795 gynaecea
2418 726 2607 795 fugite,
2646 740 2712 781 ne
2753 729 2819 782 ad
2853 729 3088 783 nominis
3132 731 3515 799 turpitudinem

1952 816 2347 884 praedicationis
2372 818 2648 885 turpitudo
2683 818 2925 873 accedat.
2955 818 3127 874 Vultis
3163 820 3216 874 in
3253 821 3354 876 hac
3380 834 3513 876 ora-

1950 906 2095 962 tione
2125 908 2369 961 nonnihil
2419 908 2594 963 adhuc
2639 908 3028 963 immoremur?
3060 912 3137 963 An
3174 912 3352 978 potius
3371 914 3518 968 solli-

256 994 430 1059 ciunt,
463 1009 585 1064 qua:
610 996 877 1051 diximus?
907 994 1110 1050 Verum
1135 1012 1233 1066 per
1277 997 1412 1063 haec,
1458 1013 1578 1067 qua:
1639 1006 1962 1062 secunntur,
2020 999 2254 1053 eunuchi
2311 1014 2525 1069 quoque
2586 999 2937 1056 honorentur.
2999 1000 3308 1059 Laudabilis
3368 1004 3515 1061 enim

256 1084 348 1138 hic
377 1099 560 1139 sermo
580 1093 681 1141 est.

327 1174 413 1227 K'.
439 1176 577 1231 Εἰσὶ
614 1178 724 1248 γὰρ
746 1181 1055 1254 εὐνοῦχοι,
1083 1189 1268 1258 φησὶν,
1291 1188 1508 1256 οἵτινες
1527 1190 1597 1243 ἐκ
1613 1190 1847 1255 κοιλίας

248 1265 479 1334 μητρὸς
507 1266 925 1340 ἐγεννήθησαν
952 1275 1141 1343 οὕτως
1160 1292 1176 1308 ·
1210 1278 1310 1331 καὶ
1341 1279 1502 1334 εἰσὶν
1531 1280 1840 1350 εὐνοῦχοι,

254 1358 477 1424 οἵτινες
503 1362 1002 1434 εὐνουχίσθησαν
1025 1368 1185 1436 παρὰ
1211 1368 1329 1422 τῶν
1355 1370 1708 1440 ἀνθρώπων·
1743 1373 1841 1427 καὶ

252 1446 417 1500 εἰσιν
440 1449 723 1520 εὐνοῦχοι
758 1454 894 1527 (57),
924 1456 1142 1525 οἵτινες
1183 1461 1552 1529 εὐνούχισαν
1589 1462 1842 1529 ἑαυτοὺς

2020 1183 2141 1240 XX.
2179 1183 2319 1237 Sunt
2342 1181 2586 1247 eunuchi,
2612 1182 2808 1251 inquit,
2833 1185 2922 1254 qui
2948 1201 3014 1239 ea:
3063 1196 3206 1243 utero
3236 1191 3418 1244 matris
3438 1190 3517 1245 ita

1945 1276 2058 1331 nati
2088 1288 2245 1330 sunt:
2270 1283 2319 1327 et
2354 1287 2472 1328 sunt
2500 1274 2744 1338 eunuchi,
2795 1276 2884 1344 qui
2918 1280 3141 1330 castrati
3183 1291 3304 1334 sunt
3335 1281 3400 1333 ab
3422 1262 3518 1335 Ito-

1940 1364 2278 1418 minibus:et
2302 1373 2422 1416 sunt
2479 1365 2727 1427 eunuchi,
2790 1365 2878 1428 qui
2923 1377 3281 1423 castraverunt
3317 1371 3514 1439 seipsos

1940 1462 2151 1521 propter
2181 1467 2401 1520 regnum
2428 1453 2696 1505 caelorum.
2733 1450 2836 1516 Qui
2886 1462 3048 1521 potest
3083 1469 3290 1523 capere,
3317 1456 3511 1523 capiat.

254 1537 357 1593 διὰ
388 1538 505 1608 τὴν
535 1541 868 1605 βασιλείαν
903 1545 1023 1601 τῶν
1066 1549 1357 1619 οὐρανῶν.
1409 1553 1472 1605 '0
1503 1551 1836 1623 δυνάμενος

1948 1542 2173 1598 Videtur
2207 1543 2343 1597 mihi
2373 1541 2678 1612 Scriptura,
2711 1561 2741 1599 a
2769 1544 3086 1615 corporibus
3108 1547 3395 1610 abducens,
3418 1562 3515 1616 per

251 1632 492 1701 χωρεῖν,
520 1637 791 1703 χωρείτω.
822 1639 981 1692 Δοκεῖ
1023 1658 1112 1711 μοι
1157 1640 1261 1694 τῶν
1302 1644 1570 1713 σωμάτων
1599 1642 1838 1707 ἀποστὰς

251 1725 283 1776 ὁ
324 1723 502 1793 λόγος,
536 1729 741 1782 τυποῦν
785 1730 873 1785 διὰ
918 1731 1025 1785 τῶν
1074 1734 1343 1805 σωμάτων
1381 1736 1495 1805 (58)
1526 1736 1596 1789 τὰ
1637 1736 1838 1807 ὑψηλό-

250 1829 413 1884 τερα.
449 1816 522 1870 Τὸ
563 1818 663 1888 μὲν
692 1819 801 1892 γὰρ
849 1822 1010 1893 μέχρι
1056 1825 1165 1879 τῶν
1210 1827 1538 1895 σωματικῶν
1569 1827 1839 1898 εὐνούχων

253 1906 457 1976 στῆσαι
484 1908 577 1962 τὸν
605 1909 790 1980 λόγον,
817 1914 979 1984 τυχὸν
1019 1918 1213 1989 μικρόν
1245 1936 1306 1971 τε
1340 1920 1435 1973 καὶ
1465 1920 1585 1973 λίαν
1617 1920 1839 1983 ἀσθενὲς

254 1998 357 2051 καὶ
405 1999 623 2065 ἀνάξιον
666 2002 861 2072 λόγου·
915 2007 997 2060 δεῖ
1036 2007 1092 2062 δὲ
1138 2010 1284 2079 ἡμᾶς
1321 2010 1602 2081 ἐπινοῆσαί
1645 2028 1699 2064 τι
1743 2010 1837 2065 τοῦ

252 2087 580 2159 Πνεύματος
617 2090 788 2156 ἄξιον.
827 2095 1051 2148 Δοκοῦσι
1096 2099 1275 2151 τοίνυν
1307 2101 1357 2152 οἱ
1390 2100 1487 2170 μὲν
1527 2103 1592 2154 ἐκ
1626 2101 1838 2169 φύσεως

250 2180 436 2234 νεύειν
466 2182 601 2252 πρὸς
632 2179 694 2236 τὸ
739 2186 958 2255 ἀγαθόν.
1009 2188 1227 2254 Φύσεως
1270 2190 1329 2244 δὲ
1360 2192 1488 2246 ὅταν
1533 2192 1699 2258 εἴπω,
1739 2194 1839 2247 οὐκ

252 2271 510 2342 ἁτιμάζω
538 2274 637 2346 τὴν
672 2278 1011 2350 προαίρεσιν,
1039 2280 1154 2334 ἀλλ’
1183 2282 1469 2354 ἀμφότερα
1494 2284 1705 2355 τίθημι,
1740 2287 1837 2356 τήν

250 2380 317 2415 τε
353 2362 492 2434 πρὸς
524 2365 586 2418 τὸ
625 2366 788 2422 καλὸν
828 2369 1260 2441 ἐπιτηδειότητα,
1296 2374 1391 2426 καὶ
1415 2373 1515 2444 τὴν
1551 2377 1631 2438 εἰς
1678 2375 1838 2446 ἔργον

252 2453 502 2522 ἄγουσαν
526 2456 586 2510 τὸ
612 2458 676 2511 ἐκ
705 2458 919 2528 φύσεως
944 2462 1265 2534 ἐπιτήδειον.
1300 2466 1517 2537 ’Έτεροι
1536 2467 1592 2519 δὲ
1620 2467 1726 2520 εἰσί
1752 2485 1835 2522 τις

252 2561 375 2609 νες,
415 2544 511 2611 οὓς
552 2548 582 2599 ὁ
623 2548 780 2617 λόγος
824 2551 1095 2623 καθαίρει,
1149 2552 1257 2607 τῶν
1302 2555 1489 2609 παθῶν
1538 2556 1833 2628 ἐκτέμνων.

253 2635 496 2701 Τούτους
527 2639 767 2710 ἡγοῦμαι
796 2637 935 2696 εἶναι
961 2644 1087 2707 τοὺς
1125 2644 1231 2697 ὑπὸ
1261 2645 1370 2697 τῶν
1401 2646 1701 2718 ἀνθρώπων
1747 2650 1838 2701 εύ-

252 2725 692 2803 νουχιζομένους,
722 2730 851 2785 ὅταν
882 2733 911 2785 ὁ
943 2731 1319 2798 διδασκαλικὸς
1347 2734 1504 2803 λόγος
1547 2735 1735 2789 διελὼν
1778 2739 1839 2791 τὸ

252 2819 506 2899 κρεῖττον
539 2819 647 2872 ἀπὸ
674 2818 769 2873 τοῦ
802 2821 1065 2893 χείρονος,
1104 2824 1198 2878 καὶ
1225 2824 1288 2878 τὸ
1313 2825 1413 2895 μὲν
1437 2826 1839 2898 ἀποπεμψάμε-

1941 1651 2228 1705 corporum
2269 1637 2497 1701 ﬁguram
2542 1636 2863 1692 sublimiora
2907 1638 3233 1707 signiﬁcare.
3275 1638 3510 1704 Etenim,

1942 1727 1995 1781 in
2021 1727 2298 1794 corporeis
2315 1725 2541 1794 quidem
2571 1727 2835 1782 eunuchis
2859 1730 3177 1795 consistere,
3211 1738 3376 1798 atque
3394 1744 3514 1783 ora-

1941 1816 2141 1871 tionem
2170 1816 2355 1884 ﬁgere,
2382 1832 2605 1885 parvum
2660 1819 2907 1884 fortasse,
2942 1820 3200 1888 valdeque
3242 1820 3513 1875 inﬁrmum

1939 1918 1994 1962 et
2032 1906 2327 1977 Scriptura:
2355 1909 2642 1978 majestate
2672 1909 2951 1978 indignum
2986 1910 3168 1965 fuerit.
3225 1910 3385 1966 Decet
3414 1925 3515 1966 au-

1942 2008 2048 2052 tem
2084 2015 2182 2053 nos
2202 1999 2479 2068 quidpiam
2499 2000 2778 2068 Scriptura
2808 2001 3027 2070 dignum
3058 2001 3387 2071 excogitare.
3403 2000 3513 2057 Alii

1941 2090 2157 2157 quidem
2191 2090 2441 2143 videntur
2471 2100 2680 2144 natura:
2704 2090 2883 2144 indole
2908 2091 2972 2145 ad
3001 2091 3251 2144 virtutem
3272 2090 3510 2145 tendere.

1939 2178 2199 2233 Naturam
2233 2194 2396 2247 porro
2415 2194 2534 2233 cum
2565 2181 2706 2245 dico,
2734 2182 2961 2236 liberam
2988 2181 3318 2235 voluntatem
3339 2181 3513 2235 haud-

1939 2284 2211 2339 quaquam
2247 2284 2466 2336 sperno,
2492 2270 2586 2323 sed
2623 2278 2911 2338 utrumque
2937 2280 3143 2337 statuo,
3175 2270 3433 2325 nimirum
3455 2278 3515 2325 et

1938 2371 2147 2415 naturae
2178 2364 2243 2414 ad
2285 2363 2484 2415 bonum
2519 2362 2835 2416 facilitatem
2859 2372 3023 2432 atque
3061 2364 3515 2432 aptitudinem,et

1939 2454 2103 2507 animi
2131 2453 2485 2517 voluntatem,
2515 2453 2817 2506 naturalem
2873 2454 3018 2506 illam
3062 2454 3418 2521 aptitudinem
3444 2455 3514 2509 ad

1938 2546 2137 2600 bonum
2196 2546 2501 2600 ducentem.
2566 2545 2794 2611 Quidam
2853 2555 3032 2598 autem
3063 2546 3151 2599 alii
3189 2553 3340 2610 sunt,
3374 2560 3513 2615 quos

1939 2636 2187 2691 doctrina
2210 2645 2494 2705 expurgat,
2540 2636 2875 2704 vitiososque
2923 2634 3088 2688 animi
3142 2632 3366 2690 affectus
3415 2634 3514 2689 ab-

1940 2730 2160 2786 scindit.
2198 2727 2307 2783 llos
2357 2743 2481 2783 esse
2531 2728 2811 2795 existimo,
2843 2727 2938 2797 qui
2988 2726 3056 2782 ab
3082 2727 3394 2783 hominibus
3418 2741 3514 2782 ca-

1940 2832 2208 2883 strantur,
2241 2835 2366 2875 cum
2403 2819 2655 2874 videlicet
2709 2818 2954 2889 magistri
2983 2828 3254 2889 praecepta
3299 2825 3357 2873 et
3391 2832 3511 2873 ser-

252 2928 371 2976 νος,
396 2912 459 2967 τὸ
482 2912 538 2966 δὲ
575 2913 941 2986 νομοθετήσας
965 2917 1078 2988 (ὡς
1111 2917 1190 2982 τὸ,
1234 2918 1552 2972 Ἔκκλινον
1578 2920 1696 2973 ἀπὸ
1735 2936 1840 2974 κα-

1948 2924 2149 2977 mones,
2178 2913 2433 2967 virtutem
2467 2926 2498 2964 a
2546 2912 2676 2967 vitio
2725 2909 3140 2980 distinguentes,
3189 2919 3350 2980 atque
3379 2909 3514 2965 alte-

252 3003 397 3070 κοῦ,
447 3005 547 3058 καὶ
586 3006 844 3074 ποίησον
878 3007 1168 3077 ἀγαθὸν),
1202 3008 1301 3080 τὴν
1336 3010 1710 3078 πνευματικὴν
1735 3026 1839 3063 σω⁹

254 3095 535 3168 φροσύνην
573 3095 972 3171 δημιουργήσῃ.
1020 3099 1262 3154 Ἐπαινῶ
1287 3101 1381 3153 καὶ
1408 3099 1594 3153 τοῦτον
1630 3100 1721 3154 τὸν
1749 3101 1840 3153 εὐ-

253 3170 586 3254 νουχισμὸν,
634 3186 730 3239 καὶ
783 3186 903 3241 λίαν
944 3189 1152 3242 ἐπαινῶ
1194 3187 1320 3253 τούς
1381 3207 1438 3242 τε
1490 3189 1840 3253 διδασκάλους

252 3276 464 3346 ὁμοίως
508 3277 602 3330 καὶ
629 3279 757 3341 τοὺς
796 3277 1246 3349 διδασκομένους,
1299 3281 1381 3334 ὅτι
1418 3281 1467 3334 οἱ
1513 3281 1608 3335 οιέν
1662 3281 1839 3347 καλῶς

251 3367 538 3439 ἐξέτεμον,
571 3371 619 3422 οἱ
650 3369 707 3423 δὲ
741 3370 955 3424 κάλλιον
983 3371 1380 3444 ἐξετμήθησαν.

328 3552 463 3606 KA'.
489 3552 601 3607 Kal
623 3552 802 3616 εἰσιν,
839 3554 1055 3620 οἵτινες
1076 3553 1329 3620 ἑαυτοὺς
1352 3556 1722 3624 εὐνούχισαν
1745 3556 1843 3612 διὰ

252 3643 377 3713 τὴν
401 3644 731 3709 βασιλείαν
777 3644 897 3699 τῶν
936 3646 1230 3714 οὐρανῶν.
1284 3647 1468 3700 Ἀλλοι
1509 3648 1841 3702 διδασκάλων

256 3737 364 3807 μὲν
390 3737 491 3789 ούκ
519 3736 802 3808 ἐπέτυχον,
830 3738 1037 3791 ἑαυτῶν
1062 3738 1117 3791 δὲ
1142 3738 1431 3807 γεγόνασιν
1458 3741 1731 3794 ἐπαινετοὶ
1765 3741 1843 3793 δι-

253 3824 536 3880 δάσκαλοι.
566 3823 682 3880 Οὔκ
711 3826 916 3891 ἐδίδαξέ
952 3845 1009 3880 σε
1047 3829 1231 3899 μήτηρ
1256 3828 1316 3880 τὸ
1336 3828 1481 3891 δέον,
1510 3829 1610 3881 οὐκ
1636 3828 1842 3894 ἐδίδαξέ

256 3932 319 3968 σε
347 3915 550 3988 πατὴρ,
581 3917 643 3969 οὐ
671 3917 1064 3989 πρεσϐύτερος,
1093 3919 1192 3972 οὐκ
1215 3918 1532 3984 ἐπίσκοπος,
1556 3921 1656 3973 οὐκ
1686 3919 1843 3983 ἄλλος

256 4022 343 4067 τις
377 4005 487 4061 τῶν
504 4007 565 4060 τὸ
590 4006 862 4061 διδάσκειν
887 4009 1351 4079 πεπιστευμένων.
1381 4010 1539 4063 Ἀλλὰ
1551 4012 1641 4064 τὸν
1672 4014 1728 4065 ἐν
1760 4012 1844 4064 σοὶ

256 4099 417 4167 λόγον
442 4100 666 4171 κινήσας
698 4099 833 4170 (59),
863 4100 999 4155 ἀλλὰ
1026 4102 1116 4154 τὸν
1146 4103 1414 4173 σπινθῆρα
1439 4103 1532 4156 τοῦ
1560 4104 1724 4157 καλοῦ
1756 4106 1841 4159 διὰ

257 4191 361 4261 τῆς
382 4191 754 4263 προαιρέσεως
768 4193 996 4262 ἀνάψας,
1022 4194 1213 4248 σαυτὸν
1226 4195 1561 4266 εύνούχισας,
1576 4196 1672 4266 τὴν
1687 4197 1841 4266 ῥίζαν

1942 3022 2059 3060 rum
2090 3005 2421 3075 rejicientes,
2457 3003 2686 3058 alterum
2717 3002 3132 3074 praescribenles
3159 3001 3333 3073 (juxta
3358 3002 3511 3072 illud,

1940 3096 2159 3152 Declina
2181 3114 2214 3150 a
2242 3097 2405 3163 malo,
2432 3106 2479 3151 et
2537 3096 2624 3167 [ac
2652 3095 2844 3150 bonum
2882 3094 2988 3166 ⁸⁷),
3044 3093 3381 3164 spiritualem
3413 3109 3514 3164 pu-

1941 3188 2182 3242 dicitiam
2236 3186 2537 3241 eﬁ‘eccrint.
2590 3186 2744 3250 Quod
2776 3186 2940 3240 etiam
2986 3184 3313 3240 exsectionis
3343 3198 3513 3252 genus

1940 3279 2129 3348 probo,
2187 3289 2352 3348 atque
2409 3288 2464 3331 et
2520 3279 2789 3344 doctores,
2841 3286 2896 3331 et
2927 3276 3217 3345 discipulos
3247 3274 3515 3345 imprimis

1941 3367 2122 3431 laudo,
2158 3368 2418 3436 quoniam
2450 3378 2506 3423 et
2552 3368 2629 3421 illi
2658 3389 2664 3401 ί
2682 3367 2906 3438 pulchre
2953 3378 3334 3431 exsecuerunt,
3365 3375 3419 3421 et
3455 3367 3513 3422 hi

1940 3459 2217 3528 pulchrius
2242 3459 2446 3513 exsecti
2485 3467 2629 3516 sunt.
2910 3522 2923 3538 ,

2014 3548 2158 3604 XXI.
2206 3549 2270 3603 Et
2295 3559 2441 3618 sunt,
2466 3552 2556 3621 qui
2583 3552 2779 3618 seipsos
2809 3562 3168 3608 castrauerunt
3193 3564 3402 3623 propter
3425 3569 3513 3606 re-

1941 3657 2099 3711 gnum
2151 3641 2423 3697 caelorum.
2482 3640 2610 3706 Alii,
2673 3657 2796 3695 cum
2832 3643 3008 3699 nullos
3045 3644 3329 3715 magistros
3369 3643 3513 3697 nacti

1939 3740 2140 3791 essent.
2172 3731 2321 3800 probi
2380 3730 2484 3786 sibi
2548 3732 2678 3800 ipsus
2725 3734 2968 3804 magistri
3022 3737 3366 3792 exstiterunt.
3395 3735 3514 3789 Non

1942 3823 2125 3877 docuit
2157 3830 2212 3875 te
2253 3832 2427 3875 mater
2471 3821 2601 3891 quid
2645 3821 2803 3878 olIicil
2858 3837 3043 3891 esset,
3107 3841 3213 3881 non
3251 3824 3434 3881 docuit
3463 3833 3516 3879 te

1943 3927 2112 3983 pater,
2143 3913 2311 3985 659
2354 3929 2460 3968 non
2523 3915 2828 3986 presbyter,
2887 3933 2993 3971 non
3049 3919 3354 3986 episcopus,
3406 3930 3515 3971 non

1941 4008 2079 4061 alius
2113 4009 2379 4077 quispiam
2437 4022 2503 4062 ex
2561 4009 2648 4074 iis,
2709 4009 2908 4078 quibus
2950 4010 3176 4065 docendi
3205 4025 3336 4064 cura
3368 4025 3515 4065 com-

1944 4101 2105 4153 missa
2140 4109 2246 4153 est.
2278 4101 2349 4153 At
2389 4112 2468 4167 tu,
2494 4101 2762 4155 rationem
2794 4102 2888 4156 tibi
2934 4102 3147 4155 insitam
3179 4117 3424 4169 movens,
3454 4117 3518 4159 ac

1947 4189 2161 4243 virtutis
2188 4188 2482 4258 igniculum
2512 4204 2606 4258 per
2656 4190 2867 4244 arbitrii
2921 4191 3224 4246 libertatem
3276 4193 3520 4247 cxsnsci—

255 4281 538 4352 ἐξέτεμες,
564 4282 633 4335 τὰ
665 4283 873 4354 ὖργανα
899 4285 998 4354 τῆς
1025 4284 1222 4346 κακίας
1261 4284 1548 4355 ἐξώρισας.
1577 4286 1840 4352 τοσαύτην

1948 4289 2086 4344 tans,
2143 4280 2369 4349 teipsum
2425 4280 2732 4348 exsecuisti,
2785 4282 3020 4336 radicem
3059 4284 3332 4350 excidisti,
3403 4285 3518 4339 vitii

264 4375 375 4440 ἕξιν
387 4376 601 4447 ἐκτήσω
620 4375 720 4445 τῆς
745 4376 963 4445 ἀρετῆς,
983 4374 1122 4427 ὥστε
1141 4374 1232 4427 καὶ
1259 4375 1443 4445 σχεδὸν
1471 4374 1726 4429 ἀδύνατόν
1758 4394 1839 4431 σοι

268 4467 510 4539 γενέσθαι
521 4467 619 4538 τὴν
632 4466 838 4537 περὶτὰ
851 4467 1018 4537 χείρω
1030 4467 1221 4537 φοράν.
1239 4466 1339 4520 Διὰ
1348 4466 1506 4520 τοῦτο
1528 4467 1736 4521 ἐπαινῶ
1748 4471 1842 4523 καὶ

264 4554 448 4609 τοῦτον
465 4553 557 4606 τὸν
580 4554 955 4623 εύνουχισμὸν,
982 4555 1075 4606 καὶ
1107 4554 1267 4624 τυχὸν
1295 4555 1495 4626 μᾶλλον
1514 4557 1624 4609 τῶν
1644 4557 1839 4615 ἄλλων.

267 4646 336 4699 '0
362 4641 698 4711 δυνάμενος
730 4643 944 4711 χωρεῖν
966 4685 980 4703 ,
1017 4646 1292 4712 χωρείτω.
1341 4646 1443 4698 Ἦν
1483 4646 1661 4716 βούλει
1693 4647 1841 4712 δέξαι

258 4732 549 4807 μερίδα,ἢ
596 4731 1033 4803 ἐπακολούθησον
1075 4732 1154 4804 τῷ
1203 4734 1507 4807 διδασκάλῳ
1532 4775 1547 4800 ,
1598 4739 1630 4807 ἢ
1683 4736 1840 4807 γενοῦ

259 4827 463 4882 σαυτοῦ
494 4825 832 4888 διδάσκαλος.
873 4826 969 4878 Ἕν
998 4826 1220 4896 αἰσχρὸν
1257 4827 1444 4898 μόνον,
1474 4829 1548 4899 μὴ
1575 4829 1846 4900 τμηθῆναι

259 4925 329 4978 τὰ
358 4919 524 4991 πάθη.
557 4917 694 4987 Περὶ¹
718 4915 775 4968 δὲ
801 4914 895 4969 τοῦ
919 4916 1195 4986 τμηθῆναι
1220 4918 1286 4971 τὰ
1320 4918 1467 4990 πάθη
1489 4957 1504 4981 ,
1535 4919 1703 4990 μηδὲν
1733 4920 1849 4975 δια-

260 5016 451 5082 φέρου.
478 5010 586 5063 Καὶ
609 5011 639 5064 ὁ
657 5007 947 5073 διδάσκων,
973 5007 1199 5078 πλάσμα
1225 5006 1380 5074 Θεοῦ,
1409 5009 1502 5062 καὶ
1528 5010 1592 5063 σὺ
1620 5010 1847 5079 γέγονας

340 5183 389 5217 ⁸⁷
407 5182 550 5238 Psal.
582 5196 772 5247 nm,
794 5180 889 5238 27.

331 5395 451 5470 (55)
479 5392 751 5462 Αἰσχρὸν
781 5393 892 5470 τοῦ
928 5395 1320 5470 κηρύγματος.
1367 5410 1462 5451 nis
1491 5400 1678 5470 verbis
1700 5397 1822 5470 Gre-

253 5465 448 5539 gorius
483 5476 661 5517 monet
686 5465 987 5539 eunuchos,
1020 5479 1088 5520 ne
1109 5467 1339 5539 nominis
1366 5467 1683 5537 turpitudini
1732 5469 1838 5523 ha:-

258 5533 648 5606 icsisiquuque
676 5533 1063 5606 turpitudinem
1093 5536 1408 5606 adiungant.

332 5601 465 5677 (56"
502 5601 1172 5680 Προσκαρτερήσωμεν.’
1196 5601 1289 5663 διε
1328 5606 1459 5680 Reg.
1492 5609 1526 5665 b
1570 5615 1622 5665 et
1646 5605 1738 5664 0r.
1781 5608 1834 5663 1.

257 5674 322 5736 ιιι
341 5671 472 5738 ἐάη
506 5671 1081 5746 προσκαρτερήσομεν.

1945 4374 2302 4428 instrumenta
2343 4373 2621 4443 depulisti,
2658 4383 2862 4427 tantum
2891 4376 2988 4428 tibi
3025 4376 3244 4431 virtutis
3276 4377 3517 4432 habitum

1947 4467 2296 4535 comparasti,
2353 4477 2414 4520 ut
2457 4465 2570 4533 jam
2623 4468 2691 4521 ad
2731 4469 2919 4520 vitium
2964 4467 3094 4522 ferri
3125 4470 3518 4539 propemodum

1947 4571 2206 4626 nequeas.
2270 4556 2630 4623 Quamobrem
2687 4556 2828 4612 hanc
2884 4573 3099 4627 quoque
3150 4561 3516 4615 exsectionem

1949 4647 2279 4702 laudandam
2310 4662 2529 4714 censeo,
2573 4650 2849 4717 magisque
2877 4650 3327 4714 etiamJortasse,
3357 4668 3517 4721 quam

1948 4738 2085 4793 duas
2127 4739 2459 4807 superiores.
2516 4740 2619 4805 Qui
2664 4749 2828 4808 potest
2858 4756 3062 4808 capere,
3091 4741 3288 4809 capiat.
3344 4740 3514 4807 Quam

1949 4830 2168 4885 libuerit
2193 4840 2404 4898 partem
2441 4832 2646 4900 accipe,
2681 4840 2772 4885 aut
2812 4833 3129 4900 magistrum
3162 4846 3409 4901 sequere,
3429 4842 3521 4885 aut

1948 4922 2047 4976 tibi
2073 4923 2173 4990 ipsi
2202 4924 2461 4991 magister
2488 4934 2627 4981 esto.
2656 4923 2770 4979 Hoc
2800 4939 2965 4978 unum
3000 4933 3155 4991 turpe
3170 4932 3273 4989 est,
3293 4921 3520 4979 aﬁ'ectus

1949 5023 2197 5068 exsectos
2229 5029 2335 5069 non
2372 5016 2593 5071 habere.
2628 5015 2705 5070 De
2730 5015 2815 5071 his
2838 5024 3018 5070 autem
3041 5012 3419 5069 exscindendis
3448 5028 3519 5070 ne

2016 5393 2125 5475 (5])
2163 5395 2339 5450 Εἰσὶν
2356 5395 2657 5465 εὐνοῦχοι.
2686 5393 2777 5451 Sic
2806 5405 2912 5450 tres
2940 5393 3091 5449 Colb.
3124 5393 3284 5449 Deest
3314 5393 3367 5448 in
3397 5391 3512 5461 ed.,

1943 5466 2290 5617 εὐὶἱὲιὲξοῖῶν
2314 5535 2621 5605 σωμάτων.
2652 5533 2801 5592 Colb.
2828 5535 2852 5588 l
2884 5543 2936 5589 et
2968 5533 3114 5601 Bas.,
3138 5532 3248 5589 τῶν
3274 5549 3517 5606 σωματι-

1946 5624 2134 5747 κωξέθ)
2162 5673 2451 5757 Κινήσιας.
2482 5675 2615 5733 Tres
2645 5675 2822 5744 Colb.,
2856 5672 3113 5747 ὲκίνησας
