3910 6214
394 290 500 350 sor
1532 366 1537 371 ς
1600 290 1658 345 s.
1702 290 2033 347 GREGORII
2074 289 2424 348 TI-IEOLOGI
3557 292 3663 353 eos

395 410 525 481 quid
553 407 667 466 litis
703 421 878 464 crees.
913 406 982 463 Et
1032 407 1124 478 qui
1176 407 1358 472 docet,
1390 406 1703 477 ﬁgmentum
1733 407 1824 463 Dei
1864 422 1939 463 esu

2117 407 2279 461 ιεῖθεν
2303 423 2318 439 ο
2352 407 2453 463 κάν
2483 425 2543 461 τε
2572 407 2601 460 ό
2627 407 2944 472 διδάσκαλος
2975 408 3197 483 ἁρπάσῃ
3220 407 3319 480 τὴν
3350 408 3532 481 χάριν,
3559 408 3661 473 κᾶν

392 513 449 559 et
475 512 530 558 tu
552 500 803 557 eumdem
827 509 1010 555 ortum
1043 498 1311 554 habuisti:
1353 498 1467 553 sive
1493 508 1794 568 praeceptor
1836 513 1931 568 gra

1877 513 1963 552 ra—
2071 518 2131 554 τε
2163 501 2389 572 γένηται
2424 501 2517 555 σὺν
2547 500 2610 554 τὸ
2647 500 2835 567 καλὸν,
2872 502 3037 555 καλὸν
3063 502 3263 573 ὁμοίως
3284 504 3421 558 ἐστι.

395 601 525 656 tiam
551 600 695 655 hanc
720 598 915 669 rapiat,
951 598 1065 654 sive
1117 596 1221 652 hoc
1281 596 1480 650 bonum
1535 603 1682 648 tuum
1724 594 1841 661 nat,
1870 595 2072 651 bonum
2101 598 2323 666 perinde
2347 606 2450 652 est.

479 689 644 745 XXII.
670 689 785 745 Hoc
815 698 1019 744 tantum
1047 688 1204 744 nobis
1231 702 1373 742 curae
1406 689 1498 753 sit,
1545 696 1603 740 ut
1632 687 1879 756 nosipsos
1904 688 1971 742 ab

2146 688 2273 742 KB’.
2337 688 2516 743 Μόνον
2572 688 2925 759 ἐκτέμνωμεν
2986 689 3214 753 ἑαυτοὺς
3272 688 3382 743 τῶν
3439 688 3666 757 παθῶν,

398 782 569 839 animi
603 779 1104 851 perturbationibus
1133 778 1516 833 abscindamus
1541 817 1556 841 ,
1587 792 1656 832 ne
1685 792 1789 847 qua
1820 777 1942 832 radi:

2119 780 2155 851 νή
2180 796 2266 843 τις
2295 777 2421 849 ῥίζα
2447 779 2673 851 πικρίας
2705 779 2817 834 ἄνω
2861 779 3070 848 φύουσα
3097 780 3287 852 ἐνοχλῇ
3324 780 3456 853 (60).
3485 781 3663 836 Μόνον

396 873 769 930 amarulentiae
820 887 1033 928 sursum
1076 871 1385 939 germinans
1409 870 1454 901 ⁸⁸
1497 869 1682 924 turbas
1738 877 1940 923 moveat

2123 867 2458 939 κολουθῶμεν
2493 870 2560 940 τῇ
2602 869 2791 933 εικόνι,
2836 869 2994 939 μόνον
3028 868 3305 940 αἰδώμεθα
3349 871 3410 925 τὸ
3439 872 3667 943 ἀρχέτυ-

396 965 514 1024 Hoc
536 974 743 1020 tantum
771 979 1045 1028 curemus,
1099 971 1158 1017 ut
1207 962 1461 1033 imaginis
1500 961 1695 1016 divina:
1732 960 1940 1029 vestigii

2123 974 2202 1011 ον.
2243 959 2517 1028 Ἔκτεμνε
2550 959 2619 1013 τὰ
2651 960 2938 1030 σωματικά
2977 960 3124 1032 πάθη
3146 1001 3161 1025 ,
3197 960 3425 1033 ἕκτεμνε
3468 964 3561 1017 καὶ
3591 964 3667 1020 τὰ

395 1058 733 1124 insistamus,
764 1066 823 1110 ut
855 1054 1131 1125 exemplar
1160 1062 1403 1108 nostrum
1440 1067 1801 1108 revereamur.
1841 1052 1939 1105 Cor

2122 1049 2305 1120 υχικά,
2353 1050 2505 1121 Ὅσῳ
2552 1050 2662 1121 γὰρ
2697 1050 2843 1122 ψυχὴ
2876 1052 3203 1122 τιμιώτερον
3246 1051 3525 1123 σώματος,
3573 1071 3666 1110 το-

395 1162 594 1218 poreos
624 1145 848 1203 aﬂ‘ectus
878 1156 1120 1216 amputa,
1176 1154 1394 1213 amputa
1436 1144 1600 1199 etiam
1644 1142 1939 1213 spiritttale!

2119 1139 2255 1210 ούτῳ
2279 1139 2605 1211 τιμιώτερον
2643 1140 2879 1211 καθᾶραι
2907 1142 3085 1214 ψυχὴν
3107 1186 3121 1209 ,
3158 1144 3191 1215 ἢ
3229 1144 3406 1215 σῶμα.
3439 1146 3503 1199 El
3530 1146 3588 1200 δὲ
3628 1149 3663 1219 ἡ

376 1234 613 1309 ‘Quanto
640 1236 787 1290 enim
838 1235 1020 1290 anima
1060 1248 1259 1303 corpus
1314 1233 1609 1298 antecellit,
1644 1241 1796 1287 tanto
1830 1247 1920 1301 pra

2121 1230 2172 1282 si
2222 1230 2472 1301 σώματος
2511 1231 2781 1304 κάθαρσις
2817 1232 2927 1286 τῶν
2967 1235 3301 1301 ἐπαινετῶν,
3339 1238 3530 1291 σκόπει
3571 1256 3665 1309 μοι

402 1327 636 1384 stantius
658 1337 742 1384 est
789 1326 1029 1382 animam
1082 1341 1337 1395 purgare,
1372 1341 1534 1395 quam
1567 1340 1784 1395 corpus.
1820 1326 1946 1391 Quoi

2118 1324 2245 1378 tio-ev
2302 1327 2334 1396 ἡ
2393 1326 2493 1395 τῆς
2548 1326 2727 1397 ψυχῆς
2799 1327 2998 1397 μείζων
3055 1345 3113 1381 τε
3174 1329 3269 1382 καὶ
3333 1329 3662 1403 ὑψηλοτέρα.

399 1418 444 1472 si
481 1418 728 1487 corporis
762 1416 1012 1488 purgatio
1072 1415 1360 1471 laudabilis
1402 1425 1510 1482 est,
1541 1415 1739 1485 cogita,
1769 1428 1943 1483 quaaso

2124 1415 2356 1485 Εκτεμνε
2391 1416 2490 1486 τὴν
2529 1417 2809 1488 Ἀρειανὴν
2842 1418 2949 1488 (61)
2993 1418 3279 1485 ἀσέϐειαν,
3311 1419 3537 1493 ἔκτεμνε
3564 1422 3668 1495 τὴν

402 1520 608 1578 quanto
637 1510 811 1578 maior
835 1518 1000 1579 atque
1040 1507 1327 1563 sublimior
1384 1509 1458 1563 sit
1488 1508 1682 1561 animm
1708 1506 1946 1577 purgatio

2126 1505 2369 1560 αϐελλίου
2392 1507 2732 1573 κακοδοξίαν.
2760 1510 2915 1582 Μήτε
2949 1510 3191 1584 συνάψεις
3221 1512 3381 1566 πλέον
3406 1514 3438 1585 ἢ
3484 1514 3670 1579 καλῶς

395 1599 668 1657 Exscinde
731 1600 994 1656 At‘ianam
1038 1600 1393 1670 impietatem,
1449 1598 1705 1654 exscinde
1758 1613 1939 1668 prava:

2128 1616 2225 1669 ίει,
2256 1601 2397 1671 μήτε
2429 1600 2609 1675 διὲλῃς
2642 1601 2847 1666 κακῶς,
2884 1604 3021 1674 μήτε
3050 1605 3131 1668 εἰς
3162 1604 3222 1657 ἓν
3250 1606 3539 1676 πρόσωπον
3572 1624 3672 1661 συ-

405 1690 628 1748 Sabellii
666 1692 1017 1748 sententiam.
1068 1691 1178 1745 Nec
1216 1691 1360 1760 plus,
1401 1706 1563 1761 quam
1611 1704 1833 1772 .mquum
1872 1697 1949 1744 est

2128 1688 2239 1763 ἕλῃς
2281 1691 2349 1745 τά
2398 1691 2561 1763 τρία,
2620 1694 2758 1763 μήτε
2805 1695 3013 1766 ἐργάσῃ
3063 1698 3212 1766 τρεῖς
3248 1696 3672 1771 ἀλλοτριότητας

405 1783 724 1853 conjungas,
754 1798 855 1838 nec
882 1780 1146 1837 scelerate
1179 1780 1426 1836 dividas:
1458 1795 1557 1835 nec
1583 1780 1636 1834 in
1665 1796 1825 1835 unam
1856 1795 1949 1849 per

2129 1779 2315 1835 ύσεων.
2360 1782 2473 1835 Καὶ
2500 1782 2561 1835 τὸ
2590 1782 2649 1837 ἓν
2682 1785 2985 1850 ἐπαινετὸν,
3014 1786 3196 1850 καλῶς
3221 1786 3511 1860 νοούμενον
3529 1830 3544 1855 ,
3571 1791 3673 1845 καὶ

404 1891 592 1931 sonam
625 1878 727 1929 tria
758 1875 1071 1937 contrahas,
1102 1888 1201 1928 nec
1235 1882 1345 1928 tres
1380 1882 1699 1927 naturarum
1745 1872 1943 1928 diversi

2130 1872 2149 1925 ι
2189 1873 2315 1944 τρία
2356 1875 2533 1939 καλῶς
2559 1875 2942 1948 διαιρούμενα,
2984 1878 3111 1932 ὅταν
3156 1879 3487 1951 προσώπων.
3533 1881 3674 1936 ἀλλὰ

403 1975 544 2022 tates
570 1965 793 2023 elllcias.
851 1966 918 2020 Et
968 1981 1132 2020 unum
1191 1964 1462 2020 laudabile
1517 1973 1775 2029 est,cum
1832 1973 1943 2018 rect

1351 1964 1462 2020 bile
1517 1973 1621 2029 est,
1652 1979 1775 2019 cum
1832 1973 1978 2019 recte
2008 1963 2051 2019 Β
2084 1963 2159 2036 μὴ
2186 1965 2456 2036 θεότητος,
2486 1968 2519 2038 ἡ
2547 1963 2895 2043 διαίρεσις

401 2060 834 2131 intelligiturzet
855 2058 980 2125 tria,
1000 2073 1122 2113 cum
1148 2057 1979 2127 rectedistinguuntur;nempe,
2019 2072 2143 2113 cum
2174 2074 2527 2130 personarum
2579 2061 2858 2117 diStinctio
2901 2060 3044 2116 facta
3096 2060 3285 2129 fuerit,
3355 2076 3465 2118 non
3530 2063 3675 2121 divi-

402 2152 612 2208 uitatis.

472 2240 664 2297 XXIII.
699 2241 825 2298 Haec
852 2251 907 2297 et
937 2240 1092 2298 laicis
1116 2241 1435 2313 praescribo,
1466 2242 1582 2297 haec
1613 2249 1668 2297 et
1692 2242 1981 2314 presbyte-

2151 2241 2278 2294 KI".
2306 2238 2490 2293 Ταῦτα
2522 2241 2619 2294 καὶ
2647 2241 2855 2305 λαῖκοῖς
2888 2242 3165 2313 νομοθετῶ
3193 2242 3339 2316 (62),
3369 2243 3544 2300 ταῦτα
3575 2248 3677 2302 καὶ

403 2333 482 2389 ris
505 2333 726 2400 mando,
763 2333 880 2388 haec
908 2342 962 2388 et
997 2332 1085 2398 iis,
1141 2332 1336 2403 quibus
1397 2332 1685 2401 imperium
1714 2332 1947 2387 creditur

2134 2330 2473 2403 ρεσὸυτέροις
2502 2331 2838 2403 ἐντέλλομαι,
2867 2333 3040 2387 ταῦτα
3082 2351 3178 2389 και
3214 2338 3328 2399 τοῖς
3357 2337 3544 2409 ἄρχειν
3571 2355 3678 2392 πε-

402 2431 507 2478 est.
541 2422 741 2480 Omnes
768 2432 933 2480 rectae
961 2424 1225 2480 doctrinas
1253 2439 1410 2496 opem
1438 2423 1599 2490 ferte,
1628 2423 1742 2493 qui,
1770 2422 1862 2478 Dei
1882 2429 1946 2478 ne

2132 2424 2486 2495 ιστευμένοις.
2517 2424 2830 2497 Βοηθήσατε
2863 2426 2940 2498 τῷ
2979 2427 3122 2500 λόγῳ
3152 2428 3354 2494 πάντες
3380 2430 3525 2494 ὅσοις
3556 2431 3674 2502 (65)

410 2512 627 2580 neﬁcio,
686 2528 842 2584 opem
894 2515 1040 2571 ferre
1098 2515 1346 2585 potestis.
1400 2513 1650 2583 Magnum
1678 2523 1761 2568 est
1782 2514 1954 2568 czeden

2130 2520 2145 2570 5
2172 2516 2431 2571 δύνασθαι
2477 2517 2689 2588 βοηθεῖν
2722 2521 2786 2573 ὲκ
2828 2519 2985 2575 Θεοῦ.
3021 2522 3180 2591 Μέγα
3211 2522 3372 2592 φόνον
3400 2524 3674 2594 ἐπισχεῖν,

403 2606 787 2673 comprimere,
812 2605 1139 2660 adulterium
1162 2620 1439 2673 coercere,
1458 2604 1659 2658 I‘nrtum
1677 2604 1944 2675 castigare

2132 2609 2179 2661 ι)
2216 2610 2461 2680 μοιχείαν
2490 2610 2737 2675 κολάσαι,
2778 2613 2871 2666 καὶ
2912 2613 3117 2685 κλοπὴν
3162 2615 3491 2686 σωφρονίσαι
3530 2614 3676 2686 (64)*

412 2696 584 2753 multo
612 2699 785 2767 majus
818 2698 1073 2767 pietatem
1100 2700 1338 2762 sancire,
1364 2712 1429 2751 ac
1461 2711 1651 2751 sanam
1675 2697 1956 2750 doctrinan

2135 2699 2268 2768 ολλῷ
2302 2699 2501 2771 μᾶλλον
2536 2700 2818 2756 εὐσέϐειαν
2856 2702 3243 2774 νομοθετῆσαι,
3276 2704 3371 2757 καὶ
3413 2702 3540 2774 ὑγιῆ
3582 2701 3679 2758 λό-

410 2789 622 2860 largiri.
651 2787 769 2845 Non
800 2798 978 2844 tantas
1002 2790 1145 2844 vires
1175 2803 1358 2844 sermo
1388 2802 1542 2843 meus
1575 2787 1863 2843 habiturus
1878 2796 1954 2842 est

2135 2810 2183 2846 δν
2225 2792 2577 2864 χαρίσασθαι.
2610 2793 2689 2849 Οὐ
2726 2794 2978 2849 τοσοῦτον
3018 2798 3047 2849 ό
3081 2795 3214 2867 ἐμὸς
3252 2795 3409 2864 λόγος
3447 2795 3679 2866 δυνήσε-

404 2898 504 2952 pro
535 2892 723 2938 sancta
757 2882 1029 2938 Trinitate
1063 2881 1260 2937 bellum
1294 2896 1512 2951 gerens,
1574 2889 1807 2949 quantas
1874 2881 1948 2935 edi

2133 2904 2174 2941 ιι
2204 2887 2454 2957 πολεμῶν
2493 2887 2632 2959 ὑπὲρ
2659 2888 2758 2960 τῆς
2776 2889 2938 2958 ἁγίας
2964 2889 3222 2960 Τριάδος,
3247 2889 3370 2942 ὅσον
3395 2888 3454 2942 τὸ
3498 2887 3677 2960 πρόσ-

408 2983 554 3029 ctum
586 2983 764 3040 tuum,
794 2976 842 3029 si
884 2974 1158 3045 perversis
1184 2973 1528 3044 dogmatibus
1582 2972 1815 3027 imbutos
1847 2987 1952 3027 con

2134 2994 2294 3049 ιγμα,
2358 2977 2453 3031 ἐὰν
2492 2979 2848 3050 ὲπιστομίζῃς
2883 2980 3011 3043 τοὺς
3052 2980 3238 3043 κακῶς
3271 2980 3528 3051 ἔχοντας,
3572 2978 3678 3034 ἐὰν

407 3068 702 3138 presseris,
734 3066 780 3122 si
812 3066 1192 3137 persecutione
1237 3064 1515 3136 oppressis
1562 3065 1823 3119 auxilium
1859 3065 1951 3118 tuli

2131 3071 2289 3142 οηθῇς
2318 3073 2430 3134 τοῖς
2464 3070 2836 3141 διωκομένοις,
2865 3070 2960 3125 ἐὰν
2989 3071 3117 3135 τοὺς
3149 3071 3413 3141 φονευτὰς
3443 3070 3675 3144 ὲπὲχῃς,

403 3161 505 3228 ris,
537 3158 586 3214 si
619 3158 995 3214 interfectores
1024 3158 1191 3231 660
1252 3158 1603 3228 represseris,
1655 3158 1702 3212 si
1754 3155 1947 3211 interﬁt

2136 3166 2181 3219 tv
2212 3163 2429 3238 κωλύῃς
2461 3165 2573 3236 (65)
2604 3165 2665 3216 τὸ
2688 3164 3033 3235 φονεύεσθαι.
3063 3164 3221 3234 Λέγω
3248 3165 3325 3233 δὲ,
3358 3165 3420 3218 οὐ
3441 3165 3529 3218 τὸν
3568 3181 3680 3218 σω-

405 3249 771 3320 prohibueris.
802 3246 880 3304 De
909 3262 1173 3318 corporea
1217 3256 1397 3300 autem
1451 3246 1597 3300 cazde
1624 3260 1730 3300 non
1781 3253 1949 3297 tantur

2136 3258 2317 3311 ατικὸν
2350 3259 2510 3329 μόνον
2538 3257 2670 3329 (66),
2696 3258 2833 3312 ἀλλὰ
2858 3260 2952 3312 καὶ
2975 3258 3066 3312 τὸν
3098 3258 3349 3330 ψυχικόν.
3381 3259 3537 3312 Πᾶσα
3563 3256 3680 3330 γὰρ

408 3341 626 3411 loquor,
665 3341 760 3395 sed
789 3339 954 3394 etiam
981 3342 1050 3395 de
1079 3337 1375 3408 spirituali.
1406 3337 1582 3393 Omne
1608 3337 1753 3391 enim
1790 3351 1952 3405 pecca

2138 3348 2366 3420 μαρτία,
2404 3347 2633 3410 θάνατός
2660 3348 2777 3400 ἐστι
2814 3346 3012 3418 ψυχῆς.
3056 3347 3235 3418 Μέχρι
3273 3344 3478 3399 τούτων
3516 3346 3545 3398 ὁ
3583 3344 3682 3397 λό-

411 3443 549 3498 tum,
573 3432 770 3488 animas
793 3446 942 3487 mors
966 3441 1068 3487 est.
1091 3431 1272 3499 Atque
1308 3429 1397 3484 hic
1442 3430 1602 3484 ﬁnem
1640 3428 1839 3484 habeat
1868 3442 1991 3484 ora-
2090 3457 2185 3509 τος
2227 3441 2423 3513 στήτω,

408 3526 507 3580 tio.
1021 3564 1029 3573 .
2017 3524 2061 3581 C

479 3617 673 3675 XXIV.
706 3616 992 3686 Reliquum
1016 3624 1120 3681 est,
1158 3623 1216 3669 ut
1246 3628 1345 3685 pro
1395 3614 1482 3681 iis,
1532 3614 1622 3684 qui
1648 3614 1755 3670 huc
1794 3627 1991 3670 conve-

2165 3618 2291 3678 KA'.
2322 3624 2522 3678 Λοιπὸν
2556 3623 2664 3695 (67)
2688 3624 2744 3677 δὲ
2775 3622 2914 3677 ἔστω
2937 3624 3077 3697 ὑπὲρ
3103 3623 3212 3678 τῶν
3240 3621 3680 3695 συνεληλυθότων

410 3720 627 3777 nerunt,
660 3719 844 3766 votum
869 3708 1152 3766 faciamus.
1185 3707 1297 3763 Viri
1329 3706 1490 3762 simul
1512 3716 1567 3761 et
1596 3721 1811 3772 uxores,
1848 3706 1954 3776 prii

2134 3716 2247 3787 bxﬁ.
2287 3716 2510 3788 Ἀνδρες
2538 3715 2671 3785 ὁμοῦ
2710 3714 2803 3768 καὶ
2843 3718 3132 3785 γυναῖκες,
3170 3715 3462 3786 ἀρχόμενοί
3492 3731 3550 3769 τε
3578 3715 3678 3768 καὶ

409 3806 561 3877 cipes
582 3815 640 3861 et
670 3803 895 3869 subditi,
930 3818 1093 3859 senes
1120 3812 1175 3860 et
1218 3802 1594 3858 adolescentes
1620 3817 1684 3857 ac
1722 3802 1953 3870 virgines

2134 3822 2373 3877 ρχοντες,
2415 3804 2717 3876 πρεσϐῦται
2750 3804 2845 3857 καὶ
2874 3806 3146 3877 νεανίσκοι
3198 3805 3336 3876 μετὰ
3368 3803 3676 3875 παρθένων,

408 3897 600 3954 omn’es
630 3896 870 3966 cujusvis
932 3897 1128 3961 aetatis,
1187 3895 1527 3964 dispendium
1560 3894 1777 3965 quidem
1806 3909 1869 3949 ac
1897 3894 1952 3949 de

2133 3899 2205 3951 πᾶν
2242 3897 2396 3966 γένος
2438 3897 2681 3968 ἡλικίας,
2734 3898 2912 3951 πᾶσαν
2949 3898 3047 3968 μὲν
3087 3897 3281 3968 φέρετε
3312 3897 3548 3968 ζημίαν,
3575 3896 3677 3967 τὴν

410 3991 731 4046 trimentum
767 4004 950 4054 omne,
980 3996 1093 4042 tum
1139 3988 1192 4042 in
1244 3988 1487 4056 pecuniis
1532 3996 1587 4041 et
1616 3986 1954 4041 facultatibus

2134 3990 2174 4053 ίς
2235 3992 2510 4061 χρήματα,
2555 3990 2653 4062 τὴν
2702 3991 2783 4054 εἰς
2827 3988 3084 4060 σώματαο
3123 3988 3181 4042 ἓν
3239 3988 3296 4042 δὲ
3333 3990 3408 4060 μὴ
3450 3987 3678 4059 δέξησθε

411 4096 526 4139 tum
566 4086 621 4140 in
650 4083 968 4154 corporibus
1013 4096 1169 4151 aaquo
1216 4080 1399 4136 animo
1443 4079 1622 4134 ferte:
1669 4081 1773 4133 hoc
1808 4087 1955 4133 auter

2132 4082 2280 4145 .όνον,
2318 4080 2417 4152 τὴν
2448 4081 2674 4153 θεότητα
2705 4081 3082 4154 ζημιούμενοι.
3108 4079 3404 4153 Προσκυνῶ
3432 4080 3676 4152 Πατέρα,

412 4191 580 4231 unum
614 4191 893 4246 nunquam
925 4172 1235 4245 patiamini,
1278 4181 1337 4226 ut
1390 4171 1684 4226 divinitatis
1718 4170 1956 4240 jacturar

2129 4173 2385 4244 προσκυνῶ
2421 4173 2512 4227 τὸν
2552 4173 2699 4237 Υἱὸν,
2737 4171 3027 4245 προσκυνῶ
3056 4173 3117 4226 τὸ
3148 4172 3374 4244 Πνεῦμα
3399 4172 3461 4227 τὺ
3497 4170 3673 4241 ἅγιον·

410 4268 647 4326 faciatis.
691 4270 871 4325 Adoro
898 4267 1137 4331 Patrem,
1173 4265 1340 4321 adoro
1372 4264 1590 4329 Filium,
1630 4265 1796 4319 adoro
1829 4264 1953 4334 Spir

2135 4265 2299 4321 ,ἄλλον
2350 4264 2408 4318 δὲ
2460 4264 2900 4337 προσκυνοῦμεν,
2936 4263 3046 4333 ἐγὼ
3090 4265 3184 4317 καὶ
3215 4263 3321 4335 πρὸ
3358 4264 3605 4328 πάντων,
3649 4266 3679 4333 ὁ

412 4377 527 4421 tum
562 4374 813 4419 sanctum
836 4379 851 4429 ;
878 4363 983 4428 vel,
1002 4373 1060 4416 ut
1079 4364 1282 4417 rectius
1306 4362 1507 4425 dicam,
1530 4359 1843 4423 adoramus,
1866 4374 1956 4431 ego

2133 4356 2267 4411 αὔτα
2299 4356 2493 4426 λέγων,
2524 4356 2635 4427 ἐγὼ
2662 4358 2756 4411 καὶ
2796 4357 2933 4427 μετὰ
2968 4357 3179 4421 πάντας
3229 4357 3324 4410 καὶ
3358 4358 3455 4409 σὺν
3487 4357 3677 4420 πᾶσιν,

415 4459 508 4528 qui
538 4458 657 4513 hzec
682 4456 894 4525 loquor,
917 4466 975 4510 et
1010 4464 1135 4511 ante
1164 4468 1375 4519 omnes,
1407 4462 1461 4507 et
1497 4460 1623 4521 post
1648 4465 1837 4507 omnes
1870 4492 1886 4518 ,
1938 4466 1959 4507 ε

2138 4466 2156 4503 ν
2180 4448 2330 4520 αὐτῷ
2352 4449 2430 4521 τῷ
2456 4450 2647 4520 Κυρίῳ
2679 4448 2756 4518 τῷ
2797 4447 3018 4519 Χριστῷ
3050 4447 3160 4518 (68)
3188 4447 3370 4519 ἡμῶν,
3412 4440 3458 4518 ᾧ
3485 4449 3520 4520 ἡ
3547 4446 3682 4517 δόξα

414 4568 537 4607 cum
569 4549 841 4614 omnibus,
897 4548 952 4603 iu
984 4548 1102 4617 ipso
1128 4547 1356 4602 Domino
1381 4542 1597 4601 Christo
1627 4553 1815 4601 nostro
1860 4586 1869 4605 ,
1904 4558 1958 4600 et:

1733 4553 1815 4599 tro
1860 4586 1869 4605 ν
1904 4544 1992 4600 cui
2098 4540 2193 4595 καὶ
2214 4540 2276 4594 τὸ
2308 4540 2506 4613 κράτος
2530 4541 2609 4605 είς
2633 4539 2761 4603 τοὺς
2786 4538 3007 4602 αἰῶνας.
3045 4537 3238 4610 Ἀμήν.
3271 4568 3277 4574 ·

415 4643 584 4716 gloria
613 4652 668 4697 et
691 4640 973 4710 imperium
1006 4639 1059 4694 in
1083 4638 1300 4695 saecula.
1338 4638 1529 4694 Amen.
2025 4647 2073 4705 ι)

488 4825 534 4858 ⁸⁸
580 4825 746 4881 llebr.
780 4839 877 4888 xu,
902 4822 988 4876 15.

495 4979 609 5051 (60)
633 4975 933 5051 ρἘνοχλῇ.
971 4974 1067 5051 Sic
1087 4976 1192 5031 duo
1222 4974 1413 5046 Regg.,
1446 4983 1553 5029 tres
1582 4973 1757 5039 Colb.,
1779 4971 1873 5029 0r.
1905 4974 2001 5030 let

901 4976 933 5045 Ῑ.
971 4974 1067 5051 Sic
1087 4976 1192 5031 duo
1222 4974 1413 5046 Regg.,
1446 4983 1553 5029 tres
1582 4973 1757 5039 Colb.,
1779 4971 1873 5029 0r.
1905 4974 2001 5030 let
2109 4973 2445 5051 ...‘3f£o_7tl$_0l;.

419 5037 604 5106 Coiub:
633 5047 690 5103 In
717 5037 828 5114 ed:
859 5037 1085 5118 ἐνοχλεῖ.
1168 5117 1174 5118 7
1303 5037 1365 5118 iv
1401 5037 1406 5039 ⁷
1518 5117 1522 5118 ν
1745 5037 1751 5039 ⁷

2128 5042 2910 5118 Α(66)-Σωμαιζικρῃμόνοῖ.-
2949 5042 3051 5118 Sic
3078 5041 3210 5112 Reg.
3259 5042 3354 5118 bm_
3380 5048 3440 5118 et_
3480 5037 3672 5118 Comb.

493 5119 605 5188 (61)
640 5109 1133 5188 Ἀρειάνήνῗβθς.
1166 5117 1276 5181 bm,
1310 5115 1574 5188 ἀριανεῖν.
1600 5184 1615 5188 Δ
1700 5184 1723 5188 Δ

2134 5109 2201 5188 ac
2226 5109 2389 5188 etiam
2404 5109 2560 5188 legit
2577 5109 2784 5166 Billius.
2818 5112 3124 5188 Gabrielius
3163 5109 3298 5188 Vero
3342 5112 3497 5188 legit,
3530 5109 3678 5188 λέγω

513 5182 603 5258 62)
628 5182 954 5259 Νόμοθετῶ.
986 5182 1120 5256 Βθέ.
1152 5188 1186 5242 b
1213 5197 1267 5239 et
1295 5182 1468 5259 011:1,
1501 5184 1753 5239 νουθετῶ.

2136 5185 2166 5259 ε
2196 5184 2373 5253 φόνον,
2404 5182 2605 5237 οὑθτὸν
2654 5185 2962 5254 σωματικὸν
2998 5183 3174 5254 μόνον.
3225 5182 3385 5238 Deest
3430 5182 3589 5252 μόνον
3619 5182 3678 5236 in

513 5200 603 5258 62)
628 5200 954 5259 [νομοθετῶ.
986 5200 1120 5256 Heg.
1152 5200 1186 5242 ι)
1213 5200 1267 5239 et
1295 5200 1387 5241 ur.
1416 5200 1468 5252 1,
1501 5200 1753 5239 νουυετω.
2099 5200 2162 5237 οε

492 5200 605 5332 (65)
636 5262 864 5325 Ὅσοις.
892 5259 948 5332 In
974 5260 1316 5332 quibusdam,
1340 5252 1441 5319 οἷς.
1595 5326 1621 5332 _
2102 5256 2189 5332 ed.

494 5321 607 5401 (64)
646 5321 1044 5454 Σωῗρονίσάι.
1069 5328 1201 5396 Reg.
1237 5328 1348 5392 bm,
1378 5326 1743 5399 σωφρονῆσαι.

494 5402 607 5466 (65)
652 5401 761 5455 Ἐπ
791 5418 911 5466 χῃς
1034 5400 1293 5466 xulem;
1349 5396 1406 5453 In
1435 5399 1724 5465 nonnullis,
1780 5396 1995 5466 ὲπέχοις

2199 5323 2289 5389 67)
2319 5324 2565 5378 Λοιπόν.
2598 5326 2656 5380 In
2683 5323 3023 5393 quibusdam,
3054 5323 3115 5377 τὸ
3138 5321 3340 5377 λοιπόν.

1796 5396 1995 5466 επέχοις
2175 5325 2287 5466 (68)
2322 5394 2406 5462 Τῷ
2431 5393 2682 5465 Χριστῷ.
2719 5392 2850 5466 Reg.
2879 5395 2964 5460 but
2992 5397 3159 5462 addit,
3187 5395 3281 5449 καὶ
3300 5411 3340 5449 τι

492 5387 607 5475 (65)
652 5387 911 5472 Ἐαὲἐχῃς
1034 5387 1293 5471 amnium;
1335 5387 1406 5453 'ln
1435 5387 1724 5465 nonnullis,
1780 5396 1995 5467 ὲπέχοις

2175 5387 2287 5467 (68)
2322 5394 2406 5462 Τῷ
2431 5393 2682 5465 Χριστῷ.
2700 5387 2850 5466 Ἑος.
2879 5395 2964 5460 but
2992 5397 3159 5462 addit,
3187 5395 3281 5449 καὶ
3300 5391 3377 5465 τῷ
3406 5387 3550 5468 Θεῷ.
