3910 6214
285 271 395 332 313

1250 275 1512 335 ORATIO
1554 277 1843 335 XXXVIII.
1883 309 1952 321 —-
1994 279 2059 336 IN
2101 279 2562 339 THEOPHANIA.

3448 278 3554 337 3H

282 398 455 456 τειον.
510 386 747 456 Χριστὸς
787 389 846 442 ἐν
901 389 1096 462 σαρκὶ,
1133 391 1323 463 τρόμῳ
1372 394 1469 447 καὶ
1511 395 1658 466 χαρᾷ
1704 394 1862 464 ἀγαλ-

1979 399 2232 456 Christus
2289 397 2343 453 in
2386 413 2573 463 carne,
2612 406 2852 452 tremere
2904 405 2960 452 et
3010 395 3204 469 gaudio
3255 392 3557 466 exsultante;

281 477 512 534 λιᾶσθε·
546 479 757 551 τρόμῳ,
799 480 888 535 διὰ
938 482 1037 554 τὴν
1080 483 1391 555 ἁμαρτίαν·
1443 487 1611 557 χαρᾷ,
1656 485 1747 539 διὰ
1772 486 1871 557 τὴν

283 571 504 625 ἐλπίδα.
561 572 800 643 Χριστὸς
851 575 915 627 ὲκ
978 574 1288 644 Παρθένου·
1345 579 1604 644 γυναῖκες
1659 576 1871 648 παρθεο

283 661 492 724 νεύετρ,
532 662 621 717 ἵνα
656 664 892 734 Χριστοῦ
908 665 1140 736 γένησθε
1176 667 1434 739 μητέρες.
1464 668 1560 733 Τίς
1598 670 1659 724 ού
1694 687 1869 743 προσ-

285 755 440 805 κυνεί
487 752 578 806 τὸν
619 755 716 807 ἀπ’
768 755 983 828 ἀρχῆς;
1049 757 1136 822 τίς
1181 759 1242 811 οὐ
1296 759 1509 827 δοξάζει
1548 760 1641 815 τὸν
1688 762 1874 816 τελευ-

287 860 441 898 ταιον
466 862 484 911 ;

362 938 439 1005 Βζ.
483 937 655 992 Πάλιν
696 939 757 993 τὸ
803 940 993 1005 σκότος
1043 941 1155 1013 (82)
1203 942 1408 1010 λύεται,
1452 944 1613 1000 πάλιν
1658 944 1720 999 τὸ
1757 946 1873 1016 φῶς

289 1029 605 1098 ὑφίσταται,
642 1031 804 1086 πάλιν
846 1034 1122 1102 Αἴγυπτος
1159 1037 1336 1108 σκότῳ
1374 1036 1682 1103 κολάζεται,
1710 1038 1873 1094 πάλιν

302 1120 527 1194 Ἰσραὴλ
559 1122 736 1193 στύλῳ
765 1124 1080 1193 φωτίζεται.
1113 1126 1171 1180 '0
1209 1127 1356 1193 λαὸς,
1387 1130 1416 1181 6
1456 1128 1766 1200 καθήμενος
1810 1131 1873 1183 ὲν

291 1216 477 1268 σκότει
523 1214 626 1285 τῆς
646 1216 901 1285 ἀγνοίας,
957 1218 1110 1272 ἰδέτω
1151 1219 1263 1289 (85)
1310 1218 1424 1289 φῶς
1455 1219 1596 1291 μέγα
1621 1220 1722 1291 τῆς
1751 1221 1872 1274 ἐπι-

285 1308 566 1380 γνώσεως.
611 1310 689 1364 Τὰ
725 1310 946 1379 ἀρχαῖα
980 1309 1325 1379 παρῆλθεν·
1366 1310 1494 1366 ἰδοὺ
1542 1311 1753 1382 γέγονε
1798 1312 1874 1367 τὰ

286 1401 488 1455 πάντα
535 1400 736 1455 καινά.
772 1401 847 1455 Τδ
884 1402 1119 1473 γράμμα
1167 1402 1478 1473 ὑποχωρεῖ,
1534 1403 1596 1457 τὸ
1653 1402 1872 1475 πνεῦμα

288 1489 621 1554 πλεονεκτεῖ,
654 1490 712 1542 αἱ
738 1490 885 1542 σκιαὶ
909 1489 1367 1561 παρατρέχουσιν,
1385 1491 1418 1561 ὴ
1434 1489 1661 1560 ἀλήθεια
1685 1491 1872 1543 ὲπεισ-

294 1581 541 1653 έρχεται.
573 1581 635 1635 Ὀ
683 1579 1016 1651 Μελχισεδὲκ
1044 1580 1155 1651 (8.1)
1190 1580 1482 1649 συνάγεται
1510 1596 1524 1610 ·
1554 1582 1582 1634 6
1611 1580 1870 1654 ἀμήτωρ,

284 1675 523 1746 ἀπάτωρ
568 1673 812 1742 γίνεται·
850 1674 1081 1747 ἀμήτωρ
1114 1674 1174 1727 τὸ
1216 1674 1501 1745 πρότερον,
1544 1673 1774 1746 ἀπάτωρ
1811 1673 1872 1727 τὸ

283 1765 559 1837 δεύτερον.
608 1765 783 1837 Νόμοι
826 1764 1039 1835 φύσεως
1083 1765 1458 1821 καταλύονται.
1507 1765 1871 1838 Πληρωϐῆναι
1900 1755 1942 1810 Β

283 1857 369 1911 δεῖ
394 1858 484 1911 τὸν
517 1857 630 1911 ἄνω
663 1858 887 1929 κόσμον.
926 1858 1161 1929 Χριστὸς
1188 1857 1299 1930 (85)
1333 1858 1575 1913 κελεύει·
1614 1860 1689 1931 μὴ
1721 1860 1870 1914 ἀντι-

283 1950 575 2021 τεινωμεν.
606 1948 810 2003 Πάντα
837 1950 911 2003 τὰ
937 1946 1104 2019 ἔθνη,
1143 1950 1478 2018 κροτήσατε
1522 1950 1745 2021 χεῖρας,
1777 1951 1868 2006 ὅτι

283 2042 533 2097 παιδίον
562 2040 854 2111 ἐγεννήθη
882 2041 1049 2111 ἡμῖν,
1073 2042 1205 2108 υἱὸς
1235 2041 1332 2096 καὶ
1356 2042 1467 2114 (86)
1484 2043 1661 2112 ἐδόθη
1699 2043 1866 2112 ἡμῖν,

284 2128 360 2189 οὗ
390 2135 430 2201 ἠ
455 2132 615 2202 ἀρχὴ
652 2132 753 2186 ἐπὶ
781 2131 887 2187 τοῦ
926 2132 1089 2202 ὤμου
1139 2134 1328 2188 αὑτοῦ
1371 2133 1468 2205 (τῷ
1504 2135 1613 2207 γὰρ
1648 2134 1869 2206 σταυρῷ

286 2221 721 2294 συνεπαίρεται),
747 2222 847 2276 καὶ
884 2222 1151 2277 καλεῖται
1206 2223 1273 2277 τὸ
1316 2223 1496 2294 ὄνομα
1531 2225 1738 2289 αὐτοῦ,
1763 2243 1869 2295 με·

285 2314 480 2383 τάλης
502 2315 767 2383 βουλῆς,
801 2315 899 2386 τῆς
939 2314 1034 2368 τοῦ
1077 2316 1310 2387 Πατρδς,
1345 2319 1643 2387 Ἄγγελος.
1684 2319 1868 2373 Ἰωάν·

284 2424 386 2479 νης
400 2406 574 2478 βοάτω
591 2422 607 2438 ο
637 2406 1015 2476 Ἑτοιμάσατε
1026 2407 1138 2474 τὴν
1155 2407 1300 2462 ὁδὸν
1312 2410 1553 2477 Κυρίου.
1568 2409 1739 2479 Κάγὼ
1756 2411 1866 2483 (87)

284 2496 552 2568 βοήσομαι
580 2500 682 2568 τῆς
703 2497 919 2570 ἡμέρας
945 2498 1046 2569 τὴν
1073 2498 1302 2570 δύναμιν
1322 2514 1335 2527 ·
1387 2499 1443 2552 '0
1469 2499 1707 2571 ἄσαρκος
1737 2518 1871 2572 σαρ-

282 2586 494 2649 κοῦται,
522 2589 551 2640 6
571 2586 744 2654 Λόγος
771 2586 1094 2657 παχύνεται,
1124 2590 1154 2640 6
1183 2588 1412 2659 ἀόρατος
1440 2589 1652 2658 ὁρᾶται,
1682 2592 1710 2643 ὁ
1738 2592 1867 2644 ἀνα-

283 2676 394 2750 φὴς
420 2677 757 2748 ψηλαφᾶται,
788 2680 816 2733 ὁ
847 2680 1075 2749 ἄχρονος
1110 2677 1222 2749 (88)
1259 2679 1507 2750 ἄρχεται,
1554 2682 1582 2733 ὀ
1616 2680 1745 2744 Υἱὸς
1772 2680 1865 2734 τοῦ

280 2768 420 2823 Θεοῦ
445 2770 570 2833 Υἱὸς
589 2767 874 2842 ἀνθρώ-του
894 2754 1135 2839 γίνεται,
1159 2770 1401 2839 Ἰησοῦς
1421 2771 1700 2839 Χριστὸς,
1722 2771 1868 2841 χθὲς

280 2860 385 2914 καὶ
415 2860 703 2930 σήμερον,
740 2863 775 2913 ὁ
809 2859 991 2927 αὐτὸς
1015 2860 1222 2927 καὶεὶς
1254 2860 1399 2929 τοὺς
1448 2860 1689 2929 αἰῶνας.
1735 2864 1867 2916 ’1ου-

280 2952 426 3006 δαῖοι
492 2950 1049 3016 αανδαλιζέσθωσαν,
1108 2952 1369 3024 ’Έλληνες
1421 2952 1862 3022 διαγελάτωσαν,

1976 504 2241 556 tremore,
2271 498 2491 561 propter
2521 498 2836 560 peccatum;
2870 489 3085 559 gaudio,
3118 497 3335 558 propter
3378 502 3555 559 spem.

1972 579 2227 634 Christus
2253 594 2320 633 ex
2357 576 2608 646 Virgine;
2644 577 2920 641 mulieres,
2960 576 3322 647 virginitatem
3374 577 3554 646 colite,

1972 677 2033 723 ut
2070 668 2273 725 Christi
2312 679 2516 722 matres
2544 668 2683 723 sitis.
2719 666 2853 734 Quis
2906 683 3052 731 eum,
3084 667 3177 736 qui
3207 683 3238 722 a
3291 668 3557 738 principio

1972 770 2077 825 est,
2119 775 2225 814 non
2254 757 2485 814 adorat?
2521 758 2652 825 Quis
2678 773 2822 825 eum,
2857 759 2947 828 qui
2981 765 3283 829 postremus
3315 765 3419 824 est,
3446 772 3556 814 non

1973 850 2155 906 laudat
2184 867 2248 905 ac
2278 850 2549 906 celebrat?

1980 1003 1985 1007 ,
2043 941 2109 997 ll.
2142 942 2351 997 ltursus
2379 942 2616 997 tenebrae
2637 941 2942 1007 solvuntur,
2974 956 3163 998 rursus
3191 941 3281 997 lux
3315 952 3553 1009 creatur,

1972 1048 2164 1090 rursus
2194 1033 2460 1105 JEgyptus
2513 1034 2751 1089 tenebris
2782 1044 3010 1088 vexatur
3037 1034 3106 1101 τ’,
3151 1050 3337 1089 rursus
3387 1034 3557 1090 Israel

1972 1139 2072 1195 per
2108 1125 2415 1179 columnam
2454 1124 2789 1178 illuminatur
2820 1124 2885 1177 ⁷³.
2920 1123 3173 1194 Populus,
3202 1126 3291 1195 qui
3323 1126 3373 1179 in
3403 1128 3558 1196 igno-

1972 1216 2162 1270 rantia:
2221 1215 2457 1270 tenebris
2516 1215 2669 1269 sedet
2704 1215 2773 1281 τι,
2823 1229 3070 1284 magnam
3129 1216 3451 1282 cognitionis
3497 1222 3557 1271 et

1971 1307 2215 1363 scientia:
2252 1306 2425 1362 lucem
2469 1307 2740 1375 inspiciat.
2799 1304 2984 1360 Vetera
3033 1309 3398 1362 transierunt:
3437 1324 3556 1364 eccs

1972 1400 2115 1468 facta
2138 1407 2258 1453 sunt
2293 1398 2467 1453 omnia
2500 1414 2631 1452 nova
2662 1398 2731 1451 ".
2768 1396 2965 1452 Littera
2996 1397 3161 1463 cedit,
3193 1399 3417 1469 spiritus
3464 1415 3555 1455 su-

1972 1502 2144 1562 perat,
2172 1492 2377 1547 umbra:
2416 1498 2763 1560 prmtereunt,
2796 1490 2997 1545 veritas
3042 1491 3361 1560 ingreditur.
3423 1491 3556 1547 Mel-

1971 1584 2260 1640 chisedech
2296 1583 2565 1653 colligitur
2595 1601 2609 1636 :
2640 1584 2729 1653 qui
2763 1583 2880 1637 sine
2920 1592 3095 1637 matre
3124 1591 3263 1646 erat,
3290 1584 3408 1639 sine
3450 1599 3552 1654 pa-

1973 1687 2055 1733 tre
2099 1675 2361 1742 eﬂicitur;
2409 1676 2558 1745 prius
2591 1675 2807 1745 quidem
2843 1675 2959 1729 sine
2991 1684 3183 1741 matre,
3220 1685 3341 1744 post
3372 1687 3551 1731 autem

1970 1768 2090 1823 sine
2147 1774 2322 1837 patre.
2387 1764 2603 1823 Natura:
2662 1764 2809 1834 leges
2860 1770 3193 1817 evertuntur.
3247 1763 3552 1833 Supernum

1971 1859 2228 1916 mundum
2270 1858 2480 1927 impleri
2516 1865 2754 1926 oportet.
2786 1855 3036 1911 Christus
3061 1853 3257 1922 jubet:
3294 1871 3362 1911 ne
3399 1857 3551 1912 obsi-

1970 1965 2198 2009 stamns.
2230 1950 2424 2005 Omnes
2451 1960 2647 2019 gentes,
2673 1948 2910 2016 plaudite
2938 1949 3179 2001 manibus
3201 1949 3269 2012 ⁷⁸,
3295 1950 3549 2017 quoniam

1968 2044 2215 2115 parvulus
2267 2054 2422 2097 natus
2472 2053 2546 2096 est
2589 2044 2757 2106 nobis,
2809 2050 2857 2094 et
2896 2040 3039 2109 [ilius
3070 2041 3342 2095 datus-est
3380 2040 3551 2108 nobis,

1970 2136 2119 2205 cujus
2171 2136 2497 2206 principatus
2524 2150 2681 2203 super
2727 2134 3001 2188 humerum
3045 2135 3159 2203 ejus
3201 2133 3342 2205 (cum
3390 2150 3553 2191 cruce

1968 2229 2171 2284 etenim
2221 2226 2543 2297 extollitur),
2593 2243 2656 2280 ac
2697 2234 2915 2279 vocatur
2954 2242 3140 2280 nomen
3190 2226 3323 2296 ejus,
3372 2230 3551 2298 magni

1968 2322 2201 2386 consilii,
2235 2322 2336 2376 hoc
2363 2331 2466 2382 est,
2500 2322 2732 2390 paterni,
2759 2322 2990 2390 Angelus
3018 2321 3087 2377 ⁷⁷.
3144 2319 3353 2376 Clamet
3384 2321 3550 2377 Joan-

1970 2429 2065 2468 nes
2094 2431 2109 2467 :
2145 2411 2344 2467 Parate
2366 2413 2504 2467 viam
2535 2412 2741 2465 Domini
2757 2412 2828 2466 ⁷⁸.
2867 2412 2978 2480 Ego
3005 2427 3221 2482 quoque
3251 2414 3355 2469 diei
3389 2413 3551 2484 hujus

1967 2505 2075 2560 vim
2106 2520 2168 2560 ac
2195 2507 2490 2574 potentiam
2523 2504 2800 2567 clamabo;
2838 2504 3020 2557 carnis
3070 2520 3264 2574 expers
3298 2507 3551 2561 incarna-

1968 2606 2091 2665 tur;
2154 2598 2389 2651 Verbum
2437 2598 2760 2663 crassescit;
2815 2597 3102 2652 invisibilis
3146 2599 3418 2664 cernitur;
3464 2600 3548 2655 in-

1969 2689 2170 2745 tactilis
2233 2690 2499 2758 tangitur;
2577 2698 2819 2756 tempore
2849 2703 3047 2743 vacans
3091 2690 3301 2744 initium
3349 2693 3547 2760 sumit;

1968 2781 2065 2836 Dei
2098 2779 2286 2845 Filius,
2317 2780 2551 2835 hominis
2590 2779 2760 2834 Filius
2807 2778 3055 2844 ellicitur,
3098 2778 3256 2834 Jesus
3301 2778 3548 2841 Christus

1966 2872 2104 2938 lteri,
2137 2880 2183 2925 et
2223 2872 2401 2949 hodie,
2426 2872 2536 2941 ipse
2571 2880 2621 2925 et
2661 2871 2717 2924 in
2741 2870 2937 2926 swcula
2965 2870 3032 2927 ⁷⁸.
3067 2870 3235 2926 «1ηόωί
3266 2873 3548 2930 oﬂ'endan-

1966 2969 2076 3029 tur,
2108 2960 2282 3017 Graeci
2313 2961 2614 3026 derideant,
2651 2961 2891 3017 haeretici
2915 2962 3108 3033 linguae
3159 2965 3436 3035 prurigine
3466 2967 3549 3022 af-

282 3041 554 3115 αἱρετικοὶ
586 3042 1130 3111 γλωσσαλγειτωσαν.
1161 3043 1295 3097 Τότε
1319 3044 1697 3099 πιστεύσουσιν
1723 3046 1860 3118 (89),

1969 3052 2237 3109 ﬁciantur.
2289 3054 2425 3109 Tum
2459 3053 2702 3120 credent,
2737 3068 2859 3109 cum
2904 3053 2958 3108 in
3011 3054 3205 3110 omium
3251 3057 3548 3113 ascenden-

277 3137 411 3190 ὃταν
446 3135 627 3188 ἴδωσιν
659 3136 770 3206 (90)
806 3138 884 3200 εἰς
915 3135 1140 3207 οὐρανὸν
1179 3137 1573 3209 ἀνερχόμενον·
1606 3141 1655 3192 εἰ
1698 3140 1754 3193 δὲ
1783 3140 1859 3213 μὴ

278 3226 429 3289 τότε,
460 3226 575 3280 ἀλλ’
612 3227 738 3282 ὅταν
761 3226 820 3293 ἐξ
841 3226 1088 3300 οὐρανῶν
1118 3228 1429 3300 ἐρχόμενον,
1459 3230 1552 3284 καὶ
1573 3229 1649 3296 ὡς
1667 3232 1859 3305 κριτὴν

279 3313 668 3385 καθεζόμενον.

351 3406 429 3459 I".
461 3406 650 3459 Ταῦτα
702 3405 802 3477 μὲν
842 3406 1090 3477 ὕστερον.
1146 3409 1229 3463 Τὰ
1270 3408 1327 3464 δὲ
1371 3410 1465 3465 νῦν
1501 3410 1790 3483 Θεοφάνια,
1824 3415 1859 3484 ἠ

279 3496 616 3566 πανήγυρις,
646 3497 824 3550 εῐτουν
851 3497 1107 3553 Γενέθλια
1131 3516 1147 3532 ·
1174 3499 1391 3569 λέγεται
1426 3502 1532 3575 γὰρ
1555 3494 1860 3576 ἀμφότερα,

278 3585 377 3641 δύο
413 3587 684 3658 κειμένων
742 3590 1124 3660 προσηγοριῶν
1168 3592 1248 3645 évl.
1287 3594 1595 3666 πράγματι.
1657 3596 1859 3668 Ἐφάνη

277 3679 391 3752 γὰρ
429 3679 560 3744 Θεὸς
593 3678 903 3751 ἀνθρώποις
932 3682 1019 3735 διὰ
1049 3685 1387 3755 γεννήσεως·
1422 3685 1483 3739 τὺ
1516 3687 1613 3757 μὲν
1639 3687 1733 3753 ὢν,
1767 3690 1863 3744 καὶ

276 3770 369 3828 ἀεὶ
400 3771 476 3826 ὢν
505 3773 570 3826 ὲκ
606 3772 703 3827 τοῦ
724 3775 812 3828 ἀεὶ
846 3775 997 3839 ὄντος
1030 3775 1164 3847 (91),
1202 3777 1342 3848 ὑπὲρ
1370 3778 1548 3832 αἰτίαν
1578 3781 1671 3834 καὶ
1704 3781 1861 3851 λόγον

281 3863 426 3928 (οὐδὲ
445 3865 554 3937 γὰρ
583 3861 654 3936 ἦν
692 3865 786 3919 τοῦ
819 3867 996 3936 Λόγου
1028 3866 1185 3937 λόγος
1233 3869 1524 3941 ἀνώτερος)
1548 3891 1561 3902 ·
1588 3874 1650 3927 τὸ
1684 3874 1763 3937 δὲ,
1792 3876 1859 3930 δι’

279 3953 433 4024 ἡμᾶς
466 3954 761 4026 γενόμενος
795 3954 1040 4028 ὕστερον,
1089 3957 1154 4009 ἵν’
1180 3959 1208 4011 6
1239 3958 1300 4011 τὸ
1327 3953 1466 4013 εἶναι
1497 3961 1640 4027 δοὺς,
1679 3965 1773 4018 καὶ
1798 3965 1860 4020 τὸ

277 4042 341 4099 εὖ
368 4040 509 4099 εἶναι
539 4046 866 4118 χαρίσηται·
902 4047 1105 4120 μᾶλλον
1133 4048 1211 4113 δὲ,
1246 4049 1547 4120 ρεύσαντας
1576 4055 1726 4124 ἡμᾶς
1753 4056 1862 4109 ἀπὸ

276 4138 375 4193 τοῦ
408 4134 466 4193 εὖ
497 4135 635 4192 εἶναι
672 4140 762 4194 διὰ
804 4140 1023 4205 κακίαν,
1068 4142 1205 4214 πρὸς
1236 4143 1368 4196 αὐτὸ
1409 4144 1516 4216 (92)
1544 4147 1703 4201 πάλιν
1727 4150 1861 4203 ὲπα-

278 4232 497 4302 ναγάγῃ
524 4230 614 4286 διὰ
641 4230 991 4302 σαρκώσεως.
1035 4233 1246 4303 Ὄνομα
1276 4234 1352 4300 δὲ,
1384 4235 1461 4306 τῷ
1487 4238 1716 4309 φανῆναι
1746 4240 1855 4296 193‘

278 4322 408 4395 μὲν,
431 4321 705 4392 Θεοφάνια
726 4337 741 4350 ·
768 4321 847 4393 τῷ
877 4322 934 4375 δὲ
956 4324 1274 4392 γεννᾶσθαι,
1301 4327 1576 4387 Γενέθλια.

1964 3159 2070 3208 tem
2100 3148 2383 3203 viderint:
2423 3147 2566 3218 quod
2616 3147 2660 3202 si
2716 3161 2785 3203 ne
2841 3154 2951 3201 tum
2997 3148 3245 3217 quidem,
3297 3157 3354 3202 at
3397 3159 3548 3207 certe

1962 3257 2085 3298 cum
2118 3255 2151 3295 e
2174 3240 2311 3295 cmlo
2344 3239 2778 3303 descendentem,
2801 3244 2964 3306 atque
2994 3248 3053 3292 ut
3078 3236 3314 3306 iudicem
3348 3240 3542 3297 seden-

1965 3345 2071 3391 tem
2095 3330 2425 3401 aspexerint.

2028 3422 2115 3477 lﬂ.
2148 3419 2349 3478 Verum
2393 3422 2510 3477 hnc
2540 3420 2833 3492 posterius.
2872 3418 3022 3475 Nunc
3054 3430 3232 3475 autem
3255 3420 3545 3492 Theopoa-

1961 3516 2074 3580 nia,
2131 3515 2245 3570 sive
2306 3512 2586 3579 Natalitia,
2642 3526 2883 3582 praesens
2934 3512 3271 3567 celebritas:
3316 3522 3547 3585 utroque

1960 3605 2106 3662 enim
2154 3606 2314 3659 modo
2365 3602 2690 3672 appellatur,
2721 3602 2934 3657 duobus
2973 3601 3181 3658 scilicet
3232 3604 3544 3659 nominibus

1961 3697 2053 3754 uni
2093 3697 2381 3766 eidemque
2413 3696 2491 3750 rei
2528 3695 2819 3765 impositis.
2855 3694 2998 3749 Deus
3026 3695 3172 3751 enim
3214 3711 3310 3766 per
3349 3695 3546 3751 nativi-

1963 3800 2128 3845 tatem
2191 3789 2504 3845 hominibus
2551 3788 2831 3858 apparuit,
2895 3788 3126 3842 alterum
3166 3789 3381 3858 quidem
3427 3789 3542 3859 jam

1959 3883 2251 3947 exsistens,
2280 3889 2336 3936 et
2368 3880 2586 3951 quidem
2611 3880 2940 3948 sempiterue
2964 3878 3127 3950 665
3158 3893 3223 3933 ex
3254 3880 3543 3950 sempiter—

1960 3991 2053 4043 no,
2090 3989 2253 4045 supra
2280 3988 2500 4029 causam
2527 3986 2742 4027 omnem
2775 3987 2840 4026 ac
2871 3973 3134 4026 rationem
3169 3974 3364 4040 (neque
3395 3972 3539 4025 enim

1962 4076 2127 4118 causa
2153 4061 2258 4116 ulla
2312 4059 2486 4115 Verbo
2535 4059 2785 4130 superior
2831 4060 3001 4128 erat);
3042 4059 3292 4125 alterum,
3343 4069 3542 4113 nostra:

1960 4154 2154 4208 salutis
2193 4166 2378 4217 causa,
2407 4162 2594 4220 postea
2627 4150 2825 4216 factus,
2854 4161 2935 4215 ut,
2961 4151 3052 4220 qui
3078 4151 3240 4205 vitam
3290 4151 3537 4215 dederat,

1961 4246 2107 4301 idem
2137 4246 2355 4301 beatam
2396 4258 2612 4313 quoque
2652 4243 2813 4297 vitam
2842 4242 3159 4313 largiretur;
3211 4240 3294 4297 vel
3336 4241 3539 4313 potius,

1959 4345 2020 4390 ut
2046 4351 2148 4391 nos
2176 4350 2271 4404 per
2298 4334 2489 4390 vitium
2529 4349 2560 4388 a
2603 4334 2757 4388 beata
2786 4334 2896 4388 vita
2949 4332 3248 4402 prolapsos,
3278 4333 3345 4387 ad
3388 4346 3538 4386 eam-

277 4418 403 4473 dem
439 4431 628 4472 rursus
663 4416 1094 4473 lncarnationem
1134 4434 1287 4475 suam
1333 4435 1632 4482 revocaret.
1678 4426 2028 4503 Theophania
2085 4432 2252 4504 igitur
2323 4432 2395 4487 ob
2461 4444 2583 4485 eam
2651 4443 2870 4483 causam
2902 4428 3007 4483 hoc
3051 4425 3249 4481 festum
3299 4424 3536 4495 appella-

278 4521 390 4579 tur,
425 4511 568 4581 quod
607 4510 949 4580 apparuerit;
998 4508 1263 4566 Nativitas
1310 4528 1454 4579 vero,
1506 4519 1648 4586 quod
1696 4531 1854 4578 natus
1892 4524 1985 4580 sit.

345 4668 397 4749 ξξ
422 4668 594 4749 Εξοςί.
646 4684 709 4749 x1
734 4667 854 4749 21.-
874 4670 1138 4749 _j’_Exod.
1206 4687 1327 4749 ῃιι,
1372 4673 1463 4729 21.
1538 4675 1719 4734 "Isa.
1754 4697 1830 4749 ix,

2025 4681 2072 4713 ⁷⁸
2104 4679 2147 4734 ll
2180 4677 2306 4736 Cor.
2338 4692 2390 4743 v,
2426 4676 2512 4730 17.
2588 4675 2634 4709 ⁷⁸
2668 4674 2770 4731 Psa
2799 4715 2812 4729 .
2847 4691 2991 4741 χιι-ι,
3023 4674 3074 4730 1.
3150 4674 3189 4705 ⁷·
3222 4690 3327 4728 tsa.
3362 4687 3436 4739 ιι,
3477 4671 3534 4729 6.

269 4739 323 4775 ⁷⁸
347 4732 651 4805 Μειιιιίιιι,
678 4740 733 4794 3.
808 4739 855 4774 τ’
874 4738 1037 4796 Hebr.
1067 4756 1187 4808 xm,
1224 4742 1280 4796 8.

346 4853 459 4923 (82)
484 4851 563 4907 Τὸ
591 4853 833 4921 σκότος.
865 4852 970 4907 Per
999 4871 1017 4904 ι
1043 4855 1293 4912 tenebras
1315 4875 1335 4910 ›
1374 4857 1621 4932 intelligit
1649 4860 1856 4932 Grego-
1889 4860 1934 4915 D
1959 4847 2244 4932 lustratus
2262 4864 2344 4932 es_t
2369 4854 2522 4932 nobis
2549 4853 2712 4932 illius,
2749 4863 2804 4909 ct
2826 4854 2983 4932 datus
3010 4862 3097 4908 est
3135 4852 3309 4908 nobis.
3331 4871 3350 4904 ι

271 4926 391 4982 rius
425 4942 446 4976 ι
466 4933 835 4995 οττοτεηιᾉιοι
864 4942 893 4995 γι
915 4935 1233 4995 peccatum;
1261 4944 1284 4979 ι
1331 4942 1426 4995 per
1458 4946 1477 4981 ι
1509 4926 1678 4985 Ιιῐοεη)
1700 4952 1720 4985 ι
1753 4926 1853 4989 au-

273 5008 407 5056 tam,
443 5013 464 5047 ι
484 5007 665 5045 veram
699 4993 822 5048 ﬁdei
845 4994 1143 5048 doctrinam
1171 5006 1228 5050 et
1249 4993 1515 5053 virtutem.
1543 5018 1563 5050 ι

348 5061 732 5145 (εδλλιδέτωι
751 5071 858 5118 etc.
895 5063 953 5117 In
987 5060 1122 5145 Isaia
1145 5080 1242 5145 _tx,_
1267 5065 1493 5133 2,juxta
1523 5069 1687 5137 LXX,
1722 5071 1849 5145 legi-

269 5132 367 5190 tur
396 5152 413 5188 :
440 5133 546 5187 Ἵδε
563 5133 624 5185 τὸ
657 5132 773 5201 φῶς
797 5145 867 5201 με

346 5151 365 5188 r
396 5152 413 5188 :
440 5150 546 5187 “tos
563 5150 624 5185 το
657 5150 976 5256 ωςέιεγα·
1009 5151 1030 5185 ι
1068 5150 1203 5188 νιυιι
1231 5150 1401 5190 lucem
1427 5154 1694 5209 magnam.
1716 5161 1736 5195 ι

346 5203 457 5275 (84)
482 5201 786 5275 Μελχιᾳεδ
819 5220 877 5260 κ.
904 5202 1295 5275 Melchisedech
1321 5207 1437 5261 sine
1466 5220 1616 5275 patre
1649 5222 1701 5266 et
1730 5211 1848 5269 sine

269 5271 449 5332 matre
501 5271 860 5345 fuitChristi
899 5283 1076 5345 typus.
1119 5271 1272 5345 Quod
1293 5271 1509 5345 quidem
1551 5280 1604 5333 in
1644 5282 1842 5337 Christi

266 5345 556 5416 nativitate
598 5343 933 5416 completum
980 5351 1083 5416 est.
1132 5343 1269 5416 llinc
1313 5343 1464 5416 ‘Aug.
1520 5357 1681 5404 tract.
1718 5351 1752 5406 8
1790 5354 1846 5406 in

267 5414 437 5489 J_oan.
466 5414 593 5467 ait:
638 5413 929 5489 (Christus
973 5412 1320 5489 singulariter
1360 5412 1530 5489 natus
1582 5420 1648 5474 de
1690 5433 1845 5489 patre

266 5487 393 5566 sine
417 5492 609 5566 matre,
652 5484 717 5537 de
745 5493 920 5566 matre
950 5484 1068 5539 sine
1095 5492 1275 5553 patre;
1327 5486 1445 5541 sine
1480 5498 1652 5544 matre
1680 5484 1843 5559 Deus,

267 5555 389 5610 sine
416 5561 565 5619 patre
596 5554 775 5615 homo,
796 5571 816 5605 ι
843 5564 949 5609 etc.

342 5622 454 5693 (85)
478 5622 751 5693 Χριστός.
779 5622 912 5693 Reg.
935 5639 986 5688 c,
1027 5624 1252 5693 Κύριος,
1284 5643 1305 5678 ι
1331 5626 1607 5684 Dominus.
1636 5648 1656 5683 ι

365 5694 455 5762 86)
492 5691 627 5762 Υἱός
648 5692 768 5756 καί,
791 5691 894 5762 etc.
929 5694 1020 5749 Sic
1031 5691 1173 5750 LXX
1184 5708 1237 5749 et
1264 5697 1502 5753 melioris
1526 5709 1664 5754 nota:
1684 5700 1840 5755 codd.

261 5760 477 5830 ιιιέιι..
507 5760 657 5833 Υἱὸς,
706 5761 820 5817 καί.
851 5762 1002 5830 Quod
1036 5766 1117 5823 sic
1144 5767 1304 5823 vertit
1320 5765 1547 5825 Billius:
1590 5787 1608 5822 ι
1630 5768 1838 5826 Parvu-

869 5148 1030 5209 γαί-ι
1050 5133 1203 5209 _\_lidi_t
1231 5137 1401 5209 lucem
1427 5133 1694 5209 magnam.
1716 5161 1736 5195 ι

2030 4930 2142 4999 (87)
2164 4923 2354 4997 Κάγώ.
2383 4925 2629 4999 Quinque
2660 4924 2853 4999 Regg._,
2880 4922 3008 4999 εγὼ.
3054 4993 3066 4999 _
3224 4994 3237 4999 _
3311 4993 3321 4999 _
3400 4995 3412 4999 _
3450 4984 3454 4989 ο

2028 4993 2140 5070 (88)
2150 4993 2459 5070 "Albanae.
2470 4996 2736 5067 Ἀναρχος
2750 4993 2876 5070 legit
2886 4993 3213 5070 hicephorus
3224 4994 3275 5047 in
3288 4993 3529 5070 Autirrh.

1954 5062 2278 5161 alligauit".
2304 5062 2623 5136 Coprouym.
2639 5062 2731 5135 ap.
2765 5062 2890 5132 Mai,
2918 5064 3166 5119 Bibliotlt.
3206 5081 3339 5118 noua
3366 5062 3435 5129 V,
3466 5080 3528 5132 tl,

1954 5141 2627 5280 ϐοῶξῖῧίστεύσουσιν.
2660 5206 2749 5260 Sic
2780 5219 2871 5280 sex
2902 5203 3317 5273 llcgg.,Coisl.2
3344 5213 3398 5259 et
3427 5205 3523 5261 0r.

1950 5280 2004 5335 2.
2032 5274 2093 5334 In
2120 5274 2232 5341 ed.,
2264 5274 2629 5337 πιστεύουσιν,
2660 5295 2679 5325 ι
2709 5278 2953 5329 credunt.
2975 5294 2993 5324 ι

1966 5366 1971 5371 ‘
2163 5346 2414 5421 18010111.
2445 5348 2554 5421 Duo
2577 5346 2733 5421 βου).
2762 5346 2981 5421 addunt,
3008 5342 3195 5421 αὐτόν.

1967 5366 1971 5371 ‘
2024 5351 2116 5421 (90
2163 5351 2414 5400 Ἰὃωσιν.
2445 5351 2554 5398 1)υο
2581 5351 2733 5400 Colh.
2762 5351 2981 5405 addunt,
3011 5351 3195 5397 αὐτόν.

1967 5490 1980 5504 ⁸
2019 5351 2137 5493 (91)
2172 5419 2267 5470 Ἐκ
2305 5415 2412 5470 τοῦ
2446 5415 2539 5469 ἀεὶ
2567 5415 2759 5482 ὄντος.
2816 5413 2941 5467 llaec
2986 5418 3180 5467 desunt
3206 5431 3258 5468 .n
3291 5414 3524 5469 nonnul-

1945 5490 2132 5634 ¹¹ε((92)
2164 5556 2344 5614 Αὐτό.
2378 5556 2511 5626 Reg.
2546 5556 2639 5624 ph,
2672 5556 2765 5611 sed
2810 5552 3095 5608 recentiori
3151 5569 3332 5623 manu,
3389 5555 3523 5611 ἑαυ-

1943 5631 2128 5771 τό(έ15)
2162 5693 2560 5771 Τῷμερᾳνῆναι.
2583 5695 2807 5768 Chrys.,
2832 5693 2893 5749 τὸ
2913 5694 3164 5767 φανῆναι.
3198 5692 3319 5753 Mox
3354 5696 3520 5763 idem.

1940 5771 2003 5826 τὸ
2023 5765 2085 5825 ’δὲ
2112 5765 2420 5839 γεννᾶσθαι.
2701 5765 2712 5768 ⁷
2754 5815 2765 5823 ,
