3910 6214
366 291 475 349 515

1618 290 1677 345 S.
1719 287 2046 346 GREGORII
2085 284 2433 344 THEOLOGI

3514 280 3619 338 ’διε

440 404 530 461 ιν.
568 404 679 462 Hoc
717 405 911 463 festum
962 414 1207 463 nostrum
1243 414 1351 472 est,
1398 404 1503 460 hoc
1548 405 1813 461 hodierno
1860 405 1949 461 die

2120 404 2193 456 A'.
2226 400 2399 456 Τοῦτό
2438 399 2586 453 ἐστιν
2634 399 2765 470 ἡμῖν
2802 398 2835 470 ἡ
2880 399 3204 471 πανήγυρις,
3237 397 3394 453 τοῦτο
3429 400 3625 468 ἑορτά-

367 497 729 566 celebramus,
760 499 854 555 Dei
881 498 1133 554 nimirum
1165 498 1233 553 ad
1269 498 1519 554 homines
1549 497 1857 564 adventum,
1886 507 1946 553 ut

369 590 440 645 ad
467 590 636 645 Deum
670 590 1009 659 accedamus,
1045 599 1140 647 aut
1170 579 1420 660 (id‘enim
1477 591 1654 660 aptius
1701 589 1944 662 dicitur),

369 691 737 750 revertamur,
783 691 865 751 ut,
917 683 1165 754 deposito
1217 683 1387 738 veteri
1435 683 1693 748 homine,
1748 696 1946 737 novum

372 768 694 839 induamus;
737 781 791 829 et
812 773 1262 843 quemadmodum
1289 774 1341 828 in
1369 774 1539 829 veteri
1565 773 1773 828 Adamo
1801 786 1948 826 mor-

372 863 456 918 tui
482 878 690 930 sumus,
729 867 800 920 ita
837 866 891 921 in
949 866 1164 921 Christo
1211 867 1478 932 vivamus,
1519 866 1646 920 dum
1690 865 1946 920 nimirum

375 968 496 1007 cum
527 954 740 1011 Christo
790 965 840 1011 et
876 957 1167 1023 nascimur,
1201 967 1255 1011 et
1283 956 1433 1011 cruci
1467 954 1749 1027 aﬁigimur,
1785 964 1840 1011 et
1866 969 1952 1010 se-

376 1043 628 1111 pelimur,
663 1055 718 1099 et
744 1047 1100 1114 resurgimus.
1154 1045 1386 1100 Pulchra
1423 1046 1568 1100 enim
1622 1046 1676 1099 in
1733 1054 1953 1100 contra.

377 1132 519 1188 rium
555 1135 783 1189 mutatio
821 1136 954 1190 mihi
1006 1136 1283 1191 subeunda
1316 1143 1420 1202 est,
1468 1144 1548 1200 ut,
1597 1137 1950 1205 quemadmo-

380 1220 508 1275 dum
539 1236 604 1276 ex
635 1224 887 1279 secundis
917 1224 1080 1280 rebus
1105 1224 1345 1279 molestae
1374 1234 1660 1288 venerunt,
1683 1225 1761 1278 sic
1789 1226 1950 1280 etiam

377 1327 445 1370 ex
495 1315 737 1371 molestis
780 1316 914 1371 laetae
955 1325 1011 1371 et
1061 1317 1314 1386 iucundae
1362 1316 1603 1372 redeant.
1675 1313 1773 1369 Ubi
1814 1317 1953 1371 enim

377 1407 661 1460 abundavit
689 1417 977 1474 peccatum,
1010 1407 1452 1477 superabundavit
1486 1417 1534 1461 et
1566 1407 1740 1476 gratia
1764 1406 1831 1470 ⁸⁰;
1876 1414 1951 1470 et,

375 1497 423 1552 si
456 1506 645 1567 gustus
675 1498 1073 1566 condemnavit,
1102 1507 1302 1567 quanto
1338 1497 1513 1568 magis
1541 1496 1744 1551 Christi
1775 1497 1954 1565 passio

380 1587 741 1657 justiﬁcavit?
777 1587 1043 1655 Quocirca
1087 1603 1191 1642 non
1221 1588 1353 1642 utin
1384 1588 1611 1658 publicis
1654 1588 1804 1642 festis
1838 1585 1953 1642 ﬁeri

377 1679 534 1743 solet,
570 1678 665 1734 sed
698 1678 923 1744 divine;
963 1695 1069 1733 non
1118 1679 1412 1743 mundane,
1457 1677 1552 1733 sed
1592 1692 1755 1746 supra
1800 1692 1957 1730 mun-

2048 496 2216 568 ζομεν
2267 495 2525 567 σήμερον,
2570 492 2860 565 ἐπιδημίαν
2903 493 3038 547 Θεοῦ
3097 493 3232 564 πρὸς
3281 492 3621 565 ἀνθρώπους,

2051 588 2140 643 ἵνα
2181 586 2320 660 πρὸς
2371 586 2503 640 Θεὸν
2546 586 2940 657 ὲνδημήσωμεν
2985 585 3119 657 (94),
3158 584 3192 656 ἢ
3240 584 3625 655 ἐπανέλθωμεν

2049 678 2215 743 (οὕτω
2261 678 2369 750 γὰρ
2410 678 2583 732 εἰπεῖν
2625 677 2998 749 οἰκειότερον),
3035 678 3122 731 ἵνα
3154 677 3244 732 τὸν
3277 676 3503 731 παλαιὸν
3533 678 3628 732 άν-

2053 770 2270 842 θρωπον
2301 769 2648 838 ἀποθέμενοι,
2665 769 2756 822 τὸν
2772 770 2890 824 νέον
2912 769 3261 841 ἐνδυσώμεθα
3276 786 3292 801 ·
3315 770 3410 823 καὶ
3436 769 3626 841 ὥσπερ

2052 862 2113 915 ὲν
2143 859 2222 930 τῷ
2262 859 2432 931 Ἀδάμ
2461 859 2824 930 ἀπεθάνομεν,
2870 860 3044 925 οὕτως
3083 861 3140 913 ἐν
3173 859 3251 931 τῷ
3283 858 3503 931 Χριστῷ
3530 858 3628 929 ζή-

2055 967 2260 1020 σωμεν,
2289 949 2511 1022 Χριστῷ
2539 950 2634 1003 καὶ
2658 950 3088 1023 συγγεννώμενοι
3112 949 3244 1021 (95),
3272 951 3367 1003 καὶ
3395 966 3629 1003 συσταυ-

2056 1042 2331 1113 ρούμενοι,
2382 1041 2477 1096 κα)⁸
2516 1041 2943 1112 συνθαπτόμενοι
2988 1041 3122 1113 (96),
3171 1041 3263 1095 καὶ
3311 1040 3629 1094 συνανιστά-

2057 1148 2227 1199 μενοι.
2255 1131 2348 1184 Δεῖ
2382 1132 2489 1203 γάρ
2532 1148 2600 1202 με
2638 1130 2832 1185 παθεῖν
2862 1132 2961 1203 τὴν
3011 1131 3182 1203 καλὴν
3229 1132 3622 1202 ἀντιστροφὴν·

2054 1222 2150 1275 καὶ
2187 1222 2375 1293 ὥσπερ
2416 1223 2481 1275 ἐκ
2509 1220 2619 1283 τῶν
2657 1222 3056 1294 χρηστοτέρων,
3100 1218 3232 1295 ἦλθε
3271 1222 3342 1277 τὰ
3385 1221 3626 1293 λυπηρὰ,

2053 1312 2227 1376 οὕτως
2252 1315 2317 1367 ὲκ
2347 1313 2454 1366 τῶν
2490 1313 2769 1384 λυπηρῶν,
2806 1313 3119 1369 ἐπανελθεῖν
3152 1313 3222 1367 τὰ
3264 1313 3627 1385 χρηστότερα.

2058 1400 2140 1459 οὗ
2170 1405 2279 1474 γὰρ
2309 1405 2686 1458 ἐπλεόνασεν
2714 1407 2752 1473 ἡ
2784 1405 3058 1474 ἁμαρτία,
3111 1406 3633 1473 ὑπερεπερίσσευ-

2055 1511 2169 1551 σεν
2201 1498 2240 1565 ἠ
2292 1496 2504 1566 χάρις’
2558 1498 2652 1550 καὶ
2703 1498 2751 1549 εί
2797 1499 2832 1566 ἡ
2881 1496 3069 1565 γεῦσις
3116 1497 3435 1568 κατέκρινε,
3478 1495 3632 1566 πόσῳ

2060 1587 2259 1658 μᾶλλον
2305 1588 2367 1640 τὸ
2416 1588 2649 1657 Χριστὸν
2700 1588 2890 1642 παθεῖν
2930 1587 3283 1652 ἐδικαίωσενς
3328 1586 3632 1659 Τοιγαροῦν

2056 1676 2424 1750 ἑορτάζωμεν,
2484 1679 2557 1749 μὴ
2613 1677 3026 1751 πανηγυρικῶς,
3077 1678 3212 1732 ἀλλὰ
3260 1678 3496 1742 θεῖκῶς·
3554 1678 3631 1749 μὴ

379 1769 552 1836 dane;
611 1784 717 1823 non
748 1785 869 1838 qum
902 1780 1086 1824 nostra
1134 1778 1283 1833 sunt,
1314 1770 1409 1823 sed
1459 1767 1575 1836 ejus
1629 1768 1720 1838 qui
1777 1776 1954 1823 noster

2064 1769 2356 1841 κοσμικῶς,
2392 1769 2507 1824 ἀλλ’
2540 1771 2956 1841 ὑπερκοσμίως·
2985 1769 3058 1841 μὴ
3096 1770 3165 1824 τὰ
3205 1769 3466 1841 ἡμέτερα,
3488 1767 3640 1822 ἀλλά

381 1865 483 1924 est,
519 1858 626 1921 vel,
655 1866 714 1912 ut
750 1859 949 1913 rectius
978 1858 1190 1927 loquar,
1236 1855 1352 1925 ejus
1384 1856 1478 1926 qui
1522 1857 1780 1911 Dominus
1835 1865 1954 1924 est;

384 1961 493 2003 non
526 1962 645 2017 qua:
670 1947 1004 2002 inﬁrmitatis
1036 1956 1181 2013 sunt,
1207 1947 1301 2002 sed
1339 1962 1459 2016 quae
1482 1947 1808 2013 curationis;
1850 1960 1956 2000 nou

379 2051 498 2108 quae
526 2038 834 2104 creationis,
865 2038 958 2093 sed
986 2053 1108 2108 quae
1134 2037 1579 2108 regenerationis,
1601 2036 1956 2093 celebremus.

452 2125 518 2179 ν.
544 2125 602 2180 Id
625 2135 805 2180 autem
829 2141 933 2196 qua
966 2126 1179 2181 ratione
1233 2125 1664 2195 consequemur?
1732 2124 1954 2193 Nempe,

381 2216 427 2271 si
452 2231 553 2272 nec
578 2218 768 2273 domus
789 2219 1054 2274 vestibula
1094 2218 1311 2273 coronis
1347 2218 1645 2286 cingamus,
1678 2231 1778 2272 nec
1831 2216 1960 2270 cho-

380 2327 475 2368 ros
505 2313 791 2383 agitemus,
834 2327 936 2367 nec
963 2313 1113 2367 vicos
1153 2326 1428 2376 ornemus,
1460 2326 1561 2366 nec
1594 2309 1806 2366 oculum
1860 2324 1959 2380 pa-

384 2418 626 2468 scamus,
653 2418 754 2460 nec
779 2418 966 2459 aurem
998 2413 1159 2459 cantu
1191 2402 1542 2467 mulceamus,
1577 2416 1677 2457 nec
1705 2399 1959 2457 olfactunt

385 2495 727 2551 muliebriter
749 2496 1092 2562 deliniamus,
1117 2510 1218 2553 nec
1244 2496 1422 2566 gustui
1446 2495 1830 2560 lenocinemur,
1861 2508 1960 2548 nec

381 2589 547 2644 tactui
573 2586 966 2659 gratiﬁcemur,
987 2589 1271 2658 promptis,
1292 2589 1535 2658 inquam,
1556 2586 1659 2642 illis
1677 2587 1743 2642 ad
1768 2584 1956 2644 vitium

379 2677 503 2742 viis,
534 2689 589 2733 et
625 2680 831 2748 peccati
858 2679 1059 2747 januis,
1095 2694 1197 2735 nec
1227 2679 1470 2735 delicatis
1498 2687 1553 2733 et
1582 2677 1958 2733 circumfluen-

382 2769 531 2833 tibus
571 2770 813 2826 vestious
840 2771 1201 2835 emolliamur,
1234 2785 1460 2841 quarum
1490 2748 1633 2838 quod
1661 2766 1959 2837 pulcherri-

380 2875 529 2918 mum
561 2871 663 2930 est,
695 2861 825 2917 nulli
851 2862 971 2917 usui
1000 2870 1104 2929 est,
1138 2877 1239 2917 nec
1267 2876 1602 2933 gemmarum
1658 2857 1960 2929 Splendori-

384 2953 512 3016 bus,
542 2967 640 3009 nec
672 2954 790 3008 auri
835 2953 1153 3023 fulgoribus,
1189 2968 1291 3008 nec
1319 2952 1557 3007 colorum
1588 2951 1833 3005 artificiis
1868 2965 1962 3003 na-

2058 1859 2127 1914 τὰ
2156 1860 2248 1913 τοῦ
2297 1862 2587 1934 ἡμετέρου,
2644 1861 2841 1931 μᾶλλον
2873 1861 2931 1913 δὲ
2960 1860 3031 1913 τὰ
3073 1860 3167 1913 τοῦ
3216 1860 3523 1913 Δεσπότου⁶
3558 1860 3634 1929 μὴ

2057 1953 2127 2006 τά
2155 1952 2254 2023 τῆς
2280 1952 2586 2017 ἀσθενείας,
2623 1951 2759 2005 ἀλλά
2780 1949 2850 2004 τά
2888 1949 2990 2020 τῆς
3025 1946 3297 2022 ίατρείαςλ
3333 1949 3409 2021 μὴ
3433 1948 3503 2002 τὰ
3531 1948 3635 2018 τῆς

2059 2044 2330 2108 πλάσεως,
2362 2044 2498 2097 ἀλλά
2529 2042 2599 2096 τά
2630 2044 2729 2113 τῆς
2759 2041 3134 2106 ἀναπλάσεωςι

2129 2135 2208 2188 E'.
2244 2135 2436 2188 Ἔσται
2464 2133 2522 2185 δὲ
2553 2133 2711 2187 τοῦτο
2750 2133 2906 2199 πῶς;
2944 2133 3036 2204 Μὴ
3069 2132 3317 2205 πρόθυρα
3357 2131 3638 2201 στεφανώ-

2060 2241 2262 2297 σωμεν,
2311 2225 2385 2297 μὴ
2432 2226 2626 2296 χοροὺς
2671 2223 3089 2296 συστησώμεθα,
3145 2225 3219 2298 μὴ
3268 2227 3638 2297 κοσμήσωμεν

2057 2318 2275 2387 ἀγυιὰς,
2306 2317 2380 2388 μὴ
2421 2317 2700 2387 ὀφθαλμὸν
2733 2319 3092 2390 έστιόισωμεν,
3131 2319 3205 2390 μὴ
3234 2318 3401 2390 ἀκοὴν
3428 2335 3639 2372 καταυφ

2057 2408 2334 2481 λήσωμεν,
2375 2409 2448 2480 μὴ
2478 2409 2745 2480 ὄσφρησιν
2771 2410 3174 2481 ὲκθηλὺνωμεν,
3208 2410 3281 2481 μὴ
3314 2410 3505 2478 γεῦσιν
3537 2427 3642 2464 κα·-

2057 2497 2538 2569 ταπορνεύσωμεν,
2573 2497 2647 2569 μὴ
2680 2499 2788 2569 ἁφῇ
2834 2498 3208 2571 χαρισώμεθα,
3251 2502 3372 2564 ταῖς
3416 2500 3639 2573 προχεί-

2064 2605 2175 2659 ροις
2215 2589 2296 2651 εἰς
2319 2588 2519 2641 κακίαν
2554 2588 2715 2655 ὁδοῖς,
2740 2589 2837 2641 καὶ
2857 2590 3082 2653 εἰσόδοις
3100 2589 3202 2660 τῆς
3229 2589 3528 2661 ἁμαρτίας,
3562 2589 3640 2661 μὴ

2060 2679 2254 2748 ἐσθῆτι
2302 2679 2752 2751 μαλακισθῶμεν,
2786 2681 2966 2753 ἁπαλῇ
3001 2699 3060 2734 τε
3108 2682 3206 2734 καὶ
3247 2680 3637 2753 περιρῤεούσῃ,

2059 2770 2155 2824 καὶ
2185 2766 2255 2843 ἧς
2282 2770 2344 2824 τὸ
2376 2770 2659 2825 κάλλιστον
2685 2772 2980 2844 ἀχρηστία,
3017 2773 3091 2845 μὴ
3123 2772 3287 2827 λίθων
3318 2773 3637 2840 διαυγείαις,

2062 2862 2137 2933 μὴ
2162 2862 2364 2934 χρυσοῦ
2418 2863 2805 2935 περιλάμψεσι,
2864 2864 2937 2935 μὴ
2997 2864 3303 2935 χρωμάτων
3340 2864 3640 2934 σοφίσμασι

2058 2955 2406 3026 ψευδομένων
2435 2957 2497 3010 τὸ
2525 2958 2755 3026 φυσικὸν
2787 2958 3001 3022 κάλλος,
3031 2959 3125 3012 καὶ
3144 2959 3286 3012 κατά
3306 2958 3402 3028 τῆς
3430 2959 3642 3022 εἰκόνος

382 3043 546 3099 tivam
572 3043 1024 3114 pulchritudinem
1052 3040 1488 3109 ementientibus,
1514 3051 1677 3110 atque
1705 3040 1954 3094 adversus

2064 3046 2478 3119 ἐξευρημένων·
2533 3047 2607 3119 μὴ
2661 3048 2869 3120 κώμοις
2921 3050 3015 3103 καὶ
3056 3050 3268 3120 μέθαις,
3325 3048 3403 3113 οἷς
3453 3049 3642 3113 κοίτας

382 3137 618 3195 divinam
653 3138 939 3209 imaginem
995 3135 1348 3206 excogitatis;
1402 3148 1502 3189 nec
1545 3133 1954 3189 comessationi-

383 3231 485 3287 bus
510 3239 565 3286 et
593 3230 944 3285 ebrietatibus
976 3229 1047 3294 θι,
1093 3228 1289 3297 quibus
1336 3225 1531 3281 cubilia
1566 3235 1620 3279 et
1676 3225 1954 3294 impudici-

368 3321 487 3387 ,tias
523 3321 775 3390 adjuncta
829 3335 948 3375 esse
1002 3320 1154 3385 scio;
1201 3316 1633 3387 quandoquidem
1690 3316 1951 3372 malorum

386 3411 768 3482 magistrorum
805 3412 959 3465 malae
982 3410 1244 3466 doctrina:
1289 3416 1436 3474 sunt,
1467 3408 1551 3463 vel
1595 3408 1793 3478 potius,
1843 3423 1955 3461 ma-

383 3503 558 3558 lorum
608 3503 873 3558 seminum
896 3502 1049 3556 malze
1085 3509 1316 3570 segetes.
1346 3498 1424 3553 Ne
1454 3499 1590 3554 altos
1618 3514 1648 3554 e
1682 3499 1960 3555 frondibus

383 3602 534 3649 toros
560 3594 805 3665 ﬁgamus,
827 3593 1000 3648 ventri
1029 3592 1336 3647 umbracula
1354 3588 1520 3662 666
1538 3591 1767 3646 delicata
1791 3592 1958 3647 {abrid-

383 3695 590 3741 cautes.
614 3686 722 3740 Nec
751 3684 1042 3754 fragrantia
1066 3686 1328 3752 vina,nec
1350 3699 1642 3754 coquorum
1666 3684 1954 3752 lenocinia,

388 3790 493 3833 nec
514 3777 945 3846 exquisitissime
998 3786 1269 3848 unguenta
1313 3778 1366 3831 in
1409 3777 1585 3847 pretio
1640 3776 1954 3833 habeamus.

384 3868 497 3924 Nec
534 3879 672 3924 terra
697 3878 752 3925 et
774 3884 924 3924 mare
949 3868 1239 3937 pretiosum
1277 3867 1434 3922 nobis
1462 3880 1669 3922 stercus
1702 3866 1844 3923 dono
1873 3866 1954 3923 of-

386 3960 563 4016 ferant
611 3961 738 4033 (hoc
783 3961 927 4016 enim
979 3961 1183 4016 honore
1230 3960 1448 4016 delicias
1492 3958 1705 4015 allicere
1751 3960 1957 4030 soleo);

385 4067 487 4108 nec
523 4053 662 4108 alius
695 4052 858 4108 alium
891 4052 1307 4121 intemperantia
1362 4066 1619 4122 superare
1658 4051 1959 4106 contenda—

386 4164 527 4204 mus.
561 4149 693 4203 Mihi
723 4148 867 4202 enim
895 4145 1308 4215 intemperantia
1340 4155 1444 4210 est,
1470 4144 1731 4215 quidquid
1772 4160 1963 4214 super-

2060 3138 2155 3191 καὶ
2211 3138 2501 3207 ἀσελγείας
2549 3134 2666 3193 οἶδα
2723 3142 3189 3212 συνεζευγμένας·
3235 3142 3423 3212 ἐπειδὴ
3451 3141 3642 3195 κακῶν

2058 3228 2389 3287 διδασκάλων
2426 3229 2574 3283 κακά
2604 3230 2672 3283 τὰ
2707 3231 3022 3302 μαθήματα,
3062 3233 3260 3302 μᾶλλον
3298 3232 3354 3285 δὲ
3388 3231 3639 3303 πονηρῶν

2063 3323 2396 3395 σπερμάτων
2422 3322 2636 3394 πονηρὰ
2659 3324 2730 3378 τὰ
2749 3323 3012 3395 γεώργια.
3036 3325 3127 3396 Μὴ
3154 3326 3406 3389 στιϐάδας
3430 3324 3641 3396 ὑψηλὰς

2063 3412 2364 3485 πηξώμεθα
2411 3414 2861 3484 σκηνοποιοῦντες
2909 3419 2974 3487 τῇ
3018 3417 3216 3488 γαστρὶ
3257 3417 3324 3470 τὰ
3365 3417 3466 3486 τῆς
3509 3414 3639 3488 θρύ-

2060 3505 2224 3577 ψεως..
2266 3505 2358 3577 Μὴ
2407 3509 2730 3578 τιμήσωμεν
2775 3508 2934 3562 οἴνων
2981 3509 3107 3572 τοὺς
3150 3509 3479 3580 ἀνθοσμίας,
3513 3509 3641 3580 ὀψο·

2060 3599 2230 3654 ποιῶν
2267 3599 2619 3671 μαγγανείας,
2649 3600 2838 3672 μύρων
2873 3600 3241 3665 πολυτελείας.
3306 3602 3397 3673 Μὴ
3435 3602 3506 3674 γῆ
3543 3603 3644 3657 καὶ

2065 3691 2309 3745 θάλασσα
2344 3691 2443 3760 τὴν
2475 3691 2665 3761 τιμίαν
2715 3693 2845 3763 ἡμῖν
2891 3693 3093 3764 κόπρον
3130 3693 3639 3766 δωροφορείτωσαν·

2041 3781 2205 3836 εοῦτω
2230 3783 2340 3855 γάρ
2372 3782 2482 3852 ἐγὼ
2518 3784 2685 3854 τιμᾷν
2730 3781 2845 3837 οἴδα
2878 3786 3109 3856 τρυφήν.
3155 3786 3245 3858 Μὴ
3284 3786 3441 3851 ἄλλος
3469 3786 3643 3853 ,ἄλλον

2064 3874 2310 3944 ἀκρασία
2348 3875 2507 3944 νικᾷν
2564 3874 2973 3945 σπουδάζωμεν.
3024 3876 3287 3948 Ἀκρασία
3334 3875 3444 3948 γὰρ
3492 3877 3640 3947 ἐμοὶ,

2061 3967 2171 4018 πᾶν
2212 3964 2274 4017 τὸ
2326 3964 2578 4036 περιττὸν
2612 3966 2708 4019 καὶ
2754 3966 2894 4036 ὑπὲρ
2937 3968 3034 4038 τὴν
3066 3967 3254 4038 χρείαν
3278 3984 3291 3998 ·
3338 3969 3433 4022 καὶ
3467 3967 3643 4023 ταῦτα

2062 4055 2367 4112 πεινώντων
2404 4058 2579 4112 ἄλλων
2621 4057 2717 4112 καὶ
2755 4057 3048 4130 δεομένων,
3096 4060 3204 4113 τῶν
3235 4062 3299 4115 ἐκ
3341 4060 3435 4115 τοῦ
3471 4061 3640 4115 αὐτοῦ

2064 4148 2236 4219 πηλοῦ
2262 4166 2323 4202 τε
2356 4152 2451 4204 καὶ
2486 4151 2784 4222 κράματος.

385 4236 549 4294 ﬁuum
579 4250 683 4305 est,
717 4255 954 4310 ususque
986 4242 1322 4297 necessarios
1351 4244 1593 4310 excedit;
1648 4243 1809 4314 idque
1873 4244 2242 4301 esurientibus
2306 4247 2470 4313 aliis,
2538 4258 2700 4317 atque
2746 4247 2921 4318 inepia
2980 4250 3368 4316 laborantibus,
3409 4249 3496 4315 iis,
3557 4249 3642 4304 in-

387 4346 571 4401 quam,
599 4335 689 4402 qui
721 4349 787 4391 ex
830 4338 1019 4391 eodem
1080 4335 1191 4392 luto
1245 4347 1303 4393 et
1361 4346 1786 4406 temperamento
1840 4348 2110 4395 constant.

458 4421 546 4476 Vl.
580 4423 777 4480 Verum
813 4425 928 4481 hmc
958 4432 1266 4499 gentilibus,
1303 4447 1367 4486 ac
1387 4432 1668 4501 gentilitiis
1719 4434 1949 4503 pompis,

2127 4437 2216 4502 ς’.
2260 4434 2421 4489 Ἀλλά
2452 4436 2624 4490 ταῦτα
2658 4438 2756 4508 μὲν
2786 4436 3012 4508 Ἕλλησι
3058 4436 3342 4508 παρῶμεν,
3391 4436 3485 4489 καὶ
3522 4434 3643 4489 Ἐλ-

384 4512 646 4584 festisque
676 4518 1042 4586 relinquamus
1072 4541 1086 4577 :
1119 4523 1210 4592 qui
1259 4524 1419 4578 etiam
1455 4525 1543 4588 iis,
1573 4539 1710 4594 quos
1751 4525 1958 4591 sacriﬁ:

384 4607 593 4663 ciorum
657 4609 814 4664 nidor
859 4612 1110 4678 oblectat,
1160 4616 1382 4670 deorum
1442 4630 1637 4671 nomen
1683 4604 1955 4685 tribuunt,

383 4686 614 4767 apteque
677 4701 901 4768 proinde
953 4703 1192 4759 divinum
1258 4721 1456 4761 numen
1505 4714 1695 4763 ventre
1731 4707 1953 4774 colunt,

386 4790 515 4844 mali
546 4791 730 4861 utique
760 4794 1022 4848 malorum
1054 4795 1376 4861 daemonum,
1419 4805 1472 4850 et
1503 4797 1739 4861 ﬁctores,
1779 4808 1834 4853 et
1859 4814 1950 4854 sa-

384 4880 657 4948 cerdotes,
688 4892 745 4938 et
771 4883 1028 4940 cultores.
1052 4886 1122 4939 At
1147 4901 1263 4953 nos,
1292 4902 1323 4940 a
1365 4888 1558 4963 quibus
1588 4886 1816 4942 Verbum
1859 4891 1954 4944 ad-

383 4979 589 5040 oratur,
616 4973 658 5028 si
693 4974 821 5043 quid
848 4974 1053 5032 deliciis
1074 4976 1306 5031 dandum
1333 4986 1436 5043 est,
1467 4978 1520 5031 in
1545 4993 1794 5034 sermone
1820 4980 1955 5036 deli-

546 5129 706 5187 Rom.
744 5145 797 5193 v,
843 5130 933 5185 20.
1008 5131 1053 5163 ⁸¹
1084 5132 1243 5188 Rom.
1288 5149 1404 5199 xm,
1446 5133 1535 5187 15.

454 5241 568 5313 (94)
606 5243 1095 5315 :Eranmiawyer.
1151 5264 1168 5297 ι
1193 5245 1490 5301 Pra-sentes
1518 5246 1707 5310 simus,
1736 5250 1962 5313 accetlag-

382 5330 524 5389 mus.
551 5332 570 5365 ι
601 5312 690 5367 Sic
714 5312 1130 5384 plet‘ique'codd.
1173 5316 1230 5370 In
1249 5321 1358 5381 8(I.,
1383 5317 1800 5389 ὲκδημήσωμεν,
1834 5336 1852 5370 ι
1876 5335 1964 5374 ex-

382 5383 724 5441 cedamus.»'
868 5383 874 5384 “
1499 5383 1529 5388 "
1579 5383 1589 5389 '
1681 5383 1692 5389 '
1785 5383 1792 5385 '

388 5452 568 5527 __(95)_
600 5454 1107 5527 Συγγενιςώμενοι.
1168 5456 1512 5511 «Nascimur.
1541 5476 1560 5508 ›
1628 5458 1720 5511 Sic
1765 5456 1959 5514 Comb.

383 5521 477 5579 Sic
499 5523 662 5577 etiam
690 5521 818 5594 legit
840 5521 1046 5585 Bil'lius.
1080 5527 1135 5583 In
1168 5528 1280 5594 ed.,
1326 5528 1733 5600 συγγενόμενοι,
1769 5546 1788 5579 ι
1819 5542 1949 5583 cou-

384 5607 681 5648 versamur.
707 5615 726 5649 ι

388 5662 573 5757 ,Λὲβὶ
596 5666 1094 5757 remearem“
1120 5669 1309 5742 Chrrs-
1336 5679 1390 5727 et
1411 5668 1533 5725 Par.
1566 5667 1788 5757 addam.
1825 5684 1954 5746 προ·

385 5733 595 5810 θύμως,
632 5755 650 5787 ι
675 5733 939 5799 alacriter.
967 5759 985 5799 ρ

2063 4527 2301 4598 ληνικοῖς
2354 4529 2606 4600 κόμποις,
2645 4531 2739 4582 καὶ
2788 4530 3194 4600 πανηγύρεσινο
3243 4528 3292 4581 οἳ
3336 4528 3429 4581 κον.)⁵
3481 4527 3641 4593 θεοὺς

2064 4617 2392 4690 ὀνομάζουσι
2426 4621 2537 4689 (97)
2569 4621 2814 4686 κνίσσαις
2851 4622 3161 4694 χαίροντας,
3203 4621 3295 4679 καὶ
3331 4619 3638 4684 ἀκολούθως

2064 4709 2125 4762 τὸ
2156 4710 2299 4764 θεῖον
2342 4713 2407 4783 τῇ
2456 4714 2656 4783 γαστρὶ
2698 4711 3086 4784 θεραπεύουσι,
3120 4712 3347 4782 πονηροὶ
3385 4711 3643 4783 πονηρῶν

2055 4803 2344 4873 δαιμόνων,
2400 4807 2496 4859 καὶ
2542 4806 2798 4872 πλάσται,
2843 4807 2938 4861 καὶ
2991 4806 3362 4877 μυσταγωγοὶ,
3401 4806 3496 4858 καὶ
3536 4805 3640 4876 μύ-

2057 4913 2178 4949 σται
2205 4896 2315 4967 (98)
2341 4898 2719 4968 τυγχάνοντες.
2760 4899 2949 4969 Ἡμεῖς
2974 4898 3052 4962 δὲ,
3071 4892 3149 4960 οἷς
3167 4898 3338 4965 Λόγος
3373 4897 3433 4950 τὺ
3463 4914 3640 4968 προσ-

1985 5023 1995 5034 .
2059 4986 2389 5058 κυνούμενον
2419 5030 2434 5054 ,
2491 4989 2594 5044 κᾶν
2624 5005 2678 5041 τι
2724 4988 2815 5061 δέῃ
2856 4989 2967 5060 (99)
3011 4989 3244 5060 τρυφᾷν,
3290 4990 3348 5042 ἐν
3384 4987 3525 5058 λόγῳ
3558 4989 3636 5064 (ί)

2133 5247 2246 5317 (97)
2293 5243 2695 5319 ὀνομιλὶζουοέιἷ
2722 5245 2815 5319 Or.
2846 5246 2898 5308 l.
2936 5247 3238 5319 νομίζουσι,
3274 5267 3291 5300 ι
3324 5246 3460 5301 Deos
3489 5247 3637 5300 arbi-

2063 5316 2277 5373 trantur
2306 5317 2493 5370 nidore
2519 5316 2903 5370 sacriﬁciorum
2930 5316 3205 5372 delectari.
3232 5337 3250 5369 ι

2133 5387 2244 5458 (98)
2264 5385 2655 5458 Μυσταγωγοὶ
2694 5385 2792 5458 καὶ
2802 5388 3050 5458 μύσται.
3082 5406 3101 5439 ι
3125 5389 3333 5444 Erroris
3355 5405 3416 5444 ac
3442 5390 3649 5449 διεπιοτ

2060 5470 2188 5512 num
2221 5456 2471 5511 doctores
2494 5456 2562 5511 et
2588 5456 2855 5524 discipuli.
2881 5475 2901 5508 ι

2130 5525 2240 5597 (99)
2265 5526 2401 5596 Δέῃ.
2466 5526 2705 5593 Quatuor
2757 5525 2952 5598 Begg.,
3001 5536 3126 5582 octo
3181 5526 3357 5594 Colb.,
3410 5527 3633 5599 Chrys,

2115 5613 2208 5739 0(‘1')
2251 5667 2352 5723 Ἐν
2377 5667 2552 5744 λόγῳ.
2584 5634 2744 5753 Coisl.
2783 5667 2830 5735 l,
2863 5667 2920 5727 ἐν
2944 5666 3140 5738 λόγοις.
