3910 6214
298 305 406 363 517

1264 320 1522 380 ORATIO
1559 322 1848 382 xxxvut.
1888 355 1956 366 --
1990 322 2060 378 IN
2101 289 2564 379 mmmam.

3453 331 3561 392 518

296 420 689 491 τρυφήσωμεν,
742 424 839 478 καὶ
889 424 1019 498 θείῳ
1069 427 1240 501 νόμῳ,
1290 432 1387 486 καὶ
1436 434 1740 506 διηγήμασι
1786 434 1860 507 (2)

1989 439 2215 503 ciemur,
2251 447 2413 507 atque
2445 439 2499 493 in
2527 437 2640 508 lege
2670 439 2870 503 divina,
2900 449 2955 496 et
2991 440 3408 508 narrationibus,
3435 458 3561 501 cum

295 513 412 574 τοῖς
440 527 502 564 τε
532 510 734 580 ἄλλοις,
773 516 868 569 καὶ
894 517 953 584 ἐξ
983 511 1057 571 ὧν
1085 518 1162 591 (⁵5)
1191 522 1224 592 ἡ
1257 522 1510 593 παροῦσα
1538 527 1845 597 πανήγυρις
1863 544 1876 557 ·

298 600 367 654 ἵν’
408 603 607 657 οίκεῖον
757 607 835 678 (4)
888 608 950 662 τὸ
999 613 1230 682 τρυφᾷν,
1291 615 1386 668 καὶ
1447 616 1522 687 μὴ
1558 617 1749 688 πόρρω
1784 617 1878 672 τοῦ

298 693 753 762 συγκαλέσαντος.
797 700 867 751 Ἢ
898 699 1154 770 βούλεσθε
1181 704 1298 773 (καὶ
1331 704 1442 776 γὰρ
1489 706 1601 774 ἐγὼ
1639 708 1896 780 σήμερον

295 784 568 857 ἑστιάτωρ
595 788 746 858 ὑμῖν)
781 788 895 858 ἐγὼ
936 791 1030 845 τὸν
1063 794 1194 865 περὶ
1221 794 1431 848 τούτων
1461 796 1694 868 παραθῶ
1720 798 1877 868 λόγον

293 878 409 939 τοῖς
435 877 622 941 καλοῖς
654 880 781 951 ὑμῖν
807 881 1143 954 δαιτυμόσιν,
1174 885 1252 948 ὡς
1284 881 1395 941 οἷόν
1431 904 1491 941 τε
1523 888 1766 959 δαψιλῶς
1813 908 1875 944 τε

293 970 391 1021 καὶ
443 970 762 1041 φιλοτίμως,
811 973 878 1026 ἵν’
926 974 1125 1046 εἰδῆτε,
1174 977 1293 1042 πῶς
1328 979 1550 1034 δύναται
1590 981 1810 1052 τρέφειν
1845 982 1874 1035 6

294 1058 448 1126 ξένος
472 1063 601 1126 τοὺς
626 1064 946 1135 ἐγχωρίους,
971 1066 1065 1120 καὶ
1090 1067 1218 1131 τοὺς
1245 1070 1502 1135 ἀστικοὺς
1528 1071 1604 1143 (5)
1631 1074 1660 1125 6
1688 1073 1874 1144 ἄγροι-

294 1167 414 1217 κος,
454 1152 550 1205 καὶ
604 1155 731 1218 τοὺς
766 1156 1088 1227 τρυφῶντας
1143 1160 1172 1211 6
1217 1158 1293 1231 μὴ
1338 1162 1583 1233 τρυφῶν,
1618 1162 1713 1217 καὶ
1749 1165 1874 1227 τοὺς

294 1246 586 1315 περιουσίᾳ
614 1245 923 1317 λαμπροὺς,
953 1251 982 1302 6
1012 1251 1184 1324 πένης
1210 1270 1271 1306 τε
1298 1254 1394 1307 καὶ
1428 1254 1706 1320 ἀνέστιοςς
1741 1255 1874 1326 Ἀρ-

293 1333 459 1405 ξομαι
496 1336 554 1389 δὲ
598 1337 880 1391 ἐντεῦθεν·
943 1341 1038 1395 καί
1084 1360 1173 1414 μοι
1220 1343 1556 1416 καθήρασθε,
1592 1345 1686 1398 καὶ
1724 1344 1869 1411 νοῦν,

291 1425 391 1478 καὶ
424 1426 614 1497 ἀκοὴν,
641 1428 737 1481 καὶ
763 1428 1022 1497 διάνοιαν,
1064 1433 1179 1486 ὅσοι
1224 1436 1468 1504 τρυφᾶτε
1506 1437 1578 1489 τὰ
1606 1435 1832 1489 τοιαῦτα
1853 1450 1868 1465 ⁸

291 1517 480 1589 ἐπειδὴ
527 1518 657 1589 περὶ
700 1519 857 1584 Θεοῦ,
897 1522 993 1574 καὶ
1036 1522 1181 1588 θεῖος
1208 1527 1236 1578 6
1268 1524 1426 1594 λόγος
1450 1542 1465 1557 ο
1507 1525 1574 1579 ἶν’
1603 1525 1871 1596 ἀπέλθητε

291 1611 671 1681 τρυφήσαντες
702 1612 777 1683 (6)
815 1613 983 1679 ὅντως
1021 1615 1091 1669 τὰ
1131 1617 1204 1687 μὴ
1249 1616 1569 1687 κενούμενα.
1597 1618 1788 1670 Ἔσται
1814 1616 1870 1670 δὲ

290 1700 321 1752 6
356 1701 519 1766 αὐτὸς
548 1703 920 1775 πληρέστατός
945 1724 1007 1761 τε
1048 1707 1164 1778 ἅμα
1192 1708 1286 1762 καὶ
1314 1707 1722 1779 συντομώτατος
1745 1726 1760 1741 ο
1794 1708 1871 1773 ὡς

1984 530 2130 594 aliis,
2172 539 2283 584 tum
2318 530 2385 585 iis
2423 530 2748 599 praesertim,
2785 546 2904 600 qua;
2956 533 3206 602 praesenti
3259 532 3397 588 festo
3431 550 3562 589 con-

1982 630 2256 676 sentanea:
2283 630 2441 689 sunt;
2482 630 2543 675 ut
2575 629 2731 690 aptae,
2786 623 3114 691 minimeque
3146 623 3211 677 ab
3243 638 3329 688 eo,
3377 638 3407 678 a
3453 639 3564 694 quo

1982 714 2259 767 convocati
2313 728 2518 780 sumus,
2576 714 2767 768 aliena;
2805 714 2915 769 sint
2962 715 3169 770 deliciae
3214 725 3431 773 nostra}.
3475 714 3559 771 An

1982 818 2113 858 vero
2137 802 2332 873 placet,
2376 814 2457 870 ut,
2488 806 2921 874 quandoquidem
2953 807 3214 861 hodierno
3247 806 3333 860 die
3376 808 3561 861 convi-

1983 896 2188 949 vatoris
2217 895 2353 964 apud
2382 910 2479 950 vos
2527 911 2749 950 munere
2787 895 3100 966 pcrlungor,
3137 897 3310 963 vobis,
3340 897 3561 966 prascla-

1977 985 2055 1039 ris
2090 986 2355 1051 convivis,
2392 1000 2701 1041 sermonem
2731 987 2797 1041 de
2827 987 2912 1041 his
2938 989 3298 1057 rebus,quam
3325 988 3440 1041 ﬁeri
3468 1002 3561 1056 po-

1978 1075 2483 1140 terit,lautissimum
2497 1078 2992 1147 etcopiosissimum
3010 1086 3360 1149 apponam,ut
3377 1082 3564 1142 nosc'a.

1975 1165 2067 1229 tis,
2099 1183 2258 1237 quam
2292 1167 2448 1233 belle,
2473 1175 2528 1223 et
2550 1168 2826 1239 indigenas
2858 1172 3176 1238 peregrinus
3196 1210 3212 1237 ,
3243 1179 3297 1223 et
3323 1170 3560 1225 urbanos

1975 1258 2243 1323 rusticus,
2284 1267 2339 1313 et
2388 1238 2592 1313 deliciis
2641 1273 2858 1328 operam
2893 1261 3080 1315 dantes
3106 1260 3267 1315 homo
3297 1275 3326 1314 a
3350 1260 3558 1314 deliciis

1973 1347 2202 1412 alienus,
2221 1358 2273 1403 et
2289 1350 2479 1418 opibus
2498 1348 2670 1405 claros
2692 1365 2895 1419 pauper
2911 1366 2974 1406 ac
2995 1351 3153 1406 domo
3173 1365 3389 1414 carens,
3412 1351 3557 1405 alere

1973 1440 2175 1513 queat?
2208 1438 2345 1494 Hinc
2378 1449 2555 1495 autem
2574 1440 2827 1495 exordiar
2855 1459 2869 1496 :
2898 1456 2961 1495 ac
2986 1456 3324 1511 vos,quaeso,
3343 1449 3559 1495 etmeu—

1974 1538 2104 1594 tem,
2121 1538 2175 1583 et
2191 1544 2369 1594 aures,
2387 1538 2442 1582 et
2461 1531 2695 1583 animum
2722 1538 3002 1600 purgatum
3023 1530 3233 1594 afferte.
3250 1533 3558 1601 quicunque

1972 1621 2494 1689 hujusmodideliciis
2516 1622 3207 1693 studetis(quandoquidem
3224 1639 3342 1694 qua:
3358 1624 3424 1677 de
3446 1624 3557 1680 Deo

1971 1713 2224 1779 habetur,
2251 1714 2432 1769 divina
2465 1728 2679 1784 quoque
2734 1714 2849 1782 ipsa
2886 1724 2967 1769 est
2988 1716 3217 1785 oratio);
3264 1724 3323 1769 ut
3347 1715 3555 1770 deliciis

296 1793 435 1863 μήτε
464 1793 543 1865 τῷ
568 1795 738 1850 ἐνδεεῖ
759 1796 969 1866 λυπεῖν,
1005 1799 1146 1871 μήτε
1180 1798 1352 1872 ἀηδὴς
1382 1798 1459 1871 (7)
1482 1778 1638 1854 εῖναι
1665 1798 1755 1853 διὰ
1779 1800 1869 1854 τὸν

1978 1807 2393 1876 haudquaquam
2425 1808 2875 1862 evanescentibus
2923 1821 3110 1862 revera
3159 1807 3334 1861 ali’ecti
3383 1807 3556 1862 disce-

294 1884 479 1956 κόρον.

362 2158 438 2213 Z'.
476 2157 609 2223 Θεὸς
641 2152 711 2230 ῆν
752 2158 852 2230 μὲν
882 2160 993 2227 ἀεὶ,
1021 2164 1119 2218 καὶ
1152 2163 1289 2229 ἔστι,
1330 2164 1424 2218 καὶ
1451 2163 1634 2218 ἔσται’
1671 2165 1872 2236 μᾶλλον

284 2247 346 2303 δὲ
373 2250 549 2303 ἔστιν
574 2249 679 2305 ἀεί.
714 2250 787 2303 Τὸ
812 2251 919 2324 γὰρ
947 2249 1045 2323 ἦν,
1081 2255 1176 2309 καὶ
1200 2254 1394 2323 ἔσται,
1427 2254 1521 2308 τοῦ
1567 2255 1692 2310 καθ’
1721 2258 1872 2329 ἡμᾶς

287 2340 485 2411 χρόνου
517 2341 805 2412 τμήματα,
834 2343 928 2395 καὶ
965 2343 1067 2413 τῆς
1098 2345 1334 2416 ῥευστῆς
1363 2345 1578 2415 φύσεως
1597 2363 1612 2379 ⁶
1641 2350 1676 2401 ό
1702 2348 1760 2401 δὲ
1788 2349 1873 2401 ὢν

287 2433 394 2496 ἀεὶ,
424 2431 521 2485 καὶ
542 2431 697 2485 τοῦτο
718 2434 877 2497 αὐτὸς
904 2436 1097 2489 ἑαυτὸν
1119 2435 1393 2508 ὀνομάζει,
1410 2438 1485 2509 τῷ
1496 2437 1719 2493 Μωΰσεῖ
1738 2457 1874 2511 χρη-

288 2520 535 2591 ματίζων
560 2521 635 2591 (8)
666 2522 760 2575 ἐπὶ
785 2523 878 2576 τοῦ
917 2524 1097 2596 ὅρους.
1129 2527 1287 2580 Ὅλον
1320 2527 1427 2598 γὰρ
1453 2529 1512 2581 ἐν
1545 2529 1721 2599 ἐαυτῷ
1749 2529 1874 2582 συλ-

284 2614 489 2680 λαϐὼν,
516 2614 631 2686 ἔχει
668 2616 731 2669 τὸ
762 2613 922 2683 εἶναι,
969 2620 1107 2689 μήτε
1152 2619 1477 2690 ἀρξάμενον,
1509 2621 1644 2692 μήτε
1668 2621 1872 2674 παυσό-

284 2724 451 2778 μενον
485 2707 601 2777 (9),
632 2700 745 2761 οἷόν
773 2725 826 2762 τι
857 2707 1093 2778 πέλαγος
1123 2710 1311 2774 οὐσίας
1342 2712 1567 2780 ἄπειρον
1596 2712 1691 2766 καὶ
1719 2713 1872 2785 ἀόρι-

282 2816 433 2865 στον,
481 2801 662 2854 πᾶσαν
700 2802 1108 2874 ὑπερεκπῖπτον
1146 2803 1376 2870 ἔννοιαν,
1421 2806 1515 2857 καὶ
1552 2807 1746 2875 χρόνου
1779 2807 1873 2860 καὶ

283 2893 504 2962 φύσεως
525 2909 542 2925 ο
580 2893 656 2964 νῷ
686 2893 834 2966 μόνῳ
874 2896 1406 2968 σκιαγραφούμενος,
1437 2897 1532 2950 καὶ
1572 2897 1729 2950 τοῦτο
1762 2897 1872 2969 (10)

283 2983 408 3039 λίαν
440 2983 702 3055 ἀμυδρῶς
756 2985 851 3039 καὶ
909 2987 1168 3059 μετρίως,
1224 2989 1325 3042 οὐκ
1377 2990 1443 3042 ὲκ
1471 2988 1580 3042 τῶν
1610 2988 1720 3060 (11)
1753 2991 1872 3043 κατ’

283 3075 468 3142 αὐτὸν,
493 3075 608 3129 ἀλλ’
632 3076 696 3129 ἐκ
725 3075 835 3129 τῶν
871 3078 999 3149 περὶ
1034 3078 1217 3143 αὐτὸν,
1254 3079 1421 3150 ἄλλης
1458 3079 1517 3144 ἐξ
1550 3080 1711 3134 ἄλλου
1741 3098 1876 3150 φαν-
1900 3129 1941 3187 C

280 3168 482 3232 τασίας
511 3168 929 3240 συλλεγομένης,
951 3171 1032 3232 εἰς
1057 3170 1117 3225 ἓν
1142 3188 1195 3223 τι
1216 3171 1316 3242 τῆς
1338 3171 1595 3242 ἀληθείας
1619 3173 1867 3243 ι’νδαλμα,

283 3260 417 3331 πρὶν
458 3251 820 3331 κρατηθῆναι,
859 3261 1081 3330 φεῦγον,
1116 3263 1212 3317 καὶ
1247 3265 1377 3335 πρὶν
1407 3263 1686 3334 νοηθῆναι,
1709 3265 1872 3318 διαδι-

282 3349 523 3421 δρὰσκον
543 3365 556 3378 ·
583 3349 820 3405 τοσαῦτα
852 3350 1197 3423 περιλάμπον
1234 3353 1393 3424 ἡμῶν
1425 3354 1488 3407 τὸ
1520 3355 1866 3424 ἡγεμονικὸν,

284 3443 381 3496 καὶ
419 3440 595 3496 ταῦτα
640 3442 1071 3514 κεκαθαρμένον,
1122 3444 1222 3498 ὅσα
1268 3445 1364 3498 καὶ
1412 3444 1534 3515 ὄψιν
1583 3446 1870 3517 ἀστραπῆς

282 3533 451 3604 τάχος
496 3534 596 3604 οὐχ
635 3533 954 3604 ἱσταμένηςι
999 3533 1154 3605 Ἐμοὶ
1202 3535 1400 3601 δοκεῖν,
1445 3536 1531 3589 ἵνα
1567 3535 1645 3606 τῷ
1682 3535 1871 3607 ληπτῷ

291 3626 388 3696 μὲν
418 3625 556 3698 ἕλκῃ
598 3625 737 3696 πρὸς
772 3625 932 3678 ἑαυτὸ
957 3625 1067 3696 (Ιῖ)
1102 3627 1185 3694 (τὸ
1228 3626 1338 3698 γὰρ
1372 3627 1573 3690 τελέως
1610 3627 1868 3698 ἄληπτον,

284 3716 631 3782 ἀνέλπιστον,
665 3716 761 3770 καὶ
797 3717 1259 3788 ἀνεπιχείρητον),
1291 3716 1370 3788 τῷ
1398 3718 1455 3772 δὲ
1485 3717 1713 3789 ἀλήπτῳ
1741 3717 1871 3772 θαυέ

289 3807 552 3878 μάζηται,
589 3806 1006 3878 θαυμαζόμενον
1041 3809 1096 3861 δὲ
1122 3808 1355 3880 ποθῆται
1385 3809 1566 3875 πλέον,
1596 3808 1869 3880 ποθούμε-

285 3914 376 3952 νον
419 3898 477 3951 δὲ
531 3898 795 3971 καθαίρῃ,
848 3899 1109 3971 καθαῖρον
1157 3900 1214 3953 δὲ
1263 3901 1515 3965 θεοειδεῖς
1550 3902 1870 3973 ἀπεργάζη-

285 4006 373 4043 ται
415 3988 549 4059 (15),
596 3989 860 4054 τοιούτοις
892 3990 949 4043 δὲ
997 3991 1333 4062 γενομένοις,
1379 3992 1455 4056 ὡς
1494 3993 1737 4058 οἰκείοις,
1766 3994 1867 4065 ἥδη

288 4079 616 4152 προσομιλῇ,
652 4080 828 4152 τολμᾷ
868 4098 924 4134 τι
975 4081 1223 4134 νεανικὸν
1269 4084 1299 4135 6
1334 4081 1510 4151 λόγος,
1551 4081 1683 4146 Θεὸς
1727 4082 1870 4146 Θεοῖς

286 4170 578 4242 ἑνούμενός
603 4188 665 4224 τε
701 4172 797 4225 καὶ
827 4171 1247 4244 γνωριζόμενος,
1287 4173 1383 4226 καὶ
1425 4173 1677 4226 τοσοῦτον
1716 4175 1865 4237 ἴσως,

283 4263 410 4318 ὅσον
442 4264 543 4335 ῆδη
572 4263 831 4333 γινώσκει
856 4265 985 4329 τοὺς
1005 4264 1460 4335 γινωσκομένους.
1484 4265 1746 4336 ’Ἄπειρον
1774 4259 1866 4318 οὖν

282 4355 345 4407 τὸ
378 4354 522 4408 θεῖον
555 4355 648 4408 καὶ
679 4354 1054 4427 δυσθεώρητον
1081 4371 1094 4384 ·
1143 4353 1239 4407 καὶ
1281 4353 1439 4407 τοῦτο
1483 4354 1656 4425 πάντη
1703 4371 1871 4407 κατα-

1973 1897 2137 1954 datis.
2168 1898 2285 1952 Erit
2329 1906 2509 1953 autem
2558 1898 2744 1953 eadem
2804 1898 2966 1952 simul
3020 1909 3077 1954 et
3126 1898 3455 1967 plenissima,
3500 1909 3557 1953 et

1971 1991 2209 2045 maxime
2248 1990 2672 2060 compendiosa;
2728 2000 2785 2044 ut
2822 2005 2921 2044 nec
2958 1992 3027 2045 ob
3061 1990 3328 2045 defectum
3385 1994 3555 2046 mole-

1972 2081 2156 2147 stiam,
2191 2094 2295 2135 nec
2330 2080 2400 2135 ob
2425 2081 2765 2135 saturitatem
2792 2082 3005 2135 taadium
3036 2080 3247 2136 all'erat.

1986 2188 1995 2199 '
2041 2170 2154 2227 VII.
2194 2171 2355 2237 Deus,
2385 2182 2439 2227 et
2472 2181 2588 2227 erat
2621 2186 2851 2242 semper,
2895 2181 2951 2227 et
2984 2182 3087 2237 est,
3141 2181 3198 2227 et
3234 2172 3339 2226 erit
3371 2191 3386 2228 :
3441 2172 3548 2237 vel,

1971 2271 2031 2317 ut
2055 2262 2254 2317 rectius
2283 2264 2491 2332 loquar,
2550 2276 2766 2331 semper
2814 2272 2912 2317 est.
2970 2261 3104 2315 Nam
3159 2273 3292 2327 erat,
3341 2272 3394 2317 et
3434 2268 3552 2327 erit,

1973 2352 2141 2413 nostri
2181 2352 2459 2422 temporis,
2505 2351 2766 2423 lluxzeque
2820 2364 3027 2408 naturae
3081 2363 3354 2422 segmenta
3407 2364 3552 2409 sunt.

1974 2442 2068 2498 Ille
2093 2453 2272 2498 autem
2308 2458 2520 2512 semper
2547 2452 2642 2508 est,
2667 2451 2828 2511 atque
2870 2443 2971 2497 hoc
3002 2445 3159 2498 modo
3189 2445 3422 2511 seipsum
3458 2457 3556 2496 no-

1970 2535 2163 2602 minat,
2189 2551 2309 2589 cum
2356 2534 2408 2589 in
2444 2543 2625 2589 monte
2672 2532 2841 2604 Moysi
2874 2534 3148 2588 oraculum
3181 2534 3372 2588 edit“.
3425 2532 3555 2587 Uni-

1977 2638 2188 2680 versum
2218 2626 2362 2679 enim
2406 2624 2479 2690 id,
2511 2625 2650 2693 quod
2689 2635 2792 2691 est,
2833 2625 2883 2678 in
2931 2639 2992 2679 se
3024 2624 3420 2694 complectitur,
3457 2639 3557 2678 uec

1974 2715 2295 2787 principium
2323 2714 2549 2780 habens,
2583 2729 2682 2768 nec
2705 2713 2869 2785 667
2887 2715 3045 2767 linem
3078 2714 3409 2779 habiturum,
3438 2713 3553 2767 vel-

1973 2816 2032 2861 ut
2077 2806 2297 2876 pelagus
2333 2806 2602 2875 quoddam
2628 2809 2877 2861 essentiae
2924 2805 3245 2860 immensum
3273 2814 3329 2860 et
3379 2806 3547 2859 inter-

1974 2899 2259 2964 minatam,
2296 2914 2533 2964 omnem,
2562 2908 2673 2952 tum
2728 2899 3004 2967 temporis,
3045 2907 3154 2952 tum
3210 2907 3416 2953 naturae
3463 2912 3554 2953 co-

1974 2988 2286 3058 gitationem
2325 3004 2621 3059 superans;
2672 2999 2852 3044 mente
2877 2990 2989 3043 sola
3017 2989 3363 3044 adumbratus
3401 2990 3472 3055 is,
3499 2999 3554 3044 et

1975 3080 2192 3149 quidem
2223 3080 2518 3149 perexigue
2544 3095 2608 3136 ac
2644 3080 2991 3149 perobscure,
3031 3095 3135 3134 non
3165 3095 3229 3134 ex
3253 3081 3338 3135 his
3360 3095 3477 3148 qua:
3498 3081 3553 3137 in

1974 3171 2090 3239 ipso
2113 3178 2261 3235 sunt,
2287 3170 2381 3225 sed
2405 3185 2524 3240 quae
2550 3173 2692 3226 circa
2724 3172 2895 3240 ipsum
2923 3189 2937 3226 :
2968 3171 3072 3225 alia
3100 3183 3165 3224 ex
3190 3171 3297 3225 alio
3331 3171 3552 3227 collecta

1971 3265 2149 3332 specie
2210 3265 2275 3318 ad
2322 3280 2486 3320 unum
2542 3266 2811 3335 quoddam
2864 3266 3108 3321 veritatis
3167 3266 3551 3333 simulacrum,

1970 3357 2284 3426 priusquam
2322 3365 2591 3422 teneatur,
2625 3356 2906 3428 effugiens,
2941 3367 2997 3414 ct
3045 3358 3357 3428 priusquam
3396 3358 3555 3413 intcl~

1972 3446 2109 3502 lectu
2140 3448 2486 3517 percipiatur,
2516 3463 2574 3503 se
2594 3450 2766 3517 ipsum
2789 3448 2912 3520 luga
2942 3451 3244 3520 proripiens
3276 3465 3291 3506 :
3327 3459 3536 3505 tantum

1978 3540 2275 3610 principem
2308 3541 2476 3594 nostri
2529 3550 2756 3610 partem,
2785 3555 3012 3611 eamque
3071 3557 3101 3596 a
3149 3544 3399 3596 vitiorum
3434 3541 3553 3596 labe

1970 3641 2275 3701 purgatam,
2338 3630 2679 3697 collustrans,
2740 3642 3001 3701 quantum
3053 3633 3330 3688 oculorum
3381 3634 3549 3687 aciem

1971 3721 2198 3791 fulguris
2234 3721 2486 3777 celeritas
2524 3722 2744 3776 minime
2792 3724 3161 3780 consistentis.
3192 3724 3305 3779 Hoc
3344 3734 3550 3789 autem,

1971 3826 2091 3867 mea
2123 3812 2337 3881 quidem
2364 3812 2650 3878 sententia,
2675 3813 2876 3869 idcirco
2917 3814 2997 3879 Iit,
3033 3823 3089 3868 ut
3115 3822 3381 3885 quatenus
3402 3829 3552 3869 com-

1982 3904 2239 3973 prehendi
2272 3912 2470 3973 potest,
2504 3918 2604 3959 nos
2646 3903 2713 3958 ad
2749 3919 2809 3960 se
2839 3906 3017 3959 trahat
3061 3904 3225 3976 (quod
3254 3905 3398 3960 enim
3428 3920 3552 3976 per-

1971 3997 2073 4063 cipi
2104 3996 2324 4050 omnino
2363 3996 2570 4065 nequit,
2621 3996 2672 4050 id
2724 4011 2827 4052 nec
2879 4005 3061 4066 sperat
3099 3997 3402 4066 quisquam,
3450 4009 3550 4051 nec

1971 4087 2187 4158 assequi
2219 4085 2500 4157 conatur);
2545 4097 2813 4157 quatenus
2842 4099 3021 4142 autem
3054 4088 3172 4156 capi
3207 4103 3312 4142 non
3347 4096 3546 4157 potest,

1971 4178 2380 4233 admirationem
2411 4178 2495 4232 sui
2517 4180 2739 4243 excitet,
2760 4188 2921 4248 atque
2953 4193 3019 4232 ex
3046 4179 3158 4248 ipsa
3186 4178 3549 4234 admiratione

1970 4269 2346 4323 vehementius
2375 4277 2682 4338 expetatur,
2740 4268 3009 4338 expetitus
3047 4278 3258 4337 purget,
3313 4283 3549 4338 purgans

1971 4370 2150 4414 autem
2177 4359 2385 4414 divinos
2436 4358 2652 4423 elliciat,
2701 4359 2940 4428 talesque
2987 4375 3109 4413 cum
3161 4359 3352 4414 redditi
3399 4369 3547 4427 sunt,
3613 4344 3618 4349 ’

281 4445 490 4518 ληπτὸν
516 4445 683 4500 αὐτοῦ
734 4446 917 4518 μόνον,
951 4448 984 4518 ἡ
1021 4446 1249 4519 ἀπειρία
1273 4464 1287 4478 ο
1325 4445 1428 4500 κᾶν
1458 4463 1541 4510 τις
1574 4444 1753 4514 οἴηται
1783 4445 1863 4518 τῷ

1978 4466 2089 4504 cum
2123 4451 2189 4505 iis
2214 4452 2347 4521 jam,
2373 4451 2520 4507 velut
2546 4466 2668 4506 cum
2697 4449 3077 4517 familiaribus,
3099 4451 3541 4506 consuetudinem

279 4537 461 4609 ἁπλῆς
491 4536 604 4609 (id)
634 4533 775 4590 εἶναι
827 4537 1064 4607 φύσεως.
1106 4539 1138 4610 ἧ
1192 4538 1312 4593 ὅλον
1358 4539 1598 4611 ἄληπτον
1632 4534 1790 4604 εἶναι,
1830 4540 1864 4612 ἦ

276 4629 480 4694 τελέως
506 4629 730 4701 ληπτὸν.
776 4630 842 4683 Τί
878 4629 975 4702 γάε
1025 4631 1085 4695 ὃς
1121 4631 1301 4703 ἁπλῆς
1338 4633 1454 4685 ἐστι
1485 4631 1719 4701 φύσεως,
1749 4633 1869 4685 επι-

278 4722 633 4794 ζητήσωμεν.
676 4724 754 4777 Οὐ
807 4722 917 4797 γὰρ
955 4723 1021 4795 δὴ
1064 4724 1225 4778 τοῦτο
1257 4724 1420 4795 φύσις
1458 4724 1608 4796 αὐτῷ
1642 4726 1675 4795 ἡ
1705 4724 1871 4779 ἁπλό-

355 4834 404 4867 ⁸²
418 4858 421 4859 ν
435 4833 607 4891 Exod.
639 4849 724 4904 nr,
760 4834 851 4890 14.

351 4989 432 5064 (2)
455 4989 569 5044 Kal
592 4988 940 5060 διηγημασι.
974 4990 1066 5047 Sic
1081 4991 1377 5064 Regg.bm,
1404 4992 1500 5063 ph,
1524 4991 1740 5064 Chrys.,
1761 4990 1871 5050 etc'.

277 5060 339 5117 In
365 5062 479 5131 ed.,
507 5059 951 5131 καὶριηγήματι.

365 5076 479 5125 ea.,
507 5076 602 5114 και
626 5076 951 5132 οιηγηματι.

353 5130 432 5203 (5)
475 5128 572 5195 Ἐξ
602 5123 714 5204 ὧν,
745 5143 851 5186 etc.
899 5132 1030 5204 (Et
1053 5132 1249 5204 quibus
1278 5147 1516 5204 praesens
1554 5132 1868 5204 solemnitas

282 5200 539 5272 constat;
565 5200 678 5272 37in
710 5215 817 5268 qua
860 5200 1089 5258 scilicet.~
1119 5200 1297 5272 agitur
1322 5203 1389 5258 de
1422 5203 1639 5258 homine
1661 5211 1863 5270 creato,

280 5270 434 5353 lapso
485 5279 540 5326 et
600 5271 953 5329 instaurando
1010 5288 1110 5344 per
1153 5270 1471 5345 mysterium
1524 5272 1871 5351 Incarnatio-f,

277 5356 386 5398 IIIS.

351 5410 429 5483 (4)
463 5407 575 5486 Ἴως
603 5412 847 5486 ιριξιεῒονειν·Δ
954 5411 1060 5486 _Sic
1095 5412 1265 5486 Βόας.
1298 5414 1354 5486 b,
1405 5428 1464 5486 ρ,
1506 5429 1558 5476 ο,
1614 5428 1726 5486 om,
1755 5415 1860 5486 ph,

275 5480 502 5556 Chrys”
531 5480 700 5538 Coisl.
730 5486 782 5556 1,
816 5480 910 5540 0r.
943 5484 998 5551 1,
1027 5496 1134 5556 etc.
1163 5480 1239 5538 ΙῙῖ
1253 5485 1369 5550 ed.,
1402 5484 1468 5538 ἵν’
1488 5484 1706 5556 οἰκείαν
1734 5480 1788 5556 ἦ.

349 5550 431 5626 (5)
473 5553 798 5626 ᾈστικούς.
816 5556 909 5609 Sic
942 5565 1054 5626 tres
1072 5553 1241 5626 Regg.
1282 5564 1338 5610 et
1368 5555 1588 5611 totidem
1614 5550 1767 5612 Coll);
1801 5571 1864 5612 ac

277 5619 375 5677 0r.
404 5621 459 5673 1.
489 5620 547 5675 In
577 5623 689 5688 ed.,
718 5619 1007 5689 ἁστυκούς.

458 5691 899 5770 (pugnam-reg.
923 5692 1134 5770 Qorplp,
1159 5695 1541 5770 τρυφήσοντες.

351 5760 437 5835 (7)
474 5760 702 5834 Ἀηδής.
725 5764 819 5821 Or.
855 5760 904 5834 ἰ,
936 5762 1137 5841 ἀηδεῖς.

1960 5764 2122 5831 ed.,'r

1975 4543 2173 4597 habeat
2204 4542 2408 4614 (metuo
2436 4558 2503 4598 ne
2532 4543 2635 4598 hoc
2661 4543 2919 4598 audacius
2956 4559 2992 4596 ea
3025 4558 3112 4601 me
3150 4544 3351 4598 dictum
3377 4543 3547 4598 videri

1974 4633 2187 4704 possit),
2223 4634 2363 4689 Deus
2397 4635 2500 4689 diis
2526 4636 2707 4690 unitus
2732 4643 2787 4690 et
2811 4635 3076 4705 cognitus,
3110 4650 3174 4689 ac
3203 4643 3406 4689 tantmn
3438 4631 3550 4687 for-

1979 4735 2143 4792 tasse,
2170 4736 2431 4798 quantum
2457 4728 2568 4797 jam
2605 4742 2721 4794 eos,
2754 4726 2846 4799 qui
2883 4726 2984 4797 ipsi
3017 4726 3127 4781 uoti
3166 4734 3311 4794 sunt,
3346 4740 3546 4796 cogno-

1978 5006 1991 5063 ζ
2046 4992 2123 5063 (8)
2147 4990 2540 5063 Χρηματίζων.
2591 4991 2682 5047 Sic
2726 4991 2912 5047 Comh.
2938 5006 3007 5046 ex
3048 4992 3253 5048 duobus
3303 4993 3460 5050 codd.
3490 5009 3549 5056 et

1969 5061 2093 5134 Bas.
2118 5064 2174 5117 In
2194 5061 2335 5134 led},
2355 5063 2724 5134 σχηματίζων,
2758 5082 2776 5114 ι
2801 5062 3075 5131 ellingeus.
3101 5081 3126 5134 ρ

1998 5174 2007 5187 .
2062 5133 2118 5204 9)
2161 5131 2527 5202 Ἀρξάμὲκὸν
2654 5134 3059 5202 παυσόμενον.
3087 5132 3180 5188 Or.
3212 5132 3267 5198 1,
3299 5131 3544 5205 ἀρξάμε-

1967 5220 2153 5342 νοςίῶ
2185 5205 2671 5352 ῗῖἳῦῖἶεῗῗξῗῖιεε.
2699 5273 2793 5343 ph,
2816 5280 2920 5329 etc.
2942 5272 2998 5326 In
3033 5274 3143 5337 ed.,
3172 5270 3366 5353 τούτῳ,

2043 5273 2157 5413 in)
2191 5345 2313 5397 Οὐκ
2337 5344 2406 5397 ἐκ
2431 5361 2570 5407 των,
2606 5353 2712 5397 etc.
2765 5342 2922 5413 rNou
2949 5358 3014 5396 ex
3046 5343 3113 5397 iis
3152 5358 3271 5411 qua:
3322 5358 3374 5396 tn
3422 5341 3436 5395 i

2072 5344 2157 5415 11)
2191 5345 2313 5415 Οὐκ
2337 5344 2406 5415 ἐκ
2431 5342 2570 5407 τῶν,
2606 5353 2712 5397 etc.
2765 5342 2922 5415 gNou
2949 5358 3014 5396 ex
3046 5343 3113 5397 iis
3152 5358 3271 5411 qua:
3322 5344 3374 5396 in
3422 5342 3545 5410 ipso

1972 5412 2119 5477 sunt,
2137 5412 2230 5494 sed
2255 5428 2323 5467 ex
2348 5414 2415 5468 iis
2436 5429 2555 5484 quae
2576 5422 2701 5468 sunt
2731 5412 2877 5467 circa
2910 5413 3103 5481 ipsum,
3129 5433 3148 5464 ι
3184 5426 3395 5482 nempe,
3429 5431 3448 5465 ι
3474 5428 3544 5469 ex

1969 5494 2251 5538 creaturis.
2277 5501 2296 5534 ι

2039 5552 2152 5623 (12)
2194 5551 2430 5623 Ἕαυτό.
2466 5551 2598 5620 Reg.
2626 5552 2718 5623 ph,
2749 5550 2956 5606 ἑαυτόν.

2062 5622 2148 5692 15)
2191 5621 2786 5691 Ἄπεργάζηται.“Τι·εε
2803 5624 2968 5693 Regg.
3006 5621 3326 5695 ἐργάζηται.

2036 5626 2150 5763 (14)
2186 5691 2274 5763 Τῷ
2305 5692 2526 5762 ἁπλῆς.
2562 5690 2653 5750 Sic
2681 5700 2787 5749 (res
2804 5692 2969 5763 Regg.
3008 5698 3266 5750 etdeccm
3297 5693 3326 5750 ί

2063 5688 2153 5817 14)
2171 5688 2526 5839 ἁΤᾷίῆᾶέτλῆξ.
2562 5690 2653 5750 Sic
2681 5700 2787 5749 (res
2804 5688 2969 5765 negg.
3008 5688 3063 5750 et
3083 5688 3266 5749 decem
3297 5690 3450 5751 Coll).
3477 5688 3538 5765 lu

2063 5780 2122 5829 ,τ
2211 5780 2249 5816 π
2319 5781 2364 5826 ς.
