3910 6214
340 249 455 315 ,519
1374 290 1377 295 ν
1526 286 1529 289 ‹
1554 252 1614 309 S.
1652 251 1984 311 GREGOBII
2023 250 2370 310 THEOLOGI
2922 249 2930 255 ⁷
3498 250 3610 309 320

344 364 473 425 scit.
511 365 812 424 lmmensus
843 365 1007 438 igitur
1033 376 1091 423 et
1146 369 1388 426 inﬁnitus
1415 380 1498 427 est
1536 372 1694 437 Deus,
1754 384 1809 429 et
1862 374 1929 428 ad

2052 391 2132 444 πις
2160 391 2176 406 ο
2204 373 2365 445 εἴπερ
2397 371 2532 444 μηδέ
2553 371 2668 435 τοῖς
2696 368 2994 437 συνθέτοις,
3032 370 3191 442 μόνον
3216 369 3277 423 τὸ
3304 364 3444 426 εἶναι
3480 389 3610 428 συν-

342 456 821 529 contemplandum
848 457 1077 514 diﬁicilis
1115 478 1128 515 :
1169 470 1329 531 atque
1360 462 1461 517 hoc
1504 463 1676 519 solum
1703 467 1925 522 omnino
2031 468 2226 534 θέτοις.

352 553 424 609 de
456 554 571 623 ipso
596 549 979 620 comprehendi
1005 558 1201 620 potest,
1225 568 1418 625 nempe
1435 556 1576 623 quod
1608 554 1925 622 immensus,
1967 566 2026 613 et
2088 557 2331 614 inﬁnitus
2376 558 2446 613 sit
2476 575 2490 613 :
2534 557 2638 613 etsi
2686 558 2953 628 quispiam
2988 560 3281 628 existime.,
3309 575 3453 623 eum,
3483 561 3611 629 quia

350 649 612 720 simplicis
642 656 848 701 naturae
872 646 963 709 sit,
996 645 1260 699 rationem
1292 644 1433 698 hanc
1466 643 1689 709 habere,
1720 654 1801 711 ut,
1823 646 1912 701 vel
1943 662 2167 717 prorsus
2193 648 2756 716 incomprehensibilis
2782 652 2873 715 sit,
2898 650 2981 705 vel
3022 666 3247 721 prorsus
3273 667 3338 707 ac
3371 653 3613 722 perfecte

352 740 733 813 comprehendi
769 747 949 809 queat.
980 738 1116 805 Quid
1140 738 1282 792 enim
1308 737 1395 793 ille
1417 737 1507 805 sit,
1537 737 1628 807 qui
1651 748 1900 794 naturam
1932 744 2227 813 simplicem
2255 743 2440 809 habet,
2475 745 2843 813 exquiramus.
2884 745 3069 816 Neque
3102 747 3246 801 enim
3282 748 3603 817 simplicitas

353 836 432 893 illi
464 847 651 891 natura
679 843 760 891 est
792 852 806 888 :
842 829 1274 904 quandoquidem
1304 845 1401 884 nec
1432 830 1747 900 compositis
1781 832 1894 885 sola
1923 835 2259 904 compositio.

425 929 559 985 Vlll.
591 929 710 985 Jam
734 944 885 994 vero,
904 943 1025 982 cum
1051 926 1385 981 immensitas
1403 923 1650 978 bifariam
1681 926 1930 981 conside-

354 1033 527 1088 retur,
583 1036 776 1091 nempe
826 1029 883 1075 et
931 1018 1204 1089 principii,
1247 1026 1302 1071 et
1348 1016 1472 1071 ﬁnis
1515 1017 1726 1072 ratione
1772 1018 1925 1087 (nam

355 1115 501 1186 quod
526 1128 689 1183 supra
721 1112 837 1167 haec
855 1120 958 1177 cst,
994 1126 1057 1165 ac
1080 1124 1187 1164 non
1210 1110 1263 1162 in
1294 1110 1398 1175 his,
1425 1109 1745 1163 immensum
1785 1111 1929 1177 est);

356 1221 481 1261 cum
505 1205 559 1260 in
595 1203 846 1273 superius
877 1201 1201 1273 profundum
1231 1215 1384 1254 mens
1425 1201 1659 1268 aspexit,
1696 1215 1804 1255 non
1834 1202 1936 1256 ha-

356 1295 491 1351 bens
516 1293 605 1349 ubi
633 1293 914 1361 consistat,
935 1291 1232 1361 [omnisque
1256 1291 1383 1355 illis,
1411 1305 1546 1360 quas
1576 1292 1642 1345 de
1666 1290 1777 1345 Deo
1803 1306 1934 1346 con-

357 1385 489 1454 cipit
542 1384 828 1450 innitatur,
885 1385 1212 1439 immensum
1266 1383 1371 1438 hoc
1421 1395 1477 1436 et
1534 1383 1934 1447 inextricabile,

352 1479 682 1544 .anarchum,
725 1479 828 1533 hoc
861 1486 965 1541 est,
1021 1474 1286 1545 principio
1324 1489 1539 1540 carens,
1596 1474 1931 1544 appellavit:

357 1584 482 1626 cum
519 1578 699 1625 autem
753 1569 822 1624 ad
864 1568 1124 1623 inferiora
1170 1577 1226 1622 et
1259 1568 1585 1636 posteriora,
1632 1565 1939 1621 immortale

355 1672 521 1733 atque
560 1662 812 1717 interitus
862 1674 1091 1730 expers;
1128 1673 1250 1713 cum
1290 1673 1420 1712 vero
1467 1668 1759 1727 utrumque
1804 1673 1937 1713 con-

2099 933 2183 986 H'.
2227 935 2359 1006 Διχῆ
2403 933 2461 988 δὲ
2505 931 2598 987 τοῦ
2647 933 2874 1004 ἀπείρου
2921 930 3318 1003 θεωρουμένου,
3366 933 3509 988 κατά
3550 951 3612 989 τε

2029 1023 2203 1095 ἀρχὴν
2227 1025 2321 1078 καὶ
2357 1025 2509 1090 τέλος
2542 1026 2624 1098 (τὸ
2649 1026 2758 1098 γὰρ
2789 1025 2929 1098 ὑπὲρ
2960 1024 3153 1090 ταῦτα,
3176 1027 3270 1079 καὶ
3304 1024 3379 1098 μὴ
3409 1028 3468 1079 ἐν
3489 1027 3614 1080 τού-

2027 1133 2160 1180 τοις,
2196 1116 2467 1189 ἄπειρον),
2513 1119 2641 1172 ὅταν
2679 1119 2778 1189 μὲν
2824 1121 2905 1182 εἰς
2955 1117 3044 1172 τὸν
3089 1119 3202 1172 ἄνω
3253 1118 3413 1189 βυθὸν
3443 1119 3615 1191 (15)6

2030 1207 2157 1270 νοῦς
2189 1209 2491 1282 ἀποϐλέψῃ,
2522 1211 2622 1264 οὐκ
2651 1210 2791 1282 ἔχων
2828 1211 2950 1264 ὅποι
2992 1213 3090 1282 στῇ
3123 1211 3217 1264 καὶ
3251 1212 3613 1284 ἀπερείσηται

2032 1297 2154 1358 ταῖς
2188 1296 2317 1366 περῖ⁵
2347 1295 2483 1349 Θεοῦ
2531 1298 2871 1366 φαντασίαις,
2913 1297 2975 1351 τὸ
3007 1298 3241 1353 ἐνταῦθα
3272 1300 3497 1371 ἄπειρον
3518 1301 3616 1355 καὶ

2033 1383 2351 1451 ἀνέκϐατον,
2392 1384 2623 1456 ἄναρχον
2663 1387 3133 1458 προσηγόρευσεν·
3188 1388 3318 1441 ὅταν
3349 1388 3404 1441 δὲ
3433 1390 3513 1453 είς
3543 1389 3616 1445 τὰ

2034 1475 2185 1528 κάτω
2211 1476 2321 1543 (16)
2373 1477 2467 1529 καὶ
2518 1477 2587 1530 τὰ
2630 1476 2777 1548 ἐξῆς,
2818 1478 3087 1532 ἀθάνατον
3133 1481 3228 1532 καὶ
3273 1479 3613 1552 ἀνώλεθρον·

2034 1565 2161 1618 ὅταν
2193 1564 2250 1616 δὲ
2273 1565 2467 1637 συνέλῃ
2491 1566 2554 1618 τὸ
2582 1568 2707 1631 πᾶν,
2736 1566 2970 1621 αἰώνιον.
3002 1567 3145 1620 Αίὼν
3176 1568 3307 1640 γὰρ,
3341 1568 3463 1622 οὔτε
3488 1569 3620 1640 χρό·

2035 1672 2144 1721 νος,
2175 1655 2299 1709 οὕτε
2339 1658 2531 1728 χρόνου
2558 1675 2612 1710 τι
2646 1659 2836 1729 μέρος·
2877 1660 2999 1713 οὐδὲ
3033 1659 3142 1735 γὰρ
3180 1660 3473 1731 μετρητὸν’
3500 1654 3616 1714 ἀλλ’

360 1752 526 1809 traxit
573 1761 629 1809 et.
668 1752 906 1822 collegit,
953 1761 1238 1807 maternum.
1273 1747 1577 1804 JEternitas
1619 1750 1789 1815 enim,
1835 1764 1937 1805 nec

2052 1749 2132 1801 51:5
2143 1765 2173 1818 ρ
2184 1749 2215 1817 ἡ
2226 1750 2315 1817 μίν
2333 1750 2349 1818 (
2364 1748 2474 1817 17)ό
2490 1750 2696 1821 χρόνος,
2718 1749 2869 1820 ἡλίου
2884 1753 3025 1823 φορᾷ
3043 1769 3142 1822 μετ
3147 1752 3240 1823 ρού
3251 1770 3429 1824 μενος,
3461 1752 3621 1808 τοῦτο

361 1855 594 1915 tempus,
627 1860 728 1900 nec
785 1843 1043 1914 temporis
1089 1856 1215 1912 pars
1249 1841 1357 1894 ulla
1391 1849 1475 1895 est
1517 1840 1641 1909 (nec
1695 1840 1838 1894 enim
1880 1841 1934 1894 in

361 1952 668 1993 mensuram
700 1935 901 2007 cadit);
931 1936 1024 1991 sed
1071 1933 1214 2003 quod
1242 1933 1403 1989 nobis
1438 1941 1651 2001 tempus
1696 1940 1800 1996 est,
1849 1947 1938 1987 so-

360 2029 428 2086 lis
476 2039 626 2084 motu
661 2028 962 2092 deﬁnitum,
1006 2027 1111 2081 hoc
1156 2026 1379 2081 aeternis
1412 2040 1588 2080 aevum
1624 2033 1729 2090 est,
1776 2024 1938 2084 nimi-

358 2138 481 2180 rum
512 2121 603 2178 iile
628 2121 783 2192 quasi
821 2117 1133 2189 temporalis
1167 2117 1384 2185 quidam
1421 2123 1618 2180 motus,
1665 2124 1720 2169 et
1769 2115 1940 2168 inter-

357 2215 579 2276 vallum,
608 2213 748 2283 quod
789 2212 947 2266 simul
991 2225 1114 2266 cum
1145 2208 1360 2265 aeternis
1393 2207 1722 2262 extenditur.
1766 2206 1940 2274 Atque

362 2303 479 2358 haec
509 2300 852 2371 nobisces
886 2300 938 2353 in
994 2299 1283 2368 prwsentia
1324 2297 1393 2352 de
1458 2296 1567 2351 Deo
1608 2295 1750 2349 dicta
1808 2295 1937 2351 sint.

360 2393 545 2464 Neque
595 2394 738 2449 enim
791 2394 939 2460 plura
996 2391 1265 2445 disserere
1322 2388 1490 2458 hujus
1534 2397 1617 2442 est
1660 2386 1938 2455 temporis.

360 2486 797 2556 quandoquidem
840 2482 994 2537 nobis
1049 2482 1151 2536 hoc
1200 2480 1321 2535 loco
1386 2495 1493 2534 non
1530 2479 1597 2533 de
1632 2478 1938 2542 divinitate,

361 2579 455 2633 sed
488 2579 554 2632 de
597 2576 897 2632 oeconomia
945 2574 1191 2627 instituta
1224 2580 1309 2626 est
1331 2571 1527 2626 oratio.
1573 2571 1738 2625 Deum
1777 2583 1940 2635 porro

358 2686 482 2727 cum
511 2670 652 2737 dico,
686 2668 923 2729 Patrem,
953 2677 1007 2721 et
1041 2665 1260 2730 Filium,
1309 2673 1364 2719 et
1394 2664 1657 2732 Spiritum
1691 2670 1940 2716 sanctum

359 2762 514 2827 dico;
548 2775 645 2816 nec
674 2759 813 2814 ultra
850 2760 964 2813 haec
1004 2756 1196 2811 diﬁ‘usa
1247 2757 1552 2818 divinitate,
1601 2768 1670 2808 ne
1714 2753 1940 2807 deorum

362 2853 576 2908 turbam
625 2852 973 2915 inducamus;
1017 2864 1116 2905 nec
1146 2863 1339 2904 rursus
1368 2845 1507 2901 infra
1542 2846 1655 2900 haec
1693 2844 1846 2898 ﬁnita
1888 2852 1944 2897 et

362 2943 634 3009 restricta,
678 2956 747 2997 ne
787 2939 1005 2997 deitatis
1038 2939 1219 3008 in0pia
1259 2937 1433 3008 premi
1479 2935 1811 3004 iudicemur,
1855 2932 1941 2987 vel

362 3044 585 3106 propter
638 3033 799 3088 unius
869 3030 1233 3101 principatum
1305 3029 1358 3084 in
1420 3025 1796 3087 Judaismum,
1859 3024 1941 3079 vel

365 3134 586 3197 propter
615 3125 839 3181 deorum
867 3121 1271 3176 multitudinem
1301 3120 1356 3175 in
1391 3119 1757 3190 gentilismum
1803 3117 1941 3171 inci-

366 3221 577 3274 dentes.
611 3215 747 3272 Nam
775 3215 1066 3284 utrobique
1104 3212 1306 3267 malum
1347 3210 1552 3281 ecquale
1583 3220 1687 3276 est,
1725 3209 1942 3263 tametsi

2037 1841 2151 1901 τοῖς
2172 1839 2382 1904 ἀϊδίοις,
2408 1839 2563 1905 αἰὼν,
2587 1842 2648 1893 τὸ
2675 1859 2738 1894 συ
2748 1859 3028 1914 μπαρεκτε
3039 1845 3280 1914 ινόμενον
3303 1847 3416 1908 τοῖς
3442 1840 3616 1911 οὖσιν,

2038 1925 2147 1983 οἷόν
2176 1947 2229 1984 τι
2277 1933 2527 2002 χρονικὺν
2565 1932 2790 2004 κίνημα,
2839 1936 2933 1989 καὶ
2977 1934 3270 2006 διάστημα,
3306 1936 3492 1989 Ταῦτὰ
3528 1952 3621 2007 μοι

2040 2020 2168 2092 περὶ
2192 2022 2328 2075 Θεοῦ
2362 2023 2816 2096 πεφιλοσοφήσθω
2843 2025 2952 2097 (18)
2977 2026 3159 2081 τανῦν.
3185 2027 3321 2080 Οὐδὲ
3348 2028 3458 2099 γὰρ
3478 2028 3621 2098 ὑπὲρ

2038 2110 2213 2164 ταῦτα
2242 2113 2454 2182 καιρὸς,
2486 2113 2569 2166 ὅτι
2601 2115 2676 2185 μὴ
2708 2114 2953 2184 θεολογία
2984 2116 3044 2168 τὸ
3078 2117 3436 2187 προκείμενον
3463 2117 3627 2187 ἡμῖν,

2042 2202 2156 2256 ἀλλ’
2184 2203 2486 2273 οἰκονομία.
2538 2204 2673 2257 Θεοῦ
2722 2204 2778 2257 δὲ
2829 2207 2957 2259 ὅταν
3003 2206 3163 2272 εἴπω,
3215 2206 3357 2277 λέγω
3384 2207 3618 2280 Πατρὺς,

2040 2293 2136 2346 καὶ
2169 2293 2320 2359 Υἱοῦ,
2365 2294 2458 2347 καὶ
2498 2296 2652 2363 ἁγίου
2698 2299 3017 2369 Πνεῦματος
3041 2316 3054 2330 ·
3083 2297 3207 2353 οὔτε
3257 2301 3398 2372 ὑπὲρ
3448 2300 3627 2356 ταῦτα

2040 2384 2140 2456 τῆς
2171 2384 2423 2456 θεότητος
2450 2388 2733 2458 χεομὲνης,
2770 2390 2857 2443 ἵνα
2901 2390 2974 2462 μὴ
3008 2390 3179 2462 δῆμον
3214 2392 3353 2445 θεῶν
3400 2392 3627 2463 εἰσαγά-

2041 2495 2228 2548 γωμεν
2245 2494 2257 2508 ·
2286 2478 2409 2532 οὔτε
2437 2480 2588 2544 ἐντὸς
2608 2482 2813 2535 τούτων
2838 2483 3180 2555 ὁριζομένης,
3220 2486 3306 2539 ἴνα
3335 2485 3410 2556 μὴ
3432 2484 3625 2539 πενίαν

2043 2566 2292 2638 θεότητος
2342 2572 2785 2644 κατακριθῶμεν,
2826 2573 2858 2645 ἢ
2895 2574 2982 2627 διὰ
3013 2574 3111 2646 τὴν
3162 2577 3456 2649 μοναρχίαν
3495 2578 3628 2631 Ἰου-

2041 2657 2335 2725 δαῖζοντες,
2364 2661 2397 2732 ἦ
2426 2661 2514 2715 διὰ
2541 2662 2641 2734 τὴν
2669 2663 2928 2732 ἀφθονίαν
2961 2665 3379 2737 Ἐλληνίζοντες.
3409 2666 3483 2720 Τδ
3513 2665 3628 2738 γὰρ

2042 2750 2212 2803 κακὸν
2240 2753 2298 2805 ὲν
2326 2754 2656 2827 ἀμφοτέροις
2703 2757 2905 2827 ὅμοιον,
2948 2758 3051 2811 κᾶν
3103 2760 3163 2813 ἐν
3205 2762 3319 2823 τοῖς
3361 2758 3628 2824 ἐναντίοις

2043 2841 2365 2914 εὑρίσκηται
2396 2846 2528 2917 (19).
2553 2847 2712 2903 Οῦτω
2742 2850 2841 2920 μὲν
2863 2845 2955 2904 οῦν
2979 2850 3049 2904 τὰ
3084 2851 3252 2920 Ἅγια
3290 2850 3397 2903 τῶν
3431 2850 3626 2918 ἁγίων,

2044 2931 2081 2987 ἃ
2117 2936 2213 2988 καὶΙ
2256 2939 2371 3000 τοῖς
2413 2940 2659 3011 σεραφὶμ
2702 2942 3158 3011 συγκαλύπτεται,
3204 2944 3296 2997 καὶ
3344 2941 3627 3009 δοξάζεται

2045 3026 2224 3094 τρισὶν
2267 3027 2581 3099 ἀγιασμοῖς,
2620 3032 2702 3096 είς
2748 3034 2876 3104 μίαν
2924 3033 3164 3087 συνιοῦσι
3205 3035 3500 3106 κυριότητα
3533 3033 3631 3088 κα)⁸

2048 3115 2279 3187 θεότητα
2300 3136 2314 3148 ·
2345 3120 2374 3173 ὃ
2407 3121 2501 3174 καὶ
2531 3121 2678 3194 ἄλλῳ
2717 3126 2821 3178 τινὶ
2850 3124 2964 3196 (20)
3000 3125 3108 3179 τῶν
3136 3125 3242 3197 πρὸ
3287 3124 3442 3196 ἡμῶν
3466 3141 3631 3194 πεφι-

2047 3207 2344 3282 λοσόφηται
2371 3214 2635 3269 κάλλιστά
2656 3233 2716 3269 τε
2747 3218 2841 3270 καὶ
2875 3218 3207 3289 ὑψηλότατα.

300 3364 309 3367 _
364 3308 422 3367 in
457 3308 749 3364 contrariis
797 3306 1124 3377 reperiatur.
1156 3302 1251 3359 Sic
1291 3302 1549 3356 nimirum
1618 3298 1818 3354 Sancta
1854 3307 2188 3363 sanctorum,
2223 3316 2343 3370 quae
2372 3303 2537 3359 etiam
2599 3319 2630 3358 a
2692 3306 2998 3375 scrnpliinis
3065 3307 3412 3376 obteguntur,
3444 3318 3507 3359 ac
3535 3302 3633 3358 tri-

366 3403 468 3456 bus
510 3398 1035 3456 sanctiﬁcationibus
1100 3393 1534 3458 celebrantur”,
1608 3393 1662 3447 in
1712 3405 1875 3446 unam
1948 3391 2370 3447 dominationem
2428 3411 2491 3448 ac
2566 3397 2819 3453 deitatem
2861 3400 3179 3455 coeuntibus
3220 3417 3236 3454 :
3274 3400 3628 3456 quemadmo-

365 3492 493 3547 dum
527 3502 585 3546 et
615 3491 751 3545 alius
779 3488 998 3559 quidam
1033 3494 1159 3541 ante
1182 3500 1280 3541 nos
1299 3484 1668 3555 pulcherrime
1695 3491 1750 3536 et
1778 3480 2171 3537 sublimissime
2207 3484 2616 3555 philosophatus
2640 3499 2745 3545 est.

436 3582 530 3640 ιχ.
549 3584 812 3651 Quoniam
839 3590 1019 3637 autem
1044 3580 1272 3636 bonitati
1302 3592 1641 3649 nequaquam
1675 3578 1807 3631 satis
1828 3582 1947 3630 erat

365 3691 465 3734 sua
490 3676 658 3746 ipsius
688 3676 863 3731 solum
885 3672 1338 3742 contemplatione
1368 3672 1593 3734 moveri,
1620 3671 1713 3725 sed
1738 3669 1941 3724 bonum

368 3768 591 3823 diﬂ'undi
639 3782 705 3821 ac
761 3765 1047 3836 propagari
1081 3765 1382 3834 oportebat,
1440 3772 1499 3817 ut
1533 3763 1688 3832 plura
1735 3769 1938 3828 essent,

367 3874 490 3929 quae
508 3856 774 3913 beneﬁcio
801 3853 1143 3910 adicerentur
1176 3853 1253 3924 (id
1286 3854 1430 3910 enim
1460 3867 1687 3908 summa:
1729 3851 1942 3906 bonita-

370 3953 440 4008 tis
469 3950 634 4022 erat),
662 3950 896 4020 primum
924 3947 1198 4018 angelicas
1223 3957 1279 4002 et
1306 3946 1557 4003 cmlestes
1587 3946 1819 3999 virtutes
1852 3958 1946 3997 co-

367 4042 594 4114 gitavit:
625 4050 788 4111 atque
825 4039 912 4094 illa
942 4039 1201 4109 cogitatio
1230 4054 1365 4109 opus
1410 4046 1552 4104 erat,
1592 4036 1735 4107 quod
1770 4034 1944 4089 Verbo

367 4133 778 4199 conﬁciebatur,
804 4146 870 4187 ac
899 4129 1102 4202 Spiritu
1128 4131 1471 4201 explebatur.
1531 4131 1707 4199 Atque
1748 4128 1819 4182 ita
1854 4141 1944 4180 sc-

365 4226 531 4282 cundi
581 4226 897 4289 splendores
934 4224 1202 4293 procreati
1252 4232 1400 4293 sunt,
1438 4221 1598 4292 primi
1640 4219 1944 4291 splendoris

367 4318 702 4386 administri;
742 4318 858 4373 sive
903 4315 1265 4385 intelligentes
1320 4317 1563 4387 spiritus,
1613 4316 1730 4368 sive
1768 4312 1945 4381 ignem

2122 3576 2199 3631 Θ’.
2250 3579 2403 3633 Ἐπεὶ
2435 3580 2491 3635 δὲ
2528 3582 2629 3636 οῦκ
2679 3584 2839 3655 ἤρκει
2891 3585 2957 3654 τῇ
3013 3580 3310 3653 ἀγαθὸτητι
3350 3581 3529 3649 τοῦτο,
3568 3583 3633 3637 τὸ

2052 3664 2320 3718 κινεῖσθαι
2353 3667 2514 3737 μόνον
2556 3673 2622 3742 τῇ
2657 3671 2857 3742 ἑαυτῆς
2886 3670 3107 3743 θεωρίᾳ,
3138 3671 3251 3724 ἀλλ’
3274 3671 3381 3724 ἔδει
3404 3672 3631 3744 χεθῆναι

2049 3749 2112 3803 τὸ
2147 3751 2352 3818 ἀγαθὸν
2381 3756 2477 3810 καὶ
2504 3757 2741 3825 ὁδεῦσαι,
2775 3760 2851 3823 ὡς
2892 3760 3110 3814 πλείονα
3138 3758 3278 3814 εἶναι
3310 3761 3380 3814 τὰ
3408 3763 3632 3834 εὐεργε-

2049 3841 2287 3915 τούμενα
2316 3846 2494 3919 (τοῦτο
2519 3850 2627 3920 γὰρ
2649 3852 2749 3922 τῆς
2774 3853 2949 3924 ἄκρας
2975 3849 3044 3924 ἦν
3066 3853 3448 3926 ἀγαθότητος),
3478 3856 3633 3927 πρῶ-

2049 3951 2141 3989 τον
2195 3937 2295 4007 μὲν
2344 3942 2518 3994 ἐννοεῖ
2563 3944 2676 4014 (21)
2733 3944 2834 4008 τὰς
2883 3946 3179 4014 ἀγγελικὰς
3228 3945 3489 4016 δυνάμεις
3536 3946 3633 4000 καὶ

2049 4027 2363 4098 οὐρανίους·
2393 4035 2486 4087 καὶ
2522 4035 2583 4088 τὸ
2614 4037 2850 4109 ἐννόημα
2881 4037 3040 4110 ἔργον
3064 4034 3152 4109 ἦν,
3190 4039 3346 4108 Λόγῳ
3380 4039 3632 4109 συμπλη-

2056 4120 2317 4191 ρούμενον
2376 4126 2523 4196 (2'2),
2585 4129 2679 4182 καὶ
2732 4130 3012 4200 Πνεῦματι
3066 4129 3459 4202 τελειούμενον.
3520 4132 3633 4185 Καὶ

2049 4209 2224 4274 οὕτως
2256 4215 2568 4288 ὑπέστησαν
2610 4220 2995 4294 λαμπρότητες
3027 4222 3296 4294 δεύτεραι,
3325 4222 3634 4295 λειτουργοὶ

2052 4299 2153 4368 τῆς
2204 4302 2429 4376 πρώτης
2477 4308 2894 4383 λαμπρότητοςο
2949 4315 3059 4367 είτε
3105 4313 3266 4386 νοερὰ
3319 4314 3630 4385 πνεύματα,

366 4410 516 4463 velut
547 4409 788 4463 materiae
809 4419 1086 4479 expertem
1118 4418 1173 4463 et
1196 4409 1595 4475 incorporeum,
1626 4407 1741 4459 sive
1778 4405 1939 4456 aliam

2052 4389 2151 4443 εἴτε
2190 4393 2301 4465 πῦρ
2346 4391 2458 4451 οἷον
2490 4399 2653 4454 ἄῦλον
2695 4404 2789 4457 καὶ
2837 4403 3148 4476 ἀσώματον,
3179 4405 3289 4459 εἴτε
3325 4407 3445 4461 τινὰ
3469 4406 3635 4475 φύσιν

366 4499 654 4571 quamdam
708 4508 979 4566 naturam,
1031 4515 1191 4554 uuam
1230 4498 1478 4568 proxime
1526 4498 1594 4550 ad
1632 4496 1731 4550 has
1784 4506 1940 4549 acce-

438 4613 487 4646 ⁸³
529 4612 632 4668 lsa.
662 4628 741 4679 vt,
769 4613 807 4667 2
833 4628 985 4684 seqq.

440 4771 556 4842 (15)
594 4773 702 4838 Ε’ὶς
733 4772 842 4826 τὸν
870 4770 994 4848 ἀνω
1010 4774 1230 4838 βυθόν.
1289 4776 1489 4844 Gloss.,
1520 4777 1599 4840 εἰς
1623 4773 1713 4847 ζτὰ
1749 4774 1959 4848 παρελ-

368 4840 550 4906 θόντα,
589 4861 608 4894 ι
635 4848 698 4895 ad
730 4845 1023 4911 prmterita.
1057 4864 1076 4896 ι

443 4912 554 4984 (16)
587 4915 693 4984 ῌίς
719 4912 791 4965 τὰ
811 4911 989 4984 κάτω,
1024 4912 1157 4980 Reg.
1186 4915 1281 4984 ph,
1313 4917 1394 4980 εἰς
1417 4916 1510 4969 τὸν
1543 4917 1717 4979 κάτω,
1744 4928 1956 4984 nempe,

371 4980 551 5053 ﬂuﬁdv.
589 4982 792 5047 Gloss.,
816 4984 899 5053 είς
920 4982 990 5036 τὰ
1025 4980 1311 5053 μέλλοντα,
1340 5005 1358 5037 ι
1391 4988 1455 5039 ad
1490 4986 1689 5041 futura.
1722 5003 1741 5037 ι

467 5053 554 5127 η)
590 5051 961 5127 ᾭπερᾼήμῖν,
986 5051 1131 5127 _Reg.
1170 5055 1283 5127 ολδ
1311 5058 1443 5127 παρῗ
1466 5058 1617 5127 ἡμῖν.

470 5122 1151 5197 18)“Πεςριλοσοφήμσθω.
1218 5126 1353 5194 Reg.
1395 5122 1535 5190 'bm',
1582 5127 1961 5197 πεφιλοσοφεί-

372 5189 507 5246 σθω.
539 5189 707 5263 Mox,
764 5189 1070 5263 οἰκονομία,
1133 5213 1152 5246 ι
1182 5189 1507 5261 ωοοῇοιηίο,
1540 5216 1558 5249 ι
1605 5189 1800 5260 ἰάέει,
1831 5189 1961 5252 (lu-

371 5262 632 5326 carnatio,
662 5282 678 5313 ι
709 5278 824 5326 seu,
857 5280 875 5312 ι
903 5262 1184 5319 Nativitas.
1209 5283 1228 5317 ι

585 5332 975 5406 Εὐρίσξιηζαι.
1004 5335 1218 5406 ϐοιιιίρη
1250 5335 1580 5406 εὑρίσκεται.

444 5400 807 5477 (29))ομχώ
842 5401 1022 5477 Δἐὲτλλῳ
1047 5400 1343 5477 τινίέειο.
1391 5408 1571 5460 Schol.
1609 5426 1621 5460 :
1660 5401 1827 5477 Οἶμαι
1861 5404 1960 5457 αὐ-

370 5468 464 5547 τον
501 5468 816 5547 ’Ᾱθανᾴσιον
842 5471 1022 5547 λέγειν
1075 5475 1133 5527 ἐν
1161 5473 1239 5545 τῷ
1283 5475 1324 5529 δ’
1357 5477 1494 5547 πρὸς
1548 5477 1647 5541 τὰς
1696 5468 1955 5547 αἱρέσεις,

372 5538 553 5622 circuit
578 5541 722 5622 κατὰ
750 5538 1057 5622 ’Ἀρειανῶν
1075 5561 1090 5576 ·
1151 5564 1168 5622 ι
1194 5538 1366 5600 Credo
1393 5538 1769 5622 _}_\thanasium'
1797 5544 1865 5599 ab
1894 5538 1960 5622 eo

374 5612 696 5679 signiﬁcari,
749 5612 802 5666 iu
832 5612 1050 5683 quarto
1101 5618 1360 5672 adversus
1392 5618 1655 5683 llaareses,
1697 5631 1812 5675 seu,
1857 5616 1954 5667 ad-

381 5691 570 5738 vmus
615 5683 846 5740 Arianos
900 5684 1104 5744 libro.»
1146 5685 1260 5743 Nec
1295 5688 1452 5743 aliter
1500 5688 1664 5744 sentit
1712 5683 1953 5751 Nicetas,

2049 4480 2235 4554 ἄλλην,
2279 4487 2362 4541 ὅτι
2404 4491 2690 4560 ἐγγυτάτω
2739 4495 2848 4549 τῶν
2901 4498 3228 4569 εἰρημένων,
3268 4482 3471 4563 ταῦ-τας
3504 4499 3638 4552 ὑποο

2060 4772 2305 4841 quamvis
2353 4773 2527 4827 locum
2572 4785 2675 4824 non
2723 4768 2935 4841 aﬁ’erat.
2984 4768 3213 4841 Budaeus
3240 4783 3370 4826 vero
3397 4769 3449 4823 in
3484 4783 3639 4823 com-

2061 4839 2362 4907 mentariis,
2416 4845 2481 4895 de
2511 4842 2743 4911 quodam
2795 4840 3048 4911 Dionysio
3078 4839 3159 4892 sic
3192 4841 3586 4911 interpretatur
3618 4859 3635 4896 :

2068 4931 2087 4964 ι
2120 4913 2191 4966 De
2222 4913 2321 4967 hoc
2366 4908 2560 4980 magno
2612 4918 2831 4980 auctore
2862 4908 3133 4980 Dionysio,
3163 4927 3182 4961 ι
3222 4908 3414 4978 inquit,
3468 4927 3487 4959 ‹
3516 4912 3639 4980 qni-

2062 4997 2274 5050 cunque
2338 4982 2428 5035 ille
2461 4979 2641 5044 fuerit,
2692 4979 2825 5050 mihi
2873 4979 3115 5050 locutns_
3136 4993 3257 5050 esse
3290 4981 3502 5050 videtur
3523 4979 3641 5050 Mu—

2062 5047 2200 5122 guus
2247 5049 2562 5122 Gregorius,
2589 5070 2608 5103 ι
2670 5051 2732 5122 ἐν
2759 5047 2836 5122 τῷ
2871 5050 2954 5122 εἰς
2980 5048 3049 5122 τᾲ
3077 5048 3332 5122 Γενέθλια
3356 5048 3518 5119 λόγῳ,
3550 5049 3639 5104 his

2063 5118 2241 5175 verbis
2274 5139 2287 5174 :
2320 5121 2453 5174 Θεοῦ
2479 5122 2606 5174 ὅταν
2635 5120 2793 5184 εἴπω,
2826 5118 2967 5186 λέγω
2993 5118 3224 5243 Πατρός,
3247 5132 3352 5173 etc.

2132 5190 2245 5243 (ΞΗ
2273 5190 2512 5243 Πρῶτον
2539 5190 2651 5243 ιιὲν
2696 5188 2913 5243 ἐυννοεῐ.
2944 5199 3049 5242 etc.
3130 5188 3292 5243 ‘chol.
3324 5208 3337 5243 :

2132 5190 2245 5261 (9.1)
2273 5190 2512 5261 Πρῷτον
2533 5190 2651 5260 μὲν
2696 5188 2913 5261 ἐυνγοεῖ,
2944 5199 3049 5261 etc.
3091 5187 3292 5261 ASchol.
3324 5208 3337 5244 :
3370 5190 3499 5261 _"O'ct
3528 5187 3642 5260 πρὸ

2055 5257 2259 5332 παντὸς
2289 5259 2380 5314 τοῦ
2401 5257 2675 5332 ὁρωμένου
2694 5259 2882 5332 τούτου
2915 5257 3009 5311 τοῦ
3037 5259 3265 5332 κόσμου,
3285 5258 3484 5322 ταύτας
3500 5257 3637 5313 ὑπο-

2059 5330 2252 5401 στῆναί
2287 5347 2419 5402 φησι
2436 5330 2475 5402 ᾗ
2514 5351 2532 5382 ι
2560 5333 2668 5402 Αἰι
2703 5330 2958 5402 cmlcstes
2994 5331 3244 5402 virtutes,
3274 5343 3433 5402 __ante
3489 5331 3638 5402 hunc

2058 5398 2313 5454 mundum
2338 5398 2508 5455 oculis
2555 5400 2877 5468 subjectum,
2932 5398 3098 5452 fuisse
3151 5399 3456 5455 conditas.)
3510 5398 3639 5455 ιιωα

2040 5472 2138 5524 “est
2163 5472 2463 5525 communis
2494 5471 2735 5524 omnium
2771 5468 3279 5538 Graecorumopinic

2261 5542 2429 5620 ᾼότῳ
2449 5541 3068 5622 σρμλπλτιρούμενογινι
3086 5537 3260 5622 Verbo
3286 5538 3633 5622 coutpletpm,

2057 5621 2113 5692 et
2139 5608 2363 5678 Spiritu
2383 5608 2713 5692 perfectum;
2740 5628 2760 5664 ι
2808 5608 2969 5681 quod
3001 5608 3241 5675 Nicetas,
3278 5627 3297 5662 ι
3321 5609 3634 5665 sanctiﬁca-

2060 5690 2194 5749 tum,
2221 5698 2239 5733 ι
2271 5688 2508 5749 exponit.
