3910 6214
269 247 374 305 Sil

1269 247 1527 305 ORATIO
1561 247 1857 304 XXXVIII.
1897 278 1967 291 -
2004 248 2072 305 IN
2108 247 2574 309 THEOPHANIA.

3418 255 3529 313 52-2

270 368 529 440 ληπτέον.
565 368 837 441 Βούλομαι
893 368 992 440 μὲν
1038 369 1232 435 εἰπεῖν,
1273 370 1356 424 δτι
1399 370 1691 442 ἀκινήτους
1715 368 1853 441 πρὸς

1965 369 2192 436 dentem,
2220 386 2313 427 eas
2345 373 2658 427 existimare
2685 379 2915 439 oportet.
2953 371 3126 441 Gestit
3158 372 3368 441 quidem
3401 378 3526 433 auio

270 461 335 514 τὸ
358 459 549 527 κακὸν,
585 461 681 514 καὶ
719 460 889 533 μόνην
912 459 1139 531 ἐχούσας
1164 460 1263 532 τὴν
1287 459 1381 514 τοῦ
1412 460 1584 514 καλοῦ
1613 460 1850 531 κίνησιν,

270 548 372 606 ἅτε
402 551 534 622 περὶ
569 550 701 605 Θεὸν
722 548 907 614 οὓσας,
941 550 1034 603 καὶ⁸
1060 550 1129 602 τὰ.
1168 550 1360 620 πρῶτα
1388 553 1451 605 ὲκ
1480 551 1616 604 Θεοῦ
1641 551 1850 621 λαμποο

275 640 448 712 μένας
468 659 480 674 ο
511 642 579 695 τὰ
600 641 709 714 γὰρ
735 641 986 703 ἐνταῦθα,
1019 640 1276 714 δευτέρας
1298 642 1618 713 ὲλλάμψεως
1670 643 1853 698 Πείθει

271 730 330 785 δέ
371 748 461 802 με,
522 733 595 803 μὴ
639 734 946 804 ἀκινήτους,
977 731 1115 786 ἀλλὰ
1157 732 1527 805 δυσκινήτους,
1582 734 1675 786 καὶ
1717 735 1853 788 ὑπο-

272 821 573 894 λαμϐάνειν
604 824 826 891 ταύτας,
853 827 948 879 καὶ
983 825 1183 893 λέγειν,
1218 826 1246 879 6
1269 825 1355 878 διὰ
1376 824 1473 897 τὴν
1496 825 1854 897 λαμπρότητα

284 912 620 985 Ἑωσφόρος,
655 916 845 978 σκότος
868 915 957 969 διὰ
1002 916 1102 987 τὴν
1141 915 1374 988 ἔπαρσιν
1414 917 1509 969 καὶ
1537 918 1850 987 γενόμενος,

271 1003 369 1057 καὶ
387 1005 697 1078 λεγόμενος,
724 1008 785 1061 αἴ
806 1024 866 1061 τε
893 1009 985 1062 ὑπ’
1007 1008 1170 1062 αὐτὸν
1192 1009 1554 1062 ἀποστατικαὶ
1574 1008 1849 1079 δυνάμεις,

268 1094 596 1169 δημιουργοὶ
619 1099 714 1171 τῆς
743 1100 963 1166 κακίας,
985 1102 1051 1172 τῇ
1080 1099 1174 1153 τοῦ
1206 1099 1370 1154 καλοῦ
1403 1102 1572 1171 φυγῇ,
1602 1101 1696 1154 καὶ¹
1720 1103 1853 1172 ἡμῖν

271 1186 549 1258 πρόξενοι.

340 1373 399 1427 I'.
433 1371 592 1426 Οῦτω
623 1372 721 1443 μὲν
750 1367 843 1426 οῦν
886 1374 915 1426 6
956 1373 1146 1445 νοητὸς
1198 1373 1368 1445 αὐτῷ,
1424 1375 1521 1428 καὶ
1559 1373 1646 1428 διὰ
1684 1372 1854 1428 ταῦτα

272 1463 483 1533 ὑπέστη
517 1464 741 1533 κόσμος,
785 1465 859 1529 ὡς
901 1465 1003 1535 ἐμὲ
1047 1464 1176 1534 γοῦν
1226 1465 1355 1535 περὶ
1393 1465 1599 1519 τούτων
1641 1467 1856 1535 φιλοσο-

271 1555 469 1626 φῆσαι,
500 1554 684 1627 μικρῷ
707 1556 850 1626 λόγῳ
888 1556 957 1609 τὰ
1006 1557 1217 1628 μεγάλα
1256 1556 1666 1627 σταθμώμενον.
1703 1558 1855 1611 Ἐπεὶ

268 1646 326 1700 δὲ
352 1647 423 1700 τὰ
459 1646 653 1715 πρῶτα
685 1646 865 1711 καλῶς
905 1643 1051 1719 εἶχεν
1082 1648 1250 1719 αὐτῷ,
1283 1647 1533 1718 δεύτερον
1561 1652 1734 1702 ἐννοεί
1763 1651 1855 1703 κό-

271 1754 409 1808 σμον
458 1737 640 1791 ὑλικὸν
689 1738 784 1791 καὶ
831 1737 1106 1808 ὁρώμενον
1132 1755 1146 1769 ο
1182 1738 1277 1791 καὶ
1327 1734 1480 1802 οῦτός
1527 1739 1644 1791 ἐστι
1690 1743 1751 1792 τδ
1794 1742 1852 1807 ἐξ
1886 1720 1926 1772 Β

268 1827 502 1902 οὐρανοῦ
540 1828 636 1882 καὶ
673 1829 797 1898 γῆς,
844 1830 936 1882 καὶ
969 1829 1077 1883 τῶν
1119 1831 1175 1882 ὲν
1210 1830 1360 1900 μέσῳ
1390 1829 1646 1901 σύστημά
1674 1848 1733 1883 τε
1760 1832 1853 1884 καὶ

272 1923 578 1993 σύγκριμα,
606 1921 889 1974 ἐπαινετὸν
917 1920 1016 1992 μὲν
1052 1923 1151 1992 τῆς
1192 1920 1317 1974 καθ’
1342 1920 1572 1974 ἕκαστον
1599 1923 1850 1991 εὐφυΐας,

269 2011 792 2084 ἀξιεπαινετώτερον
830 2013 886 2065 δὲ
932 2013 1031 2084 τῆς
1070 2012 1129 2077 ἐξ
1196 2013 1449 2067 ἁπάντων
1489 2015 1855 2085 εὐαρμοστίας

268 2106 366 2159 καὶ
401 2104 743 2175 συμφωνίας,
775 2103 936 2158 ἄλλου
983 2104 1119 2175 πρὸς
1156 2103 1283 2157 ἄλλο
1316 2122 1367 2156 τι
1399 2103 1577 2167 καλῶς
1615 2104 1850 2175 ἔχοντος,

269 2200 367 2253 καὶ
396 2198 615 2251 πάντων
656 2197 792 2267 πρὸς
824 2196 1059 2260 ἅπαντα,
1101 2198 1180 2260 είς
1226 2196 1345 2259 ἑνὸς
1373 2198 1581 2267 κόσμου
1607 2196 1857 2269 συμπλή-
1890 2181 1896 2187 ’

272 2305 480 2361 ρωσινο
527 2289 613 2342 ἵνα
653 2288 823 2361 δείξῃ,
869 2289 943 2360 μὴ
999 2288 1158 2359 μόνον
1203 2287 1411 2342 οίκείαν
1456 2288 1637 2359 ἑαυτῷ
1667 2288 1852 2358 φύσιν,

268 2380 411 2435 ἀλλὰ
454 2381 551 2434 καὶ
591 2380 771 2451 πάντη
821 2381 978 2450 ξένην
1034 2379 1444 2451 ὑποστήσασθαι
1485 2380 1711 2444 δυνατὸς
1756 2381 1853 2437 ὧν.

269 2473 487 2525 Οίκεῖον
528 2471 630 2541 μὲν
664 2469 775 2541 γὰρ
801 2470 1072 2543 θεότητος,
1110 2473 1165 2525 αί
1203 2472 1390 2544 νοεραὶ
1418 2472 1627 2540 φύσεις,
1665 2472 1759 2526 καὶ
1780 2472 1857 2544 νῷ

272 2561 425 2635 μόνῳ
468 2561 672 2634 ληπταί
697 2580 711 2594 ο
745 2562 894 2630 ξένον
926 2564 984 2617 δὲ
1023 2564 1370 2620 παντάπασιν
1411 2565 1544 2635 (25),
1586 2566 1709 2618 ὅσαι
1752 2565 1857 2620 ὑπὸ

267 2655 372 2725 τὴν
417 2653 688 2725 αἴσθησιν,
743 2657 839 2709 καὶ
885 2654 1092 2709 τούτων
1141 2656 1321 2709 αὐτῶν
1370 2655 1452 2708 ἔτι
1494 2657 1855 2728 πορρωτέρω,

268 2746 396 2799 ὅσαι
424 2745 703 2809 παντελῶς
735 2744 933 2816 ἄψυχοι
957 2747 1052 2800 καὶ
1079 2746 1357 2817 όικίνητοι⁹
1393 2746 1553 2800 Ἀλλὰ
1576 2747 1629 2799 τί
1653 2747 1857 2801 τούτων

268 2837 441 2907 ἡμῖν,
483 2837 625 2907 τάχα
675 2837 742 2891 ἂν
783 2839 926 2892 εἴποι
961 2856 1045 2902 τις
1098 2839 1208 2892 τῶν
1251 2839 1372 2892 λίαν
1421 2839 1722 2911 φιλεόρτων
1762 2839 1857 2893 καὶ

274 2927 659 3000 θερμοτέρωνς
709 2929 905 2982 Κέντει
951 2931 1043 2984 τὸν
1088 2931 1265 2985 πῶλον
1296 2931 1409 3003 (24)
1445 2931 1575 3002 περὶ
1606 2931 1704 3001 τὴν
1732 2929 1858 2985 νύσ-

1955 476 2075 516 mus
2107 462 2286 517 dicere
2325 464 2394 518 ad
2435 463 2632 518 malum
2659 464 2981 529 immobiles,
3016 473 3178 535 atque
3223 466 3290 520 ad
3324 467 3523 525 bonum

1954 554 2219 608 duntaxat
2271 554 2617 626 agitationem
2656 554 2935 624 habentes,
2975 566 3160 625 ulpme
3213 556 3385 614 Deum
3419 561 3526 615 cir-

1955 653 2321 712 cumstantes,
2368 661 2434 702 ac
2487 647 2747 716 primario
2799 646 2895 703 Dei
2947 647 3152 719 fulgore
3200 649 3525 706 collucentes

1955 732 2092 803 (haec
2118 735 2261 788 enim
2293 734 2549 791 inferiora
2567 737 2899 791 secundariae
2921 737 3327 793 illuminationis
3353 740 3521 810 sunt);

1954 837 2139 878 verum
2170 834 2227 878 ut
2264 842 2366 881 non
2400 828 2620 881 omnino
2649 827 2974 893 immobiles,
3000 831 3094 883 sed
3128 844 3268 899 aegre
3299 831 3525 887 mobiles

1954 916 2262 971 existimem
2298 932 2363 972 ac
2402 918 2603 983 dicam,
2638 919 2770 973 mihi
2806 921 3094 988 persuadet
3130 921 3219 976 ille
3245 921 3316 975 ob
3349 922 3528 990 splen-

1955 1010 2140 1065 dorem
2193 1008 2429 1070 Lucifer.
2460 1011 2550 1077 qui
2601 1021 2822 1081 prepter
2866 1012 3171 1081 superbiam
3224 1013 3418 1081 caligo,
3471 1024 3527 1067 et

1953 1098 2174 1154 effectus
2195 1109 2298 1163 est,
2334 1109 2390 1153 et
2418 1101 2745 1167 nominatur,
2775 1115 2841 1156 ac
2887 1101 3140 1170 subjectae
3162 1102 3265 1171 ipsi
3299 1102 3526 1158 rebelles

1954 1199 2267 1260 potestates,
2302 1205 2422 1259 quae
2468 1204 2563 1261 per
2588 1192 2712 1246 boni
2758 1192 2940 1263 fugam
2976 1193 3162 1247 vitium
3208 1192 3521 1258 eﬂ'ecerunt,

1955 1282 2193 1352 illudque
2220 1283 2376 1338 nobis
2415 1291 2817 1338 contraxerunt.

2025 1374 2092 1429 Χ.
2123 1376 2213 1430 Sic
2254 1376 2434 1446 igitur,
2472 1386 2634 1447 atque
2667 1379 2736 1432 ob
2797 1377 2895 1433 has
2932 1393 3147 1445 causas,
3193 1381 3524 1439 intellectilis

1955 1468 2185 1521 mundus
2217 1469 2284 1521 ab
2315 1484 2380 1521 eo
2403 1480 2617 1523 creatus
2639 1478 2740 1534 est,
2769 1478 3026 1537 quantum
3061 1471 3273 1539 quidem
3315 1473 3430 1542 ipse
3455 1476 3521 1528 de

1955 1558 2039 1613 his
2066 1560 2224 1613 rebus
2250 1560 2615 1630 philosophari
2636 1575 2793 1630 queo,
2816 1561 3008 1630 exigua
3027 1564 3273 1617 oratione
3297 1578 3382 1618 res
3412 1580 3528 1618 ma-

1955 1666 2087 1720 gnas
2129 1651 2303 1722 669
2341 1653 2667 1721 expendens.
2706 1652 3063 1722 Posteaquam
3102 1660 3280 1707 autem
3324 1654 3525 1722 primas

1953 1743 2244 1798 creationis
2276 1752 2455 1812 partes
2479 1744 2735 1812 praeclare
2768 1744 3089 1800 constitutas
3109 1745 3262 1811 vidit,
3286 1746 3514 1801 alterum

1955 1835 2208 1889 mundum
2239 1836 2461 1889 materia
2482 1844 2818 1913 constantem
2840 1844 2896 1891 et
2922 1837 3302 1906 aspectabilem
3322 1838 3524 1907 cogita-

1954 1927 2058 1992 vit;
2081 1928 2218 1982 hanc
2245 1927 2499 1981 nimirum
2518 1942 2583 1982 ex
2608 1926 2748 1982 ctelo
2772 1934 2826 1981 et
2849 1935 3012 1991 terra,
3033 1937 3087 1981 et
3105 1927 3186 1982 his
3204 1926 3384 1990 rebus,
3402 1942 3521 1996 qua:

1952 2033 2137 2073 eorum
2165 2019 2450 2089 complexu
2493 2021 2860 2084 continentur,
2902 2018 3424 2088 coagmentationem
3469 2026 3529 2072 et

1954 2113 2374 2175 concretionem,
2396 2111 2724 2165 laudandam
2757 2110 2905 2166 illam
2935 2110 3172 2179 quidem,
3195 2109 3266 2164 ob
3295 2108 3530 2178 singula-

1955 2218 2072 2259 rum
2107 2204 2339 2273 partium
2376 2203 2725 2272 elegantiam,
2765 2217 2949 2257 verum
2998 2202 3407 2258 laudabiliorem
3458 2205 3529 2256 ob

1954 2308 2097 2357 eam,
2127 2307 2247 2362 quae
2277 2308 2343 2348 ex
2376 2294 2646 2349 universis
2666 2294 2900 2357 exsistit,
2930 2293 3345 2348 concinnitatem
3368 2301 3530 2363 atque

1955 2383 2322 2447 concordiam,
2380 2383 2484 2437 alia
2550 2399 2611 2438 re
2652 2382 2902 2438 videlicet
2946 2398 3072 2438 cum
3133 2383 3239 2439 alia
3292 2383 3526 2452 quadam

1955 2473 2182 2543 pulchre
2209 2473 2534 2542 quadrante,
2561 2482 2723 2542 atque
2769 2472 3019 2528 omnibus
3063 2488 3184 2527 cum
3234 2473 3523 2538 universis,

1956 2565 2024 2620 ad
2050 2565 2208 2619 unius
2239 2563 2422 2618 mundi
2459 2573 2711 2618 ornatum
2751 2564 3002 2619 omnibus
3049 2565 3293 2619 numeris
3343 2563 3528 2618 absol-

1955 2657 2188 2712 vendum
2224 2675 2237 2711 :
2265 2666 2324 2710 ut
2366 2656 2492 2711 illud
2534 2656 2870 2719 ostenderet,
2905 2668 2965 2709 se
2991 2670 3096 2708 non
3131 2656 3289 2709 modo
3317 2654 3529 2725 sibiipsi

1957 2757 2240 2817 cognatam
2271 2757 2325 2801 et
2368 2747 2728 2818 propinquam
2776 2754 3047 2811 naturam,
3081 2746 3175 2799 sed
3215 2745 3379 2801 etiam
3411 2760 3532 2799 om-

1957 2839 2086 2893 nino
2115 2839 2345 2893 alienam
2366 2853 2524 2909 posse
2558 2851 2864 2906 procreare.
2907 2836 3213 2890 Divinitatis
3240 2837 3383 2890 enim
3407 2849 3532 2904 pro-

1957 2927 2170 2998 pinquae
2197 2936 2322 2982 sunt
2358 2936 2563 2982 naturae
2615 2935 2795 2980 mente
2821 2925 3082 2996 praeditas,
3117 2935 3172 2979 et
3202 2939 3322 2993 quas
3351 2934 3532 2978 mente

274 3036 397 3073 σαν.
438 3017 521 3072 Τὰ
546 3019 644 3090 τῆς
678 3021 869 3092 ἑορτῆς
900 3022 1031 3092 ἡμῖν
1064 3023 1364 3093 φιλοσόφει,
1401 3024 1496 3078 καὶ
1534 3020 1614 3087 οἷς
1645 3040 1855 3095 προκα-

1965 3020 2069 3075 sola
2092 3019 2294 3090 percipi
2330 3027 2552 3090 possunt
2584 3035 2598 3071 :
2633 3017 2822 3073 alienae
2853 3026 3036 3071 autem
3091 3029 3332 3084 prorsus,
3375 3030 3530 3084 quac-

270 3109 545 3181 θεζόμεθα
585 3112 847 3184 σήμερον.
890 3113 1065 3167 Τοῦτο
1091 3115 1155 3183 δὴ
1187 3117 1281 3169 καὶ
1298 3117 1529 3186 ποιήσω,
1561 3116 1655 3169 καὶ
1678 3116 1725 3167 εί
1769 3132 1857 3184 μι-

269 3201 408 3273 κρὸν
439 3201 644 3256 ἄνωθεν
674 3205 948 3274 ἠρξάμην,
981 3204 1122 3259 οὕτω
1150 3207 1242 3260 τοῦ
1267 3206 1431 3260 πόθου
1460 3207 1554 3261 καὶ
1580 3206 1674 3259 τοῦ
1697 3206 1856 3273 λόγου

272 3291 621 3363 βιασαμένων
658 3295 791 3365 (‘25).

1962 3127 2173 3182 cunque
2199 3111 2304 3166 sub
2333 3125 2524 3166 sensus
2549 3111 2767 3176 cadunt,
2793 3109 2982 3178 hisque
3031 3108 3159 3176 ipsis
3191 3106 3401 3175 longius
3429 3107 3527 3161 ad-

1963 3204 2070 3256 huc
2115 3212 2351 3265 remotae,
2379 3214 2499 3270 quae
2541 3200 2719 3253 anima
2754 3212 2976 3268 prorsus
3026 3207 3082 3250 et
3133 3207 3282 3250 motu
3323 3205 3530 3250 carent.

1967 3291 2074 3347 Sed
2095 3307 2350 3362 quorsum
2377 3292 2492 3346 haec
2524 3292 2591 3345 ad
2623 3305 2741 3354 nos,
2773 3288 2975 3344 dixerit
3000 3287 3233 3343 fortasse
3261 3287 3532 3357 quispiam

270 3398 342 3438 ex
384 3382 488 3448 his,
523 3386 615 3455 qui
646 3384 802 3441 festis
846 3387 1141 3456 impensius
1181 3388 1538 3457 delectantur,
1618 3403 1682 3443 ac
1751 3384 2026 3442 fervidiori
2084 3384 2266 3436 animo
2326 3381 2497 3437 sunt?
2548 3379 2757 3450 Equum
2808 3383 2875 3436 ad
2927 3391 3123 3436 metam
3167 3379 3404 3435 stimula.
3459 3378 3536 3432 De

274 3476 371 3545 iis,
418 3492 540 3549 quae
599 3478 669 3534 ad
730 3479 929 3536 festum
965 3485 1216 3551 attinent,
1243 3495 1298 3538 et
1337 3485 1406 3539 ob
1442 3500 1560 3555 quae
1612 3483 1775 3538 hodie
1831 3480 2174 3547 assidemus,
2226 3476 2623 3547 phi|050phare.
2681 3477 2795 3533 Hoc
2842 3475 3374 3547 ,equidemrfaciam,
3433 3479 3535 3533 etsi

269 3574 434 3645 paulo
461 3574 623 3630 altius
670 3589 895 3632 exorsus
927 3592 1067 3641 sum,
1098 3590 1221 3631 cum
1257 3576 1580 3630 desiderium
1609 3585 1663 3629 et
1697 3573 1957 3629 orationis
1979 3573 2147 3625 series
2183 3569 2248 3622 ad
2278 3569 2330 3622 id
2355 3578 2568 3636 cogant.

346 3669 455 3720 IA'.
484 3664 633 3730 Νοῦς
672 3668 769 3738 μὲν
810 3663 903 3722 οὖν
955 3668 1055 3739 ἤδη
1107 3668 1202 3722 καὶ
1246 3667 1499 3738 αἴσθησις
1531 3666 1665 3737 (26),
1688 3665 1863 3728 οὕτως

272 3755 371 3809 ἀπ’
426 3756 672 3828 ἀλλήλων
732 3756 1116 3830 διακριθέντα,
1169 3757 1276 3810 τῶν
1331 3758 1474 3810 ίδίων
1521 3757 1663 3827 ὅρων
1711 3755 1861 3819 ἐντὸς

272 3851 641 3920 εἰστήκεισαν,
673 3850 767 3904 καὶ
799 3849 860 3903 τὸ
887 3850 980 3903 τοῦ
1012 3848 1343 3921 δημιουργοῦ
1374 3849 1546 3918 Λόγου
1579 3848 1861 3918 μεγαλεῖον

272 3940 335 3992 ὲν
381 3940 595 4004 ἑαυτοῖς
648 3939 863 4012 ἔφερον,
927 3941 1186 4009 σιγῶντες
1227 3941 1508 3994 ἐπαινέται
1546 3941 1644 4011 τῆς
1690 3956 1862 4010 μεγα-

271 4032 555 4103 λουργίας,
572 4033 667 4086 καὶ
693 4032 1005 4103 διαπρύσιοι
1030 4034 1099 4105 κή
1110 4050 1289 4103 ρυκες.
1315 4031 1482 4085 Οὔπω
1504 4033 1560 4085 δὲ
1580 4028 1648 4103 ἦν
1671 4032 1862 4103 κρᾶμα

273 4122 338 4189 ἐξ
377 4123 726 4194 ἀμφοτέρων,
780 4124 903 4178 οῦδέ
937 4142 1022 4189 τις
1081 4124 1227 4195 μίξις
1278 4124 1387 4178 τῶν
1442 4124 1716 4185 ἐναντίων,
1773 4140 1862 4176 σο-

274 4213 407 4283 φίας
458 4211 704 4282 μείζονος
748 4211 1056 4284 γνώρισμα,
1109 4213 1203 4265 καὶ
1227 4214 1327 4282 τῆς
1367 4212 1497 4281 ’περὶ⁸
1534 4209 1632 4273 τὰς
1670 4208 1861 4277 φύσεις

275 4302 659 4365 πολυτελείας*
705 4303 824 4356 οὐδὲ
871 4306 898 4357 ὁ
949 4304 1058 4366 πᾶς
1109 4302 1336 4365 πλοῦτος
1389 4305 1488 4372 τῆς
1526 4300 1861 4370 ἀγαθότητος

276 4392 581 4465 γνώριμος.
629 4392 803 4447 Τοῦτο
848 4394 911 4466 δὴ
959 4393 1239 4466 βουληθεὶς
1289 4396 1317 4446 6
1368 4391 1619 4462 τεχνίτης
1662 4389 1863 4444 ἐπιδεί-

276 4482 475 4550 ξασθαι
507 4483 700 4551 Λόγος,
741 4485 836 4538 καὶ
878 4484 1016 4550 ζῶον
1049 4484 1106 4538 ἓν
1143 4484 1204 4549 ἐξ
1242 4483 1590 4554 ἀμφοτέρων,
1625 4480 1858 4553 ἀοράτου

275 4591 339 4628 τε
362 4573 508 4643 λέγω
535 4576 628 4627 καὶ
656 4577 860 4649 ὁρατῆς
891 4576 1124 4644 φύσεως,
1172 4575 1496 4647 δημιουργεῖ
1523 4574 1617 4626 τὸν
1653 4572 1862 4643 ἅνθρω-

277 4679 410 4716 πον·
451 4663 547 4716 καὶ
588 4663 740 4734 παρὰ
782 4665 880 4734 μὲν
916 4665 1014 4736 τῆς
1066 4663 1201 4735 ῦλης
1250 4664 1429 4717 λαϐὼν
1464 4663 1524 4716 τὸ
1555 4662 1715 4734 σῶμα
1757 4662 1858 4734 ἤδη

276 4754 722 4826 προῦποστάσης,
760 4758 890 4826 παρ’
920 4734 1114 4811 ἑαυτοῦ
1160 4734 1219 4809 δὲ
1266 4755 1434 4828 πνοὴν
1468 4756 1580 4826 (27)
1611 4754 1786 4818 ἐνθεὶς
1813 4753 1861 4825 (ὃ
1893 4734 1938 4792 D

276 4844 346 4916 δὴ
397 4844 592 4916 νοερὰν
638 4845 816 4917 ψυχὴν
869 4847 964 4901 καὶ
1001 4848 1185 4901 εἰκόνα
1220 4846 1356 4900 Θεοῦ
1407 4844 1545 4900 οἶδεν
1587 4848 1615 4900 6
1655 4844 1854 4916 λόγος),

353 5027 467 5100 (ἓῖρ)
508 5026 699 5083 Ξένον
728 5027 797 5100 δὲ
827 5029 1230 5092 παντάπασιν,
1259 5037 1363 5085 etc.
1419 5026 1542 5100 Haec
1579 5028 1657 5083 sic
1693 5041 1856 5100 expo-

279 5097 373 5155 nit'
396 5097 611 5169 Nicetas
641 5117 656 5153 :
685 5116 705 5150 ι
736 5098 950 5154 Natura:
966 5115 1087 5169 quae
1120 5101 1172 5153 in
1199 5113 1388 5169 sensus
1416 5098 1635 5169 cadunt,
1663 5099 1851 5153 aliena:

279 5177 466 5238 sunt‘a
502 5167 613 5223 Deo
634 5169 847 5224 ratione
880 5167 1105 5231 naturae,
1143 5184 1207 5224 eo
1228 5168 1369 5238 quod
1411 5167 1609 5221 nullam
1640 5184 1761 5221 cum
1788 5181 1853 5221 eo

279 5236 655 5294 similitudinis
687 5238 952 5294 rationem
1009 5236 1263 5295 habeant.
1327 5236 1541 5299 Verum,
1593 5246 1854 5305 quantum

277 5309 351 5364 ad
372 5307 666 5364 creationis
699 5317 754 5364 et
779 5307 1139 5371 Pr-wjdentia:
1164 5309 1454 5372 rationem,
1494 5307 1638 5361 nulla
1661 5316 1855 5362 natura

277 5386 365 5435 est
391 5392 421 5430 ι
436 5376 552 5432 ﬂeo
576 5378 774 5434 aliena.
795 5395 815 5431 ι

354 5445 468 5519 (24)
486 5446 695 5519 Κέντει
715 5447 825 5502 τὸν
848 5444 1076 5519 πῶλον,
1104 5457 1211 5505 etc.
1264 5448 1490 5505 Ruﬁnus
1512 5446 1856 5519 proverbium

279 5516 431 5575 Istud
452 5517 534 5572 sic
567 5520 729 5573 vertit
761 5534 778 5574 :
823 5536 843 5571 ι
870 5518 1010 5584 Quid
1033 5519 1147 5575 hare
1173 5520 1241 5575 ad
1278 5519 1535 5575 causam?
1567 5516 1703 5584 Quid
1733 5531 1856 5571 cur-

282 5601 381 5641 rus
414 5589 531 5656 agis
559 5598 710 5659 extra
757 5587 1002 5659 metam?
1043 5588 1134 5643 Illa
1165 5590 1341 5657 nobis,
1379 5606 1499 5659 quae
1525 5593 1590 5645 ad
1613 5587 1841 5643 solemni

281 5665 452 5714 tatem
478 5658 772 5729 pertinent,
799 5657 1022 5716 dissere.
1042 5675 1066 5716 ρ

2035 3658 2126 3714 XI.
2158 3659 2448 3714 Enimvero
2493 3674 2646 3714 mens
2675 3660 2786 3730 jam
2825 3668 2881 3716 et
2923 3676 3134 3727 sensus,
3177 3659 3258 3715 sic
3297 3661 3442 3717 inter
3477 3672 3537 3715 se

1963 3754 2219 3819 discreta,
2273 3752 2475 3807 ﬁnibus
2519 3754 2633 3808 suis
2673 3769 2732 3809 se
2789 3756 3174 3822 continebant,
3218 3757 3534 3826 opificisque

1960 3843 2122 3900 Verbi
2170 3845 2505 3913 majestatem
2548 3845 2607 3900 in
2645 3847 2838 3915 seipsis
2864 3847 3127 3913 ferebant,
3160 3851 3304 3904 taciti
3350 3850 3538 3904 lauda-

1961 3947 2106 3992 tores
2140 3937 2365 4005 insignis
2405 3936 2627 4004 0piticii,
2676 3948 2730 3992 et
2771 3939 3011 3993 celebres
3046 3954 3342 4009 praecones.
3385 3939 3532 3996 Nun-

1961 4027 2086 4081 dum
2139 4034 2319 4080 autem
2375 4025 2660 4096 utriusque
2719 4029 3037 4096 temperatio
3089 4030 3193 4083 ulla
3252 4039 3391 4094 erat,
3438 4042 3533 4086 aut

1961 4118 2357 4174 contrariorum
2399 4119 2656 4182 mistura,
2703 4133 2822 4188 qua:
2873 4120 3204 4176 sublimioris
3249 4122 3527 4191 sapientia:

1961 4224 2025 4265 ac
2057 4210 2201 4264 circa
2248 4220 2561 4265 naturarum
2593 4210 2920 4265 creationem
2956 4212 3232 4267 varietatis
3270 4225 3325 4267 et
3352 4216 3534 4268 excel-

1959 4300 2136 4356 lentia:
2160 4301 2432 4370 specimen
2456 4300 2771 4368 exhiberet;
2815 4316 2915 4357 nec
2940 4316 3130 4358 omnes
3155 4305 3412 4360 bonitatis
3441 4307 3530 4359 di-

1959 4391 2102 4444 vitiae
2144 4401 2283 4445 notas
2316 4401 2479 4460 atque
2526 4401 2782 4461 spectatae
2825 4400 2998 4446 erant.
3027 4392 3160 4448 Cum
3193 4396 3355 4467 igitur
3394 4398 3530 4451 arti-

1960 4480 2048 4536 fici
2074 4480 2247 4537 Verbo
2274 4481 2416 4536 istud
2450 4482 2737 4538 ostendere
2772 4483 3080 4552 placuisset,
3118 4486 3319 4540 animal
3363 4502 3528 4542 unum

1963 4590 2029 4631 ex
2053 4568 2311 4642 ‘utroque,
2339 4574 2440 4627 hoc
2462 4581 2564 4636 est,
2599 4586 2665 4627 ex
2693 4572 2947 4629 invisibili
2991 4591 3057 4632 ac
3086 4577 3284 4632 visibili
3330 4585 3520 4632 natura

1962 4665 2234 4722 hominem
2285 4662 2618 4729 fabricatur;
2665 4673 2830 4734 atque
2873 4681 2903 4720 a
2936 4669 3183 4734 materia,
3219 4683 3339 4738 quae
3381 4671 3534 4736 prius

1963 4759 2076 4829 jam
2101 4764 2282 4811 creata
2308 4764 2445 4821 erat,
2478 4769 2674 4824 corpus
2697 4758 2990 4827 accipiens,
3023 4775 3053 4814 a
3082 4774 3141 4815 se
3164 4770 3340 4816 autem
3369 4762 3539 4831 spira-

1969 4845 2148 4902 culum
2180 4847 2426 4900 inserens
2467 4842 2631 4916 (quod
2672 4847 2893 4915 quidem
2944 4850 3359 4907 intellectualem
3414 4852 3539 4907 ani-

2040 5027 2153 5099 (25)
2189 5028 2494 5100 οὕτῳίτοῦ
2529 5029 2717 5085 πόθου
2749 5030 2849 5086 καί
2887 5030 2995 5085 τοῦ
3022 5030 3207 5100 λόγου
3238 5029 3538 5099 ,ϐιασαμέ-

1958 5115 2101 5170 ῃων.
2160 5099 2510 5170 illesiderio,
2574 5107 2630 5154 et
2654 5101 2918 5157 orationis
2968 5099 3113 5155 serie
3145 5102 3481 5170 cogentibus.
3511 5122 3530 5154 ›

1959 5167 2084 5222 Haec
2107 5185 2136 5221 a
2159 5167 2314 5221 Billio
2347 5169 2571 5223 omissa.

2032 5237 2145 5307 (26)
2177 5236 2339 5304 Νοῦς
2465 5239 2567 5292 καί
2595 5239 2900 5307 αῑσθησις.
2932 5238 3242 5308 Gregorius,
3272 5237 3421 5307 juxta
3450 5239 3540 5292 Ni-

1959 5316 2158 5369 cetam,
2206 5322 2301 5375 per
2361 5324 2379 5358 ι
2408 5318 2686 5363 mentem»
2748 5310 3000 5380 intelligit
3042 5310 3390 5380 tangetosp
3444 5325 3540 5379 per

1971 5394 1992 5428 ι
2017 5391 2235 5433 sensum
2259 5395 2278 5428 ι
2339 5391 2491 5442 vero,
2540 5396 2560 5429 ι
2586 5381 2863 5445 mundum,
2893 5378 2943 5431 »⁷
2982 5378 3076 5449 qui
3098 5393 3273 5448 sensu
3304 5378 3541 5449 percipi—

1965 5456 2073 5502 tur.

2037 5516 2161 5590 (2η
2182 5516 2420 5590 Hii-0213'.
2448 5517 2820 5590 (Spiraculum
2865 5538 2890 5590 ί»
2935 5517 3539 5590 SictresReggqqua-

1972 5586 2564 5662 titur_Colti.,_Coisl,t,
2623 5589 2795 5644 Clu“
2854 5589 2944 5647 Sic
2982 5589 3142 5646 etiam
3173 5586 3535 5662 legit'Billius.

1970 5655 2029 5711 In
2060 5658 2168 5713 ed..
2206 5657 2375 5731 ζωήν,
2407 5676 2426 5711 t
2449 5658 2628 5713 vitam.
2657 5675 2678 5711 δ
