3910 6214
401 220 509 277 525

1488 233 1492 237 ’
1551 250 1557 257 ν
1609 221 1667 277 S.
1708 219 2041 280 GREGORII
2078 219 2424 278 THEOLOGI

3551 228 3661 284 52.

402 353 566 405 mam,
599 336 805 407 Deique
856 336 1148 409 imaginem
1184 334 1463 407 Scriptura
1493 335 1695 406 vocat),
1732 338 1877 391 velut
1902 339 1971 390 al-

2082 334 2193 390 οἷόν
2222 353 2342 390 τινα
2370 336 2574 406 κόσμον
2602 335 2871 410 δεύτερον,
2900 339 2958 391 ἐν
2993 337 3175 411 μικρῷ
3215 339 3405 411 μέγαν,
3437 304 3531 396 ἔπι
3557 345 3662 416 τῆς

404 442 579 486 terum
622 429 908 498 quemdam
958 429 1237 494 mundum,
1294 428 1346 481 in
1396 442 1562 496 parvo
1603 442 1875 496 magnum,
1914 427 1967 482 in

403 532 547 576 terra
561 522 807 587 collocat,
852 521 1106 592 angelum
1131 520 1315 584 alium,
1349 520 1571 574 mistum
1601 521 1965 585 adoratorem,

399 611 631 668 visibilis
679 623 887 667 natura:
936 619 1325 681 spectatorem,
1359 609 1688 665 intellectilis
1734 618 1965 678 mystea,

399 717 586 758 eorum
637 703 873 772 quidem,
912 717 1030 772 qua:
1068 701 1307 771 interra
1339 708 1485 766 sunt,
1527 715 1729 769 regem,
1759 703 1967 769 superis

400 801 580 847 autem
610 794 898 859 subditum,
949 803 1216 846 terrenum
1272 801 1327 846 et
1372 791 1668 858 caelestem,
1707 793 1967 847 caducum

399 897 454 938 et
483 886 864 950 immortalem,
896 885 1162 940 visibilem
1197 895 1252 940 et
1283 884 1700 954 intelligibilem,
1735 885 1970 938 medium

396 977 562 1048 67o
587 977 726 1031 inter
742 977 1164 1047 magnitudinem
1195 985 1248 1030 et
1274 976 1672 1041 humilitatem;
1697 976 1969 1042 eumdem,

399 1071 648 1139 spiritum
688 1077 743 1123 et
798 1083 1054 1135 carnem;
1102 1069 1370 1138 spiritum,
1428 1076 1648 1137 propter
1697 1068 1968 1137 gratiam;

398 1174 639 1225 carnem,
670 1159 739 1213 ob
765 1160 1070 1228 superbiam
1107 1177 1120 1212 :
1150 1159 1299 1223 illud,
1338 1167 1395 1213 ut
1443 1167 1677 1224 maneat,
1707 1173 1771 1212 ac
1802 1160 1967 1213 bene-

397 1251 619 1306 factoris
645 1251 874 1322 gloriam
916 1251 1209 1320 praedicet;
1238 1252 1360 1314 hoc,
1399 1258 1462 1304 ut
1497 1260 1742 1311 vexetur,
1778 1264 1841 1302 ac
1874 1263 1970 1317 per

397 1344 715 1398 vexationes
765 1343 1136 1408 admoneatur,
1180 1352 1234 1397 et
1290 1343 1358 1397 ob
1398 1343 1820 1412 magnitudinem
1857 1342 1973 1411 glo—

398 1434 548 1491 rians
572 1434 856 1488 erudiatur
888 1442 1051 1504 atque
1078 1433 1380 1504 castigetur
1400 1438 1420 1499 ;‘
1446 1433 1645 1487 animal
1672 1434 1756 1487 hic
1783 1434 1973 1502 guber-

399 1535 607 1591 natum,
660 1535 823 1595 atque
879 1525 986 1579 alio
1039 1525 1366 1594 demigrans,
1404 1534 1480 1588 et,
1530 1524 1672 1593 quod
1726 1524 1971 1593 mysterii

398 1627 698 1672 extremum
732 1626 833 1684 est,
885 1632 982 1688 per
1012 1617 1180 1671 animi
1217 1619 1282 1671 ad
1335 1617 1503 1672 Deum
1555 1617 1967 1686 prepensionem

2076 428 2181 499 γῆς
2220 428 2453 499 ἵστησιν,
2510 428 2740 497 ἄγγελον
2791 430 2969 496 ἄλλον,
3024 435 3404 505 προσκυνητὴν
3444 434 3659 503 μικτὸν,

2073 520 2317 592 ὲπόπτην
2352 521 2452 591 τῆς
2479 522 2678 593 ὁρατῆς
2709 522 2957 595 κτίσεως,
2986 522 3194 594 μύστην
3216 524 3314 594 τῆς
3335 524 3658 597 νοουμένης,

2074 608 2297 679 βασιλέα
2336 610 2446 662 τῶν
2484 610 2577 663 ἐπὶ
2620 611 2744 682 γῆς,
2794 612 3210 685 βασιλευόμενον
3256 616 3483 682 ἄνωθεν,
3539 617 3663 671 ἐπί-

2073 714 2219 766 γειον
2257 699 2352 751 καὶ
2385 699 2654 770 οὐράνιον,
2688 702 3024 773 πρόσκαιρον
3068 704 3162 756 καὶ
3203 703 3489 771 ἀθάνατον,
3522 707 3660 776 ὁραο

2071 792 2161 844 τὸν
2184 794 2277 846 καὶ
2305 794 2609 865 νοούμενον,
2649 793 2812 865 μέσον
2837 793 3096 864 μεγέθους
3122 794 3215 846 καὶ
3235 795 3621 867 ταπεινότητος
3641 811 3659 826 ·

2071 880 2164 936 τὸν
2186 883 2368 950 αὐτὸν,
2400 884 2618 956 πνεῦμα
2643 885 2736 938 καὶ
2765 884 2974 956 σάρκα·
3005 882 3222 955 πνεῦμα
3241 884 3329 939 διὰ
3348 885 3445 957 τὴν
3472 887 3655 958 χάριν,

2075 976 2257 1046 σάρκα
2301 975 2388 1030 διά
2426 977 2526 1048 τὴν
2561 977 2841 1047 ἓπτιρσιν’⁷
2868 976 2928 1029 τὸ
2971 976 3100 1047 μὲν,
3140 978 3226 1030 ἵνα
3283 978 3420 1051 μένῃ
3456 978 3551 1031 καὶ
3582 979 3663 1031 δο-

2075 1067 2212 1139 ξάζῃ
2254 1069 2346 1123 τὸν
2398 1070 2728 1140 εὐεργέτην·
2776 1069 2837 1122 τὸ
2873 1068 2961 1135 δὲ,
3013 1069 3099 1122 ἵνα
3158 1069 3374 1140 πάσχῃ,
3427 1071 3521 1125 καὶ
3561 1071 3663 1125 πά.-

2076 1177 2219 1230 σχων
2240 1160 2351 1232 (‘28)
2371 1162 2856 1233 ὑπομιμνήσκηται
2885 1162 2980 1214 καὶ
3000 1160 3321 1232 παιδεύηται
3342 1161 3421 1232 τῷ
3439 1162 3662 1232 μεγέθει

2077 1252 2528 1324 φιλοτιμούμενος
2559 1253 2702 1324 (29)⁶
2745 1253 2883 1317 ζῶον
2918 1253 3150 1307 ἐνταῦθα
3184 1252 3657 1324 οίκονομούμενον,

2074 1345 2171 1397 καὶ
2202 1345 2435 1415 ἀλλαχοῦ
2469 1346 2881 1416 μεθιστάμενον,
2910 1346 3006 1400 καὶ
3034 1346 3208 1417 πέρας
3233 1346 3328 1400 τοῦ
3359 1346 3661 1418 μυστηρίου

2074 1437 2141 1505 τῇ
2174 1436 2311 1504 πρὸς
2339 1436 2470 1492 Θεὸν
2505 1436 2684 1491 νεύσει
2724 1437 3033 1506 θεούμενον.
3071 1438 3167 1500 Ei;
3192 1436 3348 1490 τοῦτο
3382 1437 3490 1508 γὰρ
3535 1437 3666 1507 ἐμοὶ

2076 1524 2230 1596 φέρει
2280 1524 2342 1577 τὸ
2395 1526 2614 1597 μέτριον
2669 1524 2905 1579 ἐνταῦθα
2961 1525 3161 1594 φέγγος
3206 1524 3307 1596 τῆς
3362 1524 3660 1595 ἀληθείας,

2078 1617 2440 1689 λαμπρότητα
2463 1617 2598 1672 Θεοῦ
2628 1619 2721 1670 καὶ
2747 1618 2873 1671 ἰδεῖν
2905 1618 3001 1671 καὶ
3026 1617 3240 1683 παθεῖν,
3264 1616 3421 1684 ἀξίαν
3442 1617 3536 1671 τοῦ
3564 1618 3665 1672 κα)⁹

400 1708 736 1761 divinitatem
770 1722 1134 1776 consequens.
1162 1706 1241 1761 Eo
1275 1708 1420 1761 enim
1455 1707 1586 1761 mihi
1618 1706 1863 1762 veritatis
1885 1706 1971 1761 ille

2080 1709 2455 1780 συνδήσαντος,
2486 1711 2580 1763 καὶ
2610 1709 2861 1773 λύσοντος
2888 1709 3022 1779 (50),
3056 1710 3153 1763 καὶ
3184 1706 3342 1773 αὖθις
3373 1710 3665 1781 συνδήσαν-

397 1799 665 1867 splendor,
719 1815 876 1869 quem
936 1799 1022 1853 hic
1079 1800 1275 1870 exigue
1331 1800 1632 1866 haurimus,
1680 1799 1869 1864 tendit,
1915 1807 1976 1853 ut

2080 1819 2171 1866 τος
2203 1802 2558 1875 ὑψηλότερον.

399 1888 497 1946 Dei
534 1890 835 1945 claritatem
888 1897 945 1946 et
979 1890 1210 1958 videam,
1237 1897 1292 1946 et
1322 1890 1573 1957 sentiam,
1610 1890 1826 1961 dignam
1871 1904 1959 1956 eo,
1997 1891 2111 1961 qui,
2171 1902 2226 1949 et
2285 1893 2634 1960 constrinxit,
2706 1901 2762 1949 et
2802 1892 3076 1958 dissolvet,
3123 1906 3188 1948 ac
3231 1908 3448 1948 rursum
3490 1892 3664 1948 subli-

398 1984 539 2037 mins
556 1982 849 2050 colligabit.

473 2075 589 2133 XII.
626 2077 777 2132 llunc
808 2077 1013 2132 arbitrii
1054 2078 1303 2134 libertate
1353 2080 1608 2132 donatum
1656 2076 1738 2144 (ut
1773 2077 1974 2132 bonum

397 2186 504 2225 non
531 2172 708 2224 minus
733 2170 874 2224 illius
909 2180 1073 2237 esset,
1100 2172 1191 2241 qui
1226 2170 1494 2240 elegisset,
1530 2186 1690 2240 quam
1723 2171 1862 2239 ejus,
1882 2170 1974 2238 qui

394 2264 602 2319 semina
626 2262 981 2333 praebuisset),
1026 2264 1078 2317 in
1109 2263 1381 2331 paradiso,
1416 2264 1725 2332 quicunque
1750 2261 1966 2315 tandem

395 2366 514 2411 erat
545 2356 824 2425 paradisus
865 2356 974 2421 ille,
1013 2355 1313 2421 collocavit,
1341 2355 1650 2425 plantarum
1683 2355 1968 2407 immorta-

395 2448 526 2504 lium
557 2448 842 2511 cultorem,
873 2448 974 2502 boc
1006 2455 1108 2511 est,
1141 2446 1375 2501 fortasse
1413 2446 1720 2500 divinarum
1756 2444 1968 2514 cogita-

398 2538 628 2605 tionum,
661 2548 768 2592 tam
795 2538 1206 2608 simpliciorum,
1239 2551 1401 2606 quam
1429 2534 1833 2605 perfectiorum,
1872 2549 1974 2586 nu-

394 2629 544 2693 dum,
580 2637 840 2698 quantum
884 2630 954 2682 ad
999 2627 1398 2696 simplicitatem
1444 2635 1499 2680 et
1539 2626 1707 2679 vitam
1761 2633 1879 2678 arte
1918 2635 1974 2678 et

386 2719 515 2773 fuco
539 2729 833 2784 carentem,
871 2719 1254 2789 atqueeomnis
1307 2718 1664 2787 integumenti
1703 2727 1758 2772 et
1792 2717 1973 2772 muni-

395 2811 560 2865 menti
609 2819 904 2880 expertem.
965 2809 1147 2865 Talem
1192 2810 1335 2863 enim
1374 2824 1496 2864 eum
1526 2825 1648 2864 esse
1684 2812 1977 2865 convenie-

391 2900 507 2964 bat,
537 2900 628 2971 qui
677 2902 910 2968 primum
955 2909 1102 2954 esset
1155 2911 1390 2955 creatus.
1437 2902 1519 2954 Ac
1561 2900 1760 2969 legem,
1813 2900 1972 2969 quasi

393 2993 698 3059 materiam,
724 2993 894 3047 libero
917 2992 1144 3046 arbitrio
1177 2992 1357 3045 tradit.
1376 2990 1484 3045 Lex
1515 3003 1692 3045 autem
1718 2992 1806 3045 illa
1837 3007 1975 3061 prae-

393 3095 608 3153 ceptum
647 3093 786 3149 erat,
827 3099 934 3154 quo
984 3083 1457 3154 praescribebatur,
1502 3094 1614 3137 tum
1657 3085 1856 3153 quibus
1892 3099 1974 3138 ar-

393 3175 616 3231 boribus
646 3176 698 3230 ei
731 3179 988 3230 utendum
1017 3185 1183 3239 esset,
1215 3185 1326 3228 tum
1356 3190 1386 3229 a
1420 3190 1526 3243 qua
1562 3191 1753 3229 manus
1803 3176 1975 3229 absti-

392 3267 606 3322 nendae.
637 3267 713 3322 Ea
740 3282 902 3337 porro
934 3277 1054 3322 erat
1080 3268 1319 3322 scientiae
1349 3268 1530 3333 arbor,
1578 3283 1682 3320 non
1728 3267 1816 3320 illa
1851 3267 1975 3335 qui-

2148 2075 2250 2127 IB'.
2293 2072 2619 2144 Τοῦτον(5ι)
2652 2072 2803 2127 ἔθετο
2834 2073 2932 2144 μὲν
2967 2074 3025 2126 ὲν
3050 2072 3129 2143 τῷ
3153 2073 3486 2145 παραδείσῳ,
3513 2073 3667 2139 ὅστις

2078 2166 2208 2220 ποτὲ
2233 2162 2301 2236 ἦν
2327 2168 2355 2220 ὁ
2378 2166 2704 2237 παράδεισος
2730 2158 2905 2232 οὗτος,
2930 2165 3006 2236 τῷ
3036 2165 3368 2237 αύτεξουσίῳ
3396 2167 3659 2237 τιμήσας,

2076 2260 2144 2312 ἶν’
2244 2257 2339 2312 τοῦ
2376 2258 2630 2329 ἑλομένου
2666 2258 2726 2311 τὸ
2753 2257 2955 2327 ἀγαθὸν
2980 2258 3079 2329 οὐχ
3104 2253 3266 2331 ἦττον
3298 2257 3331 2329 ἢ
3359 2257 3453 2311 τοῦ
3485 2275 3667 2330 παρα-

2078 2350 2300 2419 σχόντος
2356 2349 2426 2403 τὰ
2478 2348 2790 2421 σπέρματα,
2832 2349 3014 2418 φυτῶν
3065 2349 3348 2404 ἀθανάτων
3392 2350 3663 2421 γεωργὸν,

2077 2438 2237 2491 θείων
2282 2437 2501 2490 ἐννοιῶν
2541 2438 2691 2504 ἴσως,
2740 2437 2850 2490 τῶν
2888 2454 2949 2489 τε
3001 2437 3385 2509 ἁπλουστέρων
3428 2439 3667 2494 καὶτῶν

2075 2528 2438 2600 τελεωτέρων,
2471 2528 2676 2599 γυμνὸν
2696 2532 2762 2599 τῇ
2789 2529 3052 2601 ἁπλότητι
3077 2530 3171 2583 καὶ
3196 2529 3307 2601 ζωῇ
3337 2532 3403 2600 τῇ
3429 2530 3665 2603 ἀτέχνῳ,

2077 2620 2177 2673 καὶ
2211 2619 2333 2689 δίχα
2369 2620 2569 2683 παντὸς
2602 2619 3056 2691 ὲπικαλύμματος
3108 2622 3203 2675 καλ⁸
3253 2622 3663 2695 προϐλήματος.

2076 2714 2332 2767 Τοιοῦτον
2358 2713 2470 2784 γάρ
2510 2713 2750 2784 ἔπρεπεν
2790 2707 2927 2766 εἶναι
2953 2713 3043 2767 τὸν
3087 2714 3181 2767 ἀπ’
3211 2715 3406 2786 ἀρχῆς.
3445 2715 3557 2769 Καὶ
3583 2713 3668 2769 δί-

2076 2805 2212 2859 δωσι
2262 2806 2447 2875 νόμον,
2496 2803 2628 2874 ὓλην
2679 2803 2756 2874 τῷ
2806 2805 3159 2876 αὑτεξουσίῳ.
3201 2804 3259 2859 '0
3302 2806 3359 2859 δὲ
3393 2806 3557 2876 νόμος
3591 2800 3667 2878 ἦν

2078 2898 2287 2969 ἐντολὴ,
2320 2892 2395 2952 ὧν
2440 2916 2499 2951 τε
2537 2897 2909 2969 μεταληπτέον
2946 2894 3092 2966 αύτῷ
3132 2895 3334 2964 φυτῶν,
3370 2899 3463 2951 καὶ
3490 2890 3551 2950 οὗ
3588 2898 3667 2970 μὴ

2078 2990 2438 3060 προσαπτέον.
2489 2990 2562 3042 Τὸ
2609 2989 2666 3041 δὲ
2711 2983 2779 3058 ἦν
2816 2987 2876 3041 τὸ
2909 2987 3065 3055 ξύλον
3103 2990 3201 3061 τῆς
3238 2988 3510 3058 γνώσεως,
3540 2989 3667 3044 οὔτε

2078 3080 2342 3151 φυτευθὲν
2371 3081 2465 3134 ἀπ’
2490 3082 2666 3152 ἀρχῆς
2693 3081 2899 3145 κακῶς,
2923 3081 3047 3134 οὗτε
3074 3081 3451 3153 ἀπαγορευθὲν
3480 3082 3669 3152 φθονε-

2081 3174 2190 3247 ρῶς
2220 3174 2319 3246 (μὴ
2351 3173 2717 3244 πεμπέτωσαν
2752 3174 2869 3226 ἐκεῖ
2889 3174 2988 3236 τὰς
3015 3172 3268 3241 γλώσσας
3297 3175 3344 3226 oi
3377 3172 3659 3246 θεομάχοι,

2081 3266 2216 3337 μηδὲ
2245 3266 2337 3318 τὸν
2365 3265 2488 3334 ὅφιν
2519 3264 2914 3335 μιμείσθωσαν)
2933 3281 2947 3295 ο
2979 3264 3114 3318 ἀλλά
3148 3265 3310 3320 καλὸν
3351 3266 3449 3336 μὲν
3477 3267 3669 3320 εὐκαί-

393 3359 540 3426 dem,
579 3368 674 3412 aut
706 3358 847 3411 male
875 3373 905 3410 a
933 3358 1197 3427 principio
1222 3357 1451 3420 consita,
1481 3365 1572 3411 aut
1596 3371 1691 3425 per
1713 3357 1971 3410 invidiam

2080 3374 2186 3428 ρως
2222 3356 2769 3428 μεταλαμϐανόμενον
2805 3356 3028 3427 (θεωρία
3084 3355 3194 3428 γὰρ
3250 3353 3319 3428 ἦν
3370 3358 3432 3411 τὸ
3477 3359 3667 3428 φυτὸν,

396 3449 682 3504 interdicta
710 3447 799 3520 (ne
829 3449 958 3503 illuc
987 3449 1198 3518 linguas
1220 3463 1346 3503 suas
1362 3446 1457 3501 Dei
1490 3448 1675 3502 hostes
1700 3446 1964 3516 injiciant,

396 3556 500 3596 nec
531 3540 1177 3611 serpentemimitentur),
1209 3541 1303 3594 sed
1331 3542 1468 3607 bona
1500 3538 1737 3608 quidem,
1775 3547 1976 3608 tempe-

396 3634 533 3689 stive
545 3642 795 3704 percepta
831 3633 1332 3705 (contemplationis
1353 3632 1520 3695 enim,
1533 3640 1592 3686 ut
1608 3632 1723 3701 ipse
1736 3641 1974 3686 contem-

396 3727 595 3797 plando
623 3741 906 3796 assequor,
942 3727 1056 3781 haec
1080 3730 1241 3780 arbor
1271 3733 1409 3789 erat,
1460 3724 1527 3779 ad
1555 3738 1716 3792 quam
1750 3723 1818 3778 iis
1845 3722 1976 3779 solis

399 3827 548 3873 tutus
558 3824 641 3872 est
659 3831 936 3882 ascensus,
952 3816 1043 3885 qui
1059 3817 1225 3871 animi
1254 3816 1438 3871 habitu
1464 3815 1773 3886 perfectiori
1801 3816 1974 3887 sunt);

398 3911 813 3982 haudquaquam
837 3917 1016 3962 autem
1051 3910 1188 3963 bona
1214 3907 1636 3977 simplicioribus
1659 3908 1835 3969 adhuc
1854 3909 1974 3961 ani-

397 4003 524 4068 mis,
541 4013 705 4073 atque
725 4002 963 4072 appetitu
986 4001 1211 4056 avidiori
1228 4000 1499 4069 prwditis;
1520 3999 1977 4068 quemadmodum

398 4107 499 4146 nec
530 4092 803 4161 perfectus
815 4107 879 4146 ac
894 4091 1097 4146 solidus
1118 4091 1270 4144 cibus
1286 4087 1354 4145 iis
1375 4090 1651 4155 conducit,
1676 4090 1770 4158 qui
1790 4101 1977 4145 tenera

402 4184 580 4239 adhuc
608 4194 737 4240 sunt
751 4193 910 4239 aztate
929 4185 1174 4253 lacteque
1186 4198 1320 4252 opus
1335 4183 1556 4237 habent.
1576 4180 1867 4251 Postquam
1885 4196 1979 4235 an-

405 4285 511 4331 tem
546 4277 747 4331 diaboli
782 4276 1003 4344 invidia,
1040 4285 1097 4331 et
1125 4276 1369 4330 mulieris
1403 4274 1619 4345 injuria,
1643 4289 1804 4343 quam
1841 4285 1895 4328 et
1922 4284 1982 4327 ut

400 4369 614 4424 mollior
630 4384 788 4439 passa
821 4379 924 4435 est,
963 4378 1087 4423 etut
1107 4371 1174 4424 ad
1213 4367 1641 4437 persuadendum
1668 4381 1975 4421 accommo-

401 4461 599 4523 datior,
631 4460 870 4514 admovit
898 4459 952 4530 (o
987 4460 1354 4513 inﬁrmitatem
1395 4456 1590 4511 meam!
1615 4471 1787 4510 meatu
1833 4457 1976 4510 enim

402 4551 542 4604 duco
571 4549 732 4619 primi
753 4550 992 4620 parentis
1023 4547 1452 4618 inﬁrmitatem);
1493 4548 1699 4614 accepti
1737 4547 1977 4603 mandati

2076 3450 2153 3514 ὡς
2185 3452 2217 3521 ἠ
2245 3449 2353 3521 ἐμὴ
2395 3449 2618 3521 θεωρία,
2648 3445 2718 3522 ἦς
2759 3449 2942 3518 μόνοις
2968 3449 3270 3504 ἐπιϐαίνειν
3294 3451 3534 3520 ἀσφαλὲς
3557 3454 3673 3517 τοῖς

2075 3543 2176 3613 τὴν
2210 3541 2322 3608 egw
2344 3541 2738 3613 τελεωτέροις),
2772 3540 2832 3594 οὑ
2878 3540 3040 3593 καλὸν
3065 3541 3122 3594 δὲ
3142 3544 3257 3605 τοῖς
3276 3541 3671 3614 ἁπλουστέροις

2075 3635 2178 3699 ἔτι,
2217 3636 2311 3688 καὶ
2341 3634 2440 3706 τὴν
2489 3633 2674 3704 ἔφεσιν
2711 3633 3066 3705 λιχνοτέροις,
3110 3633 3299 3704 ὥσπερ
3333 3633 3455 3687 οὐδὲ
3494 3634 3670 3707 τροφὴ

2074 3726 2259 3780 τελεία
2292 3725 2574 3797 λυσιτελὴς
2601 3728 2712 3789 τοῖς
2743 3726 2971 3789 ἁπαλοῖς
3015 3725 3095 3780 ἔτι
3136 3727 3232 3780 καὶ
3271 3726 3545 3799 δεομένοις
3566 3729 3669 3797 γά-

2076 3821 2294 3884 λακτος.
2340 3820 2494 3873 Ἐπεὶ
2521 3819 2579 3873 δὲ
2612 3818 2791 3890 φθόνῳ
2824 3819 3094 3883 διαὸόλου,
3136 3820 3231 3873 καὶ
3258 3821 3514 3889 γυναικὸς
3534 3824 3671 3894 ἔπη-

2077 3914 2222 3985 ρείᾳ,
2248 3913 2316 3984 ἦν
2342 3930 2403 3965 τε
2441 3911 2640 3965 ἔπαθεν
2670 3911 2746 3975 ὼς
2775 3911 3126 3982 ἁπαλωτέρα,
3158 3913 3253 3966 καὶ
3283 3914 3349 3983 ἢν
3382 3915 3665 3985 προσήγα-

2048 4020 2172 4075 ηγεν
2219 4004 2294 4067 ὡς
2346 4002 2692 4073 πιθανωτέρα
2738 4002 2860 4073 (φεῦ
2905 4003 3005 4073 τῆς
3035 4003 3175 4074 ἐμῆς
3205 4003 3520 4067 ἀσθενείαςί
3560 4006 3667 4078 ὲμὴ

2076 4096 2186 4166 γὰρ
2214 4097 2248 4166 ἡ
2279 4093 2374 4147 τοῦ
2409 4094 2800 4165 προπάτορος),
2829 4094 2931 4164 τῆς
2978 4094 3077 4165 μὲν
3120 4095 3342 4165 ἐντολῆς
3375 4096 3669 4151 ἐπελάθετο

2076 4187 2173 4258 τῆς
2197 4185 2466 4258 δοθείσης,
2501 4185 2597 4239 καὶ
2628 4185 2835 4256 ἡττήθη
2867 4186 2966 4256 τῆς
2995 4188 3196 4257 πικρᾶς
3221 4187 3464 4256 γεύσεως
3488 4205 3502 4218 °
3530 4190 3667 4260 ὁμοῦ

2075 4279 2133 4332 δὲ
2162 4278 2275 4351 (52)
2309 4277 2403 4331 τοῦ
2425 4278 2523 4348 τῆς
2554 4275 2699 4346 ζωῆς
2731 4275 2911 4340 ξύλου,
2937 4278 3032 4330 καὶ
3062 4276 3157 4331 τοῦ
3189 4278 3545 4350 παραδείσου,
3575 4281 3671 4335 καὶ

2043 4419 2047 4423 .
2074 4371 2168 4425 τοῦ
2198 4370 2354 4435 θεοῦ,
2390 4370 2480 4424 διὰ
2506 4370 2605 4441 τὴν
2636 4370 2837 4423 κακίαν
2864 4369 3140 4440 ὲξόριστος
3168 4370 3398 4439 γίνεται,
3428 4373 3520 4424 καὶ
3545 4374 3671 4437 τοὺς

2075 4459 2431 4532 δερματίνους
2464 4459 2825 4530 ἀμφιέννυται
2853 4459 3107 4529 χιτῶνας,
3144 4460 3273 4523 ἴσως
3309 4463 3407 4531 τὴν
3432 4463 3670 4532 παχυτέ-

2042 4569 2178 4622 ,ραν
2222 4551 2421 4622 σάρκα,
2463 4552 2557 4604 καὶ
2606 4550 2827 4621 θνητὴν,
2864 4550 2959 4603 καὶ
3012 4550 3334 4605 ἀντίτυπον·
3380 4554 3476 4605 καὶ
3511 4552 3671 4607 τοῦτο

402 4642 718 4696 memoriam
736 4641 954 4711 abjecit,
971 4650 1025 4696 et
1049 4642 1116 4696 ab
1137 4641 1332 4696 acerba
1360 4655 1486 4694 esca
1509 4639 1683 4692 victus
1697 4647 1780 4693 est
1809 4655 1825 4694 :
1862 4649 1971 4693 tum

2080 4641 2295 4713 πρῶτον
2321 4640 2580 4709 γινώσκει
2625 4640 2725 4711 τὴν
2758 4640 2893 4694 ἰδίαν
2930 4639 3212 4710 αἰσχύνην,
3249 4642 3344 4694 καὶ
3379 4641 3490 4695 ἀπὸ
3534 4642 3667 4695 Θεοῦ

366 4782 369 4783 ν
398 4747 529 4789 vero
552 4732 713 4788 simul
740 4710 852 4787 eta
885 4732 1028 4803 ligno
1056 4733 1200 4799 vitae,
1220 4740 1274 4786 et
1302 4748 1331 4784 a
1367 4731 1637 4800 paradiso,
1672 4738 1726 4783 et
1756 4732 1825 4785 ab
1856 4731 1970 4798 ipso

2091 4710 2412 4806 κρύπτεται.
2443 4710 2731 4803 Κερδαίνει
2760 4732 2859 4801 μέν
2894 4750 2945 4785 τι
2976 4733 3086 4805 (55)
3115 4733 3392 4787 κάνταῦθα
3413 4751 3426 4763 ·
3455 4735 3547 4786 τὸν
3577 4736 3671 4789 0d-

400 4823 511 4879 Deo
545 4833 763 4895 propter
789 4834 1069 4895 peccatum
1112 4824 1421 4893 expellitur,
1453 4831 1507 4876 et
1534 4823 1790 4890 pelliceas
1823 4823 1968 4876 tuni-

399 4930 492 4969 cas
530 4916 719 4979 induit,
749 4916 851 4971 hoc
877 4926 982 4981 est,
1021 4914 1251 4970 fortasse
1282 4914 1606 4968 crassiorem
1650 4927 1891 4976 carnem,
1918 4921 1972 4967 et

403 5005 685 5059 mortalem
733 5021 795 5060 ac
828 5006 1179 5070 renitentem;
1212 5005 1400 5073 sicque
1425 5004 1655 5073 primum
1687 5019 1837 5057 suam
1868 5004 1970 5059 fte-

372 5099 623 5152 ‘ditatem
661 5099 927 5169 agnoscit,
958 5097 1174 5168 Deoque
1220 5112 1279 5153 se
1307 5096 1608 5177 abscondit.
1660 5096 1774 5152 Illic
1807 5096 1966 5167 671

473 5275 585 5351 (es)
616 5275 896 5346 Πάσχων.
918 5277 1151 5351 Septem
1178 5280 1350 5346 Colb.,
1379 5282 1602 5351 πάσχον.

472 5347 584 5418 (29)
618 5349 1133 5422 φιλοτιμούμενος.
1193 5352 1323 5422 Reg.
1354 5354 1466 5417 bin,
1493 5347 1679 5409 'Coisl.
1715 5351 1765 5416 1,
1797 5349 1892 5406 0r.
1927 5351 1979 5416 1,

403 5417 553 5487 Par.,
582 5417 1051 5487 φιλοτιμούμενον,

371 5536 375 5541 .
413 5555 444 5561 _
475 5485 586 5561 (ὅθ)
615 5485 940 5561 Λύσογτος.
998 5489 1088 5561 Sic
1131 5490 1308 5559 plures
1338 5490 1505 5561 Begg.
1521 5501 1574 5548 et
1603 5490 1773 5546 Co'b.-
1831 5490 1953 5545 Par.

366 5619 371 5622 _
404 5555 618 5626 Coinh.,
646 5566 750 5609 etc.
786 5558 841 5611 In
863 5560 973 5622 ed.,
1001 5555 1279 5626 λύσαντος.

473 5624 588 5697 (51)
624 5626 859 5685 Τοῦτον.
880 5628 970 5685 Sic
997 5640 1103 5687 tres
1141 5624 1331 5704 ltegg.,
1369 5647 1557 5690 novem
1593 5630 1768 5699 Celb.,
1799 5629 1891 5686 Or.
1928 5631 1974 5697 Ι,

2048 4844 2256 4899 ,νατον,
2306 4825 2402 4879 καὶ
2450 4824 2513 4877 τὸ
2571 4824 2894 4895 διακοπῆναι
2953 4827 3052 4898 τὴν
3105 4827 3401 4899 ἁμαρτίαν,
3456 4831 3545 4881 ἵνα
3595 4829 3671 4899 μὴ

2076 4918 2342 4972 ἀθάνατον
2465 4916 2526 4969 τὸ
2575 4917 2782 4970 κακόνο
2828 4916 2923 4970 καὶ
2969 4918 3175 4986 γίνεται
3215 4919 3472 4991 φιλανθρι.
3500 4920 3596 4973 πία
3634 4924 3668 4991 ἡ

2048 5007 2334 5079 τιμωρία.
2391 5005 2549 5060 Οὕτω
2596 5006 2704 5078 γὰρ
2770 5005 2881 5075 ἐγὼ
2942 5006 3052 5080 (54)
3112 5009 3369 5080 πείθομαι
3420 5009 3671 5063 κολάνειν

2078 5099 2213 5153 Θεὸν

2092 5280 2241 5341 Pan,
2269 5280 2459 5336 Comb.
2496 5279 2748 5337 Mendose
2769 5282 2819 5337 in
2851 5283 2958 5349 ed.,
2984 5283 3162 5336 τοῦτο.

2163 5350 2276 5423 (52)
2336 5350 2515 5420 Ὁμοῦ
2547 5350 2634 5406 δέ.
2671 5352 2762 5409 Sic
2807 5354 3044 5424 quinque
3083 5353 3252 5425 Regg.
3282 5352 3338 5408 ln
3374 5355 3486 5420 ed.,
3534 5349 3673 5423 ὁμοῦ

2122 5439 2147 5474 ε

2154 5462 2266 5561 255)
2297 5491 2425 5565 Μέν
2466 5508 2542 5565 τι.
2580 5492 2680 5565 εις
2705 5502 2908 5564 septem
2943 5492 3136 5565 negg.,
3160 5503 3268 5549 tres
3299 5495 3428 5551 Colb
3506 5491 3677 5553 Cois!-

2090 5561 2143 5630 1,
2183 5573 2289 5616 ele.
2323 5564 2374 5614 In
2410 5564 2520 5631 ed.,
2553 5563 2651 5631 μέν
2684 5561 2780 5615 τοι
3028 5561 3066 5570 “³

2157 5631 2269 5704 (54)
2308 5629 2475 5702 Ἐγώ.
2518 5629 2677 5690 Deest
2712 5634 2766 5689 in
2800 5633 3040 5705 quinuue
3069 5633 3201 5705 Reg.

2086 5439 2118 5474 τ
