3910 6214
261 252 375 309 525

1258 245 1519 307 ORATlO
1558 247 1852 304 XXXVIII.
1892 280 1963 290 —
1999 251 2066 305 IN
2106 251 2572 311 ΤΙΙΕΟΡΙΙᾹΝΙΑ.

3421 259 3528 317 526

264 374 448 420 tamen
501 365 706 436 aliquid
758 365 1065 437 elncratur;
1120 376 1176 425 et
1219 368 1398 439 ipsum
1439 367 1664 436 aliquid,
1718 366 1834 435 ipsa
1876 380 2024 422 mors
2053 377 2155 435 est,
2187 384 2252 424 ac
2274 372 2481 438 peccati
2545 370 2815 440 praecisio,
2875 370 2944 428 ne
2980 386 3178 429 malum
3221 373 3527 431 immortale

265 467 435 512 esset.
484 457 559 511 Ita
600 473 757 526 puena
800 460 917 528 ipsa
952 461 1004 513 in
1044 456 1475 511 misericordiam
1515 457 1700 511 cessit.
1750 454 1841 509 Sic
1879 456 2024 509 enim
2059 457 2222 512 Deum
2249 460 2507 528 supplicia
2531 460 2733 516 inferre
2765 472 3083 530 perSuasum
3117 466 3308 521 habeo.

337 549 436 604 Il".
475 549 699 614 Πολλοῖς
734 550 791 603 δὲ
814 550 1125 612 παιδευθεὶς
1151 550 1435 621 πρότερον,
1473 550 1593 604 ἀντὶ
1628 547 1835 602 πολλῶν

2021 551 2153 607 Xlll.
2182 553 2361 609 Multis
2406 566 2583 610 autem
2639 557 2786 625 prius
2823 557 3018 621 modis,
3075 556 3144 612 ob
3186 556 3355 611 multa
3396 571 3528 628 pec-

260 641 373 694 τῶν
396 642 830 712 ἁμαρτημάτων,
861 636 936 696 ὧν
964 644 998 712 ή
1031 643 1128 714 τῆς
1154 643 1352 706 κακίας
1387 640 1512 713 ῥίζα
1544 641 1845 713 ἐϐλάστησε

262 733 409 787 κατά
460 733 748 806 διαφόρους
799 735 979 799 αἰτίας
1036 735 1131 789 καὶ
1185 736 1447 805 χρόνους,
1503 733 1649 805 λόγῳ
1703 734 1843 803 (55),

262 826 434 895 νόμῳ,
467 827 792 896 προφήταις,
829 827 1191 897 εὐεργεσίαις,
1233 827 1517 892 ἀπειλαῖς,
1572 826 1843 896 πληγαῖς,

263 914 473 982 ὕδασιν,
515 918 883 989 ὲμπρησμοϊς,
915 918 1195 989 πολέμοις,
1243 919 1441 982 νίκαις,
1488 919 1704 988 ἥτταις,
1750 934 1847 988 ση-

264 1006 442 1076 μείοις
475 1006 536 1071 ἐξ
566 1008 820 1078 οὐρανοῦ,
869 1010 1116 1079 σημείοις
1163 1009 1222 1075 ἐξ
1270 1008 1454 1080 ἀέρος,
1502 1009 1567 1060 ὲκ
1612 1007 1738 1077 γῆς,
1780 1008 1845 1060 ὲκ

262 1095 558 1169 θαλάττης,
585 1098 817 1168 ἀνδρῶν,
868 1099 1099 1168 πόλεων,
1147 1099 1317 1152 ἐθνῶν
1351 1098 1694 1162 ἀνελπίστοις
1745 1116 1844 1168 με-

259 1190 516 1254 ταϐολαῖς
554 1190 684 1260 (56),
735 1191 823 1260 ὑφ’
875 1185 951 1246 ὧν
1003 1193 1318 1264 ὲκτριϐῆναι
1366 1192 1464 1261 τὴν
1513 1191 1716 1245 κακίαν
1779 1190 1842 1242 τὸ

262 1283 694 1354 σπουδαζόμενον
726 1281 813 1355 ἦν.
838 1285 1002 1348 Τέλος
1044 1286 1389 1357 ἰσχυροτέρου
1426 1285 1595 1338 δεῖται
1630 1283 1844 1357 φαρμά-

258 1391 360 1427 κου
412 1375 506 1426 ὲπὶ
545 1373 864 1446 δεινοτέροις
891 1378 1005 1438 τοῖς
1054 1376 1503 1447 ἀρρωστήμασιν,
1542 1375 1841 1446 ἀλληλοφθ-

257 1466 399 1529 νίαις
431 1466 570 1537 (57),
603 1467 888 1536 μοιχείαις,
925 1468 1233 1539 ὲπιορκίαις
1267 1468 1400 1537 (58),
1435 1467 1839 1539 ἀνδρομανίαις,

257 1556 319 1609 τὸ
353 1559 580 1612 πάντων
624 1557 850 1629 ἔσχατον
887 1558 995 1612 τῶν
1038 1559 1224 1611 κακῶν
1272 1560 1367 1613 καὶ
1416 1559 1650 1630 πρῶτον,
1693 1558 1843 1610 εἰδω-

257 1648 632 1720 λολατρείαις,
676 1651 770 1702 καὶ
817 1653 885 1722 τῇ
930 1650 1215 1720 μεταθέσει
1263 1650 1363 1720 τῆς
1417 1649 1841 1722 προσκυνήσεως

256 1741 365 1794 ἀπὸ
387 1741 480 1796 τοῦ
513 1742 871 1810 πεποιηκότος
896 1742 985 1795 ἐπὶ
1017 1742 1087 1795 τὰ
1114 1742 1405 1812 κτίσματα.
1436 1741 1621 1795 Ταῦτα
1650 1739 1837 1811 ἐπειδὴ

268 1833 526 1904 μείζονος
563 1835 733 1887 ἐδεῖτο
778 1834 873 1888 τοῦ
904 1834 1268 1906 βοηθήματος,
1311 1832 1555 1905 μείζονος
1583 1834 1678 1887 καὶ
1707 1850 1838 1902 τυγ-

1955 653 2097 710 cata,
2131 660 2250 714 quac
2278 661 2344 699 ex
2373 646 2486 699 vitii
2522 647 2703 702 radice
2726 647 3075 718 pullularunt,
3114 649 3407 703 secundum
3444 647 3527 707 (li-.-

1953 752 2138 792 versas
2179 753 2371 793 causas
2404 747 2459 793 et
2487 749 2721 809 tempora
2750 740 3062 808 castigatus,
3094 754 3362 807 sermone,
3385 740 3521 810 lege,

1951 829 2252 897 prophetis,
2277 827 2570 893 beneﬁciis,
2586 828 3117 895 comminationibus,
3132 829 3323 899 plagis,
3342 830 3522 899 aquis,

1953 919 2236 982 incendiis,
2273 919 2446 985 bellis,
2479 920 2739 985 victoriis,
2783 918 3044 986 cladibus,
3080 923 3249 989 signis
3283 935 3314 975 e
3356 921 3521 990 caelo,

1951 1007 2117 1077 signis
2156 1023 2223 1063 ex
2268 1023 2413 1076 aere,
2446 1025 2514 1064 ex
2552 1020 2716 1076 terra,
2765 1025 2830 1066 ex
2886 1012 3042 1075 mari,
3089 1010 3391 1077 hominum,
3430 1020 3527 1065 ur-

1948 1099 2117 1160 bium,
2159 1100 2395 1168 gentium
2439 1103 2725 1171 insperatis
2771 1100 3200 1167 mutationibus;
3238 1116 3358 1171 quae
3401 1115 3522 1156 om-

1949 1193 2035 1246 nia
2071 1208 2135 1247 co
2183 1193 2492 1260 tendebant,
2521 1203 2577 1248 ut
2602 1194 2804 1249 malitia
2833 1202 3222 1249 contereretur.
3267 1192 3521 1250 Validiorl

1951 1294 2128 1338 tamen
2153 1284 2550 1339 medicamento
2586 1295 2805 1354 propter
2833 1285 3109 1355 graviores
3137 1283 3355 1340 morbos
3379 1299 3517 1353 opus

1949 1375 2146 1429 habere
2176 1375 2359 1443 ccepit,
2392 1375 2641 1428 nimirum
2667 1376 2735 1429 ob
2771 1384 2987 1432 mutuas
3009 1378 3201 1444 cades,
3229 1376 3517 1443 adulteria,

1946 1462 2202 1533 perjuria,
2244 1463 2476 1520 furiosos
2534 1465 2898 1519 masculorum
2960 1481 3193 1533 amores,
3247 1474 3321 1532 et,
3374 1465 3519 1534 quod

1945 1556 2184 1610 omnium
2210 1555 2472 1609 malorum
2513 1567 2813 1612 extremum
2849 1572 2913 1612 ac
2942 1560 3174 1627 primum
3206 1565 3309 1623 est,
3341 1556 3516 1611 idolo-

1944 1662 2066 1702 rum
2104 1647 2327 1711 cultum,
2369 1658 2530 1717 atque
2558 1649 2892 1703 adorationis
2921 1663 2950 1702 a
2975 1648 3236 1703 Creatore
3267 1648 3332 1701 ad
3364 1660 3520 1702 crea-

1945 1747 2095 1794 turas
2130 1740 2550 1795 translationem.
2584 1740 2715 1806 Quae
2751 1739 3006 1809 quoniam
3040 1738 3217 1809 majus
3251 1738 3510 1792 auxilium

1944 1831 2312 1899 requirebant,
2353 1830 2524 1898 majus
2567 1833 2729 1886 etiam
2760 1841 3101 1901 acceperunt.
3145 1829 3295 1885 Istud
3331 1840 3511 1885 autem

256 1927 432 1994 χάνει.
464 1924 539 1979 Τδ
584 1925 639 1979 δὲ
681 1922 749 1998 ἦν
795 1921 959 1990 αὐτὸς
1003 1928 1032 1979 6
1081 1925 1173 1979 τοῦ
1216 1924 1352 1979 Θεοῦ
1399 1926 1571 1994 Λόγος
1624 1925 1768 1996 (59),
1812 1927 1837 1979 6

1945 1933 2060 1979 erat
2093 1924 2207 1993 ipse
2245 1922 2345 1978 Dei
2372 1922 2563 1989 Filius,
2597 1923 2687 1979 ille
2733 1923 2945 1979 saeculis
2980 1923 3274 1994 antiquior,
3305 1922 3395 1977 ille
3426 1921 3511 1977 in-

256 2016 603 2088 προαιώνιος,
628 2021 656 2070 6
685 2020 935 2089 ἀόρατος,
955 2017 1388 2091 όάπερίληπτος,
1418 2018 1447 2070 ὁ
1480 2016 1837 2089 ἀσώματος,ή

254 2112 321 2164 ἐκ
357 2108 459 2179 τῆς
500 2112 672 2183 ἀρχῆς
709 2111 874 2181 ἀρχὴν
911 2109 969 2162 τὸ
996 2109 1062 2162 ὲκ
1093 2108 1188 2162 τοῦ
1223 2107 1403 2178 φωτὸς
1450 2107 1587 2178 φῶς,
1621 2109 1654 2179 ἡ
1689 2110 1840 2179 πηγὴ

254 2190 357 2273 τῆς
388 2201 536 2272 ζωῆς
566 2203 662 2254 καὶ
688 2202 787 2272 τῆς
830 2200 1155 2267 ἀθανασίας,
1185 2201 1247 2254 τὸ
1280 2202 1575 2271 ἐκμαγεῖον
1616 2199 1709 2253 τοῦ
1743 2202 1842 2273 ἀρ-

254 2293 496 2366 χετύπου
529 2294 758 2358 κάλλους
803 2294 939 2366 (40),
976 2297 1008 2366 ἡ
1043 2296 1115 2365 μὴ
1170 2295 1466 2366 κινουμένη
1503 2295 1759 2366 σφραγὶς.
1807 2296 1840 2365 ἡ

254 2385 681 2456 ἀπαράλλακτος
718 2375 903 2448 εἰκὼν,
927 2387 956 2437 ὁ
991 2382 1086 2437 τοῦ
1118 2384 1329 2455 Πατρός
1357 2386 1482 2456 ὄρος
1526 2387 1620 2438 καὶ
1647 2386 1803 2453 λόγος
1824 2402 1839 2416 ο

253 2477 352 2530 ἐπὶ
400 2477 501 2548 τὴν
552 2477 687 2530 ίδίαν
731 2476 911 2530 εἰκόνα
958 2480 1147 2548 χωρεῖ,
1197 2477 1290 2530 καί
1325 2476 1504 2546 σάρκα
1549 2480 1707 2549 φορεῖ
1755 2476 1843 2531 διά

252 2570 356 2641 τὴν
410 2569 611 2641 σάρκα,
658 2570 753 2623 καὶ
799 2569 944 2640 ψυχῇ
981 2570 1145 2641 νοερᾷ
1193 2569 1283 2622 διὰ
1331 2570 1430 2638 τὴν
1473 2568 1611 2640 ἐμὴν
1661 2568 1840 2642 ψυχὴν

258 2660 552 2730 μίγνυται,
598 2659 678 2730 τῷ
729 2659 900 2731 ὁμοίῳ
946 2659 1007 2712 τὸ
1039 2660 1222 2730 ὅμοιον
1271 2659 1676 2731 ἀνακαθαίρων.
1730 2662 1842 2714 Καὶ

254 2752 439 2806 πάντα
480 2752 725 2820 γίγνεται
762 2752 912 2822 (41),
967 2751 1106 2822 πλὴν
1151 2750 1253 2821 τῆς
1289 2751 1586 2822 ἁμαρτίας,
1631 2751 1843 2823 ἄνθρω-

253 2861 389 2907 πος·
421 2843 645 2915 κυηθεὶς
694 2844 790 2913 μὲν
816 2846 880 2896 ὲκ
907 2843 1006 2913 τῆς
1034 2842 1335 2913 Παρθένου,
1379 2843 1473 2897 καὶ
1522 2842 1701 2915 ψυχὴν
1745 2846 1840 2898 καὶ

263 2937 449 3004 σάρκα
489 2932 965 3004 προκαθαρθείσης
996 2932 1074 3002 τῷ
1117 2932 1394 3003 Πνεύματι
1443 2931 1571 3002 (ἔδει
1604 2932 1712 3004 γὰρ
1745 2932 1840 2985 καὶ

255 3026 513 3096 γέννησιν
524 3025 840 3096 τιμηθῆναι,
854 3026 949 3077 καὶ
963 3024 1379 3096 παρθενίανμὲ]
1394 3024 1835 3096 προτιμηθῆναψ

254 3116 538 3189 προελθὼν
571 3117 628 3170 δὲ
665 3117 796 3181 Θεὸς
832 3116 969 3187 μετὰ
1010 3117 1111 3186 τῆς
1143 3116 1520 3188 προσλήψεως,
1551 3116 1610 3170 ἓν
1649 3118 1714 3169 ἐκ
1746 3117 1839 3171 δύο

1942 2015 2188 2082 visibilis,
2252 2015 2342 2070 ille
2391 2016 2971 2087 incomprehensibilis,
3009 2016 3100 2071 ille
3135 2016 3509 2084 incorporeus,

1940 2105 2072 2161 illud
2109 2123 2178 2162 ex
2217 2109 2479 2178 principio
2537 2109 2881 2179 principium,
2910 2109 3040 2163 illud
3077 2123 3144 2164 ex
3178 2106 3382 2162 lumine
3424 2106 3513 2162 lu-

1942 2212 2085 2266 men,
2125 2199 2211 2253 ille
2250 2199 2370 2254 l‘ons
2415 2201 2540 2255 vitae
2591 2209 2646 2256 et
2693 2199 3136 2264 immortalitatis,
3183 2198 3275 2254 illa
3316 2200 3512 2254 arche-

1943 2295 2051 2365 typi
2096 2298 2392 2365 expressio,
2446 2296 2574 2351 illud
2633 2297 2912 2353 immotum
2964 2298 3222 2367 sigillum,
3282 2299 3372 2353 illa
3415 2313 3512 2369 per

1940 2389 2120 2442 omnia
2157 2388 2350 2444 similis
2402 2390 2598 2460 imago,
2633 2391 2721 2445 ille
2751 2390 2930 2457 Patris
2961 2392 3224 2446 terminus
3261 2400 3316 2446 ct
3339 2392 3510 2458 ratio,

1941 2477 2048 2545 ille,
2100 2479 2340 2547 inquam,
2388 2479 2457 2534 ad
2512 2481 2800 2551 imaginem
2863 2496 3019 2536 suam
3067 2498 3127 2536 se
3169 2483 3402 2547 confert,
3456 2494 3513 2537 et

1941 2583 2157 2624 carnem
2191 2571 2260 2625 ob
2294 2585 2512 2625 carnem
2534 2571 2694 2640 gerit,
2723 2580 2778 2625 et
2805 2586 2926 2625 cum
2954 2570 3296 2625 intellectuali
3324 2571 3509 2625 anima

1939 2671 2157 2732 prapter
2181 2663 2417 2716 animam
2454 2678 2627 2717 meam
2676 2662 2937 2733 jungitur,
2985 2673 3043 2717 ut
3080 2662 3263 2717 simile
3299 2677 3395 2732 per
3437 2663 3515 2719 si-

1938 2754 2066 2807 mile
2095 2764 2366 2822 repurget.
2411 2753 2586 2822 Atque
2630 2754 2866 2808 humana
2906 2753 3085 2807 omnia
3111 2762 3342 2823 excepto
3386 2768 3511 2823 pec-

1940 2855 2059 2900 cato
2116 2845 2434 2915 suscipit“;
2497 2855 2787 2914 conceptus
2850 2847 3067 2915 quidem
3125 2861 3191 2900 ex
3256 2846 3509 2916 Virgine,

1938 2937 2119 2991 animo
2151 2946 2204 2991 et
2233 2952 2460 3006 corpore
2486 2953 2517 2991 a
2558 2937 2762 3004 Spiritu
2787 2947 3124 3007 praepurgata
3158 2940 3306 3006 (nam
3333 2946 3389 2991 et
3416 2953 3509 3009 ge-

1939 3027 2273 3080 nerationem
2317 3027 2521 3081 honore
2575 3024 2737 3091 allici,
2774 3035 2825 3080 et
2865 3027 3226 3097 virginitatem
3269 3027 3508 3097 praeferri

1936 3115 2276 3189 Oportebat);
2319 3133 2638 3188 progressus
2678 3128 2858 3172 autem
2912 3118 3053 3173 Deus
3089 3134 3213 3174 cum
3257 3119 3513 3175 humani-

249 3210 365 3265 τῶν
407 3209 685 3273 εναντίων,
715 3210 918 3280 σαρκὸς
962 3209 1057 3262 καὶ
1108 3209 1429 3279 Πνεύματος
1463 3210 1602 3281 (45)⁶
1636 3202 1733 3275 ὧν,
1775 3210 1836 3263 τὸ

1945 3223 2068 3278 tate,
2105 3229 2267 3268 unmn
2299 3229 2367 3267 ex
2398 3212 2603 3268 duobus
2638 3214 2777 3267 inter
2808 3226 2866 3267 se
2895 3211 3204 3277 contrariis,
3236 3227 3400 3267 carne
3434 3213 3514 3267 ni-

254 3305 356 3375 μὲν
390 3303 615 3367 ὲθέωσε,
645 3302 705 3355 τὸ
735 3301 791 3355 δὲ
841 3301 1072 3373 ὲθεώθη.
1098 3303 1162 3353 Ὢ
1205 3302 1305 3372 τῆς
1348 3302 1542 3372 καινῆς
1595 3300 1832 3372 μίξεωςί

248 3394 298 3449 ὣ
346 3395 451 3464 τῆς
504 3391 808 3465 παραδόξου
858 3392 1142 3464 κράσεωςί
1187 3394 1216 3444 6
1267 3392 1345 3447 ὢν
1403 3394 1640 3462 γίνεται,
1675 3395 1767 3448 καὶ
1808 3396 1837 3448 ό

249 3486 508 3548 ἄκτιστος
555 3483 822 3550 κτίζεται,
858 3485 952 3537 καὶ
997 3485 1025 3537 6
1068 3483 1353 3557 ἀχώρητος
1406 3487 1700 3554 χωρεῖται,
1747 3484 1834 3538 διὰ

253 3575 430 3646 μέσης
482 3575 667 3646 ψυχῆς
717 3578 913 3648 νοερᾶς
968 3576 1362 3647 μεσιτευούσης
1430 3577 1681 3648 θεότητι,
1739 3579 1835 3631 καὶ

250 3666 458 3738 σαρκὸς
491 3667 782 3739 παχύτητι.
810 3667 918 3720 Καὶ
952 3668 981 3719 6
1007 3665 1328 3734 πλουτίζων,
1357 3668 1654 3738 πτωχεύει·
1691 3685 1834 3721 πτω-

249 3756 403 3827 χεύει
448 3756 555 3829 γὰρ
609 3756 710 3827 τὴν
761 3756 900 3827 ἐμὴν
933 3754 1133 3828 σάρκα,
1165 3757 1230 3811 ἵν’
1257 3755 1368 3824 ἐγὼ
1402 3757 1688 3824 πλουτήσω
1735 3758 1833 3829 τὴν

249 3844 420 3899 αὐτοῦ
468 3845 716 3916 θεότητα.
762 3846 870 3899 Καὶ
902 3846 932 3898 6
979 3845 1214 3917 πλήρης,
1262 3845 1545 3900 κενοῦταιο
1584 3845 1834 3900 κενοῢται

247 3936 362 4007 γὰρ
392 3938 492 4008 τῆς
537 3936 729 3989 ἑαυτοῦ
756 3936 911 4006 δόξης
940 3938 1034 3991 ἐπὶ
1078 3938 1270 4007 μικρὸν
1300 3938 1435 4010 (44),
1481 3939 1548 3993 ἵν’
1580 3939 1691 4009 ἐγὼ
1735 3942 1833 4012 τῆς

248 4029 461 4082 ἐκείνου
509 4026 799 4097 μεταλάὅω
847 4025 1202 4097 πληρώσεως.
1251 4028 1348 4091 Τίς
1395 4030 1424 4080 6
1458 4028 1685 4093 πλοῦτος
1736 4029 1836 4099 τῆς

246 4118 620 4189 ἀγαθότητος;
649 4118 712 4170 Τί
755 4118 815 4171 τδ
848 4120 977 4190 περὶ
1009 4120 1111 4189 ἐμὲ
1149 4119 1308 4173 τοῦτο
1355 4119 1469 4191 (45)
1501 4123 1831 4195 μυστήριον;

249 4210 563 4266 Μετέλαϐον
601 4215 700 4282 τῆς
731 4213 958 4277 εἰκόνος,
987 4211 1082 4265 καὶ
1121 4213 1221 4266 οὐκ
1251 4214 1494 4283 ἐφύλαξα
1513 4232 1527 4246 ’
1558 4216 1835 4288 μεταλαμ-

249 4304 405 4359 ϐάνει
434 4303 533 4374 τῆς
566 4304 707 4375 ἐμῆς
742 4301 974 4375 σαρκὸς,
1020 4304 1108 4357 ἴνα
1146 4305 1242 4357 καὶ
1285 4306 1382 4377 τὴν
1434 4306 1618 4361 εἰκόνα
1663 4306 1831 4381 σώσῃ,

247 4393 348 4448 καὶ
394 4394 495 4464 τὴν
530 4393 708 4465 σάρκα
753 4392 1056 4467 ἀθανατίσῃ
1100 4393 1235 4465 (46).
1285 4395 1555 4468 Δευτέραν
1588 4401 1835 4452 κοινωνεῖ

248 4484 559 4550 κοινωνίαν,
594 4485 728 4538 πολὺ
765 4486 864 4555 τῆς
902 4486 1170 4557 προτέρας
1217 4487 1687 4559 παραδοξοτέρανο
1723 4490 1832 4560 ὅσῳ

1947 3304 2142 3359 mirum
2169 3310 2223 3356 et
2246 3302 2484 3370 Spiritu;
2516 3316 2744 3370 quorum
2776 3300 3005 3357 alterum
3040 3300 3330 3368 deiﬁcavit,
3372 3301 3511 3358 alte-

1939 3411 2056 3450 rum
2096 3394 2402 3453 deificatum
2431 3404 2533 3447 εει.
2564 3391 2608 3448 Ο
2641 3407 2832 3447 novam
2872 3391 3178 3446 mistionem
3205 3391 3219 3446 ί
3269 3407 3302 3447 o
3331 3393 3511 3449 admi-

1937 3486 2160 3542 randam
2205 3484 2678 3553 temperationeml
2721 3482 2825 3550 Qui
2880 3491 2982 3550 est,
3019 3480 3116 3537 lit:
3149 3483 3241 3552 qui
3287 3492 3506 3541 creatus

1937 3592 2043 3633 non
2080 3586 2186 3641 est,
2228 3585 2483 3632 creatur:
2522 3576 2614 3645 qui
2657 3574 2802 3631 nullo
2846 3574 2967 3631 loco
3004 3576 3273 3631 contineri
3307 3585 3508 3645 potest,

1935 3684 2032 3741 per
2054 3671 2412 3724 interventum
2453 3668 2647 3723 anima:
2683 3666 3082 3734 intellectualis,
3130 3667 3274 3724 inter
3307 3669 3512 3724 divini-

1936 3769 2101 3816 tatem
2145 3767 2201 3814 et
2249 3757 2431 3814 carnis
2481 3757 2805 3823 crassitiem,
2852 3759 3177 3814 continetur.
3225 3758 3325 3826 Qui
3355 3758 3512 3814 locu-

1935 3851 2106 3922 pletes
2138 3849 2272 3905 alios
2299 3844 2455 3911 ditat,
2486 3856 2808 3916 paupertate
2831 3846 3061 3903 alIicitur
3100 3867 3114 3902 :
3145 3850 3327 3904 carnis
3364 3849 3509 3905 enim

1937 3957 2069 3998 mea:
2120 3945 2490 4011 paupertatem
2547 3938 2711 4003 subit,
2760 3947 2821 3993 ut
2863 3953 2962 4008 ego
3008 3937 3305 3994 divinitatis
3341 3939 3511 4009 ipsius

1935 4049 2065 4104 opes
2111 4045 2434 4101 consequar.
2483 4027 2612 4096 Qui-
2634 4028 2824 4099 plenus
2864 4038 2968 4092 est,
3024 4028 3330 4083 exinanitul‘
3364 4048 3377 4084 :
3408 4046 3507 4085 sua

1937 4124 2081 4181 enim
2123 4121 2291 4192 gloria
2333 4116 2579 4173 nonnihil
2623 4115 2951 4182 exinanitur,
2987 4124 3051 4170 ut
3080 4129 3180 4184 ego
3221 4115 3512 4186 plenitudi-

1935 4215 2022 4269 nis
2060 4213 2227 4282 ipsius
2262 4211 2534 4281 particeps
2580 4205 2805 4262 elIiciar.
2837 4205 3093 4273 Quaenam
3132 4207 3216 4262 hae
3252 4207 3509 4264 bonitatis

1937 4300 2168 4356 divitiae?
2205 4298 2485 4366 Quodnam
2519 4310 2602 4349 me
2628 4296 2944 4350 circumstat
2972 4296 3331 4365 mysterium?
3364 4297 3507 4352 Divi-

1935 4408 2060 4447 nam
2114 4391 2403 4460 imaginem
2453 4388 2657 4458 accepi,
2694 4386 2861 4458 672
2910 4401 3011 4443 nec
3049 4388 3313 4444 custodivi
3361 4408 3374 4444 :
3419 4390 3511 4445 ille

1935 4484 2113 4540 carnis
2142 4498 2275 4538 meae
2314 4483 2586 4552 particeps
2612 4480 2690 4545 lit,
2734 4490 2813 4548 ut,
2848 4488 2903 4535 et
2933 4479 3153 4550 imagini
3186 4481 3433 4549 salutem,
3458 4493 3513 4539 et

246 4576 372 4629 τότε
410 4576 508 4646 μὲν
537 4574 632 4628 τοῦ
660 4577 967 4647 κρείττονος
999 4577 1288 4646 μετέδωκε,
1322 4578 1417 4631 νῦν
1450 4579 1508 4633 δὲ
1553 4579 1831 4653 μεταλαμ-

1945 4577 2085 4632 carui
2116 4572 2574 4629 immortalitatem
2597 4569 2804 4625 all‘erat.
2847 4568 3150 4625 Secundum
3181 4573 3508 4628 consortium

247 4667 404 4721 ὗὰνει
442 4666 536 4720 τοῦ
576 4666 836 4737 χείρονος.
882 4667 1053 4720 Τοῦτο
1081 4666 1175 4720 τοῦ
1205 4669 1473 4741 προτέρου
1504 4669 1831 4727 θεοειδέστε-

247 4776 346 4830 ρον
366 4774 381 4787 ·
412 4756 571 4811 τοῦτο
596 4761 709 4822 τοῖς
737 4756 863 4812 νοῦν
888 4757 1101 4829 ἔχουσιν
1129 4759 1475 4831 ὑψηλότερον.

1940 4668 2218 4725 nobiscum
2256 4666 2374 4729 init,
2402 4664 2692 4733 etquidem
2723 4661 2888 4731 priori
2919 4659 3075 4733 longe
3102 4662 3507 4731 admirabilius;

1942 4772 2053 4815 tum
2097 4761 2241 4813 enim
2278 4757 2352 4823 id,
2402 4754 2546 4826 quod
2591 4751 2933 4823 praestantius
2957 4764 3099 4818 erat,
3131 4754 3285 4809 nobis
3321 4753 3513 4823 imper-

248 4850 369 4912 tiil',
402 4857 458 4904 at
481 4863 623 4904 nunc
668 4849 784 4918 ipse
825 4848 960 4916 ejus,
996 4848 1134 4917 quod
1165 4849 1402 4904 deterius
1433 4859 1534 4916 est,
1562 4854 1833 4926 particeps
1870 4851 2123 4911 elﬁcitur.
2157 4844 2271 4901 Hoc
2300 4844 2468 4915 priori
2529 4842 2622 4898 illo
2660 4842 2926 4912 divinius;
2995 4845 3096 4901 hoc
3142 4846 3281 4914 apud
3315 4847 3508 4902 corda-

250 4953 334 4996 tos
359 4950 415 4995 et
437 4941 731 5011 prudentes
758 4940 905 4995 viros
948 4940 1115 4994 multo
1137 4939 1438 4997 sublimius.

319 5036 367 5068 ⁸³
392 5033 555 5090 Hebr.
599 5050 674 5100 tv,
717 5034 807 5089 15.

321 5128 438 5202 (55)
470 5128 660 5202 Λόγῳ.
717 5129 1039 5202 «Seriumne,
1082 5130 1346 5201 alloquio,
1381 5141 1435 5188 et
1482 5132 1641 5190 insita
1673 5136 1825 5194 nobis

244 5199 477 5254 ratione.
505 5218 525 5251 ›
559 5199 650 5253 Sic
677 5200 898 5267 exponit
927 5199 1162 5255 Nicetas.

321 5269 435 5339 (56)
459 5268 849 5333 Μεταϐολαῖς.
879 5268 1026 5335 Pan,
1052 5271 1348 5335 ἐπιϐολαῖς.

322 5339 987 5471 ίῖέ7)ςἉλληλοφον-ίαις.
1043 5340 1135 5397 Sic
1170 5344 1327 5398 codd.
1359 5343 1411 5396 in
1458 5343 1569 5410 ed.,
1602 5344 1827 5417 ἀλληλο-

322 5428 365 5461 κι
389 5426 444 5461 αι
481 5449 495 5462 .

318 5449 838 5550 (ἒῶᾚὲπιορκίαις.
858 5480 949 5536 Sic
976 5482 1133 5537 codd.
1163 5481 1413 5537 Mendose
1442 5482 1495 5537 in
1532 5483 1645 5551 ed.,
1675 5487 1828 5558 ὲπιρέ

468 5619 581 5692 Τοῦ
599 5616 751 5675 Θεοῦ
785 5621 990 5689 Λόγος.
1058 5641 1077 5674 ι
1098 5622 1190 5676 Dei
1222 5620 1477 5678 Verbum.
1508 5642 1527 5675 ι

322 5689 433 5760 μοι
464 5689 770 5758 Κάλλους.
800 5692 959 5749 Deest
989 5692 1042 5748 in
1073 5694 1313 5764 pluribus
1354 5695 1646 5751 codicibus.

2025 5136 2112 5204 zll)
2142 5135 2437 5205 Γίγνεται.
2471 5133 2604 5205 Tres
2638 5133 2803 5203 chg.
2829 5133 3056 5205 γίνεται.

2030 5203 2488 5278 4ἳ)Παρθετξίαν.
2519 5203 2611 5278 Or.
2646 5206 2700 5278 ι,
2734 5203 3072 5278 παρθενείαν,

2001 5269 2116 5349 (l5)
2166 5269 2395 5345 Σὲιρκὸς
2445 5272 2544 5328 καὶ
2602 5269 2966 5343 Πνεύμὰτος.
3015 5269 3411 5329 ἐίίιιιιιεηίιειε
3453 5279 3511 5331 et

1934 5349 2159 5403 Deitate.
2186 5366 2205 5398 ›

2008 5418 2116 5490 (44)
2158 5417 2279 5490 Ἐπὶ
2300 5417 2535 5490 μικρόν.
2580 5412 2767 5490 Billips
2809 5432 2839 5490 Ξ
2868 5433 2887 5465 ι
2911 5416 2975 5490 ad
3011 5416 3173 5490 hrcve
3222 5424 3448 5484 tempus.
3479 5431 3502 5469 ι

2004 5484 2118 5553 (45)
2158 5487 2367 5540 ΊὈῦτο.
2390 5488 2501 5539 Non
2527 5485 2770 5556 agnoscit
2800 5484 3154 5556 Culnbelisius

2003 5557 2114 5628 (46)
2171 5555 2572 5624 Ἀθανατίσῃ.
2609 5557 2737 5624 [{cg.
2784 5571 2813 5610 c
2872 5567 2924 5610 ει
2986 5555 3148 5611 Coisl.
3184 5559 3233 5621 l,
3299 5571 3506 5611 αιανα-

1929 5627 2092 5699 τήτῃ.
