3910 6214
378 283 489 341 ΒΞἹ

1633 281 1693 338 S.
1734 278 2064 337 GREGORH
2103 277 2450 335 THEOLOGI

3550 281 3657 338 328

452 400 593 457 XIV.
650 400 791 470 Quid
835 400 903 458 ad
962 400 1079 457 hac
1136 401 1294 458 nobis
1359 405 1708 474 sycophantae
1752 404 1964 469 dicunt,

2142 403 2239 455 IA'.
2274 400 2420 473 Πρὸς
2459 398 2633 453 ταῦτα
2660 399 2715 451 τί
2761 416 2923 468 φασιν
2965 400 3097 472 ἡμῖν
3125 400 3176 453 0i
3210 401 3564 470 συκοφάνται,
3605 402 3658 457 0i

380 492 588 559 acerbi,
636 494 882 564 inquam,
921 493 1009 548 isti
1036 493 1343 551 divinitatis
1383 510 1733 564 expensores,
1775 510 1959 550 rerum

381 585 772 642 laudandarum
802 585 1243 654 reprehensores,
1269 587 1416 641 circa
1457 586 1630 641 lucem
1660 588 1962 651 tenebrosi,

383 680 528 735 circa
562 676 885 748 sapientiam
921 676 1181 747 imperiti,
1219 692 1317 748 pro
1346 677 1544 748 quibus
1573 676 1824 733 Christus
1848 694 1968 748 gra-

384 771 458 827 tis
486 783 730 827 mortuus
753 782 858 836 est,
877 771 1097 840 ingratae
1119 781 1403 840 creaturae,
1436 772 1633 828 diaboli
1674 772 1967 839 ﬁgmenta?

384 861 598 919 Siccine
630 862 740 918 Deo
767 861 1087 917 beneﬁcium
1116 870 1175 916 ut
1209 863 1414 916 crimen
1442 861 1682 929 objicis?
1726 866 1807 917 An
1835 878 1964 931 pro-

384 965 568 1027 pterea
610 970 807 1026 parvus
851 963 958 1019 est,
1010 954 1137 1024 quia
1192 963 1417 1025 propter
1471 963 1523 1007 te
1560 953 1804 1018 humilis,
1837 953 1963 1023 quia

382 1046 668 1104 bonusille
692 1046 901 1113 Pastor,
927 1045 1019 1116 qui
1055 1045 1292 1099 animam
1317 1059 1472 1100 suam
1503 1060 1601 1115 pro
1639 1044 1834 1099 ovibus
1872 1058 1968 1113 po-

384 1137 547 1203 nit",
572 1138 637 1191 ad
666 1146 940 1192 errantem
961 1150 1118 1191 ovem
1145 1135 1314 1200 venit,
1338 1134 1405 1188 ad
1434 1144 1645 1189 montes
1688 1143 1741 1188 et
1779 1133 1965 1198 colles,

386 1232 441 1285 in
477 1229 672 1299 quibus
710 1227 1079 1291 sacriﬁcabas,
1110 1237 1167 1281 et
1199 1236 1486 1298 vagantem
1532 1226 1764 1289 invenit,
1798 1236 1852 1279 et
1884 1227 1969 1279 in-

385 1328 601 1374 ventam
632 1317 821 1373 iisdem
856 1315 1181 1382 humeris“,
1213 1316 1411 1385 quibus
1440 1324 1497 1368 et
1522 1315 1704 1368 crucis
1739 1314 1964 1380 lignum,

386 1412 624 1476 sustulit,
665 1410 1040 1478 sublatamque
1081 1407 1149 1462 ad
1194 1421 1483 1477 supernam
1517 1404 1683 1459 vitam
1731 1403 1967 1469 reduxit,

388 1503 775 1569 reductamque
799 1499 1011 1561 eodem,
1040 1512 1148 1567 quo
1181 1511 1275 1551 eas
1300 1511 1421 1565 qua:
1449 1510 1722 1564 nunquam
1747 1509 1777 1548 a
1809 1508 1970 1565 grege

388 1593 735 1660 aberrarunt,
778 1592 900 1647 loco
948 1602 1287 1657 numeroque
1334 1586 1557 1641 habuit?
1598 1585 1735 1653 Quia
1791 1585 1968 1639 lucer-

392 1701 540 1749 nam,
587 1685 688 1739 hoc
715 1691 821 1747 est,
861 1696 1082 1737 carnem
1130 1695 1307 1745 suam,
1356 1681 1621 1743 accendit,
1667 1687 1721 1732 et
1750 1678 1967 1732 domum

2066 493 2258 564 πικροὶ
2315 492 2419 561 τῆς
2470 491 2733 562 θεότητος
2782 490 3063 560 λογισταὶ,
3106 494 3156 545 οί
3205 494 3505 566 κατήγοροι
3547 493 3662 549 τῶν

2065 582 2495 652 ἐπαινουμένων,
2520 582 2569 634 οἱ
2602 582 2868 670 σκρτεινοὶ
2897 583 3026 653 περὶ
3055 582 3117 636 τδ
3146 583 3280 651 φῶς,
3306 586 3353 637 οἱ
3394 586 3522 656 περὶ
3556 584 3657 656 τὴν

2069 675 2258 745 σοφίαν
2311 669 2839 747 ἀπαίδευτοι,ίύπὲρ
2882 669 2956 728 ὧν
2989 675 3224 748 Χριστὸς
3269 675 3476 748 δωρεὰν
3523 677 3659 730 ἀπέ-

2068 769 2220 833 θανε,
2249 767 2320 822 τὰ
2352 768 2625 840 ἀχάριστα
2678 769 2975 841 κτίσματα,
3002 769 3071 823 τὰ
3112 771 3206 824 τοῦ
3237 772 3481 843 Πονηροῦ
3523 773 3661 827 πλά-

2070 877 2280 931 σματα;
2315 859 2487 913 Τοῦτο
2538 858 2793 927 ἐγκαλεῖς
2842 859 2983 930 Θεῷ,
3031 861 3133 933 τὴν
3175 861 3523 931 εὐεργεσίανς
3559 863 3658 915 Διά

2067 952 2227 1005 τοῦτο
2270 951 2489 1023 μικρὸς,
2533 952 2616 1005 ὅτι
2643 952 2732 1005 διὰ
2759 950 2819 1003 σὲ
2844 951 3133 1016 ταπεινός;
3162 952 3285 1004 Ὅτι
3317 953 3410 1005 ἐπὶ
3437 952 3497 1005 τὸ
3526 951 3659 1005 πλα-

2074 1043 2313 1114 νώμενον
2346 1039 2511 1115 ἦλθεν
2542 1046 2570 1096 ό
2598 1043 2803 1114 ποιμὴν
2832 1045 2860 1096 ό
2886 1043 3069 1107 καλὸς,
3095 1046 3123 1097 ὁ
3148 1043 3316 1107 τιθεὶς
3355 1043 3453 1115 τὴν
3481 1044 3660 1114 ψυχὴν

2070 1135 2211 1205 ὑπὲρ
2233 1133 2342 1187 τῶν
2366 1133 2672 1203 προϐάτων,
2697 1134 2791 1187 ἐπὶ
2812 1134 2880 1186 τὰ
2903 1133 3002 1204 ὅρη
3031 1136 3124 1187 καὶ
3148 1135 3274 1198 τοὺς
3308 1134 3548 1204 βουνοὺς,
3572 1137 3657 1203 ἐφ’

2070 1220 2144 1280 ὧν
2172 1225 2479 1290 ὲθυσίαζες,
2511 1228 2607 1279 καὶ
2643 1225 2992 1297 πλανώμενον
3020 1223 3144 1296 εὗρε
3165 1242 3179 1257 ο
3208 1227 3302 1280 καὶ
3336 1227 3531 1298 εὑρὼν,
3563 1229 3659 1282 ἐπὶ

2070 1319 2176 1373 τῶν
2196 1317 2361 1390 ῶμων
2383 1319 2664 1383 ἀνέλαϐεν,
2691 1320 2774 1387 ἐφ’
2796 1312 2870 1372 ὧν
2888 1320 2979 1373 καὶ
2999 1318 3059 1371 τὸ
3087 1318 3239 1383 ξύλον
3253 1335 3267 1349 ο
3330 1319 3424 1372 καὶ
3454 1317 3657 1386 λαϐὼν,

2069 1414 2421 1483 ἐπανήγαγεν
2478 1414 2572 1467 ἐπὶ
2599 1415 2697 1485 τὴν
2723 1413 2836 1467 ἄνω
2875 1412 3047 1485 ζωήν·
3080 1413 3175 1468 καὶ
3202 1413 3514 1483 ἀναγαγὼν,
3548 1416 3661 1477 τοῖς

2073 1507 2293 1578 μένουσι
2334 1507 2770 1578 συνηρίθμησεν;
2796 1505 2921 1560 Ὅτι
2969 1500 3297 1576 λύχνον
3326 1506 3425 1575 τὴν
3460 1504 3659 1559 ἑαυτοῦ
3719 1536 3734 1553 .

2074 1600 2275 1672 σάρκα,
2325 1602 2422 1654 καὶ
2464 1600 2562 1671 τὴν
2591 1598 2768 1653 οἰκίαν
2799 1599 3078 1671 ὲσὰρωσε,
3127 1598 3229 1669 τῆς
3262 1598 3534 1670 ἁμαρτίας
3570 1596 3662 1650 τὸν

2072 1693 2276 1764 κόσμον
2327 1691 2739 1765 ἀποκαθαίρων,
2790 1692 2887 1744 καὶ
2936 1692 3037 1762 τὴν
3099 1690 3348 1762 δραχμὴν
3399 1689 3657 1761 ἐζήτησε,

390 1777 613 1842 everrit,
646 1776 902 1830 mundum
951 1774 1161 1829 scilicet
1204 1788 1236 1828 a
1287 1780 1510 1841 peccato
1570 1785 1888 1837 repurgans,
1919 1778 1974 1824 et

2083 1761 2190 1855 τὴν-
2226 1782 2510 1855 βασιλικὴν
2566 1761 2750 1836 είκόνα
2784 1761 3247 1853 συγκεχωσμένην
3277 1784 3390 1845 τοῖς
3438 1780 3659 1844 πάθεσι,

390 1868 724 1934 drachmam,
758 1868 860 1921 hoc
886 1874 990 1929 est,
1035 1865 1235 1933 regiam
1284 1863 1576 1932 imaginem
1607 1861 1818 1915 vitiosis
1842 1859 1974 1915 alie-

388 1961 568 2015 ctibus
612 1961 886 2023 obrutam,
914 1957 1265 2026 conquisivit,
1302 1964 1466 2025 atque
1506 1954 1730 2024 angelos
1769 1955 1974 2008 amicos

390 2066 536 2117 suos,
589 2065 653 2105 ea
706 2050 946 2116 inventa,
995 2056 1277 2109 convocat,
1316 2046 1625 2115 lattitimque
1686 2046 1975 2115 participes

393 2143 545 2209 facit,
573 2156 711 2211 quos
727 2140 889 2195 etiam
911 2138 1229 2194 oeconomiae
1255 2151 1368 2191 sua:
1395 2138 1643 2191 conscios
1673 2137 1974 2192 habuerat?

393 2232 530 2300 Quia
569 2231 826 2303 praeviam
859 2230 1135 2284 lucernam
1164 2226 1599 2297 splendidissima
1628 2227 1716 2281 illa
1755 2227 1847 2282 lux
1890 2244 1976 2283 se-

392 2323 601 2395 quitur,
657 2331 713 2377 et
756 2336 945 2377 vocem
985 2318 1240 2385 Verbum,
1277 2328 1334 2373 et
1371 2316 1671 2387 prouubum
1721 2333 1974 2388 SpOllSIIS,

392 2416 621 2472 Domino
650 2413 973 2485 peculiarem
1022 2411 1279 2481 populum
1317 2420 1744 2479 comparantem,
1774 2427 1838 2465 ac
1882 2427 1979 2480 per

393 2518 590 2575 aquam
643 2503 710 2557 ad
743 2501 1001 2572 Spiritum
1053 2502 1534 2570 praepurgantem?
1575 2499 1826 2555 llaeccine
1869 2502 1978 2556 Deo

391 2594 622 2668 objicis?
650 2595 828 2664 Atque
870 2592 1072 2647 idcirco
1097 2606 1222 2647 cum
1260 2592 1572 2647 inferiorem
1605 2607 1729 2649 esse
1759 2607 1975 2657 censes,

392 2690 519 2759 quia
579 2686 750 2741 linteo
806 2683 1179 2755 praecingitur,
1243 2697 1310 2737 ac
1369 2682 1763 2753 discipulorum
1817 2685 1980 2753 pedes

392 2778 640 2844 abluit",
672 2778 1045 2847 optimumque
1078 2774 1144 2828 ad
1196 2775 1582 2829 sublimitatem
1625 2775 1731 2828 iter
1766 2775 1981 2828 humili-

394 2880 563 2928 tatem
591 2868 864 2926 ostendit?
893 2867 1029 2935 Quia
1076 2877 1295 2936 propter
1320 2866 1468 2921 batni
1511 2866 1822 2921 inclinatam
1858 2868 1978 2920 aui-

396 2982 541 3022 mam
588 2980 648 3021 se
684 2962 888 3031 dejicit,
924 2971 985 3017 at
1027 2964 1098 3017 ob
1126 2971 1410 3034 peccatum
1453 2960 1702 3015 deorsum
1749 2976 1979 3032 vergen-

394 3066 504 3114 tem
537 3070 726 3113 secum
759 3054 972 3125 erigat?
1012 3053 1144 3108 lllud
1178 3063 1359 3107 autem
1390 3052 1519 3121 quin
1552 3060 1605 3105 tu
1635 3053 1762 3106 item
1794 3068 1978 3121 repre-

395 3147 611 3211 hendis,
670 3145 810 3216 quod
839 3160 961 3199 cum
997 3143 1319 3213 publicanis,
1374 3154 1428 3196 et
1479 3144 1619 3211 apud
1667 3142 1980 3212 publicanos

396 3241 531 3309 edit,
584 3248 641 3294 et
700 3237 1012 3308 publicanos
1067 3236 1119 3290 in
1178 3234 1472 3302 discipulos
1524 3236 1879 3302 convertit",
1925 3244 1983 3290 ut

398 3334 514 3404 ipse
543 3346 759 3403 quoque
792 3329 992 3400 aliquid
1028 3328 1308 3382 lucretur?
1342 3328 1481 3395 Quid
1503 3328 1756 3381 tandem?
1789 3327 1981 3382 Pecca-

400 3436 578 3481 torum
605 3424 870 3487 salutem;
914 3420 1017 3475 nisi
1061 3420 1183 3489 quis
1232 3417 1376 3473 forte
1429 3433 1494 3474 eo
1539 3421 1760 3476 nomine
1808 3422 1982 3475 medi-

400 3532 524 3572 cum
552 3522 790 3578 accuset,
823 3513 966 3583 quod
1002 3512 1070 3565 ad
1100 3511 1320 3567 morbos
1350 3525 1409 3567 se
1448 3500 1693 3576 inclinet,
1726 3511 1985 3568 fetorem-

400 3620 507 3676 que
557 3605 841 3665 sustineat,
883 3610 941 3655 ut
991 3602 1276 3656 sanitatem
1324 3602 1540 3672 a'grotis
1589 3602 1750 3657 donet
1783 3586 1986 3673 :at'que

400 3712 525 3753 eum
545 3696 729 3759 etiam,
749 3694 836 3764 qui
866 3694 1218 3748 humanitatis
1233 3703 1288 3748 et
1311 3694 1794 3748 conttttiserationis
1817 3697 1983 3768 673

2074 1878 2170 1930 καὶ
2201 1876 2463 1945 συγκαλεῖ
2502 1876 2600 1938 τὰς
2639 1875 2799 1944 φίλας
2839 1874 2989 1946 αὐτῴ
3017 1874 3279 1946 δυνάμεις
3320 1874 3433 1944 (47)
3462 1875 3555 1928 ἐπὶ
3590 1876 3659 1947 τῇ

2075 1968 2173 2037 τῆς
2217 1968 2469 2038 δραχμῆς
2517 1968 2762 2038 εὑρέσει,
2795 1968 2888 2021 καὶ
2939 1968 3230 2031 κοινωνοὺς
3276 1970 3512 2021 ποιεῖται
3562 1967 3663 2040 τῆς

2077 2056 2454 2131 εὐφροσύνης,
2502 2058 2569 2123 ἃς
2615 2059 2710 2113 καὶ
2751 2059 2851 2129 τῆς
2894 2058 3003 2129 (48)
3048 2061 3359 2131 οἰκονομίας
3403 2059 3666 2132 μύστιδας

2077 2151 2373 2220 πεποίητο;
2410 2152 2531 2204 Ὀτι
2584 2150 2661 2220 τῷ
2708 2150 3004 2222 προδρόμῳ
3050 2150 3230 2222 λύχνῳ
3276 2153 3338 2205 τὸ
3374 2152 3492 2222 φῶς
3527 2154 3663 2205 ἀκο-

2077 2243 2257 2296 λουοεῖ
2280 2243 2340 2296 τὸ
2369 2242 2788 2314 ὑπέρλαμπρον,
2825 2243 2918 2295 καὶ
2968 2246 3034 2313 τῇ
3083 2245 3234 2314 φωνῇ
3280 2245 3308 2296 ό
3332 2244 3525 2313 Λόγος,
3563 2246 3660 2299 και⁹

2078 2334 2154 2406 τῷ
2187 2334 2541 2405 νυμφαγωγῷ
2578 2336 2605 2386 ὁ
2652 2333 2925 2404 νυμφίος,
2968 2334 3430 2400 κατασκευάζοντι
3474 2336 3666 2406 Κυρίῳ

2078 2427 2208 2481 λαὸν
2246 2426 2581 2498 περιούσιον,
2618 2428 2715 2478 καὶ
2748 2424 3171 2497 προκαθαίροντι
3217 2427 3308 2479 ἐπὶ
3348 2426 3407 2480 τὸ
3443 2429 3667 2498 Πνεῦμα

2080 2520 2171 2574 διὰ
2200 2519 2295 2573 τοῦ
2328 2519 2552 2582 ὓδατος;
2590 2518 2778 2572 Ταῦτα
2818 2518 3070 2587 ἐγκαλεῖς
3103 2517 3181 2590 τῷ
3218 2517 3336 2589 Θεῷ
3371 2518 3522 2589 (49);
3566 2517 3668 2573 Διὰ

2080 2612 2256 2665 ταῦτα
2310 2611 2718 2681 ὑπολαμϐάνεις
2765 2610 3021 2682 χείρονα,
3072 2611 3154 2664 ὅτι
3208 2610 3396 2681 λεντίῳ
3442 2609 3669 2675 διαζών-

2080 2718 2270 2764 νυται,
2318 2700 2413 2753 καὶ
2468 2700 2645 2768 νίπτει
2699 2700 2828 2764 τοὺς
2882 2700 3046 2763 πόδας
3085 2700 3193 2753 τῶν
3256 2698 3534 2770 μαθητῶν,
3572 2697 3667 2752 καὶ

2079 2792 2347 2845 δείκνυσιν
2387 2791 2618 2861 ἀρίστην
2666 2790 2784 2843 ὁδὸν
2815 2789 3095 2860 ὑψώσεως,
3147 2789 3247 2861 τὴν
3294 2789 3665 2853 ταπείνωσινς

2082 2884 2203 2937 Ὅτι
2236 2882 2323 2935 διὰ
2373 2882 2485 2949 (50)
2519 2882 2621 2953 τὴν
2659 2880 3080 2950 συγκύπτουσαν
3134 2881 3311 2953 χαμα)⁵
3348 2879 3525 2953 ψυχὴν
3573 2899 3669 2935 τα-

2083 2968 2358 3023 πεινοῦται
2391 2969 2527 3040 (51),
2568 2969 2656 3023 ἵνα
2691 2970 2785 3022 καὶ
2832 2969 3187 3044 συνανυψώσῃ
3232 2970 3293 3024 τὸ
3334 2972 3483 3025 κάτω
3513 2971 3671 3025 νεῦον

2083 3064 2315 3135 ὑπὸτῆς
2349 3064 2650 3135 ἀμαρτίαςς
2701 3064 2907 3116 Ἐκεῖνο
2952 3064 3009 3117 δὲ
3052 3064 3171 3127 πῶς
3214 3065 3274 3116 οὐ
3319 3067 3665 3135 κατηγορεῖς,

2081 3157 2161 3210 ὅτι
2208 3159 2303 3210 καὶ
2354 3156 2490 3227 μετά
2524 3155 2772 3212 τελώνων
2804 3157 2996 3223 ἐσθίει,
3043 3158 3137 3210 καὶ
3188 3156 3339 3228 παρὰ
3386 3155 3668 3223 τελώναις,

2084 3250 2179 3304 καὶ
2231 3250 2524 3321 μαθητεύει
2568 3250 2826 3315 τελώνας,
2858 3250 2944 3303 ἵνα
2978 3252 3071 3304 καὶ
3110 3249 3270 3312 αὐτός
3294 3268 3349 3302 τι
3396 3249 3668 3323 κερδάνῃς

2084 3341 2150 3395 Τί
2199 3341 2386 3406 τοῦτο;
2424 3342 2534 3413 Τὴν
2592 3342 2701 3395 τῶν
2757 3342 3096 3414 ἁμαρτωλῶν
3145 3342 3456 3414 σωτηρίαν·
3498 3343 3549 3395 εί
3595 3342 3672 3413 μὴ

2085 3435 2179 3487 καὶ
2208 3435 2297 3486 τὸν
2343 3434 2522 3506 ίατρδν
2553 3434 2774 3505 αἱτιῷτό
2816 3453 2932 3500 τις,
2979 3436 3061 3488 ὅτι
3097 3435 3404 3502 συγκύπτει
3454 3436 3549 3488 ἐπὶ
3603 3435 3675 3489 τὰ

2085 3523 2254 3593 πάθη,
2282 3526 2373 3575 καὶ
2399 3524 2662 3589 δυσωδίας
2686 3525 2960 3595 ἀνέχεται,
2988 3524 3074 3578 ἵνα
3097 3523 3172 3594 δῷ
3201 3526 3300 3597 τὴν
3322 3525 3531 3593 ὑγίειαν
3557 3524 3671 3595 (52)

2084 3619 2194 3679 τοῖς
2251 3616 2551 3687 κάμνουσιο
2590 3617 2687 3670 καὶ
2734 3618 2826 3671 τὸν
2872 3617 3286 3688 ὲπικλινόμενον
3352 3616 3531 3690 βόθρῳ
3582 3618 3673 3671 διὰ

2088 3706 2514 3779 φιλανθρωπίαν,
2545 3707 2633 3761 ἵνα
2659 3709 2720 3762 τὸ
2747 3710 3112 3782 ὲμπεπτωκὸς
3149 3709 3367 3781 κτῆνος,
3399 3709 3545 3763 κατὰ
3572 3709 3666 3765 τὸν

402 3787 601 3844 affectu
658 3794 936 3856 permotus
976 3785 1032 3839 in
1081 3783 1291 3840 foveam
1341 3786 1579 3853 seipsum
1625 3785 1883 3854 demittit,
1928 3797 1975 3843 ιιι

2088 3799 2270 3869 νόμον,
2302 3797 2671 3870 ἀνασώσηται.

403 3877 717 3952 prolapsum
755 3875 1123 3947 iumentum“
1195 3876 1349 3932 iuxta
1391 3876 1527 3947 legis
1585 3880 1985 3950 prmscriptum,

404 3984 607 4029 δθτνει.

477 4060 595 4120 XV.
624 4062 820 4117 Missus
843 4061 1060 4131 quidem
1090 4069 1193 4128 est,
1228 4075 1416 4116 verum
1447 4068 1520 4126 jut
1567 4062 1730 4119 homo
1765 4064 1988 4136 (duplici

404 4156 549 4213 enim
578 4166 771 4211 natura
792 4156 969 4225 erat);
1017 4154 1308 4224 siquidem,
1333 4153 1489 4223 juxta
1521 4158 1766 4226 corporis
1792 4158 1984 4229 legem,

406 4259 463 4306 et
490 4246 745 4318 fatigatus
770 4256 876 4312 est,
910 4254 967 4300 et
1008 4244 1154 4300 fante
1181 4260 1245 4327 ac
1267 4245 1354 4300 siti
1383 4246 1668 4313 laboravit,
1706 4257 1762 4303 et
1790 4265 1975 4320 angori

2088 4255 2163 4327 ψη
2172 4273 2250 4318 σε,
2301 4256 2394 4309 καὶ
2449 4255 2718 4325 ἠγωνίασε

2160 4073 2263 4127 IE'.
2318 4073 2623 4145 Ἀπεστάλη
2663 4074 2781 4144 μὲν,
2816 4072 2930 4128 ἀλλ’
2965 4074 3043 4139 ὡς
3093 4075 3413 4147 ἄνθρωπος·
3448 4076 3672 4144 διπλοῦς

2091 4166 2200 4236 γὰρ
2226 4160 2327 4236 ἦν’
2366 4165 2488 4217 ἐπεὶ
2533 4167 2626 4217 καὶ
2659 4166 2937 4231 ἐκοπίασε,
2970 4167 3063 4219 καὶ
3104 4169 3383 4240 ὲπείνησε,
3423 4169 3517 4223 καὶ
3561 4170 3676 4223 ἐδί-

2740 4298 2755 4322 ,
2802 4260 2897 4312 καὶ
2952 4259 3217 4331 ἐδάκρυσε
3268 4263 3416 4332 νόμῳ
3471 4263 3676 4333 σώμα-

406 4312 632 4396 aﬂectu's
678 4348 784 4404 est,
837 4346 893 4392 et
937 4312 1207 4409 lacrymas
1241 4337 1397 4392 fudit.
1434 4337 1588 4404 Quod
1633 4312 1677 4393 si
1723 4312 1892 4395 etiam
1932 4352 1975 4394 ιιι

2089 4312 2180 4410 τος
2216 4312 2355 4417 (ίὶῗψ
2388 4349 2437 4400 εί
2560 4349 2653 4401 καὶ
2685 4312 2760 4411 ὡς
2789 4350 2942 4412 Θεὸς,
2972 4351 3025 4403 τί
3055 4312 3246 4420 10610;
3276 4312 3677 4425 VTiw‘Et’adogav

410 4435 572 4500 Deus,
605 4433 733 4501 quid
774 4432 1098 4503 propterea?
1129 4430 1530 4499 Beneplacitum
1567 4431 1743 4487 Patris
1772 4434 1975 4487 missio-

2089 4438 2181 4491 τοῦ
2218 4438 2464 4511 Πατρός,
2516 4440 2819 4508 ἀποστολὴν
2867 4438 3005 4495 εἶναι
3040 4443 3281 4512 νόμισον,
3330 4446 3414 4515 ἐφ’
3443 4446 3502 4499 ὃν
3539 4448 3680 4500 ἁνα-

408 4541 532 4583 nem
556 4540 677 4580 esse
704 4524 975 4589 existima,
1015 4524 1100 4579 cui
1125 4538 1221 4578 sua
1249 4539 1464 4595 quoque
1504 4526 1747 4589 ascribit,
1788 4537 1900 4580 tum
1931 4536 1975 4580 ιιι

2089 4530 2245 4600 φέρει
2292 4530 2363 4583 τὰ
2420 4532 2648 4595 ἑαυτοῦ,
2698 4532 2794 4585 καὶ
2840 4532 2917 4597 ὡς
2964 4534 3136 4606 ἀρχὴν
3187 4535 3361 4606 τιμῶν
3418 4536 3673 4607 ἄχρονον,

409 4618 736 4692 principium
773 4616 1032 4685 temporis
1062 4630 1258 4686 expers
1280 4616 1487 4673 honore
1524 4616 1743 4683 alliciat,
1771 4628 1881 4674 tum
1918 4635 1975 4675 ιιε

2089 4623 2181 4675 καὶ
2220 4622 2314 4677 τοῦ
2349 4624 2423 4694 μὴ
2461 4623 2638 4677 δοκεῖν
2666 4621 2803 4678 εἶναι
2850 4624 3118 4690 ἀντίθεος.
3169 4627 3323 4680 Ἐπε)⁵
3371 4631 3463 4682 καὶ
3495 4648 3677 4700 παραο

410 4712 506 4769 Dei
566 4709 910 4765 adversarius
960 4723 1081 4763 esse
1128 4708 1392 4763 videatur.
1431 4710 1879 4779 Quandoquidem
1927 4722 1975 4767 ιιι

2087 4712 2327 4765 δεδόσθαι
2375 4712 2627 4781 λέγεται,
2675 4714 2812 4768 ἀλλὰ
2854 4717 2949 4769 καὶ
2998 4717 3190 4771 ἑαυτὸν
3229 4720 3676 4790 παραδεδωκέναι

409 4803 643 4858 traditus
685 4800 853 4855 fuisse
886 4799 1121 4866 dicitur;
1160 4800 1232 4855 ita
1281 4814 1341 4855 se
1364 4803 1539 4869 ipsum
1570 4817 1783 4871 quoque
1816 4805 1975 4858 tradi-

2085 4803 2432 4875 γέγραπται·
2475 4806 2572 4858 καὶ
2618 4807 2915 4879 ὲγηγέρθαι
2960 4810 3111 4879 παρά
3149 4809 3242 4863 τοῦ
3297 4811 3532 4883 Πατρὸς,
3576 4814 3677 4867 καὶ

409 4894 555 4949 disse
586 4892 844 4948 scribitur
874 4910 889 4946 :
920 4901 1083 4961 atque
1114 4900 1171 4945 ut
1197 4906 1227 4944 a
1270 4890 1431 4947 Patre
1468 4893 1534 4946 ad
1568 4894 1730 4946 vitam
1762 4909 1975 4950 revoca«

2090 4896 2433 4967 ἀνειλῆφθαι,
2464 4897 2602 4950 ἀλλὰ
2634 4899 2728 4951 καὶ
2774 4899 2964 4953 ἑαυτὸν
3000 4901 3381 4968 ἀνεσπακέναι,
3419 4902 3513 4955 καὶ
3547 4902 3674 4955 ἀνε-

413 4993 518 5048 tus,
551 4992 607 5037 et
654 4981 721 5035 ad
766 4994 961 5050 supera
1019 4987 1304 5047 susceptus
1350 4978 1553 5044 fuisse;
1607 4978 1681 5032 ita
1745 4981 1981 5049 seipsum

410 5088 626 5144 quoque
669 5087 699 5126 a
740 5070 967 5127 mortuis
1010 5070 1301 5138 excitasse,
1339 5083 1636 5140 rursusque
1689 5069 1741 5123 in
1784 5072 1982 5126 cu-lum

2090 4984 2376 5055 ληλυθέναι
2433 4987 2626 5041 πάλινυ
2668 4989 2849 5043 ἐκεῖνα
2897 4992 2996 5060 τῆς
3045 4991 3322 5056 εὐδοκίας,
3365 4992 3538 5046 ταῦτα
3569 4993 3675 5062 τῆς

2090 5076 2353 5141 ἐξουσίας.
2399 5079 2473 5131 Σὺ
2510 5079 2569 5132 δὲ
2616 5079 2685 5133 τὰ
2742 5079 2842 5151 μὲν
2914 5081 3238 5137 ὲλαττοῦντα
3313 5083 3534 5154 λέγεις,
3596 5085 3675 5141 τὰ

482 5237 531 5272 ⁸⁸
570 5236 728 5296 Joan.
756 5252 814 5306 ι,
848 5235 937 5291 ll.
1011 5233 1212 5291 “Luc.
1237 5251 1329 5304 xv,
1374 5235 1411 5290 4
1441 5250 1595 5306 sqq.,
1642 5234 1686 5267 ⁸⁷
1728 5232 1885 5292 Joan.
1934 5253 1975 5291 ιι

2086 5236 2140 5293 4.
2216 5237 2263 5270 ⁸⁸
2289 5237 2478 5306 Luc.v,
2537 5239 2607 5294 2⁸1
2660 5255 2781 5311 sqq.
2856 5239 3075 5296 "Deut.
3125 5243 3347 5308 “11,4.

484 5377 597 5455 (47)
625 5378 813 5445 Φίλας
831 5377 992 5445 αὺτῷ
1011 5375 1316 5445 δυνάμεις.
1356 5392 1375 5426 ι
1415 5373 1631 5429 Atnicas
1655 5387 1784 5428 suas
1811 5374 1975 5429 virtu-

2084 5372 2273 5455 Comi),
2298 5372 2357 5455 l_tt
2387 5387 2499 5440 ea.,
2529 5376 2583 5455 τί
2610 5375 2719 5429 διά.

416 5461 518 5505 tes.
542 5468 561 5501 ι

488 5519 598 5592 (48)
630 5522 726 5585 Ἀς
755 5518 853 5573 καί
886 5517 1019 5587 τῆς,
1043 5527 1155 5592 etc.
1178 5512 1360 5592 _Gabr.

412 5588 802 5646 locat-nationis
830 5588 1465 5659 gnysteriunrlatuerani

488 5659 600 5728 (49)
635 5659 719 5726 Τῷ
740 5654 1073 5724 Θεῷ.ὐθεει
1099 5655 1177 5726 τῷ
1207 5654 1545 5728 iu__pluribus.

487 5723 600 5803 (50)
642 5723 772 5786 Ὅτι
814 5729 931 5784 διά.
990 5729 1081 5784 Sic
1112 5723 1218 5783 tres
1246 5723 1434 5795 Regg,
1470 5735 1577 5782 tres
1607 5723 1781 5794 Colb.,
1839 5724 1987 5794 Par.,

2150 5444 2267 5523 (51)
2305 5445 2706 5500 Ταπεινοῦται.
2764 5445 2856 5503 Sic
2888 5446 3045 5503 codd.
3084 5447 3141 5502 lu
3177 5448 3299 5502 l’ar.
3334 5448 3445 5514 ω..
3473 5465 3673 5505 ταπει-

1403 5530 1418 5566 :
1455 5532 1474 5564 ι
1499 5529 1634 5584 quas
1666 5529 1765 5570 nec
1810 5512 1986 5585 ipsum
2085 5512 2319 5585 νοῡνται.

2310 5584 2577 5657 Ὑγίειαν.
2604 5584 2816 5657 Comb.,
2848 5587 3055 5657 ὑγείαν.

2159 5654 2269 5726 (55)
2321 5656 2496 5724 Νόμῳ
2548 5655 2839 5727 σώματος.
2893 5654 3056 5715 ⁷0011).
3120 5657 3174 5725 b,
3224 5659 3373 5733 νόμῳ
3428 5656 3673 5731 φύσεως,

2095 5744 2114 5778 ι
2135 5725 2252 5794 lege
2273 5735 2495 5782 natum.
2527 5743 2547 5778 ι
