3910 6214
279 217 390 271 329

278 337 522 406 ὑψοῦντα
559 337 616 390 δὲ
669 341 1034 411 παρατρέχεις
1051 358 1064 370 ο

277 429 443 502 γίζῃο
476 430 560 483 ὅτι
608 430 664 484 δὲ
697 430 861 498 ἑκὼν,
892 433 954 485 οὐ
995 433 1291 505 προστίθης
1342 436 1474 505 (54).
1517 432 1620 490 Οἷα
1662 437 1862 506 πάσχει

277 522 377 574 καὶ
417 521 513 573 νῦν
547 523 574 574 ὁ
610 521 822 590 Λόγοςῑ
865 523 998 578 Ὑπὸ
1044 526 1141 595 μὲν
1174 525 1302 589 τῶν,
1342 527 1417 589 ὡς
1444 527 1596 591 Θεὸς,
1640 531 1862 598 τιμᾶται

279 613 377 664 καὶ
421 613 837 682 συναλείφεται·
875 615 980 668 ὑπὸ
1027 615 1084 668 δὲ
1131 617 1264 677 τῶν,
1311 618 1386 682 ὡς
1439 618 1608 690 σὰρξ,
1658 620 1860 688 ἀτιμά-

279 701 433 765 ζεται
464 704 556 756 καὶ
604 704 916 776 χωρίζεται.
958 707 1110 761 Τίσιν
1139 707 1366 780 ὀργισθῇ
1411 709 1606 774 πλέον;
1645 710 1861 764 Μᾶλλον

277 795 336 847 δὲ
368 796 511 848 τίσὶν
546 797 686 867 ἀφῇ;
735 799 860 862 Τοῖς
899 805 1217 872 συναιροῦσι
1264 802 1479 868 κακῶς,
1523 806 1556 876 ἦ
1609 809 1722 868 τοῖς
1768 806 1859 857 τέ·

280 903 506 955 μνουσι;
539 889 648 942 Καὶ
697 889 806 962 γάρ
843 893 1134 957 κάκείνους
1181 894 1406 966 διαιρεῖν
1434 896 1561 962 ἔδει,
1598 897 1690 950 καὶ
1740 898 1862 950 τού-

274 995 404 1041 τους
443 980 763 1036 συνάπτεινο
799 983 925 1046 τοὺς
972 985 1070 1055 μὲν
1121 983 1197 1056 τῷ
1247 987 1485 1059 ἀριθμῷ,
1523 990 1649 1053 τοὺς
1697 989 1752 1043 δὲ
1790 994 1856 1063 τῇ

275 1070 512 1144 θεότητι.
531 1075 906 1145 Προσκόπτεις
938 1079 1005 1148 τῇ
1033 1078 1229 1149 σαρκί;
1263 1079 1432 1132 Τοῦτο
1461 1082 1555 1133 καὶ
1590 1081 1855 1136 Ἰουδαῖοι.

278 1164 353 1216 Ἦ
395 1168 490 1218 καὶ
538 1166 887 1238 Σαμαρείτην
934 1168 1262 1234 άποκαλεῖς;
1311 1171 1402 1222 καὶ
1447 1171 1508 1223 τὸ
1554 1171 1682 1242 ἑξῆς
1732 1190 1859 1226 σιω·

273 1257 544 1328 πήσομαι.
583 1259 857 1322 Ἀπιστεῖς
884 1263 951 1330 τῇ
999 1261 1244 1332 θεότητι;
1284 1262 1454 1316 Τοῦτο
1491 1264 1613 1318 οὐδὲ
1653 1267 1701 1317 oi
1745 1266 1859 1317 δαί-

275 1363 457 1416 μονες,
485 1344 555 1401 Ὦ
585 1348 854 1420 δαιμόνων
904 1351 1016 1421 (55)
1065 1353 1418 1422 ἀπιστότερε,
1467 1358 1560 1410 καὶ
1593 1358 1859 1412 Ἰουδαίων

273 1440 756 1513 ἀγνωμονέστερεί
800 1443 1026 1498 Ἐκεῖνοι
1046 1444 1145 1516 τὴν
1173 1445 1266 1498 τοῦ
1299 1447 1428 1500 Υίοῦ
1462 1449 1855 1520 προσηγορίαν,

272 1531 570 1603 ὁμοτιμίας
637 1534 821 1605 φωνὴν
879 1536 1163 1602 ἐνόμισανο
1218 1531 1362 1592 οὗτοι
1417 1541 1508 1593 τὸν
1569 1541 1858 1594 ἐλαύνοντα

271 1621 404 1674 Θεὸν
441 1622 660 1693 ᾔδεσαν.
702 1625 1012 1679 Ἐπείθοντο
1038 1626 1147 1698 γὰρ
1184 1628 1242 1694 ἐξ
1273 1622 1348 1682 ὧν
1377 1630 1637 1701 ἔπασχον.
1669 1633 1742 1686 Σὺ
1773 1632 1850 1698 δὲ,

1242 219 1502 276 ORATIO
1540 219 1831 278 XXXVIII.
1874 255 1943 264 ——
1984 222 2049 277 IN
2093 222 2560 280 TIIEOPIIANIA.

1115 343 1208 394 καὶ
1258 344 1338 396 ὅτι
1389 351 1486 414 μὲν
1538 345 1742 406 ἔπαθε,
1779 346 1851 397 λοι

1971 348 2276 401 ascendisse
2303 348 2639 416 prurdicatur.
2663 343 2752 397 ll‘la
2780 343 3122 414 beneplaciti,
3157 342 3269 395 haec
3298 352 3532 409 potesta-

3432 221 3534 278 550

1968 439 2056 493 tis.
2093 443 2162 492 At
2205 448 2258 492 tu
2301 453 2362 493 ea
2410 439 2647 508 quidem,
2691 452 2810 507 qua:
2849 436 3120 490 minuendi
3168 435 3275 487 vim
3309 435 3528 500 habent,

1963 531 2208 598 profers;
2261 547 2381 600 quae
2430 541 2607 584 autem
2633 529 2908 594 cﬂ‘erendi,
2954 525 3198 597 praeteris
3235 543 3249 579 ε
3283 535 3440 593 atque
3480 523 3532 576 id

1963 624 2177 690 quidem
2229 625 2508 693 expendis,
2565 622 2706 692 quod
2752 636 2944 692 passus
3007 620 3108 684 sit;
3170 618 3314 689 qttod
3355 629 3531 670 autem

1963 724 2174 782 sponte,
2209 731 2314 770 non
2367 715 2636 785 adjungis.
2676 715 2815 769 Proh
2849 711 3029 782 qualia
3069 711 3363 765 etiamnum
3395 707 3535 776 pati-

1965 811 2053 855 tur
2104 803 2366 858 Verbum!
2427 805 2508 858 Ab
2567 804 2688 858 aliis
2734 811 2791 856 ut
2840 803 2980 857 Deus
3025 800 3321 854 honoratur
3371 805 3535 866 atque

1962 895 2332 960 contrahitur;
2369 895 2434 948 ab
2459 895 2578 948 aliis
2610 904 2666 948 ut
2696 908 2823 948 caro
2852 891 3233 955 contemnitur,
3269 903 3334 943 ac
3372 902 3530 957 sepa-

1963 996 2131 1041 ratur.
2171 986 2319 1042 Utris
2349 986 2560 1041 tandem
2604 987 2822 1057 gravius
2866 982 3166 1038 irascetur?
3195 981 3286 1035 Vel
3333 978 3530 1050 potius,

1962 1079 2099 1134 utris
2125 1079 2246 1149 plus
2276 1078 2618 1141 condonahit,
2641 1079 2775 1131 iisne
2801 1076 2892 1146 qui
2932 1073 3072 1128 male
3098 1069 3530 1133 contrahunt,an

1946 1172 2048 1252 'qui
2080 1172 2368 1226 scindunt?
2396 1170 2526 1224 Nam
2558 1181 2612 1225 et
2643 1169 2762 1224 illos
2801 1167 3060 1231 dividere,
3091 1175 3145 1219 et
3175 1165 3274 1218 hos
3307 1161 3532 1231 conjun-

1959 1279 2084 1332 gere
2115 1267 2397 1334 oportebat
2439 1282 2450 1316 :
2485 1264 2622 1326 illos,
2655 1263 2898 1331 inquam,
2931 1272 3176 1322 numero,
3206 1256 3304 1311 hos
3337 1255 3532 1309 divini-

1961 1365 2087 1414 tate.
2107 1356 2345 1412 Oﬂ'endis
2374 1357 2438 1410 ad
2469 1355 2724 1410 carnem?
2757 1355 2814 1407 Et
2844 1351 3013 1407 Judmi
3051 1350 3234 1404 etiam.
3263 1346 3401 1402 Num
3429 1346 3531 1401 Sa-

1959 1449 2288 1503 maritattum
2331 1465 2546 1519 quoque
2604 1446 2820 1502 vocas“
2862 1444 3006 1514 (nam
3064 1441 3205 1511 quod
3261 1439 3527 1510 sequitur,

1961 1539 2206 1622 tacebo)?
2235 1541 2426 1593 Deitati
2479 1540 2633 1592 Iidem
2689 1536 2952 1604 abrogas?
2984 1534 3094 1588 Hoc
3151 1547 3218 1587 ne
3260 1532 3530 1584 daemones

1958 1618 2174 1700 quidem
2215 1632 2312 1701 ipsi
2371 1630 2636 1685 fecerunt.
2697 1627 2740 1682 Ο
2794 1626 3126 1682 daemonibus
3179 1618 3528 1681 incredulior,

269 1714 392 1767 οὐδὲ
425 1714 539 1783 (56)
581 1715 677 1786 τὴν
711 1717 932 1788 ἰσότητα
958 1718 1109 1792 δέχῃ,
1137 1721 1259 1773 οὐδὲ
1287 1723 1569 1793 ὁμολογεῖς
1606 1725 1705 1796 τὴν
1735 1724 1850 1778 θεό-

1956 1731 2010 1775 et
2049 1721 2247 1777 Iudaeis
2298 1723 2670 1791 insipientior!
2725 1718 2814 1773 Isti
2869 1717 3081 1787 quidem
3135 1714 3254 1770 Filii
3309 1725 3527 1771 nomen,

270 1820 430 1871 τητα.
459 1805 722 1874 Κρεῖττον
751 1800 820 1876 ἦν
850 1823 932 1858 σοι
980 1807 1413 1878 περιτετμῆσθαι
1443 1811 1538 1862 καὶ
1566 1810 1847 1882 δαιμονᾷν,

1955 1813 2279 1883 παυιιιίιιιιὶε
2324 1830 2507 1869 vocem
2538 1827 2659 1868 esse
2701 1810 2994 1867 censebant
3025 1827 3038 1862 :
3069 1807 3142 1862 illi
3171 1814 3348 1858 autem
3378 1817 3526 1862 eum.

272 1895 341 1947 ἵν’
365 1896 503 1948 εἴπω
531 1913 582 1948 τι
617 1895 711 1950 καὶ
744 1897 988 1965 γελοίως,
1021 1897 1053 1968 ἢ
1080 1901 1137 1952 ὲν
1171 1900 1506 1972 ἀκροϐυστίᾳ
1537 1901 1632 1956 καὶ
1670 1903 1849 1973 ὑγιείᾳ

1955 1919 1985 1957 a
2015 1920 2122 1974 quo
2157 1904 2508 1975 rogabantur,
2527 1903 2694 1958 Deum
2725 1909 2936 1956 norant.
2976 1898 3084 1952 Illis
3125 1895 3265 1950 enim
3287 1908 3372 1957 ea,
3410 1907 3530 1962 qua:

269 1985 572 2040 διακεῖσθαι
603 1989 856 2058 πονηρῶς
894 1990 990 2043 καὶ
1019 1991 1211 2056 ἀθέως.

1956 1997 2322 2065 patiebantur,
2357 1997 2512 2050 ﬁdem
2564 1994 2852 2049 faciebant.
2884 1991 2954 2044 At
2989 1999 3065 2054 tu,
3093 2001 3194 2041 nec
3246 1983 3526 2054 aequalita-

273 2085 382 2127 tem
419 2077 683 2141 admittis,
704 2093 806 2131 nec
833 2079 1166 2136 divinitatem
1200 2081 1497 2138 conﬁteris.
1523 2082 1754 2143 Proinde
1780 2087 1953 2142 satius
1992 2087 2083 2142 tibi
2121 2087 2296 2141 fuerat
2331 2087 2714 2142 circumcisum
2748 2097 2890 2150 esse,
2960 2090 3122 2151 atque
3187 2092 3218 2132 a
3282 2077 3528 2131 dmmone

268 2173 529 2237 obsideri,
564 2182 623 2228 ut
658 2175 885 2231 ridicule
939 2177 1140 2249 aliquid
1179 2179 1378 2246 dicam,
1431 2195 1593 2250 quam
1636 2182 1690 2237 in
1759 2184 2020 2254 przeputio
2089 2194 2142 2238 et
2186 2183 2439 2238 incolumi
2517 2181 2847 2242 valetudine,
2894 2189 3004 2232 tam
3053 2185 3219 2245 p‘rave
3269 2182 3326 2228 et
3367 2171 3528 2242 impie

267 2258 431 2314 allici.

340 2358 456 2424 ιςῖν.
492 2358 705 2428 Μικρὸν
742 2359 854 2431 (57)
890 2361 987 2431 μὲν
1028 2356 1122 2415 οὖν
1171 2359 1396 2434 ὕστερον
1437 2363 1558 2433 ὄψει
1604 2367 1700 2418 καὶ
1747 2381 1847 2419 κα-

268 2447 592 2517 θαιρόμενον
632 2449 839 2520 Ἰησοῦν
890 2452 948 2504 ὲν
1000 2450 1112 2522 (58)
1154 2450 1233 2522 τῷ
1279 2452 1517 2527 Ἰορδάνῃ
1567 2453 1664 2524 τὴν
1712 2453 1850 2525 ἐμὴν

266 2539 568 2609 κάθαρσιν·
625 2541 825 2611 μᾶλλον
881 2543 939 2595 δὲ
998 2544 1290 2612 ἀγνίζοντα
1339 2548 1405 2615 τῇ
1462 2545 1725 2618 καθάρσει
1783 2547 1849 2600 τά

265 2631 440 2685 ὕδατα
476 2631 556 2704 (οὐ
602 2633 713 2705 γὰρ
742 2634 807 2706 δὴ
857 2635 1022 2699 αὐτὸς
1076 2637 1246 2689 ἐδεῖτο
1295 2636 1407 2707 (59)
1440 2637 1782 2710 καθάρσεως,
1822 2639 1851 2690 ὁ

265 2723 442 2794 αἴρων
478 2723 578 2794 τὴν
607 2725 882 2796 ἁμαρτίαν
927 2725 1022 2780 τοῦ
1058 2728 1310 2798 κόσμου),
1349 2730 1444 2781 καὶ
1494 2728 1850 2800 σχιζομένους

265 2814 394 2876 τοὺς
439 2814 720 2884 οὐρανοὺς,
769 2818 862 2870 καὶ
903 2817 1008 2872 ὑπὸ
1046 2817 1140 2870 τοῦ
1190 2818 1486 2888 συγγενοῦς
1530 2820 1848 2890 Πνεύματος

267 2904 737 2975 μαρτυρούμενον,
761 2907 854 2960 καὶ
880 2907 1292 2979 πειραζόμενον,
1325 2911 1419 2962 καὶ
1447 2910 1682 2963 νικῶντα
1710 2910 1846 2980 (60),

2027 2361 2162 2416 XVI.
2201 2360 2280 2416 Ac
2321 2360 2540 2431 quidem
2588 2359 2746 2430 paqu
2784 2370 2924 2430 post,
2981 2368 3035 2414 et
3078 2358 3281 2425 Iesum,
3328 2371 3527 2427 purga-

1954 2456 2114 2512 tionis
2145 2469 2278 2509 meae
2299 2469 2481 2519 causa,
2510 2453 2565 2506 in
2591 2451 2882 2509 Iordane"
2924 2452 3139 2522 purgari
3169 2449 3394 2514 videbis,
3445 2449 3529 2503 vel

1953 2547 2150 2617 p0tius,
2181 2560 2350 2617 aquas
2372 2546 2688 2615 purgatione
2712 2559 2810 2599 sua
2840 2544 3128 2613 puriﬁcare
3157 2543 3353 2613 (neque
3379 2541 3524 2596 enim

1955 2640 2068 2709 ipse
2097 2639 2418 2709 purgatione
2457 2652 2592 2707 opus
2643 2636 2895 2700 habebat,
2945 2636 3035 2705 qui
3082 2642 3300 2704 peccata
3340 2633 3527 2687 mundi

1954 2729 2154 2800 tollit);
2189 2737 2244 2783 et
2289 2728 2457 2784 caelos
2511 2727 2708 2792 scindi,
2743 2738 2798 2781 et
2841 2725 3052 2795 cognati
3109 2723 3342 2793 Spiritus
3376 2723 3528 2776 testi-

1954 2821 2138 2876 monio
2167 2820 2451 2882 celebrari,
2495 2829 2551 2874 et
2594 2819 2815 2882 tentari,
2863 2827 2917 2871 et
2967 2816 3245 2871 victoriam
3299 2813 3524 2878 referre,

1953 2924 2008 2971 et
2035 2915 2347 2986 angelorum
2377 2914 2679 2970 ministerio
2717 2913 2814 2978 uti,
2865 2921 2918 2966 et
2953 2911 3168 2965 morbos
3219 2922 3407 2963 omnes
3462 2921 3526 2960 ac

264 2997 362 3048 καὶ
394 2995 501 3048 ὑπὸ
532 2998 778 3066 ἀγγέλων
829 3000 1291 3071 ὑπηρετούμενον,
1341 3001 1435 3055 καὶ
1479 3001 1850 3074 θεραπεύοντα

1954 3007 2237 3077 languores
2260 3003 2429 3077 674
2448 3019 2660 3071 curare,
2684 3015 2734 3059 et
2775 3013 3016 3060 mortuos
3041 3004 3106 3056 ad
3130 3001 3291 3056 vitam
3323 3000 3525 3055 lucem-

262 3088 448 3141 πᾶσαν
477 3088 628 3142 νόσον
661 3091 756 3143 καὶ
804 3092 983 3144 πᾶσαν
1028 3092 1320 3163 μαλακίαν,
1359 3094 1453 3146 καὶ
1486 3092 1853 3158 ζωοποιοῦντα

262 3179 493 3249 νεκροὺς
520 3180 614 3250 (ὡς
645 3180 834 3248 ὸςελόν
867 3198 929 3250 γε
959 3183 1054 3236 καὶ
1083 3181 1142 3235 σὲ
1175 3184 1249 3252 τῇ·
1272 3183 1557 3254 κακοδοξίᾳ
1584 3202 1852 3259 νενεκρω-

263 3269 472 3338 μένον),
500 3270 595 3322 καὶ
617 3271 875 3342 δαίμονας
902 3271 1296 3338 ἀπελαύνοντα,
1324 3275 1393 3328 τὰ
1424 3274 1523 3345 μὲν
1545 3276 1612 3328 δι’
1634 3277 1850 3342 ἑαυτοῦ,

257 3357 331 3410 τὰ
354 3355 413 3410 δὲ
439 3358 528 3412 διὰ
554 3359 662 3412 τῶν
692 3361 967 3432 μαθητῶν,
1011 3363 1103 3416 καὶ
1139 3365 1323 3435 ἄρτοις
1350 3365 1550 3435 ὀλίγοις
1583 3368 1852 3439 τρέφοντα

264 3448 561 3520 μυριάδας,
589 3453 683 3504 καὶ
711 3452 1012 3516 πεζεύοντα
1040 3455 1297 3524 πέλαγος,
1325 3458 1418 3510 καὶ
1445 3458 1848 3529 προδιδόμενον,

260 3543 362 3596 καὶ
389 3543 812 3614 σταυρούμενον,
840 3547 936 3600 καὶ
959 3548 1364 3618 συσταυροῦντα
1388 3551 1487 3619 τὴν
1507 3551 1646 3623 ἐμὴν
1673 3553 1850 3624 ἀμαρ-

258 3637 415 3687 τίανο
449 3635 526 3696 ὡς
555 3637 724 3706 ἀμνὸν
773 3638 1202 3709 προσαγόμενον,
1247 3640 1341 3693 καὶ
1369 3640 1444 3703 ὡς
1479 3641 1629 3712 ἱερέα
1678 3659 1848 3714 προσ-

261 3729 506 3798 άγοντα,
561 3728 636 3791 ὡς
691 3729 979 3800 ἄνθρωπον
1038 3729 1396 3802 θαπτόμενον,
1455 3733 1549 3785 καὶ
1599 3732 1674 3796 ὡς
1715 3733 1848 3790 Θεὸν

259 3819 632 3890 ἐγειρόμενον,
674 3815 792 3872 εἶτα
824 3820 918 3872 καὶ
945 3822 1325 3893 ἀνερχόμενον,
1353 3822 1447 3875 καὶ
1473 3823 1672 3892 ἥξοντα
1709 3824 1847 3895 μετὰ

259 3909 365 3979 τῆς
412 3911 608 3964 ἑαυτοῦ
650 3910 826 3982 δόξης.
870 3914 1046 3966 Πόσαι
1079 3932 1168 3984 μοι
1201 3915 1537 3988 πανηγύρεις
1573 3917 1690 3970 καθ’
1718 3919 1848 3971 ἕκα-

261 4018 390 4056 στον
421 4001 528 4055 τῶν
555 4002 646 4055 τοῦ
673 4005 910 4075 Χριστοῦ
944 4007 1292 4077 μυστηρίωνι
1328 4002 1428 4060 Ὧν
1464 4008 1719 4062 ἁπάντων
1750 4027 1841 4063 κε-

260 4093 491 4163 φάλαιον
523 4093 602 4160 ἓν,
642 4097 676 4166 ἡ
730 4096 838 4168 ἐμὴ
885 4097 1162 4162 τελείωσις
1217 4098 1311 4152 καὶ
1365 4099 1695 4164 ἀνάπλασις,
1752 4101 1844 4155 καὶ

257 4185 402 4258 πρὸς
427 4186 517 4239 τὸν
547 4186 761 4257 πρῶτον
799 4186 969 4259 Ἀδὰμ
999 4188 1275 4253 ἐπάνοδος.

1954 3113 2058 3167 que
2112 3111 2365 3152 revocare
2408 3095 2883 3167 (quemadmodum
2927 3095 3132 3148 utinam
3185 3103 3236 3146 te
3285 3105 3520 3160 quoque,

1953 3190 2074 3244 tidei
2106 3189 2373 3258 pravitate
2414 3195 2730 3256 mortuum),
2769 3198 2824 3240 et
2869 3186 3159 3249 dremones,
3200 3185 3394 3253 partim
3425 3197 3523 3252 per

1951 3269 2208 3350 seipsum,
2256 3281 2449 3349 partim
2509 3280 2669 3333 etiam
2727 3293 2822 3346 per
2877 3273 3166 3345 apostolos,
3229 3275 3280 3327 in
3339 3272 3520 3342 fugant

1951 3387 2130 3442 agere,
2165 3383 2220 3426 et
2255 3371 2439 3441 paucis
2473 3369 2702 3438 panibus
2729 3369 2892 3421 multa
2921 3365 3196 3420 hominum
3237 3363 3400 3416 millia
3429 3378 3526 3416 nu-

1957 3465 2111 3526 trire,
2149 3471 2202 3516 et
2231 3462 2456 3531 pedibus
2484 3475 2581 3532 per
2611 3473 2758 3514 mare
2803 3458 2906 3512 iter
2934 3455 3134 3520 facere,
3165 3462 3220 3508 et
3248 3451 3421 3523 prodi,
3469 3462 3524 3506 et

1950 3557 2002 3612 in
2043 3569 2260 3610 crucem
2311 3554 2446 3620 tolli,
2489 3569 2554 3608 ac
2598 3562 2876 3621 peccatum
2923 3564 3098 3603 meum
3141 3547 3287 3602 cruci
3337 3559 3520 3600 secum

1949 3649 2165 3719 alligere
2191 3668 2205 3702 :
2229 3658 2286 3701 ut
2319 3661 2515 3718 agnum
2550 3642 2750 3707 oII'erri,
2784 3650 2840 3696 et
2858 3649 2915 3696 ut
2944 3640 3274 3695 sacerdotem
3305 3633 3522 3699 oII‘erre,

1949 3749 2009 3794 ut
2032 3739 2304 3794 hominem
2335 3736 2609 3806 sepultura
2642 3733 2801 3796 allici,
2831 3743 2886 3787 et
2911 3741 2968 3785 ut
3009 3732 3172 3784 Deum
3215 3739 3519 3796 resurgere.

1947 3844 2012 3886 ac
2042 3839 2229 3900 postea
2257 3830 2309 3884 in
2337 3828 2534 3885 coelum
2575 3825 2886 3887 ascendere,
2919 3822 3241 3884 tandemque
3262 3832 3384 3873 cum
3409 3816 3524 3885 glo-

1948 3923 2025 3976 ria
2047 3937 2143 3978 sua
2167 3931 2451 3977 venturum
2478 3934 2616 3974 esse.
2641 3917 2818 3987 Papae,
2845 3923 2978 3984 quot
3021 3911 3150 3966 mihi
3188 3909 3354 3964 festos
3384 3908 3520 3970 dies,

1947 4013 2062 4068 haec
2086 4012 2291 4083 singula
2315 4011 2520 4066 Christi
2569 4009 2825 4080 mysteria
2867 4004 3248 4074 suppeditant!
3276 4002 3518 4068 Quorum

1945 4104 2184 4158 omnium
2215 4118 2380 4157 unum
2420 4101 2525 4156 hoc
2573 4107 2734 4169 caput
2767 4106 2872 4164 est,
2914 4106 3075 4164 atque
3104 4108 3241 4147 unus
3270 4092 3358 4146 hic
3400 4105 3522 4145 sco-

1945 4211 2064 4266 pus,
2102 4196 2359 4250 nimirum
2407 4209 2525 4248 mea
2560 4190 2821 4262 perfectio
2866 4199 2924 4243 et
2966 4184 3310 4247 instauratio,
3359 4191 3521 4251 atque

1945 4291 2010 4342 ad
2045 4288 2274 4356 primum
2303 4285 2450 4339 illum
2477 4285 2740 4338 Adatnutn
2770 4281 2995 4335 reditus.

333 4370 436 4423 ιΖ’.
476 4369 614 4423 Νυνὶ
644 4371 702 4423 δέ
737 4389 826 4442 μοι
857 4371 1003 4437 δέξαι
1031 4373 1130 4443 τὴν
1160 4373 1354 4446 κύησιν
1381 4373 1513 4445 (61),
1549 4376 1643 4428 καὶ
1678 4393 1833 4446 προσ-

2018 4376 2180 4432 XVII.
2233 4376 2386 4431 Nunc
2444 4384 2624 4429 autem
2663 4380 2982 4440 conceptum
3029 4368 3234 4438 accipe,
3266 4381 3330 4421 ac
3381 4379 3520 4436 pra:-

259 4459 556 4530 κίρτησον’
593 4462 640 4514 εί
671 4462 764 4514 καὶ
798 4461 909 4533 (62)
942 4464 1017 4535 μὴ
1048 4463 1123 4527 ὡς
1158 4464 1408 4534 Ἰωάννης
1441 4463 1552 4518 ἀπὸ
1583 4467 1837 4537 γαστρὸς,

257 4549 377 4603 ἀλλ’
397 4549 473 4613 ὡς
500 4550 664 4605 Δαόὶδ
696 4553 788 4605 ἐπὶ
819 4555 883 4624 τῇ
920 4553 1262 4607 καταπαύσει
1302 4555 1402 4626 τῆς
1443 4554 1695 4610 κιϐωτοῦ.
1731 4558 1842 4611 Καὶ

256 4640 360 4711 τὴν
392 4641 721 4714 ἀπογραφὴν
749 4643 1042 4715 αἰδέσθητι,
1080 4644 1149 4697 δι’
1172 4645 1238 4716 ἣν
1267 4646 1346 4708 εἰς
1378 4645 1640 4718 οὐρανοὺς
1681 4647 1840 4718 ἐγρά-

258 4748 372 4802 φης
412 4731 554 4801 (65)*
592 4734 686 4788 καὶ
724 4735 824 4806 τὴν
859 4735 1110 4806 γέννησιν
1157 4736 1472 4808 σεβάσθητι,
1513 4737 1579 4790 δι’
1617 4738 1682 4808 ἣν
1711 4737 1835 4790 em-

258 4821 362 4892 θης
398 4822 505 4876 τῶν
545 4823 757 4894 δεσμῶν
787 4825 888 4896 τῆς
923 4827 1230 4898 γεννήσεως
1259 4826 1398 4896 (64)·
1433 4827 1528 4880 καὶ
1557 4827 1656 4898 τὴν
1695 4828 1835 4898 Βηθ-

1947 4469 2086 4524 sulta
2123 4488 2136 4524 :
2170 4468 2215 4523 si
2253 4468 2431 4523 minus
2478 4477 2534 4520 ut
2578 4464 2814 4520 Joannes
2862 4463 2930 4518 ab
2979 4470 3153 4526 utero,
3193 4469 3249 4512 at
3283 4467 3432 4513 certe
3464 4467 3522 4510 ut

1949 4560 2118 4616 David
2150 4559 2220 4615 ob
2251 4559 2492 4629 requiem
2518 4557 2672 4611 Arcas
2687 4556 2754 4610 ".
2790 4553 3215 4620 Descriptionem
3246 4563 3518 4615 reverere,

1946 4661 2164 4720 propter
2192 4665 2353 4720 quam
2377 4650 2428 4702 in
2455 4647 2606 4704 cmlis
2634 4647 2751 4716 ipse
2785 4645 3110 4701 describeris
3140 4661 3152 4696 :
3185 4652 3239 4697 et
3267 4641 3520 4694 nativita-

1946 4749 2052 4794 tem
2095 4740 2333 4802 celebra,
2389 4739 2458 4794 ob
2513 4751 2674 4808 quam
2710 4735 3007 4792 nativitatis
3042 4733 3266 4787 vinculis
3315 4731 3520 4787 solutus

1943 4845 2023 4895 es,
2055 4842 2109 4886 et
2155 4846 2374 4900 parvam
2425 4829 2568 4884 illam
2623 4827 2894 4885 Bethleem
2939 4827 3165 4890 honora,
3212 4838 3332 4895 quae
3365 4833 3417 4879 te
3465 4824 3518 4877 itt

329 4913 550 4968 σηοω.
583 4931 702 4979 νιιι,
741 4915 830 4972 ιε.
904 4917 949 4949 ’⁸
975 4917 1160 4971 Matth.
1194 4933 1273 4983 ιιι,
1311 4917 1395 4972 I5.
1469 4919 1516 4950 “
1539 4915 1832 4990 Illieg.v1,
1857 4921 1944 4975 Η.

469 5008 825 5079 Προστίᾷης.
853 5007 984 5079 Reg.
1020 5009 1072 5074 ὁ,
1109 5008 1436 5079 προστίθεις.

334 5073 450 5148 (55)
469 5073 878 5148 Ὦδαιμόνων.
911 5073 1002 5132 Sic
1027 5087 1138 5134 tres
1156 5073 1336 5148 'Regg.
1370 5089 1426 5132 et
1455 5089 1564 5137 tres
1591 5080 1742 5137 Colb.
1769 5081 1829 5137 In

256 5143 370 5210 edi,
393 5143 439 5200 ὦ
467 5147 562 5199 κα)⁸
587 5143 875 5210 δαιμόνων.
1253 5143 1276 5166 "

334 5216 447 5288 (56)
481 5215 651 5270 Οὑδέ.
681 5215 847 5287 chg.
875 5218 986 5288 bm.
1016 5215 1086 5285 ph
1119 5227 1175 5272 et
1200 5217 1377 5288 plures
1399 5217 1573 5284 Colb.,
1602 5219 1746 5274 οὔτε.

331 5286 445 5355 (57)
467 5288 713 5354 Μικρόν.
750 5286 780 5338 ι
799 5286 966 5341 Paulo
993 5296 1131 5355 post.
1157 5306 1177 5339 ι
1205 5286 1276 5342 Μ
1305 5299 1409 5354 est,
1455 5289 1774 5346 duodecimo
1806 5306 1838 5345 a

253 5354 460 5429 Chriin
480 5356 774 5429 _nativitate
809 5357 920 5422 die,
951 5354 1006 5410 in
1046 5371 1154 5426 quo
1185 5357 1301 5428 ejus
1330 5358 1580 5429 baptismi
1628 5373 1834 5415 memo-

255 5427 339 5481 ria
362 5426 688 5481 celebratur.

328 5496 443 5567 (58)
480 5497 806 5567 ’ἔγγυθθῇ
838 5496 892 5551 in
915 5495 1158 5567 pluribus
1191 5496 1359 5567 Regg.
1390 5505 1444 5552 et
1476 5496 1569 5554 0r.
1605 5498 1656 5552 1.

351 5564 442 5634 59)
480 5564 724 5620 Ἐδεῖτο.
769 5564 1126 5634 Pam—Select.

349 5635 440 5706 60)
465 5636 576 5691 Kal
612 5634 889 5690 νικῶντα.
952 5636 1114 5690 Coisl.
1151 5635 1205 5701 1,
1268 5634 1362 5691 Or.
1407 5639 1458 5705 I,
1513 5638 1699 5697 Comh.
1730 5637 1827 5694 ad-

583 5733 849 5791 ινῃιιοι.
897 5727 1013 5790 Gtt.
1060 5727 1356 5791 XXXVI.

1941 5011 2092 5132 durnt,
2149 5009 2238 5061 τὸν
2277 5007 2626 5081 πειράζοντα,
2665 5019 2759 5062 «ει
2818 5008 2882 5062 de
2927 5014 3191 5059 tentatore
3238 5002 3518 5056 victoriato

1941 5095 2001 5132 re
2025 5095 2164 5132 erre.
2193 5098 2212 5129 ι

1941 5095 2275 5220 ῗῗῗθιίῗέἇθιν
2304 5149 2545 5220 κύησις.
2584 5167 2601 5199 t
2627 5145 2979 5220 conceptum,
3009 5143 3174 5197 fetum
3196 5159 3216 5192 ι
3243 5140 3296 5195 in
3343 5151 3518 5220 utero.

1942 5210 2060 5273 Non
2088 5210 2230 5273 enim
2263 5210 2414 5286 partu
2448 5216 2636 5281 etl‘uso,
2669 5218 2781 5271 sive
2805 5210 3019 5270 Christo
3053 5210 3518 5286 ttat9,__exsultavit

1943 5286 2198 5353 Joannes,
2259 5281 2350 5342 sed
2403 5289 2715 5356 priusquam
2746 5294 3079 5340 nasceretur.
3136 5281 3326 5336 Billius
3352 5297 3371 5330 ι
3398 5296 3522 5349 par-

1944 5367 2128 5568 ωῗίξὲέ
2158 5429 2225 5479 El
2265 5427 2385 5480 καί.
2413 5424 2546 5480 Tres
2576 5426 2742 5494 Regg.
2777 5436 2828 5478 et
2858 5423 2951 5480 Or.
2981 5425 3029 5488 I,
3056 5421 3110 5474 εἴ
3130 5439 3232 5474 τοι.

2009 5497 2107 5568 (65
2173 5495 2487 5568 Ἐγιοάφης.
2522 5495 2764 5568 Quatuor
2789 5494 2957 5568 Regg.
2985 5505 3032 5548 et
3057 5495 3153 5568 ρι’.
3182 5493 3232 5557 I,

2009 5497 2128 5568 (σε)
2173 5497 2487 5565 “Emme.

2010 5567 2122 5639 (64)
2149 5567 2520 5633 Γεννήσεως.

2173 5454 2225 5479 ιιι
2265 5454 2385 5480 κιαι.
2423 5454 2546 5480 sic:
2579 5454 2742 5494 ιιιῖῆδ.
2777 5454 2828 5478 σι
2858 5454 2951 5480 υΙο
2983 5454 3029 5488 ι,
3056 5454 3104 5474 ει
3141 5454 3232 5474 θυι.
3456 5454 3459 5455 ν

2173 5495 2487 5565 Ἑγράφης.
2522 5495 2764 5566 Q'Ialuor
2789 5494 2957 5566 Regg.
2985 5505 3032 5548 et
3058 5495 3153 5566 ρι’.
3182 5493 3235 5557 I,
3267 5492 3473 5566 γράφῃ.

2561 5565 2724 5637 Regg.
2766 5582 2815 5632 c,
2863 5560 3156 5636 ἁμαρτίας,
3195 5582 3213 5613 ‹
3240 5560 3462 5633 peccati.
3492 5575 3510 5610 ι

3126 5725 3194 5784 11
