3910 6214
217 297 323 352 ’ὀῦἳ
665 263 681 284 “
1151 291 1409 348 ORATIO
1450 291 1696 348 XXXIX.
1740 317 1761 330 -

1953 290 2224 346 SANCTA
2269 291 2351 347 LU
2363 289 2550 345 MINA.
3373 299 3481 354 5'51

213 410 548 485 νεκρώθητι,
580 408 882 478 συντάφηθι
941 406 1259 479 προθύμως,
1294 408 1384 460 ἵνα
1428 409 1521 461 καὶ
1574 424 1757 460 συνανε

1916 407 2102 474 laphos
2134 408 2338 477 accipe,
2379 407 2464 461 fac
2492 407 2681 477 spinis,
2717 409 2819 463 hoc
2847 419 2954 474 est,
2992 412 3091 479 pize
3131 412 3252 466 vitae
3285 415 3460 482 asperi

217 508 388 576 στῇς,
438 503 534 557 καὶ
571 501 957 571 συνδοξασθῇς,
1007 500 1103 552 καὶ
1155 499 1622 570 συμϐασιλεύσῃς,
1673 498 1761 550 Θεὶ

1943 508 2044 562 ate,
2087 500 2385 554 coroneris.
2414 497 2703 555 Cocciuum
2739 502 2950 566 induas,
2984 504 3300 559 arundinem
3340 509 3487 561 acci—

219 593 363 665 ὸρῶν
407 593 532 645 ὅσον
575 592 695 644 ἐστὶ
731 590 865 661 (75),
906 580 1001 642 καὶ
1051 588 1348 660 ὁρώμενος,
1388 589 1479 642 τὸν
1526 591 1583 640 ἐν
1618 588 1763 658 Τριάέ

1948 589 2046 655 ias,
2074 590 2142 644 ab
2169 590 2255 656 iis,
2279 591 2368 660 qui
2397 593 2682 647 veritatem
2713 592 2944 648 ludibrio
2973 595 3192 661 habent,
3219 598 3487 652 adorcris.

224 685 698 757 προσκυνούμενόν
750 702 808 736 τε
878 684 972 736 καὶ
1037 680 1413 752 δοξαζόμενον,
1460 681 1520 734 ὃν
1571 681 1664 733 καὶ
1710 679 1768 734 νῦ

1944 681 2153 750 lenique
2195 692 2442 752 prompto
2491 685 2671 738 animo
2721 687 2880 740 simul
2927 689 3286 759 cruciﬁgaris,
3326 691 3488 744 simul

219 778 553 851 τρανοῦσῦατ.
602 770 736 847 ἡμῖν
773 771 883 846 (76)
929 763 1220 845 εὐχόμεθα,
1256 775 1380 827 ὅσον
1427 772 1646 842 ἐφικτὸν
1696 775 1763 824 τοὶ

1946 772 2174 836 toriare,
2263 775 2421 828 simul
2501 777 2812 846 sepeliaris,
2901 790 2962 832 ut
3033 780 3196 834 simul
3279 797 3490 851 quoque

219 872 464 942 δεσμίοις
505 872 605 940 τῆς
661 869 882 938 σαρκὸς,
917 870 975 920 ὲν
1013 866 1234 938 Χριστῷ
1271 865 1446 937 Ἰησοῦ
1489 864 1570 934 τῷ
1617 864 1760 935 Κυρί

1928 877 2180 932 'esurgas,
2209 874 2262 920 et
2299 866 2468 936 gloria
2502 870 2719 922 donaris
2757 885 2820 924 ac
2852 885 3063 941 regnes,
3099 873 3288 938 Deum,
3322 889 3472 942 quan-

220 963 403 1034 ἡμῶν,
510 965 543 1033 ὴ
576 957 702 1027 δόξα
729 962 809 1023 εἰς
835 961 961 1022 τοὺς
991 957 1196 1022 αἰῶνας
1225 957 1360 1027 (7'7).
1400 957 1592 1028 Ἀμήν.

1943 971 1996 1010 us
2045 969 2161 1024 est,
2215 960 2592 1029 conspiciens,
2634 962 2981 1032 viciSsimque
3049 978 3382 1033 conspectus.
3419 966 3487 1017 ah

220 1074 309 1122 eo,
343 1054 518 1123 quiin
548 1052 815 1106 Trinitate
853 1051 1134 1114 aduratur,
1206 1057 1262 1102 et
1306 1048 1660 1117 glorilicatur,
1729 1058 1889 1113 quem
1929 1059 2072 1099 uuuc
2105 1062 2317 1115 quoque
2362 1050 2534 1114 nobis,
2584 1062 2843 1118 quantum
2891 1053 3072 1106 carnis
3112 1055 3323 1110 'viucuio
3359 1071 3490 1110 cou-

221 1147 433 1205 strictis
454 1146 598 1211 licet,
621 1142 886 1198 declarari
912 1150 1182 1211 optamus,
1215 1141 1268 1194 in
1299 1139 1517 1194 Christo
1545 1138 1670 1192 Jesu
1703 1134 1929 1189 Domino
1967 1146 2173 1199 nostra,
2203 1139 2289 1193 cui
2320 1139 2487 1208 gloria
2521 1141 2572 1193 iu
2619 1140 2833 1195 saecula.
2867 1143 3062 1198 Amen.

296 1327 409 1397 (‘75)
446 1328 628 1381 Ὅσον
674 1329 826 1383 ἐστι.
883 1327 1044 1382 (.‘oisl.
1071 1327 1124 1390 i,
1176 1335 1286 1380 tres
1323 1324 1470 1397 Colb.
1503 1335 1554 1378 et
1586 1320 1801 1385 Comb.,

1983 1325 2095 1393 (77)
2120 1325 2366 1393 Αὶῶνας.
2436 1331 2566 1396 lleg.
2591 1344 2620 1382 c
2648 1337 2701 1382 et
2727 1328 2916 1383 Comb.
2964 1329 3188 1395 addunt,
3224 1329 3330 1383 τῶν
3357 1331 3491 1384 αἰώ-

221 1393 348 1452 8σον
390 1393 538 1451 ἐστὶν
566 1400 805 1466 ἐφικτόν,
838 1418 856 1450 ι
881 1408 1142 1467 quantum
1167 1395 1429 1467 pussihile
1455 1406 1555 1450 est.
1585 1415 1602 1446 ι

947 1408 1142 1451 Iantum
1167 1395 1429 1467 ppssihile
1455 1406 1555 1450 est.
1585 1415 1602 1446 ι
1911 1411 2037 1459 νων,
2073 1415 2088 1446 ι
2115 1398 2452 1452 saeculorum.
2475 1417 2491 1448 ι

296 1467 410 1539 (76)
463 1465 642 1538 Ἡμῖν.
676 1471 766 1523 Sic
798 1465 980 1538 plures
1006 1469 1161 1521 codd.
1195 1465 1252 1517 in
1273 1466 1383 1529 ed.,
1411 1466 1558 1537 ὑμῖν.

568 1465 642 1522 ἵν.
676 1471 766 1523 Sic
798 1465 980 1538 plures
1006 1469 1161 1521 codd.
1195 1465 1252 1517 in
1273 1466 1383 1529 ed.,
1411 1466 1558 1537 ὑμῖν.
2109 1476 2110 1479 ‘

492 1788 1268 1900 ⁶⁷⁶ΜΟΝΙΊἪΜ
1350 1803 1475 1897 ΙΝ
1553 1793 2243 1896 OBATIONES
2313 1807 2727 1894 XXXIX
2801 1805 2954 1894 ET
3021 1808 3222 1895 XL.

1819 2007 1888 2028 an."

309 2159 662 2248 I_Novqm
719 2164 1120 2248 mysterium,
1191 2185 1434 2231 sacrum
1494 2161 1740 2233 scilicet
1785 2171 2024 2233 Christi
2076 2171 2409 2248 baptisma,
2449 2170 2513 2230 in
2559 2169 2675 2230 ista
2732 2186 2804 2230 ac
2839 2167 3144 2248 sequenti
3193 2164 3491 2233 oratione

229 2246 513 2307 celebrat
576 2244 944 2326 Gregorius.
1003 2245 1311 2319 Quamvis
1354 2255 1567 2310 autem
1627 2251 1801 2326 prior
1857 2251 1976 2310 «in
2039 2244 2251 2310 sancta
2313 2248 2583 2310 Lumina
2617 2271 2644 2304 ››
2701 2244 3110 2318 inscribatur,
3157 2264 3289 2309 non
3344 2249 3497 2309 inde

235 2324 1382 2419 ta'men.concludendumﬁpummus,
1415 2335 1511 2417 .ut
1558 2324 1823 2419 quidam
1859 2326 2093 2419 erupui
2127 2326 2277 2419 ('78)_
2325 2334 2745 2419 eenjuerunt,
2799 2326 2960 2419 bene
3012 2325 3368 2419 orationem
3421 2328 3500 2389 ad

236 2427 267 2459 α
296 2402 672 2465 Luminum.
702 2425 733 2459 ιι
769 2420 884 2463 seu
942 2426 972 2458 ar
999 2404 1465 2476 Purificationis
1491 2428 1520 2462 η
1554 2402 1813 2476 festum,
1858 2407 1898 2466 2
1946 2402 2277 2468 Februarii
2321 2407 2388 2467 in
2425 2407 2707 2468 Ecclesia
2757 2405 3170 2470 celebratum.
3218 2403 3500 2467 referen-

233 2485 380 2566 dam
412 2481 707 2566 esse._Ne
757 2481 1018 2566 verbum
1053 2482 1327 2566 quidem
1377 2484 1442 2566 in
1492 2484 1610 2546 ista
1665 2485 2272 2566 orationereperire
2328 2492 2448 2566 est,
2502 2485 2674 2566 quod
2728 2484 2961 2566 Μαρίω-
2995 2482 3500 2566 puriﬁcationem

232 2561 556 2642 designet.
589 2561 797 2642 Tot_us_
827 2560 1141 2642 incumbit
1174 2569 1384 2642 orator
1412 2563 1478 2642 in
1523 2563 1925 2642 praedicando
1964 2560 2202 2626 Christi
2235 2560 2640 2640 baptismate,
2696 2582 2726 2642 a
2770 2579 2900 2640 quo
2932 2561 3278 2642 Luminum
3312 2562 3503 2623 festi-

236 2640 401 2699 vitas
455 2648 663 2698 ortum
700 2638 950 2718 habuit.
999 2643 1090 2701 Ac
1143 2657 1220 2702 ne
1257 2640 1345 2700 sit
1377 2638 1549 2702 ullus
1582 2641 1699 2703 hac
1733 2643 1811 2704 de
1859 2661 1925 2703 re
1961 2643 2195 2704 erroris
2251 2638 2482 2715 metus,
2518 2638 2918 2718 Theologum
2977 2641 3071 2718 sic
3129 2639 3498 2718 loquentem

234 2718 578 2799 audiamus
623 2717 846 2799 (n51)
884 2737 971 2799 τίς(
997 2720 1644 2799 Βοηριυεηῐμυωὶυυη]
1683 2721 1820 2783 dies
1850 2721 1926 2782 ad
1963 2738 2155 2799 quem
2195 2721 2634 2798 pervenimus,
2687 2716 3012 2799 quemque
3051 2716 3239 2778 hodie
3275 2717 3498 2780 divino

232 2797 558 2857 benelicio
613 2796 1103 2876 celebravimus,
1154 2816 1186 2856 a
1239 2796 1470 2858 Christi
1525 2799 1650 2860 mei
1706 2796 2088 2876 baptismate
2129 2796 2446 2875 originem
2479 2799 2678 2862 ducit.
2711 2796 2740 2853 in
2803 2798 3136 2868 Praeterea,
3204 2804 3274 2857 ut
3332 2809 3501 2876 recte

235 2877 537 2935 observat
583 2874 1026 2956 l‘illemontius
1081 2877 1233 2956 (79),
1265 2876 1624 2950 baptismus
1677 2874 1838 2956 apud
1896 2881 2147 2939 Graecos
2187 2874 2680 2940 «illuminatio»
2707 2878 3058 2956 dicebatur,
3091 2876 3262 2953 quod
3303 2875 3502 2956 nimi-

238 2969 383 3034 rum
439 2953 876 3034 catechumeni
921 2971 1044 3034 per_
1091 2953 1474 3034 baptismum
1529 2975 1562 3017 a
1613 2953 1850 3032 peccati
1909 2964 1970 3017 et
2019 2957 2322 3018 vitiorum
2376 2956 2674 3034 caligine,
2705 2958 2779 3016 ad
2807 2955 3077 3034 justitiaa
3115 2961 3178 3014 et
3213 2953 3500 3034 veritatis

241 3032 922 3113 lucemeonvularent.
978 3031 1273 3113 Christus
1321 3033 1516 3113 igitur
1565 3031 1632 3095 in
1693 3036 1806 3096 hac
1840 3036 2034 3112 priori
2075 3036 2364 3097 oratione
2399 3055 2435 3096 a
2473 3031 2780 3111 Gregorio
2810 3031 3212 3113 praedicatur,
3266 3032 3502 3113 ut_lux

239 3127 388 3171 vera
429 3111 805 3171 illuminans
844 3112 1183 3182 ruundum,
1221 3129 1291 3173 ac
1325 3111 1385 3171 iu
1426 3114 1709 3176 tenebris
1741 3109 1929 3175 etiam
1963 3116 2213 3177 lucens.
2267 3114 2447 3176 Unde
2499 3109 2772 3190 primum
2811 3109 3308 3190 catechumenos
3354 3109 3504 3172 hor-

239 3199 436 3272 tatur,
487 3199 578 3262 ut,
619 3190 888 3272 ebjectis
944 3191 1248 3272 tenebris,
1281 3193 1352 3272 ad
1393 3208 1612 3272 puram
1670 3203 1732 3254 et
1787 3191 2128 3272 perfectam
2159 3189 2670 3272 regenerationis
2724 3191 2926 3253 lucem
2952 3206 3079 3272 per
3109 3189 3503 3265 baptismum

239 3271 567 3348 eccedant.
616 3269 853 3330 Deinde
886 3269 1264 3348 mysterium
1309 3270 1503 3342 istud,
1549 3279 1672 3332 tam
1703 3269 1846 3333 cum
1888 3271 2182 3332 nefandis
2237 3270 2640 3348 ethnicorum
2699 3269 3066 3348 mysteriis,
3112 3283 3303 3348 quam
3353 3284 3500 3330 cum

239 3344 563 3434 legalibus
595 3341 983 3434 ⁵,Ιυάεξοοιυυίὶι
1045 3347 1385 3434 institutis,
1451 3341 1794 3434 acnimpiis
1852 3349 2292 3434 haereticorum
2351 3341 3175 3434 dogmatibuseoufereni,
3237 3346 3498 3434 illorum

237 3427 529 3486 omnium
571 3427 924 3488 doctrinam
961 3435 1174 3488 nostra
1228 3426 1417 3502 longe
1458 3424 1834 3489 inferiarem
1883 3429 2298 3490 demonstrat.
2353 3424 2740 3489 Nominatim
2797 3427 3056 3488 demum
3110 3424 3499 3487 Novatiauos

240 3506 542 3586 exagitat,
603 3504 974 3586 qui‘solam
1031 3513 1451 3586 agnoscentes
1511 3507 1976 3584 purgationem,
2035 3523 2178 3586 quae
2227 3506 2546 3586 baptismo
2601 3511 3025 3584 comparatur,
3089 3519 3498 3583 nequaquam

238 3585 518 3664 amplius
552 3583 748 3646 semel
786 3590 925 3660 post
961 3583 1348 3664 baptismum
1383 3583 1590 3664 lapsos
1613 3583 1688 3646 ad
1727 3583 2157 3664 ptenitentiam
2192 3584 2620 3664 admitterent.

323 3663 405 3722 ll.
462 3661 650 3735 Quod
702 3673 913 3724 autem
967 3661 1060 3723 ad
1101 3664 1358 3724 alteram
1411 3661 1793 3738 orationem,
1859 3664 1984 3724 «in
2034 3671 2323 3725 sanctum
2364 3663 2727 3741 baptisma»
2786 3663 3180 3741 inscriptam,
3246 3662 3498 3736 attinet,

241 3741 499 3822 nullum
526 3741 729 3822 ferme
770 3749 980 3817 potest
1019 3759 1159 3802 esse
1193 3741 1488 3822 dubium,
1525 3741 1682 3822 quin
1715 3748 1968 3822 paratus
2006 3742 2346 3822 accesserit
2376 3739 2766 3822 Gregorius,
2803 3753 2869 3803 ut
2911 3739 3040 3803 uno
3070 3739 3202 3822 die,
3239 3757 3500 3822 unaque

241 3820 636 3896 conjunctim
681 3822 996 3893 oratione,
1063 3828 1254 3882 totam
1315 3819 1500 3892 hanc,
1543 3817 1844 3882 'tum'de
1903 3820 2159 3898 Christi,
2217 3829 2348 3898 tum
2403 3823 2481 3882 de
2517 3817 3497 3898 'Christianorum_baptismate

241 3891 779 3978 disputationem,
811 3891 1224 3978 absolveret.‘
1255 3891 1602 3978 EXorditur
1647 3899 1817 3962 enim
1872 3901 1970 3976 (n.
2006 3891 2130 3978 1);
2187 3895 2583 3978 «Quoniam
2653 3898 2792 3959 heri
2836 3891 3243 3978 splendidum
3284 3891 3503 3978 Lumi-

241 3971 398 4037 num
427 3976 594 4039 diem
629 3977 1173 4056 celebravimus...
1212 3976 1403 4056 hodie
1433 3977 1513 4056 de
1555 3971 1888 4056 baptismo
1911 3971 2191 4039 breviter
2221 3971 2656 4051 disseremus;
2704 3971 2937 4038 eteni'm
2965 3971 3257 4036 hesterna
3291 3976 3433 4039 luce
3463 3996 3501 4039 a

242 4056 438 4117 nobis
488 4057 691 4117 oratio
750 4055 967 4133 paucis
1019 4073 1322 4135 expressa
1352 4054 1672 4135 fu_it,rlum
1716 4058 1869 4135 quia
1918 4058 2226 4134 temporis
2257 4058 2550 4134 angustia
2610 4057 3090 4135 premebamur,
3153 4059 3287 4135 tum
3347 4056 3505 4134 quia

243 4151 466 4196 sermo
497 4130 897 4197 saturitatem
939 4152 1010 4196 ac
1040 4130 1364 4213 fastidium
1399 4132 1706 4210 fugiebat.
1738 4130 1768 4191 in
1823 4135 1988 4197 Hinc
2043 4130 2272 4196 merito
2319 4130 2579 4213 q'uidem
2610 4130 2763 4197 'haac
2808 4134 3035 4205 oratio,
3086 4130 3282 4213 velut!
3310 4130 3504 4213 altera

240 4213 664 4298 prmcedentis
699 4211 1442 4298 oralionisparshaberi
1472 4213 1684 4298 debet.
1724 4215 1796 4298 I_n
1829 4215 2024 4290 priori
2064 4211 2667 4298 namque‘Christus
2703 4211 3502 4298 baptismumsuscipiens,

243 4290 694 4354 consideratur
734 4301 799 4352 ut
847 4309 992 4353 vera
1026 4290 1136 4353 lux
1173 4290 1551 4352 illuminans
1590 4291 1920 4354 hominem
1955 4290 2325 4354 venientem
2386 4294 2449 4352 in
2485 4290 2655 4354 hunc
2693 4293 3004 4366 mundum
3038 4309 3054 4361 ;
3101 4290 3166 4347 in
3203 4290 3324 4352 ista
3360 4309 3506 4353 vero

243 4371 690 4455 consideratur
721 4371 1302 4455 homotquatenus
1341 4377 1437 4432 est
1487 4387 1522 4430 a
1577 4369 1827 4433 Christo
1862 4389 1974 4448 per
2006 4371 2396 4455 baptismum
2443 4371 2893 4455 illuminatus._
2938 4369 3012 4429 In
3065 4371 3508 4455 pertractanda

244 4459 465 4510 autem
501 4460 624 4511 tam
657 4449 970 4529 inetl'abili
1000 4444 1359 4529 mysterio,
1381 4455 1553 4529 tanta
1607 4444 1983 4529 eratrerum
2019 4444 2224 4524 copia,
2256 4457 2324 4509 ut
2360 4465 2765 4529 nequaquam
2811 4444 3396 4529 mirum'videatur,
3451 4451 3505 4510 si

243 4529 625 4606 Gregorius,
661 4528 956 4607 quamvis
989 4526 1303 4607 orationis
1345 4527 1534 4587 initio
1563 4544 1632 4607 se
1699 4550 1726 4584 ιι
1755 4528 2038 4607 breviter
2067 4529 2390 4588 dicturum
2420 4526 2482 4582 »⁷
2509 4526 2901 4607 promiserit,
2952 4527 3367 4607 l'use__ta_men
3428 4529 3506 4590 de

242 4602 1095 4684 baptismatis'excellenlia
1167 4607 1490 4684 loquatur.
1574 4606 1889 4684 Baptismi
1942 4608 2182 4668 donum
2239 4602 2992 4684 mit-iticaampliticaus,
3068 4602 3233 4673 677
3295 4605 3507 4683 ipsum

244 4682 598 4746 creationis
631 4686 801 4747 dono
837 4682 1570 4764 praestantius’declarat.
1629 4682 1900 4759 idcirco,
1942 4684 2130 4746 modo
2177 4685 2431 4758 blande,
2485 4682 2674 4745 modo
2725 4682 2978 4746 fortiter
3015 4682 3508 4746 catechumenos

243 4771 458 4840 urget,
497 4773 558 4825 ut
595 4762 888 4842 prompto
923 4773 982 4826 et
1009 4762 1193 4824 alacri
1227 4763 1444 4823 animo
1473 4767 1548 4823 ad
1579 4764 1979 4842 baptismatis
2012 4764 2328 4826 lavacrum
2361 4764 2707 4836 accedant;
2747 4771 2810 4824 et
2842 4763 3171 4842 prolixiori
3205 4780 3508 4825 sermone

244 4841 608 4904 ostendens
635 4841 947 4920 quantum
987 4844 1072 4903 sit
1109 4842 1174 4901 in
1222 4857 1397 4902 mora
1436 4841 1793 4918 periculum
1824 4888 1840 4917 ,
1880 4845 2047 4904 varia
2091 4841 2527 4920 cunctantium
2562 4857 2633 4902 ac
2671 4841 3270 4918 procrastinantium
3322 4860 3513 4920 argu-

246 4930 469 4981 menta
526 4919 761 4983 invicte
817 4921 1074 4984 refellit.
1129 4921 1226 4999 Ex
1263 4919 1364 4999 his
1401 4926 1610 4981 autem
1649 4938 1793 4999 quae
1854 4930 1986 4983 tum
2025 4921 2087 4981 in
2123 4919 2501 4998 praecedenti
2537 4920 2828 4999 Monito,
2858 4928 2991 4980 tum
3027 4921 3095 4980 in
3146 4921 3269 4981 isto
3325 4939 3513 4999 argu-

247 5007 470 5059 mento
501 4999 810 5072 diximus,
849 5015 973 5060 non
1022 4998 1182 5061 male
1220 4997 1405 5059 nobis
1437 4997 1954 5061 concludendum
2012 4997 2287 5069 videtur,
2351 4999 2706 5060 orationem
2762 5021 2791 5054 α
2817 4998 2884 5058 in
2931 5006 3144 5060 sancta
3181 4998 3451 5060 Lumina
3480 5023 3510 5053 υ

247 5076 808 5157 ConstantinOpoli
844 5078 1119 5157 habitam
1153 5076 1352 5157 fuisse
1382 5078 1421 5137 6
1449 5077 1738 5140 Januarii
1765 5079 1908 5155 381,
1941 5078 2201 5140 alteram
2239 5093 2386 5137 vero
2423 5078 2552 5139 «De
2574 5077 3024 5152 Baptismste,»
3060 5079 3165 5139 die
3191 5077 3513 5155 sequenti,

246 5156 315 5217 id
347 5163 444 5218 est
477 5157 516 5215 7
546 5154 838 5220 Januarii
876 5156 1164 5220 eiusdem
1197 5154 1373 5217 anni.

249 5459 300 5520 Μ
323 5392 435 5514 (7‘8)
465 5389 733 5514 Plantelius
767 5391 822 5445 in
870 5367 1056 5448 an‘nut.
1090 5392 1142 5446 iu
1175 5389 1306 5460 Cvp.
1339 5406 1352 5455 ;
1395 5387 1572 5444 Gcias.
1637 5387 1688 5440 in
1733 5390 1830 5441 suo
2008 5387 2118 5458 (79)
2143 5380 2205 5444 Τ.
2234 5388 2323 5454 ΙΧ,
2355 5397 2457 5442 art.
2488 5390 2611 5454 LXV,
2643 5405 2696 5458 p.
2721 5388 2845 5444 465.

306 5478 365 5516 ar
390 5477 490 5520 ,vro
512 5477 599 5520 0g.

306 5477 599 5533 artyromg.

1838 5657 1913 5678 ~
