3910 6214
402 292 511 348 357$
1610 284 1665 337 ὃ.
1707 282 2034 337 αιιΕϋυιιιι
2074 280 2415 335 τιιιιυωυι

3548 279 3650 335 ὗῖϐ

422 438 3617 469 W

790 563 1174 646 ORATIO
1248 554 1622 673 xxxtxt

893 719 960 776 In
994 732 1176 776 sancta
1212 716 1460 771 Lumina.

476 839 517 893 Ι.
562 838 791 891 Rursum
821 835 978 889 Jesus
1030 846 1201 899 meus,
1264 842 1320 887 et
1370 846 1579 886 rursum
1618 831 1970 903 mysterium;

405 932 715 1004 mysterium
758 942 863 983 non
912 926 1089 991 fallax,
1140 941 1238 982 nec
1269 926 1607 992 indecorum,
1656 940 1756 980 nec
1801 923 1974 994 genti-

404 1025 502 1078 litii
543 1021 747 1078 erroris
783 1034 848 1073 ac
885 1017 1209 1073 temulentiaa
1240 1015 1340 1089 (sic
1376 1018 1523 1072 enim
1570 1016 1879 1071 veneranda
1910 1012 1974 1067 il-

403 1115 575 1171 lorum
622 1111 878 1184 mysteria
934 1123 1091 1175 voco,
1136 1117 1300 1178 atque
1355 1108 1542 1174 etiam,
1604 1116 1662 1161 ut
1712 1105 1970 1168 arbitror,

402 1218 590 1258 omnes
622 1209 799 1256 mente
824 1197 1087 1270 praediti);
1126 1199 1220 1252 sed
1251 1198 1568 1267 mysterium
1612 1195 1885 1251 excelsum
1920 1203 1976 1249 et

402 1297 664 1361 divinum,
681 1308 745 1348 ac
760 1305 1050 1362 supernum
1069 1289 1408 1361 splendorem
1427 1289 1737 1345 concilians.
1761 1288 1971 1343 Etenim

404 1395 628 1443 sanctus
645 1384 930 1439 Luminum
962 1381 1098 1447 dies,
1129 1381 1195 1434 ad
1225 1395 1383 1451 quem
1404 1379 1974 1450 pervenimus,quem-

405 1494 510 1549 que
550 1476 709 1533 hodie
737 1474 916 1529 divino
957 1470 1221 1527 beneﬁcio
1250 1470 1661 1538 celebravimus,
1711 1471 1973 1542 originem

406 1570 621 1640 quidem
657 1583 686 1620 a
729 1564 928 1620 Christi
967 1562 1071 1616 mei
1123 1561 1450 1631 baptismate
1492 1561 1685 1619 ducit:
1746 1562 1975 1627 Christi,

405 1661 647 1729 inquam,
676 1655 769 1725 qui
797 1662 881 1710 est
906 1653 995 1706 lux
1029 1665 1176 1716 vera,
1211 1649 1525 1708 illuminans
1549 1668 1765 1708 omnem
1794 1653 1974 1708 homi-

404 1765 526 1805 nem
556 1748 852 1803 venientem
881 1746 932 1799 in
956 1743 1268 1800 mundum"
1300 1759 1505 1800 :meatn
1550 1754 1727 1798 autem
1766 1759 1977 1815 quoque

404 1844 778 1912 purgationem
815 1847 1091 1909 operatur,
1151 1853 1215 1891 ac
1261 1836 1452 1892 lumini
1513 1836 1563 1892 ei
1611 1836 1973 1906 adiumentum

405 1936 581 2003 all‘ert,
608 1934 749 2003 quod
778 1932 845 1987 ab
886 1946 953 1986 eo
999 1930 1305 1986 sublimitus
1359 1930 1428 1985 ab
1471 1929 1625 1984 initio
1667 1939 1972 2000 acceptum,

405 2028 611 2100 peccati
642 2025 866 2095 caligine
892 2021 1217 2078 obduximus
1244 2031 1406 2091 atque
1435 2019 1798 2076 confudimus.

479 2119 542 2173 ll.
590 2117 853 2185 Quocirca
883 2115 1119 2170 divinam
1149 2128 1338 2170 vocem
1374 2112 1571 2178 audite,
1595 2111 1727 2166 mihi
1750 2111 1970 2182 quidem

406 2209 709 2281 hujusmodi
753 2221 929 2260 rerum
980 2213 1034 2259 ct
1062 2203 1325 2274 discipulo
1380 2211 1435 2257 et
1478 2200 1762 2271 magistro,
1811 2210 1975 2270 atque

408 2306 613 2359 utinam
659 2301 820 2354 etiam
862 2298 1017 2353 vobis
1044 2297 1393 2352 vehementer
1435 2294 1775 2349 insonantem
1816 2309 1829 2346 :
1863 2290 1976 2362 Ego

407 2412 524 2448 sum
557 2393 649 2446 (ua:
691 2390 872 2445 mundi
903 2390 970 2444 ’°.
1023 2389 1101 2443 Ac
1138 2386 1404 2459 proinde:
1443 2385 1683 2440 Accedite
1724 2385 1794 2438 ad
1836 2400 1974 2448 eum,

409 2497 462 2542 et
495 2482 888 2549 illuminamini,
913 2492 959 2534 et
982 2480 1142 2550 [acies
1170 2491 1368 2540 vestra,
1411 2492 1542 2532 vero
1567 2476 1769 2532 lumine
1799 2477 1977 2530 consi-

408 2587 607 2649 gnatae,
642 2575 856 2629 minime
898 2571 1285 2642 confundantur
1320 2571 1387 2625 ’⁷.
1415 2569 1649 2639 Tempus
1692 2582 1979 2638 regenera-

408 2671 600 2737 tionis;
650 2681 936 2722 nascamur
981 2665 1174 2720 denuo.
1224 2662 1462 2733 Tempus
1520 2660 1972 2725 iustaurationis;

409 2763 637 2832 primum
667 2760 928 2813 Adamum
971 2756 1317 2826 recipiamus.
1350 2753 1427 2808 Ne
1472 2752 1525 2807 in
1570 2766 1638 2808 eo
1664 2761 1830 2816 statu,
1869 2764 1977 2821 quo

407 2867 616 2918 sumus,
658 2863 1001 2915 maneamus;
1034 2862 1222 2902 verum
1246 2845 1315 2900 ad
1346 2845 1632 2915 pristinum
1666 2843 1972 2899 redeamus.

409 2944 528 3001 Lua:
573 2947 626 2998 in
661 2943 884 2998 tenebris
927 2941 1009 3004 ⁸⁸,
1046 2940 1152 2995 11οο
1181 2938 1351 3011 678
1399 2946 1486 2993 est
1551 2937 1605 2992 in
1653 2937 1755 2992 hac
1782 2936 1892 2990 vita
1924 2946 1979 2990 et

409 3049 593 3101 carne,
640 3034 808 3098 lucet;
841 3047 906 3087 ac
945 3032 1180 3086 tenebrae
1225 3029 1442 3099 quidem
1490 3042 1610 3083 eam
1643 3041 1979 3098 persequun-

410 3139 518 3195 tur,
554 3128 649 3183 sed
689 3141 793 3181 non
835 3122 1322 3195 comprehendunt,
1362 3120 1697 3185 adversaria,
1732 3120 1974 3187 inquam,

407 3226 667 3289 potestas,
711 3229 852 3286 quae,
894 3215 1018 3269 dum
1048 3225 1146 3282 pro
1189 3225 1287 3265 sua
1318 3209 1649 3279 impudentia
1702 3209 1755 3264 in
1789 3208 1977 3265 visibi-

408 3311 515 3364 lem
549 3305 816 3362 Adamum
846 3306 1103 3375 impetum
1135 3302 1282 3367 facit,
1324 3300 1376 3355 in
1419 3299 1587 3356 Deum
1632 3299 1878 3364 incurrit,
1913 3315 1976 3355 ac

1994 711 2042 767 Δ

2597 553 2961 638 ΛΟΓΟΣ
2999 555 3141 637 IZ'.

2488 715 2593 778 Είς
2627 714 2700 767 τὰ
2730 712 2868 782 ἅγια
2898 713 3066 766 Φῶτα
3094 712 3229 785 (80).

2144 823 2222 877 A'.
2256 823 2429 877 Πάλιν
2470 823 2677 894 Ἰησοῦς
2721 826 2749 877 ό
2792 823 2944 893 ἐμὸς.
2979 824 3074 878 καὶ
3115 825 3278 880 πάλιν
3314 828 3612 898 μυστήριον

2078 916 2369 986 μυστήριον
2396 914 2498 967 οὐκ
2527 913 2820 984 ἀπατηλὸν,
2843 914 2953 967 οὐδ’
2978 915 3239 987 ἄκοσμον,
3262 916 3383 970 οὐδὲ
3405 918 3503 989 τῆς
3543 918 3634 970 Ἑλ

2074 1006 2300 1078 ληνικῆς
2344 1006 2570 1077 πλάνης,
2600 1006 2696 1059 καὶ
2733 1006 2905 1077 μέθης
2933 1005 3095 1077 (οὕτω
3124 1006 3232 1079 γὰρ
3264 1007 3376 1073 ἐγὼ
3406 1008 3557 1062 καλῶ
3586 1010 3649 1062 τὰ

2074 1099 2296 1153 ἐκείνων
2327 1098 2517 1170 σεμνὰ,
2543 1094 2694 1169 οἶμαι
2722 1098 2799 1163 δὲ,
2835 1100 2928 1153 καὶ
2954 1099 3064 1152 τῶν
3090 1099 3494 1171 εὐφρονούντων
3517 1101 3639 1156 ἔκαε

2075 1190 2242 1256 στος),
2283 1190 2419 1244 ἀλλὰ
2463 1191 2757 1263 μυστήριον
2788 1189 2989 1261 ὑψηλόν
3024 1208 3084 1244 τε
3121 1191 3215 1245 καὶ
3241 1191 3403 1255 θεῖον,
3433 1192 3527 1246 καὶ
3552 1194 3649 1263 τῆς,

2073 1283 2185 1337 ἄνω
2215 1281 2592 1354 λαμπρότητος
2617 1282 2897 1353 πρόξενον.
2929 1282 2992 1335 Ἡ
3022 1281 3131 1353 γὰρ
3158 1282 3290 1351 ἁγία
3319 1283 3427 1336 τῶν
3453 1284 3649 1338 Φώτων

2072 1375 2276 1447 ἡμέρα,
2300 1378 2380 1437 είς
2403 1376 2471 1447 ἢν
2499 1374 2800 1446 ἀφίγμεθα,
2827 1374 2925 1429 καὶ
2959 1375 3027 1446 ἢν
3057 1375 3334 1444 ἑορτάζειν
3371 1377 3649 1448 ὴξιώμεθσ

2075 1469 2335 1539 σήμερον,
2366 1468 2539 1539 ἀρχὴν
2582 1467 2681 1536 μὲν
2712 1467 2771 1520 τὸ
2794 1467 2888 1523 τοῦ
2922 1467 3058 1537 ἐμοῦ
3097 1466 3336 1538 Χριστοῦ
3370 1467 3649 1539 βάπτισμα

2073 1560 2359 1631 λαμϐάνει,
2388 1559 2482 1614 τοῦ
2510 1559 2763 1632 ἀληθινοῦ
2800 1559 2999 1629 φωτὸς,
3028 1559 3124 1613 τοῦ
3160 1561 3484 1630 φωτίζοντος
3512 1562 3634 1614 πάν·

2074 1670 2142 1707 τα
2169 1651 2450 1725 ἄνθρωπον
2487 1653 2780 1724 ἐρχόμενον
2812 1655 2892 1717 είς
2928 1652 3018 1707 τὸν
3063 1654 3297 1723 κόσμον⁹
3346 1656 3559 1725 ἐνεργεῖ
3592 1654 3649 1706 δὲ

2073 1742 2171 1813 τὴν
2196 1741 2334 1814 ἐμὴν
2358 1742 2643 1815 κάθαρσιν,
2677 1744 2773 1796 καὶ
2803 1742 2988 1814 βοηθεῖ
3026 1744 3105 1814 τῷ
3145 1745 3304 1812 φωτὶ,
3336 1745 3364 1799 ὃ
3393 1745 3523 1816 παρ’
3552 1747 3636 1798 αὑ-

2073 1829 2168 1884 τοῦ
2222 1830 2473 1896 λαϐόντες
2524 1831 2731 1887 ἄνωθεν
2773 1833 2867 1887 ἀπ’
2904 1833 3102 1905 ἀρχῆς,
3136 1837 3200 1889 ὲκ
3237 1835 3339 1905 τῆς
3379 1837 3650 1907 ἁμαρτίας

2076 1923 2427 1995 ὲξοφώσαμέν
2457 1942 2515 1978 τε
2545 1925 2640 1979 καὶ
2666 1926 3016 1997 συνεχέαμεν.

2147 2107 2223 2162 B'.
2254 2106 2553 2180 Τοιγαροῦν
2587 2108 2853 2161 ἀκούσατε
2911 2108 3061 2173 θείας
3116 2110 3321 2182 φωνῆς,
3383 2111 3508 2182 ἐμοὶ
3555 2111 3652 2182 μὲν

2078 2200 2174 2254 καὶ
2200 2199 2320 2254 λίαν
2353 2199 2598 2272 σφοδρῶς
2624 2200 2945 2272 ἐνηχούσης,
2985 2200 3065 2273 τῷ
3103 2202 3282 2276 μύστῃ
3312 2203 3409 2256 καὶ
3449 2221 3652 2274 μυσταο

2078 2292 2242 2363 γωγῷ
2260 2292 2369 2347 τῶν
2399 2292 2675 2357 τοιούτων,
2706 2294 2790 2365 εἴη
2822 2294 2877 2347 δὲ
2911 2294 3006 2348 καὶ
3038 2296 3166 2366 ὑμῖν
3185 2314 3199 2327 ’
3246 2296 3384 2366 Ἐγώ
3423 2299 3542 2363 ειμι
3587 2301 3653 2351 τὸ

2077 2383 2202 2455 φῶς
2229 2385 2338 2439 τοῦ
2365 2385 2616 2454 κόσμου.
2652 2384 2764 2438 Καὶ
2794 2384 2882 2438 διὰ
2909 2384 3088 2451 τοῦτο,
3110 2386 3481 2454 Προσέλθετε
3503 2388 3653 2457 πρὸς

2077 2475 2283 2539 αὐτὸν,
2317 2474 2417 2529 καί
2447 2476 2798 2545 φωτίσθητε,
2830 2478 2928 2532 καί
2964 2478 3038 2532 τὰ
3060 2481 3351 2547 πρόσωπα
3376 2479 3545 2549 ὑμῶν
3581 2484 3656 2535 οὐ

2071 2566 2161 2637 μὴ
2198 2567 2631 2638 καταισχυνθῇ,
2674 2569 2752 2640 τῷ
2793 2569 3032 2642 ἀληθινῷ
3077 2571 3217 2639 φωτὶ
3261 2572 3654 2644 σημειούμενα.

2077 2658 2283 2730 Καιρὺς
2311 2659 2719 2733 ἀναγεννήσεως
2736 2680 2747 2691 ·
2764 2662 3113 2734 γεννηθῶμεν
3138 2664 3343 2719 ἀνωθεν
3370 2664 3502 2730 (81).
3520 2669 3655 2720 Και-

2080 2753 2172 2825 ρδς
2206 2753 2563 2820 ἀναπλάσεως
2585 2774 2600 2789 ·
2630 2756 2721 2810 τὸν
2760 2756 2977 2828 πρῶτον
3022 2758 3193 2828 Ἀδὰμ
3232 2757 3342 2826 (82)
3373 2760 3655 2815 ἀναλάϐω-

2080 2863 2201 2917 μεν.
2245 2847 2338 2919 Mi)
2379 2848 2650 2920 μείνωμεν
2678 2850 2815 2920 ὅπερ
2842 2850 3029 2921 ἐσμὲν,
3060 2852 3175 2905 ἀλλ’
3206 2853 3343 2923 ὅπερ
3385 2849 3528 2924 ἦμεν
3561 2872 3647 2923 γεο

2077 2939 2316 3009 νώμεθα.
2356 2940 2428 2994 Τὸ
2450 2941 2574 3011 φῶς
2605 2941 2676 2995 ἐν
2703 2940 2777 3009 τῇ
2813 2943 3026 3010 σκοτίᾳ
3058 2943 3257 3012 φαίνει
3290 2942 3423 3014 (85),
3445 2943 3522 3016 τῷ
3555 2944 3657 3015 βίῳ

2075 3031 2267 3103 τούτῳ,
2307 3032 2403 3087 καὶ
2440 3033 2519 3105 τῷ
2549 3034 2757 3107 σαρκίῳ
2777 3049 2790 3062 ·
2827 3036 2922 3087 καὶ
2959 3034 3064 3087 ὑπὸ
3099 3035 3197 3106 τῆς
3222 3035 3444 3099 σκοτίας
3461 3035 3657 3090 διώκε-

2076 3140 2166 3178 ται
2200 3124 2319 3196 μὲν,
2358 3124 2419 3178 οὺ
2464 3125 2939 3197 καταλαμϐάνεται
3003 3126 3079 3191 δὲ,
3119 3126 3218 3196 τῆς
3274 3126 3656 3198 ἀντικειμένης

2076 3217 2219 3287 λέγω
2253 3217 2555 3288 δυνάμεως,
2590 3217 2667 3288 τῷ
2702 3218 3011 3287 φαινομένῳ
3058 3218 3155 3289 μὲν
3199 3217 3369 3290 Ἀδὰμ
3407 3235 3655 3290 προσπη-

2076 3310 2253 3381 δὼσης
2298 3309 2358 3375 ἐξ
2403 3296 2695 3373 ἀναιδείας,
2739 3309 2816 3381 τῷ
2848 3309 2964 3380 Θεῷ
2995 3310 3051 3363 δὲ
3086 3311 3523 3383 περιπιπτούσης
3562 3314 3657 3366 καὶ

410 3409 696 3472 superatur
723 3415 755 3464 ;⁹
796 3407 854 3453 ιιι
895 3410 1031 3463 nos,
1084 3393 1309 3465 ahjectis
1361 3392 1636 3459 tenebris,
1699 3393 1764 3447 ad
1805 3392 1973 3447 lucem

2087 3399 2394 3472 ἡττωμένης
2411 3416 2424 3430 ·
2449 3400 2514 3454 ἵν’
2535 3403 2698 3472 ἡμεῖς
2721 3400 2784 3453 τὺ
2840 3401 3028 3464 σκότος
3057 3400 3403 3470 ἀποθέμενοι,
3432 3400 3510 3472 τῷ
3539 3419 3656 3471 φω-

410 3491 734 3548 accedamus
757 3529 774 3554 ,
809 3503 872 3544 ac
904 3485 1098 3543 deinde
1121 3485 1218 3541 lux
1263 3498 1481 3555 quoque
1509 3484 1749 3552 perfecta
1776 3481 1973 3538 cilicia-

2087 3492 2130 3545 τὶ
2148 3490 2535 3566 πλησιάζωμεν
2560 3492 2690 3562 (84),
2720 3486 2839 3545 εῐτα
2867 3492 2962 3546 καὶ
2984 3491 3100 3561 φῶς
3122 3492 3408 3563 γενώμεθα
3431 3493 3654 3557 τέλειον,

412 3597 553 3648 mur,
590 3596 620 3635 a
668 3579 907 3651 perlecta
956 3578 1073 3632 luce
1104 3578 1452 3648 prodeuntes.
1496 3574 1774 3632 Videtisne
1819 3575 1973 3644 hujus

2087 3584 2279 3638 τελείου
2345 3584 2521 3653 φωτὸς
2567 3585 2902 3656 γεννήματα.
2948 3581 3140 3656 Ὁρᾶτε
3172 3586 3271 3656 τῆς
3300 3584 3512 3656 ἡμέρας
3557 3587 3657 3655 τὴν

410 3672 515 3727 diei
554 3668 816 3739 gratiam?
850 3666 1127 3723 Videtisne
1173 3666 1335 3735 hujus
1380 3665 1621 3737 mysterii
1667 3666 1774 3719 vim
1807 3674 1863 3720 et
1901 3665 1973 3720 fa-

2087 3675 2270 3748 χάριν;
2319 3674 2482 3747 ὁρᾶτε
2516 3672 2612 3728 τοῦ
2664 3675 2965 3746 μυστηρίου
2995 3675 3094 3748 τὴν
3122 3675 3380 3747 δύναμιν;
3413 3675 3512 3731 οὐκ
3549 3677 3659 3730 ἀπὸ

410 3759 706 3817 cultatem?
733 3759 814 3812 An
848 3772 954 3813 non
988 3772 1015 3810 a
1057 3767 1200 3812 terra
1247 3757 1303 3812 in
1354 3756 1521 3811 altum
1567 3757 1768 3812 sublati
1801 3756 1973 3812 estis?

2087 3765 2181 3836 γῆς
2212 3765 2447 3837 ήρθητε;
2481 3766 2579 3818 οὐκ
2605 3766 2717 3821 ἀνω
2749 3765 2993 3819 τέθεισθε
3016 3766 3204 3837 σαφῶς
3229 3767 3532 3837 ὑψωθέντες
3554 3769 3663 3824 ὑπὸ

409 3854 490 3909 An
521 3869 627 3910 non
663 3854 716 3908 in
757 3850 898 3907 coelo
939 3849 1226 3919 perspicue
1264 3850 1444 3919 positi,
1490 3861 1676 3905 nostra
1722 3848 1973 3905 videlicet

2087 3857 2173 3927 τῆς
2232 3856 2506 3928 ἡμετέρας
2566 3857 2749 3926 φωνῆς
2780 3858 2873 3911 καί
2907 3859 3194 3929 ἀναγωγῆς
3230 3858 3378 3930 (85);
3428 3860 3540 3913 Καὶ
3576 3860 3666 3916 ἔτι

410 3963 544 4005 voce
565 3962 631 4002 ac
658 3943 1115 4013 contemplatione
1144 3943 1197 3997 in
1233 3942 1462 3998 sublime
1502 3940 1666 3997 elati?
1693 3940 1772 3997 Ac
1805 3941 1973 3997 multo

2087 3950 2280 4023 μᾶλλον
2311 3951 2624 4022 τεθήσεσθε,
2661 3951 2883 4006 ἐπειδὰν
2914 3951 3155 4027 εὐοδώσῃ
3183 3953 3293 4027 (86)
3323 3953 3415 4008 τὸν
3448 3954 3608 4024 λόγον
3633 3957 3667 4009 ὁ

409 4043 574 4097 etiam
613 4038 783 4110 magis
809 4036 1058 4092 collocati
1097 4049 1161 4089 ac
1202 4032 1429 4090 stabiliti
1469 4032 1647 4101 eritis,
1677 4046 1798 4088 cum
1843 4032 1975 4086 Ver-

411 4136 538 4190 hum
567 4131 808 4188 sermoni
837 4138 1023 4185 nostro
1057 4141 1376 4198 prosperum
1415 4139 1636 4182 cursum
1674 4125 1905 4180 dederit.

481 4223 567 4280 lll.
609 4223 789 4294 Ecqua
829 4222 951 4277 talis
978 4231 1064 4277 est
1102 4219 1289 4290 legalis
1316 4226 1480 4288 atque
1509 4215 1813 4271 umbratilis
1846 4230 1979 4284 pur-

409 4315 573 4383 gatio,
613 4298 730 4383 qua:
766 4328 861 4381 per
902 4310 1258 4381 temporarias
1303 4307 1645 4377 aspersiones
1694 4306 1977 4361 utilitatem

409 4404 587 4472 all‘ert,
618 4419 683 4460 ac
707 4404 939 4474 pollutos
971 4417 1066 4471 per
1106 4400 1287 4456 vitula:
1323 4401 1562 4455 cinerem
1602 4398 1841 4453 lustrat?
1871 4394 1977 4451 Ec-

410 4494 541 4566 quit‘l
603 4494 861 4564 ejusmodi
915 4492 1143 4565 gentiles
1186 4488 1514 4548 celebrant?
1556 4477 1823 4554 'Quorum
1877 4500 1978 4557 ego

410 4588 760 4644 rzeremonias
784 4600 971 4641 omnes
1013 4594 1068 4641 et
1113 4583 1397 4656 mysteria,
1444 4595 1623 4637 meras
1652 4595 1826 4651 nugas
1859 4594 1979 4635 esse

478 4705 525 4735 ⁹⁸
561 4700 716 4757 Joan.
749 4701 880 4763 1,9.
1001 4697 1048 4731 “
1107 4695 1264 4752 Joan.
1316 4709 1433 4762 vni,
1489 4695 1577 4750 12.

1703 4694 1748 4726 ³⁷
1785 4692 1927 4747 Psal.
1959 4707 2134 4748 xxxttl
2154 4735 2171 4761 ,
2193 4694 2249 4749 6.

2078 4043 2269 4111 Λόγος.

2152 4214 2228 4270 I".
2268 4217 2359 4288 Μή
2392 4234 2473 4281 τις
2498 4217 2721 4288 τοιαύτη
2755 4218 3022 4290 κάθαρσις
3053 4219 3248 4291 νομικὴ
3274 4220 3369 4274 καὶ
3400 4220 3661 4293 σκιώδης,

2083 4307 2435 4380 προσκαίροις
2466 4309 2821 4380 ραντίσμασιν
2837 4308 3140 4380 ὠφελοῦσα,
3162 4311 3256 4365 καὶ
3278 4311 3455 4382 σποδῷ
3480 4312 3664 4385 δαμά-

2083 4396 2218 4461 λεως
2254 4397 2572 4468 ῥαντίζουσα
2600 4400 2724 4463 τοὺς
2760 4401 3220 4471 κεκοινωμένους;
3256 4403 3330 4473 μή
3365 4420 3421 4469 τι
3450 4404 3664 4458 τοιοῦτο

2087 4488 2533 4560 μυσταγωγοῢσιν
2565 4490 2852 4563 ’Έλληνεςς
2889 4482 2964 4547 ὧν
2988 4491 3152 4564 λῆρος
3183 4494 3307 4565 ἐμοὶ
3333 4497 3482 4550 πᾶσα
3507 4496 3663 4549 τελε-

2081 4579 2150 4651 τὴ
2178 4580 2273 4635 καὶ
2302 4582 2618 4653 μυστήριον,
2650 4582 2919 4654 δαιμόνων
2953 4583 3172 4658 εὕρημα
3216 4587 3491 4642 σκοτεινὸν
3518 4587 3661 4659 (87),

2350 4695 2396 4728 ⁸⁸
2424 4695 2579 4752 Joan.
2608 4713 2657 4762 t,
2691 4697 2747 4752 5.

479 4807 504 4837 α
540 4795 685 4849 Alias
711 4803 765 4846 et
796 4809 937 4845 nunc
970 4790 1291 4846 XXXIX.—
1314 4789 1503 4845 Habita
1521 4788 1981 4858 Consmntinopoli
2018 4859 2045 4862 _
2091 4789 2347 4844 nimirum
2398 4793 2449 4845 in
2491 4791 2700 4862 justitia
2726 4791 2975 4847 conditus
3020 4790 3214 4845 fuerat.
3271 4809 3290 4841 ι
3320 4792 3605 4858 Αιιιιηιιιιιι,
3633 4814 3652 4844 ι

410 4868 440 4921 8
467 4864 706 4922 Januarii
743 4880 867 4917 ann.
909 4862 1034 4916 581.

481 4935 593 5005 (80)
614 4933 817 5005 Εῑςᾷτᾲ
837 4932 975 5005 ἅγια
1003 4930 1189 5005 (Paeg.
1214 4929 1308 5005 Sic
1329 4929 1564 5005 melioris
1587 4926 1976 5005 notzeeodiees.

411 4996 542 5071 Reg.
573 4996 820 5074 inritat;
849 4996 919 5074 τά
942 5002 1073 5074 ᾆγια
1117 4999 1425 5074 Ἐπιφάνια.
1453 4997 1507 5050 111
1536 4997 1822 5074 ροιιιιιιιιίε,
1854 4996 1982 5074 Oso-

411 5067 594 5144 φὰνιαξ
629 5072 780 5144 Οιτί
834 5091 847 5127 :
883 5067 1060 5144 Αόγος
1089 5072 1168 5144 εἰς
1210 5067 1272 5122 τὸ
1322 5068 1490 5144 ᾕγιον
1529 5068 1849 5144 ΔΒόιπτισμα,
1884 5067 1980 5144 καὶ

412 5136 552 5198 κατὰ
571 5143 854 5213 δογμάτων
881 5136 1205 5213 Ἑλληνικῶν
1224 5157 1238 5170 ·
1270 5157 1288 5190 ι
1314 5136 1501 5213 Oratio
1527 5140 1578 5190 in
1612 5148 1855 5213 sancth
1885 5136 1978 5213 lia-

411 5216 622 5280 ριίειιιιι.
643 5205 713 5265 ’ἐι
732 5215 990 5265 adversus
1022 5205 1354 5280 Graecorum
1386 5210 1658 5279 dogmata.
1686 5224 1705 5256 1
1757 5205 1817 5260 111
1844 5207 1929 5260 ed.
1957 5221 1974 5261 :

412 5277 501 5346 Εἰς
519 5282 587 5336 τά
624 5281 753 5349 ἅγια
782 5279 939 5349 Φῶτα
960 5280 1067 5332 τῶν
1103 5277 1450 5349 Ἐπιφανίων.

478 5343 591 5423 (8i)
625 5343 1019 5423 Γεννηρῶμεις
1045 5343 1293 5423 ἄνωθεν.
1350 5365 1369 5397 ι
1391 5344 1689 5423 Nascantur
1728 5343 1922 5423 denu‘q.
1950 5361 1968 5423 ι

412 5411 499 5476 Sic
527 5412 680 5475 Joan.
710 5411 857 5483 111,’5
892 5411 918 5474 ξ
932 5417 1056 5473 Ἐὰν
1086 5421 1159 5490 μή
1190 5434 1273 5480 τις
1294 5415 1524 5490 γεννηθῇ
1551 5413 1783 5490 ἄνωθενο
1814 5411 1975 5490 LNisi

413 5492 530 5558 quis
556 5480 786 5545 renatus
804 5491 967 5543 fuerit
1013 5480 1204 5544 denuo.
1232 5506 1251 5538 1
1303 5480 1397 5541 Sic
1422 5480 1600 5558 etiarn
1623 5483 1781 5558 vertit
1811 5480 1965 5534 Nicer

413 5553 521 5625 tas;
562 5570 615 5615 et
634 5559 863 5615 Budaeus
899 5558 1381 5628 reprehenditeos,
1415 5557 1504 5625 qui
1533 5553 1688 5608 aliter
1717 5554 1972 5619 interpre-

414 5640 608 5698 tantur.
639 5629 823 5686 Billius
858 5647 871 5683 :
903 5647 921 5680 ι
948 5626 1175 5698 desuper
1200 5626 1509 5698 gignamur.
1536 5643 1555 5698 ι

477 5697 589 5770 (82)
642 5698 879 5769 Πρῶτον
915 5694 1107 5768 Ἀδάμ,
1157 5694 1436 5769 «Primum
1481 5694 1810 5755 Adamum,»
1881 5695 1970 5764 qui

2014 4859 2059 4914 D
2087 4870 2212 4914 ante
2240 4859 2537 4927 peccatum.

2159 4930 2272 5001 (85)
2299 4932 2517 4985 Φαίνει.
2544 4930 2703 5001 Coisl.
2730 4932 2781 4999 1,
2817 4933 3001 5001 φαίνῃ.

2159 4946 2272 4996 los)
2299 4946 2517 4985 φαίνει.
2544 4946 2703 4988 υοιει.
2730 4946 2781 4999 1,
2817 4946 2944 5001 φαιν
2989 4973 3001 4984 .

2085 4999 2735 5140 σιάὲιθμῇἦησιάζωμεῆ
2805 5003 2920 5058 Du”
2945 4946 3115 5074 Ἆθίζε.
3146 5012 3202 5058 et
3232 5001 3398 5057 Coisl.
3431 5002 3483 5068 1,
3510 5001 3657 5072 πλη-

2154 5109 2647 5211 ξέῶμῖέξναγωτῆς.
2690 5157 2710 5190 ι
2736 5138 3103 5211 Μθιιίιιιιίοηο,
3132 5141 3604 5211 contemplatione.
3631 5162 3651 5193 ι

2084 5207 2191 5279 Pro
2234 5208 2467 5279 θεωρίας
2485 5207 2626 5275 enim
2660 5209 2895 5279 ponitur.
2921 5210 3043 5264 Bill.
3074 5210 3125 5264 in
3160 5212 3325 5278 prima
3349 5207 3443 5266 ed.
3480 5228 3495 5264 :
3532 5226 3661 5265 «su-

2083 5278 2231 5332 blimi
2288 5276 2559 5333 oratione.
2589 5296 2607 5329 ι
2657 5278 2714 5332 ln
2757 5278 2924 5334 altera
2974 5295 3125 5341 vero,
3163 5276 3213 5330 “‹
3238 5280 3604 5335 subvectione.
3629 5300 3648 5331 ο

2080 5349 2274 5471 ἓὲἐιὲιι·
2326 5358 2504 5403 autem
2567 5348 2654 5403 hic
2708 5349 2774 5403 de
2821 5350 3120 5406 sublimiori
3167 5349 3403 5421 Myswrii
3436 5351 3658 5419 exposi-

2152 5486 2261 5557 (86)
2288 5486 2593 5557 Εὺοδώσῃ.
2619 5485 2752 5556 Reg.
2777 5487 2866 5554 ph,
2907 5486 3183 5555 εὐοδώσει.

2150 5556 2260 5637 (8])
2289 5556 2531 5627 Εὕρημα
2559 5556 2894 5612 σκοτεινόν.
2928 5559 3040 5614 Duo
3070 5558 3261 5630 Regg.,
3293 5556 3500 5629 εὕρεμα
3524 5572 3659 5610 cuo-

2078 5641 2285 5682 τεινων.
