3910 6214
228 249 332 304 337
1145 249 1411 307 ORATIO
1455 253 1699 310 XXXIX.
1740 285 1812 296 —
1848 256 1914 312 IN
1956 257 2220 316 SANCTA
2265 258 2545 314 LUMINA.
3380 261 3485 311 δδδ

225 359 324 415 καὶ
364 357 608 422 διανοίας
654 357 989 431 ἀνάπλασμα
1033 337 1448 435 κακοδαίμονος,
1489 363 1666 435 χρόνῳ
1693 363 1796 436 βοηι

1921 384 2140 437 censeo,
2188 370 2536 424 tenebrosum
2586 364 2896 418 daemonum
2927 355 3228 428 inv’e‘ritum,
3263 376 3328 418 ac
3361 376 3490 432 per-

229 449 514 520 θούμενον,
558 449 654 502 κα)⁵
698 448 854 521 μύθῳ
894 450 1257 523 κλεπτόμενον
1295 454 1431 526 (88).
1480 457 1548 508 Ἀ
1594 454 1705 527 γὰρ
1742 457 1796 508 ὼ.

1920 462 2048 518 diue
2076 460 2276 516 mentis
2319 459 2654 530 ﬁgmentum,
2707 454 2965 524 temporis
2998 468 3100 523 ope
3132 469 3196 508 ac
3241 453 3491 523 praesidio

222 543 400 614 ἀληθῆ
463 542 883 614 προσκυνοῦσιν,
932 542 1009 607 ὡς
1060 544 1267 616 μυθικὰ
1306 546 1812 616 συγκαλύπτουσιψ

223 635 363 701 δέον,
394 636 444 688 εἰ
473 634 573 707 μὲν
598 634 793 708 ἀληθῆ,
833 636 907 709 μὴ
945 637 1149 709 μύθους
1178 639 1559 709 ὀνομάζεσθαι,
1587 640 1704 695 ἀλλ’
1732 642 1814 695 ὅτι

227 727 303 799 μὴ
336 728 539 799 αίσχρά
562 727 871 783 δείκνυσθαι
888 746 904 761 ο
928 731 976 783 εἰ
1000 730 1060 783 δὲ
1084 730 1275 802 ψευδῆ,
1309 731 1809 804 μὴοθαυμάζεσθαι,

225 818 352 890 μηδ’
386 817 558 883 οὕτως
620 819 827 891 ἰταμῶς
854 804 1267 886 ’ἐναντιωτάτας
1306 821 1452 893 ἔχειν
1489 822 1645 890 δόξας
1684 823 1811 895 περὶ

219 909 315 962 τοῦ
350 910 516 965 αὐτοῦ
554 911 879 983 πράγματος
901 929 916 942 ·
954 912 1143 986 ὥσπερ
1192 915 1250 967 ἐν
1287 914 1464 986 ἀγορᾷ
1509 914 1810 988 μειρακίων

219 999 539 1066 παίζοντας,
573 1003 607 1073 ἢ
637 1003 847 1074 ἀνδρῶν
875 1004 1284 1074 κακοδαιμόνων
1316 1005 1393 1070 ὡς
1421 1005 1660 1077 ἀληθῶς,
1690 1006 1807 1060 ἀλλ’

218 1092 321 1146 οὐκ
375 1093 603 1164 ἀνδράσι
637 1094 1053 1167 διαλεγομένους
1093 1095 1218 1150 νοῦν
1258 1095 1462 1167 ἔχουσι,
1507 1097 1601 1151 καὶ
1632 1098 1805 1168 Λόγου

217 1188 663 1256 προσκυνηταῖς·
696 1185 799 1242 κᾶν
833 1187 932 1259 τὴν
965 1187 1211 1258 ἔντεχνον
1242 1188 1466 1260 ταύτην,
1506 1189 1601 1246 καὶ
1631 1192 1806 1262 ῥυπα-

221 1275 326 1346 ράν
352 1276 689 1350 πιθανότητα
712 1279 1063 1334 διαπτύωσιν.

1916 553 2129 616 fultum,
2162 563 2218 609 et
2275 550 2473 606 fabulis
2518 547 2705 603 furtim
2744 547 3038 602 obtectum.
3083 543 3239 609 Nam,
3286 558 3405 613 quae
3435 554 3490 597 ut

1916 659 2044 698 vera
2074 644 2324 708 adorant,
2375 641 2566 697 eadem
2615 647 2677 694 ut
2705 637 2947 693 fabulosa
2995 636 3288 693 obvolvunt
3316 646 3371 692 et
3398 650 3490 691 oc-

1914 733 2141 787 cultant.
2197 732 2486 802 Oporteret
2537 729 2737 800 potius,
2784 728 2830 782 si
2888 728 3104 797 quidem
3161 742 3288 782 vera
3339 735 3486 786 sum,

1917 840 2039 894 quae
2092 824 2406 893 praedicant,
2466 836 2576 876 non
2637 835 2700 875 ea
2759 818 2973 874 fabulas
3027 832 3357 889 nuncupare,
3395 818 3488 873 scd

1917 913 2224 980 ostendere,
2255 912 2399 981 quod
2428 912 2496 968 ab
2525 912 2671 966 omni
2715 909 3063 980 turpitudinis
3106 909 3485 965 obscenitatis-

1914 1020 2020 1076 que
2050 1011 2176 1060 nota
2224 1004 2610 1059 vindicentur:
2645 1002 2693 1058 si
2725 1010 2905 1057 autem
2956 1000 3113 1066 falsa,
3148 1016 3260 1056 non
3301 1015 3362 1056 ea
3395 1016 3487 1056 su-

1915 1098 2152 1166 spicere,
2186 1110 2286 1151 nec
2324 1096 2399 1150 ita
2449 1096 2791 1164 impudenter
2831 1094 2898 1149 de
2927 1110 3032 1148 una
3083 1092 3382 1162 eademque
3431 1107 3487 1147 re

1915 1189 2152 1243 maxime
2175 1186 2452 1257 oppositas
2482 1186 2779 1242 sententias
2820 1194 3043 1250 tenere;
3087 1184 3310 1254 perinde
3334 1199 3399 1239 ac
3424 1184 3482 1249 ii,

1912 1280 2007 1349 qui
2047 1279 2102 1334 in
2142 1289 2286 1334 coetu
2319 1294 2607 1350 puerorum
2643 1279 2850 1344 ludunt,
2887 1288 2980 1333 aut
3013 1278 3306 1337 amentium
3333 1293 3485 1348 pror-

220 1377 313 1420 sus
350 1368 617 1433 virorum,
658 1385 763 1425 non
793 1383 971 1426 autem
1016 1388 1138 1427 cum
1182 1374 1519 1445 sapientibus
1553 1375 1706 1440 viris,
1770 1389 1837 1431 ac
1874 1373 2039 1432 Verbi
2080 1374 2462 1430 adoratoribus
2526 1373 2835 1444 disputant;
2885 1371 3098 1427 tametsi
3133 1370 3482 1425 artiﬁciosum

221 1460 363 1515 istud
390 1470 448 1516 et
492 1479 745 1532 spurcum
802 1468 1085 1523 verborum
1132 1469 1459 1526 lenocinium
1501 1480 1878 1540 aspernentur.

288 1554 363 1607 A'.
406 1555 484 1608 Οὐ
511 1555 634 1620 Διὸς
658 1557 830 1613 ταῦτα
866 1564 1024 1630 γοναὶ
1046 1563 1157 1636 (89)
1183 1565 1277 1619 καὶ
1297 1564 1518 1630 κλοπαὶ,
1541 1564 1635 1618 τοῦ
1666 1566 1819 1637 Κρη-

1995 1564 2085 1622 ιν.
2140 1563 2257 1621 Non
2308 1565 2421 1621 lucc
2466 1561 2615 1619 Jovis
2660 1569 2847 1632 partus
2894 1569 2949 1615 et
3006 1560 3167 1626 furta,
3204 1559 3366 1624 illius,
3402 1560 3482 1614 in-

216 1643 328 1698 τῶν
361 1646 651 1718 τυράννου,
680 1650 785 1704 κᾶν
815 1652 1076 1725 Ἕλληνες
1104 1656 1528 1727 ἀπαρέσκωνται
1552 1655 1694 1729 (90)°
1719 1657 1796 1711 ou-

1911 1672 2096 1727 quam,
2127 1656 2466 1713 Cretensium
2498 1655 2710 1727 tyranni
2757 1652 3006 1727 (moleste
3038 1653 3164 1709 licet
3191 1655 3294 1710 hoc
3313 1655 3481 1724 genti-

214 1735 273 1787 δὲ
304 1738 607 1809 Κουρήτων
634 1736 778 1812 ἦχοι,
805 1744 899 1797 καὶ
930 1745 1136 1815 κρότοι,
1171 1747 1267 1799 καὶ
1293 1745 1548 1817 ὀρχήσεις
1581 1747 1693 1816 (91)
1723 1745 1804 1799 εν-

214 1828 391 1891 οπλοι,
419 1829 558 1883 Θεοῦ
588 1831 864 1899 κλαίοντος
891 1837 1032 1908 ἠχὴν
1057 1836 1553 1906 συγκαλύπτουσαι,
1580 1838 1665 1891 ἵνα
1694 1854 1801 1890 πα-

213 1920 351 1991 τέρα
397 1921 536 1995 λάθῃ
587 1925 901 1993 μισότεκνον
924 1945 937 1958 ο
982 1927 1155 1981 δεινὸν
1206 1927 1317 1998 γὰρ
1357 1924 1426 1999 ἦν
1475 1912 1551 1992 ὡς
1590 1927 1802 1982 παιδίον

214 2011 737 2084 κλαυθμυρίζεσθαι,
785 2016 878 2071 τὸν
931 2017 1007 2082 ὡς
1042 2017 1189 2073 λίθον
1232 2018 1635 2073 καταποθέντα·
1678 2019 1801 2072 οὐδὲ

211 2103 447 2174 Φρυγῶν
505 2106 618 2175 (92)
668 2108 917 2179 ἐκτομαὶ,
970 2111 1066 2163 καὶ
1129 2110 1304 2170 αὐλοὶ.
1367 2111 1460 2164 καὶ
1521 2109 1802 2181 Κορύϐαν-

210 2210 305 2257 τες
337 2193 476 2266 (95),
508 2198 605 2250 καὶ
644 2197 745 2251 ὅσα
782 2200 912 2270 περὶ
939 2201 1040 2272 τὴν
1076 2199 1234 2255 Ῥέαν
1277 2200 1549 2273 ἄνθρωποι
1583 2200 1799 2272 μαίνον-

210 2301 327 2350 ται,
367 2286 650 2354 τελοῦντες
684 2292 750 2361 τῇ
790 2294 958 2364 μητρὶ
987 2293 1095 2346 τῶν
1123 2293 1294 2359 Θεῶν,
1339 2294 1434 2347 καὶ
1466 2291 1797 2363 τελούμενοι,

210 2376 314 2430 ὅσα
366 2380 433 2449 τῇ
471 2379 641 2449 μητρὶ
682 2379 794 2435 τῶν
834 2383 1091 2436 τοιούτων
1134 2383 1281 2445 εἰκός
1305 2399 1319 2412 ·
1370 2382 1493 2435 οὐδὲ
1534 2381 1671 2452 κόρη
1715 2398 1800 2446 τις

209 2469 347 2539 ἡμῖν
381 2469 706 2541 ἀρπάζεται,
758 2473 851 2526 καὶ
902 2475 1166 2545 Δημήτηρ
1208 2473 1319 2546 (94)
1372 2472 1663 2540 πλανᾶται,
1705 2474 1800 2528 καὶ

209 2560 452 2625 Κελεούς
505 2579 660 2627 τινας
713 2565 1017 2635 ἐπεισάγει,
1076 2567 1169 2620 καὶ
1230 2565 1657 2636 Τριπτολέμους,
1706 2546 1800 2619 καί

207 2651 533 2722 δράκοντας,
570 2655 665 2706 καὶ⁹
700 2654 769 2709 τὰ
797 2656 895 2726 μὲν
929 2658 1092 2721 ποιεῖ,
1126 2656 1194 2709 τὰ
1218 2655 1274 2710 δὲ
1299 2657 1517 2728 πάσχει.
1541 2656 1798 2727 Αἰσχύνο-

211 2761 314 2814 μαι
346 2743 457 2816 γάρ
491 2746 675 2818 ἡμέρᾳ
698 2746 882 2801 δοῦναι
911 2749 1011 2820 τὴν
1051 2748 1161 2818 (95)
1191 2748 1384 2812 νυκτὸς
1411 2747 1652 2819 τελετὴν,
1703 2748 1797 2802 καὶ

208 2840 388 2891 ποιεῖν
427 2836 526 2909 τὴν
564 2839 947 2912 ἀσχημοσύνην
991 2842 1306 2912 μυστήριον.
1364 2836 1516 2894 Οἶδεν
1558 2840 1798 2905 Ἐλευσὶς

206 2929 406 2995 ταῦτα,
455 2929 549 2984 καὶ
588 2932 636 2984 οἱ
672 2932 779 2984 τῶν
823 2933 1216 3004 σιωπωμένων,
1250 2934 1345 2987 καὶ
1376 2934 1585 3005 σιωπῆς
1631 2933 1797 2997 ὅντως

206 3020 379 3086 ἀξίων
391 2990 653 3078 ’ἐπόπταα
684 3025 818 3078 Οὐδὲ
847 2990 1098 3091 Διόνυσος
1130 2990 1321 3091 ταῦτα,
1348 3027 1442 3079 καὶ
1467 2990 1639 3097 μηρὸς
1661 2990 1793 3097 (96),
1822 2990 1868 3051 C

204 3112 417 3166 ὠδίνων
470 3114 660 3178 ἀτελὲς
709 3114 919 3186 κύημα,
972 3115 1160 3189 ὥσπερ
1192 3116 1320 3170 ἄλλο
1352 3134 1405 3170 τι
1442 3116 1649 3189 κεφαλὴ
1683 3116 1794 3188 (97)

207 3204 506 3276 πρότερον·
548 3207 644 3259 καὶ
675 3205 807 3271 Θεὸς
852 3207 1195 3280 ἀνδρόγυνος,
1234 3209 1328 3263 mi.
1377 3208 1536 3281 χορὸς
1571 3207 1795 3280 μεθυόν-

204 3311 341 3361 των,
374 3296 467 3349 καὶ
501 3296 734 3368 στρατὸς
771 3297 1014 3362 ἔκλυτος,
1056 3299 1150 3353 καὶ
1182 3299 1437 3369 Θηϐαίων
1474 3300 1629 3354 ἄνοια
1675 3298 1797 3352 τοῦ·

202 3403 300 3440 τον
332 3386 569 3457 τιμῶσα,
604 3389 700 3442 καὶ
726 3389 971 3461 Σεμέλης
1002 3389 1266 3462 κεραυνὸς
1303 3390 1792 3461 προσκυνούμενος.

204 3478 344 3531 osse
380 3479 696 3553 Ἀφροδίτης
720 3480 952 3553 πορνικά
983 3485 1275 3554 μυστήρια,
1308 3482 1410 3552 τῆς
1436 3482 1695 3554 αἰσχρῶς,
1722 3482 1798 3547 ὡς

204 3569 366 3623 αὐτοὶ
401 3569 640 3638 λέγουσι,
681 3571 774 3625 καὶ
806 3572 1152 3643 γεννωμένης
1191 3571 1302 3645 (98)
1331 3573 1427 3626 καὶ
1456 3573 1793 3644 τιμωμένης.

206 3659 347 3712 Οὐδὲ
389 3661 585 3713 Φαλλοί
622 3679 767 3723 τινες
803 3664 896 3716 καὶ
932 3662 1248 3732 Ίθύφαλλοι,
1284 3664 1500 3734 αἰσχροὶ
1539 3664 1633 3717 καὶ
1684 3666 1797 3727 τοῖς

208 3751 456 3821 σχήμασι
477 3754 568 3804 καὶ
595 3755 709 3816 τοῖς
735 3753 1056 3825 πράγμασιν
1074 3771 1087 3784 ·
1118 3754 1239 3807 οὐδὲ
1259 3753 1488 3826 Ταύρων
1519 3753 1629 3824 (99)
1659 3753 1800 3820 ξενο-

208 3840 444 3907 κτονίαι,
480 3842 574 3895 καὶ
600 3844 1025 3916 Λακωνικῶνβ)
1064 3845 1281 3916 ἐφήϐων
1311 3843 1610 3916 ἐπιϐώμιον
1635 3839 1797 3916 αἷμα,

302 4073 398 4142 88)
437 4074 617 4139 Μύθφ
649 4076 1076 4144 κλεπτόμενον.
1118 4074 1479 4129 «Fabularum
1520 4074 1797 4131 involucro

205 4144 415 4199 sensim
449 4145 825 4200 auctoritatem
864 4155 919 4200 et
963 4146 1120 4201 ﬁdem
1185 4146 1468 4215 acquisivit
1519 4147 1658 4215 apud
1696 4146 1798 4200 im-

206 4215 525 4284 prudentes.
556 4234 575 4266 ι

284 4282 397 4355 (89)
417 4282 563 4355 Διὸς
582 4282 771 4338 ταῦτα
800 4285 991 4353 γοναί,
1030 4293 1135 4340 etc.
1197 4285 1483 4355 Saturnus,
1517 4282 1666 4340 lovis
1699 4301 1795 4355 pa-

208 4353 317 4445 ier'.
346 4354 1203 4445 (cumanLoraculomd‘idicisset,
1271 4363 1330 4409 ut
1349 4353 1521 4410 Graeci
1548 4353 1792 4445 fabulan-
1823 4390 1869 4445 Β

208 4433 325 4488 tur,
345 4423 465 4477 fore
490 4432 548 4476 ut
580 4423 648 4478 ab
681 4439 790 4478 uno
847 4423 1076 4496 ﬁliorum
1109 4439 1327 4496 suorum
1362 4438 1528 4496 regno
1557 4425 1784 4493 pellere-

209 4503 322 4554 tur.
354 4507 538 4547 mares
573 4508 782 4559 omnes,
810 4494 903 4562 qui
930 4494 1028 4563 ipsi
1061 4494 1442 4558 nascebantur,
1470 4494 1782 4553 devorabat.

206 4563 346 4618 Cum
388 4563 555 4631 igitur
597 4563 745 4633 Rhea
785 4562 971 4619 Jovem
1003 4563 1319 4633 peperisset.
1353 4563 1470 4632 ejus
1493 4564 1788 4632 pulchritu-

207 4635 337 4687 dine
363 4642 631 4699 permota,
674 4632 859 4689 furtim
890 4632 1156 4688 sublatum
1190 4635 1243 4687 in
1269 4633 1485 4688 Cretam
1514 4634 1676 4701 misit,
1710 4635 1789 4691 ei-

206 4718 316 4769 que
350 4702 578 4757 Curetes
608 4704 867 4769 quosdam
908 4704 1172 4772 adiunxit,
1223 4703 1310 4772 qui
1346 4717 1561 4773 gravem
1596 4718 1785 4758 sonum

206 4780 377 4844 atque
398 4787 678 4844 armorum
705 4773 965 4844 crepitum
995 4774 1317 4838 excitarent,
1340 4772 1397 4827 ut
1419 4772 1506 4827 tali
1537 4775 1786 4844 strepitu,

209 4841 444 4896 infantis
484 4841 569 4912 dei
615 4843 850 4912 vagitum
897 4851 952 4898 et
984 4854 1193 4899 vastum
1230 4856 1421 4896 sonum
1452 4841 1788 4912 legerepos-

209 4921 355 4993 sent,
414 4926 483 4965 ne
529 4911 704 4993 forte;
721 4912 988 4993 Saturnus
1012 4927 1053 4993 _e
1096 4912 1233 4993 coelo
1268 4911 1522 4993 vagitum;
1542 4911 1785 4993 audiens,

211 4981 391 5050 ipsum
420 4995 634 5051 quoque
659 4981 962 5036 devoraret.
1012 4982 1265 5051 Lapidem
1288 4989 1466 5036 autem
1492 4980 1674 5037 fasciis
1702 4982 1787 5036 in-

210 5051 478 5113 volutum,
521 5050 799 5121 natiloco,
859 5053 1095 5107 Saturno
1139 5051 1504 5121 devorandum
1550 5050 1784 5121 reliquit.

308 5122 401 5193 99)
438 5120 929 5193 ᾎπαρέσκωνςαι.
956 5122 1091 5193 Reg.
1115 5122 1224 5185 bm,
1256 5117 1745 5193 dmpéoxowajiu’

307 5190 402 5261 91)
445 5190 772 5259 Ὀρχήσεις.
805 5190 896 5247 Sic
925 5190 1264 5261 tres'llegg.,
1304 5190 1584 5246 duodecim
1608 5190 1782 5256 Colb.,

209 5271 333 5332 etc.
348 5260 404 5332 in
433 5262 544 5332 ed._,
559 5262 839 5332 οἰκήσεις.

285 5329 576 5399 (92)οὺδὲ
598 5328 864 5400 «iw,
895 5340 1001 5387 etc.
1063 5329 1122 5385 In
1150 5330 1406 5400 Phrygia,
1448 5328 1611 5383 Rhea:
1638 5330 1787 5385 delu-

213 5400 372 5480 hr-um
396 5410 537 5480 erat,
579 5401 629 5454 iu
656 5399 763 5480 quo
791 5399 1033 5480 Phryges
1058 5400 1252 5462 festum
1269 5399 1617 5455 celebrantes
1638 5401 1787 5470 geni-

213 5469 306 5523 tali
332 5472 574 5525 membro
598 5469 1005 5526 excidebantu'r.

286 5539 400 5609 (95)
445 5540 845 5612 βορύσαντες.
913 5540 1298 5612 (Corybantes.
1325 5559 1344 5594 ι
1391 5539 1635 5612 Cybeles,
1668 5555 1785 5612 seu

440 5607 804 5693 Sacerdoies,
832 5611 927 5683 qui
987 5607 1256 5685 tympanis
1315 5621 1371 5669 et
1414 5607 1786 5669 saltationibus

212 5680 338 5736 Deae
364 5679 503 5737 testa
533 5680 831 5746 agitabant.

1903 1748 1982 1802 les
2014 1745 2235 1817 lerant),
2266 1760 2366 1802 nec
2399 1744 2658 1801 Curetum
2687 1743 2809 1800 soni
2854 1759 2920 1799 ac
2952 1744 3195 1815 plausus,
3235 1755 3481 1799 armatae-

1903 1852 2008 1907 que
2045 1835 2385 1900 saltationes,
2414 1833 2509 1890 Dei
2537 1833 2805 1903 vagientis
2831 1833 3121 1889 clamorem
3157 1832 3471 1897 obruentes,

1904 1939 1960 1983 ut
1991 1926 2263 1983 crudelem
2309 1935 2520 1996 patrem
2571 1924 2850 1995 ellugeret.
2902 1924 3079 1979 Grave
3117 1923 3261 1979 enim
3297 1921 3482 1994 profe-

1901 2029 1990 2077 cto
2017 2031 2182 2092 atque
2214 2020 2495 2092 indignum
2525 2028 2662 2086 erat,
2699 2036 2845 2089 eum,
2877 2020 2970 2088 qui
2999 2028 3058 2074 ut
3080 2017 3217 2089 lapis
3239 2017 3471 2072 devora-

1904 2121 1988 2168 tus
2020 2110 2218 2180 l'uerat,
2259 2119 2319 2166 ut
2351 2110 2613 2167 infantem
2647 2111 2871 2180 ejulare.
2908 2109 3016 2165 Nec
3060 2107 3338 2181 Phrygum
3379 2121 3477 2162 ex-

1901 2207 2193 2270 sectiones,
2225 2213 2282 2261 et
2321 2205 2487 2269 tibia},
2524 2215 2688 2275 atque
2720 2203 3083 2275 Corybantes,
3133 2211 3188 2258 et
3217 2215 3475 2272 quaecun-

1900 2313 2005 2370 que
2037 2298 2205 2371 679
2241 2297 2387 2354 circa
2428 2295 2637 2353 Rheam
2669 2296 2919 2352 homines
2970 2294 3153 2349 furore
3179 2292 3322 2363 capti
3351 2306 3478 2363 per-

1903 2398 2086 2461 agunt,
2117 2387 2379 2457 ejusmodi
2401 2384 2802 2443 sacraDeorum
2827 2386 2984 2440 matri
3015 2388 3294 2450 obeuntes,
3316 2393 3478 2452 atque

1901 2480 2000 2551 ipsi
2029 2478 2271 2535 vicissim
2298 2479 2370 2533 ita
2399 2477 2619 2544 initiati,
2646 2485 2705 2532 ut
2736 2491 2833 2546 par
2857 2476 3009 2532 estin
3033 2476 3220 2531 talium
3240 2473 3474 2530 Deorum

1900 2572 2138 2643 parentis
2166 2570 2459 2643 mysteriis.
2495 2570 2609 2626 Nec
2657 2568 2831 2641 puella
2878 2569 3127 2638 quaedam
3174 2566 3315 2637 apud
3368 2580 3469 2621 nos

1903 2664 2129 2732 rapitur,
2168 2676 2269 2719 nec
2315 2661 2484 2718 Ceres
2532 2669 2779 2731 vagatur,
2837 2675 2902 2716 ac
2946 2657 3140 2715 Celeos
3178 2656 3466 2727 quosdam,

1898 2766 1953 2811 et
1984 2753 2363 2825 Triptolemos,
2402 2762 2459 2809 et
2503 2754 2766 2810 dracones
2798 2752 3022 2814 inducit,
3061 2750 3336 2821 multaque
3364 2748 3469 2803 alia

1898 2855 1953 2901 et
1977 2844 2128 2910 facit,
2170 2853 2224 2900 et
2254 2846 2482 2914 patitur.
2512 2844 2682 2899 Pudet
2725 2844 2870 2899 enim
2902 2857 2987 2898 me
3026 2852 3347 2898 nocturnum
3386 2856 3472 2895 sa-

1899 2951 2047 2991 crum
2090 2937 2141 2991 in
2192 2936 2367 2991 lucem
2403 2935 2665 3004 proferre,
2719 2949 2783 2990 ac
2830 2934 3219 3004 turpitudinem
3271 2940 3471 3003 mysteo

1904 3030 2042 3083 rium
2075 3029 2276 3084 facere.
2323 3025 2484 3083 Novit
2527 3028 2643 3083 haec
2686 3025 2918 3091 Eleusis,
2947 3038 3111 3096 atque
3152 3025 3227 3080 illi
3275 3026 3475 3081 tacito-

1903 3138 2044 3189 rum,
2079 3136 2143 3177 ac
2175 3121 2417 3191 profecto
2463 3119 2676 3175 silentio
2706 3118 2991 3188 dignorum
3035 3130 3312 3172 sacrorum
3348 3128 3475 3183 spc-

1903 3220 2156 3266 ctatores.
2192 3207 2303 3265 Nec
2348 3208 2592 3264 Bacchus
2637 3208 2750 3263 haec
2793 3216 2977 3261 nostra
3021 3204 3275 3274 mysteria
3324 3210 3472 3264 sunt,

1904 3314 2003 3355 nec
2030 3298 2226 3365 femur,
2265 3298 2575 3353 inchoatum
2633 3296 2798 3352 fctum
2842 3295 3172 3364 parturiens,
3205 3293 3473 3364 quemad-

1907 3393 2124 3447 modum
2156 3398 2321 3461 caput
2369 3389 2536 3445 alium
2568 3387 2855 3457 quemdam
2891 3384 3058 3441 fetum
3092 3386 3244 3455 prius
3285 3392 3474 3454 partu-

1904 3482 2108 3538 rierat:
2158 3496 2260 3536 nec
2320 3481 2543 3537 semivir
2592 3480 2751 3547 Deus,
2798 3486 2855 3534 et
2900 3477 3178 3533 ebriorum
3227 3477 3470 3540 chorus,

1901 3572 2280 3642 exercitusque
2320 3569 2496 3626 mollis
2541 3579 2597 3626 et
2627 3567 2944 3633 dissolutus,
2993 3575 3048 3621 et
3091 3562 3471 3622 Thebanorqu

1903 3663 2160 3726 amentia,
2186 3663 2328 3718 hunc
2364 3662 2569 3727 colens,
2599 3676 2662 3716 ac
2691 3659 2919 3717 Semelzr.
2947 3659 3245 3715 tonitruum
3282 3659 3471 3713 adora-

1905 3764 2038 3810 tum.
2094 3751 2205 3808 Nec
2237 3753 2544 3808 meretricia
2585 3750 2811 3807 Veneris
2875 3750 3157 3822 mysteria,
3221 3747 3470 3817 turpiter,

1907 3851 1967 3898 ut
1994 3843 2097 3914 ipsi
2136 3851 2383 3905 narrant,
2416 3850 2471 3897 et
2497 3850 2816 3911 procreaue,
2844 3847 2899 3894 et
2927 3840 3086 3894 culta:
3122 3859 3134 3894 :
3173 3852 3272 3894 nec
3303 3836 3471 3892 Phalli

1976 4074 2088 4145 (94)
2113 4074 2414 4145 Δημήτηρ.
2463 4074 2555 4130 Sic
2588 4072 2755 4145 Κείς.
2792 4069 2901 4132 bm,
2934 4070 3023 4139 ph.
3058 4069 3245 4145 Comi).
3275 4067 3330 4124 In
3360 4074 3473 4135 ed.,

1900 4139 2210 4217 ᾼιμήτήρζ⁷
2232 4139 2322 4200 Sic
2341 4139 2589 4217 ivocatur
2636 4139 2868 4217 «ρει-οε,
2922 4154 3041 4208 quin
3081 4139 3332 4209 puellam,
3378 4156 3468 4196 seu

1899 4211 2317 4284 Proserpinam»
2346 4214 2535 4277 tiliam,
2577 4211 2877 4284 aPAlutgne
2920 4218 3153 4284 raptam,
3179 4224 3276 4279 per
3302 4218 3471 4265 totmn

1897 4278 2109 4340 orbem"
2128 4286 2373 4354 vagando
2395 4282 2738 4354 conquisivit.
2769 4278 3040 4354 Eleusinia
3080 4279 3471 4354 etiam_cogno—

1898 4348 2228 4433 minaturab
2254 4354 2461 4433 Eleusis
2517 4348 2710 4433 oppidi
2751 4349 3219 4433 nominehoinquo
3241 4348 3475 4433 peresa

1896 4423 2038 4494 Rege
2064 4424 2226 4479 Celeo
2254 4418 2569 4494 Triptolemi
2592 4418 2605 4420 “
2626 4429 2779 4494 patre
2834 4418 3207 4494 liberalissime
3241 4419 3475 4487 hospitio

1893 4487 2116 4563 exc'epta
2141 4502 2244 4548 est.
2274 4487 2642 4563 Quamobrem
2671 4491 2720 4546 ei
2759 4503 2974 4545 omnem
3007 4487 3347 4559 agriculturae
3377 4503 3469 4544 ra-

1896 4562 2095 4619 tionem
2124 4562 2585 4618 commonstravit.

1985 4633 2076 4702 95)
2113 4632 2250 4700 Τήν.
2290 4632 2424 4702 Reg.
2454 4631 2546 4701 ph,
2566 4629 2683 4702 τῆς.

1985 4696 2078 4772 96)
2103 4696 2324 4772 Μὴρός.
2376 4696 2801 4772 Sietres'Regg.
2837 4707 2902 4772 et_
2928 4707 3047 4772 tres
3071 4696 3241 4772 Colb._
3275 4697 3331 4772 In
3355 4697 3467 4772 ed.,

1963 4713 2078 4775 (Uti)
2103 4713 2324 4772 Μηρός.
2377 4713 2468 4756 διο
2494 4713 2604 4755 tres
2633 4713 2801 4821 nega.
2837 4713 2892 4753 et
2938 4713 3047 4752 tres
3071 4713 3219 4753 non).
3275 4713 3331 4751 In
3355 4713 3467 4763 en.,

1897 4773 2090 4847 μηρόν.
2130 4774 2331 4847 Alludjt
2370 4772 2436 4847 ad
2474 4769 2705 4827 fabulam
2791 4768 2964 4833 acchi,
3000 4769 3090 4835 qui
3118 4781 3185 4822 ex
3213 4765 3362 4823 Jovis
3390 4766 3470 4821 fe—

1895 4842 2045 4898 more
2081 4853 2239 4896 natus
2264 4842 2503 4912 tingitur.

1964 4912 2076 4985 (97)
2110 4914 2293 4985 Ἄλλο
2320 4905 2376 4966 τὶ
2402 4910 2659 4985 κεφαλή.
2694 4907 2985 4963 Minervam
3012 4906 3274 4977 intelligit,
3314 4921 3345 4962 e
3369 4905 3464 4961 Jo-

1894 4982 1983 5037 vis‘
2002 4982 2180 5050 capite
2210 4991 2415 5043 natam,
2442 4982 2596 5050 juxta
2619 4988 2826 5050 poetas.

1965 5044 2508 5124 (98ῘΓεννωμένής.
2576 5044 2710 5105 Tres
2738 5047 2887 5104 Colb.
2933 5055 2986 5100 et
3030 5044 3179 5114 Sav.,
3219 5046 3461 5115 γενωμέ-

1893 5140 2077 5262 νη(99)
2104 5190 2258 5246 Οὐδὲ
2298 5192 2552 5259 Ταύρων,
2569 5197 2673 5244 etc.
2707 5187 2860 5255 Apud
2895 5183 3101 5262 Tauros
3128 5182 3181 5237 in
3216 5181 3456 5254 Scythia,

1893 5255 2009 5316 erat
2057 5255 2338 5316 delubrum
2400 5255 2579 5314 Diana:
2617 5264 3014 5318 consecratum,
3051 5255 3103 5308 in
3131 5268 3237 5320 quo
3270 5269 3458 5308 omnes

1893 5332 2087 5396 Graeci,
2142 5332 2229 5400 qui
2292 5328 2683 5400 peregrinando
2726 5327 2793 5380 ad
2832 5339 2898 5379 ea
2931 5323 3045 5377 loca
3098 5323 3453 5388 divertehant,

1894 5402 2327 5456 immolabantur.

1963 5471 2038 5543 (l)
2062 5470 2170 5525 Καὶ
2197 5467 2582 5543 Λακωνικῶν,
2614 5476 2717 5543 etc_.
2749 5461 3454 5543 _Apt_td_Lactpdemonios_in

1893 5524 2150 5596 honorem
2197 5539 2376 5594 Dianae
2409 5524 2603 5593 festum
2634 5524 3024 5598 celebrabatur,
3057 5532 3109 5585 in
3140 5546 3248 5601 quo
3275 5532 3456 5586 adole-

1892 5621 2104 5667 sceutes
2129 5609 2444 5681 verberibus
2473 5623 2669 5681 corpus
2693 5601 3118 5680 proscindentes,
3151 5618 3300 5658 aram
3329 5617 3467 5657 satis

1893 5681 2055 5745 cuine
2075 5679 2486 5746 profundebat.
