3910 6214
255 296 365 356 5H

1187 301 1446 357 ORATIO
1489 302 1729 358 χχχιχ.
1771 333 1840 342 -
1877 303 1944 358 IN
1983 303 2252 359 sane“
2298 291 2576 360 LUMINA.

3403 299 3508 354 542

256 409 681 480 κακοδαιμονίας
708 410 794 477 ἐφ’
819 411 1018 465 ἆπασιν
1036 429 1048 442 ο
1089 414 1164 476 ὼς
1205 415 1363 484 εἴπερ
1391 414 1604 468 ἀσε6εῖν
1641 417 1826 478 αὐτοὺς

1936 427 2114 481 erant,
2178 418 2538 473 communiter
2602 425 2776 469 tamen
2833 412 3013 469 omnia
3064 411 3130 467 ad
3183 413 3504 467 horrendam

256 499 366 552 ἔδει
393 499 632 562 πάντως,
670 501 764 552 καὶ
802 499 903 569 τῆς
939 499 1033 553 τοῦ
1067 501 1201 558 Θεοῦ
1232 503 1388 574 δόξης
1413 504 1727 568 ἀποπεσεῖν,
1759 507 1838 568 εἰς

254 589 454 642 εἴδωλα
489 589 930 660 κατενεχθέντας,
963 593 1058 644 καὶ
1092 593 1285 664 τέχνης
1325 595 1479 667 ἔργα,
1515 597 1609 650 καὶ
1643 597 1839 668 χειρῶν

256 680 578 750 πλάσματα,
615 681 691 750 μὴ
719 681 784 734 ἂν
812 682 942 742 ἀλλο
971 701 1025 735 τι
1056 687 1175 737 κατ’
1205 685 1385 737 αὐτῶν
1424 685 1684 750 εὐξασθαι
1715 686 1841 750 τούς

254 787 320 839 γε
344 769 469 824 νοῦν
494 769 734 840 ἔχοντας,
767 770 799 839 ἦ
834 770 1056 823 τοιαῦτα
1091 771 1442 842 σεῦασθῆναι,
1475 774 1570 826 καὶ
1596 773 1737 826 οὕτω
1761 791 1842 826 τι·

256 861 454 932 μῆσαι,
495 860 582 912 ἵνα
619 860 718 931 τὴν
745 861 1111 932 ἀντιμισθίαν,
1142 864 1206 932 ἢν
1236 862 1343 915 ἔδει
1376 864 1473 933 τῆς
1503 864 1732 933 πλάνης,
1767 861 1842 924 ὥς

258 967 394 1019 φησι
441 949 676 1014 Παῦλος,
717 952 1191 1022 ἁπολαμδάνωσιν,
1229 955 1286 1006 ἐν
1331 946 1411 1016 οἷς
1462 954 1738 1006 σέϐονται·
1779 953 1839 1004 οὐ

254 1040 468 1110 μᾶλλον
512 1041 800 1111 τιμῶντες,
835 1042 868 1112 ἦ
922 1042 988 1094 δι’
1023 1043 1245 1096 ἐκείνων
1281 1044 1392 1113 (l8)
1431 1038 1836 1114 ἀτιμαζόμενοι.

254 1135 548 1192 Βδελυκτοὶ
589 1135 689 1204 τῆς
719 1136 944 1206 πλάνης,
989 1135 1393 1208 βδελυκτότεροι
1436 1137 1535 1207 τῆς
1568 1136 1840 1197 εὐτελείας

254 1227 365 1281 τῶν
414 1228 902 1298 προσκυνουμένων
951 1229 1045 1281 καὶ
1086 1229 1410 1298 σεϐομένων,
1457 1229 1544 1284 ἵνα
1606 1229 1699 1282 καὶ
1745 1229 1840 1280 αὐ-

1936 509 2309 578 perditamque
2369 508 2698 577 impietatem
2767 503 3094 567 tendebant;
3160 503 3293 556 adeo
3334 509 3411 567 ut,
3459 503 3503 556 si

1937 599 2152 667 quidem
2183 599 2401 654 omnino
2438 612 2532 653 eos
2564 597 2841 666 impietate
2880 593 3199 662 constringi,
3239 601 3400 662 atque
3439 592 3506 647 ad

1937 687 2222 744 simulacra
2253 697 2307 742 et
2333 689 2466 742 artis
2496 701 2659 755 opera
2697 699 3059 753 manuumque
3099 684 3347 753 ﬁgmenta
3378 698 3504 751 pro-

1939 777 2137 846 lapsos,
2164 794 2193 831 a
2226 777 2318 832 Dei
2350 778 2516 844 gloria
2547 775 2704 846 dejici
2737 775 3041 843 oportebat,
3087 773 3216 826 nihil
3254 773 3394 826 aliud
3426 774 3505 840 ip-

1940 868 2018 921 sis
2041 868 2246 922 cordati
2280 868 2524 921 homines
2551 866 2838 935 imprecari
2869 873 3109 934 possent,
3139 879 3297 931 quam
3338 871 3396 916 ut
3426 872 3506 916 ta—

1939 956 2008 1009 lia
2041 969 2445 1021 venerarentur,
2480 956 2782 1025 talibusque
2808 955 3104 1009 honoribus
3126 952 3418 1012 aliieerent,
3448 960 3506 1005 ut

1938 1047 2138 1102 erroris
2165 1047 2488 1112 mercedem,
2515 1061 2675 1115 quam
2709 1046 2950 1109 decebat,
2989 1055 3047 1098 ut
3085 1044 3158 1097 ait
3202 1041 3395 1097 Paulus
3422 1043 3502 1107 ⁸⁸,

1936 1152 2034 1206 per
2060 1137 2366 1208 huiusmodi
2403 1138 2800 1192 venerationem
2825 1137 3157 1206 reciperent;
3195 1151 3296 1187 non
3334 1133 3504 1202 magis

1937 1242 2000 1283 ea
2035 1228 2256 1283 numina
2313 1242 2409 1294 per
2437 1227 2644 1297 seipsos
2672 1229 3020 1290 honorantes,
3058 1241 3218 1294 quam
3267 1225 3366 1292 ipsi
3410 1239 3504 1292 per

251 1318 366 1371 τῶν
407 1319 514 1370 τῶν
549 1319 872 1389 τιμωμένων
917 1313 1050 1372 ὦσιν
1093 1321 1553 1392 ἁναισθητότεροι,
1581 1321 1826 1374 τοσοῦτον

1933 1330 1993 1370 ea
2054 1316 2282 1371 dedecus
2341 1325 2503 1384 atque
2556 1316 2830 1370 infamiam
2907 1316 3144 1385 sibiipsis
3207 1316 3498 1370 inurentes.

254 1409 684 1480 ὑπερϐάλλοντες
725 1411 903 1482 ἀνοίᾳ,
939 1412 1061 1464 ὅσον
1096 1411 1342 1482 εὐτελείᾳ
1387 1412 1455 1466 τὰ
1496 1410 1833 1483 προσκυνού-

257 1518 418 1570 μενα.

1932 1407 2305 1464 Exsecrabiles
2331 1408 2546 1478 quidem
2572 1408 2646 1462 illi
2668 1410 2736 1463 ob
2758 1424 3019 1475 errorem,
3056 1407 3501 1464 exsecrabiliores

1933 1505 2112 1553 autem
2154 1498 2224 1553 ob
2254 1513 2462 1565 eorum,
2515 1513 2633 1567 qua:
2680 1509 3006 1554 venerantur
3046 1508 3208 1567 atque
3253 1497 3498 1561 adorant,

254 1595 558 1660 vilitatem;
603 1594 674 1648 ita
707 1605 766 1649 ut
804 1595 871 1651 iis
900 1596 1086 1660 etiam,
1117 1611 1235 1665 qua‘.
1264 1596 1468 1663 colunt,
1509 1597 1840 1666 stupidiores
1879 1608 1938 1648 se
1984 1593 2277 1663 prmbeant,
2329 1601 2641 1661 tantumque
2674 1608 2735 1649 ea
2799 1592 3063 1648 dementia
3111 1601 3166 1648 et
3207 1593 3502 1649 stoliditate

251 1695 534 1756 superent,
583 1697 844 1756 quantum
889 1689 960 1743 ab
999 1689 1084 1751 iis,
1136 1705 1256 1757 quae
1294 1690 1544 1754 adorant,
1591 1690 1797 1743 vilitate
1833 1695 2176 1756 superantur.

317 1783 395 1850 μ’.
437 1778 623 1834 Ταῦτα
658 1782 756 1852 μὲν
789 1776 882 1836 οῦν
926 1783 1266 1847 παιζέτωσαν
1311 1783 1577 1854 Ἑλλήνων
1624 1784 1826 1846 παῖδες,

2010 1777 2124 1834 VII.
2162 1780 2336 1848 Atque
2371 1779 2484 1834 htec
2525 1778 2740 1848 quidem
2783 1777 2968 1833 ludant
3003 1777 3249 1848 gentiles,
3293 1792 3356 1832 ac
3391 1777 3499 1831 daa-

249 1872 350 1925 καὶ
375 1872 646 1942 δαίμονες,
676 1875 807 1944 παρ’
839 1865 912 1926 ὧν
938 1873 1162 1936 ἐκείνοις
1192 1876 1224 1944 ἡ
1251 1874 1420 1938 ἄνοια,
1445 1874 1545 1946 τὴν
1569 1874 1661 1927 τοῦ
1695 1873 1828 1927 Θεοῦ

249 1963 421 2036 τιμὴν
473 1966 551 2026 είς
598 1965 824 2028 ἑαυτοὺς
875 1963 1264 2035 μεθελκόντων,
1301 1967 1393 2018 καὶ
1431 1965 1622 2029 ἄλλους
1658 1965 1830 2028 ἄλλως

249 2056 699 2126 κατατεμνόντων
725 2058 803 2119 είς
835 2056 1064 2129 αἰσχρὰς
1083 2057 1240 2123 δόξας
1269 2058 1362 2113 καὶ
1383 2058 1700 2126 φαντασίας,
1735 2058 1828 2126 ἀφ’

248 2138 314 2202 οὗ
363 2145 458 2199 τοῦ
487 2145 643 2212 ξύλου
691 2146 792 2216 τῆς
830 2148 976 2217 ζωῆς
1018 2146 1338 2211 ἐκϐαλόντες
1371 2149 1537 2219 ἡμᾶς,
1583 2146 1661 2218 τῷ
1691 2147 1829 2217 ξύλῳ

249 2238 353 2306 τῆς
373 2235 626 2306 γνώσεως
662 2238 724 2290 οὐ
757 2237 899 2293 κατά
930 2237 1138 2308 καιρὸν,
1167 2240 1276 2292 οὐδ’
1309 2239 1628 2308 ἐπιτηδείως
1667 2255 1830 2308 μετα-

247 2326 552 2396 ληφθείσ-ης
581 2327 715 2396 (i9),
748 2327 823 2389 ὼς
863 2327 1281 2400 ἀσθενεστέρους
1321 2330 1423 2400 ἤδη
1469 2329 1826 2399 κατέδραμον,

247 2417 341 2470 τὸν
389 2418 635 2488 ἡγεμόνα
685 2417 808 2471 νοῦν
857 2420 1320 2490 συναρπάσαντες,
1362 2421 1594 2482 καὶτοῖς
1633 2418 1829 2471 πάθεσι

249 2506 422 2575 θύραν
461 2507 784 2572 ἀνοίξαντες.
818 2507 892 2560 Οὐ
923 2507 1034 2580 γὰρ
1072 2508 1284 2581 ἔφερον,
1327 2508 1485 2578 φύσις
1518 2493 1828 2576 ὃντεςἾφθο-

247 2598 383 2669 νερά
425 2598 520 2650 καὶ
556 2595 955 2667 μισάνθρωπος,
1009 2597 1205 2667 μᾶλλον
1247 2599 1303 2651 δέ
1350 2597 1437 2650 διὰ
1473 2597 1570 2668 τὴν
1621 2595 1828 2650 ἑαυτῶν

247 2683 449 2741 κακίαν
473 2685 773 2754 γενόμενοι,
807 2685 932 2747 τοὺς
970 2685 1119 2738 κάτω
1159 2685 1264 2739 τῶν
1296 2687 1406 2740 ἄνω
1433 2687 1637 2756 τυχεῖν,
1677 2686 1829 2740 αὐτοὶ

248 2778 510 2840 πεσόντες
540 2777 632 2829 ἐπὶ
657 2777 760 2847 γῆς
787 2778 1011 2844 ἄνωθεν,
1036 2779 1157 2832 οὐδέ
1193 2778 1458 2848 τοσαύτην
1496 2777 1826 2848 μετάστασιν

247 2866 500 2935 γενέσθαι
533 2868 632 2936 τῆς
668 2867 844 2938 δόξης,
885 2868 979 2921 καὶ
1005 2868 1112 2921 τῶν
1145 2867 1375 2938 πρώτων
1400 2868 1629 2937 φύσεων.
1659 2868 1828 2922 Τοῦτό

247 2960 398 3011 ἐστιν
449 2958 478 3008 ὁ
521 2957 754 3027 διωγμὸς
791 2957 882 3010 τοῦ
916 2957 1262 3028 πλάσματος·
1291 2957 1377 3012 διὰ
1407 2958 1564 3011 τοῦτο
1592 2961 1625 3031 ἡ
1665 2959 1826 3012 εἰκὼν

245 3051 338 3104 τοῦ
371 3049 508 3104 Θεοῦ
540 3050 874 3122 καθυϐρίσθη
896 3069 908 3081 ·
946 3051 1041 3104 καὶ
1078 3049 1259 3114 καθὼς
1291 3052 1391 3103 οὐκ
1426 3051 1826 3123 ἐδοκιμάσαμεν

245 3140 480 3209 φυλάξαι
509 3139 607 3210 τὴν
640 3140 877 3211 ἐντολὴν,
904 3139 1175 3212 παρεδόθη
1186 3158 1283 3210 μεν
1312 3143 1376 3211 τῇ
1408 3141 1699 3211 αὐτονομίᾳ
1724 3145 1822 3214 τῆς

243 3237 460 3309 πλάνης
482 3235 626 3308 (20)°
657 3237 750 3288 καὶ
795 3233 976 3297 καθὼς
1003 3231 1407 3305 ἐπλανήθημεν,
1437 3233 1820 3304 ἠτιμάσθημεν

242 3330 302 3382 ἐν
349 3323 432 3392 οἷς
472 3327 863 3398 ὲσεὸάσθημεν.
907 3326 982 3378 Οὐ
1012 3325 1121 3396 γὰρ
1153 3322 1308 3377 τοῦτο
1359 3324 1516 3394 μόνον
1543 3323 1732 3387 δεινὸν,
1760 3324 1822 3381 τὸ

244 3421 647 3490 πεποιημένους
681 3419 767 3470 ἐπ’
795 3415 1016 3485 ἀγαθοῖς
1056 3415 1237 3488 ἔργοις
1269 3415 1402 3485 (21),
1445 3415 1522 3478 εἰς
1546 3414 1700 3479 δόξαν
1728 3416 1822 3469 καὶ

242 3512 465 3565 ἔπαινον
523 3509 616 3563 τοῦ
671 3508 1048 3581 πεποιηκότος,
1091 3507 1184 3560 καὶ
1222 3505 1356 3558 Θεοῦ
1402 3505 1653 3576 μίμησιν,
1701 3506 1823 3559 ὅσον

241 3602 486 3670 ἔτικτον,
517 3602 849 3672 ὁρμητήριον
883 3598 1133 3667 γενέσθαι
1181 3597 1446 3651 παντοίων
1488 3596 1696 3661 παθῶν,
1735 3595 1824 3666 βο-

244 3693 526 3764 σκομένων
559 3691 743 3756 κακῶς
778 3691 871 3745 καὶ
908 3689 1271 3744 δαπανώντων
1312 3689 1402 3742 τὸν
1441 3688 1590 3752 ἐντὸς
1618 3688 1825 3760 όὶνθρω⁴

244 3801 382 3838 πον’
412 3783 550 3837 ἀλλὰ
579 3783 640 3836 τὸ
689 3783 800 3854 (22)
859 3783 954 3834 καὶ
1011 3781 1166 3845 Θεοὺς
1205 3779 1504 3851 στήσασθαι
1549 3780 1660 3849 (25)
1702 3797 1824 3832 συν-

242 3877 478 3948 ηγόρους
541 3877 653 3937 τοῖς
719 3873 967 3938 πάθεσιν,
1034 3872 1122 3926 ἴνα
1181 3873 1255 3944 μὴ
1323 3872 1482 3943 μόνον
1537 3869 1826 3926 ἀνεύθυνον

240 3970 304 4029 τὸ
367 3967 735 4039 ἁμαρτάνειν,
800 3965 936 4019 άλλά
1001 3966 1094 4020 καὶ
1156 3963 1296 4018 θεῖον
1362 3962 1680 4035 νομίζηται,
1746 3964 1826 4026 είς

239 4059 499 4130 τοιαύτην
562 4057 904 4127 καταφεῦγον
965 4055 1296 4124 ἀπολογίαν,
1358 4053 1428 4107 τά
1495 4052 1828 4125 προσκυνού-

243 4168 407 4226 μενα.

1933 1887 2142 1938 mones,
2175 1887 2204 1926 a
2232 1872 2425 1942 quibus
2456 1871 2528 1924 illi
2559 1870 2608 1924 in
2637 1871 2778 1925 hanc
2805 1870 3091 1924 amentiam
3132 1869 3496 1934 impelluntur,

1931 1963 2055 2017 dum
2091 1962 2345 2017 nimirum
2371 1961 2461 2016 Dei
2493 1961 2653 2032 681
2695 1960 2955 2016 honorem
2982 1961 3047 2014 ad
3079 1959 3284 2029 seipsos
3312 1959 3497 2012 detor-

1931 2061 2116 2121 quent,
2147 2063 2308 2122 atque
2333 2053 2385 2106 in
2414 2061 2596 2119 turpes
2632 2051 2953 2116 sententias,
2982 2059 3036 2105 et
3065 2063 3241 2104 rerum
3269 2051 3493 2118 species,

1931 2145 2064 2199 alios
2089 2143 2195 2198 alio
2219 2143 2378 2198 modo
2402 2143 2733 2210 discindunt,
2764 2157 2825 2198 ex
2871 2157 2976 2210 quo
3004 2156 3101 2196 nos
3135 2157 3229 2210 per
3262 2142 3498 2197 scientiae

1929 2236 2130 2306 lignum
2158 2235 2337 2290 minus
2366 2236 2683 2303 tempestive
2726 2244 2781 2289 et
2827 2234 3106 2290 commode
3155 2242 3496 2303 perceptum,

1932 2329 2052 2382 vita:
2081 2327 2226 2398 ligno
2267 2326 2605 2391 exturbatos,
2658 2327 2803 2380 velut
2835 2325 2948 2394 jam
2995 2323 3338 2391 inﬁrmiores,
3370 2336 3500 2379 esa-

1930 2420 2197 2488 gitarunt,
2242 2420 2617 2489 gubernatrice
2667 2426 2846 2474 mente
2900 2419 3163 2488 abrepta,
3223 2416 3498 2486 ianuaque

1928 2510 2138 2565 vitiosis
2191 2509 2356 2564 animi
2412 2509 2788 2564 alicctionibus
2845 2508 3136 2577 patefacta.
3194 2507 3305 2563 Nec
3351 2509 3504 2563 enim.

1929 2600 2070 2656 l‘crre
2097 2609 2364 2671 poterant,
2397 2617 2518 2657 cum
2542 2601 2741 2656 invidia
2781 2609 2945 2670 atque
2969 2601 3093 2655 odio
3116 2601 3374 2658 adversus
3398 2600 3494 2654 ho-

1930 2692 2129 2747 minem
2163 2701 2349 2763 suapte
2382 2705 2568 2747 natura
2610 2692 2914 2762 ﬂagrarent,
2951 2690 3071 2757 vel,
3106 2699 3163 2744 ut
3202 2689 3402 2748 rectius
3423 2689 3498 2744 lo-

1927 2795 2080 2851 quar,
2112 2792 2333 2850 propter
2360 2783 2549 2836 vitium
2579 2798 2736 2837 suum
2771 2783 2822 2836 in
2874 2782 3016 2836 hunc
3061 2780 3302 2838 habitum
3333 2781 3495 2850 dege-

1928 2883 2227 2939 nerassent,
2274 2885 2515 2929 terrenos
2562 2874 2809 2929 homines
2850 2872 3100 2940 supernis
3149 2873 3306 2928 bonis
3351 2872 3492 2936 frui,

1928 2978 2051 3018 cum
2095 2963 2196 3033 ipsi
2233 2964 2426 3020 ecoelo
2472 2965 2524 3018 in
2574 2975 2775 3020 terram
2829 2963 3180 3029 corruissent,
3235 2977 3335 3018 nec
3379 2975 3496 3018 tan-

1933 3062 2039 3108 tam
2085 3055 2290 3123 gloriae,
2341 3056 2688 3125 pristinazque
2721 3055 2960 3124 ipsorum
2998 3064 3202 3110 natura:
3240 3055 3496 3109 mutatio-

1928 3161 2049 3201 nem
2098 3145 2234 3202 ﬁeri.
2275 3145 2478 3201 idcirco
2516 3146 2818 3216 persecutio
2847 3146 3101 3201 adversus
3138 3145 3230 3199 Dei
3265 3145 3496 3214 ﬁgmen-

1930 3245 2040 3291 tum
2071 3239 2303 3292 excitata
2334 3246 2446 3303 est;
2493 3239 2696 3292 idcirco
2739 3237 2833 3292 Dei
2869 3237 3046 3306 imago
3085 3235 3283 3304 probro
3314 3244 3368 3290 et
3401 3235 3497 3289 de—
3574 3285 3580 3291 .

1927 3327 2123 3383 decore
2162 3327 2376 3388 aﬂecta.
2417 3327 2484 3383 Et
2525 3327 2978 3398 quemadmodum
3017 3327 3272 3381 mandato
3305 3339 3494 3394 parere

1928 3420 2321 3485 recusavimus,
2359 3421 2430 3474 ita
2468 3419 2699 3475 licentiae
2735 3417 2937 3473 erroris
2977 3417 3156 3472 traditi
3197 3432 3412 3484 sumus;
3440 3425 3496 3472 et

1925 3511 2374 3581 quemadmodum
2430 3511 2820 3574 aberravimus,
2881 3510 2955 3564 ita
3008 3508 3247 3564 vicissim
3287 3507 3340 3561 in
3395 3507 3491 3573 iis,

1925 3599 2119 3670 quibus
2157 3601 2358 3655 cultum
2389 3609 2447 3656 et
2473 3600 2877 3654 venerationem
2904 3599 3270 3662 adhibuimus,
3296 3599 3494 3667 probro

1924 3701 1980 3746 et
2018 3691 2314 3759 ignominia
2343 3691 2542 3762 perfusi
2590 3707 2796 3747 sumus.
2845 3691 2957 3747 Nec
2998 3692 3142 3747 enim
3176 3692 3278 3746 hoc
3321 3691 3493 3746 solmn

1924 3795 2086 3851 grave
2118 3790 2173 3835 et
2207 3782 2481 3851 indignum
2518 3791 2623 3849 est,
2665 3782 2830 3852 quod,
2861 3797 2982 3837 cum
3012 3785 3078 3838 ad
3126 3783 3264 3836 bona
3304 3797 3489 3851 opera,

1924 3872 1976 3924 in
2009 3871 2220 3940 opiﬁcis
2251 3872 2462 3927 laudem
2491 3881 2546 3927 et
2579 3873 2826 3943 gloriam,
2868 3873 3089 3942 Deique,
3115 3881 3377 3942 quantum
3412 3874 3493 3927 fas

1923 3972 2025 4028 εει,
2079 3963 2458 4032 imitationem,
2508 3965 2677 4020 creati
2728 3979 2992 4030 essemus,
3046 3964 3224 4019 omnis
3271 3965 3490 4034 generis

1920 4056 2202 4122 vitiorum,
2249 4072 2368 4126 quae
2408 4057 2720 4112 intestinum
2768 4056 3039 4110 hominem
3096 4055 3292 4110 misere
3328 4056 3493 4123 depa-

1924 4156 2082 4200 scunt
2126 4157 2287 4217 atque
2320 4156 2666 4212 consumunt,
2724 4149 2879 4202 sedes
2919 4156 2973 4201 et
3024 4146 3486 4216 prapugnaculum

245 4242 376 4297 facti
404 4257 628 4307 sumus;
694 4241 788 4296 sed
839 4241 999 4295 etiam
1048 4240 1190 4310 quod
1231 4239 1370 4294 Deos
1429 4238 1681 4292 vitiorum
1753 4245 2007 4307 patronos
2050 4239 2374 4306 efﬁnximus,
2427 4250 2488 4295 ut
2528 4250 2828 4311 peccatum,
2893 4254 3001 4294 non
3045 4239 3204 4294 modo
3258 4239 3492 4294 crimine

241 4341 449 4396 careat,
482 4334 576 4387 sed
613 4333 776 4386 etiam
823 4332 1062 4386 divinum
1114 4340 1423 4396 censeatur,
1467 4331 1534 4384 ad
1575 4345 1638 4384 ea
1702 4328 1969 4394 videlicet,
2021 4345 2140 4400 quae
2185 4347 2283 4404 pro
2343 4332 2446 4388 diis
2517 4333 2832 4396 adorantur,
2912 4329 3238 4384 defensionis
3320 4345 3487 4386 causa

237 4426 579 4496 confugiens.

310 4517 398 4569 H‘.
441 4515 604 4584 Ἡμῖν
634 4514 691 4567 δὲ
717 4512 904 4587 ὥσπερ
936 4514 1201 4586 ἐχαρίσθη
1232 4528 1292 4568 το
1321 4513 1554 4584 φυγοῦσι
1586 4515 1682 4586 τὴν
1715 4514 1820 4567 δει-

1998 4508 2126 4564 Vill.
2160 4508 2231 4562 At
2257 4523 2404 4576 vero,
2436 4508 2887 4578 quemadmodum
2923 4509 3076 4563 nobis
3104 4510 3289 4563 divino
3327 4511 3508 4566 bene-7

239 4605 528 4675 σιδαὶμονα
560 4603 788 4672 πλάνην,
824 4605 961 4676 μετά
985 4606 1086 4675 τῆς
1113 4605 1372 4674 ἀληθείας
1405 4603 1657 4673 γενέσθαι
1680 4643 1694 4669 ,
1721 4605 1816 4658 καὶ

234 4697 510 4751 δουλεύειν
545 4695 662 4766 Θεῷ
711 4696 875 4760 ζῶντι
919 4696 1015 4749 καὶ
1066 4695 1323 4768 ἀληθινῷ,
1359 4697 1455 4749 καὶ
1495 4696 1595 4768 τὴν
1638 4695 1815 4754 κτίσιν

237 4785 676 4857 ὐπεραναϐῆναι,
702 4785 880 4840 πάντα
911 4787 1230 4858 περάσασιν,
1259 4788 1358 4839 ὅσα
1379 4785 1483 4838 ὑπὸ
1508 4785 1699 4857 χρόνον
1722 4786 1816 4838 καὶ

237 4871 468 4944 πρώτην
501 4873 716 4943 κίνησιν
741 4889 754 4903 ·
794 4873 934 4926 οὕτω
958 4874 1051 4926 καὶ
1082 4874 1312 4944 εἴδωμεν
1353 4873 1485 4943 (24),
1535 4874 1631 4927 καὶ
1667 4875 1815 4944 φιλο-

241 4961 573 5028 σοφήσωμεν
613 4959 682 5012 τὰ
723 4961 849 5032 περ)¹
891 4960 1026 5013 Θεοῦ
1056 4960 1241 5012 καὶοτὰ
1272 4959 1411 5014 θεῖα.
1440 4959 1814 5031 Φιλοσοφήσω-

241 5067 340 5119 μεν
373 5049 454 5112 δὲ,
483 5049 776 5120 ἀρχόμενοι
794 5050 928 5120 (25),
947 5050 1069 5103 ὅθεν
1089 5049 1352 5121 ἄρχεσθαι
1375 5051 1593 5120 ἄμεινον
1614 5068 1626 5080 ⁸
1659 5050 1816 5120 ἄμει-

308 5147 356 5177 ⁹⁹
395 5144 556 5198 Rom.
590 5162 628 5209 ι,
667 5146 739 5199 25
800 5162 924 5216 sqq.

311 5240 427 5310 (18)
477 5239 778 5309 Τιμῶν-τες,
833 5240 872 5308 ἢ
921 5239 994 5294 δι’
1019 5241 1284 5297 ἐκείνων.
1340 5241 1585 5310 Quinque
1615 5241 1805 5310 ltegg.,

240 5323 356 5382 tres
387 5311 566 5382 Collu,
607 5312 730 5382 duo
775 5312 964 5382 Ctii§I.,
998 5311 1266 5382 τιμῶντες
1296 5312 1364 5365 τά
1403 5311 1741 5382 σεϐάσματα,
1784 5313 1817 5382 ἢ

238 5380 304 5435 δι’
334 5380 560 5432 ἑαυτῶν.
600 5381 690 5434 Sic
719 5380 843 5449 legit
865 5380 1068 5435 Billins.

312 5451 426 5522 (19)
464 5451 982 5522 Μεταληφᾷείσης.
1042 5451 1138 5522 Sic
1186 5451 1424 5521 quinque
1471 5451 1667 5522 Regg.,
1697 5460 1820 5506 octo

236 5518 416 5591 Colly,
453 5518 546 5573 Or.
566 5521 608 5591 _i
653 5529 707 5591 et
768 5520 1012 5591 Ba§.red.
1041 5518 1216 5576 Unus—
1249 5518 1399 5591 Col—b.
1440 5518 1618 5583 habet,
1651 5537 1820 5591 μετα-

234 5589 515 5713 λεὲιρθὲντι.
558 5589 650 5644 Sic
679 5590 804 5659 legit
835 5590 955 5644 Bill.
996 5591 1169 5645 Prave
1199 5592 1248 5643 in
1283 5590 1404 5644 Par.
1436 5593 1548 5656 ed.,
1579 5589 1815 5661 μεταλη-

236 5677 276 5730 φ
313 5676 484 5730 εντος.
877 5727 900 5730 ᾔ
1076 5729 1083 5730 7
1347 5729 1352 5730 ν

312 5729 428 5800 ('20)
451 5730 789 5801 Αὑτονομίᾳ
827 5727 936 5799 τῆς
963 5729 1221 5800 πλάνης.
1259 5729 1377 5786 Bill.
1418 5747 1433 5786 :
1470 5747 1489 5782 (
1517 5730 1720 5786 erroris
1753 5730 1818 5785 li-

1924 4600 2048 4655 ﬁcio
2077 4614 2393 4654 concessum
2430 4609 2532 4661 est,
2589 4610 2665 4664 ut,
2717 4599 3091 4668 superstitioso
3141 4614 3326 4655 errore
3365 4599 3510 4670 fuga,

1923 4692 2134 4758 relicto,
2171 4705 2200 4742 a
2238 4691 2462 4744 veritate
2493 4699 2722 4752 stemus,
2752 4705 2818 4744 ac
2846 4691 2954 4745 Deo
2979 4692 3098 4746 vivo
3128 4699 3184 4746 et
3221 4705 3347 4746 vero
3374 4707 3490 4747 ser-

1923 4782 2148 4844 viamus,
2183 4791 2237 4836 et
2287 4795 2450 4850 supra
2503 4789 2805 4834 creaturam
2861 4795 3230 4850 assurgamus,
3284 4782 3485 4846 omnia,

1921 4886 2040 4940 quae
2093 4871 2320 4939 tempori
2380 4871 2676 4941 primaeque
2734 4873 2955 4927 metioni
3000 4873 3300 4939 subjacent,
3339 4873 3490 4942 traji-

1919 4964 2166 5029 cientes;
2223 4965 2292 5017 ita
2329 4964 2491 5018 etiam
2530 4963 2835 5018 faciendum
2882 4973 2985 5028 est,
3023 4974 3082 5016 ut
3138 4979 3225 5029 ea,
3265 4979 3384 5033 quae
3423 4966 3490 5018 de

1924 5052 2055 5118 Deo,
2090 5069 2154 5108 ac
2190 5055 2370 5109 divina
2397 5062 2546 5122 sunt,
2578 5067 2989 5122 cognoscamus,
3018 5054 3082 5108 de
3116 5054 3288 5122 iisque
3319 5055 3491 5109 disse-

1917 5239 2134 5295 bertati.
2165 5256 2184 5289 ι

1991 5308 2104 5379 (21)
2150 5309 2267 5361 Ἐπ’
2291 5306 2532 5379 ἀγαθοῖς
2581 5307 2796 5379 ἔργοις,
2833 5315 2943 5379 etc.
3006 5303 3172 5379 BNL:
3227 5321 3245 5353 ι
3275 5311 3490 5371 propter

1920 5374 2056 5432 bona
2084 5374 2271 5448 opera,
2302 5374 2415 5448 hoc
2439 5378 2542 5439 est,
2576 5377 2640 5448 ad
2661 5374 2874 5448 cpiﬁcis
2913 5375 3144 5448 laudem,
3177 5390 3194 5422 ι
3225 5387 3329 5426 etc.

1990 5448 2103 5518 (ea)
2123 5442 2323 5518 ’Ἄνιλά
2348 5446 2433 5499 τό.
2463 5447 2674 5518 οοιηιξη
2705 5443 2955 5518 ἀλλὰκαὶ
2975 5442 3054 5496 τὸ.

1989 5515 2102 5589 (25)
2129 5516 2504 5589 Στήσασθαι,
2547 5515 3000 5589 ¢_Constituimtt_s.
3031 5531 3049 5564 ι

1992 5581 2106 5656 (2-4)
2129 5581 2413 5655 Εἴδωμεν.
2452 5587 2539 5639 Sic
2569 5584 2735 5654 Regg.
2765 5585 2998 5651 bm,’ph,
3035 5592 3144 5636 tres
3166 5581 3342 5646 Coll»,
3379 5591 3485 5636 etc.

1918 5659 1973 5714 In
2017 5661 2122 5722 ed.,
2146 5659 2362 5727 ἴδωμεν.

1991 5719 2118 5800 (25)
2144 5719 2494 5797 Ἇρρεόμενοι.
2525 5724 2684 5780 Deest
2712 5725 2764 5778 in
2805 5723 3008 5779 duobus
3037 5722 3200 5793 Regg.
3227 5731 3279 5776 et
3305 5719 3396 5776 Or.
3435 5721 3485 5792 1,
