3910 6214
383 292 489 347 545

1594 296 1652 352 8.
1691 295 2025 353 CREGOBII
2066 293 2410 353 TllEOLOGl

3541 296 3651 355 ιιι

386 418 588 461 ramus.
620 404 960 464 Disseremus
1003 417 1206 475 autem,
1258 410 1405 475 hinc,
1460 427 1601 467 nune
1646 414 1817 468 satius
1863 423 1964 476 est.

2071 430 2159 466 vov
2179 412 2257 477 δέ,
2283 412 2404 467 ὅθεν
2435 410 2691 483 Σολομὼν
2710 413 2842 484 ἡμῖν
2872 412 3293 485 ἐνομοθέτησεν·
3344 412 3517 483 Ἀρχὴ
3544 430 3658 470 σο-

388 495 596 552 lnitium
638 498 915 556 ducentes.
949 500 1085 557 llinc
1121 518 1283 573 porro
1326 505 1497 559 satius
1529 514 1636 569 est,
1674 508 1814 559 unde
1855 503 1959 559 Sa-

391 584 564 646 lomon
594 590 751 646 nobis
794 591 966 663 legem
1018 595 1230 649 statuit.
1295 594 1621 663 Principium
1668 597 1958 662 sapientiw,

397 684 582 751 mquit,
633 684 840 753 posside
875 685 1189 752 sapientiam
1245 688 1284 738 ί.
1345 685 1612 753 Quidnam
1650 686 1750 741 hoc
1805 697 1962 740 vocat

394 774 708 848 principium
767 777 1084 846 sapientiae?
1135 776 1409 833 Timorem
1457 781 1500 832 ⁸.
1570 778 1755 848 Neque
1818 778 1960 835 enim

384 884 447 922 ea
478 868 633 923 nobis
675 869 817 924 ratio
863 869 1093 923 ineunda
1152 881 1254 936 est,
1312 878 1372 923 ut
1424 884 1455 923 a
1501 869 1963 938 contemplatione

385 961 746 1029 auspicantes,
786 960 839 1014 in
870 961 1116 1015 timorem
1146 962 1456 1017 desinamus
1499 961 1782 1028 (effrenata
1815 963 1962 1017 enim

385 1049 771 1119 contemplatio
798 1050 851 1105 in
887 1052 1187 1121 praecipitia
1214 1068 1428 1123 quoque
1468 1051 1700 1109 fortasse
1734 1069 1832 1108 nos
1863 1054 1964 1106 im-

382 1139 633 1211 pulerit);
671 1156 855 1195 verum
908 1153 966 1197 ut
1010 1144 1218 1198 timoris
1271 1144 1596 1199 rudimentis
1650 1144 1860 1203 imbuti.
1910 1155 1964 1199 et

382 1233 618 1302 purgati,
669 1241 850 1304 atque,
887 1244 946 1290 ut
996 1236 1098 1290 hoc
1131 1237 1295 1291 verbo
1349 1244 1494 1301 utar,
1545 1237 1837 1301 attenuati,
1905 1238 1958 1290 in

381 1323 550 1377 altum
576 1325 1023 1382 ell‘eramur..Ubi
1049 1329 1193 1382 enim
1237 1329 1403 1382 timor
1443 1339 1548 1393 est,
1596 1328 1706 1383 illic
1748 1343 1963 1398 quoque

380 1413 546 1485 682
579 1416 956 1471 mandatorum
1000 1417 1310 1472 observatio
1340 1436 1353 1473 :
1393 1417 1482 1471 ubi
1514 1427 1694 1473 autem
1743 1417 1962 1471 manda-

382 1516 560 1561 torum
613 1508 945 1575 observatio,
989 1508 1102 1563 illic
1144 1508 1307 1563 etiam
1369 1509 1567 1573 carnis,
1615 1524 1755 1579 quae,
1805 1510 1963 1565 nubis

2066 507 2226 574 φίας,
2243 506 2395 575 φησὶ,
2414 503 2632 572 κτῆσαι
2651 503 2763 575 (26)
2778 505 3025 574 σοφίαν
3043 505 3097 557 τί
3112 503 3270 558 τοῦτο
3289 504 3467 573 λέγων
3479 506 3659 576 ἀρχὴν

2071 596 2264 667 σοφίας
2286 613 2300 660 ;
2324 596 2429 649 Τὸν
2447 595 2632 664 φόϐον.
2655 597 2731 650 Οὐ
2760 596 2868 667 γὰρ
2892 597 3002 650 ἀπὸ
3025 595 3258 668 θεωρίας
3288 596 3654 668 ἀρξαμένους,

2068 689 2148 752 εἰς
2178 687 2341 756 φόδον
2365 687 2472 759 χρὴ
2512 687 2844 758 καταλήγειν
2884 686 3112 759 (Θεωρία
3152 688 3262 758 γάρ
3323 686 3658 758 ἀχαλίνωτος

2068 779 2210 850 τάχα
2245 779 2311 833 ἂν
2337 780 2430 833 καὶ
2454 779 2598 832 κατά
2618 778 2881 850 κρημνῶν
2900 777 3005 832 ῶσε
3015 780 3113 850 ιεν)
3138 797 3151 810 ·
3179 778 3314 833 ἀλλά
3333 778 3482 849 φόϐῳ
3508 795 3658 831 στοις

2070 872 2441 942 χειουμένους,
2468 872 2561 926 καὶ
2580 871 3034 942 καθαιρομένους,
3057 876 3173 934 καὶ,
3201 872 3268 925 ἵν’
3296 870 3468 935 οὕτως
3491 871 3655 934 εἴπω,

2069 961 2518 1033 λεπτυνομένους,
2559 964 2639 1025 εἰς
2682 961 2816 1031 ὕψος
2862 962 3135 1036 αἴρεσθαι.
3194 955 3269 1015 Οῦ
3310 962 3419 1034 γὰρ
3448 961 3611 1032 φόϐος
3636 1001 3654 1025 ,

2072 1052 2301 1106 ἐντολῶν
2353 1054 2620 1124 τήρησις·
2674 1048 2734 1108 οὗ
2767 1053 2825 1106 δὲ
2863 1053 3093 1107 ἐντολῶν
3150 1055 3402 1125 τήρησις,
3451 1054 3657 1125 σαρκὸς

2071 1144 2357 1216 κάθαρσις,
2409 1145 2505 1198 τοῦ
2536 1145 2998 1215 ἐπιπροσθοῦντος
3016 1149 3091 1219 μιῇ
3125 1147 3271 1218 ψυχῇ
3317 1148 3529 1215 νέφους,
3556 1147 3655 1199 καὶ

2069 1237 2171 1290 οὐκ
2216 1235 2415 1299 ἐῶντος
2467 1237 2726 1309 καθαρῶς
2778 1237 2907 1291 ἰδεῖν
2943 1239 3043 1310 τὴν
3073 1238 3224 1293 θείαν
3253 1238 3476 1292 ἀκτῖνα·
3500 1232 3560 1292 οὗ
3591 1237 3653 1291 δὲ

2072 1327 2359 1400 κάθαρσις,
2386 1329 2653 1400 έλλαμψις
2673 1348 2687 1361 ο
2730 1329 2996 1400 έλλαμψις
3029 1330 3109 1391 δέ.
3153 1330 3319 1384 πόθου
3349 1329 3650 1401 πλήρωσις,

2068 1422 2182 1484 τοῖς
2208 1419 2321 1474 τῶν
2359 1420 2633 1491 μεγίστων
2658 1421 2853 1493 (27),ἢ
2902 1420 2995 1475 τοῦ
3040 1421 3319 1492 μεγίστου,
3353 1421 3386 1493 ἢ
3420 1421 3560 1492 ὑπὲρ
3589 1419 3657 1473 τὸ

2074 1510 2217 1582 μέγα
2246 1514 2571 1586 ἐφιεμένοις.

381 1601 660 1671 cujusdam
688 1603 884 1668 instar,
911 1603 1107 1658 animae
1135 1602 1318 1659 lumen
1353 1605 1630 1670 obscurat,
1664 1621 1765 1661 nec
1793 1605 1958 1660 divini
2002 1607 2139 1661 radii
2222 1610 2565 1678 splendorem
2611 1624 2744 1677 pure
2786 1609 2982 1663 intueri
3054 1608 3205 1672 sinit,
3254 1607 3501 1679 purgatio
3540 1612 3650 1664 est.

379 1692 552 1747 Porro
601 1694 689 1748 ubi
753 1697 1023 1766 purgatio,
1062 1696 1172 1751 illic
1216 1696 1582 1764 illuminatio;
1634 1698 1957 1755 illuminatio
2025 1690 2228 1769 autem,
2277 1703 2533 1758 desiderii
2591 1718 2803 1757 summa
2866 1711 2971 1769 est,
3017 1704 3085 1757 iis
3116 1703 3300 1771 utique
3331 1704 3420 1772 qui
3472 1702 3655 1755 maxi-

381 1800 592 1841 marum
627 1803 828 1854 rerum,
869 1790 951 1844 vel
984 1791 1162 1859 potius
1191 1791 1442 1847 maxima
1506 1793 1608 1861 rei,
1658 1803 1822 1865 atque
1865 1798 2001 1852 adeo
2073 1798 2498 1868 magnitudinem
2556 1814 2770 1853 onmem
2826 1799 3155 1865 superantis,
3203 1798 3497 1869 cupiditate
3546 1797 3652 1852 lla-

380 1889 561 1950 grant.

451 1967 546 2021 1x.
600 1968 864 2034 Quocirca
898 1985 960 2025 se
989 1986 1259 2044 quemque
1289 1976 1441 2044 prius
1467 1990 1698 2045 purgare
1724 1984 1958 2047 Oportet,

2132 1976 2211 2030 ϐ’.
2247 1975 2344 2031 Διά
2373 1976 2531 2031 τοῦτο
2561 1977 2864 2052 καθαρτέον
2895 1979 3089 2033 ἐαυτὸν
3123 1977 3235 2051 (28)
3266 1977 3499 2050 πρῶτον,
3531 1974 3653 2032 εἶτα

382 2071 542 2130 atque
568 2060 639 2113 ita
670 2062 883 2116 demum
914 2078 1038 2118 cum
1068 2081 1204 2131 puro
1234 2067 1676 2122 consuetudinem
1707 2068 1950 2135 habere;

383 2166 449 2205 ne
481 2150 678 2219 alioqui
712 2154 868 2208 nobis
912 2154 1052 2208 idem
1119 2157 1263 2225 quod
1314 2157 1517 2222 lsraeli,
1569 2159 1800 2225 accidat,
1834 2160 1958 2214 vul-

379 2251 470 2296 tus
503 2241 723 2298 Mosaici
759 2244 984 2313 gloriam
1015 2261 1120 2300 non
1165 2247 1381 2315 ferenti,
1411 2263 1474 2304 ac
1502 2257 1786 2318 propterea
1818 2252 1958 2305 vela-

382 2334 529 2389 mine
558 2348 692 2403 opus
716 2336 932 2391 habenti
959 2336 981 2368 ³
1017 2355 1032 2391 :
1065 2349 1153 2392 aut
1183 2341 1396 2403 eodem,
1423 2354 1529 2409 quo
1557 2340 1767 2406 Manue,
1803 2341 1964 2396 modo

380 2422 696 2491 alliciamur,
732 2440 796 2479 ac
821 2426 1063 2482 dicamus
1090 2425 1405 2496 :Periimus,
1441 2430 1652 2494 mulier,
1685 2430 1856 2486 Deum
1888 2433 1965 2487 vi-

380 2513 553 2568 dimus
575 2513 751 2577 ﬁcum
784 2514 1033 2570 videlicet
1060 2516 1153 2572 Dei
1178 2520 1388 2586 species
1418 2520 1515 2588 ipsi
1548 2521 1765 2588 objecta
1788 2532 1957 2587 esset;

384 2613 497 2672 aut,
537 2604 684 2660 Petri
739 2606 934 2672 instar,
985 2607 1169 2664 Jesum
1219 2626 1248 2664 a
1296 2613 1547 2667 navicula
1587 2613 1610 2645 ³
1640 2615 1961 2669 submovea-

382 2713 524 2763 mus,
552 2705 734 2767 utpote
781 2698 873 2752 tali
924 2696 1211 2770 praesentia
1248 2703 1449 2775 indigni
1497 2704 1737 2775 (Petrum
1778 2715 1962 2760 autem

382 2804 502 2843 ctam
557 2788 696 2854 dico,
750 2804 914 2859 quem
965 2791 1140 2849 virum
1198 2794 1360 2849 dico?
1409 2795 1579 2861 Eum,
1646 2797 1739 2867 qui
1794 2812 1958 2868 super

380 2875 574 2935 fluctus
611 2880 947 2954 ambulavit).
999 2885 1108 2939 Aut
1153 2884 1432 2941 oculorum
1475 2902 1636 2941 sensu
1686 2887 1963 2953 orbemur,

383 2973 831 3040 quemadmodum
865 2973 1035 3030 Paulo
1086 2978 1307 3040 accidit,
1366 2993 1510 3042 Clllll,
1575 2979 1889 3049 priusquam
1934 2995 1965 3033 a

384 3063 847 3129 persecutionibus
886 3067 1135 3137 expiatus
1162 3079 1332 3130 esset,
1366 3069 1694 3139 colloquium
1730 3086 1849 3124 eum
1875 3085 1962 3136 eo,

382 3168 541 3224 quem
575 3154 1023 3223 persequebatur,
1053 3158 1380 3222 miscuisset,
1419 3161 1502 3215 vel
1543 3162 1743 3230 potius,
1772 3161 1967 3232 exiguo

386 3245 567 3316 magni
592 3245 738 3302 illius
766 3246 988 3303 luminis
1014 3249 1299 3319 splendore
1325 3253 1647 3320 perstrictus
1674 3252 1867 3309 fuisset
1895 3259 1917 3290 ο
1945 3271 1961 3310 :

384 3346 473 3391 aut
505 3338 760 3408 denique,
792 3351 852 3394 ut
874 3342 1122 3396 centurio
1157 3342 1266 3407 ille,
1302 3344 1624 3398 medicinam
1671 3345 1742 3399 ita
1777 3346 1960 3416 requi-
1990 3327 2032 3385 (ἶ

384 3443 588 3494 ramus,
625 3438 685 3485 ut
725 3439 907 3484 tamen
946 3430 1197 3487 laudabili
1243 3435 1434 3489 timore
1465 3437 1753 3506 perterriti,
1789 3439 1960 3494 medi-

384 3536 507 3573 cum
556 3522 610 3574 in
643 3522 788 3577 aedes
819 3530 1037 3578 nostras
1067 3538 1171 3579 non
1201 3526 1577 3581 admittamus.
1627 3526 1860 3585 Proinde
1882 3531 1961 3584 di-

385 3624 470 3667 cat
511 3628 726 3684 quoque
766 3629 832 3669 ex
875 3615 1035 3671 nobis
1069 3617 1362 3688 quispiam,
1424 3619 1665 3690 quandiu
1723 3622 1962 3677 nondum

385 3714 666 3777 purgatur.
725 3708 818 3762 sed
868 3709 1049 3765 adhuc
1080 3712 1327 3766 centurio
1362 3723 1465 3778 est,
1518 3715 1570 3767 in
1618 3713 1818 3769 multos
1848 3715 1967 3769 vitii

387 3799 746 3867 principatum
804 3810 1012 3867 tenens,
1069 3818 1134 3857 ac
1190 3804 1415 3870 CtBSlll'i,
1470 3806 1574 3862 hoc
1628 3818 1732 3875 est,
1782 3808 1966 3863 mundi

386 3888 636 3961 principi,
677 3907 995 3965 eorumque,
1041 3896 1132 3965 qui
1181 3898 1328 3952 humi
1363 3898 1695 3965 volutantur,
1743 3899 1965 3956 domino

390 3982 628 4039 militat:
689 3982 815 4039 Non
865 4002 982 4040 sunt
1031 3989 1246 4057 dignus,
1304 3998 1362 4043 ut
1403 3992 1569 4045 intres
1621 3992 1716 4046 sub
1774 4001 1964 4047 tectum

388 4090 558 4128 meum
582 4076 625 4131 ⁷.
658 4076 789 4130 Cum
837 4087 1017 4132 autem
1076 4078 1260 4135 Jesum
1310 4084 1671 4151 conspexerit,
1723 4085 1971 4153 quamvis

389 4163 651 4229 spirituali
681 4173 888 4221 statura
924 4184 1146 4238 parvus,
1176 4182 1234 4225 ut
1273 4171 1533 4228 Zachatus
1566 4174 1674 4237 ille,
1708 4189 1771 4229 ac
1808 4191 1971 4242 super

391 4268 730 4323 sycomorum
774 4271 994 4315 evectus
1024 4262 1191 4317 fuerit
1239 4264 1294 4327 ⁸,
1334 4265 1674 4320 mortiﬁcatis
1724 4268 1969 4323 videlicet

391 4345 670 4412 membris,
701 4364 819 4418 qua:
836 4364 996 4421 super
1026 4363 1225 4409 terram
1254 4359 1434 4420 sunt”,
1464 4366 1624 4426 atque
1657 4358 1973 4415 humilitatis

393 4453 618 4507 corpore
663 4452 939 4508 superato,
994 4454 1105 4499 tum
1152 4460 1277 4502 vero
1327 4447 1562 4502 Verbum
1616 4450 1876 4520 excipiat,
1917 4461 1972 4505 et

2060 2066 2141 2138 τῷ
2168 2067 2396 2140 καθαρῷ
2440 2069 2873 2141 προσομιλητέον
2900 2090 2914 2101 -
2949 2069 3109 2141 εἴπερ
3162 2069 3237 2142 μὴ
3273 2070 3561 2141 μέλλοιμεν
3589 2070 3654 2124 τὺ

2061 2158 2157 2213 τοῦ
2204 2159 2421 2231 Ἰσραὴλ
2450 2158 2755 2221 πείσεσθαι,
2809 2160 2884 2231 μὴ
2918 2160 3177 2229 φέροντος
3221 2162 3319 2231 τὴν
3348 2148 3522 2227 δόξαᾶ
3553 2158 3654 2213 τοῦ

2062 2248 2355 2321 προσώπου
2390 2250 2653 2314 Μωσέως,
2689 2251 2784 2304 καὶ
2812 2251 2901 2306 διὰ
2928 2253 3087 2307 τοῦτο
3131 2251 3389 2323 δεομένου
3437 2251 3657 2323 καλύμ-

2067 2359 2240 2413 ματος
2261 2359 2274 2373 ο
2314 2342 2347 2414 ἦ
2373 2342 2435 2395 τὸ
2462 2341 2557 2396 τοῦ
2596 2343 2817 2409 Μανωὲ,
2843 2345 2935 2397 καὶ
2969 2343 3273 2407 πείσεσθαι,
3301 2347 3394 2398 καὶ
3433 2345 3610 2411 λέξειν
3634 2364 3652 2378 ·

2076 2432 2509 2503 Ἄπολώλαμεν,
2535 2429 2795 2503 ὦγῦναι,
2839 2435 2989 2490 Θεὸν
3027 2436 3393 2505 ἑωράκαμεν,
3420 2439 3478 2489 ὲν
3511 2454 3653 2507 φαν-

2063 2526 2227 2598 τασίᾳ
2257 2526 2393 2578 Θεοῦ
2424 2528 2718 2596 γενομένου
2739 2546 2751 2558 ο
2781 2528 2837 2599 ἢ,
2861 2529 2936 2593 ὡς
2955 2529 3183 2601 Πέτρος,
3215 2530 3308 2583 τοῦ
3339 2530 3527 2584 πλοίου
3558 2531 3654 2584 τὸν

2076 2617 2283 2690 Ἰησοῦν
2330 2619 2782 2689 ἀποπέμψασθαι,
2836 2621 2912 2683 ώς
2940 2621 3041 2673 οὐκ
3071 2618 3210 2684 ἄξιοι
3242 2620 3500 2692 τοιαύτης
3532 2623 3658 2676 ἐπι-

2063 2707 2286 2780 δημίας.
2322 2708 2529 2779 Πέτρον
2560 2709 2618 2762 δὲ
2650 2711 2779 2763 ὅταν
2803 2711 2963 2772 εῖπω,
2998 2710 3121 2763 τίνα
3164 2709 3339 2779 λέγω;
3377 2711 3479 2765 Τὸν
3513 2712 3658 2767 κατά

2066 2801 2331 2870 κυμάτων
2364 2799 2724 2869 πεζεῦσαντα.
2752 2802 2844 2867 “Π,
2870 2801 2947 2864 ὡς
2980 2801 3212 2865 Παῦλος,
3244 2801 3341 2873 τὴν
3362 2802 3483 2872 ὄψιν
3514 2803 3657 2874 πλη-

2064 2893 2350 2964 γήσεσθαι,
2378 2894 2511 2965 πρὶν
2544 2895 2885 2966 καθαρθῆναι
2913 2894 3024 2949 τῶν
3050 2895 3327 2968 διωγμῶν,
3356 2896 3433 2968 τῷ
3460 2897 3657 2951 διωκο-

2068 2985 2217 3057 μένῳ
2247 2986 2683 3058 προσομιλήσας,
2731 2985 2931 3058 μᾶλλον
2983 2988 3041 3041 δὲ
3088 2988 3319 3061 βραχείᾳ
3343 2987 3435 3042 τοῦ
3480 2989 3659 3059 μεγὰ-

2064 3077 2157 3132 λου
2189 3077 2298 3149 (29)
2333 3079 2511 3147 φωτὸς
2552 3079 2860 3151 λαμπηδόνι
2885 3096 2899 3110 °
2935 3078 2991 3150 ἢ,
3044 3080 3122 3144 ὡς
3153 3081 3181 3132 ό
3219 3082 3654 3152 ἑκατόνταρχος,

2064 3170 2161 3243 τὴν
2187 3171 2286 3243 μὲν
2323 3171 2624 3244 θεραπείαν
2651 3174 3027 3245 ὲπιζητήσειν,
3058 3177 3123 3245 τῇ
3156 3173 3306 3246 οἰκίᾳ
3339 3173 3447 3245 (50)
3479 3175 3536 3228 δὲ
3561 3176 3659 3229 τὸν

2066 3262 2407 3335 θεραπευτὴν
2453 3266 2555 3319 οὐκ
2606 3265 2952 3332 εἰσδέξασθαι
2982 3265 3073 3319 διὰ
3099 3266 3303 3320 δειλίαν
3334 3267 3660 3339 ὲπαινουμέυ

2065 3370 2181 3425 νην.
2213 3353 2432 3422 Λεγέτω
2446 3373 2530 3419 τις
2557 3357 2652 3410 καὶ
2684 3356 2862 3428 ἡμῶν,
2879 3357 2985 3421 ἕως
3003 3356 3156 3410 οὔπω
3171 3356 3491 3429 καθαίρεται
3517 3358 3656 3429 (51),

2067 3445 2182 3500 ἀλλ’
2214 3446 2363 3499 ἔστιν
2386 3447 2780 3519 ἑκατόνταρχος
2807 3448 2907 3511 ἔτι,
2935 3448 3197 3502 πλειόνων
3235 3451 3293 3502 ἐν
3324 3449 3493 3520 κακία
3522 3466 3656 3518 κρα-

2065 3537 2196 3601 τῶν,
2248 3538 2344 3592 καὶ
2404 3538 2760 3611 στρατεύεται
2819 3538 3080 3612 Καίσαρι,
3131 3538 3209 3612 τῷ
3251 3539 3656 3611 κοσμοκράτορι

2066 3628 2176 3682 τῶν
2205 3628 2356 3682 κάτω
2378 3630 2695 3701 συρομένων
2709 3646 2723 3659 ·
2745 3631 2866 3684 Οὐκ
2883 3630 2998 3699 εἰμὶ
3014 3630 3241 3696 ἱκανὸς,
3269 3632 3371 3684 ἵνα
3390 3648 3511 3700 μου
3530 3629 3652 3684 ὑπὸ

2066 3720 2182 3790 τὴν
2210 3720 2437 3791 στέγην
2463 3722 2766 3791 εἰσέλθῃς.
2797 3722 2965 3776 Ὅταν
3008 3707 3067 3776 δὲ
3106 3722 3318 3793 Ἰησοῦν
3367 3724 3651 3793 θεάσηται,

2069 3811 2244 3865 καίτοι
2274 3811 2466 3883 μικρὸς
2484 3810 2561 3865 ὣν
2587 3812 2687 3883 τὴν
2709 3813 3085 3884 πνευματικὴν
3110 3812 3347 3884 ἠλικίαν,
3378 3812 3454 3876 ὡς
3486 3814 3515 3864 ό
3539 3812 3653 3883 (52)

2070 3905 2339 3973 Ζακχαῖος
2367 3904 2593 3967 ἐκεῖνος,
2632 3904 2726 3957 κα)⁵
2765 3904 2904 3976 ὑπὲρ
2935 3904 3036 3977 τὴν
3076 3904 3463 3977 συκομωραίαν
3486 3903 3651 3977 ἀρθῇ,

2071 3993 2353 4067 νεκρώσας
2383 3994 2453 4048 τά
2490 3995 2626 4067 μέλη
2666 3995 2734 4049 τά
2772 3996 2865 4049 ἐπὶ
2889 3997 2990 4067 τῆς
3033 3998 3157 4070 γῆς,
3181 3998 3276 4051 καὶ
3302 3997 3654 4067 ὑπεραναὸἀς

2066 4084 2127 4138 τὸ
2158 4084 2318 4155 σῶμα
2347 4086 2448 4156 τῆς
2489 4086 2891 4152 ταπεινώσεως,
2924 4089 3044 4142 τότε
3078 4090 3172 4142 καὶ
3215 4088 3536 4160 εἰσδεχέσθω
3559 4088 3654 4142 τὸν

2067 4176 2262 4245 Λόγον,
2288 4178 2382 4230 καὶ
2404 4177 2649 4231 ἀκουέτω
2665 4195 2679 4209 ·
2702 4178 2970 4249 Σήμερον
2986 4181 3250 4249 σωτηρία
3270 4179 3349 4244 τῷ
3370 4180 3512 4245 οἴκῳ
3527 4181 3655 4234 τού-

2065 4286 2167 4334 τῳ,
2194 4268 2288 4322 καὶ
2309 4267 2636 4340 λαμϐανέτω
2659 4269 2762 4341 τὴν
2785 4270 3083 4341 σωτηρίαν,
3107 4270 3202 4324 καὶ
3232 4270 3655 4341 καρποφορεῖ-τω

2064 4363 2135 4416 τά
2152 4359 2476 4434 τελεώτερα,
2524 4359 2836 4433 σκορπίζων
2874 4362 2969 4415 καὶ
2998 4362 3228 4433 διαχέων
3261 4361 3463 4428 καλῶς,
3492 4361 3528 4416 ἀ
3553 4379 3655 4416 κα-

2067 4451 2180 4516 κῶς
2204 4451 2557 4522 ἐτελώνησεν.

395 4531 575 4589 audiat
607 4552 621 4588 :
658 4534 832 4592 Hodie
864 4538 1009 4591 salus
1038 4539 1159 4593 huic
1186 4540 1364 4593 domui
1394 4539 1437 4570 ¹⁰
1458 4579 1474 4602 ,
1508 4540 1847 4611 salutemque
1875 4542 2142 4614 accipiat,
2204 4559 2270 4600 ac
2331 4544 2682 4616 perfectiores
2716 4541 2924 4600 fructus
2968 4545 3127 4608 ferat,
3194 4547 3451 4615 przeclare
3501 4562 3657 4616 spar-

393 4639 525 4693 gens
560 4635 612 4678 et
640 4624 941 4694 effundens,
973 4643 1093 4697 quae
1127 4643 1195 4683 ex
1230 4629 1408 4683 telonii
1438 4628 1603 4684 lucris
1628 4629 1766 4684 male
1798 4631 2105 4702 collegerat.

465 4718 532 4772 Χ.
602 4723 745 4776 Idem
807 4723 950 4777 enim
1012 4723 1266 4788 Verbum,
1331 4735 1385 4779 et
1443 4734 1662 4794 propter
1714 4734 1964 4780 naturam

2143 4729 2200 4781 l'.
2244 4727 2302 4780 Ὁ
2333 4727 2441 4801 γὰρ
2461 4728 2622 4792 αὐτὸς
2644 4727 2838 4796 Λόγος,
2867 4726 2962 4780 καὶ
2980 4726 3110 4796 φοΰε
3120 4726 3208 4798 ρὺς
3228 4728 3338 4789 τοῖς
3355 4728 3454 4780 οὐκ
3482 4726 3659 4795 ἀξίοις

396 4828 547 4866 suam
601 4814 833 4886 indignis
887 4814 1291 4870 formidolosum
1338 4826 1440 4880 est,
1472 4826 1528 4871 et
1560 4825 1778 4886 prapter
1816 4819 1970 4872 heni-

395 4906 651 4975 gnitatem
687 4908 803 4977 capi
837 4917 1033 4977 potest,
1068 4908 1132 4963 iis
1160 4908 1375 4978 quidem
1403 4917 1578 4973 certe,
1602 4908 1693 4977 qui
1736 4910 1787 4962 in
1824 4908 1970 4965 hunc

397 4997 614 5050 modum
645 4996 845 5053 fuerint
885 5000 1164 5068 prteparati
1192 5016 1207 5063 ;
1249 4999 1373 5069 qui,
1411 5000 1622 5069 impuro
1655 4999 1848 5068 spiritu
1876 5002 1968 5054 de-

399 5088 572 5159 pulso,
607 5090 817 5143 animas
863 5091 1135 5160 agnitione
1180 5091 1490 5144 mundarint
1535 5099 1591 5144 et
1631 5090 1965 5156 exornarint,

472 5179 485 5208 '
522 5176 683 5231 Prov.
719 5193 792 5241 Iv,
826 5179 879 5231 7.

398 5247 433 5303 4
487 5262 608 5315 sqq.
679 5248 699 5278 '
732 5246 921 5302 Matth.
962 5262 1079 5314 vm,
1116 5248 1170 5303 8.
1259 5249 1281 5279 ⁸
1321 5248 1452 5302 Luc.
1486 5265 1599 5314 ιιι,
1633 5249 1668 5302 2
1725 5264 1843 5318 sqq.

471 5334 582 5404 (26)
613 5334 859 5407 Κτῆσαί.
892 5335 1009 5391 Bill.
1043 5356 1055 5391 :
1087 5356 1106 5387 ι
1132 5338 1339 5407 collige.
1371 5358 1390 5391 ι

474 5406 584 5479 (27)
626 5404 754 5479 710i;-
778 5404 897 5479 τῶν
910 5404 1454 5479 perbeati—Schol.
1493 5427 1506 5462 :
1536 5408 1649 5479 Τὰς
1673 5411 1818 5479 τρεῖς
1850 5410 1977 5463 ὑπο-

400 5474 618 5551 στάσεις
645 5474 734 5551 διὰ
764 5477 825 5551 to
856 5474 977 5551 κατ’
998 5474 1212 5551 ὀὐσίαν
1228 5478 1306 5545 ἐν,
1362 5481 1455 5533 καὶ
1500 5474 1719 5551 ταυτὸν,
1757 5480 1853 5532 καὶ
1888 5498 1977 5551 μο-

401 5545 616 5619 ναδικὸν
648 5546 749 5616 τῆς
793 5546 1076 5619 θεότητος·
1132 5568 1151 5601 ι
1173 5547 1305 5603 Tres
1340 5564 1600 5616 personas
1626 5548 1696 5602 ob
1729 5545 1974 5605 esseniite

400 5615 684 5690 anitatem,
707 5615 1057 5690 eamdemque
1077 5635 1141 5690 ac
1172 5615 1494 5690 singularem
1529 5619 1803 5674 deitatem.
1823 5638 1844 5690 ι

472 5685 586 5759 (ἓξ)
629 5685 893 5759 Ἑαυτόν.
921 5685 1083 5746 Deest
1110 5689 1160 5742 in
1194 5685 1325 5758 Reg.
1357 5690 1447 5759 ph.
1474 5690 1568 5744 0r.
1605 5690 1631 5744 1
1666 5697 1720 5744 et
1745 5689 1886 5744 aliis.

469 5747 584 5826 (29)
612 5757 909 5826 Μεγάλου.
940 5760 1098 5816 Deest
1120 5759 1172 5814 in
1204 5747 1409 5815 duobus
1437 5747 1613 5826 'Regg.

982 5181 1003 5211 ³
1045 5178 1210 5233 Eccli.
1247 5194 1285 5239 ι.
1318 5177 1406 5232 l6.
1500 5178 1523 5209 ³
1572 5176 1741 5233 Exod.
1775 5195 1964 5245 xxxrv,

982 5262 1079 5310 nn,
1116 5248 1170 5303 8.
1259 5249 1281 5279 ⁸
1321 5248 1452 5302 Luc.
1486 5265 1599 5310 xxx,
1633 5249 1668 5302 2
1725 5264 1843 5310 sqq.
1922 5252 1942 5281 ⁹

2111 5197 2233 5252 sqq.
2334 5182 2357 5214 ⁸
2383 5183 2505 5239 Jud.
2546 5199 2668 5248 xm,
2710 5184 2802 5238 22.

2070 5252 2190 5307 loss.
2226 5269 2307 5310 ιιι.
2342 5252 2425 5308 5.”
2475 5254 2519 5285 ¹⁰
2548 5253 2678 5308 Luc.
2710 5270 2822 5310 nx.
2849 5255 2883 5310 9

2074 4817 2161 4871 διὰ
2187 4817 2286 4888 τὴν
2336 4818 2515 4888 φύσιν,
2546 4818 2642 4872 καὶ
2677 4818 2923 4890 χωρητὺς
2964 4817 3052 4872 διὰ
3099 4817 3509 4890 φιλανθρωπίαν
3540 4822 3662 4884 τοῖς

2074 4908 2248 4974 οὕτως
2279 4912 2735 4983 ηὐτρεπισμένοις
2784 4909 2930 4981 (55)·
2968 4910 3084 4964 ὅσοι
3117 4909 3228 4980 (54)
3254 4909 3316 4962 τὸ
3344 4909 3661 4982 ἀκάθαρτον

2077 5002 2172 5056 καὶ
2201 5002 2386 5056 ὑλικὸν
2421 5002 2637 5074 πνεῦμα
2659 5002 2767 5055 τῶν
2785 5001 2973 5073 ψυχῶν
3005 5001 3399 5067 ἀπελάσαντες,
3434 5004 3528 5056 καὶ
3556 5003 3661 5068 τὰς

2078 5094 2287 5148 ἑαυτῶν
2308 5093 2487 5165 ψυχὰς
2512 5097 2576 5165 τῇ
2611 5096 2904 5163 ἐπιγνώσει
2932 5094 3277 5166 σαρώσαντες
3324 5095 3418 5147 καὶ
3446 5097 3662 5169 κοσμή-

2334 5182 2357 5214 δ
2383 5183 2505 5239 Jud.
2546 5199 2668 5248 xm,
2710 5184 2802 5238 22.
2904 5186 2925 5216 ⁸
2954 5184 3085 5240 Luc.
3114 5201 3167 5251 ν,
3216 5185 3269 5238 8.
3364 5184 3385 5215 ⁸
3421 5187 3545 5240 Act.
3575 5202 3657 5252 Ix,

2304 5343 2499 5417 οἰκία.
2537 5341 2628 5397 Sic
2653 5346 2830 5417 plures
2855 5344 3021 5417 Begg.
3061 5345 3476 5417 1ιιει1.,οῐκείᾳ.

2155 5413 2266 5487 (ξε)
2294 5414 2661 5487 Καθαιζρεται.
2694 5413 2751 5467 ln
2786 5413 3089 5487 nonnullis,
3107 5413 3463 5487 κεκάθαρται.

2154 5483 2268 5555 (52)
2308 5486 2405 5549 Ὡς
2430 5486 2480 5537 ὀ.
2516 5485 2607 5538 Sic
2628 5494 2834 5555 septem
2870 5484 3037 5555 Regg.
3064 5485 3225 5541 Deest
3255 5489 3284 5539 ό
3313 5483 3364 5540 in
3386 5487 3473 5541 ed.

2155 5552 2268 5622 (55)
2290 5552 2819 5626 Ηῠτρεπισμένλοις.
2874 5552 3042 5625 Regg.
3082 5556 3192 5623 bm,
3223 5557 3292 5626 ph
3333 5566 3383 5612 et
3414 5554 3568 5613 Colb.
3598 5555 3660 5626 5,

2080 5623 2548 5693 εὐτρεπισμένοις.

2153 5692 2265 5765 (54)
2292 5694 2484 5749 Ὅσοι.
2506 5693 2693 5750 l’lurcs
2725 5695 2899 5764 Coll»,
2926 5696 3015 5760 ὡς.
3036 5697 3105 5750 οἱ.
