3910 6214
232 251 339 309 555

1166 250 1427 309 ORATIO
1467 252 1709 310 XXXIX.
1748 287 1821 298 --
1856 253 1926 309 IN
1972 256 2254 312 SANCTA
2289 258 2575 313 LUMINA.

3408 268 3510 317 διο

232 384 444 435 σαντες,
502 366 640 441 μηδὲ
672 367 871 440 ἀργὴν,
911 368 1047 440 μηδὲ
1093 369 1377 442 ἄπρακτον
1409 369 1623 439 εἴασαν,
1681 370 1823 425 ὥστε

1950 388 2029 428 nec
2059 388 2153 428 eas
2181 374 2395 429 desides
2423 386 2479 430 et
2518 375 2724 430 otiosas
2769 374 2934 447 683
2976 374 3315 444 reliquerint,
3348 374 3426 431 ita
3455 386 3512 430 ut

235 463 374 535 μετὰ
403 461 652 525 πλείονος
678 461 779 531 τῆς
804 462 1183 533 παρασκευῆς,
1219 457 1375 526 αὖθις
1404 461 1818 533 καταληφθῆναι

231 554 341 609 ὕπὸ
367 553 476 608 τῶν
504 552 646 607 ἑπτὰ
678 553 776 624 τῆς
809 553 1009 617 κακίας
1059 553 1409 625 πνευμάτων,
1444 553 1545 607 ὅσα
1591 554 1687 607 κοιλ⁹
1718 554 1820 625 τῆς

231 646 438 717 ἀρετῆς
468 643 851 717 ἀπηρίθμηται
914 645 996 706 (τὺ
1031 644 1142 717 γὰρ
1168 644 1610 716 δυσμαχώτερον,
1663 663 1820 717 περι-

234 734 755 808 σπουδαστότερον)ο
800 735 937 789 ἀλλὰ
973 735 1112 807 πρὸς
1158 735 1237 808 τῷ
1287 738 1399 808 (55)
1453 739 1676 809 φεύγειν
1719 739 1820 810 τὴν

232 826 461 891 κακίαν,
494 827 592 880 καὶ
636 826 736 897 τὴν
769 826 972 899 ἀρετὴν
1022 827 1367 899 ἐργάζονται,
1400 830 1521 884 ὅλον
1576 831 1669 884 τὸν
1705 830 1819 902 (56)

233 920 496 990 Χριστὸν,
529 919 564 991 ἢ
598 919 681 973 ὄτι
718 918 974 991 μάλιστα,
1004 921 1215 984 ἑαυτοῖς
1245 922 1657 989 είσοικίσαντες,
1679 922 1821 976 ὥστε

239 1010 434 1081 μηδενὶ
464 1009 610 1082 κενῷ
636 1011 735 1083 τὴν
760 1010 1007 1083 πονηρὰν
1045 1010 1278 1083 δύναμιν
1301 1013 1663 1085 όμιλήσασαν,
1695 1016 1823 1068 ἑαυ-

235 1102 340 1173 τῆς
373 1101 536 1157 πάλιν
568 1102 875 1175 πληρῶσαι,
924 1103 1018 1157 καὶ
1063 1103 1315 1173 γενέσθαι
1362 1105 1431 1159 τά
1473 1105 1679 1177 ἔσχατα
1709 1107 1825 1177 χεί·

239 1211 373 1267 ρονα
388 1193 501 1247 τῶν
538 1195 792 1267 πρώτων,
827 1194 917 1249 διὰ
941 1196 1004 1249 τὸ
1036 1195 1136 1266 τῆς
1166 1196 1278 1267 (57)
1308 1192 1662 1268 καταδρομῆς
1693 1215 1824 1266 σφο-

237 1288 516 1359 δρότερον,
534 1279 629 1341 καὶ
652 1287 713 1341 τὸ
740 1288 843 1358 τῆς
876 1289 1119 1360 φρουρᾶς
1148 1288 1554 1360 ἀσφαλέστερον
1576 1291 1670 1343 καὶ
1694 1290 1824 1343 δυσ-

238 1380 599 1451 αλωτότερον.
653 1381 823 1434 Ὅταν
878 1380 936 1433 δὲ
995 1380 1144 1451 πάσῃ
1213 1380 1431 1452 φυλακῇ
1484 1382 1825 1453 τηρήσαντες

240 1473 342 1542 τὴν
372 1471 585 1526 ἑαυτῶν
611 1472 811 1544 ψυχὴν,
842 1472 936 1527 καὶ
966 1472 1261 1537 ἀναϐάσεις
1286 1474 1344 1526 έν
1374 1476 1438 1545 τῇ
1468 1473 1664 1546 καρδίᾳ
1707 1474 1824 1527 δια-

243 1562 483 1634 θέμενοι,
519 1565 616 1618 καὶ
647 1561 950 1627 νεώσαντες
973 1564 1186 1627 ἑαυτοῖς
1219 1561 1502 1634 νεώματα.
1535 1565 1631 1618 καὶ
1676 1564 1829 1618 σπεί-

247 1672 441 1725 ραντες
489 1657 569 1719 εἰς
599 1654 972 1727 δικαιοσύνην,
1021 1654 1098 1719 ὡς
1130 1655 1463 1726 Σολομῶντι,
1496 1656 1593 1709 καὶ
1624 1656 1790 1710 Δαϐὶδ
1809 1698 1825 1724 ,

1926 478 2047 516 cum
2080 463 2267 533 majori
2302 476 2561 533 apparatu
2592 479 2622 518 a
2664 471 2873 534 septem
2924 465 3038 519 vitii
3071 465 3376 535 spiritibus,
3414 466 3513 521 hoc

1927 565 2029 620 est,
2069 555 2310 615 totidem.
2357 565 2488 624 quot
2538 556 2752 610 virtutis
2798 557 3065 610 numerati
3112 566 3260 623 sunt,
3323 571 3515 611 rursus

1928 656 2223 713 occupetur
2273 646 2440 715 (quod
2497 647 2639 701 enim
2689 645 2959 701 diﬂicilius
2995 657 3356 717 expugnatur,
3407 656 3501 701 stu-

1927 737 2132 792 diosius
2161 747 2323 807 atque
2352 739 2631 794 ardentius
2676 739 3007 810 appetitur);
3053 756 3241 795 verum
3284 740 3350 794 ad
3395 738 3515 793 vitii

1929 829 2107 901 fugam
2141 831 2357 886 virtutis
2381 831 2587 886 cultmn
2619 832 2940 901 adjuugunt,
2987 838 3159 887 totum
3192 831 3512 896 Christum,

1929 923 2012 978 vel
2040 934 2187 979 certe
2209 940 2369 996 quam
2397 925 2653 990 maxime,
2686 925 2739 978 in
2765 925 2930 978 animi
2962 924 3294 980 domicilium
3321 924 3504 978 admit-

1931 1024 2128 1083 tentes,
2160 1032 2226 1071 ne
2275 1031 2437 1087 prava
2496 1028 2757 1087 potestas,
2810 1031 3036 1070 vacumn
3095 1015 3296 1085 aliquid
3345 1014 3514 1069 oﬂ‘en-

1931 1107 2081 1172 deus,
2111 1108 2329 1162 domum
2361 1122 2549 1161 rursus
2595 1106 2838 1176 impleat,
2871 1121 2937 1160 ac
2978 1105 3272 1162 novissima
3319 1104 3516 1176 priori-

1930 1200 2031 1255 bus
2057 1199 2327 1254 deteriora
2369 1199 2502 1255 ﬁant
2531 1200 2574 1232 ”
2594 1240 2610 1266 ,
2646 1209 2756 1254 tum
2787 1209 3008 1269 propter
3031 1198 3311 1253 acriorem'
3338 1213 3402 1252 ac
3424 1213 3516 1252 ve-

1932 1293 2324 1348 hementiorem
2375 1293 2737 1347 incursionem
2767 1334 2783 1361 ,
2833 1302 2944 1347 tum
2991 1303 3211 1361 pr0pter
3258 1289 3517 1359 majorem

1932 1384 2073 1440 arcis
2107 1384 2441 1450 ﬁrmitatem,
2472 1382 2701 1455 ejusque
2730 1384 3099 1455 expugnanda-
3128 1382 3516 1441 diﬂicultatem.

1933 1477 2293 1549 Posteaquam
2351 1488 2557 1544 autem,
2617 1478 2801 1532 anima
2848 1488 3033 1533 nostra
3086 1478 3231 1532 omni
3272 1478 3516 1532 custodia

1934 1579 2148 1623 servata
2202 1569 2273 1634 ι’,
2327 1577 2491 1638 atque
2529 1567 2940 1624 ascensionibus
2989 1569 3045 1622 in
3095 1567 3259 1622 corde
3293 1567 3519 1637 diSposi-

1938 1660 2007 1717 tis
2055 1661 2135 1727 ¹³,
2167 1661 2559 1731 novalibusque
2607 1662 2660 1714 in
2704 1660 2994 1729 nobisipsis
3040 1659 3309 1714 innovatis
3354 1659 3426 1725 ",
3456 1674 3521 1713 ac

243 1750 340 1801 καὶ
380 1748 624 1820 Ἱερεμίᾳ
647 1748 815 1815 δοκεῖ,
846 1747 1173 1820 φωτίσωμεν
1189 1749 1401 1812 ἑαυτοῖς
1422 1746 1539 1818 φῶς
1554 1747 1829 1817 γνώσεως·

1950 1754 2174 1824 lenique
2220 1754 2430 1809 semine
2480 1753 2546 1807 ad
2578 1752 2846 1823 justitiam
2896 1766 3106 1820 sparso,
3161 1751 3519 1821 quemadmo-

243 1838 548 1910 τηνικαῦτα
579 1839 835 1912 λαλῶμεν
879 1839 1016 1894 Θεοῦ
1064 1844 1257 1910 σοφίαν
1304 1842 1364 1894 ὲν
1420 1841 1705 1913 μυστηρίῳ
1735 1840 1834 1912 τὴν

244 1933 774 2004 ἀποκεκρυμμένην,
799 1933 894 1987 καὶ
922 1935 1039 1998 τοῖς
1059 1932 1239 1997 ἄλλοις
1265 1932 1658 2004 ἑκλάμπωμεν.
1685 1931 1836 1997 Τέως

242 2025 301 2079 δὲ
321 2022 724 2096 καθαιρώμεθα
751 2024 864 2096 (58)
894 2025 992 2079 καλ⁹
1019 2023 1415 2097 προτελιὶψεθα
1443 2024 1524 2096 τῷ
1554 2025 1733 2097 Λόγῳ,
1769 2025 1835 2078 ἵν’

243 2119 328 2171 ὅτι
363 2116 603 2188 μάλιστα
635 2117 834 2181 αὐτοὺς
864 2118 1013 2189 ἡμᾶς
1039 2117 1443 2190 εὐεργετῶμεν,
1467 2117 1721 2180 θεοειδεῖς
1746 2120 1838 2188 ἑρ-

245 2207 567 2281 γαζόμενοι,
600 2208 696 2262 καὶ
726 2209 930 2280 ἥκοντα
976 2210 1066 2263 τὸν
1097 2210 1270 2280 Λόγον
1320 2210 1734 2281 ὑποδεχόμενοι·
1772 2211 1833 2264 οὐ

251 2303 417 2374 μόνον
444 2302 525 2367 δὲ,
559 2301 697 2356 ἀλλὰ
718 2302 814 2356 καί¹
847 2301 1199 2376 κρατοῦντες,
1228 2303 1320 2357 καὶ
1351 2306 1464 2368 τοῖς
1497 2303 1677 2369 ἄλλοις
1708 2321 1838 2373 προ-

245 2393 555 2465 φαίνοντες.

318 2654 429 2707 IA’.
473 2652 631 2706 Ἐπεὶ
659 2652 716 2706 δὲ
741 2652 1164 2725 άνεκᾳθήραμεν
1208 2654 1319 2725 (59)
1350 2652 1428 2726 τῷ
1454 2653 1599 2726 λόγῳ
1625 2654 1688 2708 τὸ
1715 2654 1842 2708 θέα-

244 2763 401 2818 τρον,
435 2744 571 2817 φέρε
615 2762 670 2799 τι
691 2746 834 2817 ,περὶ
859 2746 961 2816 τῆς
1007 2746 1203 2817 ἑορτῆς
1240 2747 1340 2819 ἤδη
1364 2747 1839 2819 φιλοσοφήσωμεν,

246 2839 345 2893 καὶ
377 2836 828 2909 συνεορτάσωμεν
853 2841 975 2899 ταῖς
998 2837 1301 2909 φιλεόρτοις
1322 2839 1419 2891 καὶ
1449 2838 1716 2908 φιλοθέοις
1739 2839 1843 2909 ψυ-

247 2934 397 3004 χαῖς.
444 2929 602 2984 Ἐπεὶ
626 2930 684 2984 δὲ
709 2930 1006 3000 κεφάλαιον
1032 2932 1227 3002 ἑορτῆς
1272 2931 1461 3003 μνήμη
1487 2930 1623 2984 Θεοῦ
1648 2971 1664 2997 ,
1707 2930 1842 2985 Θεοῦ

1935 1847 2085 1908 dum,
2116 1857 2171 1900 et
2203 1844 2482 1911 Salomon,
2517 1855 2572 1901 et
2602 1844 2788 1910 David,
2814 1853 2873 1898 et
2898 1842 3164 1898 Jeremias
3201 1843 3517 1906 admonent,

1934 1937 2177 1992 scientia:
2223 1936 2404 1992 lumen
2452 1936 2607 1991 nobis
2645 1937 3098 2001 excitaverimus;
3144 1944 3256 1988 tum
3306 1934 3521 1987 demum

1937 2030 1991 2084 in
2048 2030 2313 2099 mysterio
2366 2028 2744 2084 absconditam
2800 2027 2896 2083 Dei
2955 2027 3275 2096 sapientiam
3332 2026 3525 2094 loqua-

1936 2135 2059 2175 mur
2089 2120 2132 2152 "
2153 2161 2170 2188 ,
2201 2120 2431 2188 aliisque
2464 2119 2876 2188 praeluceamus.
2917 2117 3141 2172 Interim
3175 2132 3302 2171 vero
3326 2131 3526 2186 purge-

1936 2227 2079 2276 mur,
2118 2225 2182 2266 ac
2213 2210 2388 2267 Verbo
2426 2220 2555 2266 ante
2603 2211 2900 2275 initientur,
2943 2218 3189 2279 utquam
3223 2208 3526 2276 praeclaris-

1938 2305 2075 2360 sime
2104 2304 2172 2358 de
2200 2304 2356 2358 nobis
2405 2303 2536 2373 ipsis
2568 2317 2896 2365 mereamur,
2932 2302 3043 2357 Deo
3091 2301 3298 2356 similes
3346 2300 3518 2369 nosip-

1939 2409 2031 2450 sos
2068 2393 2374 2457 reddentes,
2435 2406 2501 2447 ac
2548 2391 2786 2447 Verbum
2844 2393 3063 2445 veniens
3121 2391 3525 2459 suscipientes:

1940 2499 2043 2539 nee
2088 2483 2262 2538 solum
2297 2481 2677 2550 suscipientes,
2728 2495 2923 2535 verum
2984 2481 3147 2535 etiam
3200 2482 3525 2548 retinentes,

1941 2575 2172 2645 aliisque
2204 2583 2709 2643 praemonstrantes.

2017 2666 2107 2721 ΧΙ.
2164 2664 2434 2732 Quoniam
2470 2672 2652 2718 autem
2682 2677 2935 2717 sermone
2963 2663 3231 2717 theatrqu
3257 2667 3525 2734 repurga-

1943 2758 2141 2822 vimus,
2172 2769 2292 2826 age,
2336 2754 2448 2823 jam
2501 2754 2567 2808 de
2607 2751 2747 2806 festo
2781 2752 3029 2807 nonnihil
3074 2752 3430 2819 disseramus,
3476 2762 3531 2808 et

1943 2865 2066 2903 cum
2124 2847 2227 2917 piis
2282 2845 2481 2901 animis
2540 2843 2774 2913 festique
2847 2843 3153 2899 celebrandi
3225 2846 3529 2912 studiosis,

1945 2942 2086 2995 diem
2120 2940 2265 2994 hunc
2322 2952 2542 2993 sacrum
2596 2935 2953 2991 celebremus.
3006 2934 3074 2989 Et
3120 2937 3375 3005 quoniam
3430 2938 3530 2994 Dei

250 3021 745 3096 μνημονεύσωμεν.
783 3024 895 3076 Καὶ
926 3022 1036 3096 γὰρ
1059 3023 1151 3077 τὸν
1174 3023 1385 3076 ἐκεῖθεν
1422 3023 1529 3076 τῶν
1561 3023 1838 3095 ἑορταζόν-

1950 3032 2209 3087 memoria
2242 3030 2572 3100 praecipuum
2616 3027 2743 3083 festi
2780 3038 2943 3097 caput
2968 3037 3070 3092 est,
3109 3027 3276 3082 Deum
3324 3043 3533 3082 memo-

412 3111 547 3187 ἦχον
568 3156 583 3180 ,
619 3091 749 3169 ένθα
796 3091 1241 3186 εὐφραινομένων
1300 3113 1517 3168 πάντων
1564 3117 1597 3186 ή
1625 3091 1636 3095 ⁷
1655 3132 1838 3168 κατοι-

1950 3122 2028 3177 ria
2062 3121 2325 3176 colamus.
2358 3117 2490 3172 Nam
2523 3133 2623 3173 nec
2656 3133 2848 3173 sonum
2890 3133 3101 3181 eorum,
3150 3116 3245 3187 qui
3275 3118 3327 3171 in
3358 3117 3535 3171 altera

248 3209 348 3263 κία
404 3207 542 3281 (40),
592 3207 694 3260 οὐκ
742 3206 872 3261 ἄλλο
898 3224 953 3259 τι
1003 3206 1038 3278 ἢ
1083 3204 1244 3260 τοῦτο
1271 3201 1409 3260 εἶναι
1454 3206 1680 3277 νομίζω,
1711 3205 1842 3260 Θεὸν

250 3294 597 3368 ὑμνούμενόν
638 3311 700 3347 τε
731 3296 827 3347 καὶ
856 3291 1216 3365 δοξαζόμενον
1261 3297 1374 3358 τοῖς
1408 3294 1511 3364 τῆς
1540 3296 1717 3347 ἑκεῖσε
1747 3312 1844 3348 πο-

248 3388 461 3450 λιτείας
482 3385 829 3457 ἠξιωμένοις.
850 3385 915 3437 Εἰ
938 3384 997 3437 δέ
1029 3401 1083 3436 τι
1111 3383 1220 3436 τῶν
1247 3383 1345 3455 ἠδη
1373 3384 1787 3455 προειρημένων
1816 3385 1844 3436 ὁ

250 3481 351 3534 νῦν
372 3479 487 3546 ἕξει
514 3478 693 3549 λόγος,
743 3475 1073 3547 θαυμαζέτω
1125 3476 1335 3549 μηδείς.
1372 3476 1447 3529 Οὐ
1471 3475 1579 3548 γάρ
1614 3475 1683 3529 τὰ
1706 3476 1845 3531 αὐτὰ

252 3573 352 3628 κα)⁸
389 3570 503 3643 (41)
529 3569 837 3640 φθέγξομαι
874 3568 1054 3641 μόνον,
1078 3566 1215 3622 ἀλλὰ
1246 3566 1342 3621 καὶ
1362 3566 1491 3638 περὶ
1510 3566 1621 3620 τῶν
1643 3567 1842 3633 αὐτῶν,

252 3664 504 3738 φρίττων
537 3663 635 3716 καὶ
667 3660 944 3730 γλῶσσαν,
971 3659 1067 3714 καὶ
1100 3657 1226 3713 νοῦν
1259 3659 1396 3730 (42),
1431 3658 1527 3711 καὶ⁸
1564 3657 1803 3712 διάνοιαν
1828 3699 1844 3723 ,

253 3759 389 3812 ὅταν
416 3758 547 3829 περὶ
576 3755 713 3809 Θεοῦ
766 3755 1128 3826 φθέγγωμαι-
1181 3752 1274 3808 καὶ
1322 3753 1450 3823 ὑμῖν
1497 3751 1664 3804 ταυτὸ
1691 3749 1849 3804 τοῦτο

256 3849 658 3920 συνευχόμενος
678 3846 739 3899 τὸ
761 3843 1044 3900 ἐπαινετὸν
1071 3840 1244 3906 πάθος
1272 3841 1368 3895 καὶ
1396 3842 1685 3913 μακάριον.
1713 3837 1847 3893 Θεοῦ

255 3943 318 3997 δὲ
344 3943 476 3996 ὅταν
515 3939 677 4005 εἴπω,
728 3939 810 3992 ἑνὶ
840 3937 980 4007 φωτὶ
1030 3933 1515 4008 περιαστράφθητε
1545 3933 1639 3987 καὶ
1667 3930 1844 4004 τρισί·

257 4034 409 4107 τρισὶ
426 4032 551 4104 μὲν,
573 4029 829 4093 κατάτὰς
849 4029 1141 4099 ίδιότ-ητας,
1167 4026 1346 4081 εἴτουν
1371 4026 1480 4098 (45)
1500 4025 1846 4091 ὑποστάσεις,

259 4129 316 4182 ετ
330 4144 439 4181 τινι
464 4124 617 4194 φίλον
632 4124 838 4188 καλεῖν,
854 4121 967 4176 εἴτε
995 4121 1263 4193 πρόσωπα
1280 4119 1452 4192 (οὐδὲν
1468 4118 1578 4190 γὰρ
1600 4116 1850 4189 περὶτῶν

259 4219 548 4291 ὀνομάτων
606 4215 1089 4287 ζυγομαχήσομεν,
1131 4214 1238 4277 ἓως
1283 4211 1350 4266 ἂν
1384 4211 1524 4284 πρὸς
1553 4211 1652 4282 τὴν
1679 4209 1852 4281 αὐτὴν

259 4310 476 4364 ἔννοιαν
500 4309 557 4363 αί
598 4308 862 4362 συλλαϐαὶ
899 4306 1162 4379 φέρωσιν)
1181 4324 1194 4338 ·
1235 4305 1317 4359 ἑνὶ
1346 4304 1425 4368 δὲ,
1468 4304 1610 4357 κατὰ
1633 4303 1726 4358 τὸν
1752 4303 1852 4370 τῆς

1947 3211 2168 3276 saeculo,
2207 3211 2260 3265 in
2294 3224 2399 3278 quo
2427 3208 2725 3262 laetantium
2755 3209 2996 3263 omnium
3033 3208 3296 3263 habitatio
3339 3219 3427 3263 est
3453 3209 3530 3276 “,

1946 3301 2145 3357 festum
2196 3299 2498 3361 celebrant,
2548 3298 2841 3368 quidquam
2891 3297 3035 3353 aliud
3081 3313 3201 3353 esse
3254 3299 3529 3364 exisﬁmo,

1947 3410 2109 3464 quam
2150 3393 2336 3447 laudes
2366 3406 2478 3453 eas,
2511 3391 2711 3460 quibus
2742 3389 2884 3445 Deus
2919 3390 2986 3444 ab
3016 3390 3142 3456 illis,
3177 3391 3265 3460 qui
3296 3392 3350 3445 in
3392 3406 3536 3446 rem-

1948 3488 2216 3559 publicam
2253 3484 2397 3538 illam
2450 3484 2673 3538 admissi
2708 3491 2856 3550 suut,
2907 3485 3241 3540 celebratur.
3289 3483 3444 3551 Quod
3488 3483 3537 3539 si

1948 3581 2076 3652 quid
2116 3592 2329 3642 eorum,
2359 3590 2481 3646 qua:
2513 3575 2625 3644 jam
2653 3589 2684 3628 a
2716 3576 2870 3631 nobis
2904 3577 3047 3632 dicta
3074 3585 3221 3644 sunt,
3262 3579 3377 3632 haec
3411 3592 3536 3630 ora-

1950 3676 2028 3730 tio
2065 3672 2319 3728 babitura
2345 3678 2451 3734 est,
2487 3669 2542 3723 id
2579 3669 2782 3724 nemini
2815 3669 3013 3724 mirum
3044 3669 3314 3724 videatur.
3345 3668 3532 3739 Neque

1950 3765 2096 3819 enim
2127 3762 2315 3817 eadem
2362 3759 2534 3815 solum
2570 3758 2884 3828 proloquar,
2920 3761 3017 3816 sed
3064 3761 3130 3816 de
3179 3761 3370 3816 iisdem
3407 3775 3539 3830 quo-

1951 3863 2057 3919 que
2080 3848 2261 3913 rebus,
2298 3853 2354 3900 et
2383 3843 2602 3914 quidem
2652 3844 2856 3916 lingua,
2907 3856 2964 3901 et
3008 3857 3209 3909 mente,
3246 3856 3302 3901 et
3333 3846 3540 3916 cogita-

1954 3943 2100 3996 tione
2125 3940 2473 4007 borrescens,
2499 3937 2716 4008 quoties
2742 3938 2812 3994 de
2843 3938 2952 3992 Deo
2977 3930 3284 3992 sermonem
3323 3938 3536 4006 habeo;

1953 4048 2115 4104 quem
2141 4031 2310 4088 etiam
2352 4030 2674 4102 praeclarum
2716 4044 2781 4085 ac
2822 4029 3039 4084 beatum
3091 4027 3345 4084 allectum
3385 4028 3539 4084 vobis

1954 4128 2135 4182 inesse
2173 4124 2429 4194 optarim.
2466 4123 2634 4178 Deum
2664 4137 2829 4193 porro
2854 4137 2975 4176 cum
3013 4122 3153 4187 dico,
3184 4136 3292 4175 uno
3321 4121 3539 4175 eodem-

1953 4232 2058 4288 que
2080 4216 2279 4287 triplici
2310 4215 2512 4270 lumine
2538 4214 3022 4285 perstringamini:
3062 4213 3259 4282 triplici
3296 4211 3539 4282 quidem,

1954 4317 2218 4379 quantum
2246 4304 2414 4378 684
2449 4308 2513 4359 ad
2547 4305 2928 4374 proprietates,
2969 4304 3084 4359 sive
3114 4303 3457 4373 liypostases,
3491 4299 3541 4355 si

260 4400 452 4464 οὐσίας
486 4399 666 4469 λόγον,
690 4399 868 4452 εῖτουν
904 4397 1176 4469 θεότητος.
1206 4398 1507 4467 Διαιρεῖται
1540 4394 1648 4465 γὰρ
1686 4394 1838 4447 ἁδιαι·

1957 4401 2043 4456 cui
2074 4401 2177 4454 hoc
2201 4399 2427 4453 verbum
2454 4397 2627 4468 magis
2655 4395 2880 4461 arridet,
2907 4395 3023 4450 sive
3058 4409 3315 4463 personas
3347 4392 3545 4464 (neque

266 4492 462 4564 ρέτως,
495 4489 563 4543 ἵν’
601 4489 773 4554 οὕτως
805 4489 964 4552 εἴπω,
986 4490 1082 4541 καὶ
1113 4485 1441 4541 συνάπτεται
1484 4483 1849 4556 διῃρημένως.

268 4584 369 4637 Ἐν
387 4582 501 4656 γὰρ
539 4584 598 4637 ἑν
637 4582 821 4654 τρισὶν
852 4580 963 4651 (44)
987 4583 1021 4652 ἡ
1050 4578 1263 4651 θεότης,
1308 4578 1402 4631 καὶ
1430 4576 1498 4631 τά
1518 4575 1644 4646 τρία
1666 4575 1726 4630 ἓν
1747 4594 1762 4609 ο
1784 4575 1853 4629 τὰ

262 4674 325 4728 ἐν
351 4668 434 4738 οἷς
462 4676 498 4746 ἡ
546 4673 758 4746 θεότης,
806 4674 864 4746 ἢ,
906 4672 970 4726 τό
1010 4690 1073 4742 γε
1105 4671 1496 4743 ἀκριϐέστερον
1536 4672 1730 4735 εἰπεῖν,
1762 4669 1798 4724 ἂ
1820 4672 1853 4740 ἡ

264 4768 488 4838 θεότης.
536 4766 737 4849 Τὰςβὲ
788 4765 1095 4839 ὑπερϐολὰς
1145 4766 1239 4819 καὶ
1283 4763 1553 4833 ἐλλείψεις
1601 4763 1859 4833 ἐλλείψω-

1959 4493 2104 4548 enim
2135 4493 2204 4547 de
2250 4490 2530 4547 vocabulis
2580 4488 2989 4555 dissidebimus,
3039 4487 3276 4556 quandiu
3325 4485 3544 4557 syllabae

1962 4586 2030 4638 ad
2071 4581 2321 4637 eamdem
2355 4578 2682 4635 sententiam
2734 4576 2962 4648 ferent);
2996 4591 3103 4630 uno
3141 4587 3342 4639 autem,
3373 4589 3543 4643 quan-

1965 4681 2080 4727 tum
2112 4671 2179 4725 ad
2222 4669 2559 4736 substantiae,
2606 4669 2709 4722 hoc
2753 4676 2858 4729 est,
2913 4665 3222 4720 Divinitatis
3256 4663 3541 4718 rationem.

1966 4761 2326 4832 Distinguitur
2367 4760 2512 4816 enim
2565 4757 2945 4822 indistinctim,
2993 4766 3051 4809 ut
3089 4757 3170 4809 sic
3229 4754 3440 4823 loquar,
3492 4758 3544 4805 et

342 4862 386 4894 ιι
420 4834 613 4914 Matth.
651 4834 753 4924 Om,
782 4834 911 4914 45.-
952 4859 995 4890 ⁸³
1036 4859 1196 4914 Prov.
1256 4872 1332 4921 tv,
1365 4855 1457 4910 25.
1537 4855 1580 4886 ³³
1631 4856 1776 4910 Psal.
1832 4871 1838 4910 ι

1950 4869 2065 4922 un,
2101 4854 2154 4909 6.
2235 4850 2483 4907 “Jerem.
2532 4865 2606 4915 IV,
2639 4850 2692 4904 5.
2760 4834 2866 4901 "l
2914 4848 3040 4902 Cor.
3084 4861 3159 4912 ιι,
3194 4848 3248 4903 7.
3327 4845 3370 4876 ⁸³
3400 4842 3544 4897 Psal-

267 4929 572 4996 uxxv1,7.

343 5024 460 5092 (‘55)
481 5021 640 5090 Πρὸς
659 5017 765 5092 τῷ.
797 5018 890 5092 0r.
919 5019 984 5092 1,
995 5016 1145 5092 ,Ιεεηι
1176 5015 1324 5079 Pan,
1347 5016 1483 5092 πρὸς
1502 5015 1582 5092 τό.

343 5086 460 5164 (56)
494 5086 626 5164 Τόκζ
650 5091 813 5164 Deest
836 5090 890 5164 i_n
921 5090 1092 5164 tribus
1112 5087 1277 5164 Reggs
1299 5096 1354 5141 et
1379 5086 1472 5140 0r.
1502 5086 1552 5139 1.

346 5155 463 5235 (57)
490 5161 618 5235 Καὶ
668 5159 737 5235 τό
765 5159 920 5235 τῆς,
983 5159 1076 5213 Sic
1103 5155 1425 5226 sex—Reggq
1480 5166 1588 5211 tres
1617 5155 1772 5211 Colb.
1801 5165 1858 5212 et

274 5230 372 5292 Or'.
400 5230 454 5289 1.
486 5233 645 5287 Deest
674 5230 735 5284 τό
764 5231 816 5284 in
848 5231 938 5282 ed.

350 5303 464 5374 (58)
514 5300 952 5374 Καθαιρώμεᾷα,
1006 5306 1112 5354 etc.
1169 5296 1405 5374 Dudqu
1454 5313 1471 5352 :

276 5369 401 5438 nos,
437 5387 707 5443 purosque
731 5384 791 5443 et
827 5371 1047 5425 idoneos
1088 5369 1393 5443 reddamus.
1420 5387 1440 5420 ι

350 5435 467 5514 (39)
507 5435 1008 5510 Ἀνὲκαθήραμεν,
1033 5449 1137 5495 etc.
1167 5436 1378 5514 Nicetas
1410 5437 1632 5506 exponit
1662 5453 1676 5492 :
1711 5454 1730 5488 ι
1757 5435 1862 5490 Au-

275 5509 520 5573 ditorum
554 5514 765 5567 animas
794 5509 1048 5565 sermone
1081 5509 1519 5578 przeparavintus.
1555 5525 1572 5560 ι

353 5585 467 5652 (40)
501 5582 752 5637 Πάντων
779 5582 814 5651 ἡ
843 5575 1132 5636 κατοικία.
1167 5575 1258 5632 Sic
1284 5593 1379 5634 sex
1413 5577 1582 5649 Regg.
1605 5576 1773 5633 etOr.
1806 5577 1857 5632 l.

280 5656 444 5725 Deest
465 5655 500 5725 ἡ
532 5656 585 5707 in
604 5654 693 5725 ed_.

353 5724 466 5785 ιιι)
487 5717 631 5779 Καί.
654 5723 814 5779 Deest
845 5723 900 5779 in
927 5720 1094 5786 Regg.
1127 5719 1241 5782 bm,
1270 5717 1358 5785 ph.

1529 5314 1549 5348 ‹
1577 5296 1866 5367 Expiemus
1969 5298 2027 5353 ln
2048 5296 2158 5370 eth,
2183 5298 2217 5370 ἢ

2039 5019 2153 5090 (4‘2)
2176 5018 2288 5073 Καὶ
2311 5015 2483 5090 γοῦν.
2511 5015 2639 5090 Haec
2669 5015 2861 5071 desunt
2897 5013 2947 5067 in
2971 5013 3214 5090 quinque
3244 5011 3410 5090 Begg.
3440 5006 3547 5090 lii

1966 5082 2170 5154 auieni,
2194 5103 2249 5145 et
2280 5089 2495 5158 quidem
2522 5087 2738 5156 Optima:
2774 5094 2934 5148 notae,
2968 5084 3190 5146 habent,
3219 5082 3316 5135 καὶ
3353 5082 3549 5156 ἀκοήν.

1969 5170 2432 5309 Ῐθῖιίὲἳΐὲτξαυν.
2481 5228 2574 5283 Sic
2621 5235 2731 5282 tres
2765 5223 2958 5296 84233.,
2999 5237 3095 5278 sex
3118 5221 3271 5278 Colb.
3304 5219 3470 5277 etOr.
3496 5224 3549 5279 1.

2183 5317 2431 5444 ᾩΕἳζηὲρ
2456 5364 2786 5444 ἐν’-τρισίν.
2824 5361 3201 5444 Observathic
3232 5361 3551 5443 scholiastes

1973 5433 2287 5495 accuratam
2310 5433 2569 5508 loquendi,
2587 5433 2849 5508 rationem
2871 5433 3139 5508 Gregorii,
3166 5433 3260 5508 qui
3280 5448 3552 5508 nunquam

1971 5510 2161 5578 Deum,
2192 5509 2343 5581 τρία,
2375 5500 2499 5581 vel,
2526 5507 2588 5581 το
2616 5505 2698 5581 ἓν-
2722 5503 2851 5581 τρία
2881 5500 3125 5581 ὤχει-ίιὶ
3171 5500 3263 5581 sed
3297 5500 3358 5581 to
3398 5500 3468 5581 Δἓν
3496 5504 3554 5554 ἑν

1967 5570 2261 5648 τρισὶ,’καὶ
2290 5570 2361 5633 τά
2410 5570 2539 5648 τρία
2565 5578 2643 5641 ἓν,
2662 5577 2738 5648 did
2760 5570 2872 5648 est,
2918 5574 2994 5648 fui
3036 5572 3165 5644 τρία
3196 5571 3294 5644 τὴν
3325 5570 3554 5643 θεότητα

1968 5644 2127 5717 εἶναι,
2159 5665 2265 5706 uOn
2296 5666 2326 5706 e
2351 5644 2630 5712 converso,
2658 5646 2715 5700 ἓν
2748 5644 2817 5699 τὰ
2840 5644 2987 5697 τοία.
