3910 6214
424 245 527 299 547

1625 248 1685 305 S.
1728 246 2054 305 GREGORII
2089 250 2435 311 THEOI.OGI

3559 256 3669 315 348

427 359 719 418 distinctim
747 361 1105 418 connectitur.
1141 362 1314 418 Unum
1341 350 1483 418 enim
1521 364 1572 417 in
1620 365 1824 431 tribus,
1858 366 1995 422 divi-

2111 387 2200 441 μεν
2224 370 2335 442 (45)
2359 389 2372 402 ο
2402 370 2524 427 οὔτε
2554 372 2652 442 τὴν
2691 372 2884 428 ἕνωσιν
2932 372 3042 443 (46)
3079 372 3339 441 σύγχυσιν
3367 369 3671 442 ἐργαζόμε-

426 455 570 508 nitas
592 442 696 518 εει,
727 461 782 508 et
822 454 923 508 tria
951 469 1156 521 unum;
1189 469 1274 520 ea,
1307 454 1548 524 inquam,
1576 455 1628 510 in
1663 458 1886 527 quibus,
1925 458 1999 512 di-

425 545 627 601 vinitas
654 557 758 611 est,
788 546 894 613 vel,
939 553 997 599 ut
1025 545 1195 617 magis
1242 549 1458 618 pr0prie
1493 551 1689 614 dicam,
1723 565 1871 620 qum,
1922 551 1998 605 di-

427 635 627 691 vinitas
653 651 756 693 est.
799 640 1067 697 Excessus
1099 651 1277 697 autem
1320 655 1383 695 ac
1416 640 1657 695 defectus
1686 642 1880 697 missos
1912 641 1995 696 fa-

429 724 656 791 ciamus,
698 744 798 783 nec
837 746 932 800 per
970 731 1220 787 unionem
1254 731 1648 787 confusionem.
1679 746 1778 786 nec
1807 747 1996 787 rursus

428 826 528 880 per
548 814 864 871 divisionem
892 818 1279 887 sejunctionem
1311 816 1621 873 eliicientes.
1648 818 1826 888 Equo
1849 821 1992 874 enim

2104 476 2205 522 νοι,
2233 460 2356 514 οῦτε
2377 462 2476 534 τὴν
2515 462 2799 536 διαίρεσιν,
2842 463 3212 535 ἀλλοτρίωσιν.
3267 462 3509 515 Ἀπέστω
3559 461 3671 531 γὰρ

2102 550 2256 621 ἡμῶν
2308 552 2368 616 ἐξ
2417 553 2555 618 ῐσου,
2591 554 2685 606 καὶ
2717 555 2750 624 ή
2785 553 3071 607 Σαϐελλίω
3129 552 3454 625 συναίρεσις,
3509 552 3604 604 καὶ
3633 554 3669 623 ἡ

2116 639 2320 709 Ἀρείου
2341 639 2620 711 διαίρεσις,
2643 639 2713 693 τὰ
2734 642 2795 693 ὲκ
2813 640 3121 713 διαμέτρου
3136 637 3300 701 κακὰ,
3325 639 3417 691 κα)⁵
3434 637 3673 708 ὁμότιμα

2099 729 2198 803 τὴν
2227 730 2510 784 ἀσέϐειαν·
2539 731 2591 783 τί
2619 730 2725 802 γὰρ
2752 731 2833 783 δεῖ
2862 731 3014 797 Θεὸν,
3042 732 3075 805 ἢ
3098 730 3435 800 συναλείφειν
3457 731 3667 797 κακῶς,

2103 821 2134 891 ἢ
2158 821 2515 891 κατατέμνειν
2543 823 2621 884 είς
2649 822 2971 895 ἁνισότητα;

431 901 711 960 intervallo
756 922 786 959 a
832 910 985 963 nobis
1026 909 1223 974 absint,
1273 918 1328 963 et
1356 907 1571 962 Sabellii
1601 910 1918 975 contractio,
1948 917 2001 962 et
2037 910 2151 962 Arii
2188 909 2403 976 divisio,
2451 910 2591 963 mala
2654 924 2720 963 ex
2767 910 3032 964 diametro
3096 909 3364 979 opposita,
3401 917 3454 962 et
3482 907 3672 977 itnpie'

431 1006 541 1053 tate
581 1001 751 1069 paria.
797 1002 934 1068 Quid
968 1005 1113 1057 enim
1166 1018 1385 1058 necesse
1417 1011 1499 1057 est
1534 1002 1699 1056 Deum
1734 1003 1816 1057 vel
1866 1003 2005 1059 male
2042 1005 2389 1067 contrahere,
2420 1004 2502 1058 vel
2534 1003 2588 1059 in
2624 1004 3041 1073 inaequalitatem
3070 1004 3360 1058 scindere?

500 1095 616 1151 XII.
677 1094 843 1151 Nobis
884 1095 1068 1167 quippe
1100 1115 1238 1153 unus
1272 1099 1408 1152 Deus
1454 1097 1633 1166 Pater,
1670 1113 1733 1153 ea:
1758 1114 1858 1169 quo
1886 1115 1999 1152 om-

431 1187 539 1252 nia,
569 1197 617 1240 et
654 1204 789 1241 unus
829 1186 1083 1242 Dominus
1117 1188 1275 1243 Jesus
1312 1188 1572 1253 Christus,
1597 1206 1688 1259 per
1718 1206 1867 1259 quem
1891 1206 2002 1243 om-

431 1279 520 1331 nia
554 1278 595 1307 ¹⁷
618 1318 633 1345 ,
666 1288 721 1331 et
751 1294 889 1334 unus
919 1279 1154 1350 Spiritus
1197 1290 1436 1346 sanctus,
1473 1282 1525 1334 in
1570 1295 1677 1350 quo
1705 1281 1909 1335 omnia.
1940 1279 1999 1334 In

432 1370 627 1438 quibus
654 1369 736 1423 ha:
772 1370 1073 1438 particulae,
1109 1387 1173 1425 ea:
1205 1388 1328 1441 quo,
1360 1387 1449 1436 per
1489 1388 1661 1441 quem,
1692 1380 1747 1426 et
1791 1373 1844 1425 in
1874 1387 1996 1441 quo,

434 1474 544 1512 non
599 1470 825 1514 naturas
876 1469 1064 1513 secant
1123 1460 1346 1531 (alioqui
1403 1461 1547 1515 enim
1606 1461 1999 1531 propositiones

432 1549 547 1603 ista:
572 1550 957 1620 nominumque
984 1552 1199 1605 ordines
1232 1566 1503 1619 nunquam
1539 1551 1994 1620 innnutarentur);

2176 1100 2276 1154 IB'.
2311 1100 2574 1169 Ἠμῖνδὲ,
2605 1095 2691 1167 εἷς
2719 1100 2862 1167 Θεὸς
2880 1104 2913 1154 ὀ
2928 1100 3232 1168 Πατὴρ,ὲξ
3252 1093 3325 1155 οὗ
3348 1099 3420 1159 τὰ
3438 1098 3667 1162 πάντα,

2107 1191 2204 1245 καὶ
2233 1187 2320 1257 εἷς
2346 1192 2559 1259 Κύριος
2600 1190 2837 1258 Ἰησοῦς
2855 1191 3127 1259 Χριστὸς,
3157 1189 3231 1242 δι’
3262 1185 3333 1244 οὗ
3363 1189 3434 1243 τὰ
3454 1187 3673 1251 πάντα,

2106 1285 2200 1336 καὶ
2238 1283 2295 1336 ἓν
2331 1282 2553 1354 Πνεῦμα
2600 1282 2785 1351 ἆγιον,
2831 1284 2890 1337 ὲν
2923 1275 2967 1350 ᾧ
3005 1281 3072 1335 τὰ
3104 1281 3310 1337 πάντα·
3339 1278 3431 1335 τοῦ
3476 1279 3545 1343 ἐξ
3572 1274 3671 1342 οὗ,

2106 1375 2200 1427 καὶ
2224 1374 2297 1428 δι’
2329 1370 2422 1439 οὗ,
2451 1375 2543 1427 καὶ
2569 1375 2639 1428 ἐν
2658 1367 2724 1440 ᾧ,
2760 1373 2834 1445 μὴ
2859 1372 3047 1442 φύσεις
3062 1372 3366 1443 τεμνόντων
3394 1369 3533 1442 (οὐδὲ
3561 1368 3673 1441 γὰρ

2104 1464 2170 1518 ἂν
2203 1464 2531 1536 μετέπιπτον
2554 1466 2608 1517 αἱ
2634 1463 2941 1534 προθέσεις,
2972 1463 3006 1533 ἢ
3043 1465 3098 1516 αἱ
3130 1449 3313 1529 τάξεις
3335 1460 3442 1514 τῶν
3468 1459 3673 1528 ὀνομά-

2103 1556 2253 1626 των),
2275 1556 2408 1610 ἀλλὰ
2440 1554 2948 1627 χαρακτηριζόντων
2973 1557 3099 1626 μιᾶς
3128 1553 3222 1607 καὶ
3243 1551 3542 1622 ἁσυγχύτου
3564 1548 3672 1619 φύ-

429 1656 615 1695 verum
661 1642 819 1696 unius
857 1652 911 1695 et
963 1642 1254 1697 iuconfusae
1284 1651 1490 1696 naturae
1535 1645 1887 1712 proprietates
1919 1657 2002 1697 ex-

2111 1666 2245 1712 σεως
2278 1648 2567 1718 ἰδιότητας.
2608 1647 2719 1700 Καὶ¹
2751 1647 2908 1700 τοῦτο
2927 1646 3105 1716 δῆλον,
3138 1644 3199 1710 ἐξ
3244 1637 3317 1697 ὧν
3354 1645 3434 1705 εἰς
3462 1642 3518 1695 ἓν
3548 1658 3674 1693 συν-

431 1733 690 1802 primunt.
730 1732 893 1802 quue
921 1748 984 1788 ex
1018 1750 1084 1787 eo
1124 1733 1402 1802 perspicne
1434 1743 1663 1799 constat,
1701 1735 1843 1802 quod
1877 1749 2001 1787 rur-

436 1839 527 1878 sus
550 1825 603 1878 in
639 1832 801 1878 unum
837 1825 1250 1886 contrahuntur,
1288 1826 1332 1878 si
1369 1829 1526 1878 modo
1557 1825 1678 1893 quis
1710 1825 1836 1878 illud
1862 1825 2001 1894 apud

432 1916 679 1969 eumdem
719 1916 1015 1983 apostolum
1059 1930 1163 1968 non
1200 1915 1485 1985 neglectim
1520 1925 1680 1984 atque
1708 1916 2003 1971 oscitanter

432 2006 613 2076 legat:
652 2008 733 2061 Ex
766 2008 899 2076 ipso,
929 2017 973 2060 et
1004 2023 1093 2074 per
1124 2008 1312 2075 ipsum,
1336 2016 1383 2060 et
1410 2009 1461 2060 in
1492 2008 1605 2076 ipso
1636 2018 1755 2061 sunt
1781 2008 1956 2061 omnia
1983 2024 2002 2061 :

433 2101 533 2167 ipsi
566 2100 735 2170 gloria
766 2102 821 2154 in
855 2101 1070 2168 swcula,
1112 2102 1272 2155 Amen
1316 2101 1378 2154 ¹⁸.
1424 2101 1587 2155 Pater
1635 2113 1786 2169 pater
1816 2111 1918 2165 est,
1951 2110 2005 2156 et

432 2193 683 2263 principii
730 2209 923 2262 expers
961 2208 1177 2262 :neqne
1220 2194 1361 2246 enim
1414 2208 1477 2246 ex
1529 2192 1636 2247 ullo
1684 2203 1788 2246 εει.
1831 2192 2003 2247 Filius

436 2285 578 2340 ﬁlius
605 2293 706 2348 est,
743 2299 807 2338 ac
834 2299 936 2338 non
979 2284 1226 2354 principii
1264 2298 1457 2353 expers
1486 2305 1498 2338 :
1531 2299 1594 2337 ex
1634 2284 1796 2338 Patre
1830 2285 2001 2354 siqui-

434 2375 577 2429 dent.
610 2375 760 2442 Quod
794 2376 837 2430 si
870 2375 1128 2444 temporis
1167 2376 1485 2443 principium
1532 2375 1753 2443 accipis,
1801 2374 2001 2444 princi-

433 2467 521 2536 pio
563 2468 726 2522 etiam
762 2477 945 2533 caret;
1011 2482 1184 2535 neque
1233 2468 1375 2520 enim
1431 2475 1729 2535 temporum
1783 2462 2004 2521 effector

437 2560 668 2627 tempori
703 2559 909 2613 subest.
948 2558 1182 2628 Spiritus
1235 2568 1457 2613 sanctus
1483 2573 1607 2613 vere
1635 2559 1856 2628 spiritus
1898 2566 2001 2623 est,

438 2651 733 2718 procedens
779 2636 994 2719 quidem
1026 2665 1091 2704 ex
1141 2650 1323 2714 Patre,
1356 2665 1459 2703 non
1496 2660 1673 2704 tamen
1731 2651 2000 2705 {iliationis

432 2742 610 2805 modo,
641 2750 698 2795 ut
727 2757 823 2796 nec
851 2742 1232 2811 generationis,
1268 2757 1452 2796 verum
1498 2742 1856 2810 processionis
1883 2758 1897 2807 ;
1938 2741 2001 2793 li-

433 2841 555 2886 ceat
580 2834 721 2887 enim
744 2832 1143 2901 perspicuitatis
1170 2846 1331 2886 causa
1372 2847 1508 2886 nova
1534 2832 1749 2885 nomina
1781 2830 2000 2900 lingere.

431 2923 615 2992 Neque
647 2924 790 2977 enim
822 2921 985 2976 Pater
1026 2938 1092 2977 eo
1127 2923 1398 2993 ingenitus
1441 2935 1559 2975 esse
1604 2920 1826 2985 destitlt,
1874 2922 2001 2989 quia

434 3013 656 3084 genuit;
689 3028 787 3067 nec
826 3013 994 3067 Filius
1028 3013 1240 3082 genitus
1266 3026 1385 3067 esse
1413 3010 1633 3074 desinit,
1668 3010 1790 3077 quia
1826 3025 1889 3063 ex
1917 3010 1999 3062 in-

433 3107 614 3175 genito
642 3114 743 3161 est.
778 3104 1022 3172 Quonam
1056 3106 1198 3158 enim
1232 3103 1388 3159 modo
1418 3103 1726 3157 desineret?
1752 3100 1860 3155 Nec
1883 3100 2005 3170 Spi-

436 3200 575 3254 ritus
606 3198 828 3261 idcirco,
874 3197 957 3250 vel
989 3198 1039 3251 in
1072 3197 1312 3259 Patrem,
1342 3195 1426 3249 vel
1459 3196 1510 3248 in
1544 3194 1738 3248 Filium
1786 3194 1999 3263 migrat,

432 3289 560 3359 quia
586 3287 868 3356 processit,
894 3302 958 3341 ac
985 3286 1122 3341 Deus
1145 3295 1248 3353 est,
1274 3287 1436 3340 etiam
1474 3284 1519 3337 si
1560 3284 1738 3353 impiis
1767 3276 2003 3336 hominil

432 3382 535 3434 bus
568 3379 723 3433 aliter
776 3379 1066 3432 videatur:
1117 3376 1416 3446 proprietas
1457 3374 1598 3429 enim
1647 3373 1851 3428 moveri
1895 3387 2000 3426 non

433 3475 632 3535 potest.
670 3465 799 3520 Nam
836 3466 1034 3536 alioqui
1080 3478 1314 3535 quonam
1357 3471 1515 3532 pacto
1557 3462 1858 3531 proprietas
1891 3476 2006 3515 ma-

435 3567 612 3624 neret,
651 3558 694 3613 si
729 3566 1035 3613 moveretur
1062 3567 1117 3611 ut
1155 3555 1496 3609 mutaretur?
1524 3553 1622 3621 Qui
1652 3562 1831 3608 autem
1864 3553 2008 3625 inge-

436 3651 693 3714 nituram,
735 3658 790 3704 et
841 3649 1260 3719 generationem,
1297 3647 1519 3700 deorum
1562 3646 2004 3715 Itomonymorum

436 3751 658 3797 naturas
683 3756 801 3796 esse
830 3747 1089 3804 statuunt,
1122 3739 1307 3805 iidem,
1341 3737 1505 3810 685
1531 3736 1711 3802 credo,
1743 3736 2005 3789 Adamum

2105 1741 2326 1808 ἄγονται
2358 1739 2539 1802 πάλιν,
2570 1738 2625 1791 εἴ
2658 1756 2736 1809 τῳ
2763 1738 2837 1809 μὴ
2864 1737 3156 1809 παρέργως
3185 1738 3361 1789 ἐκεῖνο
3408 1731 3677 1802 ἀναγινώ-

2106 1847 2294 1884 σκεται
2309 1831 2416 1902 (Π)
2433 1831 2581 1902 παρὰ
2614 1829 2691 1901 τῷ
2716 1830 2862 1901 αὐτῷ
2888 1830 3186 1901 ἁποστόλῳ,
3209 1830 3289 1893 τὸ,
3328 1828 3429 1892 Ἐξ
3461 1824 3671 1889 αὐτοῦ,

2104 1923 2201 1975 καὶ
2232 1921 2305 1974 δι’
2335 1922 2542 1985 αὐτοῦ,
2586 1923 2683 1976 καὶ
2720 1924 2807 1988 εἷς
2832 1921 3019 1975 αὐτὸν
3048 1923 3119 1975 τὰ
3164 1919 3361 1973 πάντα
3389 1935 3405 1948 ·
3439 1915 3604 1987 αὐτῷ,
3630 1917 3672 1985 ἠ

2102 2013 2251 2076 δόξα
2283 2015 2365 2078 εις
2405 2012 2543 2078 τοὺς
2602 2011 2841 2076 αἰῶνας.
2889 2011 3093 2080 Ἀμήν.
3153 2008 3341 2082 Πατὴρ
3384 2010 3412 2061 ὁ
3466 2006 3671 2077 πατὴρ,

2105 2107 2197 2159 καὶ
2228 2106 2489 2176 ἄναρχος·
2525 2104 2585 2156 οὐ
2625 2104 2732 2176 γὰρ
2758 2103 2822 2155 ἔκ
2847 2119 3009 2164 τινος.
3043 2101 3169 2163 Υἱὸς
3200 2103 3228 2154 ό
3259 2100 3396 2163 υἱὸς,
3447 2100 3540 2152 καὶ
3572 2098 3677 2151 οὐκ

2103 2197 2335 2267 ἄναρχος
2354 2213 2366 2226 ο
2404 2198 2467 2248 ὲκ
2499 2194 2592 2248 τοῦ
2623 2195 2835 2266 Πατρὸς
2862 2193 2989 2264 γάρ.
3043 2193 3103 2244 Et
3134 2191 3190 2243 δὲ
3213 2191 3312 2261 τὴν
3339 2189 3447 2242 ἀπὸ
3479 2189 3673 2261 χρόνου

2103 2287 2399 2357 λαμϐάνοις
2416 2286 2610 2359 ἀρχὴν,
2640 2286 2734 2338 κα).
2762 2285 2997 2355 ἄναρχος
3017 2299 3030 2313 ⁸
3068 2281 3294 2353 ποιητὴς
3311 2282 3417 2351 γὰρ
3441 2280 3674 2351 χρόνων,

2103 2379 2198 2447 οὐχ
2219 2378 2322 2430 ὑπὸ
2348 2377 2537 2448 χρόνον
2555 2376 2684 2447 (48).
2708 2375 2929 2445 Πνεῦμα
2953 2375 3105 2442 ἆγιον
3125 2372 3338 2442 ἀληθῶς
3358 2372 3418 2425 τὸ
3432 2371 3673 2442 πνεῦμα,

2104 2468 2290 2539 προϊὸν
2342 2468 2438 2538 μὲν
2481 2468 2547 2519 ὲκ
2573 2465 2666 2519 τοῦ
2701 2465 2935 2538 Πατρὺς,
2967 2466 3066 2534 οὐχ
3099 2464 3264 2528 ύῖκῶς
3292 2464 3367 2527 δὲ,
3406 2463 3527 2515 οὐδὲ
3562 2462 3676 2535 γὰρ

2102 2555 2395 2625 γεννητῶς,
2430 2556 2545 2609 ἀλλ’
2579 2554 2925 2626 ὲκπορευτῶς
2949 2570 2963 2583 ”
2999 2557 3046 2606 εἰ
3080 2554 3161 2606 δεῖ
3197 2570 3248 2605 τι
3282 2551 3377 2605 καὶ
3427 2567 3675 2604 καινοτο-

2110 2645 2277 2715 μῆσαι
2303 2646 2430 2715 περ).
2456 2646 2525 2697 τὰ
2564 2644 2802 2715 ὀνόματα
2832 2644 3125 2715 σαφηνείας
3158 2643 3361 2695 ἕνεκεν.
3393 2639 3530 2696 Οὔτε
3575 2637 3674 2692 τοῦ

2108 2736 2318 2805 Πατρὸς
2346 2737 2635 2799 ἐκστάντος
2664 2737 2762 2807 τῆς
2787 2736 3130 2806 ἀγεννησίας,
3155 2736 3286 2791 διότι
3309 2733 3634 2804 γεγέννηκεν
3655 2744 3673 2759 ⁸

2105 2824 2225 2878 οὔτε
2255 2827 2345 2878 τοῦ
2374 2826 2504 2878 Υἱοῦ
2532 2826 2631 2896 τῆς
2658 2826 2986 2896 γεννήσεως,
3017 2826 3097 2878 ὅτι
3134 2826 3197 2877 ὲκ
3225 2824 3318 2878 τοῦ
3353 2823 3671 2893 ἀγεννήτου,

2106 2920 2229 2983 Πῶς
2250 2920 2394 2990 γάρ;
2429 2919 2549 2973 οὔτε
2574 2919 2667 2972 τοῦ
2692 2917 3026 2988 Πνεύματος,
3052 2916 3085 2987 ἢ
3117 2917 3197 2979 εἰς
3231 2915 3446 2986 Πατέρα
3508 2930 3677 2983 μετα-

2110 3012 2420 3075 πίπτοντος,
2469 3010 2502 3081 ἢ
2558 3013 2638 3074 εἰς
2672 3010 2821 3073 Υἱδν,
2856 3008 3381 3080 ὃτιὲκπεπόρευται,
3441 3008 3535 3059 καὶ
3589 3005 3676 3059 ὅτι

2109 3102 2259 3165 Θεὸς,
2292 3101 2395 3155 κᾶν
2423 3102 2497 3173 μὴ
2524 3101 2653 3172 δοκῇ
2686 3104 2795 3165 τοῖς
2830 3101 3008 3164 ἀθέοις
3030 3116 3045 3129 ⁸
3076 3102 3110 3173 ἡ
3137 3100 3243 3170 γὰρ
3270 3098 3466 3166 ἰδιότης
3490 3096 3681 3169 ἀκίνη-

2108 3209 2219 3256 τος.
2247 3193 2318 3243 Ἢ
2350 3192 2467 3255 πῶς
2507 3192 2573 3245 ἂν
2614 3193 2813 3263 ἰδιότης
2859 3191 3030 3262 μένοι,
3054 3189 3346 3259 κινουμένη
3375 3186 3467 3239 καὶ
3502 3202 3677 3255 μετα-

2108 3282 2414 3347 πίπτουσα;
2450 3283 2513 3335 Oi
2551 3283 2607 3335 δὲ
2650 3282 2748 3353 τὴν
2778 3281 3123 3351 ἀγεννησίαν,
3168 3280 3261 3332 καὶ
3291 3278 3389 3349 τὴν
3419 3277 3680 3348 γέννησιν

2109 3373 2300 3442 φύσεις
2341 3372 2489 3426 Θεῶν
2522 3372 2827 3443 ὁμωνύμων
2862 3369 3158 3441 τιθέμενοι,
3201 3367 3343 3438 τάχα
3367 3365 3433 3419 ἂν
3457 3364 3551 3419 καὶ
3580 3364 3679 3417 τὸν

2124 3464 2316 3535 Ἀδὰμ,
2346 3466 2439 3519 καὶ
2467 3467 2557 3519 τὸν
2586 3465 2692 3537 Σὴθ
2720 3466 2821 3536 (ὅτι
2842 3465 2870 3517 ὁ
2895 3464 2993 3536 μὲν
3021 3464 3133 3536 (49)
3166 3463 3266 3517 οὐκ
3295 3461 3403 3516 ἀπὸ
3431 3458 3630 3531 σαρκός
3655 3472 3677 3488 ⁸

2112 3556 2337 3629 πλάσμα
2366 3559 2504 3629 γάρ·
2541 3561 2569 3611 ὁ
2594 3558 2651 3613 δὲ
2678 3558 2786 3612 ἀπὸ
2815 3557 2908 3611 τοῦ
2951 3557 3122 3628 Ἀδὰμ
3150 3557 3246 3611 καὶ
3265 3556 3363 3626 τῆς
3390 3552 3552 3623 Εὔας)
3577 3551 3675 3604 ἁλ-

2108 3649 2284 3721 λήλων
2314 3651 2452 3707 κατὰ
2480 3650 2576 3722 τὴν
2609 3650 2771 3720 φύσιν
2798 3648 3265 3723 ἀλλοτριώσουσιν.
3295 3643 3390 3711 Εἷς
3423 3641 3515 3700 οὖν
3542 3643 3678 3709 Θεὸς

2111 3741 2169 3793 ἐν
2201 3743 2364 3815 τρισὶ,
2400 3741 2496 3795 καὶ
2523 3741 2592 3798 τὰ
2617 3740 2746 3812 τρία
2778 3738 2859 3805 ἓν,
2883 3741 3071 3811 ὥσπερ
3098 3740 3321 3809 ἔφαμεν.

435 3847 648 3903 quoque
678 3839 732 3884 et
759 3828 888 3883 Setb
921 3828 1195 3897 (quoniam
1226 3826 1333 3893 ille,
1374 3841 1479 3880 non
1505 3841 1572 3881 ex
1632 3838 1816 3893 carne,
1876 3833 2059 3894 utpote
2097 3843 2127 3880 a
2191 3828 2301 3884 Deo
2342 3828 2568 3897 edictus,
2619 3832 2705 3887 ltic
2746 3841 2924 3886 autem
2972 3832 3038 3884 ab
3066 3830 3270 3882 Adamo
3298 3837 3354 3880 et
3390 3825 3499 3879 Eva
3549 3838 3679 3893 pro-

437 3936 652 3982 creatus
688 3923 816 3995 est),
856 3922 1067 3977 diversa
1126 3929 1321 3975 natura
1387 3920 1640 3991 praeditos
1713 3934 1832 3975 esse
1905 3924 2252 3977 contendent.
2291 3924 2439 3981 Unus
2493 3926 2655 3996 igitur
2716 3924 2857 3979 Deus
2901 3924 2954 3979 in
3021 3921 3214 3987 tribus,
3264 3928 3317 3973 et
3357 3919 3457 3973 tria
3508 3933 3675 3972 unum

435 4029 579 4085 sunt,
607 4028 667 4072 ut
703 4017 953 4071 diximus.

507 4117 640 4172 XIII.
674 4118 803 4184 Quae
837 4134 957 4173 cum
1007 4117 1078 4171 ita
1121 4131 1180 4171 se
1209 4114 1464 4177 habeant,
1496 4112 1606 4167 imo
1645 4126 1766 4166 cum
1796 4111 1900 4165 hoc
1930 4109 2001 4163 ita

2179 4109 2277 4162 II".
2323 4108 2473 4161 ’Ertsl.
2496 4106 2551 4159 δὲ
2585 4105 2727 4160 οὕτω
2757 4109 2948 4168 ταῦτα,
2974 4103 3006 4174 ἢ
3034 4101 3211 4166 τοῦτο,
3242 4099 3350 4152 ἔδει
3383 4097 3440 4152 δὲ
3464 4096 3537 4169 μὴ
3562 4097 3679 4184 τοῖς

437 4224 496 4264 se
520 4210 733 4274 habeat,
776 4219 937 4277 atque
964 4207 1333 4262 adorationetn
1382 4217 1720 4271 nequaquam
1759 4198 2008 4268 supernis

439 4308 646 4352 tantum
686 4297 982 4366 Spiritibus
1003 4294 1281 4349 delinitam
1307 4300 1362 4346 et
1396 4289 1858 4358 circumscriptam
1881 4300 2002 4342 esse

436 4389 769 4455 conveniret,
804 4389 898 4442 sed
927 4396 982 4440 et
1008 4383 1212 4438 inferos
1240 4383 1502 4451 quosdam
1544 4381 1859 4432 adoratores
1886 4391 2007 4431 esse

436 4483 672 4543 deceret,
731 4490 790 4533 ut
831 4480 1013 4533 omnia
1044 4477 1135 4531 Dei
1173 4475 1342 4542 gloria
1396 4471 1856 4544 (quandoquidem
1912 4468 2006 4523 Dei

434 4571 613 4626 omnia
647 4571 792 4639 sunt)
844 4569 1230 4639 implerentur;
1277 4582 1396 4622 eam
1458 4567 1528 4619 ob
1586 4578 1801 4619 causam
1850 4561 2010 4615 homo

433 4671 670 4727 creatur,
723 4662 901 4716 divina
955 4677 1116 4714 manu
1170 4670 1226 4715 et
1268 4658 1502 4727 imagine
1556 4663 1797 4711 ornatus.
1851 4651 2004 4707 Hunc

435 4766 618 4811 autem
660 4753 860 4809 invidia
890 4752 1111 4816 diaboli,
1147 4760 1308 4820 atque
1355 4751 1550 4804 acerbo
1572 4747 1773 4817 peccati
1818 4753 2001 4815 gustu,

433 4866 463 4904 a
509 4849 618 4903 Deo
673 4846 955 4902 conditore
1011 4846 1210 4899 misere
1263 4851 1569 4912 separatum
1623 4837 1923 4907 deSpicere,
1972 4849 2003 4888 a

437 4938 547 4991 Deo
598 4936 831 4991 alienum
880 4944 1018 4989 erat.
1052 4931 1190 4999 Quid
1227 4932 1390 5001 igitur
1441 4929 1540 4983 lit?
1581 4927 1858 4993 Quamque
1891 4939 2005 4976 ma-

433 5041 594 5096 gnum
632 5028 776 5081 circa
809 5039 907 5079 nos
935 5025 1254 5094 mysterium
1294 5017 1644 5090 designatur?
1679 5016 2006 5069 lunovantur

515 5165 556 5195 ⁸⁷
602 5162 623 5216 I
657 5162 782 5216 Cor.
822 5176 942 5224 vm,
975 5159 1030 5215 6.
1108 5160 1152 5193 ¹⁸
1183 5160 1333 5213 Rom.
1357 5174 1445 5223 XI,
1476 5155 1565 5210 '56.

508 5300 620 5372 (45)
660 5300 1089 5372 Ϊβλλείψωμεν.
1141 5297 1231 5353 Sic
1259 5297 1389 5369 Ileg.
1424 5299 1533 5365 bm,
1567 5303 1676 5349 tres
1697 5293 1873 5359 Colb.,
1901 5299 2005 5346 etc.

437 5368 496 5427 In
518 5368 635 5434 'ed.,
658 5368 988 5458 ἐλλείψομεν.
1350 5368 1355 5369 ί
1778 5434 1790 5445 ⁸

519 5439 620 5458 nm
659 5440 758 5458 me
793 5457 840 5458 η
907 5456 933 5458 ,a
965 5438 1175 5458 φημι--
1234 5446 1309 5458 -.-
1372 5455 1383 5458 _
1410 5436 1514 5458 ιιτ--
1546 5435 1678 5458 μ-.-)
1704 5452 1790 5458 ----

515 5439 624 5506 (46)
654 5435 936 5506 Οὕτετὴν
957 5438 1197 5501 ἕνωσιν,
1228 5446 1331 5491 etc.
1366 5455 1384 5487 ‹
1410 5436 1517 5491 Nec
1541 5435 1679 5506 quod
1703 5435 1859 5488 unius
1881 5446 2012 5506 con-

440 5499 749 5573 fundentes,
774 5527 792 5559 ι
826 5499 1098 5571 nimirum,
1130 5526 1148 5558 ι
1173 5499 1458 5576 personas;
1487 5499 1606 5569 nec,
1631 5499 2011 5573 distinguendo

441 5579 588 5639 inter
618 5593 676 5634 se
701 5592 976 5643 personas,
1004 5577 1208 5632 alienas
1238 5577 1553 5632 inducamus
1583 5585 1824 5628 naturas.
1851 5592 1869 5624 ι

516 5648 630 5718 (47)
665 5647 1174 5719 Ἀναγινὼσκεται.
1222 5646 1350 5718 Reg.
1373 5648 1467 5717 ph,
1501 5656 1555 5702 et
1582 5644 1675 5701 Or.
1709 5646 1759 5711 I,
1820 5645 2008 5700 ἀναγι-

2104 4200 2216 4254 ἄνω
2255 4199 2412 4270 μόνον
2444 4197 2541 4269 τὴν
2578 4197 2946 4269 προσκύνησιν
2974 4190 3427 4264 περιγράφεσθαι,
3454 4187 3566 4241 ἀλλ’
3594 4181 3679 4240 εἷ-

2103 4288 2192 4343 ναί
2238 4305 2389 4351 τινας
2418 4288 2514 4341 καὶ
2543 4289 2693 4341 κάτω
2726 4284 3125 4357 προσκυνητὰς,
3161 4282 3249 4336 ἵνα
3292 4278 3551 4352 πληρωθῇ
3605 4279 3679 4339 τὰ

2106 4381 2284 4434 πάντα
2340 4379 2499 4451 δόξης
2544 4380 2702 4444 Θεοῦ,
2740 4378 2863 4431 ἐπεὶ
2897 4376 2992 4431 καὶ
3033 4373 3204 4428 Θεοῦ·
3252 4374 3347 4426 κα).
3392 4370 3480 4425 διὰ
3519 4369 3680 4423 τοῦτο

2107 4471 2346 4534 κτίζεται
2374 4470 2678 4542 ἄνθρωπος,
2713 4468 2854 4540 χειρὶ
2904 4464 3039 4520 Θεοῦ
3071 4463 3324 4536 τιμηθεὶς
3361 4462 3455 4515 καὶ
3486 4460 3677 4513 εἰκόνι.

2072 4564 2309 4619 ,Τοῦτον
2355 4564 2414 4616 δὲ
2468 4563 2646 4634 φθόνῳ
2692 4559 2958 4624 διαϐόλου,
3008 4558 3103 4611 καὶ
3134 4558 3307 4627 πικρᾷ
3343 4553 3529 4624 γεύσει
3579 4553 3678 4622 τῆς

2110 4655 2405 4725 ἁμαρτίας,
2436 4650 2571 4706 Θεοῦ
2614 4651 2707 4704 τοῦ
2748 4648 3110 4719 πεποιηκότος
3151 4645 3398 4707 ἐλεεινῶς
3427 4644 3536 4715 (50)
3570 4662 3681 4714 χω-

2115 4745 2395 4817 ριζόμενον
2427 4743 2690 4814 παριδεῖν,
2731 4744 2791 4795 οὐ
2832 4741 2988 4795 Θεοῦ.
3026 4741 3091 4793 Τί
3127 4738 3372 4808 γίνεται;
3403 4736 3497 4790 καὶ
3528 4734 3583 4787 τί
3616 4733 3681 4787 τὸ

2114 4837 2256 4908 μέγα
2286 4838 2413 4906 περὶ
2434 4837 2579 4906 ἡμᾶς
2616 4837 2943 4907 μυστήριονς
2972 4831 3434 4902 Καινοτομοῦνται
3462 4826 3675 4897 φύσεις,

2109 4928 2204 4981 κα).
2241 4926 2372 4989 Θεὸς
2400 4925 2686 4998 ἄνθρωπος
2729 4926 2938 4994 γίνεται
2959 4943 2973 4956 ·
3000 4925 3095 4978 και)⁹
3138 4925 3167 4975 ὁ
3213 4916 3557 4986 ἐπιϐεϐηκὼς
3587 4916 3681 4969 ἐπὶ

2109 5013 2200 5065 τὸν
2232 5013 2459 5084 οὐρανὸν
2492 5012 2585 5066 τοῦ
2637 5013 2867 5085 οὐρανοῦ
2907 5012 3049 5067 κατὰ
3093 5009 3360 5073 ἀνατολὰς
3400 5008 3501 5079 τῆς
3542 5005 3680 5069 ιδίας

2115 5303 2410 5355 νωσκηται.

2189 5348 2299 5423 (48)
2330 5357 2569 5422 Χρόνον.
2601 5352 2732 5421 Reg.
2757 5353 2850 5420 plt.
2880 5348 3103 5423 χρόνωνΣ

2330 5410 2459 5499 Ῠὸζι
2479 5427 2511 5478 ό
2826 5410 3270 5499 ηιὶἒιιιοτβρεβη
3294 5426 3482 5468 novem
3498 5410 3683 5475 συιδ..

2119 5487 2296 5556 (ΣοῖεΙξ
2322 5498 2373 5558 l,
2401 5496 2494 5549 0r.
2531 5487 2580 5557 ἱ,
2617 5505 2720 5547 etc.
2756 5487 2923 5546 Deest-
2952 5489 3034 5541 ὅτι
3063 5487 3116 5558 in
3149 5490 3233 5541 ed.

2187 5567 2299 5641 (50)
2334 5549 2671 5641 ῗῘοζλεεινςῶς.Δ
2690 5563 2778 5641 Sic
2808 5570 3034 5641 quatuor
3059 5557 3250 5641 Regg.,
3282 5568 3472 5613 novem
3503 5549 3692 5617 Coll»,

2119 5628 2223 5698 duo
2255 5637 2417 5694 Coisl.
2444 5650 2495 5691 et
2528 5628 2626 5691 0r.
2655 5636 2701 5688 l.
2728 5632 2783 5687 In
2808 5628 2919 5696 ed.,
2941 5628 3188 5684 ἐλεεινόν.
