  <div class='ocr_page' id='page_1' title='image "/cluster/home/n/w/nwhite01/storage/ocr_20150623/36/nnc1.0022377409/202.png"; bbox 0 0 3910 6214; ppageno 0'>
   <div class='ocr_carea' id='block_1_1' title="bbox 265 297 381 356">
    <p class='ocr_par' dir='ltr' id='par_1_1' title="bbox 265 297 381 356">
     <span class='ocr_line' id='line_1_1' title="bbox 265 297 381 356; baseline 0.026 -3"><span class='ocrx_word' id='word_1_1' title='bbox 265 297 381 356; x_wconf 65' lang='lat' dir='ltr'><strong>5L9</strong></span> 
     </span>
    </p>
   </div>
   <div class='ocr_carea' id='block_1_2' title="bbox 1196 308 3541 391">
    <p class='ocr_par' dir='ltr' id='par_1_2' title="bbox 1196 308 3541 391">
     <span class='ocr_line' id='line_1_2' title="bbox 1196 308 3541 391; baseline 0.017 -27"><span class='ocrx_word' id='word_1_2' title='bbox 1196 308 1456 368; x_wconf 78' lang='lat' dir='ltr'><strong>ORATIO</strong></span> <span class='ocrx_word' id='word_1_3' title='bbox 1498 314 1744 371; x_wconf 77' lang='lat' dir='ltr'><strong>XXXIX.</strong></span> <span class='ocrx_word' id='word_1_4' title='bbox 1790 349 1858 361; x_wconf 91' lang='lat'>—</span> <span class='ocrx_word' id='word_1_5' title='bbox 1898 321 1967 376; x_wconf 84' lang='lat' dir='ltr'><strong>IN</strong></span> <span class='ocrx_word' id='word_1_6' title='bbox 2010 323 2285 383; x_wconf 85' lang='lat' dir='ltr'><strong>SANCTA</strong></span> <span class='ocrx_word' id='word_1_7' title='bbox 2325 327 2611 388; x_wconf 76' lang='lat' dir='ltr'><strong>LUMINA.</strong></span> <span class='ocrx_word' id='word_1_8' title='bbox 3444 342 3541 391; x_wconf 78' lang='lat'><strong>55°</strong></span> 
     </span>
    </p>
   </div>
   <div class='ocr_carea' id='block_1_3' title="bbox 265 416 1857 524">
    <p class='ocr_par' dir='ltr' id='par_1_3' title="bbox 265 416 1857 524">
     <span class='ocr_line' id='line_1_3' title="bbox 265 416 1857 524; baseline 0.016 -57"><span class='ocrx_word' id='word_1_9' title='bbox 265 416 442 524; x_wconf 55' lang='grc' dir='ltr'>δόξης</span> <span class='ocrx_word' id='word_1_10' title='bbox 460 434 521 470; x_wconf 91' lang='grc' dir='ltr'><strong>τε</strong></span> <span class='ocrx_word' id='word_1_11' title='bbox 557 416 654 524; x_wconf 66' lang='grc' dir='ltr'><strong>καὶ</strong></span> <span class='ocrx_word' id='word_1_12' title='bbox 703 419 1110 495; x_wconf 83' lang='grc' dir='ltr'><strong>λαμπρότητος,</strong></span> <span class='ocrx_word' id='word_1_13' title='bbox 1164 427 1258 480; x_wconf 78' lang='grc' dir='ltr'>ἐπὶ</span> <span class='ocrx_word' id='word_1_14' title='bbox 1311 429 1530 498; x_wconf 81' lang='grc' dir='ltr'>δυσμῶν</span> <span class='ocrx_word' id='word_1_15' title='bbox 1578 434 1857 501; x_wconf 82' lang='grc' dir='ltr'>δοξάζεται</span> 
     </span>
    </p>
   </div>
   <div class='ocr_carea' id='block_1_4' title="bbox 1966 416 3516 524">
    <p class='ocr_par' dir='ltr' id='par_1_4' title="bbox 1975 449 3516 524">
     <span class='ocr_line' id='line_1_4' title="bbox 1975 449 3516 524; baseline 0.01 -29"><span class='ocrx_word' id='word_1_16' title='bbox 1975 452 2198 512; x_wconf 66' lang='lat' dir='ltr'><strong>natura),</strong></span> <span class='ocrx_word' id='word_1_17' title='bbox 2232 463 2294 502; x_wconf 88' lang='lat' dir='ltr'><strong>ac</strong></span> <span class='ocrx_word' id='word_1_18' title='bbox 2334 449 2475 504; x_wconf 91' lang='lat' dir='ltr'><strong>Deus</strong></span> <span class='ocrx_word' id='word_1_19' title='bbox 2516 450 2674 505; x_wconf 90' lang='lat' dir='ltr'><strong>homo</strong></span> <span class='ocrx_word' id='word_1_20' title='bbox 2709 450 2975 506; x_wconf 73' lang='lat' dir='ltr'><strong>edicitur:</strong></span> <span class='ocrx_word' id='word_1_21' title='bbox 3019 459 3072 507; x_wconf 89' lang='lat' dir='ltr'><strong>et</strong></span> <span class='ocrx_word' id='word_1_22' title='bbox 3113 451 3202 523; x_wconf 85' lang='lat' dir='ltr'><strong>qui</strong></span> <span class='ocrx_word' id='word_1_23' title='bbox 3232 466 3397 524; x_wconf 86' lang='lat' dir='ltr'><strong>super</strong></span> <span class='ocrx_word' id='word_1_24' title='bbox 3432 469 3516 509; x_wconf 84' lang='lat' dir='ltr'><strong>eae</strong></span> 
     </span>
    </p>
   </div>
   <div class='ocr_carea' id='block_1_5' title="bbox 264 508 1861 596">
    <p class='ocr_par' dir='ltr' id='par_1_5' title="bbox 264 508 1861 596">
     <span class='ocr_line' id='line_1_5' title="bbox 264 508 1861 596; baseline 0.016 -37"><span class='ocrx_word' id='word_1_25' title='bbox 264 508 374 578; x_wconf 78' lang='grc' dir='ltr'>τῆς</span> <span class='ocrx_word' id='word_1_26' title='bbox 416 510 698 582; x_wconf 79' lang='grc' dir='ltr'>ἡμετέρας</span> <span class='ocrx_word' id='word_1_27' title='bbox 752 513 1030 580; x_wconf 81' lang='grc' dir='ltr'>εὐτελείας</span> <span class='ocrx_word' id='word_1_28' title='bbox 1084 518 1180 571; x_wconf 72' lang='grc' dir='ltr'>καὶ</span> <span class='ocrx_word' id='word_1_29' title='bbox 1228 524 1644 596; x_wconf 86' lang='grc' dir='ltr'>ταπεινότητος,</span> <span class='ocrx_word' id='word_1_30' title='bbox 1708 530 1802 582; x_wconf 81' lang='grc' dir='ltr'><strong>καὶ</strong></span> <span class='ocrx_word' id='word_1_31' title='bbox 1832 532 1861 584; x_wconf 84' lang='grc' dir='ltr'><em>ὁ</em></span> 
     </span>
    </p>
   </div>
   <div class='ocr_carea' id='block_1_6' title="bbox 265 599 1860 685">
    <p class='ocr_par' dir='ltr' id='par_1_6' title="bbox 265 599 1860 685">
     <span class='ocr_line' id='line_1_6' title="bbox 265 599 1860 685; baseline 0.014 -35"><span class='ocrx_word' id='word_1_32' title='bbox 265 599 402 663; x_wconf 75' lang='grc' dir='ltr'>Υἱὸς</span> <span class='ocrx_word' id='word_1_33' title='bbox 434 599 526 652; x_wconf 81' lang='grc' dir='ltr'>τοῦ</span> <span class='ocrx_word' id='word_1_34' title='bbox 570 600 707 655; x_wconf 77' lang='grc' dir='ltr'>Θεοῦ</span> <span class='ocrx_word' id='word_1_35' title='bbox 736 602 948 674; x_wconf 85' lang='grc' dir='ltr'>δέχεται</span> <span class='ocrx_word' id='word_1_36' title='bbox 986 606 1079 661; x_wconf 76' lang='grc' dir='ltr'>καὶ</span> <span class='ocrx_word' id='word_1_37' title='bbox 1119 608 1235 672; x_wconf 76' lang='grc' dir='ltr'>υἱὸς</span> <span class='ocrx_word' id='word_1_38' title='bbox 1269 610 1557 684; x_wconf 85' lang='grc' dir='ltr'>ἀνθρώπου</span> <span class='ocrx_word' id='word_1_39' title='bbox 1605 616 1860 685; x_wconf 83' lang='grc' dir='ltr'>γενέσθαι</span> 
     </span>
    </p>
   </div>
   <div class='ocr_carea' id='block_1_7' title="bbox 264 691 1857 784">
    <p class='ocr_par' dir='ltr' id='par_1_7' title="bbox 264 691 1857 784">
     <span class='ocr_line' id='line_1_7' title="bbox 264 691 1857 784; baseline 0.015 -43"><span class='ocrx_word' id='word_1_40' title='bbox 264 706 331 784; x_wconf 84' lang='grc' dir='ltr'><strong>τε</strong></span> <span class='ocrx_word' id='word_1_41' title='bbox 368 691 462 784; x_wconf 72' lang='grc' dir='ltr'><strong>καὶ</strong></span> <span class='ocrx_word' id='word_1_42' title='bbox 484 692 784 784; x_wconf 82' lang='grc' dir='ltr'>κληθῆναι·</span> <span class='ocrx_word' id='word_1_43' title='bbox 801 696 908 784; x_wconf 23' lang='grc' dir='ltr'>*οὐχ</span> <span class='ocrx_word' id='word_1_44' title='bbox 936 696 964 750; x_wconf 83' lang='grc' dir='ltr'><strong>ὃ</strong></span> <span class='ocrx_word' id='word_1_45' title='bbox 991 692 1060 770; x_wconf 80' lang='grc' dir='ltr'>ἦν</span> <span class='ocrx_word' id='word_1_46' title='bbox 1086 701 1409 769; x_wconf 78' lang='grc' dir='ltr'>μεταϐαλὼν</span> <span class='ocrx_word' id='word_1_47' title='bbox 1438 705 1728 779; x_wconf 77' lang='grc' dir='ltr'><strong>(ἄτρεπτον</strong></span> <span class='ocrx_word' id='word_1_48' title='bbox 1747 710 1857 784; x_wconf 82' lang='lat'><strong>(5|)</strong></span> 
     </span>
    </p>
   </div>
   <div class='ocr_carea' id='block_1_8' title="bbox 265 782 1857 874">
    <p class='ocr_par' dir='ltr' id='par_1_8' title="bbox 265 782 1857 874">
     <span class='ocr_line' id='line_1_8' title="bbox 265 782 1857 874; baseline 0.027 -50"><span class='ocrx_word' id='word_1_49' title='bbox 265 782 428 874; x_wconf 48' lang='grc' dir='ltr'>γὰρ),</span> <span class='ocrx_word' id='word_1_50' title='bbox 463 783 577 835; x_wconf 81' lang='grc' dir='ltr'>ἀλλ’</span> <span class='ocrx_word' id='word_1_51' title='bbox 613 785 641 837; x_wconf 83' lang='grc' dir='ltr'><strong>ὃ</strong></span> <span class='ocrx_word' id='word_1_52' title='bbox 667 786 768 838; x_wconf 83' lang='grc' dir='ltr'>οὐκ</span> <span class='ocrx_word' id='word_1_53' title='bbox 796 782 864 858; x_wconf 83' lang='grc' dir='ltr'>ἦν</span> <span class='ocrx_word' id='word_1_54' title='bbox 902 789 1229 860; x_wconf 76' lang='grc' dir='ltr'>προσλαϐὼν</span> <span class='ocrx_word' id='word_1_55' title='bbox 1263 793 1669 869; x_wconf 82' lang='grc' dir='ltr'>(φιλάνθρωπος</span> <span class='ocrx_word' id='word_1_56' title='bbox 1701 782 1857 874; x_wconf 45' lang='grc' dir='ltr'>γὰρ»</span> 
     </span>
    </p>
   </div>
   <div class='ocr_carea' id='block_1_9' title="bbox 270 872 1862 964">
    <p class='ocr_par' dir='ltr' id='par_1_9' title="bbox 270 872 1862 964">
     <span class='ocr_line' id='line_1_9' title="bbox 270 872 1862 964; baseline 0.036 -42"><span class='ocrx_word' id='word_1_57' title='bbox 270 872 363 925; x_wconf 81' lang='grc' dir='ltr'><strong>ἵνα</strong></span> <span class='ocrx_word' id='word_1_58' title='bbox 391 874 618 946; x_wconf 82' lang='grc' dir='ltr'>χωρηθῇ</span> <span class='ocrx_word' id='word_1_59' title='bbox 651 876 680 928; x_wconf 84' lang='grc' dir='ltr'>ὁ</span> <span class='ocrx_word' id='word_1_60' title='bbox 711 877 1014 950; x_wconf 80' lang='grc' dir='ltr'>ἀχωρητος,</span> <span class='ocrx_word' id='word_1_61' title='bbox 1063 881 1150 936; x_wconf 62' lang='grc' dir='ltr'><strong>διδι</strong></span> <span class='ocrx_word' id='word_1_62' title='bbox 1191 886 1365 957; x_wconf 83' lang='grc' dir='ltr'><strong>μέσης</strong></span> <span class='ocrx_word' id='word_1_63' title='bbox 1405 889 1627 960; x_wconf 73' lang='grc' dir='ltr'><strong>σαρκδςν</strong></span> <span class='ocrx_word' id='word_1_64' title='bbox 1669 872 1862 964; x_wconf 40' lang='lat' dir='ltr'><strong>Wall&quot;</strong></span> 
     </span>
    </p>
   </div>
   <div class='ocr_carea' id='block_1_10' title="bbox 270 967 1860 1053">
    <p class='ocr_par' dir='ltr' id='par_1_10' title="bbox 270 967 1860 1053">
     <span class='ocr_line' id='line_1_10' title="bbox 270 967 1860 1053; baseline 0.016 -39"><span class='ocrx_word' id='word_1_65' title='bbox 270 979 375 1027; x_wconf 77' lang='grc' dir='ltr'><strong>σας</strong></span> <span class='ocrx_word' id='word_1_66' title='bbox 405 967 561 1036; x_wconf 81' lang='grc' dir='ltr'>ἡμῖν,</span> <span class='ocrx_word' id='word_1_67' title='bbox 590 968 667 1031; x_wconf 86' lang='grc' dir='ltr'><strong>ὡς</strong></span> <span class='ocrx_word' id='word_1_68' title='bbox 715 967 827 1040; x_wconf 72' lang='grc'>(52)</span> <span class='ocrx_word' id='word_1_69' title='bbox 863 975 1370 1046; x_wconf 86' lang='grc' dir='ltr'>παραπετάσματος</span> <span class='ocrx_word' id='word_1_70' title='bbox 1391 995 1404 1008; x_wconf 84' lang='lat'><strong><em>°</em></strong></span> <span class='ocrx_word' id='word_1_71' title='bbox 1454 981 1642 1053; x_wconf 74' lang='grc' dir='ltr'>ἐπειδὴ</span> <span class='ocrx_word' id='word_1_72' title='bbox 1693 985 1860 1039; x_wconf 89' lang='grc' dir='ltr'>καθα-</span> 
     </span>
    </p>
   </div>
   <div class='ocr_carea' id='block_1_11' title="bbox 271 1055 1859 1144">
    <p class='ocr_par' dir='ltr' id='par_1_11' title="bbox 271 1055 1859 1144">
     <span class='ocr_line' id='line_1_11' title="bbox 271 1055 1859 1144; baseline 0.015 -37"><span class='ocrx_word' id='word_1_73' title='bbox 271 1055 377 1126; x_wconf 78' lang='grc' dir='ltr'>ρὰν</span> <span class='ocrx_word' id='word_1_74' title='bbox 424 1057 594 1111; x_wconf 77' lang='grc' dir='ltr'>αὐτοῦ</span> <span class='ocrx_word' id='word_1_75' title='bbox 632 1060 732 1129; x_wconf 84' lang='grc' dir='ltr'><strong>τὴν</strong></span> <span class='ocrx_word' id='word_1_76' title='bbox 787 1060 1016 1134; x_wconf 87' lang='grc' dir='ltr'>θεότητα</span> <span class='ocrx_word' id='word_1_77' title='bbox 1050 1066 1256 1139; x_wconf 84' lang='grc' dir='ltr'>φέρειν,</span> <span class='ocrx_word' id='word_1_78' title='bbox 1303 1070 1365 1123; x_wconf 86' lang='grc' dir='ltr'><strong>οὐ</strong></span> <span class='ocrx_word' id='word_1_79' title='bbox 1396 1071 1494 1142; x_wconf 84' lang='grc' dir='ltr'>τῆς</span> <span class='ocrx_word' id='word_1_80' title='bbox 1538 1075 1597 1127; x_wconf 82' lang='grc' dir='ltr'>ὲν</span> <span class='ocrx_word' id='word_1_81' title='bbox 1646 1076 1859 1144; x_wconf 84' lang='grc' dir='ltr'>γενέσει</span> 
     </span>
    </p>
   </div>
   <div class='ocr_carea' id='block_1_12' title="bbox 269 1148 1853 1236">
    <p class='ocr_par' dir='ltr' id='par_1_12' title="bbox 269 1148 1853 1236">
     <span class='ocr_line' id='line_1_12' title="bbox 269 1148 1853 1236; baseline 0.014 -37"><span class='ocrx_word' id='word_1_82' title='bbox 269 1149 367 1200; x_wconf 71' lang='grc' dir='ltr'><strong>καὶ</strong></span> <span class='ocrx_word' id='word_1_83' title='bbox 407 1148 583 1221; x_wconf 79' lang='grc' dir='ltr'>φθορᾷ</span> <span class='ocrx_word' id='word_1_84' title='bbox 611 1151 846 1220; x_wconf 85' lang='grc' dir='ltr'>φύσεως.</span> <span class='ocrx_word' id='word_1_85' title='bbox 884 1155 982 1208; x_wconf 84' lang='grc' dir='ltr'><strong>Διὰ</strong></span> <span class='ocrx_word' id='word_1_86' title='bbox 1010 1157 1170 1211; x_wconf 81' lang='grc' dir='ltr'>τοῦτο</span> <span class='ocrx_word' id='word_1_87' title='bbox 1200 1159 1267 1212; x_wconf 79' lang='grc' dir='ltr'><strong>τὰ</strong></span> <span class='ocrx_word' id='word_1_88' title='bbox 1310 1159 1517 1232; x_wconf 82' lang='grc' dir='ltr'><strong>ἄμικτα</strong></span> <span class='ocrx_word' id='word_1_89' title='bbox 1549 1165 1805 1236; x_wconf 85' lang='grc' dir='ltr'>μίγνυται</span> <span class='ocrx_word' id='word_1_90' title='bbox 1838 1185 1853 1199; x_wconf 83' lang='grc'>⁶</span> 
     </span>
    </p>
   </div>
   <div class='ocr_carea' id='block_1_13' title="bbox 267 1238 1858 1332">
    <p class='ocr_par' dir='ltr' id='par_1_13' title="bbox 267 1238 1858 1332">
     <span class='ocr_line' id='line_1_13' title="bbox 267 1238 1858 1332; baseline 0.015 -41"><span class='ocrx_word' id='word_1_91' title='bbox 267 1238 333 1332; x_wconf 66' lang='grc' dir='ltr'><strong>οι)</strong></span> <span class='ocrx_word' id='word_1_92' title='bbox 362 1241 575 1332; x_wconf 81' lang='grc' dir='ltr'>γενέσει</span> <span class='ocrx_word' id='word_1_93' title='bbox 623 1243 782 1313; x_wconf 84' lang='grc' dir='ltr'>μόνον</span> <span class='ocrx_word' id='word_1_94' title='bbox 807 1245 961 1313; x_wconf 82' lang='grc' dir='ltr'>Θεὸς,</span> <span class='ocrx_word' id='word_1_95' title='bbox 993 1248 1114 1302; x_wconf 80' lang='grc' dir='ltr'>οὐδὲ</span> <span class='ocrx_word' id='word_1_96' title='bbox 1151 1252 1315 1322; x_wconf 82' lang='grc' dir='ltr'>σαρκὶ</span> <span class='ocrx_word' id='word_1_97' title='bbox 1344 1251 1490 1319; x_wconf 84' lang='grc' dir='ltr'>νοῦς,</span> <span class='ocrx_word' id='word_1_98' title='bbox 1525 1256 1647 1310; x_wconf 83' lang='grc' dir='ltr'>οὐδὲ</span> <span class='ocrx_word' id='word_1_99' title='bbox 1679 1259 1858 1332; x_wconf 82' lang='grc' dir='ltr'>χρόνῳ</span> 
     </span>
    </p>
   </div>
   <div class='ocr_carea' id='block_1_14' title="bbox 266 1329 1858 1415">
    <p class='ocr_par' dir='ltr' id='par_1_14' title="bbox 266 1329 1858 1415">
     <span class='ocr_line' id='line_1_14' title="bbox 266 1329 1858 1415; baseline 0.017 -34"><span class='ocrx_word' id='word_1_100' title='bbox 266 1329 332 1381; x_wconf 76' lang='grc' dir='ltr'>τὸ</span> <span class='ocrx_word' id='word_1_101' title='bbox 352 1331 600 1401; x_wconf 78' lang='grc' dir='ltr'>ἄχρονον,</span> <span class='ocrx_word' id='word_1_102' title='bbox 636 1334 755 1388; x_wconf 78' lang='grc' dir='ltr'>οὐδὲ</span> <span class='ocrx_word' id='word_1_103' title='bbox 798 1338 983 1410; x_wconf 87' lang='grc' dir='ltr'>μέτρῳ</span> <span class='ocrx_word' id='word_1_104' title='bbox 1015 1340 1074 1393; x_wconf 88' lang='grc' dir='ltr'><strong>τὸ</strong></span> <span class='ocrx_word' id='word_1_105' title='bbox 1109 1342 1522 1415; x_wconf 80' lang='grc' dir='ltr'>ἀπερίγραπτον</span> <span class='ocrx_word' id='word_1_106' title='bbox 1544 1365 1560 1379; x_wconf 77' lang='grc' dir='ltr'><strong>ο</strong></span> <span class='ocrx_word' id='word_1_107' title='bbox 1592 1329 1729 1405; x_wconf 74' lang='grc' dir='ltr'>ἀλλά</span> <span class='ocrx_word' id='word_1_108' title='bbox 1763 1329 1858 1408; x_wconf 78' lang='grc' dir='ltr'><strong>καὶ</strong></span> 
     </span>
    </p>
   </div>
   <div class='ocr_carea' id='block_1_15' title="bbox 265 1419 1857 1516">
    <p class='ocr_par' dir='ltr' id='par_1_15' title="bbox 265 1419 1857 1516">
     <span class='ocr_line' id='line_1_15' title="bbox 265 1419 1857 1516; baseline 0.018 -46"><span class='ocrx_word' id='word_1_109' title='bbox 265 1419 545 1516; x_wconf 75' lang='grc' dir='ltr'>παρθενίᾳ</span> <span class='ocrx_word' id='word_1_110' title='bbox 563 1423 836 1495; x_wconf 81' lang='grc' dir='ltr'>γέννησις,</span> <span class='ocrx_word' id='word_1_111' title='bbox 873 1430 967 1481; x_wconf 64' lang='grc' dir='ltr'><strong>καὶ⁹</strong></span> <span class='ocrx_word' id='word_1_112' title='bbox 991 1430 1186 1504; x_wconf 80' lang='grc' dir='ltr'>ἀτιμίᾳ</span> <span class='ocrx_word' id='word_1_113' title='bbox 1212 1434 1291 1506; x_wconf 84' lang='grc' dir='ltr'><strong>τῷ</strong></span> <span class='ocrx_word' id='word_1_114' title='bbox 1316 1437 1412 1489; x_wconf 59' lang='grc' dir='ltr'><strong>καὶ⁹</strong></span> <span class='ocrx_word' id='word_1_115' title='bbox 1435 1440 1602 1510; x_wconf 84' lang='grc' dir='ltr'>τιμῆς</span> <span class='ocrx_word' id='word_1_116' title='bbox 1636 1442 1857 1516; x_wconf 85' lang='grc' dir='ltr'>ἁπάσης</span> 
     </span>
    </p>
   </div>
   <div class='ocr_carea' id='block_1_16' title="bbox 1969 532 3542 614">
    <p class='ocr_par' dir='ltr' id='par_1_16' title="bbox 1969 532 3542 614">
     <span class='ocr_line' id='line_1_16' title="bbox 1969 532 3542 614; baseline 0.009 -27"><span class='ocrx_word' id='word_1_117' title='bbox 1969 532 2078 589; x_wconf 83' lang='grc' dir='ltr'>Ιιιιιι</span> <span class='ocrx_word' id='word_1_118' title='bbox 2133 537 2256 592; x_wconf 85' lang='lat' dir='ltr'><strong>coeli</strong></span> <span class='ocrx_word' id='word_1_119' title='bbox 2304 541 2371 594; x_wconf 90' lang='lat' dir='ltr'><strong>ad</strong></span> <span class='ocrx_word' id='word_1_120' title='bbox 2416 541 2602 611; x_wconf 77' lang='lat' dir='ltr'><strong>gloriae</strong></span> <span class='ocrx_word' id='word_1_121' title='bbox 2656 557 2767 598; x_wconf 61' lang='lat' dir='ltr'><strong>suae</strong></span> <span class='ocrx_word' id='word_1_122' title='bbox 2823 552 2875 598; x_wconf 90' lang='lat' dir='ltr'><strong>et</strong></span> <span class='ocrx_word' id='word_1_123' title='bbox 2923 543 3230 614; x_wconf 84' lang='lat' dir='ltr'><strong>splendoris</strong></span> <span class='ocrx_word' id='word_1_124' title='bbox 3274 546 3542 601; x_wconf 86' lang='lat' dir='ltr'><strong>orientem</strong></span> 
     </span>
    </p>
   </div>
   <div class='ocr_carea' id='block_1_17' title="bbox 1969 629 3542 697">
    <p class='ocr_par' dir='ltr' id='par_1_17' title="bbox 1969 629 3542 697">
     <span class='ocr_line' id='line_1_17' title="bbox 1969 629 3542 697; baseline 0.006 -16"><span class='ocrx_word' id='word_1_125' title='bbox 1969 629 2213 683; x_wconf 93' lang='lat' dir='ltr'><strong>ascendit</strong></span> <span class='ocrx_word' id='word_1_126' title='bbox 2247 631 2312 697; x_wconf 71' lang='grc' dir='ltr'>η,</span> <span class='ocrx_word' id='word_1_127' title='bbox 2344 631 2398 686; x_wconf 92' lang='lat' dir='ltr'><strong>in</strong></span> <span class='ocrx_word' id='word_1_128' title='bbox 2433 633 2657 688; x_wconf 73' lang='lat' dir='ltr'><strong>vilitatis</strong></span> <span class='ocrx_word' id='word_1_129' title='bbox 2682 643 2738 688; x_wconf 88' lang='lat' dir='ltr'><strong>et</strong></span> <span class='ocrx_word' id='word_1_130' title='bbox 2766 634 3086 690; x_wconf 85' lang='lat' dir='ltr'><strong>humilitatis</strong></span> <span class='ocrx_word' id='word_1_131' title='bbox 3127 645 3324 692; x_wconf 72' lang='lat' dir='ltr'><strong>nostra:</strong></span> <span class='ocrx_word' id='word_1_132' title='bbox 3346 652 3542 691; x_wconf 85' lang='lat' dir='ltr'><strong>occasu</strong></span> 
     </span>
    </p>
   </div>
   <div class='ocr_carea' id='block_1_18' title="bbox 1969 717 3541 798">
    <p class='ocr_par' dir='ltr' id='par_1_18' title="bbox 1969 717 3541 798">
     <span class='ocr_line' id='line_1_18' title="bbox 1969 717 3541 798; baseline 0.009 -28"><span class='ocrx_word' id='word_1_133' title='bbox 1969 717 2293 786; x_wconf 90' lang='lat' dir='ltr'><strong>celebratur,</strong></span> <span class='ocrx_word' id='word_1_134' title='bbox 2326 722 2529 792; x_wconf 89' lang='lat' dir='ltr'><strong>Deique</strong></span> <span class='ocrx_word' id='word_1_135' title='bbox 2553 723 2744 792; x_wconf 89' lang='lat' dir='ltr'><strong>Filius,</strong></span> <span class='ocrx_word' id='word_1_136' title='bbox 2769 725 3002 781; x_wconf 82' lang='lat' dir='ltr'><strong>hominis</strong></span> <span class='ocrx_word' id='word_1_137' title='bbox 3045 742 3259 798; x_wconf 87' lang='lat' dir='ltr'><strong>quoque</strong></span> <span class='ocrx_word' id='word_1_138' title='bbox 3319 728 3463 784; x_wconf 85' lang='lat' dir='ltr'><strong>ﬁlius</strong></span> <span class='ocrx_word' id='word_1_139' title='bbox 3490 737 3541 784; x_wconf 74' lang='lat' dir='ltr'><strong>et</strong></span> 
     </span>
    </p>
   </div>
   <div class='ocr_carea' id='block_1_19' title="bbox 1971 810 3542 881">
    <p class='ocr_par' dir='ltr' id='par_1_19' title="bbox 1971 810 3542 881">
     <span class='ocr_line' id='line_1_19' title="bbox 1971 810 3542 881; baseline 0.006 -22"><span class='ocrx_word' id='word_1_140' title='bbox 1971 820 2093 860; x_wconf 85' lang='lat' dir='ltr'><strong>esse</strong></span> <span class='ocrx_word' id='word_1_141' title='bbox 2147 817 2200 862; x_wconf 91' lang='lat' dir='ltr'><strong>et</strong></span> <span class='ocrx_word' id='word_1_142' title='bbox 2224 810 2405 863; x_wconf 89' lang='lat' dir='ltr'><strong>vocari</strong></span> <span class='ocrx_word' id='word_1_143' title='bbox 2440 812 2701 878; x_wconf 89' lang='lat' dir='ltr'><strong>sustinet;</strong></span> <span class='ocrx_word' id='word_1_144' title='bbox 2731 827 2860 876; x_wconf 91' lang='lat' dir='ltr'><strong>non,</strong></span> <span class='ocrx_word' id='word_1_145' title='bbox 2895 813 3036 881; x_wconf 90' lang='lat' dir='ltr'><strong>quod</strong></span> <span class='ocrx_word' id='word_1_146' title='bbox 3079 822 3217 881; x_wconf 84' lang='lat' dir='ltr'><strong>erat,</strong></span> <span class='ocrx_word' id='word_1_147' title='bbox 3248 814 3542 869; x_wconf 87' lang='lat' dir='ltr'><strong>immutans</strong></span> 
     </span>
    </p>
   </div>
   <div class='ocr_carea' id='block_1_20' title="bbox 1968 895 3543 974">
    <p class='ocr_par' dir='ltr' id='par_1_20' title="bbox 1968 895 3543 974">
     <span class='ocr_line' id='line_1_20' title="bbox 1968 895 3543 974; baseline 0.005 -26"><span class='ocrx_word' id='word_1_148' title='bbox 1968 895 2163 965; x_wconf 87' lang='lat' dir='ltr'><strong>(neque</strong></span> <span class='ocrx_word' id='word_1_149' title='bbox 2220 899 2364 953; x_wconf 88' lang='lat' dir='ltr'><strong>enim</strong></span> <span class='ocrx_word' id='word_1_150' title='bbox 2419 901 2647 954; x_wconf 88' lang='lat' dir='ltr'><strong>mutatio</strong></span> <span class='ocrx_word' id='word_1_151' title='bbox 2699 900 2752 954; x_wconf 93' lang='lat' dir='ltr'><strong>in</strong></span> <span class='ocrx_word' id='word_1_152' title='bbox 2802 915 2924 955; x_wconf 90' lang='lat' dir='ltr'><strong>eum</strong></span> <span class='ocrx_word' id='word_1_153' title='bbox 2955 900 3156 974; x_wconf 45' lang='lat' dir='ltr'><strong>.cadit),</strong></span> <span class='ocrx_word' id='word_1_154' title='bbox 3186 904 3279 958; x_wconf 88' lang='lat' dir='ltr'><strong>sed</strong></span> <span class='ocrx_word' id='word_1_155' title='bbox 3317 917 3415 973; x_wconf 89' lang='lat' dir='ltr'><strong>pro</strong></span> <span class='ocrx_word' id='word_1_156' title='bbox 3446 916 3543 957; x_wconf 91' lang='lat' dir='ltr'><strong>suo</strong></span> 
     </span>
    </p>
   </div>
   <div class='ocr_carea' id='block_1_21' title="bbox 1969 990 3538 1063">
    <p class='ocr_par' dir='ltr' id='par_1_21' title="bbox 1969 990 3538 1063">
     <span class='ocr_line' id='line_1_21' title="bbox 1969 990 3538 1063; baseline 0.006 -24"><span class='ocrx_word' id='word_1_157' title='bbox 1969 1000 2096 1056; x_wconf 82' lang='lat' dir='ltr'><strong>erga</strong></span> <span class='ocrx_word' id='word_1_158' title='bbox 2131 990 2380 1045; x_wconf 85' lang='lat' dir='ltr'><strong>homines</strong></span> <span class='ocrx_word' id='word_1_159' title='bbox 2402 1007 2609 1056; x_wconf 87' lang='lat' dir='ltr'><strong>amore,</strong></span> <span class='ocrx_word' id='word_1_160' title='bbox 2643 993 2717 1058; x_wconf 95' lang='lat' dir='ltr'><strong>id,</strong></span> <span class='ocrx_word' id='word_1_161' title='bbox 2745 992 2887 1063; x_wconf 91' lang='lat' dir='ltr'><strong>quod</strong></span> <span class='ocrx_word' id='word_1_162' title='bbox 2916 1008 3021 1047; x_wconf 90' lang='lat' dir='ltr'><strong>non</strong></span> <span class='ocrx_word' id='word_1_163' title='bbox 3051 1006 3191 1061; x_wconf 87' lang='lat' dir='ltr'><strong>erat,</strong></span> <span class='ocrx_word' id='word_1_164' title='bbox 3235 1010 3538 1060; x_wconf 89' lang='lat' dir='ltr'><strong>assumens,</strong></span> 
     </span>
    </p>
   </div>
   <div class='ocr_carea' id='block_1_22' title="bbox 1970 1080 3543 1155">
    <p class='ocr_par' dir='ltr' id='par_1_22' title="bbox 1970 1080 3543 1155">
     <span class='ocr_line' id='line_1_22' title="bbox 1970 1080 3543 1155; baseline 0.008 -26"><span class='ocrx_word' id='word_1_165' title='bbox 1970 1086 2030 1131; x_wconf 92' lang='lat' dir='ltr'><strong>ut</strong></span> <span class='ocrx_word' id='word_1_166' title='bbox 2067 1080 2159 1148; x_wconf 84' lang='lat' dir='ltr'><strong>qui</strong></span> <span class='ocrx_word' id='word_1_167' title='bbox 2213 1092 2403 1135; x_wconf 90' lang='lat' dir='ltr'><strong>natura</strong></span> <span class='ocrx_word' id='word_1_168' title='bbox 2453 1097 2548 1137; x_wconf 91' lang='lat' dir='ltr'><strong>sua</strong></span> <span class='ocrx_word' id='word_1_169' title='bbox 2578 1085 2959 1153; x_wconf 88' lang='lat' dir='ltr'><strong>comprehendi</strong></span> <span class='ocrx_word' id='word_1_170' title='bbox 2982 1094 3103 1155; x_wconf 76' lang='lat' dir='ltr'><strong>;non</strong></span> <span class='ocrx_word' id='word_1_171' title='bbox 3140 1094 3338 1152; x_wconf 91' lang='lat' dir='ltr'><strong>potest,</strong></span> <span class='ocrx_word' id='word_1_172' title='bbox 3390 1102 3543 1142; x_wconf 84' lang='lat' dir='ltr'><strong>com-</strong></span> 
     </span>
    </p>
   </div>
   <div class='ocr_carea' id='block_1_23' title="bbox 1965 1167 3544 1244">
    <p class='ocr_par' dir='ltr' id='par_1_23' title="bbox 1965 1167 3544 1244">
     <span class='ocr_line' id='line_1_23' title="bbox 1965 1167 3544 1244; baseline 0.006 -23"><span class='ocrx_word' id='word_1_173' title='bbox 1965 1167 2370 1238; x_wconf 79' lang='lat' dir='ltr'><strong>prehendatur,</strong></span> <span class='ocrx_word' id='word_1_174' title='bbox 2458 1170 2778 1227; x_wconf 85' lang='lat' dir='ltr'><strong>intermedia</strong></span> <span class='ocrx_word' id='word_1_175' title='bbox 2846 1188 3037 1240; x_wconf 90' lang='lat' dir='ltr'><strong>carne,</strong></span> <span class='ocrx_word' id='word_1_176' title='bbox 3101 1183 3354 1244; x_wconf 87' lang='lat' dir='ltr'><strong>tanquam</strong></span> <span class='ocrx_word' id='word_1_177' title='bbox 3422 1175 3544 1231; x_wconf 82' lang='lat' dir='ltr'><strong>velo</strong></span> 
     </span>
    </p>
   </div>
   <div class='ocr_carea' id='block_1_24' title="bbox 1968 1257 3540 1333">
    <p class='ocr_par' dir='ltr' id='par_1_24' title="bbox 1968 1257 3540 1333">
     <span class='ocr_line' id='line_1_24' title="bbox 1968 1257 3540 1333; baseline 0.006 -24"><span class='ocrx_word' id='word_1_178' title='bbox 1968 1258 2202 1327; x_wconf 86' lang='lat' dir='ltr'><strong>quodam</strong></span> <span class='ocrx_word' id='word_1_179' title='bbox 2238 1257 2540 1328; x_wconf 85' lang='lat' dir='ltr'><strong>interjecto,</strong></span> <span class='ocrx_word' id='word_1_180' title='bbox 2571 1259 2866 1330; x_wconf 81' lang='lat' dir='ltr'><strong>nobiscum</strong></span> <span class='ocrx_word' id='word_1_181' title='bbox 2898 1278 3153 1318; x_wconf 89' lang='lat' dir='ltr'><strong>versans:</strong></span> <span class='ocrx_word' id='word_1_182' title='bbox 3199 1264 3540 1333; x_wconf 86' lang='lat' dir='ltr'><strong>quandoqui-</strong></span> 
     </span>
    </p>
   </div>
   <div class='ocr_carea' id='block_1_25' title="bbox 1966 1350 3542 1421">
    <p class='ocr_par' dir='ltr' id='par_1_25' title="bbox 1966 1350 3542 1421">
     <span class='ocr_line' id='line_1_25' title="bbox 1966 1350 3542 1421; baseline 0.004 -19"><span class='ocrx_word' id='word_1_183' title='bbox 1966 1350 2086 1405; x_wconf 86' lang='lat' dir='ltr'><strong>dem</strong></span> <span class='ocrx_word' id='word_1_184' title='bbox 2118 1362 2404 1419; x_wconf 88' lang='lat' dir='ltr'><strong>procreata</strong></span> <span class='ocrx_word' id='word_1_185' title='bbox 2456 1363 2650 1408; x_wconf 90' lang='lat' dir='ltr'><strong>natura</strong></span> <span class='ocrx_word' id='word_1_186' title='bbox 2696 1361 2751 1408; x_wconf 88' lang='lat' dir='ltr'><strong>et</strong></span> <span class='ocrx_word' id='word_1_187' title='bbox 2799 1353 3039 1409; x_wconf 89' lang='lat' dir='ltr'><strong>inleritui</strong></span> <span class='ocrx_word' id='word_1_188' title='bbox 3087 1355 3339 1421; x_wconf 84' lang='lat' dir='ltr'><strong>obnoxia,</strong></span> <span class='ocrx_word' id='word_1_189' title='bbox 3370 1355 3542 1410; x_wconf 90' lang='lat' dir='ltr'><strong>imbe-</strong></span> 
     </span>
    </p>
   </div>
   <div class='ocr_carea' id='block_1_26' title="bbox 1970 1439 3545 1515">
    <p class='ocr_par' dir='ltr' id='par_1_26' title="bbox 1970 1439 3545 1515">
     <span class='ocr_line' id='line_1_26' title="bbox 1970 1439 3545 1515; baseline 0.004 -22"><span class='ocrx_word' id='word_1_190' title='bbox 1970 1439 2146 1494; x_wconf 91' lang='lat' dir='ltr'><strong>cillior</strong></span> <span class='ocrx_word' id='word_1_191' title='bbox 2172 1450 2273 1507; x_wconf 92' lang='lat' dir='ltr'><strong>est,</strong></span> <span class='ocrx_word' id='word_1_192' title='bbox 2319 1457 2482 1512; x_wconf 87' lang='lat' dir='ltr'><strong>quam</strong></span> <span class='ocrx_word' id='word_1_193' title='bbox 2509 1452 2564 1496; x_wconf 89' lang='lat' dir='ltr'><strong>ut</strong></span> <span class='ocrx_word' id='word_1_194' title='bbox 2590 1458 2781 1514; x_wconf 89' lang='lat' dir='ltr'><strong>puram</strong></span> <span class='ocrx_word' id='word_1_195' title='bbox 2822 1444 2989 1515; x_wconf 88' lang='lat' dir='ltr'><strong>ipsius</strong></span> <span class='ocrx_word' id='word_1_196' title='bbox 3024 1445 3359 1499; x_wconf 82' lang='lat' dir='ltr'><strong>divinitatem</strong></span> <span class='ocrx_word' id='word_1_197' title='bbox 3400 1444 3545 1500; x_wconf 78' lang='lat' dir='ltr'><strong>ferre</strong></span> 
     </span>
    </p>
   </div>
   <div class='ocr_carea' id='block_1_27' title="bbox 266 1514 1857 1607">
    <p class='ocr_par' dir='ltr' id='par_1_27' title="bbox 266 1514 1857 1607">
     <span class='ocr_line' id='line_1_27' title="bbox 266 1514 1857 1607; baseline 0.016 -42"><span class='ocrx_word' id='word_1_198' title='bbox 266 1514 611 1607; x_wconf 65' lang='grc' dir='ltr'>ὑψηλοτέρῳ,</span> <span class='ocrx_word' id='word_1_199' title='bbox 638 1519 732 1571; x_wconf 61' lang='grc' dir='ltr'><strong>καὶ⁹</strong></span> <span class='ocrx_word' id='word_1_200' title='bbox 767 1520 931 1574; x_wconf 85' lang='grc' dir='ltr'>πάθει</span> <span class='ocrx_word' id='word_1_201' title='bbox 957 1521 1020 1574; x_wconf 84' lang='grc' dir='ltr'><strong>τὸ</strong></span> <span class='ocrx_word' id='word_1_202' title='bbox 1057 1523 1284 1592; x_wconf 82' lang='grc' dir='ltr'>ἀπαθὲς,</span> <span class='ocrx_word' id='word_1_203' title='bbox 1312 1527 1409 1584; x_wconf 74' lang='grc' dir='ltr'><strong>καὶ</strong></span> <span class='ocrx_word' id='word_1_204' title='bbox 1434 1529 1512 1599; x_wconf 83' lang='grc' dir='ltr'>τῷ</span> <span class='ocrx_word' id='word_1_205' title='bbox 1540 1531 1764 1607; x_wconf 80' lang='grc' dir='ltr'>φθαρτῷ</span> <span class='ocrx_word' id='word_1_206' title='bbox 1796 1514 1857 1590; x_wconf 82' lang='grc' dir='ltr'><strong>τὸ</strong></span> 
     </span>
    </p>
   </div>
   <div class='ocr_carea' id='block_1_28' title="bbox 265 1606 1858 1697">
    <p class='ocr_par' dir='ltr' id='par_1_28' title="bbox 265 1606 1858 1697">
     <span class='ocr_line' id='line_1_28' title="bbox 265 1606 1858 1697; baseline 0.015 -39"><span class='ocrx_word' id='word_1_207' title='bbox 265 1606 557 1661; x_wconf 85' lang='grc' dir='ltr'>ἀθάνατον.</span> <span class='ocrx_word' id='word_1_208' title='bbox 590 1609 808 1684; x_wconf 85' lang='grc' dir='ltr'><strong>Ἐπειδὴ</strong></span> <span class='ocrx_word' id='word_1_209' title='bbox 833 1613 942 1685; x_wconf 86' lang='grc' dir='ltr'>γὰρ</span> <span class='ocrx_word' id='word_1_210' title='bbox 986 1613 1123 1685; x_wconf 78' lang='grc' dir='ltr'>ᾤετο</span> <span class='ocrx_word' id='word_1_211' title='bbox 1167 1617 1436 1689; x_wconf 82' lang='grc' dir='ltr'>ἀήττητος</span> <span class='ocrx_word' id='word_1_212' title='bbox 1464 1617 1602 1676; x_wconf 82' lang='grc' dir='ltr'>εἶναι</span> <span class='ocrx_word' id='word_1_213' title='bbox 1634 1606 1858 1697; x_wconf 12' lang='grc' dir='ltr'>τῆςνκα-</span> 
     </span>
    </p>
   </div>
   <div class='ocr_carea' id='block_1_29' title="bbox 266 1697 1857 1790">
    <p class='ocr_par' dir='ltr' id='par_1_29' title="bbox 266 1697 1853 1788">
     <span class='ocr_line' id='line_1_29' title="bbox 266 1697 1853 1788; baseline 0.015 -38"><span class='ocrx_word' id='word_1_214' title='bbox 266 1697 394 1763; x_wconf 83' lang='grc' dir='ltr'>κίας</span> <span class='ocrx_word' id='word_1_215' title='bbox 441 1701 471 1752; x_wconf 86' lang='grc' dir='ltr'>ὁ</span> <span class='ocrx_word' id='word_1_216' title='bbox 533 1702 812 1775; x_wconf 77' lang='grc' dir='ltr'>σοφιστὴς,</span> <span class='ocrx_word' id='word_1_217' title='bbox 864 1703 1117 1775; x_wconf 86' lang='grc' dir='ltr'>θεότητος</span> <span class='ocrx_word' id='word_1_218' title='bbox 1153 1708 1329 1763; x_wconf 79' lang='grc' dir='ltr'>ἐλπίδι</span> <span class='ocrx_word' id='word_1_219' title='bbox 1389 1711 1650 1779; x_wconf 85' lang='grc' dir='ltr'>δελεάσας</span> <span class='ocrx_word' id='word_1_220' title='bbox 1681 1719 1853 1788; x_wconf 82' lang='grc' dir='ltr'>ἡμᾶς,</span> 
     </span>
    </p>
   </div>
   <div class='ocr_carea' id='block_1_30' title="bbox 1966 1697 3543 1790">
    <p class='ocr_par' dir='ltr' id='par_1_30' title="bbox 1966 1714 3543 1790">
     <span class='ocr_line' id='line_1_30' title="bbox 1966 1714 3543 1790; baseline 0.001 -21"><span class='ocrx_word' id='word_1_221' title='bbox 1966 1714 2138 1780; x_wconf 89' lang='lat' dir='ltr'><strong>carui,</strong></span> <span class='ocrx_word' id='word_1_222' title='bbox 2182 1725 2236 1769; x_wconf 90' lang='lat' dir='ltr'><strong>et</strong></span> <span class='ocrx_word' id='word_1_223' title='bbox 2287 1717 2547 1785; x_wconf 83' lang='lat' dir='ltr'><strong>temporis</strong></span> <span class='ocrx_word' id='word_1_224' title='bbox 2587 1733 2789 1790; x_wconf 82' lang='lat' dir='ltr'><strong>expers</strong></span> <span class='ocrx_word' id='word_1_225' title='bbox 2821 1719 3070 1790; x_wconf 87' lang='lat' dir='ltr'><strong>tempori,</strong></span> <span class='ocrx_word' id='word_1_226' title='bbox 3096 1728 3151 1772; x_wconf 94' lang='lat' dir='ltr'><strong>et</strong></span> <span class='ocrx_word' id='word_1_227' title='bbox 3179 1718 3230 1774; x_wconf 89' lang='lat' dir='ltr'><strong>id</strong></span> <span class='ocrx_word' id='word_1_228' title='bbox 3264 1718 3404 1788; x_wconf 91' lang='lat' dir='ltr'><strong>quod</strong></span> <span class='ocrx_word' id='word_1_229' title='bbox 3431 1720 3543 1772; x_wconf 86' lang='lat' dir='ltr'><strong>cir-</strong></span> 
     </span>
    </p>
   </div>
   <div class='ocr_carea' id='block_1_31' title="bbox 269 1792 1857 1883">
    <p class='ocr_par' dir='ltr' id='par_1_31' title="bbox 269 1792 1857 1883">
     <span class='ocr_line' id='line_1_31' title="bbox 269 1792 1857 1883; baseline 0.013 -41"><span class='ocrx_word' id='word_1_230' title='bbox 269 1792 859 1883; x_wconf 25' lang='lat' dir='ltr'><strong>aapicogAr-rpoﬂﬁua‘rt</strong></span> <span class='ocrx_word' id='word_1_231' title='bbox 907 1796 1255 1862; x_wconf 76' lang='grc' dir='ltr'>δελεάζεταιο</span> <span class='ocrx_word' id='word_1_232' title='bbox 1293 1801 1386 1867; x_wconf 81' lang='grc' dir='ltr'>ἵν’,</span> <span class='ocrx_word' id='word_1_233' title='bbox 1417 1803 1494 1868; x_wconf 86' lang='grc' dir='ltr'>ὡς</span> <span class='ocrx_word' id='word_1_234' title='bbox 1550 1807 1627 1880; x_wconf 81' lang='grc' dir='ltr'>τῷ</span> <span class='ocrx_word' id='word_1_235' title='bbox 1685 1810 1857 1883; x_wconf 81' lang='grc' dir='ltr'>Ἀδὰμ</span> 
     </span>
    </p>
   </div>
   <div class='ocr_carea' id='block_1_32' title="bbox 1966 1792 3543 1883">
    <p class='ocr_par' dir='ltr' id='par_1_32' title="bbox 1966 1808 3543 1881">
     <span class='ocr_line' id='line_1_32' title="bbox 1966 1808 3543 1881; baseline -0.001 -18"><span class='ocrx_word' id='word_1_236' title='bbox 1966 1809 2252 1863; x_wconf 89' lang='lat' dir='ltr'><strong>cumscrihi</strong></span> <span class='ocrx_word' id='word_1_237' title='bbox 2291 1825 2397 1864; x_wconf 88' lang='lat' dir='ltr'><strong>non</strong></span> <span class='ocrx_word' id='word_1_238' title='bbox 2429 1820 2626 1881; x_wconf 90' lang='lat' dir='ltr'><strong>potest,</strong></span> <span class='ocrx_word' id='word_1_239' title='bbox 2668 1826 2938 1868; x_wconf 72' lang='lat' dir='ltr'><strong>mensura:</strong></span> <span class='ocrx_word' id='word_1_240' title='bbox 2958 1810 3232 1881; x_wconf 84' lang='lat' dir='ltr'><strong>jungitur;</strong></span> <span class='ocrx_word' id='word_1_241' title='bbox 3263 1810 3356 1864; x_wconf 82' lang='lat' dir='ltr'><strong>sed</strong></span> <span class='ocrx_word' id='word_1_242' title='bbox 3375 1808 3543 1879; x_wconf 87' lang='lat' dir='ltr'><strong>virgi-</strong></span> 
     </span>
    </p>
   </div>
   <div class='ocr_carea' id='block_1_33' title="bbox 265 1880 1857 1974">
    <p class='ocr_par' dir='ltr' id='par_1_33' title="bbox 265 1880 1857 1974">
     <span class='ocr_line' id='line_1_33' title="bbox 265 1880 1857 1974; baseline 0.016 -44"><span class='ocrx_word' id='word_1_243' title='bbox 265 1880 615 1974; x_wconf 69' lang='grc' dir='ltr'>προσϐαλῲν,</span> <span class='ocrx_word' id='word_1_244' title='bbox 662 1883 743 1954; x_wconf 83' lang='grc' dir='ltr'>τῷ</span> <span class='ocrx_word' id='word_1_245' title='bbox 784 1884 906 1957; x_wconf 88' lang='grc' dir='ltr'><strong>Θεῷ</strong></span> <span class='ocrx_word' id='word_1_246' title='bbox 941 1889 1247 1967; x_wconf 81' lang='grc' dir='ltr'>περιπέσῃ,</span> <span class='ocrx_word' id='word_1_247' title='bbox 1301 1892 1396 1945; x_wconf 79' lang='grc' dir='ltr'><strong>καὶ</strong></span> <span class='ocrx_word' id='word_1_248' title='bbox 1441 1894 1613 1961; x_wconf 75' lang='grc' dir='ltr'>οὕτως</span> <span class='ocrx_word' id='word_1_249' title='bbox 1663 1900 1691 1952; x_wconf 88' lang='grc' dir='ltr'><strong>ό</strong></span> <span class='ocrx_word' id='word_1_250' title='bbox 1736 1880 1857 1966; x_wconf 80' lang='grc' dir='ltr'>νέος</span> 
     </span>
    </p>
   </div>
   <div class='ocr_carea' id='block_1_34' title="bbox 1966 1880 3539 1974">
    <p class='ocr_par' dir='ltr' id='par_1_34' title="bbox 1966 1880 3539 1974">
     <span class='ocr_line' id='line_1_34' title="bbox 1966 1880 3539 1974; baseline -0.001 -17"><span class='ocrx_word' id='word_1_251' title='bbox 1966 1900 2125 1957; x_wconf 81' lang='lat' dir='ltr'><strong>nitati</strong></span> <span class='ocrx_word' id='word_1_252' title='bbox 2166 1917 2384 1973; x_wconf 90' lang='lat' dir='ltr'><strong>quoque</strong></span> <span class='ocrx_word' id='word_1_253' title='bbox 2431 1880 2842 1974; x_wconf 86' lang='lat' dir='ltr'><strong>procreatio;et</strong></span> <span class='ocrx_word' id='word_1_254' title='bbox 2884 1880 2969 1970; x_wconf 82' lang='lat' dir='ltr'><strong>ei,</strong></span> <span class='ocrx_word' id='word_1_255' title='bbox 2990 1880 3132 1974; x_wconf 82' lang='lat' dir='ltr'><strong>quod</strong></span> <span class='ocrx_word' id='word_1_256' title='bbox 3157 1902 3301 1957; x_wconf 88' lang='lat' dir='ltr'><strong>omni</strong></span> <span class='ocrx_word' id='word_1_257' title='bbox 3330 1902 3539 1956; x_wconf 89' lang='lat' dir='ltr'><strong>honore</strong></span> 
     </span>
    </p>
   </div>
   <div class='ocr_carea' id='block_1_35' title="bbox 280 1969 1857 2068">
    <p class='ocr_par' dir='ltr' id='par_1_35' title="bbox 280 1969 1853 2061">
     <span class='ocr_line' id='line_1_35' title="bbox 280 1969 1853 2061; baseline 0.017 -39"><span class='ocrx_word' id='word_1_258' title='bbox 280 1969 458 2041; x_wconf 80' lang='grc' dir='ltr'>Ἀδὰμ</span> <span class='ocrx_word' id='word_1_259' title='bbox 506 1972 597 2025; x_wconf 87' lang='grc' dir='ltr'><strong>τὸν</strong></span> <span class='ocrx_word' id='word_1_260' title='bbox 630 1974 862 2032; x_wconf 77' lang='grc' dir='ltr'>παλαιὸν</span> <span class='ocrx_word' id='word_1_261' title='bbox 888 1976 1259 2051; x_wconf 84' lang='grc' dir='ltr'>ἀνασώσηται,</span> <span class='ocrx_word' id='word_1_262' title='bbox 1301 1984 1396 2038; x_wconf 76' lang='grc' dir='ltr'><strong>καὶ</strong></span> <span class='ocrx_word' id='word_1_263' title='bbox 1422 1984 1557 2061; x_wconf 81' lang='grc' dir='ltr'>λυθῇ</span> <span class='ocrx_word' id='word_1_264' title='bbox 1587 1988 1649 2041; x_wconf 83' lang='grc' dir='ltr'><strong>τὸ</strong></span> <span class='ocrx_word' id='word_1_265' title='bbox 1681 1993 1853 2049; x_wconf 84' lang='grc' dir='ltr'>κατά-</span> 
     </span>
    </p>
   </div>
   <div class='ocr_carea' id='block_1_36' title="bbox 1966 1969 3541 2068">
    <p class='ocr_par' dir='ltr' id='par_1_36' title="bbox 1966 1969 3541 2068">
     <span class='ocr_line' id='line_1_36' title="bbox 1966 1969 3541 2068; baseline 0.003 -22"><span class='ocrx_word' id='word_1_266' title='bbox 1966 1969 2310 2065; x_wconf 78' lang='lat' dir='ltr'><strong>praestantius</strong></span> <span class='ocrx_word' id='word_1_267' title='bbox 2358 1969 2462 2063; x_wconf 71' lang='lat' dir='ltr'><strong>est,</strong></span> <span class='ocrx_word' id='word_1_268' title='bbox 2504 1998 2837 2068; x_wconf 86' lang='lat' dir='ltr'><strong>ignominia;</strong></span> <span class='ocrx_word' id='word_1_269' title='bbox 2868 2005 2921 2053; x_wconf 90' lang='lat' dir='ltr'><strong>et</strong></span> <span class='ocrx_word' id='word_1_270' title='bbox 2951 1969 3251 2066; x_wconf 72' lang='lat' dir='ltr'><strong>atl‘ectibus,</strong></span> <span class='ocrx_word' id='word_1_271' title='bbox 3296 1999 3370 2064; x_wconf 92' lang='lat' dir='ltr'><strong>id,</strong></span> <span class='ocrx_word' id='word_1_272' title='bbox 3398 1996 3541 2068; x_wconf 84' lang='lat' dir='ltr'><strong>quod</strong></span> 
     </span>
    </p>
   </div>
   <div class='ocr_carea' id='block_1_37' title="bbox 265 2063 1857 2159">
    <p class='ocr_par' dir='ltr' id='par_1_37' title="bbox 265 2063 1852 2141">
     <span class='ocr_line' id='line_1_37' title="bbox 265 2063 1852 2141; baseline 0.016 -28"><span class='ocrx_word' id='word_1_273' title='bbox 265 2077 446 2134; x_wconf 72' lang='grc' dir='ltr'>κριμα</span> <span class='ocrx_word' id='word_1_274' title='bbox 472 2063 577 2134; x_wconf 82' lang='grc' dir='ltr'>τῆς</span> <span class='ocrx_word' id='word_1_275' title='bbox 606 2065 829 2137; x_wconf 82' lang='grc' dir='ltr'>σαρκὸς,</span> <span class='ocrx_word' id='word_1_276' title='bbox 869 2070 1034 2141; x_wconf 86' lang='grc' dir='ltr'>σαρκὶ</span> <span class='ocrx_word' id='word_1_277' title='bbox 1076 2070 1172 2125; x_wconf 82' lang='grc' dir='ltr'>τοῦ</span> <span class='ocrx_word' id='word_1_278' title='bbox 1227 2073 1460 2130; x_wconf 86' lang='grc' dir='ltr'>θανάτου</span> <span class='ocrx_word' id='word_1_279' title='bbox 1514 2078 1852 2140; x_wconf 85' lang='grc' dir='ltr'>θανατωθέν-</span> 
     </span>
    </p>
   </div>
   <div class='ocr_carea' id='block_1_38' title="bbox 1966 2063 3542 2159">
    <p class='ocr_par' dir='ltr' id='par_1_38' title="bbox 1966 2063 3542 2159">
     <span class='ocr_line' id='line_1_38' title="bbox 1966 2063 3542 2159; baseline 0.002 -21"><span class='ocrx_word' id='word_1_280' title='bbox 1966 2063 2246 2142; x_wconf 70' lang='grc' dir='ltr'>ιιίῐεειῑιιιιε</span> <span class='ocrx_word' id='word_1_281' title='bbox 2269 2098 2462 2156; x_wconf 89' lang='lat' dir='ltr'><strong>vacat;</strong></span> <span class='ocrx_word' id='word_1_282' title='bbox 2494 2063 2551 2143; x_wconf 71' lang='lat' dir='ltr'><strong>et</strong></span> <span class='ocrx_word' id='word_1_283' title='bbox 2567 2063 2927 2158; x_wconf 68' lang='lat' dir='ltr'><strong>corruptibili,</strong></span> <span class='ocrx_word' id='word_1_284' title='bbox 2954 2089 3031 2154; x_wconf 88' lang='lat' dir='ltr'><strong>id,</strong></span> <span class='ocrx_word' id='word_1_285' title='bbox 3066 2089 3207 2159; x_wconf 92' lang='lat' dir='ltr'><strong>quod</strong></span> <span class='ocrx_word' id='word_1_286' title='bbox 3236 2063 3542 2143; x_wconf 74' lang='lat' dir='ltr'><strong>immortale</strong></span> 
     </span>
    </p>
   </div>
   <div class='ocr_carea' id='block_1_39' title="bbox 265 2169 381 2216">
    <p class='ocr_par' dir='ltr' id='par_1_39' title="bbox 265 2169 381 2216">
     <span class='ocr_line' id='line_1_39' title="bbox 265 2169 381 2216; baseline 0.026 -12"><span class='ocrx_word' id='word_1_287' title='bbox 265 2169 381 2216; x_wconf 86' lang='grc' dir='ltr'>τος.</span> 
     </span>
    </p>
   </div>
   <div class='ocr_carea' id='block_1_40' title="bbox 1964 1533 3540 1603">
    <p class='ocr_par' dir='ltr' id='par_1_40' title="bbox 1964 1533 3540 1603">
     <span class='ocr_line' id='line_1_40' title="bbox 1964 1533 3540 1603; baseline 0.004 -19"><span class='ocrx_word' id='word_1_288' title='bbox 1964 1540 2147 1600; x_wconf 85' lang='lat' dir='ltr'><strong>queat.</strong></span> <span class='ocrx_word' id='word_1_289' title='bbox 2189 1533 2393 1587; x_wconf 80' lang='lat' dir='ltr'><strong>Idcirco</strong></span> <span class='ocrx_word' id='word_1_290' title='bbox 2443 1550 2532 1599; x_wconf 87' lang='lat' dir='ltr'><strong>ea,</strong></span> <span class='ocrx_word' id='word_1_291' title='bbox 2579 1550 2698 1603; x_wconf 83' lang='lat' dir='ltr'><strong>quae</strong></span> <span class='ocrx_word' id='word_1_292' title='bbox 2736 1550 2765 1589; x_wconf 88' lang='lat' dir='ltr'><strong>a</strong></span> <span class='ocrx_word' id='word_1_293' title='bbox 2822 1536 3081 1591; x_wconf 80' lang='lat' dir='ltr'><strong>mixtione</strong></span> <span class='ocrx_word' id='word_1_294' title='bbox 3133 1536 3308 1591; x_wconf 85' lang='lat' dir='ltr'><strong>aliena</strong></span> <span class='ocrx_word' id='word_1_295' title='bbox 3354 1544 3540 1603; x_wconf 70' lang='lat' dir='ltr'><strong>erant,</strong></span> 
     </span>
    </p>
   </div>
   <div class='ocr_carea' id='block_1_41' title="bbox 1965 1623 3544 1695">
    <p class='ocr_par' dir='ltr' id='par_1_41' title="bbox 1965 1623 3544 1695">
     <span class='ocr_line' id='line_1_41' title="bbox 1965 1623 3544 1695; baseline 0.004 -19"><span class='ocrx_word' id='word_1_296' title='bbox 1965 1623 2297 1693; x_wconf 88' lang='lat' dir='ltr'><strong>miscentur;</strong></span> <span class='ocrx_word' id='word_1_297' title='bbox 2334 1641 2395 1679; x_wconf 87' lang='lat' dir='ltr'><strong>ac</strong></span> <span class='ocrx_word' id='word_1_298' title='bbox 2435 1642 2542 1680; x_wconf 91' lang='lat' dir='ltr'><strong>non</strong></span> <span class='ocrx_word' id='word_1_299' title='bbox 2584 1628 2743 1681; x_wconf 87' lang='lat' dir='ltr'><strong>modo</strong></span> <span class='ocrx_word' id='word_1_300' title='bbox 2792 1627 2932 1682; x_wconf 87' lang='lat' dir='ltr'><strong>Deus</strong></span> <span class='ocrx_word' id='word_1_301' title='bbox 2987 1628 3280 1695; x_wconf 85' lang='lat' dir='ltr'><strong>nativitati,</strong></span> <span class='ocrx_word' id='word_1_302' title='bbox 3305 1637 3360 1682; x_wconf 94' lang='lat' dir='ltr'><strong>et</strong></span> <span class='ocrx_word' id='word_1_303' title='bbox 3392 1643 3544 1683; x_wconf 88' lang='lat' dir='ltr'><strong>mens</strong></span> 
     </span>
    </p>
   </div>
   <div class='ocr_carea' id='block_1_42' title="bbox 1955 2176 3527 2248">
    <p class='ocr_par' dir='ltr' id='par_1_42' title="bbox 1955 2176 3527 2248">
     <span class='ocr_line' id='line_1_42' title="bbox 1955 2176 3527 2248; baseline -0.002 -15"><span class='ocrx_word' id='word_1_304' title='bbox 1955 2184 2061 2233; x_wconf 90' lang='lat' dir='ltr'><strong>est.</strong></span> <span class='ocrx_word' id='word_1_305' title='bbox 2109 2176 2375 2244; x_wconf 85' lang='lat' dir='ltr'><strong>Quoniam</strong></span> <span class='ocrx_word' id='word_1_306' title='bbox 2439 2180 2585 2234; x_wconf 91' lang='lat' dir='ltr'><strong>enim</strong></span> <span class='ocrx_word' id='word_1_307' title='bbox 2641 2180 2730 2234; x_wconf 92' lang='lat' dir='ltr'><strong>ille</strong></span> <span class='ocrx_word' id='word_1_308' title='bbox 2778 2180 2892 2235; x_wconf 81' lang='lat' dir='ltr'><strong>vitii</strong></span> <span class='ocrx_word' id='word_1_309' title='bbox 2947 2194 3144 2248; x_wconf 86' lang='lat' dir='ltr'><strong>parens</strong></span> <span class='ocrx_word' id='word_1_310' title='bbox 3186 2188 3240 2234; x_wconf 91' lang='lat' dir='ltr'><strong>et</strong></span> <span class='ocrx_word' id='word_1_311' title='bbox 3283 2178 3527 2245; x_wconf 83' lang='lat' dir='ltr'><strong>elIector,</strong></span> 
     </span>
    </p>
   </div>
   <div class='ocr_carea' id='block_1_43' title="bbox 265 2247 3542 2346">
    <p class='ocr_par' dir='ltr' id='par_1_43' title="bbox 265 2247 3542 2346">
     <span class='ocr_line' id='line_1_43' title="bbox 265 2247 3542 2346; baseline 0.008 -45"><span class='ocrx_word' id='word_1_312' title='bbox 265 2247 392 2302; x_wconf 87' lang='lat' dir='ltr'><strong>ideo</strong></span> <span class='ocrx_word' id='word_1_313' title='bbox 440 2251 759 2346; x_wconf 48' lang='lat' dir='ltr'><strong>seuinvicto</strong></span> <span class='ocrx_word' id='word_1_314' title='bbox 815 2254 1047 2346; x_wconf 78' lang='lat' dir='ltr'><strong>quodam</strong></span> <span class='ocrx_word' id='word_1_315' title='bbox 1109 2256 1303 2313; x_wconf 89' lang='lat' dir='ltr'><strong>robore</strong></span> <span class='ocrx_word' id='word_1_316' title='bbox 1365 2262 1660 2330; x_wconf 69' lang='lat' dir='ltr'><strong>lprzcditum</strong></span> <span class='ocrx_word' id='word_1_317' title='bbox 1720 2282 1840 2326; x_wconf 85' lang='lat' dir='ltr'><strong>esse</strong></span> <span class='ocrx_word' id='word_1_318' title='bbox 1914 2271 2281 2338; x_wconf 83' lang='lat' dir='ltr'><strong>existimabat,</strong></span> <span class='ocrx_word' id='word_1_319' title='bbox 2347 2254 2471 2341; x_wconf 88' lang='lat' dir='ltr'><strong>quia</strong></span> <span class='ocrx_word' id='word_1_320' title='bbox 2536 2287 2655 2339; x_wconf 91' lang='lat' dir='ltr'><strong>nos,</strong></span> <span class='ocrx_word' id='word_1_321' title='bbox 2708 2288 2803 2344; x_wconf 91' lang='lat' dir='ltr'><strong>spe</strong></span> <span class='ocrx_word' id='word_1_322' title='bbox 2842 2247 3139 2330; x_wconf 84' lang='lat' dir='ltr'><strong>divinitatis</strong></span> <span class='ocrx_word' id='word_1_323' title='bbox 3181 2274 3390 2346; x_wconf 85' lang='lat' dir='ltr'><strong>objecta</strong></span> <span class='ocrx_word' id='word_1_324' title='bbox 3425 2283 3542 2327; x_wconf 87' lang='lat' dir='ltr'><strong>tan-</strong></span> 
     </span>
    </p>
   </div>
   <div class='ocr_carea' id='block_1_44' title="bbox 264 2338 3523 2432">
    <p class='ocr_par' dir='ltr' id='par_1_44' title="bbox 264 2338 3523 2432">
     <span class='ocr_line' id='line_1_44' title="bbox 264 2338 3523 2432; baseline 0.008 -41"><span class='ocrx_word' id='word_1_325' title='bbox 264 2353 433 2417; x_wconf 88' lang='lat' dir='ltr'><strong>quam</strong></span> <span class='ocrx_word' id='word_1_326' title='bbox 482 2338 731 2396; x_wconf 89' lang='lat' dir='ltr'><strong>illecebra</strong></span> <span class='ocrx_word' id='word_1_327' title='bbox 794 2345 1071 2414; x_wconf 90' lang='lat' dir='ltr'><strong>quadam,</strong></span> <span class='ocrx_word' id='word_1_328' title='bbox 1152 2346 1206 2400; x_wconf 89' lang='lat' dir='ltr'><strong>in</strong></span> <span class='ocrx_word' id='word_1_329' title='bbox 1264 2346 1504 2406; x_wconf 78' lang='lat' dir='ltr'><strong>fraudem</strong></span> <span class='ocrx_word' id='word_1_330' title='bbox 1559 2354 1885 2427; x_wconf 84' lang='lat' dir='ltr'><strong>induxerat;</strong></span> <span class='ocrx_word' id='word_1_331' title='bbox 1929 2361 2048 2417; x_wconf 90' lang='lat' dir='ltr'><strong>ideo</strong></span> <span class='ocrx_word' id='word_1_332' title='bbox 2094 2360 2209 2431; x_wconf 88' lang='lat' dir='ltr'><strong>ipse</strong></span> <span class='ocrx_word' id='word_1_333' title='bbox 2266 2338 2481 2432; x_wconf 77' lang='lat' dir='ltr'><strong>quoque</strong></span> <span class='ocrx_word' id='word_1_334' title='bbox 2542 2338 3042 2432; x_wconf 41' lang='lat' dir='ltr'><strong>carnis-praetextu</strong></span> <span class='ocrx_word' id='word_1_335' title='bbox 3101 2338 3395 2431; x_wconf 74' lang='lat' dir='ltr'><strong>inescatur,</strong></span> <span class='ocrx_word' id='word_1_336' title='bbox 3442 2373 3523 2428; x_wconf 88' lang='grc' dir='ltr'>ιιι,</span> 
     </span>
    </p>
   </div>
   <div class='ocr_carea' id='block_1_45' title="bbox 265 2433 3541 2526">
    <p class='ocr_par' dir='ltr' id='par_1_45' title="bbox 265 2433 3541 2526">
     <span class='ocr_line' id='line_1_45' title="bbox 265 2433 3541 2526; baseline 0.008 -40"><span class='ocrx_word' id='word_1_337' title='bbox 265 2433 395 2487; x_wconf 91' lang='lat' dir='ltr'><strong>dum</strong></span> <span class='ocrx_word' id='word_1_338' title='bbox 439 2436 591 2504; x_wconf 83' lang='lat' dir='ltr'><strong>quasi</strong></span> <span class='ocrx_word' id='word_1_339' title='bbox 639 2435 695 2490; x_wconf 92' lang='lat' dir='ltr'><strong>in</strong></span> <span class='ocrx_word' id='word_1_340' title='bbox 736 2437 1000 2493; x_wconf 87' lang='lat' dir='ltr'><strong>Adamum</strong></span> <span class='ocrx_word' id='word_1_341' title='bbox 1051 2440 1307 2510; x_wconf 89' lang='lat' dir='ltr'><strong>impetum</strong></span> <span class='ocrx_word' id='word_1_342' title='bbox 1349 2441 1498 2514; x_wconf 78' lang='lat' dir='ltr'><strong>facit,</strong></span> <span class='ocrx_word' id='word_1_343' title='bbox 1543 2446 1597 2503; x_wconf 93' lang='lat' dir='ltr'><strong>in</strong></span> <span class='ocrx_word' id='word_1_344' title='bbox 1644 2450 1810 2507; x_wconf 88' lang='lat' dir='ltr'><strong>Deum</strong></span> <span class='ocrx_word' id='word_1_345' title='bbox 1885 2456 2149 2521; x_wconf 80' lang='lat' dir='ltr'><strong>incurrat,</strong></span> <span class='ocrx_word' id='word_1_346' title='bbox 2209 2462 2371 2525; x_wconf 87' lang='lat' dir='ltr'><strong>atque</strong></span> <span class='ocrx_word' id='word_1_347' title='bbox 2430 2455 2507 2510; x_wconf 88' lang='lat' dir='ltr'><strong>ita</strong></span> <span class='ocrx_word' id='word_1_348' title='bbox 2572 2470 2743 2511; x_wconf 88' lang='lat' dir='ltr'><strong>novus</strong></span> <span class='ocrx_word' id='word_1_349' title='bbox 2806 2454 3046 2511; x_wconf 90' lang='lat' dir='ltr'><strong>Adamus</strong></span> <span class='ocrx_word' id='word_1_350' title='bbox 3094 2456 3336 2526; x_wconf 73' lang='lat' dir='ltr'><strong>pristinae</strong></span> <span class='ocrx_word' id='word_1_351' title='bbox 3378 2455 3541 2511; x_wconf 88' lang='lat' dir='ltr'><strong>saluti</strong></span> 
     </span>
    </p>
   </div>
   <div class='ocr_carea' id='block_1_46' title="bbox 263 2526 3542 2622">
    <p class='ocr_par' dir='ltr' id='par_1_46' title="bbox 263 2526 3542 2622">
     <span class='ocr_line' id='line_1_46' title="bbox 263 2526 3542 2622; baseline 0.008 -39"><span class='ocrx_word' id='word_1_352' title='bbox 263 2537 321 2622; x_wconf 74' lang='lat' dir='ltr'><strong>et</strong></span> <span class='ocrx_word' id='word_1_353' title='bbox 388 2526 749 2622; x_wconf 82' lang='lat' dir='ltr'><strong>incolumitati</strong></span> <span class='ocrx_word' id='word_1_354' title='bbox 824 2540 1060 2587; x_wconf 85' lang='lat' dir='ltr'><strong>veterem</strong></span> <span class='ocrx_word' id='word_1_355' title='bbox 1149 2547 1402 2604; x_wconf 88' lang='lat' dir='ltr'><strong>asserat,</strong></span> <span class='ocrx_word' id='word_1_356' title='bbox 1477 2544 1856 2617; x_wconf 87' lang='lat' dir='ltr'><strong>sententiaque</strong></span> <span class='ocrx_word' id='word_1_357' title='bbox 1930 2555 2191 2607; x_wconf 81' lang='lat' dir='ltr'><strong>adversus</strong></span> <span class='ocrx_word' id='word_1_358' title='bbox 2260 2565 2482 2606; x_wconf 87' lang='lat' dir='ltr'><strong>carnem</strong></span> <span class='ocrx_word' id='word_1_359' title='bbox 2538 2548 2885 2622; x_wconf 86' lang='lat' dir='ltr'><strong>pronuntiata</strong></span> <span class='ocrx_word' id='word_1_360' title='bbox 2928 2550 3305 2616; x_wconf 88' lang='lat' dir='ltr'><strong>rescindatur,</strong></span> <span class='ocrx_word' id='word_1_361' title='bbox 3363 2562 3542 2608; x_wconf 88' lang='lat' dir='ltr'><strong>morte</strong></span> 
     </span>
    </p>
   </div>
   <div class='ocr_carea' id='block_1_47' title="bbox 262 2619 1505 2699">
    <p class='ocr_par' dir='ltr' id='par_1_47' title="bbox 262 2619 1505 2699">
     <span class='ocr_line' id='line_1_47' title="bbox 262 2619 1505 2699; baseline 0.008 -25"><span class='ocrx_word' id='word_1_362' title='bbox 262 2619 527 2678; x_wconf 86' lang='lat' dir='ltr'><strong>nimirum</strong></span> <span class='ocrx_word' id='word_1_363' title='bbox 558 2635 587 2674; x_wconf 89' lang='lat' dir='ltr'><strong>a</strong></span> <span class='ocrx_word' id='word_1_364' title='bbox 613 2635 778 2676; x_wconf 85' lang='lat' dir='ltr'><strong>carne</strong></span> <span class='ocrx_word' id='word_1_365' title='bbox 793 2637 1050 2692; x_wconf 86' lang='lat' dir='ltr'><strong>oppressa</strong></span> <span class='ocrx_word' id='word_1_366' title='bbox 1078 2634 1133 2682; x_wconf 91' lang='lat' dir='ltr'><strong>et</strong></span> <span class='ocrx_word' id='word_1_367' title='bbox 1159 2626 1505 2699; x_wconf 81' lang='lat' dir='ltr'><strong>interempta.</strong></span> 
     </span>
    </p>
   </div>
   <div class='ocr_carea' id='block_1_48' title="bbox 334 2704 1857 2807">
    <p class='ocr_par' dir='ltr' id='par_1_48' title="bbox 334 2704 1855 2807">
     <span class='ocr_line' id='line_1_48' title="bbox 334 2704 1855 2807; baseline 0.011 -41"><span class='ocrx_word' id='word_1_368' title='bbox 334 2713 435 2768; x_wconf 80' lang='lat' dir='ltr'><strong>IA&#39;.</strong></span> <span class='ocrx_word' id='word_1_369' title='bbox 471 2714 550 2786; x_wconf 83' lang='grc' dir='ltr'><strong>Τῇ</strong></span> <span class='ocrx_word' id='word_1_370' title='bbox 716 2712 809 2770; x_wconf 79' lang='grc' dir='ltr'><strong>οὖν</strong></span> <span class='ocrx_word' id='word_1_371' title='bbox 839 2716 948 2789; x_wconf 81' lang='grc'>(55)</span> <span class='ocrx_word' id='word_1_372' title='bbox 984 2722 1232 2792; x_wconf 85' lang='grc' dir='ltr'>γεννήσει</span> <span class='ocrx_word' id='word_1_373' title='bbox 1276 2724 1344 2777; x_wconf 77' lang='grc' dir='ltr'>τὰ</span> <span class='ocrx_word' id='word_1_374' title='bbox 1391 2704 1855 2807; x_wconf 55' lang='grc' dir='ltr'>εἰκότιίπροεορ-</span> 
     </span>
    </p>
   </div>
   <div class='ocr_carea' id='block_1_49' title="bbox 1966 2704 3547 2807">
    <p class='ocr_par' dir='ltr' id='par_1_49' title="bbox 2041 2726 3547 2800">
     <span class='ocr_line' id='line_1_49' title="bbox 2041 2726 3547 2800; baseline 0 -16"><span class='ocrx_word' id='word_1_375' title='bbox 2041 2726 2338 2789; x_wconf 75' lang='lat' dir='ltr'><strong>XIV.Jan1</strong></span> <span class='ocrx_word' id='word_1_376' title='bbox 2388 2728 2589 2785; x_wconf 83' lang='lat' dir='ltr'><strong>Christi</strong></span> <span class='ocrx_word' id='word_1_377' title='bbox 2623 2741 2838 2798; x_wconf 77' lang='lat' dir='ltr'><strong>quidem</strong></span> <span class='ocrx_word' id='word_1_378' title='bbox 2881 2726 3147 2783; x_wconf 86' lang='lat' dir='ltr'><strong>Nalivitas</strong></span> <span class='ocrx_word' id='word_1_379' title='bbox 3191 2728 3359 2800; x_wconf 76' lang='lat'><strong>686</strong></span> <span class='ocrx_word' id='word_1_380' title='bbox 3406 2744 3547 2784; x_wconf 85' lang='lat' dir='ltr'><strong>con-</strong></span> 
     </span>
    </p>
   </div>
   <div class='ocr_carea' id='block_1_50' title="bbox 261 2806 1857 2891">
    <p class='ocr_par' dir='ltr' id='par_1_50' title="bbox 261 2806 1853 2890">
     <span class='ocr_line' id='line_1_50' title="bbox 261 2806 1853 2890; baseline 0.011 -31"><span class='ocrx_word' id='word_1_381' title='bbox 261 2806 515 2877; x_wconf 86' lang='grc' dir='ltr'>τάσαμεν</span> <span class='ocrx_word' id='word_1_382' title='bbox 572 2806 709 2878; x_wconf 70' lang='grc'>(54),</span> <span class='ocrx_word' id='word_1_383' title='bbox 743 2807 854 2877; x_wconf 75' lang='grc' dir='ltr'><strong>ἐγώ</strong></span> <span class='ocrx_word' id='word_1_384' title='bbox 901 2827 963 2863; x_wconf 88' lang='grc' dir='ltr'><strong>τε</strong></span> <span class='ocrx_word' id='word_1_385' title='bbox 1014 2812 1043 2864; x_wconf 83' lang='grc' dir='ltr'><strong>ὁ</strong></span> <span class='ocrx_word' id='word_1_386' title='bbox 1075 2813 1174 2884; x_wconf 82' lang='grc' dir='ltr'><strong>τῆς</strong></span> <span class='ocrx_word' id='word_1_387' title='bbox 1220 2815 1416 2889; x_wconf 79' lang='grc' dir='ltr'>ἑορτῆς</span> <span class='ocrx_word' id='word_1_388' title='bbox 1474 2817 1723 2890; x_wconf 79' lang='grc' dir='ltr'>ἔξαρχος,</span> <span class='ocrx_word' id='word_1_389' title='bbox 1759 2806 1853 2876; x_wconf 77' lang='grc' dir='ltr'><strong>καὶ</strong></span> 
     </span>
    </p>
   </div>
   <div class='ocr_carea' id='block_1_51' title="bbox 1966 2806 3546 2891">
    <p class='ocr_par' dir='ltr' id='par_1_51' title="bbox 1966 2818 3546 2891">
     <span class='ocr_line' id='line_1_51' title="bbox 1966 2818 3546 2891; baseline 0.002 -17"><span class='ocrx_word' id='word_1_390' title='bbox 1966 2836 2095 2891; x_wconf 82' lang='lat' dir='ltr'><strong>grua</strong></span> <span class='ocrx_word' id='word_1_391' title='bbox 2151 2818 2495 2874; x_wconf 84' lang='lat' dir='ltr'><strong>solemnitate</strong></span> <span class='ocrx_word' id='word_1_392' title='bbox 2555 2818 2723 2888; x_wconf 87' lang='lat' dir='ltr'><strong>prius,</strong></span> <span class='ocrx_word' id='word_1_393' title='bbox 2769 2828 2881 2873; x_wconf 92' lang='lat' dir='ltr'><strong>tum</strong></span> <span class='ocrx_word' id='word_1_394' title='bbox 2932 2833 2961 2872; x_wconf 90' lang='lat' dir='ltr'><strong>a</strong></span> <span class='ocrx_word' id='word_1_395' title='bbox 3000 2834 3086 2874; x_wconf 91' lang='lat' dir='ltr'><strong>me</strong></span> <span class='ocrx_word' id='word_1_396' title='bbox 3124 2819 3246 2874; x_wconf 84' lang='lat' dir='ltr'><strong>iesti</strong></span> <span class='ocrx_word' id='word_1_397' title='bbox 3299 2824 3433 2876; x_wconf 90' lang='lat' dir='ltr'><strong>duce</strong></span> <span class='ocrx_word' id='word_1_398' title='bbox 3487 2833 3546 2877; x_wconf 89' lang='lat' dir='ltr'><strong>et</strong></span> 
     </span>
    </p>
   </div>
   <div class='ocr_carea' id='block_1_52' title="bbox 264 2899 1857 2993">
    <p class='ocr_par' dir='ltr' id='par_1_52' title="bbox 264 2899 1849 2985">
     <span class='ocr_line' id='line_1_52' title="bbox 264 2899 1849 2985; baseline 0.011 -34"><span class='ocrx_word' id='word_1_399' title='bbox 264 2900 451 2970; x_wconf 82' lang='grc' dir='ltr'>ὑμεῖς,</span> <span class='ocrx_word' id='word_1_400' title='bbox 494 2899 589 2953; x_wconf 79' lang='grc' dir='ltr'><strong>καὶ</strong></span> <span class='ocrx_word' id='word_1_401' title='bbox 640 2902 749 2954; x_wconf 81' lang='grc' dir='ltr'>πᾶν</span> <span class='ocrx_word' id='word_1_402' title='bbox 809 2903 934 2956; x_wconf 84' lang='grc' dir='ltr'>ὅσον</span> <span class='ocrx_word' id='word_1_403' title='bbox 976 2904 1269 2977; x_wconf 82' lang='grc' dir='ltr'>ὲγκόσμιόν</span> <span class='ocrx_word' id='word_1_404' title='bbox 1316 2926 1375 2961; x_wconf 86' lang='grc' dir='ltr'><strong>τε</strong></span> <span class='ocrx_word' id='word_1_405' title='bbox 1440 2911 1536 2963; x_wconf 79' lang='grc' dir='ltr'>καὶ</span> <span class='ocrx_word' id='word_1_406' title='bbox 1595 2913 1849 2985; x_wconf 85' lang='grc' dir='ltr'>ὑπερκό-</span> 
     </span>
    </p>
   </div>
   <div class='ocr_carea' id='block_1_53' title="bbox 1966 2899 3541 2993">
    <p class='ocr_par' dir='ltr' id='par_1_53' title="bbox 1966 2912 3541 2993">
     <span class='ocr_line' id='line_1_53' title="bbox 1966 2912 3541 2993; baseline 0.002 -27"><span class='ocrx_word' id='word_1_407' title='bbox 1966 2913 2198 2983; x_wconf 75' lang='lat' dir='ltr'><strong>auspice,</strong></span> <span class='ocrx_word' id='word_1_408' title='bbox 2233 2921 2344 2966; x_wconf 91' lang='lat' dir='ltr'><strong>tum</strong></span> <span class='ocrx_word' id='word_1_409' title='bbox 2381 2926 2411 2965; x_wconf 91' lang='lat' dir='ltr'><strong>a</strong></span> <span class='ocrx_word' id='word_1_410' title='bbox 2449 2912 2632 2993; x_wconf 75' lang='lat' dir='ltr'><strong>vobis,</strong></span> <span class='ocrx_word' id='word_1_411' title='bbox 2664 2921 2826 2982; x_wconf 89' lang='lat' dir='ltr'><strong>atque</strong></span> <span class='ocrx_word' id='word_1_412' title='bbox 2855 2913 2991 2967; x_wconf 89' lang='lat' dir='ltr'><strong>adeo</strong></span> <span class='ocrx_word' id='word_1_413' title='bbox 3022 2913 3089 2967; x_wconf 91' lang='lat' dir='ltr'><strong>ab</strong></span> <span class='ocrx_word' id='word_1_414' title='bbox 3123 2914 3394 2978; x_wconf 90' lang='lat' dir='ltr'><strong>omnibus,</strong></span> <span class='ocrx_word' id='word_1_415' title='bbox 3430 2924 3541 2969; x_wconf 90' lang='lat' dir='ltr'><strong>tam</strong></span> 
     </span>
    </p>
   </div>
   <div class='ocr_carea' id='block_1_54' title="bbox 264 2991 1857 3074">
    <p class='ocr_par' dir='ltr' id='par_1_54' title="bbox 264 2991 1853 3074">
     <span class='ocr_line' id='line_1_54' title="bbox 264 2991 1853 3074; baseline 0.011 -31"><span class='ocrx_word' id='word_1_416' title='bbox 264 3007 456 3062; x_wconf 90' lang='grc' dir='ltr'>σμιον.</span> <span class='ocrx_word' id='word_1_417' title='bbox 488 2991 645 3045; x_wconf 85' lang='grc' dir='ltr'>Μετὰ</span> <span class='ocrx_word' id='word_1_418' title='bbox 700 2993 930 3066; x_wconf 83' lang='grc' dir='ltr'>ἀστέρος</span> <span class='ocrx_word' id='word_1_419' title='bbox 972 2996 1302 3069; x_wconf 84' lang='grc' dir='ltr'>ὲδράμομεν,</span> <span class='ocrx_word' id='word_1_420' title='bbox 1337 3002 1432 3054; x_wconf 72' lang='grc' dir='ltr'>καὶ</span> <span class='ocrx_word' id='word_1_421' title='bbox 1470 3003 1610 3074; x_wconf 87' lang='grc' dir='ltr'>μετὰ</span> <span class='ocrx_word' id='word_1_422' title='bbox 1648 3007 1853 3074; x_wconf 86' lang='grc' dir='ltr'>Μάγων</span> 
     </span>
    </p>
   </div>
   <div class='ocr_carea' id='block_1_55' title="bbox 1966 2991 3546 3074">
    <p class='ocr_par' dir='ltr' id='par_1_55' title="bbox 1966 2991 3546 3074">
     <span class='ocr_line' id='line_1_55' title="bbox 1966 2991 3546 3074; baseline 0.001 -16"><span class='ocrx_word' id='word_1_423' title='bbox 1966 3004 2052 3074; x_wconf 81' lang='lat' dir='ltr'><strong>qui</strong></span> <span class='ocrx_word' id='word_1_424' title='bbox 2104 3003 2158 3059; x_wconf 92' lang='lat' dir='ltr'><strong>in</strong></span> <span class='ocrx_word' id='word_1_425' title='bbox 2215 3002 2417 3058; x_wconf 90' lang='lat' dir='ltr'><strong>mundo</strong></span> <span class='ocrx_word' id='word_1_426' title='bbox 2467 2991 2775 3071; x_wconf 82' lang='lat' dir='ltr'><strong>versantur,</strong></span> <span class='ocrx_word' id='word_1_427' title='bbox 2825 3019 2982 3072; x_wconf 88' lang='lat' dir='ltr'><strong>quatn</strong></span> <span class='ocrx_word' id='word_1_428' title='bbox 3025 3003 3116 3073; x_wconf 84' lang='lat' dir='ltr'><strong>qui</strong></span> <span class='ocrx_word' id='word_1_429' title='bbox 3148 3004 3348 3060; x_wconf 85' lang='lat' dir='ltr'><strong>mundo</strong></span> <span class='ocrx_word' id='word_1_430' title='bbox 3381 3005 3546 3060; x_wconf 85' lang='lat' dir='ltr'><strong>subli-</strong></span> 
     </span>
    </p>
   </div>
   <div class='ocr_carea' id='block_1_56' title="bbox 262 3085 1857 3171">
    <p class='ocr_par' dir='ltr' id='par_1_56' title="bbox 262 3085 1855 3171">
     <span class='ocr_line' id='line_1_56' title="bbox 262 3085 1855 3171; baseline 0.009 -34"><span class='ocrx_word' id='word_1_431' title='bbox 262 3085 783 3156; x_wconf 82' lang='grc' dir='ltr'>προσεκυνήσαμεν,</span> <span class='ocrx_word' id='word_1_432' title='bbox 838 3087 977 3158; x_wconf 84' lang='grc' dir='ltr'>μετὰ</span> <span class='ocrx_word' id='word_1_433' title='bbox 1033 3091 1310 3162; x_wconf 82' lang='grc' dir='ltr'>ποιμένων</span> <span class='ocrx_word' id='word_1_434' title='bbox 1358 3094 1471 3166; x_wconf 80' lang='grc'>(55)</span> <span class='ocrx_word' id='word_1_435' title='bbox 1522 3098 1855 3171; x_wconf 85' lang='grc' dir='ltr'>περιελλάμ-</span> 
     </span>
    </p>
   </div>
   <div class='ocr_carea' id='block_1_57' title="bbox 1966 3085 3544 3171">
    <p class='ocr_par' dir='ltr' id='par_1_57' title="bbox 1966 3093 3544 3162">
     <span class='ocr_line' id='line_1_57' title="bbox 1966 3093 3544 3162; baseline 0.002 -11"><span class='ocrx_word' id='word_1_436' title='bbox 1966 3096 2159 3153; x_wconf 88' lang='lat' dir='ltr'><strong>miores</strong></span> <span class='ocrx_word' id='word_1_437' title='bbox 2233 3105 2381 3162; x_wconf 89' lang='lat' dir='ltr'><strong>sunt,</strong></span> <span class='ocrx_word' id='word_1_438' title='bbox 2450 3095 2721 3151; x_wconf 88' lang='lat' dir='ltr'><strong>celebrata</strong></span> <span class='ocrx_word' id='word_1_439' title='bbox 2782 3106 2884 3151; x_wconf 89' lang='lat' dir='ltr'><strong>est.</strong></span> <span class='ocrx_word' id='word_1_440' title='bbox 2929 3093 3062 3153; x_wconf 88' lang='lat' dir='ltr'><strong>Cum</strong></span> <span class='ocrx_word' id='word_1_441' title='bbox 3132 3099 3289 3154; x_wconf 86' lang='lat' dir='ltr'><strong>stella</strong></span> <span class='ocrx_word' id='word_1_442' title='bbox 3348 3114 3544 3154; x_wconf 84' lang='lat' dir='ltr'><strong>cucur-</strong></span> 
     </span>
    </p>
   </div>
   <div class='ocr_carea' id='block_1_58' title="bbox 261 3172 1857 3260">
    <p class='ocr_par' dir='ltr' id='par_1_58' title="bbox 261 3172 1855 3259">
     <span class='ocr_line' id='line_1_58' title="bbox 261 3172 1855 3259; baseline 0.011 -34"><span class='ocrx_word' id='word_1_443' title='bbox 261 3172 507 3244; x_wconf 83' lang='grc' dir='ltr'>φθημεν,</span> <span class='ocrx_word' id='word_1_444' title='bbox 555 3176 650 3228; x_wconf 84' lang='grc' dir='ltr'><strong>καὶ</strong></span> <span class='ocrx_word' id='word_1_445' title='bbox 695 3175 833 3247; x_wconf 83' lang='grc' dir='ltr'>μετὰ</span> <span class='ocrx_word' id='word_1_446' title='bbox 884 3179 1133 3249; x_wconf 85' lang='grc' dir='ltr'>ἀγγέλων</span> <span class='ocrx_word' id='word_1_447' title='bbox 1189 3182 1544 3257; x_wconf 80' lang='grc' dir='ltr'>ὲδοξάσαμεν,</span> <span class='ocrx_word' id='word_1_448' title='bbox 1582 3189 1720 3259; x_wconf 78' lang='grc' dir='ltr'>μετὰ</span> <span class='ocrx_word' id='word_1_449' title='bbox 1753 3191 1855 3243; x_wconf 84' lang='grc' dir='ltr'><strong>Συ-</strong></span> 
     </span>
    </p>
   </div>
   <div class='ocr_carea' id='block_1_59' title="bbox 1966 3172 3546 3260">
    <p class='ocr_par' dir='ltr' id='par_1_59' title="bbox 1966 3188 3546 3260">
     <span class='ocr_line' id='line_1_59' title="bbox 1966 3188 3546 3260; baseline 0.001 -15"><span class='ocrx_word' id='word_1_450' title='bbox 1966 3191 2147 3255; x_wconf 90' lang='lat' dir='ltr'><strong>rimus,</strong></span> <span class='ocrx_word' id='word_1_451' title='bbox 2202 3204 2323 3244; x_wconf 90' lang='lat' dir='ltr'><strong>cum</strong></span> <span class='ocrx_word' id='word_1_452' title='bbox 2367 3188 2537 3252; x_wconf 79' lang='lat' dir='ltr'><strong>Magis</strong></span> <span class='ocrx_word' id='word_1_453' title='bbox 2594 3190 3184 3254; x_wconf 79' lang='lat' dir='ltr'><strong>adoravimus’°,cum</strong></span> <span class='ocrx_word' id='word_1_454' title='bbox 3241 3191 3546 3260; x_wconf 88' lang='lat' dir='ltr'><strong>pastoribus</strong></span> 
     </span>
    </p>
   </div>
   <div class='ocr_carea' id='block_1_60' title="bbox 262 3264 1857 3354">
    <p class='ocr_par' dir='ltr' id='par_1_60' title="bbox 262 3264 1853 3352">
     <span class='ocr_line' id='line_1_60' title="bbox 262 3264 1853 3352; baseline 0.013 -35"><span class='ocrx_word' id='word_1_455' title='bbox 262 3264 419 3339; x_wconf 86' lang='grc' dir='ltr'>μεὼν</span> <span class='ocrx_word' id='word_1_456' title='bbox 452 3267 952 3341; x_wconf 80' lang='grc' dir='ltr'>ὲνηγκαλισάμεθα,</span> <span class='ocrx_word' id='word_1_457' title='bbox 988 3273 1083 3326; x_wconf 80' lang='grc' dir='ltr'>καὶ</span> <span class='ocrx_word' id='word_1_458' title='bbox 1129 3275 1268 3345; x_wconf 82' lang='grc' dir='ltr'>μετὰ</span> <span class='ocrx_word' id='word_1_459' title='bbox 1302 3278 1502 3349; x_wconf 78' lang='grc' dir='ltr'>Ἀννης</span> <span class='ocrx_word' id='word_1_460' title='bbox 1540 3280 1853 3352; x_wconf 83' lang='grc' dir='ltr'>ἀνθωμολο-</span> 
     </span>
    </p>
   </div>
   <div class='ocr_carea' id='block_1_61' title="bbox 1966 3264 3546 3354">
    <p class='ocr_par' dir='ltr' id='par_1_61' title="bbox 1966 3282 3546 3354">
     <span class='ocr_line' id='line_1_61' title="bbox 1966 3282 3546 3354; baseline 0.001 -18"><span class='ocrx_word' id='word_1_461' title='bbox 1966 3283 2076 3339; x_wconf 89' lang='lat' dir='ltr'><strong>luce</strong></span> <span class='ocrx_word' id='word_1_462' title='bbox 2107 3283 2420 3340; x_wconf 81' lang='lat' dir='ltr'><strong>circumfusi</strong></span> <span class='ocrx_word' id='word_1_463' title='bbox 2453 3298 2663 3345; x_wconf 86' lang='lat' dir='ltr'><strong>sumus,</strong></span> <span class='ocrx_word' id='word_1_464' title='bbox 2696 3299 2818 3337; x_wconf 92' lang='lat' dir='ltr'><strong>cum</strong></span> <span class='ocrx_word' id='word_1_465' title='bbox 2880 3284 3088 3353; x_wconf 79' lang='lat' dir='ltr'><strong>angelis</strong></span> <span class='ocrx_word' id='word_1_466' title='bbox 3127 3282 3363 3338; x_wconf 86' lang='lat' dir='ltr'><strong>divinam</strong></span> <span class='ocrx_word' id='word_1_467' title='bbox 3422 3284 3546 3354; x_wconf 83' lang='lat' dir='ltr'><strong>glo~</strong></span> 
     </span>
    </p>
   </div>
   <div class='ocr_carea' id='block_1_62' title="bbox 259 3357 1857 3447">
    <p class='ocr_par' dir='ltr' id='par_1_62' title="bbox 259 3357 1853 3442">
     <span class='ocr_line' id='line_1_62' title="bbox 259 3357 1853 3442; baseline 0.01 -33"><span class='ocrx_word' id='word_1_468' title='bbox 259 3357 561 3428; x_wconf 87' lang='grc' dir='ltr'>γησάμεθα</span> <span class='ocrx_word' id='word_1_469' title='bbox 596 3358 736 3429; x_wconf 84' lang='grc'>(56),</span> <span class='ocrx_word' id='word_1_470' title='bbox 767 3361 869 3431; x_wconf 84' lang='grc' dir='ltr'>τῆς</span> <span class='ocrx_word' id='word_1_471' title='bbox 897 3364 1129 3435; x_wconf 79' lang='grc' dir='ltr'>γεραιᾶς</span> <span class='ocrx_word' id='word_1_472' title='bbox 1160 3365 1257 3418; x_wconf 78' lang='grc' dir='ltr'>καὶ</span> <span class='ocrx_word' id='word_1_473' title='bbox 1285 3364 1561 3438; x_wconf 86' lang='grc' dir='ltr'>σώφρονος</span> <span class='ocrx_word' id='word_1_474' title='bbox 1580 3384 1595 3400; x_wconf 87' lang='lat'><strong><em>°</em></strong></span> <span class='ocrx_word' id='word_1_475' title='bbox 1625 3371 1719 3423; x_wconf 79' lang='grc' dir='ltr'><strong>καὶ</strong></span> <span class='ocrx_word' id='word_1_476' title='bbox 1752 3371 1853 3442; x_wconf 69' lang='grc' dir='ltr'><strong>χάε</strong></span> 
     </span>
    </p>
   </div>
   <div class='ocr_carea' id='block_1_63' title="bbox 1966 3357 3545 3447">
    <p class='ocr_par' dir='ltr' id='par_1_63' title="bbox 1966 3376 3545 3447">
     <span class='ocr_line' id='line_1_63' title="bbox 1966 3376 3545 3447; baseline -0.001 -15"><span class='ocrx_word' id='word_1_477' title='bbox 1966 3379 2094 3432; x_wconf 84' lang='lat' dir='ltr'><strong>riam</strong></span> <span class='ocrx_word' id='word_1_478' title='bbox 2127 3377 2569 3447; x_wconf 68' lang='lat' dir='ltr'><strong>prmdicavimus,</strong></span> <span class='ocrx_word' id='word_1_479' title='bbox 2618 3393 2740 3432; x_wconf 88' lang='lat' dir='ltr'><strong>cum</strong></span> <span class='ocrx_word' id='word_1_480' title='bbox 2797 3377 3050 3432; x_wconf 84' lang='lat' dir='ltr'><strong>Simeoue</strong></span> <span class='ocrx_word' id='word_1_481' title='bbox 3076 3378 3128 3431; x_wconf 92' lang='lat' dir='ltr'><strong>in</strong></span> <span class='ocrx_word' id='word_1_482' title='bbox 3159 3376 3285 3432; x_wconf 89' lang='lat' dir='ltr'><strong>ulna</strong></span> <span class='ocrx_word' id='word_1_483' title='bbox 3330 3378 3545 3446; x_wconf 88' lang='lat' dir='ltr'><strong>accepi-</strong></span> 
     </span>
    </p>
   </div>
   <div class='ocr_carea' id='block_1_64' title="bbox 262 3447 1857 3536">
    <p class='ocr_par' dir='ltr' id='par_1_64' title="bbox 262 3447 1855 3529">
     <span class='ocr_line' id='line_1_64' title="bbox 262 3447 1855 3529; baseline 0.011 -29"><span class='ocrx_word' id='word_1_484' title='bbox 262 3466 354 3520; x_wconf 82' lang='grc' dir='ltr'><strong>ρις</strong></span> <span class='ocrx_word' id='word_1_485' title='bbox 378 3447 459 3520; x_wconf 83' lang='grc' dir='ltr'>τῷ</span> <span class='ocrx_word' id='word_1_486' title='bbox 486 3451 568 3514; x_wconf 82' lang='grc' dir='ltr'><strong>είς</strong></span> <span class='ocrx_word' id='word_1_487' title='bbox 617 3451 688 3505; x_wconf 81' lang='grc' dir='ltr'>τὰ</span> <span class='ocrx_word' id='word_1_488' title='bbox 730 3451 837 3506; x_wconf 83' lang='grc' dir='ltr'>ἴδια</span> <span class='ocrx_word' id='word_1_489' title='bbox 869 3452 1077 3508; x_wconf 75' lang='grc' dir='ltr'>ἐλθόντι</span> <span class='ocrx_word' id='word_1_490' title='bbox 1111 3454 1425 3529; x_wconf 72' lang='grc' dir='ltr'>ἀλλοτρίως,</span> <span class='ocrx_word' id='word_1_491' title='bbox 1467 3460 1549 3514; x_wconf 84' lang='grc' dir='ltr'><strong>ὅτι</strong></span> <span class='ocrx_word' id='word_1_492' title='bbox 1585 3461 1675 3516; x_wconf 81' lang='grc' dir='ltr'><strong>τὸν</strong></span> <span class='ocrx_word' id='word_1_493' title='bbox 1705 3461 1855 3527; x_wconf 84' lang='grc' dir='ltr'>ξένον</span> 
     </span>
    </p>
   </div>
   <div class='ocr_carea' id='block_1_65' title="bbox 1966 3447 3544 3536">
    <p class='ocr_par' dir='ltr' id='par_1_65' title="bbox 1966 3464 3544 3536">
     <span class='ocr_line' id='line_1_65' title="bbox 1966 3464 3544 3536; baseline -0.001 -16"><span class='ocrx_word' id='word_1_494' title='bbox 1966 3482 2098 3533; x_wconf 86' lang='lat' dir='ltr'><strong>mus,</strong></span> <span class='ocrx_word' id='word_1_495' title='bbox 2161 3482 2285 3521; x_wconf 88' lang='lat' dir='ltr'><strong>cum</strong></span> <span class='ocrx_word' id='word_1_496' title='bbox 2342 3467 2519 3531; x_wconf 84' lang='lat' dir='ltr'><strong>Anna,</strong></span> <span class='ocrx_word' id='word_1_497' title='bbox 2574 3466 2699 3531; x_wconf 89' lang='lat' dir='ltr'><strong>illa,</strong></span> <span class='ocrx_word' id='word_1_498' title='bbox 2740 3464 2995 3536; x_wconf 84' lang='lat' dir='ltr'><strong>inquam,</strong></span> <span class='ocrx_word' id='word_1_499' title='bbox 3040 3466 3220 3521; x_wconf 87' lang='lat' dir='ltr'><strong>vetula</strong></span> <span class='ocrx_word' id='word_1_500' title='bbox 3275 3477 3330 3522; x_wconf 91' lang='lat' dir='ltr'><strong>et</strong></span> <span class='ocrx_word' id='word_1_501' title='bbox 3391 3475 3544 3521; x_wconf 90' lang='lat' dir='ltr'><strong>casta</strong></span> 
     </span>
    </p>
   </div>
   <div class='ocr_carea' id='block_1_66' title="bbox 262 3540 1857 3627">
    <p class='ocr_par' dir='ltr' id='par_1_66' title="bbox 262 3540 1856 3624">
     <span class='ocr_line' id='line_1_66' title="bbox 262 3540 1856 3624; baseline 0.011 -31"><span class='ocrx_word' id='word_1_502' title='bbox 262 3540 541 3607; x_wconf 64' lang='grc' dir='ltr'>ἐδόξασεν.</span> <span class='ocrx_word' id='word_1_503' title='bbox 573 3542 711 3597; x_wconf 75' lang='grc' dir='ltr'>Νυνὶ</span> <span class='ocrx_word' id='word_1_504' title='bbox 758 3543 815 3597; x_wconf 86' lang='grc' dir='ltr'><strong>δὲ</strong></span> <span class='ocrx_word' id='word_1_505' title='bbox 860 3547 1061 3618; x_wconf 81' lang='grc' dir='ltr'>πρᾶξις</span> <span class='ocrx_word' id='word_1_506' title='bbox 1110 3549 1245 3621; x_wconf 82' lang='grc' dir='ltr'>ἄλλη</span> <span class='ocrx_word' id='word_1_507' title='bbox 1292 3552 1552 3624; x_wconf 86' lang='grc' dir='ltr'>Χριστοῦ,</span> <span class='ocrx_word' id='word_1_508' title='bbox 1589 3555 1683 3609; x_wconf 78' lang='grc' dir='ltr'><strong>καὶ</strong></span> <span class='ocrx_word' id='word_1_509' title='bbox 1728 3555 1856 3609; x_wconf 81' lang='grc' dir='ltr'>ἄλλο</span> 
     </span>
    </p>
   </div>
   <div class='ocr_carea' id='block_1_67' title="bbox 1966 3540 3546 3627">
    <p class='ocr_par' dir='ltr' id='par_1_67' title="bbox 1966 3556 3546 3627">
     <span class='ocr_line' id='line_1_67' title="bbox 1966 3556 3546 3627; baseline 0.001 -15"><span class='ocrx_word' id='word_1_510' title='bbox 1966 3557 2179 3625; x_wconf 82' lang='lat' dir='ltr'><strong>le&#39;mina,</strong></span> <span class='ocrx_word' id='word_1_511' title='bbox 2202 3556 2440 3613; x_wconf 79' lang='lat' dir='ltr'><strong>confessi</strong></span> <span class='ocrx_word' id='word_1_512' title='bbox 2475 3559 2756 3625; x_wconf 78' lang='lat' dir='ltr'><strong>sumus“;</strong></span> <span class='ocrx_word' id='word_1_513' title='bbox 2784 3557 2833 3611; x_wconf 90' lang='lat' dir='ltr'><strong>ei</strong></span> <span class='ocrx_word' id='word_1_514' title='bbox 2860 3571 3097 3627; x_wconf 90' lang='lat' dir='ltr'><strong>quoque,</strong></span> <span class='ocrx_word' id='word_1_515' title='bbox 3136 3557 3226 3627; x_wconf 90' lang='lat' dir='ltr'><strong>qui</strong></span> <span class='ocrx_word' id='word_1_516' title='bbox 3255 3565 3311 3611; x_wconf 94' lang='lat' dir='ltr'><strong>ut</strong></span> <span class='ocrx_word' id='word_1_517' title='bbox 3336 3557 3546 3614; x_wconf 78' lang='lat' dir='ltr'><strong>alienus</strong></span> 
     </span>
    </p>
   </div>
   <div class='ocr_carea' id='block_1_68' title="bbox 265 3633 1857 3722">
    <p class='ocr_par' dir='ltr' id='par_1_68' title="bbox 265 3633 1857 3718">
     <span class='ocr_line' id='line_1_68' title="bbox 265 3633 1857 3718; baseline 0.011 -34"><span class='ocrx_word' id='word_1_518' title='bbox 265 3633 591 3705; x_wconf 80' lang='grc' dir='ltr'>μυστήριον.</span> <span class='ocrx_word' id='word_1_519' title='bbox 640 3635 714 3689; x_wconf 83' lang='grc' dir='ltr'><strong>Οὐ</strong></span> <span class='ocrx_word' id='word_1_520' title='bbox 746 3635 979 3709; x_wconf 77' lang='grc' dir='ltr'>δύναμαι</span> <span class='ocrx_word' id='word_1_521' title='bbox 1022 3641 1271 3712; x_wconf 86' lang='grc' dir='ltr'>κατέχειν</span> <span class='ocrx_word' id='word_1_522' title='bbox 1326 3644 1424 3714; x_wconf 84' lang='grc' dir='ltr'>τὴν</span> <span class='ocrx_word' id='word_1_523' title='bbox 1485 3645 1677 3718; x_wconf 85' lang='grc' dir='ltr'>ἡδονὴν</span> <span class='ocrx_word' id='word_1_524' title='bbox 1709 3686 1725 3713; x_wconf 94' lang='grc'><strong>,</strong></span> <span class='ocrx_word' id='word_1_525' title='bbox 1771 3647 1857 3702; x_wconf 80' lang='grc' dir='ltr'><strong>ἔν-</strong></span> 
     </span>
    </p>
   </div>
   <div class='ocr_carea' id='block_1_69' title="bbox 1966 3633 3541 3722">
    <p class='ocr_par' dir='ltr' id='par_1_69' title="bbox 1966 3649 3541 3722">
     <span class='ocr_line' id='line_1_69' title="bbox 1966 3649 3541 3722; baseline -0.003 -15"><span class='ocrx_word' id='word_1_526' title='bbox 1966 3652 2010 3707; x_wconf 83' lang='grc' dir='ltr'>ἱιι</span> <span class='ocrx_word' id='word_1_527' title='bbox 2038 3652 2256 3722; x_wconf 86' lang='lat' dir='ltr'><strong>propria</strong></span> <span class='ocrx_word' id='word_1_528' title='bbox 2292 3651 2437 3706; x_wconf 90' lang='lat' dir='ltr'><strong>venit</strong></span> <span class='ocrx_word' id='word_1_529' title='bbox 2463 3652 2530 3717; x_wconf 80' lang='lat'><strong>“,</strong></span> <span class='ocrx_word' id='word_1_530' title='bbox 2560 3652 2734 3720; x_wconf 83' lang='lat' dir='ltr'><strong>gratia</strong></span> <span class='ocrx_word' id='word_1_531' title='bbox 2776 3650 3063 3715; x_wconf 85' lang='lat' dir='ltr'><strong>habeatur,</strong></span> <span class='ocrx_word' id='word_1_532' title='bbox 3107 3649 3251 3720; x_wconf 91' lang='lat' dir='ltr'><strong>quod</strong></span> <span class='ocrx_word' id='word_1_533' title='bbox 3292 3662 3541 3705; x_wconf 78' lang='lat' dir='ltr'><strong>exterum</strong></span> 
     </span>
    </p>
   </div>
   <div class='ocr_carea' id='block_1_70' title="bbox 266 3725 1857 3815">
    <p class='ocr_par' dir='ltr' id='par_1_70' title="bbox 266 3725 1854 3809">
     <span class='ocr_line' id='line_1_70' title="bbox 266 3725 1854 3809; baseline 0.011 -32"><span class='ocrx_word' id='word_1_534' title='bbox 266 3726 390 3789; x_wconf 85' lang='grc' dir='ltr'>θεος</span> <span class='ocrx_word' id='word_1_535' title='bbox 416 3725 530 3797; x_wconf 82' lang='grc'>(57)</span> <span class='ocrx_word' id='word_1_536' title='bbox 571 3727 817 3798; x_wconf 89' lang='grc' dir='ltr'>γίνομαι,</span> <span class='ocrx_word' id='word_1_537' title='bbox 873 3731 1071 3803; x_wconf 71' lang='grc' dir='ltr'>μικροῦ</span> <span class='ocrx_word' id='word_1_538' title='bbox 1102 3734 1218 3800; x_wconf 72' lang='grc' dir='ltr'>καὶ,</span> <span class='ocrx_word' id='word_1_539' title='bbox 1247 3735 1322 3798; x_wconf 87' lang='grc' dir='ltr'>ὡς</span> <span class='ocrx_word' id='word_1_540' title='bbox 1364 3736 1639 3809; x_wconf 82' lang='grc' dir='ltr'>Ἰωάννης,</span> <span class='ocrx_word' id='word_1_541' title='bbox 1689 3741 1854 3809; x_wconf 84' lang='grc' dir='ltr'>εὐαγ-</span> 
     </span>
    </p>
   </div>
   <div class='ocr_carea' id='block_1_71' title="bbox 1966 3725 3543 3815">
    <p class='ocr_par' dir='ltr' id='par_1_71' title="bbox 1966 3740 3543 3815">
     <span class='ocr_line' id='line_1_71' title="bbox 1966 3740 3543 3815; baseline -0.001 -17"><span class='ocrx_word' id='word_1_542' title='bbox 1966 3745 2233 3800; x_wconf 86' lang='lat' dir='ltr'><strong>hominem</strong></span> <span class='ocrx_word' id='word_1_543' title='bbox 2279 3752 2335 3799; x_wconf 93' lang='lat' dir='ltr'><strong>et</strong></span> <span class='ocrx_word' id='word_1_544' title='bbox 2372 3744 2717 3815; x_wconf 81' lang='lat' dir='ltr'><strong>peregrinum</strong></span> <span class='ocrx_word' id='word_1_545' title='bbox 2755 3743 2923 3812; x_wconf 78' lang='lat' dir='ltr'><strong>gloria</strong></span> <span class='ocrx_word' id='word_1_546' title='bbox 2974 3742 3173 3798; x_wconf 76' lang='lat' dir='ltr'><strong>affecit.</strong></span> <span class='ocrx_word' id='word_1_547' title='bbox 3228 3740 3383 3799; x_wconf 86' lang='lat' dir='ltr'><strong>Nunc</strong></span> <span class='ocrx_word' id='word_1_548' title='bbox 3411 3756 3543 3796; x_wconf 86' lang='lat' dir='ltr'><strong>vero</strong></span> 
     </span>
    </p>
   </div>
   <div class='ocr_carea' id='block_1_72' title="bbox 264 3816 1857 3908">
    <p class='ocr_par' dir='ltr' id='par_1_72' title="bbox 264 3816 1856 3905">
     <span class='ocr_line' id='line_1_72' title="bbox 264 3816 1856 3905; baseline -0.006 -21"><span class='ocrx_word' id='word_1_549' title='bbox 264 3816 575 3889; x_wconf 74' lang='grc' dir='ltr'>Ὺελίξομαι,</span> <span class='ocrx_word' id='word_1_550' title='bbox 612 3823 661 3873; x_wconf 74' lang='grc' dir='ltr'>εἰ</span> <span class='ocrx_word' id='word_1_551' title='bbox 695 3822 789 3875; x_wconf 77' lang='grc' dir='ltr'><strong>καὶ</strong></span> <span class='ocrx_word' id='word_1_552' title='bbox 824 3823 900 3894; x_wconf 86' lang='grc' dir='ltr'>μὴ</span> <span class='ocrx_word' id='word_1_553' title='bbox 936 3824 1242 3896; x_wconf 86' lang='grc' dir='ltr'>πρόδρομος</span> <span class='ocrx_word' id='word_1_554' title='bbox 1263 3866 1277 3892; x_wconf 92' lang='grc'><strong>,</strong></span> <span class='ocrx_word' id='word_1_555' title='bbox 1312 3826 1425 3880; x_wconf 88' lang='grc' dir='ltr'>ἀλλ’</span> <span class='ocrx_word' id='word_1_556' title='bbox 1452 3830 1560 3884; x_wconf 84' lang='grc' dir='ltr'>ἀπὸ</span> <span class='ocrx_word' id='word_1_557' title='bbox 1581 3832 1678 3900; x_wconf 85' lang='grc' dir='ltr'><strong>τῆς</strong></span> <span class='ocrx_word' id='word_1_558' title='bbox 1727 3833 1856 3905; x_wconf 78' lang='grc' dir='ltr'>ἐρη-</span> 
     </span>
    </p>
   </div>
   <div class='ocr_carea' id='block_1_73' title="bbox 1966 3816 3541 3908">
    <p class='ocr_par' dir='ltr' id='par_1_73' title="bbox 1966 3836 3541 3908">
     <span class='ocr_line' id='line_1_73' title="bbox 1966 3836 3541 3908; baseline -0.001 -17"><span class='ocrx_word' id='word_1_559' title='bbox 1966 3837 2061 3892; x_wconf 79' lang='lat' dir='ltr'><strong>alia</strong></span> <span class='ocrx_word' id='word_1_560' title='bbox 2114 3837 2320 3894; x_wconf 85' lang='lat' dir='ltr'><strong>Christi</strong></span> <span class='ocrx_word' id='word_1_561' title='bbox 2366 3838 2545 3906; x_wconf 90' lang='lat' dir='ltr'><strong>actio,</strong></span> <span class='ocrx_word' id='word_1_562' title='bbox 2597 3836 2851 3907; x_wconf 90' lang='lat' dir='ltr'><strong>aliudque</strong></span> <span class='ocrx_word' id='word_1_563' title='bbox 2901 3837 3218 3908; x_wconf 80' lang='lat' dir='ltr'><strong>mysterium</strong></span> <span class='ocrx_word' id='word_1_564' title='bbox 3273 3837 3541 3905; x_wconf 88' lang='lat' dir='ltr'><strong>sequitur.</strong></span> 
     </span>
    </p>
   </div>
   <div class='ocr_carea' id='block_1_74' title="bbox 267 3910 1857 3998">
    <p class='ocr_par' dir='ltr' id='par_1_74' title="bbox 267 3910 1851 3995">
     <span class='ocr_line' id='line_1_74' title="bbox 267 3910 1851 3995; baseline 0.01 -32"><span class='ocrx_word' id='word_1_565' title='bbox 267 3910 423 3981; x_wconf 82' lang='grc' dir='ltr'>μίας.</span> <span class='ocrx_word' id='word_1_566' title='bbox 455 3910 691 3983; x_wconf 75' lang='grc' dir='ltr'>Χριστὸς</span> <span class='ocrx_word' id='word_1_567' title='bbox 736 3914 1068 3984; x_wconf 80' lang='grc' dir='ltr'>φωτίζεται,</span> <span class='ocrx_word' id='word_1_568' title='bbox 1118 3920 1655 3993; x_wconf 67' lang='grc' dir='ltr'>συναναστράψωμεν</span> <span class='ocrx_word' id='word_1_569' title='bbox 1691 3924 1803 3995; x_wconf 82' lang='grc'><strong>(58)</strong></span> <span class='ocrx_word' id='word_1_570' title='bbox 1836 3943 1851 3956; x_wconf 88' lang='grc'><strong>·</strong></span> 
     </span>
    </p>
   </div>
   <div class='ocr_carea' id='block_1_75' title="bbox 1966 3910 3541 3998">
    <p class='ocr_par' dir='ltr' id='par_1_75' title="bbox 1966 3926 3541 3998">
     <span class='ocr_line' id='line_1_75' title="bbox 1966 3926 3541 3998; baseline -0.001 -16"><span class='ocrx_word' id='word_1_571' title='bbox 1966 3928 2137 3982; x_wconf 74' lang='lat' dir='ltr'><strong>Animi</strong></span> <span class='ocrx_word' id='word_1_572' title='bbox 2181 3929 2515 3998; x_wconf 86' lang='lat' dir='ltr'><strong>voluptatem</strong></span> <span class='ocrx_word' id='word_1_573' title='bbox 2567 3936 2750 3983; x_wconf 90' lang='lat' dir='ltr'><strong>tenere</strong></span> <span class='ocrx_word' id='word_1_574' title='bbox 2797 3943 3050 3997; x_wconf 89' lang='lat' dir='ltr'><strong>nequeo,</strong></span> <span class='ocrx_word' id='word_1_575' title='bbox 3113 3927 3297 3982; x_wconf 92' lang='lat' dir='ltr'><strong>divino</strong></span> <span class='ocrx_word' id='word_1_576' title='bbox 3355 3926 3541 3981; x_wconf 82' lang='lat' dir='ltr'><strong>furore</strong></span> 
     </span>
    </p>
   </div>
   <div class='ocr_carea' id='block_1_76' title="bbox 262 4004 1857 4090">
    <p class='ocr_par' dir='ltr' id='par_1_76' title="bbox 262 4004 1857 4084">
     <span class='ocr_line' id='line_1_76' title="bbox 262 4004 1857 4084; baseline 0.009 -27"><span class='ocrx_word' id='word_1_577' title='bbox 262 4004 504 4074; x_wconf 79' lang='grc' dir='ltr'>Χριστὸς</span> <span class='ocrx_word' id='word_1_578' title='bbox 526 4006 871 4076; x_wconf 79' lang='grc' dir='ltr'>βαπτίζεται,</span> <span class='ocrx_word' id='word_1_579' title='bbox 888 4011 1370 4084; x_wconf 84' lang='grc' dir='ltr'>συγκατέλθωμεν,</span> <span class='ocrx_word' id='word_1_580' title='bbox 1389 4015 1476 4070; x_wconf 78' lang='grc' dir='ltr'><strong>ἵνα</strong></span> <span class='ocrx_word' id='word_1_581' title='bbox 1499 4017 1593 4069; x_wconf 81' lang='grc' dir='ltr'><strong>καὶ</strong></span> <span class='ocrx_word' id='word_1_582' title='bbox 1611 4017 1857 4072; x_wconf 88' lang='grc' dir='ltr'>συνανέλ-</span> 
     </span>
    </p>
   </div>
   <div class='ocr_carea' id='block_1_77' title="bbox 1966 4004 3540 4090">
    <p class='ocr_par' dir='ltr' id='par_1_77' title="bbox 1966 4018 3540 4090">
     <span class='ocr_line' id='line_1_77' title="bbox 1966 4018 3540 4090; baseline -0.002 -16"><span class='ocrx_word' id='word_1_583' title='bbox 1966 4019 2263 4089; x_wconf 84' lang='lat' dir='ltr'><strong>corripior;</strong></span> <span class='ocrx_word' id='word_1_584' title='bbox 2328 4019 2717 4090; x_wconf 90' lang='lat' dir='ltr'><strong>propemodum</strong></span> <span class='ocrx_word' id='word_1_585' title='bbox 2789 4021 2992 4085; x_wconf 88' lang='lat' dir='ltr'><strong>etiam,</strong></span> <span class='ocrx_word' id='word_1_586' title='bbox 3044 4018 3267 4075; x_wconf 81' lang='lat' dir='ltr'><strong>Joannis</strong></span> <span class='ocrx_word' id='word_1_587' title='bbox 3328 4018 3540 4085; x_wconf 86' lang='lat' dir='ltr'><strong>instar,</strong></span> 
     </span>
    </p>
   </div>
   <div class='ocr_carea' id='block_1_78' title="bbox 263 4095 1857 4182">
    <p class='ocr_par' dir='ltr' id='par_1_78' title="bbox 263 4095 1855 4182">
     <span class='ocr_line' id='line_1_78' title="bbox 263 4095 1855 4182; baseline 0.011 -33"><span class='ocrx_word' id='word_1_588' title='bbox 263 4095 471 4167; x_wconf 86' lang='grc' dir='ltr'>θωμεν.</span> <span class='ocrx_word' id='word_1_589' title='bbox 509 4097 840 4163; x_wconf 78' lang='grc' dir='ltr'>Βαπτίζεται</span> <span class='ocrx_word' id='word_1_590' title='bbox 911 4103 1120 4175; x_wconf 76' lang='grc' dir='ltr'>Ἰησοῦς</span> <span class='ocrx_word' id='word_1_591' title='bbox 1151 4122 1166 4135; x_wconf 75' lang='grc' dir='ltr'><strong><em>ο</em></strong></span> <span class='ocrx_word' id='word_1_592' title='bbox 1222 4106 1380 4166; x_wconf 78' lang='grc' dir='ltr'>τοῦτο</span> <span class='ocrx_word' id='word_1_593' title='bbox 1424 4108 1618 4178; x_wconf 85' lang='grc' dir='ltr'>μόνον;</span> <span class='ocrx_word' id='word_1_594' title='bbox 1675 4111 1708 4182; x_wconf 83' lang='grc' dir='ltr'><strong>ἢ</strong></span> <span class='ocrx_word' id='word_1_595' title='bbox 1760 4112 1855 4166; x_wconf 79' lang='grc' dir='ltr'>καὶ</span> 
     </span>
    </p>
   </div>
   <div class='ocr_carea' id='block_1_79' title="bbox 1966 4095 3540 4182">
    <p class='ocr_par' dir='ltr' id='par_1_79' title="bbox 1966 4108 3540 4180">
     <span class='ocr_line' id='line_1_79' title="bbox 1966 4108 3540 4180; baseline 0.001 -16"><span class='ocrx_word' id='word_1_596' title='bbox 1966 4108 2202 4165; x_wconf 75' lang='lat' dir='ltr'><strong>faustum</strong></span> <span class='ocrx_word' id='word_1_597' title='bbox 2250 4109 2508 4165; x_wconf 91' lang='lat' dir='ltr'><strong>nuncium</strong></span> <span class='ocrx_word' id='word_1_598' title='bbox 2551 4109 2792 4180; x_wconf 80' lang='lat' dir='ltr'><strong>profero,</strong></span> <span class='ocrx_word' id='word_1_599' title='bbox 2823 4124 2929 4164; x_wconf 91' lang='lat' dir='ltr'><strong>non</strong></span> <span class='ocrx_word' id='word_1_600' title='bbox 2966 4125 3270 4180; x_wconf 60' lang='lat' dir='ltr'><strong>praecursor</strong></span> <span class='ocrx_word' id='word_1_601' title='bbox 3297 4111 3540 4180; x_wconf 88' lang='lat' dir='ltr'><strong>quidem,</strong></span> 
     </span>
    </p>
   </div>
   <div class='ocr_carea' id='block_1_80' title="bbox 260 4189 1857 4304">
    <p class='ocr_par' dir='ltr' id='par_1_80' title="bbox 260 4189 1851 4304">
     <span class='ocr_line' id='line_1_80' title="bbox 260 4189 1851 4304; baseline 0.009 -62"><span class='ocrx_word' id='word_1_602' title='bbox 260 4189 640 4304; x_wconf 38' lang='lat' dir='ltr'><strong>uenulas)</strong></span> <span class='ocrx_word' id='word_1_603' title='bbox 688 4196 874 4266; x_wconf 83' lang='grc' dir='ltr'>τηρεῖν</span> <span class='ocrx_word' id='word_1_604' title='bbox 918 4195 1192 4266; x_wconf 76' lang='grc' dir='ltr'>ἐπιμελῶς</span> <span class='ocrx_word' id='word_1_605' title='bbox 1221 4199 1554 4267; x_wconf 87' lang='grc' dir='ltr'>άναγκαῖον;</span> <span class='ocrx_word' id='word_1_606' title='bbox 1590 4202 1686 4267; x_wconf 87' lang='grc' dir='ltr'><strong>Τίς</strong></span> <span class='ocrx_word' id='word_1_607' title='bbox 1732 4202 1807 4256; x_wconf 79' lang='grc' dir='ltr'><strong>ὧν</strong></span> <span class='ocrx_word' id='word_1_608' title='bbox 1836 4222 1851 4267; x_wconf 90' lang='grc'>;</span> 
     </span>
    </p>
   </div>
   <div class='ocr_carea' id='block_1_81' title="bbox 1966 4189 3540 4304">
    <p class='ocr_par' dir='ltr' id='par_1_81' title="bbox 1966 4203 3540 4271">
     <span class='ocr_line' id='line_1_81' title="bbox 1966 4203 3540 4271; baseline 0.002 -14"><span class='ocrx_word' id='word_1_609' title='bbox 1966 4216 2017 4259; x_wconf 85' lang='grc' dir='ltr'><strong>ιιι</strong></span> <span class='ocrx_word' id='word_1_610' title='bbox 2069 4203 2198 4271; x_wconf 91' lang='lat' dir='ltr'><strong>ille,</strong></span> <span class='ocrx_word' id='word_1_611' title='bbox 2238 4213 2494 4260; x_wconf 83' lang='lat' dir='ltr'><strong>caeterum</strong></span> <span class='ocrx_word' id='word_1_612' title='bbox 2542 4218 2571 4258; x_wconf 88' lang='lat' dir='ltr'><strong>a</strong></span> <span class='ocrx_word' id='word_1_613' title='bbox 2628 4203 2921 4260; x_wconf 88' lang='lat' dir='ltr'><strong>solitudine</strong></span> <span class='ocrx_word' id='word_1_614' title='bbox 2977 4205 3222 4260; x_wconf 90' lang='lat' dir='ltr'><strong>veniens.</strong></span> <span class='ocrx_word' id='word_1_615' title='bbox 3291 4203 3540 4260; x_wconf 83' lang='lat' dir='ltr'><strong>Christus</strong></span> 
     </span>
    </p>
   </div>
   <div class='ocr_carea' id='block_1_82' title="bbox 262 4280 1857 4366">
    <p class='ocr_par' dir='ltr' id='par_1_82' title="bbox 262 4280 1853 4363">
     <span class='ocr_line' id='line_1_82' title="bbox 262 4280 1853 4363; baseline 0.009 -30"><span class='ocrx_word' id='word_1_616' title='bbox 262 4280 362 4333; x_wconf 70' lang='grc' dir='ltr'><strong>καὶ</strong></span> <span class='ocrx_word' id='word_1_617' title='bbox 384 4280 541 4353; x_wconf 82' lang='grc' dir='ltr'>παρὰ</span> <span class='ocrx_word' id='word_1_618' title='bbox 567 4281 743 4348; x_wconf 80' lang='grc' dir='ltr'>τίνος;</span> <span class='ocrx_word' id='word_1_619' title='bbox 788 4284 882 4336; x_wconf 79' lang='grc' dir='ltr'><strong>καὶ</strong></span> <span class='ocrx_word' id='word_1_620' title='bbox 908 4284 1048 4338; x_wconf 89' lang='grc' dir='ltr'>κατὰ</span> <span class='ocrx_word' id='word_1_621' title='bbox 1090 4287 1331 4359; x_wconf 75' lang='grc' dir='ltr'>πηνίκα;</span> <span class='ocrx_word' id='word_1_622' title='bbox 1380 4290 1437 4342; x_wconf 88' lang='lat' dir='ltr'><strong>&#39;O</strong></span> <span class='ocrx_word' id='word_1_623' title='bbox 1466 4290 1728 4363; x_wconf 80' lang='grc' dir='ltr'>καθαρὸς,</span> <span class='ocrx_word' id='word_1_624' title='bbox 1758 4295 1853 4351; x_wconf 75' lang='grc' dir='ltr'><strong>καὶ</strong></span> 
     </span>
    </p>
   </div>
   <div class='ocr_carea' id='block_1_83' title="bbox 1966 4280 3541 4366">
    <p class='ocr_par' dir='ltr' id='par_1_83' title="bbox 1966 4294 3541 4366">
     <span class='ocr_line' id='line_1_83' title="bbox 1966 4294 3541 4366; baseline -0.001 -15"><span class='ocrx_word' id='word_1_625' title='bbox 1966 4296 2321 4362; x_wconf 88' lang='lat' dir='ltr'><strong>illuminatur,</strong></span> <span class='ocrx_word' id='word_1_626' title='bbox 2359 4296 2520 4351; x_wconf 92' lang='lat' dir='ltr'><strong>simul</strong></span> <span class='ocrx_word' id='word_1_627' title='bbox 2554 4297 2926 4362; x_wconf 89' lang='lat' dir='ltr'><strong>illustremur;</strong></span> <span class='ocrx_word' id='word_1_628' title='bbox 2980 4296 3229 4351; x_wconf 86' lang='lat' dir='ltr'><strong>Christus</strong></span> <span class='ocrx_word' id='word_1_629' title='bbox 3293 4294 3541 4366; x_wconf 84' lang='lat' dir='ltr'><strong>baptiza-</strong></span> 
     </span>
    </p>
   </div>
   <div class='ocr_carea' id='block_1_84' title="bbox 258 4371 1857 4452">
    <p class='ocr_par' dir='ltr' id='par_1_84' title="bbox 258 4371 1852 4452">
     <span class='ocr_line' id='line_1_84' title="bbox 258 4371 1852 4452; baseline 0.008 -27"><span class='ocrx_word' id='word_1_630' title='bbox 258 4371 419 4442; x_wconf 64' lang='grc' dir='ltr'>παρὰ</span> <span class='ocrx_word' id='word_1_631' title='bbox 462 4373 732 4438; x_wconf 84' lang='grc' dir='ltr'>Ἰωάννου,</span> <span class='ocrx_word' id='word_1_632' title='bbox 779 4377 872 4429; x_wconf 76' lang='grc' dir='ltr'>καὶ</span> <span class='ocrx_word' id='word_1_633' title='bbox 910 4377 1019 4430; x_wconf 80' lang='grc' dir='ltr'><strong>τῶν</strong></span> <span class='ocrx_word' id='word_1_634' title='bbox 1078 4379 1321 4449; x_wconf 79' lang='grc' dir='ltr'>σημείων</span> <span class='ocrx_word' id='word_1_635' title='bbox 1362 4381 1698 4452; x_wconf 85' lang='grc' dir='ltr'>ἀρχόμενος;</span> <span class='ocrx_word' id='word_1_636' title='bbox 1737 4386 1852 4438; x_wconf 86' lang='grc' dir='ltr'>Ἵνα</span> 
     </span>
    </p>
   </div>
   <div class='ocr_carea' id='block_1_85' title="bbox 1966 4371 3538 4452">
    <p class='ocr_par' dir='ltr' id='par_1_85' title="bbox 1966 4380 3538 4448">
     <span class='ocr_line' id='line_1_85' title="bbox 1966 4380 3538 4448; baseline 0.001 -13"><span class='ocrx_word' id='word_1_637' title='bbox 1966 4380 2132 4446; x_wconf 80' lang='lat' dir='ltr'><strong>tur&quot;,</strong></span> <span class='ocrx_word' id='word_1_638' title='bbox 2177 4380 2337 4435; x_wconf 88' lang='lat' dir='ltr'><strong>simul</strong></span> <span class='ocrx_word' id='word_1_639' title='bbox 2370 4380 2781 4448; x_wconf 88' lang='lat' dir='ltr'><strong>dcscendamus,</strong></span> <span class='ocrx_word' id='word_1_640' title='bbox 2835 4390 2892 4432; x_wconf 91' lang='lat' dir='ltr'><strong>ut</strong></span> <span class='ocrx_word' id='word_1_641' title='bbox 2935 4380 3099 4434; x_wconf 85' lang='lat' dir='ltr'><strong>simul</strong></span> <span class='ocrx_word' id='word_1_642' title='bbox 3150 4381 3313 4435; x_wconf 89' lang='lat' dir='ltr'><strong>etiam</strong></span> <span class='ocrx_word' id='word_1_643' title='bbox 3345 4395 3538 4436; x_wconf 86' lang='lat' dir='ltr'><strong>ascen-</strong></span> 
     </span>
    </p>
   </div>
   <div class='ocr_carea' id='block_1_86' title="bbox 260 4463 1857 4547">
    <p class='ocr_par' dir='ltr' id='par_1_86' title="bbox 260 4463 1850 4547">
     <span class='ocr_line' id='line_1_86' title="bbox 260 4463 1850 4547; baseline 0.009 -32"><span class='ocrx_word' id='word_1_644' title='bbox 260 4464 315 4516; x_wconf 85' lang='grc' dir='ltr'><strong>τί</strong></span> <span class='ocrx_word' id='word_1_645' title='bbox 352 4463 639 4535; x_wconf 88' lang='grc' dir='ltr'>μάθωμεν,</span> <span class='ocrx_word' id='word_1_646' title='bbox 675 4469 771 4520; x_wconf 82' lang='grc' dir='ltr'>καὶ</span> <span class='ocrx_word' id='word_1_647' title='bbox 817 4468 870 4521; x_wconf 87' lang='grc' dir='ltr'><strong>τί</strong></span> <span class='ocrx_word' id='word_1_648' title='bbox 903 4469 1319 4541; x_wconf 84' lang='grc' dir='ltr'>παιδευθῶμεν;</span> <span class='ocrx_word' id='word_1_649' title='bbox 1356 4473 1850 4547; x_wconf 85' lang='grc' dir='ltr'>Προκαθαίρεσθαι,</span> 
     </span>
    </p>
   </div>
   <div class='ocr_carea' id='block_1_87' title="bbox 1966 4463 3538 4547">
    <p class='ocr_par' dir='ltr' id='par_1_87' title="bbox 1968 4467 3538 4542">
     <span class='ocr_line' id='line_1_87' title="bbox 1968 4467 3538 4542; baseline 0.001 -17"><span class='ocrx_word' id='word_1_650' title='bbox 1968 4473 2180 4526; x_wconf 90' lang='lat' dir='ltr'><strong>damus.</strong></span> <span class='ocrx_word' id='word_1_651' title='bbox 2218 4469 2375 4524; x_wconf 76' lang='lat' dir='ltr'><strong>Iesus</strong></span> <span class='ocrx_word' id='word_1_652' title='bbox 2422 4471 2750 4539; x_wconf 87' lang='lat' dir='ltr'><strong>baptizatur.</strong></span> <span class='ocrx_word' id='word_1_653' title='bbox 2795 4467 2932 4523; x_wconf 87' lang='lat' dir='ltr'><strong>Num</strong></span> <span class='ocrx_word' id='word_1_654' title='bbox 2982 4470 3034 4527; x_wconf 89' lang='lat' dir='ltr'><strong>id</strong></span> <span class='ocrx_word' id='word_1_655' title='bbox 3092 4470 3264 4526; x_wconf 91' lang='lat' dir='ltr'><strong>solum</strong></span> <span class='ocrx_word' id='word_1_656' title='bbox 3289 4481 3538 4542; x_wconf 84' lang='lat' dir='ltr'><strong>spectan-</strong></span> 
     </span>
    </p>
   </div>
   <div class='ocr_carea' id='block_1_88' title="bbox 260 4557 1857 4638">
    <p class='ocr_par' dir='ltr' id='par_1_88' title="bbox 260 4557 1849 4638">
     <span class='ocr_line' id='line_1_88' title="bbox 260 4557 1849 4638; baseline 0.008 -29"><span class='ocrx_word' id='word_1_657' title='bbox 260 4557 361 4609; x_wconf 80' lang='grc' dir='ltr'>καὶ</span> <span class='ocrx_word' id='word_1_658' title='bbox 386 4562 854 4630; x_wconf 77' lang='grc' dir='ltr'>ταπεινοφρονείν,</span> <span class='ocrx_word' id='word_1_659' title='bbox 887 4561 979 4614; x_wconf 74' lang='grc' dir='ltr'>καὶ</span> <span class='ocrx_word' id='word_1_660' title='bbox 1006 4562 1303 4633; x_wconf 82' lang='grc' dir='ltr'>κηρύσσειν</span> <span class='ocrx_word' id='word_1_661' title='bbox 1329 4565 1387 4618; x_wconf 84' lang='grc' dir='ltr'>ὲν</span> <span class='ocrx_word' id='word_1_662' title='bbox 1414 4565 1731 4638; x_wconf 83' lang='grc' dir='ltr'>τελειότητι,</span> <span class='ocrx_word' id='word_1_663' title='bbox 1755 4569 1849 4621; x_wconf 76' lang='grc' dir='ltr'><strong>καὶ</strong></span> 
     </span>
    </p>
   </div>
   <div class='ocr_carea' id='block_1_89' title="bbox 1966 4557 3540 4638">
    <p class='ocr_par' dir='ltr' id='par_1_89' title="bbox 1966 4561 3540 4620">
     <span class='ocr_line' id='line_1_89' title="bbox 1966 4561 3540 4620; baseline 0.001 -2"><span class='ocrx_word' id='word_1_664' title='bbox 1966 4564 2082 4618; x_wconf 71' lang='lat' dir='ltr'><strong>dum</strong></span> <span class='ocrx_word' id='word_1_665' title='bbox 2109 4562 2238 4619; x_wconf 84' lang='lat' dir='ltr'><strong>est?</strong></span> <span class='ocrx_word' id='word_1_666' title='bbox 2298 4561 2492 4618; x_wconf 88' lang='lat' dir='ltr'><strong>Nonne</strong></span> <span class='ocrx_word' id='word_1_667' title='bbox 2522 4572 2576 4617; x_wconf 91' lang='lat' dir='ltr'><strong>et</strong></span> <span class='ocrx_word' id='word_1_668' title='bbox 2625 4562 2725 4617; x_wconf 87' lang='lat' dir='ltr'><strong>alia</strong></span> <span class='ocrx_word' id='word_1_669' title='bbox 2784 4564 2948 4617; x_wconf 89' lang='lat' dir='ltr'><strong>etiam</strong></span> <span class='ocrx_word' id='word_1_670' title='bbox 3009 4563 3196 4620; x_wconf 82' lang='lat' dir='ltr'><strong>sedulo</strong></span> <span class='ocrx_word' id='word_1_671' title='bbox 3251 4563 3540 4620; x_wconf 85' lang='lat' dir='ltr'><strong>observare</strong></span> 
     </span>
    </p>
   </div>
   <div class='ocr_carea' id='block_1_90' title="bbox 257 4648 1857 4729">
    <p class='ocr_par' dir='ltr' id='par_1_90' title="bbox 257 4648 1846 4729">
     <span class='ocr_line' id='line_1_90' title="bbox 257 4648 1846 4729; baseline 0.009 -31"><span class='ocrx_word' id='word_1_672' title='bbox 257 4648 363 4718; x_wconf 74' lang='grc' dir='ltr'>τῆς</span> <span class='ocrx_word' id='word_1_673' title='bbox 417 4653 838 4722; x_wconf 82' lang='grc' dir='ltr'>πνευματικῆς,</span> <span class='ocrx_word' id='word_1_674' title='bbox 894 4654 991 4706; x_wconf 76' lang='grc' dir='ltr'><strong>καὶ</strong></span> <span class='ocrx_word' id='word_1_675' title='bbox 1049 4653 1151 4724; x_wconf 78' lang='grc' dir='ltr'>τῆς</span> <span class='ocrx_word' id='word_1_676' title='bbox 1221 4656 1541 4727; x_wconf 83' lang='grc' dir='ltr'>σωματικῆς</span> <span class='ocrx_word' id='word_1_677' title='bbox 1608 4657 1846 4729; x_wconf 82' lang='grc' dir='ltr'>ἡλικίας.</span> 
     </span>
    </p>
   </div>
   <div class='ocr_carea' id='block_1_91' title="bbox 1966 4648 3540 4729">
    <p class='ocr_par' dir='ltr' id='par_1_91' title="bbox 1966 4656 3540 4727">
     <span class='ocr_line' id='line_1_91' title="bbox 1966 4656 3540 4727; baseline 0.001 -17"><span class='ocrx_word' id='word_1_678' title='bbox 1966 4656 2426 4722; x_wconf 76' lang='lat' dir='ltr'><strong>iuvat‘iNimirum</strong></span> <span class='ocrx_word' id='word_1_679' title='bbox 2467 4657 2610 4725; x_wconf 86' lang='lat' dir='ltr'><strong>quis,</strong></span> <span class='ocrx_word' id='word_1_680' title='bbox 2637 4666 2691 4710; x_wconf 86' lang='lat' dir='ltr'><strong>et</strong></span> <span class='ocrx_word' id='word_1_681' title='bbox 2737 4672 2765 4709; x_wconf 87' lang='lat' dir='ltr'><strong>a</strong></span> <span class='ocrx_word' id='word_1_682' title='bbox 2795 4671 2925 4727; x_wconf 88' lang='lat' dir='ltr'><strong>quo,</strong></span> <span class='ocrx_word' id='word_1_683' title='bbox 2965 4666 3022 4711; x_wconf 90' lang='lat' dir='ltr'><strong>et</strong></span> <span class='ocrx_word' id='word_1_684' title='bbox 3072 4657 3325 4726; x_wconf 85' lang='lat' dir='ltr'><strong>quando?</strong></span> <span class='ocrx_word' id='word_1_685' title='bbox 3364 4657 3540 4712; x_wconf 81' lang='lat' dir='ltr'><strong>Purus</strong></span> 
     </span>
    </p>
   </div>
   <div class='ocr_carea' id='block_1_92' title="bbox 272 4737 1857 4823">
    <p class='ocr_par' dir='ltr' id='par_1_92' title="bbox 272 4737 1850 4823">
     <span class='ocr_line' id='line_1_92' title="bbox 272 4737 1850 4823; baseline 0.009 -33"><span class='ocrx_word' id='word_1_686' title='bbox 272 4737 486 4792; x_wconf 86' lang='grc' dir='ltr'>Ἐκεῖνο</span> <span class='ocrx_word' id='word_1_687' title='bbox 515 4742 652 4811; x_wconf 83' lang='grc' dir='ltr'>πρὸς</span> <span class='ocrx_word' id='word_1_688' title='bbox 675 4742 802 4806; x_wconf 83' lang='grc' dir='ltr'>τοὺς</span> <span class='ocrx_word' id='word_1_689' title='bbox 825 4743 886 4795; x_wconf 81' lang='grc' dir='ltr'><strong>τὸ</strong></span> <span class='ocrx_word' id='word_1_690' title='bbox 916 4743 1201 4815; x_wconf 82' lang='grc' dir='ltr'>βάπτισμα</span> <span class='ocrx_word' id='word_1_691' title='bbox 1227 4745 1626 4816; x_wconf 81' lang='grc' dir='ltr'>σχεδιάζοντας,</span> <span class='ocrx_word' id='word_1_692' title='bbox 1648 4751 1743 4803; x_wconf 78' lang='grc' dir='ltr'><strong>καὶ</strong></span> <span class='ocrx_word' id='word_1_693' title='bbox 1776 4749 1850 4823; x_wconf 86' lang='grc' dir='ltr'>μὴ</span> 
     </span>
    </p>
   </div>
   <div class='ocr_carea' id='block_1_93' title="bbox 1966 4737 3536 4823">
    <p class='ocr_par' dir='ltr' id='par_1_93' title="bbox 1966 4744 3536 4815">
     <span class='ocr_line' id='line_1_93' title="bbox 1966 4744 3536 4815; baseline 0.002 -19"><span class='ocrx_word' id='word_1_694' title='bbox 1966 4746 2204 4801; x_wconf 82' lang='lat' dir='ltr'><strong>videlicet</strong></span> <span class='ocrx_word' id='word_1_695' title='bbox 2238 4785 2254 4811; x_wconf 95' lang='lat'><strong>,</strong></span> <span class='ocrx_word' id='word_1_696' title='bbox 2312 4754 2367 4800; x_wconf 91' lang='lat' dir='ltr'><strong>et</strong></span> <span class='ocrx_word' id='word_1_697' title='bbox 2422 4761 2451 4799; x_wconf 85' lang='lat' dir='ltr'><strong>a</strong></span> <span class='ocrx_word' id='word_1_698' title='bbox 2505 4744 2735 4809; x_wconf 79' lang='lat' dir='ltr'><strong>Joanne,</strong></span> <span class='ocrx_word' id='word_1_699' title='bbox 2793 4756 2848 4800; x_wconf 89' lang='lat' dir='ltr'><strong>et</strong></span> <span class='ocrx_word' id='word_1_700' title='bbox 2877 4754 3012 4811; x_wconf 88' lang='lat' dir='ltr'><strong>tum,</strong></span> <span class='ocrx_word' id='word_1_701' title='bbox 3077 4760 3199 4799; x_wconf 92' lang='lat' dir='ltr'><strong>cum</strong></span> <span class='ocrx_word' id='word_1_702' title='bbox 3260 4746 3536 4815; x_wconf 86' lang='lat' dir='ltr'><strong>signorum</strong></span> 
     </span>
    </p>
   </div>
   <div class='ocr_carea' id='block_1_94' title="bbox 258 4833 1857 4911">
    <p class='ocr_par' dir='ltr' id='par_1_94' title="bbox 258 4833 1850 4911">
     <span class='ocr_line' id='line_1_94' title="bbox 258 4833 1850 4911; baseline 0.006 -29"><span class='ocrx_word' id='word_1_703' title='bbox 258 4833 885 4904; x_wconf 80' lang='grc' dir='ltr'>προευτρεπιζομένους,</span> <span class='ocrx_word' id='word_1_704' title='bbox 919 4834 1054 4905; x_wconf 85' lang='grc' dir='ltr'>μηδὲ</span> <span class='ocrx_word' id='word_1_705' title='bbox 1088 4836 1149 4889; x_wconf 85' lang='grc' dir='ltr'>τὸ</span> <span class='ocrx_word' id='word_1_706' title='bbox 1178 4836 1422 4907; x_wconf 82' lang='grc' dir='ltr'>ἀσφαλὲς</span> <span class='ocrx_word' id='word_1_707' title='bbox 1468 4841 1536 4910; x_wconf 80' lang='grc' dir='ltr'>τῇ</span> <span class='ocrx_word' id='word_1_708' title='bbox 1586 4838 1850 4911; x_wconf 82' lang='grc' dir='ltr'>λυτρὼσει</span> 
     </span>
    </p>
   </div>
   <div class='ocr_carea' id='block_1_95' title="bbox 1966 4833 3536 4911">
    <p class='ocr_par' dir='ltr' id='par_1_95' title="bbox 1966 4837 3536 4906">
     <span class='ocr_line' id='line_1_95' title="bbox 1966 4837 3536 4906; baseline 0 -12"><span class='ocrx_word' id='word_1_709' title='bbox 1966 4838 2290 4894; x_wconf 81' lang='lat' dir='ltr'><strong>edendorum</strong></span> <span class='ocrx_word' id='word_1_710' title='bbox 2322 4839 2530 4892; x_wconf 86' lang='lat' dir='ltr'><strong>initium</strong></span> <span class='ocrx_word' id='word_1_711' title='bbox 2571 4839 2818 4893; x_wconf 70' lang='lat' dir='ltr'><strong>[aeeret&#39;l</strong></span> <span class='ocrx_word' id='word_1_712' title='bbox 2844 4837 2982 4906; x_wconf 85' lang='lat' dir='ltr'><strong>Quid</strong></span> <span class='ocrx_word' id='word_1_713' title='bbox 3010 4847 3068 4893; x_wconf 86' lang='lat' dir='ltr'><strong>ut</strong></span> <span class='ocrx_word' id='word_1_714' title='bbox 3108 4838 3233 4895; x_wconf 90' lang='lat' dir='ltr'><strong>inde</strong></span> <span class='ocrx_word' id='word_1_715' title='bbox 3259 4839 3536 4895; x_wconf 88' lang='lat' dir='ltr'><strong>discamus</strong></span> 
     </span>
    </p>
   </div>
   <div class='ocr_carea' id='block_1_96' title="bbox 335 4922 1857 5000">
    <p class='ocr_par' dir='ltr' id='par_1_96' title="bbox 335 4922 1857 4999">
     <span class='ocr_line' id='line_1_96' title="bbox 335 4922 1857 4999; baseline 0.005 -23"><span class='ocrx_word' id='word_1_716' title='bbox 335 4924 379 4954; x_wconf 82' lang='grc'><strong>¹⁹</strong></span> <span class='ocrx_word' id='word_1_717' title='bbox 404 4922 496 4977; x_wconf 86' lang='lat' dir='ltr'><strong>Ps.</strong></span> <span class='ocrx_word' id='word_1_718' title='bbox 525 4938 694 4987; x_wconf 80' lang='lat' dir='ltr'><strong>vau,</strong></span> <span class='ocrx_word' id='word_1_719' title='bbox 722 4924 809 4980; x_wconf 61' lang='lat'><strong>&#39;54.</strong></span> <span class='ocrx_word' id='word_1_720' title='bbox 887 4926 931 4957; x_wconf 86' lang='grc'><strong>¹⁰</strong></span> <span class='ocrx_word' id='word_1_721' title='bbox 961 4926 1152 4983; x_wconf 83' lang='lat' dir='ltr'><strong>Matth.</strong></span> <span class='ocrx_word' id='word_1_722' title='bbox 1191 4943 1253 4994; x_wconf 88' lang='grc' dir='ltr'><strong>ιι,</strong></span> <span class='ocrx_word' id='word_1_723' title='bbox 1292 4928 1319 4981; x_wconf 83' lang='grc'><strong>1</strong></span> <span class='ocrx_word' id='word_1_724' title='bbox 1355 4943 1478 4999; x_wconf 85' lang='lat' dir='ltr'><strong>sqq.</strong></span> <span class='ocrx_word' id='word_1_725' title='bbox 1552 4931 1596 4965; x_wconf 78' lang='grc'>³¹</span> <span class='ocrx_word' id='word_1_726' title='bbox 1635 4929 1769 4985; x_wconf 91' lang='lat' dir='ltr'><strong>Luc.</strong></span> <span class='ocrx_word' id='word_1_727' title='bbox 1800 4947 1857 4995; x_wconf 78' lang='grc' dir='ltr'><strong>ιι,</strong></span> 
     </span>
    </p>
   </div>
   <div class='ocr_carea' id='block_1_97' title="bbox 1966 4922 3217 5000">
    <p class='ocr_par' dir='ltr' id='par_1_97' title="bbox 1966 4928 3217 5000">
     <span class='ocr_line' id='line_1_97' title="bbox 1966 4928 3217 5000; baseline -0.002 -14"><span class='ocrx_word' id='word_1_728' title='bbox 1966 4946 2080 4999; x_wconf 70' lang='lat' dir='ltr'><strong>sqq.</strong></span> <span class='ocrx_word' id='word_1_729' title='bbox 2163 4931 2207 4961; x_wconf 80' lang='lat'>“</span> <span class='ocrx_word' id='word_1_730' title='bbox 2250 4929 2402 4984; x_wconf 81' lang='lat' dir='ltr'><strong>Joan.</strong></span> <span class='ocrx_word' id='word_1_731' title='bbox 2433 4946 2472 4995; x_wconf 82' lang='lat'><strong>1,</strong></span> <span class='ocrx_word' id='word_1_732' title='bbox 2521 4929 2608 4982; x_wconf 83' lang='lat' dir='ltr'><strong>ll.</strong></span> <span class='ocrx_word' id='word_1_733' title='bbox 2686 4929 2731 4962; x_wconf 77' lang='grc'>³³</span> <span class='ocrx_word' id='word_1_734' title='bbox 2761 4928 2931 4985; x_wconf 81' lang='lat' dir='ltr'><strong>Marc.</strong></span> <span class='ocrx_word' id='word_1_735' title='bbox 2964 4945 3004 4996; x_wconf 91' lang='grc' dir='ltr'><strong>ι,</strong></span> <span class='ocrx_word' id='word_1_736' title='bbox 3035 4930 3068 4985; x_wconf 91' lang='grc'><strong>8</strong></span> <span class='ocrx_word' id='word_1_737' title='bbox 3096 4944 3217 5000; x_wconf 90' lang='lat' dir='ltr'><strong>sqq.</strong></span> 
     </span>
    </p>
   </div>
   <div class='ocr_carea' id='block_1_98' title="bbox 334 5037 1852 5114">
    <p class='ocr_par' dir='ltr' id='par_1_98' title="bbox 334 5037 1852 5114">
     <span class='ocr_line' id='line_1_98' title="bbox 334 5037 1852 5114; baseline 0.009 -25"><span class='ocrx_word' id='word_1_738' title='bbox 334 5037 449 5107; x_wconf 75' lang='grc'><strong>(51)</strong></span> <span class='ocrx_word' id='word_1_739' title='bbox 491 5040 812 5107; x_wconf 76' lang='grc' dir='ltr'>Ἀτρεπτον</span> <span class='ocrx_word' id='word_1_740' title='bbox 896 5039 1028 5096; x_wconf 79' lang='lat' dir='ltr'><strong>Tres</strong></span> <span class='ocrx_word' id='word_1_741' title='bbox 1093 5042 1282 5113; x_wconf 77' lang='lat' dir='ltr'><strong>chg.,</strong></span> <span class='ocrx_word' id='word_1_742' title='bbox 1337 5043 1502 5100; x_wconf 93' lang='lat' dir='ltr'><strong>Coisl.</strong></span> <span class='ocrx_word' id='word_1_743' title='bbox 1540 5046 1559 5099; x_wconf 82' lang='grc' dir='ltr'><strong>Ι</strong></span> <span class='ocrx_word' id='word_1_744' title='bbox 1604 5056 1657 5102; x_wconf 91' lang='lat' dir='ltr'><strong>et</strong></span> <span class='ocrx_word' id='word_1_745' title='bbox 1680 5047 1772 5101; x_wconf 88' lang='lat' dir='ltr'><strong>Or.</strong></span> <span class='ocrx_word' id='word_1_746' title='bbox 1802 5048 1852 5114; x_wconf 84' lang='lat' dir='ltr'><strong>I,</strong></span> 
     </span>
    </p>
   </div>
   <div class='ocr_carea' id='block_1_99' title="bbox 258 5111 558 5178">
    <p class='ocr_par' dir='ltr' id='par_1_99' title="bbox 258 5111 558 5178">
     <span class='ocr_line' id='line_1_99' title="bbox 258 5111 558 5178; baseline 0 -16"><span class='ocrx_word' id='word_1_747' title='bbox 258 5111 328 5173; x_wconf 73' lang='grc' dir='ltr'>ἅτ</span> <span class='ocrx_word' id='word_1_748' title='bbox 336 5125 395 5178; x_wconf 83' lang='grc' dir='ltr'><strong>ρε</strong></span> <span class='ocrx_word' id='word_1_749' title='bbox 405 5125 558 5171; x_wconf 83' lang='grc' dir='ltr'>πτος.</span> 
     </span>
    </p>
   </div>
   <div class='ocr_carea' id='block_1_100' title="bbox 259 5178 1851 5278">
    <p class='ocr_par' dir='ltr' id='par_1_100' title="bbox 259 5178 1851 5278">
     <span class='ocr_line' id='line_1_100' title="bbox 259 5178 1851 5278; baseline -0.016 -12"><span class='ocrx_word' id='word_1_750' title='bbox 259 5178 452 5278; x_wconf 37' lang='lat'><strong>“(52)</strong></span> <span class='ocrx_word' id='word_1_751' title='bbox 494 5180 611 5245; x_wconf 72' lang='grc' dir='ltr'><strong>Ὧςο</strong></span> <span class='ocrx_word' id='word_1_752' title='bbox 667 5178 801 5251; x_wconf 71' lang='grc' dir='ltr'><strong>Βθὲο</strong></span> <span class='ocrx_word' id='word_1_753' title='bbox 833 5181 923 5251; x_wconf 63' lang='lat' dir='ltr'><strong>PII:</strong></span> <span class='ocrx_word' id='word_1_754' title='bbox 971 5198 1068 5237; x_wconf 72' lang='lat' dir='ltr'><strong>sex</strong></span> <span class='ocrx_word' id='word_1_755' title='bbox 1114 5183 1271 5241; x_wconf 86' lang='lat' dir='ltr'><strong>Colb.</strong></span> <span class='ocrx_word' id='word_1_756' title='bbox 1321 5193 1376 5240; x_wconf 83' lang='lat' dir='ltr'><strong>et</strong></span> <span class='ocrx_word' id='word_1_757' title='bbox 1418 5184 1565 5242; x_wconf 85' lang='lat' dir='ltr'><strong>Or.I</strong></span> <span class='ocrx_word' id='word_1_758' title='bbox 1627 5188 1851 5252; x_wconf 87' lang='lat' dir='ltr'><strong>addunt,</strong></span> 
     </span>
    </p>
   </div>
   <div class='ocr_carea' id='block_1_101' title="bbox 2008 5047 2163 5101">
    <p class='ocr_par' dir='ltr' id='par_1_101' title="bbox 2008 5047 2163 5101">
     <span class='ocr_line' id='line_1_101' title="bbox 2008 5047 2163 5101; baseline 0.006 -1"><span class='ocrx_word' id='word_1_759' title='bbox 2008 5047 2163 5101; x_wconf 79' lang='grc' dir='ltr'>ἐνων.</span> 
     </span>
    </p>
   </div>
   <div class='ocr_carea' id='block_1_102' title="bbox 1966 5065 3538 5188">
    <p class='ocr_par' dir='ltr' id='par_1_102' title="bbox 1966 5065 3538 5188">
     <span class='ocr_line' id='line_1_102' title="bbox 1966 5065 3538 5188; baseline 0 -18"><span class='ocrx_word' id='word_1_760' title='bbox 1966 5065 2163 5188; x_wconf 41' lang='lat' dir='ltr'><strong>pagg).</strong></span> <span class='ocrx_word' id='word_1_761' title='bbox 2197 5116 2852 5188; x_wconf 75' lang='grc' dir='ltr'>Ἁνθωμολογησάμεθα,</span> <span class='ocrx_word' id='word_1_762' title='bbox 2890 5124 2999 5188; x_wconf 72' lang='lat' dir='ltr'><strong>etc.</strong></span> <span class='ocrx_word' id='word_1_763' title='bbox 3065 5133 3085 5166; x_wconf 83' lang='grc' dir='ltr'><strong>ι</strong></span> <span class='ocrx_word' id='word_1_764' title='bbox 3111 5115 3242 5188; x_wconf 81' lang='lat' dir='ltr'><strong>Cum</strong></span> <span class='ocrx_word' id='word_1_765' title='bbox 3267 5117 3422 5188; x_wconf 87' lang='lat' dir='ltr'><strong>Anna</strong></span> <span class='ocrx_word' id='word_1_766' title='bbox 3454 5116 3538 5170; x_wconf 88' lang='lat' dir='ltr'><strong>vi-</strong></span> 
     </span>
    </p>
   </div>
   <div class='ocr_carea' id='block_1_103' title="bbox 1964 5185 3536 5243">
    <p class='ocr_par' dir='ltr' id='par_1_103' title="bbox 1964 5185 3536 5243">
     <span class='ocr_line' id='line_1_103' title="bbox 1964 5185 3536 5243; baseline -0.001 0"><span class='ocrx_word' id='word_1_767' title='bbox 1964 5185 2147 5243; x_wconf 73' lang='lat' dir='ltr'><strong>cissim</strong></span> <span class='ocrx_word' id='word_1_768' title='bbox 2191 5197 2246 5241; x_wconf 93' lang='lat' dir='ltr'><strong>et</strong></span> <span class='ocrx_word' id='word_1_769' title='bbox 2293 5185 2455 5241; x_wconf 84' lang='lat' dir='ltr'><strong>veluti</strong></span> <span class='ocrx_word' id='word_1_770' title='bbox 2512 5185 2842 5242; x_wconf 83' lang='lat' dir='ltr'><strong>succinendo</strong></span> <span class='ocrx_word' id='word_1_771' title='bbox 2883 5185 3122 5240; x_wconf 89' lang='lat' dir='ltr'><strong>Simeoui</strong></span> <span class='ocrx_word' id='word_1_772' title='bbox 3177 5187 3409 5240; x_wconf 79' lang='lat' dir='ltr'><strong>confessi</strong></span> <span class='ocrx_word' id='word_1_773' title='bbox 3445 5203 3536 5243; x_wconf 90' lang='lat' dir='ltr'><strong>su-</strong></span> 
     </span>
    </p>
   </div>
   <div class='ocr_carea' id='block_1_104' title="bbox 256 5255 3539 5327">
    <p class='ocr_par' dir='ltr' id='par_1_104' title="bbox 256 5255 3539 5327">
     <span class='ocr_line' id='line_1_104' title="bbox 256 5255 3539 5327; baseline 0.003 -24"><span class='ocrx_word' id='word_1_774' title='bbox 256 5255 449 5327; x_wconf 51' lang='lat' dir='ltr'><strong>i:th</strong></span> <span class='ocrx_word' id='word_1_775' title='bbox 489 5317 569 5327; x_wconf 32' lang='grc' dir='ltr'><strong>ῃ-</strong></span> <span class='ocrx_word' id='word_1_776' title='bbox 649 5319 660 5327; x_wconf 89' lang='lat'>_</span> <span class='ocrx_word' id='word_1_777' title='bbox 770 5317 798 5327; x_wconf 89' lang='lat'><em>_</em></span> <span class='ocrx_word' id='word_1_778' title='bbox 1037 5323 1155 5327; x_wconf 12' lang='lat'>_7___</span> <span class='ocrx_word' id='word_1_779' title='bbox 1280 5325 1289 5327; x_wconf 22' lang='grc' dir='ltr'><strong>Α</strong></span> <span class='ocrx_word' id='word_1_780' title='bbox 1961 5274 2101 5315; x_wconf 91' lang='lat' dir='ltr'><strong>mus.</strong></span> <span class='ocrx_word' id='word_1_781' title='bbox 2135 5277 2154 5309; x_wconf 85' lang='grc'>›</span> <span class='ocrx_word' id='word_1_782' title='bbox 2197 5255 2297 5310; x_wconf 81' lang='lat' dir='ltr'><strong>Vel</strong></span> <span class='ocrx_word' id='word_1_783' title='bbox 2345 5260 2530 5323; x_wconf 89' lang='lat' dir='ltr'><strong>etiam,</strong></span> <span class='ocrx_word' id='word_1_784' title='bbox 2562 5268 2620 5311; x_wconf 91' lang='grc' dir='ltr'><strong>ιιι</strong></span> <span class='ocrx_word' id='word_1_785' title='bbox 2661 5256 2880 5325; x_wconf 76' lang='lat' dir='ltr'><strong>exponit</strong></span> <span class='ocrx_word' id='word_1_786' title='bbox 2926 5255 3162 5322; x_wconf 87' lang='lat' dir='ltr'><strong>Nicetas,</strong></span> <span class='ocrx_word' id='word_1_787' title='bbox 3199 5273 3220 5307; x_wconf 85' lang='grc' dir='ltr'><strong>ι</strong></span> <span class='ocrx_word' id='word_1_788' title='bbox 3246 5272 3343 5327; x_wconf 91' lang='lat' dir='ltr'><strong>pro</strong></span> <span class='ocrx_word' id='word_1_789' title='bbox 3382 5272 3539 5313; x_wconf 72' lang='lat' dir='ltr'><strong>acce-</strong></span> 
     </span>
    </p>
   </div>
   <div class='ocr_carea' id='block_1_105' title="bbox 337 5317 2899 5398">
    <p class='ocr_par' dir='ltr' id='par_1_105' title="bbox 337 5317 2899 5398">
     <span class='ocr_line' id='line_1_105' title="bbox 337 5317 2899 5398; baseline 0 -21"><span class='ocrx_word' id='word_1_790' title='bbox 337 5318 455 5385; x_wconf 75' lang='lat'><strong>(53)</strong></span> <span class='ocrx_word' id='word_1_791' title='bbox 487 5317 569 5398; x_wconf 60' lang='grc' dir='ltr'><em>Τῇ</em></span> <span class='ocrx_word' id='word_1_792' title='bbox 726 5317 861 5389; x_wconf 78' lang='grc' dir='ltr'>οὖν,</span> <span class='ocrx_word' id='word_1_793' title='bbox 890 5336 995 5380; x_wconf 86' lang='lat' dir='ltr'><strong>etc.</strong></span> <span class='ocrx_word' id='word_1_794' title='bbox 1026 5323 1226 5398; x_wconf 71' lang='lat' dir='ltr'><strong>Dillius</strong></span> <span class='ocrx_word' id='word_1_795' title='bbox 1278 5325 1330 5380; x_wconf 91' lang='lat' dir='ltr'><strong>in</strong></span> <span class='ocrx_word' id='word_1_796' title='bbox 1372 5328 1543 5395; x_wconf 81' lang='lat' dir='ltr'><strong>prima</strong></span> <span class='ocrx_word' id='word_1_797' title='bbox 1592 5327 1850 5391; x_wconf 89' lang='lat' dir='ltr'><strong>editione,</strong></span> <span class='ocrx_word' id='word_1_798' title='bbox 1963 5328 2071 5398; x_wconf 89' lang='lat' dir='ltr'><strong>ptis</strong></span> <span class='ocrx_word' id='word_1_799' title='bbox 2102 5327 2381 5382; x_wconf 82' lang='lat' dir='ltr'><strong>beneﬁciis</strong></span> <span class='ocrx_word' id='word_1_800' title='bbox 2402 5317 2603 5398; x_wconf 80' lang='lat' dir='ltr'><strong>gratias</strong></span> <span class='ocrx_word' id='word_1_801' title='bbox 2622 5317 2852 5398; x_wconf 72' lang='lat' dir='ltr'><strong>egimus.</strong></span> <span class='ocrx_word' id='word_1_802' title='bbox 2880 5344 2899 5377; x_wconf 75' lang='grc' dir='ltr'><strong>ι</strong></span> 
     </span>
    </p>
   </div>
   <div class='ocr_carea' id='block_1_106' title="bbox 259 5390 3539 5469">
    <p class='ocr_par' dir='ltr' id='par_1_106' title="bbox 259 5390 3539 5469">
     <span class='ocr_line' id='line_1_106' title="bbox 259 5390 3539 5469; baseline 0.004 -31"><span class='ocrx_word' id='word_1_803' title='bbox 259 5390 344 5469; x_wconf 75' lang='lat' dir='ltr'><strong>sic</strong></span> <span class='ocrx_word' id='word_1_804' title='bbox 381 5391 554 5469; x_wconf 53' lang='lat' dir='ltr'><strong>“mgis</strong></span> <span class='ocrx_word' id='word_1_805' title='bbox 580 5392 648 5469; x_wconf 77' lang='lat' dir='ltr'><strong>ad</strong></span> <span class='ocrx_word' id='word_1_806' title='bbox 677 5390 913 5448; x_wconf 88' lang='lat' dir='ltr'><strong>litteram</strong></span> <span class='ocrx_word' id='word_1_807' title='bbox 947 5394 1261 5469; x_wconf 70' lang='lat' dir='ltr'><strong>reddiderat</strong></span> <span class='ocrx_word' id='word_1_808' title='bbox 1303 5415 1317 5452; x_wconf 91' lang='lat'><strong>:</strong></span> <span class='ocrx_word' id='word_1_809' title='bbox 1355 5390 1469 5469; x_wconf 63' lang='lat' dir='ltr'><strong>(At</strong></span> <span class='ocrx_word' id='word_1_810' title='bbox 1497 5398 1700 5453; x_wconf 80' lang='lat' dir='ltr'><strong>Christi</strong></span> <span class='ocrx_word' id='word_1_811' title='bbox 1734 5399 1854 5469; x_wconf 69' lang='grc' dir='ltr'>ηιιὶτ</span> <span class='ocrx_word' id='word_1_812' title='bbox 2031 5398 2143 5469; x_wconf 75' lang='lat'><strong>(57)</strong></span> <span class='ocrx_word' id='word_1_813' title='bbox 2174 5390 2444 5464; x_wconf 73' lang='grc' dir='ltr'>Ἔνθεοξ.</span> <span class='ocrx_word' id='word_1_814' title='bbox 2493 5390 2741 5465; x_wconf 67' lang='lat' dir='ltr'><strong>Quinque</strong></span> <span class='ocrx_word' id='word_1_815' title='bbox 2768 5395 2936 5466; x_wconf 79' lang='lat' dir='ltr'><strong>Begg.</strong></span> <span class='ocrx_word' id='word_1_816' title='bbox 2991 5405 3047 5451; x_wconf 90' lang='lat' dir='ltr'><strong>et</strong></span> <span class='ocrx_word' id='word_1_817' title='bbox 3086 5406 3195 5451; x_wconf 87' lang='lat' dir='ltr'><strong>tres</strong></span> <span class='ocrx_word' id='word_1_818' title='bbox 3227 5395 3406 5465; x_wconf 89' lang='lat' dir='ltr'><strong>Colb.,</strong></span> <span class='ocrx_word' id='word_1_819' title='bbox 3452 5395 3539 5452; x_wconf 76' lang='grc' dir='ltr'><strong>ἔν-</strong></span> 
     </span>
    </p>
   </div>
   <div class='ocr_carea' id='block_1_107' title="bbox 261 5457 3223 5549">
    <p class='ocr_par' dir='ltr' id='par_1_107' title="bbox 261 5457 3223 5549">
     <span class='ocr_line' id='line_1_107' title="bbox 261 5457 3223 5549; baseline 0.006 -38"><span class='ocrx_word' id='word_1_820' title='bbox 261 5462 386 5511; x_wconf 88' lang='lat' dir='ltr'><strong>dem</strong></span> <span class='ocrx_word' id='word_1_821' title='bbox 417 5457 773 5549; x_wconf 44' lang='lat' dir='ltr'><strong>Nati‘vitatem</strong></span> <span class='ocrx_word' id='word_1_822' title='bbox 810 5465 1133 5549; x_wconf 37' lang='lat' dir='ltr'><strong>copgrueinti</strong></span> <span class='ocrx_word' id='word_1_823' title='bbox 1183 5465 1527 5522; x_wconf 88' lang='lat' dir='ltr'><strong>solemnitate</strong></span> <span class='ocrx_word' id='word_1_824' title='bbox 1581 5457 1850 5534; x_wconf 63' lang='lat' dir='ltr'><strong>prosecuti</strong></span> <span class='ocrx_word' id='word_1_825' title='bbox 1951 5457 2138 5549; x_wconf 46' lang='grc' dir='ltr'><strong>θουςξἈ</strong></span> <span class='ocrx_word' id='word_1_826' title='bbox 2205 5541 2243 5549; x_wconf 84' lang='lat'><strong>__</strong></span> <span class='ocrx_word' id='word_1_827' title='bbox 2398 5457 2415 5464; x_wconf 71' lang='grc'><em>’</em></span> <span class='ocrx_word' id='word_1_828' title='bbox 2503 5457 2538 5463; x_wconf 37' lang='grc' dir='ltr'><strong><em>Ψ</em></strong></span> <span class='ocrx_word' id='word_1_829' title='bbox 2579 5536 2591 5549; x_wconf 28' lang='grc' dir='ltr'><strong><em>ἒ</em></strong></span> <span class='ocrx_word' id='word_1_830' title='bbox 2622 5457 2666 5549; x_wconf 36' lang='grc' dir='ltr'><strong>ι’</strong></span> <span class='ocrx_word' id='word_1_831' title='bbox 2851 5457 2938 5549; x_wconf 45' lang='grc' dir='ltr'>’ξι</span> <span class='ocrx_word' id='word_1_832' title='bbox 3211 5537 3223 5549; x_wconf 36' lang='grc' dir='ltr'>θ</span> 
     </span>
    </p>
   </div>
   <div class='ocr_carea' id='block_1_108' title="bbox 262 5534 1857 5608">
    <p class='ocr_par' dir='ltr' id='par_1_108' title="bbox 262 5534 1846 5608">
     <span class='ocr_line' id='line_1_108' title="bbox 262 5534 1846 5608; baseline 0.005 -27"><span class='ocrx_word' id='word_1_833' title='bbox 262 5544 476 5608; x_wconf 81' lang='lat' dir='ltr'><strong>sumus,</strong></span> <span class='ocrx_word' id='word_1_834' title='bbox 540 5539 651 5585; x_wconf 90' lang='lat' dir='ltr'><strong>tum</strong></span> <span class='ocrx_word' id='word_1_835' title='bbox 708 5545 810 5598; x_wconf 81' lang='lat' dir='ltr'><strong>ego</strong></span> <span class='ocrx_word' id='word_1_836' title='bbox 863 5534 989 5591; x_wconf 81' lang='lat' dir='ltr'><strong>festi</strong></span> <span class='ocrx_word' id='word_1_837' title='bbox 1033 5537 1139 5590; x_wconf 79' lang='lat' dir='ltr'><strong>dux</strong></span> <span class='ocrx_word' id='word_1_838' title='bbox 1192 5543 1247 5590; x_wconf 90' lang='lat' dir='ltr'><strong>et</strong></span> <span class='ocrx_word' id='word_1_839' title='bbox 1282 5551 1507 5606; x_wconf 81' lang='lat' dir='ltr'><strong>auspex,</strong></span> <span class='ocrx_word' id='word_1_840' title='bbox 1539 5550 1652 5592; x_wconf 89' lang='lat' dir='ltr'><strong>tum</strong></span> <span class='ocrx_word' id='word_1_841' title='bbox 1686 5552 1799 5602; x_wconf 90' lang='lat' dir='ltr'><strong>vos,</strong></span> <span class='ocrx_word' id='word_1_842' title='bbox 1828 5557 1846 5589; x_wconf 76' lang='grc' dir='ltr'><strong>ι</strong></span> 
     </span>
    </p>
   </div>
   <div class='ocr_carea' id='block_1_109' title="bbox 1966 5534 3537 5608">
    <p class='ocr_par' dir='ltr' id='par_1_109' title="bbox 2027 5535 3537 5608">
     <span class='ocr_line' id='line_1_109' title="bbox 2027 5535 3537 5608; baseline 0 -15"><span class='ocrx_word' id='word_1_843' title='bbox 2027 5538 2138 5608; x_wconf 83' lang='grc'>(58)</span> <span class='ocrx_word' id='word_1_844' title='bbox 2196 5536 2822 5608; x_wconf 67' lang='grc' dir='ltr'>Συναναστράψωμεν.</span> <span class='ocrx_word' id='word_1_845' title='bbox 2884 5535 3070 5596; x_wconf 87' lang='lat' dir='ltr'><strong>Plures</strong></span> <span class='ocrx_word' id='word_1_846' title='bbox 3114 5537 3332 5607; x_wconf 76' lang='lat' dir='ltr'><strong>optima:</strong></span> <span class='ocrx_word' id='word_1_847' title='bbox 3398 5548 3537 5593; x_wconf 70' lang='lat' dir='ltr'><strong>nom</strong></span> 
     </span>
    </p>
   </div>
   <div class='ocr_carea' id='block_1_110' title="bbox 261 5606 1857 5689">
    <p class='ocr_par' dir='ltr' id='par_1_110' title="bbox 261 5606 1537 5689">
     <span class='ocr_line' id='line_1_110' title="bbox 261 5606 1537 5689; baseline 0.001 -1"><span class='ocrx_word' id='word_1_848' title='bbox 261 5606 451 5689; x_wconf 56' lang='lat' dir='ltr'><strong>“ea...</strong></span> <span class='ocrx_word' id='word_1_849' title='bbox 494 5673 569 5689; x_wconf 74' lang='grc' dir='ltr'><em>η,</em></span> <span class='ocrx_word' id='word_1_850' title='bbox 769 5672 782 5688; x_wconf 82' lang='grc'><strong>,</strong></span> <span class='ocrx_word' id='word_1_851' title='bbox 822 5686 830 5689; x_wconf 69' lang='grc'><strong>.</strong></span> <span class='ocrx_word' id='word_1_852' title='bbox 1037 5675 1073 5689; x_wconf 62' lang='grc' dir='ltr'>η</span> <span class='ocrx_word' id='word_1_853' title='bbox 1171 5679 1187 5689; x_wconf 95' lang='grc'><em>.</em></span> <span class='ocrx_word' id='word_1_854' title='bbox 1524 5677 1537 5689; x_wconf 94' lang='grc'><strong><em>.</em></strong></span> 
     </span>
    </p>
   </div>
   <div class='ocr_carea' id='block_1_111' title="bbox 1966 5606 3492 5689">
    <p class='ocr_par' dir='ltr' id='par_1_111' title="bbox 1966 5606 3492 5689">
     <span class='ocr_line' id='line_1_111' title="bbox 1966 5606 3492 5689; baseline -0.001 -26"><span class='ocrx_word' id='word_1_855' title='bbox 1966 5606 2191 5689; x_wconf 34' lang='grc' dir='ltr'>ψόφοι</span> <span class='ocrx_word' id='word_1_856' title='bbox 2212 5610 2359 5689; x_wconf 73' lang='grc' dir='ltr'>Βίιε.,</span> <span class='ocrx_word' id='word_1_857' title='bbox 2389 5607 2874 5689; x_wconf 60' lang='grc' dir='ltr'>συναστράψωμεν.</span> <span class='ocrx_word' id='word_1_858' title='bbox 2991 5677 3029 5689; x_wconf 73' lang='lat'><em>_</em></span> <span class='ocrx_word' id='word_1_859' title='bbox 3153 5606 3225 5689; x_wconf 17' lang='lat' dir='ltr'><strong>in</strong></span> <span class='ocrx_word' id='word_1_860' title='bbox 3424 5678 3436 5689; x_wconf 41' lang='grc' dir='ltr'><strong><em>ι</em></strong></span> <span class='ocrx_word' id='word_1_861' title='bbox 3480 5677 3492 5689; x_wconf 47' lang='grc'><strong><em>.</em></strong></span> 
     </span>
    </p>
   </div>
   <div class='ocr_carea' id='block_1_112' title="bbox 337 5667 1857 5750">
    <p class='ocr_par' dir='ltr' id='par_1_112' title="bbox 337 5667 1744 5750">
     <span class='ocr_line' id='line_1_112' title="bbox 337 5667 1744 5750; baseline 0.004 -24"><span class='ocrx_word' id='word_1_862' title='bbox 486 5672 996 5750; x_wconf 63' lang='grc' dir='ltr'>ζῖροεορτάσᾳμεν.</span> <span class='ocrx_word' id='word_1_863' title='bbox 1165 5679 1217 5742; x_wconf 85' lang='lat' dir='ltr'><strong>I,</strong></span> <span class='ocrx_word' id='word_1_864' title='bbox 1256 5677 1744 5750; x_wconf 81' lang='grc' dir='ltr'>προεωρτάσαμεν.</span> 
     </span>
    </p>
   </div>
   <div class='ocr_carea' id='block_1_113' title="bbox 1966 5667 3531 5750">
    <p class='ocr_par' dir='ltr' id='par_1_113' title="bbox 2020 5667 3531 5750">
     <span class='ocr_line' id='line_1_113' title="bbox 2020 5667 3531 5750; baseline 0.003 -19"><span class='ocrx_word' id='word_1_865' title='bbox 2020 5678 2132 5750; x_wconf 80' lang='lat'><strong>(59)</strong></span> <span class='ocrx_word' id='word_1_866' title='bbox 2164 5681 2238 5735; x_wconf 89' lang='grc' dir='ltr'><em>Ἢ</em></span> <span class='ocrx_word' id='word_1_867' title='bbox 2262 5667 2361 5733; x_wconf 70' lang='grc' dir='ltr'>καὶ</span> <span class='ocrx_word' id='word_1_868' title='bbox 2391 5679 2462 5733; x_wconf 86' lang='grc' dir='ltr'>τὰ</span> <span class='ocrx_word' id='word_1_869' title='bbox 2501 5667 2690 5733; x_wconf 53' lang='lat' dir='ltr'><strong>(illa:</strong></span> <span class='ocrx_word' id='word_1_870' title='bbox 2734 5667 2821 5735; x_wconf 67' lang='lat' dir='ltr'><strong>Sic</strong></span> <span class='ocrx_word' id='word_1_871' title='bbox 2859 5693 2953 5735; x_wconf 81' lang='lat' dir='ltr'><strong>sex</strong></span> <span class='ocrx_word' id='word_1_872' title='bbox 2991 5677 3157 5749; x_wconf 75' lang='lat' dir='ltr'><strong>chg.</strong></span> <span class='ocrx_word' id='word_1_873' title='bbox 3188 5678 3348 5734; x_wconf 80' lang='lat' dir='ltr'><strong>Deest</strong></span> <span class='ocrx_word' id='word_1_874' title='bbox 3377 5678 3445 5734; x_wconf 87' lang='grc' dir='ltr'><strong>τά</strong></span> <span class='ocrx_word' id='word_1_875' title='bbox 3480 5677 3531 5735; x_wconf 62' lang='lat' dir='ltr'><strong>in</strong></span> 
     </span>
    </p>
   </div>
   <div class='ocr_carea' id='block_1_114' title="bbox 336 5738 2036 5807">
    <p class='ocr_par' dir='ltr' id='par_1_114' title="bbox 336 5738 2036 5807">
     <span class='ocr_line' id='line_1_114' title="bbox 336 5738 2036 5807; baseline 0.005 -10"><span class='ocrx_word' id='word_1_876' title='bbox 336 5738 451 5797; x_wconf 70' lang='lat' dir='ltr'><strong>I55i</strong></span> <span class='ocrx_word' id='word_1_877' title='bbox 490 5743 651 5806; x_wconf 81' lang='grc' dir='ltr'>Μετὰ</span> <span class='ocrx_word' id='word_1_878' title='bbox 671 5738 995 5805; x_wconf 56' lang='grc' dir='ltr'><strong>⁷ποιιιέηῶων.</strong></span> <span class='ocrx_word' id='word_1_879' title='bbox 1024 5738 1213 5801; x_wconf 44' lang='lat' dir='ltr'><strong>Plu-&quot;5</strong></span> <span class='ocrx_word' id='word_1_880' title='bbox 1237 5738 1416 5805; x_wconf 76' lang='lat' dir='ltr'><strong>codd..</strong></span> <span class='ocrx_word' id='word_1_881' title='bbox 1443 5738 1537 5803; x_wconf 69' lang='grc' dir='ltr'><strong>καὶ</strong></span> <span class='ocrx_word' id='word_1_882' title='bbox 1565 5738 1701 5801; x_wconf 69' lang='grc' dir='ltr'>μετὰ</span> <span class='ocrx_word' id='word_1_883' title='bbox 1728 5764 1849 5807; x_wconf 79' lang='grc' dir='ltr'>ποι-</span> <span class='ocrx_word' id='word_1_884' title='bbox 1949 5738 2036 5806; x_wconf 78' lang='lat' dir='ltr'><strong>ed.</strong></span> 
     </span>
    </p>
   </div>
  </div>
