3910 6214
412 264 509 320 551

1614 271 1678 326 S.
1719 268 2045 327 GREGORII
2089 268 2432 328 'l'llEOLOGl

3561 263 3669 318 552

409 387 467 434 et
496 377 564 432 do
596 379 824 434 eamut?
854 379 1053 452 Nempe
1101 385 1501 456 purgationem,
1541 387 1815 457 animique
1841 404 1989 444 sum-

2106 389 2501 463 (αριζομένους,
2526 385 2615 441 διά
2650 386 2749 456 τῆς
2791 387 2870 449 είς
2914 384 2973 438 τὸ
3020 383 3180 438 καλὸν
3200 381 3386 449 ἕξεως.
3421 380 3531 434 Καλ⁵
3557 380 3669 453 γὰρ

411 469 729 525 missionem
765 473 917 542 prius
948 472 1305 529 adhibendam
1332 491 1476 539 esse,
1503 493 1603 532 nec
1630 478 1988 537 cOnrionandi

409 561 762 628 provinciam,
790 573 915 618 ante
939 565 1135 634 suscipi
1160 567 1377 629 debere,
1407 581 1569 635 quam
1595 569 1660 622 ad
1681 567 1988 637 spiritualis

411 660 469 704 et
498 666 771 722 corporeze
799 654 976 709 aetatis
1005 654 1391 725 perfectionem
1418 668 1635 711 ventum
1665 658 1847 714 fuerit.
1876 658 1989 714 Hoc

412 741 481 794 ad
507 755 602 795 eos
631 742 833 797 dictum
880 743 1061 809 velim,
1097 746 1188 814 qui
1241 747 1420 800 subito
1451 756 1506 801 et
1534 757 1735 802 temere
1761 748 1828 802 ad
1859 747 1991 817 bap-

417 830 633 885 tismum
685 835 970 899 accedunt,
1028 849 1127 889 nec
1174 837 1239 889 ad
1270 851 1391 890 eum
1452 847 1847 907 praeparantur,
1890 852 1993 892 nec

415 936 512 991 per
541 923 706 976 animi
743 924 1207 991 constitutionem,
1243 926 1310 979 ad
1348 927 1564 981 virtutis
1593 927 1833 981 habitum
1870 942 1993 997 per-

418 1023 645 1076 vectam,
684 1014 735 1068 id
768 1026 957 1086 agunt,
998 1027 1054 1071 ut
1092 1019 1386 1089 redemptio
1445 1019 1575 1089 ipsis
1635 1029 1780 1073 certa
1828 1029 1993 1089 atque

416 1104 698 1161 incolumis
753 1119 993 1163 maneat.
1056 1108 1374 1180 Quanquam
1441 1112 1584 1166 enim
1644 1112 1747 1167 hoc
1815 1113 1991 1181 gratia

418 1193 598 1260 affert,
631 1206 690 1250 ut
717 1201 1003 1268 praeteritae
1032 1217 1185 1254 noxae
1238 1204 1590 1257 remittantur
1616 1203 1809 1271 (gratia
1847 1203 1990 1257 enim

416 1285 544 1353 est),
566 1285 691 1341 hinc
725 1289 896 1356 magis
918 1292 1235 1357 cavendum,
1258 1308 1325 1347 ne
1360 1293 1426 1346 ad
1452 1293 1699 1347 eumdem
1732 1293 1992 1348 vomitum

2093 486 2142 536 εἰ
2167 485 2361 552 ἄφεσιν
2390 482 2502 552 ἔχει
2522 480 2632 534 τῶν
2653 478 3028 550 παρελθόντων
3048 476 3109 529 τδ
3139 475 3383 546 χάρισμα
3403 472 3671 543 (χάρισμα

2091 573 2244 643 γὰρ),
2270 571 2405 626 ἀλλὰ
2429 572 2548 626 τότε
2586 570 2787 642 μᾶλλον
2813 568 3097 630 εύλαὸείας
3129 565 3299 630 ἄξιον,
3320 564 3394 637 μὴ
3417 564 3554 635 πρὸς
3578 565 3670 616 τὸν

2091 664 2254 718 αὐτὸν
2287 664 2479 735 ἔμετον
2500 661 2904 731 ἐπανέλθωμεν.
2941 657 3111 712 Τοῦτο
3150 658 3286 728 πρὸς
3304 656 3431 720 τοὺς
3446 658 3673 724 ἐπαιρο-

2095 755 2290 826 μένους
2309 755 2449 808 κατὰ
2480 754 2588 808 τῶν
2624 751 2923 822 οἰκονόμων
2955 746 3051 802 τοῦ
3087 746 3409 819 μυστηρίου,
3448 744 3514 799 ἂν
3544 744 3671 814 ἀξίᾳ

2090 844 2196 897 τινὶ
2222 844 2544 916 προέχωσιν,
2577 842 2650 896 Τὸ
2671 843 2852 914 τρίτον
2877 840 3012 912 πρὸς
3031 840 3159 903 τοὺς
3187 837 3526 910 θαρροῦντας
3552 838 3669 891 νεό-

2090 950 2235 1005 τητι,
2270 933 2364 986 καὶ¹
2393 932 2570 986 πάντα
2603 930 2791 999 καιρὸν
2814 930 3094 1001 οἰομένους
3131 924 3272 982 εἶναι
3297 926 3667 989 διδασκαλίας,

2092 1024 2125 1095 ἢ
2160 1023 2469 1095 προεδρίας.
2510 1023 2717 1094 Ἰησοῦς
2766 1023 3115 1091 καθαίρεται’
3152 1020 3248 1074 καὶ
3287 1021 3351 1074 σὺ
3395 1035 3672 1089 καταφρο-

2093 1117 2204 1179 νεῖς
2227 1114 2329 1185 τῆς
2361 1115 2715 1185 καθάρσεως;
2764 1113 2902 1166 ’Υπὸ
2952 1111 3229 1165 Ἰωάννου·
3280 1111 3375 1164 καὶ
3425 1111 3488 1163 σὺ
3533 1126 3672 1161 κατ-

2093 1205 2435 1270 εξανίστασαι
2472 1205 2567 1259 τοῦ
2624 1205 2718 1258 σοῦ
2743 1205 3012 1276 κήρυκος;
3063 1201 3497 1274 Τριακονταέτης
3543 1199 3619 1252 ὧν
3652 1216 3668 1230 ·

2095 1298 2187 1351 καὶ
2214 1298 2278 1351 σὺ
2308 1298 2414 1369 πρὸ
2447 1299 2545 1368 τῆς
2573 1297 2846 1366 γενειάδος
2871 1297 3142 1359 διδάσκεις
3168 1296 3294 1357 τοὺς
3321 1293 3602 1365 γέροντας,
3635 1292 3671 1363 ἢ

419 1375 722 1431 redeamus.
758 1376 872 1432 Hoc
902 1393 1117 1448 quoque
1152 1381 1205 1435 in
1244 1396 1338 1436 eos
1378 1382 1575 1449 valeat,
1602 1382 1692 1451 qui
1733 1383 1993 1437 adversus

2095 1391 2156 1443 τὸ
2179 1390 2449 1444 διδάσκειν
2484 1389 2599 1461 (60)
2634 1388 2932 1452 πιστεύεις,
2961 1386 3086 1441 οὔτε
3125 1385 3277 1457 παρὰ
3303 1384 3401 1455 τῆς
3429 1382 3671 1454 ἡλικίας,

418 1467 662 1537 mysterii
710 1469 1113 1537 diSpensatores
1181 1471 1504 1527 insolentius
1562 1472 1896 1539 efferuntur,
1945 1473 1993 1528 si

2092 1480 2215 1535 οὔτε
2245 1481 2399 1553 παρὰ
2445 1481 2539 1534 τού
2595 1480 2800 1552 τρόπου
2847 1480 3011 1550 τυχὸν
3049 1478 3188 1549 ἔχων
3240 1475 3300 1529 τὸ
3346 1474 3671 1545 αἱδέσιμον;

418 1556 680 1626 dignitate
735 1559 966 1628 quadam
1014 1568 1297 1630 prmstent.
1329 1562 1571 1616 Tertium
1608 1564 1675 1616 ad
1714 1577 1808 1617 eos
1840 1576 1994 1633 spec-

2106 1566 2228 1622 Είτα
2270 1572 2299 1623 6
2344 1568 2542 1640 Δανιὴλ
2585 1567 2839 1632 ἐνταῦθα,
2903 1568 2995 1621 καὶ
3041 1569 3070 1620 6
3123 1567 3290 1629 δεῖνα,
3322 1565 3433 1617 νέοι
3461 1563 3672 1634 κριταὶ,

420 1656 531 1715 tat,
574 1648 669 1719 qui
717 1650 944 1719 juvenili
1002 1661 1163 1708 aetate
1203 1654 1511 1720 confidunt,
1560 1664 1722 1723 atque
1766 1654 1993 1724 quodvis

2106 1658 2191 1711 ml.
2242 1658 2310 1711 τά
2366 1656 2786 1729 παραδείγματα
2861 1654 2955 1708 ἐπὶ
3027 1653 3301 1724 γλώσσης.
3362 1654 3476 1716 Πᾶς
3560 1651 3675 1722 γάρ

421 1748 631 1809 tempus
669 1742 735 1796 ad
778 1742 1106 1810 docendum,
1141 1753 1235 1799 aut
1263 1745 1520 1801 antistitis
1552 1761 1744 1800 munus
1788 1746 1992 1801 obeun-

2106 1747 2300 1802 ἀδικῶν
2353 1748 2435 1810 εἰς
2491 1746 2786 1814 ἀπολογίαν
2862 1744 3100 1815 ἕτοιμος.
3177 1744 3314 1797 Ἀλλ’
3383 1746 3446 1796 ού
3510 1742 3675 1812 νόμος

420 1831 569 1897 dum,
600 1833 848 1889 idoneum
882 1850 1008 1891 esse
1030 1836 1385 1891 arbitrantur.
1433 1836 1589 1892 Jesus
1619 1847 1906 1908 purgatur;
1936 1847 1992 1892 et

2110 1836 2460 1908 Ἐκκλησίας,
2490 1836 2553 1889 τὸ
2582 1834 2806 1888 σπάνιον
2833 1850 2845 1863 ’
2905 1833 3065 1906 εἴπερ
3123 1832 3258 1904 μηδὲ
3304 1830 3402 1903 μία
3450 1829 3675 1901 χελιδὼν

422 1931 476 1976 tu
507 1925 881 1996 purgationem
913 1930 1257 1983 contemnis?
1286 1929 1326 1982 A
1358 1928 1603 1995 Joanne;
1639 1939 1693 1985 et
1724 1941 1777 1984 tu
1802 1930 1994 1985 adver-

2106 1928 2196 2001 Ξαρ
2240 1930 2401 1993 ποιεῖ,
2442 1928 2580 2000 μηδὲ
2637 1926 2873 1998 γραμμὴ
2930 1925 3028 1997 μία
3079 1926 3170 1980 τὸν
3221 1923 3579 1995 γεωμέτρην,
3634 1917 3673 1988 ἢ

422 2028 516 2067 sus
540 2029 839 2083 prteconem
877 2028 1023 2071 tuum
1053 2018 1340 2087 insurgis?
1388 2017 1749 2075 Tricesimttm
1788 2035 1989 2074 annum

2106 2020 2261 2085 πλοῦς
2292 2014 2372 2084 εἷς
2410 2020 2500 2074 τὸν
2531 2019 2838 2074 θαλάττιον.

421 2117 713 2174 agcns;et
764 2120 816 2163 tu
874 2120 1001 2166 ante
1059 2110 1366 2181 lanuginem
1421 2129 1582 2170 senes
1635 2116 1835 2183 doces,
1897 2126 1990 2170 aut
2031 2116 2294 2170 docerete
2317 2130 2477 2184 posse
2499 2116 2696 2180 credis,
2722 2129 2821 2168 nec
2850 2114 2918 2168 ab
2945 2121 3125 2178 atate,
3185 2127 3286 2167 nec
3338 2125 3368 2164 a
3427 2105 3674 2191 moribus

422 2194 694 2264 fortasse,
746 2203 1123 2260 auctoritatem
1194 2206 1438 2262 habens?
1487 2209 1567 2264 Ac
1638 2209 1830 2264 deinde
1897 2210 1984 2264 hic
2026 2209 2209 2264 Daniel
2267 2210 2559 2280 profertur,
2614 2220 2725 2264 tum
2768 2210 2909 2276 iste,
2970 2219 3079 2264 tttm
3157 2207 3293 2272 ille,
3354 2204 3409 2258 in
3453 2199 3681 2286 Ξυνειξῖίί

421 2297 582 2344 actate
624 2291 855 2361 judices,
901 2304 955 2348 et
1032 2295 1146 2349 haec
1189 2297 1433 2365 exctnpla
1486 2299 1540 2352 in
1593 2313 1689 2353 ore
1763 2308 2067 2354 versantur.
2108 2298 2365 2369 Quisquis
2414 2299 2555 2353 enim
2615 2299 2797 2367 inique
2847 2297 2991 2367 agit,
3044 2298 3111 2351 ad
3165 2295 3249 2350 sui
3301 2293 3672 2349 defensionem

424 2390 701 2448 promptus
738 2392 788 2437 et
818 2395 1039 2453 paratus
1063 2394 1165 2439 est.
1199 2386 1362 2456 687
1389 2386 1493 2442 Sed
1528 2404 1633 2443 non
1670 2389 1898 2443 habetur
1935 2400 1992 2442 ut
2029 2388 2283 2444 Ecclesiae
2307 2389 2418 2450 lex,
2440 2389 2581 2459 quod
2614 2403 2736 2442 raro
2793 2388 2987 2442 accidit
3024 2404 3038 2441 :
3102 2382 3534 2456 quandoquidem
3575 2396 3682 2437 nec

423 2470 656 2526 hirundo
683 2489 787 2528 una
829 2490 924 2529 ver
957 2475 1136 2541 edicit,
1175 2492 1274 2531 nec
1311 2490 1642 2548 geometram
1675 2495 1781 2536 una
1822 2480 1985 2544 linea,
2030 2495 2130 2535 nec
2159 2482 2394 2549 denique
2422 2490 2639 2533 nautam
2667 2493 2770 2532 una
2804 2478 3096 2547 navigatio.

494 2558 610 2615 XV.
642 2560 906 2622 Caeterum
952 2563 1190 2633 baptizat
1231 2564 1496 2633 Joannes,
1543 2568 1703 2626 Jesus
1748 2572 1991 2637 accedit;

425 2649 604 2704 forsan
633 2652 846 2719 quidem
878 2653 1130 2723 utipsum
1186 2672 1424 2725 quoque,
1453 2674 1481 2711 a
1513 2674 1620 2727 quo
1659 2659 1993 2729 baptizatur,

424 2742 711 2797 sanctitate
755 2742 989 2812 alliciat;
1038 2748 1392 2816 proculdubio
1450 2760 1671 2816 autem,
1720 2761 1778 2804 ut
1828 2761 1997 2806 totum

435 2839 668 2887 veterem
703 2832 968 2889 Adamum
993 2836 1045 2890 itt
1086 2839 1240 2907 aquis
1276 2841 1529 2910 sepeliat:
1565 2851 1687 2896 ante
1719 2842 1815 2895 bos
1845 2857 1998 2906 vero,

423 2934 478 2977 et
499 2935 719 2994 propter
742 2926 865 2994 hos,
904 2926 1194 2984 Jordanem
1217 2932 1601 2998 sanctificans;
1632 2941 1710 2997 ut,
1742 2931 2000 3001 quemad-

2178 2570 2279 2623 IE'.
2315 2568 2462 2640 Πλὴν
2504 2567 2754 2638 Ἰωάννης
2784 2564 3061 2638 βαπτίζει,
3113 2565 3393 2638 πρόσεισιν
3429 2562 3636 2634 Ἰησοῦς
3663 2579 3681 2594 ο

2105 2661 2346 2730 άγιάσων
2372 2660 2531 2731 τυχὸν
2564 2660 2661 2731 μὲν
2693 2660 2901 2713 καὶτὸν
2939 2660 3275 2730 βαπτιστήνο
3308 2657 3372 2710 τὸ
3399 2657 3458 2709 δὲ
3480 2655 3686 2727 πρόδη-

2104 2751 2215 2814 λον,
2241 2753 2419 2806 πάντα
2449 2752 2540 2804 τὸν
2574 2750 2803 2805 παλαιὸν
2834 2750 3027 2822 Ἀδὰμ,
3068 2751 3133 2803 ἵν’
3158 2748 3367 2823 meo!)
3396 2747 3474 2819 τῷ
3505 2746 3683 2800 ὓδατι’

2105 2841 2214 2911 πρὸ
2242 2841 2301 2894 δὲ
2332 2841 2535 2896 τούτων
2570 2843 2665 2895 καὶ
2692 2841 2779 2896 διὰ
2814 2841 3034 2904 τούτους
3068 2839 3201 2910 (61),
3229 2838 3321 2892 τὸν
3366 2837 3685 2915 Ἰορδάνηδῇ

2107 2931 2299 3004 ὥσπερ
2328 2929 2397 3003 ἦν
2430 2934 2646 3004 πνεῦμα
2672 2933 2767 2987 καὶ
2794 2932 2950 3004 σὰρξ,
2984 2930 3128 2984 οὕτω
3156 2928 3434 3001 Πνεύματι
3460 2926 3687 2982 τελειῶν

425 3014 642 3068 modum
674 3016 898 3085 spiritus
921 3027 973 3072 et
996 3033 1126 3073 caro
1150 3028 1296 3084 erat,
1317 3019 1397 3074 sic
1422 3021 1585 3074 etiam
1614 3034 1708 3089 per
1736 3019 1996 3089 Spiritum

2106 3024 2199 3076 καὶ
2224 3021 2395 3077 ὕδατι.
2434 3023 2508 3075 οὐ
2548 3023 2757 3094 δέχεται
2789 3025 2817 3076 6
2862 3022 3171 3092 Βαπτιστής
3194 3037 3208 3053 ο
3234 3022 3265 3074 6
3302 3018 3688 3091 Ἰησοῦς-ἀγω-

426 3117 480 3162 et
521 3122 714 3178 aquam
746 3110 1009 3165 initiaret.
1065 3111 1307 3183 Baptista
1366 3127 1471 3167 non
1517 3112 1788 3167 admittit:
1843 3110 2003 3168 Jesus

426 3211 621 3254 certat.
669 3199 840 3257 Tum:
874 3200 983 3272 Ego
1033 3220 1066 3257 a
1116 3214 1165 3258 te
1208 3204 1467 3273 baptizari
1529 3205 1686 3259 debeo
1715 3204 1784 3273 ³⁸,
1832 3206 2006 3273 inquit

427 3289 647 3345 lucerna
701 3290 837 3357 Soli,
896 3308 998 3346 vox
1044 3293 1241 3357 Verbo,
1295 3295 1500 3349 amicus
1552 3294 1783 3364 Sponso,
1836 3295 2007 3362 major

428 3381 570 3437 inter
618 3398 807 3438 omnes
863 3394 1022 3441 natos
1070 3386 1359 3441 mulierum
1392 3386 1463 3452 ’⁸,
1515 3387 1693 3442 omnis
1740 3396 2006 3443 creaturze

428 3471 791 3543 Primogenito
811 3476 878 3540 '°,
908 3478 974 3541 is,
1006 3478 1097 3547 qui
1141 3492 1170 3532 a
1228 3485 1472 3532 materno
1497 3485 1685 3532 ventre
1721 3478 2006 3547 praesulta-

433 3572 538 3623 ral,
570 3564 619 3619 ei
648 3566 741 3633 qui
771 3565 823 3620 in
852 3576 1041 3623 ventre
1074 3569 1325 3623 adoratus
1363 3568 1533 3623 fuerat
1559 3606 1577 3635 ,
1616 3583 1919 3639 praeursor
1952 3579 2008 3626 et

433 3666 821 3720 praecursurus,
852 3658 902 3712 ei
954 3658 1044 3727 qui
1108 3668 1432 3729 apparuerat
1471 3670 1635 3730 atque
1693 3662 1998 3731 apparebit.

433 3741 546 3812 Ego
565 3760 599 3797 a
630 3756 678 3798 te
707 3745 967 3814 baptizari
997 3748 1154 3803 debeo
1182 3765 1200 3803 :
1224 3750 1382 3817 adde,
1407 3759 1458 3805 et
1498 3765 1597 3820 pro
1640 3760 1712 3805 te.
1746 3751 2009 3821 Explora-

435 3844 547 3889 tum
592 3838 735 3891 enim
766 3839 1000 3895 habebat
1044 3841 1181 3906 fore,
1213 3852 1271 3896 ut
1302 3844 1563 3914 martyrio
1596 3843 2003 3913 baptizaretur;

432 3937 547 3993 aut,
571 3936 629 3982 ut
662 3927 875 3994 Petrus,
925 3947 1030 3987 non
1076 3933 1304 4001 pedibus
1344 3933 1613 3989 duntaxat
1660 3946 2005 4005 purgaretur.

434 4014 502 4070 Et
554 4026 611 4072 tu
662 4021 800 4075 venis
839 4022 909 4075 ad
957 4023 1137 4078 me”?
1162 4021 1277 4079 Hoc
1331 4039 1544 4093 quoque
1604 4026 2007 4095 propheticum.

432 4105 695 4165 Futurum
719 4113 864 4167 enim
900 4125 1074 4178 norat,
1109 4118 1653 4186 utquemadmodum
1686 4129 1817 4189 post
1841 4119 2012 4174 Hero-

434 4200 555 4253 dem
607 4201 812 4259 Pilatus
869 4205 1096 4276 fureret,
1145 4208 1218 4262 ita
1258 4224 1381 4264 eum
1433 4225 1648 4280 quoque
1697 4211 1849 4279 prius
1902 4213 2009 4268 vita

436 4287 678 4344 functum
726 4292 975 4351 Christus
1011 4310 1354 4368 sequeretur.
1404 4299 1542 4367 Quid
1596 4311 1777 4356 autem
1813 4301 2011 4358 Jesus?

2104 3116 2312 3181 νίζεται
2333 3134 2345 3145 ·
2375 3115 2525 3185 Ἐγὼ
2559 3116 2768 3184 χρείαν
2792 3116 2910 3184 ἔχω
2941 3114 3058 3169 ὑπὸ
3088 3112 3204 3167 σοῦ
3241 3110 3684 3179 βαπτισθῆναι,

2105 3209 2135 3261 6
2164 3207 2356 3278 λύχνος
2384 3207 2461 3279 τῷ
2509 3208 2671 3278 Ἡλίῳ
2707 3207 2892 3279 φησὶν,
2937 3208 2971 3278 ὴ
3015 3205 3166 3275 φωνὴ
3196 3204 3274 3276 τῷ
3310 3204 3489 3274 Λόγῳ,
3532 3205 3560 3256 6
3591 3203 3686 3272 φί-

2106 3300 2195 3362 λος
2221 3298 2299 3370 τῷ
2327 3299 2583 3370 Νυμφίῳ,
2616 3301 2644 3353 6
2676 3301 2734 3352 ἐν
2754 3301 3029 3369 γεννητοῖς
3051 3296 3325 3366 γυναικῶν
3345 3296 3486 3367 ὑπὲρ
3511 3294 3689 3348 ᾶπαν-

2105 3409 2222 3455 τας,
2251 3391 2328 3461 τῷ
2350 3391 2686 3463 Πρωτοτόκῳ
2713 3392 2895 3461 πάσης
2925 3390 3177 3451 κτίσεως,
3213 3390 3242 3441 6
3270 3386 3686 3458 προσκιρτήσας

2107 3483 2215 3536 ἀπὸ
2246 3482 2502 3552 γαστρὸς,
2530 3481 2611 3551 τῷ
2657 3484 2714 3534 ὲν
2755 3481 2954 3552 γαστρὶ
2987 3477 3442 3550 προσκυνηθέντι,
3476 3477 3506 3528 6
3552 3492 3694 3546 προ-

2106 3574 2329 3647 δραμὼν
2376 3574 2486 3644 (62)
2530 3574 2626 3626 καὶ
2675 3571 3180 3644 προδραμούμενος,
3233 3567 3311 3639 τῷ
3344 3567 3563 3637 φανέντι
3588 3566 3690 3620 καὶ

2108 3665 2486 3736 φανησομένῳ.
2530 3661 2680 3733 Ἐγὼ
2742 3663 2948 3733 χρείαν
3002 3663 3121 3732 ἔχω
3164 3660 3283 3715 ὑπὸ
3322 3658 3438 3713 σοῦ
3468 3658 3692 3723 ﬂuant.

2108 3756 2353 3825 σθῆναι·
2372 3755 2605 3827 πρόσθες
2624 3754 2811 3817 καὶτὸ,
2828 3753 2966 3825 ὑπὲρ
2980 3751 3256 3823 σοῦ.⁹ῌδει
3267 3749 3375 3821 γὰρ
3387 3747 3465 3820 τῷ
3478 3765 3688 3820 μαρτυ-

2111 3849 2211 3921 ρίῳ
2240 3846 2773 3918 βαπτισθησόμενος·
2804 3844 2861 3915 ἢ,
2909 3844 2985 3907 ὼς
3018 3842 3242 3913 Πέτρος,
3298 3841 3371 3912 μὴ
3426 3841 3551 3904 τοὺς
3585 3839 3688 3892 πό-

2108 3939 2205 4003 δας
2234 3938 2390 4010 μόνον
2416 3935 2913 4009 καθαρθησόμενος.
2947 3934 3056 3989 Καὶ
3098 3933 3179 3988 σὺ
3208 3932 3354 4002 ἔρχῃ
3380 3931 3531 3999 πρὸς
3568 3929 3689 4000 pe;

2109 4031 2221 4084 Καὶ
2251 4029 2412 4082 τοῦτο
2458 4028 2818 4102 προφητικόν.
2859 4027 3015 4099 ᾜδει
3058 4025 3166 4097 γὰρ
3212 4025 3288 4088 ὡς
3336 4022 3475 4094 μετὰ
3514 4022 3692 4093 Ἠρώ-

2109 4126 2228 4197 δην,
2277 4123 2509 4177 Πιλᾶτον
2566 4119 2962 4193 μανησόμενον,
2999 4116 3173 4180 οὕτως
3216 4114 3366 4186 αὑτῷ
3404 4114 3690 4185 προαπελ-

2112 4215 2257 4270 θόντι
2285 4214 2516 4287 Χριστὸν
2537 4214 2816 4284 ἑψόμενον.
2850 4211 2917 4264 Τί
2947 4209 3005 4264 δὲ
3047 4207 3256 4280 Ἰησοῦς
3276 4225 3292 4273 ;
3314 4208 3501 4274 ’Ἄφες
3528 4206 3687 4274 ἄρτιδ

2112 4305 2268 4360 τοῦτο
2300 4304 2408 4375 γὰρ
2433 4306 2467 4375 ἡ
2500 4303 2806 4374 οἰκονομία.
2841 4300 2996 4373 ᾚδει
3035 4298 3145 4370 γὰρ
3198 4297 3314 4368 μετ’
3358 4296 3558 4365 ὀλίγον,
3590 4295 3693 4348 αύ-

435 4376 563 4433 Sine
595 4397 730 4436 nunc
753 4384 819 4437 ³⁸.
851 4383 968 4443 Hoc
993 4389 1140 4443 enim
1169 4399 1319 4447 certo
1361 4393 1589 4446 consilio
1629 4403 1683 4448 et
1721 4393 2001 4461 dispensa-

2115 4396 2204 4458 τὸς
2235 4394 2513 4465 βαπτίσων
2564 4393 2655 4447 τὸν
2693 4392 3030 4461 Βαπτιστήν.
3062 4388 3127 4441 Τί
3164 4388 3222 4440 δὲ
3271 4387 3332 4441 τὸ
3366 4385 3572 4451 πτύον;
3622 4386 3692 4439 Ἦ

434 4471 580 4525 tione
624 4476 701 4528 tit.
748 4475 967 4533 Sciebat
1000 4497 1235 4551 namque
1274 4484 1438 4554 paulo
1489 4497 1610 4553 post
1657 4484 1922 4552 futurum,
1946 4497 2007 4542 ut

435 4562 551 4632 ipse
604 4563 900 4637 Baptistam
953 4573 1271 4644 baptizaret.
1313 4574 1454 4641 Jam,
1492 4576 1618 4647 quid
1641 4575 1998 4631 ventilahrnm

435 4655 706 4724 signiﬁcat
727 4659 815 4712 "?
845 4659 1246 4733 Purgationem.
1295 4665 1432 4731 Quid
1484 4667 1624 4736 ignis
1640 4666 1726 4721 ὀἳ
1759 4666 2015 4722 Levitatis

436 4752 920 4821 consumptionem,
969 4765 1026 4810 et
1078 4755 1313 4827 Spiritus
1344 4757 1631 4813 fervorem.
1691 4759 1828 4825 Quid
1857 4775 2014 4814 secu-

437 4837 512 4892 ris
539 4838 620 4893 ³η
677 4840 995 4900 Insatiabilis
1039 4846 1249 4914 animi,
1308 4849 1473 4902 etiam
1536 4856 1655 4915 post
1708 4847 2004 4902 adhibitum

434 4924 644 4997 fimum,
689 4933 1040 4989 excisionem.
1094 4934 1233 5000 Quid
1291 4937 1592 5006 gladius"?
1630 4936 1788 4991 Verbi
1844 4937 2009 4990 divini

436 5021 754 5090 sectionem,
788 5025 987 5080 bonum
1008 5042 1037 5080 a
1061 5027 1203 5081 malo
1226 5027 1577 5092 dividentem,
1602 5039 1763 5096 atque
1798 5026 2006 5083 fidelem

506 5127 553 5201 ’ξ
576 5130 762 5201 Matth.
805 5151 889 5197 ιιι,
932 5134 1021 5190 14.
1162 5137 1208 5168 ’⁵
1246 5137 1431 5193 Matth.
1478 5154 1555 5201 xu,
1603 5138 1685 5192 11.

438 5195 485 5228 ³ο
516 5199 645 5255 ibid.
682 5201 767 5256 to.
844 5195 887 5236 εί
917 5206 1047 5260 ibid.
1122 5205 1165 5236 ³·
1193 5205 1384 5261 Matth.
1422 5225 1476 5272 κ,
1511 5195 1599 5261 5⁷4.

506 5313 617 5385 (60)
646 5316 721 5371 Ἦ
765 5316 831 5393 τὸ
880 5315 1225 5393 ᾃιὸιξσκςιῃ
1255 5322 1363 5393 Sic
1414 5332 1522 5375 tres
1564 5320 1756 5392 chg.,
1789 5323 2008 5393 Chrys.,

434 5380 746 5460 Par:,'_etc._
768 5387 824 5439 In
858 5390 967 5460 ed.,
992 5388 1025 5460 ἢ
1054 5390 1133 5460 τῷ
1155 5391 1447 5444 διδάσκειν.

509 5453 619 5522 (61)
659 5454 762 5509 Διά
814 5453 1366 5525 τούτούς.’Νίιςθι;ιε,
1424 5461 1512 5524 διὰ
1564 5461 1787 5515 τούτων.
1845 5481 1864 5514 ε
1914 5462 2013 5516 Per

437 5521 970 5650 :gslisanctificans
996 5521 1313 5596 Iordanem;
1350 5521 1700 5587 vitu'scilicet
1733 5533 1891 5603 aquis
1914 5533 2016 5587 im-

513 5609 538 5646 r
567 5609 649 5648 ten
689 5609 743 5649 ο.

442 5604 1128 5740 Ρεῖθξίηεῧοπροδραμών.
1164 5668 1255 5727 Sic
1283 5685 1376 5728 sex
1407 5669 1571 5741 Regg.
1612 5669 1773 5727 Deest
1802 5673 1828 5726 6
1851 5671 1902 5726 in
1927 5673 2011 5727 ed.

1792 5139 1839 5170 “
1878 5137 2083 5194 Coloss.
2105 5139 2228 5203 ι,15.

2118 4484 2400 4556 κάθαρσις.
2429 4482 2494 4537 Τί
2521 4484 2578 4536 δὲ
2599 4483 2661 4536 τὸ
2686 4481 2834 4553 πῦρ;
2878 4482 2943 4535 Ἦ
2973 4479 3068 4533 τοῦ
3093 4478 3295 4546 κούφου
3325 4476 3559 4547 δαπάνη,
3596 4476 3692 4529 καὶ

2113 4577 2147 4646 ἡ
2178 4574 2327 4639 ζέσις
2356 4575 2449 4628 τοῦ
2477 4574 2816 4644 Πνεύματος.
2854 4572 2918 4625 Τί
2949 4572 3006 4624 δὲ
3043 4573 3077 4642 ἡ
3108 4570 3305 4639 ἀξίνη;
3351 4568 3691 4639 Τῆς.ὰθερα-

2115 4665 2315 4719 πεύτου
2348 4665 2529 4736 ψυχῆς
2579 4666 2613 4735 ἡ
2663 4662 2891 4734 ἐκτομὴ,
2937 4661 3032 4715 καὶ
3070 4659 3210 4731 μετὰ
3240 4659 3343 4730 τὴν
3368 4659 3593 4727 κόπρον.
3623 4654 3691 4706 Τί

2112 4757 2227 4828 δὲή
2270 4756 2548 4829 μάχαιρα;
2586 4756 2653 4809 Ἠ
2680 4753 2823 4825 τομὴ
2849 4752 2943 4807 τοῦ
2990 4752 3185 4820 Λόγου,
3241 4752 3275 4821 ἡ
3314 4745 3598 4819 διαιροῦσα
3626 4744 3691 4797 τὸ

2112 4848 2293 4916 χεῖρον
2315 4846 2424 4899 ἀπὸ
2446 4842 2542 4897 τοῦ
2569 4843 2897 4915 κρείττονος,
2932 4842 3025 4896 καὶ
3059 4838 3417 4911 διχπομοῦσα
3460 4836 3553 4889 τὸν
3596 4851 3693 4887 πι-

2119 4936 2242 4989 στὸν
2272 4935 2476 4990 καὶτὸν
2497 4934 2747 5000 ἄπιστον,
2770 4933 2865 4986 καὶ
2904 4929 3262 5000 ἐπεγείρουσα
3300 4928 3392 4981 τὸν
3423 4927 3557 4990 υἱὸν,
3595 4923 3689 4977 καὶ

2110 5027 2208 5099 τὴν
2261 5026 2553 5098 θυγατέρα,
2603 5025 2698 5079 καὶ
2737 5025 2837 5095 τὴν
2870 5023 3110 5094 νύμφην,
3150 5021 3230 5091 τῷ
3267 5018 3455 5090 πατρὶ,
3487 5016 3581 5069 καὶ
3616 5017 3689 5085 τῇ

2348 5139 2391 5171 ³⁷
2421 5137 2612 5195 Matth.
2639 5154 2725 5201 ιιι,
2764 5137 2850 5191 14.
2945 5136 2990 5168 ³⁸
3022 5136 3149 5190 ibid.
3193 5133 3279 5189 i5.
3354 5134 3398 5165 ²⁹
3427 5131 3559 5185 ibid.
3589 5128 3681 5187 12.

2112 5322 2293 5393 Schol.
2324 5336 2339 5376 :
2376 5319 2711 5393 Προδραμῲν
2741 5320 2826 5393 ὲν-
2848 5317 2923 5388 τῷ
2963 5317 3178 5393 κόσμῳ,
3202 5314 3686 5393 προδραμούμενος

2112 5396 2169 5446 ὲν
2193 5392 2270 5463 τῷ
2290 5393 2389 5464 ᾄδῃ
2411 5386 2501 5464 fuit
2515 5386 2750 5464 :tpavévrt
2784 5386 3003 5459 Χριστῷ
3031 5386 3088 5464 ιν
3110 5386 3188 5459 τῷ
3220 5386 3430 5464 κόσμῳ,
3465 5386 3560 5438 καὶ
3580 5401 3690 5453 φα-

2113 5442 2263 5517 ξθένξῖ
2285 5442 2347 5515 ἓν
2644 5477 2687 5535 «ᾔ
2707 5442 3014 5535 Praecursor
3045 5461 3095 5512 in
3130 5442 3347 5535 niundo',
3380 5442 3690 5535 ’μηρούς-ευ-

2117 5551 2206 5606 rns
2225 5535 2295 5606 in
2317 5528 2798 5606 infernoChristo,
2823 5529 2911 5606 qui
2939 5544 3093 5606 suam
3122 5528 3321 5582 mundo
3339 5528 3687 5606 prxesentiam

2114 5602 2377 5668 exhibuit,
2415 5614 2645 5666 eamque
2682 5596 2857 5653 etiam'
2879 5596 3088 5653 inferno
3115 5610 3233 5655 erat
3266 5596 3626 5652 exhibiturus.
3662 5612 3688 5647 ι

2117 5674 2205 5728 Sic
2228 5673 2391 5727 etiam
2416 5670 2653 5726 concinit
2683 5669 2849 5724 Elias.
