3910 6214
247 300 360 355 353

1180 289 1440 346 ORATIO
1487 289 1728 344 XXXIX.
1769 318 1838 328 —
1878 288 1946 344 IN
1987 289 2253 346 SANCTA
2297 289 2588 347 LUMINA.

3407 293 3515 351 554

247 407 444 480 μητρὶ,
497 408 594 461 καὶ
649 410 716 479 τῇ
779 405 1040 477 πενθερᾷ,
1095 403 1165 458 τὰ
1225 404 1320 458 νέα
1369 406 1466 459 καὶ
1519 405 1832 476 πρόσφατα.

1941 405 2006 459 ab
2035 406 2233 461 inﬁdeli
2261 417 2558 473 secantem,
2593 424 2658 464 ac
2692 407 2882 476 lilium,
2907 418 2962 466 et
2993 410 3178 474 ﬁliam,
3214 420 3506 476 etnurum,

242 504 382 564 τοῖς·
419 500 672 564 παλαιοῖς
729 500 822 553 καὶ
881 497 1156 552 σκιώδεσι.
1215 497 1279 549 Τί
1324 498 1382 550 δὲ
1433 498 1462 549 6
1507 497 1829 568 σφαιρωτὴρ

243 588 344 641 τοῦ
407 589 754 660 ὑποδήματος
786 629 801 651 ,
855 588 914 640 ὃν
965 588 1026 639 ού
1079 585 1228 650 λύεις
1285 587 1314 639 ὁ
1375 586 1656 656 βαπτίζων
1729 587 1834 657 Ἰη-

248 681 400 744 σοῦν,
427 686 455 736 6
485 683 586 754 τῆς
621 672 860 753 ἐρημίας
903 682 998 734 καὶ
1039 680 1294 751 ἄτροφος,
1340 682 1368 733 ὁ
1413 680 1534 742 νέος
1565 679 1773 743 Ἠλίας,
1805 680 1834 731 6

249 777 532 847 προφήτου
585 775 994 846 περισσότερος,
1043 775 1152 844 ὅσῳ
1200 773 1308 843 (65)
1356 773 1450 825 καὶ
1499 772 1590 826 τὸν
1624 789 1836 843 προφη-

246 867 541 937 τευὸμενον
584 863 742 930 εἶδες,
791 868 821 918 6
854 866 1099 928 Παλαιᾶς
1141 865 1236 918 καὶ
1290 863 1429 927 Νέας
1463 864 1733 935 μεσίτης;
1767 864 1832 916 Τί

246 957 437 1024 τοῦτο;
474 959 649 1028 Τυχὸν
700 961 728 1011 6
773 959 872 1028 τῆς
909 956 1206 1026 ἐπιδημίας
1239 955 1417 1024 λόγος,
1447 955 1665 1024 καὶτῆς
1694 973 1828 1026 σαρ-

246 1049 344 1112 κὸς
378 1050 514 1120 (64),
557 1045 618 1104 οὗ
651 1049 786 1120 μηδὲ
823 1051 885 1102 τὸ
925 1049 1226 1120 ἀκρότατον
1260 1048 1590 1111 εὐδιάλυτον,
1643 1048 1714 1119 μὴ
1747 1049 1829 1100 ὅτι

245 1143 356 1203 τοῖς
381 1141 491 1211 (65)
522 1143 800 1210 σαρκικοῖς
831 1140 932 1204 ἔτι,
968 1141 1063 1194 καὶ
1088 1139 1305 1210 νηπίοις
1343 1142 1400 1193 ὲν
1447 1139 1688 1212 Χριστῷ,
1715 1141 1828 1194 ἀλλ’

243 1229 367 1281 οὐδὲ
395 1234 508 1293 τοῖς
533 1229 676 1282 κατὰ
713 1229 966 1300 Ἰωάννην
1003 1230 1082 1301 τῷ
1108 1230 1409 1301 Πνεύματι.

1940 498 2198 553 adversus
2255 509 2480 568 patrem,
2539 510 2594 555 et
2646 508 2896 568 matrem,
2940 510 2996 556 et
3026 517 3236 558 socrum
3267 504 3512 558 excitan-

1944 596 2048 642 tem
2081 588 2148 653 ³³,
2194 604 2440 656 novaque
2485 599 2541 644 et
2595 591 2854 656 recentia,
2920 592 3178 646 adversus
3235 593 3408 660 prisca
3458 601 3515 646 et

1943 679 2267 734 umbratica.
2331 680 2471 746 Quid
2533 691 2711 734 autem
2767 681 3118 738 calceamenti
3177 682 3507 752 corrigia”,

1941 786 2103 838 quam
2157 787 2261 825 non
2303 772 2487 837 solvis,
2533 775 2620 840 qui
2650 771 2834 827 Jesum
2868 775 3130 842 baptizas,
3156 783 3234 839 ιιι,
3262 776 3507 843 inquam,

1939 863 2243 918 solitudinis
2270 864 2503 930 alumne,
2551 881 2611 920 ac
2650 864 2847 918 nullius
2889 865 2994 919 cibi
3041 867 3220 930 homo,
3269 874 3321 920 tu
3366 881 3504 920 nove

1938 955 2072 1018 Elia,
2099 955 2218 1024 plus
2244 971 2402 1024 quam
2451 958 2709 1026 propheta
2728 958 2796 1023 ³⁵,
2829 967 3012 1028 utpote
3038 957 3125 1026 qui
3159 973 3280 1011 eum
3317 958 3504 1024 etiam,

1937 1049 2026 1116 qui
2061 1048 2468 1117 prtedicebatur,
2499 1049 2699 1113 vidisti,
2741 1060 2794 1103 tu
2836 1050 2978 1104 inter
3019 1049 3186 1103 Vetus
3212 1057 3266 1104 et
3298 1049 3508 1103 Novum

1937 1137 2343 1192 Testamentum
2377 1137 2694 1208 interjecte?
2723 1139 2998 1194 Adventus
3033 1139 3213 1194 forsan
3256 1149 3308 1194 et
3329 1140 3511 1194 carnis

1939 1230 2238 1296 rationem,
2301 1229 2455 1297 cujus
2492 1245 2558 1283 ne
2596 1240 2840 1286 extrema
2895 1232 3112 1300 quidem
3167 1231 3324 1286 facile
3373 1230 3509 1284 solvi

246 1334 414 1391 atque
467 1322 729 1390 explicari
795 1330 1044 1390 possunt,
1105 1337 1211 1375 non
1267 1322 1442 1376 dicam
1497 1323 1566 1376 ab
1612 1323 1699 1386 iis,
1768 1322 1859 1390 qui
1901 1321 2075 1374 adlmc
2117 1321 2286 1373 crassi
2327 1329 2384 1374 et
2440 1321 2689 1378 carnales
2769 1331 2927 1386 sunt,
2980 1331 3141 1391 atque
3193 1324 3246 1376 in
3291 1322 3511 1378 Christo

248 1411 482 1482 parvuli,
511 1414 604 1466 sed
639 1427 705 1466 ne
739 1417 806 1468 ab
841 1414 908 1468 iis
937 1413 1174 1482 quidem,
1209 1415 1297 1482 qui
1332 1414 1534 1484 Spiritu
1561 1415 1820 1470 Joannem
1863 1415 2124 1469 referunt.

320 1507 441 1572 ῐζῖν.
484 1504 647 1558 Ἀλλὰ
667 1507 761 1558 καὶ
779 1505 986 1559 ἄνεισιν
1023 1505 1227 1576 Ἰησοῦς
1261 1509 1326 1560 ὲκ
1347 1507 1441 1560 τοῦ
1467 1508 1677 1573 ὓδατος.
1707 1511 1832 1562 Συν-

243 1597 508 1668 αναφέρει
567 1596 676 1667 γὰρ
725 1597 903 1668 ἑαυτῷ
933 1597 1026 1652 τὸν
1060 1598 1284 1668 κόσμον,
1327 1599 1422 1652 καὶ
1451 1603 1556 1672 ὁρᾷ.
1581 1600 1830 1672 σχιζομέ-

2012 1509 2182 1579 688
2222 1507 2361 1563 ΧΠ.
2394 1509 2462 1561 At
2502 1507 2664 1562 etiam
2703 1504 2860 1561 Jews
2899 1521 2966 1560 ex
3015 1507 3170 1576 aquis
3231 1507 3508 1573 ascendit;

1943 1607 2199 1651 mundum
2249 1599 2394 1653 enim
2441 1613 2622 1653 secum
2669 1598 2723 1651 in
2768 1597 2931 1651 altum
2973 1595 3146 1662 ell‘ert,
3202 1613 3267 1653 ac
3317 1599 3508 1666 cmlos,

242 1705 370 1750 νους
414 1687 536 1749 τοὺς
567 1687 852 1757 οὐρανοὺς,
894 1686 988 1750 οὓς
1025 1688 1053 1740 6
1087 1687 1258 1758 Ἀδὰμ
1289 1688 1531 1744 ἔκλεισεν
1563 1691 1741 1761 ἑαυτῷ
1767 1708 1826 1743 τε

1941 1699 2074 1753 quos
2122 1687 2374 1750 Adamns,
2414 1696 2468 1742 et
2495 1686 2619 1754 sibi,
2649 1696 2702 1742 et
2742 1686 3007 1757 posteris,
3052 1690 3507 1756 quemadmodum

241 1779 342 1832 καὶ
369 1780 482 1840 τοῖς
511 1780 626 1848 μετ’
653 1778 835 1840 αὑτὸν,
861 1778 1053 1848 ὥσπερ
1091 1779 1185 1832 καὶ
1231 1782 1296 1850 τῇ
1326 1780 1554 1854 φλογίνῃ
1587 1783 1832 1854 ῥομφαίᾳ

242 1871 338 1922 τὸν
367 1871 716 1940 παράδεισον.
753 1869 859 1924 Καὶ
886 1870 947 1922 τὸ
977 1871 1202 1941 Πνεῦμα
1252 1877 1526 1944 μαρτυρεῖ
1571 1875 1668 1944 τὴν
1712 1875 1832 1927 θεὸ-

242 1978 386 2030 τητα
405 1977 420 1989 ·
451 1959 530 2030 τῷ
557 1960 666 2032 γὰρ
694 1961 862 2032 ὁμοίῳ
888 1963 1218 2033 προστρέχει
1249 1980 1264 1994 ο
1317 1964 1412 2016 καὶ
1437 1966 1470 2034 ἠ
1506 1965 1563 2031 ἐξ
1591 1965 1832 2038 οὐρανῶν

244 2051 399 2122 φωνή
421 2067 434 2080 ·
486 2051 695 2103 ἐκεῖθεν
727 2051 834 2121 γὰρ
867 2053 893 2103 6
933 2052 1378 2124 μαρτυρούμενος
1399 2071 1412 2084 ·
1448 2054 1544 2107 καὶ
1567 2055 1641 2119 ὡς
1675 2073 1834 2127 περι-

245 2141 437 2208 στερὰ,
460 2143 596 2212 τιμᾷ
624 2142 733 2213 γὰρ
753 2143 814 2195 τὸ
845 2142 1028 2213 σῶμα,
1058 2143 1181 2195 ἐπεὶ
1210 2144 1306 2196 καὶ
1328 2143 1486 2198 τοῦτο
1521 2148 1585 2216 τῇ
1640 2145 1832 2199 θεῶσει

241 2233 402 2298 Θεὸς,
457 2233 788 2303 σωματικῶς
827 2234 1100 2306 ὁρωμένη.
1151 2236 1260 2288 Καὶ
1292 2235 1409 2306 ἅμα
1441 2236 1723 2308 πόρρωθεν
1754 2238 1834 2290 εἴ-

244 2326 428 2377 θισται
481 2325 784 2396 περιστερὰ
825 2311 1216 2396 κατακλυσμοῦ
1274 2325 1429 2380 λύσιν
1489 2328 1833 2396 εὐαγγελίζε-

248 2415 397 2468 σθαι.
429 2416 492 2467 Εί
515 2416 572 2468 δὲ
598 2416 784 2484 ὁγκοις
809 2417 902 2469 καὶ
932 2417 1192 2487 σταθμοῖς
1219 2416 1424 2488 κρίνεις
1457 2417 1706 2488 θεότητα,
1741 2421 1833 2472 καὶ

242 2507 334 2559 διὰ
363 2505 524 2558 τοῦτο
558 2508 752 2578 μικρόν
784 2524 864 2560 σοι
895 2508 957 2560 τὸ
972 2507 1215 2577 Πνεῦμα,
1241 2509 1322 2560 ὅτι
1344 2509 1401 2559 ὲν
1424 2509 1554 2562 εῖδει
1588 2527 1837 2580 περιστε-

248 2599 370 2668 ρᾶς,
394 2592 440 2650 ὦ
472 2598 764 2667 μικρόλογε
801 2600 933 2670 περὶ
961 2598 1029 2651 τὰ
1066 2601 1320 2669 μέγιστα,
1351 2598 1466 2670 ὥρα
1496 2618 1577 2654 σοι
1608 2602 1698 2654 καὶ
1739 2601 1836 2671 βα-

247 2690 454 2743 σιλείαν
497 2689 745 2760 οὐρανῶν
790 2690 1083 2759 ἀτιμάζειν
1115 2732 1130 2757 ,
1184 2691 1266 2742 ὃτι
1327 2689 1512 2760 κόκκῳ
1567 2692 1835 2755 σινάπεως

244 2787 641 2852 ἀπεικάζεται·
698 2786 930 2856 καὶτῆς
975 2784 1152 2855 Ἰησοῦ
1201 2783 1616 2855 μεγαλειότητος
1666 2784 1836 2854 ὑπερ-

245 2880 427 2951 αίρειν
467 2881 558 2933 τὸν
599 2879 995 2950 ἀντικείμενον.
1025 2879 1158 2931 ὅτιὸ
1190 2879 1288 2950 μὲν
1316 2877 1440 2948 ὅρος
1475 2877 1618 2947 μέγα
1650 2875 1832 2928 καλεῖ-

243 2988 357 3034 ται,
392 2971 486 3025 καὶ
517 2970 792 3036 λευῖαθὰν,
833 2970 927 3022 καὶ
954 2968 1204 3038 βασιλεὺς
1233 2967 1340 3020 τῶν
1370 2968 1428 3019 ἐν
1455 2968 1566 3030 τοῖς
1597 2963 1786 3017 ὕδασιν
1815 2976 1828 2989 ⁶

1944 1789 1996 1832 et
2046 1778 2293 1831 ﬂammeo
2337 1778 2514 1848 gladio
2559 1778 2863 1847 paradisum
2891 1819 2904 1844 ,
2941 1777 3212 1832 clauserat
3253 1779 3319 1846 ³⁸,
3375 1780 3508 1837 ﬁndi

1934 1878 2096 1938 atque
2135 1869 2332 1938 aperiri
2357 1868 2550 1922 cernit.
2577 1871 2656 1922 Ac
2679 1867 2914 1935 Spiritus
2971 1866 3226 1922 deitatem
3256 1877 3507 1935 testatur,

1934 1963 2186 2016 nimirum
2225 1961 2289 2014 ad
2328 1974 2512 2030 parem
2551 1974 2878 2025 accurrens;
2909 1968 2961 2014 et
2991 1976 3095 2015 vox
3127 1959 3343 2016 caelitus
3383 1960 3509 2013 mit-

1937 2054 2067 2107 titur
2095 2055 2164 2119 ³⁷;
2202 2053 2350 2106 illine
2377 2054 2520 2107 enim
2547 2052 2592 2106 is
2625 2062 2762 2118 erat,
2789 2054 3258 2107 cuitestimonium
3285 2052 3508 2108 diceba-

1935 2155 2054 2210 tur;
2093 2154 2145 2198 et
2181 2156 2237 2196 ut
2277 2143 2606 2207 columba“,
2632 2159 2830 2214 corpus
2881 2145 3024 2199 enim
3071 2145 3278 2200 honore
3322 2142 3505 2210 alﬁcit,

1933 2235 2366 2307 quandoquidem
2419 2236 2521 2289 hoc
2571 2237 2736 2289 etiam
2786 2251 2881 2305 per
2932 2235 3330 2291 deiﬁcationem
3366 2237 3507 2290 Deus

1934 2338 2050 2391 est,
2096 2339 2356 2395 corporeo
2405 2325 2567 2378 modo
2627 2335 2944 2392 conspecta.
2993 2326 3072 2380 Ac
3123 2325 3284 2380 simul
3325 2324 3510 2380 multis

1935 2427 2080 2470 retro
2107 2414 2319 2468 sacculis
2359 2413 2606 2467 columba
2667 2414 2849 2467 diluvii
2894 2415 3054 2467 linem
3083 2414 3334 2469 nuntiare
3379 2428 3510 2468 con-

1933 2509 2190 2564 suevit”.
2228 2507 2379 2573 Quod
2404 2507 2450 2561 si
2485 2506 2626 2560 mole
2671 2521 2735 2560 ac
2782 2507 3020 2575 pondere
3063 2507 3320 2561 deitatem
3363 2506 3509 2560 msti-

1936 2615 2073 2666 nias,
2108 2614 2172 2654 ac
2205 2610 2490 2669 propterea
2532 2597 2795 2666 Spiritum
2845 2613 3068 2667 parvum
3116 2612 3238 2653 esse
3277 2612 3504 2663 censes,

1933 2692 2057 2761 quia
2094 2693 2144 2744 in
2176 2691 2440 2746 columbae
2485 2689 2658 2744 forma
2693 2691 2955 2756 cernitur,
2981 2705 3014 2745 ο
3041 2691 3204 2744 homo
3244 2690 3297 2744 in
3330 2688 3508 2746 maxi-

1935 2784 2036 2837 mis
2066 2784 2225 2837 rebus
2282 2783 2488 2836 minute
2523 2797 2586 2837 ac
2625 2782 2830 2852 jejune,
2855 2781 2964 2850 jam
3001 2782 3092 2835 tibi
3120 2797 3342 2851 regnum
3367 2796 3505 2852 quo-

1933 2889 2037 2941 que
2077 2872 2341 2927 cmlorum
2374 2873 2826 2928 contemnendum
2865 2880 2918 2926 et
2948 2886 3046 2942 pro
3089 2872 3258 2926 nihilo
3303 2881 3506 2942 putan-

1933 2964 2059 3017 dum
2115 2973 2227 3029 esl,
2278 2965 2403 3032 quia
2466 2964 2668 3032 sinapis
2732 2979 2903 3034 grano
2960 2974 3306 3034 comparatur
3332 2964 3406 3029 ⁵⁸,
3442 2980 3508 3022 ac

243 3063 274 3114 6
304 3064 363 3116 δὲ
407 3063 602 3135 ἀμνὸς,
659 3063 753 3115 καὶ
800 3059 1172 3132 μαργαρίτης,
1219 3059 1316 3114 καὶ
1353 3056 1594 3126 σταγὼν,
1629 3057 1724 3110 καὶ
1760 3055 1830 3108 τὰ

1941 3056 2202 3125 majestati
2228 3054 2354 3110 Jesu
2383 3055 2755 3123 prtel'erendus
2779 3055 3119 3110 adversarius
3147 3056 3215 3120 “,
3248 3056 3506 3126 quoniam

243 3156 474 3210 τοιαῦτα
508 3152 993 3227 προσαγορεύεται.

244 3259 300 3300 ct
347 3262 441 3300 rex
473 3263 658 3301 eorum
713 3259 830 3312 quae
881 3243 934 3296 in
977 3243 1131 3312 aquis
1157 3239 1458 3312 degunt“:
1511 3239 1599 3293 ille
1641 3247 1818 3291 autem
1856 3236 2102 3306 agnus“,
2125 3247 2178 3292 et
2215 3237 2506 3307 margarita
2560 3236 2628 3303 ⁸⁵,
2667 3245 2720 3290 et
2766 3245 2938 3306 gutta,

247 3339 561 3396 nominibus
601 3337 920 3403 appellatur.

328 3433 436 3484 12⁷.
480 3427 634 3482 Ἐπεὶ
669 3427 725 3478 δὲ
786 3425 1160 3496 βαπτίσματος
1191 3422 1224 3493 ἡ
1269 3422 1596 3491 πανήγυρις,
1631 3419 1725 3472 καὶ
1753 3418 1832 3470 δεῖ

249 3523 448 3595 μικρόν
477 3537 531 3572 τι
572 3515 1103 3589 προσκακοπαθῆσαι
1137 3513 1216 3584 τῷ
1255 3513 1366 3584 (66)
1408 3513 1476 3566 δι’
1516 3514 1662 3582 ἡμᾶς
1698 3527 1830 3581 μορ-

247 3613 506 3683 φωθέντι,
557 3610 651 3664 καὶ
693 3607 1066 3678 βαπτισθέντι,
1101 3607 1196 3660 καὶ
1232 3603 1622 3676 σταυρωθέντι,
1675 3601 1830 3672 φέρε,

250 3707 306 3758 τὶ
337 3705 466 3774 περὶ
495 3703 760 3773 διαφορᾶς
803 3698 1197 3770 βαπτισμόπων
1252 3697 1724 3767 φιλοσοφήσωμεν,
1767 3692 1831 3747 ἵν’

248 3795 578 3864 ἀπέλθωμεν
608 3791 858 3844 ἐντεῦθεν
883 3787 1307 3859 κεκαθαρμένοι.
1352 3786 1646 3839 Ἐϐάπτισε
1679 3783 1836 3836 Μωῦ-

251 3889 374 3959 σῆς,
407 3873 522 3940 ἀλλ’
553 3888 610 3939 ὲν
645 3885 834 3938 ὕδατι·
867 3885 962 3938 καὶ
1009 3883 1115 3954 πρὸ
1154 3883 1370 3945 τούτου,
1407 3884 1465 3936 ὲν
1493 3879 1691 3952 νεφέλῃ
1742 3877 1835 3930 καὶ

249 3982 308 4032 ὲν
337 3977 584 4046 Θαλάσσῃ
609 3977 741 4045 (67).
768 3975 1027 4037 Τυπικῶς
1054 3974 1112 4027 δὲ
1133 3972 1290 4026 τοῦτο
1311 3969 1401 4042 ἦν,
1426 3971 1500 4033 ὡς
1522 3970 1616 4023 καὶ
1641 3966 1836 4036 Παύλῳ

251 4071 436 4125 δοκεῖ·
465 4070 499 4139 ἡ
530 4066 794 4134 θάλασσα,
826 4066 921 4119 τοῦ
965 4065 1156 4128 ὓδατος
1175 4080 1190 4094 ο
1226 4065 1260 4134 ἡ
1291 4061 1510 4132 νεφέλη,
1541 4059 1635 4113 τοῦ
1666 4057 1838 4112 Πνεύ-

255 4178 460 4234 ματος·
490 4159 551 4210 τὸ
583 4158 778 4230 μάννα,
835 4156 929 4210 τοῦ
979 4157 1079 4226 τῆς
1129 4153 1276 4224 ζωῆς
1325 4153 1492 4224 ἄρτου
1516 4169 1528 4181 ο
1564 4150 1624 4202 τὸ
1661 4149 1832 4218 πόμα,

249 4253 345 4308 τοῦ
397 4251 543 4304 θείου
604 4250 867 4320 πόματος.
914 4247 1207 4300 Ἐὁάπτισε
1262 4245 1357 4298 καὶ
1402 4243 1674 4313 Ἰωάννης,
1737 4241 1838 4293 οὐκ

251 4344 335 4395 ἔτι
366 4342 464 4413 μὲν
501 4339 807 4402 Ἰουδαϊκῶς
828 4357 840 4370 ·
878 4339 938 4391 οὐ
965 4337 1074 4409 γὰρ
1099 4337 1156 4390 ὲν
1192 4335 1346 4389 ὕδατι
1380 4335 1560 4405 μόνον,
1586 4332 1720 4386 ἀλλὰ
1743 4333 1837 4386 καὶ

251 4438 335 4498 εἰς
359 4433 681 4504 μετάνοιαν·
734 4429 888 4483 οὔπω
919 4431 977 4483 δὲ
1008 4429 1128 4482 ὅλον
1175 4425 1562 4496 πνευματικῶς
1583 4439 1596 4452 ⁸
1633 4425 1693 4477 οὐ
1729 4423 1838 4494 γὰρ

252 4522 582 4596 προστίθησι
616 4521 697 4586 τὸ,
731 4523 788 4574 ὲν
818 4519 1118 4590 Πνεύματι.
1178 4516 1441 4581 Βαπτίζει
1477 4516 1570 4570 καὶ
1607 4515 1835 4586 Ἰησοῦς,

252 4613 370 4667 ἀλλ’
397 4615 455 4664 ἐν
496 4610 799 4680 Πνεύματι.
847 4607 1018 4661 Τοῦτο
1061 4609 1096 4678 ἡ
1143 4606 1441 4677 τελειότης.
1487 4604 1599 4659 Καὶ
1633 4603 1748 4666 πῶς
1776 4605 1836 4656 ού

1937 3146 2024 3199 hic
2051 3146 2267 3215 quidem
2312 3161 2466 3200 mons
2489 3161 2714 3214 magnus
2757 3155 2977 3201 vocatur
2998 3148 3064 3213 ι’,
3101 3157 3156 3201 et
3207 3147 3503 3211 leviathan,

3017 3245 3178 3305 atque
3251 3236 3304 3290 id
3340 3251 3507 3305 genus

2006 3411 2170 3468 XVII.
2201 3410 2466 3478 Quoniam
2511 3420 2689 3464 autem
2735 3409 2988 3480 baptismi
3031 3410 3133 3466 hoc
3168 3409 3364 3466 festum
3391 3420 3496 3478 est,

1933 3520 2030 3573 pro
2063 3518 2127 3558 eo
2161 3503 2254 3573 qui
2305 3513 2490 3556 nostra
2523 3516 2686 3555 causa
2735 3501 3034 3568 formatus,
3075 3512 3128 3556 et
3156 3503 3466 3573 baptizatus
3487 3544 3505 3570 ,

1934 3608 2096 3665 atque
2137 3596 2190 3648 in
2243 3609 2460 3648 crucem
2513 3594 2763 3648 sublatus
2814 3604 2914 3656 est,
2971 3595 3209 3648 nonnihil
3255 3611 3509 3652 aerumna

1935 3686 2162 3741 sull'erre
2220 3684 2506 3748 convenit,
2561 3698 2701 3752 age,
2755 3684 2821 3738 de
2883 3684 3051 3738 variis
3111 3685 3503 3754 baptismornm

1935 3779 2223 3847 generibus
2257 3777 2460 3845 aliquid
2503 3769 2855 3840 disseramus,
2883 3784 2943 3830 ut
2970 3777 3097 3831 hinc
3145 3779 3356 3848 purgati
3393 3779 3512 3833 dis-

1935 3871 2214 3923 cedamus.
2259 3865 2802 3936 BaptizavitMoyses,
2831 3881 3016 3920 verum
3049 3869 3101 3918 in
3132 3881 3294 3936 aqua,
3327 3870 3510 3936 prius-

1935 3974 2040 4030 que
2066 3959 2228 4014 etiam
2260 3959 2312 4012 iu
2349 3959 2490 4012 nube
2523 3966 2577 4010 et
2605 3957 2658 4010 in
2698 3956 2832 4011 mari
2856 3955 2923 4011 “.
2953 3957 3218 4011 Cmterum
3275 3958 3375 4012 hoc
3413 3974 3512 4026 per

1938 4052 2164 4120 ﬁguram
2199 4049 2484 4120 agebatur,
2524 4048 2980 4118 quemadmodum
3025 4059 3080 4102 et
3106 4048 3272 4103 Paulo
3309 4047 3506 4117 placet.

1936 4142 2088 4194 Mare
2117 4139 2262 4194 enim
2296 4154 2513 4208 aquam,
2567 4139 2738 4193 nubes
2773 4137 3055 4208 Spiritum,
3085 4156 3278 4193 manna
3315 4155 3506 4207 panem

1937 4229 2084 4282 illum
2118 4230 2259 4296 vitae,
2299 4228 2447 4298 p0Iio
2490 4230 2726 4283 divinam
2779 4230 3051 4298 potionem
3125 4230 3506 4285 adumbrabat.

1938 4320 2237 4391 Baptizavit
2279 4320 2442 4374 etiam
2489 4319 2760 4386 Joannes,
2816 4336 2920 4374 non
2963 4321 3074 4390 jam
3139 4321 3226 4374 ille
3280 4321 3495 4390 quidem

1936 4411 2162 4467 Judaico
2191 4427 2362 4477 more,
2397 4427 2500 4465 non
2547 4412 2689 4466 enim
2734 4412 2784 4464 in
2824 4426 2960 4481 aqua
2989 4411 3187 4476 solum,
3221 4414 3313 4466 sed
3343 4413 3508 4468 etiam

1939 4503 2006 4556 ad
2039 4502 2408 4571 paenitentiam
2439 4517 2453 4565 ;
2496 4503 2732 4555 nondum
2775 4512 2952 4555 tamen
3000 4518 3225 4572 prorsus
3250 4503 3508 4572 spiritua~

1941 4595 2084 4660 liter,
2129 4609 2228 4648 nec
2280 4593 2422 4648 enim
2457 4595 2624 4661 addit,
2667 4595 2720 4647 in
2762 4594 2990 4664 Spiritu.
3022 4594 3269 4665 Baptizat
3293 4611 3508 4666 quoque

253 4705 410 4767 Θεὸς,
434 4704 522 4756 ἵνα
546 4719 600 4754 τι
631 4701 1046 4772 παραθαρῤήσω
1070 4698 1182 4770 (68)
1226 4698 1441 4768 μικρὸν,
1473 4695 1532 4760 ἐξ
1555 4688 1616 4749 οὗ
1646 4696 1738 4749 καὶ
1774 4697 1832 4749 σὺ

1942 4687 2122 4755 Jesus,
2173 4687 2266 4743 sed
2321 4689 2372 4741 in
2430 4688 2656 4757 Spiritu.
2711 4688 3157 4758 Quandoquidem
3208 4689 3506 4742 perlectum

324 4839 371 4871 ³³
397 4835 588 4891 Matth.
625 4851 680 4898 χ,
709 4834 797 4887 55.
880 4832 926 4863 ³⁸
953 4831 1144 4885 Matth.
1181 4847 1260 4890 ιιι,
1288 4830 1378 4885 Η.

255 4911 299 4942 ³⁹
338 4909 474 4963 Gen.
511 4923 627 4962 vnl.
670 4905 752 4958 10.
865 4903 909 4933 ⁸ο
955 4902 1142 4954 Matth.
1201 4917 1320 4961 xm.
1361 4900 1450 4953 5|.

1454 4828 1498 4861 ³⁵
1534 4827 1723 4881 Matth.
1753 4842 1830 4885 ιι,

1987 4823 2031 4854 ³⁸
2059 4821 2196 4876 Gen.
2232 4820 2425 4884 "1,24.
2503 4818 2546 4850 ³⁷
2585 4818 2773 4871 Matth.
2801 4833 2878 4881 ιιι,
2903 4818 2990 4872 l7.
3064 4817 3110 4850 ³⁸
3138 4816 3264 4870 Luc.
3288 4833 3368 4882 ιιι,
3416 4818 3505 4872 9.2.

1555 4899 1598 4928 “
1631 4898 1796 4950 Zach.
1830 4912 1904 4957 Iv,
1932 4893 1983 4946 7.

2087 4893 2131 4923 "
2195 4891 2329 4944 Dan.
2381 4906 2452 4952 ιι,
2503 4889 2592 4943 45.
2705 4887 2753 4921 ⁸³
2792 4887 2892 4942 Job
2926 4903 3006 4952 Ill,
3039 4886 3092 4941 8.

3191 4886 3237 4918 "'
3275 4887 3428 4942 Joan.
3467 4905 3505 4954 ι,

255 4980 348 5033 29.
423 4980 468 5008 ’⁸⁵
491 4977 678 5030 Matth.
706 4989 826 5037 xm,
853 4972 940 5026 46,
1019 4971 1064 5002 ’⁸⁸
1093 4971 1260 5024 Exod.
1292 4986 1413 5034 ιιιιι,
1441 4969 1534 5022 25.
1589 4969 1602 5020 l
1635 4969 1765 5020 Cor.
1792 4981 1832 5018 xi

1941 4978 2059 5032 sqq.

330 5110 446 5176 (65)
485 5104 854 5176 "001p.Coisl.
881 5104 938 5166 2,
965 5103 1106 5154 ὅσον.

329 5169 444 5247 (64)
483 5175 728 5247 Σαρκρς.
762 5174 892 5247 Reg.
932 5169 1356 5247 ciaapxtbcswg.

329 5237 443 5319 (65)
480 5237 580 5315 Μῆ
630 5237 908 5321 (iit-toi}.
966 5237 1096 5321 Reg.
1162 5256 1230 5321 c,.
1275 5240 1348 5321 pi")
1413 5237 1494 5289 ὅτι
1562 5253 1640 5321 γε¹
1697 5237 1828 5308 ἡμῖν

263 5307 391 5381 τοῖς,
425 5307 446 5367 ἱ
485 5307 588 5371 non
621 5314 835 5383 quidem
876 5330 904 5365 a
937 5307 1112 5377 nobis,
1142 5309 1231 5376 qui
1262 5307 1436 5362 adhuc
1462 5307 1707 5360 carnales
1741 5325 1831 5360 su-

259 5406 402 5445 mus.
434 5407 453 5438 ι
487 5397 592 5440 etc.

329 5443 445 5529 (66)
482 5449 1063 5529 Περσκᾳκοπαθῆσαι
1090 5447 1188 5512 τῷ,
1215 5444 1568 5529 etcLBudzeus
1598 5443 1648 5529 in
1677 5443 1832 5529 Coin-

259 5515 440 5584 me'nt.’
466 5515 632 5596 p.75,
663 5524 741 5578 sic
774 5515 1155 5596 interpretatur
1185 5533 1198 5568 :
1234 5536 1250 5566 ι
1300 5517 1475 5596 listin
1505 5515 1831 5596 contnelmpla-

261 5583 425 5652 tit-mei
460 5583 511 5651 et
564 5583 1073 5648 cotmnetuoratimte
1122 5586 1468 5640 humanitatis
1524 5598 1556 5637 a
1613 5583 1832 5637 Christo

262 5669 544 5723 Salvature
573 5660 982 5734 suntptze,_allici
1015 5658 1216 5734 dolore,
1247 5665 1301 5734 et
1332 5653 1614 5734 macerari,
1637 5665 1700 5734 .et
1731 5668 1828 5722 pe—

262 5757 330 5795 ne
378 5723 731 5792 intabescere.
773 5723 813 5782 ι’
835 5730 985 5784 Unde
1021 5727 1100 5782 sic
1135 5725 1267 5780 verti
1303 5732 1476 5787 potest
1519 5724 1604 5778 hic
1637 5723 1783 5777 locus
1813 5737 1827 5774 :

1942 5116 1960 5148 ι
1995 5097 2255 5163 Quoniam
2279 5095 2439 5164 igitur
2463 5092 2710 5160 baptismi
2731 5091 2931 5164 festum
2956 5099 3253 5164 est,oper:e
3276 5090 3505 5157 pretium

1939 5161 2119 5228 fuerit,
2156 5175 2212 5218 ut
2239 5161 2440 5231 in'ejus
2473 5161 3097 5231 contemplatione,qni_
3124 5169 3307 5211 nostra
3344 5175 3506 5214 causa

1935 5237 2222 5290 humanam
2256 5229 2500 5287 naturam
2529 5231 2842 5296 assumpsit,
2873 5243 2926 5282 et
2959 5229 3257 5295 baptizatus
3290 5243 3354 5281 ac
3385 5245 3508 5282 cru-

1937 5307 2128 5358 cilixus
2151 5315 2252 5370 est,
2284 5319 2390 5357 non
2429 5303 2561 5356 nihil
2605 5301 2804 5354 laboris
2834 5311 2994 5368 atque
3021 5313 3378 5351 aerumnarum
3418 5314 3509 5368 pa-

1941 5376 2156 5435 tiamur,
2187 5393 2203 5424 ι
2239 5384 2342 5428 etc.

2029 5445 2116 5510 67)
2170 5445 2272 5496 Ἐν
2303 5440 2609 5508 θαλάσσῃ.
2647 5437 2805 5510 Πςθει
2835 5438 2975 5510 ἐνῌίη
3001 5438 3238 5510 quinque
3266 5435 3436 5510 Regg.

2027 5506 2116 5575 68)
2153 5506 2615 5580 Παραθαρῤήσὼ.
2664 5507 2853 5562 Plures
2890 5507 3080 5580 licgg,.
3121 5507 3302 5580 plures
3324 5506 3508 5580 Colb.,

1935 5575 2042 5637 dub
2087 5575 2273 5648 CoiSII,
2324 5575 2522 5644 uti)";
2562 5593 2690 5642 etc.,
2732 5575 3295 5648 παραθεωρήσω.δίο
3344 5576 3506 5648 etiam

1935 5653 2064 5722 legit
2112 5647 2300 5708 Billius
2332 5667 2395 5707 ac
2430 5653 2588 5708 vertit
2639 5667 2652 5700 :
2699 5666 2718 5699 ι
2761 5647 2824 5702 ιιι
2853 5648 3026 5702 obiter
3075 5647 3202 5702 illud
3259 5647 3509 5702 conside-

1938 5738 2070 5779 rem.
2113 5741 2130 5774 ι
