3910 6214
377 296 485 354 355

1615 283 1674 339 S.
1716 280 2045 339 GREGORII
2084 277 2432 336 THEOLOGI

3541 268 3659 325 356

382 404 731 475 numerisque
767 401 1019 457 omniuus
1063 396 1378 459 absolutum
1401 396 1732 466 baptismum
1758 393 1957 449 reddit.

2091 394 2187 464 ’ίνῃ
2215 391 2379 455 Θεός;
2410 386 2539 444 Οἶδα
2570 388 2667 443 καὶ
2692 388 2955 457 τέταρτον
2983 383 3289 454 βάπτισμα,
3312 380 3375 434 τὸ
3389 381 3477 434 διὰ
3505 398 3656 455 μαρ-

381 501 522 568 Quid
547 505 748 560 autem,
775 503 835 548 ut
862 492 1020 562 paulo
1051 490 1305 545 ﬁdentius
1336 490 1510 544 obiter
1531 487 1735 558 aliquid
1763 486 1961 548 dicam,

386 589 566 656 adferri
605 594 807 658 potest,
846 586 975 653 quin
1011 582 1101 637 ille
1133 582 1279 636 Deus
1312 597 1415 635 non
1463 581 1554 647 sit,
1594 594 1690 650 per
1720 592 1883 649 quem
1909 586 1965 631 tu

388 685 531 739 Deus
566 679 796 735 eiﬁccris
823 677 847 731 ?
870 677 1129 742 Quartum
1149 673 1312 729 etiam
1342 672 1592 742 baptismi
1622 686 1794 742 genus
1817 670 1962 733 novi,

387 787 579 842 nempe
603 771 745 840 quod
773 767 1032 838 martyrio
1067 776 1122 821 et
1156 764 1420 835 sanguine
1457 773 1826 834 comparatur,
1850 777 1959 832 quo

389 867 503 936 ipse
528 878 740 933 quoque
784 861 1034 915 Christus
1075 858 1384 929 baptizatus
1439 866 1545 924 est,
1572 865 1627 910 et
1652 853 1867 925 quidem
1900 868 1967 909 eo

390 956 604 1011 cmteris
637 954 945 1023 augustius,
971 952 1116 1021 quod
1147 950 1308 1004 nullis
1340 957 1526 1018 postea
1562 947 1813 1002 sordibus
1834 961 1966 1001 con-

392 1049 702 1101 taminatur.
743 1044 1001 1111 Quintum
1049 1043 1224 1098 locum
1263 1041 1625 1111 lacrymarum
1663 1039 1968 1108 baptismus

392 1146 567 1193 tenet:
597 1152 785 1192 verum
822 1135 1083 1206 martyrio
1125 1135 1366 1202 asperior
1415 1144 1470 1188 et
1513 1132 1836 1188 laboriosior
1859 1142 1963 1195 est,

387 1236 572 1296 utpote
597 1226 766 1296 689
799 1227 888 1295 qui
919 1239 1013 1294 per
1040 1223 1280 1292 singulas
1330 1232 1516 1277 noctes
1556 1223 1754 1275 lectum
1785 1236 1944 1274 suum

390 1334 455 1373 ac
485 1328 712 1372 stratum
744 1316 997 1385 lacrymis
1031 1314 1264 1378 lavat",
1289 1312 1377 1367 cui
1418 1313 1546 1382 ipsa:
1591 1325 1807 1381 quoque
1840 1310 1959 1363 vitii

392 1411 676 1465 cicatrices
729 1409 897 1464 fetent
931 1407 977 1439 ⁸⁸
1002 1423 1017 1473 ;
1044 1407 1135 1474 qui
1166 1405 1355 1475 lugens
1398 1414 1454 1458 et
1481 1404 1835 1459 contristatus
1868 1404 1956 1456 in-

390 1502 632 1569 greditur
651 1500 719 1567 ‘9,
747 1509 802 1554 et
852 1499 942 1568 qui
995 1496 1265 1552 Manassis
1309 1496 1742 1566 resipiscentiam
1774 1495 1821 1527 ⁸ο
1842 1534 1857 1560 ,
1891 1509 1956 1550 ac

390 1590 749 1645 Ninivitarum
791 1589 1147 1644 humilitatem
1193 1588 1263 1653 ⁵³,
1295 1588 1383 1640 cui
1444 1585 1819 1643 misericordia
1870 1588 1972 1641 im-

393 1682 589 1752 pertita
617 1690 718 1744 est.
746 1681 1023 1745 imitatur;
1054 1680 1147 1750 qui
1191 1679 1470 1734 Publicani
1501 1679 1684 1733 verbis
1730 1679 1785 1732 in
1831 1686 1974 1733 tem-

2070 485 2259 556 τυρίου
2292 484 2389 538 καὶ
2439 483 2694 554 αἵματος,
2734 481 2764 533 δ
2802 479 2896 532 καὶ
2949 476 3112 539 αὐτὸς
3160 473 3395 545 Χριστὸς
3429 472 3658 527 ἐϐαπτίο

2073 596 2221 643 σατο,
2254 577 2350 630 καὶ
2383 574 2516 630 πολύ
2549 591 2614 645 γε
2657 572 2769 627 τῶν
2821 571 2997 625 ἄλλων
3047 564 3491 637 αἱδεσιμώτερον,
3543 567 3657 634 ὅσῳ

2071 670 2343 741 δευτέροις
2369 667 2559 738 ρύποις
2612 667 2673 719 οὐ
2725 662 3029 735 μολύνεται.
3066 654 3199 712 Οἶδα
3245 655 3341 710 καὶ
3401 654 3656 726 πέμπτον

2073 761 2176 824 ἔτι,
2210 760 2272 814 τὸ
2296 758 2405 813 τῶν
2443 757 2555 829 (69)
2586 754 2864 827 δακρύων⁹
2917 750 3029 805 ἀλλ’
3063 744 3486 816 ἐπιπονώτερον,
3515 744 3593 808 ὡς
3627 746 3658 797 ὁ

2072 852 2244 906 λούων
2276 850 2401 905 καθ’
2427 848 2665 918 ἑκάστην
2691 843 2862 898 νύκτα
2887 842 2988 914 τὴν
3031 838 3220 909 κλίνην
3240 833 3404 889 αὑτοῦ
3431 834 3527 887 καὶ
3553 832 3658 904 τὴν

2076 941 2365 1014 στρωμνὴν
2420 941 2533 1002 τοῖς
2588 937 2872 1007 δάκρυσιν,
2916 925 2960 1000 ᾧ
3005 929 3106 999 τῆς
3139 925 3340 988 κακίας
3374 921 3655 996 προσῶζε-

2076 1053 2174 1090 σαν
2215 1033 2325 1106 (70)
2359 1034 2454 1086 καὶ
2483 1034 2530 1084 οἱ
2565 1028 2866 1101 μώλωπεςσ
2902 1025 2960 1088 ὃς
3002 1019 3215 1077 πενθῶν
3271 1018 3365 1071 καὶ
3406 1015 3659 1085 σκυθρω-

2075 1129 2263 1193 πάζων
2305 1123 2617 1197 πορεύεται,
2650 1121 2747 1175 καὶ
2770 1120 2828 1182 ὃς
2848 1117 2960 1190 (71)
2995 1117 3243 1187 μιμεῖται
3275 1111 3371 1182 τὴν
3400 1112 3659 1179 ἐπιστροο

2075 1220 2182 1291 φὴν
2215 1217 2506 1287 Μανασσῆ,
2542 1214 2636 1268 καὶ⁹
2665 1211 2765 1284 τὴν
2810 1209 2917 1263 τῶν
2979 1206 3091 1278 (7⁸2)
3144 1201 3442 1258 Νινευῖτῶν
3487 1200 3661 1271 ἠλεη-

2080 1290 2249 1383 μένην
2280 1308 2390 1382 (75)
2426 1306 2753 1362 ταπείνωσιν
2774 1318 2788 1332 ⁸
2834 1301 2892 1365 ὃς
2922 1299 3217 1370 φθέγγεται
3240 1295 3339 1358 τὰς
3367 1292 3465 1347 τοῦ
3490 1290 3665 1346 τελώο

2077 1423 2168 1460 νου
2192 1403 2375 1474 φωνὰς
2400 1403 2458 1456 ὲν
2487 1399 2566 1471 τῷ
2598 1398 2748 1470 ίερῷ,
2782 1396 2877 1449 καὶ
2904 1390 3207 1447 δικαιοῦται
3247 1387 3398 1461 παρὰ
3429 1386 3523 1440 τὸν
3556 1401 3660 1456 με-

2078 1498 2348 1568 γάλαυχον
2373 1496 2666 1566 Φαρισαῖον
2686 1507 2700 1521 ⁸
2733 1491 2792 1554 ὃς
2822 1485 3124 1556 συγκύπτει
3164 1482 3309 1537 κατὰ
3342 1481 3441 1551 τὴν
3470 1480 3661 1532 Χανα-

2079 1589 2256 1655 ναίαν,
2317 1587 2411 1641 καὶ
2445 1584 2600 1656 ζητεῖ
2655 1577 3096 1652 φιλανθρωπίαν,
3132 1576 3228 1630 καὶ
3270 1573 3457 1644 ψίχας,
3496 1569 3661 1633 κυνὸς

2079 1681 2286 1753 τροφὴν
2305 1680 2446 1749 ἄγαν
2474 1675 2837 1748 λιμώττοντος

391 1776 480 1845 plo
539 1776 709 1829 utitur
728 1776 798 1843 ⁸⁸,
851 1789 915 1828 ac
960 1787 1123 1842 supra
1175 1769 1499 1826 insolentem
1561 1776 1617 1823 et
1670 1772 1962 1839 superbum
2038 1771 2371 1827 Pharisaaum
2407 1766 2773 1838 justiﬁeatur;
2853 1763 2946 1833 qui
3027 1762 3285 1830 denique,
3340 1755 3665 1811 Chauanm

393 1868 649 1932 instar”,
688 1865 1040 1937 deprimitur,
1078 1872 1134 1918 et
1162 1860 1587 1918 misericordiam
1642 1859 1916 1933 implorat,
1943 1878 2007 1920 ac
2045 1865 2234 1926 micas.
2260 1864 2360 1918 hoc
2393 1862 2544 1917 canis
2570 1857 2873 1915 vehementi
2905 1856 3049 1910 fame
3078 1850 3317 1921 correpti
3355 1847 3611 1920 pabulum
3642 1887 3661 1911 ,

392 1959 660 2030 exposcit.

470 2028 654 2106 XVIII.
676 2049 794 2120 Ipse
815 2048 1031 2119 quidem
1055 2046 1199 2119 (nam
1233 2045 1504 2101 hominem
1539 2060 1624 2101 me
1647 2060 1767 2102 esse
1786 2048 1975 2109 fateor,

2155 2049 2261 2102 IH'.
2307 2043 2448 2113 Ἐγὼ
2487 2043 2585 2113 μὲν
2617 2035 2710 2095 οῦν
2744 2038 3052 2108 (ἄνθρωπος
3084 2030 3223 2088 εἶναι
3252 2031 3363 2104 γὰρ
3390 2028 3502 2100 (74)
3529 2028 3665 2098 ὁμο-

397 2142 600 2201 animal
635 2142 915 2206 mutabile,
934 2138 1198 2208 ﬂuxaeque
1223 2148 1277 2192 et
1312 2138 1519 2207 fragilis
1549 2136 1800 2204 naturas),
1831 2140 1977 2194 hunc

396 2247 613 2304 quoque
669 2232 1000 2302 baptismum
1056 2229 1289 2283 libenter
1348 2227 1682 2296 amplector,
1752 2227 1979 2296 ejusque

397 2329 645 2382 datorem
698 2325 888 2389 adoro,
919 2323 1148 2390 aliisque
1195 2321 1395 2384 tribuo,
1442 2335 1508 2371 ac
1550 2318 1978 2375 misericordiam

404 2432 590 2489 erogo,
629 2425 687 2471 ut
719 2412 1148 2470 misericordiam
1184 2423 1510 2480 consequar.
1545 2408 1680 2463 Nam
1723 2424 1808 2465 me
1842 2425 1976 2479 quo-

395 2524 501 2579 que
555 2509 879 2570 inﬁrmitate
927 2506 1326 2562 circumdatum
1385 2518 1509 2558 esse
1551 2504 1697 2569 scio,
1743 2503 1981 2575 illudque

395 2603 533 2669 fore,
565 2612 621 2658 ut
654 2618 762 2673 qua
798 2616 1052 2656 mensura
1099 2614 1319 2654 mensus
1360 2597 1515 2654 fuero
1530 2598 1599 2663 “,
1637 2599 1825 2654 eadem
1854 2614 1982 2669 quo-

395 2711 500 2766 que
532 2694 662 2750 mihi
705 2693 942 2749 vicissim
990 2692 1132 2745 Deus
1184 2689 1522 2746 remetiatur.
1564 2689 1645 2743 Tu
1684 2705 1811 2745 vero
1851 2690 1978 2760 quid

398 2788 519 2841 ais?
548 2787 719 2853 Quam
751 2784 923 2851 legem
953 2782 1220 2848 statuis,o
1241 2795 1378 2835 nove
1406 2780 1701 2844 Pliarisaae,
1728 2796 1792 2835 ac
1811 2781 1982 2834 nomi-

399 2895 490 2946 ne,
523 2894 628 2934 non
678 2886 859 2932 autem
913 2874 1079 2929 animi
1144 2873 1445 2943 proposito,
1495 2887 1650 2941 pure,
1690 2886 1755 2925 ac
1790 2869 1979 2925 Novati

397 2970 651 3040 dogmata
671 2981 794 3022 cum
817 2965 1006 3020 cadem
1030 2962 1347 3017 inﬁrmitate
1368 2962 1524 3016 nobis
1543 2958 1731 3015 eﬁlans
1757 2961 1781 3014 ?
1804 2960 1982 3016 Ptiani-

2077 2138 2241 2208 λογῶ,
2270 2135 2406 2201 ζῶον
2431 2132 2663 2205 τρεπτὺν
2693 2132 2787 2186 καὶ
2810 2129 3041 2200 ῥευστῆς
3090 2123 3348 2196 φύσεως),
3381 2122 3476 2175 καὶ
3509 2120 3668 2190 δέχο-

2083 2247 2181 2302 μαι
2207 2227 2365 2281 τοῦτο
2402 2222 2720 2295 προθύμως,
2763 2222 2860 2275 καὶ
2895 2217 3188 2292 προσκυνῶ
3217 2216 3308 2271 τὸν
3364 2212 3661 2274 δεδωκότα,

2079 2321 2317 2382 καὶτοῖς
2367 2317 2548 2380 ἄλλοις
2611 2313 2969 2387 μεταδίδωμι,
3016 2311 3112 2365 καὶ
3171 2306 3517 2381 προεισφέρω
3559 2303 3664 2357 τοῦ

2080 2411 2230 2465 ὲλέου
2257 2409 2349 2464 τὸν
2378 2408 2549 2463 ἔλεον.
2583 2402 2717 2461 Οἶδα
2743 2405 2855 2476 γὰρ
2905 2403 3000 2458 καὶ
3042 2401 3205 2465 αὐτὸς
3239 2399 3523 2453 ἀσθένειαν
3562 2412 3669 2472 πε·-

2085 2502 2409 2575 ρικείμενρς,
2444 2500 2541 2554 καὶ
2587 2498 2664 2562 ὡς
2712 2497 2779 2551 ἂν
2831 2495 3108 2567 μετρήσω,
3164 2489 3664 2563 μετρηθησόμενος.

2080 2596 2154 2648 Σὺ
2178 2594 2235 2646 δὲ
2256 2611 2308 2646 τι
2332 2591 2545 2660 διέτεις
2578 2588 2632 2641 τί
2670 2586 3006 2659 νομοθετεῖς,
3039 2578 3097 2637 -ῶ
3130 2584 3216 2637 νέε
3256 2582 3537 2652 Φαρισαῖε,
3568 2579 3670 2633 καὶ

2081 2684 2289 2756 καθαρὲ
2315 2683 2415 2754 τὴν
2444 2679 2838 2753 προσηγορίαν,
2864 2678 2925 2730 ού
2957 2675 3054 2747 τὴν
3080 2674 3419 2746 προαίρεσιν,
3448 2671 3543 2725 καὶ¹
3565 2689 3670 2740 φυδ

2083 2776 2191 2830 σῶν
2220 2777 2353 2846 ἡμῖν
2382 2772 2451 2827 τὰ
2492 2772 2744 2827 Ναυάτου
2783 2767 2924 2841 μετὰ
2970 2767 3071 2839 τῆς
3118 2765 3291 2836 αὐτῆς
3332 2763 3616 2826 ἀσθενείας
3649 2781 3668 2828 ;

2082 2872 2157 2925 Οὐ
2181 2869 2311 2941 δέχῃ
2363 2866 2688 2940 μετάνοιαν;
2727 2865 2789 2917 οὐ
2828 2862 2984 2926 δίδως
3038 2861 3293 2932 ὀδυρμοῖς
3339 2856 3521 2929 χώραν
3550 2876 3567 2925 ;
3597 2857 3667 2910 οὐ

2081 2959 2339 3032 δακρύεις
2372 2957 2483 3028 (75)
2539 2956 2811 3027 δάκρυον;
2849 2951 2934 3023 Μὴ
2970 2949 3032 3003 σύ
3073 2966 3137 3018 γε
3174 2946 3420 3003 τοιούτου
3469 2944 3664 3018 κριτοῦ

407 3036 634 3119 tentiam
705 3075 813 3114 non
876 3056 1156 3113 admittis?
1215 3055 1479 3111 Luctibus
1523 3054 1702 3108 locum
1763 3054 1973 3121 negas?

2091 3050 2290 3121 τύχοις.
2319 3049 2433 3102 Οὐκ
2483 3048 2607 3118 αἰδῇ
2655 3045 2717 3098 τὸ
2771 3042 2948 3114 Ἰησοῦ
2985 3039 3389 3112 φιλάνθρωπον,
3435 3036 3530 3090 τοῦ
3568 3036 3673 3101 τάς

404 3151 701 3228 Lacrymas
724 3151 979 3223 lacrymis
1011 3164 1117 3205 non
1147 3146 1495 3218 prosequeris
1528 3146 1552 3200 ?
1577 3144 1797 3201 Utinam
1824 3145 1975 3200 talem

2091 3140 2372 3204 ἀσθενείας
2421 3139 2580 3210 ἡμῶν
2617 3135 2874 3199 λαϐόντος
2908 3132 3044 3205 (76),
3084 3132 3178 3187 καὶ
3223 3130 3321 3195 τὰς
3354 3130 3541 3193 νόσους
3573 3129 3675 3200 βα·-

399 3221 752 3317 tibijudicem
787 3221 1027 3314 esperiri
1062 3256 1170 3296 non
1219 3238 1523 3309 contingat.
1559 3237 1689 3293 Jesu
1737 3235 1975 3308 benigni-

2091 3233 2400 3296 στάσαντος,
2441 3229 2534 3284 τοῦ
2580 3229 2656 3300 μὴ
2688 3227 2917 3290 δικαίοις
2952 3224 3228 3287 ἐλθόντος,
3265 3221 3379 3276 ἀλλ’
3413 3222 3675 3292 ἀμαρτω-

402 3315 645 3396 tatenon
675 3336 934 3400 moveris,
965 3333 1059 3404 qui
1090 3332 1437 3387 inﬁrmitates
1465 3339 1680 3386 nostras
1719 3331 1975 3400 suscepit,

2091 3326 2195 3390 λοίς
2216 3326 2297 3388 εἰς
2334 3323 2643 3396 μετάνοιαν,
2689 3320 2798 3375 τοῦ
2835 3321 3014 3373 ἔλεον
3050 3316 3335 3383 θέλοντος
3359 3315 3605 3385 μᾶλλον
3628 3316 3670 3383 ἦ

400 3441 456 3486 et
488 3431 705 3486 morbos
748 3437 965 3485 nostros
991 3424 1315 3497 portavit",
1350 3424 1440 3494 qui
1473 3440 1578 3479 non
1611 3425 1761 3479 venit
1789 3439 1975 3480 vocare

2091 3417 2332 3480 θυσίαν,
2381 3414 2477 3469 τοῦ
2509 3410 2973 3486 ἑϐδομηκοντάκις
3002 3408 3141 3462 ἑπτὰ
3165 3406 3577 3480 συγχωροῦντος
3602 3407 3675 3461 τὰ

402 3524 595 3594 iustos,
630 3521 726 3577 sed
752 3528 1067 3590 peccatores
1093 3519 1160 3574 ad
1198 3516 1573 3588 paenitentiam
1598 3517 1669 3582 ",
1695 3517 1787 3587 qui
1826 3518 1985 3571 mise-

402 3613 692 3669 ricordiam
713 3611 932 3677 mavult,
976 3627 1136 3678 quam
1172 3609 1495 3677 sacriﬁcium
1518 3608 1595 3676 ⁸⁷,
1628 3612 1725 3679 qui
1760 3619 1984 3680 septua-

404 3705 519 3776 gies
550 3703 752 3771 septies
778 3711 1002 3774 peccata
1046 3700 1378 3771 condonat"
1400 3700 1424 3754 ?
1449 3701 1621 3767 Quam
1646 3700 1809 3755 beata
1843 3709 1988 3756 esset

403 3795 710 3851 sublimitas
734 3802 848 3861 tua,
867 3794 909 3849 si
938 3794 1144 3862 puritas
1178 3807 1242 3848 ea
1269 3801 1555 3858 esset,non
1581 3802 1760 3845 autem
1791 3790 1985 3857 fastus,

404 3886 552 3958 leges
573 3901 736 3956 supra
777 3885 1013 3941 hominis
1053 3892 1272 3953 captum
1316 3883 1626 3948 instituens,
1673 3897 1737 3938 ac
1768 3897 1981 3937 morum

404 3977 795 4034 correctionem
829 3989 926 4045 per
979 3973 1409 4043 desperationem
1449 3972 1665 4027 tollens.
1703 3971 1760 4026 In
1795 3975 1986 4029 eodem

405 4068 549 4124 enim
573 4066 704 4122 vitio
726 4075 873 4131 sunt,
904 4063 1242 4135 indulgentia
1275 4077 1381 4118 nou
1415 4064 1718 4132 corrigens,
1747 4071 1802 4118 et
1830 4077 1984 4118 seve~

406 4160 544 4214 ritas
594 4173 700 4214 non
728 4156 1099 4216 fcondonans:
1146 4153 1237 4209 illa
1294 4167 1485 4208 omnes
1533 4152 1777 4209 habenas
1820 4154 1986 4218 laxat,

412 4252 528 4306 haec
571 4250 641 4305 ob
682 4248 1087 4303 vehementiam
1130 4243 1455 4316 strangulat.
1510 4241 1773 4299 Puritatis
1813 4245 1990 4313 speci-

411 4359 536 4399 men
558 4341 677 4408 ede,
710 4350 766 4395 et
789 4351 900 4395 tum
944 4337 1231 4394 audaciam
1260 4344 1410 4391 tuam
1457 4335 1718 4406 probabo.
1749 4333 1820 4390 At
1847 4351 1991 4391 nunc

314 4468 320 4487 .
409 4448 625 4500 vereor,
650 4448 718 4489 ne
740 4432 856 4502 ipse
879 4430 1154 4486 ulceribus
1191 4435 1425 4494 scatens,
1453 4426 1701 4481 medendi
1732 4426 1986 4497 impossi-

411 4525 675 4580 bilitatem
725 4524 974 4579 inducas.
1033 4519 1214 4587 Quid?
1252 4517 1331 4574 Ne
1374 4516 1730 4586 pmnitentem
1775 4518 1990 4586 quidem

412 4615 669 4672 Davidem
699 4615 962 4681 admittis,
984 4613 1071 4668 cui
1110 4610 1486 4683 propheticam
1510 4620 1728 4678 quoque
1757 4609 1990 4678 gratiam

412 4709 729 4781 poenitentia
764 4705 1105 4762 conservavit
1125 4704 1215 4757 li’?
1259 4701 1371 4757 Nec
1399 4715 1653 4769 magnum
1704 4700 1855 4754 illum
1891 4698 1994 4755 Pe-

2089 3508 2493 3580 ἁμαρτήματα;
2532 3506 2623 3568 Ὦς
2658 3502 2933 3576 μακάριόν
2959 3518 3051 3554 σου
3074 3500 3136 3553 τὸ
3171 3499 3395 3571 ὑψηλὸν,
3429 3500 3479 3552 εἰ
3507 3497 3677 3552 καθα-

2091 3600 2254 3672 ρότης
2282 3594 2371 3670 ἦν,
2401 3597 2539 3653 ἀλλὰ
2580 3597 2654 3669 μὴ
2686 3594 2854 3663 τῦφος
2875 3633 2890 3658 ,
2938 3590 3244 3663 νομοθετῶν
3286 3590 3424 3660 ὑπὲρ
3458 3587 3675 3659 ἂνθρω-

2089 3708 2211 3756 πον,
2238 3691 2332 3745 καὶ
2355 3690 2497 3744 λύων
2523 3691 2589 3761 τῇ
2613 3685 2921 3757 ἀπογνώσει
2953 3683 3053 3755 τὴν
3074 3682 3464 3754 ἐπανόρθωσιν.
3493 3680 3677 3751 Ὁμοί-

2089 3801 2167 3849 ως
2221 3784 2331 3856 γάρ
2377 3784 2495 3836 ἐστι
2542 3780 2731 3845 κακὸν,
2773 3777 2868 3832 καὶ
2897 3775 3081 3839 ἄνεσις
3128 3773 3552 3844 ἀσωφρόνιστος,
3578 3769 3678 3824 καὶ

2090 3878 2433 3946 κατάγνωσις
2466 3871 2896 3944 άσυγχώρῃτος·
2932 3871 2966 3942 ή
3003 3869 3104 3941 μὲν
3143 3866 3271 3937 ὅλην
3316 3866 3533 3933 ὲφιεῖσα
3574 3862 3680 3933 τὴν

2090 3970 2268 4042 ἡνίαν,
2352 3967 2411 4021 δὲ
2432 3965 2511 4037 τῷ
2548 3962 2764 4036 σφοδρῷ
2803 3964 3174 4033 κατάγχουσα.
3212 3956 3395 4023 Δεῖξόν
3436 3971 3527 4026 μοι
3574 3953 3678 4023 τὴν

2090 4060 2460 4132 καθαρότητα,
2512 4057 2609 4112 καὶ
2656 4054 2883 4127 δέχομαί
2934 4070 3028 4107 σου
3060 4052 3159 4122 τὴν
3188 4048 3523 4121 θρασύτητα.
3558 4042 3679 4098 Νῦν

2089 4155 2148 4209 δὲ
2173 4154 2407 4220 δέδοικα,
2441 4152 2516 4223 μὴ
2556 4146 2736 4222 βρύων
2766 4148 3001 4210 ἕλκεσιν,
3046 4144 3273 4214 εἰσάγῃς
3301 4139 3363 4192 τὸ
3389 4137 3682 4223 ἀνιάτρευο

2090 4263 2183 4301 τον
2210 4244 2346 4318 (77).
2387 4221 2523 4297 Ούδὲ
2673 4237 2838 4292 Δαϐὶδ
2864 4236 2993 4307 δέχῃ
3025 4229 3409 4305 μετανοοῦντα,
3431 4221 3477 4296 ᾧ
3495 4228 3593 4281 καὶ
3616 4225 3682 4279 τὸ

2093 4315 2430 4410 προφητικὸν
2454 4333 2701 4405 χάρισμα
2742 4330 2776 4400 ή
2815 4325 3072 4398 μετάνοια
3111 4320 3509 4391 συνετήρησεν;
3539 4315 3681 4370 Οὐδὲ

2092 4406 2299 4501 Πέτρον
2326 4429 2419 4482 τὸν
2470 4427 2642 4497 μέγαν
2698 4419 2940 4476 παθόντα
2984 4433 3038 4469 τι
3086 4410 3426 4484 ἀνθρώπινον
3458 4407 3587 4480 περὶ
3618 4406 3682 4459 τὸ

2095 4496 2358 4593 σωτῆριον
2383 4496 2586 4582 πάθος;
2614 4511 2824 4585 Ἰησοῦς
2854 4509 2913 4562 δὲ
2945 4503 3182 4570 ἐδέξατο,
3224 4502 3318 4593 καὶ
3356 4501 3437 4572 τῷ
3467 4496 3680 4593 τρισσῷ

2092 4612 2191 4682 τῆς
2216 4589 2537 4681 ἐρωτήσεως
2573 4602 2667 4658 καὶ
2710 4600 2811 4670 τῆς
2842 4595 3153 4670 ὁμολογίας,
3209 4592 3271 4646 τὸ
3314 4589 3683 4682 τρισσὸνιτῆς

2096 4677 2391 4770 ἀρνήσεως
2410 4695 2795 4766 ἐθεράπευσεν.
2849 4689 2924 4742 ’Ἡ
2973 4686 3096 4740 οὐδὲ
3146 4680 3501 4737 τελειωθέντα
3546 4677 3682 4749 δέχῃ

414 4815 579 4869 trum,
616 4802 705 4871 qui
756 4800 899 4854 circa
931 4796 1236 4853 Salvatoris
1287 4793 1597 4865 passionem
1620 4793 1841 4847 humani
1889 4792 1975 4847 ali-

2091 4793 2155 4846 δι’
2192 4792 2457 4863 αἵματος;
2488 4788 2646 4840 Ἐστι
2684 4784 2791 4854 γὰρ
2825 4781 2920 4834 καὶ
2953 4777 3113 4832 τοῦτο
3136 4776 3235 4846 τῆς
3267 4772 3378 4846 (78)
3412 4772 3512 4842 σῆς
3544 4770 3686 4824 ἀπο-

478 4970 523 5000 ⁴⁷
550 4966 694 5021 PsaI.
726 4981 802 5029 vr,
843 4964 895 5020 7.
996 4962 1041 4994 ’⁵⁸
1081 4961 1173 5016 Ps.
1217 4974 1428 5023 xxxv",
1470 4958 1525 5014 6.
1612 4955 1844 5029 f’uibid.
1895 4955 1947 5008 7.

414 5039 678 5102 nili,l5.
789 5037 837 5068 ⁸³
867 5033 1054 5088 Matth.
1118 5032 1341 5102 “7,7722
1389 5044 1510 5100 sqq.

414 5097 673 5163 "Matth.
719 5122 873 5170 xvrn,
911 5104 1004 5158 22.
1103 5103 1150 5134 "
1211 5101 1255 5156 Il
1301 5097 1562 5171 Regini,
1608 5097 1695 5151 15.

485 5200 595 5270 (69)
633 5198 784 5270 Ἔτι,
811 5196 879 5250 τὸ
903 5193 1042 5270 τῶν.
1074 5192 1164 5270 Sic
1186 5192 1421 5262 quinque
1450 5188 1644 5259 Regg.,
1670 5186 1805 5241 Tres
1832 5184 1984 5239 Colb.

415 5281 465 5325 et
496 5265 592 5325 ΟΡ.
624 5269 675 5322 I.
709 5270 864 5322 Deest
886 5265 946 5318 τό
978 5267 1029 5318 in
1056 5266 1145 5319 ed.

486 5322 597 5410 (70)
635 5334 1045 5410 Προᾳώζεσαν.
1096 5333 1345 5402 Quinque
1395 5329 1587 5400 Regg.,
1649 5326 1753 5383 duo
1800 5322 1986 5389 Coisl.,

418 5405 953 5480 eteae-iposdﬁouot.”
1035 5473 1072 5480 _
1232 5472 1245 5480 _
1416 5472 1428 5480 _
1515 5435 1572 5480 Δρ

490 5460 870 5549 (θυίκαίὸς.
899 5476 991 5549 Sic
1035 5473 1200 5549 chg.
1232 5472 1342 5537 bm,
1378 5472 1470 5540 ph,
1509 5469 1604 5526 0r.
1636 5460 1689 5535 I,
1723 5464 1900 5522 Nicet.
1934 5472 1990 5520 et

419 5545 606 5607 Ωοιιιιι.
636 5549 795 5601 Deest
818 5546 911 5600 καί
943 5546 996 5599 in
1029 5545 1115 5598 eil.

489 5618 600 5688 (72)
643 5614 788 5688 Τῶν.
816 5615 975 5688 Deest
995 5615 1048 5670 in
1072 5612 1496 5688 qumquem“.
1528 5618 1581 5663 et
1605 5606 1700 5662 Or.
1743 5607 1792 5661 I.

490 5680 601 5759 (75)
651 5686 1033 5759 Ἠλεημένηιξ·
1065 5680 1158 5740 Οτι
1196 5680 1249 5746 1}
1280 5680 1615 5759 ἠλεημένωνο

492 5751 604 5827 (74)
638 5757 782 5827 Γάρ.
810 5751 975 5814 Deest
1006 5758 1059 5812 in
1093 5751 1322 5825 quatuor
1352 5751 1519 5823 Regg.

2049 4957 2096 4989 ⁵⁸
2135 4955 2199 5009 II.
2252 4953 2429 5008 Paral.
2490 4946 2805 5013 xxxm,15.

1610 5027 1656 5059 ⁵⁸
1681 5026 1868 5081 Matth.
1890 5041 1990 5092 vn,
2006 5026 2061 5080 2.

2906 4943 2952 4975 ⁵¹
2991 4940 3115 4995 Jon.
3157 4953 3241 5003 ιιι,
3280 4935 3334 4990 5.
3453 4931 3500 4963 ⁸³
3542 4927 3679 5003 an.

2165 4999 2211 5058 δῖ’
2240 4999 2741 5087 iESIIiu,"—tl’"'u
2765 4999 2904 5069 Luc.
2942 5029 2996 5075 ν,
3022 5009 3111 5064 5‘2.
3226 4999 3290 5038 ’⁸⁷
3316 5004 3443 5060 Ose.
3486 5015 3567 5065 vr,
3622 4999 3677 5053 6.

2165 5181 2278 5252 (75)
2303 5180 2403 5252 ΔΟὐ
2433 5175 2731 5252 δακρύεις,
2780 5179 2907 5249 etc..
2936 5160 3683 5252 Niceti:AiAlNonJaci-ynias

2094 5234 2348 5321 ladrvi'nls
2409 5234 2790 5317 paenitendum
2840 5238 3057 5301 misces,-
3110 5235 3280 5288 vicem
3332 5245 3521 5286 eorum
3584 5234 3684 5284 do-

2094 5322 2246 5378 lens?
2277 5338 2298 5373 ι

2167 5373 2279 5457 (76)
2317 5388 2641 5457 Λαϐόντος.
2668 5373 3305 5457 Reg._c.,_dtva).at§6\t_1:0¢;_
3336 5436 3586 5457 εμιῌεηε

2170 5392 2257 5457 (76
2317 5389 2641 5451 Λαϐόντος.
2668 5389 2802 5448 Iieg.
2831 5395 2881 5444 c,
2910 5389 3305 5451 avaaabovroc._
3516 5437 3528 5449 .
3573 5437 3586 5448 ι

2170 5389 2283 5531 mi
2318 5455 2760 5531 ςςυειάτρευτονι
2794 5449 2917 5531 βίη.
2952 5465 2970 5530 =.
3014 5436 3680 5531 «meaemeae?-

2102 5506 2285 5585 tem-:1
2318 5506 2581 5582 Verterat
2603 5506 2781 5577 tamen
2805 5520 2860 5574 in
2894 5520 3065 5589 prima
3087 5511 3365 5589 editione:
3404 5526 3423 5559 ι
3462 5506 3542 5561 Ne
3574 5507 3684 5560 im-

2102 5584 2436 5657 medicabilis
2462 5593 2668 5666 peccati
2699 5584 2997 5666 dgctririam
3026 5584 3337 5666 inducas.ni

2462 5643 2957 5741 ?§%}§"z’ﬁ§.5ic
2997 5654 3236 5725 quinque
3266 5648 3457 5720 Begg.,
3493 5643 3591 5701 Or.
3628 5644 3687 5714 I,

2104 5734 2211 5799 etc.
2245 5734 2403 5796 Deest
2431 5735 2594 5791 τοῦτο
2620 5734 2675 5790 in
2708 5734 2796 5789 ed.
