3910 6214
249 278 358 335 357

1216 275 1476 333 ORAT-IO
1515 275 1760 333 XXXIX.
1801 309 1870 321 --
1904 278 1974 335 IN
2015 278 2288 336 SANCTA
2328 281 2614 339 LUMINA.

3433 289 3542 346 353

246 398 423 460 νοίας.
467 395 604 451 Οὐδὲ
644 396 735 451 τὸν
776 399 835 453 ὲν
876 397 1129 472 Κορίνθῳ
1177 397 1645 469 παρανομήσαντα
1688 394 1836 468 (79);

1951 401 2078 470 quid
2101 414 2391 472 perpessus
2434 411 2518 458 est
2548 401 2639 455 “?
2677 402 2749 456 At
2792 399 2950 459 Jesus
2991 418 3115 458 eum
3165 405 3438 476 suscepit.
3478 421 3545 464 ac

250 488 469 553 Παῦλος
504 489 563 542 δὲ
593 490 687 543 καὶ
724 490 946 562 ἀγάπην
998 490 1296 562 ἐκύρωσεν,
1338 488 1526 560 ἐπειδὴ
1567 488 1666 560 τὴν
1697 488 1848 565 διόρ-

252 581 423 637 θωσιν
451 578 562 635 εἶδε
579 601 592 613 ·
635 583 731 637 καὶ
756 583 816 637 τὸ
851 584 1053 638 αἴτιον
1089 584 1216 639 Ἵνα
1236 583 1323 653 μὴ
1345 581 1420 651 τῇ
1443 580 1849 649 περισσοτέρᾳ

249 672 422 739 λύπῃ
459 671 569 744 (80)
603 673 913 743 καταποθῇ
945 677 978 728 ό
1009 673 1282 740 τοιοῦτος
1314 671 1448 742 (81),
1495 670 1757 743 βαρ-τιθεὶς
1783 673 1851 743 τῇ

249 763 498 835 ἀμετρίᾳ
544 763 646 837 τῆς
691 765 1054 838 επιπλήξεως.
1098 766 1234 820 Οὐδὲ
1264 766 1365 829 τὰς
1416 767 1544 830 νέας
1589 765 1847 838 γαμίζεις

250 857 455 927 χήρας,
488 856 579 910 διὰ
594 857 655 911 τὸ
675 857 777 928 τῆς
798 858 1017 930 ἡλικίας
1043 859 1315 914 εὐάλωτον
1338 875 1352 925 ;
1372 859 1586 923 Παῦλος
1609 858 1665 913 δὲ
1691 858 1848 913 τοῦτο

251 947 580 1020 ἐτόλμησεν,
612 942 675 1002 οὗ
702 951 767 1005 σὺ
797 948 998 1023 δηλαδὴ
1036 951 1376 1017 διδάσκαλος,
1405 951 1482 1015 ὡς
1515 951 1608 1005 ἐπὶ
1649 951 1848 1025 τέταρ-

249 1057 347 1093 τον
397 1035 629 1112 οὐρανὸν
682 1038 915 1114 φθάσας,
963 1044 1060 1097 καὶ
1109 1044 1268 1098 ἄλλον
1323 1044 1654 1115 παράδεισον
1690 1086 1704 1111 ,
1753 1045 1848 1098 καὶ

1957 506 2053 561 per
2109 492 2370 562 triplicem
2420 492 2904 564 interrogationem
2941 503 2996 550 et
3032 494 3422 550 confessionem
3465 499 3541 563 “,

1959 582 2228 651 triplicem
2262 584 2659 652 abjnrationem
2691 586 2924 640 sanavit.
2957 585 3135 653 Quid?
3162 585 3244 642 Ne
3277 591 3541 660 martyrio

1956 674 2173 743 quidem
2203 675 2548 746 perfunctum
2586 678 2880 732 admittis?
2914 677 3072 747 (Nam
3104 679 3155 734 id
3196 693 3413 750 quoque
3439 691 3544 735 tuae

1957 768 2283 837 arrogantia:
2307 768 2439 829 est).
2472 767 2585 823 Nec
2608 783 2756 834 eum,
2779 769 2870 839 qui
2898 769 3105 825 scelere
3127 784 3247 826 sese
3271 771 3322 824 in
3341 769 3542 825 Corin-

1959 860 2051 913 tho
2078 860 2319 915 devinxit
2340 861 2410 916 ⁸³2
2448 865 2520 917 At
2552 863 2747 919 Paulus
2815 868 3136 921 charitatem
3197 869 3365 922 etiam
3412 881 3541 936 erga

1955 966 2078 1005 eum
2110 954 2375 1019 ﬁrmavit,
2404 954 2571 1026 690
2601 957 2760 1010 simul
2802 968 2966 1027 atque
3009 973 3126 1013 eum
3159 961 3222 1013 ad
3261 958 3539 1014 meliorem

1954 1045 2081 1099 vitae
2135 1043 2342 1113 frugem
2389 1047 2613 1101 rediisse
2649 1048 2963 1116 perspexit;
3003 1050 3268 1118 istamque
3317 1064 3537 1104 causam

251 1124 719 1208 ἀπορρητοτέρων
757 1136 1000 1199 ἀκούσας
1030 1137 1291 1207 ῥημάτων
1318 1136 1449 1208 (82),
1480 1137 1576 1190 καὶ
1625 1135 1836 1208 μείζονα

1951 1134 2140 1189 aﬂert:
2190 1136 2274 1189 Ne
2312 1135 2687 1190 abundantiori
2734 1139 2958 1192 tristitia
3004 1141 3388 1204 absorbeatur,
3442 1141 3536 1209 qui

252 1218 460 1277 κύκλον
499 1225 577 1297 τῷ
610 1227 929 1298 Εὐαγγελίῳ
961 1226 1291 1298 περιλαϐών.
1798 1260 1801 1265 ν

1951 1227 2212 1297 ejusmodi
2236 1237 2311 1281 est
2343 1227 2413 1290 ⁸³,
2447 1230 2738 1285 immodica
2776 1231 3154 1302 objurgatione
3198 1243 3455 1303 gravatus
3480 1242 3539 1286 et

253 1332 573 1386 oppressus.
599 1321 680 1375 An
712 1336 778 1376 ne
835 1321 1127 1391 juvenibus
1174 1323 1393 1392 quidem
1433 1324 1632 1389 viduis,
1696 1334 1920 1397 propter
1958 1325 2136 1381 aetatis
2200 1322 2501 1391 lubricum,
2556 1324 2782 1379 ineundi
2823 1327 3152 1381 matrimonii
3212 1336 3535 1396 potestatem

255 1407 437 1463 facis?
461 1411 532 1465 At
560 1411 753 1467 Paulus
791 1414 891 1468 hoc
921 1413 1104 1468 facere
1129 1414 1352 1468 minime
1382 1416 1672 1483 dubitavit,
1719 1417 1874 1484 cujus
1911 1427 1964 1471 te
2036 1415 2245 1471 scilicet
2290 1416 2610 1486 magistrum
2659 1416 2953 1485 profiteris,
2996 1417 3219 1486 perinde
3259 1425 3422 1488 atque
3459 1418 3531 1473 ad

252 1510 511 1569 quartum
564 1502 784 1568 caelum,
841 1504 1118 1574 aliumque
1158 1507 1467 1575 paradisum
1507 1510 1845 1578 perveneris,
1887 1524 1954 1565 ac
1992 1509 2178 1564 'verba
2240 1510 2415 1579 magis
2456 1523 2654 1563 arcana
2696 1509 2991 1575 audiveris,
3029 1509 3399 1581 maioremque
3423 1511 3535 1567 cir-

251 1593 438 1647 culum
470 1593 764 1662 Evangelio
798 1597 1301 1664 comprehenderis.

318 1685 435 1738 .18’.
488 1685 630 1739 Ἀλλ’
663 1687 726 1739 ού
799 1687 940 1758 μετὰ
1026 1689 1086 1742 τὺ
1127 1688 1411 1761 βάπτισμα
1484 1688 1657 1745 ταῦτα
1709 1691 1836 1762 (85).

2021 1688 2166 1744 XIX.
2200 1686 2423 1755 Verum,
2476 1686 2677 1758 inquis,
2738 1687 2853 1743 hazc
2888 1688 3112 1743 minime
3156 1696 3278 1758 post
3356 1688 3536 1760 bapti-

251 1774 415 1846 Τίςή
448 1774 762 1841 ἀπόδειξις;
810 1777 852 1847 ἢ¹
894 1776 1151 1850 δεῖξον,ἢ
1196 1779 1272 1852 μὴ
1324 1780 1642 1852 κατάκρινε.
1689 1782 1752 1835 El
1785 1782 1836 1835 δὲ

1954 1797 2155 1836 snmm.
2199 1781 2316 1848 Quo
2339 1791 2657 1851 argumento
2707 1781 2760 1835 id
2797 1780 3133 1836 confirmas?
3162 1780 3270 1834 Aut
3297 1794 3408 1835 rem
3458 1779 3534 1835 ita

249 1866 579 1938 ἀμφίϐολον,
610 1869 815 1921 νικάτω
850 1868 911 1922 τὺ
946 1869 1348 1942 φιλάνθρωπον.
1385 1872 1546 1925 Ἀλλὰ
1569 1873 1842 1939 Ναυάτος,

251 1960 443 2029 φησὶν,
472 1959 574 2013 οὐκ
605 1959 823 2026 ἐδέξατο
858 1962 984 2026 τοὺς
1015 1964 1073 2017 ὲν
1116 1963 1195 2035 τῷ
1238 1964 1467 2036 διωγμῷ
1502 1967 1846 2034 παραπεσόνο

249 2068 377 2114 τας.
411 2051 477 2103 Τί
497 2050 656 2107 τοῦτο
680 2052 822 2126 (84);
852 2053 914 2107 El
943 2054 1043 2125 μὲν
1071 2055 1134 2108 οὐ
1171 2055 1562 2126 μεταγνόντας,
1597 2057 1840 2122 δικαίωςο

249 2143 379 2198 οὐδὲ
409 2141 520 2212 ἐγὼ
567 2143 795 2216 δέχομαι
842 2146 987 2212 τοὺς,
1023 2146 1056 2217 ἢ
1093 2147 1170 2218 μὴ
1213 2149 1657 2220 καμπτομένους,
1690 2150 1722 2221 ἢ
1768 2151 1843 2223 μὴ

252 2233 446 2301 ἀξίως,
481 2235 617 2306 μηδὲ
650 2235 1077 2309 ἀντισηκοῦντας
1118 2238 1192 2310 τῷ
1226 2236 1383 2311 κακῷ
1406 2238 1507 2312 τὴν
1534 2241 1841 2313 διόρθωσινο

251 2325 354 2379 καὶ
375 2325 504 2380 ὅταν
538 2325 802 2398 δέξωμαι,
831 2327 928 2399 τὴν
959 2330 1342 2401 προσήκουσαν
1374 2331 1558 2394 αὐτοῖς
1587 2326 1845 2405 ἀπονέμω

251 2417 462 2489 χώραν.
483 2419 547 2472 El
562 2419 620 2472 δὲ
645 2421 772 2484 τοὺς
793 2421 1129 2486 ἐκτακέντας
1152 2425 1266 2486 τοῖς
1289 2423 1570 2495 δάκρυσιν,
1586 2425 1647 2478 οὐ
1680 2428 1846 2500 μιμή-

252 2527 445 2581 σομαι.
463 2512 574 2565 Καὶ
604 2511 690 2575 τίς
707 2528 797 2583 μοι
830 2514 995 2585 νόμος
1023 2516 1055 2582 ἡ
1080 2514 1332 2568 Ναυάτου
1361 2515 1766 2588 μισανθρωπία,
1784 2519 1843 2582 ὃς

250 2604 573 2670 πλεονεξίαν
604 2605 703 2676 μὲν
757 2605 857 2660 οὐκ
915 2605 1140 2659 ἐκόλασε
1162 2649 1176 2674 ,
1225 2607 1325 2679 τὴν
1375 2607 1636 2680 δευτέραν
1691 2607 1844 2663 εἰδω-

249 2695 571 2768 λολατρείαν
605 2714 619 2727 ·
658 2698 917 2770 πορνείαν
952 2698 1009 2752 δὲ
1044 2698 1187 2753 οὕτω
1218 2700 1430 2772 πικρῶς
1467 2701 1838 2767 κατεδίκασεν,

249 2788 330 2851 ὡς
367 2788 608 2860 ἄσαρκος
624 2790 717 2843 καὶ
735 2789 1025 2861 ἀσώματος
1050 2810 1064 2857 ;
1103 2792 1168 2844 Τί
1197 2809 1336 2862 φατε
1360 2809 1375 2858 ;
1400 2792 1670 2865 Πείθομεν
1695 2795 1841 2865 ὑμᾶς

249 2880 368 2941 τοῖς
401 2878 583 2947 λόγοις
608 2879 856 2946 τούτοις;
890 2881 1083 2952 Δεῦρο,
1136 2881 1299 2951 στῆτε
1352 2882 1472 2954 μεθ’
1521 2882 1682 2955 ἡμῶν
1731 2883 1840 2939 τῶν

248 2968 576 3039 ἀνθρώπων.
607 2969 1012 3043 Μεγαλύνωμεν
1037 2971 1152 3043 ἅμα
1179 2971 1272 3026 τὸν
1331 2972 1558 3045 Κύριον.
1611 2974 1701 3045 Μή
1750 2992 1838 3038 τις

1947 1883 2008 1925 se
2034 1869 2235 1924 habere
2271 1871 2479 1939 proba:
2511 1878 2625 1934 aut,
2650 1869 2695 1924 si
2734 1870 2785 1924 id
2826 1872 3040 1941 nequis,
3073 1885 3141 1926 ne
3175 1871 3528 1927 condemnes.

1947 1957 2099 2024 Quod
2126 1958 2169 2012 si
2200 1973 2285 2014 res
2309 1958 2472 2012 dubia
2503 1960 2809 2026 est,vincat
2844 1959 3153 2014 humanitas
3174 1968 3228 2013 et
3264 1958 3525 2014 facilitas.

1944 2050 2018 2103 At
2048 2048 2309 2113 Novatus,
2358 2051 2571 2120 inquis,
2611 2051 3010 2120 persecutionis
3058 2060 3302 2120 tempore
3349 2051 3531 2122 lapsos

1946 2156 2057 2196 non
2090 2141 2312 2219 recepit.
2349 2142 2489 2209 Quid
2533 2142 2678 2197 hoc?
2723 2143 2782 2199 Si
2818 2144 3037 2214 quidem
3083 2143 3156 2199 illi
3209 2145 3530 2213 poenitentia

1945 2235 2170 2289 minime
2216 2236 2571 2300 ducebantur,
2625 2236 2833 2306 optimo
2860 2236 2986 2306 jure
3016 2250 3111 2292 eos
3159 2236 3356 2305 repulit
3380 2236 3532 2308 (nam

1945 2340 2013 2380 ne
2043 2326 2156 2395 ipse
2207 2326 2426 2396 quidem
2473 2341 2570 2382 eos
2620 2327 2848 2395 recipio,
2895 2327 2988 2398 qui
3042 2327 3125 2382 vel
3161 2328 3306 2382 nullo
3338 2328 3523 2394 modo,

1943 2414 2030 2469 vel
2074 2430 2184 2469 non
2235 2416 2372 2471 satis
2422 2416 2837 2487 deprimuntur,
2901 2432 3004 2472 nec
3056 2427 3270 2488 patrato
3309 2418 3527 2474 crimini

1943 2522 2128 2577 parem
2171 2509 2297 2562 vita:
2324 2509 2762 2564 emendationem
2795 2507 3072 2575 ali'erunt;
3112 2526 3349 2579 cumque
3384 2512 3527 2567 reci-

1942 2600 2053 2669 pio,
2084 2600 2495 2655 convenientem
2532 2601 2663 2670 ipsis
2709 2602 2884 2657 locum
2917 2603 3195 2674 assiguo);
3233 2606 3317 2658 sin
3348 2613 3530 2658 autem

1943 2691 2207 2764 lacrymis
2249 2692 2547 2760 confectos,
2589 2694 3004 2765 haudquaquam
3057 2696 3199 2752 istud
3242 2697 3525 2755 imitabor.

1941 2783 2079 2849 Quid
2116 2794 2296 2839 autem
2332 2784 2528 2840 Novati
2565 2786 2941 2842 crudelitatem
2984 2803 3080 2857 pro
3118 2788 3237 2857 lege
3263 2789 3516 2856 habeam,

1942 2876 2032 2945 qui
2078 2876 2362 2931 avaritiam
2403 2877 2905 2948 quidem,alteruin
2929 2878 3138 2934 scilicet
3189 2878 3516 2936 idololatriae

1941 2980 2111 3037 genus
2144 2965 2214 3032 “,
2241 2965 2389 3021 nulla
2416 2980 2578 3036 ptena
2604 2966 2899 3022 vindicavit
2924 2983 2939 3033 ;
2976 2979 3223 3038 stuprum
3252 2977 3432 3025 autem
3453 2971 3529 3026 ita

249 3060 410 3131 ὑμῶν
432 3062 608 3116 εἰπεῖν
636 3062 908 3136 τολμήσῃ,
932 3063 1067 3134 μηδὲ
1093 3065 1139 3117 εί
1156 3062 1274 3116 λίαν
1307 3063 1484 3135 ἐαυτῷ
1508 3063 1833 3138 τεθάρῤηκε·

1947 3072 2088 3113 saeve
2129 3058 2429 3129 acerbeque
2481 3059 2885 3125 condemnavit,
2918 3061 3072 3129 quasi
3116 3060 3232 3131 ipse
3263 3061 3442 3117 carnis
3474 3072 3530 3116 et

247 3152 312 3204 Μ
313 3151 349 3219 ἡ
355 3167 478 3220 μου
490 3150 968 3222 ἅπτου,καθαρὸς
983 3152 1096 3221 γάρ
1106 3155 1244 3222 εἰμι,
1264 3154 1358 3207 καὶ
1370 3153 1451 3218 τίς
1464 3153 1637 3219 οὕτως
1649 3154 1799 3208 ὥσπε
1809 3172 1840 3227 ρ

248 3238 402 3309 syth;
446 3243 704 3312 μετάδοτε
736 3245 830 3298 καὶ
853 3246 984 3316 ἡμῖν
1013 3244 1115 3314 τῆς
1146 3244 1550 3316 λαμπρότητος.
1592 3243 1730 3299 Ἀλλ’
1776 3247 1838 3299 οὐ

248 3331 549 3401 πείθομεν;
605 3335 701 3388 καὶ
752 3336 895 3407 ὑπὲρ
939 3337 1094 3407 ὑμῶν
1128 3335 1238 3407 (85)
1278 3335 1644 3408 δακρύσομεν.
1677 3329 1839 3391 Οὗτοι

251 3424 356 3493 μὲν
399 3420 514 3489 οὖν,
543 3428 592 3480 εί
655 3427 753 3498 μὲν
806 3427 1079 3497 βούλοιντο
1115 3425 1250 3498 (86),
1283 3427 1384 3498 τὴν
1416 3427 1691 3500 ἡμετέραν
1720 3427 1837 3481 ὁδὸν

247 3514 347 3566 καὶ
371 3515 634 3586 Χριστοῦ,
691 3519 740 3571 εί
793 3517 850 3571 δὲ
900 3517 995 3590 μὴ,
1024 3517 1124 3589 τὴν
1156 3516 1365 3571 ἑαυτῶν
1398 3517 1838 3590 πορευέσθωσαν.

232 3606 428 3677 ¹Τυχόν
453 3608 570 3662 ἐκεῖ
612 3609 692 3681 τῷ
739 3611 874 3683 πυρὶ
927 3610 1412 3682 βαπτισθήσονται,
1442 3609 1519 3680 τῷ
1544 3608 1838 3683 τελευταίῳ

251 3699 610 3772 βαπτίσματι,
644 3702 724 3774 τῷ
775 3703 1164 3775 ὲπιπονωτέρῳ
1198 3719 1259 3756 τε
1316 3702 1428 3774 (87)
1483 3704 1580 3756 καὶ
1628 3720 1839 3775 μακρο-

247 3792 414 3863 τέρῳ,
437 3792 467 3845 ὃ
493 3794 662 3848 ἐσθίει
694 3795 770 3860 ὡς
797 3795 989 3867 χόρτον
1020 3794 1123 3866 τὴν
1169 3793 1301 3866 ὕλην
1327 3793 1460 3866 (88),
1499 3794 1594 3848 καὶ
1621 3794 1840 3868 δαπανᾷ

249 3884 435 3957 πάσης
464 3888 664 3952 κακίας
699 3888 1030 3960 κουφότητα.

1947 3152 2194 3221 corporis
2237 3166 2432 3220 expers
2477 3150 2660 3206 esset?
2687 3151 2827 3218 Quid
2882 3151 3108 3207 dicitis?
3152 3152 3236 3207 An
3286 3169 3383 3209 vos
3440 3154 3528 3208 his

1947 3242 2125 3297 verbis
2163 3242 2591 3313 permovemus?
2621 3243 2888 3313 Agedum,
2917 3259 2950 3298 a
2994 3243 3171 3310 nobis,
3199 3245 3301 3299 hoc
3323 3255 3427 3307 est,
3461 3247 3533 3300 ab

1944 3333 2225 3388 hominum
2259 3334 2524 3404 partibus,
2554 3344 2716 3389 state.
2758 3335 3043 3390 Dominum
3083 3350 3187 3391 una
3216 3335 3529 3406 magniﬁce-

1945 3440 2083 3481 mus.
2120 3424 2198 3481 Ne
2220 3427 2347 3497 quis
2370 3434 2633 3495 vestrum,
2660 3427 2960 3497 quamlibet
2979 3428 3179 3482 virtute
3204 3442 3301 3483 sua
3335 3426 3527 3493 fretus,

1942 3532 2008 3573 eo
2045 3518 2287 3573 audacia
2329 3530 2678 3589 prorumpat,
2723 3530 2781 3575 ut
2827 3520 3003 3574 dicat:
3034 3517 3161 3573 Noli
3188 3536 3268 3574 me
3285 3528 3520 3589 tangere,

1939 3626 2107 3680 purus
2137 3610 2275 3665 enim
2301 3628 2421 3666 sum
2453 3611 2521 3679 “,
2546 3621 2602 3667 et
2625 3612 2746 3681 quis
2788 3611 2918 3666 mihi
2958 3611 3095 3681 par?
3129 3610 3313 3666 Facite
3339 3624 3397 3667 ut
3424 3627 3526 3667 ncs

1940 3717 2156 3773 quoque
2198 3704 2255 3759 in
2300 3703 2604 3773 splendoris
2640 3704 2806 3759 vestri
2854 3713 3064 3774 partem
3116 3702 3420 3758 veniamus.
3455 3703 3528 3756 At

1942 3808 2050 3849 non
2109 3794 2420 3851 ﬂectimus?
2454 3794 2750 3868 Lacryinas
2831 3811 2930 3867 pro
2988 3796 3142 3853 vobis
3207 3795 3522 3852 fundemus.

1941 3889 2119 3957 Atque
2162 3888 2217 3942 lii
2258 3888 2477 3959 quidem
2532 3897 2717 3944 nostra
2747 3929 2762 3955 ,
2801 3889 2850 3944 si
2904 3888 3110 3956 velint,
3154 3898 3319 3958 atque
3383 3889 3527 3943 adeo

248 3974 475 4045 Christi,
500 3980 609 4046 via,
634 3980 719 4033 sin
754 3978 955 4045 minus,
991 3991 1089 4034 sua
1158 3975 1441 4034 insistant.
1502 3976 1562 4032 ln
1587 3977 1757 4032 altero
1784 3992 1902 4033 aevo
1939 3978 2051 4048 igni
2102 3978 2347 4046 fortasse
2416 3980 2876 4051 baptizabuntur;
2925 3981 3017 4050 qui
3086 3991 3396 4051 postremus
3442 3993 3527 4037 est

246 4070 576 4139 baptismus,
625 4083 726 4124 nec
771 4067 946 4123 solum
1009 4067 1259 4124 acerbior
1284 4068 1379 4124 sed
1444 4074 1498 4123 et
1571 4068 1896 4137 diuturnior,
1937 4071 2029 4141 qui
2071 4086 2310 4128 crassam
2362 4071 2648 4126 materiam
2701 4072 2876 4128 instar
2925 4070 3035 4126 feni
3079 4073 3407 4143 depascitur,
3462 4090 3526 4131 ac

244 4164 431 4219 omnis
456 4161 571 4216 vitii
604 4160 879 4215 levitatem
912 4158 1168 4215 absumit.

318 4256 406 4307 K'.
449 4252 638 4322 Ἡμεῖς
689 4249 747 4302 δὲ
798 4249 1120 4320 τιμήσωμεν
1151 4248 1215 4302 τὸ
1255 4247 1496 4322 Χριστοῦ
1551 4246 1834 4319 βάπτισμα

2008 4245 2129 4301 XX.
2158 4244 2269 4301 Nos
2291 4252 2475 4301 autem
2502 4245 2660 4301 hodie
2690 4245 2890 4303 Christi
2946 4246 3269 4317 baptismum
3313 4249 3525 4307 honore

247 4346 513 4417 σὴ-μερον,
545 4341 640 4394 καὶ
667 4338 849 4404 καλῶς
896 4340 1268 4412 ἐορτάσωμεν,
1327 4340 1403 4413 μὴ
1453 4339 1653 4412 γαστρὶ
1697 4355 1829 4408 τρυ-

246 4437 484 4508 φῶντες,
514 4431 652 4486 ἀλλὰ
703 4430 1091 4502 πνευματικῶς
1122 4431 1558 4504 εὐφραινόμενοι.
1609 4432 1833 4502 Τρυφή-

246 4541 434 4596 σωμεν
457 4522 569 4595 (89)
597 4521 656 4575 δὲ
701 4519 853 4587 πῶς;
885 4522 1228 4586 Λούσασθε,
1276 4521 1525 4591 καθαροὶ
1565 4523 1829 4591 γίνεσθε.

241 4618 310 4671 Ei
342 4616 442 4686 μὲν
470 4612 761 4683 φοινικικοὶ
785 4611 883 4684 τὴν
927 4613 1205 4685 ἁμαρτίαν
1236 4612 1382 4677 ὲστὲ,
1414 4616 1509 4667 καὶ
1549 4610 1713 4685 ἦττον
1743 4615 1830 4668 αί-

245 4705 544 4779 ματώδεις,
584 4703 917 4773 λευκάνθητε
957 4702 1035 4767 ὼς
1076 4703 1243 4773 χιών⁹
1276 4706 1326 4757 εί
1372 4704 1430 4757 δὲ
1466 4704 1709 4759 κόκκινοι
1738 4706 1831 4758 καὶ

241 4799 438 4869 ἄνδρες
467 4797 717 4868 αἱμάτων
771 4794 987 4861 τέλειοι,
1047 4798 1152 4850 κᾶν
1198 4798 1280 4860 είς
1325 4797 1474 4869 ὲρίου
1528 4796 1827 4869 λευκότητα

242 4889 515 4960 φθάσατε.
547 4887 773 4951 Πάντως
804 4885 861 4940 δὲ
893 4886 1206 4959 καθάρθητε
1237 4888 1333 4941 καὶ
1356 4887 1705 4959 καθαίρεσθε.
1743 4889 1829 4953 Ὠς

315 5044 363 5075 ⁸⁸
389 5034 580 5097 Matth.
628 5058 778 5105 uin,
828 5042 916 5096 70.
1019 5040 1244 5097 “Joan.
1271 5058 1387 5110 xxt,
1421 5044 1509 5098 l5.

241 5112 287 5145 ⁸⁸
318 5114 424 5169 lsa.
455 5128 578 5178 va,
597 5113 651 5168 5.
727 5112 772 5143 “
800 5110 906 5167 lsa.
940 5129 980 5176 ι,
1017 5112 1101 5167 l6.
1182 5112 1225 5144 ⁸⁷
1258 5115 1416 5180 ibid.,
1445 5115 1531 5168 18.

314 5247 432 5322 (79)
467 5246 1010 5322 Παρανομήσανζα.
1044 5246 1139 5304 0r.
1172 5249 1238 5322 1,
1252 5249 1680 5322 πεπορνευκότα,

312 5318 431 5392 (80)
467 5320 661 5387 Λύπη-
699 5318 886 5374 Plures
921 5318 1090 5390 Regg.
1121 5328 1176 5375 et
1201 5320 1353 5374 Colb.
1401 5318 1625 5388 addunt,
1652 5320 1826 5393 βαρη-

235 5391 430 5595 θεὶἓίξ
481 5460 545 5513 '0
572 5457 861 5525 τοιοῦτος.
894 5458 1052 5515 Deest
1089 5461 1142 5513 in
1177 5459 1344 5531 Regg.
1376 5460 1488 5525 bm,
1515 5461 1607 5530 ph.

311 5530 405 5595 (82
477 5530 773 5595 Ἀκούσας
788 5528 1090 5595 ῥημάτων.
1123 5530 1214 5586 Sic
1242 5528 1375 5595 Reg.
1402 5532 1496 5595 ph.
1532 5532 1606 5586 De

311 5528 427 5597 (εἳ)
459 5530 773 5612 ,Ἅκςύσας
788 5528 1090 5600 ῥημάτων.
1123 5530 1214 5586 Sic
1242 5528 1375 5596 Reg.
1402 5532 1496 5601 ph.
1516 5528 1691 5586 Deest
1720 5534 1820 5603 ρη-

457 5601 683 5724 I¥a%d£a.
717 5668 848 5795 Reg.
878 5684 909 5726 c
936 5681 989 5726 et
1017 5669 1110 5726 0r.
1141 5671 1169 5724 i
1199 5670 1437 5736 addunt,
1471 5672 1605 5743 φησί
1640 5689 1744 5735 τις.

310 5743 426 5795 ίει)
471 5741 532 5794 Τί
562 5739 761 5795 τοῦτο.
847 5755 933 5795 ea.
966 5756 996 5795 c
1029 5750 1081 5795 et
1108 5740 1325 5795 Comb..
1355 5740 1464 5795 Καί
1489 5759 1541 5795 τι
1567 5742 1743 5795 τοῦτο.

310 5739 426 5817 (Si)
471 5741 532 5794 Τί
562 5739 761 5795 τοῦτο.
797 5739 933 5811 Reg.
966 5756 996 5798 c
1029 5750 1081 5797 et
1108 5740 1325 5808 Comb..
1355 5740 1464 5797 Καί
1486 5739 1543 5796 τι
1567 5742 1743 5796 τοῦτο.

1637 5043 1729 5097 σει
1783 5045 1909 5099 Ilor.
1967 5049 2076 5113 v,l
2126 5058 2182 5104 et
2221 5064 2341 5120 sqq.

1940 4340 2387 4411 complectamur,
2429 4354 2494 4394 ac
2520 4340 2718 4395 festum
2759 4341 2983 4395 honeste
3024 4340 3382 4410 celebremus,
3413 4361 3520 4401 non

1939 4434 2146 4490 ventris
2197 4433 2406 4489 deliciis
2460 4446 2682 4502 operam
2752 4435 2962 4498 dantes,
3006 4435 3102 4489 sed
3168 4434 3521 4504 spiritualiter

1941 4527 2188 4595 nosipsos
2230 4525 2587 4581 oblectantes.
2617 4523 2860 4591 Quonam
2903 4531 3081 4580 autem
3125 4526 3285 4582 modo
3310 4527 3519 4584 deliciis

1940 4618 2379 4688 indulgebimus?
2419 4616 2722 4680 Lavamini,
2769 4617 2955 4672 mundi
2989 4618 3221 4673 estote“.
3262 4619 3317 4675 Si
3352 4620 3514 4692 691

1938 4718 2162 4778 peccato
2187 4708 2335 4763 rubri
2363 4709 2516 4772 estis,
2545 4708 2829 4777 minusque
2851 4710 3169 4779 sanguinei,
3218 4714 3374 4780 quasi
3425 4715 3516 4767 nix

1938 4799 2265 4855 dealbemini
2308 4799 2389 4854 "z
2421 4800 2467 4853 si
2512 4810 2692 4854 autem
2749 4800 2988 4856 coccinei
3035 4816 3100 4856 ac
3153 4802 3376 4871 perfecti
3414 4806 3514 4859 viri

1937 4890 2475 4960 sanguinum,etiam
2515 4906 2687 4960 usque
2725 4893 2791 4947 ad
2828 4892 2965 4947 lana:
3001 4896 3293 4950 candorem
3323 4912 3513 4967 perve-

2452 5050 2499 5081 ⁸³
2520 5048 2562 5103 ΙΙ
2632 5048 2760 5105 Cor.
2790 5063 2854 5103 ll.
2883 5049 2936 5102 7.
3047 5049 3093 5082 “
3143 5050 3340 5121 Ephes.
3370 5069 3424 5119 v,
3456 5055 3512 5110 5.

2006 5320 2053 5392 ν.
2074 5320 2198 5392 Αῡιιο
2226 5324 2414 5390 Regg,
2438 5320 2818 5392 δακρύσωμεν.

2063 5389 2118 5455 6)
2160 5389 2514 5444 Βούλόιντο.
2547 5389 2818 5461 llngtm,
2856 5389 3154 5461 βούλονται.

2001 5458 2602 5535 (87)-Ἐπιπονωτέρῳ
2634 5458 2716 5516 τε.
2744 5458 2835 5516 Sic
2857 5458 3098 5529 quatuor
3132 5460 3303 5535 Regg.
3328 5472 3382 5520 et
3408 5465 3514 5521 duo

1930 5529 2275 5586 CoilﬂDeest
2293 5548 2353 5583 τε
2389 5533 2441 5585 in
2475 5529 2561 5587 ei.

2004 5601 2116 5671 (88)
2154 5603 2384 5669 Χόρτον
2420 5601 2534 5671 τὴν
2557 5602 2736 5670 ὕλην.
2768 5599 2941 5659 Nicet.
2983 5623 3003 5656 ι
3045 5611 3289 5659 terrenos
3314 5615 3363 5659 et
3390 5620 3516 5661 car-

1930 5673 2080 5727 nales
2115 5671 2341 5725 allectus
2378 5691 2397 5722 ›
2444 5673 2710 5727 intellieit.

2001 5741 2114 5814 (89)
2159 5744 2583 5812 Τρυρήσωμεν.
2618 5741 2752 5801 Tres
2787 5741 2978 5816 Regg,
3004 5744 3378 5816 τρυφήσομεν.

2005 5249 2126 5373 (851)
2169 5247 2376 5320 ’Υμῶν.
2415 5248 2607 5337 Plures
2641 5250 2818 5317 Colb.,
2864 5249 3039 5321 ήμῶν.
3072 5250 3217 5318 Mox,
3246 5252 3514 5327 δακρύσο-

1934 5338 2053 5391 μεν.
2076 5389 2088 5391 Ᾱ
2132 5336 2198 5374 uo
2226 5324 2414 5390 Regg,
2438 5320 2818 5391 δακρυσωμεν.
2865 5389 2877 5391 _
2935 5389 2963 5391 ,Α

2004 5391 2059 5461 (8
