3910 6214
406 259 511 314 359

1650 251 1707 304 S.
1751 248 2079 304 GBEGORII
2116 245 2461 302 THEOLOGI

3556 244 3664 296 560

411 375 534 426 nite.
576 369 809 426 Omnino
849 377 1027 424 autem
1084 369 1293 438 purgati
1347 365 1500 428 sitis.
1545 380 1608 419 ac
1663 367 1980 435 purgcmini.

2109 365 2258 418 ιύδεν).
2281 363 2532 417 τοσοῦτον
2562 361 2738 431 χαίρει
2761 358 2912 421 Θεὸς,
2943 359 3066 411 ὅσον
3104 354 3392 428 ἀνθρώπου
3441 354 3671 426 διορθώ-

413 464 564 518 an’la
595 464 737 517 cnint
769 477 827 516 re
859 462 998 515 Deus
1020 462 1240 529 perinde
1283 460 1604 524 delectatur,
1644 471 1701 512 ut
1729 459 1980 520 hominis,

409 571 506 623 pro
533 569 640 623 quo
653 554 831 607 omnis
854 565 1031 607 sermo
1053 561 1106 604 et
1124 551 1303 605 omnia
1337 551 1611 621 mysteria,
1639 550 1987 618 resispiscen-

416 649 487 700 tia
537 656 592 699 et
633 645 841 709 salute;
901 652 957 695 ιιι
1015 641 1353 704 efﬁciamini,
1406 642 1547 696 sicut
1596 641 1879 694 luminaria
1931 641 1983 693 in

415 740 614 790 mundo
645 735 710 798 ⁸⁸,
737 733 820 787 vis
849 733 1096 801 quaedam
1146 732 1328 785 vitalis
1381 731 1604 799 reliquis
1638 730 1976 794 hominibus,

411 842 518 895 quo
551 825 792 896 perfecta
840 823 1038 876 lumina
1097 836 1292 892 magno
1354 822 1430 875 illi
1489 821 1676 875 lumini
1723 830 1987 884 astantes,

2095 474 2176 509 σει
2202 455 2296 509 καὶ
2329 453 2591 524 σωτηρίᾳ,
2629 452 2768 522 ὑπὲρ
2792 444 2851 503 οὗ
2875 449 3029 517 λόγος
3058 447 3202 510 ἄπας
3230 447 3323 500 καὶ
3348 445 3494 499 ἆπαν
3524 463 3665 517 μυσ-

2093 549 2312 618 τήριον·
2346 547 2432 599 ἵνα
2467 542 2695 614 γένησθε
2742 541 2816 604 ὡς
2873 538 3159 608 φωστῆρες
3197 538 3254 589 ἐν
3307 537 3515 606 κόσμῳ,
3562 535 3670 599 ζω-

2091 639 2216 708 τικὴ
2249 639 2360 700 τοῖς
2388 636 2566 698 ἄλλοις
2611 631 2916 704 ἀνθρώποις
2947 629 3197 699 δύναμις,
3244 629 3331 680 ἵνα
3381 627 3536 697 φῶτα
3572 627 3667 680 τέ-

2093 732 2212 784 λεια
2244 728 2321 800 τῷ
2359 726 2576 799 μεγάλῳ
2611 725 2750 794 φωτὶ
2798 720 3196 791 παραστάντες,
3225 719 3319 772 καὶ
3350 719 3449 788 τὴν
3482 720 3666 771 ἐκεῖσε

2100 822 2343 893 μυηθῆτε
2381 817 2763 890 φωταγωγίαν,
2800 813 3197 882 ἐλλαμπόμενοι
3235 813 3301 881 τῇ
3345 809 3534 881 Τριάδι
3560 825 3666 861 κα-

410 921 529 988 ejus
585 917 783 984 ipsius,
839 929 958 983 quae
1002 914 1052 966 in
1111 914 1248 967 (celo
1286 922 1388 976 est,
1436 912 1569 968 lucis
1617 913 1990 982 splendoribus

2109 913 2405 985 lzptbrspov
2456 912 2546 964 καλ
2600 908 2941 980 τρανότερον,
2981 900 3048 975 ἦς
3081 903 3176 956 νῦν
3205 901 3440 975 μετρίως
3478 901 3672 955 ὑποδέ-

413 1007 751 1069 itnbuaniini,
779 1006 964 1075 purius
999 1015 1052 1058 et
1076 1005 1273 1058 clarius
1314 1020 1342 1057 a
1385 1003 1650 1058 Triuitate
1681 1004 1988 1070 illuminati,

411 1103 563 1172 rujus
605 1115 746 1155 nunc
770 1099 980 1152 radium
1023 1113 1187 1149 unum
1217 1113 1281 1149 ex
1315 1112 1417 1148 una
1453 1097 1653 1150 deitate
1683 1106 1989 1149 manantem

413 1195 589 1246 minus
604 1192 760 1260 plene
778 1190 1080 1260 accepistis,
1103 1189 1154 1240 in
1168 1187 1384 1241 Christo
1401 1184 1524 1241 Jcsu
1544 1187 1770 1240 Domino
1785 1194 1986 1252 nostro,

411 1286 495 1338 cui
519 1283 684 1354 gloria
709 1295 762 1337 et
784 1283 1067 1352 imperium
1109 1280 1163 1334 iu
1198 1280 1392 1334 saacula
1427 1279 1766 1334 szeculorum.
1793 1278 1984 1331 Amen.

486 1440 530 1471 σε
555 1438 751 1507 Philip.
798 1453 863 1500 ιι,
914 1437 1002 1491 15.

484 1532 595 1596 {90)
647 1527 1044 1597 Ύποδέδεχθε.
1085 1524 1232 1590 Bas.,
1263 1517 1685 1592 ὑποδεδέγμεθα,
1725 1537 1744 1571 ι
1777 1515 1990 1586 accepi-

415 1619 552 1656 IllUS.
590 1619 609 1651 ι

907 1874 1292 1953 ORATIO
1348 1871 1513 1949 XL“

886 2053 952 2106 In
985 2061 1221 2106 sanctum
1244 2051 1521 2120 baptisma.

484 2163 525 2218 I.
558 2164 818 2230 Quoniam
851 2163 966 2217 heri
994 2161 1326 2230 Splendidunt
1351 2159 1638 2213 Luminum
1666 2159 1806 2214 diem
1841 2158 1988 2214 cele-

413 2257 686 2312 bravimus
713 2255 964 2324 (salutem
996 2253 1195 2307 etenim
1242 2261 1480 2304 nostram
1523 2249 1707 2304 laetitia
1735 2250 1990 2320 prosequi

415 2344 797 2408 conveniebat,
834 2357 898 2396 ac
924 2342 1093 2395 multo
1114 2341 1329 2406 quidem
1381 2340 1574 2408 magis,
1607 2355 1768 2409 quam
1812 2341 1992 2394 carnis

415 2437 598 2497 amici,
625 2437 714 2505 qui
747 2437 862 2488 dies
890 2447 985 2488 eos
1017 2433 1307 2502 quotannis
1330 2433 1629 2496 celebrant,
1677 2431 1875 2500 quibus
1904 2432 1990 2487 vel

417 2529 549 2592 nati,
575 2527 656 2580 vel
689 2523 1031 2578 matrimonio
1054 2521 1226 2589 juncti
1282 2531 1428 2585 sunt,
1480 2521 1562 2575 vel
1595 2535 1792 2574 nomeu
1829 2536 1990 2575 acce-

416 2625 633 2685 perunt,
660 2615 744 2668 vel
786 2621 932 2667 certe
971 2614 1110 2665 inter
1144 2612 1374 2681 juvenes
1423 2612 1630 2665 censeri
1679 2621 1990 2678 coeperunt,

414 2709 499 2764 vel
547 2707 720 2760 locum
764 2705 994 2774 aliquem
1062 2705 1291 2772 primum
1349 2703 1712 2767 incoluerunt,
1743 2702 1826 2756 vel
1866 2718 1994 2771 qua-

416 2811 631 2867 cunque
683 2796 898 2850 tandem
941 2794 1044 2848 alia
1091 2795 1156 2847 de
1205 2808 1388 2856 causa,
1418 2808 1538 2862 quae
1571 2792 1638 2845 ab
1672 2793 1982 2846 hominibus

415 2889 787 2958 celebratur);
819 2887 976 2940 hodie
1025 2888 1089 2939 de
1128 2885 1414 2953 baptismo,
1448 2900 1511 2938 ac
1567 2883 1827 2938 beneﬁcio
1865 2884 1992 2939 hinc

417 2983 484 3035 ad
539 2997 635 3035 nos
699 2989 988 3044 manante,
1049 2978 1283 3031 breviter
1353 2977 1721 3032 disseremus:
1781 2977 1990 3030 tametsi

421 3072 671 3125 hesterna
710 3070 826 3124 luce
859 3083 957 3122 nos
1001 3067 1176 3120 oratio
1211 3066 1481 3138 ell‘ugerit,
1521 3077 1630 3120 tum
1679 3069 1802 3136 quia
1857 3078 1994 3123 tem-

2015 2052 2062 2111 B

2097 1004 2251 1073 δεχθε
2292 1002 2401 1073 (90)
2437 999 2536 1070 τὴν
2571 999 2698 1068 μίαν
2751 995 2922 1066 αὐγὴν
2973 996 3037 1047 ἐκ
3093 995 3218 1065 μιᾶς
3254 994 3352 1064 τῆς
3393 991 3672 1060 θεότητος,

2098 1097 2155 1147 ἐν
2182 1092 2402 1166 Χριστῷ
2436 1089 2611 1161 Ἰησοῦ
2644 1088 2720 1160 τῷ
2747 1087 2928 1159 Κυρίῳ
2961 1085 3138 1156 ἡμῶν,
3178 1079 3222 1152 ᾧ
3245 1086 3280 1155 η
3306 1083 3454 1150 δόξα,
3477 1083 3574 1136 καὶ
3609 1081 3676 1135 τὸ

2095 1185 2294 1255 κράτος
2327 1183 2434 1254 (91)
2464 1185 2544 1244 είς
2570 1181 2696 1242 τοὺς
2728 1180 2927 1242 αἰῶνας
2954 1175 3062 1229 τῶν
3099 1175 3329 1229 αἰώνων.
3365 1176 3558 1246 Ἀμήν.

2170 1517 2281 1585 (9|)
2324 1517 2431 1570 Kal
2469 1515 2533 1568 τὸ
2559 1515 2792 1584 κράτος.
2831 1514 2921 1570 Sic
2952 1514 3114 1568 Coisl.
3160 1513 3197 1567 2
3234 1522 3288 1568 et
3324 1512 3418 1568 0r.
3474 1513 3525 1567 Ι.
3575 1513 3676 1570 Sic

2099 1589 2260 1643 etiam
2289 1588 2414 1656 legit
2445 1585 2652 1641 Billius.
2684 1587 2807 1640 llaec
2835 1589 3029 1640 desunt
3053 1587 3107 1639 in
3128 1585 3218 1640 ed.

2611 1862 2978 1949 ΛΟΓΟΣ
3029 1849 3176 1948 M’.

2498 2047 2602 2110 Εἰς
2639 2045 2705 2098 τὸ
2735 2044 2908 2114 ἅγιον
2931 2043 3268 2115 βάπτισμα.

2165 2163 2244 2214 A'.
2280 2157 2420 2220 Χθές
2469 2160 2535 2228 τῇ
2568 2157 2797 2228 λαμπρᾷ
2842 2156 2950 2209 τῶν
2974 2154 3174 2208 Φώτων
3209 2154 3396 2227 ἡμέρᾳ
3427 2172 3678 2227 πανηγυ-

2099 2251 2348 2323 ρίσαντες
2397 2249 2530 2310 (καὶ
2574 2247 2682 2320 γὰρ
2743 2247 2951 2319 ἔπρεπε
2979 2247 3298 2318 χαρμόσυνα
3350 2247 3538 2301 θέσθαι
3569 2249 3679 2319 τῆς

2096 2342 2370 2413 σωτηρίας
2397 2341 2499 2410 τῆς
2536 2339 2828 2411 ἡμετέρας,
2882 2340 2977 2393 καὶ
3019 2339 3199 2409 πολλῷ
3249 2339 3449 2410 μᾶλλον
3482 2338 3593 2410 (92)
3634 2339 3673 2409 ἢ

2093 2435 2363 2506 γαμήλια,
2408 2435 2502 2486 καὶ
2535 2432 2806 2500 γενέθλια,
2847 2432 2942 2486 καὶ
2974 2433 3366 2504 ὀνομαστήρια,
3396 2435 3508 2495 τοῖς
3533 2449 3676 2503 σαρ-

2095 2526 2191 2589 κὸς
2229 2525 2424 2593 φίλοις,
2461 2521 2762 2593 κουρόσυνά
2788 2522 2900 2592 (95)
2943 2539 3002 2575 τε
3049 2522 3143 2575 καὶ
3187 2521 3502 2574 κατοικέσια
3532 2520 3674 2590 (94),

2095 2619 2188 2671 καὶ
2233 2617 2424 2685 ἐτήσια
2454 2614 2604 2684 (95),
2641 2615 2742 2668 ὅσα
2785 2630 2843 2666 τε
2893 2613 3028 2668 ἄλλα
3076 2612 3540 2684 πανηγυρίζουσιν
3576 2612 3670 2666 iv-

2097 2708 2361 2782 θρωποι),
2419 2709 2659 2776 σήμερον
2721 2706 2851 2777 περὶ
2901 2704 2994 2758 τοῦ
3047 2705 3420 2776 βαπτίσματος
3465 2703 3678 2777 βραχέα

2096 2797 2454 2868 διαλεξόμεθα
2486 2796 2624 2868 (96),
2655 2796 2748 2848 καὶ
2781 2797 2880 2866 τῆς
2926 2795 3177 2850 ἐντεῦθεν
3222 2798 3356 2867 ἡμῖν
3395 2795 3678 2866 ὑπαρχού-

2101 2905 2201 2958 σης
2228 2887 2545 2956 εὐεργεσίας
2563 2902 2576 2916 ⁸
2607 2887 2656 2938 εί
2690 2886 2784 2938 καὶ
2817 2885 2944 2956 χθὲς
2989 2887 3137 2956 ἡμᾶς
3161 2888 3189 2939 ὁ
3218 2886 3376 2953 λόγος
3401 2886 3679 2956 παρέδρα-

2103 2996 2190 3049 με,
2224 2978 2321 3048 τῆς
2369 2976 2517 3047 ὧρας
2552 2975 3004 3047 κατεπειγούσης,
3055 2977 3150 3029 καὶ
3205 2977 3322 3046 ἅμα
3358 2975 3453 3028 τοῦ
3508 2974 3676 3042 λόγου

2097 3072 2188 3123 τὸν
2213 3071 2372 3141 κόρον
2401 3070 2710 3139 φεύγοντος.
2756 3069 2934 3141 Κόρος
2965 3070 3022 3122 δὲ
3057 3069 3168 3140 (97)
3203 3069 3364 3138 λόγου
3416 3070 3678 3139 πολέμιος

415 3162 562 3232 poris
590 3160 834 3228 angustia
867 3159 1276 3227 premebanmr,
1323 3168 1431 3210 tum
1477 3159 1598 3226 quia
1628 3172 1810 3211 sermo
1842 3169 1995 3212 satu-

418 3256 628 3308 ritatem
690 3267 753 3306 ac
811 3252 1083 3304 fastidium
1147 3248 1402 3317 fugiebat.
1472 3247 1749 3303 Sermonis
1797 3251 1994 3318 quippe

2099 3162 2308 3225 ἀκοαῖς,
2348 3160 2422 3224 ὡς
2459 3159 2871 3230 ὑπερϐάλλουσα
2901 3160 3077 3231 τροφὴ
3095 3159 3308 3230 σώμασι
3333 3159 3465 3230 (98).
3499 3163 3678 3231 Προσ-

2103 3253 2247 3321 έχειν
2278 3251 2334 3303 δὲ
2384 3250 2534 3316 ἄξιον
2579 3253 2689 3314 τοῖς
2721 3249 3057 3320 λεγομένοις,
3092 3251 3185 3302 καὶ
3222 3251 3295 3321 μὴ
3326 3251 3621 3321 παρέργως
3656 3289 3675 3316 ,

418 3345 674 3398 saturitas
719 3358 824 3396 non
880 3344 1060 3395 minus
1123 3340 1345 3395 auribus
1407 3341 1624 3394 inimica
1675 3349 1778 3403 est,
1827 3354 1988 3407 quam

2109 3342 2233 3396 Ξιλλὰ
2280 3342 2572 3414 προθύμως
2599 3342 2692 3395 τὸν
2734 3344 2860 3412 περὶ
2901 3341 3235 3411 τηλικούτων
3282 3340 3535 3405 δέξασθαι
3579 3341 3674 3394 λό-

417 3435 740 3488 immodicus
787 3435 940 3486 cibus
1009 3432 1246 3502 corpori.
1295 3430 1483 3498 Opera:
1519 3432 1748 3501 pretium
1809 3442 1986 3486 autem

2109 3452 2188 3503 γον
2208 3451 2221 3464 ο
2256 3434 2441 3504 ἐπειδὴ
2471 3435 2564 3487 καὶ
2595 3434 2754 3487 τοῦτό
2782 3436 2898 3486 ἐστι
2925 3435 3224 3505 φωτισμδς,
3258 3435 3318 3488 τὸ
3337 3434 3538 3503 γνῶναι
3573 3434 3673 3488 τοῦ

419 3526 578 3579 fuerit
606 3541 701 3580 vos
739 3526 804 3578 ad
827 3541 910 3591 ea,
943 3540 1062 3594 qua:
1093 3526 1288 3579 dicturi
1321 3539 1528 3586 sumus,
1551 3524 1789 3576 animum
1808 3534 1987 3577 atten-

2109 3526 2401 3597 μυστηρίου
2429 3527 2528 3597 τὴν
2548 3525 2798 3597 δύναμιν.
2888 3550 2905 3566 ι·

422 3629 533 3672 tum
568 3619 780 3684 alTerre,
811 3627 969 3686 atque
1011 3619 1308 3670 orationem
1349 3619 1415 3672 de
1463 3617 1624 3671 tantis
1655 3618 1816 3671 rebus
1839 3617 2161 3681 institutam,
2218 3635 2324 3672 non
2369 3619 2736 3689 perfunctorie
2792 3629 2846 3674 et
2882 3619 3200 3684 oscitanter,
3269 3620 3361 3674 sed
3427 3630 3674 3690 prompte

419 3721 471 3766 et
503 3711 754 3764 alacriter
808 3711 1111 3780 excipere:
1166 3711 1598 3780 quandoquidem
1645 3711 1749 3766 hoc
1809 3725 2029 3780 quoque
2108 3713 2360 3780 splendor
2421 3721 2532 3776 est,
2576 3711 2686 3765 vim
2748 3712 2972 3782 hujusce
3037 3713 3276 3782 mysterii
3335 3727 3670 3781 perspectam

419 3805 640 3860 habere.

490 3897 654 3969 692
731 3895 792 3950 11.
848 3891 1065 3962 Triplex
1133 3895 1429 3948 nativitatis
1516 3908 1681 3959 genus
1744 3893 1990 3962 agnoscit

421 3991 696 4059 Scriptura
727 4009 738 4042 :
775 3989 1005 4056 primunt
1037 4003 1102 4040 ex
1141 3988 1478 4054 corporibus,
1506 3986 1731 4038 alterunt
1763 4001 1829 4039 ex
1857 3985 1988 4053 bap—
2035 3988 2038 3990 ’

2167 3887 2240 3940 B'.
2271 3886 2512 3957 Τρισσὴν
2539 3885 2794 3958 γέννησιν
2833 3889 2967 3958 ἡμῖν
3010 3883 3151 3941 οἶδεν
3186 3888 3214 3940 ὁ
3244 3888 3430 3957 Λόγος·
3467 3888 3566 3960 τὴν
3606 3892 3674 3944 ἐκ

2097 3981 2386 4052 σωμάτων,
2421 3979 2519 4051 τὴν
2541 3981 2605 4032 ἐκ
2631 3979 3024 4051 βαπτίσματος,
3056 3982 3152 4035 καὶ
3178 3981 3288 4051 (99)
3319 3982 3506 4054 τὴν-ἐξ
3538 3984 3672 4037 ἀνα-

418 4085 598 4149 tismo,
649 4085 866 4137 tertium
919 4095 982 4134 ex
1037 4080 1450 4133 resurrectione.
1504 4077 1704 4130 Horum
1736 4077 1987 4146 primum,

421 4185 744 4228 nocturnum
803 4182 859 4225 et
913 4187 1125 4225 servum
1171 4179 1277 4234 est,
1327 4185 1389 4222 ac
1443 4185 1566 4223 cum
1604 4168 1827 4222 libidine
1857 4183 1990 4221 con-

417 4267 666 4336 junctum
698 4288 710 4320 ;
750 4265 1002 4329 alterum,
1053 4262 1307 4316 diurnum
1356 4271 1410 4315 et
1448 4261 1701 4320 liberum,
1725 4273 1786 4313 ac
1819 4258 1992 4329 depel-

421 4357 697 4410 lendarnm
781 4356 1093 4409 vitiosarum
1162 4351 1507 4407 aﬂectionum
1574 4351 1680 4404 vim
1746 4351 1986 4418 habens,

2097 4075 2359 4136 στάσεως.
2411 4072 2630 4126 Τούτων
2658 4073 2716 4126 δὲ
2752 4072 2852 4144 (Ι),
2892 4076 2927 4145 ή
2960 4075 3058 4144 μὲν
3093 4077 3378 4146 νυκτερινὴ
3431 4075 3492 4128 τέ
3530 4077 3671 4138 ἐστι,

2096 4167 2190 4220 καὶ
2229 4165 2412 4235 δούλη,
2445 4166 2539 4218 καὶ
2571 4165 2826 4236 ἐμπαθὴς
2846 4183 2860 4196 ·
2909 4168 2943 4237 ἡ
2994 4167 3051 4220 δὲ
3081 4167 3342 4239 ἡμερινὴ,
3389 4168 3480 4220 καὶ
3513 4167 3672 4220 ἐλευ-

2097 4257 2252 4329 θέρα,
2287 4259 2382 4310 καὶ
2407 4256 2597 4328 λυτικὴ
2632 4255 2842 4319 παθῶν,
2877 4259 2986 4310 πᾶν
3017 4257 3079 4309 τὸ
3125 4257 3231 4311 ἀπὸ
3262 4257 3526 4326 γενέσεως
3571 4259 3674 4312 κά-

2093 4351 2284 4422 λυμμα
2321 4350 2744 4420 περιτέμνουσα,
2786 4351 2880 4405 καὶ
2905 4351 3042 4423 πρὸς
3067 4351 3165 4421 τὴν
3191 4350 3302 4404 ἄνω
3331 4350 3476 4422 ζωὴν
3506 4353 3676 4406 ἐπαν-

495 4529 517 4593 fl
560 4517 728 4593 Alias,
760 4525 978 4593 einunc
1022 4514 1132 4568 ..L.
1163 4545 1233 4556 ——
1269 4513 1460 4569 Habita
1495 4511 1958 4582 Constantinopoli
2020 4519 2064 4573 D
2093 4513 2435 4593 primuspon
2466 4525 2550 4570 est
2583 4516 2876 4593 habendus,
2911 4518 3023 4593 qui,
3051 4519 3245 4593 utipse
3290 4519 3391 4593 sibi
3441 4519 3670 4583 videtur,

419 4591 450 4643 7
487 4587 727 4641 Januarii
759 4587 882 4638 561.

497 4656 863 4727 (92)-Πολλῷ
899 4655 1160 4727 μᾶλλον.
1191 4653 1453 4727 Quatuor
1501 4652 1691 4727 chg.,
1715 4651 1906 4727 _Cois_l._
1936 4651 1992 4705 ἓν

419 4721 569 4784 Ρεέ..
591 4721 802 4787 Ὀκοιι.,
826 4721 955 4785 θεά,
987 4726 1120 4778 πολὺ
1149 4725 1350 4778 πλεῖον.
1373 4724 1502 4793 lteg.
1537 4725 1568 4775 d
1588 4721 1602 4786 ζ
1623 4721 1777 4793 ίπολυ
1805 4721 1992 4776 πλέον.

493 4798 604 4867 (95)
644 4797 1022 4867 Κοιιρόσυνα.
1059 4797 1242 4867 δρα-ιιοΙ.
1279 4812 1291 4846 :
1319 4792 1468 4867 :O'rs
1495 4793 1628 4867 τοὺς⁸
1661 4792 1879 4867 ὀδόντας
1905 4796 1997 4844 ἐκ-

421 4863 626 4938 φέρωσι
648 4865 928 4938 τᾲίνήπια,
953 4866 1152 4938 ἐορτὴν
1174 4863 1458 4938 ἐπετέλουν
1479 4880 1494 4894 ο
1518 4863 1724 4938 _¢__Cum
1761 4863 1994 4938 infantes

422 4933 610 4992 dentes
655 4933 904 4997 efferunt,
945 4933 1136 4989 festum
1173 4936 1422 5004 agebant.
1460 4952 1478 4984 ι
1517 4933 1734 5004 Nicetes
1773 4933 1853 4986 sic
1891 4947 1989 4986 ex-

422 5008 615 5077 ponit:
652 5025 670 5057 (
707 5005 953 5070 Quando,
1003 5002 1228 5077 decursa
1272 5016 1331 5077 et
1367 5015 1554 5057 exacta
1608 5002 1994 5077 adolescentia,

423 5073 477 5132 in
508 5078 764 5144 juvennm
797 5078 1037 5129 ordinem
1068 5075 1466 5144 ascriptiisunt;
1501 5092 1520 5124 ι
1566 5082 1676 5135 aut,
1720 5091 1738 5123 ι
1783 5073 1996 5140 quando

424 5143 657 5216 primum
695 5146 823 5213 ipsis
846 5160 1002 5198 coma
1036 5147 1088 5197 in
1118 5143 1442 5213 superﬂuum
1469 5157 1788 5216 excrescens
1819 5151 1996 5216 atton-

420 5211 481 5270 sa
511 5226 611 5270 est.
650 5235 669 5268 ι
709 5211 902 5269 Suidas
941 5211 1325 5283 interpretatur
1349 5213 1693 5334 xo'apéouvov,
1726 5230 1746 5261 ι
1785 5211 1996 5264 sacriﬁ-

420 5288 563 5334 cium
601 5287 729 5334 olim
770 5300 865 5334 nro
895 5299 1063 5334 comic
1100 5285 1348 5334 primitiis
1379 5299 1410 5334 o
1454 5284 1560 5334 erri
1609 5283 1846 5334 solitum.
1883 5299 1901 5331 ι
1935 5280 1996 5332 τὸ

420 5288 563 5340 cium
601 5287 729 5338 olim
770 5300 865 5352 pro
895 5280 1348 5351 comic-primitiis
1379 5280 1560 5352 offerri
1609 5283 1846 5346 solitum,
1883 5299 1901 5331 ι
1935 5280 1997 5332 τὸ

420 5355 563 5426 ὑπὲρ
602 5351 806 5426 κουρᾶς
842 5354 1118 5424 θυόμενον.
1161 5352 1453 5421 Gregorius
1485 5351 1683 5426 forsan
1712 5352 1995 5426 Itac_vo_ce,

419 5420 543 5478 tam"
581 5445 600 5476 ‹
652 5420 831 5479 barbae
873 5443 891 5476 ι
945 5420 1107 5494 quam
1159 5442 1177 5473 ι
1224 5420 1390 5476 comic
1430 5422 1750 5494 rprimitias
1791 5420 1997 5490 signiti-

421 5507 526 5548 cat.
560 5491 992 5548 llarbaloriarnm
1026 5494 1402 5560 antiquitatum
1433 5491 1616 5556 ritum,
1636 5506 1994 5560 πωγωνοκουτ-

421 5564 574 5688 ριίων,
608 5567 815 5619 erudite
838 5565 1070 5634 explicat
1104 5559 1376 5617 Adrianus
1400 5561 1646 5616 Valesius
1682 5563 1735 5614 in
1771 5561 1885 5614 suis
1922 5559 1988 5613 ad

466 5637 728 5688 erctnzat'ii
765 5634 1140 5688 panegyricum
1172 5633 1332 5688 notis.
1365 5647 1486 5688 nam.
1516 5631 1650 5688 194;
1687 5631 1780 5685 sed
1812 5637 1988 5683 tamen

466 5637 728 5699 erengarii
765 5631 1140 5704 panegyricum
1172 5633 1332 5700 notis,
1365 5647 1486 5702 pag.
1516 5631 1650 5696 194;
1687 5631 1780 5685 sed
1812 5637 1990 5683 tamen

2101 4586 2258 4666 ritum
2279 4586 2456 4666 thunc
2489 4601 2697 4641 comam
2735 4586 2985 4644 tondendi
3019 4598 3073 4644 et
3107 4590 3388 4643 dedicandi
3420 4590 3674 4645 animad-

2097 4664 2337 4707 verterit.

2168 4723 2694 4796 (θόλΚατοικέσια.
2742 4726 2924 4782 Schol.
2955 4741 2972 4781 :
3008 4727 3090 4782 Τὰ
3138 4728 3232 4781 τοῦ
3279 4729 3426 4782 οἴκου
3481 4728 3672 4796 ἐγκατ-

2095 4810 2185 4847 νια
2204 4809 2217 4823 ·
2252 4813 2269 4844 ι
2303 4793 2660 4852 Habitationis
2683 4801 2938 4864 ern-zenia,
2965 4815 3112 4853 nova:
3131 4803 3322 4853 domus
3353 4793 3668 4854 habitatio.»

2167 4863 2282 4935 (95)
2332 4865 2592 4942 ’έδζτήονιᾳτ
2646 4868 2850 4942 «Δριιιιι
2905 4863 3079 4922 annua
3122 4869 3436 4942 celebritate
3481 4884 3672 4942 recur—

2099 4945 2304 5015 runt.)
2345 4935 2590 5015 Nonnulli
2633 4938 2792 5015 etiam
2832 4940 3251 5015 interpretantur
3290 4941 3356 5015 de
3391 4940 3671 5007 prmludio,

2097 5017 2188 5079 seu
2244 5006 2488 5079 tirocinio
2530 5009 2860 5079 consulatus,
2897 5010 3143 5063 militaris
3185 5006 3534 5079 praefecturae,
3562 5022 3670 5064 etc.

2098 5071 2315 5149 Nicetas
2340 5076 2388 5149 id
2418 5075 2664 5149 intelligit
2689 5079 2754 5132 de
2783 5079 2891 5143 die,
2917 5093 3022 5148 quo
3053 5071 3496 5148 quis'maximum
3524 5071 3672 5149 peri-

2099 5145 2276 5214 culum
2308 5142 2506 5214 eﬂttgit.

2171 5212 2282 5284 (96)
2316 5212 2737 5291 ᾼιαζλεξόμεθα.
2773 5217 2888 5273 Duo
2922 5216 3113 5289 Regg.,
3142 5217 3530 5291 διαλεξώμεθα.
3564 5217 3672 5274 Alii

2102 5284 2513 5358 duo,_<ptltocrooi;
2523 5284 2707 5358 σομεν.

2171 5353 2281 5431 (9,7)
2321 5353 2513 5431 ἐξόροέ
2541 5353 2632 5431 δέ’,
2659 5357 2790 5427 ιὶεεο
2825 5357 2917 5431 ph.
2941 5359 3099 5431 κόρεις
3124 5359 3251 5430 γάρ.

2173 5424 2285 5500 (99)
2325 5425 2582 5500 galliam.
2615 5426 2672 5482 ln
2697 5424 2984 5500 nonnullis,
3008 5424 3242 5500 σώματι.

2172 5494 2282 5566 (99)
2321 5497 2450 5566 Kal.
2482 5498 2642 5552 Deest
2675 5499 2725 5550 in
2749 5499 3010 5566 pluribus.

2171 5564 2380 5635 (1)“Δέ.
2403 5565 2562 5622 Deest
2583 5569 2635 5623 in
2669 5564 2842 5624 tribus
2862 5567 3029 5642 ltegg.
3057 5579 3110 5625 et
3132 5567 3224 5626 Or.
3250 5570 3303 5625 l.
