3910 6214
316 194 424 255 361

1241 188 1497 247 ORATIO
1534 191 1650 248 XL.
1689 220 1757 232 ——
1794 190 1865 246 ΙΝ
1905 190 2235 249 SANCTUM
2272 193 2647 252 BAPTISMA.

318 310 534 381 ἄγουσα
584 307 661 379 (2)
685 323 699 337 ·
756 307 790 378 ή
836 305 894 359 δὲ
946 302 1301 375 φοϐερωτέρα
1358 304 1455 358 καὶ
1497 305 1907 377 συντομωτέρα,

2034 322 2198 374 ιιιιιιε,
2236 309 2379 378 quod
2433 324 2462 360 a
2511 310 2790 365 nativitate
2827 321 3169 368 contractum
3209 323 3313 379 est,
3346 313 3597 374 velamen

320 404 432 456 πὶν
459 400 521 456 τὸ
547 400 774 470 πλάσμα
803 396 879 467 (5)
916 394 1224 464 συνάγουσα
1266 398 1324 448 ὲν
1370 396 1564 467 βραχεῖ
1588 395 1665 466 τῷ
1692 394 1909 469 πλάστῃ

320 493 830 568 παραστησόμενον,
855 489 952 543 καὶ
981 487 1138 557 λόγον
1168 488 1364 556 ὑφέξον
1401 489 1500 560 τῆς
1535 487 1768 542 ἐνταῦθα
1783 486 1908 541 δου-

320 587 493 652 λείας,
539 586 634 639 καὶ
666 582 962 644 πολιτείας,
1003 581 1114 634 εἴτε
1162 583 1228 651 τῇ
1290 581 1457 653 σαρκὶ
1499 580 1658 651 μόνον
1699 581 1906 650 ἐπηκο-

320 675 606 746 λούθησεν,
648 673 759 726 εἴτε
795 671 874 742 τῷ
899 669 1176 741 Πνεὺματι
1205 669 1504 741 συνανῆλθε
1535 668 1634 741 (4),
1678 669 1773 722 καὶ
1805 670 1908 740 τὴν

322 768 484 839 χάριν
520 763 721 836 ᾐδέσθη
745 764 846 834 τῆς
877 761 1255 827 ἀναπλάσεως.
1293 761 1509 825 Ταύτας
1551 762 1617 833 δὴ
1645 762 1745 825 τὰς
1794 778 1912 830 γεν-

323 859 510 930 νήσεις
532 856 747 919 ἁπάσας
774 855 906 926 παρ’
936 853 1130 908 ἑαυτοῦ
1159 855 1397 926 τιμήσας
1431 856 1460 907 ό
1493 855 1627 924 ὲμὸς
1672 854 1909 926 Χριστὸς

323 950 611 1020 φαίνεται’
672 948 771 1019 τήν
803 946 925 1017 μὲν,
974 946 1054 1015 τῷ
1087 948 1447 1018 ὲμφυσήματι
1479 946 1556 1017 (5)
1591 945 1669 1016 τῷ
1700 944 1908 1018 πρώτῳ

324 1042 422 1096 καὶ
461 1038 678 1110 ζωτικῷ
701 1056 716 1071 ο
751 1040 852 1109 τὴν
884 1039 961 1102 δὲ,
1026 1041 1092 1110 τῇ
1142 1037 1440 1110 σαρκώσει,
1474 1039 1571 1093 καὶ
1607 1038 1686 1110 τῷ
1721 1036 1915 1107 βαπτί-

2018 408 2325 467 amputans,
2371 411 2427 453 et
2473 401 2541 453 ad
2584 415 2875 468 supernam
2929 405 3095 459 vitam
3147 419 3245 460 nos
3293 420 3589 463 revocans:

2015 499 2367 555 postremum,
2414 487 2809 545 formidabilius
2845 506 2911 547 ac
2948 493 3191 561 brevius,
3226 508 3386 549 omne
3421 498 3597 551 homi—

2015 595 2140 632 num
2188 593 2357 648 genus
2413 582 2673 649 temporis
2727 591 3003 638 momento
3050 584 3104 639 in
3155 601 3317 640 unum
3367 601 3588 657 cogens,

2014 670 2360 724 utCreatori
2418 671 2719 738 sistentur,
2774 688 2994 744 suaeque
3049 677 3348 744 servitutis,
3377 686 3431 731 et
3473 679 3596 731 vitae

2015 771 2149 815 acta:
2194 761 2457 826 rationem
2505 762 2754 826 reddant,
2783 764 2899 818 sive
2937 779 3154 818 carnem
3192 764 3364 819 solum
3397 774 3597 820 secutae

2014 848 2380 918 fuerint,'sive
2403 868 2523 908 sese
2566 869 2671 909 una
2696 869 2820 908 cum
2858 855 3061 925 Spiritu
3116 857 3166 910 in
3196 858 3364 911 altum
3395 872 3597 911 evexe-

2017 944 2146 1012 rint,
2189 955 2351 1015 atque
2402 945 2812 1002 instaurationis
2861 948 3092 1017 gratiam
3143 949 3428 1004 colm-rint.
3486 947 3598 1002 llas

2014 1050 2181 1105 porro
2235 1046 2461 1091 cunctas
2514 1037 2826 1093 nativitates
2881 1040 3087 1092 honore
3136 1056 3165 1093 a
3207 1039 3426 1094 Christo
3479 1054 3599 1091 meo

3484 205 3592 260 362
3692 201 3712 213 ”

326 1151 522 1206 σματι,
556 1134 694 1203 ὅπερ
725 1131 888 1195 αὐτὸς
918 1129 1252 1184 ἐϐαπτίσατο
1273 1148 1286 1161 ’
1316 1130 1415 1202 τὴν
1463 1130 1544 1194 δὲ,
1577 1133 1642 1201 τῇ
1674 1129 1916 1184 ἀναστά-

2034 1128 2246 1182 affectas
2298 1128 2465 1183 fuisse
2520 1139 2772 1195 constat;
2821 1129 3049 1199 primam
3085 1131 3326 1198 quidem,
3356 1144 3453 1198 per
3489 1130 3600 1198 pri-

326 1242 432 1292 σει,
460 1216 530 1295 ἦς
577 1223 740 1285 αὐτὸς
773 1220 1060 1292 ἁπήρξατο
1083 1239 1096 1251 ·
1133 1222 1209 1285 ὼς
1238 1223 1458 1290 ἐγένετο
1487 1223 1830 1295 πρωτότοκος
1859 1224 1918 1275 ὲν

2034 1234 2167 1272 mam
2207 1218 2350 1272 illam
2389 1229 2446 1273 et
2487 1220 2704 1275 vitalem
2742 1220 3163 1276 insumationem
3186 1222 3267 1287 ⁶⁹;
3300 1222 3599 1276 secundam

325 1316 544 1378 πολλοῖς
588 1313 863 1382 ἀδελφοῖς,
913 1312 1056 1366 οὕτω
1090 1314 1184 1367 καὶ⁹
1214 1316 1563 1386 πρωτότοκος
1601 1319 1666 1368 ὲκ
1708 1313 1918 1390 νεκρῶν

2034 1324 2154 1363 vero
2183 1353 2197 1377 ,
2250 1326 2343 1379 per
2400 1311 2821 1366 incarnationem
2845 1312 2892 1343 '°
2940 1323 2996 1367 et
3044 1313 3460 1383 baptismum“,
3493 1329 3601 1381 quo

325 1406 582 1476 γενέσθαι
624 1403 992 1470 καταξιώσας.

2034 1401 2141 1470 ipse
2174 1402 2479 1469 baptizatus
2513 1415 2632 1471 est;
2666 1404 2878 1457 tertiam
2917 1406 3166 1471 denique,
3200 1420 3298 1474 per
3359 1420 3603 1458 resurre-

327 1498 653 1561 ctionem",
693 1511 855 1565 quam
883 1497 1001 1566 ipse
1041 1498 1354 1568 auspicatus
1380 1507 1505 1562 est;
1542 1498 1796 1553 nimirum
1855 1496 1996 1554 sicut
2028 1495 2421 1566 primogenitus
2466 1497 2521 1550 in
2559 1496 2742 1552 multis
2763 1496 3021 1552 fratribus
3043 1498 3091 1529 ⁷³
3116 1499 3343 1566 exstitit,
3386 1498 3458 1552 ita
3486 1498 3600 1566 pri-

326 1589 635 1657 mogenitus
677 1603 891 1656 quoque
920 1603 987 1642 ex
1016 1589 1244 1642 mortuis
1277 1586 1324 1620 ⁷⁸
1360 1588 1476 1642 ﬁeri
1507 1604 1611 1644 non
1650 1590 1991 1659 dedignatus.

406 1679 483 1732 I“.
504 1679 642 1751 Περὶ
672 1679 771 1749 μὲν
799 1680 865 1750 δὴ
892 1678 1001 1733 τῶν
1020 1679 1113 1733 δύο
1142 1683 1471 1752 γεννήσεων,
1492 1682 1590 1752 τῆς
1621 1681 1844 1754 πρώτης
1862 1682 1920 1734 τέ

2092 1677 2178 1735 Ill.
2211 1681 2289 1734 Ac
2324 1681 2391 1734 de
2426 1680 2632 1734 duabus
2669 1683 2885 1750 quidem
2918 1684 3314 1751 nativitatiims,
3351 1684 3451 1739 hoc
3490 1694 3601 1750 est,

330 1788 496 1843 φημι,
517 1772 723 1842 καὶτῆς
737 1771 811 1842 (6)
825 1772 1163 1837 τελευταίας,
1180 1773 1508 1842 φιλοσοφεῖν,
1531 1775 1591 1827 οὐ
1608 1774 1701 1827 τοῦ
1721 1774 1917 1845 παρόν-

328 1882 425 1928 τος
450 1862 665 1937 καιροῦ⁸
685 1865 812 1935 περὶ
838 1864 895 1916 δὲ
910 1864 1011 1935 τῆς
1035 1863 1228 1936 μέσης,
1244 1865 1339 1918 καὶ
1360 1864 1460 1935 τῆς
1486 1865 1582 1919 νῦν
1604 1868 1738 1936 ἡμῖν
1755 1867 1918 1934 ἀναγ-

331 1974 403 2009 κα
413 1956 520 2019 ίας.
535 1951 603 2029 ἧς
624 1953 806 2008 ὲπώνυ
814 1957 958 2026 μοςὴ
975 1954 1086 2008 τῶν
1104 1953 1298 2025 φώτων
1315 1956 1522 2027 ἡμέρα,
1542 1956 1919 2027 φιλοσοφήσω-

334 2046 537 2118 μεν(7)
559 2061 574 2077 ·
609 2046 683 2099 Τὸ
712 2045 990 2116 φώτισμα,
1030 2045 1355 2118 λαμπρότης
1389 2046 1509 2099 ἐστὶ
1553 2045 1762 2117 ψυχῶν,
1801 2044 1917 2115 βίου

335 2138 651 2209 μετάθεσις,
673 2138 1009 2210 ἐπερώτημα
1035 2138 1110 2210 (8)
1133 2140 1233 2211 τῆς
1263 2141 1340 2202 εὶς
1370 2138 1503 2191 Θεὸν
1538 2138 1917 2208 συνειδήσεως

331 2230 397 2281 τὸ
435 2227 713 2298 φώτισμα,
745 2226 966 2297 βοήθεια
1000 2229 1100 2298 τῆς
1126 2226 1409 2290 ἀσθενείας
1453 2227 1554 2297 τῆς
1589 2226 1865 2308 ἡμετερας
1900 2241 1917 2257 ⁶

332 2319 399 2372 τὸ
425 2318 704 2391 φώτισμα,
733 2319 937 2390 σαρκὸς
958 2318 1238 2383 ἀπόθεσις,
1274 2319 1590 2389 Πνεύματος
1620 2316 1921 2388 ἀκολούθη-

335 2428 447 2477 σις,
476 2412 652 2480 Λόγου
685 2410 965 2475 κοινωνία,
1001 2410 1320 2482 πλάσματος
1368 2409 1765 2481 ἐπανόρθωσις,
1818 2426 1920 2463 κα-

333 2501 650 2573 τακλυσμὸς
677 2504 969 2574 ἁμαρτίας,
1005 2504 1184 2573 φωτὸς
1216 2503 1499 2574 μετουσία,
1558 2502 1781 2566 σκότους
1816 2520 1922 2556 κα-

330 2592 561 2657 τάλυσις
585 2611 598 2623 ·
632 2593 695 2646 τὸ
724 2592 1002 2664 φώτισμα,
1057 2593 1243 2664 ὄχημα
1275 2593 1413 2665 πρὸς
1454 2592 1608 2657 Θεὸν,
1663 2592 1923 2664 συνεκδη-
1949 2635 1955 2641 .

336 2685 728 2759 μία¹Χριστοῢ
781 2686 878 2756 (9),
921 2684 1153 2757 ἔρεισμα
1200 2684 1461 2749 πίστεως,
1497 2684 1589 2738 νοῦ
1618 2684 1920 2750 τελείωσις,

335 2776 492 2839 κλεὶς
532 2775 779 2848 οὐρανῶν
820 2774 1118 2846 βασιλείας,
1180 2774 1328 2844 ζωῆς
1377 2774 1623 2845 ἄμειψις,
1681 2773 1924 2838 δουλείας

331 2867 641 2937 ἀναίρεσις,
696 2865 909 2936 δεσμῶν
963 2864 1205 2928 ἔκλυσις,
1258 2865 1563 2929 συν-θέσεως
1631 2865 1927 2935 μεταποίη-

336 2975 429 3022 σις
461 2958 575 3029 (10)
601 2975 616 2989 °
639 2957 702 3010 τὸ
734 2957 992 3027 φώτισμα
1036 2957 1125 3026 (τί
1170 2957 1255 3010 δεῖ
1296 2956 1468 3010 πλείω
1498 2954 1920 3028 καταριθμεῖν),

2031 1772 2099 1825 de
2131 1773 2304 1840 prima
2336 1782 2391 1825 et
2432 1772 2640 1835 ultima,
2662 1790 2764 1825 non
2793 1784 2875 1827 est
2905 1789 3044 1828 nunc
3075 1776 3385 1844 disputandi
3415 1778 3602 1833 locus:

2020 1877 2204 1917 verum
2243 1864 2308 1917 de
2333 1865 2526 1929 media,
2562 1876 2617 1918 et
2638 1866 2737 1920 hoc
2767 1877 3008 1936 tempore
3029 1868 3183 1923 nobis
3210 1869 3540 1933 necessaria,
3573 1888 3604 1927 ιι

2019 1968 2122 2023 qua
2142 1953 2399 2009 luminum
2426 1956 2540 2010 dies
2558 1972 2750 2010 nomen
2779 1960 3004 2028 accepit,
3032 1959 3569 2031 tractabimus.Bapti
3588 1991 3605 2002 ρ

2018 2060 2168 2099 smus
2205 2046 2383 2114 igitur,
2412 2046 2666 2114 splendor
2690 2061 2774 2103 est
2815 2052 3142 2114 animarum,
3167 2052 3288 2104 vitae
3311 2051 3367 2105 in
3409 2052 3607 2107 melius

2021 2134 2285 2198 mutatio,
2353 2136 2709 2190 Conscientiae
2793 2138 2860 2208 ad
2918 2136 3083 2191 Deum
3150 2137 3508 2207 interrogatio
3535 2136 3603 2191 ⁷⁸.

2020 2223 2362 2292 Baptisnms,
2407 2226 2737 2282 inﬁrmitatis
2783 2239 2982 2282 nostra:
3040 2228 3436 2298 adjnmentum.
3495 2227 3604 2283 Ba—

2022 2317 2294 2384 ptismus,
2347 2317 2528 2372 carnis
2583 2328 2667 2372 est
2716 2318 2970 2387 abjectio,
3003 2321 3235 2389 Spiritus
3286 2323 3602 2385 assectatio.

2021 2404 2187 2461 Verbi
2228 2406 2594 2477 participatio,
2645 2410 2882 2479 ﬁgmenti
2908 2414 3197 2477 correctio,
3231 2413 3437 2482 peccati
3474 2413 3608 2467 dilu-

2022 2500 2191 2564 vium,
2244 2502 2380 2556 lucis
2439 2502 2885 2567 communicatio,
2924 2504 3265 2560 tenebrarum
3302 2507 3602 2576 oppressit).

2023 2589 2349 2662 Baptismus,
2382 2593 2688 2648 vehiculum
2728 2595 2795 2649 ad
2834 2595 3023 2661 Deum,
3081 2598 3450 2667 peregrinatio
3477 2614 3600 2653 cum

2023 2682 2400 2748 Christo,ﬁdei
2433 2684 2843 2751 adminiculum,
2868 2687 3063 2743 tuentis
3120 2688 3405 2758 perfectio,
3433 2689 3602 2744 cmic-

2025 2773 2123 2827 stis
2152 2773 2300 2840 regni
2332 2772 2521 2839 clavis,
2548 2772 2670 2827 vita:
2691 2777 3061 2839 commutatio,
3100 2777 3383 2832 servitutis
3413 2778 3603 2846 depul-

2025 2864 2127 2931 sio,
2166 2864 2499 2918 vincnlornm
2537 2865 2749 2929 solutio,
2802 2868 3208 2937 compositionis
3236 2872 3292 2923 in
3326 2869 3607 2928 meliorem

2026 2965 2223 3010 statum
2255 2958 2554 3011 conversio.
2578 2956 2716 3024 Quid
2752 2958 2905 3027 plura
2927 2975 3356 3018 couuneutorare
3376 2963 3611 3021 attinet?

334 3048 451 3105 τῶν
475 3049 571 3102 τοῦ
601 3047 958 3119 Θεοῦ-δώρων
993 3048 1105 3118 (ll)
1148 3048 1210 3101 τὸ
1242 3048 1529 3102 κάλλιστον
1565 3049 1661 3099 καὶ
1692 3045 1922 3117 μεγαλο-

2034 3047 2362 3117 Baptismus,
2414 3050 2653 3103 omnium
2680 3050 2772 3104 Dei
2816 3050 3206 3106 beneﬁciorum
3249 3055 3610 3123 praeclarissi-

335 3142 740 3214 πρεπέστατον.
777 3142 986 3212 Ὠσπερ
1020 3141 1129 3212 γὰρ
1163 3140 1274 3211 (12)
1309 3141 1477 3208 ’Ἅγια
1517 3140 1687 3208 ἁγίων
1742 3139 1925 3193 καλεῖ-

335 3232 430 3286 ταί
454 3249 598 3299 τινα,
639 3234 734 3286 καὶ¹
759 3234 1017 3304 ᾊσματα
1067 3232 1179 3303 (15)
1227 3232 1488 3304 ᾀσμάτων
1533 3229 1926 3304 (ὲμπεριεκτι-

336 3323 570 3394 κώτερα·
596 3321 707 3394 γάρ
735 3324 857 3375 ἐστι’
901 3323 996 3375 καὶ
1036 3321 1406 3393 κυριώτερα)·
1462 3320 1606 3375 οὕτω
1655 3321 1748 3374 καὶ
1796 3321 1927 3375 αὐτὸ

339 3413 738 3479 παντὸςᾶλλου
793 3415 903 3468 τῶν
936 3417 1067 3486 παρ’
1110 3416 1246 3484 ἡμῖν
1293 3413 1592 3485 φωτισμῶν
1620 3413 1700 3466 ὃν
1753 3412 1925 3483 ἁγιώ-

336 3524 522 3579 τερον.

412 3684 489 3741 Δ’.
520 3685 787 3740 Καλείται
824 3701 901 3749 νε,
943 3683 1135 3753 ὥσπερ
1174 3682 1408 3753 Χριστὸς
1449 3685 1478 3735 ὁ
1516 3682 1706 3735 τούτου
1736 3682 1926 3752 δοτὴρ,

340 3779 565 3843 πολλοῖς
590 3779 688 3833 καὶ
724 3777 1000 3849 διαφόροις
1031 3776 1308 3847 ὀνόμασιν,
1340 3774 1483 3828 οὕτω
1513 3775 1573 3828 δὲ
1604 3775 1699 3828 καὶ
1733 3774 1794 3827 τὸ
1823 3773 1929 3826 δώ-

347 3887 533 3946 ρημα·
578 3870 690 3924 εἴτε
721 3870 809 3924 διὰ
845 3869 906 3923 τὸ
936 3867 1238 3939 περιχαρὲς
1274 3866 1370 3920 τοῦ
1411 3867 1735 3937 πράγματος
1773 3864 1933 3918 τοῦτο

342 3962 630 4025 παθόντων
651 3964 686 4032 ή
696 3960 812 4032 μῶν
846 3959 1083 4031 (φιλοῦσι
1111 3960 1223 4030 γὰρ
1250 3960 1299 4013 οἱ
1333 3958 1537 4029 σφόδρα
1568 3956 1695 4028 περί
1717 3974 1770 4010 τι
1791 3957 1932 4027 ἐρω-

341 4056 513 4120 τικῶς
536 4054 889 4126 διακείμενοι,
912 4052 1082 4124 ἡδέως
1105 4053 1342 4104 συνεῖναι
1373 4051 1466 4103 καὶ
1494 4052 1609 4112 τοῖς
1629 4046 1931 4118 ὀνόμασιν),

343 4149 457 4203 εἴτε
488 4146 585 4201 τοῦ
616 4146 931 4209 πολυειδοῦς
957 4144 1057 4215 τῆς
1101 4142 1423 4215 εὐεργεσίας
1470 4140 1671 4205 πολλὰς
1708 4139 1804 4193 καὶ
1834 4139 1935 4202 τὰς

343 4240 570 4313 κλήσεις
587 4242 721 4311 ἡμῖν
741 4238 1242 4309 δημιουργήσαντος
1271 4232 1402 4303 (14).
1435 4232 1617 4305 Δῶρον
1639 4230 1931 4302 καλοῦμεν,

344 4329 632 4402 χάρισμα,
671 4329 970 4400 βάπτισμα,
1018 4324 1261 4396 χρίσμα,
1306 4323 1594 4394 φώτισμα,
1627 4321 1936 4393 ἀφθαρσίας

344 4397 575 4493 ἔνδυμα,
610 4397 833 4493 λουτρὸν
867 4397 1307 4488 παλιγγενεσίας,
1353 4414 1650 4487 σφραγῖδα.
1681 4416 1790 4469 πᾶν
1819 4415 1848 4467 ὃ
1879 4431 1934 4467 τι
1967 4397 2010 4452 ο

341 4512 560 4584 τίμιονο
594 4511 766 4583 δῶρον
813 4512 934 4582 μὲν,
975 4511 1052 4575 ὡς
1103 4512 1199 4565 καὶ
1244 4509 1410 4580 μηδὲν
1451 4503 1933 4577 προεισενεγκοῦσι

419 4649 468 4681 ⁶⁹
508 4646 649 4704 Gen.
687 4645 824 4707 ".7.
901 4645 947 4678 ⁷⁸
984 4645 1114 4700 Luc.
1156 4660 1220 4711 ιι,
1256 4643 1307 4697 7.
1387 4641 1430 4672 '”
1464 4640 1589 4694 Luc.
1638 4655 1720 4701 ιιι,
1759 4639 1850 4695 ‘21.
1928 4642 1975 4674 ⁷³
2015 4640 2180 4697 Marc.
2225 4641 2414 4709 xvr,6.
2491 4643 2537 4674 ⁷³
2574 4642 2732 4698 Rom.
2784 4659 2901 4708 vut,
2941 4642 3034 4698 29.

344 4719 443 4773 "l
490 4716 636 4774 Petr.
676 4731 758 4780 ιιι,
787 4715 878 4769 21.

423 4832 500 4900 (2)
569 4827 994 4902 Egzardrouq'a.
1036 4824 1244 4902 Regia,
1276 4822 1748 4902 παραπέμπουσα.
1785 4891 1797 4902 ⁸

538 4898 669 4973 Πᾶν
697 4898 766 4952 τὸ
788 4891 1139 4973 ’πλάσμα-ε’
1173 4891 1374 4973 Omnes
1394 4891 1675 4973 ltotttiues,
1709 4891 1929 4946 univer-

345 4962 470 5028 sunt
483 4962 773 5042 hominum
809 4962 997 5042 genus.
1028 4985 1060 5042 t_
1085 4964 1201 5042 Non
1230 4962 1541 5042 recteIBili"
1579 4978 1599 5012 ι
1623 4976 1710 5016 res
1742 4976 1932 5042 omnes

343 5053 584 5112 creatas.
614 5059 634 5091 ι
678 5031 851 5092 Homo
887 5035 1235 5112 singulariter
1285 5033 1514 5112 πλᾲσμα
1550 5042 1795 5112 vocatur,
1836 5031 1930 5086 Dei

347 5128 517 5167 manu
545 5109 828 5171 formatus,
866 5106 1119 5174 solusque
1141 5104 1384 5158 Creatori
1411 5109 1675 5157 anteactae
1700 5104 1824 5156 vita
1845 5117 1931 5155 ra-

349 5184 552 5236 tionem
590 5180 643 5232 in
674 5186 917 5231 extremo
942 5177 1028 5227 die
1060 5174 1391 5229 redditurus.

425 5250 500 5321 (4)
540 5246 913 5317 Συνανῆλθε.
953 5244 1119 5300 Coisl.
1162 5243 1216 5310 1,
1268 5242 1413 5309 Bas.,
1457 5241 1672 5308 Contb.,
1725 5255 1930 5294 συναπ-

390 5319 505 5374 λθε.

346 5338 505 5459 mg)
547 5387 632 5455 Τῷ
676 5386 1079 5459 ἐμφυσήματι.
1117 5382 1254 5459 Cen.
1307 5397 1381 5459 tt._
1393 5381 1456 5437 7:
1496 5401 1514 5435 ι
1546 5380 1835 5459 inspiravit
1874 5382 1929 5459 in

345 5451 546 5518 faciem
581 5451 1061 5529 ejns's'pirae'ulum
1098 5455 1244 5522 vitae,
1270 5462 1324 5507 et
1353 5451 1531 5510 factus
1567 5451 1652 5509 est
1682 5455 1843 5511 homo
1878 5451 1931 5507 in

349 5531 590 5589 animam
616 5531 905 5583 viventem.
950 5546 970 5580 ι

426 5600 506 5672 (6)
550 5599 686 5670 Τῆς.
720 5599 882 5653 Deest
912 5598 963 5653 in
986 5596 1196 5652 duobus
1214 5592 1372 5648 codd.

637 5710 911 5772 PATBOL.
946 5708 1065 5770 Gtt.
1102 5701 1397 5769 XXXVI.

2028 3158 2174 3195 mum
2206 3152 2290 3197 est
2341 3155 2397 3198 et
2432 3145 2963 3213 praestantissimum.
3000 3146 3236 3215 Etenim,
3272 3159 3330 3203 ut
3360 3152 3608 3219 quaedam

2031 3232 2233 3289 Sancta
2262 3244 2575 3289 sanctorum
2614 3246 2896 3303 vocantur,
2929 3247 2983 3292 et
3011 3237 3235 3295 Cantica
3269 3243 3605 3299 canticorum

2030 3324 2193 3393 (quod
2228 3324 2437 3379 scilicet
2466 3325 2625 3379 latius
2645 3337 2864 3395 pateant
2885 3344 2948 3381 ac
2977 3328 3125 3397 plura
3148 3331 3605 3401 complectantur,

2031 3415 2464 3485 praecipuamque
2514 3417 2829 3487 dignitatem
2886 3418 3177 3491 habeant);
3216 3423 3404 3478 eodem
3451 3426 3611 3480 modo

2030 3506 2334 3574 baptismus
2365 3522 2577 3577 quoque
2604 3508 2927 3564 illuminatio
2974 3511 3173 3567 dicitur
3194 3554 3209 3578 ,
3243 3517 3386 3584 quod
3422 3530 3613 3573 omnes

2031 3596 2166 3649 alias
2192 3596 2612 3654 illuminationes
2650 3601 3208 3671 sanctitatesuperet.

2097 3687 2260 3759 693
2300 3686 2390 3742 IV.
2427 3688 2887 3755 Quemadmodum
2929 3704 3108 3749 antem
3136 3694 3410 3764 Christus,
3444 3699 3606 3770 hujus

2039 3781 2163 3834 doni
2202 3782 2379 3845 dator,
2426 3782 2608 3838 multis
2653 3799 2717 3838 ac
2749 3784 2982 3841 diversis
3027 3788 3340 3844 nominibus
3379 3792 3616 3863 appella-

2039 3883 2146 3936 tur,
2179 3874 2256 3926 ita
2289 3872 2466 3942 ipsum
2500 3886 2718 3942 quoque
2754 3873 2952 3929 donum
2999 3877 3147 3930 varia
3195 3878 3414 3934 nomina
3447 3882 3615 3937 sorti-

2037 3971 2163 4017 tur:
2188 3963 2303 4019 sive
2332 3964 2384 4018 id
2420 3963 2574 4019 nobis
2613 3965 2684 4019 ob
2715 3966 2909 4019 miram
2939 3967 3234 4036 quamdam
3262 3970 3339 4024 rei
3366 3970 3612 4031 laetitiam

2036 4055 2250 4110 accidat
2303 4054 2386 4126 (ﬁt
2410 4056 2555 4110 enim
2587 4055 2724 4119 fere,
2762 4056 2937 4126 utqui
2974 4072 3087 4112 rem
3127 4058 3362 4129 aliquam
3413 4059 3618 4131 impen-

2036 4147 2256 4202 sissime
2295 4155 2502 4212 amant,
2535 4149 2754 4202 nomina
2786 4163 3001 4218 quoque
3040 4150 3154 4225 ipsa
3195 4148 3429 4206 libenter
3456 4168 3618 4207 usur-

2039 4237 2218 4309 pent);
2268 4238 2383 4292 sive
2412 4238 2553 4307 quod
2591 4238 2874 4308 multiplex
2907 4238 3070 4308 hujus
3101 4240 3346 4297 beneﬁcii
3383 4241 3609 4306 utilitas,

2043 4327 2242 4382 multas
2277 4344 2494 4397 quoque
2543 4328 2929 4398 appellationes
2978 4330 3136 4385 nobis
3178 4332 3472 4403 pepererit.
3509 4333 3617 4387 Do-

2042 4434 2170 4472 num
2225 4433 2504 4482 vocamus,
2553 4419 2806 4489 gratiam,
2862 4420 3221 4490 baptismum,
3280 4425 3616 4490 unctionem,

2041 4506 2514 4576 illuminationem,
2553 4507 2981 4579 incorruptionis
3010 4509 3409 4576 indumentum,
3463 4527 3619 4581 rege-

3139 4644 3186 4677 "
3217 4643 3424 4701 Coloss.
3455 4663 3495 4712 ι,
3528 4646 3616 4700 18.

2226 4819 2758 4895 φιλοσοφήσωμεν.
2785 4821 2880 4878 Or.
2915 4823 2966 4895 1,
2999 4821 3452 4895 φιλοσοφήσομεν.

2105 4892 2182 4963 (8)
2235 4889 2634 4963 Ἐπερῴτημαζ
2668 4892 2797 4959 Reg.
2826 4908 2876 4963 c.
2913 4889 3271 4963 ἐπερώτησις.

2079 4962 2184 5043 ,(9)
2224 4961 2912 5048 ξιον-εικπδνιμια.Χριστοῦἶ
2949 4983 2968 5016 ι
3005 4961 3556 5048 ηοτεξοιιηιιριπίειιξ
3592 4984 3611 5016 ι

2034 5029 2128 5085 Sic
2166 5029 2325 5085 ialihi
2395 5030 2711 5098 Gregorius,
2786 5032 2926 5104 μετὰ
2996 5031 3094 5107 τὴν
3155 5031 3403 5087 ἐντεῦθεν
3457 5033 3619 5104 ἐκδη-

2038 5100 2243 5184 μίανλὶι
2273 5110 2679 5184 postnt'nortent.
2722 5120 2742 5153 ι
2839 5161 2893 5184 ,Ι
3162 5172 3206 5184 _
3248 5172 3281 5184 J
3384 5173 3398 5184 _
3516 5172 3527 5184 ι
3573 5174 3585 5184 .

2109 5171 2221 5240 (10)
2263 5168 2613 5236 Συνθέσεως
2646 5173 3055 5240 μεταποίησις.
3100 5191 3120 5224 ι
3162 5172 3352 5227 Totius
3384 5172 3619 5228 hominis

2039 5240 2379 5317 instauratio,
2408 5244 2460 5293 itt
2489 5243 2767 5317 meliorem
2790 5253 2988 5317 statum
3029 5244 3273 5317 mutatio.
3306 5261 3327 5296 ι

2109 5312 2156 5385 (1
2526 5309 2727 5385 Pl_ures_
2740 5313 2923 5385 cod_d.,
2949 5312 3186 5385 δωρεῶν.

2085 5382 2225 5504 (ἓῖῆ
2267 5381 2384 5435 Ὦσ
2385 5397 2496 5450 περ
2524 5380 2642 5463 γάρ
2695 5381 2788 5437 Sic
2824 5381 2959 5454 Reg.
3021 5380 3132 5439 hut.
3176 5382 3269 5447 Sic
3299 5383 3459 5439 etiam
3492 5381 3621 5452 legit

2037 5451 2116 5505 Btl
2144 5466 2248 5505 tus.
2290 5451 2450 5505 Deest
2487 5452 2596 5506 γάρ
2631 5467 2685 5506 ιιι
2705 5451 2790 5506 ed.
3109 5504 3114 5506 _

2085 5468 2248 5505 llllllS.
2290 5468 2450 5505 DeeSl
2487 5468 2596 5523 γαρ
2631 5468 2685 5506 ιιι
2705 5468 2790 5506 ea.
3106 5504 3117 5519 η

2109 5521 2222 5604 ea)
2252 5522 2564 5604 ,νισματας
2593 5520 2726 5577 Tres
2755 5519 3166 5604 neas-tiam;
3443 5591 3469 5604 -

2134 5590 2221 5663 ﬂ)
2236 5589 2818 5664 Δημιουργήσαντος.
2831 5589 3085 5652 Basilieu'.
3097 5634 3112 5664 ,
3138 5591 3617 5666 δημιουργοῦντας.

3188 5705 3268 5768 12
