3902 6218
337 262 442 323 εδδ

1522 257 1578 313 S.
1620 252 1951 310 GREGORII
1990 250 2334 310 THEOLOGI

3476 242 3582 299 364

333 379 628 437 nerationis
673 377 971 443 lavacrum,
1022 376 1276 448 sigillum,
1333 388 1396 428 ac
1440 372 1677 442 denique
1712 372 1892 427 excel-

2024 370 2301 440 τιδόμενον·
2337 367 2582 438 χάρισμα
2618 364 2695 428 δὲ,
2737 364 2813 429 ὡς
2860 364 2954 417 καὶ
2981 360 3257 448 ὀφείλουσι
3287 361 3398 432 (lii)
3425 375 3441 391 '
3481 359 3582 430 βά-

332 471 631 527 lentissimo
654 469 844 539 quovis
870 468 1087 524 nomine
1128 464 1479 536 appellamus.
1519 464 1727 517 Donum
1754 463 1892 517 dici-

336 574 444 628 tur,
489 562 616 632 quia
662 562 749 628 iis,
794 562 887 630 qui
932 560 1065 617 nihil
1114 559 1264 629 prius
1304 554 1897 627 contulerunttdatur;

1998 475 2210 530 τπισμα
2244 457 2323 522 δὲ,
2369 457 2444 520 ὡς
2489 451 2933 527 συνθαπτομένης
2986 446 3100 525 (1⁷6)
3132 446 3233 524 ’τῷ
3285 451 3439 506 ὕδατι
3478 451 3583 521 τῆς

1999 550 2273 621 ἁμαρτίας
2295 566 2309 578 ·
2350 548 2556 619 χρίσμα
2587 547 2665 612 δὲ,
2695 546 2770 610 ὡς
2805 546 2947 618 ἱερὸν
2985 545 3080 598 καὶ
3123 543 3398 614 βασιλικὸν
3425 541 3583 608 (ταῦ-

336 630 530 723 gratia,
587 652 711 722 quia
759 652 926 707 etiam
978 648 1333 713 debentibus;
1396 646 1729 715 baptismus,
1768 644 1893 712 quia

2024 655 2067 690 rat
2103 637 2215 708 [l7]
2258 637 2365 709 γὰρ
2388 632 2455 707 ἦν
2489 636 2557 688 τὰ
2591 635 2873 706 χριόμενα)
2895 652 2908 664 ·
2945 630 3200 704 φωτισμα
3225 632 3303 694 δὲ,
3332 633 3407 696 ὡς
3444 631 3585 701 λαμ-

339 755 621 813 peccatum
651 742 705 797 in
735 757 874 811 aqua
909 741 1203 832 sepelitur;
1237 738 1447 803 unctio,
1485 736 1611 804 quia
1656 750 1811 790 sacer
1835 744 1891 788 et

2024 729 2280 799 τρότητα·
2335 727 2535 797 ἔνδυμα
2587 726 2666 790 δὲ,
2706 725 2781 788 ὡς
2819 724 3082 795 αἰσχύνης
3125 719 3389 793 κάλυμμα
3428 720 3540 792 (18l
3567 738 3582 751 '

339 835 520 904 regius
560 834 697 904 (haec
745 832 888 886 enim
937 823 1113 892 erant,
1155 843 1277 896 quae
1317 824 1719 895 angebantur);
1776 823 1900 877 illu-

340 924 583 985 minatio.
631 922 756 992 quia
797 920 1049 991 splendor
1092 927 1149 973 et
1188 918 1447 981 claritas;
1507 916 1903 977 indumentum,

339 1017 462 1084 quia
506 1013 810 1082 ignominiae
859 1021 1060 1064 nostra:
1123 1008 1367 1062 velamen
1425 1015 1547 1071 est;
1606 1004 1903 1065 lavacrum,

341 1103 466 1170 quia
498 1102 699 1166 abluit;
741 1098 997 1170 sigillum,
1045 1098 1171 1164 quia
1216 1095 1558 1151 conservatio
1581 1101 1686 1156 est,
1714 1107 1778 1146 ac
1807 1093 1904 1147 do-

342 1192 655 1247 minationis
677 1191 1000 1262 obsignatio.
1037 1188 1170 1242 Huic
1199 1186 1537 1257 gratulantur
1564 1184 1721 1247 caeli;
1766 1184 1907 1237 hunc

339 1283 511 1353 angeli
562 1291 780 1352 propter
827 1281 1130 1352 splendoris
1176 1279 1551 1347 cognationem
1582 1274 1899 1331 celebrant:

2016 817 2234 887 λουτρὸν
2268 816 2343 879 δὲ,
2372 816 2447 878 ὡς
2475 814 2733 873 ἔκπλυσιν
2755 831 2768 844 ·
2803 815 3072 885 σφραγῖδα
3102 812 3180 875 δὲ,
3215 811 3289 875 ὡς
3323 811 3587 881 συντήρη-

2018 926 2120 971 σιν,
2152 909 2245 961 καὶ
2289 907 2390 976 τῆς
2425 906 2741 970 δεσποτείας
2786 905 3107 976 σημείωσιν.
3143 902 3329 972 Τούτῳ
3366 902 3587 971 συγχαί-

2012 1016 2193 1071 ρουσιν
2236 1000 2483 1070 οὐρανοί·
2538 999 2697 1051 τοῦτο
2750 996 3061 1061 δοξάζουσιν
3107 994 3350 1064 ἄγγελοι,
3404 993 3491 1046 διὰ
3525 993 3589 1046 τὸ

2008 1093 2265 1161 συγγενὲς
2299 1093 2398 1162 τῆς
2428 1091 2811 1162 λαμπρότητος
2832 1107 2846 1120 °
2877 1089 3036 1143 τοῦτο
3066 1087 3228 1142 εἰκὼν
3256 1088 3355 1158 τῆς
3377 1085 3587 1140 ἐκεῖθεν

2012 1183 2441 1253 μακαριότητος·
2471 1181 2630 1235 τοῦτο
2652 1184 2813 1252 ἡμεῖς
2841 1180 3088 1252 ὲξυμνεῖν
3123 1178 3428 1251 βουλόμεθα
3462 1177 3585 1249 μὲν,

2009 1275 2070 1326 οὐ
2099 1274 2376 1345 δυνάμεθα
2404 1275 2463 1329 δὲ
2491 1275 2615 1328 ὅσον
2640 1274 2809 1339 ἄξιον.

339 1375 431 1430 hic
497 1374 844 1430 beatitudinis
904 1372 1049 1427 illius
1118 1369 1405 1438 imaginem
1441 1368 1616 1438 gerit;
1687 1365 1834 1420 hunc
1892 1363 2140 1420 laudibus
2184 1367 2400 1436 quidem
2439 1376 2493 1421 et
2527 1366 2740 1438 hymnis
2780 1364 3054 1419 celebrare
3099 1380 3363 1428 vonumus,
3400 1378 3587 1418 verum

339 1482 438 1536 pro
464 1466 541 1521 rei
574 1463 834 1534 dignitate
873 1477 977 1516 non
1008 1474 1317 1529 possumus.

408 1556 476 1611 ν.
530 1557 609 1610 Ac
665 1553 881 1624 quidem
923 1552 1060 1606 Deus
1119 1563 1385 1605 summum
1438 1555 1494 1601 et
1538 1544 1909 1600 inaccessibile

2080 1544 2156 1597 E'.
2185 1541 2314 1605 Θεὸς
2346 1542 2443 1612 μέν
2486 1542 2603 1594 ἐστι
2635 1540 2750 1610 φῶς
2780 1541 2842 1593 τὸ
2879 1540 3195 1611 ἀκρότατον,
3240 1543 3335 1594 καὶ
3363 1541 3590 1624 ἀπρόσι-

340 1662 406 1703 ac
435 1643 705 1701 ineffabile
752 1646 934 1698 lumen
983 1651 1086 1705 est,
1137 1640 1279 1708 quod
1333 1653 1432 1691 nec
1476 1646 1656 1690 mente
1683 1637 1906 1705 percipi,

338 1753 443 1793 nec
481 1736 662 1791 verbis
703 1732 961 1802 eXplicari
1012 1740 1210 1799 potest,
1261 1718 1523 1782 naturam'
1562 1741 1777 1780 omnem
1822 1741 1911 1779 ra-

341 1826 491 1881 tione
518 1822 794 1894 prazditam
847 1819 1175 1871 illuminans.
1216 1816 1326 1870 lloc
1369 1816 1422 1868 in
1467 1812 1909 1882 intelligibilibus,

341 1916 484 1986 quod
514 1913 596 1969 sol
634 1913 687 1966 in
723 1910 1074 1966 sensibilibus
1100 1927 1115 1975 ;
1152 1924 1215 1962 eo
1247 1922 1305 1961 se
1337 1907 1508 1974 magis
1535 1905 1908 1973 contemplan-

342 2008 469 2062 dum
510 2005 665 2060 nobis
694 2004 964 2073 praebens,
995 2015 1100 2069 quo
1153 1997 1459 2053 accuratius
1487 1995 1696 2049 animos
1720 2009 1915 2063 purga-

340 2095 617 2159 verimus;
661 2108 726 2148 eo
772 2107 962 2147 rursus
1016 2092 1184 2160 magis
1238 2088 1549 2151 amandum,
1603 2100 1711 2154 quo
1741 2084 1910 2153 magis

343 2184 692 2256 contemplati
745 2183 1044 2245 fuerimus;
1102 2196 1167 2235 eo
1212 2179 1442 2246 denique
1492 2178 1659 2245 magis
1717 2191 1916 2245 cogno-

343 2281 627 2343 scendum,
656 2292 763 2347 quo
805 2276 980 2344 magis
1017 2271 1400 2331 amaverimus.
1435 2284 1555 2323 sese
1593 2269 1705 2336 ipse
1729 2282 1919 2337 specu-

341 2370 463 2425 lans
485 2379 538 2424 et
562 2365 1041 2436 comprehendens,
1067 2379 1128 2417 ac
1146 2361 1434 2431 perexigue
1454 2359 1519 2412 ad
1550 2367 1775 2412 externa
1809 2356 1911 2412 dif-

342 2461 593 2515 fundens.
633 2459 839 2513 Lumen
866 2470 1027 2525 porro
1055 2456 1157 2508 hoc
1199 2453 1341 2513 dico,
1382 2450 1525 2520 quod
1562 2450 1616 2502 in
1653 2448 1833 2513 Patre,
1864 2457 1919 2503 et

342 2545 500 2608 Filio,
529 2554 583 2600 et
615 2545 819 2615 Spiritu
858 2552 1046 2599 sancto
1070 2542 1443 2596 consideratur
1470 2556 1482 2591 :
1514 2552 1744 2607 quorum
1778 2553 1916 2607 opu-

343 2637 533 2701 lentia,
586 2646 791 2691 natura:
835 2634 1092 2689 identitas
1126 2642 1231 2699 εει,
1266 2641 1429 2700 atque
1465 2646 1572 2683 una
1615 2630 1918 2698 eademque

345 2728 647 2798 splendoris
685 2726 1028 2797 prosultatio.
1092 2723 1402 2780 Secundum
1443 2722 1622 2775 lumen
1646 2729 1730 2774 est
1755 2734 1919 2791 ange-

2010 1651 2122 1698 τον,
2170 1633 2262 1687 καὶ
2313 1634 2548 1705 ἄρρητον
2592 1632 2725 1703 (19),
2776 1631 2899 1686 οὔτε
2947 1632 3021 1702 νῷ
3069 1632 3432 1702 καταληπτὸν,
3465 1622 3590 1685 οὔτε

2012 1724 2154 1795 λόγῳ
2204 1723 2397 1795 ῥητὸν,
2453 1723 2632 1792 πάσης
2698 1721 3022 1792 φωτιστικὸν
3081 1722 3306 1795 λογικῆς
3354 1723 3588 1793 φύσεως.

2013 1816 2186 1869 Τοῦτο
2214 1817 2270 1866 ὲν
2295 1817 2525 1886 νοητοῖς,
2555 1815 2693 1885 ὅπερ
2733 1817 2791 1867 ὲν
2829 1813 3109 1885 αἰσθητοῖς
3147 1814 3296 1884 ἥλιος
3316 1831 3331 1843 ο
3372 1815 3497 1866 ὅσον
3524 1811 3593 1866 ἂν

2014 1904 2429 1976 καθαιριῧμεθα,
2481 1904 2913 1975 φανταζόμενον·
2969 1907 3064 1958 καὶ
3112 1906 3233 1958 ὅσον
3273 1906 3339 1958 ἂν
3384 1921 3593 1973 φαντα-

2018 1998 2231 2067 σθῶμεν
2255 2037 2269 2061 ,
2330 1996 2723 2068 ἀγαπώμενον
2765 1997 2860 2050 καὶ
2910 1998 3033 2050 ὅσον
3083 1997 3148 2050 ἂν
3195 1998 3591 2069 ἀγαπήσωμεν,

2016 2085 2173 2152 αὖθις
2203 2087 2517 2159 νοούμενονο
2545 2088 2674 2140 αὐτὸ
2698 2087 2889 2141 ἑαυτοῦ
2919 2087 3249 2159 θεωρητικόν
3279 2106 3338 2141 τε
3363 2090 3456 2140 καὶ
3489 2105 3593 2141 κα-

2016 2180 2365 2251 ταληπτικὸν,
2399 2180 2554 2248 ὀλίγα
2586 2182 2696 2242 τοῖς
2729 2178 2834 2245 ἔξω
2875 2179 3151 2249 χεόμενον.
3184 2179 3301 2242 Φῶς
3331 2179 3387 2232 δὲ
3424 2179 3592 2248 λέγω,

2018 2270 2078 2323 τὸ
2100 2272 2158 2323 ὲν
2193 2271 2389 2342 Πατρὶ,
2417 2272 2511 2323 καὶ
2548 2270 2680 2339 Υἱῷ,
2714 2270 2807 2323 καὶ
2856 2270 2996 2340 ἁγίῳ
3043 2270 3320 2342 Πνεύματι
3363 2270 3598 2342 θεωρού-

2023 2378 2208 2431 μενοψ
2246 2354 2319 2415 ὧν
2354 2360 2580 2425 πλοῦτός
2607 2362 2752 2415 ἐστιν
2791 2361 2900 2432 (20)
2934 2364 2967 2429 ἡ
3010 2363 3272 2432 συμφυῖα,
3313 2363 3406 2415 καὶ
3437 2362 3500 2415 τὸ
3536 2361 3598 2418 ἓν

2020 2452 2227 2523 ἔξαλμα
2267 2452 2367 2522 τῆς
2391 2453 2791 2525 λαμπρότητος.
2822 2453 3079 2526 Δεύτερον
3113 2454 3170 2508 δὲ
3198 2454 3314 2523 φῶς
3346 2453 3596 2523 ἄγγελος,

2019 2542 2114 2594 τοῦ
2142 2542 2358 2614 πρώτου
2390 2543 2565 2611 φωτὸς
2591 2544 2832 2616 ἀπορροή
2864 2544 3024 2616 τις,ἢ
3055 2546 3335 2616 μετουσία,
3360 2548 3428 2617 τῇ
3459 2546 3600 2619 πρὸς

2022 2633 2152 2686 αὐτὸ
2194 2633 2372 2686 νεύσει
2431 2635 2525 2686 καὶ
2573 2635 2848 2706 ὑπουργία
2888 2637 2979 2688 τὸν
3021 2637 3299 2708 φωτισμὸν
3352 2637 3551 2707 ἔχουσα
3580 2654 3597 2668 ·

2023 2727 2124 2779 οὐκ
2167 2721 2301 2785 οἴδα,
2358 2725 2467 2777 εἴτε
2510 2728 2576 2796 τῇ
2627 2727 2777 2790 τάξει
2828 2731 2928 2799 τῆς
2974 2728 3216 2791 στάσεως
3268 2728 3600 2801 μεριζομένη

345 2820 451 2887 Ιυε,
485 2819 640 2890 primi
682 2820 824 2874 illius
867 2817 1086 2872 luminis
1142 2814 1288 2870 velut
1342 2812 1548 2867 rivulus
1573 2814 1792 2880 quidam
1824 2818 1914 2865 aut

2025 2815 2115 2868 τὸν
2154 2813 2452 2884 φωτισμὸν,
2495 2813 2604 2867 εἴτε
2638 2818 2748 2878 τοῖς
2796 2818 3014 2888 μέτροις
3051 2817 3145 2871 τοῦ
3187 2818 3469 2889 φωτισμοῦ
3497 2820 3601 2889 τὴν

346 2889 714 2980 participatio,
755 2922 854 2976 per
887 2905 1298 2975 pr0pensiouem
1326 2902 1391 2955 ad
1423 2901 1551 2954 illud
1579 2915 1644 2954 ac
1669 2900 1914 2955 ministe-

2024 2904 2170 2969 τάξιν
2195 2905 2561 2976 λαμϐάνουσα.
2594 2908 2788 2977 Τρίτον
2820 2909 2934 2977 φῶς
2967 2908 3270 2980 ἄνθρωπος,
3299 2910 3327 2962 ὃ
3356 2910 3451 2963 καὶ
3485 2913 3603 2974 τοῖς

346 3001 513 3065 rium,
554 2997 1002 3054 illuminationem
1038 2996 1241 3049 habens
1270 3012 1283 3046 :
1317 2993 1385 3046 de
1410 3007 1516 3060 quo
1550 2999 1788 3045 statuere
1820 3003 1912 3044 ne-

347 3107 505 3160 queo,
558 3100 739 3146 utrum
791 3103 889 3159 pro
939 3087 1131 3143 classis
1191 3100 1300 3138 suae
1345 3084 1658 3151 ordinisque
1708 3083 1918 3136 ratione

298 3210 303 3213 ι
346 3181 601 3253 splendor
630 3180 679 3236 ci
707 3178 1068 3248 impertiatur,
1096 3161 1163 3229 an
1198 3174 1375 3243 potius
1403 3187 1498 3241 pro
1548 3171 1742 3224 divinae
1790 3170 1916 3224 illu-

345 3272 659 3327 minationis
706 3270 867 3325 modo
917 3268 1058 3322 hanc
1106 3265 1190 3319 vel
1232 3264 1378 3318 illam
1426 3262 1608 3316 sedem
1656 3260 1908 3330 accipiat.

346 3357 591 3420 Tertium
621 3363 802 3417 lumen
831 3361 994 3415 homo
1022 3367 1123 3423 est,
1156 3358 1295 3426 quod
1323 3353 1560 3410 externis
1585 3354 1747 3408 etiam
1795 3368 1920 3423 per-

346 3458 593 3524 Spicuum
633 3463 688 3508 et
731 3450 1077 3507 manifestum
1122 3457 1224 3503 est.
1256 3446 1376 3511 Φῶς
1411 3447 1577 3510 enim,
1611 3444 1662 3498 id
1697 3452 1800 3507 est,
1831 3444 1919 3497 tua

345 3562 489 3610 men,
532 3545 805 3601 hominem
829 3540 995 3614 694
1024 3551 1240 3602 vocant,
1268 3549 1486 3609 propter
1512 3535 1737 3590 rationis
1765 3536 1919 3592 nobis

2023 2994 2128 3061 ἔξω
2152 2995 2307 3065 δῆλόν
2333 2998 2467 3050 ἐστι.
2497 2996 2616 3060 Φῶς
2649 2996 2758 3067 γὰρ
2799 2999 2891 3051 τὸν
2937 2998 3221 3070 ἄνθρωπον
3248 2999 3599 3070 ὀνομάζουσι,

2022 3085 2112 3139 διὰ
2133 3087 2232 3156 τὴν
2257 3086 2349 3139 τοῦ
2377 3088 2432 3138 ἐν
2463 3088 2593 3157 ἡμῖν
2620 3086 2781 3155 λόγου
2814 3087 3039 3160 δύναμιν
3063 3106 3077 3120 ·
3112 3090 3207 3142 καὶ
3231 3091 3384 3160 ήμῶν
3418 3092 3601 3144 αὐτῶν

2025 3176 2187 3229 πάλιν
2216 3178 2265 3229 oi
2292 3176 2691 3249 θεοειδέστεροι,
2712 3180 2806 3233 καὶ
2828 3181 3025 3250 μᾶλλον
3050 3181 3168 3252 Θεῷ
3189 3182 3598 3253 πλησιάζοντες.

2027 3264 2158 3322 Οἶδα
2198 3268 2293 3322 καὶ
2325 3268 2451 3322 ἄλλο
2485 3269 2618 3339 φῶς,
2666 3263 2710 3338 ᾧ
2754 3271 2816 3324 τὸ
2850 3272 3143 3344 ἀρχέγονον
3175 3274 3348 3346 ὴλάοη
3386 3277 3598 3342 σκότος,

2024 3359 2059 3430 ἢ
2080 3359 2326 3432 διεκόπη,
2356 3361 2571 3433 πρῶτον
2601 3362 2839 3416 ὑποστὰν
2870 3365 2970 3435 τῆς
2992 3365 3196 3435 ὁρατῆς
3217 3366 3465 3431 κτίσεως,
3501 3368 3602 3437 τήν

2025 3465 2085 3502 τε
2116 3451 2378 3523 κυκλικὴν
2405 3451 2515 3505 τῶν
2545 3453 2792 3525 ἀστέρων
2819 3454 3089 3526 περίοδον,
3131 3456 3224 3510 καὶ
3272 3458 3370 3512 τὴν
3395 3457 3604 3512 ἄνωθεν

2027 3543 2396 3614 φρυκτωρίαν,
2424 3545 2627 3615 κόσμον
2650 3546 2769 3599 ὅλον
2794 3547 3161 3615 αὐγάζουσαν.

348 3639 526 3692 insitae
567 3635 678 3691 vim
729 3635 1153 3689 etfacultatem.
1200 3631 1316 3698 Quo
1361 3630 1522 3684 etiam
1580 3641 1766 3681 rursus
1818 3629 2033 3686 nomine
2098 3633 2133 3686 ii
2201 3636 2341 3687 inter
2420 3653 2520 3691 nos
2593 3640 2945 3707 appellantur,
2988 3640 3091 3708 qui
3145 3639 3255 3695 Deo
3310 3640 3600 3697 similiores

348 3739 496 3795 sunt,
528 3727 854 3798 pr0piusque
880 3727 947 3781 ad
1017 3727 1181 3779 Deum
1217 3724 1496 3779 accedunt.
1535 3720 1691 3774 Aliud
1725 3733 1935 3788 quoque
1968 3721 2147 3777 lumen
2202 3740 2455 3795 agnosco,
2486 3744 2677 3798 nempe
2708 3731 2858 3800 illud,
2930 3746 3037 3801 quo
3102 3731 3414 3801 primigenae
3444 3741 3601 3787 tene-

348 3825 460 3875 hrw
501 3819 754 3890 depulsae,
805 3828 895 3872 aut
942 3828 1086 3872 certe
1138 3817 1409 3870 intercisa:
1437 3822 1585 3879 sunt,
1644 3813 1787 3881 quod
1851 3822 1977 3869 ante
2012 3831 2102 3870 res
2144 3831 2235 3873 eas
2283 3836 2472 3877 omnes
2516 3832 2751 3887 creatas,
2823 3840 2942 3895 qua:
2997 3834 3219 3894 aspectu
3270 3825 3599 3895 sentiuntur,

349 3913 671 3985 productum
711 3920 829 3975 est;
861 3910 1289 3977 circularemque
1319 3907 1446 3962 item
1509 3905 1654 3961 illam
1726 3906 1967 3961 siderum
2035 3911 2486 3979 conversionem,
2534 3926 2587 3969 et
2629 3930 2920 3986 supernum
2964 3918 3325 3988 splendorem,
3375 3918 3600 3973 univer-

350 4022 470 4064 sum
500 4004 687 4061 orbem
715 4002 1094 4057 illustrantem.

425 4092 509 4150 Vl.
544 4092 663 4150 Jam
690 4092 870 4148 lumen
898 4093 1060 4146 etiam
1084 4099 1204 4144 erat
1225 4089 1578 4159 primigenum
1606 4091 1733 4146 illud
1763 4105 1914 4145 man-

2092 4090 2182 4155 ς’.
2199 4088 2317 4152 Φῶς
2339 4090 2437 4159 μὲν
2465 4086 2532 4162 ἦν
2561 4095 2653 4145 καὶ
2690 4095 2722 4165 ἡ
2753 4092 2832 4164 τῷ
2860 4094 3189 4165 πρωτογόνῳ
3215 4094 3429 4149 δοθεῖσα
3453 4114 3603 4168 πρω-

349 4184 556 4251 datum,
588 4182 730 4252 quod
759 4182 1058 4251 primigeno
1102 4180 1310 4235 homini
1351 4180 1532 4234 datum
1576 4191 1663 4236 est
1714 4180 1915 4251 (quan-

348 4274 637 4343 doquidem
683 4272 808 4342 legis
837 4272 1145 4324 mandatum
1181 4269 1394 4324 lucerna
1436 4280 1484 4323 et
1533 4270 1707 4324 lumen
1736 4281 1809 4323 est
1834 4270 1916 4336 7°;

349 4376 405 4420 et
436 4380 647 4428 rursus,
687 4361 881 4417 Lumen
911 4371 1169 4430 prrecepta
1200 4373 1288 4413 ma
1319 4362 1373 4414 in
1404 4371 1543 4414 terra
1560 4362 1665 4432 77);
1704 4365 1920 4415 tametsi

349 4456 532 4512 invida
584 4453 672 4507 illa
722 4454 895 4523 caligo
938 4453 1179 4522 irrepens
1223 4454 1413 4506 vitium
1456 4453 1775 4521 procrearit.
1811 4452 1919 4507 Lu-

350 4564 473 4603 men
515 4546 677 4601 etiam
715 4545 971 4616 typicum,
1012 4555 1175 4615 atque
1201 4544 1268 4598 ad
1298 4543 1571 4599 modulum
1596 4559 1803 4609 eorum,
1828 4545 1920 4615 qui

348 4638 713 4708 excipiebant,
746 4636 1083 4702 admensum,
1136 4634 1249 4689 Lex
1295 4635 1494 4705 scripta
1541 4646 1676 4699 erat,
1721 4639 1922 4691 verita-

352 4746 458 4787 tem
490 4728 917 4791 adumbrans,ac
944 4727 1122 4798 magni
1150 4726 1293 4783 illius
1324 4727 1542 4783 luminis
1567 4730 1879 4798 mysterium
1905 4748 1918 4784 :

351 4823 547 4893 quippe
586 4828 642 4875 et
681 4816 883 4888 Moysis
920 4818 1118 4882 vultus,
1136 4802 1215 4873 eo
1248 4816 1517 4888 perfusus,
1554 4817 1724 4887 gloria
1756 4817 1922 4874 allici-

422 4976 635 5032 ”Psal.
674 4993 865 5040 cxvut,
908 4978 1033 5032 105.
1109 4976 1153 5006 ⁷⁷
1188 4974 1350 5031 Prov.
1391 4991 1467 5038 νι,
1512 4975 1603 5030 25.

426 5094 535 5165 (15)
586 5094 958 5165 Ὀφείλουσι.
979 5094 1225 5165 Plerique
1246 5093 1422 5165 cod_d.,
1454 5092 1695 5165 δφλουσι.

422 5159 536 5237 (16)
572 5159 1095 5234 Συὶθθαπτομένης.
1130 5159 1316 5218 Plures
1338 5159 1508 5232 Regg.‘
1533 5174 1587 5217 et
1612 5162 1793 5227 Colb.,
1825 5159 1922 5218 Or.

351 5236 405 5292 1.
427 5248 557 5292 ειε..
585 5235 1007 5292 ὲνθαπτομὲνης.

390 5274 405 5302 ,
427 5248 557 5302 ειε.,
585 5248 1007 5305 ενυαπτομενης.

424 5304 537 5426 g7)
581 5304 790 5359 Ταῦτα.
823 5307 916 5358 Sic
943 5305 1181 5403 quinque
1205 5300 1397 5371 Regg.,
1424 5301 1607 5356 decem
1628 5300 1802 5362 Colb.,
1827 5299 1923 5356 Or.

390 5416 405 5426 .
481 5389 585 5426 as..
615 5374 803 5426 Comb.
846 5392 865 5425 ‹
903 5373 1028 5426 Haec
1050 5382 1223 5426 erant.
1258 5392 1277 5423 ι
1302 5383 1432 5426 ειε..
1464 5384 1656 5426 nemne
1677 5372 1923 5425 sacerdo-

348 5373 405 5439 1,
435 5372 585 5438 Bas.,
615 5374 803 5429 Comb.
846 5392 865 5425 ‹
903 5373 1028 5429 Haec
1050 5382 1223 5438 erant,
1258 5392 1277 5423 ι
1302 5383 1432 5433 etc..
1464 5384 1656 5440 nempe
1677 5372 1930 5425 sacerdo-

351 5452 438 5513 tes
467 5452 521 5497 et
547 5457 717 5513 reges.
754 5461 774 5495 ε
816 5443 1138 5498 Sacerdotes
1187 5443 1329 5496 enim
1372 5452 1426 5496 et
1486 5456 1659 5508 reges,
1692 5442 1925 5513 »_inquit

349 5512 587 5591 Nicetas.
610 5509 825 5591 'cijuxta
853 5514 1048 5591 Moysis
1068 5514 1247 5591 legem
1278 5513 1633 5591 ungebantur.
1670 5530 1688 5562 ι
1723 5509 1779 5591 In
1809 5512 1923 5573 ed.,

350 5581 593 5718 τοιαῦἱα.
650 5583 800 5707 (ἓυοᾱ
854 5579 1016 5640 γειῖιὶι
1068 5579 1185 5638 ΒὶΠ.
1240 5600 1260 5634 ‹
1304 5579 1623 5650 Huiusmodi
1671 5582 1814 5637 enim
1859 5595 1924 5635 ea

354 5666 485 5707 cran
577 5671 596 5704 ι
628 5665 656 5709 e
684 5667 734 5708 ο.

354 5663 529 5709 erant.
577 5671 596 5704 ι
628 5663 734 5709 ειε.

2020 4179 2236 4247 τόγονος
2265 4182 2448 4253 ἐντολὴ
2479 4186 2708 4256 (ἐπειδὴ,
2748 4187 2989 4255 Λύχνος
3035 4187 3255 4256 ἐντολὴ
3283 4189 3473 4257 νόμου
3502 4189 3604 4244 καὶ

2020 4270 2149 4338 φῶς
2170 4288 2182 4301 ·
2238 4275 2331 4326 καὶ
2379 4274 2509 4328 διότι
2557 4276 2694 4348 [21],
2734 4277 2861 4343 Φῶς
2908 4278 2981 4331 τὰ
3019 4279 3443 4351 προστάγματά
3484 4296 3604 4335 σου

2020 4363 2118 4415 ἐπὶ
2147 4362 2255 4431 τῆς
2286 4364 2442 4434 γῆς),
2476 4369 2525 4418 εἰ
2554 4368 2648 4421 καὶ
2684 4368 2744 4421 τὸ
2784 4368 3042 4442 φθονερὸν
3073 4371 3262 4435 σκότος
3290 4371 3605 4426 ὲπεισελθὸν

2003 4454 2119 4525 ’τὴν
2144 4455 2340 4509 κακίαν
2377 4457 2807 4529 ἐδημιούργησεν
2827 4478 2841 4492 ·
2873 4461 2991 4529 φῶς
3016 4460 3073 4514 δὲ
3095 4461 3322 4516 tumbe
3345 4463 3440 4515 καὶ
3464 4462 3603 4534 σύμ·

2033 4561 2227 4615 μετρον
2274 4550 2385 4610 τοῖς
2428 4549 2857 4619 ὑποδεχομένοις,
2902 4552 2930 4603 ὁ
2962 4549 3205 4621 γραπτὸς
3235 4551 3419 4622 νόμος,
3451 4570 3605 4606 σκια-

2028 4637 2255 4707 γραφῶν
2308 4638 2420 4709 ('22)
2471 4640 2571 4711 τὴν
2617 4641 2908 4712 ἀλήθειαν,
2962 4644 3056 4697 καὶ
3108 4643 3167 4696 τὸ
3214 4642 3307 4696 τοῦ
3367 4646 3602 4715 μεγάλου

2031 4730 2207 4798 φωτὸς
2248 4734 2543 4804 μυστήριον
2562 4750 2575 4763 °
2609 4734 2768 4806 εἴπερ
2794 4736 2890 4789 καὶ
2914 4736 2976 4789 τὸ
3004 4736 3284 4799 Μωῦσέως
3309 4736 3603 4806 πρόσωπον

2026 4819 2200 4892 τούτῳ
2244 4821 2544 4888 δοξάζεται.
2579 4828 2690 4880 Καὶ
2734 4827 2820 4880 ἵνα
2864 4826 3084 4881 πλείονα
3123 4827 3277 4898 φῶτα
3310 4828 3490 4900 δῶμεν
3522 4828 3603 4901 τῷ

2103 5093 2216 5163 (18)
2256 5091 2566 5163 Κάλυμμα.
2638 5090 2774 5149 Tres
2841 5091 3031 5163 Regg.,
3101 5092 3481 5163 συνκάλυμμα.
3545 5091 3602 5147 In

2033 5164 2171 5227 aliis,
2211 5164 2598 5233 συγκαλυμμα.

2104 5234 2214 5305 (l9)
2252 5231 2679 5305 Kalﬂﬁp‘nwn.
2713 5233 2872 5305 Deest
2910 5231 2964 5285 in
2991 5231 3230 5305 quinque
3260 5231 3451 5303 Regg.,
3480 5242 3605 5288 octo

2031 5300 2210 5366 Colbf.
2242 5303 2334 5358 Or.
2365 5304 2391 5357 1
2430 5300 2482 5358 ει
2513 5300 2778 5368 Combef.,
2811 5316 2909 5357 nec
2932 5302 3320 5357 vertitBillius.
3352 5300 3401 5303 Ἴ
3546 5332 3547 5335 η

2105 5372 2216 5444 (20)
2266 5376 2501 5444 Ἑοντιν·ζ
2524 5374 2681 5427 Deest
2700 5372 2944 5444 in_lribus
2966 5371 3135 5444 Regg.
3171 5382 3225 5430 et
3247 5372 3341 5429 0r.
3378 5372 3430 5427 1.

2257 5445 2431 5497 Διότι.
2470 5441 2601 5515 [ἱείςζ
2635 5442 2820 5515 plt,_6t‘
2846 5442 2950 5497 ὅτι.

2106 5451 2191 5515 (21
2257 5451 2431 5497 Διότι.
2470 5451 2601 5511 Heg.
2635 5451 2728 5512 ph,
2755 5451 2820 5496 δι’
2846 5451 2950 5497 ὃτι.

2080 5451 2221 5595 ’(2Ξῖ
2254 5512 2663 5585 Σκιιιγραςοῶν.
2717 5513 2847 5585 Reg.
2898 5516 3007 5579 hm,
3036 5521 3096 5587 ct
3130 5511 3222 5569 Or.
3255 5512 3308 5578 l,
3349 5526 3604 5583 σκιογραα

2032 5602 2170 5654 φων.
