3902 6218
381 237 490 295 563

1302 240 1563 297 ORATIO
1591 240 1716 296 .XL.
1758 272 1828 283 —
1866 240 1934 295 IN
1977 239 2305 297 SANCTUM
2344 241 2708 297 BAPTISMA.

3526 248 3633 306 366

378 353 547 424 λόγῳ,
575 352 693 424 φῶς
722 352 822 424 μὲν
851 369 919 425 ην
946 354 1014 407 ἐκ
1053 354 1222 426 πυρὸς
1254 355 1332 426 τῷ
1361 358 1586 411 Μωῦσεῖ
1629 357 1738 429 (25)
1763 376 1963 427 φαντα-

2081 370 2174 413 Lur.
2206 358 2407 430 Atque,
2440 370 2501 413 ut
2532 361 2683 429 plura
2723 359 2923 415 lumina
2958 363 3192 417 orationi
3216 365 3421 429 demus,
3452 366 3635 422 lumen

381 444 629 517 ζόμενον,
665 445 827 516 ἡνίκα
850 446 948 517 τὴν
970 444 1130 515 βάτον
1155 446 1317 504 ,ἔκαιε
1354 450 1472 519 μὲν,
1507 451 1566 503 οὐ
1598 451 1853 504 κατέκαιε
1881 452 1958 518 δὲ,

381 537 472 591 ἵνα
500 536 594 589 καὶ
640 536 737 607 τὴν
778 535 940 606 φύσιν
981 536 1299 609 παραδείξῃ,
1346 540 1441 591 καὶ
1469 540 1712 612 γνωρίσῃ
1751 540 1848 612 τὴν
1874 541 1963 594 δύο

381 644 583 699 ναμιν·
638 628 754 698 φῶς
791 627 867 693 δὲ,
908 628 971 681 τὸ
1015 630 1073 681 ἐν
1123 628 1302 700 στόλῳ
1344 630 1517 701 πυρὸς
1560 632 1833 702 όδηγῆσαν
1870 633 1962 685 τὸν

394 715 634 787 Ἰσραὴλ,
669 717 761 770 καὶ
785 716 1079 788 ἡμερῶσαι)
1108 716 1206 788 τὴν
1236 716 1440 787 ἔρημον
1463 735 1476 747 ·
1510 719 1647 787 φῶς,
1678 718 1737 771 τὸ
1777 718 1963 771 Ἠλίαν

383 805 641 877 ἁρπάσαν
667 807 727 859 ἐν
751 805 829 875 τῷ
852 804 947 858 τοῦ
980 805 1151 877 πυρὸς
1172 805 1400 877 ἅρματι,
1426 809 1520 861 καὶ
1552 809 1627 880 μὴ
1652 809 1964 880 συμφλέξαν

382 900 476 954 τὸν
505 899 884 972 ἁρπαζόμενον
906 917 922 931 ·
952 899 1085 968 φῶς,
1112 899 1174 953 τὸ
1194 900 1319 964 τοὺς
1342 901 1605 971 ποιμένας
1632 904 1967 974 περιαστρά-

381 990 693 1062 ψαν,ήνίκα
719 989 778 1043 τὸ
802 989 1030 1062 ἄχρονον
1050 988 1165 1058 φῶς
1180 989 1258 1061 τῷ
1286 993 1523 1064 χρονικῷ
1548 994 1808 1064 ἐμίγνυτο
1828 994 1963 1063 (24)-

383 1082 525 1152 φῶς,
549 1082 725 1136 τδ-τοῦ
764 1084 1171 1155 προδραμόντος
1208 1083 1319 1154 (23)
1350 1084 1581 1154 ἀστέρος
1605 1084 1696 1137 ἐπὶ
1721 1084 1968 1155 Βηθλεέμ

384 1175 587 1239 κάλλος
624 1175 759 1246 (26),
791 1176 878 1229 ἵνα
906 1176 1002 1229 καὶ
1030 1176 1258 1244 Μάγους
1296 1175 1560 1247 ὁδηγήσῃ.
1602 1174 1696 1228 καὶ
1724 1177 1969 1246 δορυφο-

384 1269 530 1339 ρήσῃ
559 1268 672 1338 (27)
699 1268 762 1322 τδ
782 1268 921 1338 ὑπὲρ
955 1269 1101 1339 ἡμᾶς
1136 1266 1274 1337 φῶς,
1326 1268 1442 1337 μεθ’
1483 1266 1638 1337 ἡμῶν
1678 1269 1969 1338 γενόμενον

386 1356 577 1428 φῶς,ή
599 1358 1026 1429 παραδειχθεῖσα
1050 1357 1241 1428 θεότης
1260 1357 1349 1409 ἐπὶ
1373 1357 1464 1410 τοῦ
1481 1358 1635 1429 ὄρους
1651 1361 1763 1421 τοῖς
1792 1358 1969 1430 μαθηυ

380 1452 526 1515 ταῖς,
556 1449 754 1521 μικροῦ
792 1449 1121 1522 στερροτέρα
1141 1449 1197 1502 δὲ
1227 1449 1337 1521 (28)
1366 1450 1539 1519 ὅψεως
1557 1467 1571 1480 ·
1607 1451 1741 1520 φῶς,
1764 1452 1797 1521 ἡ
1819 1449 1969 1504 Παῦ-

382 1539 475 1592 λον
515 1541 970 1612 περιαστράψασα
1014 1541 1318 1609 φαντασία,
1366 1543 1459 1594 καὶ
1503 1540 1682 1611 πληγῇ
1717 1541 1827 1612 (29)
1861 1541 1970 1596 τῶν

379 1630 582 1699 Mysum,
637 1631 730 1684 τὸν
788 1631 977 1685 σκότον
1036 1633 1134 1702 τῆς
1170 1632 1350 1701 ψυχῆς
1402 1630 1786 1700 θεραπεύσασα
1824 1632 1969 1703 (50)⁶

2063 447 2187 517 igne
2212 447 2498 503 conﬂatum
2527 450 2580 504 id
2602 459 2742 514 crat,
2768 454 2910 519 quod
2939 450 3138 524 Moysis
3160 453 3343 508 oculos
3376 455 3427 506 in
3452 466 3638 512 monte

2062 539 2405 609 perstrinxit,
2474 550 2583 595 tum
2642 542 2893 597 videlicet
2948 556 3070 597 cum
3128 544 3267 614 ignis
3319 542 3637 613 ﬂagrantem

2065 632 2258 685 rubum
2304 648 2561 702 perurere
2622 644 2784 704 atque
2834 624 3117 691 absumere
3183 652 3287 691 non
3339 648 3547 708 poterat
3569 640 3635 703 ⁷⁸,

2066 730 2144 786 ut,
2188 731 2244 775 et
2303 733 2548 776 naturam
2597 738 2748 777 suam
2787 723 3066 790 indicaret,
3098 734 3153 780 et
3186 727 3419 781 divinam
3452 739 3640 799 poten-

2069 811 2198 866 tiam
2249 814 2572 869 declararet.
2615 815 2819 873 Lumen
2853 825 3118 884 praeterea
3152 819 3205 873 id
3235 830 3373 886 erat,
3413 822 3553 891 quod
3584 822 3637 876 in

2068 902 2208 970 ignis
2233 904 2479 958 columna
2513 906 2692 961 Israeli
2730 909 2956 977 prmibat
2988 911 3056 975 “’9,
3106 927 3168 964 ac
3196 911 3394 965 deserti
3435 914 3642 981 asperi.-

2070 1003 2235 1049 tatem
2269 997 2590 1064 mitigabat;
2638 998 2815 1053 lumen
2848 1001 2996 1063 item,
3030 1004 3171 1069 quod
3202 1002 3370 1055 Eliam
3403 1005 3456 1057 in
3484 1004 3643 1074 igneo

2070 1103 2237 1141 curru
2263 1090 2440 1156 rapuit
2462 1088 2529 1153 ⁸ο,
2551 1104 2653 1143 nec
2687 1102 2895 1160 raptum
2925 1093 3161 1157 exussit;
3191 1093 3369 1148 lumen
3400 1094 3641 1163 insuper.

2083 1178 2224 1242 quod
2286 1188 2397 1231 tum
2455 1190 2696 1247 pastores
2752 1182 3108 1237 circnmfulsit
3153 1184 3221 1248 ⁸⁸,
3280 1201 3403 1243 cum
3463 1186 3640 1242 lumen

2079 1271 2339 1339 temporis
2378 1285 2570 1333 expers
2604 1273 2881 1340 temporali
2907 1273 3261 1342 miscebatur;
3295 1277 3472 1330 lumen
3510 1292 3645 1345 quo-

2069 1375 2174 1430 que
2199 1363 2481 1431 pulchrum
2514 1363 2642 1416 illud
2678 1364 2827 1419 sidus
2857 1364 2908 1417 in
2934 1364 3245 1419 Betldchem
3286 1382 3643 1435 praecurrens,

2071 1462 2130 1506 ut
2175 1463 2229 1505 et
2271 1455 2439 1523 magis
2484 1454 2580 1507 viai
2608 1455 2713 1509 dux
2756 1458 2981 1519 esset",
3027 1469 3080 1511 et
3115 1458 3295 1513 lumen
3330 1460 3457 1513 illud
3489 1462 3643 1515 nobis

2077 1543 2384 1610 sublimius,
2418 1545 2483 1598 ad
2515 1561 2611 1599 nos
2641 1548 2956 1604 demissum.
2997 1549 3257 1618 nobisque
3296 1552 3642 1620 conjunctum

2070 1633 2219 1687 velut
2258 1635 2502 1702 Stiparet.
2552 1634 2819 1690 Prteterea
2869 1638 3045 1690 lumen
3074 1653 3193 1691 erat
3224 1640 3486 1695 Divmitas
3530 1642 3640 1701 illa.

382 1723 523 1793 φῶς,
551 1724 705 1794 καὶὴ
754 1725 961 1777 ἐκεῖθεν
999 1724 1340 1796 λαμπρότης,
1389 1728 1501 1788 τοῖς
1539 1724 1773 1779 ἐνταῦθα
1805 1742 1971 1779 κεκα-

2081 1725 2352 1796 discipulis
2386 1728 2437 1782 in
2468 1739 2649 1782 monte
2681 1730 2827 1782 velut
2873 1745 2967 1799 per
3017 1741 3363 1785 transennam
3405 1744 3645 1797 ostensa,

380 1817 698 1889 θαρμένοις,
729 1818 892 1888 ἡνίκα
921 1816 1290 1888 ἐκλάμψουσιν
1336 1818 1384 1870 οἱ
1413 1816 1612 1869 δίκαιοι
1639 1817 1714 1879 ὡς
1747 1818 1774 1870 ὁ
1795 1816 1965 1885 ἥλιος,

380 1900 461 1961 ὧν
490 1908 702 1961 ἵσταται
727 1908 756 1959 ό
794 1905 926 1970 Θεὸς
968 1907 1026 1958 ἐν
1075 1905 1245 1975 μέσῳ,
1291 1903 1429 1957 θεῶν
1473 1903 1641 1956 ὄντων
1687 1905 1782 1956 καὶ
1821 1903 1972 1971 βασι-

379 1998 543 2067 λέων,
577 1997 904 2053 διαστέλλων
942 1997 1037 2051 καὶ
1065 1994 1291 2067 διαιρῶν
1319 1995 1416 2058 τὰς
1446 1993 1600 2058 ἀξίας
1631 1995 1728 2064 τῆς
1757 1993 1967 2047 ἐκεῖθεν

384 2091 831 2164 μακαριότητος·
880 2088 996 2158 φῶς
1040 2088 1154 2160 (51)
1203 2085 1355 2158 παρά
1393 2084 1570 2139 ταῦτα
1622 2084 1966 2155 ἰδιοτρόπως,

379 2182 413 2235 ὁ
433 2182 528 2236 τοῦ
560 2181 934 2253 βαπτίσματος
966 2177 1265 2250 φωτισμδς,
1302 2176 1431 2249 περὶ
1461 2172 1521 2231 οὗ
1553 2175 1647 2228 νῦν
1672 2176 1801 2245 ἡμῖν
1825 2176 1853 2228 ὁ
1882 2174 1971 2227 λό-

379 2293 516 2345 γος,
560 2276 705 2347 μέγα
740 2274 833 2329 καὶ
884 2271 1193 2343 θαυμαστὸν
1240 2270 1301 2323 τὸ
1347 2269 1448 2340 τῆς
1493 2268 1765 2339 σωτηρίας
1813 2266 1970 2338 ἡμῶν

380 2368 659 2440 περιέχων
692 2366 803 2439 (52)
842 2365 1158 2437 μυστήριον.

2074 1829 2127 1871 et
2179 1819 2392 1887 quidem
2432 1820 2502 1872 ita
2555 1819 2730 1886 ﬁrma,
2782 1830 2839 1874 ut
2892 1822 2975 1875 vix
3025 1838 3141 1876 eam
3195 1825 3472 1878 oculorum
3505 1826 3649 1879 acies

2075 1905 2216 1961 ferre
2245 1919 2427 1977 posset
2454 1909 2523 1962 ⁸³.
2555 1908 2758 1963 Lumen
2806 1912 2932 1965 item
2960 1914 3095 1968 visio
3126 1914 3235 1979 illa,
3268 1929 3387 1983 qua:
3424 1914 3648 1970 Paulum

2076 1995 2283 2068 fulgore
2331 1999 2766 2064 circumfudit“,
2829 2017 2892 2056 ac
2953 2019 3048 2070 per
3104 2004 3385 2057 oculorum
3435 2005 3647 2073 plagam

2076 2087 2314 2143 tenebris
2366 2091 2559 2145 anima:
2608 2093 2933 2147 medicinam
2987 2094 3206 2161 attulit;
3256 2093 3437 2149 lumen
3484 2095 3648 2148 etiam

2075 2177 2222 2232 illius
2248 2179 2370 2234 vitae
2398 2182 2645 2246 claritas,
2696 2183 2782 2236 his
2826 2184 3031 2252 utique,
3078 2185 3170 2253 qui
3220 2184 3430 2239 animos
3462 2199 3591 2240 suos
3622 2203 3651 2238 ιι

2074 2271 2282 2340 peccati
2335 2273 2584 2326 sordibus
2634 2273 2687 2326 in
2741 2274 2842 2329 hac
2892 2276 3000 2328 vita
3049 2275 3433 2344 perpurgarint
3476 2294 3490 2329 :
3543 2291 3653 2345 quo

2080 2369 2323 2428 tempore
2349 2361 2601 2415 nimirum
2633 2363 2767 2431 justi
2800 2363 3077 2433 fulgebunt
3117 2374 3260 2419 SICIll
3301 2364 3383 2419 sol
3407 2365 3479 2428 ⁸⁵,
3510 2380 3651 2436 quo-

382 2476 506 2515 rum
541 2459 726 2529 utique
758 2459 980 2513 deorum
1016 2472 1079 2512 ac
1111 2471 1320 2525 regum,
1348 2454 1401 2508 in
1433 2453 1607 2508 medio
1638 2461 1746 2507 stat
1775 2451 1936 2514 Deus,
1958 2449 2306 2506 beatitudinis
2342 2453 2485 2509 illius
2505 2465 2667 2523 atque
2699 2456 2975 2525 dignitatis
2999 2457 3198 2526 gradus
3237 2455 3574 2526 distinguens
3598 2468 3654 2515 et

382 2552 652 2610 dividens.
697 2540 902 2607 Lumen
954 2551 1257 2621 postremo,
1307 2558 1504 2619 prazter
1565 2548 1679 2602 haec
1742 2546 1947 2607 omnia,
2009 2545 2250 2613 propiori
2310 2556 2365 2602 et
2424 2548 2679 2616 peculiari
2725 2547 2905 2611 modo,
2953 2560 3037 2603 est
3083 2550 3337 2619 baptismi
3378 2552 3653 2620 splendor,

344 2664 353 2673 '
383 2647 452 2702 de
473 2661 583 2716 quo
606 2659 748 2699 nunc
773 2643 950 2699 oratio
981 2642 1135 2697 nobis
1157 2641 1399 2697 instituta
1428 2647 1531 2705 est,
1558 2654 1666 2709 quo
1698 2652 1952 2706 magnum
1990 2633 2155 2707 695
2180 2648 2342 2708 atque
2383 2640 2757 2695 admirandum
2815 2642 3007 2696 salutis
3077 2652 3277 2699 nostra:
3335 2647 3650 2716 mysterium

383 2738 719 2794 continetur.

456 2831 534 2884 Z'.
578 2828 797 2899 Ἐπειδὴ
818 2826 928 2898 γὰρ
959 2826 1019 2880 τὸ
1048 2826 1148 2898 μέν
1179 2826 1343 2897 μηδὲν
1363 2826 1628 2896 ἁμαρτεῖν
1654 2826 1770 2877 ἐστι
1805 2823 1967 2888 Θεοῦ,

2147 2819 2259 2876 VII.
2302 2819 2566 2885 Quoniam
2600 2819 2742 2873 enim
2767 2820 2911 2874 omni
2946 2820 3148 2888 peccati
3176 2821 3296 2877 labe
3323 2837 3533 2888 carere,
3558 2823 3655 2880 Dei

383 2917 620 2988 καὶτῆς
669 2916 891 2990 πρώτης
945 2916 1041 2971 καὶ
1098 2914 1392 2970 ἁσυνθέτου
1440 2914 1685 2983 φύσεως·
1732 2913 1973 2985 ἁπλότης

2081 2925 2186 2976 est,
2239 2912 2534 2981 priuncque
2587 2920 2642 2966 ct
2686 2914 3050 2981 incompositae
3080 2922 3286 2968 natura:
3315 2913 3656 2984 (simplicitas

384 3011 499 3083 γὰρ
550 2989 804 3083 εἰρηναῖα
848 3009 945 3064 καὶ
986 3008 1381 3071 ἀστασίαστος·
1434 3004 1623 3077 θαρῤῶ
1670 3005 1726 3059 δὲ
1777 3008 1972 3071 εἰπεῖν,

2081 3006 2224 3060 enim
2271 3014 2459 3074 pacata
2499 3014 2602 3070 est,
2638 3014 2799 3074 atque
2841 3005 2910 3059 ab
2950 3007 3097 3060 omni
3130 3007 3354 3062 dissidio
3379 3008 3652 3081 remota);

384 3103 469 3157 δτι
494 3102 589 3156 καὶ
621 3102 721 3173 τῆς
772 3100 1101 3171 ἀγγελικῆς,
1134 3098 1167 3170 ἢ
1207 3099 1288 3153 ὅτι
1318 3100 1600 3168 ἐγγυτάτω
1636 3098 1848 3161 τούτου,
1888 3097 1978 3151 διὰ

386 3195 486 3266 τὴν
518 3193 658 3266 πρὸς
686 3193 819 3248 Θεὸν
845 3191 1140 3263 ἐγγύτητα.
1173 3191 1247 3244 Τὸ
1287 3190 1345 3243 δέ
1379 3190 1733 3261 ἁμαρτάνειν,
1770 3187 1981 3261 ἀνθρώ-

387 3302 568 3348 πινον,
600 3284 821 3354 καὶτῆς
854 3283 1007 3337 κάτω
1050 3281 1357 3345 συνθέσεως
1380 3300 1394 3312 ·
1428 3280 1677 3343 σύνθεσις
1707 3280 1813 3352 γὰρ
1837 3280 1978 3350 ἀρχὴ

387 3373 723 3437 διαστάσεως
742 3391 756 3403 ·
787 3374 889 3426 οὐκ
916 3370 1053 3443 ᾤετο
1072 3372 1185 3425 δεῖν
1217 3370 1518 3442 ἀϐοήθητον
1545 3371 1604 3423 τὸ
1625 3369 1817 3423 ἐαυτοῦ
1852 3369 1981 3423 πλά-

391 3483 504 3537 σμα
522 3464 846 3520 καταλιπεῖν
872 3466 901 3517 ό
923 3464 1216 3534 Δεσπότης,
1238 3463 1359 3516 οὐδὲ
1386 3462 1645 3534 περιϊδεῖν
1673 3462 1981 3516 κινδυνεῦον

388 3559 488 3629 τὴν
528 3559 625 3613 ἀπ’
670 3556 837 3610 αὐτοῦ
883 3556 1164 3609 διάστασιν
1211 3555 1347 3625 (55).
1392 3554 1530 3606 ’Λλλέ
1559 3552 1744 3624 ὣσπερ
1772 3552 1871 3605 οὐκ
1896 3551 1982 3605 ὃν·

389 3668 490 3715 τας
520 3650 850 3721 ὑπέστησεν,
882 3648 1055 3711 οὕτως
1094 3648 1432 3709 ὑποστάντας
1460 3644 1752 3706 ἀνέπλασε,
1782 3643 1981 3696 πλάσιν

393 3741 677 3813 θειοτέραν
715 3758 776 3794 τε
827 3740 923 3794 καὶ
969 3739 1067 3811 τῆς
1106 3736 1331 3809 πρώτης
1381 3736 1756 3806 ὑψηλοτέρανο
1794 3735 1828 3804 ἢ
1869 3736 1982 3795 τοῖς

396 3840 495 3910 μὲν
530 3837 857 3909 ἀρχομένοις
885 3835 1002 3889 ἐστὶ⁹
1045 3832 1302 3906 σφραγὶς,
1345 3834 1457 3894 τιῖς
1489 3830 1546 3883 δὲ
1578 3829 1687 3900 (54)
1723 3826 1983 3881 τελειοτέ-

394 3945 533 4001 ροις,
552 3928 652 3997 τὴν
669 3926 908 3997 ἡλικίαν,
923 3924 1018 3979 καὶ
1040 3926 1307 3996 χάρισμα,
1334 3921 1428 3973 καὶ
1450 3920 1547 3989 τῆς
1571 3917 1844 3988 πεσούσης
1868 3916 1980 3987 (55)

393 4019 624 4083 εἰκόνος,
656 4017 742 4071 διὰ
775 4017 875 4087 τὴν
922 4016 1137 4077 κακίαν,
1197 4010 1598 4083 ἐπανόρθωσις·
1650 4010 1738 4062 ἵνα
1791 4009 1866 4079 μὴ
1912 4008 1980 4077 τῇ

394 4107 704 4177 ἀπογνώσει
740 4107 956 4178 χείρους
980 4105 1275 4175 γινόμενοι,
1307 4101 1402 4154 καὶ
1424 4101 1511 4152 ἀεὶ
1550 4099 1684 4170 πρὸς
1712 4098 1773 4151 τὸ
1802 4099 1985 4168 χεῖρον

395 4199 850 4270 καταφερόμενοι,
875 4195 1071 4260 τελέως
1113 4194 1225 4265 (56)
1271 4192 1375 4259 ἔξω
1412 4191 1507 4245 τοῦ
1550 4188 1715 4244 καλοῦ
1761 4190 1856 4242 καὶ
1882 4188 1982 4258 τῆς

396 4291 602 4365 ἀρετῆς
648 4290 714 4344 δι’
764 4289 1072 4359 ἀπόγνωσιν
1115 4287 1405 4356 πίπτωμεν
1430 4299 1443 4313 ·
1484 4282 1620 4356 μηδὲ
1677 4284 1757 4344 είς
1793 4278 1979 4333 κακῶν

2080 3097 2339 3151 audacter
2382 3096 2545 3150 etiam
2583 3095 2799 3159 addam,
2851 3105 2907 3149 et
2931 3095 3205 3164 angelicae,
3236 3102 3360 3165 quia
3390 3094 3654 3165 profecm,

2079 3191 2149 3245 ob
2206 3188 2663 3259 propinquitatem
2715 3203 2877 3254 quam
2938 3189 3004 3240 ad
3055 3186 3223 3241 Deum
3274 3190 3457 3253 habet,
3489 3190 3556 3243 ad
3603 3191 3658 3242 id

2080 3282 2331 3349 proxime
2371 3279 2601 3334 accedit.
2652 3278 2887 3333 Peccare
2916 3288 3120 3344 autem,
3160 3280 3411 3333 humanae
3444 3294 3508 3335 ac
3544 3289 3656 3335 ter-

2080 3388 2226 3428 rena;
2272 3372 2677 3442 compositionis
2731 3371 3074 3441 (compositio
3125 3371 3394 3440 siquidem
3441 3371 3651 3426 dissidii

2081 3467 2232 3533 origo
2253 3466 2401 3533 est);
2450 3464 2651 3519 idcirco
2685 3464 2942 3517 Dominus
2972 3462 3195 3533 tninime
3218 3462 3320 3516 sibi
3355 3463 3657 3517 faciendum

2082 3558 2308 3627 putavit,
2351 3564 2410 3610 ut
2447 3556 2754 3626 ﬁgmentum
2795 3570 2950 3608 sumn
2993 3554 3195 3609 auxilio
3229 3555 3544 3608 destitutum
3573 3570 3661 3608 re-

2084 3649 2379 3717 linqueret,
2416 3658 2471 3701 et
2504 3645 2814 3716 periclitans
2848 3644 2915 3699 ab
2953 3659 3019 3698 eo
3051 3644 3316 3713 separari,
3339 3643 3657 3713 despiceret.

2083 3742 2221 3808 Quin
2270 3741 2466 3809 potius,
2510 3737 2960 3807 quemadmodum
3011 3750 3109 3789 nos
3149 3737 3385 3805 primum
3432 3734 3658 3799 creavit,

2085 3834 2159 3887 ita
2184 3842 2397 3887 creatos
2446 3827 2768 3883 instauravit
2811 3842 2876 3883 ac
2929 3826 3167 3890 reﬁnxit,
3232 3838 3286 3880 et
3330 3826 3545 3894 quidem
3594 3824 3657 3881 li-

2086 3934 2302 3995 gtnento
2333 3922 2608 3987 diviniori,
2644 3921 2988 3991 primumque
3018 3918 3334 3990 ﬁgmentum
3384 3916 3661 3988 superanti

2088 4016 2275 4086 (quod,
2307 4024 2364 4068 ιιι
2388 4014 2513 4069 vita:
2552 4028 2770 4067 cursum
2810 4012 3120 4064 ineuntibus
3164 4008 3503 4075 signaculum
3554 4020 3657 4072 est,

2087 4110 2163 4163 ita
2204 4108 2287 4170 iis,
2324 4106 2413 4176 qui
2446 4105 2696 4160 adultiori
2748 4112 2905 4158 aetate
2960 4111 3104 4160 sunt,
3152 4100 3325 4169 gratia
3365 4100 3526 4153 etiam
3555 4111 3658 4162 εει,

2088 4216 2153 4256 ac
2184 4200 2433 4270 collapsa:
2458 4197 2710 4268 imaginis
2742 4194 3010 4263 erectio);
3052 4208 3116 4247 ne
3146 4190 3346 4261 alioqui
3375 4192 3444 4246 ob
3465 4192 3657 4259 despe-

2090 4292 2358 4347 rationem
2402 4290 2612 4359 pejores
2649 4287 3006 4351 eﬂiceremur,
3043 4295 3099 4339 et
3133 4284 3185 4337 in
3219 4284 3469 4354 graviora
3521 4296 3659 4351 quo-

471 4475 519 4508 "
540 4474 709 4531 Exod.
740 4489 824 4537 ιιι,
864 4472 917 4526 2.
994 4473 1040 4504 τ’
1090 4469 1260 4524 Exod.
1307 4483 1428 4525 xm.
1475 4465 1565 4537 ‘21.
1643 4464 1689 4496 ⁸⁸
1718 4463 1782 4518 1V
1820 4461 1955 4532 Reg.

2104 4460 2192 4515 li.
2267 4458 2309 4491 ⁸¹
2341 4456 2474 4511 Luc.
2506 4471 2568 4516 tt,
2596 4454 2651 4508 9.
2725 4453 2772 4488 "
2797 4450 2987 4505 Matth.
3015 4467 3074 4516 ιι,
3099 4451 3153 4505 9.
3233 4449 3281 4481 ⁸³
3302 4446 3490 4502 Matth.
3525 4460 3658 4506 xvn,

399 4548 425 4602 1
456 4560 580 4616 sqq.
667 4544 715 4577 ⁸⁸
747 4534 871 4598 Aet.
917 4558 993 4606 Ix,
1025 4542 1078 4596 5.
1154 4540 1200 4571 ⁸³
1231 4538 1359 4608 Sap.
1399 4552 1479 4601 ιιι,
1515 4534 1567 4587 7.

472 4697 587 4772 (25)
625 4695 883 4772 ωωῆσεῖ-

473 4760 589 4843 (24)
639 4760 978 4838 Ἐμιτνυτοξ
1035 4765 1166 4836 Reg.
1211 4765 1244 4819 b
1294 4760 1378 4817 ad”
1411 4777 1606 4832 marg.,
1647 4777 1737 4830 γρ.
1788 4760 1980 4831 μίγνυ-

398 4861 591 4981 ταέὲὸ)
628 4905 1099 4981 Προδρᾳμόντος.
1150 4902 1242 4960 Sic
1289 4903 1456 4973 Regg.
1503 4901 1616 4965 btn,
1649 4901 1741 4969 ph,
1773 4907 1878 4954 etc.
1923 4897 1979 4952 In

402 4977 523 5055 ed?!
546 4977 992 5055 ῖὲρεὶξρειιξῶντεὲξ·
1286 5030 1295 5037 -
1341 5042 1388 5055 ..
1477 5052 1485 5055 -
1522 5038 1584 5055 ιτ.

476 5038 610 5121 (εθγ
629 5038 889 5121 Keil-10g.
911 5044 1014 5121 _$i_c
1040 5058 1229 5098 omnes
1255 5042 1410 5098 codd.
1440 5052 1494 5096 et
1522 5038 1695 5094 Nicet.
1729 5038 1983 5094 Mendose

405 5124 459 5178 in
485 5113 612 5176 Far.
645 5119 757 5182 ed.,
784 5115 881 5170 καὶ
904 5113 1099 5178 ἄλλως.

478 5190 594 5262 (27)
633 5176 1070 5262 Δορὺφορήσῃξ
1094 5182 1152 5237 In
1188 5180 1477 5249 nonnullis,
1517 5179 1880 5253 δωρυφορήσῃ
1915 5176 1978 5249 [Γ.

405 5255 929 5333 ΡτὸΑᾷρρὟθδΕήσηῖς

478 5318 995 5397 (28ΥΣὲεὶ5ῥοξέρα
1052 5323 1140 5378 δέ.
1194 5321 1362 5395 Regg.
1416 5322 1527 5386 bm,
1575 5322 1643 5391 ph
1684 5329 1739 5375 et
1772 5318 1958 5373 Camb.

410 5396 506 5456 στε
646 5398 746 5468 έρα
774 5396 889 5450 καί.

482 5400 869 5539 (graium:
909 5485 928 5518 ι
964 5464 1145 5539 Plaga.
1187 5481 1206 5515 ι
1238 5460 1330 5539 Sic
1361 5470 1469 5517 tres
1496 5460 1663 5530 Regg.
1697 5459 1785 5516 Sic
1819 5458 1983 5513 etiam

409 5531 690 5611 IegilABiil.
725 5531 921 5611 Ineth
964 5534 1166 5611 πληγή..
1204 5554 1222 5585 ι
1258 5531 1428 5611 plaga.
1458 5551 1491 5611 3

484 5608 597 5680 (30)
637 5598 1098 5680 Θεμπξύοναιτᾴξ
1122 5598 1287 5680 Regg.
1319 5598 1415 5680 ph,
1430 5598 1855 5680 θεραπεύουσα.

486 5608 577 5680 (30
637 5608 1087 5676 Θεραπεύσασα.
1122 5608 1287 5673 Regg.
1324 5608 1415 5669 ph,
1456 5608 1855 5673 θεραπεύουσα.

486 5608 789 5752 (51)]1κῖις.
828 5675 1133 5733 Gabrielius
1179 5673 1264 5729 his
1316 5670 1607 5727 luminibus
1654 5670 1800 5727 addit
1848 5667 1989 5724 aliud

937 4695 1176 4763 Quatuor
1240 4694 1403 4762 Regg.
1446 4700 1500 4746 et
1530 4690 1744 4752 Comh.,
1776 4689 1972 4760 Μωσῇ.
2009 4689 2055 4748 D
2083 4685 2263 4763 lumen
2319 4697 2364 4763 ιι.
2401 4677 2664 4759 Gregorio
2728 4676 3010 4763 omissum,
3068 4672 3407 4763 nimii-omn:
3453 4669 3663 4763 linguas

2081 4756 2267 4824 igneas
2314 4740 2622 4824 dispertitas
2654 4747 2909 4824 apostolis
2946 4745 3032 4795 die
3068 4742 3429 4824 Denteetistes.
3468 4758 3491 4824 ι
3518 4740 3658 4824 σξιῶς,

2079 4809 2275 4892 inquit,
2326 4809 2539 4881 τὸ’τοῖς
2584 4809 2901 4877 ἀποστόλοις
2955 4810 3307 4884 μεριζόμενον
3359 4809 3664 4879 πυρίγλωση
3708 4840 3727 4867 .

2080 5032 2295 5097 Coiub.,
2338 5032 2608 5101 περιέχον.
2682 5096 2715 5101 _
2890 5095 2900 5101 _
2982 5092 3006 5101 Α
3047 5092 3058 5101 ,
3112 5092 3128 5101 _
3389 5086 3411 5101 ,.
3564 5087 3596 5101 ,.

2153 5086 2647 5174 (55ῨΔιάὶγτᾶσιν.
2682 5096 2804 5152 Bas.
2837 5095 2947 5157 ed.,
2979 5092 3291 5155 διάπλασιν,
3334 5107 3351 5139 ι
3385 5086 3658 5152 formatio,

2082 5173 2413 5244 ﬁgmentum.
2453 5191 2471 5223 ι

2088 5315 2120 5323 _
2158 5240 2442 5323 (54)..Τρῒς
2470 5239 2557 5323 δέ.
2592 5238 2684 5294 Sic
2710 5235 2950 5307 quinque
2985 5230 3152 5301 Regg.
3185 5236 3239 5286 et
3266 5238 3469 5299 septem
3505 5227 3659 5283 Colb.

2088 5310 2245 5369 Deest
2261 5310 2319 5364 δέ
2351 5312 2404 5363 in
2427 5314 2514 5364 ed.

2156 5381 2268 5453 (55)
2294 5380 2678 5453 μεσούσης.Δ
2705 5375 2894 5453 Plures
2962 5373 3156 5453 Begg.,
3221 5377 3455 5453 septem“
3482 5366 3659 5453 ρους..

2084 5437 2264 5509 Co‘ist.’
2285 5451 2342 5517 2,
2370 5450 2465 5507 Or.
2500 5450 2526 5503 ι
2557 5437 3179 5517 ἑίϐοιιιϋη-παθούσης.
3207 5460 3244 5517 ,ι
3286 5437 3412 5494 vnn
3440 5437 3562 5493 labe
3591 5437 3668 5491 la-

2086 5513 2349 5584 borantis,
2376 5522 2623 5588 ltesmque
2652 5515 2902 5588 imaginis
2935 5513 3275 5588 instauratio.
3298 5530 3332 5588 _»

2160 5592 2270 5663 (56)
2315 5578 2554 5656 Τελέωςξ
2598 5598 2703 5647 etc.
2737 5578 2827 5643 σι’.
2863 5586 2913 5653 1,
2943 5582 3143 5638 τέλεον.
3193 5599 3213 5633 ι
3249 5580 3331 5637 Ab
3366 5578 3576 5636 honesti
3610 5581 3668 5633 et

2089 5664 2304 5720 virtutis
2333 5663 2569 5718 tramite.
2606 5678 2625 5713 ι
