3902 6218
265 325 368 382 567

1466 308 1527 363 S.
1562 302 1895 364 GREGORII
1937 298 2284 357 THEOLOGI

3410 288 3518 346 368

267 438 393 492 tidie
444 430 643 504 ﬂagitia
691 434 945 490 ruentes,
1020 422 1232 491 penitus
1290 420 1504 474 tandem
1559 435 1588 472 a
1636 431 1848 474 summo

1968 413 2113 474 ideo;
2134 410 2488 484 ἐμπεσόντες,
2514 408 2541 460 δ
2572 406 2635 477 δὴ
2663 406 2878 475 λέγεται
2902 400 3037 477 (57),
3064 402 3517 475 καταφρονῶμεν·

265 530 429 593 bono,
473 534 635 591 atque
667 537 696 573 a
726 521 945 583 virtute,
967 524 1191 585 propter
1218 511 1646 582 desperationem
1692 510 1839 565 labe-

266 627 470 676 remur,
497 611 681 677 sicque
714 606 768 661 in
798 603 1119 675 profundum
1148 601 1429 663 malorum,
1460 610 1521 654 nt
1545 598 1840 667 Scripturte

265 705 450 760 verbis
493 711 636 764 utar,
665 698 929 769 gurgitem
953 695 999 727 ⁸⁸
1026 691 1279 763 prolapsi,
1322 700 1794 746 contemneremus
1824 707 1840 742 :

267 809 455 851 verum
494 792 690 860 potius,
723 799 780 843 ut
818 788 907 858 qui
954 787 1171 854 longum
1217 784 1319 838 iter
1365 782 1725 843 emetiuntur.
1781 781 1838 836 in

272 882 587 938 diversoriis
615 879 1069 948 interquiescunt,
1106 872 1355 941 fessaque
1383 871 1564 926 labore
1597 873 1839 927 membra

272 983 542 1036 recreant,
575 973 646 1025 ita
679 986 795 1035 nos,
830 969 971 1038 quod
1003 978 1252 1035 superest
1287 966 1407 1028 viae,
1439 963 1616 1031 vegcti
1647 973 1700 1015 et
1738 963 1841 1016 im-

274 1067 413 1137 pigri
445 1065 814 1120 conﬁciamus.
869 1064 1047 1130 Atque
1098 1060 1214 1114 htec
1265 1056 1517 1125 baptismi
1568 1055 1740 1125 gratia
1784 1063 1840 1108 et

273 1156 500 1212 facultas
551 1150 652 1217 est,
698 1170 805 1209 non
850 1155 1037 1207 orbem
1088 1160 1377 1213 terrarum,
1405 1157 1461 1199 ut
1492 1147 1640 1207 olim,
1682 1146 1841 1213 aquis

1942 506 2057 561 ἀλλ’
2090 504 2277 574 ὥσπερ
2311 503 2362 555 oi.
2407 499 2622 573 μακρὰν
2653 496 2770 552 ὁδὸν
2818 497 3129 569 τέμνοντες,
3176 494 3521 566 καταλύματι

1942 599 2069 661 τοὺς
2096 597 2291 659 πόνους
2330 593 2816 653 διαναπαύσαντες,
2850 588 2992 642 οὓτω
3022 589 3083 642 τὸ
3115 587 3243 659 ἐξῆς
3278 587 3377 658 τῆς
3401 587 3521 640 ὁδοῦ

1942 689 2126 759 νεαροὶ
2179 689 2274 741 καὶ
2318 685 2586 757 πρόθυμοι
2631 683 2986 752 διανύσωμεν.
3027 681 3174 752 Αὕτη
3217 682 3314 751 μὲν
3352 682 3383 743 ἡ
3429 678 3523 733 τοῦ

1949 780 2323 851 βαπτίσματος
2379 776 2539 848 χάρις
2592 776 2685 829 καὶ
2735 774 2984 844 δύναμις,
3019 773 3080 825 οὐ
3122 773 3326 842 κόσμου
3359 789 3511 826 κατα-

1948 872 2186 943 κλυσμὸν
2217 872 2292 934 ὡς
2327 871 2513 935 πάλαι,
2559 869 2657 939 τῆς
2704 868 2761 921 δὲ
2792 866 2887 919 τοῦ
2932 866 3052 920 καθ’
3091 866 3320 919 ἕκαστον
3347 866 3523 935 ἀμαρ-

1945 964 2067 1027 τίας
2119 961 2386 1032 κάθαρσιν
2413 959 2675 1030 ’ἐχουσα,
2737 960 2830 1011 καὶ
2897 956 3137 1026 παντελῆ
3198 955 3357 1026 poem
3418 954 3528 1008 τῶν

1946 1055 2053 1109 ἀπὸ
2103 1055 2303 1117 κακίας
2348 1051 2769 1106 ἐπεισελθόντων
2826 1048 3233 1121 συγχωσμάτων
3282 1046 3316 1119 ἢ
3369 1044 3526 1116 μολυ-

1948 1146 2190 1217 σμάτων.

271 1252 528 1310 obruens,
554 1247 649 1302 sed
709 1244 1134 1314 uniuscujusque
1206 1238 1442 1293 hominis
1501 1247 1781 1307 peccatum
1850 1252 2110 1309 purgans,
2141 1252 2340 1307 easque
2367 1237 2766 1293 obstructioues
2798 1233 2880 1289 vel
2914 1232 3173 1298 maculas,
3228 1248 3350 1304 quae
3395 1232 3531 1286 vitio

271 1341 686 1402 contrahuntur,
724 1351 950 1407 prorsus
981 1335 1326 1402 abstergens.

342 1430 479 1488 Vill.
546 1428 984 1496 Quandoquidem
1049 1434 1228 1478 autem
1302 1420 1509 1474 duabus
1566 1419 1831 1489 partibus,

273 1526 382 1582 hoc
403 1532 505 1585 est,
538 1520 720 1576 animo
753 1528 807 1573 et
828 1526 1077 1586 corpore,
1122 1520 1454 1574 constamus,
1502 1526 1730 1578 quarum
1767 1508 1846 1562 al-

278 1625 391 1671 tera
408 1614 462 1668 in
479 1620 754 1681 aspectum
771 1608 934 1672 cadit,
952 1607 1119 1661 altera
1136 1605 1415 1659 oculorum
1440 1617 1658 1656 sensum
1686 1600 1840 1670 fugit:

2021 1415 2102 1469 H’.
2138 1414 2339 1468 Διττῶν
2383 1414 2439 1467 δὲ
2489 1413 2658 1467 ὄντων
2704 1412 2882 1483 ἡμῶν,
2923 1413 2989 1465 ἐκ
3031 1410 3209 1481 ψυχῆς
3251 1409 3395 1478 λέγω
3435 1408 3532 1464 καὶ

1955 1507 2227 1579 σώματος,
2258 1509 2352 1560 καὶ
2386 1506 2485 1577 τῆς
2522 1505 2621 1576 μὲν
2658 1506 2878 1577 ὁρατῆς,
2923 1507 3021 1575 τῆς
3065 1505 3122 1558 δὲ
3168 1503 3401 1575 ἀοράτου
3431 1502 3534 1573 φύ-

1956 1616 2135 1662 σεως’
2171 1598 2323 1669 διττὴ
2383 1602 2477 1650 καὶ
2529 1599 2562 1668 ή
2615 1596 2882 1669 κάθαρσις
2937 1595 3072 1668 (58),
3126 1596 3195 1649 δι’
3245 1594 3433 1659 ὕδατός
3472 1594 3535 1649 τέ

279 1705 489 1760 duabus
522 1711 741 1770 quoque
768 1696 929 1750 rebus
960 1701 1172 1748 constat
1200 1690 1515 1759 baptismus,
1543 1702 1678 1755 aqua
1702 1686 1847 1741 scili-

1968 1703 2094 1761 ρημι
2124 1690 2218 1744 καὶ
2255 1688 2593 1759 Πνεύματος,
2634 1685 2729 1739 τοῦ
2760 1688 2857 1758 μὲν
2889 1686 3180 1758 θεωρητῶς
3214 1704 3274 1739 τε
3303 1686 3398 1740 καὶ
3431 1704 3536 1741 σω-

278 1805 366 1851 cet
390 1803 447 1849 et
469 1791 694 1861 Spiritu,
724 1787 814 1843 illa
841 1784 1035 1839 visibili
1059 1794 1115 1836 et
1138 1795 1400 1849 corporeo
1424 1780 1581 1844 modo
1604 1788 1845 1845 accepta,

278 1886 385 1942 hoc
406 1898 534 1937 vero
552 1883 869 1948 incorporeo
891 1885 945 1931 et
964 1871 1218 1929 invisibili
1245 1878 1597 1924 concurrente
1620 1886 1633 1921 :
1660 1868 1749 1921 illa
1776 1876 1849 1937 ty-

281 1975 424 2045 pica,
443 1974 546 2027 hoc
574 1984 722 2035 vero,
750 1981 805 2022 et
833 1965 1050 2020 intimos
1079 1963 1242 2016 animi
1285 1961 1417 2014 lines
1445 1969 1724 2027 purgante.
1748 1957 1847 2024 Qui

280 2065 473 2138 prima:
520 2059 786 2115 nativitati
835 2072 990 2127 opem
1038 2065 1093 2107 et
1138 2051 1503 2120 adiumentum
1541 2050 1742 2113 ferens,
1780 2061 1849 2101 ex

281 2154 558 2213 veteribus
589 2165 775 2214 novos,
798 2163 865 2203 ex
897 2145 1147 2201 humanis
1185 2144 1400 2197 divinos
1433 2138 1616 2206 ellicit,
1649 2138 1852 2207 absque

281 2250 408 2320 igne
454 2258 555 2298 nos
616 2255 801 2296 rursus
852 2235 1067 2300 conﬁat,
1112 2244 1167 2288 et
1231 2233 1434 2301 absque
1484 2231 1853 2286 conti-actione

282 2351 472 2395 rurSus
494 2333 716 2404 eﬂingit.
740 2330 873 2385 Nam
899 2338 955 2382 ut
977 2326 1293 2395 compendio
1315 2325 1512 2385 dicam,
1548 2324 1680 2377 nihil
1704 2323 1851 2376 aliud

284 2445 411 2487 esse
460 2428 568 2480 vim
607 2433 663 2480 et
706 2422 1014 2477 facultatem
1059 2417 1311 2486 baptismi
1348 2417 1663 2471 existimare
1692 2414 1853 2470 debe-

285 2536 428 2583 mus,
481 2531 643 2585 quam
697 2514 946 2569 secundae
989 2510 1112 2563 vitm
1157 2523 1221 2565 ac
1260 2509 1492 2576 purioris
1550 2507 1717 2578 696
1767 2506 1852 2559 vi-

286 2613 447 2669 vendi
485 2606 711 2664 rationis
745 2614 960 2673 pactum
990 2616 1109 2655 cum
1142 2600 1249 2653 Deo
1278 2600 1492 2655 initum.
1523 2601 1599 2651 Ac
1624 2597 1854 2668 proinde

287 2705 374 2761 vel
406 2702 641 2759 maximo
667 2698 719 2753 in
754 2705 896 2750 metu
925 2708 1112 2748 omnes
1140 2708 1278 2756 esse,
1308 2702 1466 2762 atque
1490 2692 1635 2745 omni
1668 2699 1856 2745 custo-

289 2794 377 2846 dia
417 2801 632 2845 nostras
665 2786 874 2841 animas
913 2798 1132 2837 servare
1161 2784 1441 2848 debemus,
1478 2796 1544 2834 ne
1574 2780 1855 2834 mendacio

291 2882 452 2939 ﬁdem
495 2886 821 2947 pactumque
860 2872 1093 2926 violasse
1121 2870 1538 2936 comperiamur.
1565 2867 1701 2922 Nam
1729 2881 1853 2922 cum

292 2974 358 3026 ad
396 2979 578 3024 mutua
604 2967 881 3023 hominum
921 2973 1076 3031 pacta
1126 2963 1387 3015 ﬁrmanda
1449 2961 1590 3013 Deus
1650 2958 1858 3013 medius

1959 1780 2201 1853 ματικῶς
2224 1779 2656 1851 λαμϐανομένου,
2689 1775 2781 1832 τοῦ
2821 1778 2877 1830 δὲ
2912 1780 3217 1849 ἀσωμάτως
3239 1778 3335 1831 καὶ
3366 1776 3537 1831 ἀθεω-

1959 1872 2136 1941 ρήτως
2167 1868 2578 1940 συντρέχοντος·
2626 1870 2719 1922 καὶ
2757 1867 2851 1921 τοῦ
2909 1868 3007 1939 μὲν
3049 1866 3299 1929 τυπικοῦ,
3342 1867 3435 1921 τοῦ
3475 1867 3537 1921 δὲ

1957 1962 2233 2033 ἀληθινοῦ,
2271 1961 2367 2014 καὶ
2398 1958 2467 2012 τὰ
2516 1959 2654 2030 βάθη
2701 1958 3052 2030 καθαίροντος
3080 1976 3093 1988 ο
3123 1959 3151 2011 ὃ
3181 1959 3280 2028 τῆς
3312 1957 3538 2029 πρώτης

1957 2052 2222 2120 γενέσεως
2249 2050 2533 2121 ἐπικουρία
2562 2050 2846 2121 τυγχάνον,
2882 2050 3100 2112 καινοὺς
3128 2050 3247 2102 ἀντὶ
3270 2049 3534 2113 παλαιῶν,

1958 2142 2051 2195 καὶ
2105 2141 2355 2204 θεοειδεῖς
2403 2141 2524 2194 ἀντὶ
2573 2139 2678 2193 τῶν
2729 2138 2823 2193 νῦν
2868 2139 3039 2192 ὄντων
3077 2140 3388 2209 ἐργάζεται,
3431 2156 3540 2209 χωο

1960 2238 2044 2306 ρἰς
2074 2235 2186 2299 (59)
2221 2235 2388 2305 πυρὸς
2428 2233 2783 2304 ἀναχωνεῦον,
2815 2233 2910 2286 καὶ
2938 2233 3223 2297 ἀνακτίςον
3256 2231 3377 2302 δίχα
3409 2249 3538 2285 συν-

1958 2326 2212 2398 τρίψεως.
2240 2327 2303 2378 Εἰ
2327 2323 2436 2396 γὰρ
2463 2325 2543 2377 δεῖ
2569 2325 2849 2395 συντόμως
2875 2327 3070 2389 εἰπεῖν,
3100 2325 3371 2395 συνθήκας
3401 2323 3540 2396 πρὸς

1960 2415 2089 2469 Θεὸν
2111 2413 2362 2483 δευτέρου
2391 2413 2504 2484 βίου
2529 2414 2624 2467 καὶ
2652 2413 2925 2475 πολιτείας
2957 2412 3369 2484 καθαρωτέρας.
3407 2413 3541 2465 ὑπο-

1960 2504 2193 2575 ληπτέον
2239 2504 2338 2575 τὴν
2388 2503 2481 2557 τοῦ
2528 2503 2902 2574 βαπτίσματος
2950 2503 3203 2575 δύναμιν.
3237 2505 3302 2556 Ὃ
3342 2502 3405 2573 δὴ
3447 2502 3544 2556 καὶ

1967 2598 2199 2670 μάλιστα
2232 2596 2513 2667 φοϐητέον,
2541 2596 2636 2649 καὶ
2676 2595 2825 2667 πάσῃ
2864 2594 3076 2666 φυλακῇ
3131 2594 3243 2664 (40)
3274 2592 3540 2665 τηρητέον

1962 2690 2060 2761 τὴν
2089 2688 2282 2742 ἑαυτοῦ
2325 2687 2500 2759 ψυχὴν
2532 2688 2780 2753 ἕκαστον,
2832 2689 2906 2759 μὴ
2955 2687 3187 2757 ψεῦσται
3229 2686 3327 2756 τῆς
3350 2684 3541 2754 ὁμολο-

1963 2781 2085 2850 γίας
2107 2780 2307 2851 ταύτης
2341 2778 2676 2850 φαινώμεθα.
2708 2780 2771 2832 Εἰ
2797 2778 2906 2849 γὰρ
2933 2778 3034 2841 τὰς
3063 2778 3197 2849 πρὸς
3223 2775 3544 2850 ἀνθρώπους

1964 2870 2251 2942 ὁμολογίας
2289 2870 2512 2938 ἐμπεδοῖ
2558 2870 2689 2934 Θεὸς
2731 2871 2891 2941 μέσος
2939 2869 3340 2941 παραληφθεὶς,
3375 2868 3543 2930 πόσος

1966 2962 1995 3013 ὁ
2017 2961 2277 3025 κίνδυνος,
2308 2955 2383 3014 ὧν
2412 2961 2547 3031 πρὸς
2584 2961 2746 3014 αὐτὸν
2790 2960 3023 3030 ἐθέμεθα
3064 2960 3155 3014 τὸν
3191 2960 3322 3014 Θεὸν
3347 2959 3545 3030 συνθη-

297 3061 541 3117 adhiberi
567 3059 761 3119 soleat,
789 3068 1071 3125 quantum,
1097 3068 1299 3121 qumso,
1332 3051 1629 3118 periculum
1653 3057 1758 3114 est,
1796 3064 1858 3105 ne

1968 3053 2101 3118 κῶν,
2124 3052 2333 3105 τούτων
2363 3052 2686 3123 παραϐάτας
2717 3052 3221 3122 εὑρίσκεσθαι·.καὶ
3273 3050 3347 3122 μὴ
3383 3049 3545 3122 μόνον

294 3151 499 3208 ῐωιιοτο
546 3165 669 3205 cum
703 3147 813 3202 Deo
844 3147 963 3214 ipso
1009 3154 1282 3198 contracta
1331 3139 1657 3210 perfregisse
1707 3155 1865 3210 repe-

300 3244 537 3307 riamur;
600 3254 685 3304 ac,
744 3247 940 3309 prmter
989 3234 1093 3288 alia
1145 3243 1385 3302 peccata,
1439 3232 1609 3301 ipsius
1653 3245 1866 3301 quoque

298 3332 562 3388 mendacii
618 3330 786 3399 aputh
814 3328 1059 3382 veritatis
1109 3325 1345 3378 tribunal
1380 3324 1458 3377 rei
1503 3323 1868 3392 peragamur?

301 3422 470 3489 quue
495 3434 619 3474 cum
643 3418 787 3472 nulla
807 3417 919 3486 jam
954 3415 1179 3485 posthac
1202 3413 1369 3466 altera
1401 3411 1739 3481 regeneratio
1773 3412 1864 3478 sit,

300 3525 401 3565 nec
442 3511 787 3572 instauratio,
823 3520 923 3562 nec
956 3505 1006 3558 in
1043 3516 1279 3559 veterem
1326 3511 1526 3556 statum
1574 3500 1867 3565 restitutio,

299 3603 595 3673 quamlibet
638 3599 871 3654 maxime
917 3612 1038 3652 eam
1095 3594 1274 3648 multis
1315 3608 1436 3646 cum
1489 3591 1777 3660 gemitibus
1816 3598 1871 3645 et

301 3693 556 3763 lacrytuis
603 3692 980 3760 requiramus:
1030 3687 1225 3757 quibus
1277 3686 1403 3740 licet
1445 3684 1675 3739 cicatrix
1726 3697 1869 3751 aegre

304 3786 522 3840 tandem
564 3782 882 3844 obducatur,
919 3779 1211 3847 utquidem
1247 3783 1365 3844 ipse
1411 3786 1590 3831 statuo
1637 3773 1872 3843 (obduci-

305 3885 391 3928 tur
427 3872 594 3939 enim,
649 3870 811 3939 idque
847 3882 1163 3936 persuasqu
1209 3867 1494 3930 habemus,
1526 3879 1588 3918 ac
1616 3862 1872 3933 praeclare

303 3979 515 4020 mecum
538 3961 623 4032 agi
655 3972 922 4031 putarem,
957 3958 1000 4010 si
1026 3958 1153 4025 ipsa:
1175 3969 1390 4025 quoque
1415 3955 1699 4006 vulnerum
1732 3961 1873 4006 nota:

305 4055 634 4115 delerentur,
661 4046 1098 4120 quandoquidem
1117 4055 1172 4099 et
1192 4046 1307 4114 ipse
1334 4042 1705 4097 misericordia
1736 4054 1874 4110 opus

306 4144 531 4208 habeo);
567 4150 786 4214 praestat
819 4150 995 4192 tamen
1022 4135 1255 4191 secunda
1292 4139 1612 4205 purgatione
1652 4132 1876 4186 minime

310 4236 573 4306 indigere,
616 4246 803 4287 verum
864 4231 919 4283 in
963 4229 1134 4299 prima
1185 4226 1499 4291 consistere,
1530 4239 1651 4294 qua:
1701 4223 1877 4278 omni-

306 4325 410 4383 bus
472 4322 775 4377 communis
841 4331 970 4385 est,
1059 4328 1117 4373 et
1203 4317 1387 4374 labore
1467 4330 1671 4380 vacua,
1740 4330 1875 4368 cun-

1965 3145 2073 3198 τῶν
2102 3144 2276 3200 ἄλλων
2325 3145 2756 3216 ἁμαρτημάτων,
2790 3143 2927 3198 ἀλλά
2971 3146 3067 3198 xui.
3102 3143 3266 3198 αὑτοῦ
3293 3142 3386 3197 τοῦ
3408 3143 3545 3213 ψεύ-

1966 3239 2091 3302 δους
2128 3236 2416 3300 ὑποδίκους
2462 3232 2602 3289 εἷναι
2653 3238 2720 3307 τῇ
2774 3236 3031 3307 ἀληθείῃ
3071 3236 3183 3289 Καὶ
3227 3234 3399 3289 ταῦτα
3444 3234 3548 3288 οὐκ

1967 3327 2131 3397 οὔσης
2182 3327 2440 3399 δευτέρας
2492 3328 2933 3398 ἀναγεννήσεως,
2987 3328 3108 3381 οὐδὲ
3169 3327 3542 3393 ἀνα-πλάσεως,

1967 3418 2088 3471 οὐδὲ
2130 3419 2209 3481 είς
2251 3416 2312 3469 τὸ
2358 3419 2583 3489 ἀρχαῖον
2626 3418 3138 3483 ἀποκαταστάσεως,
3176 3421 3281 3473 κᾶν
3315 3420 3399 3473 ὅτι
3438 3418 3547 3489 μά-

1969 3509 2125 3562 λιστα
2173 3509 2515 3581 ἐπιζητῶμεν
2546 3510 2747 3583 ταύτην
2784 3514 2843 3564 ἐν
2878 3511 3089 3575 πολλοῖς
3126 3514 3447 3583 στεναγμοῖς
3486 3528 3549 3564 τε

1971 3601 2066 3654 καὶ
2093 3600 2376 3670 δάκρυσιν,
2424 3601 2484 3666 ἐξ
2533 3596 2606 3656 ὧν
2636 3603 2961 3666 συνούλωσις
3007 3604 3106 3675 μὲν
3137 3603 3356 3675 ἔρχεται
3391 3603 3549 3674 μόγις

1971 3693 2115 3747 κατά
2142 3710 2205 3760 γε
2240 3694 2331 3747 τὸν
2377 3695 2510 3765 ἐμὸν
2554 3695 2679 3767 ὅρον
2718 3697 2813 3748 καὶ
2854 3696 3018 3765 νόμον
3052 3695 3290 3767 (ἔρχεται
3322 3694 3433 3766 γὰρ
3456 3695 3550 3748 καὶ

1974 3785 2301 3857 πιστεύομεν
2321 3804 2337 3818 θ
2368 3788 2415 3839 εἰ
2454 3788 2511 3840 δέ
2552 3789 2646 3841 καὶ
2682 3787 2779 3851 τὰς
2810 3787 2971 3852 οὐλὰς
3013 3787 3384 3859 ἐξαλείφωμεν
3408 3784 3549 3860 [41],

1973 3873 2237 3945 ἀγαπῴην
2261 3874 2347 3941 ἂν,
2369 3876 2556 3946 ἐπειδὴ
2577 3877 2671 3931 καὶ
2696 3877 2855 3942 αὐτὸς
2879 3877 3065 3950 χρῄζω
3093 3877 3283 3948 φιλανθ
3293 3875 3565 3949 ρωπίας)⁶ι

1975 3966 2114 4037 πλὴν
2148 3966 2222 4038 μὴ
2255 3967 2513 4038 δευτέρας
2536 3967 2792 4040 δεηθῆναι
2821 3970 3160 4041 καθάρσεως,
3193 3969 3330 4024 ἀλλά
3359 3968 3552 4039 στῆναι

1979 4060 2139 4131 μέχρι
2169 4059 2271 4129 τῆς
2310 4059 2531 4131 πρώτης
2564 4061 2803 4132 ἄμεινον,
2833 4064 2899 4134 ἣν
2938 4063 3123 4134 κοινὴν
3152 4058 3269 4116 οἶδα
3296 4064 3428 4116 πᾶσι
3457 4060 3553 4115 καὶ

1978 4148 2213 4218 άμοχθον
2265 4150 2358 4202 καὶ
2387 4150 2664 4220 ὁμότιμον,
2713 4152 2935 4217 δούλοις,
2981 4152 3290 4219 δεσπόταις,
3332 4151 3549 4222 πένησι,
3616 4212 3627 4217 _

1978 4239 2269 4304 πλουσίοις,
2304 4244 2605 4306 ταπεινοῖς,
2652 4242 2901 4311 ὑψηλοῖς,
2946 4242 3369 4313 εὐγενεστέροις,
3418 4242 3550 4309 ἀγε-

1979 4329 2271 4399 νεστέροις,
2297 4330 2599 4398 ὀφείλουσιν
2640 4332 2773 4399 (42),
2808 4334 2908 4388 οὐκ
2936 4333 3259 4402 ὀφείλουσιν,
3292 4333 3367 4397 ὡς
3391 4333 3554 4405 ἀέρος

308 4417 519 4484 ctisque
570 4429 637 4468 ex
676 4425 832 4482 atquo
871 4418 1053 4481 patet,
1097 4420 1201 4463 tam
1254 4408 1425 4463 servis
1493 4421 1657 4476 quam
1708 4406 1854 4460 heris

1981 4397 2229 4486 πνεῦσιν,
2260 4397 2355 4474 καί
2390 4423 2564 4491 φωτὸς
2612 4397 2789 4494 χύσιν,
2828 4425 2924 4478 καὶ
2968 4397 3127 4498 (iapth
3158 4424 3418 4493 ἀλλαγὰς,
3459 4397 3551 4478 καὶ

314 4512 429 4559 tam
517 4503 802 4575 egentibus
888 4516 1050 4571 quam
1138 4500 1405 4571 copiosis,
1487 4509 1595 4552 tam
1657 4496 1858 4566 abiecti:

1985 4509 2212 4574 κτίσεως
2249 4511 2397 4573 θέαν,
2432 4513 2525 4566 τοῦ
2572 4515 2809 4584 μεγάλου
2854 4517 2951 4570 καὶ
2993 4496 3173 4569 κοινοῦ
3208 4517 3373 4571 πᾶσιν
3423 4516 3554 4586 ἡμῖν

312 4611 478 4667 quam
520 4595 860 4659 sublimibus,
897 4606 1004 4649 tam
1035 4608 1232 4664 genere
1284 4592 1442 4646 claris
1479 4605 1639 4659 quam
1668 4591 1879 4662 ignobi-

1984 4601 2414 4673 ἐντρυφήματος,
2446 4605 2540 4658 καὶ
2570 4606 2871 4677 ἰσομοιρίαν
2899 4607 3134 4671 πίστεως
3163 4605 3296 4679 (45).

321 4691 466 4744 libus
505 4695 562 4742 et
589 4684 861 4750 obscuris,
906 4694 1015 4737 tam
1057 4698 1166 4737 aere
1207 4680 1382 4734 alieno
1420 4679 1696 4735 obstrictis
1736 4695 1897 4749 quam
1938 4683 2006 4740 iis
2031 4689 2122 4756 qui
2151 4688 2285 4745 nihil
2317 4692 2443 4745 aeris
2472 4692 2630 4747 alieni
2662 4695 2984 4761 cnnllarunt,
3014 4709 3122 4750 non
3183 4710 3340 4751 secus
3390 4705 3555 4767 atque

310 4780 456 4837 aeris
533 4778 781 4840 haustus,
859 4781 916 4830 et
963 4771 1101 4827 lucis
1141 4770 1421 4841 profusio,
1471 4778 1529 4825 et
1596 4782 1895 4839 temporum
1959 4776 2381 4847 vicissitudines,
2423 4790 2480 4837 et
2527 4798 2708 4838 rerum
2747 4796 3077 4851 creatarum,
3122 4786 3176 4843 id
3221 4796 3325 4853 est,
3376 4787 3555 4859 magni

248 4901 273 4936 ο
311 4870 456 4927 illius
485 4868 845 4938 omnibusque
878 4866 1184 4922 communis
1227 4863 1636 4932 oblectamenti,
1666 4865 2058 4939 spectaculum,
2093 4884 2158 4926 ac
2181 4871 2411 4943 denique
2444 4889 2600 4945 :equa
2625 4874 2748 4932 ﬁdei
2773 4878 2973 4946 portio.

414 5051 464 5086 ⁸⁸
493 5052 653 5107 Prov.
683 5064 837 5113 xvm,
872 5047 927 5102 5.

382 5208 496 5281 (57)
540 5209 611 5263 Ὃ
649 5207 727 5281 qn
756 5205 1009 5281 λέγεται.
1038 5199 1266 5281 [Διιιιόἰι
1313 5199 1378 5254 ad
1408 5200 1524 5281 haec
1560 5200 1883 5281 Proyerbio-

2049 5202 2167 5276 (40)
2201 5203 2376 5273 [Idem
2412 5201 2680 5274 φυλακῇ.
2713 5206 2768 5260 In
2794 5205 3059 5272 Prov..tv,
3087 5206 3178 5273 ‘23,
3218 5225 3239 5259 ι
3270 5205 3426 5264 Omni
3461 5224 3560 5265 cu-

313 5269 432 5334 ruiu
472 5269 627 5347 ivul,
659 5269 724 5343 '5,
750 5269 914 5331 verba
946 5289 960 5324 :
998 5290 1019 5324 ι
1052 5269 1274 5347 Impius,
1315 5285 1438 5325 cum
1474 5271 1527 5324 in
1556 5270 1880 5341 profundum
1978 5269 2155 5347 stadia
2180 5269 2454 5347 sel-{acor
2481 5269 2656 5329 tuum.
2695 5293 2716 5328 ι

313 5349 576 5415 malorum
603 5340 830 5412 venerit,
853 5340 1168 5415 contemnit.
1204 5358 1224 5392 ι

387 5409 711 5489 (58)Διττὴ
764 5409 864 5469 καὶ
914 5410 1316 5489 ὴηκάθαρσις.
1371 5428 1392 5462 ‹
1429 5409 1633 5479 Duplex
1671 5424 1884 5479 quoque

310 5481 563 5559 purgatio
603 5481 708 5546 est.
797 5500 878 5541 uae
911 5481 1119 5538 scilicet
1153 5493 1248 5549 per
1274 5494 1491 5546 aquam,
1529 5490 1584 5534 et
1621 5497 1744 5549 qua:
1790 5494 1886 5546 per

314 5558 595 5611 Spiritum.
620 5575 639 5609 ι
672 5502 826 5611 [lnge
850 5556 1056 5611 Aug.”
1094 5549 1304 5611 Corpus
1338 5553 1531 5611 tangit,
1561 5559 1617 5608 et
1643 5555 1878 5608 animam

314 5549 639 5638 Spiritum.)
672 5549 826 5611 Unde
850 5556 1056 5624 Aug.”
1094 5549 1304 5620 Corpus
1338 5553 1531 5623 tangit,
1561 5559 1617 5608 et
1643 5555 1878 5608 animam

314 5629 504 5683 abluit.
540 5644 559 5677 ι

387 5697 499 5769 (59)
535 5696 741 5767 Χωρίς.
778 5693 993 5762 Comm,
1028 5690 1172 5761 δίχα.

1984 5414 1998 5427 ι
2050 5343 2161 5412 (41)
2212 5342 2661 5413 Ἐξαλείςοωμθν.
2697 5345 2828 5415 Reg.
2867 5345 2960 5416 pb,
2990 5345 3152 5403 Coisl.
3192 5347 3217 5402 1
3260 5344 3557 5415 etCoutb.,

1982 5411 2353 5482 εξαλείφομεν.

2050 5482 2166 5557 (43)
2217 5482 2622 5557 105081101100)“;
2646 5483 2893 5557 Plerique
2914 5487 3094 5551 codd.,
3128 5486 3401 5557 ὄφλουσιν.

2061 5552 2172 5623 (45)
2209 5554 2548 5635 Πίστεωςτε
2583 5553 2750 5609 Fidei.
2792 5552 2827 5635 ιζ
2845 5554 3025 5620 Forte,
3066 5564 3125 5611 ut
3151 5552 3271 5613 cum
3302 5557 3559 5616 doctissi-

1988 5637 2078 5679 mo
2113 5637 2338 5680 censore
2359 5624 2730 5695 conjiciatuus,
2759 5624 2993 5696 φύσεως,
3026 5646 3047 5681 ι
3088 5639 3312 5684 naturae.
3355 5645 3378 5681 ι
