3902 6218
362 287 479 349 369

1297 297 1558 356 ORATIO
1596 301 1709 358 XL.
1752 334 1822 345 —
1861 304 1931 360 ΙΝ
1973 307 2303 369 SANCTUM
2340 313 2708 372 BAPTISMA.

3528 325 3634 383 570

434 410 516 468 8'.
563 413 753 510 Δεινδν
804 415 914 489 γὰρ
941 415 1093 510 Δἀντὶ
1141 416 1384 489 ἰατρείας
1437 421 1809 496 ἀπονωτέρας,
1857 425 1946 498 τὴν

2127 429 2218 487 IX.
2276 431 2454 490 Grave
2499 435 2645 490 enim
2702 441 2788 490 est
2842 433 3101 491 facilioris
3157 436 3440 496 medicinae
3490 441 3631 510 loco,

363 502 781 576 ἑπιπονωτέραν
822 504 1180 575 ἐργάσασθαι,
1213 508 1310 562 καὶ
1357 509 1776 582 ἀπορρίψαντας
1797 514 1957 585 χάριν

362 595 547 649 οῐκτου
577 599 875 666 χρεωστείν
912 596 1159 665 κόλασιν,
1196 599 1292 653 καὶ
1327 600 1674 676 ἀντιμετρείν
1714 608 1958 680 ἁμαρτίᾳ

360 685 671 757 διόρθωσιν.
717 687 890 741 Πόσον
930 689 1040 763 γὰρ
1082 692 1389 767 είσοίσομεν
1432 696 1686 769 δάκρυον,
1721 700 1787 753 ἵν’
1812 702 1959 755 ἀντι-

363 777 512 850 σωθῇ
538 780 605 847 τῇ
631 781 782 851 πηγῇ
812 778 908 833 τοῦ
939 780 1354 855 βαπτίσματος;
1386 789 1473 855 τίς
1510 791 1567 845 δὲ
1591 792 1620 848 ὁ
1660 792 1954 865 ἐγγυητὴς,

359 868 444 922 ὅτι
472 872 629 939 μενεῖ
644 870 742 942 τὴν
767 870 1064 943 θεραπείαν
1089 875 1154 929 τὸ
1178 877 1356 945 τέλος,
1380 881 1495 935 ἀλλ’
1515 882 1617 935 οὐκ
1643 883 1957 952 ὀφείλοντας

360 960 513 1031 ἡμᾶς
537 959 651 1032 (44)
675 961 842 1016 ἔτιτὸ
864 966 1148 1038 κριτήριον
1166 969 1503 1040 ὑποδέξεται,
1526 973 1622 1028 καὶ
1646 974 1746 1044 τῆς
1775 977 1956 1030 ἐκεῖσε

358 1050 651 1122 δεομένους
677 1054 1013 1127 πυρώσεως;
1037 1059 1114 1114 Σὺ
1156 1060 1256 1132 μὲν
1279 1061 1447 1136 δεήσῃ
1482 1064 1597 1139 (45)
1627 1064 1724 1119 τοῦ
1747 1067 1954 1121 Δεσπό-

358 1158 457 1196 του
496 1144 683 1215 τυχὸν,
724 1147 754 1199 ὁ
806 1147 972 1214 καλὸς
1014 1151 1110 1206 καὶ
1150 1151 1534 1226 φιλάνθρωπος
1573 1156 1838 1229 γεωργὸς,
1872 1157 1953 1210 ἔτι

361 1237 652 1308 φείσασθαι
698 1241 799 1312 τῆς
852 1242 1043 1313 συκῆς,
1099 1243 1194 1297 καὶ
1248 1245 1417 1317 μήπω
1456 1245 1658 1319 ταύτην
1703 1248 1953 1318 ἐκτεμεῖν

359 1332 775 1404 ἐγκαλουμένης)
802 1332 865 1386 τὸ
888 1332 1159 1405 ἄκαρπον,
1194 1334 1332 1390 ἀλλά
1363 1337 1781 1410 συγχωρηθῆναι
1807 1355 1958 1409 περι·

362 1423 549 1478 ϐαλεῖν
580 1424 803 1497 κόπρια,
830 1425 1060 1496 δάκρυα,
1085 1428 1443 1500 στεναγμοὺς,
1470 1429 1797 1500 ἀνακλήσεις
1817 1429 1950 1501 (46),

360 1515 685 1588 χαμευνίας,
737 1517 1066 1588 ἀγρυπνίας,
1121 1519 1277 1589 τῆξιν
1327 1520 1504 1594 ψυχῆς
1550 1521 1645 1574 καὶ
1680 1519 1949 1592 σώματος,

358 1608 461 1680 τὴν
491 1607 558 1660 δι’
581 1608 1009 1681 ὲξαγορεύσεως,
1039 1612 1133 1664 καὶ
1161 1613 1490 1687 ἀτιμοτέρας
1519 1614 1743 1684 ἀγωγῆς
1781 1614 1951 1667 ἐπαν-

357 1700 636 1772 όρθωσιν·,
663 1702 857 1775 άδηλον
888 1702 966 1770 δὲ,
1023 1706 1071 1757 εἰ
1098 1704 1340 1773 φείσεται
1370 1708 1571 1775 ταύτης
1601 1708 1629 1759 ὁ
1652 1706 1946 1777 Δεσπότης,

2059 521 2413 581 difﬁciliorem
2447 534 2502 581 et
2539 527 2908 583 molestiorem
2956 528 3237 597 adhibere,
3277 545 3343 586 ac
3391 533 3632 604 projecta

2062 616 2454 674 misericordiae
2500 620 2694 690 gratia,
2746 620 3023 691 suppliciis
3068 622 3305 692 seipsum
3338 623 3633 681 obnoxium

2058 707 2303 773 reddere,
2363 719 2527 779 atque
2580 727 2646 766 ex
2690 711 2876 768 delicti
2931 712 3143 768 ratione
3197 713 3632 772 emendationem

2056 812 2293 868 aequare.
2320 798 2593 867 Quantam
2643 803 2787 857 enim
2829 802 3191 874 lacrymarnm
3218 804 3325 858 vim
3356 804 3636 874 impende-

2056 903 2197 955 mus,
2250 899 2310 946 ut
2347 907 2411 947 ea
2460 906 2584 946 cum
2633 893 2885 963 baptismi
2938 895 3086 950 fonte
3122 895 3636 965 exmquaripossit!

2064 978 2199 1045 Quis
2221 989 2404 1036 autem
2450 997 2681 1053 sponsor
2728 986 2855 1050 erit,
2910 984 3043 1049 fore,
3079 995 3138 1041 ut
3164 987 3285 1042 vitae
3310 987 3431 1043 finis
3469 1003 3633 1044 cura-

2057 1070 2257 1125 tionem
2282 1082 2578 1142 exspectet,
2604 1088 2668 1130 ac
2717 1091 2823 1130 non
2870 1076 3050 1145 potius
3096 1077 3273 1133 adhuc
3304 1094 3413 1133 tere
3440 1078 3621 1133 alieno

2055 1173 2308 1228 pressos,
2347 1172 2510 1234 atque
2554 1166 2690 1235 ignis
2745 1166 2887 1222 illius
2923 1169 3117 1224 ardore
3141 1184 3276 1239 opus
3328 1169 3589 1226 habentes
3613 1210 3630 1234 ,

2057 1252 2296 1309 tribunal
2326 1253 2454 1311 illud
2482 1259 2784 1327 suscipiat?
2807 1258 2885 1313 Tu
2918 1262 3135 1329 quidem
3183 1261 3435 1329 fortasse,
3489 1263 3631 1317 bone

2052 1352 2107 1397 et
2133 1344 2366 1402 humane
2402 1347 2659 1417 agricola,
2707 1349 2992 1405 Dominum
3023 1352 3251 1423 supplex
3300 1352 3538 1423 rogabis,
3573 1362 3633 1407 ut

2054 1437 2294 1494 ficulnea:
2321 1440 2500 1495 adhuc
2528 1452 2715 1509 parcat
2739 1442 2805 1507 ⁸⁷,
2840 1457 2935 1498 nec
2966 1459 3085 1497 eam
3116 1444 3419 1499 sterilitatis
3448 1460 3615 1499 accu-

2052 1539 2226 1584 satam
2280 1533 2460 1587 adhuc
2506 1534 2769 1598 succidat,
2819 1551 3006 1590 verum
3066 1537 3159 1591 tibi
3213 1538 3514 1608 permittat,
3571 1545 3630 1590 ιιι

2051 1632 2291 1679 stercora
2325 1625 2559 1695 undique
2604 1626 2657 1680 in
2698 1643 2815 1680 eatn
2869 1626 3102 1695 injicias,
3149 1628 3252 1683 hoc
3296 1636 3403 1693 est,
3449 1627 3628 1697 lacry-

2052 1727 2192 1778 mas,
2221 1716 2477 1785 gemitus,
2512 1730 2723 1784 preces,
2760 1718 3133 1783 chameunias,
3162 1718 3397 1787 vigilias,
3432 1718 3627 1771 anima:

357 1791 439 1855 ὡς
490 1773 877 1866 καταργοῦσης
928 1794 1019 1847 τὸν
1071 1795 1236 1849 τόπον
1255 1837 1271 1861 ,
1324 1796 1485 1851 ἄλλου
1530 1773 1645 1869 (47)
1692 1773 1946 1867 δεομένου

2062 1814 2118 1859 et
2159 1806 2402 1872 corporis
2453 1809 2899 1874 macerationem,
2956 1825 3022 1863 ac
3066 1811 3297 1879 denique
3328 1809 3624 1863 correctio-

360 1883 807 1958 φιλανθρωπίας.
853 1886 951 1940 καὶ
995 1888 1280 1958 γινομένου
1323 1889 1564 1961 χείρονος
1617 1892 1681 1943 ἐκ
1724 1890 1823 1959 τῆς
1866 1890 1947 1953 είς

357 1974 548 2029 τοῦτον
582 1977 987 2048 μακροθυμίας.
1043 1979 1412 2050 Συνταφῶμεν
1455 1975 1548 2034 οὖν
1595 1978 1816 2052 Χριστῷ
1856 1979 1946 2033 διά

353 2067 455 2120 τοῦ
508 2067 903 2140 βαπτίσματος,
944 2070 1031 2124 ἵνα
1081 2071 1176 2124 καὶ
1211 2071 1662 2143 συναναστῶμενο
1711 2089 1948 2141 συγκατ-

359 2157 628 2230 έλθωμεν,
686 2161 774 2213 ἵνα
807 2161 902 2214 καὶ
930 2161 1363 2233 συνυψωθῶμεν·
1400 2163 1828 2235 συνανέλθωμεν,
1860 2165 1947 2219 ἵνα

363 2250 462 2305 καὶ
490 2252 956 2324 συνδοξασθῶμεν.

2056 1913 2180 1952 nem
2237 1913 2379 1960 eam.
2426 1916 2546 1970 quae
2593 1917 2659 1956 ex
2704 1901 2910 1970 peccati
2963 1901 3327 1967 confessione,
3379 1909 3624 1955 contem-

2048 1991 2317 2060 ptiorique
2332 1993 2496 2064 697
2521 1995 2643 2049 vitae
2662 2008 2858 2065 genere
2879 1995 3086 2048 eXsistit
3109 2011 3124 2061 ;
3148 2004 3203 2047 at
3228 1993 3489 2047 incertum
3519 1998 3626 2059 est,

2050 2096 2119 2135 an
2168 2081 2430 2138 Dominus
2477 2085 2552 2139 illi
2605 2094 2810 2159 parcet,
2861 2095 3045 2155 utpote
3091 2100 3211 2154 qua:
3247 2084 3409 2138 etiam
3446 2083 3624 2136 locum

2048 2173 2224 2228 oliose
2290 2188 2556 2245 occupet,
2614 2192 2735 2231 cum
2792 2178 3010 2232 interim
3067 2176 3205 2231 alius
3250 2175 3623 2231 misericordia

2051 2274 2225 2334 egeat,
2286 2275 2446 2336 atque
2488 2269 2556 2321 ob
2600 2269 3089 2339 longanimitatem,
3123 2284 3242 2338 qua:
3267 2267 3366 2337 ipsi
3397 2265 3624 2321 exhibe-

368 2351 478 2407 tur,
526 2342 764 2397 deterior
792 2344 906 2399 fiat.
937 2343 1189 2414 Proinde,
1229 2360 1353 2401 cum
1380 2345 1603 2404 Christo
1635 2363 1734 2419 per
1756 2350 2083 2419 baptismum
2132 2358 2477 2426 sepeliamur,
2546 2369 2604 2414 ut
2665 2370 2719 2415 et
2756 2377 2877 2415 cum
2919 2375 2984 2415 co
3016 2359 3429 2427 resurgamus’8
3456 2376 3472 2426 ;
3501 2374 3622 2413 cunt

356 2448 424 2489 eo
457 2435 870 2501 descendamus,
914 2444 973 2491 ut
1015 2437 1178 2492 simul
1215 2438 1381 2493 etiam
1449 2439 1810 2508 extollamur,
1841 2456 1964 2497 cum
2006 2460 2072 2501 eo
2121 2449 2515 2516 ascendamus,
2567 2456 2626 2503 ut
2707 2449 2868 2503 simul
2922 2463 3133 2519 quoque
3181 2448 3350 2518 gloria
3414 2449 3621 2506 allicia-

354 2544 506 2584 mur.

428 2623 488 2676 I'.
543 2621 667 2675 Ἐἀν
715 2637 797 2674 σοι
847 2620 1129 2694 προσϐάλῃ
1169 2625 1306 2694 μετά
1346 2624 1408 2678 τὸ
1441 2625 1721 2697 βάπτισμα
1766 2627 1796 2680 ὁ
1844 2625 1936 2681 τοῦ

355 2719 539 2789 φωτὸς
583 2717 819 2791 διώκτης
864 2718 960 2773 καὶ
1004 2718 1305 2790 πειραστῆς
1355 2717 1675 2787 (προσϐαλεί
1715 2717 1805 2771 δέ·
1849 2719 1942 2772 καὶ

354 2808 488 2879 γὰρ,
521 2810 616 2863 καὶ
651 2809 762 2881 (48)
816 2809 894 2881 τῷ
926 2809 1109 2879 Λόγῳ,
1162 2809 1256 2862 καὶ
1307 2806 1428 2878 Θεῷ
1480 2825 1583 2877 μου
1636 2808 1940 2880 προσέϐαλε

354 2900 448 2954 διά
480 2900 542 2954 τὸ
570 2900 854 2972 κάλυμμα,
896 2899 975 2971 τῷ
1023 2899 1254 2974 κρυπτῷ
1284 2901 1425 2969 φωτὶ
1462 2900 1550 2953 διὰ⁵
1587 2899 1649 2953 τδ
1683 2900 1941 2971 φαινόμε-

355 2991 495 3063 νον),
546 2991 690 3064 ἔχεις
732 2985 778 3060 ᾧ
831 2993 1103 3064 νικήσειςι
1150 2994 1226 3062 μὴ
1278 2992 1522 3063 φοϐηθῇς
1569 2992 1662 3045 τὸν
1729 2992 1936 3060 ἀγῶνα.

354 3054 640 3155 Προϐαλόῦ
668 3054 728 3138 τὸ
750 3054 917 3154 (ὓδωρ,
941 3054 1226 3156 προϐαλοῖέ
1247 3054 1309 3137 τό
1335 3054 1583 3153 [Iv-26pm,
1616 3086 1674 3136 ὲν
1767 3054 1943 3137 πάντα
1969 3054 2017 3115 C

359 3175 427 3228 τὰ
474 3173 602 3244 βέλη
647 3170 740 3226 τοῦ
771 3172 1017 3245 Πονηροῦ
1063 3173 1175 3245 (49)
1205 3172 1275 3226 τά
1314 3171 1686 3243 πεπυρωμένα
1717 3172 1944 3244 σϐεσθή-

357 3281 534 3319 σεται.
558 3264 785 3336 Πνεῦμα
834 3266 932 3336 μὲν
981 3264 1151 3331 ἐστιν,
1186 3263 1323 3319 ἀλλά
1369 3263 1585 3318 διαλύον
1618 3264 1718 3337 ὅρη
1744 3282 1757 3294 ·
1792 3264 1943 3335 ὕδωρ

359 3355 466 3427 μὲν
520 3355 688 3422 ἐστιν,
739 3355 875 3410 ἀλλὰ
935 3356 1107 3429 πυρὸς
1169 3356 1510 3426 σϐεστήριον.
1573 3356 1699 3410 Ἐὰν
1769 3373 1940 3427 προσ-

356 3445 500 3518 ϐάλῃ
527 3446 640 3518 (50)
664 3446 766 3518 τὴν
800 3448 987 3519 χρείαν
1024 3446 1143 3516 (καὶ
1176 3446 1286 3518 γὰρ
1316 3446 1558 3517 κάκείνῳ
1595 3445 1941 3518 τετόλμηκε),

356 3538 456 3591 καὶ
513 3536 648 3610 ζητῇ
704 3540 831 3604 τοὺς
894 3539 1077 3603 λίθους
1127 3539 1325 3609 ἄρτους
1379 3538 1663 3606 γενέσθαι,
1709 3538 1770 3592 τὸ
1820 3555 1943 3591 πει-

356 3631 473 3683 νείν
518 3628 630 3701 (51)
679 3629 1034 3701 ἐπιθέμενος·
1071 3629 1145 3701 μὴ
1181 3629 1461 3701 ἀγνοήσῃς
1505 3629 1671 3682 αὐτοῦ
1711 3629 1780 3683 τὰ
1819 3629 1944 3699 νοή-

360 3740 531 3795 ματα.
572 3723 792 3788 Δίδαξον
839 3722 876 3778 ἃ
911 3723 987 3795 μὴ
1039 3723 1353 3793 μεμάθηκε·
1387 3724 1478 3777 τὸν
1528 3723 1684 3792 λόγον
1732 3723 1945 3786 ἀντίθες

354 3815 453 3867 τὸν
475 3815 726 3881 ζωτικὸν,
754 3816 812 3879 ὃς
837 3808 986 3868 ἐστιν
1019 3814 1080 3880 ἐξ
1111 3814 1339 3886 οὐρανοῦ
1371 3816 1728 3886 πεμπόμενος
1761 3814 1942 3885 ἄρτος,

358 3906 459 3960 καὶ
503 3905 582 3976 τῷ
624 3908 816 3977 κόσμῳ
858 3907 921 3960 τὸ
967 3906 1065 3978 ζῇν
1110 3905 1489 3979 χαριζόμενος.
1532 3907 1657 3959 Ἐὰν
1711 3906 1821 3973 (59.)
1857 3905 1945 3958 διὰ

360 3997 669 4063 κενοδοξίας
694 3998 1020 4073 ἐπιϐουλεύῃ
1046 3999 1156 4069 (55)
1190 4015 1273 4052 σοι
1302 4000 1418 4070 (καὶ
1447 3999 1556 4070 γὰρ
1583 3998 1776 4069 ἐκείνῳ
1803 3997 1941 4069 [54],

361 4092 589 4160 ἀνάγων
644 4092 740 4146 ἐπὶ
786 4092 849 4146 τδ
896 4092 991 4146 τοῦ
1042 4092 1191 4164 ἱεροῦ
1240 4091 1556 4164 πτερύγιον,
1609 4090 1733 4154 καὶ,
1785 4089 1946 4154 ,βάλε

360 4184 628 4239 σεαυτὸν
658 4184 835 4250 κάτω,
863 4185 1060 4254 λέγων,
1097 4188 1177 4250 εἰς
1207 4184 1466 4250 ἐπίδειξιν
1508 4184 1608 4254 τῆς
1648 4182 1942 4253 θεότητος),

366 4277 445 4347 μὴ
489 4277 821 4349 ητενεχθῇς
860 4277 949 4331 διὰ
987 4280 1087 4349 τῆς
1138 4277 1444 4350 ὲπάρσεως.
1474 4278 1571 4329 ’Ἂν
1624 4277 1783 4331 τοῦτο
1831 4274 1941 4347 (55)

2115 2623 2184 2679 Χ.
2221 2622 2276 2678 Si
2309 2631 2360 2677 te
2388 2622 2608 2679 luminis
2656 2635 2969 2694 persecutor
3001 2634 3054 2680 et
3095 2634 3329 2680 tcntator
3366 2635 3486 2696 post
3520 2629 3620 2681 ba-

2045 2718 2300 2788 ptismum
2327 2717 2550 2772 adortus
2578 2715 2742 2772 fuerit
2774 2718 2853 2789 (et
2888 2727 3035 2773 certe
3064 2719 3372 2786 adorietur;
3407 2736 3528 2773 nam
3569 2729 3625 2774 et

2049 2806 2315 2873 Verbum,
2346 2817 2401 2860 et
2451 2806 2620 2861 Deum
2662 2821 2861 2875 meum,
2899 2818 3117 2878 propter
3150 2810 3330 2865 carnis
3377 2809 3621 2864 velamen

2046 2911 2358 2967 oppugnare
2382 2912 2669 2968 aggressus
2696 2908 2800 2963 est,
2827 2899 3027 2965 lumen,
3058 2901 3296 2969 inquam,
3326 2899 3454 2954 illud
3490 2901 3619 2954 abs-

2045 2991 2352 3055 conditum,
2395 3001 2617 3061 pr0pter
2661 2991 3046 3045 humanitatem
3097 3005 3215 3060 quae
3262 2990 3317 3044 in
3345 3000 3622 3061 aspectum

2047 3079 2249 3152 cadit);
2285 3081 2454 3136 habes
2481 3098 2586 3151 quo
2617 3098 2740 3136 eum
2775 3097 3034 3151 superes;
3066 3097 3131 3136 ne
3159 3091 3429 3137 certamen
3455 3080 3624 3135 refor-

2045 3173 2238 3227 mides.
2272 3172 2481 3244 Aquam
2510 3175 2770 3230 adversus
2799 3188 2921 3229 eum
2954 3188 3185 3244 oppone,
3214 3188 3425 3243 oppone
3452 3171 3623 3241 Spiri-

2046 3282 2180 3341 tum,
2212 3273 2264 3327 in
2305 3288 2411 3341 quo
2450 3274 2615 3344 ignita
2651 3273 2831 3329 omnia
2878 3271 3030 3341 pravi
3080 3270 3223 3325 illius
3272 3269 3374 3325 tela
3410 3269 3620 3323 exstin-

2046 3378 2278 3437 guentur
2304 3366 2369 3420 ⁸⁸.
2403 3365 2637 3437 Spiritus
2668 3366 2885 3436 quidem
2918 3374 3022 3427 est,
3066 3378 3254 3418 verum
3283 3361 3375 3431 qui
3408 3373 3621 3417 montes

2046 3455 2322 3509 dissolvat.
2353 3454 2519 3524 ’Aqua
2565 3454 2779 3524 quidem
2813 3464 2916 3520 est,
2950 3455 3043 3509 sed
3087 3467 3207 3522 qua:
3237 3451 3376 3522 ignis
3412 3452 3623 3505 exstin-

2045 3544 2237 3615 gueudi
2263 3544 2366 3597 vim
2396 3544 2609 3598 habeat.
2637 3541 2693 3596 Si
2723 3540 2955 3611 inopiam
2986 3541 3079 3594 tibi
3105 3536 3444 3609 prOposuerit
3473 3536 3620 3606 (nam

2045 3636 2147 3690 hoc
2191 3650 2404 3705 quoque
2451 3634 2668 3690 Christo
2712 3648 3011 3703 proponere
3055 3647 3161 3687 non
3203 3628 3511 3694 dubitavit),
3558 3642 3623 3681 ac

2047 3727 2242 3780 famem
2282 3725 2351 3780 ob
2378 3727 2561 3780 oculus
2588 3742 2822 3796 ponens,
2855 3724 3164 3795 postularit,
3206 3732 3263 3778 ul
3294 3722 3499 3790 lapides
3525 3734 3623 3789 pa-

2047 3834 2141 3873 ncs
2173 3819 2398 3885 fiant”;
2425 3836 2492 3874 ne
2518 3819 2659 3873 illius
2688 3820 3042 3889 cogitationes
3076 3818 3312 3887 ignores.
3344 3814 3484 3869 Doce
3502 3826 3623 3882 qua:

2049 3926 2151 3964 non
2184 3911 2410 3974 didicit;
2459 3927 2667 3981 nppone
2712 3911 2930 3965 vitalem
2980 3912 3125 3965 illum
3178 3921 3505 3970 sermonem,
3531 3905 3622 3974 qui

2048 4003 2203 4071 panis
2224 4012 2304 4056 est
2331 4003 2543 4059 caelitus
2569 4004 2784 4066 missus,
2803 4018 2864 4056 ac
2893 4001 3093 4055 mundo
3114 4000 3278 4053 vitam
3306 3998 3529 4069 largitur
3551 3996 3621 4051 ⁹¹.

2049 4089 2104 4144 Si
2139 4090 2232 4144 tibi
2265 4106 2357 4159 per
2390 4093 2602 4145 inanem
2630 4092 2856 4161 gloriam
2884 4090 3104 4145 insidias
3135 4088 3384 4142 moliatur
3414 4086 3622 4156 (quem-

2048 4182 2332 4235 admodum
2389 4193 2444 4237 et
2500 4184 2594 4244 illi,
2631 4199 2751 4237 cum
2799 4183 2851 4237 in
2899 4182 3080 4252 templi
3109 4179 3459 4251 pinnaculum
3502 4193 3622 4233 eum

2047 4273 2263 4327 sustulit
2291 4290 2354 4328 ac
2387 4276 2519 4328 dixit
2547 4295 2559 4330 :
2597 4274 2811 4345 Projice
2841 4285 2888 4328 te
2912 4275 3154 4328 deorsum
3176 4272 3244 4335 θ’,
3290 4279 3348 4325 ιιι
3378 4270 3607 4325 divinita

360 4368 502 4439 λάϐῃ
524 4409 540 4435 ,
573 4370 636 4423 οὐ
678 4370 841 4442 μέχρι
888 4368 1076 4423 τούτου
1106 4371 1384 4442 στήσεται.
1413 4367 1722 4438 Ἀπληστός
1766 4369 1934 4431 ἐστιν,

2054 4366 2118 4419 Iis
2156 4367 2424 4435 specimen
2451 4367 2626 4437 edas),
2652 4383 2719 4422 ne
2760 4381 2858 4439 per
2895 4365 3061 4420 animi
3092 4362 3377 4420 elationem
3409 4362 3599 4431 dejicia

360 4461 446 4524 είς
492 4461 670 4515 πάντα
708 4461 1019 4533 ἐπέρχεται.
1063 4461 1243 4514 Σαίνει
1280 4461 1380 4532 μὲν
1413 4460 1492 4532 τῷ
1535 4459 1756 4531 χρηστῷ
1807 4458 1940 4529 (56),

358 4553 589 4624 τελευτᾷ
626 4553 682 4606 δὲ
719 4556 796 4616 είς
829 4553 1086 4626 πονηρόν.
1132 4546 1302 4617 Οὗτος
1346 4550 1512 4607 αὐτοῦ
1559 4552 1659 4621 τῆς
1710 4551 1890 4621 μάχης
1914 4550 1943 4602 ὁ

358 4643 583 4715 τρόπος.
619 4643 778 4697 Ἀλλά
804 4646 897 4697 καὶ
922 4643 1156 4715 Γραφῶν
1182 4644 1442 4716 ἔμπειρος
1467 4645 1495 4696 ὁ
1519 4642 1740 4713 λῃστὴς.
1779 4641 1944 4694 Ἐκεῖ-

359 4733 457 4787 θεν
495 4734 577 4800 τὸ,
614 4734 973 4804 Γέγραπται,
1020 4736 1148 4807 περὶ
1197 4734 1291 4788 τοῦ
1341 4736 1538 4805 ἄρτουο
1586 4731 1833 4785 ἐντεῦθεν
1861 4732 1943 4794 τὸ,

359 4823 731 4894 Γέγραπται,
780 4827 910 4898 περὶ
955 4826 1064 4879 τῶν
1117 4824 1385 4896 ἀγγέλων.
1426 4822 1760 4895 Γέγραπται
1810 4820 1941 4891 γὰρ,

434 4987 482 5020 ⁸⁷
502 4987 636 5069 Luc.
663 5005 784 5054 xm,
825 4990 878 5045 8.
956 4989 1001 5022 ⁸⁸
1029 4989 1187 5044 Rom.
1226 5004 1298 5054 vt,
1329 4989 1381 5044 4.
1459 4990 1504 5022 δ’
1536 4988 1731 5058 Ephes.
1752 5003 1825 5053 rt,
1862 4987 1946 5042 16.

2054 4989 2069 5019 θ
2098 4984 2289 5039 Matth.
2326 5001 2397 5049 tv,
2433 4985 2485 5038 5.

434 5120 550 5195 (ξιξ)
601 5120 801 5195 Ἠμᾶς.
834 5122 993 5195 Deest
1019 5123 1342 5195 inpluribus
1367 5124 1531 5195 Regg.
1557 5135 1612 5179 et
1648 5124 1799 5181 Colb.

434 5192 551 5267 (ιιξι
589 5191 809 5267 sativa.
839 5193 973 5267 μοι.
996 5193 1335 5267 εε,δεηθήσῃς

435 5262 551 5327 (46)
601 5261 1008 5329 Ἆνακλήσεις.
1032 5261 1198 5317 Coisl.
1228 5261 1641 5329 ’1,’ἆνακλίσεις.

435 5331 549 5401 (47)
592 5333 833 5387 Ἀλλου.
862 5333 917 5386 In
940 5333 1281 5401 quibusdam,
1306 5333 1420 5387 ἀλλ’
1445 5335 1528 5388 οὐ.

434 5400 549 5473 (48)
586 5402 719 5473 Καί.
753 5403 905 5456 Deest
944 5400 996 5456 in
1024 5404 1194 5457 tribus
1220 5403 1389 5473 Regg.

434 5471 553 5543 (49)
588 5472 747 5540 Βέλη
781 5474 889 5528 τοῦ
921 5471 1598 5543 Homoii.Sic_quatuor
1621 5473 1809 5543 Regg.,
1843 5491 1939 5529 no-

360 5542 486 5595 vem
516 5542 696 5622 Colb.,
731 5543 836 5597 duo
859 5544 1049 5619 coisl.,
1076 5556 1184 5600 etc.
1226 5542 1399 5599 Prave
1437 5543 1490 5598 in
1525 5546 1636 5612 ed.,
1666 5542 1804 5618 μέλη
1844 5546 1938 5600 τοῦ

360 5628 935 5802 Σέξῖᾌροσϐάλῃ.
978 5683 1148 5758 neas.
1196 5685 1307 5752 bm.
1353 5684 1421 5754 rb
1467 5693 1519 5740 οι
1558 5685 1767 5753 (ίοίυδν
1810 5704 1941 5759 πΡ⁰“

2054 4458 2149 4511 ris.
2187 4457 2318 4511 Nunt
2364 4460 2409 4513 si
2453 4460 2552 4514 hoc
2576 4461 2820 4526 cvicerit,
2853 4473 3192 4529 nequaquam
3224 4459 3313 4514 hic
3345 4457 3622 4512 consistet.

2049 4546 2391 4619 lnexplebiiis
2437 4561 2541 4616 cst,
2570 4551 2636 4604 ad
2684 4552 2865 4605 omnia
2910 4560 3210 4621 grassatur.
3271 4547 3622 4618 Benignitatis

2050 4642 2264 4709 quidem
2291 4644 2470 4712 specie
2503 4644 2860 4711 lenocinatur,
2879 4659 3066 4698 verum
3100 4644 3152 4696 in
3179 4642 3378 4697 malum
3407 4639 3624 4695 desinit.

2052 4730 2175 4786 ilzrc
2203 4742 2285 4787 est
2310 4734 2451 4788 illius
2481 4735 2754 4805 pugnandi
2787 4734 2945 4788 ratio.
2983 4736 3160 4802 Atque
3187 4733 3348 4786 etiam
3386 4728 3628 4797 Scriptu-

2052 4839 2235 4878 ratttm
2263 4827 2469 4893 peritus
2504 4837 2586 4881 est
2636 4827 2724 4881 hic
2766 4826 2927 4880 latro.
2970 4824 3109 4879 llinc
3149 4824 3277 4878 illud
3302 4862 3317 4888 ,
3359 4821 3625 4890 Scriptum

2562 4985 2605 5016 ⁹¹
2640 4984 2797 5039 Joau.
2826 4999 2900 5051 vt,
2928 4982 3018 5037 55.
3082 4981 3127 5012 ’³
3150 4978 3337 5033 Matth.
3371 4992 3447 5043 tv,
3474 4976 3529 5031 6.

2086 5124 2230 5205 _(5l)
2276 5121 2347 5203 Td
2382 5120 2629 5176 πεινεῐν.
2685 5120 2775 5175 Sic
2804 5119 2939 5189 Reg.
2982 5118 3052 5188 ph
3079 5125 3133 5171 et
3157 5113 3321 5170 Coisl.
3348 5114 3401 5167 1.
3426 5113 3482 5167 In
3510 5116 3622 5181 ed.,

2043 5213 2122 5260 τῳ
2152 5210 2364 5260 πεινῆν.

2094 5247 2230 5329 ’(52)
2284 5247 2437 5315 iactr.
2465 5260 2557 5314 ον.
2602 5261 2617 5313 l
2656 5258 2825 5324 addit,
2856 5259 2933 5313 δέ.

2117 5326 2230 5402 (55)
2284 5334 2702 5402 Ἐπιϐουλεύῃ.
2730 5330 2783 5382 In
2817 5326 3107 5402 nonnullis,
3135 5326 3517 5402 ἐπιϐουλεόσῃ.

2119 5398 2228 5473 (54)
2267 5402 2537 5473 Καὶυτάρ
2580 5401 2805 5473 ἐκείνῳ.
2843 5400 2933 5452 Sic
2966 5398 3146 5473 plures
3180 5400 3336 5473 cudd.
3392 5398 3523 5473 Reg.
3563 5412 3625 5473 _c,

2051 5466 2310 5545 κάκείνῳ.
2376 5466 2655 5536 Nonnulli,
2723 5466 2993 5523 κάκεῖνον.
3061 5468 3118 5521 ltt
3178 5469 3295 5535 ed.,
3361 5469 3451 5523 καὶ
3516 5466 3624 5542 γὰρ

2052 5548 2244 5600 ἐκεῖνο.

2121 5617 2232 5685 (55)
2277 5611 2648 5685 Τοῦτοηῐῖςε.
2679 5611 2768 5685 ph,
2797 5610 3008 5685 τούτομ.

2121 5679 2234 5758 (56)
2273 5682 2540 5754 Χρηστῷ.
2568 5679 2700 5739 Tres
2728 5683 2902 5750 Colb.,
2930 5679 3169 5753 Χριστῷ.
