3902 6218
269 312 373 371 371
1238 330 1243 337 '
1507 318 1566 377 S.
1607 319 1878 376 GREGOB

1993 316 2316 376 l‘HEOLOGl
3416 316 3528 377 ’5⁷2

274 442 375 495 est,
403 429 472 485 de
502 443 640 499 pane
667 445 683 484 :
713 428 840 484 hinc
862 427 1018 497 fistud
1039 468 1054 498 ,
1087 430 1350 502 Scriptum
1380 445 1453 488 est
1478 474 1494 500 ,
1521 436 1587 490 de
1617 435 1844 506 angelis.
1875 490 1878 498 ,

1993 437 2135 509 ησὶν,
2171 436 2261 490 ὅτι
2312 436 2438 501 τοῖς
2466 434 2743 505 ἀγγέλοις
2783 433 2970 488 αυτοῦ
3013 433 3336 489 ἐντελεῖται
3386 434 3522 502 περὶ

279 520 547 589 Scriptum
573 530 648 573 est
675 521 809 573 enim
830 558 848 583 ,
876 521 1082 590 inquit,
1107 523 1234 592 quia
1259 523 1456 593 angelis
1484 527 1595 579 suis
1622 525 1847 579 manda-

1994 529 2088 591 οῦ,
2118 527 2214 581 καὶ
2255 527 2355 580 ἐπὶ
2399 524 2614 596 χειρῶν
2644 524 2865 594 ἁροῦσί
2915 537 3007 579 σε.
3033 523 3106 578 *Ω
3156 526 3384 595 σοφιστά
3421 528 3526 598 τῆς

279 612 352 664 vit
377 612 441 663 de
466 621 534 673 te,
565 612 691 665 etin
718 613 957 666 manibus
981 615 1261 682 portabunt
1284 623 1332 669 te
1351 615 1419 670 ’³.
1460 617 1505 672 0
1531 617 1641 670 vitii
1663 619 1848 686 sophi-

1993 616 2149 679 ακίας
2177 615 2323 686 (57)·
2363 614 2480 678 πῶς
2514 612 2574 667 τὸ
2608 615 2735 686 ἑξῆς
2773 615 3200 687 ὑπεκράτησαςς
3235 616 3383 670 Πάνυ
3419 617 3524 686 γὰρ

279 711 360 755 sta
384 702 397 755 ί
425 702 703 769 Quomodo
736 705 808 766 id,
834 707 975 774 quod
1009 707 1272 773 sequitur,
1300 709 1688 778 suppressisti?
1716 708 1852 781 (Hoc

1993 709 2056 762 οῶ
2087 708 2245 761 τοῦτο
2292 708 2425 778 (58),
2466 706 2568 760 κᾶν
2616 708 2779 771 αὐτὸς
2824 708 3217 779 ἀποσιωπήσῃς
3250 706 3363 779 (59)
3442 706 3525 760 ὅτι

282 793 427 845 enim
460 792 628 862 probe
664 794 925 864 intelligo,
961 795 1171 851 etiamsi
1216 798 1330 866 ipse
1377 797 1713 870 reticueris);
1770 803 1852 853 ni-

1993 799 2048 851 πὶ
2079 798 2176 869 τὴν
2207 797 2409 851 ἀσπίδα
2440 813 2499 848 σε
2533 796 2625 848 καὶ
2663 796 2754 848 τὸν
2804 794 3114 866 βασιλίσκον
3162 795 3523 867 ὲπιδήσομαι,

281 883 503 949 mirum,
534 885 675 952 quod
709 900 871 955 super
901 887 1142 956 aspidem
1172 897 1223 943 te
1243 897 1299 942 et
1325 888 1633 944 basiliscum
1666 905 1853 944 ascen-

1993 885 2049 937 αὶ
2098 885 2468 955 καταπατήσω
2498 883 2607 953 (60)
2654 882 2840 936 ἐπάνω
2876 884 3050 953 ὄφεων
3085 885 3182 939 καὶ
3227 885 3523 956 σκορπίων,

285 974 430 1040 dam,
455 984 509 1029 et
542 975 758 1029 calcabo
783 991 946 1046 super
976 989 1254 1048 serpentes
1282 989 1336 1035 et
1379 982 1708 1050 scorpiones,
1729 980 1854 1036 Tri-

1993 980 2025 1048 ᾖ
2061 976 2251 1048 Τριάδι
2272 975 2690 1046 τετειχισμένος.
2724 975 2848 1028 Ἐἀν
2876 975 2933 1041 ἐξ
2963 974 3268 1048 ἀπληστίας
3284 994 3529 1031 καταπα-

287 1065 458 1120 nitate
480 1066 728 1120 videlicet
758 1077 941 1138 sepius
966 1078 1022 1122 et
1050 1071 1436 1126 communitus.
1473 1072 1530 1127 Si
1552 1088 1648 1143 per
1673 1073 1854 1126 avari-

1993 1069 2085 1141 αίῃ
2147 1086 2229 1130 σε,
2278 1069 2458 1130 πάσας
2509 1065 2874 1121 ὑποδεικνύων
2932 1065 3031 1129 τὰς
3091 1066 3403 1137 βασιλείας,
3452 1068 3531 1131 ὼς

286 1154 416 1209 tiam
478 1164 530 1210 te
585 1168 877 1228 oppugnet,
932 1175 1038 1215 uno
1086 1164 1344 1231 temporis
1389 1175 1663 1219 momento
1697 1173 1858 1232 atque

1993 1159 2107 1231 ὑτῷ
2158 1160 2548 1232 διαφερούσας,
2600 1161 2660 1212 ἐν
2724 1159 2825 1229 μιᾷ
2877 1156 3069 1230 καιροῦ
3128 1175 3189 1210 τε
3241 1161 3379 1229 ῥοπῇ
3436 1156 3530 1211 καὶ

286 1248 503 1311 obtutu,
534 1263 697 1317 regna
740 1251 945 1315 orunia,
981 1251 1126 1305 velut
1151 1252 1217 1307 ad
1246 1266 1304 1307 se
1346 1253 1650 1316 attineutia,
1673 1262 1857 1309 osten-

1993 1252 2153 1321 ψεως,
2194 1251 2438 1305 ἀπαιτῶν
2467 1251 2565 1322 τὴν
2606 1250 3007 1323 προσκύνησιν·
3037 1249 3114 1313 ὡς
3157 1249 3389 1322 πένητος
3429 1266 3531 1302 κα-

288 1340 443 1400 dens,
494 1348 654 1409 atque
702 1338 1070 1396 adoratione'm
1116 1359 1146 1398 a
1205 1344 1452 1415 te698
1500 1346 1749 1412 exigens,
1802 1354 1862 1399 ut

1995 1343 2319 1414 αφρόνησον.
2354 1342 2525 1407 Εἰπὲ,
2578 1345 2643 1414 τῇ
2696 1342 2949 1414 σφραγῖδι
2996 1340 3305 1413 θαρρήσας·
3352 1338 3533 1394 Είκών

291 1446 578 1502 pauperem
636 1442 938 1487 contemne.
994 1434 1125 1502 Dic,
1161 1437 1439 1505 signaculo
1477 1437 1687 1491 fretus:
1744 1434 1864 1507 Ipse

1995 1436 2079 1504 ίμι
2105 1434 2199 1487 καὶ
2240 1433 2400 1497 αὐτὸς
2431 1432 2566 1486 Θεοῦ
2585 1450 2599 1462 ο
2629 1432 2730 1502 τῆς
2764 1432 2878 1485 ἀνω
2912 1431 3070 1502 δόξης
3097 1430 3249 1485 οὔπω
3271 1433 3337 1485 δι’
3366 1432 3535 1504 ἐπαρ-

288 1540 504 1594 quoque
544 1527 633 1581 Dei
664 1530 838 1600 imago
868 1543 984 1583 smn
1013 1546 1025 1580 :
1060 1527 1319 1593 nondum,
1358 1539 1416 1583 ut
1456 1538 1529 1593 tu,
1572 1546 1603 1583 a
1630 1543 1863 1600 superna

1993 1538 2069 1591 ειν,
2111 1525 2300 1596 ῶσπερ
2337 1527 2423 1589 σὺ,
2468 1524 2879 1597 καταϐέϐλημαι
2902 1541 2916 1555 ⁸
2952 1525 3185 1596 Χριστὸν
3215 1525 3531 1596 ὲνδὲδυμαι·

290 1617 456 1685 gloria
480 1630 698 1688 prepter
724 1621 1032 1689 superbiam
1060 1619 1304 1687 deiectus
1336 1637 1453 1675 sum
1490 1640 1503 1675 :
1540 1620 1759 1677 Christo
1782 1623 1865 1677 in-

1993 1618 2203 1688 ίριστὸν
2256 1618 2700 1688 μεταπεποιημαι
2757 1616 2836 1688 τῷ
2895 1616 3266 1688 βαπτίσματιο
3328 1618 3391 1671 σύ
3462 1634 3534 1690 με

293 1708 453 1764 dutus
492 1724 610 1765 sum
648 1729 663 1764 :
704 1710 976 1765 Christum
1017 1711 1145 1764 mihi
1181 1726 1277 1780 per
1319 1713 1642 1782 baptismum
1689 1715 1864 1768 vindi-

1993 1707 2363 1780 προσκύνησον.
2404 1708 2820 1774 Ἀπελεύσεται,
2861 1708 3047 1779 σαφῶς
3086 1705 3202 1763 οἶδα
3245 1709 3376 1781 (61),
3410 1710 3537 1764 τούο

292 1801 409 1854 cavi
442 1818 456 1854 :
486 1811 539 1854 tu
575 1816 661 1855 me
696 1802 807 1868 ipse
833 1804 1017 1854 adora.
1057 1800 1151 1855 llis
1182 1802 1361 1855 verbis
1384 1841 1399 1865 ,
1431 1803 1558 1855 mihi
1591 1804 1781 1869 crede,
1809 1813 1868 1858 ut

1993 1778 2081 1864 rei;
2109 1778 2408 1870 ἡττημένος
2436 1800 2529 1853 καὶ
2553 1798 2921 1870 ᾐσχυμμένος,
2948 1778 3138 1871 ὥσπερ
3161 1778 3268 1853 ἀπο
3299 1797 3541 1872 Χριστοῦ

294 1906 326 1945 a
358 1890 572 1946 Christo
591 1892 765 1960 primo
801 1892 1021 1954 lumine,
1055 1892 1124 1945 ita
1162 1894 1229 1946 ab
1265 1893 1350 1955 iis,
1381 1893 1471 1963 qui
1502 1897 1570 1948 ab
1602 1896 1719 1963 ipso
1741 1896 1868 1949 illu-

1993 1891 2061 1945 τοῦ
2104 1891 2318 1963 πρώτου
2350 1891 2548 1959 φωτὸς,
2575 1891 2715 1945 οὓτω
2744 1892 2852 1945 τῶν
2913 1893 3006 1946 ἀπ’
3049 1892 3255 1945 ἐκείνου
3298 1908 3541 1960 πεφωτιο

296 1983 484 2037 minati
512 1995 657 2045 sunt,
689 1983 856 2036 victus
890 1998 952 2035 ac
991 1983 1306 2049 pudefactus
1353 1986 1588 2039 recedet.
1629 1987 1754 2041 llaec
1778 1989 1871 2044 be.

1993 1984 2201 2056 πμένων.
2228 1983 2467 2039 Τοιαῦτα
2495 1984 2557 2037 τὸ
2586 1984 2807 2054 λουτρὸν
2851 1987 2964 2048 τοῖς
2993 1984 3322 2055 ᾑσθημένοις
3369 1981 3537 2038 αὐτοῦ

298 2073 489 2127 uelicia
508 2074 779 2127 lavacrum
801 2073 1067 2151 all'ertniis,
1090 2077 1178 2146 qui
1211 2077 1378 2145 ipsius
1399 2078 1501 2131 vim
1530 2090 1826 2146 agnoscunt
1851 2099 1867 2136 :

298 2167 399 2219 has
450 2165 538 2230 iis,
589 2166 681 2234 qui
715 2165 968 2221 laudabili
1013 2166 1157 2222 fame
1200 2168 1478 2234 laborant,
1525 2170 1709 2239 epulas
1747 2187 1871 2242 pro-

297 2257 468 2325 ponit.

374 2347 468 2402 XI.
500 2347 847 2418 Baptizemur
869 2349 1068 2420 itaque,
1090 2362 1151 2406 ut
1174 2351 1452 2407 victoriam
1479 2352 1868 2425 assequamur:

298 2438 604 2495 lustralium
649 2457 912 2511 aquarum
953 2444 1241 2513 participes
1278 2446 1476 2512 simus,
1512 2460 1631 2515 quae
1654 2455 1709 2501 et
1741 2449 1870 2520 hys-

299 2548 486 2603 sopum
546 2536 857 2605 extergendi
908 2535 1163 2591 facultate
1216 2549 1513 2606 superant,
1560 2551 1615 2594 et
1646 2540 1870 2611 legalem

301 2626 617 2692 sanguinem
661 2627 893 2694 puritate
914 2667 929 2691 ,
970 2639 1023 2681 et
1067 2627 1244 2683 vitula:
1273 2630 1510 2685 cinerem
1544 2633 1827 2686 sanctitate
1854 2674 1869 2699 ,

300 2713 613 2781 inquinatos
651 2714 900 2771 homines
936 2719 1270 2787 aspergentis
1297 2717 1364 2781 9‘,
1400 2734 1463 2772 ac
1502 2720 1716 2773 brevem
1748 2735 1871 2774 cor-

300 2805 449 2873 poris
490 2806 861 2875 purgationem
894 2806 1205 2874 allerentis,
1249 2824 1352 2863 non
1385 2818 1559 2863 autem
1595 2819 1872 2879 peceatum

302 2911 527 2964 prorsus
544 2897 609 2953 de
641 2899 817 2953 medio
850 2899 1106 2953 tollentis.
1135 2900 1272 2965 Quid
1297 2900 1438 2954 enim
1466 2901 1785 2970 purgatione
1808 2900 1873 2956 iis

238 2982 245 2993 ί
300 3004 436 3057 opus
469 2998 632 3053 esset,
669 2991 762 3057 qui
787 2990 953 3044 semel
988 2991 1195 3061 purgati
1226 2990 1503 3045 fuissent?
1529 2990 1874 3059 Baptizemur

1969 2075 2282 2148 χαρίζεται’
2319 2076 2574 2147 τοιαύτην
2619 2076 2894 2131 ποοτείνει
2933 2079 3047 2141 τοῖς
3089 2075 3273 2140 καλῶς
3314 2076 3546 2136 πεινῶσι

1970 2169 2070 2241 τὴν
2096 2167 2431 2223 πανδαισίαν.

2041 2348 2145 2402 IA'.
2184 2346 2576 2418 Βαπτισθῶμεν
2611 2339 2724 2413 οῦν,
2753 2345 2839 2401 ἵνα
2872 2335 3215 2420 νικήσωμενο
3265 2347 3551 2418 μετάσχω-

1976 2454 2074 2510 μεν
2126 2437 2442 2510 καθαρσίων
2492 2438 2719 2503 ὑδάτων,
2776 2436 3030 2491 ὑσσώπου
3092 2437 3541 2509 ρυπτικωτέρων,

1973 2529 2203 2599 αἵματος
2255 2527 2479 2599 νομικοῦ
2530 2527 2947 2600 καθαρωτέρων,
3003 2527 3199 2581 σποδοῦ
3263 2527 3549 2598 δαμάλεως

1974 2621 2297 2692 ίερωτέρων,
2346 2618 2703 2691 ῥαντιζούσης
2747 2619 2874 2682 τοὺς
2938 2618 3397 2689 κεκοινωμένους,
3452 2617 3550 2671 καὶ

1976 2714 2309 2784 πρόσκαιρον
2337 2713 2566 2784 ἐχούσης
2606 2712 2859 2783 σώματος
2886 2712 3174 2781 κάθαρσιν,
3206 2713 3266 2766 οὐ
3307 2712 3548 2782 παντελῆ

1974 2806 2072 2877 τῆς
2105 2803 2372 2875 ἁμαρτίας
2418 2804 2715 2874 ἀναίρεσιν.
2764 2803 2828 2856 Τί
2876 2803 2984 2875 γάρ
3033 2803 3140 2857 ἔδει
3187 2803 3548 2875 καθαίρεσθαι

1973 2898 2099 2960 τοὺς
2144 2895 2291 2959 ἅπαξ
2333 2895 2806 2966 κεκαθαρμένους;
2852 2892 3244 2965 Βαπτισθῶμεν
3289 2895 3550 2965 σήμερον,

1977 2990 2064 3042 ἵνα
2110 2986 2185 3059 μὴ
2231 2986 2417 3059 αὔριον
2469 2985 2777 3057 βιασθῶμεν
2812 2984 2947 3057 (62).
2993 2985 3106 3039 Καὶ
3144 2984 3220 3056 μὴ
3268 2983 3553 3038 ἀναϐαλώ-

299 3080 498 3145 hodie,
536 3097 604 3136 ne
636 3096 758 3136 cras
804 3082 853 3135 vi
883 3082 1060 3151 aliqua
1103 3096 1377 3152 cogamur.
1419 3080 1497 3136 Ne
1550 3085 1871 3140 beneﬁcium

1993 3078 2119 3132 ιεθα
2156 3079 2256 3149 τὴν
2285 3078 2623 3149 εὐεργεσίαν,
2653 3076 2730 3139 ὡς
2773 3075 3022 3130 ἀδικίαν·
3068 3076 3203 3147 μηδὲ
3253 3074 3553 3146 ἀναμείνω-ο

307 3182 561 3241 tanquam
604 3172 854 3242 injuriam
895 3170 1238 3240 dill‘eramus;
1287 3189 1387 3228 nec
1416 3185 1788 3243 exspectemus
1814 3184 1875 3231 ut

304 3265 457 3334 plura
491 3275 708 3334 peccata
748 3278 1122 3334 congeramus,
1162 3281 1268 3334 quo
1296 3267 1449 3336 plura
1495 3268 1647 3321 nobis
1675 3269 1877 3322 condo-

306 3366 537 3423 nentur;
588 3372 687 3410 nec
742 3355 987 3422 Christo,
1043 3373 1342 3426 eaupouum
1390 3369 1444 3414 et
1484 3360 1876 3430 negetialorutn

307 3447 440 3509 ritu,
487 3449 812 3514 abutamur;
875 3465 972 3504 nec
1015 3450 1244 3520 graviori
1292 3450 1501 3505 sarcina
1569 3466 1876 3515 onereumr,

306 3554 469 3607 quam
504 3539 645 3591 vires
668 3549 863 3594 nostra:
903 3542 1044 3595 ferre
1083 3552 1304 3609 queant,
1342 3557 1407 3594 ne
1432 3542 1590 3596 simul
1619 3558 1739 3597 cum
1764 3543 1878 3611 ipsa

310 3630 431 3682 navi
464 3631 860 3696 demergamur,
888 3646 949 3684 ac
973 3634 1197 3702 gratiam
1228 3634 1506 3705 naufragio
1532 3636 1876 3704 amittamus;

305 3721 514 3790 sicque,
557 3721 683 3775 dum
738 3723 888 3787 plura
936 3738 1031 3791 spe
1074 3736 1238 3794 atque
1292 3727 1473 3781 animo
1513 3728 1875 3796 concipimus,

306 3812 487 3865 omnia
528 3813 834 3882 perdamus.
863 3816 942 3868 Ad
974 3816 1169 3869 donum
1191 3831 1433 3883 accurre,
1465 3820 1699 3887 quandiu
1725 3835 1878 3875 meu-

308 3907 384 3957 tis
415 3904 590 3960 adhuc
625 3920 844 3975 compos
874 3921 934 3961 es
973 3926 988 3961 :
1020 3909 1253 3975 quandiu
1290 3910 1525 3965 nondum
1573 3925 1633 3965 es
1665 3921 1720 3966 et
1753 3928 1873 3967 cor-

309 4010 442 4064 pore
468 4007 524 4051 et
551 3998 729 4052 animo
759 4013 922 4067 aeger,
956 3999 1037 4051 vel
1059 4008 1205 4054 certe
1230 4000 1310 4054 sic
1336 4002 1643 4056 astantibus
1659 4003 1877 4072 videris,

311 4088 527 4143 etiamsi
572 4099 749 4143 mente
787 4090 862 4143 sis
910 4091 1149 4161 integra:
1197 4092 1432 4160 quandiu
1493 4092 1689 4145 bonum
1733 4104 1878 4147 tuum

311 4194 419 4231 non
444 4180 495 4232 in
525 4179 646 4233 aliis
666 4181 828 4234 situm
850 4189 953 4244 est,
983 4197 1168 4235 verum
1202 4182 1253 4234 in
1277 4190 1364 4235 tua
1397 4183 1562 4252 ipsius
1583 4193 1879 4253 potestate:

314 4272 553 4339 quandiu
584 4270 762 4337 lingua
780 4287 884 4325 non
910 4272 1123 4338 titubat,
1155 4288 1251 4326 nec
1277 4272 1479 4342 frigore
1498 4273 1740 4328 confecta
1767 4283 1880 4338 est;

315 4384 438 4433 nec,
463 4378 521 4421 ut
546 4367 676 4421 nihil
717 4369 948 4437 amplius
975 4369 1173 4431 dicam,
1210 4382 1380 4422 sacra:
1418 4368 1732 4423 initiationis
1756 4385 1883 4438 pro-

1986 3186 2084 3242 μεν
2114 3170 2295 3223 πλεῖον
2338 3167 2591 3237 γενέσθαι
2634 3166 2816 3232 κακοὶ,
2858 3167 2946 3220 ἵνα
2992 3166 3173 3220 πλεῖον
3206 3164 3317 3237 (65)
3348 3181 3558 3235 συγχω-

1986 3262 2238 3333 ρηθῶμεν
2261 3278 2274 3291 ·
2323 3261 2456 3333 μηδὲ
2499 3259 2784 3331 γενώμεθα
2824 3257 3265 3331 Χριστοκάπηλοι
3295 3256 3407 3328 (64)
3457 3256 3556 3311 καὶ

1980 3356 2386 3428 Χριστέμποροι
2441 3354 2587 3424 (65)·
2645 3352 2777 3423 μηδὲ
2820 3348 3192 3422 φορτισθῶμεν
3235 3347 3393 3400 πλέον
3441 3344 3554 3418 (66)

1980 3448 2013 3519 ἢ
2043 3446 2316 3519 δυνάμεθα
2343 3445 2547 3519 φέρειν,
2603 3445 2692 3498 ἵνα
2726 3443 2801 3514 μὴ
2837 3441 3117 3512 αὑτάνδρῳ
3143 3442 3209 3511 τῇ
3238 3439 3329 3510 νηὶ
3366 3436 3558 3508 βαπτι-

1983 3542 2218 3613 σθῶμεν,
2268 3541 2363 3594 καὶ
2391 3539 2454 3592 τὸ
2494 3539 2740 3610 χάρισμα
2788 3536 3205 3606 ναυαγήσωμεν,
3249 3531 3367 3585 ἀνθ’
3393 3524 3467 3584 ὧν
3494 3530 3559 3583 τὸ

1982 3631 2164 3684 πλεῖον
2210 3628 2322 3699 (67)
2366 3628 2695 3698 ἠλπίσαμεν,
2738 3626 2799 3678 τὸ
2832 3626 2939 3679 πᾶν
2993 3622 3376 3683 ἀπολέσαντες.
3408 3621 3557 3685 Ἕως

1983 3721 2062 3775 ἔτι
2111 3720 2220 3775 τῶν
2260 3717 2534 3788 λογισμῶν
2583 3716 2770 3788 κύριος
2802 3712 2854 3769 εἷ
2898 3713 3214 3786 πρόσδραμε
3256 3710 3335 3783 τῷ
3381 3711 3559 3782 δωρή-

1986 3832 2118 3885 ματι
2134 3831 2148 3844 ·
2173 3814 2276 3876 ἕως
2298 3811 2449 3864 οὔπω
2471 3812 2644 3874 νοσεῖς
2668 3809 2764 3862 καὶ
2787 3809 2847 3862 τὸ
2873 3807 3031 3878 σῶμα
3055 3806 3149 3860 καὶ
3179 3805 3277 3877 τὴν
3298 3804 3555 3867 διάνοιαν,

1984 3907 2018 3979 ἢ
2046 3906 2220 3969 δοκεῖς
2254 3904 2365 3976 (68)
2385 3904 2526 3958 οὑτω
2554 3904 2664 3965 τοῖς
2692 3899 2948 3973 παροῦσι,
2976 3899 3080 3953 κᾶν
3109 3900 3391 3968 σωφρονῇς
3411 3913 3425 3927 ’
3454 3895 3561 3958 ἕως

1985 3999 2086 4051 οὑκ
2117 3998 2202 4050 ἐπ’
2244 3995 2422 4059 ἄλλοις
2464 3996 2638 4048 κεῖται
2668 3993 2732 4047 τὸ
2771 3992 2863 4046 σὺν
2907 3991 3129 4060 ἀγαθὸν,
3163 3989 3276 4044 ἀλλ’
3320 3987 3479 4051 αὐτὸς
3510 3980 3564 4040 εἴ

1985 4089 2175 4144 τούτου
2208 4087 2428 4158 κύριος’
2465 4087 2570 4149 ἕως
2613 4085 2674 4138 οὑ
2720 4084 3036 4155 παράφορος
3080 4083 3114 4153 ἡ
3160 4080 3403 4150 γλῶσσα,
3434 4078 3560 4131 οὐδὲ

1987 4179 2402 4250 κατεψυγμένη,
2453 4176 2577 4230 οὐδὲ
2633 4174 2959 4246 ζημιοῦται,
3010 4174 3095 4226 ἴνα
3145 4171 3219 4242 μὴ
3272 4168 3454 4224 πλεῖόν
3504 4184 3558 4220 τι

1985 4273 2149 4342 λέγω,
2193 4270 2262 4324 τὰ
2307 4268 2408 4339 τῆς
2464 4267 2854 4339 μυσταγωγίας
2905 4265 3153 4337 ῥήματαο
3192 4261 3298 4325 ἓως
3336 4260 3560 4313 δύνασαι

1986 4364 2239 4434 γενέσθαι
2287 4360 2508 4424 πιστὸς,
2553 4361 2653 4413 οὐκ
2699 4359 3078 4429 είκαζὸμενος,
3119 4354 3237 4417 ἀλλ’
3268 4348 3562 4423 ὁμολογού-

320 4457 633 4511 nuntianda!
663 4456 769 4509 vim
805 4466 861 4509 et
895 4456 1202 4512 facultatem
1239 4458 1457 4512 amisit:
1487 4459 1722 4526 quandiu
1754 4460 1878 4514 iide-

1993 4476 2180 4531 μενος·
2210 4458 2312 4510 οὑκ
2358 4454 2698 4523 ἐλεούμενος,
2748 4449 2881 4504 ἀ).λά
2936 4444 3404 4519 μακαριζόμενοςο
3450 4440 3558 4533 ἕως

317 4549 383 4602 lis
404 4546 542 4601 ellici
566 4556 738 4616 potes,
761 4562 867 4600 non
891 4547 1169 4601 hominum
1201 4548 1450 4617 opinione
1483 4557 1537 4603 et
1552 4547 1877 4616 conjecmra,

385 4664 433 4700 ³³
464 4662 651 4715 Matth.
691 4676 764 4725 Iv,
795 4660 850 4713 6.
924 4661 972 4692 ”
998 4660 1229 4726 Hebr.x,
1262 4658 1317 4712 4.

392 4777 503 4846 (57)
542 4773 617 4830 *Ω
645 4775 908 4844 σοφιστά
962 4774 1072 4839 τῆς
1118 4769 1473 4846 κακίοςκδίο
1503 4770 1685 4846 plures
1730 4768 1885 4846 codd.

321 4839 451 4912 Reg.
484 4839 592 4907 hui,
628 4839 738 4909 ὡςξ
762 4846 814 4896 lu
848 4849 955 4906 ed.,
986 4846 1015 4896 ὀ
1059 4841 1285 4911 σοφιστά
1331 4839 1429 4909 τῆς
1469 4841 1687 4902 κακίας.
1732 4840 1891 4893 Deest

318 4919 416 4989 τῆς
444 4920 493 4989 ign
527 4919 731 4989 tlltqlith
760 4915 925 4989 Regg.

393 4988 504 5057 tEjS)
543 4985 711 5039 Πάνυ
760 4979 1036 5057 γὰρ-νοῶ
1070 4982 1277 5057 τοῦτο.
1309 4980 1510 5057 _Codex
1572 4979 1799 5057 Maaar._
1837 4988 1888 5032 et

320 5049 497 5113 Coll);
524 5049 990 5114 ιηοκίιιιιιὲ.’πάνυ
1023 5054 1131 5123 γὰρ
1166 5051 1343 5120 ἀγνοῶ
1382 5050 1558 5123 τοῦτο.
1605 5069 1622 5099 ‹
1663 5049 1891 5123 Maxime

318 5139 372 5181 et
419 5128 517 5180 hoc
552 5128 760 5195 ignoro.
805 5143 823 5175 ο
865 5125 928 5177 Et
960 5119 1260 5192 θάψω-8.,
1301 5121 1570 5191 εἰρωνεία,
1612 5128 1642 5170 ἰ
1688 5119 1893 5173 lronice

396 5209 545 5250 -Ium.
582 5215 600 5247 ι

322 5199 503 5337 dl((59)
556 5263 1030 5331 Ἀποσιωπήσῃς.
1098 5262 1152 5316 In
1219 5261 1514 5325 nonnullis,
1572 5257 1892 5329 ἀπεσιώπη-

322 5354 507 5477 σαῗίίθ)
544 5404 977 5472 Καταπατήσω.
1045 5403 1210 5473 Regg.
1261 5404 1348 5456 bm
1401 5410 1450 5454 et
1502 5401 1598 5469 ph,
1658 5414 1892 5471 περιπαο

310 5490 492 5548 τησω.

373 5541 521 5637 ξ’(ϋι)
548 5545 759 5631 rassae
789 5541 939 5598 οἶδα.
972 5543 1061 5598 Sic
1090 5544 1332 5611 plerique
1370 5541 1525 5595 codd.
1564 5542 1619 5593 lu
1659 5542 1767 5604 ed.,
1799 5555 1894 5590 σα-

545 5633 929 5759 ἕῖῗιῗνθῶμενξ
962 5704 981 5737 ι
1015 5684 1081 5759 _Vi
1104 5683 1302 5759 _aliqua
1342 5697 1617 5754 cogamur,
1654 5699 1674 5733 ›
1708 5681 1758 5735 id
1790 5689 1891 5746 est,

320 5754 549 5829 urgente
579 5759 784 5822 morbo,
812 5756 897 5812 vel
915 5754 1171 5826 periculo.

1987 4551 2143 4620 δῆλόν
2188 4566 2269 4602 σοι
2302 4548 2363 4601 τὸ
2396 4546 2585 4619 δῶρον,
2631 4543 2743 4597 ἀλλ’
2788 4543 2889 4596 οὐκ
2935 4537 3270 4611 ἀμφίϐολονο
3325 4535 3418 4589 καὶ
3466 4531 3562 4587 τοῦ

2067 4768 2176 4833 (65)
2215 4766 2449 4821 Πλεῖον.
2476 4764 2529 4817 1η
2556 4762 2843 4825 nonnullis,
2866 4760 3101 4815 πλείονα.

2068 4828 2176 4909 (64)
2215 4833 2713 4909 Χριστοκάπηλοι.
2765 4834 2826 4909 Hi
2859 4832 3096 4897 suntqui
3138 4847 3157 4880 ι
3194 4828 3495 4909 Christum,
3537 4844 3561 4881 ι

1997 4907 2050 4962 id
2076 4901 2178 4961 ’κεί
2213 4925 2230 4954 ι
2257 4901 2592 4975 baptismum
2630 4923 2649 4955 )
2682 4905 2936 4970 vendunt,
2963 4916 3083 4955 eum
3112 4915 3209 4970 per
3232 4901 3564 4965 voluptatum

1998 4979 2282 5032 illecebras
2312 4976 2614 5043 prodentes.

2069 5049 2179 5119 (65)
2219 5039 2668 5114 Χρέστέμποροι.
2700 5041 2798 5119 _Qui
2841 5040 3090 5119 baptismi
3137 5039 3567 5119 gratiamhpretio

1998 5110 2286 5179 redimunt,
2318 5110 2546 5182 eam—que
2582 5111 2776 5176 morbi,
2806 5110 3137 5178 vel-alicujus
3160 5111 3380 5178 periculi
3408 5125 3567 5163 occa-

1997 5188 2150 5242 sione
2183 5186 2486 5253 acquirunt.

2069 5257 2178 5326 (66)
2214 5247 2432 5309 Πζὶέον.
2451 5255 2692 5326 Quatuor
2720 5250 2887 5326 Regg.
2914 5247 3092 5326 et_0r.
3119 5248 3172 5313 ί,
3204 5248 3405 5326 πλεῖον.

2333 5324 2560 5398 πλεῖον.
2593 5322 2833 5398 Dee_s_t_'_:6
2861 5322 2912 5373 in
2938 5320 3177 5398 pluribus
3215 5321 3370 5398 rndd.

2070 5328 2158 5398 (67
2229 5328 2295 5378 Τὸ
2333 5328 2560 5378 πλεῖον.
2593 5328 2749 5375 Deest
2774 5328 2833 5374 τό
2861 5328 2912 5373 in
2938 5328 3177 5388 pluribus
3215 5328 3370 5398 rndd.

2067 5328 2183 5469 (68;
2212 5396 2295 5469 ΓΗ
2320 5394 2536 5469 δοκεῖς,
2558 5401 2661 5448 etc.
2692 5390 2813 5469 lii”.
2871 5410 2889 5440 ι
2927 5390 3309 5469 Λιιιοῑιίειήίιιιι
3345 5387 3563 5469 adsunt,

1997 5456 2221 5521 ita‘es'se
2250 5467 2469 5537 videris,
2491 5456 2530 5514 vi
2559 5462 2821 5537 etc._l5as.
2863 5461 3083 5537 espouit
3116 5478 3129 5513 :
3165 5457 3354 5528 Ὅμως
3401 5456 3567 5537 δοκῇς

1995 5540 2108 5601 τοῖς
2131 5535 2400 5607 ἐφεστῶσι
2433 5533 2790 5607 παραπαίειν.
2823 5549 2842 5581 ι
2883 5529 3014 5607 Cum
3047 5542 3224 5607 tamen
3265 5529 3566 5607 astantibus

1996 5595 2226 5662 delirare
2254 5595 2677 5660 videaris.'Multi
2702 5605 2866 5667 enim,
2899 5619 2916 5650 ι
2946 5601 3016 5654 ait
3047 5600 3209 5666 Elius,
3243 5616 3261 5650 ι
3302 5611 3367 5651 ex
3399 5595 3566 5651 febris

1995 5691 2126 5733 azstu
2158 5677 2419 5733 insaniam
2450 5682 2856 5731 contraxerunt.
2892 5690 2911 5723 ι
