3902 6218
340 318 453 375 573

1261 325 1521 383 oamo
1557 328 1670 383 XL.
1710 359 1783 369 —
1818 326 1885 382 1N
1929 325 2259 383 SANCTUM
2297 308 2662 380 BAPTISMA.

3474 319 3579 377 574

338 436 538 507 βάθους
570 439 604 508 ἡ
640 437 797 509 χάρις
840 439 1089 504 ἅπτεται,
1118 439 1231 493 ἀλλ’
1257 441 1413 495 οὐοτδ
1450 443 1609 514 σῶμα
1649 446 1913 514 ὲπιτάφια

2027 443 2108 499 sed
2142 449 2456 513 argumento
2489 449 2640 493 certo
2676 445 2732 493 et
2768 436 3077 506 explorato;
3119 451 3222 491 non
3271 437 3580 491 miseratio-

333 527 551 582 λούεται
575 544 589 558 ·
629 530 733 593 ἓως
778 530 838 583 οὐ
878 529 1087 602 δάκρυα
1129 532 1253 603 περὶ
1287 532 1347 585 σὲ
1378 534 1477 605 τῆς
1520 534 1699 601 ἐξόδου
1740 536 1909 607 μηνύ-

337 635 517 690 ματα,
570 620 665 672 καὶ
713 619 885 673 ταῦτα
938 623 1020 685 εἰς
1071 622 1169 693 σὴν
1220 624 1378 697 χάριν
1431 626 1591 698 τυχὸν
1645 627 1910 701 ὲπεχόμεο

333 722 405 761 να
433 705 567 776 (69),
600 707 694 759 καὶ
726 708 885 779 γυνὴ,
920 710 1016 762 καὶ
1063 711 1251 776 παῖδες
1283 713 1381 786 τὴν
1414 714 1678 785 ἐκδημίαν
1716 715 1908 786 μεθέλ-

333 812 524 859 κοντες
560 797 693 864 (70),
740 801 836 853 καὶ
870 800 1157 872 ζητοῦντες
1185 804 1360 870 ὲξόδια
1393 807 1614 877 ῥήματα
1631 823 1651 874 ἰ
1677 807 1780 871 ἕως
1810 810 1911 863 οὐκ

335 887 524 957 ἰατρὸς
567 888 789 958 ἄτεχνος
825 893 951 962 περὶ
983 892 1065 957 σὲ,
1108 892 1259 965 ὥρας
1298 913 1379 949 σοι
1421 897 1796 968 χαριζόμενος,
1837 893 1914 954 ὧν

332 979 437 1031 οὐκ
462 978 579 1032 ἔστι
625 980 834 1053 κύριος,
861 985 955 1038 καὶ
982 985 1212 1057 νεύματι
1241 987 1580 1043 ταλαντεύων
1608 991 1706 1060 τὴν
1740 1009 1913 1062 σωτη-

338 1068 486 1139 ρίαν,
518 1071 612 1123 καὶ
662 1072 972 1144 φιλοσοφῶν
1006 1077 1133 1144 περὶ
1163 1076 1265 1147 τῆς
1307 1077 1463 1131 νόσου
1500 1079 1637 1149 μετὰ
1670 1079 1760 1134 τὸν
1810 1079 1911 1134 Θά-

335 1173 517 1221 νατον,
543 1160 575 1232 ἢ
608 1163 736 1226 τοὺς
783 1165 1007 1234 μισθοὺς
1038 1165 1283 1239 βαρύνων
1313 1170 1434 1231 ταῖς
1480 1169 1910 1241 ὑποχωρήσεσιν,

335 1249 370 1319 ἢ
415 1250 514 1320 τὴν
560 1253 871 1323 ἀπόγνωσιν
919 1258 1320 1329 αἰνιττόμενοςο
1369 1258 1474 1322 ἓως
1527 1260 1587 1313 οὐ
1628 1261 1772 1331 μάχη
1816 1261 1913 1330 βα-

337 1341 561 1395 πτιστοῦ
592 1346 687 1397 καὶ
731 1348 1137 1418 χρηματιστοῦ,
1177 1349 1270 1402 τοῦ
1324 1350 1445 1421 μὲν,
1478 1350 1627 1412 ὅπως
1657 1350 1915 1423 ὲφοδιάσῃ

336 1431 788 1502 φιλονεικοῦντος,
814 1439 907 1492 τοῦ
933 1440 1011 1505 δὲ,
1039 1443 1188 1504 ὅπως
1213 1443 1401 1512 γραφῇ
1435 1441 1788 1513 κληρονόμος,
1817 1445 1917 1514 ἀμ-

337 1524 542 1597 φότερα
576 1528 688 1600 (71)
717 1529 811 1582 τοῦ
840 1531 1033 1602 καιροῦ
1070 1531 1145 1604 μὴ
1174 1532 1601 1604 συγχωροῦντος.

2016 549 2138 589 nem
2192 547 2437 596 movens,
2466 531 2558 584 sed
2605 527 3018 598 gratulationem
3048 544 3062 580 :
3103 527 3337 595 quandiu
3372 527 3580 595 perspi-

2016 639 2174 679 cuum
2204 623 2298 677 tibi
2337 624 2533 677 donum
2561 632 2644 675 est
2669 660 2685 685 ,
2722 634 2825 673 non
2864 629 3043 673 autem
3082 617 3368 671 obscurum
3395 627 3450 672 et
3479 618 3583 670 du-

2013 714 2198 777 bium;
2231 727 2294 767 ac
2316 712 2488 780 gratia
2535 711 2755 764 intimos
2784 710 2977 764 animae
3019 710 3168 763 sinus
3201 707 3448 778 attingit,
3476 721 3584 763 non

2018 812 2197 857 autem
2241 817 2438 872 corpus
2469 801 2677 856 funebri
2713 815 2852 869 aqua
2899 799 3165 853 abluitur:
3201 798 3433 868 quandiu
3478 814 3585 852 non

2020 894 2223 948 circum
2271 902 2323 947 te
2367 893 2634 962 lacrymaa,
2659 893 2930 947 discessus
2976 891 3212 955 indices,
3257 904 3321 945 ac
3358 889 3589 944 fortasse

2017 987 2180 1040 etiam
2210 985 2338 1055 ipsa:
2373 987 2425 1039 in
2462 985 2532 1039 lui
2563 985 2789 1054 gratiam
2822 997 3160 1051 compressa,
3183 991 3342 1051 atque
3372 995 3506 1035 uxor
3534 990 3591 1034 et

2017 1078 2184 1149 699
2225 1076 2378 1132 liberi
2438 1077 2732 1131 discessum
2790 1076 3166 1138 retrahentes,
3234 1082 3290 1127 et
3344 1081 3587 1126 extrema

2019 1168 2181 1222 verba
2229 1168 2611 1236 requirentes:
2648 1166 2885 1237 quandiu
2935 1167 3086 1218 lateri
3123 1174 3211 1219 tuo
3264 1179 3367 1217 non
3422 1164 3592 1216 haeret

2021 1262 2301 1331 imperitus
2335 1260 2590 1325 medicus,
2624 1258 2792 1311 horas
2822 1256 2917 1310 tibi
2947 1255 3199 1326 largiens,
3233 1268 3458 1324 quarum
3490 1268 3588 1323 po-

2025 1363 2191 1408 testas
2224 1368 2387 1421 penes
2421 1366 2542 1406 eum
2573 1365 2678 1404 non
2707 1358 2819 1412 est.
2865 1350 3160 1418 capitisque
3192 1359 3321 1401 nutu
3358 1346 3589 1401 salutem

2020 1445 2165 1501 velut
2191 1447 2256 1500 ad
2286 1446 2492 1499 lancem
2522 1442 2852 1510 expcndens,
2890 1456 2953 1495 ac
2978 1440 3046 1494 de
3080 1441 3269 1495 morbo
3299 1448 3419 1507 post
3446 1452 3591 1490 mor-

2023 1544 2131 1590 tem
2171 1537 2473 1605 disputans,
2523 1543 2614 1587 aut
2662 1534 2964 1587 recessibus
3008 1532 3122 1586 suis
3162 1530 3461 1584 mercedem
3496 1541 3590 1578 au~

337 1632 492 1687 gens,
549 1627 643 1673 aut
694 1622 1025 1691 deploratum
1086 1625 1333 1678 morbum
1386 1637 1505 1679 esse
1551 1624 1910 1695 significans:
1952 1627 2187 1694 quandiu
2258 1627 2397 1679 inter
2453 1640 2598 1690 cum,
2628 1626 2717 1694 qui
2745 1622 3049 1693 baptizandi
3080 1635 3298 1675 munere
3327 1618 3589 1688 fungitur,

337 1715 395 1760 et
460 1711 847 1775 qumstuarium
914 1709 1061 1764 nulla
1106 1725 1280 1782 pugna
1347 1722 1465 1779 est;
1503 1713 1628 1767 dum
1663 1713 1752 1769 ille
1814 1715 2129 1771 morientem
2173 1718 2369 1770 viatico
2404 1717 2688 1783 instruere,
2734 1716 2820 1770 hic
2868 1718 3039 1769 haeres
3080 1714 3243 1767 scribi
3279 1711 3586 1766 contendit:

339 1811 442 1850 nec
469 1807 755 1866 utrumque
786 1814 880 1868 per
906 1808 1117 1869 tempus
1144 1802 1288 1858 licet.

409 1889 509 1944 lB’.
536 1888 601 1941 Τί
631 1890 865 1960 πυρετὸν
884 1892 1175 1962 ἀναμένεις
1196 1894 1510 1966 εὐεργέτην,
1535 1896 1650 1950 ἀλλ’
1670 1897 1731 1949 οὑ
1757 1897 1918 1963 Θεόν;

2093 1895 2209 1950 Xll.
2253 1894 2390 1961 Quid
2433 1893 2661 1959 febrim,
2696 1908 2814 1964 quae
2850 1903 2901 1947 te
2934 1893 3193 1949 beneﬁcio
3231 1891 3460 1958 alliciat,
3491 1906 3593 1946 ex-

338 1979 406 2031 Τί
435 1980 646 2051 καιρὸν,
676 1980 790 2033 ἀλλ’
818 1981 878 2034 οὐ
904 1982 1189 2053 λογισμόν;
1209 1986 1273 2038 Τί
1296 1987 1446 2055 φίλον
1469 1987 1769 2053 ἐπίϐουλον,
1799 1989 1913 2042 ἀλλ’

336 2070 400 2120 οὐ
421 2068 582 2122 πόθον
606 2073 901 2141 σωτήριον;
925 2074 988 2125 Τί
1013 2074 1086 2144 μὴ
1107 2075 1205 2146 τὴν
1224 2075 1490 2143 ἐξουσίαν,
1505 2078 1640 2132 ἀλλὰ
1654 2079 1751 2149 τὴν
1767 2080 1916 2150 βίαν;

339 2157 405 2209 Τί
430 2157 504 2228 μὴ
534 2158 633 2229 τὴν
656 2159 989 2233 ἐλευθερίαν,
1017 2162 1152 2217 ἀλλὰ
1176 2164 1275 2236 τὴν
1306 2168 1666 2240 στενοχωρίαν
1679 2169 1820 2239 (7‘2);
1853 2170 1918 2223 Τί

340 2253 473 2321 παρ’
502 2251 663 2305 ἄλλου
698 2253 792 2326 δέῃ
842 2254 1032 2324 μαθεῖν
1066 2257 1165 2326 τὴν
1194 2257 1392 2324 ἔξοδον,
1437 2260 1551 2312 ἀλλ’
1578 2261 1675 2331 οὐχ
1713 2261 1789 2324 ὡς
1816 2262 1916 2333 ἤδη

339 2343 622 2413 παρούσης
669 2343 961 2419 (immensa;
1002 2347 1067 2399 Τί
1096 2349 1362 2418 φάρμακα
1388 2350 1662 2418 ἐπιζητεῖς
1687 2352 1821 2423 (75),
1852 2352 1922 2407 τὰ

343 2434 511 2503 μηδὲν
557 2434 851 2504 ὀνήσοντας
899 2438 964 2490 Τί
1009 2440 1253 2510 κριτικὸν
1309 2440 1529 2513 ἱδρῶτα,
1589 2443 1716 2507 ἴσως
1776 2460 1919 2513 παρ-

339 2524 580 2589 εστῶτος
638 2527 732 2580 τοῦ
779 2527 1013 2596 ἐξοδίους
1075 2530 1277 2585 Σαυτὸν
1354 2533 1461 2604 πρὸ
1516 2534 1617 2603 τῆς
1677 2534 1920 2603 ἀνάγκης

344 2616 663 2686 ἰάτρευσον·
712 2619 909 2672 σαυτὸν
950 2620 1192 2686 ἐλέησον,
1234 2623 1326 2676 τὸν
1359 2625 1579 2694 γνήσιον
1622 2625 1720 2695 τῆς
1762 2626 1923 2679 ἀσθε-

340 2708 491 2770 νείας
538 2707 910 2781 θεραπευτὴν⁸
941 2712 1123 2782 σαυτῷ
1165 2713 1482 2783 προσάγαγε
1517 2714 1627 2782 (74)
1658 2717 1719 2769 τὸ
1748 2718 1921 2789 σωτήε

346 2816 460 2869 ριον
499 2800 668 2864 ὅντως
703 2801 1008 2872 φάρμακον.
1036 2804 1180 2866 Ἕως
1215 2804 1273 2869 se
1312 2806 1502 2876 οὐρίας
1536 2807 1717 2874 πλεῖς,
1757 2810 1923 2880 @057)-

342 2889 464 2958 θητι
495 2891 557 2944 τὸ
584 2893 839 2960 ναυάγιον
863 2911 877 2925 ο
919 2894 1014 2948 καὶ
1050 2891 1213 2966 ἦττον
1257 2899 1603 2968 ναυαγήσεις,
1638 2902 1706 2971 τῇ
1751 2898 1919 2972 δειλίᾳ.

343 2980 523 3053 βοηθῷ
567 2982 868 3053 χρώμενος.
919 2986 1389 3058 Πανηγυρισθήτω
1432 2989 1494 3042 τὸ
1544 2989 1736 3060 δῶρον,
1784 2990 1919 3045 ἀλλὰ

344 3074 420 3146 μὴ
458 3075 815 3146 θρηνηθή·ι;ω⁹
848 3079 1242 3150 ὲπεργασθήτω
1268 3080 1327 3133 τὸ
1364 3081 1642 3148 τάλαντον,
1677 3082 1811 3136 ἀλλὰ
1843 3083 1917 3157 μὴ

343 3167 732 3237 συγχωσθήτω.
778 3168 1023 3222 Γενέσθω
1068 3187 1122 3222 τι
1171 3171 1333 3241 μέσον
1379 3173 1490 3243 (75)
1544 3174 1643 3245 τῆς
1698 3174 1919 3245 χάριτος

342 3255 437 3307 καὶ
489 3255 590 3326 τῆς
635 3257 965 3323 ἀναλύσεως,
1011 3260 1097 3313 ἵνα
1133 3260 1206 3332 μὴ
1255 3260 1539 3334 ἐξαλειφθῇ
1590 3263 1656 3316 τὰ
1708 3248 1988 3335 πονηρὰ(Ξ

341 3345 650 3417 γράμματα
703 3350 879 3418 μόνον,
931 3350 1063 3404 ἀλλὰ
1124 3355 1216 3406 καὶ
1265 3356 1617 3425 μετεγγραφῇ
1674 3354 1741 3407 τὰ
1793 3353 1916 3425 βελ-

340 3439 520 3492 τίονα·
555 3439 643 3492 ἵνα
675 3441 749 3511 μὴ
777 3442 837 3495 τὸ
873 3443 1115 3514 χάρισμα
1151 3444 1309 3514 μόνον
1348 3445 1497 3518 ἔχῃς,
1529 3445 1663 3499 ἀλλὰ
1697 3446 1790 3498 καὶ⁴
1817 3446 1917 3517 τὴν

341 3531 639 3584 ἀντίδοσινο
685 3533 772 3586 ἵνα
820 3535 895 3604 μὴ
942 3534 1003 3586 τὸ
1048 3535 1157 3605 πῦρ
1208 3535 1384 3608 φύγῃς
1432 3538 1609 3606 μόνον,
1654 3536 1789 3591 ἀλλὰ
1832 3537 1927 3590 καὶ

340 3620 444 3690 τῆς
484 3621 643 3693 δόξης
688 3623 1125 3698 κληρονομήσῃς,
1172 3624 1237 3696 ἢν
1279 3625 1340 3677 τὸ
1389 3626 1798 3695 ἐπεργάσασθαι
1850 3627 1926 3698 τῷ

340 3709 499 3783 δώρῳ
531 3712 641 3782 (76)
685 3714 989 3786 χαρίζεται.
1021 3716 1176 3768 Ἔστι
1223 3714 1331 3788 γὰρ
1374 3720 1483 3778 τοῖς
1522 3718 1619 3786 μὲν
1653 3718 1924 3791 μιγροψύ-

341 3820 458 3873 χοις
508 3806 670 3874 μέγα,
712 3806 774 3858 τὸ
820 3812 1009 3876 φυγεῖν
1055 3807 1312 3878 βάσανον’
1355 3811 1467 3872 τοῖς
1507 3810 1563 3861 δὲ
1617 3811 1927 3883 μεγαλοψύ-

341 3912 481 3965 χοις,
510 3897 569 3948 τὸ
596 3899 687 3950 καὶ
719 3903 902 3969 τυχεῖν
931 3900 1269 3963 ἀντιδόσεως.

2022 1999 2254 2057 spectas,
2286 2003 2389 2041 non
2423 1996 2597 2041 autem
2634 1987 2833 2041 Deum?
2854 1986 2992 2052 Quid
3024 1997 3253 2055 tempus,
3282 2000 3383 2039 non
3409 1995 3593 2038 autem

2023 2082 2329 2135 rationem?
2353 2080 2491 2147 Quid
2524 2079 2841 2133 insidiOsum
2870 2079 3125 2145 amicum,
3159 2093 3264 2133 non
3305 2087 3487 2130 autem
3512 2090 3594 2128 sa-

2021 2170 2198 2226 lutare
2230 2171 2600 2227 desiderium?
2631 2169 2768 2236 Quid
2789 2171 2898 2224 vim
2928 2170 3105 2240 potius
3128 2210 3142 2231 .
3170 2184 3330 2237 quam
3355 2174 3594 2236 pmesta-

2025 2265 2173 2320 tem?
2214 2263 2350 2330 Quid
2380 2278 2563 2317 rerum
2610 2262 2911 2331 angustiam
2938 2263 3115 2331 potius
3136 2300 3152 2325 ,
3181 2276 3340 2329 quam
3377 2259 3596 2314 liberta-

2024 2357 2170 2410 tem?
2199 2356 2337 2423 Quid
2364 2371 2498 2424 Opus
2529 2364 2634 2418 est,
2660 2364 2718 2408 ut
2747 2356 2812 2408 de
2853 2355 3001 2409 exitu
3040 2365 3131 2407 tuo
3170 2354 3237 2406 ab
3266 2352 3372 2406 alio
3396 2351 3596 2405 certior

2023 2446 2143 2507 fias,
2176 2461 2240 2499 ac
2285 2461 2387 2498 non
2426 2446 2539 2512 ipse
2573 2445 2752 2514 potius
2799 2444 2866 2497 de
2894 2457 2978 2506 eo,
3011 2453 3267 2512 tanquam
3308 2443 3417 2509 jam
3454 2456 3595 2511 prte-

2022 2536 2184 2600 senti,
2213 2537 2454 2605 cogitas?
2481 2536 2617 2602 Quid
2645 2536 3035 2590 medicamenta
3061 2533 3281 2602 quaeris,
3312 2532 3444 2586 nihil
3473 2546 3597 2598 pro-

2025 2627 2243 2680 futura?
2273 2627 2409 2692 Quid
2438 2628 2683 2682 criticum
2708 2629 2982 2692 sudorem,
3009 2640 3131 2680 cum
3160 2623 3392 2679 fortasse
3421 2625 3597 2678 letha-

2024 2717 2091 2772 lis
2129 2717 2306 2771 adsit?
2357 2717 2476 2770 Tibi
2508 2719 2640 2786 ipsi,
2695 2718 3006 2787 priusquam
3042 2724 3229 2785 urgeat
3265 2716 3595 2781 necessitas,

2027 2808 2278 2873 medere;
2310 2806 2385 2860 tui
2412 2807 2578 2874 ipsius
2614 2806 3002 2875 miserere,qui
3033 2820 3193 2859 verus
3227 2813 3282 2859 et
3309 2818 3598 2874 germanus

2025 2896 2358 2950 inﬁrmitatis
2411 2912 2468 2951 cs
2522 2898 2795 2963 medicus;
2846 2897 2941 2951 tibi
2993 2896 3093 2964 ipsi
3134 2909 3321 2950 revera
3359 2894 3598 2950 salutare

2028 2987 2480 3043 medicamentum
2505 2989 2719 3043 adhibe.
2746 2987 2881 3041 Dum
2904 2989 3137 3043 secundo
3162 2997 3320 3041 vento
3343 2988 3594 3057 navigas,

2026 3076 2365 3147 naufragium
2403 3077 2560 3141 time;
2592 3087 2641 3131 et
2697 3077 2860 3132 tuti'or
2893 3092 2924 3131 ιι
2960 3075 3240 3148 naulragio
3276 3078 3406 3141 eris,
3438 3076 3597 3145 adju-

2028 3176 2197 3222 torem
2225 3183 2289 3222 ac
2312 3169 2516 3222 socium
2545 3169 2637 3222 tibi
2669 3168 2913 3222 timorem
2939 3169 3231 3223 asciscens.
3259 3168 3404 3224 Laete
3432 3178 3598 3238 atque

2026 3259 2271 3313 hilariter
2303 3259 2519 3313 domum
2555 3257 2881 3321 celebretur,
2925 3272 3029 3311 non
3078 3267 3254 3312 autem
3287 3257 3545 3313 deﬂeatur
3573 3276 3590 3326 ;

2026 3351 2392 3422 negotiatione
2439 3361 2717 3404 accrescat
2755 3349 3013 3405 talentum
3037 3391 3063 3417 ,,
3087 3364 3193 3405 non
3233 3361 3412 3405 autem
3450 3359 3596 3404 terra

2026 3443 2305 3497 obruatur.
2328 3443 2474 3496 Inter
2496 3442 2722 3512 gratiam
2749 3456 2812 3495 ac
2826 3451 3076 3505 mortem,
3103 3442 3357 3511 temporis
3389 3442 3595 3511 aliquid

2024 3533 2345 3596 intercedat,
2377 3544 2434 3587 ut
2472 3548 2578 3586 non
2632 3533 2804 3587 solum
2839 3548 3017 3602 pravae
3060 3535 3251 3589 littera:
3295 3534 3595 3598 deleantur,

2024 3638 2210 3677 verum
2234 3623 2398 3678 etiam
2426 3637 2609 3676 earum
2646 3622 2765 3676 loco
2789 3623 3038 3677 meliores
3061 3625 3464 3690 inscribantur;
3498 3640 3600 3679 nec

2024 3715 2195 3768 solum
2229 3715 2455 3784 gratiam
2488 3715 2713 3778 habeas,
2742 3697 2929 3768 rerum
2961 3716 3122 3769 etiam
3148 3716 3430 3787 praemium
3464 3730 3597 3771 con-

2022 3807 2302 3876 sequaris;
2342 3821 2441 3861 nec
2467 3807 2605 3877 ignis
2646 3816 2849 3860 tantum
2891 3809 3206 3876 supplicium
3233 3808 3599 3881 ell‘ugias,ve-

2022 3913 2141 3952 rum
2170 3897 2332 3952 etiam
2360 3897 2541 3967 gloriae
2578 3898 2946 3953 hatreditatem
2986 3900 3271 3969 percipias,
3303 3914 3462 3970 quam
3502 3915 3600 3956 ne-

343 3987 568 4054 gotiatio
620 3991 760 4042 σοιιο
809 3991 1057 4057 adjuncta
1123 3993 1398 4048 conciliat.
1441 3992 1574 4046 Nam
1626 3994 1805 4061 parvis
1861 3990 2077 4063 quidem
2148 3999 2310 4058 atque
2376 3989 2602 4059 ahjectis
2644 3989 2840 4045 animis
2878 3991 3115 4059 ainplum
3162 4005 3226 4045 ac
3273 3991 3594 4060 praclarum

340 4080 581 4141 videtur.
631 4096 844 4150 pmnam
897 4086 1103 4139 vitare:
1140 4096 1197 4140 at
1241 4087 1330 4155 qui
1365 4102 1558 4156 magno
1609 4098 1659 4141 et
1704 4088 1917 4142 excelso
1959 4086 2143 4139 animo
2190 4083 2396 4153 prmditi
2442 4091 2589 4149 sunt,
2623 4082 2691 4137 ad
2733 4084 3032 4138 mercedem
3082 4097 3296 4152 quoque
3325 4083 3590 4150 aspirarit.

418 4196 517 4249 l-I".
561 4195 724 4268 Τρεῖς
787 4198 894 4271 γὰρ
973 4196 1088 4252 οἴδα
1158 4200 1339 4266 τάξεις
1396 4201 1514 4269 τῶν,
1561 4200 1914 4270 σωζομένων,

340 4286 605 4352 δουλείαν,
657 4289 1001 4360 μισθαρνίαν,
1052 4291 1296 4362 υίότητα.
1349 4293 1412 4346 Ei
1458 4292 1642 4356 δοῦλος
1693 4289 1768 4355 εἴ,
1820 4292 1919 4354 τὰς

343 4376 561 4449 πληγὰς
615 4379 913 4451 φοϐήθητι·
967 4383 1015 4434 εί
1074 4383 1376 4451 μισθωτὸς,
1431 4383 1569 4453 πρὸς
1625 4382 1686 4434 τὸ
1740 4381 1923 4435 λαϐεῖν

344 4470 510 4538 βλέπε
550 4472 727 4542 μόνον.
769 4474 829 4527 Εἰ
861 4474 918 4526 δὲ
953 4476 1092 4548 ὑπὲρ
1122 4478 1230 4547 (77)
1264 4476 1506 4539 τούτους,
1534 4477 1628 4529 καὶ
1672 4476 1808 4541 υίὸς,
1844 4477 1920 4539 ὡς

2098 4197 2236 4251 ΧΙΙΙ.
2278 4197 2410 4251 Tres
2437 4197 2581 4252 enim
2615 4211 2801 4250 eorum
2827 4237 2842 4263 ,
2873 4197 2962 4268 qui
2996 4195 3221 4251 salutem
3262 4212 3596 4269 consequun-

2029 4300 2133 4356 tur,
2192 4290 2393 4345 classes
2427 4304 2548 4343 esse
2594 4289 2745 4355 scio,
2774 4304 3055 4345 servorum
3084 4289 3351 4354 videlicet,
3385 4306 3596 4346 merce~

2032 4383 2307 4435 nariorum
2347 4389 2400 4434 et
2442 4381 2695 4437 liliorum.
2733 4379 2789 4434 Si
2830 4395 3018 4437 servus
3046 4395 3135 4445 es,
3167 4380 3351 4450 plagas
3393 4388 3596 4438 metue.

2031 4472 2088 4528 Si
2140 4473 2526 4539 mercenarius,
2593 4474 2896 4528 mercedem
2949 4475 3208 4528 duntaxat
3248 4484 3455 4545 Specta.
3501 4476 3629 4531 Sin-

343 4562 557 4632 πατέρα
589 4563 883 4635 αἰδέσθητι.
914 4567 1182 4637 Ἔργασαι
1210 4568 1269 4620 τὸ
1314 4567 1497 4632 καλὸν,
1524 4568 1605 4620 ὅτι
1636 4568 1799 4621 καλὸν
1844 4568 1918 4637 τῷ

2028 4576 2206 4619 autem
2239 4581 2402 4635 supra
2439 4566 2538 4620 hos
2581 4566 2840 4634 assurgis,
2895 4579 2957 4620 ac
2989 4564 3128 4620 tilius
3159 4580 3252 4634 es,
3288 4576 3347 4620 ut
3388 4579 3597 4638 patrem

341 4653 513 4724 πατρὶ
544 4656 848 4721 πείθεσθαι,
890 4658 990 4713 κᾶν
1032 4660 1085 4711 εἰ
1115 4677 1197 4712 σοι
1235 4660 1399 4729 μηδὲν
1450 4658 1670 4712 ἔσεσθαι
1715 4658 1918 4729 μέλλοι.

342 4745 517 4800 Τοῦτο
563 4749 698 4803 αὐτὸ
746 4750 959 4821 μισθὸς,
990 4752 1051 4804 τὸ
1078 4753 1157 4823 τῷ
1208 4752 1373 4823 πατρὶ
1421 4752 1534 4821 (78)
1580 4750 1918 4823 χαρίζεσθαι.

414 4971 535 5055 (69)-
577 4973 963 5043 Ἐπεχόμενα.
1020 4972 1171 5028 Coll).
1222 4971 1244 5027 ῐ
1293 4983 1347 5029 et
1390 4973 1527 5041 Jes.,
1574 4975 1923 5046 ἐπιχεόμενα,

348 5062 370 5185 ἐ
408 5048 906 5185 ἳ733υξὲὲὲημιἀν
921 5114 1341 5183 μεθέλκοντες.
1373 5132 1392 5165 ι
1428 5115 1729 5169 Βίεονεειιιη
1764 5126 1927 5170 retra-

339 5183 554 5248 hentes,
594 5201 614 5234 ›
653 5185 702 5236 id
734 5193 838 5248 est,
887 5200 916 5235 a
970 5187 1291 5252 baptismate
1333 5187 1640 5253 mgrotantis
1684 5186 1922 5238 animum

342 5262 658 5316 arocantes,
693 5263 753 5305 ut
803 5265 1042 5306 extrema
1095 5256 1212 5323 ejus
1268 5256 1428 5309 verba
1485 5255 1776 5309 excutiant.
1811 5271 1919 5310 non

343 5332 456 5393 tant
478 5336 642 5392 πετο,
686 5338 844 5389 quam
878 5324 983 5393 sibi
1011 5323 1141 5393 ipsis
1164 5326 1524 5379 consulentes.

373 5392 528 5474 λη)
581 5393 930 5474 ’ᾼμςυᾴτερφ
971 5392 1139 5450 lned.
1172 5397 1416 5463 sequitur
1445 5397 1545 5468 μή,
1573 5394 1713 5464 quod
1743 5403 1921 5449 aucto-

339 5466 505 5517 ritate
536 5468 693 5516 codd.
730 5466 1046 5519 delevimus.

412 5532 996 5654 Ξὲὲίέἷενοχωρίαν.
1036 5534 1125 5629 ξιίρ
1157 5533 1336 5605 plures
1361 5533 1516 5590 codd.
1565 5534 1621 5588 lu
1649 5534 1761 5602 ed.,
1797 5551 1919 5589 στε-

337 5617 506 5671 νωχω
550 5617 655 5657 ιαν.
904 5642 910 5651 .
1043 5617 1071 5629 κ

406 5618 542 5756 έῖδς
600 5672 923 5743 Επιζτιιτεῖς.
974 5673 1140 5747 Regg.
1194 5674 1245 5744 h,
1290 5690 1340 5743 c,
1378 5675 1429 5743 d,
1456 5675 1547 5733 0r.
1584 5676 1631 5741 l,
1665 5685 1791 5743 (δια,
1827 5677 1921 5749 ζη.

336 5758 479 5806 τεις.

2028 4673 2299 4712 reverere.
2357 4656 2521 4711 Bonis
2568 4658 2819 4725 operibus
2855 4658 3030 4724 stude,
3089 4659 3211 4727 quia
3270 4660 3469 4715 bonum
3516 4670 3602 4716 est

2028 4750 2170 4820 patri
2214 4750 2620 4817 obtemperare,
2654 4748 2867 4804 etiamsi
2902 4764 2969 4802 ex
3002 4764 3065 4803 ea
3102 4764 3158 4804 re
3191 4750 3325 4804 nihil
3357 4762 3598 4820 quaestus

2248 4974 2618 5049 Hpoq’drars.
2650 4975 2889 5049 Quatuor
2917 4974 3107 5049 “833.,
3141 4979 3404 5049 πρόσαγε.

2095 5045 2205 5116 (75)
2243 5045 2521 5099 Γενέσθω
2579 5063 2635 5117 ει
2685 5045 2900 5114 μέσον.
2939 5065 2957 5097 ι
2991 5048 3133 5100 Inter
3165 5045 3490 5117 baptismum
3542 5061 3598 5104 et

2023 5126 2274 5180 mortem,
2317 5136 2336 5167 ι
2375 5118 2549 5184 inquit
2577 5115 2812 5177 Nicetas,
2852 5136 2870 5166 ‹
2904 5117 3105 5186 aliquid
3130 5115 3387 5187 temporis
3426 5120 3598 5174 inter-

2021 5189 2204 5249 cedat;
2265 5196 2322 5239 ut
2372 5201 2475 5238 non
2528 5188 3120 5256 modousacramentum
3167 5197 3220 5241 et
3255 5197 3596 5256 peccatorum
3684 5194 3689 5199 '

2020 5257 2410 5318 remissionem,
2440 5271 2600 5323 quam
2645 5253 2803 5308 all‘ert
2849 5255 3164 5324 baptismus,
3221 5253 3447 5321 habeas;
3502 5276 3597 5313 ve-

2021 5338 2137 5376 rum
2161 5327 2321 5397 etiam
2366 5326 2664 5397 mercedem
2704 5340 2780 5397 ac
2813 5329 3299 5381 remunerationem
3338 5329 3594 5397 accipias,

2020 5403 2079 5445 ut
2105 5396 2193 5461 qui
2233 5395 2482 5447 virtutem
2512 5395 2835 5449 excolueris.
2870 5414 2889 5445 ι

2089 5463 2203 5533 (76)
2250 5461 2333 5527 Τῷ
2359 5463 2549 5534 δώρφην
2578 5464 2724 5527 Pan,
2747 5463 2808 5516 τὸ
2839 5463 3028 5534 δῶρον.

2093 5534 2204 5605 (77)
2244 5537 2312 5588 El
2345 5533 2413 5586 δὲ
2437 5533 2608 5601 ὑπέρ.
2649 5536 2739 5590 Sic
2776 5533 3006 5602 quatuor
3049 5533 3216 5607 Regg.
3252 5536 3411 5592 Deest
3449 5535 3509 5591 δέ
3543 5537 3595 5591 in

2019 5602 2202 5798 :27?)
2248 5672 2331 5740 Τῷ
2385 5674 2579 5743 πατρί.
2640 5673 2798 5731 Deest
2855 5672 2930 5729 τῶ
2985 5675 3039 5731 ἱη
3096 5676 3265 5734 tribus
3325 5676 3490 5755 chg.
3544 5685 3598 5733 et

2067 5762 2109 5797 r.
2182 5784 2194 5798 .

2067 5762 2109 5797 Γ.
2146 5762 2194 5799 1.
