3902 6218
306 256 416 318 875

1552 263 1612 321 S.
1642 260 1971 321 GREGORII
2015 258 2365 320 THEOLOG!

3456 264 3563 318 ’576

312 376 381 429 ad
412 386 463 430 te
511 373 808 429 rediturum
860 374 957 429 sit.
997 373 1111 429 lloc
1143 375 1319 445 ipsum
1368 390 1576 434 merces
1604 389 1721 445 est,
1748 378 1883 449 patri

1994 364 2088 430 ’Ὧν
2129 380 2293 450 ἡμεῖς
2326 376 2402 450 μὴ
2435 392 2898 449 καταφρονουντες
2934 373 3259 446 φαινοίμεθα
3303 374 3439 448 (79).
3475 378 3563 435 Ὠς

312 468 565 536 obsequi.
596 469 728 533 Qua:
765 466 967 521 utinam
1000 481 1065 521 ne
1104 479 1533 525 contemnamus.
1575 472 1882 526 Absurdum

311 560 456 613 enim
484 557 646 628 700
675 557 871 622 fuerit,
914 573 1037 612 cum
1083 559 1341 628 pecunias
1367 560 1520 617 avide
1564 563 1880 633 praeripias,

312 648 597 703 sanitatem
638 649 689 702 in
717 646 926 716 longius
957 642 1175 704 diﬂ'erre
1204 661 1368 720 atque
1398 652 1721 716 extrahere;
1760 668 1907 707 cum.

311 751 511 810 corpus
563 753 895 811 prmpurges,
950 741 1146 795 animae
1215 743 1585 811 purgationem
1633 743 1688 799 in
1738 744 1882 798 aliud

312 841 526 902 tempus
552 845 870 897 reservare;
899 846 1021 886 cum
1055 846 1118 887 ex
1147 831 1250 887 hac
1290 840 1499 888 terrena
1542 837 1802 890 servitute
1829 836 1880 889 iu

312 923 616 979 libertatem
643 922 906 977 vindicari
936 924 1187 989 studeas,
1216 939 1465 994 supernze
1496 924 1760 980 libertatis
1783 941 1883 980 cu-

310 1012 538 1080 piditate
568 1012 789 1066 minime
814 1012 959 1080 tangi
986 1028 1001 1076 ;
1045 1028 1165 1067 cum
1198 1014 1434 1068 studium
1468 1023 1520 1069 et
1549 1015 1879 1085 diligentiam

307 1114 524 1157 omnem
552 1102 845 1170 adhibeas,
886 1112 944 1156 ut
994 1103 1311 1175 magniﬁcas
1341 1108 1485 1160 aedes
1509 1106 1745 1172 incolas,
1790 1119 1882 1161 aut

312 1194 620 1263 splendidas
664 1204 845 1250 vestes
896 1208 1075 1265 geras,
1120 1195 1255 1249 nihil
1292 1210 1437 1250 curze
1473 1196 1787 1266 suscipere,
1823 1208 1882 1252 ut

309 1287 426 1354 ipse
452 1301 662 1341 summo
696 1286 870 1356 pretio
899 1286 1093 1356 dignus
1118 1286 1226 1351 sis;
1262 1302 1385 1341 cum
1417 1288 1482 1341 ad
1511 1288 1645 1343 bene
1673 1288 1739 1343 de
1760 1290 1880 1345 aliis

311 1376 626 1431 merendum
676 1385 954 1445 promptus
1016 1377 1113 1438 sis,
1167 1376 1232 1429 de
1274 1376 1447 1443 teipso
1497 1377 1632 1433 bene
1683 1379 1879 1433 mereri

308 1464 472 1521 nolle.
504 1465 572 1520 Et
610 1467 827 1536 quidem
859 1466 904 1520 si
946 1467 1039 1521 tibi
1071 1467 1243 1537 pretio
1277 1467 1379 1521 hoc
1421 1472 1619 1523 bonum
1662 1484 1881 1541 compa-

308 1572 434 1613 rare
464 1556 670 1619 liceret,
693 1558 853 1612 nullis
885 1559 1109 1613 omnino
1143 1559 1382 1629 pecuniis
1418 1575 1667 1629 parceres
1695 1581 1710 1617 :
1742 1578 1882 1619 nunc

305 1655 489 1704 autem
519 1690 535 1715 ,
582 1649 707 1719 quia
750 1649 980 1719 gratuita
1017 1650 1387 1707 misericordia
1430 1655 1766 1723 proponitur,
1802 1657 1877 1709 id.

306 1740 457 1794 circo
485 1740 579 1796 tibi
607 1751 852 1810 prompta
880 1750 935 1797 et
971 1754 1287 1812 exporrecta
1331 1747 1683 1801 beneficentia
1723 1757 1779 1800 et
1813 1746 1882 1800 li-
1911 1726 1954 1782 Β

310 1829 567 1885 beralitas
619 1842 985 1902 contemptum
1025 1834 1188 1903 parit.
1235 1833 1407 1890 Omne
1443 1835 1539 1889 tibi
1571 1846 1782 1906 tempus
1814 1837 1882 1890 ad

307 1920 636 1977 ablutionem
688 1922 940 1977 idoneum
995 1932 1108 1991 est,
1168 1926 1603 1995 quandoquidem
1677 1926 1878 1981 nullum

312 2020 540 2082 tempus,
569 2016 759 2068 mortis
784 2015 1024 2084 periculo
1056 2026 1233 2071 vacat.
1258 2016 1392 2071 Cum
1427 2018 1627 2084 Paulo,
1664 2019 1719 2073 id
1762 2028 1876 2086 est,

307 2118 431 2159 cum
461 2119 653 2174 magna
680 2107 763 2159 illa
797 2120 947 2173 voce,
975 2109 1041 2161 ad
1071 2119 1122 2165 te
1151 2112 1328 2165 clamo
1358 2129 1372 2165 :
1415 2109 1550 2163 Ecce
1582 2127 1719 2164 nunc
1752 2121 1881 2164 tem-

311 2208 411 2257 pus
435 2195 747 2262 acceptabile
768 2236 784 2262 ,
820 2214 934 2253 ecce
966 2216 1104 2253 nunc
1134 2202 1244 2255 dies
1280 2201 1470 2255 salutis
1502 2201 1568 2254 ⁸³.
1605 2202 1718 2269 ρας.
1765 2205 1883 2257 loco

316 2285 584 2352 particula
609 2322 623 2348 .
654 2284 844 2353 Nunc,
876 2304 982 2343 non
1012 2301 1221 2345 certum
1256 2292 1470 2361 aliquod
1516 2302 1717 2361 tempus
1745 2333 1760 2355 ,
1789 2294 1881 2347 sed

1987 468 2132 522 ἔστιν
2158 466 2378 531 ἄτοπον,
2408 468 2665 539 χρήματα
2692 468 2790 538 μὲν
2818 464 3213 538 προαρπάζειν,
3239 464 3425 534 ὑγείαν
3449 466 3554 536 (80)

1985 559 2042 612 δὲ
2095 557 2522 612 ἁναϐάλλεσθαυ
2575 556 2670 611 καὶ
2720 556 2947 627 σώματα
3002 555 3099 627 μὲν
3148 554 3558 627 προκαθαίρειν,

1984 649 2162 721 ψυχῆς
2189 650 2247 703 δὲ
2286 648 2554 720 κάθαρσιν
2598 646 2951 719 ταμιεύεσθαι
2975 662 2990 678 ⁸
3023 646 3117 701 καὶ
3158 646 3257 716 τῆς
3287 646 3385 717 μὲν
3408 645 3562 700 κάτω

1983 740 2227 803 δουλείας
2276 739 2587 809 ἐλευθερίαν
2637 739 2817 810 ζητεῖν
2870 736 3015 809 (81),
3069 734 3173 805 τῆς
3225 736 3338 790 ἄνω
3371 735 3429 788 δὲ
3484 735 3560 806 μὴ

1984 831 2268 901 ἐφίεσθαιο
2314 830 2409 884 καὶ
2457 831 2605 892 ὅπως
2645 830 2743 900 μὲν
2786 830 3027 899 οἰκήσεις
3060 826 3173 898 (82)
3220 824 3559 897 μεγαλοπρεο

1984 922 2123 988 πῶς,
2152 923 2184 994 ἦ
2217 922 2496 994 άμφιέσῃ,
2554 923 2734 974 πᾶσαν
2780 917 3051 973 ποιεῖσθαι
3110 916 3366 984 σπουδὴν,
3411 917 3560 980 ὅπως

1982 1013 2038 1067 δὲ
2078 1014 2241 1078 αὐτὸς
2273 1013 2522 1067 πλείστου
2554 1012 2703 1079 ἄξιος
2735 1011 2854 1085 ἔσῃ,
2885 1009 3050 1082 μηδὲν
3077 1007 3188 1075 (85)
3222 1008 3555 1080 φροντίζειν

1982 1106 2077 1158 καὶ
2106 1104 2298 1168 ἄλλους
2322 1104 2422 1176 μὲν
2441 1099 2501 1157 εὖ
2537 1106 2711 1157 ποιεῖν
2738 1102 3015 1175 πρόθυμον
3043 1095 3201 1167 εἶναι,
3224 1100 3421 1155 σαυτὸν
3444 1099 3558 1169 (84)

1981 1196 2040 1251 δὲ
2069 1198 2145 1271 μὴ
2180 1196 2487 1268 βούλεσθαι.
2532 1196 2641 1250 Καὶ
2673 1196 2722 1247 εί
2757 1193 2856 1267 μὲν
2884 1193 3041 1246 ὢνιον
3087 1188 3156 1265 ἧν
3188 1208 3271 1245 σοι
3314 1191 3374 1245 τὸ
3420 1191 3561 1259 ἁγα-

1984 1288 2097 1355 θὺν,
2129 1289 2359 1361 μηδενὸς
2384 1288 2453 1342 ἂν
2481 1287 2756 1358 φείδεσθαι
2803 1286 3113 1357 χρήματος·
3145 1285 3193 1337 εί
3233 1283 3293 1337 δὲ
3335 1281 3561 1354 πρόκειο

1981 1397 2071 1433 ται
2120 1380 2183 1433 τὸ
2232 1378 2634 1450 φιλάνθρωπον,
2684 1379 3043 1448 καταφρονεῖς
3075 1374 3155 1447 τῷ
3212 1373 3413 1445 ἑτοίμῳ
3454 1372 3557 1445 τῆς

1982 1471 2248 1536 εὐποιΐας.
2298 1474 2414 1535 Πᾶς
2449 1489 2531 1525 σοι
2583 1469 2773 1541 καιρὸς
2827 1469 3166 1535 ὲκπλύσεως,
3215 1466 3402 1538 ἐπειδὴ
3447 1466 3558 1528 πᾶς

1980 1563 2309 1629 ἀναλύσεως.
2364 1564 2520 1619 Μετὰ
2559 1564 2775 1618 Παύλου
2841 1562 2950 1635 βοῶ
3001 1578 3122 1625 σοι,
3165 1559 3266 1631 τῆς
3315 1558 3558 1631 μεγάλης

1982 1657 2166 1728 φωνῆς
2184 1674 2197 1687 ·
2240 1656 2386 1712 Ἰδοὺ
2424 1657 2542 1711 νῦν
2569 1656 2773 1726 καιρὸς
2798 1652 3257 1724 εὐπρόσδεκτος,
3292 1650 3419 1705 ιδοὺ
3443 1649 3562 1705 νῦν

1985 1746 2176 1815 ἡμέρα
2207 1747 2534 1814 σωτηρίαῳ
2566 1747 2661 1817 οὐχ
2694 1746 2790 1799 ἕνα
2837 1745 3048 1817 καιρὸν,
3082 1743 3219 1798 ἀλλὰ
3246 1743 3425 1797 πάντα
3462 1739 3558 1796 τοῦ

1983 1840 2115 1892 Νῦν
2147 1840 2440 1911 ὁρίζοντος.
2475 1839 2583 1893 Καὶ
2616 1839 2811 1893 πάλιν
2851 1841 3126 1910 Ἐγείραι,
3160 1840 3193 1891 ό
3235 1834 3559 1900 καθεύδων,

1983 1930 2083 1983 καὶ
2126 1930 2362 1984 ἀνάστα
2401 1932 2469 1984 ἐκ
2508 1929 2628 1984 τῶν
2668 1928 2917 1999 νεκρῶν,
2961 1929 3060 1983 καὶ
3100 1928 3438 1998 ἐπιφαύσει·
3459 1941 3562 1981 σοι

1983 2023 2017 2074 ό
2065 2023 2339 2090 Χριστὸς,
2386 2021 2527 2075 λύων
2580 2021 2679 2094 τὴν
2715 2021 2886 2075 νύκτα
2930 2007 3051 2092 ’(85)
3102 2020 3202 2090 τῆς
3252 2017 3559 2090 ἁμαρτίας⁶

1981 2114 2170 2187 ἐπειδὴ
2194 2156 2211 2177 ,
2278 2117 2365 2169 Ἐν
2452 2116 2606 2169 νυκτὶ
2699 2115 2853 2179 ἐλπὶς
2938 2112 3196 2184 πονηρὰ,
3254 2111 3397 2166 κατὰ
3469 2109 3562 2163 τὸν

1992 2204 2241 2271 Ἡσαΐαν,
2284 2207 2377 2259 καὶ
2431 2206 2509 2276 τῷ
2565 2205 2711 2278 πρωῒ
2783 2205 2896 2276 (86)
2928 2203 3221 2279 ληφθῆναι
3283 2198 3562 2255 λυσιτελές

1983 2313 2073 2349 στε
2080 2314 2191 2369 ρον.

311 2385 525 2446 tempus
553 2394 713 2433 omne
740 2380 1005 2449 designat.
1040 2381 1106 2436 Et
1135 2397 1324 2437 rursus
1348 2402 1362 2438 :
1400 2382 1568 2452 Surge
1588 2426 1605 2450 ,
1632 2384 1722 2451 qui
1749 2384 1972 2449 dormis,
2022 2397 2070 2439 et
2126 2404 2352 2460 exsurge
2411 2407 2442 2443 a
2496 2392 2733 2451 mortuis,
2753 2400 2800 2444 et
2822 2386 3140 2442 illuminabit
3164 2396 3212 2441 te
3227 2382 3562 2463 Christus",

309 2471 520 2537 peccati
555 2480 766 2526 noctem
807 2473 1101 2529 discutiens
1131 2490 1146 2528 :
1171 2478 1600 2547 quandoquidem
1635 2481 1689 2533 in
1723 2490 1879 2535 nocte
1916 2497 2040 2552 spes
2063 2486 2224 2548 mala,
2251 2498 2308 2538 ιιι
2342 2496 2570 2539 testatur
2599 2484 2765 2541 lsaias
2791 2485 2860 2551 ⁸⁷,
2887 2499 2952 2540 ac
3019 2499 3176 2543 tuane
3232 2481 3407 2551 accipi
3431 2496 3564 2537 con-

311 2560 597 2616 ducibilius
629 2571 732 2617 est.

383 2651 523 2708 XIV.
568 2652 736 2718 Sere,
770 2668 891 2709 cum
922 2658 1137 2711 serendi
1167 2668 1376 2730 tempus
1406 2658 1588 2725 fuerit,
1616 2670 1668 2714 et
1702 2662 1884 2730 fruges

311 2754 588 2812 comporta
609 2785 626 2809 ,
653 2754 708 2798 et
738 2745 933 2800 horrea
970 2747 1135 2812 solve,
1162 2766 1284 2802 cum
1319 2759 1526 2818 tempus
1558 2752 1661 2807 hoc
1694 2767 1882 2822 postu-

2061 2662 2158 2714 IA'.
2197 2661 2395 2729 Σπεῖρε
2452 2657 2563 2729 (87)
2628 2658 2747 2729 μὲν,
2793 2659 2882 2712 ὅτε
2937 2656 3163 2729 καιρὸς,
3214 2655 3311 2710 καὶ
3366 2654 3569 2723 συγκό-

1995 2751 2117 2824 μιζε
2154 2752 2288 2823 (88),
2329 2751 2425 2803 καὶ
2460 2750 2553 2803 λύε
2597 2750 2696 2814 τὰς
2742 2750 3048 2821 ἀποθήκας,
3080 2749 3170 2801 ὅτε
3217 2747 3408 2800 τούτου
3443 2764 3567 2801 καιο

312 2835 471 2898 larit,
499 2843 555 2890 et
597 2838 918 2906 tempestive
945 2840 1126 2908 planta
1151 2880 1169 2907 ,
1205 2852 1257 2896 et
1297 2858 1457 2897 uvam
1495 2858 1762 2901 maturam
1792 2848 1884 2901 de—

1994 2844 2107 2914 ρὸς,
2136 2842 2229 2895 κα)⁹
2272 2840 2469 2911 φύτευε
2496 2840 2618 2893 καθ’
2646 2840 2813 2910 ὥραν,
2841 2841 2935 2893 καὶ
2961 2837 3229 2910 κειρέσθω
3253 2853 3335 2889 σοι
3367 2836 3566 2907 βότρυς

313 2930 497 2990 tonde,
526 2935 581 2980 et
607 2927 749 2981 veris
774 2932 1033 2999 temperie
1062 2931 1232 2987 frctus
1259 2949 1446 2988 navem
1471 2950 1501 2989 e
1531 2949 1685 3005 portu
1710 2938 1881 3003 solve,

314 3032 613 3088 rursusque
662 3020 872 3074 oriente
918 3022 1132 3088 hieme,
1176 3026 1420 3095 marique
1470 3030 1757 3095 saeviente,
1804 3031 1888 3085 fac

312 3110 505 3162 eamiu
539 3119 749 3179 portum
776 3112 1066 3168 subducas.
1096 3114 1235 3181 Quin
1267 3117 1363 3170 tibi
1398 3133 1630 3188 quoque,
1664 3131 1719 3175 et
1740 3122 1883 3186 belli,

313 3206 370 3252 et
400 3197 551 3265 pacis
582 3207 793 3269 tempus
827 3202 918 3267 sit,
965 3211 1020 3256 et
1072 3204 1401 3259 matrimonii
1449 3208 1711 3273 iucundi,
1754 3222 1809 3266 et
1856 3229 1884 3264 a

315 3287 647 3341 matrimonii
675 3303 840 3358 opere
862 3291 1188 3359 absﬁnendi,
1213 3302 1268 3346 et
1289 3294 1561 3359 amicitiae,
1581 3306 1632 3348 et
1657 3299 1886 3361 dissidii,

317 3378 365 3432 si
400 3379 617 3448 quidem
649 3380 721 3433 ita
750 3395 973 3436 necesse
1001 3382 1093 3447 sit,
1125 3394 1287 3453 atque
1316 3386 1495 3440 omnis
1522 3389 1752 3457 denique
1788 3390 1886 3453 rei,

322 3473 369 3526 si
403 3472 679 3527 Salomoni
706 3474 1117 3530 auscultandum
1158 3487 1240 3531 est
1255 3477 1323 3531 ⁸³.
1354 3481 1776 3535 Auscultandum
1807 3493 1891 3537 est

317 3573 541 3626 autem;
570 3563 700 3618 utile
745 3565 888 3620 enim
927 3568 1207 3623 consilium
1239 3572 1506 3639 proponit.
1544 3573 1616 3626 At
1643 3587 1771 3626 vero
1798 3589 1888 3627 sa-

316 3653 449 3706 iutis
482 3662 584 3707 ture
610 3656 881 3725 negotium
903 3672 1118 3731 semper
1148 3673 1270 3729 age,
1305 3675 1368 3715 ac
1395 3661 1647 3731 quaelibet
1678 3666 1891 3720 occasio

317 3742 398 3796 sit
436 3742 527 3797 tibi
575 3752 788 3815 tempus
829 3730 1154 3817 suscipiendi
1208 3730 1566 3819 baptismatis.
1606 3750 1663 3805 Si
1710 3763 1888 3807 autem

320 3846 541 3900 semper
565 3833 885 3888 hodiernum
910 3836 1051 3891 diem
1088 3842 1423 3905 praeteriens,
1464 3843 1759 3895 crastinum
1789 3843 1890 3897 ob-

318 3939 528 3985 serves,
568 3925 824 3995 paulatim
857 3926 1182 3994 dill'erendo,
1220 3945 1323 3983 non
1364 3931 1749 3987 animadvertis
1783 3944 1833 3987 te
1859 3950 1889 3987 a

1986 2933 2214 3005 ὥριμος,
2245 2934 2340 2986 καὶ
2372 2932 2574 3001 ἀνάγου
2610 2932 2891 3004 θαρρήσας
2932 2930 3073 3002 ἔαρι,
3102 2930 3195 2983 καὶ
3225 2928 3417 2982 ἄνελκε
3467 2927 3567 2999 τὴν

1985 3025 2139 3088 ναῦν,
2171 3024 2331 3077 πάλιν
2370 3025 2674 3096 ἀρχομένου
2714 3023 3004 3093 χειμῶνος,
3032 3023 3128 3075 κα)¹
3154 3021 3254 3091 τῆς
3288 3019 3566 3091 θαλάσσης

1986 3117 2372 3189 ἅγριουμένης.
2402 3116 2512 3169 Καὶ
2539 3115 2776 3187 πολέμου
2814 3115 3005 3187 καιρὸς
3041 3113 3181 3167 ἔστω
3211 3130 3314 3177 σοι,
3354 3111 3443 3165 κα¹1
3487 3114 3569 3166 εί-

1988 3210 2177 3280 ρήνης,
2207 3209 2299 3261 καὶ
2343 3207 2545 3277 γάμου,
2581 3208 2676 3260 καὶ
2706 3205 2812 3259 τῶν
2860 3206 2922 3258 οὐ
2971 3205 3173 3275 γάμου,
3218 3202 3314 3257 καὶ
3357 3201 3566 3273 φιλίας,

1987 3297 2082 3348 καὶ
2118 3295 2470 3358 διαστάσεως,
2505 3295 2569 3347 ἂν
2608 3293 2808 3361 ταύτης
2841 3293 3027 3366 δεήσῃ,
3067 3293 3161 3346 καὶ
3199 3291 3399 3354 παντὸς
3429 3290 3568 3355 ὅλως

1988 3390 2342 3460 πράγματος,
2394 3388 2448 3439 εί
2508 3404 2561 3440 τι
2617 3387 2695 3459 τῷ
2748 3387 3053 3458 Σολομῶντι
3118 3384 3384 3439 πειστέον.
3435 3385 3564 3437 lla:-

1990 3480 2141 3532 στέον
2169 3478 2277 3551 (89)
2306 3478 2393 3531 δέ·
2433 3480 2526 3532 καὶ
2560 3479 2665 3550 γὰρ
2693 3479 2968 3548 ὠφέλιμος
3003 3479 3038 3548 ὴ
3072 3477 3412 3548 παραίνεσις.
3454 3474 3568 3528 Ἀεὶ

1988 3569 2044 3622 δὲ
2070 3569 2169 3641 τὴν
2205 3568 2477 3641 σωτηρίαν
2511 3567 2766 3639 ἐργάζου,
2806 3568 2902 3620 καὶ
2945 3568 3053 3630 πᾶς
3095 3566 3235 3619 ἔστω
3262 3583 3344 3619 σοι
3376 3564 3568 3635 καιρὸς

1989 3661 2084 3714 τοῦ
2142 3660 2513 3732 βαπτίσματος
2561 3661 2706 3729 ὅρος.
2745 3658 2869 3711 Ἐὰν
2903 3659 2992 3711 ἀεὶ
3020 3658 3082 3710 τὸ
3120 3659 3359 3728 σήμερον
3390 3672 3569 3726 παρα-

1990 3755 2221 3825 τρέχων,
2256 3754 2521 3825 ὲπιτηρῇς
2564 3753 2624 3806 τὸ
2651 3753 2732 3815 είς
2759 3750 2967 3823 αύριον,
2997 3749 3280 3812 λανθάνεις
3309 3748 3418 3818 (90)
3445 3748 3568 3809 ταῖς

1991 3846 2132 3899 κατὰ
2160 3844 2353 3916 μικρὸν
2390 3844 2680 3907 ἀναϐολαῖς
2712 3843 2816 3899 ὑπὸ
2847 3841 2942 3896 τοῦ
2987 3840 3232 3912 Πονηροῦ
3265 3839 3569 3909 κλεπτόμε-

1991 3955 2100 4003 νος,
2126 3936 2315 4010 ὦσπερ
2349 3937 2460 4009 (91)
2486 3937 2695 3991 ἐκείνου
2720 3936 2939 4009 τρόπος.
2981 3935 3135 4006 Ἐμοὶ
3167 3935 3256 3999 δὸς
3282 3934 3344 3986 τὸ
3370 3931 3566 4004 παρὸν,

320 4034 488 4090 pravo
517 4020 607 4073 illo
638 4020 849 4086 deludi,
891 4030 944 4073 ut
988 4020 1062 4073 ita
1110 4020 1216 4076 fert
1254 4022 1399 4077 illius
1428 4027 1782 4080 consuetudo.
1813 4027 1885 4080 Da

1994 4029 2111 4100 Θεῷ
2152 4030 2213 4082 τὸ
2260 4030 2485 4100 μέλλον*
2522 4030 2646 4100 ἐμοὶ
2683 4030 2782 4100 τὴν
2821 4029 3069 4099 νεότητα,
3100 4025 3218 4097 Θεῷ
3250 4025 3311 4078 τὸ
3348 4025 3524 4096 γῆρας
3547 4040 3562 4054 ·

321 4112 453 4165 mihi
484 4127 744 4180 prmsens,
776 4113 989 4182 inquit,
1020 4113 1258 4168 futurum
1286 4113 1427 4182 Deo;
1469 4117 1597 4169 mihi
1625 4117 1885 4186 juveniles

1995 4123 2116 4191 ἐμοὶ
2151 4122 2249 4183 τὰς
2300 4121 2520 4190 ἡδονὰς,
2567 4120 2758 4190 ἐκείνῳ
2821 4120 2918 4191 τὴν
2964 4118 3285 4189 ἀχρηστίαν.
3328 4115 3493 4178 ’Ὀσος
3537 4114 3569 4167 ὁ

319 4217 514 4267 annos,
559 4203 669 4257 Deo
718 4205 952 4270 seniles;
1004 4204 1135 4257 mihi
1177 4202 1503 4273 voluptates,
1540 4206 1650 4261 Deo
1697 4222 1885 4279 corpus

1996 4208 2125 4279 περὶ
2160 4208 2221 4260 σὲ
2250 4208 2523 4273 κίνδυνοςί
2554 4210 2654 4262 ὅσα
2690 4209 2759 4262 τὰ
2798 4210 2925 4280 παρ’
2949 4209 3139 4262 ἐλπίδα
3168 4207 3277 4278 (92)
3307 4204 3569 4276 συμπτώ-

319 4292 578 4359 eﬂ‘etum,
626 4294 893 4363 nullisque
952 4296 1138 4349 usibus
1186 4305 1391 4365 aptum.
1424 4294 1656 4363 Verum,
1693 4311 1885 4368 quanto

2004 4302 2177 4372 ματαῑ
2229 4303 2299 4353 Ἥ
2353 4301 2588 4372 πόλεμος
2639 4303 3048 4374 παρανάλωσεν,
3089 4300 3122 4371 ἢ
3174 4298 3395 4370 σεισμὸς
3445 4314 3570 4351 συν-

322 4385 377 4438 in
404 4385 645 4454 periculo
666 4388 902 4440 versaris
927 4387 951 4441 ?
979 4391 1119 4453 Quot
1144 4403 1412 4458 quamque
1432 4391 1691 4459 inopinati
1715 4406 1885 4445 rerum

1999 4391 2223 4462 έχωσεν,
2254 4392 2286 4463 ἢ
2318 4392 2559 4446 θάλασσα
2610 4393 2921 4456 ὑπεδέξατο,
2960 4392 2992 4462 ἦ
3026 4392 3211 4461 θηρίον
3239 4391 3505 4460 ἥρπασεν,
3533 4386 3569 4459 ἢ

319 4476 517 4531 casus?
567 4478 662 4533 Vel
721 4479 920 4534 bellum
974 4480 1131 4549 701
1188 4482 1548 4549 oppresserit,
1598 4470 1885 4540 vel‘terrae

1998 4485 2151 4548 νόσος
2188 4484 2485 4551 ἀπώλεσεν,
2516 4487 2548 4555 ἦ
2577 4484 2669 4554 ψἰξ
2709 4486 2819 4551 (95)
2849 4482 3301 4556 παραδραμοῦσα,
3331 4481 3392 4534 τὸ
3434 4496 3571 4548 φαυ-

325 4577 507 4623 motus
541 4571 824 4636 obruerit,
857 4573 941 4626 vel
981 4587 1131 4625 mare
1160 4572 1455 4641 exceperit,
1492 4574 1572 4628 vel
1600 4574 1774 4628 bellua
1807 4592 1892 4629 ra-

426 4744 476 4779 "
509 4744 551 4800 ll
564 4744 689 4800 Cor.
723 4762 799 4810 vr,
826 4744 881 4798 2.

550 4869 920 4944 φαινοίμεᾷα.
952 4871 1115 4944 Regg.
1154 4874 1239 4927 lim
1263 4884 1313 4926 et
1340 4875 1428 4939 ph,
1460 4872 1799 4944 φαινώμεθα.

397 4941 508 5013 (80)
550 4940 801 5013 τηε-ίαν.
840 4940 1189 5013 Ἰνθειῐῖοςε..
1221 4944 1449 5012 ὑγιείαν.

396 5010 511 5081 (31)
561 5010 930 5078 Ἐλευθερίων
960 5009 1170 5080 ζητεῖν.
1195 5009 1300 5067 Par
1325 5045 1343 5077 ,
1376 5012 1768 5085 ἐλευθεριάζειν
1802 5013 1898 5084 ζη-

330 5094 462 5139 κτα.

400 5149 513 5224 (82)
546 5151 847 5219 Οῑκήσεις.
880 5151 1014 5207 Tres
1060 5153 1252 5224 Regg..
1277 5163 1401 5208 octo
1427 5153 1583 5208 Colb.
1618 5164 1673 5207 et
1712 5152 1809 5208 0r.
1842 5153 1899 5217 1,

327 5220 573 5291 οἱκήσῃς.

1992 4576 2217 4630 λότατον
2257 4576 2328 4645 (τί
2370 4577 2478 4649 γὰρ
2517 4578 2611 4630 τοῦ
2673 4577 2965 4631 ἀποθανεῖν
2999 4575 3285 4646 ἄνθρωπον
3333 4570 3569 4625 εὐκολώ-

981 4746 1027 4778 ⁹⁶
1056 4746 1252 4816 Epltes.
1285 4763 1340 4813 ν,
1388 4750 1475 4803 14.
1564 4749 1614 4781 ’⁷
1640 4747 1745 4804 lsa.
1780 4765 2009 4813 xxxvm,
2043 4752 2123 4805 l5.
2200 4751 2245 4784 εδ
2273 4750 2451 4806 Eccle.
2479 4752 2607 4816 ut,i
2639 4767 2761 4820 sqq.

1998 4875 2059 4928 τὸ
2082 4875 2242 4945 πρωί.

2222 4944 2450 5026 {ns-ipe.
2486 4945 2830 5026 neiggzplinot
2855 4944 3005 5026 Par},
3038 4945 3279 5026 σπεῖραι.

2070 5017 2182 5139 (88)
2218 5016 2328 5069 Καὶ
2375 5015 2711 5097 συγκόμιζε.
2743 5014 2833 5070 Sne
2872 5016 3109 5085 quinque
3156 5018 3326 5105 ltcgg.
3366 5019 3420 5064 et
3460 5019 3573 5065 tres

2070 5107 2076 5135 ν
2101 5087 2151 5139 b.
2187 5087 2339 5139 Deest
2368 5086 2458 5138 καί
2488 5104 2538 5139 tu
2562 5090 2646 5139 ed.

1999 5084 2339 5141 Colb.'Deest
2368 5084 2538 5139 καίὴη
2562 5090 2646 5139 ed.
3156 5102 3163 5105 ’

2070 5157 2185 5230 (89)
2224 5156 2529 5230 Πειστᾷον.
2569 5156 2699 5230 Reg.
2725 5155 2834 5230 br_n,
2876 5151 3115 5230 πιστέον.
3282 5217 3317 5230 Α
3360 5221 3372 5230 _
3479 5218 3534 5230 Α,

2075 5217 2189 5292 (90)
2229 5224 2578 5292 Λανθάνεις.
2627 5217 2718 5278 Sic
2757 5217 2918 5280 Cuisl.
2963 5227 3013 5290 l,
3045 5222 3156 5277 les.
3187 5231 3242 5275 et
3274 5217 3442 5274 οδω.
3478 5218 3570 5273 Sic

401 5276 773 5364 (85)”Μηδέν.
801 5291 891 5346 Sic
919 5301 1151 5362 quatuor
1186 5290 1353 5364 Regg.
1376 5302 1431 5347 et
1455 5293 1635 5348 decem
1659 5292 1812 5351 Colb.
1838 5292 1899 5348 In
2005 5276 2331 5363 eus'm'iégii'
2348 5276 2743 5350 [iilliustVDeest
2767 5276 2818 5348 in
2840 5276 2931 5351 Sed.

328 5361 807 5504 ῗάἆῖἶλὲαυτόν.
868 5430 959 5487 Sic
1010 5445 1251 5504 quatuor
1300 5433 1465 5504 Regg.
1517 5441 1596 5489 et.
1618 5432 1895 5487 duodecim

329 5499 570 5555 Colb.'lu
596 5500 761 5570 liegg.
795 5502 881 5554 but
920 5512 973 5556 et
1007 5499 1059 5555 in
1087 5505 1196 5567 ed.,
1216 5499 1427 5557 ἑαυτόν.

402 5570 516 5642 (85)
561 5570 679 5639 Τὴν
730 5572 938 5626 νύκτα.
987 5570 1122 5644 Reg.
1163 5574 1279 5643 .ph,
1327 5573 1388 5627 τὸ
1434 5573 1641 5638 σκότος,
1690 5591 1711 5624 ‹
1751 5584 1898 5628 tene-

331 5640 539 5780 “2%),
561 5709 648 5777 Τῷ
672 5712 841 5780 πρωΐ.
874 5711 1009 5769 Tres
1043 5711 1240 5785 Πρω..
1287 5720 1395 5770 tres
1432 5712 1583 5771 Colbs
1618 5723 1673 5769 et
1705 5714 1798 5770 0r.
1842 5713 1893 5782 l,

2077 5357 2474 5440 (9l)__"'90'::ep.
2512 5364 2678 5440 [ξομες.
2723 5366 2784 5440 l1.
2825 5381 2875 5431 c,
2918 5366 2988 5440 tl,
3019 5362 3211 5440 ὅσπερ.
3260 5361 3423 5440 lle-g3:
3474 5357 3569 5440 ph:

2003 5429 2338 5507 ὅπερ.’Μοκ,
2380 5429 2442 5489 eo
2484 5429 2693 5507 μέλλον.
2732 5435 2822 5489 Sic
2857 5429 3010 5490 codd.
3048 5429 3217 5488 Prave
3260 5431 3312 5485 in
3352 5429 3463 5494 ed.,
3490 5429 3571 5499 τῷ

2239 5576 2500 5632 Ἐλπίδα.
2536 5577 2667 5645 Reg.
2702 5578 2753 5643 b,
2787 5575 3027 5638 ἐλπίδας.

2074 5648 2187 5720 (95)
2227 5650 2295 5703 Ἠ
2330 5650 2461 5717 ψίξ.
2495 5644 2742 5714 Budaeus,
2779 5667 2798 5699 ‹
2833 5660 2922 5701 aut
2949 5648 3084 5702 mica
3105 5644 3387 5700 aberrans.
3432 5657 3456 5696 ν
