3902 6218
207 287 330 350 577

1148 282 1411 354 onA'r'to
1449 283 1563 355 XL.
1604 332 1671 342 —
1709 300 1777 356 IN
1825 300 2156 358 SANCTUM
2200 302 2568 357 BAPTISMA.

3382 298 3490 358 378

212 382 402 474 τερον,
441 401 546 458 κᾶν
594 403 739 475 μέγα
769 407 1085 480 φρονῇς“τῇ
1111 411 1375 485 εἰκόνι;),
1405 413 1439 486 ἢ
1490 414 1654 479 πότος
1698 416 1810 487 (94)

1925 418 2113 487 puerit,
2143 416 2224 469 vel
2269 419 2488 470 morbus
2520 413 2872 471 essttuxerit‘.
2919 414 3001 469 vel
3035 414 3168 469 mica
3197 414 3369 484 panis,
3397 433 3487 474 res

213 497 548 560 πλεονάσας,
580 496 614 568 ἢ
648 496 848 568 ἄνεμος
880 500 1208 571 κρημνίσας,
1236 503 1271 574 ἢ
1308 503 1479 568 ἵππος
1527 505 1808 577 συναρπά-

215 603 345 649 σας.
384 585 419 658 ἢ
459 586 752 657 φάρμακον
798 588 910 661 (95)
962 591 1028 643 ἐκ
1085 594 1344 665 προνοίας
1389 596 1806 660 ὲπιϐουλεῦσαν,

212 678 382 748 τυχὸν
424 678 482 732 δὲ
529 680 624 732 καὶ
675 680 792 734 ἀντὶ
828 682 1097 753 σωτηρίου
1154 684 1322 752 φανὲν
1375 685 1722 760 δηλητήριον,
1770 690 1805 762 ἢ

210 768 481 840 δικαστὴς
529 769 916 842 ἀπάνθρωπος,
946 773 981 846 ἢ
1016 774 1209 847 δήμιος
1252 776 1363 848 (96)
1408 778 1805 852 ἀπαραίτητος.

1917 509 2217 572 vilissima,
2267 519 2575 562 transverse
2623 507 2951 585 per‘fattccs
3026 522 3253 563 currens
3325 508 3343 578 (
3359 509 3488 579 quid

1913 601 2057 653 enim
2090 598 2330 654 hominis
2366 600 2587 653 interitu
2636 597 2880 659 facilius,
2917 599 3258 666 quantumvis
3296 599 3367 655 ob
3409 601 3494 654 dl-

1909 692 2091 745 vinam
2127 691 2412 761 imaginem
2451 689 2781 763 glorieris?),
2817 690 2901 745 vel
2933 691 3215 745 immodica
3246 692 3489 762 crapula,

1910 785 1995 838 vel
2018 795 2210 838 ventus
2233 785 2284 838 in
2316 797 2554 853 praeceps
2575 796 2741 851 agens
2762 820 2778 846 ,
2806 781 2889 836 vel
2914 796 3085 851 equus
3108 795 3377 838 sessorem
3406 796 3493 836 se-

213 859 254 932 ἧ
283 877 337 914 τι
366 861 477 915 τῶν
522 862 626 917 ὅσα
662 862 924 934 ταχίστην
968 868 1116 918 ποιεῖ
1162 867 1260 941 τὴν
1314 869 1665 940 μετάστασιν,
1719 874 1813 927 καὶ

1925 890 2037 929 cum
2069 876 2370 945 abripiens,
2401 874 2484 928 vel
2519 874 2873 941 pharmacttm
2903 873 2969 927 de
3004 872 3266 926 industria
3302 872 3368 926 ad
3409 871 3492 924 in-

214 952 476 1025 βοηθείας
505 954 625 1026 ίσχυ
629 955 752 1026 ροτὲ
761 971 879 1026 ραν.

1916 965 2082 1019 sidias
2117 974 2521 1034 comparatum,
2555 961 2785 1017 fortasse
2814 970 2978 1015 ettam
3012 977 3109 1032 pro
3142 961 3363 1016 salutari
3394 976 3490 1030 pe-

215 1045 476 1101 stiferum
502 1047 803 1112 inventum,
838 1048 922 1103 vel
951 1047 1277 1107 inhumanus
1300 1052 1487 1122 judex,
1511 1054 1594 1110 vel
1652 1055 2003 1112 inexorabilis
2037 1058 2308 1124 carnifex,
2334 1055 2418 1110 vel
2442 1056 2676 1125 denique
2735 1055 3005 1125 quidpiam
3077 1068 3300 1121 eorum,
3369 1070 3493 1122 quae

219 1134 462 1189 celerem
495 1145 746 1202 mortem,
778 1147 938 1208 atque
965 1141 1114 1195 omni
1138 1156 1239 1212 ope
1262 1152 1319 1197 et
1344 1145 1545 1199 auxilio
1577 1146 1913 1216 validiorem,
1933 1148 2190 1205 eﬂiciuut.

292 1226 396 1280 lE'.
435 1227 499 1280 El
524 1226 581 1280 δὲ
605 1229 1042 1300 προκαταλάϐοις
1066 1232 1290 1285 σεαυτὸν
1314 1236 1379 1304 τῇ
1406 1235 1686 1305 σφραγῖδι,
1713 1237 1810 1289 καὶ

213 1316 285 1370 τὸ
322 1317 518 1389 μέλλον
547 1321 875 1390 ἀσφαλίσαιο
909 1324 987 1396 τῷ
1015 1326 1286 1399 καλλίστῳ
1307 1331 1415 1381 τῶν
1445 1329 1809 1401 βοηθημάτων

220 1410 322 1461 καὶ
362 1412 727 1484 στεῤῥοτάτῳ,
779 1415 1107 1485 σημειωθεὶς
1152 1419 1246 1474 καὶ
1277 1418 1455 1490 ψυχὴν
1493 1420 1588 1473 καὶ
1626 1421 1806 1492 σῶμα,

219 1499 302 1570 τῷ
338 1502 600 1573 χρίσματι
648 1505 743 1560 καὶ
784 1505 864 1577 τῷ
900 1506 1197 1579 Πνεύματι,
1242 1509 1319 1573 ὡς
1358 1512 1387 1563 6
1427 1511 1540 1584 (97)
1590 1512 1807 1584 Ἰσραὴλ

222 1589 397 1645 πάλαι
436 1592 516 1665 τῷ
553 1596 850 1668 νυκτερινῷ
883 1598 978 1651 καὶ
1018 1598 1336 1671 φυλακτικῷ
1369 1601 1478 1654 τῶν
1530 1603 1806 1674 πρωτοτό-

1985 1237 2103 1294 XV.
2138 1237 2208 1292 At
2230 1237 2275 1292 si
2309 1250 2408 1307 per
2449 1234 2777 1305 baptismum
2819 1232 3049 1303 teipsum
3079 1230 3491 1301 prtemunieris.

1915 1346 1981 1386 ac
2007 1330 2379 1401 pulcherrimo
2400 1339 2451 1383 et
2480 1328 2790 1382 ﬁrmissimo
2810 1326 3015 1380 auxilio
3040 1325 3134 1379 tibi
3164 1325 3215 1377 in
3247 1322 3488 1378 futurum

1913 1423 2142 1486 caveris,
2175 1422 2414 1476 animum
2450 1421 2655 1475 scilicet
2692 1431 2746 1474 et.
2776 1432 2971 1487 corpus
3006 1416 3256 1471 unctione
3287 1424 3343 1470 et
3371 1416 3493 1485 Spi-

1912 1515 2017 1569 ritu
2062 1514 2411 1583 consiguans,
2437 1511 2885 1582 quemadmodum
2914 1508 3040 1562 olim
3074 1506 3236 1563 Israel
3270 1517 3492 1561 noctur-

1911 1619 1984 1659 no
2017 1603 2107 1659 illo
2132 1618 2348 1666 cruore,
2382 1603 2471 1671 qui
2523 1602 2854 1671 primigenos
2893 1601 3177 1663 tuebatur;
3216 1598 3344 1667 quid
3396 1598 3489 1653 tibi

220 1698 339 1737 κων
368 1685 561 1756 αἵματι
585 1688 699 1757 (98)
720 1704 734 1718 ·
765 1688 819 1741 τί
859 1706 938 1743 σοι
968 1692 1330 1763 συμϐήσεται,
1363 1694 1459 1746 καὶ
1488 1694 1542 1747 τί
1584 1712 1666 1748 σοι
1701 1712 1800 1747 πε·-

1925 1697 2144 1759 tccidet,
2175 1707 2231 1751 et
2274 1698 2417 1766 quod
2467 1697 2559 1748 tibi
2602 1695 2907 1764 praesidium
2951 1703 3320 1760 comparatum
3352 1691 3496 1745 erit?

222 1776 686 1845 πραγμάτευται;
717 1778 838 1831 Τῶν
863 1781 1181 1853 Παροιμιῶν
1210 1781 1442 1836 ἄκουσον
1460 1799 1473 1813 ·
1518 1784 1660 1838 Ἐὰν
1694 1784 1804 1857 γὰρ

222 1864 405 1934 κάθῃ,
463 1868 649 1938 φησὶν,
710 1870 935 1940 ἄφοϐος
983 1873 1135 1943 ἔσῃ·
1200 1875 1337 1929 Ἐὰν
1388 1876 1445 1929 δὲ
1490 1878 1805 1947 καθεύδῃς,

220 1955 420 2024 ἡδέως
446 1959 769 2027 ὑπνώσεις.
796 1963 905 2016 Καὶ
936 1964 1087 2038 παρά
1121 1964 1213 2018 τοῦ
1236 1965 1402 2019 Δαϐὶδ
1421 1966 1809 2038 εὐαγγελίσθη-

223 2064 279 2103 τι
304 2064 321 2080 ·
365 2052 448 2104 Οὐ
483 2051 800 2123 φοϐηθήσῃ
850 2054 970 2109 ἀπὸ
1019 2058 1209 2124 φόϐου
1261 2059 1632 2126 νυκτερινοῦ,
1690 2058 1810 2113 ἀπὸ

220 2141 686 2212 συμπτώματος,
719 2146 817 2200 καὶ
853 2145 1162 2216 δαιμονίου
1190 2149 1622 2218 μεσημϐρινοῦ.
1674 2149 1810 2201 Τοῦ-

224 2231 290 2285 τό
335 2249 419 2285 σοι
446 2236 542 2289 καὶ
574 2236 738 2301 ζῶντι
772 2230 1034 2307 ¹μέγιστον
1073 2240 1153 2302 εἰς
1174 2239 1493 2308 ἀσφάλειαν.
1532 2241 1811 2312 Πρόϐατον

223 2322 340 2394 γὰρ
369 2327 805 2399 ὲσφραγισμένον
844 2331 904 2383 οὐ
943 2331 1142 2402 ῥᾳδίως
1182 2332 1614 2397 ἐπιϐουλεύεται,
1651 2335 1712 2387 τὸ
1754 2334 1812 2387 δὲ

224 2416 543 2487 ἀσήμαντον
575 2420 834 2486 κλέπταις
859 2422 1127 2477 εὐάλωτον
1152 2441 1167 2456 ο
1198 2425 1291 2478 καὶ
1319 2424 1606 2479 ἀπελθόντι
1641 2423 1813 2489 δεξιὸν

223 2508 506 2578 ἐντάφιον,
541 2512 768 2582 ἐσθῆτος
793 2514 1189 2587 λαμπρότερον,
1229 2515 1431 2588 χρυσοῦ
1465 2515 1811 2586 τιμιώτερον,

227 2600 404 2669 τάφου
438 2603 1038 2677 μεγαλοπρεπέστερον,
1072 2608 1280 2675 ἀγόνων
1316 2606 1458 2678 χοῶν
1497 2607 1818 2661 εὐσεϐέστε-

229 2707 331 2763 ρον
364 2692 495 2763 (99).
530 2696 913 2767 ἀπαργμάτων
953 2697 1133 2768 ὡρίων
1174 2697 1552 2770 καιριώτερον,
1590 2691 1662 2752 ὧν
1704 2700 1818 2762 τοῖς

228 2786 450 2855 νεκροῖς
487 2788 537 2840 οἱ
569 2790 751 2860 νεκρώ⁸
774 2790 1110 2861 χαρίζονται,
1143 2791 1306 2860 νόμον
1337 2791 1693 2862 ποιησάμενοι
1724 2789 1817 2861 τὴν

230 2875 548 2946 συνήθειαν.
584 2878 770 2933 Πάντα
801 2881 1031 2952 οἰχέσθω
1062 2897 1164 2947 σοι,
1199 2884 1376 2935 πάντα
1413 2881 1817 2953 διαρπαςέσθω,

228 2965 519 3035 χρήματα,
579 2970 853 3040 κτήματα,
899 2971 1100 3041 θρόνοι,
1150 2972 1553 3043 λαμπρότητες,
1581 2975 1681 3027 ὅσα
1721 2975 1819 3044 τῆς

1908 1784 2047 1838 Audi
2088 1782 2392 1837 Salomonis
2451 1782 2792 1838 Proverbia:
2826 1783 2883 1837 Si
2917 1784 3139 1845 sederis,
3188 1782 3285 1844 ait,
3334 1782 3494 1835 intre-

1907 1873 2063 1941 pidus
2106 1874 2205 1926 eris
2225 1888 2245 1936 ;
2278 1874 2323 1924 si
2357 1873 2655 1937 dormieris,
2701 1888 2909 1925 suavem
2938 1887 3175 1925 somnum
3222 1887 3403 1939 carpes
3423 1872 3491 1927 ”.

1908 1964 2048 2017 Audi
2075 1964 2235 2018 etiam
2266 1965 2391 2033 quid
2435 1966 2526 2018 tibi
2560 1964 2666 2018 lazti
2710 1963 2920 2016 nuntiet
2948 1962 3113 2015 David
3149 1977 3169 2031 ε,
3197 1960 3318 2015 Non
3346 1962 3495 2014 linte-

1911 2054 2026 2119 bis,
2061 2055 2271 2123 inquit,
2305 2072 2336 2107 a
2361 2055 2549 2108 timore
2586 2064 2861 2113 nocturno.
2897 2053 2961 2105 ab
2992 2055 3203 2106 incursu
3227 2091 3242 2115 ,
3274 2062 3320 2105 et
3380 2054 3493 2104 dae-

1911 2146 2089 2199 monia
2119 2145 2409 2199 meridiano
2440 2147 2480 2200 ¹.
2507 2146 2617 2200 lloc
2644 2146 2734 2199 tibi
2760 2158 2812 2199 et
2836 2146 3060 2210 viventi,
3102 2146 3395 2198 maximum
3427 2147 3495 2198 ad

1912 2235 2261 2289 securitatem
2312 2246 2642 2289 momentum
2670 2235 2860 2290 alTeret
2891 2236 3078 2305 (pecus
3111 2238 3252 2289 enim
3286 2237 3492 2305 signata

1914 2342 2021 2381 non
2078 2327 2235 2382 facile
2288 2328 2504 2382 insidiis
2536 2330 2830 2398 appetitur,
2879 2343 2998 2397 qua).
3054 2339 3233 2383 autem
3276 2329 3496 2381 minime

1915 2419 2125 2486 signata
2174 2428 2290 2483 est,
2338 2435 2367 2472 a
2418 2419 2626 2474 furibus
2662 2419 2820 2475 facile
2851 2423 2969 2489 capi
3015 2420 3253 2491 potest);
3306 2430 3362 2474 et
3386 2424 3491 2472 vita

1915 2509 2200 2580 perfuncto
2221 2553 2234 2577 ,
2260 2512 2601 2565 commodum
2632 2512 2898 2579 quoddam
2925 2551 2940 2575 ,
2976 2521 3229 2580 tauquam
3267 2510 3496 2567 funebre

1918 2617 2148 2667 munus,
2176 2601 2415 2655 futurum
2445 2611 2529 2656 est
2550 2641 2565 2663 ,
2592 2611 2743 2657 veste
2789 2603 3120 2671 splendidius
3143 2642 3158 2667 ,
3195 2618 3327 2656 auro
3356 2618 3496 2671 pra:-

1918 2693 2173 2757 stantius,
2196 2692 2402 2746 tumulo
2426 2692 2877 2762 magnilicentius,
2907 2694 3253 2747 infructttosis
3276 2694 3495 2746 L-bami-

1921 2785 2077 2840 nibus
2131 2784 2458 2853 religiosius,
2514 2793 2850 2840 maturorum
2914 2784 3180 2839 fructuum
3238 2784 3493 2853 primitiis

1921 2877 2322 2945 tempestivius,
2355 2878 2527 2946 iisque
2564 2876 2816 2931 omnibus
2868 2878 3030 2931 rebus
3052 2918 3067 2940 ,
3098 2891 3233 2944 quas
3255 2876 3480 2930 .mortni

1923 2968 2150 3023 mortuis
2193 2970 2512 3039 largiuntur,
2545 2969 2991 3024 consuetudinem
3026 2984 3124 3038 pro
3158 2969 3271 3039 lege
3295 2970 3490 3023 obser-

229 3054 390 3109 κάτω
420 3061 757 3131 περιφορᾶςο
795 3062 859 3115 σὺ
907 3061 964 3114 δὲ
998 3062 1074 3133 (1)
1110 3063 1412 3117 κατάλυσω
1452 3065 1510 3116 ἐν
1554 3064 1817 3134 ἀσφαλείᾳ

1925 3069 2130 3116 vantes.
2165 3060 2359 3116 Omnia
2396 3061 2487 3115 tibi
2514 3071 2779 3131 pereant,
2811 3061 2992 3115 omnia
3028 3060 3373 3130 diripiantur,
3403 3074 3498 3128 pe-

227 3146 330 3201 τὸν
352 3147 489 3218 βίον,
521 3150 684 3221 μηδὲν
709 3152 1007 3224 ζημιωθεὶς
1035 3154 1111 3225 (2)
1139 3153 1247 3208 τῶν
1270 3156 1337 3208 ὲκ
1363 3155 1499 3208 Θεοῦ
1528 3173 1610 3208 σοι
1638 3155 1819 3208 δοθέν-

228 3255 347 3293 των
374 3242 455 3305 είς
496 3244 768 3315 σωτηρίαν
802 3244 1185 3317 βοηθημάτων.

1918 3152 2115 3217 cuniaa,
2148 3153 2344 3222 prtedia
2372 3194 2388 3219 ,
2420 3152 2599 3207 throni
2625 3192 2643 3219 ,
2673 3152 3020 3222 splendores,
3047 3168 3111 3206 ac
3138 3156 3358 3217 caetera;
3377 3165 3499 3220 quae

1920 3258 2071 3313 vagae.
2097 3253 2259 3312 atque
2292 3244 2512 3297 incert-er
2536 3242 2695 3312 hujus
2722 3246 2847 3298 vitae
2874 3255 2996 3297 sunt
3023 3262 3037 3298 :
3069 3252 3124 3296 tu
3151 3257 3275 3296 vero
3306 3257 3498 3296 secura

229 3342 290 3388 et
330 3336 616 3402 tranquilla
651 3348 829 3391 mente
852 3341 992 3394 diem
1025 3342 1270 3396 ultimum
1305 3343 1519 3404 claude,
1556 3341 1702 3397 nullo
1738 3357 1802 3397 ex
1844 3342 2118 3405 omnibus,
2173 3355 2294 3409 qua:
2344 3340 2438 3394 Dei
2488 3340 2751 3395 beneﬁcio
2806 3341 2901 3395 tibi
2984 3342 3051 3394 ad
3105 3340 3333 3395 salutem
3366 3354 3499 3394 con-

230 3438 389 3481 cessa
416 3435 564 3492 sunt,
595 3427 799 3482 auxilio
831 3428 1143 3484 destitutus.

306 3518 426 3587 ις’.
480 3518 642 3573 Ἀλλά
684 3522 846 3595 φοϐῇ,
880 3524 955 3595 μὴ
978 3523 1298 3598 διαφθείρῃς
1333 3523 1396 3577 τὸ
1430 3523 1696 3596 χάρισμα,
1732 3523 1826 3577 καὶ

2005 3496 2237 3572 ΧΥΙίΑι
2276 3518 2503 3581 metuis,
2534 3533 2604 3573 ne
2632 3517 2860 3587 gratiam
2891 3532 3241 3584 corrumpas,
3272 3531 3335 3569 ac
3372 3531 3500 3586 pro-

232 3612 327 3667 διά
368 3612 528 3666 τοῦτο
562 3612 842 3687 ἀναϐάλλῃ
880 3614 978 3686 τὴν
1022 3615 1310 3688 κάθαρσιν,
1333 3615 1409 3679 ὡς
1440 3615 1698 3685 δευτέραν
1725 3615 1817 3669 οὐκ

1925 3608 2051 3663 inde
2079 3609 2382 3677 purgationi
2416 3624 2620 3661 moram
2651 3610 2901 3676 producis
2929 3648 2942 3669 ,
2986 3618 3170 3676 utpote
3199 3608 3401 3661 nullam
3423 3608 3502 3663 al-

231 3706 413 3777 ἓχων;
443 3705 508 3758 Τί
542 3705 655 3770 δαί;
688 3707 762 3759 Οὐ
801 3706 962 3777 φοϐῇ,
994 3706 1069 3778 μὴ
1106 3706 1307 3778 διώκτῃ
1338 3705 1520 3779 καιρῷ
1550 3705 1825 3759 κινδυνεύ-

234 3811 358 3869 σῃς,
393 3795 490 3847 καὶ
525 3794 585 3848 τὸ
609 3797 865 3867 μέγιστον
904 3790 980 3849 ὧν
1006 3795 1171 3867 ἔχεις,
1198 3795 1504 3867 ἀφαιρεθῇς
1544 3795 1822 3866 Χριστόν;

232 3883 363 3959 'Ap’
391 3883 485 3940 οὖν
525 3887 613 3940 διά
651 3885 812 3941 τοῦτο
855 3886 1025 3959 φεύξῃ
1057 3888 1153 3941 καὶ
1187 3888 1249 3939 τὸ
1280 3886 1531 3957 γενέσθαι
1563 3887 1825 3958 Χριστια-

233 3978 359 4043 νόςς
392 3979 644 4047 Ἀπαγει
677 3978 789 4049 Οὐχ
810 3978 1143 4047 ὑγιαίνοντος
1161 3979 1191 4030 6
1221 3977 1384 4046 φόϐος
1410 3977 1506 4048 (5),
1539 3994 1823 4048 παραφρο-

234 4069 456 4132 νοῦντος
487 4071 516 4122 6
539 4067 817 4139 λογισμός.
850 4069 914 4121 Ὠ
935 4071 1033 4139 τῆς
1058 4067 1388 4131 ἀνευλαϐοῦς
1425 4066 1730 4131 εὐλαϐείας,
1772 4068 1822 4120 ει

234 4159 506 4214 δεῖτοῦτο
533 4160 739 4212 είπεῖνί
790 4158 836 4211 ὢ
874 4158 984 4211 τῶν
1023 4158 1117 4212 τοῦ
1154 4157 1391 4230 πονηροῦ
1437 4158 1818 4227 σοφισμάτωνὲ

240 4253 452 4315 Ὄντως
474 4252 665 4315 σκότος
695 4251 830 4312 ἐστὶ.
858 4251 951 4305 καὶ
978 4251 1094 4320 φῶς
1124 4250 1490 4323 ὑποκρίνεται.
1526 4250 1692 4302 Ὅταν
1719 4267 1824 4320 μη-

236 4342 327 4397 δὲν
359 4343 556 4414 ἰσχύσῃ
604 4342 852 4415 φανερῶς
889 4342 1163 4414 πολεμῶν,
1197 4342 1422 4412 ἀφανῶς
1466 4341 1819 4396 ἐπιϐουλεύει.

308 4458 357 4491 ⁹⁹
393 4456 554 4512 Prov.
586 4472 669 4520 ttt,
706 4456 798 4513 21.
877 4456 895 4488 ¹
933 4454 1077 4511 Psal.
1109 4471 1200 4524 xc,
1231 4454 1287 4514 5.

313 4593 428 4664 (94)
466 4593 675 4664 Πότος.
737 4592 820 4664 Ιηᾍγ
846 4592 1161 4659 nonnullis,
1217 4601 1273 4647 et
1329 4593 1572 4664 quidem,
1611 4593 1827 4664 optima:
1856 4593 1902 4650 D

237 4661 708 4788 ἓοιέ,’ἔτοταμός,
751 4661 984 4719 «ﬂuvius
1015 4663 1313 4719 exundans.
1328 4661 1356 4716 »⁷
1376 4663 1467 4719 Sic
1505 4663 1668 4718 etiam
1696 4663 1827 4734 legit

293 4750 340 4786 lc
400 4750 430 4785 a
466 4772 481 4786 ο

293 4736 481 4786 iectas.

314 4802 428 4874 (95)
461 4804 533 4858 Ἠ
579 4802 919 4874 φάρμακον,
954 4810 1061 4857 etc.
1109 4800 1328 4857 Nicetas
1378 4802 1431 4857 id
1482 4801 1719 4874 exponit
1758 4801 1824 4874 de

238 4871 544 4944 pharmace
576 4871 824 4928 consulto
879 4882 1200 4944 temperato,
1234 4888 1328 4928 seu
1370 4871 1597 4944 veneno,
1637 4871 1720 4926 vel
1757 4872 1826 4925 de

240 4942 543 5013 pharmace
573 4944 644 4998 ad
685 4943 1060 5013 purgationem
1095 4944 1311 5010 quidem
1347 4951 1403 4996 et
1432 4942 1683 5004 salutem,
1717 4956 1827 4994 me-

241 5013 494 5083 dicaram
541 5014 818 5083 opinione,
868 5020 1158 5081 porrecto;
1205 5025 1390 5067 verum
1437 5013 1558 5081 ipso
1602 5022 1821 5076 eventu,

241 5081 466 5136 exitiale
499 5096 563 5137 ac
579 5081 792 5136 'lethale
817 5084 1059 5136 invento.

318 5151 435 5222 (96)
461 5153 541 5207 Ἦ
560 5151 796 5222 δήμιος,
829 5160 936 5207 etc.
970 5150 1149 5207 Nicet.
1183 5150 1217 5222 ἢ
1247 5150 1441 5222 δῆμος,
1484 5167 1507 5202 ι
1549 5148 1828 5222 νξιίΐοοιίο

243 5219 422 5289 plebis
450 5219 826 5286 inexorabilis,
853 5239 874 5274 ι
897 5236 1005 5290 qua
1026 5234 1170 5291 stepe
1191 5219 1435 5293 contigit,
1463 5228 1523 5274 ut
1554 5221 1655 5274 viri
1689 5220 1823 5274 insi-

243 5304 381 5359 gnes
412 5294 689 5359 perierint.

318 5360 573 5432 (97))‘09
615 5365 669 5419 ό.
707 5362 802 5419 Sic
836 5361 1077 5432 quinque
1124 5361 1295 5432 Regg.
1336 5369 1389 5417 et
1432 5376 1622 5418 novem
1669 5361 1823 5419 Colb.

236 5425 423 5485 Deest
436 5431 466 5483 ὁ
503 5425 561 5485 ili
590 5433 680 5486 ed.

329 5499 443 5569 (98)
467 5502 698 5572 Αἶματι.
728 5500 820 5558 Sic
834 5500 1016 5572 plures
1038 5500 1205 5572 Begg.
1231 5508 1284 5555 et
1315 5499 1465 5554 Coll).
1494 5500 1589 5556 0r.
1616 5503 1668 5569 1,
1692 5510 1823 5568 etc.,

232 5586 486 5644 quorum
511 5571 845 5627 auctoritate
877 5571 1195 5644 delevimus,
1228 5571 1324 5625 καὶ
1348 5572 1612 5643 χρίσματι
1632 5612 1647 5633 .
1703 5591 1723 5623 ι
1770 5584 1828 5628 et.

237 5641 662 5713 unctionibus,»
710 5657 831 5713 quae
882 5641 957 5713 in“
983 5643 1074 5697 ed.
1122 5641 1430 5713 immediate
1482 5641 1819 5711 sequuntur.

230 5711 359 5769 Hae
384 5711 554 5766 etiam
582 5709 744 5769 voces
768 5726 870 5768 nec
888 5709 1113 5768 Nicetes
1130 5726 1234 5767 nec
1251 5710 1443 5768 Bittius
1466 5709 1786 5781 agitoscuttt.

1926 3700 2229 3768 teratnjam
2264 3701 2399 3754 ultra
2452 3701 2693 3756 habens?
2737 3701 2896 3770 702
2938 3702 3073 3766 Quid
3120 3702 3335 3755 autem?
3383 3701 3499 3755 Non

1921 3793 2149 3859 vereris,
2187 3807 2255 3847 ne
2284 3794 2679 3862 persecutionis
2711 3802 2952 3862 tempore
2988 3795 3039 3847 in
3071 3794 3369 3862 periculum
3403 3796 3496 3848 ad-

1922 3883 2175 3950 ducaris,
2225 3898 2290 3937 ac
2331 3882 2552 3938 Christo
2578 3925 2594 3949 ,
2640 3886 2990 3954 possessione
3044 3888 3284 3939 omnium
3310 3925 3326 3950 ,
3366 3900 3504 3957 quas

1925 3975 2128 4041 habes,
2182 3977 2668 4045 praestantissima,
2710 3977 2997 4047 spolieris?
3042 3977 3177 4030 Nam
3223 3978 3384 4048 igitur
3431 3978 3502 4031 ob

1925 4069 2066 4126 hanc
2088 4085 2305 4126 causam
2337 4086 2366 4126 a
2400 4073 2745 4142 suscipiendo
2778 4074 3198 4127 (lbristiauismo
3226 4072 3501 4143 refugies?

1925 4161 2121 4218 Absit!
2152 4162 2266 4218 Non
2306 4174 2391 4218 est
2429 4165 2546 4218 sani
2599 4165 2833 4218 hominis
2862 4165 2948 4219 hic
2983 4175 3156 4219 metus
3190 4183 3203 4219 :
3235 4165 3504 4233 desipien-

1926 4253 1998 4307 tis
2047 4263 2133 4309 est
2178 4254 2293 4310 hate
2340 4256 2620 4325 cogitatio.
2652 4255 2696 4311 0
2731 4256 2998 4310 incautam
3025 4296 3041 4321 ,
3080 4266 3137 4309 ut
3177 4255 3248 4310 ita
3290 4255 3501 4326 loquar,

1930 4346 2271 4402 cautionem!
2312 4346 2358 4401 0
2395 4348 2641 4418 ingentes
2666 4348 2817 4417 pravi
2863 4348 3007 4403 illius
3032 4349 3331 4403 versutiasl
3367 4348 3505 4405 Vere

2003 4591 2115 4662 (99)
2161 4591 2420 4661 Ἀγόνων
2450 4592 2609 4661 χοῶν
2637 4589 3087 4659 εὐσεϐέστερον.
3140 4591 3322 4648 Schol.
3379 4590 3502 4647 Τῶν

1929 4666 2044 4727 τοῖς
2084 4665 2297 4733 νεκροῖς
2343 4662 2664 4732 διδομένων·
2732 4682 2751 4715 ι
2782 4662 3065 4717 Liltamina
3112 4678 3232 4731 qua:
3278 4669 3503 4718 mortuis

1913 4734 2315 4790 offerebantur.
2345 4751 2365 4785 ι
2417 4733 2506 4785 llla
2557 4748 2719 4801 porro
2770 4734 3090 4787 constabant
3142 4734 3285 4798 vino,
3319 4734 3498 4799 melle,

1930 4806 2069 4859 lacte
2096 4813 2149 4856 et
2177 4803 2316 4864 oleo,
2369 4818 2431 4855 ac
2476 4810 2808 4855 mottuortttu
2837 4802 3099 4871 sepulcris
3129 4818 3156 4854 a
3186 4804 3499 4871 parentibus

1928 4886 1984 4928 et
2004 4873 2315 4942 propinquis
2332 4873 2773 4926 iulundebautur.
2794 4874 3050 4942 Dicuntur
3066 4892 3085 4923 ι
3111 4872 3495 4939 infructuosa,»

1930 4941 2081 5013 quod
2113 4943 2467 4996 cadaveribus
2491 4942 2951 5013 impenderentur.
2980 4941 3037 4994 In
3059 4942 3143 4994 his
3176 4952 3351 4996 autem
3380 4955 3503 4997 erat

1930 5010 2174 5082 quaedam
2204 5013 2395 5079 pietas,
2436 5014 2594 5079 idque
2622 5020 2827 5079 spectat
2864 5010 3105 5079 Gregorii
3136 5014 3491 5079 comparatio.

1934 5083 2122 5138 Billitts
2177 5082 2229 5134 itt
2289 5082 2433 5135 notis
2487 5097 2607 5135 cum
2664 5082 2950 5144 Hervagio,
3003 5083 3336 5151 commodius
3392 5082 3492 5151 legi

1933 5152 2181 5222 ἀγώνων,
2221 5169 2239 5202 ι
2262 5152 2558 5206 certamina
2589 5170 2609 5202 ι
2633 5152 2950 5222 arhittatttr,
2980 5153 3102 5222 quia
3136 5150 3342 5205 scilicet
3367 5150 3495 5205 olim

1931 5221 2084 5276 varia
2124 5223 2421 5275 certamina
2462 5222 2515 5273 in
2566 5221 2844 5277 funeribus
2893 5221 3315 5275 clarissimorum
3350 5222 3496 5274 viro-

1934 5308 2053 5346 rum
2100 5292 2559 5360 proponebantur.
2603 5290 2707 5344 Sed
2761 5289 2893 5345 nihil
2941 5306 3075 5356 optts
3116 5300 3195 5343 est
3247 5289 3497 5361 Gregorii

1935 5362 2336 5416 similitudinem
2362 5364 2426 5413 ad
2452 5363 2563 5430 haec
2587 5362 2884 5413 certamina
2908 5363 3254 5430 detorquere,
3271 5371 3331 5416 ttt
3354 5372 3510 5417 recte

1932 5432 2287 5488 Combelisius
2314 5443 2503 5484 contra
2534 5429 2746 5483 Billium
2772 5433 3044 5484 observat.

2032 5503 2081 5572 l)
2114 5500 2198 5554 Σὺ
2228 5500 2316 5553 δέ.
2356 5501 2485 5572 Ileg.
2515 5504 2587 5572 Vpb
2614 5500 2790 5572 addit,
2826 5499 2932 5569 μοί.

2025 5569 2082 5641 2)
2119 5571 2462 5639 Ζημιωθείς.
2496 5571 2657 5641 (Ξυίείι.
2696 5570 2748 5635 1,
2775 5569 3078 5641 ζημιωθῇς.

2004 5640 2084 5697 l5)
2125 5644 2339 5708 Φόϐος.
2367 5641 2581 5707 Conth.,
2616 5640 2792 5705 λόγος,
2828 5640 3106 5697 ιεθῐιιιυη
