3902 6218
417 291 525 347 579

1623 287 1680 343 S.
1725 287 2057 345 GREGOR"
2096 283 2449 342 THEOLOGI

3577 285 3704 341 380

414 407 509 463 i-lle
563 400 740 474 caligo
781 409 886 468 est,
925 410 981 457 et
1021 402 1198 457 lucem
1247 401 1563 457 ementitur.
1621 403 1757 459 Cum
1810 414 1997 475 aperto

2108 404 2208 456 Καὶ
2245 402 2455 471 γίνεται
2479 398 2783 472 σύμϐουλος
2804 400 2880 464 ὡς
2911 400 3147 473 χρηστὸς
3180 400 3277 473 (4),
3307 400 3383 454 ὢν
3410 404 3657 472 πονηρός
3684 414 3703 429 ⁸

414 507 590 554 marte
618 495 749 550 nihil
779 494 1012 565 perficit,
1046 495 1272 549 insidias
1299 497 1529 549 obscure
1553 495 1760 563 tendit;
1790 505 1845 551 et
1870 511 1993 551 cum

413 603 615 659 pravus
639 589 730 653 sit,
764 588 917 656 quasi
951 588 1218 643 humanus
1248 601 1312 640 ac
1356 586 1495 641 bene
1521 586 1779 653 allectus,
1813 587 1995 642 consi-

415 679 547 734 lium
571 681 684 744 dat,
718 690 774 733 ut
821 679 1081 733 alterutro
1115 689 1265 734 certe
1300 679 1458 734 modo
1488 681 1737 749 superior
1775 682 1995 735 omnino

417 770 681 837 discedat,
710 785 811 825 nec
837 770 945 824 ulla
974 769 1185 824 ratione
1209 770 1376 838 ipsius
1406 771 1633 825 insidias
1653 770 1992 842 ell‘ugiamus.

415 861 475 919 Id
509 864 652 934 quod
706 864 795 918 hic
833 877 1050 932 quoque
1095 863 1380 932 perspicue
1419 863 1659 917 molitur.
1706 863 1840 917 Nam
1873 879 1993 919 cum

418 953 515 1009 tibi
574 954 626 1007 in
676 953 916 1006 animum
974 951 1233 1005 inducere
1283 959 1540 1020 nequeat,
1579 960 1637 1005 ut
1667 951 1994 1021 baptismum

415 1046 594 1117 palam
643 1055 936 1115 aperteque
976 1053 1294 1099 contemnas
1334 1059 1398 1098 ac
1442 1059 1540 1114 pro
1582 1044 1749 1100 nihilo
1795 1046 1992 1110 ducas,

416 1151 516 1207 per
564 1140 745 1191 [ictam
794 1136 1100 1191 cautionem
1147 1145 1196 1190 te
1244 1150 1309 1189 eo
1356 1137 1624 1200 mulctat,
1654 1147 1713 1191 ut
1765 1137 1818 1191 in
1873 1153 1993 1192 eam

416 1228 659 1283 fraudem
679 1271 694 1295 ,
731 1242 893 1296 quam
930 1227 1128 1281 metuis
1153 1266 1168 1290 ,
1208 1226 1525 1296 imprudens
1555 1241 1651 1296 per
1680 1237 1881 1282 metum
1913 1229 1996 1282 in-

415 1314 608 1382 cidas;
639 1324 694 1370 et
725 1314 852 1369 dum
885 1315 1062 1382 times,
1088 1331 1157 1370 ne
1190 1316 1387 1371 donum
1422 1332 1762 1387 corrumpas,
1790 1333 1853 1373 ea
1880 1323 1994 1387 ipsa

416 1408 485 1463 de
504 1422 668 1463 causa
706 1408 774 1463 ab
810 1408 912 1462 hoc
942 1423 1168 1477 prorsus
1192 1408 1433 1463 excidas.
1458 1409 1634 1477 Atque
1666 1409 1754 1462 ille
1776 1410 1993 1478 quidem

416 1499 520 1556 hoc
565 1500 782 1572 ingenio
829 1510 949 1567 est,
988 1516 1089 1555 nec
1120 1516 1358 1570 unquam
1390 1502 1641 1555 versutia:
1686 1516 1797 1555 sua:
1834 1502 2013 1571 linem

416 1599 639 1656 statuet,
668 1592 905 1662 quandiu
937 1608 1035 1647 nos
1059 1593 1127 1647 ad
1157 1592 1358 1647 caelum
1387 1602 1740 1662 properantes
1769 1594 1993 1662 videbit,

416 1681 563 1738 unde
594 1682 712 1753 ipse
756 1683 995 1754 deiectus
1027 1693 1130 1739 est.
1168 1683 1247 1737 Tu
1278 1691 1481 1751 autem,
1511 1699 1544 1738 o
1579 1685 1738 1739 homo
1766 1686 1884 1747 Dei,
1912 1686 1997 1740 fac

2104 499 2172 552 ἵν’
2208 498 2289 551 ἐνί
2316 515 2381 567 γε
2408 496 2487 567 τῷ
2515 496 2701 567 τρόπῳ
2734 495 2952 559 πάντως
2983 494 3195 566 ἰσχύσῃ,
3233 494 3327 549 καὶ
3372 496 3704 568 μηδαμοθεν

2102 586 2268 642 αὐτοῦ
2296 588 2397 658 τὴν
2424 585 2716 657 ἐπιϐουλὴν
2734 584 3106 657 διαφύγωμεν.
3140 584 3317 659 ’Ὅπερ
3336 584 3430 640 οὖν
3459 586 3703 642 κάνταῦ-

2102 680 2171 734 θα
2213 680 2401 749 σαφῶς
2425 677 2765 750 τεχνάζεται.
2800 678 2872 732 ’Ῑδ
2899 679 3008 750 γὰρ
3035 679 3283 751 φανερῶς
3323 684 3703 752 καταφρονεῖν

2099 770 2193 823 τοῦ
2225 769 2604 841 βαπτίσματος
2636 769 2841 822 πείθειν
2865 769 2963 821 οὐκ
2985 768 3142 838 ἔχων,
3170 768 3357 837 ζημιοῖ
3384 786 3441 835 σε
3465 770 3558 824 διὰ
3589 771 3705 843 τῆς

2101 864 2343 936 πλαστῆς
2375 861 2695 933 ἀσφαλείας,
2742 862 2808 914 ἵν’
2850 860 2878 913 ὃ
2918 860 3056 931 φοϐῇ
3086 877 3149 930 γε
3179 861 3278 928 (5),
3319 860 3477 914 τοῦτο
3515 862 3703 932 λάθῃς

2102 954 2291 1009 παθὼν
2321 955 2409 1008 διὰ
2431 954 2525 1008 τοῦ
2557 954 2722 1022 φόϐοι.
2756 969 2768 984 ·
2787 952 2882 1007 καὶ
2907 952 2968 1005 τὺ
2993 952 3209 1024 φθεῖραι
3246 952 3344 1023 τὴν
3362 952 3574 1024 δωρεὰν
3603 955 3702 1006 δε-

2100 1045 2313 1110 δοικὼς,
2354 1045 2504 1116 αὐτῷ
2529 1045 2703 1115 τούτῳ
2734 1043 2808 1113 (6)
2830 1047 2930 1115 τῆς
2960 1044 3169 1115 δωρεᾶς
3198 1044 3458 1117 ἐκπέσῃς.
3498 1046 3557 1098 Ὁ
3590 1046 3700 1116 μὲν

2101 1135 2193 1192 οὖν
2214 1137 2451 1201 τοιοῦτός
2475 1140 2612 1201 ἐστι,
2642 1137 2732 1189 καὶ
2758 1135 2953 1189 οὔποτε
2983 1135 3249 1189 παύσεται
3270 1136 3371 1205 τῆς
3392 1136 3589 1190 ἑαυτοῦ
3613 1137 3703 1189 δι·-

2102 1229 2291 1301 πλόης,
2345 1229 2450 1293 ἕως
2505 1229 2571 1282 ἂν
2620 1227 2790 1299 βλέπῃ
2835 1227 2973 1299 πρὸς
3016 1227 3241 1298 οὐρανὸν
3295 1228 3701 1299 ἐπειγομένους

2101 1322 2269 1392 ἡμᾶς,
2312 1319 2435 1374 ὅθεν
2476 1320 2640 1382 αὐτὸς
2669 1319 3023 1371 ἐκπέπτωκεν
3056 1318 3153 1388 (7).
3185 1319 3257 1371 Σὺ
3282 1317 3359 1382 δὲ,
3386 1311 3431 1370 ὦ
3472 1316 3702 1388 ἄνθρω-

2103 1427 2170 1475 πε
2207 1409 2283 1477 (8)
2311 1408 2404 1462 τοῦ
2434 1407 2593 1474 Θεοῦ,
2630 1406 2801 1477 γνῶθι
2847 1408 2947 1479 τὴν
2977 1407 3269 1478 ἐπιϐουλὴν
3313 1406 3407 1460 τοῦ
3441 1407 3703 1462 ἀντικει-

2106 1500 2287 1572 μένου.
2321 1500 2462 1572 Πρδς
2494 1501 2603 1572 γὰρ
2634 1499 2724 1552 τὸν
2769 1498 2960 1569 ἔχοντα
2996 1498 3094 1570 (9),
3130 1499 3223 1552 καὶ
3261 1499 3401 1570 ὑπὲρ
3433 1497 3542 1550 τῶν
3591 1514 3702 1568 με-

2102 1591 2322 1661 γίστων,
2361 1592 2395 1661 ἡ
2444 1590 2614 1661 μάχη.
2651 1589 2743 1660 Μὴ
2774 1588 2945 1660 λάϐῃς
2978 1587 3280 1658 σύμϐουλον
3318 1587 3411 1641 τὸν
3451 1586 3695 1658 ἐχθρόν·

2107 1683 2181 1755 μὴ
2207 1683 2632 1755 καταφρονήσῃς
2661 1681 2755 1734 τοῦ
2787 1681 3017 1734 ἀκοῦσαι
3056 1680 3151 1733 καὶ
3182 1678 3435 1748 γενέσθαι
3468 1679 3694 1743 πιστός.

416 1770 716 1827 adversarii
744 1773 973 1828 insidias
1018 1774 1265 1843 cognitas
1303 1774 1526 1828 habeas.
1554 1773 1764 1829 Etenim
1803 1776 1996 1830 adver-

2108 1773 2246 1835 Ἕως
2276 1767 2327 1823 εἶ
2367 1771 2794 1842 κατηχούμενος,
2848 1770 2908 1823 ἐν
2951 1769 3245 1841 προθύροις
3295 1766 3347 1823 εἷ
3389 1770 3493 1841 τῆς
3539 1769 3705 1822 εὐσε-

418 1877 511 1917 sus
571 1863 899 1931 habentem,
965 1874 1020 1919 et
1071 1866 1138 1919 de
1184 1865 1344 1920 rebus
1394 1867 1677 1931 ma‘ximis,
1722 1878 1996 1922 certamen

420 1956 612 2010 initur.
646 1956 726 2011 Ne
753 1957 962 2012 hostem
1006 1958 1059 2011 in
1090 1958 1373 2012 consilium
1406 1960 1695 2024 adhibeas;
1729 1975 1795 2014 ne
1828 1959 1998 2014 fidelis

420 2050 539 2104 ﬁeri
569 2065 633 2105 ac
660 2050 928 2105 nominari
960 2052 1341 2120 parvipendas.
1367 2050 1615 2118 Quandiu
1650 2053 1702 2106 in
1743 2054 1999 2107 catechu-

418 2153 701 2193 menorum
726 2154 949 2194 numero
975 2154 1035 2195 es
1052 2182 1067 2206 ,
1102 2141 1153 2194 in
1204 2141 1420 2209 pietatis
1446 2142 1712 2197 vestibulo
1740 2147 1996 2200 versaris.

419 2226 629 2283 lntrare
658 2237 709 2283 te
743 2237 979 2298 oportet,
1011 2231 1209 2283 atrium
1245 2231 1600 2298 pertransire,
1647 2241 1836 2287 sancta
1867 2248 1998 2288 con-

423 2319 583 2385 tueri,
628 2319 681 2374 in
723 2319 923 2374 Sancta
975 2330 1291 2375 sanctorum
1332 2321 1671 2393 prospicere,
1707 2338 1830 2378 cum
1875 2323 1994 2380 Tri-

371 2405 375 2409 ’
422 2412 591 2464 nitate
613 2410 889 2481 coniungi.
914 2409 1104 2479 Magna
1129 2419 1253 2465 sunt
1274 2426 1362 2477 ea,
1389 2413 1459 2466 ob
1486 2429 1607 2482 qua:
1631 2418 1990 2484 oppugnaris;

423 2515 625 2571 magno
660 2517 877 2573 quoque
907 2504 1162 2573 praesidio
1190 2518 1325 2573 opus
1350 2504 1535 2561 habes.
1569 2504 1836 2571 Quocirca
1870 2508 1995 2563 ﬁdei

419 2591 663 2661 clypeum
692 2593 950 2649 adversus
992 2609 1114 2648 eum
1154 2595 1348 2664 objice.
1385 2594 1561 2649 Timet
1585 2605 1640 2651 te
1670 2612 1791 2652 cum
1830 2600 1999 2656 armis

2099 1864 2272 1929 ϐείας.
2304 1865 2449 1918 Ellam
2469 1863 2726 1934 γενέσθαι
2751 1879 2812 1915 σε
2837 1861 2938 1928 δεῖ,
2981 1861 3081 1933 τὴν
3106 1862 3277 1932 αὐλὴν
3307 1861 3580 1931 διαϐῆναι,
3620 1860 3700 1915 τὰ

2100 1956 2231 2026 ἅγια
2283 1956 2671 2020 κατοπτεῦσαι,
2719 1956 2799 2019 είς
2844 1953 2913 2008 τὰ
2937 1955 3102 2023 Ἅγια
3133 1954 3242 2008 τῶν
3306 1955 3476 2024 ἁγίων
3514 1971 3697 2025 παρα-

2100 2049 2291 2120 κύψαι,
2354 2048 2492 2120 μετά
2533 2049 2633 2121 τῆς
2680 2049 2909 2120 Τριάδος
2947 2047 3223 2118 γενέσθαι.
3275 2046 3504 2116 Μεγάλα
3538 2047 3695 2099 ἐστὶν

2102 2142 2244 2213 ὑπὲρ
2272 2134 2348 2195 ὧν
2379 2140 2591 2212 πολεμῇ
2618 2141 2725 2211 (10)
2752 2157 2765 2171 ο
2793 2140 3037 2211 μεγάλης
3058 2141 3139 2193 δεῖ
3162 2155 3240 2192 σοι
3270 2138 3365 2192 καὶ
3395 2138 3495 2209 τῆς
3517 2137 3697 2207 ἀσφα-

2101 2232 2271 2297 λείας.
2316 2232 2599 2303 Προϐαλοῦ
2651 2232 2743 2285 τὸν
2785 2232 2976 2304 Θυρεδν
3007 2232 3107 2303 τῆς
3136 2230 3391 2294 πίστεως.
3434 2228 3694 2282 Φοϐεῖταί

2103 2342 2164 2377 σε
2189 2324 2327 2395 μετὰ
2357 2324 2452 2378 τοῦ
2478 2324 2642 2377 ὅπλου
2673 2323 2978 2395 μαχόμενον
2997 2339 3011 2351 ·
3043 2323 3136 2377 καὶ
3151 2322 3238 2377 διὰ
3263 2323 3375 2394 (11)
3402 2321 3561 2375 τοῦτο
3588 2337 3695 2389 γυ·-

2105 2426 2227 2495 μνοῖ
2286 2441 2346 2477 σε
2405 2421 2500 2477 τοῦ
2550 2422 2908 2493 χαρίσματος,
2966 2422 3054 2475 ἵνα
3104 2421 3356 2492 κρατήσῃ
3409 2418 3539 2490 ῥᾷόν
3587 2432 3688 2469 σου

2102 2516 2306 2570 ἀὸπλου
2360 2516 2454 2569 καὶ
2510 2514 2841 2584 ἀφυλάκτου.
2888 2513 3091 2584 ’Πάσης
3153 2512 3370 2584 ἡλικίας
3428 2510 3689 2576 ἅπτεται,

2104 2606 2285 2677 πάσης
2310 2605 2451 2668 ἰδέας
2482 2605 2618 2675 βίου.
2654 2605 2754 2658 Διά
2784 2604 2998 2657 πάντων
3031 2602 3478 2674 ἁποκρουσθήτω.

406 2684 800 2771 dimicantem;
829 2702 895 2741 ac
928 2699 1204 2757 propterea
1238 2697 1290 2742 te
1318 2688 1647 2744 charismate
1683 2691 1898 2761 spoliat,
1927 2702 1985 2748 ut
2025 2695 2285 2752 inermem
2331 2706 2386 2753 et
2444 2698 2715 2751 incautum
2772 2696 2982 2750 facilius
3015 2696 3304 2764 opprimat.
3328 2693 3527 2749 Omnes
3557 2702 3693 2748 aeta-

423 2788 534 2833 tum
567 2781 786 2847 gradus,
819 2781 999 2835 omnia
1030 2782 1152 2835 vitae
1182 2797 1379 2851 genera
1407 2791 1460 2836 et
1488 2782 1732 2839 instituta
1759 2786 1994 2857 attingit.
2036 2791 2214 2857 Quare
2255 2791 2402 2845 Omni
2431 2791 2606 2844 studio
2638 2791 3003 2858 propulsetur.

496 2869 661 2927 XVII.
703 2869 1044 2925 Iuvenis-es?
1074 2873 1272 2927 Contra
1304 2888 1498 2942 pravos
1526 2873 1771 2940 affectus,
1800 2877 1853 2930 in
1881 2879 1996 2933 acie

2171 2883 2267 2935 IZ'.
2302 2881 2442 2945 Νέος
2490 2877 2572 2944 εἷς
2613 2880 2776 2950 Στῆθι
2830 2878 2970 2933 κατὰ
3022 2878 3131 2933 τῶν
3171 2876 3361 2932 παθῶν
3413 2875 3552 2948 μετά
3586 2876 3692 2948 τῆς

422 2977 546 3016 cum
584 2961 827 3017 subsidio
851 2970 953 3027 sta,
984 2962 1037 3015 in
1077 2961 1169 3016 Dei
1197 2964 1461 3035 phalange
1497 2981 1693 3020 nomen
1721 2969 1995 3037 proﬁtere,

426 3051 690 3105 adversus
735 3049 952 3105 Goliath
993 3060 1217 3106 strenue
1241 3068 1451 3123 pugna,
1483 3055 1629 3109 mille
1654 3094 1669 3120 ,
1703 3057 1787 3110 vel
1818 3059 2000 3113 decies

425 3146 649 3200 totidem
680 3146 866 3201 hostes
892 3160 1049 3215 cape,
1079 3161 1143 3199 ac
1172 3147 1267 3201 tibi
1299 3148 1526 3217 subiice.
1554 3148 1631 3203 lta
1670 3149 1799 3206 llore
1826 3154 2000 3210 atatis

423 3240 608 3294 fruere
627 3257 641 3305 ;
663 3254 763 3293 nec
791 3249 932 3293 tuam
947 3240 1284 3310 iuventutem
1307 3240 1643 3296 marcescere
1659 3245 1881 3310 sustine,
1900 3245 2001 3299 im-

422 3326 660 3397 perfecta
694 3327 856 3398 703
878 3328 982 3381 ﬁde
1026 3338 1294 3382 mortuam
1323 3337 1374 3382 et
1399 3329 1743 3384 exstinctam.
1765 3331 1998 3385 Senilem

423 3429 635 3475 aetatem
666 3421 802 3491 agis,
839 3435 938 3474 nec
961 3435 989 3473 a
1033 3421 1341 3475 necessarie
1378 3421 1686 3491 praestituto
1729 3422 1814 3476 die
1845 3422 2002 3493 longe

424 3509 602 3564 abes?
627 3508 805 3563 Canos
828 3524 1113 3576 reverere;
1146 3510 1511 3580 prudentiam,
1543 3525 1663 3581 qua:-
1692 3527 1719 3564 a
1751 3521 1802 3566 te
1829 3514 2005 3583 requi-

424 3600 586 3668 ritur,
612 3616 709 3671 pro
738 3615 822 3668 ea,
847 3616 953 3671 qua
982 3617 1125 3657 nunc
1153 3602 1374 3666 teneris,
1403 3602 1739 3667 inﬁrmitate,
1769 3613 1999 3674 praesta;

428 3695 618 3764 paucis
645 3694 733 3749 his
765 3695 955 3749 diebus
980 3736 994 3760 ,
1026 3709 1164 3763 quos
1198 3694 1437 3763 reliquos
1475 3694 1641 3750 habes
1661 3734 1677 3759 ,
1706 3710 1999 3762 succurre;

427 3787 801 3856 purgationem
852 3787 1118 3841 senectuti
1195 3788 1499 3842 committe.
1556 3786 1694 3852 Quid
1746 3787 1800 3841 in
1844 3786 2000 3842 ell‘eta

425 3888 710 3953 senectute
769 3888 932 3948 atque
987 3885 1233 3932 extremo
1279 3877 1404 3932 vitae
1458 3878 1689 3948 Spiritu,
1748 3878 2004 3946 juvenilis

425 3972 604 4027 aetatis
633 3971 765 4026 vitia
812 3970 1199 4039 pertimescis?
1249 3970 1331 4022 An
1379 3978 1434 4023 tu
1480 3970 1641 4025 etiam
1684 3980 2000 4040 exspectas,

424 4065 551 4117 dum
582 4071 847 4137 mortuus,
873 4076 978 4116 non
998 4060 1109 4131 jam
1144 4061 1571 4115 misericordiam
1603 4061 1772 4131 magis
1795 4101 1809 4127 ,
1840 4076 2002 4131 quam

427 4155 501 4209 tui
541 4156 723 4209 odium
781 4168 1045 4217 movens,
1083 4151 1359 4207 abluaris?
1386 4152 1467 4205 An
1508 4152 1839 4221 voluptatum
1877 4153 2003 4206 reli-

2102 2973 2418 3043 συμμαχίας
2470 2972 2604 3041 (12),
2666 2973 2745 3034 είς
2791 2970 2925 3023 Θεοῦ
2982 2968 3286 3042 παράταξιν
3327 2967 3689 3040 ἀριθμήθητι,

2099 3062 2419 3134 ἀρίπευσον
2450 3063 2560 3133 (15)
2592 3061 2733 3115 κατὰ
2761 3062 2855 3114 τοῦ
2885 3062 3097 3127 ramo,
3126 3062 3256 3115 λάϐε
3283 3060 3382 3123 τὰς
3414 3058 3686 3130 χιλιάδας,

2100 3156 2133 3227 ἦ
2162 3156 2260 3219 τὰς
2293 3156 2576 3226 μυριάδας.
2613 3153 2769 3208 Οὕτω
2791 3155 2889 3226 τῆς
2923 3154 3138 3226 ἡλικίας
3170 3154 3511 3207 ἀπόλαυσον·
3548 3153 3689 3207 ἀλλὰ

2105 3249 2180 3320 μὴ
2210 3248 2418 3320 ἀνάσχῃ
2459 3246 2804 3318 μαρανθῆναί
2859 3264 2952 3300 σου
3001 3247 3098 3316 τὴν
3128 3247 3377 3317 νεότητα,
3405 3244 3481 3314 τῷ
3506 3245 3691 3298 ἀτελεῖ

2101 3338 2201 3407 τῆς
2232 3337 2469 3401 πίστεως
2492 3336 2877 3407 νεκρωθεῖσαν.
2910 3337 3139 3408 Γηραιὸς
3168 3332 3238 3400 εἶ,
3274 3336 3485 3407 καὶτῆς
3511 3337 3688 3404 ἀναγ-

2103 3431 2263 3493 καίας
2287 3432 2452 3499 ἐγγὺς
2482 3430 2851 3502 προθεσμίας;
2884 3428 2981 3501 τὴν
3021 3429 3213 3483 πολιὰν
3243 3428 3520 3500 αἰδέσθητι
3542 3445 3556 3458 ·
3595 3427 3689 3492 δὸς

2102 3522 2169 3593 ἣν
2215 3522 2417 3591 ἀπαιτῇ
2456 3522 2568 3592 (14)
2622 3521 2906 3593 φρόνησιν,
2951 3521 3066 3575 ἀνθ’
3096 3516 3165 3593 ἦς
3208 3520 3303 3575 νῦν
3344 3521 3488 3592 ἔχεις
3524 3521 3689 3575 ἀσθε-

2102 3613 2280 3676 νείαςο
2309 3615 2429 3676 ταῖς
2458 3612 2668 3681 ὀλίγαις
2701 3613 2935 3683 ἡμέραις
2963 3612 3259 3687 βοήθησονέ
3292 3612 3581 3666 πίστευσον
3603 3611 3688 3682 τῷ

2102 3705 2249 3776 γήρᾳ
2289 3704 2386 3775 τὴν
2416 3703 2701 3774 κάθαρσιν.
2745 3703 2809 3755 Τί
2853 3702 2991 3775 φοϐῇ
3036 3702 3104 3756 τά
3151 3702 3402 3773 νεότητος
3439 3705 3498 3758 ἐν
3533 3701 3690 3774 βαθεῖ

2104 3797 2272 3868 γήρᾳ,
2307 3797 2403 3849 καὶ
2443 3798 2564 3859 ταῖς
2604 3795 2859 3866 ἐσχάταις
2892 3782 3216 3861 ἀναπνοαῖῇ
3246 3798 3316 3849 Ἣ
3360 3798 3453 3851 καὶ
3490 3799 3554 3851 σὺ
3590 3798 3688 3869 μέ-

2103 3906 2235 3952 νεις,
2274 3887 2466 3960 νεκρὸς
2507 3886 2785 3959 λουθῆναι,
2822 3888 2881 3940 οὐ
2921 3886 3119 3958 μᾶλλον
3154 3887 3553 3959 ἐλεούμενος,ἢ
3598 3907 3688 3960 μι-

2108 3979 2201 4032 σού
2211 3996 2369 4049 μενος
2387 3996 2400 4043 ;
2435 3979 2505 4031 Ἦ
2533 3978 2716 4040 ποθεῖς
2728 3978 2838 4032 τῶν
2855 3978 3054 4049 ἡδονῶν
3074 3977 3143 4031 τὰ
3157 3979 3213 4032 λε
3222 3979 3384 4048 ίψανα
3407 3979 3540 4050 (l5),
3565 3980 3685 4051 βίου

2104 4069 2353 4140 λείψανον
2386 4069 2495 4137 ὥν;
2526 4070 2761 4142 Αἰσχρδν
2790 4070 2889 4140 τὴν
2926 4070 3022 4140 μὲν
3054 4070 3268 4142 ἡλικίαν
3303 4073 3681 4142 παρακμάσαι,

2108 4160 2183 4232 μὴ
2232 4161 2594 4232 παρακμάσαι
2638 4161 2696 4214 δὲ
2739 4161 2835 4231 τὴν
2881 4161 3198 4229 ἀσέλγειανο
3229 4160 3342 4215 ἀλλ’
3377 4162 3410 4233 ἦ
3456 4163 3684 4234 πάσχειν

424 4250 584 4317 quias
608 4248 661 4301 in
695 4246 780 4301 his
808 4247 933 4300 vitae
964 4244 1209 4314 reliquiis
1247 4243 1497 4313 expetis?
1528 4243 1708 4313 Turpe
1733 4252 1816 4299 est
1835 4283 1850 4309 ,
1874 4259 1998 4299 cum

2108 4231 2281 4312 τοῦτο,
2369 4251 2567 4314 δοκεῖν,
2598 4249 2954 4320 διαμέλλοντα
2973 4250 3084 4321 (16)
3113 4249 3247 4322 πρὸς
3273 4252 3371 4320 τὴν
3394 4231 3680 4324 κάθαρσιν.

424 4348 585 4393 aetate.
617 4338 971 4393 consenueris
1028 4352 1092 4392 ac
1122 4334 1413 4391 deduxeris
1433 4377 1448 4404 ,
1484 4335 1705 4390 libidine
1738 4344 1914 4392 tamen
1945 4348 1999 4393 te

423 4433 648 4488 minime
697 4431 1082 4498 consenuisse;
1128 4430 1258 4494 sed,
1310 4429 1393 4484 vel
1434 4443 1496 4483 ea
1548 4428 1719 4495 allici,
1751 4430 1833 4484 vel
1879 4445 1997 4484 eam

422 4535 571 4583 certe
593 4523 927 4596 opinionem,
966 4538 1064 4594 per
1088 4521 1348 4605 baptismi
1381 4521 1727 4588 dilationem,
1761 4522 1999 4577 homini-

497 4686 575 4758 (ι)
614 4687 712 4758 ᾮς
737 4686 1023 4756 χρηστός.
1056 4686 1148 4742 Sic
1172 4686 1304 4756 Reg.
1330 4685 1434 4740 bm.
1471 4677 1636 4742 Coisl.
1669 4682 1697 4736 1
1728 4693 1782 4739 ει
1815 4682 2007 4743 Comb.

421 4755 587 4812 Deest
615 4756 691 4820 ὡς
724 4755 776 4809 in
804 4758 889 4811 ed.

494 4828 573 4894 (5)
605 4826 763 4897 Φοόῇ
793 4844 878 4896 γε.
916 4826 1072 4881 Deest
1096 4845 1161 4896 γε
1192 4842 1244 4879 ιη
1272 4841 1364 4881 sex
1396 4825 1557 4897 Regg.

464 4897 571 5020 ὑμὲ)
591 4896 759 4982 Ατξτῷ
786 4898 996 4961 τούτῳ.
1031 4897 1120 4951 Sic
1145 4897 1327 4967 plures
1354 4896 1517 4968 Begg.
1546 4906 1599 4952 et
1629 4898 1781 4954 Golb.
1813 4897 1869 4951 ln
1894 4896 2006 4963 ed.,

497 4984 525 5019 τ
587 4985 782 5020 τουτο).

423 4984 557 5021 αυτο
587 4985 782 5020 τουτο).

497 5036 572 5105 (7)
609 5022 1022 5106 ξΕκέῑέπτωκε.
1058 5031 1224 5106 Regg.
1261 5051 1289 5089 a
1321 5045 1374 5091 et
1398 5035 1512 5106 bin,
1540 5036 1757 5092 ἔπεσεν.

498 5104 575 5177 (8)
606 5104 673 5177 ᾮ
730 5109 1022 5176 ἄνθρωπε.
1078 5104 1198 5162 Sicf
1227 5116 1339 5161 tres
1392 5105 1561 5177 chg.
1618 5119 1673 5163 et
1698 5118 1809 5164 tres
1850 5106 2004 5163 Colb.

424 5172 586 5233 Deest
625 5172 671 5231 ὦ
700 5179 752 5231 in
780 5172 866 5231 eti.
1270 5191 1275 5196 “

497 5247 569 5316 (9)
588 5248 744 5315 Πρὸς
758 5248 869 5318 γὰρ
888 5248 994 5301 τὸν
1009 5247 1250 5317 ἔχοντα.
1276 5247 1441 5318 Forte
1464 5246 1765 5316 legendum,
1789 5246 2004 5318 ἐχθραί-

426 5315 610 5381 νοντα,
671 5337 689 5368 ι
719 5315 993 5371 ὶιιίιιῖἰωιιιι
1020 5315 1051 5368 »ἡ
1088 5319 1340 5386 quamvis
1383 5315 1600 5371 Nicetas
1644 5315 1863 5381 innuat,
1888 5315 2001 5372 baac

426 5388 614 5459 verba,
654 5389 793 5459 πρὸς
839 5388 949 5459 γὰρ
986 5387 1078 5441 τόν
1126 5386 1318 5457 ἔχοντα
1350 5387 1508 5458 ἕρπει
1550 5390 1578 5440 ὁ
1616 5387 1827 5459 φθόνος,
1865 5406 1883 5459 ς
1905 5388 2003 5459 ba-

427 5457 655 5527 bentem.
680 5456 823 5511 enim
867 5456 1066 5512 invidia
1102 5456 1467 5525 persequitur,
1499 5476 1517 5508 ι
1556 5473 1628 5527 ex.
1655 5456 1920 5527 Sophocle
1947 5457 2001 5511 in

426 5525 614 5597 Ajacis
647 5529 933 5595 tragmdia,
965 5544 992 5579 a
1027 5528 1290 5597 Gregorio
1319 5535 1562 5597 mutuata
1596 5525 1788 5584 fuisse.

507 5597 621 5662 (10)
658 5597 921 5666 Πολεμῇ.
956 5598 1092 5667 Reg.
1128 5596 1240 5662 lim,
1276 5596 1520 5667 πολεμεῖ.

502 5666 615 5793 (11)
637 5667 743 5724 Καὶ
765 5667 880 5724 διά.
907 5668 995 5724 Sic
1019 5666 1249 5739 quatuor
1273 5666 1463 5739 ne“),
1482 5678 1588 5724 etc.
1619 5666 1678 5724 In
1704 5668 1790 5725 ed.
1823 5669 2003 5737 deest,

431 5755 545 5792 και.

2103 4344 2316 4414 Νήπιον
2363 4342 2479 4395 ἐστι
2522 4359 2640 4408 σοι;
2672 4342 2765 4414 Μὴ
2817 4342 3028 4396 λαϐέτω
3084 4343 3272 4414 καιρὸν
3315 4345 3347 4414 ή
3388 4346 3589 4399 κακίω
3620 4349 3686 4401 ἐκ

2109 4433 2341 4505 βρέφους
2395 4431 2729 4502 ἁγιασθήτω,
2786 4431 2844 4496 ἐξ
2900 4432 3105 4502 ὀνύχων
3165 4432 3554 4506 καθιερωοήτω
3606 4438 3685 4508 τῷ

2108 4525 2408 4596 Πνεύματι.
2440 4526 2512 4577 Σὺ
2545 4524 2654 4595 (17)
2681 4524 2921 4589 δέδοικας
2956 4523 3052 4595 τὴν
3084 4525 3350 4596 σφραγῖδα
3390 4525 3475 4579 διὰ
3501 4527 3562 4580 τὸ
3587 4530 3684 4599 τῆς

2188 4685 2299 4755 (12)
2348 4685 2511 4740 Μετὰ
2561 4686 2672 4754 τῆς
2728 4686 3091 4755 συμμαχίας.
3138 4684 3313 4737 «Cum
3375 4685 3679 4744 subsidio.»

2116 4770 2330 4823 nempe.
2369 4758 2728 4825 baptismatis.
2781 4756 2926 4820 Bill.,
2958 4774 2975 4805 ι
3005 4756 3138 4809 Cum
3195 4755 3548 4809 auxiliaribus
3596 4771 3686 4805 ru-

2105 4826 2228 4893 piis.
2266 4845 2285 4878 ›
2321 4827 2495 4881 Minus
2520 4836 2642 4896 apte
2668 4826 2919 4895 quidem;
2953 4826 3116 4878 David
3146 4826 3324 4896 enim,
3345 4840 3448 4877 non
3485 4844 3505 4875 ‹
3530 4827 3685 4876 anxi-

2104 4896 2329 4950 liaribus
2362 4895 2560 4964 copiis,
2588 4916 2607 4947 ι
2647 4898 2739 4948 sed
2780 4897 2869 4950 Dei
2905 4895 3384 4964 przecipueauxilio
3422 4897 3682 4959 munitus,

2100 4968 2362 5035 pugnavit
2395 4963 2650 5020 adversus
2696 4963 2930 5021 Goliath.
2970 4964 3044 5018 Ea
3073 4963 3226 5018 certe
3259 4963 3503 5033 Gregorii
3536 4981 3684 5019 tuens

2102 5045 2205 5097 est,
2238 5036 2646 5090 uthriSIianus
2684 5035 3025 5104 baptismatis
3049 5035 3250 5088 auxilio
3275 5036 3464 5098 fretus,
3497 5036 3687 5088 adVer-

2107 5121 2200 5160 sus
2233 5106 2500 5159 diabolum
2528 5108 2579 5158 in
2611 5106 2726 5159 acie
2743 5115 2871 5158 Stet.

2180 5175 2289 5245 (l5)
2327 5176 2732 5245 Ἀρίστευσθν.
2771 5175 2861 5231 Sic
2891 5175 3125 5245 quinque
3151 5174 3343 5244 liegg.,
3368 5174 3534 5230 COial.
3574 5176 3598 5228 1
3633 5182 3686 5228 et

2104 5244 2197 5299 0r.
2226 5248 2274 5317 1.
2320 5246 2372 5298 In
2414 5247 2524 5308 ed.,
2565 5246 2840 5317 ᾁρίστευε.

2172 5316 2280 5388 (lli)
2348 5311 2619 5383 Ἀπαιτῇζ
2669 5315 2836 5386 Regg.
2890 5316 3004 5380 bm,
3041 5316 3110 5385 ph
3164 5330 3212 5370 et
3269 5311 3364 5369 Or.
3419 5314 3471 5377 1,
3517 5316 3683 5369 ἁπαι-

2150 5426 2287 5541 ξ’(ίβ)
2365 5456 2443 5541 _Tc‘t
2502 5457 2788 5526 λείψανα.
2849 5454 2941 5511 Sic
3003 5466 3232 5524 quatuor
3297 5454 3462 5524 chg.
3534 5456 3689 5515 υεεει

2100 5544 2283 5668 nail?)
2313 5528 2752 5668 εἲι1¹ιξιμέλλοντα.
2788 5596 2998 5668 (Σοιιιὴη
3030 5594 3450 5668 ἐμϐραδύνοντα.

2173 5666 2284 5739 (17)
2326 5666 2620 5725 Σύξϐοἰει.
2654 5671 2705 5738 1,
2743 5668 2805 5721 σὺ
2834 5666 2911 5723 δέ.
