3902 6218
174 292 285 348 381

1103 289 1511 347 ORATIO'XIL.
1555 318 1624 330 -
1660 289 1728 344 IN
1771 287 2100 346 SANCTUM
2140 286 2508 341 BAPTISMA.

3342 279 3450 336 382

178 405 408 477 φύσεως
433 419 690 470 ασσενεςο
731 409 806 471 ὡς
843 424 1176 480 μικροψυχος
1221 412 1254 479 ἠ
1300 409 1483 480 μήτηρ
1512 408 1646 479 (18),
1682 409 1766 461 καῖ

1877 409 1979 461 hns
2003 406 2261 476 pra‘bere.
2296 406 2479 459 Infans
2511 402 2602 457 tibi
2630 403 2752 456 est?
2782 402 2859 455 Ne
2883 399 3218 454 occasionem
3247 398 3451 469 impro-

179 497 565 567 ὀλιγόπιποςί
612 498 678 552 Ἠ
710 500 875 552 Ἀννα
904 500 982 557 δὲ.
1016 501 1112 553 καὶ
1150 502 1279 571 πρὶν
1504 500 1769 570 γεννηθῆ-

178 606 275 641 ναι
321 587 416 641 τὸν
458 588 732 658 Σαμουὴλ.
764 588 1136 660 καθυπέσχετο
1164 590 1241 662 τῷ
1269 590 1407 661 Θεῷ,
1437 590 1533 643 καὶ
1576 606 1770 660 γεννη-

181 676 376 741 θέντα,
411 679 553 750 ἱερὸν
584 680 746 744 εὐθὺς
772 682 935 742 ποιεῖ,
962 683 1057 735 κα.)¹
1084 685 1150 753 τῇ
1185 685 1429 754 ἱερατικῇ
1458 681 1616 753 στολῇ
1642 698 1769 733 συν-

180 768 507 841 ανὲτρεψεν,
544 770 604 822 οὐ
636 770 698 823 τὸ
728 768 1066 841 ἀνθρώπινον
1100 771 1417 839 φοϐηθεῖσα,
1442 772 1520 842 τῷ
1555 772 1612 825 δὲ
1649 769 1770 841 θεῷ

182 859 550 914 πιστεύσασα.
574 861 740 914 Οὐδὲν
764 862 846 915 δεῖ
871 880 952 917 σοι
983 864 1382 935 περιαμμάτων
1409 864 1501 918 καὶ
1526 863 1778 934 ἐπᾳσμά-

1875 499 2019 554 bitas
2052 500 2324 567 arripiat:
2378 500 2445 553 ab
2499 495 2723 551 infantia
2770 493 3153 556 sanctificetur,
3203 492 3271 547 ab
3318 491 3449 561 ipsis

1879 591 2184 662 unguiculis
2221 589 2446 659 Spiritui
2490 596 2860 643 consecretur.
2900 586 2970 640 At
3001 591 3218 654 propter
3243 590 3449 637 natura:

1874 681 2297 737 imbecillitatem
2353 680 2584 750 sigillum
2638 678 2877 733 metuis?
2938 674 3450 743 Quam-imbecillis

1884 773 2049 827 animi
2095 783 2268 827 mater
2316 788 2375 827 es
2419 772 2730 841 pusillteque
2774 766 2928 823 fidei!
2983 767 3138 821 Anna
3169 782 3295 821 vero
3342 765 3448 818 Sa-

1880 861 2147 926 muelem,
2176 862 2325 931 prius
2382 862 2544 915 etiam
2579 874 2739 929 quam
2776 867 3086 927 procreatus
3122 850 3304 919 esset,
3336 854 3449 909 Deo

162 965 319 1023 των,
344 944 427 1013 οἷς
450 951 481 1002 6
514 951 749 1021 πονηρὸς
792 953 1219 1024 συνεισέρχεται,
1268 953 1515 1007 κλέπτων
1548 954 1627 1015 είς
1653 955 1766 1004 ὲαυ-

1874 953 2051 1021 vovit;
2109 962 2270 1022 atque
2306 954 2357 1006 in
2398 954 2568 1007 lucem
2601 952 2804 1005 editum
2858 949 3041 1003 statim
3084 947 3444 1010 consecravit,

182 1038 281 1093 τὸν
310 1039 421 1093 ἀπὸ
448 1039 544 1094 τοῦ
577 1039 712 1093 Θεοῦ
743 1041 803 1094 τὸ
826 1040 1011 1106 σέὸας,
1036 1044 1096 1095 ὲν
1122 1046 1237 1106 τοῖς
1274 1044 1644 1114 κουφοτέροις.
1676 1042 1766 1105 Δὸς

1874 1056 1938 1098 ac
1976 1058 2114 1110 cum
2150 1041 2468 1096 sacerdotali
2517 1040 2654 1095 stola
2705 1039 3009 1101 educavit”,
3046 1036 3178 1090 nihil
3228 1034 3448 1089 humani

183 1128 344 1201 αὐτῷ
389 1133 492 1202 τὴν
549 1130 776 1203 Τριάδα,
821 1131 883 1185 τὸ
938 1132 1080 1203 μέγα
1130 1135 1227 1188 καὶ
1282 1134 1445 1189 καλὸν
1502 1134 1777 1205 φυλακτή-

187 1234 331 1289 ριον.

1875 1133 2106 1197 verita",
2140 1134 2233 1188 sed
2268 1134 2374 1186 Deo
2407 1133 2563 1186 (idem
2598 1131 2823 1186 habens.
2867 1129 3008 1183 Nihil
3044 1128 3139 1183 tibi
3166 1126 3445 1189 amuletis,

1872 1238 1972 1279 nec
2000 1223 2421 1278 incantamentis
2452 1237 2589 1292 opus
2612 1228 2696 1276 est
2729 1260 2743 1286 ,
2779 1222 3097 1290 quibuscum
3129 1233 3326 1288 pravus
3353 1217 3442 1271 ille

189 1312 245 1364 in
277 1312 541 1367 leviorum
570 1313 850 1369 hominum
880 1316 1092 1371 animos
1158 1315 1317 1371 simul
1379 1316 1586 1385 irrepit,
1621 1314 2024 1370 venerationem
2063 1316 2174 1370 Deo
2236 1315 2471 1369 debitam
2503 1314 2688 1369 furtim
2749 1315 2816 1367 ad
2852 1328 2910 1367 se
2940 1311 3289 1367 transferens.
3322 1308 3447 1364 Tri-

185 1404 420 1459 nitatem
448 1405 551 1473 ipsi
603 1405 666 1459 da
689 1446 706 1472 ,
739 1420 992 1477 magnum
1013 1446 1029 1471 ,
1073 1408 1290 1476 inquam
1313 1446 1328 1470 ,
1381 1408 1510 1461 illud
1560 1416 1615 1461 et
1646 1406 1926 1475 pulchrum
1961 1407 2276 1461 amuletum.

260 1495 370 1550 IH'.
411 1498 478 1551 Τί
508 1497 617 1565 Eri;
649 1499 953 1571 Παρθενίαν
980 1503 1202 1567 ἀσκεῖς;
1233 1503 1311 1572 Τῇ
1344 1500 1471 1572 (9.0).
1505 1501 1770 1572 καθάρσει

189 1590 589 1661 σφραγίσθητι·
625 1591 829 1664 ταύτην
875 1594 1099 1665 ποίησαι
1139 1593 1251 1665 (21)
1290 1595 1385 1647 τοῦ
1416 1593 1533 1663 βίου
1581 1609 1772 1646 κοινω-

186 1679 303 1746 νὸν,
338 1682 435 1736 καὶ
464 1682 778 1754 συνόμιλονο
832 1683 971 1755 αὕτη
1019 1685 1130 1755 (29.)
1180 1684 1484 1756 ῥυθμιζέτω
1530 1700 1633 1745 σοι,
1679 1683 1772 1735 καὶ

189 1772 330 1844 βίον,
380 1774 477 1828 καὶ
518 1774 697 1844 λόγον,
728 1778 837 1829 πᾶν
883 1777 1061 1847 μέλος,
1088 1777 1197 1829 πᾶν
1223 1777 1448 1847 κίνημα,
1481 1775 1659 1828 πᾶσαν
1685 1773 1772 1826 αῖ·-

189 1866 412 1938 σθησιν.
461 1867 704 1938 Τίμησον
742 1869 933 1939 αὐτὴν,
972 1869 1056 1922 ἵνα
1092 1886 1150 1921 σε
1176 1868 1448 1939 κοσμήσῃ,
1475 1867 1560 1919 ἵνα
1602 1866 1677 1934 δῷ
1702 1867 1769 1936 τῇ

186 1959 259 2027 σῇ
310 1957 517 2028 κεφαλῇ
573 1957 833 2027 στέφανον
884 1959 1139 2030 χαρίτων,
1173 1959 1421 2029 στεφάνῳ
1465 1957 1520 2010 δὲ
1558 1957 1772 2028 τρυφῆς

186 2045 541 2119 ὑπερασπίσῃ
553 2045 663 2117 (25)
693 2063 806 2100 σου.
832 2047 1052 2100 Δέδεσαι
1084 2047 1280 2118 γάμῳ;
1305 2046 1414 2100 Καὶ
1442 2047 1511 2115 τῇ
1540 2048 1771 2115 σφραγῖ-

183 2135 241 2190 δι
270 2136 550 2206 συνδεθητι
570 2152 586 2169 ⁸
620 2136 820 2208 ταύτην
846 2138 1145 2191 συνοίκισον
1181 2136 1392 2208 σεαυτῷ
1425 2136 1525 2207 τῆς
1555 2154 1769 2205 σωφρο-

188 2227 359 2299 σύνης
386 2228 601 2299 φύλακα
619 2245 634 2262 ·
669 2229 850 2283 πόσων
880 2229 992 2302 (24)
1019 2229 1289 2300 εὐνούχων
1311 2231 1433 2294 οἴει,
1468 2228 1650 2281 πόσων
1674 2229 1768 2281 θυ-

187 2319 385 2392 ρωρῶν
427 2317 591 2375 οὖσαν
634 2320 1078 2392 ἀσφαλεστέραν;
1122 2320 1288 2375 Οὔπω
1322 2320 1484 2392 σαρκὶ
1517 2318 1769 2383 συνεζεύ-

184 2410 327 2481 χθης
354 2411 505 2482 (25);
543 2410 618 2482 μὴ
648 2411 889 2483 φοϐηθῇς
933 2413 1032 2482 τὴν
1060 2412 1357 2466 τελείωσιν.
1396 2410 1651 2481 Καθαρὸς
1699 2406 1767 2475 εἶ,

186 2501 285 2552 καὶ
342 2499 481 2570 μετά
513 2500 605 2554 τὸν
641 2500 817 2570 γάμον
840 2517 853 2531 ’
891 2503 1022 2572 ἐμὸς
1067 2503 1096 2554 6
1138 2501 1397 2565 κίνδυνος,
1442 2500 1552 2570 ἐγὼ
1578 2501 1768 2553 τούτου

186 2591 592 2664 συναρμοστὴς,
624 2591 737 2661 ἐγὼ
760 2593 1144 2662 νυμφοστόλος.
1180 2593 1254 2647 Οὐ
1287 2592 1416 2664 γὰρ,
1441 2593 1563 2646 ἐπεὶ
1591 2592 1702 2663 (Εἰϐ)
1735 2595 1768 2664 ἡ

184 2680 460 2753 παρθενία
482 2682 802 2755 τιμιωτέρα,
830 2684 888 2735 ὲν
913 2684 1026 2746 τοῖς
1055 2683 1268 2752 ἀτίμοις
1304 2684 1333 2736 6
1358 2684 1549 2754 γάμος.
1585 2684 1767 2755 Μιμή-

185 2791 357 2844 σομαι
389 2775 645 2845 Χριστὸν,
678 2775 770 2827 τὸν
802 2773 1039 2844 καθαρὸν
1070 2775 1458 2845 νυμφαγωγὸν,
1496 2776 1591 2827 καὶ
1630 2792 1769 2845 νυμ-

183 2865 333 2935 φίον,
362 2862 423 2929 ὃς
449 2866 542 2918 καὶ
571 2865 975 2937 θαυματουργεῖ
998 2866 1179 2937 γάμῳ,
1216 2867 1311 2919 καὶ
1342 2868 1479 2937 τιμᾷ
1508 2864 1770 2934 συζυγίαν

1956 1498 2140 1555 XVIII.
2181 1499 2318 1566 Quid
2361 1498 2662 1569 praeterea?
2723 1496 3090 1567 Virginitatem
3137 1492 3303 1548 colis?
3346 1493 3449 1546 Ba-

1880 1591 2079 1660 ptismo
2104 1592 2424 1661 consignare
2456 1604 2473 1643 :
2508 1590 2651 1644 hunc
2680 1588 2774 1642 tibi
2809 1588 2930 1641 vitae
2963 1586 3166 1640 socium
3199 1594 3256 1638 et
3286 1581 3447 1637 fami-

1802 1662 1845 1717 B
1874 1682 2062 1739 liarem
2104 1683 2325 1738 ascisce.
2370 1682 2468 1741 llic
2500 1681 2618 1745 tibi,
2654 1689 2707 1735 et
2734 1681 2899 1732 vitam
2927 1718 2942 1740 ,
2981 1686 3036 1731 et
3067 1677 3227 1731 verba
3260 1675 3446 1730 mode-

1872 1785 2040 1841 retur,
2072 1776 2250 1829 omnia
2285 1776 2557 1836 membra,
2587 1786 2774 1827 omnes
2803 1771 2967 1823 animi
3000 1777 3209 1834 motus,
3258 1779 3449 1822 omnes

1871 1884 2081 1926 sensus.
2122 1866 2335 1921 Honore
2368 1881 2490 1919 eum
2524 1864 2907 1934 complectere,
2937 1869 2994 1913 ιιι
3053 1871 3105 1914 ιε
3152 1866 3327 1923 ornet,
3357 1872 3447 1913 ca-

1871 1961 2079 2031 pitique
2111 1967 2203 2013 tuo
2242 1956 2537 2027 gratiarum
2575 1969 2828 2009 coronam
2868 1961 3045 2006 nectat
3072 1951 3113 2015 ³,
3154 1960 3209 2006 ει
3246 1964 3447 2005 corona

1872 2056 2185 2112 deliciarum
2237 2063 2288 2109 te
2334 2060 2597 2123 protegat.
2638 2049 2963 2104 Matrimonii
3010 2046 3236 2102 vinculis
3288 2046 3450 2100 astri-

1870 2156 1990 2202 ctus
2041 2146 2135 2200 es?
2199 2145 2474 2213 Baptismo
2545 2155 2759 2211 quoque
2827 2138 3195 2205 constringere
3244 2154 3258 2189 :
3305 2135 3448 2191 hunc

1872 2238 1969 2292 tibi
2016 2233 2455 2291 contubernalem
2519 2231 2747 2298 adiunge
2809 2228 3078 2297 pudicitiae
3134 2224 3444 2290 custodem,

1868 2327 2167 2385 innumeris
2202 2325 2466 2380 eunuchis
2514 2331 2567 2377 et
2596 2321 2921 2391 janitoribus
2974 2323 3246 2372 tutiorem.
3297 2315 3447 2370 Nou-

1870 2420 1995 2474 dum
2020 2418 2171 2472 carni
2210 2415 2494 2484 copulatus
2534 2412 2628 2467 es?
2664 2410 2739 2465 Ne
2769 2410 3022 2480 baptismi
3060 2408 3444 2477 perfectionem

1869 2510 2212 2566 extimescas.
2266 2507 2441 2561 Purus
2496 2519 2559 2559 ae
2622 2502 2850 2557 mundus
2921 2517 3011 2567 es,
3078 2501 3210 2553 inito
3275 2500 3439 2553 etiam

1870 2600 2257 2663 matrimonio;
2307 2598 2360 2652 in
2422 2610 2507 2650 me
2568 2595 2670 2649 hoc
2723 2592 3015 2663 periculum
3062 2590 3296 2659 recipio,
3345 2603 3448 2659 ego

1871 2695 2061 2751 harum
2112 2692 2420 2760 nuptiarum
2465 2687 2879 2757 eoaglutinator,
2924 2699 3023 2753 ego
3072 2698 3290 2751 auspex.
3332 2680 3447 2737 Nec

1869 2787 2052 2850 enim,
2115 2783 2241 2854 quia
2312 2781 2628 2836 honoratior
2689 2787 2772 2834 est
2852 2777 3172 2845 virginitas,
3244 2774 3448 2830 idcirco

1870 2884 2025 2942 turpe
2054 2882 2110 2928 et
2142 2872 2557 2942 ignominiosum
2586 2877 2671 2924 est
2702 2867 3131 2921 matrimonium.
3164 2864 3440 2919 Christum

181 2961 256 3030 τῇ
286 2959 579 3031 παρουσίᾳ.
616 2960 790 3013 Μόνον
833 2959 974 3013 ἔστω
1023 2958 1201 3030 γάμος
1242 2959 1479 3030 καθαρὸς
1510 2959 1645 3030 (27),
1674 2961 1766 3014 καὶ

1874 2963 2145 3027 imitabor,
2183 2978 2397 3032 purum,
2432 2963 2677 3029 inquam,
2708 2957 2861 3031 illum.
2883 2957 3180 3024 pronubam
3200 2963 3256 3010 et
3281 2969 3444 3023 spon-

180 3049 377 3114 ’πόθοις
411 3052 675 3122 ῥυπαροῖς
696 3052 1084 3121 ἀνεπίμικτος.”
1116 3051 1212 3104 Ἓν
1246 3051 1382 3104 αἰτῶ
1413 3052 1571 3121 μόνον
1591 3068 1606 3083 ο
1637 3052 1767 3106 λάϐε

182 3137 345 3210 παρά
393 3138 489 3193 τοῦ
528 3138 701 3209 δώρου
746 3140 846 3210 τὴν
890 3139 1209 3209 ἀσφάλειαν,
1246 3140 1341 3193 καὶ
1369 3140 1457 3203 δὸς
1502 3139 1579 3211 τῷ
1611 3139 1768 3211 δώρῳ

181 3229 287 3299 τὴν
320 3230 543 3299 ἁγνείαν
566 3230 706 3284 κατᾶ
740 3231 953 3302 καιρὸν,
986 3231 1091 3295 ἕως
1121 3231 1287 3303 εὐχῆς
1315 3232 1599 3304 πρόκειται
1632 3249 1766 3303 προ-

186 3324 410 3395 θεσμία,
456 3324 553 3378 καὶ
603 3324 863 3394 ἀσχολίας
908 3326 1022 3395 (28)
1064 3324 1383 3397 τιμιωτέρα,
1423 3328 1518 3378 καὶ
1563 3324 1766 3394 ταύτην

184 3416 254 3468 ἐκ
294 3415 483 3485 κοινῆς
517 3413 802 3485 ὁμολογίας
832 3416 923 3468 καὶ
947 3416 1321 3479 συναινέσεως.
1354 3416 1429 3467 Οὐ
1472 3414 1580 3485 γὰρ
1608 3431 1767 3484 νομο-

185 3504 473 3575 θετοῦμεν,
502 3504 639 3558 ἀλλά
672 3505 1061 3577 παραινοῦμεν,
1090 3506 1185 3559 καὶ
1215 3505 1324 3558 τῶν
1357 3506 1465 3558 σῶν
1495 3523 1547 3558 τι
1582 3506 1766 3559 λαϐεῖν

184 3597 331 3669 ὑπὲρ
353 3596 446 3650 σοῦ
478 3596 800 3668 βουλόμεθα,
828 3599 922 3651 κα)⁸
948 3599 1047 3669 τῆς
1072 3598 1256 3669 κοινῆς
1287 3597 1439 3669 ὑμῶν
1468 3597 1766 3667 ἀσφαλείας

183 3686 374 3740 ἕνεκεν
409 3687 540 3759 (29).
597 3689 689 3742 Ἐν
729 3688 1005 3760 κεφαλαίῳ
1048 3688 1107 3741 δὲ
1156 3692 1350 3752 εἰπεῖν,
1388 3689 1489 3743 οὐκ
1524 3689 1670 3743 ἔστιν
1703 3691 1762 3742 οὐ

184 3777 321 3846 βίος,
355 3778 455 3830 οὐκ
491 3777 846 3848 ἐπιτήδευμα,
900 3772 946 3846 ᾧ
981 3777 1055 3850 μὴ
1104 3777 1261 3830 τοῦτο
1306 3776 1760 3852 λυσιτελέστερον.

180 3869 365 3934 Δέξαι,
405 3869 434 3921 6
476 3870 534 3922 ἐν
568 3869 785 3940 ἐξουσίᾳ
816 3868 945 3941 (50),
972 3870 1064 3922 τὺν
1097 3868 1344 3940 χαλινόν’
1377 3871 1405 3923 6
1443 3870 1501 3925 ὲν
1528 3870 1761 3941 δουλείᾳ,

179 3960 282 4031 τὴν
310 3960 608 4031 ἰσοτιμίαν·
641 3962 670 4013 6
702 3960 948 4032 ἀθυμῶν,
981 3960 1079 4032 τὴν
1106 3961 1492 4033 παραμυθίαν·
1529 3964 1557 4015 6
1579 3964 1635 4015 ἐν
1671 3964 1763 4015 εὐ-

181 4050 378 4123 θυμία,
400 4052 501 4122 τὴν
529 4052 937 4122 παιδαγωγίαν,
968 4055 997 4106 6
1022 4052 1210 4124 πένης,
1246 4053 1337 4107 τὸν
1368 4052 1564 4107 ἄσυλον
1596 4054 1761 4108 πλοῦ·

175 4160 274 4197 τον
296 4161 312 4175 ·
339 4146 369 4197 6
390 4145 661 4217 εὐπορῶν,
684 4146 781 4217 τὴν
814 4145 983 4214 καλὴν
1002 4141 1076 4199 ὧν
1110 4144 1253 4216 ἔχεις
1278 4147 1606 4217 οἰκονομίαν.
1638 4149 1761 4220 Μη-

174 4234 268 4289 δὲν
316 4236 535 4311 σοφίσῃ,
592 4238 758 4307 μηδὲν
808 4237 1217 4309 τεχνάσῃκατά
1249 4238 1349 4307 τῆς
1392 4239 1616 4292 σεαυτοῦ
1650 4240 1760 4311 (51)

1874 3069 2017 3118 sum,
2057 3054 2149 3122 qui
2198 3063 2254 3107 et
2319 3050 2637 3105 miraculum
2682 3049 2734 3101 in
2781 3047 2982 3116 nuptiis
3013 3046 3164 3110 edit,
3196 3054 3250 3099 et
3282 3042 3448 3116 704

1847 3145 2178 3216 ηεοιῇιιεὶιιιη
2203 3141 2487 3213 ργωεεηιίιι
2510 3154 2607 3195 sua
2632 3138 2881 3192 honestat
2900 3136 2941 3190 ι.
2967 3136 3021 3189 In
3048 3136 3099 3189 id
3126 3144 3329 3188 tantum
3362 3136 3445 3189 in-

1872 3236 2086 3301 cumbe,
2119 3244 2178 3288 ut
2208 3248 2398 3304 purum
2429 3232 2499 3285 sit
2521 3229 2942 3288 matrimonium,
2974 3236 3134 3295 atque
3157 3225 3226 3309 ab
3253 3226 3447 3281 obsce-

1873 3342 2066 3382 narum
2104 3326 2459 3394 cupiditatum
2491 3321 2810 3390 contagione
2854 3318 3103 3372 liberum.
3137 3317 3248 3373 lloc
3276 3334 3442 3372 unum

1872 3433 2069 3488 posco;
2125 3432 2157 3470 a
2215 3416 2357 3469 dono
2412 3413 2758 3468 securitatem
2811 3411 3035 3478 accipe,
3089 3424 3153 3463 ac
3203 3410 3443 3465 vicissim

1873 3510 2017 3564 istud
2047 3509 2187 3562 dono
2219 3505 2471 3575 repende,
2508 3513 2567 3558 ut
2589 3514 2737 3557 certo
2771 3511 3033 3569 tempore,
3062 3501 3299 3569 quandiu
3335 3500 3443 3554 sci-

1871 3603 2001 3658 licet
2027 3602 2357 3671 assignntmn
2408 3597 2570 3652 fuerit
2613 3594 2843 3650 orationi
2883 3604 3121 3661 tempus,
3158 3592 3304 3646 omni
3339 3605 3439 3646 ne-

1871 3696 2017 3767 gotio
2043 3690 2431 3763 praestabilius,
2465 3704 2495 3743 a
2541 3704 2599 3743 re
2628 3687 2811 3740 uxoria
2842 3686 3117 3739 abstineas
3139 3722 3156 3749 ,
3187 3683 3348 3754 idque
3375 3697 3446 3739 ex

1871 3785 2143 3844 communi
2182 3794 2340 3852 pacto
2371 3790 2426 3837 et
2472 3795 2759 3836 consensu.
2796 3777 2913 3832 Non
2941 3779 3085 3831 enim
3114 3776 3282 3847 legem
3316 3791 3445 3831 san-

1870 3878 2067 3938 cimus,
2104 3874 2198 3930 sed
2229 3872 2513 3928 consilium
2539 3871 2766 3936 damus;
2798 3884 2862 3923 ac
2905 3868 3178 3937 quidpiam
3212 3881 3398 3923 eorum
3424 3905 3454 3932 ,κ

1856 3964 1989 4040 quae
2041 3976 2126 4023 tua
2179 3973 2335 4032 sunt,
2388 3964 2452 4018 ad
2498 3963 2782 4018 utilitatem
2818 3970 2963 4015 tuam
2995 3973 3444 4028 communemque

1869 4063 2152 4129 utriusque
2183 4068 2423 4113 vestrum
2463 4057 2846 4117 securitatem,
2892 4053 3139 4122 accipere
3168 4052 3435 4107 volumus.

1871 4152 1944 4208 Ut
1973 4162 2152 4206 autem
2180 4154 2233 4204 in
2258 4165 2465 4205 summa
2495 4149 2670 4203 dicam
2691 4187 2708 4212 ,
2736 4146 2938 4200 nullum
2980 4146 3102 4198 vitae
3141 4159 3308 4215 genus
3335 4153 3440 4208 est,

1869 4246 2073 4300 nullum
2100 4244 2336 4300 studium
2359 4252 2413 4295 et
2443 4241 2747 4295 institutum
2765 4281 2781 4305 ,
2810 4239 2895 4292 cui
2928 4252 3031 4291 non
3056 4237 3161 4291 hoc
3184 4236 3442 4291 conduci-

177 4330 482 4401 σωτηρίας.
524 4330 645 4383 Κᾶν
689 4330 798 4402 γάρ
851 4331 979 4394 τοὺς
1016 4330 1209 4395 ἄλλους
1240 4331 1759 4403 παραλογιςώμεθα,

1874 4337 2029 4392 bilius
2056 4336 2150 4393 sit.
2178 4334 2280 4400 Qui
2308 4333 2612 4388 conditione
2631 4331 2799 4387 libera
2821 4328 3042 4396 "gaudes
3064 4365 3079 4392 ,
3107 4324 3316 4381 frenum
3344 4339 3441 4380 ac-

248 4481 272 4512 ³
311 4481 330 4536 l
369 4480 505 4553 Reg.
545 4498 585 4549 1,
628 4483 689 4536 11
723 4494 847 4553 sqq.
924 4481 947 4513 ³
981 4481 1148 4535 Eccli.
1198 4497 1383 4546 xxx",
1422 4481 1477 4537 5.
1548 4458 1575 4514 ’⁸
1609 4481 1766 4539 Joan.

1879 4491 1906 4546 1
1937 4505 2059 4561 sqq.

248 4596 363 4669 (18)
404 4597 801 4681 ριικρόψυχος
828 4596 868 4667 ἡ
900 4596 1119 4666 μήτηρ.
1145 4595 1331 4652 Plures
1358 4597 1769 4671 Βεεεημικρόο

167 4665 353 4740 auios:
386 4665 667 4740 emane-

247 4734 364 4808 (19)
414 4734 665 4808 Πρὶν-’ἡ
712 4734 872 4808 Deest
902 4735 937 4806 ἦ
972 4736 1025 4790 in
1050 4736 1295 4808 pluribus
1326 4736 1484 4794 codd.

246 4806 365 4877 (2ο)
411 4806 510 4875 Τῇ.
563 4806 699 4876 Reg.
724 4807 823 4877 ph,
853 4811 948 4877 καὶ
972 4806 1061 4877 τῇ.

248 4874 366 4947 (21)
404 4874 688 4947 Ποίησᾳξ.
720 4875 835 4929 Duo
862 4874 1057 4947 Reggl‘,
1091 4877 1337 4947 ποίησον.

396 4947 578 5013 Αὕτη.
624 4946 848 5030 Nempe,
882 4945 1166 5030 xae‘apsig,
1207 4945 1240 4998 “ι
1277 4948 1550 5003 lavacrum
1590 4948 1756 5004 vitam

169 5017 273 5074 tibi
320 5026 375 5071 et
400 5031 681 5071 sermones
711 5027 1020 5083 componat.
1049 5035 1068 5066 1

244 5087 365 5159 (25)
406 5086 871 5156 ·⁹Υπερασπίσῃ.
920 5083 1119 5151 ’δενὶιη
1170 5085 1519 5156 ὑπερασπιεῖ,
1567 5104 1586 5139 ι
1634 5103 1760 5158 pro—

170 5167 347 5213 ιειιει.
385 5178 405 5211 1

194 5173 646 5299 ’Πόσωνκ
684 5235 803 5299 etc.
841 5245 860 5278 ι
892 5224 1035 5293 Quot
1079 5233 1238 5295 putas
1281 5223 1572 5295 eunuchis,
1626 5237 1762 5297 quot

167 5297 496 5370 ianitoribus
524 5297 811 5370 tutiorem?
844 5316 863 5348 1

240 5367 360 5440 (25)
398 5367 825 5440 Συνεζεύχθης.
865 5367 1079 5440 C9mb.,
1104 5364 1407 5440 πνεδέτης.

242 5436 360 5508 (26)
401 5438 586 5493 Ἐπεί.
627 5440 874 5506 Quinque
902 5437 1067 5506 Regg.
1102 5445 1157 5489 et
1201 5436 1375 5499 0r.1,
1408 5438 1474 5491 εἰ.

244 5508 362 5580 (27)
401 5508 696 5578 Καθαρός.
754 5509 887 5578 Reg.
924 5508 1036 5580 bin,
1078 5508 1287 5580 _Chrys.
1326 5516 1380 5560 et
1403 5509 1495 5564 Or.
1528 5508 1580 5575 1,
1621 5508 1756 5580 λαμ-

167 5577 382 5651 πρά-ἧι
416 5577 752 5651 splendidum
785 5577 1259 5651 tiriatrilnoniumtn

240 5649 358 5721 (ἓξ)
408 5646 757 5721 ’Ᾱσχολίαᾳ
805 5648 968 5721 Cuisl.
997 5648 1049 5711 1,
1081 5646 1326 5721 ἀσχολία.

240 5716 359 5789 (29)
374 5716 649 5775 "Ereiisr.
665 5720 887 5776 Deestin
904 5721 1075 5775 tribus
1092 5716 1278 5789 ltegg.,
1294 5718 1498 5777 Coisl.1
1520 5727 1573 5776 et
1585 5716 1677 5776 0r.
1699 5719 1751 5777 1.

1938 4602 2052 4673 ('50)
2108 4602 2172 4655 '0
2197 4601 2266 4654 ἐν
2289 4599 2562 4668 ἐξουσίᾳ.
2613 4597 2735 4653 Bill.
2759 4615 2815 4673 __¢
2869 4595 2970 4661 Qui
3003 4596 3055 4649 in
3101 4604 3363 4665 potestate
3385 4608 3441 4654 et

1865 4669 2097 4740 imperio
2124 4688 2202 4726 es.
2237 4690 2257 4723 1
2318 4673 2592 4737 Quantum
2651 4669 2921 4740 conjicere
2972 4682 3300 4740 ροεειιιιιυε,Δ
3332 4683 3440 4724 non

1865 4737 2040 4812 agi—tur
2069 4742 2158 4795 hic
2189 4742 2254 4795 de
2283 4741 2349 4794 iis
2384 4741 2473 4812 qui
2529 4740 2750 4808 imperio
2795 4738 3091 4812 potiuntur,
3140 4738 3234 4812 sed
3271 4737 3336 4812 de
3360 4740 3442 4812 _iis

1863 4806 1953 4881 qui
1986 4812 2290 4866 conditione
2319 4827 2337 4859 ι
2382 4806 2570 4875 libera,
2605 4806 2635 4860 “›
2667 4810 2917 4881 gaudent,
2954 4822 3070 4881 seu,
3106 4806 3195 4873 qui
3245 4806 3441 4881 suigju-

1862 4877 1940 4936 fis
1960 4892 2107 4945 sunt,
2130 4881 2324 4947 quibus
2341 4890 2706 4947 opponuntur,
2728 4878 2817 4945 qui
2842 4877 3145 4947 conditione
3172 4893 3190 4947 ι
3211 4877 3387 4947 servili
3412 4896 3432 4930 1

1866 4944 2203 5020 premuntur,
2228 4944 2390 5011 juxta
2411 4944 2536 5003 illud
2569 4944 2755 5016 Apost.
2783 4949 2847 5000 ad
2872 4944 3045 5020 Galat.
3079 4945 3261 5009 ut,‘28,
3280 4963 3299 4996 ι
3321 4946 3436 5020 Non

1866 5016 1952 5074 est
1979 5036 2165 5074 servus
2197 5036 2371 5088 neque
2398 5020 2564 5086 liber;
2588 5033 2776 5073 omnes
2801 5017 2943 5070 enim
2987 5031 3079 5071 vos
3104 5030 3269 5069 unum
3307 5016 3440 5071 estis

1864 5091 1919 5144 in
1945 5091 2160 5144 Christo
2205 5089 2351 5143 Jesu.
2384 5108 2405 5141 1

1938 5160 2020 5229 (51
2031 5173 2050 5233 )
2079 5159 2363 5233 Σεαυτοῦ.
2396 5159 2636 5233 Quatuor
2663 5155 2854 5233 Regg.,
2900 5165 3011 5209 tres
3037 5152 3188 5209 Coll).
3222 5164 3281 5233 _et
3336 5150 3433 5213 Or.

1865 5230 1919 5295 1,
1949 5225 2072 5301 σῆς.
2105 5230 2297 5301 «HNihil
2342 5232 2597 5301 adversus
2631 5225 2823 5301 aululae
2873 5237 2997 5287 tuae,
3029 5244 3047 5277 1
3074 5233 3190 5301 etc.‘
3222 5225 3279 5278 Id
3328 5239 3431 5301 est,

1869 5295 2018 5355 nihil'
2045 5300 2337 5354 callidioris
2373 5299 2580 5353 consilii
2610 5298 2870 5350 adversus
2909 5308 3053 5348 tuam
3094 5295 3259 5362 ipsius
3289 5295 3435 5359 salu;-

1868 5379 1973 5425 tem
2009 5371 2273 5439 excogita,
2312 5370 2518 5439 fingens
2561 5368 2768 5439 scilicet
2825 5377 2877 5439 te
2916 5374 3132 5432 propter
3181 5365 3431 5431 baptismi

1866 5437 2221 5495 reverentiam
2261 5438 2743 5508 procrastinatione
2780 5437 2876 5499 uti,
2913 5450 3039 5508 cum
3082 5448 3266 5508 revera
3312 5450 3431 5508 eam

1866 5508 2144 5564 differendi
2202 5504 2523 5562 sacramenti
2575 5521 2793 5562 causam
2842 5505 3060 5568 habeas,
3096 5517 3153 5558 ut
3209 5504 3434 5560 libarius

1866 5583 1970 5648 tuis
1999 5579 2274 5648 indulgeas
2311 5578 2689 5647 voluptatibus.
2734 5574 2869 5628 Nam
2918 5576 3162 5648 quamvis
3194 5574 3329 5648 alios
3362 5574 3436 5647 fei-

1863 5642 2180 5711 fellerimus',
2215 5642 2555 5708 conscientiae
2586 5658 2762 5704 tamen
2815 5655 3009 5702 nostra:
3036 5645 3213 5701 fucum
3252 5642 3434 5701 facere

1855 5718 1968 5776 non
1992 5720 2303 5788 poterimus.
