3902 6218
469 241 611 303 385'

1686 243 1746 301 S.
1786 243 2117 303 GREGORll
2156 243 2506 303 THEOLOGI

3641 237 3767 293 584

431 388 437 393 ·
469 362 627 432 cipe;
680 360 776 434 qui
814 359 995 417 servili
1042 362 1310 431 premeris
1332 402 1349 431 ,
1384 361 1644 434 aequalem
1677 363 1897 421 honoris
1921 379 2047 435 gra-

2155 366 2297 437 ἡμᾶς
2327 381 2389 435 γε
2427 362 2627 425 αότοὺς
2665 358 2725 414 οὗ
2763 356 3138 431 δυνησόμεθα⁶
3183 356 3259 420 ὡς
3283 355 3346 409 τό
3372 371 3436 425 γε
3468 355 3589 409 καθ’
3617 356 3774 409 ἑαυ-

472 453 638 518 dum;
671 453 760 521 qui
793 453 845 506 in
891 468 1125 509 maerore
1173 455 1445 519 versaris,
1474 454 1763 521 solatium;
1806 456 1898 526 qui
1927 457 2049 513 laeto

2152 456 2249 511 τοῦ
2271 457 2511 523 παίζειν,
2541 454 2665 508 λίαν
2689 450 2988 520 ἐπισφαλὲς
3019 447 3116 502 καὶ
3143 447 3391 518 ἀνόητον.

469 552 637 613 atque
680 543 839 599 hilari
882 560 944 600 es
970 546 1176 612 animo,
1247 544 1617 617 disciplinam;
1682 547 1773 616 qui
1798 562 1978 603 rerum
2045 549 2228 621 inopia
2270 548 2522 612 laboras,
2583 559 2717 617 opes
2761 553 2941 608 tutas,
2987 556 3088 598 nec
3128 537 3414 611 direptioni
3445 538 3766 605 obnoxias;

468 636 565 704 qui
605 636 812 691 divitiis
856 634 1068 705 allluis,
1109 637 1425 704 praeclaram
1472 639 1787 694 facultatum
1833 650 2048 697 tuarum
2123 641 2672 699 administrationem.
2750 635 2898 692 Nihil
2948 634 3209 690 adversus
3247 632 3447 686 animae
3494 639 3601 685 tua:
3654 642 3772 684 sa:

466 725 637 782 intem
662 727 901 797 captiose
923 728 1357 795 comminiscere,
1386 730 1523 786 nihil
1550 731 1882 788 machinare.
1913 732 2051 788 Nam
2092 733 2223 789 licet
2255 733 2378 789 aliis
2437 731 2623 788 fucum
2680 728 2964 792 faciamus,
2997 724 3152 780 nobis
3187 724 3404 793 quidem
3433 721 3566 791 ipsis
3595 736 3766 775 nun-

468 831 633 891 quam
686 820 1001 890 poterimus.
1043 819 1124 876 Ac
1184 821 1433 893 profecto
1485 823 1750 879 adversus
1801 825 2042 895 seipsum
2080 826 2288 892 ludere,
2324 825 2612 880 admodum
2643 819 3010 892 periculosum
3050 825 3105 872 et
3135 815 3390 872 stolidum
3433 821 3541 870 est;

543 910 695 969 XIX,
720 909 790 964 At
819 910 873 964 in
906 910 1083 966 media
1128 912 1406 968 hominum
1439 912 1744 984 frequentia
1773 916 2009 971 versaris
2032 956 2049 984 ,

2220 916 2324 971 18'.
2377 914 2518 969 Ἀλλ’
2549 916 2609 968 ἐν
2652 911 2806 984 μέσῳ
2850 907 3082 982 στρέφῃ,
3115 907 3214 961 καὶ
3256 903 3460 977 μολύνῃ
3504 905 3621 966 τοῖς
3648 902 3771 976 67‘.-

469 1015 536 1056 ac
570 1001 905 1070 publicarum
939 1017 1117 1057 rerum
1169 1020 1303 1060 cura
1351 1014 1408 1061 et
1455 1007 1927 1062 administratione
1971 1008 2050 1062 in-

2155 1009 2362 1080 μοσίοις
2382 1025 2395 1040 ’
2428 1007 2524 1061 καὶ
2548 1005 2742 1068 δεινὸν,
2773 1004 2825 1056 εῐ
2863 1019 2947 1056 σοι
2971 995 3448 1069 δαπανηθήσεσθαι
3471 995 3534 1048 τὸ
3559 993 3769 1065 φιλάν-

467 1091 751 1161 quiuaris:
784 1100 947 1161 atque
978 1093 1182 1149 idcirco
1229 1096 1425 1165 metuis
1455 1138 1469 1157 ,
1519 1111 1587 1150 ne
1639 1096 2008 1152 misericordia
2032 1137 2050 1163 ,

468 1198 630 1253 quam
660 1197 759 1253 per
783 1183 1110 1253 baptismum
1133 1198 1460 1242 consecutus
1486 1202 1567 1251 es,
1593 1189 1886 1258 depereat?
1915 1189 2052 1246 Sim-

467 1275 594 1344 plici
628 1275 880 1331 oratione
924 1283 1103 1331 tecum
1150 1293 1326 1348 agam.
1363 1277 1565 1333 Forum
1596 1295 1814 1350 quoque
1841 1282 2049 1352 ipsum,

467 1368 513 1422 si
546 1366 663 1422 ﬁeri
691 1376 888 1436 potest,
924 1383 1048 1421 cum
1094 1369 1322 1439 pulchro
1351 1370 1766 1442 comitatufuge
1787 1414 1802 1437 ,
1833 1374 2048 1443 aquilae,

466 1458 574 1523 vel,
603 1464 666 1513 ut
708 1459 880 1529 magis
914 1461 1157 1529 apposite
1185 1460 1363 1515 dicam
1384 1501 1400 1524 ,
1433 1462 1698 1517 columba:
1726 1465 1922 1531 pennis
1956 1465 2049 1520 tibi

468 1549 571 1619 ipsi
617 1550 905 1619 impositis.
959 1551 1137 1618 (Quid
1190 1553 1332 1607 enim
1369 1555 1465 1608 tibi
1509 1570 1630 1608 cum
1667 1555 1914 1625 Caesare,
1958 1566 2054 1611 aut

2151 1098 2400 1171 θρωπον;
2446 1094 2682 1160 Ἀπλοῦς
2710 1095 2740 1146 ό
2763 1093 2921 1161 λόγος
2939 1106 2955 1121 ·
2977 1089 3174 1161 Εἰμὲν
3215 1082 3328 1142 οἷόν
3357 1104 3442 1153 τε,
3469 1084 3610 1156 φύγε
3651 1085 3768 1140 καὶ

2148 1192 2247 1264 τὴν
2277 1189 2486 1262 ἀγορὰν
2529 1187 2667 1259 μετὰ
2710 1186 2809 1257 τῆς
2835 1182 3006 1254 καλῆς
3036 1179 3303 1245 συνοδίας,
3337 1177 3623 1248 πτέρυγας
3655 1176 3768 1228 ἀε-

2144 1281 2242 1338 τοῦ
2280 1279 2493 1351 σεαυτῷ
2533 1277 2798 1351 περιθεὶς,
2841 1275 2877 1349 ἢ
2924 1272 3274 1345 περιστερᾶς,
3314 1270 3381 1323 ἵν’
3412 1268 3765 1339 οἰκειότερον

2154 1372 2296 1427 εἴπω
2323 1372 2342 1443 (
2355 1373 2407 1425 τί
2444 1371 2553 1443 γάρ
2585 1386 2668 1423 σοι
2702 1368 2798 1423 καὶ
2824 1366 3089 1437 Καίσαρι,
3121 1363 3156 1434 ἢ
3196 1364 3312 1425 τοῖς
3362 1358 3759 1432 Καίσαρος;).

2158 1468 2305 1530 Ἕως
2331 1460 2391 1520 οὗ
2416 1462 2774 1535 καταπαύσῃς
2800 1459 2934 1529 (52),
2956 1453 3017 1513 οὗ
3051 1456 3126 1528 μὴ
3162 1455 3311 1508 ἐστιν
3333 1454 3600 1524 ἁμαρτία,
3635 1469 3760 1522 μη·-

2156 1556 2212 1609 δὲ
2268 1555 2588 1627 μελάνωσις,
2634 1551 2768 1622 μηδὲ
2812 1548 3022 1602 δάκνων
3054 1547 3178 1616 ὄφις
3216 1544 3303 1615 ἐφ’
3333 1543 3477 1608 ὁδοῦ,
3512 1541 3762 1595 κωλύων

466 1640 700 1696 Caesaris
733 1641 968 1714 rebus?)
1000 1644 1174 1712 Atque
1220 1642 1295 1698 ita
1331 1643 1482 1713 fuge,
1525 1655 1582 1699 ut
1614 1661 1718 1700 non
1759 1657 1886 1703 ante
1918 1663 2050 1703 cou-

2155 1665 2247 1701 σου
2286 1646 2357 1699 τὰ
2396 1645 2539 1699 κατὰ
2569 1644 2701 1698 Θεὸν
2733 1639 3065 1711 διαδήματα.
3110 1639 3395 1707 ’Ἅρπασον
3441 1634 3542 1707 τὴν
3583 1649 3761 1687 σεαυ-

467 1732 740 1801 quiescas,
763 1748 924 1802 quam
949 1749 1013 1788 eo
1035 1736 1365 1801 perveneris,
1390 1738 1481 1790 ubi
1521 1750 1618 1790 nec
1642 1749 1920 1807 peccatum
1945 1749 2048 1802 est,
2086 1724 2101 1739 ’

468 1822 571 1879 nec
595 1823 910 1889 infuscatio,
940 1840 1040 1879 nec
1066 1840 1292 1895 serpens
1322 1827 1372 1881 in
1400 1828 1484 1880 via
1517 1829 1793 1892 mordens,
1828 1831 2053 1900 piosque

470 1922 590 1970 tuos
617 1928 837 1985 gressus
881 1916 1202 1986 impediens.
1257 1917 1459 1987 Abripe
1503 1919 1739 1972 animam
1792 1931 1938 1974 tuam
1983 1936 2051 1975 ex

468 2004 575 2059 hoc
605 2006 833 2079 mundo;
866 2005 993 2076 fuge
1026 2006 1354 2074 Sodomam;
1382 2008 1685 2063 incendium
1720 2008 1874 2078 fuge;
1911 2012 2051 2065 irre-

472 2104 613 2151 torto
636 2096 792 2152 oculo
829 2099 1058 2167 gradere
1077 2137 1094 2164 ,
1125 2115 1190 2152 ne
1218 2099 1270 2152 in
1297 2099 1426 2154 salis
1448 2098 1677 2168 lapidem
1707 2116 2048 2157 concrescas.

468 2183 527 2237 in
564 2193 799 2240 montem
830 2184 1022 2238 salutis
1064 2200 1225 2240 causa
1252 2194 1305 2239 te
1334 2185 1543 2248 confer,
1578 2202 1645 2241 ne
1687 2187 1847 2242 simul
1878 2190 2053 2243 corri-

470 2276 661 2345 piaris.
715 2274 866 2342 Quod
918 2276 963 2330 si
1004 2276 1117 2346 jam
1163 2286 1462 2345 occupatus
1505 2292 1596 2340 es,
1632 2292 1695 2330 ac
1728 2278 2052 2333 necessariis

468 2365 700 2422 vinculis
745 2367 1020 2433 astrictus,
1054 2368 1126 2421 ita
1179 2376 1354 2421 tecum
1401 2368 1516 2434 ipse
1548 2369 1786 2437 disputa,
1822 2370 1908 2423 vel
1952 2384 2051 2438 ego

467 2459 649 2528 potius
689 2468 860 2512 tecum
896 2458 1199 2528 disputabo.
1228 2458 1458 2512 Prmstat
1485 2460 1726 2529 quidem,
1759 2469 1815 2514 et
1844 2462 2045 2515 bonmu

466 2550 757 2619 consequi,
791 2559 845 2603 et
876 2550 1249 2621 purgationem
1283 2551 1419 2606 tueri
1451 2566 1516 2606 ac
1551 2567 1880 2607 conservare
1912 2571 1926 2606 :
1962 2568 2051 2609 ve-

466 2658 586 2695 rum
631 2643 675 2696 si
717 2650 1005 2712 utrumque
1051 2658 1155 2697 non
1196 2644 1377 2710 datur,
1428 2643 1558 2699 illud
1603 2654 1753 2699 certe
1799 2652 2047 2711 praestat,

462 2731 629 2804 705
672 2733 723 2785 in
776 2747 955 2786 rerum
1010 2732 1350 2801 publicarum
1392 2733 1860 2788 administratione
1912 2749 2050 2787 non-

465 2825 603 2878 nihil
647 2825 915 2878 interdum
958 2824 1196 2878 sordium
1233 2825 1592 2888 contraxisse,
1632 2840 1794 2894 quam
1830 2825 2051 2880 omnino

466 2930 496 2967 a
525 2916 696 2986 gratia
738 2916 1031 2970 excidere:
1079 2916 1534 2985 quemadmodum
1565 2916 1774 2970 scilicet
1826 2934 1855 2969 a
1899 2927 2051 2981 patre

2154 1738 2246 1792 τοῦ
2278 1739 2389 1809 (55)
2414 1737 2591 1808 ψυχὴν
2617 1737 2703 1801 ,ὲκ
2738 1733 2833 1787 τοῦ
2867 1733 3102 1802 κόσμου·
3135 1730 3275 1798 φύγε
3308 1727 3516 1798 Σόδομα
3537 1741 3556 1757 ⁸
3603 1726 3758 1796 φύγε

2151 1830 2244 1883 τὸν
2296 1827 2625 1899 ὲμπρησμόν
2650 1844 2665 1857 ο
2698 1824 2917 1879 ὅδευσον
2966 1818 3403 1892 ἀμεταστρεπτὶ,
3449 1818 3524 1889 μὴ
3557 1820 3758 1887 παγῇς

2152 1919 2296 1982 λίθος
2317 1919 2442 1982 ἁλός
2468 1935 2481 1948 ο
2529 1919 2608 1979 εἰς
2640 1915 2701 1969 τὸ
2739 1916 2864 1987 ὅρος
2903 1911 3097 1977 σώζου,
3132 1910 3207 1982 μὴ
3242 1908 3753 1980 συμπαραληφθῇς.

2153 2009 2217 2061 Εἰ
2265 2007 2323 2060 δὲ
2372 2004 2685 2078 προκατέχῃ
2740 2003 2875 2074 (54),
2928 2002 3025 2057 καὶ
3065 2000 3279 2053 δέδεσαι
3308 1998 3529 2069 δεσμοῖς
3569 1998 3758 2064 ἀναγ-

2152 2098 2348 2163 καίοις,
2379 2099 2555 2150 ἐκεῖνο
2589 2095 2799 2167 σεαυτῷ
2826 2093 3156 2165 διαλέχθητι,
3189 2090 3391 2162 μᾶλλον
3421 2088 3480 2141 δὲ
3529 2088 3618 2141 σοὶ
3649 2089 3758 2141 αὺ-

2149 2191 2241 2253 τὸς
2305 2188 2730 2260 διαλεχθήσομαι
2754 2202 2769 2218 ⁸
2805 2188 3074 2259 Κρεῖσσον
3138 2184 3236 2254 μὲν
3281 2184 3375 2235 καὶ
3416 2182 3600 2250 τυχεῖν
3635 2179 3753 2248 (55)

2150 2280 2245 2334 τοῦ
2285 2279 2510 2348 ἀγαθοῦ,
2551 2280 2646 2332 καὶ
2687 2278 2981 2347 φυλάσσειν
3013 2276 3110 2346 τὴν
3138 2275 3438 2344 κάθαρσινο
3473 2270 3611 2323 εἰδὲ
3640 2271 3757 2340 ἀμ·-

2152 2373 2353 2443 φότερα
2377 2371 2477 2443 μὲν
2507 2370 2800 2441 ἐνδέχεται,
2834 2367 3086 2440 κρεῖσσόν
3117 2383 3248 2418 ποτε
3283 2363 3455 2435 μικρά
3477 2361 3758 2433 μολυνθῆ-

2150 2482 2238 2519 ναι
2267 2466 2382 2527 τοῖς
2424 2466 2537 2527 σοῖς
2569 2461 2869 2534 δημοσίοις,
2904 2459 2937 2531 ἢ
2967 2460 3317 2512 παντάπασιν
3361 2456 3619 2509 ἐκπεσεῖν
3643 2452 3755 2523 τῆς

2151 2559 2413 2629 χάριτοςο
2472 2555 2681 2627 ὥσπερ,
2730 2553 2907 2625 οἶμαι,
2957 2554 3211 2624 κρεῖσσον
3261 2545 3656 2619 ἐπιτιμηθῆναί
3694 2562 3757 2598 τι

2151 2648 2303 2719 παρὰ
2324 2646 2531 2718 πατρὸς
2561 2646 2659 2699 καὶ
2678 2646 2959 2708 δεσπότου,
2987 2643 3020 2712 ἢ
3045 2641 3394 2710 ἀπωσθῆναι·
3424 2638 3517 2691 καὶ
3546 2636 3755 2707 μικρὸν

2151 2738 2511 2807 αὐγάζεσθαι,
2545 2737 2578 2808 ἦ
2613 2737 2889 2799 παντελῶς
2919 2732 3283 2796 σκοτίζεσθαι.
3317 2730 3619 2803 Σωφρόνων
3662 2728 3755 2793 δὲ,

2151 2829 2341 2900 ὥσπερ
2377 2829 2487 2883 τῶν
2516 2829 2737 2897 ἀγαθῶν
2776 2827 2845 2880 τὰ
2899 2825 3068 2896 μείζω
3105 2825 3199 2877 καὶ
3243 2821 3567 2892 τελεώτερα,
3599 2817 3758 2873 οὕτω

2153 2919 2248 2972 καὶ
2297 2918 2408 2985 (56)
2466 2918 2575 2971 τῶν
2623 2916 2811 2970 κακῶν
2866 2913 3135 2987 αἱρεῖσθαι
3187 2911 3255 2965 τὰ
3297 2911 3504 2964 ἐλάττω
3545 2926 3608 2962 τε
3650 2909 3757 2962 καὶ

466 3019 521 3063 et
555 3009 685 3061 hero
711 3009 1032 3076 quandoque
1063 3006 1337 3077 obiurgari
1366 3008 1537 3061 satius
1561 3018 1665 3066 est,
1697 3023 1858 3076 quam
1886 3011 2047 3062 domo

2155 3011 2477 3082 κουφότερα.
2506 3010 2605 3062 Διὰ
2628 3009 2785 3061 τοῦτο
2811 3008 2886 3078 μὴ
2914 3007 3035 3060 λίαν
3059 3003 3302 3074 φοϐηθῇς
3324 2992 3423 3074 τὴν
3449 3001 3753 3072 κάθαρσιν.

467 3100 588 3170 ejici
617 3118 632 3155 :
668 3109 721 3152 et
750 3099 946 3168 exiguo
976 3098 1261 3167 splendore
1293 3099 1602 3168 perstringi,
1638 3116 1802 3169 quam
1830 3114 2050 3168 prorsus

463 3191 771 3247 obscurari.
805 3189 1136 3244 Prudentum
1165 3204 1331 3259 porro
1357 3199 1411 3245 ct
1434 3192 1778 3246 cordatorum
1809 3194 2048 3247 virorum

464 3292 585 3341 est.
628 3291 687 3336 ut
736 3282 788 3335 in
841 3282 996 3335 bonis
1031 3281 1253 3336 ’meliora
1290 3293 1355 3337 ‘et
1403 3283 1788 3339 excellentiora
1819 3285 1955 3349 ,‘ita
1995 3285 2048 3339 in

469 3371 627 3426 malis
656 3372 863 3426 minora
898 3381 952 3424 et
982 3371 1181 3425 leviora
1208 3372 1430 3443 eligere.
1465 3374 1729 3440 Quocirca
1759 3391 1826 3429 ne
1863 3386 2046 3430 tanto-

467 3477 598 3531 pere
636 3463 1009 3533 purgationem
1041 3462 1318 3518 formides.
1350 3464 1425 3518 Ea
1460 3466 1604 3519 enim
1624 3507 1641 3532 ,
1673 3482 1794 3537 quae
1824 3478 1971 3523 recte
1996 3478 2050 3523 et

465 3572 592 3612 cum
631 3556 790 3611 laude
823 3556 1100 3625 gerimus,
1132 3571 1161 3610 a
1189 3556 1335 3625 iusto
1366 3567 1422 3613 et
1461 3560 1695 3630 benigno
1732 3577 1915 3616 rerum
1952 3578 2049 3617 nou-

466 3650 707 3703 str'arum
734 3648 915 3717 judice
957 3664 1170 3717 semper
1197 3651 1264 3704 ad
1293 3651 1415 3707 vita:
1451 3661 1648 3707 nostra:
1678 3654 1856 3708 studia
1890 3664 2053 3724 atque

469 3741 739 3807 instituta,
769 3751 1025 3810 tanquam
1051 3745 1118 3796 ad
1141 3745 1397 3798 amussim
1414 3746 1722 3814 quamdam,
1746 3749 2051 3817 exiguntur.

466 3831 743 3901 Atque'ita
779 3834 1094 3903 plerumque
1127 3833 1346 3897 accidit,
1382 3844 1440 3888 ut
1479 3836 1569 3903 qui
1605 3836 1656 3889 in
1687 3838 1826 3890 civili
1860 3838 1967 3890 vita
1997 3846 2052 3891 et

467 3925 525 3980 in
561 3926 737 3980 inedio
771 3927 946 3996 posita
971 3968 986 3989 ,
1020 3926 1222 3996 aliquid
1273 3929 1499 3983 honeste
1531 3940 1584 3983 et
1616 3942 1682 3983 ex
1717 3931 1919 3984 virtute
1967 3931 2048 3985 fe-

468 4017 629 4084 cerit,
655 4017 707 4071 in
737 4017 943 4072 meliori
980 4032 1141 4072 causa
1177 4017 1267 4082 sit,
1298 4035 1459 4088 quam
1488 4020 1580 4090 qui
1610 4037 1638 4072 ιι
1668 4020 1898 4088 publicis
1928 4037 2051 4075 mu-

469 4109 693 4164 neribus
728 4109 985 4177 feriatus,
1024 4109 1201 4164 ollicio
1237 4126 1336 4164 suo
1368 4127 1473 4164 non
1504 4127 1892 4183 usquequaque
1927 4129 2050 4182 per-

468 4199 688 4257 functus
728 4202 888 4256 fuerit
916 4220 931 4257 :
960 4204 1433 4271 quemadmodum,
1471 4214 1528 4257 ut
1560 4219 1678 4258 mea
1707 4203 1815 4260 fert
1838 4205 2043 4274 opinio,

2149 3101 2406 3172 Κρίνεται
2447 3100 2556 3170 γὰρ
2592 3101 2680 3153 ἀεὶ
2725 3099 2863 3170 μετὰ
2893 3097 3000 3151 τῶν
3028 3095 3480 3168 ἐπιτηδευμάτων
3525 3092 3584 3144 τὸ
3609 3107 3759 3145 κατ-

2147 3193 2494 3264 ορθούμενον,
2530 3191 2682 3262 παρὰ
2715 3190 2808 3244 τοῦ
2842 3190 3052 3244 δικαίου
3093 3190 3187 3242 καὶ
3220 3184 3607 3259 φιλανθρώπου
3632 3183 3759 3237 τῶν

2148 3285 2429 3357 ἡμετέρων
2461 3284 2674 3355 κριτοῦ.
2706 3284 2815 3336 Καὶ
2858 3283 3054 3353 μικρὸν
3096 3278 3450 3352 κατορθώσας
3480 3274 3757 3338 πολλάκις

2146 3380 2175 3430 ὁ
2209 3379 2265 3430 ἐν
2298 3376 2377 3447 τῷ
2412 3377 2581 3447 μέσῳ,
2616 3375 2778 3428 πλέον
2811 3374 2924 3444 (5⁸7)
2965 3374 3089 3443 ἔσχε
3116 3372 3213 3424 τοῦ
3253 3373 3311 3423 ὲν
3355 3369 3639 3440 ἐλευθερίᾳ
3667 3366 3758 3439 μὴ

2147 3468 2210 3521 τὸ
2236 3472 2341 3521 πᾶν
2370 3466 2845 3539 κατορθώσαντος’
2879 3465 3090 3536 ὥσπερ,
3112 3461 3284 3534 οἶμαι,
3314 3460 3757 3531 παραδοξότερον

2151 3565 2211 3615 ἐν
2229 3561 2422 3624 πέδαις
2448 3560 2623 3632 μικρά
2649 3557 3049 3631 προϐαίνειν,ἢ
3076 3556 3290 3627 τρέχειν
3322 3553 3510 3625 μηδενὶ
3545 3550 3757 3622 βαρού-

2155 3670 2313 3723 μενον
2335 3672 2350 3687 ·
2394 3654 2487 3705 καὶ
2506 3652 2594 3704 διὰ
2618 3652 2880 3723 βορϐόρου
2915 3649 3086 3721 μικρά
3109 3645 3478 3720 ῥαντίζεσθαι,
3509 3644 3543 3716 ἦ
3566 3643 3754 3698 καθει-

2154 3742 2248 3814 ρὸν
2287 3738 2425 3794 εἶναι
2452 3741 2541 3794 διὰ
2567 3742 2817 3811 καθαρᾶς
2844 3739 2963 3793 ὁδοῦ
2991 3739 3311 3809 φερόμενον.
3340 3737 3653 3806 Τεκμήριον
3684 3733 3756 3789 δὲ

2152 3836 2248 3889 τοῦ
2291 3836 2471 3904 λόγου,
2502 3835 2598 3888 καὶ
2639 3833 2807 3887 Ῥαὰϐ
2837 3832 2934 3903 τὴν
2966 3832 3170 3901 πόρνην
3215 3828 3273 3881 ἓν
3312 3826 3597 3881 ἐδικαίωσε
3647 3825 3756 3896 μό-

2147 3946 2237 3984 νον
2278 3928 2407 3997 (58),
2454 3930 2488 4000 ἡ
2525 3924 2815 3997 φιλοξενία,
2852 3923 3020 3977 τᾶλλα
3045 3923 3147 3975 οὐκ
3185 3919 3618 3990 ἐπαινουμένην
3649 3917 3755 3971 καὶ

2148 4020 2238 4075 τὸν
2287 4019 2524 4091 τελώνην
2573 4019 2631 4072 ἓν
2677 4018 2912 4088 ὕψωσεν,
2951 4018 2985 4087 ἡ
3032 4014 3383 4077 ταπείνωσις,
3417 4012 3569 4065 οὐδὲν
3613 4010 3755 4065 ἄλλο

2151 4112 2601 4185 μαρτυρηθέντα·
2668 4112 2756 4164 ἵνα
2814 4110 2878 4162 σὺ
2933 4107 3145 4181 μάθῃς,
3214 4104 3443 4159 σεαυτοῦ
3505 4102 3581 4175 μὴ
3639 4105 3751 4174 ρᾳ-

2145 4206 2273 4269 δίως
2299 4206 2410 4277 (59)
2438 4203 2862 4272 ἀπογινώσκειν.

468 4295 772 4351 mirabilius
802 4305 886 4351 est
914 4298 1187 4352 hominem
1211 4298 1559 4367 compedibus
1590 4297 1827 4352 vinctum
1860 4299 2105 4354 nonnihil
2135 4301 2409 4371 progredi,
2434 4314 2594 4368 quam
2643 4298 2789 4353 nullo
2848 4310 3013 4352 onere
3074 4294 3413 4365 impeditum,
3478 4304 3707 4347 currere
3727 4309 3745 4346 :

467 4384 772 4439 mirabilius
805 4385 954 4450 item,
998 4402 1144 4450 eum,
1180 4386 1273 4456 qui
1311 4401 1407 4454 per
1446 4401 1659 4442 ccenum
1697 4388 1945 4455 incedat,
2009 4388 2199 4446 leviter
2260 4392 2504 4460 aspergi,
2542 4405 2703 4459 quam
2772 4404 2893 4443 eum
2920 4428 2935 4452 ,
3006 4388 3096 4457 qui
3130 4402 3263 4455 pura
3306 4387 3389 4439 via
3418 4386 3520 4438 iter
3550 4382 3746 4445 faciat,

467 4491 662 4547 purum
683 4477 750 4530 ab
772 4479 918 4531 omni
946 4477 1154 4531 macula
1177 4493 1418 4535 manere.
1457 4478 1791 4547 Argumento
1832 4492 1915 4536 est
1972 4481 2121 4537 Raab
2160 4485 2413 4537 meretrix
2440 4523 2455 4547 ,
2497 4483 2607 4547 cui,
2642 4481 2839 4548 alioqui
2873 4496 3060 4550 parum
3099 4480 3359 4541 laudate,
3403 4476 3750 4545 hospitalitas

469 4566 585 4622 sola
649 4567 876 4636 jnstilia:
947 4568 1157 4623 laudem
1195 4569 1405 4636 attulit;
1467 4579 1523 4623 et
1556 4568 1913 4639 publicanus,
1962 4589 2121 4643 quem
2164 4591 2269 4629 una
2313 4584 2518 4627 tantum
2575 4573 2852 4628 humilitas
2898 4574 3126 4637 extulit,
3176 4571 3320 4626 nullo
3366 4571 3475 4625 alio
3530 4572 3751 4624 nomine

469 4663 937 4727 commendatum;
993 4671 1052 4715 ut
1094 4661 1186 4715 tibi
1229 4661 1553 4716 documento
1592 4662 1691 4730 sit,
1740 4680 1807 4718 ne
1845 4666 1911 4720 de
1959 4675 2045 4719 tua
2087 4666 2260 4721 salute
2296 4674 2497 4719 temere
2520 4665 2791 4732 desperes.

543 4753 664 4809 XX.
705 4754 938 4819 Verum,
973 4754 1115 4807 dicet
1144 4753 1410 4822 quispiam
1432 4792 1449 4819 ,
1482 4755 1608 4824 quid
1641 4757 1770 4810 mibi
1800 4770 1863 4809 ex
1900 4772 1963 4811 ea
1990 4772 2050 4812 re

2225 4759 2311 4811 K’.
2357 4755 2518 4809 Ἀλλὰ
2569 4755 2622 4809 τί
2669 4772 2760 4825 μοι
2809 4752 2992 4817 πλέον,
3041 4753 3204 4824 φησὶ,
3247 4752 3751 4824 προκατασχεθέντι

470 4846 796 4909 accesserit,
836 4846 879 4901 si
916 4860 1012 4915 per
1058 4845 1381 4914 baptismum
1410 4857 1815 4916 praeoccupatus
1856 4848 2034 4913 fuero,

470 4945 635 5007 atque
658 4952 850 4992 omnes
881 4938 1003 4990 vita:
1030 4937 1326 4990 suavitates
1356 4936 1487 4988 mibi
1515 4936 1617 5006 ipsi
1650 4938 1720 4991 ob
1742 4935 2053 5007 bujusmodi

471 5031 803 5086 celeritatem
852 5030 1181 5101 praeclusero
1207 5069 1223 5096 ,
1260 5044 1383 5084 cum
1427 5030 1793 5099 voluptatibus
1832 5033 2049 5087 interim

470 5122 750 5194 indulgere
791 5124 945 5178 liceat
968 5162 983 5185 ,
1010 5132 1174 5190 atque
1197 5122 1268 5175 ita
1299 5122 1512 5175 demum
1542 5123 1769 5193 gratiam
1802 5123 2053 5193 assequi?

540 5260 659 5334 ('52)
675 5261 1097 5328 Καταπαύσῃς.
1118 5259 1232 5317 Dtto
1259 5262 1451 5334 Regg.,
1467 5262 1862 5327 καταπαύσεις.
1887 5263 2056 5321 Coisl.

470 5332 501 5389 1
529 5341 582 5387 et
608 5331 744 5393 .les.,
776 5334 1109 5401 καταλύσῃς.

546 5403 660 5471 (55)
694 5403 980 5456 Σεαυτοῦ.
1015 5404 1071 5456 in
1100 5403 1396 5464 nonnullis,
1420 5404 1637 5458 ἑαυτοῦ.

692 5472 1060 5545 Προκατέχῃ.
1106 5474 1200 5529 0r.
1240 5473 1290 5538 l,
1316 5475 1693 5545 προκατέχεις.

539 5542 653 5625 (155)
687 5544 800 5625 Κᾳὶ
832 5547 1059 5611 τυχεῖν.
1093 5546 1187 5600 Sic
1214 5560 1306 5600 sex
1327 5542 1492 5615 Regg.
1518 5542 1707 5600 et‘tres
1728 5543 1879 5600 Colb.
1905 5544 2067 5601 Deest

470 5615 568 5670 καί
604 5613 655 5667 in
687 5613 774 5668 ed.

2152 4847 2240 4902 διὰ
2264 4848 2356 4902 τοῦ
2390 4847 2784 4919 βαπτίσματος.
2817 4847 2993 4901 καὶτὸ
3022 4846 3255 4917 τερπνὸν
3280 4845 3373 4897 τοῦ
3400 4845 3499 4915 ζῇν
3522 4846 3749 4916 ἐμαυτῴ

2150 4941 2241 4995 διὰ
2273 4941 2366 4995 τοῦ
2396 4942 2591 5011 τάχους
2620 4939 3028 5002 ἁποκλείσαντι,
3065 4937 3184 4992 ἐνὸν
3228 4939 3439 5006 ἐφεῖναι
3469 4939 3589 5000 ταῖς
3618 4938 3750 5006 ἡδο-

2154 5033 2299 5095 ναῖς,
2332 5031 2428 5084 καὶ
2467 5030 2770 5101 τηνικαῦτα
2819 5031 3003 5099 τυχεῖν
3045 5028 3143 5098 τῆς
3180 5027 3430 5098 χάριτος;
3471 5025 3607 5078 Οὐδὲ
3638 5027 3748 5100 γὰρ

2153 5127 2268 5188 τοῖς
2328 5125 2385 5177 ὲν
2435 5122 2514 5194 τῷ
2561 5121 2845 5194 ἀμπελῶνι
2906 5121 3352 5192 προκεκμηκόσιν
3416 5118 3627 5192 ὑπῆρξέ
3693 5136 3748 5171 τι

2169 5263 2604 5401 καίέςβίλλέον.
2629 5334 2873 5397 Quatuor
2925 5332 3117 5399 Βρεμι,
3148 5330 3352 5385 πλεῖον.

2236 5400 2351 5475 (58)
2400 5409 2510 5458 Ἓν
2563 5404 2878 5457 ἐδικαίωσε
2931 5404 3143 5475 μόνον.
3197 5401 3438 5475 t__Unum
3491 5400 3684 5475 ευιιιιιιἲ
3724 5420 3742 5451 ι

2165 5471 2382 5544 nempe,
2422 5495 2441 5526 ι
2482 5476 2845 5542 hospitalitas.
2887 5491 2907 5525 ι
2950 5472 3040 5527 Sic
3071 5485 3179 5527 tres
3204 5471 3373 5540 liegg.
3405 5482 3459 5525 et
3493 5472 3745 5524 tredecim

2165 5546 2318 5591 Colit-
2348 5547 2402 5591 In
2433 5547 2546 5591 ριΙ--
2587 5544 2935 5591 ὲνεδικαίωσε
2966 5543 3144 5591 μόνον.

2163 5546 2318 5600 Colb.
2347 5547 2402 5599 in
2433 5547 2546 5609 ed.,
2587 5544 2935 5597 ὲνεδικαίωσε
2966 5544 3144 5614 μόνον.

2235 5617 2348 5687 (59)
2390 5615 2485 5686 Μὴ
2537 5614 2775 5684 ῥᾳδίως.
2808 5613 2900 5670 Sic
2954 5625 3063 5669 tres
3104 5613 3270 5683 Begg.
3302 5611 3355 5666 in
3405 5611 3518 5675 cd.,
3550 5610 3745 5684 ρᾳδίω,

551 5685 660 5755 (56)
712 5683 876 5739 Οὕτω
922 5685 1041 5741 καί.
1092 5685 1184 5742 Sic
1233 5685 1368 5758 Reg.
1422 5686 1493 5756 pb
1544 5695 1598 5741 et
1654 5685 1838 5743 Comb.
1908 5685 2066 5743 Deest
2167 5683 2262 5759 μή.
