3902 6218
134 263 242 322 385

1058 264 1321 322 ORATIO
1361 264 1476 320 XL.
1519 298 1588 307 —
1625 264 1694 320 IN
1738 264 2069 322 SANCTUM
2106 265 2474 325 BAPTISMA.

3293 274 3401 336 386

134 381 320 443 πλέον,
352 378 470 432 ῐσου
493 376 589 432 τοῦ
620 376 812 450 μισθοῦ
842 377 1088 445 δοθέντος
1107 382 1202 437 καὶ
1230 384 1343 445 τοῖς
1371 381 1710 445 τελευταίοις.

1828 380 2012 451 Neque
2028 383 2191 446 enim,
2216 384 2307 453 qui
2331 384 2537 453 priores
2559 384 2611 439 in
2630 384 2789 441 vinea
2803 385 3172 458 laborarunt“,
3187 395 3399 454 meliori

142 468 489 541 ’Δπήλλαξας
506 470 658 540 ἡμᾶς
682 470 1043 540 πραγμάτων,
1069 471 1218 535 ὅστις
1244 473 1374 526 ποτὲ
1398 468 1469 534 εἷ,
1496 475 1525 525 ὁ
1544 472 1719 526 ταῦτα

131 561 331 630 λέγων,
365 559 525 632 μόγις
570 560 672 632 τῆς
707 560 974 632 ἀναϐολῆς
1007 561 1241 629 ἐξειπὼν
1273 564 1333 617 τὸ
1372 563 1716 635 ἀπόρρητον’

132 654 225 708 καί
261 670 321 707 σε
345 653 446 724 τῆς
476 652 812 723 κακουργίας
842 652 953 721 (40)
973 654 1072 707 οὐκ
1099 654 1359 719 ἐπαινῶν,
1388 655 1595 708 ἐπαινῶ
1620 656 1721 727 τῆς

131 742 561 813 ἔξαγορεύσεως.
613 743 775 797 Ἀλλὰ
811 742 993 815 δεῦρο,
1029 745 1125 798 καὶ
1145 745 1246 816 τὴν
1281 744 1598 817 παραϐολὴν
1631 747 1722 818 ἐρ-

135 836 458 908 μηνεύθητι,
484 836 559 899 ὡς
586 835 655 889 ἂν
689 835 763 907 μὴ
794 835 1005 908 βλάπτῃ
1039 837 1150 907 (41)
1183 841 1295 901 τοῖς
1316 839 1721 909 γεγραμμένοις

130 925 193 991 ἐξ
234 925 512 997 ἀπιρίας.
548 925 771 998 Πρῶτον
808 926 928 997 μὲν,
961 928 1019 980 οὐ
1056 927 1307 999 περὶτοῦ
1347 927 1722 999 βαπτίσματος

131 1017 373 1071 ἐνταῦθα
396 1019 426 1071 ό
455 1016 635 1087 λόγος,
659 1016 794 1070 ἀλλὰ
828 1020 957 1089 περὶ
988 1018 1097 1073 τῶν
1124 1019 1265 1073 κατὰ
1283 1018 1572 1091 διαφόρους
1600 1038 1721 1075 και-

133 1109 261 1180 ροὺς
302 1107 688 1170 πιστευόντων,
717 1108 812 1160 καὶ
843 1109 924 1171 εἰς
957 1109 1049 1162 τὸν
1079 1109 1244 1163 καλὸν
1274 1109 1573 1180 ἀμπελῶνα
1602 1111 1718 1163 εἱσ-

129 1199 464 1271 ερχομένων,
485 1199 585 1270 τὴν
618 1199 962 1271 Ἐκκλησίαν.
1007 1201 1125 1270 Ἀφ’
1154 1195 1224 1271 ἦς
1256 1201 1365 1272 γὰρ
1392 1202 1603 1273 ἡμέρας
1625 1202 1719 1255 καὶ

129 1292 279 1364 ὥρας
305 1292 625 1345 ἐπίστευσεν
652 1292 900 1356 ἕκαστος,
926 1292 1020 1345 ἀπ’
1048 1292 1264 1365 ἐκείνης
1289 1295 1382 1347 καὶ
1410 1294 1524 1365 (42)
1555 1294 1719 1348 ἀπαι-

128 1384 302 1435 τεῖται
339 1381 438 1453 τὴν
467 1381 750 1453 ἐργασίαν.
777 1381 1032 1447 Ἔπειτα,
1073 1385 1122 1436 εἰ
1163 1384 1258 1437 καὶ
1296 1385 1373 1455 τῷ
1414 1384 1597 1455 μέτρῳ
1620 1382 1715 1437 τοῦ

133 1474 332 1545 μόχθου
392 1472 527 1544 (45),
593 1474 777 1528 πλεῖον
840 1475 1164 1545 εἰσήνεγκαν
1228 1476 1279 1529 οἰ
1339 1476 1715 1547 προεισελθόν-

127 1581 221 1628 τες
245 1563 380 1636 (44),
420 1565 533 1619 ἀλλ’
558 1566 678 1636 οὐχ).
714 1565 811 1619 καὶ
837 1565 916 1636 τῷ
955 1566 1136 1637 μέτρῳ
1168 1556 1268 1636 τῆς
1307 1567 1711 1638 προαιρέσεως’

127 1658 226 1709 καὶ
268 1656 437 1727 τυχὸν
484 1659 600 1720 τοῖς
647 1656 1001 1719 τελευταίοις.
1045 1658 1110 1709 ὲκ
1151 1656 1353 1728 ταύτης
1403 1661 1496 1710 καὶ
1532 1658 1714 1713 πλεῖον

1824 476 2024 530 idcirco
2068 476 2677 551 conditionefuerunt,
2727 494 2881 548 aequa
2914 496 3105 552 nempe
3149 493 3399 545 mercede

1820 565 2108 635 postremis
2147 581 2363 635 quoque
2409 567 2705 637 persoluta.
2739 567 2965 641 Negotio
2994 588 3080 628 me
3117 574 3398 647 liherasti,

1820 657 2065 725 quisquis
2100 657 2309 709 tandem
2340 672 2399 712 es
2422 699 2437 723 ,
2466 658 2558 729 qui
2600 659 2726 713 talia
2760 661 2990 728 profers,
3018 665 3142 718 dum
3172 681 3397 734 procra-
3434 736 3437 739 ν

1820 744 2123 799 stinationis
2167 745 2321 800 istius
2356 762 2613 801 arcanum
2659 764 2802 818 aegre
2834 750 3047 806 tandem
3107 755 3393 813 extulisti:

1819 846 1873 889 ct
1901 837 2145 905 quamvis
2174 837 2383 890 consilii
2419 838 2495 890 tui
2533 839 2943 906 perversitatem
2979 844 3300 914 improbem,
3328 865 3398 904 eo

1822 937 1999 981 tamen
2026 932 2241 985 nomine
2268 941 2319 984 te
2347 930 2502 984 laudo
2523 970 2538 995 ,
2564 934 2705 1001 quod
2738 950 2857 989 eam
2884 948 3069 1005 aperte
3103 940 3393 997 confessus

1819 1032 1898 1071 es.
1931 1016 2128 1073 Verum
2157 1021 2412 1074 atlestlum
2434 1061 2449 1085 ,
2496 1034 2550 1075 et
2580 1024 2848 1092 parabolae
2879 1008 3267 1097 expositionem
3299 1049 3399 1088 ac-

1818 1110 1970 1177 cipe,
2018 1126 2084 1163 ne
2127 1128 2191 1166 ex
2231 1112 2332 1164 hoc
2362 1112 2655 1181 Scriptum
2689 1116 2808 1171 loco
2853 1133 2952 1187 per
2980 1120 3306 1188 imperitiam
3339 1126 3395 1180 in

1818 1199 2059 1256 fraudem
2103 1204 2326 1258 incidas.
2359 1203 2598 1259 Primum
2630 1206 2719 1261 hic
2743 1209 2809 1263 de
2837 1208 3109 1277 baptismo
3144 1229 3249 1269 non
3281 1218 3394 1287 agi-

1819 1299 1927 1357 tur,
1968 1292 2061 1346 sed
2101 1293 2168 1346 de
2212 1295 2332 1358 his,
2378 1296 2468 1363 qui
2511 1296 2634 1351 aliis
2679 1308 2841 1368 atque
2888 1300 3008 1356 aliis
3061 1308 3397 1373 temporibus

1818 1382 1976 1436 fidem
2007 1385 2425 1452 amplectuntur,
2459 1396 2621 1456 atque
2651 1388 2702 1441 in
2728 1389 3008 1458 pulchram
3036 1382 3269 1460 vineam,
3291 1398 3395 1454 hoc

1822 1484 1929 1539 est,
1959 1474 2277 1542 Ecclesiam,
2312 1478 2704 1547 ingrediuntur.
2734 1480 2866 1535 Nam
2896 1498 2962 1537 ex
2990 1500 3093 1553 qua
3126 1487 3213 1541 die
3233 1497 3397 1555 atque

1816 1565 1949 1621 hora
1976 1568 2043 1622 ad
2078 1569 2237 1623 fidem
2274 1571 2501 1640 quisque
2545 1573 2777 1627 arcessit
2801 1613 2817 1638 ,
2853 1574 2922 1628 ab
2952 1579 3138 1632 eadem
3181 1596 3396 1651 quoque

1816 1652 1920 1708 hoc
1966 1653 2035 1708 ab
2076 1670 2141 1709 eo
2191 1657 2446 1726 exigitur,
2499 1671 2559 1713 ut
2616 1662 2763 1728 operi
2819 1677 3036 1719 manum
3089 1668 3390 1726 admoveat.

126 1725 414 1818 ὠφείλετο,
472 1750 521 1802 εί
576 1748 672 1801 καὶ
717 1747 1019 1820 παράδοξός
1052 1765 1170 1810 πως
1208 1749 1237 1800 ὁ
1264 1725 1438 1817 λόγος.
1473 1749 1578 1803 Τοῦ
1616 1750 1710 1821 μὲν

1818 1743 2051 1811 Deinde,
2094 1725 2305 1802 tametsi
2345 1759 2605 1819 quantum
2636 1725 2704 1806 ad
2733 1752 2938 1811 laboris
2973 1761 3188 1815 modum
3214 1803 3230 1829 ,
3268 1765 3391 1834 plus

124 1842 239 1913 γὰρ
262 1841 492 1912 ὕστερον
525 1839 806 1902 εἰσελθεῖν,
826 1839 887 1892 τὸ
912 1840 1006 1893 καὶ
1034 1837 1259 1910 ὕστερον
1292 1839 1556 1912 κληθῆναι
1578 1841 1714 1911 πρὸς

120 1937 224 2008 τὴν
254 1935 669 2007 ἀμπελουργίαν
697 1935 901 1987 αἴτιον·
954 1932 1063 1986 τῶν
1097 1932 1269 1986 ἄλλων
1326 1933 1383 1987 δὲ
1426 1934 1487 1987 τὸ
1530 1936 1716 2005 διάφο-

125 2045 219 2100 ρον
253 2027 369 2097 (45)
409 2026 532 2079 ὅσον
586 2022 1043 2093 ἐπισκεψώμεθα·
1088 2024 1152 2076 Οἱ
1206 2023 1304 2094 μὲν
1356 2025 1417 2077 ού
1452 2025 1717 2097 πρότερον

119 2118 479 2181 ἐπίστευσαν,
536 2116 658 2170 οὐδὲ
719 2113 985 2184 εἰσῆλθον,
1030 2114 1159 2185 πρὶν
1201 2114 1234 2185 ἢ
1291 2115 1715 2188 συμφωνηθῆναι

116 2210 314 2272 αὐτοῖς
335 2208 426 2261 τὸν
455 2207 677 2278 μισθόν·
707 2207 757 2259 oi
778 2205 834 2258 δὲ
856 2204 1172 2275 ἀσύμφωνοι
1200 2207 1265 2272 τῆ
1290 2205 1520 2279 ἐργασίᾳ
1553 2224 1718 2270 προσ-

114 2299 312 2373 ἦλθον,
355 2298 386 2352 ὃ
439 2297 684 2369 μείζονός
727 2299 844 2350 ἐστι
891 2295 1178 2367 γνώρισμα
1216 2297 1472 2360 πίστεως.
1519 2299 1627 2353 Καὶ
1664 2300 1715 2352 οἰ

108 2391 229 2460 μὲν
258 2389 549 2459 φθονερὲις,
580 2388 676 2441 καὶ
707 2386 1075 2457 γογγυστικῆς
1110 2387 1409 2460 εὑρέθησαν
1438 2389 1588 2452 ὄντες
1617 2388 1717 2458 φύ-

115 2496 266 2543 σεως
296 2478 409 2551 (46)
427 2495 442 2509 ⁸
468 2480 516 2532 οἰ
541 2477 598 2530 δὲ
618 2477 766 2531 οὐδὲν
793 2476 1145 2545 ὲγκαλοῦνται
1178 2477 1436 2532 τοιοῦτον.
1469 2480 1580 2533 Καὶ
1602 2483 1715 2544 τοῖς

118 2574 227 2643 μὲν
278 2570 475 2643 μισθὸς
519 2566 589 2643 ἦν
636 2570 697 2624 τὸ
727 2569 1022 2639 διδόμενον,
1063 2568 1265 2640 καίπερ
1291 2564 1409 2622 οὖσι
1439 2572 1711 2641 πονηροῖς,

113 2666 237 2727 τοῖς
270 2663 329 2716 δὲ
362 2664 398 2735 ἡ
427 2662 589 2735 χάρις
628 2661 774 2734 (47)·
808 2661 950 2716 ὥστε
984 2662 1079 2716 καὶ¹
1118 2662 1302 2717 ἄνοιαν
1336 2662 1713 2733 ἐγκληθέντες,

116 2757 352 2819 εἰκότως
378 2755 475 2809 τοῦ
511 2755 756 2817 πλείονος
784 2754 1178 2827 ἐστερήθησαν.
1212 2754 1278 2806 Τί
1302 2753 1348 2806 δ’
1378 2752 1445 2806 ἂν
1476 2752 1570 2806 καὶ
1601 2752 1713 2824 (48)

116 2850 311 2912 αὐτοῖς
327 2847 630 2917 ὸψισθεῖσιν
655 2847 889 2916 ἐγένετο,
909 2843 1316 2916 καταμάθωμεν
1336 2862 1350 2875 ·
1381 2843 1441 2897 τὸ
1474 2844 1586 2898 ἴσον
1620 2843 1713 2897 τοῦ

119 2938 324 3010 μισθοῦ
357 2939 625 3010 δηλονότι.
665 2937 791 3002 Πῶς
829 2934 921 2991 οὖν
965 2936 1245 2991 αἰτιῶνται
1282 2934 1373 2988 τὸν
1398 2935 1711 3006 ὲργοδότην,

114 3032 201 3096 ὠς
230 3030 320 3085 διὰ
342 3030 404 3084 τὸ
430 3031 529 3102 τῆς
558 3030 801 3100 ἰσότητος
829 3030 1044 3094 ἄνισονς
1078 3026 1263 3080 Ταῦτα
1288 3026 1464 3079 πάντα
1491 3025 1588 3097 τὴν
1619 3025 1712 3078 τοῦ

1819 1836 1984 1908 706
2025 1838 2387 1903 contulerint.
2439 1842 2529 1912 qui
2577 1843 2787 1912 priores
2828 1846 3057 1915 ingressi
3097 1865 3254 1921 sunt,
3284 1871 3391 1909 non

1819 1938 2021 1994 tamen,
2051 1941 2309 2000 quantum
2340 1934 2405 1987 ad
2435 1933 2592 1990 home
2625 1936 2918 1996 voluntatis
2949 1957 3281 2002 mensuram.
3311 1947 3391 2003 Ea

1817 2022 1979 2075 etiam
2013 2025 2255 2091 ratione,
2304 2029 2591 2096 postremis
2638 2028 2869 2086 fortasse
2907 2034 3134 2104 amplior
3183 2053 3393 2095 merces

1818 2112 2136 2193 debebatur,
2168 2115 2269 2170 etsi
2318 2119 2717 2185 quodannnodo
2746 2121 3036 2178 absurdum
3068 2126 3234 2181 videri
3268 2143 3395 2197 pos-

1818 2203 1907 2269 sit,
1934 2206 2076 2274 quod
2110 2206 2252 2262 dico.
2281 2206 2415 2262 Nam
2443 2210 2584 2278 quod
2623 2214 2893 2281 posterius
2917 2215 3142 2285 ingressi
3168 2196 3310 2285 sint:
3326 2236 3393 2277 ea

1817 2312 1981 2352 causa
2007 2297 2126 2364 fuit,
2161 2301 2283 2368 quia
2315 2303 2643 2371 posteriores
2678 2306 2743 2358 ad
2777 2307 2901 2362 vitis
2929 2309 3240 2366 excolendae
3262 2328 3394 2382 ope-

1817 2402 1931 2442 ram
1967 2391 2136 2445 vocati
2186 2403 2329 2446 sunt.
2370 2392 2425 2448 In
2477 2397 2686 2451 caeteris
2728 2406 2906 2452 autem
2941 2402 3102 2457 rebus
3134 2414 3391 2472 quantum

1817 2480 1954 2535 alios
1978 2482 2408 2547 antecellucrint,
2433 2486 2728 2540 videamus.
2759 2488 2835 2541 llli
2864 2490 3080 2558 quidem
3108 2506 3212 2546 non
3237 2495 3390 2562 prius

1815 2574 2159 2630 crediderunt
2181 2615 2197 2635 .
2233 2590 2331 2631 nec
2377 2577 2603 2645 ingressi
2635 2588 2778 2645 sunt,
2811 2595 2973 2649 quam
3014 2582 3144 2651 ipsis
3167 2598 3234 2639 ex
3262 2600 3393 2639 con-

1817 2676 1978 2721 ventu
2031 2680 2240 2722 merces
2288 2670 2579 2723 constituta
2628 2668 2866 2725 fuisset:
2913 2672 2966 2726 hi
3011 2683 3190 2729 autem
3242 2676 3388 2732 nulla

1815 2758 2064 2812 condicta
2113 2759 2366 2813 mercede
2415 2760 2482 2813 ad
2526 2760 2763 2816 laborem
2822 2776 3205 2831 accesserunt,
3246 2770 3390 2837 quod

1815 2848 2033 2918 quidem
2083 2848 2302 2918 majoris
2355 2849 2477 2904 ﬁdei
2520 2861 2894 2921 argumentum
2934 2865 3035 2909 est.
3087 2855 3390 2928 Praeterea,

1816 2939 1891 2993 illi
1926 2940 2150 3004 invide,
2196 2950 2251 2996 et
2290 2942 2358 2997 ad
2401 2945 2842 2998 murmurandum
2890 2946 3145 3015 proclivis
3177 2958 3391 3005 natura:

1815 3042 1936 3082 esse
1977 3028 2179 3083 inventi
2225 3040 2351 3084 sunt
2392 3049 2405 3085 :
2458 3030 2545 3085 his
2594 3032 2726 3087 nihil
2771 3034 2875 3089 tale
2920 3035 3196 3106 objicitur.
3252 3038 3389 3094 Tum

116 3122 353 3194 ἱδρῶτος
370 3123 589 3192 ὑφαιρεῖ
620 3120 729 3191 (49)
762 3119 921 3191 χάριν
953 3122 1066 3184 τοῖς
1100 3117 1355 3190 πρώτοις,
1382 3117 1477 3169 καὶ
1502 3119 1549 3169 εί
1573 3133 1710 3186 προ-

1817 3119 2008 3182 etiam,
2046 3118 2150 3173 illis
2192 3135 2401 3175 merces
2425 3130 2542 3173 erat
2567 3122 2708 3190 quod
2755 3104 3015 3187 dabatur},
3048 3125 3264 3179 etiamsi
3291 3126 3393 3179 imo

114 3214 491 3285 κεκμήκασιν.
528 3213 617 3277 Ἐξ
646 3207 722 3266 ὧν
751 3213 1035 3283 συμϐαίνει
1058 3211 1152 3265 καὶ
1187 3212 1294 3281 (50)
1328 3211 1540 3263 δικαίαν
1571 3205 1710 3265 εἶναι

110 3305 221 3377 τὴν
251 3303 349 3356 τοῦ
385 3305 501 3358 ῐσου
530 3303 810 3376 διανομὴν,
835 3301 1334 3374 ἀντιμετρουμένης
1366 3301 1475 3373 (51)
1505 3302 1581 3373 τῷ
1611 3302 1711 3355 πό-

112 3412 198 3468 νῳ
220 3396 325 3467 τῆς
355 3395 749 3468 προαιρέσεως.

1816 3209 2030 3278 probris
2055 3218 2107 3263 et
2135 3209 2422 3281 malignis:
2454 3212 2536 3266 his
2560 3212 2757 3282 gratia.
2786 3211 3147 3279 Quamobrem
3175 3215 3389 3269 stolidi-

1818 3301 1942 3353 tatis
1969 3302 2132 3354 etiam
2179 3309 2233 3352 et
2270 3302 2519 3355 amentia:
2546 3302 2814 3367 damnati,
2847 3304 3091 3373 ampliori
3142 3308 3391 3361 mercede

1814 3389 2007 3445 merito
2052 3391 2244 3459 privati
2287 3400 2431 3446 sunt.
2474 3390 2610 3458 Quid
2652 3401 2832 3445 autem
2877 3394 3045 3449 et.iis
3091 3396 3183 3465 qui
3238 3398 3392 3451 tarde

114 3496 388 3545 venerant
432 3488 631 3543 factum
664 3489 755 3552 sit,
827 3488 1250 3543 consideremus.
1281 3486 1440 3541 Certe
1472 3487 1731 3556 aequalem
1773 3486 1870 3555 ipsi
1919 3486 2221 3538 mercedem
2263 3494 2607 3555 acceperunt.
2677 3486 2791 3553 Qua
2834 3488 2997 3557 igitur
3041 3489 3219 3543 fronte
3259 3504 3390 3558 ope-

115 3597 315 3636 rarum
361 3581 748 3636 conductorem
800 3582 1180 3643 criminantur,
1235 3579 1385 3634 velut
1437 3581 1489 3634 in
1541 3595 1709 3648 aequa:
1779 3581 2044 3633 mercedis
2104 3577 2469 3647 persolutione
2493 3580 2559 3633 ab
2579 3581 2830 3647 aequitate
2858 3579 3392 3635 recedentem?ch

113 3675 304 3731 omnia
341 3674 557 3730 sudoris
602 3674 830 3743 gratiam
872 3675 1059 3742 primis
1107 3673 1469 3734 subtrahunt.
1517 3673 1729 3727 etiamsi
1769 3673 1977 3740 priores
2044 3671 2230 3726 labore
2308 3670 2514 3740 fatigati
2552 3666 2695 3725 'sint.
2726 3671 2805 3725 Ex
2833 3686 3005 3743 eoque
3037 3672 3289 3738 efﬁcitur,
3333 3682 3391 3729 ut

113 3766 318 3838 tequﬂi
367 3766 497 3822 huic
563 3767 829 3822 mercedis
890 3765 1254 3822 distributioni
1322 3767 1548 3837 aequitas
1602 3782 1700 3822 sua
1740 3774 1973 3831 consaet,
2046 3766 2299 3818 nimirum
2360 3764 2525 3818 animi
2555 3764 2830 3821 voluntate
2868 3783 2991 3823 cum
3016 3766 3203 3822 labore
3239 3782 3390 3822 com-

110 3868 371 3929 pensata.

187 3952 325 4004 K-A'.
360 3949 427 4003 Ei
472 3949 530 4003 δὲ
560 3949 657 4002 καὶ
687 3949 788 4021 τὴν
818 3948 913 4003 τοῦ
944 3949 1169 4023 λουτροῦ
1206 3949 1434 4020 δύναμιν
1465 3952 1497 4021 ἡ
1529 3966 1708 4020 παρα-

108 4037 250 4109 ϐολὴ
286 4039 611 4107 σκιογραφεῖ
640 4036 776 4106 (52),
827 4036 967 4090 κατὰ
1013 4036 1110 4108 τὴν
1164 4039 1263 4108 σὴν
1311 4036 1607 4107 ἐξήγησιν⁸
1655 4041 1708 4093 τί

108 4127 386 4183 κωλύσειε
429 4128 539 4198 (55)
584 4129 679 4182 καὶ
725 4128 1162 4199 προεισελθόντα,
1204 4131 1299 4184 κα)⁵
1334 4130 1705 4185 καυσωθέντα,

110 4221 192 4292 μὴ
230 4220 546 4289 βασκαίνειν
584 4224 696 4284 τοῖς
733 4221 1081 4287 τελευταίοις,
1123 4222 1190 4276 ἶν’
1218 4222 1368 4293 αὐτῷ
1398 4222 1570 4293 τούτῳ
1596 4221 1706 4293 (54)

111 4312 280 4366 πλέον
321 4310 452 4385 ἔχῃς
481 4312 559 4383 τῷ
594 4311 981 4383 φιλανθρώπῳ,
1008 4313 1101 4366 καί¹
1132 4312 1311 4385 χρέος,
1340 4312 1476 4366 ἀλλὰ
1506 4312 1579 4384 μὴ
1608 4312 1705 4382 χά-

1883 3943 2026 4000 XXI.
2070 3942 2174 3997 Sed
2199 3942 2416 4006 demus,
2448 3941 2648 3997 lavacri
2689 3958 2906 4014 quoque
2936 3944 3042 3997 vim
3079 3952 3133 3999 et
3161 3942 3388 4000 faculta-

1816 4047 1947 4101 tem,
1981 4036 2134 4105 juxta
2176 4035 2316 4089 hanc
2355 4034 2742 4103 expositionem
2776 4044 2919 4088 tuam
2959 4035 3209 4106 parabola
3242 4036 3388 4091 desi-

1815 4129 2003 4201 gnari;
2036 4127 2162 4197 quid
2195 4126 2477 4196 prohibet,
2501 4125 2789 4196 quominus
2819 4125 2933 4195 ipse
2956 4166 2973 4193 ,
3014 4137 3069 4179 et
3119 4126 3267 4196 prior
3301 4125 3385 4180 in-

1816 4235 2074 4290 gressus,
2106 4227 2163 4271 et
2204 4216 2310 4271 diei
2348 4225 2538 4271 aestum
2572 4230 2897 4286 perpessus,
2940 4216 3226 4295 postremis
3277 4231 3382 4272 non

1814 4312 2076 4376 invideas,
2106 4318 2166 4364 ut
2197 4309 2533 4364 humanitate
2556 4322 2769 4378 quoque
2798 4308 2908 4378 ipsa
2936 4318 2990 4364 et
3020 4309 3181 4363 animi
3208 4308 3382 4364 facili-

106 4419 202 4475 ριν
241 4401 433 4456 λαϐεῖν
462 4402 562 4474 τὴν
612 4403 916 4460 ἀντίδοσινι
948 4405 1177 4458 Ἔπειτα
1213 4404 1551 4468 εἰσελθόντας
1590 4405 1707 4457 ἐκεῖ

1817 4410 1921 4459 tate
1942 4417 2007 4457 ac
2036 4401 2369 4472 benignitate
2394 4398 2637 4472 superior
2661 4400 2759 4468 sis,
2795 4411 2962 4471 atque
2988 4401 3383 4457 remuneratio-

179 4524 205 4555 '
245 4521 444 4577 Matth.
470 4536 565 4585 xx,
592 4521 619 4575 1
651 4536 772 4593 sqq.

181 4638 304 4709 (40)
334 4635 451 4709 Τῆς
503 4636 884 4709 κακουργίας.
923 4634 1015 4709 Sic
1057 4634 1242 4705 plures
1284 4634 1450 4707 Regg.
1485 4645 1541 4692 et
1564 4636 1698 4694 duo-

104 4707 293 4787 desit}!
323 4708 476 4787 0.0!”.-
509 4708 791 4787 οεεεετῆς
821 4707 878 4787 in.
902 4707 988 4787 ειεε
1026 4773 1039 4787 .

182 4777 302 4869 ψ)
340 4776 613 4869 wen-
656 4771 786 4869 θεέ.
820 4771 1445 4869 -νιτιίὲίῠξιςηὲεὲςιέν
1467 4775 1694 4869 Ever

104 4848 398 4930 βλάπτριρ.
438 4865 456 4899 ι
492 4846 722 4916 Νοιιυίιι
746 4846 937 4900 damni
970 4858 1068 4913 per
1093 4846 1420 4912 imperitiam
1452 4860 1518 4901 ex
1548 4846 1695 4901 litte-

103 4931 754 5110 ’,ἴὲξρὲἒὶέἓυεεὲἐη
781 4983 996 5106 223:5
1030 4981 1197 5053 Regg.
1228 4991 1284 5037 et
1307 4981 1402 5037 0r.
1432 4984 1488 5041 l.

432 5074 466 5110 γ
583 5099 597 5110 .
709 5091 752 5110 ο.
875 5084 879 5089 ο
956 5091 970 5106 .

183 4987 280 5059 (42
351 4986 481 5040 Καί.
513 4986 672 5040 Deest
699 4986 754 5040 in
789 4986 996 5038 duobus
1030 4986 1197 5053 Regg.
1228 4991 1284 5037 et
1307 4986 1402 5037 0r.
1432 4986 1488 5041 l.

177 5057 278 5119 (45
336 5053 752 5125 Μόχθου.]εε.,
781 5052 970 5106 κόπου.

176 4986 304 5208 (ξιξ
320 5126 387 5208 οι
413 5122 929 5208 προεισελθόντες.
957 5121 1049 5178 Sic
1073 5122 1308 5192 quinque
1333 5120 1502 5194 Regg.
1529 5123 1692 5181 etOr.

97 5196 159 5255 1.
199 5196 364 5253 Βάκι
393 5197 442 5249 οὶ
466 5197 521 5249 in
541 5196 628 5252 eti.
656 5252 659 5257 ,

101 5338 143 5350 Α
179 5264 687 5350 (ιφήΔιᾴφορονκ
724 5262 824 5350 Sic
860 5275 976 5350 ,εστ
997 5259 1202 5350 Βεθεη
1258 5271 1465 5332 septem
1517 5261 1689 5334 Colb.,

95 5333 288 5418 εοξειιςζ
310 5333 511 5418 ες
538 5333 1110 5418 Mamerce
1250 5399 1264 5418 .

204 5407 294 5468 46)
317 5406 583 5472 Φύσεως.
611 5404 777 5462 Coisl.
814 5403 851 5457 2
883 5413 939 5459 et
957 5401 1051 5472 0r.
1086 5401 1139 5467 ί,
1165 5401 1412 5472 γνώμης.

204 5408 294 5468 46)
317 5408 583 5472 Φύσεως.
611 5408 777 5462 Cois].
814 5408 851 5457 2
883 5413 939 5459 et
957 5408 1051 5485 0r.
1086 5408 1139 5467 1,
1165 5408 1412 5526 γνώιρης.
1572 5472 1583 5484 ⁸

478 5475 673 5545 χάρις.
732 5474 898 5530 Deest
928 5473 964 5544 ἡ
1020 5487 1073 5527 ιη
1122 5487 1216 5529 sex
1311 5487 1453 5543 οδε..
1519 5472 1690 5529 tribus

310 5555 479 5671 επιῗά
512 5614 590 5669 ἂν
616 5614 739 5694 καί,
791 5621 901 5694 etc.
933 5610 1061 5693 Dill.
1086 5681 1097 5694 .
1124 5629 1144 5663 ι
1196 5609 1344 5693 ⁸Ωιιίιι
1367 5610 1555 5692 autem
1584 5610 1688 5681 ipsi

100 5687 330 5760 queque
387 5687 664 5756 accepturi
703 5691 882 5753 erant,
915 5687 964 5742 si
992 5687 1168 5739 serius
1195 5687 1329 5752 ipsis
1356 5687 1538 5736 venire
1564 5696 1691 5738 con-

1807 4631 2053 4702 tigisset?
2102 4632 2334 4701 Equam
2382 4632 2569 4701 utique
2619 4631 2947 4689 mercedem.
2988 4651 3007 4686 ι
3060 4631 3176 4688 Νοιι
3211 4644 3377 4701 recte,

1802 4720 1924 4784 cum
1962 4704 2075 4784 haec
2105 4703 2172 4756 ad
2204 4713 2636 4784 murmuratores
2654 4706 2993 4772 detorqueat,
3023 4717 3145 4774 quae
3168 4704 3237 4760 ad
3261 4719 3377 4771 eos,

1801 4775 1890 4843 qui
1919 4773 2069 4825 tarde
2090 4782 2367 4836 venerant,
2392 4771 2670 4828 referenda
2702 4771 2849 4828 sunt.
3041 4771 3059 4774 “

1821 4913 1828 4914 7
1872 4842 2016 4914 (49)
2054 4840 2325 4914 ῘΥφαιρεῖ.
2378 4840 2470 4914 Sic
2525 4841 2691 4913 Regg.
2741 4844 2856 4902 bm.
2896 4841 2987 4914 ph,
3033 4851 3145 4900 tres
3196 4843 3374 4907 Colb.,

1801 4911 3150 5002 συειέἓθὶεέερειρξἕτὶξιεειτίφφειιρξτνέη,,,..,,
3217 4983 3274 5002 ..
3308 4976 3337 5002 τ

1867 4980 1979 5053 (50)
2004 4980 2117 5053 _’E_£
2138 4980 2228 5035 ὧν
2250 4982 2591 5053 συμϐαίνει,
2628 4980 2748 5039 καί.
2768 4980 2834 5037 in
2881 4980 3175 5048 nonnullis,
3214 4983 3274 5051 ἐξ
3300 4980 3376 5039 ὧν

1792 5052 1844 5104 τί
1877 5049 2195 5122 συμϐαίνεις
2226 5049 2346 5117 καί,
2369 5062 2473 5108 etc.
3257 5049 3268 5051 ⁷

1851 5119 1979 5196 ’(51)
2049 5121 2622 5193 Ἀντιμετρουμένης.
2684 5121 2851 5180 Cois].
2898 5123 2964 5191 1,
3009 5123 3372 5196 ἀντιμετρου-

2029 5263 2401 5334 Σκιοῃοαφεῒ.
2466 5250 2581 5322 Duo
2627 5265 2797 5339 Regg.
2850 5273 2905 5322 et
2959 5264 3053 5319 Οι.
3108 5264 3163 5329 1,
3211 5278 3366 5317 σκια-

1902 5349 1968 5385 (ne
1995 5373 2011 5385 .

1791 5348 1968 5403 γρεφξ

2037 5402 2101 5478 _Tl_
2149 5404 2459 5478 κωλύσειε.
2512 5406 2647 5461 Tres
2700 5404 2892 5478 R_egg.,
2943 5413 3055 5478 tres
3113 5402 3266 5478 Coll).
3316 5412 3372 5478 et

1792 5469 1898 5527 duo
1955 5469 2151 5540 Colsl.,
2209 5473 2263 5527 τί
2314 5475 2512 5529 κωλύει
2580 5492 2662 5532 σε.
2725 5469 2904 5543 OEH,
2939 5475 2994 5528 τί
3043 5472 3244 5531 κωλύει
3273 5474 3370 5527 καί

1786 5556 1975 5735 Σέῗέ)
2026 5612 2126 5669 ’ἶν’
2194 5611 2351 5680 αὐτῷ
2398 5615 2629 5699 τούτῳ..
2666 5616 2782 5674 Duo
2843 5614 3034 5684 Coisl.,
3097 5614 3186 5669 ἵνα
3234 5613 3370 5672 αὐτὸ
