3902 6218
544 237 687 303 387.

1755 230 1815 288 S.
1855 230 2185 288 GREGORII
2227 228 2591 285 TIIEOLOGI

3714 239 3820 293 538

542 367 690 416 nem,
730 363 837 405 non
878 347 1127 409 beneficii
1169 353 1224 402 et
1254 346 1476 418 gratiae,
1509 345 1604 402 sed
1629 344 1795 401 debiti
1827 347 1948 401 loco
1988 348 2119 401 acci-

2228 345 2524 417 λαμϐάνειν
2555 345 2682 408 τοὺς
2710 344 2969 411 ἐργάτας.
2993 345 3054 398 οὐ
3085 346 3486 420 διαμαρτόντας
3510 353 3606 404 τοῦ
3632 351 3813 423 ἀμπε-

543 444 704 513 pias?
733 440 853 497 Huc
880 439 1044 496 etiam
1073 437 1301 502 accedit,
1325 438 1468 507 quod
1495 437 1567 491 ita
1593 436 1807 491 demum
1838 436 2120 506 operarios

543 534 849 589 mercedem
878 531 1123 597 accipere
1161 530 1274 583 vult
1316 527 1590 598 parabola,
1617 527 1661 581 si
1697 527 1751 581 in
1787 530 2002 582 vineam
2036 529 2121 581 in-

542 623 714 695 gressi
747 620 967 687 fuerint,
997 636 1061 675 ac
1087 635 1190 673 non
1220 619 1293 673 ab
1310 634 1373 673 ea
1400 619 1805 683 aberraverint;
1837 619 1982 688 quod
2009 620 2124 687 qui-

545 716 667 768 dem
716 713 813 768 tibi
856 710 1153 781 perieulum
1204 710 1470 764 imminet.
1515 708 1881 775 Quamobrem
1931 710 1974 764 si
2027 709 2119 762 tibi

544 805 881 873 exploratum
907 810 1051 857 esset
1085 800 1220 866 fore,
1250 784 1309 854 ut
1336 803 1409 854 ita
1453 801 1718 865 sentiens,
1752 816 1816 855 ac
1842 802 1908 854 de
1937 800 2123 854 labore

544 893 747 963 aliquid
777 893 1043 947 malitiose
1079 892 1429 955 subtrahens,
1467 891 1794 959 baptismum
1826 905 2124 958 conseque-

543 984 1110 1055 reris,~ignoscendum
1146 983 1240 1036 tibi
1274 990 1419 1038 esset
1449 983 1514 1036 ad
1550 983 1855 1052 ltujnsmodi
1886 983 2122 1036 rationes

542 1075 892 1147 confugienti,
924 1089 991 1129 ac
1022 1075 1265 1129 nonnihil
1291 1075 1426 1129 lucri
1453 1091 1519 1128 ex
1555 1075 1766 1128 Domini
1793 1075 2123 1145 benignitate

540 1163 723 1220 facere
746 1166 1019 1234 cupienti;
1053 1174 1109 1218 ut
1150 1165 1279 1218 illud
1309 1181 1414 1219 non
1441 1165 1639 1230 dicam,
1668 1165 1770 1219 hoc
1801 1166 1973 1229 ipsum
2009 1179 2122 1218 am~

541 1254 681 1325 plius
719 1255 986 1321 laborare,
1037 1255 1313 1324 amplioris
1352 1256 1618 1310 mercedis
1650 1256 1770 1310 loco
1815 1256 2119 1310 habendum

541 1344 703 1419 707
733 1361 853 1401 esse
875 1387 891 1411 ,
926 1348 1008 1400 bis
1037 1347 1253 1415 quidem
1284 1355 1470 1409 certe,
1503 1346 1595 1416 qui
1630 1347 1812 1400 animo
1850 1355 1977 1400 sunt
2013 1362 2119 1402 non

540 1438 763 1492 omnino
790 1436 1038 1492 illiberali
1078 1448 1132 1490 et
1160 1436 1403 1492 sordido.
1436 1436 1571 1491 Cum
1604 1447 1784 1490 autem
1819 1438 2118 1506 periculum

540 1529 637 1583 tibi
668 1530 775 1596 sit,
817 1545 924 1596 ne,
977 1530 1103 1583 dum
1147 1527 1450 1596 hujusmodi
1496 1528 1648 1583 lucra
1686 1529 2059 1595 consectaris,
2090 1546 2121 1583 a

540 1623 697 1677 vinea
723 1637 945 1691 prorsus
969 1622 1210 1688 excidas,
1233 1630 1286 1675 et
1312 1620 1437 1675 dum
1464 1636 1627 1690 parva
1652 1632 1706 1675 et
1728 1621 1917 1689 exigua
1946 1620 2123 1675 obiter

2222 439 2389 501 λῶνος
2410 454 2423 466 ·
2465 439 2493 490 ὃ
2529 455 2609 491 σοι
2650 440 2864 501 παθεῖν,
2909 438 3171 502 κίνδυνος.
3207 440 3367 494 ’Ὥστε
3401 443 3450 495 ει
3484 443 3583 514 μὲν
3622 440 3690 517 ἦν
3722 446 3819 516 δῆ-

2221 528 2331 592 λον,
2367 531 2448 581 ὅτι
2484 528 2648 600 τεύξῃ
2677 529 2775 598 τῆς
2818 529 3049 600 δωρεᾶς,
3096 529 3240 585 οὕτω
3286 534 3519 604 φρονῶν,
3554 537 3650 590 καὶ
3678 538 3818 593 ὑπο-

2222 618 2438 690 κρατῶν
2476 636 2528 671 τι
2558 619 2876 691 κακούργως
2903 621 3005 690 τῆς
3041 623 3324 693 ἐργασίας,
3368 629 3715 695 συγγνωστὸν
3746 626 3819 703 ἦν

2224 726 2305 762 σοι
2341 710 2476 779 πρὸς
2496 712 2623 776 τοὺς
2647 713 2921 777 τοιούτους
2944 716 3344 786 καταφεύγοντι
3376 718 3690 792 λογισμοὺς,
3721 725 3819 779 καὶ

2223 804 2681 874 παρακερδαίνειν
2705 824 2757 859 τι
2794 807 3103 880 βουλομένῳ
3130 810 3229 880 τῆς
3259 810 3353 864 τοῦ
3385 813 3660 868 Δεσπότου
3691 816 3815 884 φιλ-

2222 892 2571 962 ανθρωπίας·
2621 894 2709 949 ἴνα
2750 897 2824 968 μὴ
2855 896 3018 966 λέγω,
3067 900 3149 951 ὅτι
3200 900 3294 952 καὶ
3335 900 3466 954 αὐτὸ
3513 902 3574 955 τὸ
3615 908 3817 975 καμεῖν

2224 984 2407 1048 πλέον,
2457 985 2656 1040 πλείων
2710 989 2900 1059 μισθὸς
2949 989 3028 1060 τῷ
3071 991 3144 1062 μὴ
3179 993 3358 1064 πάντη
3394 995 3686 1068 καπηλικῷ
3714 999 3818 1069 τὴν

2221 1075 2477 1133 διάνοιαν.
2516 1081 2579 1133 Εἰ
2614 1081 2671 1134 δὲ
2704 1081 2943 1146 κίνδυνός
2976 1100 3077 1144 σοι.
3114 1083 3207 1138 τοῦ
3241 1086 3564 1156 ἀμπελῶνος
3612 1107 3819 1144 παντε-

2222 1168 2329 1233 λῶς
2370 1171 2622 1225 ἐκπεσεῖν
2648 1173 2736 1227 διὰ
2763 1174 2861 1245 τῆς
2889 1175 3177 1246 ἐμπορίας,
3206 1179 3299 1230 καὶ
3328 1182 3408 1241 εἰς
3430 1179 3491 1232 τὸ
3518 1182 3819 1249 κεφάλαιον

2223 1257 2412 1330 ζημιοί
2439 1261 2507 1314 τά
2546 1264 2719 1334 μικρά
2752 1258 3108 1335 παρεκλέγων
3127 1284 3139 1297 ο
3179 1268 3334 1340 φέρε,
3372 1273 3484 1333 τοῖς
3514 1272 3669 1341 ἐμοῖς
3691 1273 3821 1326 πεί-

2172 1408 2175 1413 ,
2225 1351 2380 1420 σθητι
2407 1352 2585 1420 λόγοις
2610 1371 2623 1383 ·
2661 1356 2822 1425 ἀφεὶς
2858 1355 2957 1420 τὰς
2985 1358 3236 1422 τοιαύτας
3266 1360 3376 1430 (53)
3408 1360 3820 1431 παρεξηγήσεις

2223 1443 2316 1496 κα)¹
2346 1445 2665 1510 ἀντιθέσεις,
2700 1448 3102 1516 ἀσυλλογίστως
3133 1449 3211 1520 τῷ
3234 1450 3391 1522 δώρῳ
3420 1454 3708 1523 πρόσελθε,
3739 1456 3817 1527 μὴ

2224 1536 2685 1607 προαναρπασθῇς
2721 1538 2835 1610 (56)
2857 1539 2966 1592 τῶν
3000 1540 3248 1607 ἐλπίδων,
3285 1543 3377 1595 καὶ
3406 1543 3547 1597 κατά
3581 1546 3818 1598 σεαυτοὸ

2222 1624 2392 1699 λάθῃς
2415 1627 2526 1697 (57)
2556 1628 2624 1681 τὰ
2644 1630 2870 1683 τοιαῦτα
2900 1631 3272 1702 σοφιζόμενος.

539 1717 781 1786 colligis,
840 1727 988 1772 sorte
1043 1716 1156 1785 ipsa
1206 1714 1519 1780 mulcteris;
1572 1728 1699 1782 age,
1763 1712 1939 1769 verbis
1999 1715 2134 1770 meis
2198 1718 2546 1790 obtempera,
2601 1724 2887 1792 pravisque
2973 1724 3121 1779 bisce
3172 1726 3708 1795 interpretationibus
3758 1738 3819 1784 et

540 1808 971 1881 oppositionibus
993 1805 1177 1861 missis
1205 1805 1386 1869 factis,
1410 1803 1640 1875 simplici
1672 1805 1872 1871 animo,
1895 1815 1950 1860 et
1977 1806 2116 1861 citra
2157 1815 2580 1879 argutationem,
2642 1816 2707 1867 ad
2755 1815 2955 1869 donum
3021 1817 3236 1880 accede,
3265 1833 3353 1882 ne,
3380 1829 3668 1888 antequam
3696 1821 3819 1888 spei

540 1914 648 1959 tuae
676 1917 897 1973 compos
938 1903 1057 1965 tias,
1097 1915 1161 1953 ex
1202 1900 1307 1955 hac
1339 1900 1443 1955 vita
1485 1899 1792 1970 abripiaris,
1823 1911 1985 1970 atque
2050 1901 2363 1971 imprudens
2425 1908 2478 1961 in
2511 1908 2804 1977 perniciem
2852 1918 2999 1963 tuam
3051 1909 3354 1979 liujusmodi
3416 1912 3702 1979 captiones
3763 1922 3822 1966 et

544 1993 792 2066 argutias
820 1992 1273 2049 comminiscaris.

613 2107 776 2164 XXll.
792 2106 930 2176 Quid
953 2117 1132 2162 autem
1150 2106 1171 2160 ?
1188 2106 1395 2172 Nonne,
1424 2107 1652 2176 inquies,
1679 2107 1942 2176 benignus
1964 2117 2019 2162 et
2048 2106 2119 2161 fa-

2288 2107 2419 2160 KB'.
2460 2105 2525 2158 Τί
2554 2106 2676 2170 δαί;
2713 2105 2847 2176 Ούχὶ
2882 2105 3284 2178 φιλάνθρωπον,
3318 2108 3451 2177 φησι
3472 2148 3488 2172 ,
3523 2108 3587 2161 τὸ
3616 2108 3820 2175 Θεῖον;

539 2201 661 2257 cilis
673 2199 938 2256 estDeus?
954 2197 1087 2251 Nam
1102 2199 1524 2269 eteogitationes
1543 2200 1805 2253 humanas
1817 2200 2116 2267 cognoscit,

2228 2197 2339 2251 Καὶ
2363 2198 2663 2267 γνωστικὺν
2686 2197 2794 2268 γὰρ
2817 2196 3055 2259 ἐννοιῶν,
3080 2194 3365 2267 δοκιμάζει
3389 2215 3448 2250 τε
3473 2198 3573 2270 τὴν
3601 2198 3822 2269 ἔφεσιν,

540 2306 594 2348 et
626 2292 797 2349 animi
824 2291 996 2345 nostri
1023 2290 1349 2345 desiderium
1368 2290 1638 2358 explorat,
1662 2290 2021 2359 baptismique
2043 2304 2119 2344 vo-

2228 2293 2321 2345 κα)¹
2380 2293 2501 2344 am
2562 2289 2973 2360 βαπτίσματος,
3022 2294 3256 2343 ποιεῖται
3310 2291 3411 2360 τὴν
3475 2292 3656 2363 ὁρμὴν
3719 2293 3821 2348 τοῦ

543 2400 657 2441 tum
688 2400 787 2458 pro
810 2384 1081 2454 baptismo
1119 2384 1287 2438 ducit.
1320 2381 1625 2454 )Enigmati
1659 2383 1838 2438 simile
1871 2383 2125 2451 quiddam

542 2494 759 2541 narras,
790 2480 835 2533 si
865 2475 1005 2545 apud
1031 2473 1224 2540 Deum,
1250 2484 1471 2545 propter
1500 2475 1668 2536 ipsius
1714 2473 2125 2543 benignitatem,

541 2572 588 2627 is
616 2585 712 2642 pro
742 2569 1044 2624 illuminato
1091 2568 1342 2635 habetur,
1403 2566 1496 2637 qui
1540 2564 1759 2619 luminis
1789 2580 1986 2634 expers
2018 2573 2122 2631 est,

536 2672 633 2719 aut
658 2664 826 2717 etiam
854 2662 993 2715 intra
1026 2675 1252 2730 regnum
1276 2658 1537 2714 cmlorum
1564 2666 1667 2724 est,
1696 2657 1786 2722 qui
1816 2672 1880 2711 eo
1913 2658 2016 2710 frui
2039 2671 2129 2711 ex-

538 2755 697 2825 petit,
726 2769 849 2809 cum
882 2753 1101 2809 interim
1128 2767 1190 2806 ea
1221 2752 1444 2805 minime
1473 2750 1659 2816 faciat,
1710 2764 1829 2818 quae
1866 2750 1932 2803 ad
1961 2748 2125 2804 cccle-

535 2857 623 2904 ste
648 2861 876 2917 regnum
908 2845 1014 2900 iter
1044 2844 1316 2914 aperiunt.
1345 2842 1459 2911 Ego
1501 2856 1654 2905 vero,
1688 2842 1816 2910 quid
1844 2841 1909 2895 de
1935 2840 2021 2894 bis
2048 2854 2128 2895 re-

540 2941 648 2997 bus
672 2940 930 3004 sentiam,
959 2937 1127 2993 libere
1159 2937 1335 2991 dicam
1365 2952 1381 3000 ;
1408 2950 1473 2989 ac
1510 2934 1754 2989 futurum
1784 2935 2037 2999 arbitror,
2066 2942 2126 2988 ut

538 3031 834 3104 prudentes
853 3030 957 3084 viri
987 3028 1271 3084 sententia:
1290 3041 1420 3081 mea:
1439 3025 1702 3080 calculum
1727 3041 1881 3080 suum
1902 3027 2120 3081 addant.

536 3125 765 3189 Eorum,
793 3122 883 3193 qui
925 3122 1126 3177 donum
1151 3118 1426 3175 consecuti
1451 3126 1598 3185 sunt,
1621 3117 1711 3172 alii
1739 3117 1950 3185 quidem
1972 3117 2124 3186 prius

536 3232 568 3273 a
604 3218 713 3273 Deo
734 3227 789 3272 et
825 3214 1001 3269 salute
1031 3228 1126 3267 sua
1157 3226 1380 3281 prorsus
1410 3211 1586 3265 aversi
1621 3221 1799 3272 erant,
1846 3212 1936 3280 qui
1970 3212 2122 3265 vide-

536 3309 665 3366 licet
690 3324 786 3378 per
805 3307 987 3363 omnia
1027 3304 1355 3375 ﬂagitiorum
1383 3317 1581 3372 genera
1607 3302 2011 3371 grassabantur,
2070 3312 2119 3357 et

536 3405 605 3457 de
639 3400 907 3456 industria
927 3398 1119 3453 vitium
1171 3396 1644 3465 amplexabantur.
1697 3395 1803 3448 Alii
1857 3395 2121 3465 quodam-

538 3490 698 3545 modo
731 3487 1023 3553 semimali,
1063 3501 1127 3541 ac
1153 3486 1333 3539 medio
1373 3485 1514 3538 inter
1546 3484 1798 3537 virtutem
1825 3496 1880 3538 et
1929 3486 2122 3538 vitium
2144 3471 2186 3528 C

536 3581 660 3635 loco
682 3578 845 3648 positi
874 3595 889 3645 ;
923 3578 959 3631 ii
988 3590 1202 3645 nempe,
1233 3574 1323 3645 qui
1357 3574 1573 3628 tametsi
1599 3574 1797 3627 malum
1833 3586 2115 3644 perpetra-

536 3680 677 3739 rent,
708 3669 760 3725 id
802 3678 1005 3732 tamen,
1037 3668 1180 3736 quod
1216 3664 1625 3737 perpetrabant,
1664 3666 1886 3720 minime
1929 3667 2118 3736 proba-

536 3762 693 3827 bant,
720 3760 1174 3831 quemadmodum
1203 3774 1303 3813 nec
1348 3758 1596 3813 morbum
1621 3774 1777 3813 suum
1823 3759 1918 3828 qui
1980 3759 2122 3815 febri

534 3852 877 3907 divexantur.
913 3849 1017 3903 Alii
1042 3850 1206 3903 etiam
1254 3856 1381 3902 ante
1432 3847 1710 3903 lustricam
1760 3848 2120 3904 initiationem

532 3942 764 4001 honeste
789 3951 844 3996 et
874 3956 996 4005 cum
1033 3940 1188 3994 laude
1218 3939 1511 4007 vivebant;
1539 3939 1612 3993 illi
1637 3939 1856 4008 quidem
1885 3955 1951 3994 ex
1980 3942 2120 3995 bona

534 4034 739 4101 indole,
782 4033 869 4088 istl
895 4048 1023 4087 vero
1050 4033 1194 4101 quod
1228 4030 1295 4084 ad
1323 4029 1650 4100 baptismum
1679 4031 1888 4099 seipsos
1933 4031 2121 4086 sedulo

533 4138 601 4179 ac
650 4122 893 4179 studiose
946 4129 1404 4191 praepurgarent:
1443 4120 1534 4189 qui
1585 4120 1748 4173 etiam
1777 4129 1898 4189 post
1946 4120 2119 4190 bapti-

533 4231 708 4271 smum
754 4216 1101 4285 praestantius
1157 4213 1335 4267 adhuc
1371 4211 1691 4280 cautiusque
1730 4212 1898 4267 vitam
1962 4213 2113 4268 insti-

534 4315 735 4361 tuunt:
773 4307 922 4372 illud,
959 4316 1017 4361 ut
1064 4306 1267 4360 bonum
1295 4313 1797 4373 consequerentur;
1868 4305 1989 4369 hoc,
2051 4314 2113 4360 ut

533 4407 793 4453 tueantur
817 4409 980 4468 atque
1010 4404 1358 4452 conservent.
1391 4394 1450 4449 In
1479 4395 1564 4449 his
1594 4411 1778 4465 porro,
1820 4405 1879 4451 ut
1928 4397 2086 4451 melio

532 4505 623 4546 res
646 4490 721 4544 illi
750 4490 1025 4559 iudicandi
1052 4501 1199 4555 sunt,
1226 4488 1319 4558 qui
1342 4488 1410 4542 de
1444 4486 1790 4556 improbitate
1837 4488 2121 4557 quidpiam

2230 2384 2624 2454 βαπτίσματος.
2662 2382 2954 2452 Λίνίγματι
2984 2382 3165 2451 λέγεις
3194 2384 3415 2453 ὅμοιον,
3452 2385 3501 2436 εί
3535 2401 3823 2453 πεφωτισ-

2231 2476 2389 2545 μένος
2424 2475 2542 2527 ἐστὶ
2576 2473 2695 2543 Θεῷ
2723 2474 2835 2543 (58)
2857 2515 2872 2539 ,
2905 2473 2995 2527 διὰ
3029 2474 3089 2527 τὸ
3130 2473 3548 2545 φιλάνθρωπον,
3583 2477 3613 2527 ὁ
3660 2474 3823 2544 ἀφώ-

2224 2586 2426 2632 τιστος,
2466 2568 2499 2639 ἢ
2551 2568 2644 2620 καὶ
2684 2567 2786 2637 τῆς
2833 2567 3107 2637 βασιλείας
3149 2567 3256 2620 τῶν
3297 2566 3541 2638 οὐρανῶν
3586 2568 3744 2631 ἐντὸς
3792 2571 3825 2623 ὁ

2225 2661 2430 2729 ταύτης
2456 2664 2640 2730 τυχεῖν
2670 2660 2988 2723 σπουδάζων
3011 2699 3026 2722 ,
3054 2659 3177 2729 δίχα
3199 2658 3293 2712 τοῦ
3326 2660 3589 2731 πράττειν
3614 2661 3684 2714 τὰ
3715 2661 3822 2730 τῆς

2229 2751 2523 2822 βασιλείας.
2579 2750 2720 2819 Ἐγὼ
2764 2751 2854 2812 δὲ,
2888 2751 2964 2813 ὡς
3012 2749 3121 2820 ἔχω
3163 2751 3291 2821 περὶ
3341 2750 3582 2815 τούτων,
3637 2753 3823 2805 εἰπεῖν

2227 2842 2485 2915 θαρῤήσω
2506 2859 2518 2872 ·
2552 2837 2706 2915 οἶμαι
2737 2842 2792 2894 δὲ
2825 2843 2919 2895 καὶ
2944 2841 3054 2893 τῶν
3084 2841 3260 2895 ἄλλων
3293 2841 3655 2913 συνθήσεσθαι
3683 2835 3855 2907 τοὺς’

2225 2935 2349 2988 νοῦν
2388 2934 2632 3005 ἔχοντας.
2684 2933 2805 2986 Τῶν
2854 2935 3131 3003 τυγόντων
3169 2934 3270 3003 τῆς
3313 2934 3559 3005 δωρεᾶς,
3610 2937 3661 2987 οἱ
3712 2936 3822 3005 μὲν

2224 3026 2504 3089 παντελῶς
2528 3023 2668 3098 ἦσαν
2691 3026 2962 3097 ἀλλότριοι
2989 3028 3080 3078 τοῦ
3108 3026 3242 3079 Θεοῦ
3267 3027 3360 3079 καὶ
3384 3027 3483 3097 τῆς
3509 3026 3821 3099 σωτηρίας,

2226 3121 2334 3173 πᾶν
2359 3114 2497 3182 εἶδος
2518 3118 2718 3182 κακίας
2745 3117 3129 3182 διεξελθόντες,
3158 3119 3252 3171 καὶ
3279 3114 3422 3171 εἶναι
3449 3119 3614 3172 κακοὶ
3642 3136 3823 3173 σπουο
3882 3106 3885 3183 ς

2223 3208 2475 3273 δάζοντες
2520 3208 2665 3278 (59)·
2703 3209 2751 3261 οἱ
2789 3207 2846 3260 δὲ
2885 3209 3254 3281 ήμιμόχθηροί
3286 3226 3439 3272 πως,
3479 3210 3577 3263 καὶ
3624 3210 3822 3281 μέσως
3882 3192 3883 3195 Ἴ

2224 3301 2441 3372 ἔχοντες
2475 3301 2677 3371 ἀρετῆς
2712 3301 2809 3354 καὶ
2848 3302 3083 3363 κακίας’
3117 3301 3165 3354 οἳ
3198 3300 3259 3354 τὸ
3294 3302 3394 3371 μὲν
3437 3303 3607 3355 κακὸν
3642 3304 3821 3375 ἔπραο
3878 3336 3879 3351 χ

2225 3394 2353 3459 ξαν,
2400 3394 2478 3462 τῷ
2513 3393 2876 3465 πραττομένῳ
2908 3392 2965 3445 δὲ
2999 3394 3059 3445 ού
3096 3393 3429 3465 συνῄνεσαν,
3465 3393 3728 3466 καθάπερ
3767 3397 3822 3449 οἱ
3876 3422 3877 3425 η

2223 3487 2586 3559 πυρέττοντες
2616 3486 2693 3557 τῷ
2720 3487 2931 3539 ἑαυτῶν
2960 3486 3374 3555 ἀρῤωστήματι.
3407 3487 3470 3539 Οἱ
3495 3485 3552 3538 δὲ
3579 3487 3677 3539 καὶ
3704 3487 3820 3559 πρὸ

2222 3579 2323 3648 τῆς
2372 3578 2702 3642 τελειώσεως
2753 3576 2865 3648 (60)
2914 3572 3055 3649 ἦσαν
3112 3577 3428 3630 ὲπαινετοί’
3487 3577 3537 3629 οἱ
3589 3577 3693 3648 μὲν
3751 3581 3820 3632 ὲκ

2223 3671 2437 3741 φύσεως
2494 3671 2638 3740 (61),
2682 3671 2734 3722 οἱ
2783 3669 2839 3722 δὲ
2872 3670 3015 3722 κατὰ
3064 3669 3298 3739 σπουδὴν
3342 3668 3819 3742 προκαθαίροντες

2222 3764 2451 3826 ἑαυτοὺς
2499 3763 2577 3833 τῷ
2623 3764 2995 3834 βαπτίσματι’
3034 3764 3129 3815 καὶ
3172 3762 3314 3833 μετὰ
3345 3763 3447 3834 τὴν
3486 3763 3819 3836 τελειότητα

2220 3856 2496 3925 πεφήνασι
2531 3855 2816 3925 κρείττους
2849 3855 2945 3908 καὶ
2974 3854 3402 3925 ἀσφαλέστεροι·
3444 3855 3506 3907 τὸ
3547 3855 3681 3926 μὲν,
3723 3858 3818 3912 ἴνα

2218 3946 2421 4017 τύχωσι
2464 3946 2559 3999 τοῦ
2594 3947 2833 4015 ἀγαθοῦ,
2868 3947 2928 4001 τὺ
2953 3948 3038 4013 δὲ,
3071 3949 3157 4001 ἵνα
3195 3947 3525 4017 φυλάξωσιν.
3570 3949 3661 4002 Ἐν
3685 3950 3817 4004 τού-

2219 4053 2361 4099 τοις,
2396 4036 2640 4106 βελτίους
2679 4037 2778 4107 μὲν
2809 4037 2915 4089 τῶν
2946 4036 3058 4109 (62)
3094 4037 3414 4089 παντάπασι
3440 4037 3700 4107 πονηρῶν
3719 4079 3737 4100 ,
3763 4041 3814 4093 οἱ
3856 4036 3863 4109 λ

2219 4128 2318 4197 τῆς
2360 4128 2561 4191 κακίας
2596 4146 2649 4181 τι
2694 4129 3013 4198 ὑφιέμενοιο
3059 4127 3303 4198 βελτίους
3346 4128 3401 4181 δὲ
3452 4127 3561 4181 τῶν
3606 4132 3815 4202 μικρόν
3858 4182 3859 4185 η

2221 4237 2273 4273 τι
2308 4220 2417 4290 (65)
2458 4220 2802 4291 ὑφιεμένων,
2842 4224 2891 4274 οἱ
2928 4222 3337 4292 σπουδαιότεροι
3377 4221 3472 4275 καὶ
3505 4224 3810 4295 προσαριὶν
3858 4214 3859 4223 “

2223 4328 2413 4374 σαντες
2444 4312 2556 4381 (64)
2589 4313 2816 4376 ἑαυτοὺς
2866 4312 2962 4365 τοῦ
3001 4313 3384 4383 βαπτίσματος
3405 4330 3419 4344 ο
3455 4313 3644 4384 έχουσι
3694 4318 3825 4387 γάρ

2219 4417 2273 4453 τι
2318 4401 2479 4454 πλέον
2517 4402 2666 4470 (65),
2704 4403 2804 4473 τὴν
2852 4404 3137 4474 ἐργασίαν.
3166 4404 3245 4455 Οὐ
3284 4402 3428 4475 γὰρ,
3469 4402 3663 4476 ὥσπερ
3698 4407 3812 4459 τῶν
3852 4394 3855 4465 ί

2221 4492 2640 4564 ἁμαρτημάτων
2682 4493 2957 4563 ὲξὰλειψιν
2997 4492 3109 4563 ἔχει
3145 4493 3206 4547 τὸ
3237 4493 3491 4565 λουτρὸν,
3528 4493 3677 4548 οὕτω
3711 4499 3812 4549 καὶ

530 4582 884 4648 remiserunt,
909 4597 1070 4651 quam
1103 4581 1197 4652 qui
1240 4582 1461 4639 omnino
1490 4578 1723 4649 improbi
1777 4587 1833 4634 et
1868 4579 2116 4636 scelerati

2228 4583 2329 4637 τῶν
2380 4584 2823 4657 κατορθωμάτων
2876 4586 3178 4657 ἀναίρεσιν.
3238 4585 3456 4638 Τούτων
3507 4585 3565 4639 δὲ
3619 4590 3810 4644 αὐτῶν
3848 4582 3849 4585 “

604 4824 719 4897 (55)
758 4824 872 4897 Τᾲς
911 4824 1209 4897 τοιαύτας.
1243 4822 1335 4897 Sic
1371 4823 1611 4897 quinque
1641 4821 1837 4893 Regg.,
1873 4822 2113 4894 plerique

528 4892 682 4954 (ΞΟΠ).
703 4892 777 4952 ει
806 4895 899 4950 0r.
925 4896 976 4948 1.
1010 4898 1158 4947 Deest
1181 4893 1435 4957 τοιαύτας
1461 4897 1511 4944 in
1549 4892 1631 4944 ed.

529 4964 714 5091 60%56)
746 4963 1288 5036 Προαναρπασθῇς.
1321 4965 1567 5032 Quinque
1593 4960 1787 5033 Regg.,
1827 4979 2119 5035 προαρπα-

636 5054 686 5091 ς.

745 5104 968 5179 Adam.
1024 5102 1118 5179 Sic
1159 5112 1275 5159 tres
1313 5102 1509 5179 Regg.,
1558 5103 1744 5157 decem
1786 5099 1969 5167 Colb.,
2019 5103 2112 5159 0r.

530 5179 582 5242 1,
609 5172 725 5232 etc.
770 5172 970 5246 lutet—l7"
1005 5172 1203 5246 μάθῃς,
1238 5193 1262 5246 ς
1297 5177 1594 5246 perdiscas.
1629 5193 1647 5224 ι

601 5246 716 5319 (58)
738 5243 880 5319 Θξῶο
910 5243 1043 5319 lies:
1072 5243 1162 5314 pii;
1197 5244 1274 5316 τῷ
1294 5244 1445 5319 Peri»-

599 5311 712 5386 (59)
756 5311 1528 5385 Σπουδάζοκτεςξρυίἱιᾳυο
1574 5311 1767 5383 Regg.,
1817 5311 1909 5367 0r.
1972 5314 1998 5367 1
2060 5324 2115 5370 et

527 5381 745 5449 (ἷοήιιὶη
771 5386 1193 5449 σπουδάσαντες.

588 5454 1123 5581 έὲἓεῖξρειώσεως.
1156 5455 1324 5527 Regg.
1355 5455 1470 5522 bm,
1497 5453 1588 5523 ph,
1618 5451 1714 5507 0r.
1754 5452 1779 5506 1
1818 5461 1873 5507 et
1895 5451 2107 5521 Comb.,

769 5543 859 5580 τος
865 5566 879 5580 .

522 5543 879 5597 τελειοτητος.

600 5596 712 5725 (61)
746 5597 848 5651 Ἐκ
870 5597 1183 5681 sedvento}
1219 5595 1364 5652 Bona
1398 5593 1596 5676 indole,
1640 5611 1659 5644 ι
1691 5609 1809 5660 seu,
1851 5608 1936 5678 ea.
1964 5604 2113 5650 natu-

529 5683 609 5725 ra.
643 5687 664 5722 ›
703 5668 854 5725 dest.
893 5664 1325 5725 muurtNtcetas.
1364 5684 1383 5720 ι
1428 5680 1492 5723 ea
1520 5663 1699 5722 indole
1727 5666 1959 5725 praediti.
1988 5680 2110 5725 quae

529 5663 618 5726 ra.
643 5663 737 5726 »Μ
751 5663 1069 5739 est,'iuquit
1090 5664 1325 5732 Nicetas,
1364 5684 1383 5720 ι
1428 5680 1492 5723 ea
1520 5663 1699 5722 indole
1723 5665 1959 5735 praediti,
1988 5680 2110 5737 quae

2213 4826 2451 4913 aegread
2483 4825 2682 4912 malum
2704 4831 3077 4913 ‘propendeat.
3102 4853 3137 4893 ν»
3191 4833 3358 4913 Vetus
3403 4836 3808 4913 Scliol.__inter-
3842 4888 3843 4913 ι

2214 4906 2457 4978 pretatur
2488 4899 2969 4978 :ﬁmq8st6mra,
3004 4923 3023 4954 ι
3063 4910 3276 4978 propria
3302 4922 3367 4961 ac
3402 4909 3637 4963 naturali
3666 4927 3805 4976 qua-

2213 4966 2395 5031 litate;
2440 4985 2458 5018 ›
2491 4966 2757 5046 simulque
2811 4966 3086 5037 observat,
3134 4966 3455 5046 Gregoriqu
3500 4994 3607 5032 non
3658 4966 3803 5033 mul-
3838 4986 3841 5046 Ῑ

2215 5045 2324 5089 ιυιιι
2357 5052 2550 5117 cura-re
2572 5042 2859 5117 verborum
2898 5040 3307 5113 proprietatem,
3340 5051 3644 5117 prresertim
3674 5067 3805 5106 eum

2211 5107 2526 5189 cuminum;
2551 5110 2854 5189 quibusﬂest
2890 5106 3094 5189 sermo,
3118 5106 3313 5189 sensus
3339 5106 3426 5171 est
3453 5117 3799 5189 irranilestus.
3836 5106 3837 5179 l

2570 5177 2708 5265 τῶν)
2741 5180 2833 5264 Sic
2852 5175 3093 5265 quinque
3123 5186 3317 5259 Regg.,
3340 5196 3451 5244 tres
3480 5186 3664 5256 Colb.,
3698 5194 3799 5247 υτ.
3834 5226 3835 5265 ι

2212 5245 2265 5315 1,
2301 5245 2408 5300 etc.
2445 5245 2606 5303 Deest
2628 5249 2737 5303 τῶν
2761 5252 2812 5305 in
2840 5245 2932 5310 ed.

2284 5315 2396 5399 (ϐξ)
2418 5319 2648 5399 Μικρόν
2684 5338 2762 5399 τι.
2787 5324 2880 5377 Sic
2900 5337 3132 5399 quatuor
3149 5326 3320 5399 Regg.
3360 5330 3419 5382 In
3446 5327 3800 5398 quibusdam,

2212 5388 2407 5465 praepeti
2434 5404 2516 5465 ἓ.
2538 5390 2593 5444 In
2631 5393 2743 5465 ed_.,
2773 5388 2983 5465 μικρῶν
3010 5414 3086 5453 τι.

2281 5458 2390 5540 (ξιξ)
2428 5458 3075 5540 Προσαρῴσᾲντξςεβίο
3100 5466 3272 5540 Regg.
3303 5467 3414 5537 bm,
3443 5470 3513 5540 pb
3546 5480 3601 5525 et
3623 5468 3797 5526 Coisl.

2150 5568 2155 5572 .
2211 5527 2408 5582 L'Sic
2472 5527 2643 5612 etiam
2697 5532 2824 5602 legit
2882 5527 3088 5612 Billius.
3153 5527 3827 5612 Ιιῖ“ἰιι1.,’ξιτροαρόετιινο·1

2208 5614 2327 5673 τες,
2340 5617 2383 5673 __«_
2416 5601 2569 5673 quasi
2594 5601 2773 5673 aratro
2795 5607 3203 5673 proscindentes
3222 5617 3276 5664 et
3298 5601 3631 5668 tax-colentes.
3655 5626 3686 5669 ι

2278 5668 2391 5740 (65)
2438 5668 2654 5727 nam.
2679 5668 3013 5749 Duo'liegg.,
3043 5677 3245 5735 πλεῖον.
3660 5668 3671 5669 7
3728 5702 3737 5707 λ
