3902 6218
171 191 264 249 389

1080 199 1339 258 ORATIO
1375 203 1492 258 XL.
1531 232 1602 244 —
1638 200 1711 258 IN
1745 202 2076 262 SANCTUM
2116 205 2491 263 BAPTISMA.

3312 209 3420 267 590

171 306 426 378 βελτίους,
462 307 512 360 οἱ
543 306 639 361 καὶ
680 307 1060 378 γεωργοῦντες
1101 312 1165 365 τὸ
1197 314 1477 385 χάρισμα,
1513 315 1610 368 καὶ
1651 315 1735 367 ὅτι

1848 314 2059 372 luerunt
2084 336 2100 370 .:
2137 319 2210 373 ita
2250 318 2336 383 iis,
2366 320 2458 391 qui
2489 335 2595 374 non
2643 322 2860 378 omnino
2892 324 3154 381 effrenate
3206 339 3270 380 ac
3298 342 3425 395 pro-

171 398 389 469 μάλιστα
415 399 498 462 είς
528 398 725 463 κάλλος
752 399 985 466 ἑαυτοὺς
1017 402 1341 468 ἀποξέοντες
1369 404 1505 475 (66).

1836 406 2022 460 stitute
2052 417 2369 477 peccarunt,
2405 408 2479 463 illi
2509 407 2756 479 praeferri
2785 411 3003 475 debent,
3037 414 3126 481 qui
3161 415 3421 469 virtutem

167 489 453 557 coluerunt,
483 505 547 545 ac
570 491 776 560 seipsos
806 500 931 547 ante
983 493 1312 562 baptismum
1355 496 1499 550 velut
1529 495 1706 565 scopis
1744 495 2065 563 quibusdam
2100 509 2400 568 purgarunt
2424 498 2446 568 (
2473 499 2674 552 habent
2701 501 2844 554 enim
2912 502 3165 571 quiddam
3228 514 3426 573 praeter

167 587 396 645 caeteros,
425 578 680 633 nimirum
722 581 1015 648 superioris
1050 585 1174 637 vitae
1197 584 1373 639 studia
1400 595 1454 639 et
1488 585 1736 650 labores;
1780 599 1885 637 non
1920 586 2086 649 enim,
2112 588 2562 655 quemadmodum
2592 590 2756 660 708
2776 590 3048 647 lavacrum
3108 594 3251 649 hanc
3317 593 3427 648 vim

168 670 336 735 habet,
365 681 423 725 ut
444 681 667 741 peccata
694 671 886 735 deleat,
917 673 987 725 ita
1015 673 1175 728 etiam
1236 685 1384 728 recte
1449 676 1590 728 facta
1632 674 1966 747 exstinguit).
1998 678 2175 745 Atque
2228 679 2312 733 his
2357 695 2550 734 rursus
2628 685 2994 752 anteponendi
3045 695 3191 752 sunt,
3232 687 3323 756 qui
3369 695 3427 742 et

167 765 381 834 gratiam
424 762 701 826 excolunt,
729 772 783 816 et
811 763 1019 833 seipsos
1049 769 1115 819 ad
1144 780 1362 820 omnem
1384 767 1602 820 virtutis
1631 766 1952 832 elegantiam
1985 784 2145 837 quam
2174 773 2410 826 maxime
2434 773 2730 843 expoliunt.

227 855 315 909 ΚΓ
316 860 350 907 '.
384 854 548 907 Ὥστε
581 855 676 908 καὶ
710 855 817 908 τῶν
852 856 1372 926 ἀποτυγχανόντων,
1407 859 1456 910 οἱ
1492 858 1591 928 μὲν
1631 857 1738 909 εἰσὶ

1908 859 2095 914 ΧΧΗΙ.
2136 860 2210 916 De
2243 862 2309 916 iis
2337 873 2541 928 autem,
2590 865 2684 934 qui
2739 865 3071 936 baptismum
3119 885 3224 922 non
3270 886 3424 925 asse-

168 944 434 1009 παντελῶς
464 945 760 1017 κτηνώδεις
800 946 943 1017 (67),
977 947 1011 1017 ἢ
1051 946 1370 1019 θηριώδεις,
1406 948 1483 1011 ὡς
1514 948 1581 1001 ἂν
1616 946 1735 1015 (68)

1848 964 2095 1022 quuutur,
2125 954 2213 1008 alii
2250 954 2467 1022 quidem
2502 958 2767 1025 pecudum
2795 960 3043 1023 omnino,
3071 961 3152 1013 vel
3186 962 3422 1018 ferarum

165 1036 338 1099 ἀνοίας
366 1035 398 1105 ἦ
430 1035 699 1106 πονηρίας
726 1035 925 1105 ἔχωσιν
946 1053 959 1066 ·
993 1030 1072 1099 οἷς
1109 1037 1248 1108 μετὰ
1280 1036 1388 1090 τῶν
1427 1037 1601 1090 ἄλλων
1634 1054 1734 1090 κα-

165 1128 299 1191 κῶν,
342 1128 463 1181 οὐδὲ
504 1127 565 1180 τὸ
603 1130 884 1199 χάρισμα,
937 1122 1122 1199 οἶμαι,
1172 1129 1380 1200 σφόδρα
1422 1128 1736 1200 αἰδέσιμον,

164 1220 269 1274 ἀλλ’
300 1220 472 1283 ὅντως
496 1217 746 1291 χάρισμα
766 1236 779 1249 ·
812 1221 858 1271 εἰ
890 1219 988 1287 μὲν
1013 1219 1193 1290 δοθείη
1214 1262 1229 1287 ,
1260 1220 1623 1291 στεργόμενον
1644 1237 1657 1250 ⁸
1689 1220 1739 1272 εί

162 1312 214 1366 δὲ
252 1311 325 1383 μὴ
382 1311 598 1382 δοθείη,
647 1312 1145 1382 περιφρονούμενον
1186 1313 1318 1385 (69).
1363 1315 1425 1365 Οἱ
1479 1313 1535 1366 δὲ
1581 1312 1745 1382 γινώ-

166 1421 343 1457 σκουσι
394 1403 494 1473 μὲν
514 1444 529 1468 ,
559 1405 654 1457 καὶ
693 1402 897 1473 τιμῶσι
926 1404 1024 1475 τὴν
1053 1405 1260 1476 δωρεάν
1285 1421 1298 1434 ·
1331 1405 1730 1459 ἀναόάλλονται

161 1496 230 1559 δὲ,
255 1497 301 1548 οἱ
332 1495 431 1567 μὲν
458 1495 550 1549 διὰ
581 1495 879 1568 ρᾳθυμίαν,
916 1498 965 1549 οἱ
989 1498 1047 1550 δὲ
1077 1497 1143 1549 δι’
1168 1496 1474 1568 ἀπληστίαν
1509 1497 1643 1567 (70).
1676 1497 1738 1549 OE

160 1586 213 1639 δὲ
235 1587 352 1640 οὐδέ
388 1590 526 1640 εἰσιν
560 1588 620 1640 ἐν
656 1586 886 1658 δυνάμει
918 1587 1013 1641 τοῦ
1052 1586 1327 1652 δέξασθαι,
1359 1588 1390 1657 ἢ
1426 1587 1515 1640 διὰ
1550 1586 1738 1658 νηπιό-

1835 1044 2000 1097 vitam
2031 1045 2334 1125 imitantur,
2364 1056 2524 1114 prout
2558 1049 2644 1103 vel
2697 1053 2957 1118 amentia,
2994 1054 3073 1107 vel
3100 1055 3265 1109 animi
3292 1071 3421 1125 pra-

1840 1133 2005 1187 vitate
2041 1122 2322 1201 labura'ut;
2361 1137 2454 1205 qui
2509 1137 2718 1192 scilicet
2749 1140 2815 1192 ad
2872 1149 3069 1197 caetera
3126 1122 3423 1200 mala’hoc

1839 1239 2053 1294 quoque
2083 1224 2466 1292 adjnnxerunt,
2510 1239 2568 1281 ut
2601 1243 2705 1283 nec
2744 1228 3071 1298 baptismum
3128 1232 3327 1301 ipsum,
3365 1244 3422 1290 ttt

1839 1317 2052 1386 opinor,
2089 1332 2416 1387 magnopere
2448 1328 2798 1387 venerentur,
2832 1335 3005 1390 eoque
3057 1324 3166 1378 sint
3215 1327 3417 1390 animo,

1837 1417 1919 1470 ιιι,
1955 1408 1997 1461 si
2032 1408 2249 1477 quidem
2284 1409 2461 1474 detur,
2493 1425 2615 1463 eum
2648 1426 2751 1465 non
2810 1415 3074 1482 gravatim
3119 1416 3418 1485 accipiant;

1837 1498 1882 1553 si
1911 1512 2038 1552 vero
2068 1514 2173 1550 non
2207 1499 2386 1558 detur,
2419 1514 2619 1568 susque
2649 1500 2823 1568 deque
2854 1501 3049 1557 ferant.
3077 1504 3183 1558 Alii
3217 1506 3417 1561 donum

1841 1587 2058 1654 quidem
2087 1597 2405 1657 agnoscunt,
2437 1596 2599 1657 atque
2635 1592 2837 1644 honore
2866 1604 3302 1661 prosequuntur:
3329 1612 3421 1652 ve-

157 1695 287 1749 τητα
308 1679 491 1749 τυχὸν,
516 1680 549 1749 ἡ
578 1696 700 1732 τινα
722 1680 920 1743 τελέως
946 1678 1202 1732 ἀκούσιον
1225 1679 1577 1751 περιπέτειαν
1600 1679 1732 1751 (71),

1848 1693 1961 1731 rum
1989 1694 2169 1732 moras
2194 1679 2515 1748 producunt,
2556 1680 2628 1733 illi
2658 1681 2728 1735 ob
2762 1681 3049 1747 ignaviam,
3083 1685 3168 1738 isti
3194 1686 3261 1740 ob
3292 1686 3415 1741 inli-

157 1770 214 1836 ὲξ
253 1767 320 1843 ἦς
366 1771 490 1824 οὐδὲ
529 1770 876 1842 βουλομένοις
918 1772 1103 1834 αὐτοῖς
1136 1770 1375 1842 ὑπάρχει
1415 1773 1596 1841 τυχεῖν
1637 1770 1733 1825 τοῦ

156 1863 515 1935 χαρίσματος.
551 1864 765 1935 Ὠσπερ
792 1860 886 1917 οὖν
935 1866 991 1918 ὲν
1040 1863 1269 1926 ἐκείνοις
1316 1863 1576 1933 πλείστην
1616 1863 1731 1916 δια-

158 1954 323 2025 φορὰν
348 1953 585 2026 εὕρομεν
621 1953 760 2025 (7⁵2),
796 1953 939 2007 οὕτω
970 1954 1074 2007 κᾶν
1102 1954 1336 2017 τούτοις.
1371 1953 1603 2025 Χείρους
1634 1954 1734 2024 μὲν

154 2048 200 2101 οῖ
234 2046 552 2100 παντάπασι
580 2047 993 2118 καταφρονηταὶ
1022 2045 1130 2099 τῶν
1160 2045 1583 2116 ἀπληστοτέρων
1621 2045 1732 2116 (75)

152 2136 184 2208 ῆ
226 2135 649 2208 ρᾳθυμοτέρων·
696 2134 913 2205 χείρους
949 2132 1005 2185 δὲ
1047 2124 1219 2196 οὗτοι,
1261 2130 1370 2184 τῶν
1410 2130 1468 2196 ἐξ
1510 2128 1735 2198 ἀγνοίας

153 2229 245 2282 καὶ
274 2227 594 2298 τυραννίδος
621 2224 1038 2278 ἀποπιπτόντων
1078 2224 1169 2294 τῆς
1196 2221 1426 2293 δωρεᾶς.
1466 2220 1734 2289 Τυραννὶς

148 2319 255 2391 γάρ
293 2321 398 2373 οὐκ
434 2317 562 2372 ἄλλο
595 2335 668 2382 τι,
702 2316 735 2388 ἢ
776 2316 1032 2379 ἀκούσιος
1073 2314 1397 2386 διαμαρτία.
1426 2313 1539 2365 Καὶ
1572 2311 1737 2383 ἡγοῦ·

152 2427 282 2483 μαι,
317 2412 448 2474 τοὺς
497 2410 596 2481 μὲν
643 2409 738 2462 καὶ
783 2408 939 2470 δίκας
983 2404 1232 2476 ὑφέξειν,
1268 2405 1457 2475 ὥσπερ
1498 2405 1592 2457 καὶ
1635 2404 1735 2475 τῆς

148 2502 314 2575 ἄλλης
346 2501 634 2573 πονηρίας,
664 2499 809 2553 σ’ύτω
836 2499 930 2553 καὶ
957 2498 1058 2568 τῆς
1081 2496 1175 2550 τοῦ
1201 2495 1428 2567 λουτροῦ
1460 2510 1734 2567 περιφρο-

147 2595 359 2667 νήσεως
382 2612 397 2625 ³
434 2595 561 2657 τοὺς
589 2593 647 2646 δὲ
678 2591 898 2662 ὑφέξειν
931 2590 1052 2662 μὲν,
1085 2583 1248 2661 ἧττον
1284 2589 1395 2659 (74)
1425 2587 1501 2645 δὲ.
1536 2588 1619 2639 ὅτι
1659 2584 1733 2657 μὴ

146 2688 315 2759 κακίᾳ
359 2686 565 2758 μᾶλλον
611 2685 643 2757 ἢ
679 2683 838 2755 ἀνοίᾳ
881 2683 982 2752 τὴν
1024 2681 1327 2750 ἀποτυχίαν
1366 2679 1729 2750 εἰργάσαντοε

148 2778 272 2841 τοὺς
311 2776 398 2841 δὲ,
443 2776 582 2847 μήτε
616 2772 1066 2845 δοξασθήσεσθαι,
1114 2773 1251 2842 μήτε
1292 2769 1732 2841 κολασθήσεσθαι

148 2868 297 2939 παρὰ
325 2865 445 2939 (75)
475 2862 572 2919 τοῦ
598 2850 807 2918 δικαίου
834 2863 1046 2933 κριτοῦ,
1073 2861 1149 2924 ὡς
1173 2860 1582 2932 άσφραγίστους
1611 2859 1730 2930 μὲν,

148 2963 460 3034 ἀπονήρους
488 2960 565 3024 δὲ,
599 2959 736 3013 ἀλλὰ
767 2957 1043 3019 παθόντας
1071 2955 1272 3050 μᾶλλον
1304 2953 1402 3025 τὴν
1416 2951 1732 3050 ῄςημίανίᾳῆ
1760 2991 1806 3050 c

143 3051 478 3123 δράσαντας.
528 3052 603 3105 Οὐ
646 3048 758 3120 γὰρ
804 3049 954 3110 ὅστις
985 3047 1045 3099 οὐ
1091 3045 1368 3109 κολάσεως
1408 3044 1590 3109 ἄξιος,
1634 3042 1732 3114 ήδη

144 3146 241 3198 καὶ
262 3143 441 3215 τιμῆς
462 3160 474 3172 ·
503 3141 692 3212 ὥσπερ
725 3139 847 3192 οὐδὲ
885 3139 1035 3201 ὅστις
1067 3137 1127 3189 οὐ
1158 3138 1348 3207 τιμῆς,
1384 3135 1483 3206 ήδη
1521 3135 1617 3188 καὶ
1645 3151 1738 3187 κο-

141 3233 377 3300 λάσεως.
421 3233 618 3288 Σκοπῶ
664 3231 776 3301 (76)
820 3231 877 3283 δὲ
917 3231 1140 3282 κάκεῖνο
1164 3245 1179 3258 ·
1216 3228 1280 3280 Εἰ
1328 3228 1537 3300 κρίνεις
1575 3225 1737 3296 φόνου

139 3324 235 3381 τὸν
277 3326 506 3397 φονικὸν
553 3326 620 3377 ὲκ
656 3323 820 3393 μόνου
865 3320 960 3375 τοῦ
1009 3318 1318 3391 βούλεσθαι,
1356 3319 1452 3373 καὶ
1492 3318 1615 3388 δίχα
1645 3316 1739 3371 τοῦ

143 3417 346 3487 φόνου,
386 3414 742 3487 βεϐαπτίσθω
789 3430 871 3466 σοι
900 3411 996 3465 καὶ
1026 3412 1055 3463 ὀ
1097 3409 1333 3480 θελήσας
1382 3408 1495 3479 (77)
1538 3407 1600 3460 τὸ
1646 3407 1743 3476 βά-

145 3526 384 3580 πτισμα,
412 3508 535 3578 δίχα
555 3504 649 3561 τοῦ
681 3504 1082 3576 βαπτίσματοςο
1112 3501 1161 3554 εί
1184 3500 1242 3553 δὲ
1268 3500 1370 3552 οὐκ
1394 3500 1590 3560 ἐκεῖνο,
1620 3496 1741 3561 πῶς

144 3596 327 3663 τοῦτο,
370 3596 607 3650 συνιδεῖν
648 3594 762 3666 (78)
807 3593 909 3647 ούκ
955 3591 1087 3663 ἔχω.
1126 3591 1191 3643 Εἰ
1232 3588 1411 3659 βούλει
1443 3587 1499 3641 δὲ
1531 3586 1735 3650 οὕτως·

145 3690 194 3741 εἰ
224 3690 394 3761 ἀρκεῖ
430 3706 512 3742 σοι
562 3688 700 3758 πρὸς
735 3684 965 3755 δύναμιν
997 3683 1093 3737 τοῦ
1142 3681 1520 3753 βαπτίσματος
1563 3681 1591 3732 ό
1637 3678 1737 3731 πό-

144 3780 238 3845 θος
271 3782 392 3851 (79)
414 3821 430 3847 ,
457 3782 552 3834 καὶ
580 3780 669 3834 διὰ
703 3776 860 3832 τοῦτο
891 3777 1087 3850 δικάζῃ
1118 3774 1247 3846 περὶ
1280 3776 1380 3845 τῆς
1412 3775 1572 3846 δόξης
1591 3815 1606 3841 ,
1634 3776 1738 3848 ἀρ·

140 3876 315 3929 κείτω
341 3892 428 3929 σοι
457 3874 552 3928 καὶ
578 3872 717 3944 πρὸς
743 3872 922 3937 δόξαν,
954 3872 988 3941 ἡ
1010 3871 1111 3939 τῆς
1134 3868 1293 3938 δόξης
1316 3867 1604 3939 ἐπιθυμία.
1628 3868 1740 3921 Καὶ

140 3965 228 4031 τίς
256 3985 344 4021 σοι
377 3966 576 4039 βλάϐη,
605 3964 667 4018 τὸ
697 3964 773 4034 μὴ
802 3964 989 4033 τυχεῖν
1018 3960 1128 4033 (80)
1157 3959 1386 4028 ταύτης,
1418 3958 1517 4030 τὴν
1551 3958 1738 4027 ἔφεσιν

138 4057 328 4130 ἔχοντι
350 4076 368 4126 ;

214 4176 337 4245 (66)
379 4169 883 4245 ‘AaoEéoaTec._ln
916 4165 1210 4245 nonnjtllis,
1241 4162 1628 4245 ἀποξέσαντες.

214 4236 338 4316 (67)
377 4236 753 4312 Κτηνώδεις.
787 4239 990 4305 Gloss.,
1044 4236 1251 4305 ἄλογοι,
1300 4253 1319 4286 ι
1362 4236 1589 4288 rationis
1637 4247 1736 4288 ex-

174 4327 353 4372 ertes.
393 4333 414 4366 ι

136 4334 353 4458 Ρθῖθὲῒ
384 4334 484 4449 ὣς
514 4380 613 4436 ἄν.
640 4380 731 4437 Sic
756 4397 849 4437 sex
874 4381 1064 4449 Regg.,
1092 4384 1204 4433 tres
1233 4374 1409 4439 Colb.,
1440 4385 1549 4430 etc.
1574 4334 1739 4428 Deest

138 4459 208 4511 ἄν
239 4458 297 4510 in
336 4457 432 4509 ed.

212 4525 332 4595 (69)
392 4520 966 4591 Περιφρονούμενον.
1024 4515 1081 4570 In
1132 4512 1426 4579 nonnullis,
1464 4527 1741 4584 καταφρο-

198 4595 437 4649 ύίιενον.

134 4614 843 4735 νοῖξδῃιῖᾀπέηστίαν.
888 4675 908 4709 ι
944 4652 1268 4735 Obittlinita
1315 4659 1371 4706 et
1398 4649 1741 4735 irriiadcsi-

136 4721 326 4791 deria:
372 4753 394 4785 ι
442 4732 533 4786 Sic
555 4721 763 4801 Tullius
802 4746 820 4801 ι
859 4741 983 4797 Spes
1021 4724 1258 4777 inlinitas
1296 4741 1315 4773 ι
1348 4721 1625 4801 appellat!
1660 4721 1738 4801 i_r_-

134 4808 280 4861 ritas
315 4816 473 4872 Spes.
516 4799 757 4872 {Dillius
802 4791 1236 4872 interpretatur:
1281 4809 1303 4872 ι
1351 4791 1744 4872 oh_ipexplebi-

133 4875 244 4931 lem
271 4861 549 4944 peccandi
578 4870 902 4944 _l_ibidinem_;_
949 4861 968 4918 ἰ
1003 4863 1142 4944 quod
1182 4870 1329 4944 certe
1358 4862 1514 4942 nobis
1542 4861 1742 4944 θηριο-

133 4928 297 5016 έοτίῗ
316 4952 509 5016 mente
544 4939 792 5016 alienum
820 4928 1052 5016 videtur.
1074 4931 1347 5016 _Lo'q_uit_ur
1377 4932 1523 5016 epitu
1562 4928 1742 5016 Theo:-

136 5001 412 5086 rogus_de
441 5009 526 5074 iis,
554 5010 749 5086 quibus
780 5005 1029 5086 baptismi
1056 5002 1381 5086 desiderium
1411 5001 1603 5086 inerat.
1647 5001 1741 5086 sed

136 5071 719 5151 inExpletumladhttc
766 5087 818 5151 et
850 5071 1137 5140 'inelIieax;
1168 5072 1367 5151 quique
1414 5071 1741 5132 cunctando,

134 5141 292 5210 alias‘
342 5166 420 5206 ex
445 5148 565 5204 aliis
586 5147 848 5201 nectendo
876 5158 1078 5205 moras,
1112 5151 1283 5210 morte
1307 5141 1520 5194 demum
1546 5155 1743 5210 przeoc-

134 5209 355 5291 cnpati,
391 5219 569 5291 gratia
596 5216 843 5291 baptismi
864 5213 1199 5291 excidebant.
1234 5209 1501 5291 Praaterea
1527 5209 1740 5289 eosdem

132 5279 587 5364 Gregorius‘ait,
632 5279 919 5364 {leviores
946 5284 1401 5364 poenttsdaturqs.
1434 5279 1602 5364 utqui
1633 5294 1741 5364 npn

130 5349 474 5418 {sinuanimi
496 5349 785 5428 pravitate,
817 5349 978 5428 quatit
1018 5351 1309 5428 stultitiae
1337 5349 1603 5428 baptismo
1640 5349 1743 5428 ab:

131 5417 427 5487 errarent.
472 5417 513 5482 ι’
538 5430 621 5482 An
662 5417 793 5481 vero
834 5417 890 5479 id
925 5423 1105 5476 dicere
1143 5420 1383 5474 licuisset
1408 5419 1473 5469 de
1503 5418 1586 5478 iis,
1650 5417 1742 5486 qui

132 5497 636 5573 baptismigratia
685 5494 1010 5573 excidissent
1047 5509 1067 5543 ι
1109 5491 1176 5545 ob
1210 5487 1579 5557 inexplebilem
1623 5503 1744 5568 pec-

131 5560 307 5627 candi
347 5560 662 5633 libidinem,
703 5584 724 5617 ι
762 5565 855 5635 qui
884 5572 1069 5620 contra
1114 5573 1274 5633 ptrna
1306 5573 1466 5629 quam
1508 5560 1743 5613 maxima

134 5642 404 5713 profecto
437 5647 617 5695 essent
657 5635 841 5706 digni?

1837 1769 1945 1822 nita
1976 1778 2030 1822 et
2049 1768 2203 1822 irrita
2236 1769 2522 1825 desideria.
2548 1770 2651 1822 Alii
2682 1786 2746 1825 ne
2769 1771 3015 1839 accipere
3049 1774 3264 1842 quidem
3293 1790 3417 1844 pos-

1836 1869 1982 1925 sunt,
2013 1860 2095 1914 vel
2119 1871 2335 1929 propter
2359 1859 2640 1915 infantiam
2665 1861 2917 1928 fortasse,
2949 1864 3029 1918 vel
3062 1876 3281 1936 propter
3304 1869 3413 1922 itm-

1837 1952 2079 2022 pinatum
2111 1969 2333 2022 prorsus
2365 1962 2419 2007 et
2453 1953 2742 2007 violentum
2789 1955 3023 2024 aliquem
3059 1973 3243 2013 casum
3265 1999 3281 2024 ,
3312 1976 3421 2029 quo

1835 2039 2083 2104 efﬁcitur,
2113 2052 2171 2096 ut
2204 2058 2271 2096 ne
2297 2042 2637 2110 cupientibus
2686 2045 2900 2113 quidem
2948 2047 3120 2115 gratia
3168 2049 3326 2117 potiri
3359 2051 3423 2103 li-

1835 2141 1975 2186 ceat.
2006 2132 2465 2198 Quemadmodum
2500 2132 2663 2204 igitur
2691 2136 2742 2188 in
2772 2135 2881 2190 illis
2926 2152 3275 2212 permagnum
3307 2142 3421 2196 dis-

1834 2222 2042 2276 crimen
2101 2222 2426 2285 invenimus,
2464 2223 2536 2276 ita
2585 2223 2748 2278 etiam
2776 2225 2920 2279 inter
2968 2227 3118 2282 istos.
3165 2227 3297 2283 Nam
3328 2232 3420 2300 qui

1835 2311 1991 2382 plane
2017 2311 2343 2380 baptismum
2371 2324 2749 2383 aspernantur,
2776 2315 3156 2374 sceleratiores
3182 2329 3308 2375 sunt
3333 2323 3419 2388 iis,

1834 2403 1925 2473 qui
1949 2404 2018 2459 ob
2046 2404 2254 2458 infinita
2282 2420 2343 2458 ac
2366 2406 2516 2460 irrita
2546 2407 2834 2473 desideria,
2856 2408 2939 2463 vel
2972 2410 3041 2464 ob
3077 2413 3405 2478 socordiam,

1834 2511 1863 2549 a
1901 2495 2168 2564 baptismo
2190 2497 2536 2566 suscipiendo
2578 2499 2944 2553 retardantur.
2980 2500 3158 2570 Atque
3187 2502 3241 2555 hi
3296 2518 3421 2557 rur-

1833 2603 1925 2642 sus
1958 2588 2011 2640 in
2044 2587 2275 2657 graviori
2301 2588 2529 2642 crimine
2555 2596 2700 2649 sunt,
2728 2604 2887 2658 quam
2917 2590 3013 2658 illi,
3037 2592 3128 2661 qui
3150 2608 3248 2661 per
3269 2593 3420 2662 igno-

1836 2680 2065 2732 rantiam
2101 2695 2164 2733 ac
2196 2680 2534 2751 tyrannidem
2566 2695 2593 2733 a
2630 2681 2900 2749 baptismo
2937 2685 3274 2738 exciderunt.
3307 2685 3415 2757 Ty-

1835 2769 2022 2823 rannis
2055 2769 2195 2823 enim
2221 2768 2350 2822 nihil
2389 2769 2534 2823 aliud
2567 2779 2670 2831 est,
2698 2785 2857 2839 quam
2900 2772 2977 2826 rei
3028 2772 3253 2842 alicujus
3283 2789 3420 2829 con-

1841 2862 2128 2928 sequendze
2190 2860 2470 2928 inopinato
2521 2871 2705 2930 erepta
2752 2860 3001 2917 facultas.
3055 2863 3133 2918 Ac
3179 2864 3418 2921 futurum

1839 2949 2114 3012 existimo,
2145 2961 2204 3003 ιιι
2231 2949 2389 3019 pritni
2424 2951 2663 3019 quidem,
2712 2967 2833 3006 cum
2872 2953 3100 3009 aliorum
3135 2957 3419 3025 scelerum,

1846 3052 1958 3097 tum
1982 3043 2145 3096 etiam
2181 3042 2429 3111 baptismi
2459 3044 2748 3113 contempti
2777 3059 2965 3112 pmnas
2990 3046 3177 3103 luant:
3215 3048 3418 3103 aliiau-

1844 3142 1949 3187 tem
1981 3146 2169 3202 pcenas
2202 3133 2444 3201 quidem,
2473 3131 2702 3187 leviores
2730 3141 2906 3188 tamen
2957 3136 3213 3204 pendant,
3241 3137 3418 3207 utqui

1838 3240 1944 3279 non
1969 3233 2075 3277 tam
2106 3216 2268 3277 animi
2294 3225 2579 3292 pravitate,
2610 3239 2769 3292 quam
2798 3226 3049 3288 stultitia,
3072 3242 3100 3279 a
3146 3226 3418 3296 baptismo

1839 3316 2187 3371 aberrarint:
2241 3316 2498 3383 postremi
2534 3317 2786 3386 denique,
2820 3332 2922 3371 nec
2974 3318 3180 3372 caelesti
3224 3319 3417 3388 gloria,

1840 3422 1939 3462 nec
1966 3407 2244 3477 suppliciis
2278 3423 2306 3460 a
2332 3408 2480 3476 justo
2497 3408 2677 3478 judice
2726 3407 3046 3475 afﬁciantur,
3092 3420 3293 3483 'utpote
3325 3410 3421 3481 qui

1835 3499 1960 3552 licet
1985 3498 2178 3567 signati
2204 3512 2309 3551 non
2343 3497 2560 3563 fuerint,
2599 3499 2940 3568 improbitate
2963 3510 3139 3554 tamen
3171 3512 3422 3564 careant,

1841 3597 2003 3657 atque
2038 3588 2463 3656 ltancjacturam
2501 3586 2643 3655 passi
2672 3588 2849 3657 potius
2884 3587 3101 3652 fuerint,
3152 3606 3313 3660 quam
3346 3589 3426 3646 fa.

1845 3679 2037 3734 cerint.
2070 3676 2255 3746 Neque
2289 3677 2432 3730 enim
2470 3678 2718 3747 quisquis
2763 3679 2962 3745 dignus
3014 3682 3281 3750 supplicio
3315 3699 3421 3738 nou

1845 3779 1949 3835 est,
1977 3769 2219 3838 protinus
2242 3768 2501 3821 honorem
2528 3782 2742 3836 quoque
2769 3778 3007 3824 meretur
3030 3787 3044 3836 ;
3079 3773 3427 3840 quemadmo-

1844 3859 1970 3914 dum
1992 3873 2068 3913 ne
2105 3858 2350 3927 quisquis
2387 3857 2593 3912 honore
2619 3859 2872 3929 indignus
2902 3869 3004 3927 est,
3045 3863 3226 3916 statim
3256 3865 3420 3920 etiam

1844 3966 2058 4023 ptenam
2087 3959 2446 4020 promeretur.
2483 3949 2621 4017 Quin
2647 3952 2711 4004 ad
2763 3952 2908 4006 hunc
2956 3969 3169 4023 quoque
3204 3956 3421 4009 modum

1844 4058 1958 4099 rem
1989 4042 2255 4112 expende.
2291 4043 2346 4095 Si
2374 4057 2521 4108 eum,
2558 4042 2646 4111 qui
2685 4043 2866 4098 animo
2899 4053 3101 4099 tantum
3152 4054 3207 4100 et
3230 4045 3421 4100 volun-

1844 4231 1877 4284 6
1915 4157 2027 4231 (71)
2067 4156 2468 4228 Περιπέτειαν.
2500 4157 2702 4222 (51058.,
2765 4155 3094 4227 σύμπτωμα,
3133 4158 3251 4228 ἦτοι
3284 4157 3426 4231 σύμ-

1880 4247 2050 4284 ασμα.

1880 4247 2050 4298 ασμα.

1709 4332 1712 4341 ο
1767 4320 1815 4376 n
1915 4295 2028 4376 (ΖΞ)
2079 4298 2366 4376 Erras".
2395 4299 2528 4376 “.63-
2571 4299 2680 4376 δηλν
2706 4295 2968 4376 115.9096?-

1913 4367 2026 4438 (75)
2076 4367 2595 4439 :Axxna'torépwr.
2624 4367 2807 4439 οηι,
2842 4367 3243 4439 ἁπλουστέρων.
3359 4435 3363 4438 μ

1914 4433 2027 4512 (74)
2075 4433 2318 4495 Ἦττον.
2373 4433 2536 4495 Coisl.
2588 4439 2642 4504 1,
2688 4438 2905 4509 ἥττονα.
2950 4433 3127 4494 Οι·ιιι.’
3156 4438 3208 4504 1,
3257 4435 3425 4511 ἥσσο-

1841 4529 1928 4566 να.

1915 4580 2028 4647 (75)
2062 4578 2246 4648 Παρὰ.
2290 4578 2381 4634 Sic
2426 4593 2615 4636 omnes
2656 4578 2875 4647 optimae
2912 4585 3051 4632 nota:
3078 4577 3234 4634 codd.
3267 4578 3420 4637 Men-

1842 4652 1972 4708 dose
1988 4651 2051 4721 fin
2076 4650 2161 4703 ed.
2173 4688 2187 4711 ,
2214 4648 2361 4721 περί.

1942 4720 2028 4791 76)
2058 4716 2303 4791 Σκοπῶξ
2325 4718 2541 4791 ΟοιιιΙιν
2574 4719 2888 4791 σκοπῶμεν.

1888 4787 2030 4859 ,(77)
2074 4790 2135 4842 '0
2162 4788 2446 4857 θελήσας.
2464 4788 2565 4859 Sic
2592 4787 2978 4859 plures'lteggq
3011 4797 3241 4859 quatuor
3261 4787 3417 4844 Colb.

1842 4871 1898 4917 et
1924 4857 2017 4915 Or.
2038 4859 2087 4913 1.
2120 4860 2176 4914 In
2194 4863 2306 4922 ed.,
2329 4860 2358 4911 ὁ
2383 4857 2646 4929 ποθήσας.

1915 4932 2026 5002 (78)
2061 4929 2355 4985 Συνιδεῖν.
2394 4930 2448 5002 lu
2465 4926 2763 5002 nonnullis,
2790 4928 3067 5002 συνειδεῖν.

1914 4996 2027 5069 (79)
2061 5003 2273 5066 Πόθος.
2333 4997 2499 5069 Coisl.
2559 4997 2610 5058 1,
2671 4998 2782 5069 Jes.
2841 5008 2897 5069 et
2938 4996 3111 5069 Orion.
3177 4997 3418 5069 addunt:

1842 5066 1937 5125 κα).
1966 5066 2055 5123 διὰ
2075 5071 2233 5124 τοῦτο
2289 5067 2548 5139 νομίζεις,
2589 5068 2823 5139 καιδίχα
2848 5066 3223 5139 βαπτίσματος
3255 5067 3422 5139 ζήσε-

1845 5141 1989 5204 σθαι,
2024 5140 2250 5212 περιττὴ
2283 5137 2404 5212 λίαν
2439 5141 2472 5208 ή
2499 5138 2596 5209 τῆς
2620 5137 3113 5212 δόξηςάπόλαυσις·
3145 5137 3237 5191 καὶ
3253 5137 3319 5212 εί
3334 5137 3423 5191 διὰ

1843 5212 2019 5265 τοῦτο·
2057 5229 2076 5260 ι
2099 5205 2327 5279 eamque
2348 5209 2418 5264 ob
2442 5205 2883 5279 retu'arbitraris,
2920 5218 2991 5271 te,
3023 5209 3185 5260 etiam
3219 5205 3423 5279 absque

1842 5281 2133 5349 baptismo,
2173 5276 2336 5333 vitam
2361 5286 2799 5349 consecuturum,
2830 5276 3315 5349 frustraneavalde
3335 5276 3423 5331 est

1844 5345 2026 5422 gloriae
2047 5349 2571 5422 jllctllltlllaS.AQllOd
2603 5348 2647 5401 si
2689 5348 2890 5422 idcirco
2918 5347 2984 5400 de
3029 5345 3221 5422 gloria,
3259 5364 3278 5397 ι
3312 5355 3418 5401 etc.

1916 5414 2063 5490 (80)'
2099 5421 2192 5485 Τίς
2232 5435 2331 5474 σοι
2367 5417 2596 5490 βλάϐη,
2652 5416 2721 5472 τὸ
2741 5415 2849 5490 ⁸,μὴ
2885 5414 3126 5490 τυχεῖν.
3181 5414 3422 5490 Quatuor

1844 5483 2039 5561 Rc'ggI,
2102 5483 2379 5547 uti—decitur
2411 5483 2589 5546 Colb."
2620 5498 2679 5544 et
2731 5483 2847 5544 σι’(
2877 5486 2931 5554 1,
2975 5483 3038 5538 τι
3093 5501 3175 5539 σοι
3217 5484 3422 5556 μὴ.τυ-

1843 5578 1980 5617 νειν.
