3902 6218
268 264 381 321 393

1192 256 1450 311 ORATIO
1488 257 1604 311 XL.
1642 289 1712 298 —
1748 256 1815 311 1N
1857 253 2191 312 SANCTUM
2230 251 2595 308 BAPTISMA.

3408 262 3510 317 59$

335 373 465 428 KE’.
492 372 703 444 Βραδὺς
724 370 834 424 ῐσθι
858 369 993 442 πρὸς
1012 370 1373 442 κακουργίαν,
1398 363 1444 423 ὦ
1470 363 1648 434 οὗτος.
1671 373 1842 443 ταχὺς

2016 367 2181 423 XXV.
2216 368 2523 430 Enimvero,
2557 366 2603 420 si
2652 367 2779 421 mihi
2822 368 3226 424 auscultandum
3278 371 3514 439 putabis,

258 465 323 519 δὲ
358 465 499 537 πρὸς
535 464 833 534 σωτηρίαν,
866 463 990 533 ἐμοὶ
1029 462 1354 533 πειθόμενος
1375 478 1391 493 ο
1427 463 1541 518 ἴσον
1577 463 1686 535 γάρ
1723 466 1841 517 ἐστι

260 555 453 616 κακὸν,
502 554 787 625 ἑτοιμότης
827 570 889 605 τε
915 553 1052 624 πρὸς
1097 553 1160 607 τὸ
1200 556 1413 625 χεῖρον,
1452 555 1548 607 καὶ
1587 554 1845 625 μέλλησις

260 645 404 716 πρὸς
429 643 493 696 τὸ
522 642 753 713 βέλτιον.
802 643 929 696 Ἐὰν
954 645 1047 696 ἐπὶ
1072 642 1495 714 κῶμονκληθῇς
1515 685 1529 709 ,
1564 644 1640 715 μὴ
1676 643 1842 715 ταχύ-

259 752 363 809 νῃς
387 754 402 767 °
438 736 532 790 ἐὰν
577 737 664 789 ἐπ’
705 734 967 806 ἄρνησιν,
1001 735 1354 806 ἀποπήδησον
1377 751 1392 766 ·
1425 735 1520 790 ἐὰν
1562 735 1692 807 εἴπῃ
1733 736 1843 803 (91)

264 848 350 885 σοι
379 829 615 903 πονηρὸν
654 830 1054 901 ἐργαστήριονο
1113 828 1283 884 Ἑλθὲ
1317 829 1459 898 μεθ’
1491 827 1683 898 ἡμῶν,
1725 845 1847 881 κοι-

260 922 546 989 min-now
587 922 872 991 αἵματος,
908 922 1232 990 κρύψωμεν
1275 919 1344 973 δὲ
1384 923 1471 985 εἰς
1506 918 1625 988 γῆν
1659 918 1848 987 ἄνδρα

258 1014 504 1069 δίκαιον
529 1013 750 1079 ἀδίκως
776 1029 792 1044 ο
824 1013 963 1083 μηδέ
990 1013 1090 1077 τὰς
1119 1013 1292 1076 ἀκοὰς
1314 1012 1578 1083 ὑπόσχῃς.
1609 1011 1714 1065 Δύο
1739 1013 1846 1082 γὰρ

259 1106 334 1158 τὰ
367 1106 603 1176 μέγιστα
635 1104 921 1176 κερδανεῖς
940 1122 953 1135 ·
985 1104 1182 1175 ἐκείνῳ
1208 1121 1269 1158 τε
1305 1108 1563 1176 γνωριεῖς
1595 1104 1707 1174 (92)
1745 1104 1846 1174 τὴν

263 1190 562 1262 ἁμαρτίαν,
589 1188 683 1243 καὶ
709 1189 908 1243 σαυτὸν
932 1186 1245 1260 ἐξαιρήσεις
1268 1190 1513 1261 πονηρᾶς
1538 1188 1842 1251 κοινωνίας.

262 1284 365 1335 Ἂν
402 1281 460 1334 δέ
491 1298 573 1334 σοι
601 1280 737 1353 λέγῃ
779 1280 894 1351 (95)
927 1280 1093 1335 Δαϐὶδ
1130 1283 1160 1335 ὁ
1187 1281 1390 1353 μέγας·
1432 1281 1634 1348 Δεῦτε,
1660 1281 1848 1349 ἀταλ-

259 1374 610 1443 λιασώμεθα
658 1373 738 1439 τῷ
778 1371 1007 1443 Κυρίῳ·
1078 1373 1177 1428 ἐὰν
1245 1373 1302 1427 δὲ
1339 1374 1626 1444 προφήτης
1664 1372 1842 1436 ἄλλος’

259 1465 478 1529 Δεῦτε,
527 1461 842 1532 ἀναδῶμεν
885 1465 974 1529 εὶς
1019 1461 1086 1516 τὸ
1136 1461 1268 1530 ὅρος
1336 1462 1557 1529 Κυρίου
1578 1475 1591 1490 ·
1655 1461 1749 1513 ἐὰν
1788 1460 1846 1513 δὲ

263 1556 430 1618 αὐτὸς
484 1557 514 1609 ὁ
557 1555 750 1626 Σωτήρ
773 1572 789 1586 ο
829 1554 1006 1609 Δεῦτε
1047 1555 1200 1622 πρός
1237 1569 1346 1621 με,
1386 1554 1611 1619 πάντες
1650 1555 1704 1606 οἱ
1749 1568 1844 1605 κο⁸

261 1644 521 1712 πιῶντες
576 1644 677 1700 καὶ
740 1643 1204 1714 πεφορτισμένοι
1223 1681 1239 1705 ,
1291 1640 1454 1710 κὰγ-ὼ
1509 1640 1845 1696 ἀναπαύσω

1944 462 2010 515 ad
2041 460 2219 515 scelus
2246 459 2462 527 quidem
2493 467 2546 512 et
2573 458 2817 510 fraudcnt
2860 459 3044 513 tardus
3071 460 3202 525 eris,
3234 464 3380 516 celer
3421 478 3517 516 au-

1946 561 2053 607 tem
2102 552 2168 604 ad
2203 550 2459 604 salutem.
2492 548 2614 602 Pari
2644 548 2786 601 enim
2820 548 2871 602 in
2908 549 3036 603 vitio
3079 560 3222 619 sunt,
3251 553 3514 624 prompti.

1948 643 2074 697 tudo
2096 641 2161 695 ad
2190 641 2401 704 vilium,
2435 652 2489 695 et
2519 641 2774 709 segnities
2811 642 2878 695 ad
2929 643 3207 697 virtutem.
3238 643 3295 697 Si
3324 645 3390 699 ad
3418 659 3514 698 co-

1945 732 2323 787 messationem
2354 742 2579 787 vocatus
2605 732 2794 797 fueris,
2831 746 2900 786 ne
2920 731 3180 800 festines;
3210 734 3256 787 si
3290 735 3356 787 ad
3387 734 3514 789 fidei

1947 821 2370 888 abjurationem,
2424 820 2509 875 fac
2551 821 2738 885 pedem
2787 830 2932 876 retro
2956 821 3240 877 celerrime
3272 822 3515 889 referas;

1946 913 1991 966 si
2023 912 2114 966 tibi
2141 910 2526 981 ﬂagitiosorum
2556 927 2620 967 ac
2645 912 2978 981 perditorum
3008 913 3282 967 hominum
3315 915 3520 969 sodali-

1949 1006 2081 1057 tinm
2119 1004 2352 1058 dixerit:
2389 1003 2519 1057 Veni
2555 1004 2845 1067 nobiscum,
2872 1005 3131 1072 particeps
3154 1014 3264 1059 esto
3305 1007 3521 1075 sangui-

1948 1094 2052 1157 nis,
2080 1094 2249 1146 virum
2270 1091 2477 1161 justum
2508 1094 2703 1162 injuste
2731 1094 2788 1146 in
2825 1103 3019 1146 terram
3049 1093 3434 1148 abscondamus
3454 1093 3520 1160 ‘5;

1951 1200 2022 1239 ne
2053 1185 2276 1239 auribus
2306 1185 2522 1253 quidem
2554 1185 2652 1239 hos
2696 1199 2972 1240 sermones
3003 1187 3247 1239 admitte.
3283 1184 3358 1239 lla
3393 1186 3522 1240 duas

1953 1276 2219 1330 maximas
2251 1275 2513 1330 utilitates
2542 1276 2931 1345 consequeris;
2967 1291 3091 1330 nam
3123 1285 3176 1330 et
3202 1275 3307 1330 illis
3327 1291 3522 1344 pecca-

1947 1376 2060 1421 tum
2088 1382 2242 1423 suum
2297 1367 2579 1431 iudicabis,
2615 1375 2669 1422 et
2720 1368 2945 1436 teipsum
2983 1384 3013 1422 a
3062 1382 3223 1438 prava
3269 1369 3522 1424 societate

1946 1460 2170 1513 eximes.
2197 1460 2271 1512 At
2299 1459 2343 1512 si
2377 1460 2468 1513 tibi
2497 1474 2721 1528 magnus
2739 1458 2900 1513 David
2926 1458 3103 1514 dicat:
3128 1458 3330 1526 Venite,
3354 1462 3524 1515 exsul-

1948 1565 2116 1607 tcmus
2140 1553 2367 1609 Domino
2399 1555 2473 1620 “;
2517 1557 2561 1610 si
2591 1556 2727 1608 alius
2765 1555 3022 1622 propheta
3057 1573 3070 1609 :
3110 1555 3321 1621 Venite,
3345 1574 3523 1611 ascen-

1948 1646 2137 1699 damus
2167 1647 2223 1699 in
2246 1657 2471 1700 montem
2504 1647 2716 1700 Domini
2736 1648 2812 1715 ‘7;
2841 1648 2884 1701 si
2936 1648 3052 1717 ipse
3102 1648 3290 1704 salutis
3328 1659 3525 1705 nostra:

260 1737 424 1808 ὑμᾶς
443 1753 461 1768 ο
496 1738 552 1809 ἢ,
594 1736 956 1806 Ἐγείρεσθε,
998 1735 1234 1805 ἄγωμεν
1259 1734 1545 1789 ἐντεῦθεν
1564 1773 1579 1798 ,
1607 1732 1847 1803 λαμπροὶ

1963 1736 2143 1790 vindex
2171 1750 2185 1787 :
2230 1734 2414 1791 Venite
2443 1738 2511 1790 ad
2544 1753 2644 1797 me,
2683 1753 2860 1790 omnes
2890 1739 2981 1805 qui
3004 1737 3277 1802 laboratis,
3326 1748 3377 1793 et
3406 1756 3525 1794 one.

262 1828 535 1903 λαμπρῶς
564 1829 705 1900 ὑπὲρ
734 1828 890 1899 χιόνα
930 1826 1279 1898 λάμψαντες,
1310 1826 1453 1898 ὑπὲρ
1490 1825 1632 1894 γάλα
1668 1843 1847 1897 τυρω-

258 1922 473 1984 θέντες,
496 1919 637 1992 ὑπὲρ
665 1919 813 1973 λίθον
839 1918 1142 1990 σάπφειρον
1168 1915 1537 1986 αὐγασθέντες
1554 1933 1567 1947 ·
1596 1916 1671 1988 μὴ
1698 1920 1848 1972 ἀντι-

261 2010 571 2080 τείνωμεν,
620 2009 697 2079 μὴ
746 2007 1119 2080 βραδύνωμεν.
1158 2004 1451 2076 Γενώμεθα
1502 2005 1708 2075 Πέτρος
1750 2008 1845 2060 καὶ

262 2101 526 2171 Ἰωάννης
552 2115 566 2129 ·
588 2099 664 2163 ὡς
691 2099 785 2151 ἐπὶ
810 2099 902 2152 τὸν
935 2097 1107 2166 τάφον
1138 2098 1337 2148 ἐκεῖνοι
1362 2096 1457 2148 καὶ
1488 2096 1585 2167 τὴν
1612 2096 1850 2149 ἀνάστα-

266 2210 391 2257 σιν,
434 2192 610 2271 οὕτως
654 2191 749 2244 ἐπὶ
790 2190 851 2243 τὸ
890 2189 1115 2261 λουτρὸν
1153 2188 1266 2260 (94)
1310 2188 1467 2241 αὐτοὶ
1510 2187 1847 2257 σπεύδωμεν,

266 2285 694 2357 συντρέχοντες,
741 2283 1154 2354 ἁντιτρέχοντες
1176 2322 1192 2347 ,
1234 2280 1385 2343 ὅπως
1430 2278 1496 2332 ἂν
1541 2278 1603 2331 τὸ
1647 2277 1851 2346 ἀγαθὸν

267 2377 643 2449 προλάϐωμεν
680 2375 1096 2446 ἀγωνιζόμενοι.
1140 2373 1252 2426 Καὶ
1294 2371 1370 2443 μὴ
1405 2372 1603 2443 εἴπῃς,
1658 2369 1850 2424 Ἀπελ-

271 2468 387 2523 θὼν
419 2469 534 2538 (95)
572 2469 850 2538 ἐπάνηκε,
896 2465 990 2519 καὶ
1024 2462 1213 2535 αὒριον
1248 2461 1690 2534 βαπτισθήσομαι
1712 2501 1727 2525 ,
1760 2461 1852 2514 δυ-

265 2559 432 2622 νατὸς
476 2557 553 2611 ὢν
606 2559 847 2629 σήμερον
897 2552 957 2610 εὖ
1009 2554 1240 2608 παθεῖν’
1289 2553 1553 2625 παρέστω
1602 2571 1692 2625 μοι
1750 2556 1854 2624 μή·

263 2666 380 2720 τηρ
404 2647 538 2718 (96),
566 2647 824 2720 παρέστω
854 2664 945 2718 μοι
969 2645 1173 2717 πατὴρ,
1202 2643 1444 2714 ἀδελφοὶ,
1472 2643 1632 2715 γυνὴ,
1660 2644 1849 2708 τέκνα,

264 2739 453 2810 φίλοι,
487 2742 597 2794 πᾶν
626 2740 655 2793 ὅ
683 2738 735 2792 τι
784 2756 874 2810 μοι
908 2738 1110 2809 τίμιον,
1146 2737 1242 2790 καὶ
1274 2735 1575 2808 τηνικαῦτα
1608 2734 1851 2806 σωθήσο-

268 2850 407 2903 μαι·
443 2831 539 2886 νῦν
583 2832 643 2885 δὲ
688 2830 841 2885 οὔπω
888 2848 980 2901 μοι
1015 2830 1208 2901 καιρὸς
1249 2828 1667 2900 λαμπρύνεσθαι
1717 2828 1851 2899 (97).

264 2923 402 2988 Δέος
433 2922 566 2996 γὰρ,
603 2922 678 2994 μὴ
711 2923 1005 2985 κοινωνοὺς
1035 2920 1209 2992 λάϐῃς
1243 2919 1497 2985 πένθους,
1526 2917 1618 2983 οὓς
1652 2919 1856 2989 εὐφρο-

266 3015 440 3087 σύνης
480 3016 773 3078 κοινωνοὺς
802 3014 1057 3083 ἤλπισας.
1102 3012 1230 3067 Ἐάν
1258 3011 1359 3083 μὲν
1390 3010 1667 3082 παρῶσιν,
1715 3011 1855 3078 ἀγα-

1950 1829 2057 1881 rati
2086 1827 2207 1882 estis
2248 1841 2295 1881 et
2324 1845 2418 1897 ego
2449 1845 2536 1883 vos
2564 1828 2798 1897 reﬁciam
2830 1828 2905 1895 ¹⁸;
2942 1839 3053 1895 aut,
3107 1829 3340 1900 Surgite,
3380 1831 3526 1885 abeo.

1951 1934 2066 1972 mus
2089 1920 2211 1972 hinc
2241 1918 2306 1984 ",
2344 1920 2466 1974 nive
2518 1919 2847 1990 splendidius
2878 1919 3220 1989 eﬂ'ulgentes,
3275 1929 3330 1977 et
3366 1936 3527 1991 super

1951 2010 2037 2065 lac
2067 2010 2354 2080 coagulati,
2383 2022 2437 2065 et
2465 2026 2627 2080 super
2674 2011 2986 2081 sapphirum
3018 2012 3316 2067 collustrati
3349 2011 3426 2079 ";
3463 2028 3530 2067 no

1952 2101 2005 2154 in
2032 2103 2368 2157 contrarium
2394 2102 2649 2171 nitamur,
2677 2116 2745 2157 ne
2766 2118 2971 2157 moram
2998 2103 3283 2159 faciamus.
3308 2105 3529 2159 Petrum

1949 2203 2006 2246 et
2036 2192 2298 2249 Joannem
2347 2193 2696 2261 aemulemur;
2746 2195 2813 2247 ad
2865 2194 3215 2265 baptismum,
3250 2204 3307 2250 ut
3354 2196 3431 2251 illi
3461 2196 3531 2250 ad

1951 2284 2257 2353 sepulcrum
2288 2286 2334 2316 ⁸¹
2364 2295 2420 2342 et
2470 2287 2945 2352 resurrectionem,
2984 2289 3129 2342 omni
3182 2288 3532 2345 festinatione

1952 2389 2322 2445 properemus,
2349 2377 2506 2432 simul
2555 2387 2857 2442 currentes,
2922 2380 3170 2433 certatim
3220 2390 3529 2447 currentes,

1953 2468 2101 2521 Omni
2135 2469 2483 2522 contentione
2513 2468 2566 2521 in
2594 2469 2647 2522 id
2687 2468 3080 2543 incumbentes,
3111 2480 3170 2525 ut
3194 2472 3300 2525 hoc
3330 2472 3529 2526 bonum

1954 2557 2165 2627 priores
2199 2574 2540 2628 occupemus.
2581 2558 2660 2613 Ne
2693 2560 2896 2615 dixeris
2922 2579 2936 2615 :
2964 2562 3065 2615 Abi
3089 2571 3142 2617 et.
3161 2563 3295 2625 redi,
3324 2573 3378 2616 et
3410 2579 3531 2617 eras

1956 2648 2291 2717 baptizabor,
2327 2664 2447 2703 cum
2480 2648 2637 2703 hodie
2682 2650 2943 2705 beneficio
2972 2649 3107 2705 allici
3156 2666 3340 2720 queas.
3380 2652 3535 2705 Adsit

1957 2739 2089 2793 mihi
2120 2750 2313 2806 mater,
2347 2741 2485 2795 adsit
2522 2740 2655 2795 mihi
2682 2752 2867 2809 pater,
2900 2741 3128 2807 fratres,
3153 2757 3317 2809 uxor,
3345 2743 3531 2807 liberi,

1957 2832 2136 2895 amici,
2163 2841 2327 2901 atque
2346 2846 2536 2886 omnes
2561 2847 2698 2901 quos
2728 2832 2925 2887 charos
2958 2833 3152 2897 haben,
3179 2844 3232 2887 et
3256 2842 3367 2887 tum
3389 2834 3534 2888 salu-

1960 2935 2066 2978 tem
2100 2923 2363 2992 accipiam
2397 2941 2411 2976 :
2448 2938 2591 2977 nunc
2617 2931 2796 2977 autem
2842 2923 3078 2977 nondum
3118 2923 3248 2978 mihi
3291 2924 3533 2994 splendi-

1959 3018 2084 3070 dum
2113 3015 2230 3069 fieri
2256 3023 2433 3068 vacat.
2470 3012 2773 3069 Verendum
2804 3014 2949 3069 enim
2975 3023 3077 3079 est,
3114 3030 3181 3069 ne
3219 3014 3396 3070 luctus
3444 3028 3535 3070 so-

266 3105 506 3176 ιιτητιξον⁸
542 3103 639 3159 ἐὰν
670 3103 727 3157 δὲ
757 3104 942 3157 άπῶσι
978 3101 1113 3174 (98),
1153 3101 1229 3173 μὴ
1262 3101 1584 3172 ἁναμείνῃς.
1619 3100 1850 3171 Αἰσχρὸν

1963 3107 2069 3162 eios
2093 3106 2350 3175 accipias,
2381 3120 2519 3175 quos
2544 3115 2595 3160 te
2624 3105 2821 3160 laetitiae
2851 3107 3025 3161 socios
3056 3106 3362 3160 habiturum
3414 3121 3538 3175 spe-

265 3195 384 3267 γὰρ
432 3194 544 3264 (99)
601 3195 810 3248 εἰπεῖν·
861 3192 973 3248 Ποῦ
1025 3193 1084 3247 δέ
1139 3188 1238 3261 μοι’
1282 3191 1343 3245 τὸ
1402 3190 1856 3263 καρποφορούμε-

266 3304 363 3342 νον
395 3287 490 3340 em
517 3286 597 3358 τῷ
633 3285 974 3357 βαπτίσματι
1002 3284 1116 3357 (1);
1146 3284 1257 3338 Ποῦ
1290 3282 1349 3336 δὲ
1374 3285 1407 3353 ἡ
1444 3281 1745 3352 ἐμφώτειος
1779 3281 1856 3353 (2)

265 3377 470 3449 ἐσθὴς,
560 3374 1097 3448 λαμπρυνθήσομαι;
1130 3373 1240 3426 Ποῦ
1273 3372 1330 3425 δὲ
1355 3371 1424 3424 τὰ
1450 3370 1586 3442 πρὸς
1612 3369 1857 3434 δεξίωσιν

267 3468 386 3522 τῶν
421 3468 572 3540 ἐμῶν
618 3467 954 3538 βαπιστῶν,
986 3466 1073 3519 ἵνα
1104 3465 1208 3518 κὰν
1237 3463 1447 3525 τούτοις
1480 3461 1854 3533 εὐδοκιμήσω;

270 3559 428 3613 Πάνυ
460 3558 592 3632 γὰρ,
621 3557 697 3621 ὡς
725 3559 880 3628 ὁρᾷς,
909 3556 1027 3609 ὲστὶ
1054 3554 1226 3608 ταῦτα
1248 3553 1358 3607 τῶν
1387 3552 1722 3621 ἀναγκαίων,
1762 3551 1858 3605 καὶ

270 3652 428 3723 παρὰ
459 3650 539 3722 (5)
569 3650 731 3704 τοῦτο
767 3652 800 3721 ή
832 3650 992 3721 χάρις
1034 3645 1490 3718 ἐλαττωθήσεται.
1523 3646 1617 3715 Μὴ
1667 3662 1858 3716 μικρο-

270 3742 436 3812 λογοῦ
463 3742 541 3815 (4)
570 3743 697 3814 περὶ
725 3742 792 3796 τὰ
830 3739 1071 3812 μεγάλα⁶
1111 3737 1279 3809 μηδὲν
1301 3737 1527 3807 ἀγεννὲς
1548 3738 1624 3807 (5)
1656 3737 1853 3808 πάθῃς.

271 3835 481 3900 Μεῖζον
514 3834 622 3888 τῶν
660 3833 958 3906 ὁρωμένων
1000 3832 1118 3884 ἐστὶ
1156 3830 1218 3883 τὸ
1265 3829 1566 3900 μυστήριον
1591 3845 1604 3861 ο
1661 3828 1857 3882 σαυτὸν

270 3927 699 3999 καρποφόρησον
717 3942 731 3957 ο
754 3924 991 3995 Χριστὸν
1016 3922 1252 3989 ἔνδυσαι,
1276 3920 1475 3992 θρέψον
1499 3937 1567 3991 με
1590 3918 1856 3989 πολιτείᾳ·

272 4017 455 4082 οὕτως
487 4017 599 4088 ἐγὼ
624 4018 801 4089 χαίρω
836 4013 1326 4087 φιλοφρονούμενος
1345 4028 1357 4040 ·
1394 4011 1537 4065 οὓτω
1564 4012 1658 4064 καὶ
1701 4010 1854 4074 Θεὸς,

266 4112 305 4164 ὁ
354 4109 425 4163 τὰ
467 4109 706 4181 μέγιστα
741 4106 1122 4180 χαριζόμενος.
1159 4103 1326 4156 Οὐδὲν
1359 4101 1436 4172 τῷ
1475 4101 1595 4171 Θεῷ
1630 4101 1789 4172 μέγα,
1829 4102 1858 4155 ὃ

275 4200 358 4273 μὴ
389 4201 486 4255 καὶ
516 4200 687 4269 πένης
716 4199 960 4263 δίδωσιν,
997 4198 1085 4250 ἴνα
1123 4195 1199 4267 μὴ
1242 4192 1524 4249 κάνταῦθα
1555 4194 1856 4264 παρωθῶν·

273 4309 370 4348 ται
397 4292 475 4364 (ϐ)
502 4294 552 4346 οἱ
582 4292 847 4363 πένητες·
880 4292 942 4344 οὐ
969 4291 1079 4360 γὰρ
1108 4287 1344 4358 ἔχουσιν,
1376 4287 1524 4349 ὅπως
1547 4289 1660 4350 τοῖς
1693 4286 1857 4340 πλου-

272 4383 419 4447 σίοις
461 4382 861 4454 ἁμιλληθῶσιν.
919 4382 1005 4434 Ἐν
1049 4379 1231 4443 ἄλλοις
1276 4379 1458 4450 μὲν,ή
1501 4379 1736 4449 διαφοοὰ
1760 4380 1854 4433 τοῦ

1961 3213 2204 3252 raveras.
2236 3196 2624 3263 Quamobrem,
2654 3197 2698 3251 si
2727 3197 2942 3266 quidem
2969 3198 3171 3262 adsint,
3202 3197 3424 3266 pulchre
3451 3207 3535 3252 te-

1957 3306 2082 3344 cum
2111 3290 2193 3358 agi
2225 3298 2351 3358 puta
2373 3276 2519 3354 ;'sin
2549 3298 2733 3343 autem
2764 3288 2964 3353 absint,
3019 3302 3085 3342 ne
3115 3304 3208 3343 eos
3230 3296 3534 3357 exspectes.

1960 3381 2137 3451 Turpe
2167 3390 2250 3436 est
2280 3382 2422 3435 enim
2457 3380 2638 3435 dicere
2670 3398 2683 3434 :
2712 3379 2814 3435 Ubi
2865 3389 2947 3433 est
2972 3395 3188 3446 munus,
3212 3381 3355 3448 quod
3409 3394 3536 3449 pro-

1957 3485 2077 3542 pter
2095 3475 2416 3542 baptismum
2439 3473 2660 3528 oli‘eram
2688 3472 2880 3543 i711
2912 3471 3013 3529 Ubi
3043 3473 3321 3542 splendida
3346 3477 3535 3533 vestis.

1959 3567 2014 3619 in
2071 3579 2179 3634 qua
2221 3563 2701 3634 exsplendescam?
2742 3564 2839 3620 Ubi
2878 3578 2964 3628 ea,
2997 3578 3115 3632 qua:
3137 3563 3204 3617 ad
3232 3561 3540 3617 initiatores

1957 3671 2111 3710 meos
2159 3656 2503 3723 excipiendos
2540 3655 2908 3723 requiruntur,
2966 3653 3106 3707 utin
3164 3653 3250 3707 his
3316 3667 3537 3722 quoque

1959 3747 2122 3799 rebus
2151 3746 2385 3799 nominis
2418 3744 2787 3800 celebritatem
2816 3743 3154 3812 consequar?
3183 3742 3351 3798 Valde
3370 3745 3537 3807 enim,

1961 3837 2036 3891 uti
2065 3836 2234 3901 vides,
2262 3837 2377 3891 haec
2405 3838 2713 3892 necessaria
2766 3846 2927 3902 sunt;
2962 3852 3024 3891 ac
3054 3845 3337 3905 propterea
3363 3836 3538 3903 gratia

1959 3927 2323 3983 imminuetur.
2358 3928 2438 3985 Ne
2466 3929 2518 3983 in
2542 3929 2750 3998 magnis
2775 3930 2934 3983 rebus
2956 3928 3162 3982 minuta
3204 3937 3264 3982 et
3313 3927 3538 3981 levicula

1959 4017 2013 4072 in
2038 4020 2299 4075 rationem
2330 4021 2514 4075 mittas
2549 4040 2564 4075 :
2597 4036 2663 4075 ne
2682 4020 3083 4090 turpialiquuet
3113 4017 3323 4088 abiecto
3346 4017 3540 4072 aﬂ‘ectn

1962 4119 2014 4164 te
2041 4110 2162 4166 duci
2199 4112 2441 4182 patiaris.
2479 4112 2626 4167 lstud
2661 4111 2979 4182 mysterium
3027 4110 3310 4165 sublimius
3341 4119 3423 4163 est
3455 4124 3541 4162 ιθ-

1961 4201 2061 4255 bus
2095 4201 2183 4268 iis,
2232 4218 2354 4272 quae
2402 4204 2454 4258 in
2490 4203 2770 4259 oculorum
2805 4211 3086 4271 aspectum
3115 4202 3335 4257 cadunt.
3376 4199 3543 4270 Teipo

1960 4305 2077 4346 Sum
2106 4292 2262 4356 offer,
2288 4293 2562 4349 Christum
2598 4296 2779 4360 indue,
2811 4295 3033 4348 honesta
3063 4302 3117 4346 et
3143 4292 3400 4347 laudabili
3432 4293 3542 4345 vita

1963 4400 2048 4438 me
2077 4385 2161 4439 ale
2195 4403 2210 4440 :
2247 4388 2328 4441 sic
2356 4402 2454 4456 ego
2475 4389 2648 4456 excipi
2681 4388 2862 4451 laetor;
2897 4386 2976 4440 sic
3026 4387 3187 4438 etiam
3223 4386 3380 4448 Deus,
3447 4385 3541 4453 qui

348 4520 394 4552 "‘
414 4518 569 4574 Prov.
594 4519 742 4586 I,H.
819 4518 864 4549 ¹⁸
882 4517 1023 4571 Psal.
1048 4532 1191 4579 xcrv,
1217 4515 1270 4571 1.
1321 4512 1543 4568 "Mich.
1578 4527 1650 4579 IV,
1674 4512 1729 4568 2.
1770 4513 2224 4582 mMattli.:u,28.
2263 4517 2473 4573 “’Joan.
2512 4535 2624 4586 xw,
2658 4519 2746 4573 5i.
2810 4518 3165 4583 "Thren.iv,
3200 4517 3252 4571 7.
3306 4519 3349 4549 ’ί
3381 4516 3536 4573 Joan.

270 4605 372 4657 xx,
404 4589 457 4644 ὅ.

346 4703 460 4775 (9|)
512 4705 654 4760 Ἐὰν
677 4702 960 4775 εζπῃεοτ.
992 4703 1041 4766 1,
1081 4701 1176 4775 ἐὰν
1209 4701 1374 4755 είποι.

493 4771 887 4843 Γνωριεῑς.’1ιι
930 4774 1218 4833 nonnullis,
1255 4771 1567 4842 γνωρίσεις,
1604 4780 1681 4836 et,
1722 4786 1862 4836 γνω⁶

374 4862 474 4903 εις.

268 4846 474 4907 ρίζεις.

274 4863 474 4917 ριςεις.

352 4917 466 4985 (95)
515 4914 698 4985 Λέγῃ.
730 4913 863 4980 Reg.
891 4913 983 4985 ph,
1014 4911 1188 4981 λέγει.

350 4977 465 5057 (ξιξ)
503 4983 573 5057 Τὸ
592 4977 874 5057 Jama}.
893 4977 998 5057 Sic
1029 4977 1266 5053 quinque
1287 4980 1474 5051 Regg.,
1503 4979 1680 5049 plures
1710 4977 1860 5033 Colh.

273 5052 389 5112 etc.
423 5052 479 5107 In
506 5055 614 5118 ed.,
641 5053 730 5106 τὸν
754 5053 998 5124 λουτρόν.

375 5124 467 5192 95)
537 5116 849 5177 Ἀπελθών.
884 5116 991 5177 Sex
1011 5121 1176 5191 Regg.
1203 5131 1256 5175 et
1283 5120 1498 5187 Comb.,
1530 5116 1862 5172 ἐπανελθών.

376 5194 468 5262 96)
534 5193 761 5260 Μήτηρ.
788 5193 844 5245 lu
872 5195 1213 5260 quibusdam,
1242 5192 1442 5262 πατήρ.

278 5257 469 5389 0-(97)
508 5257 987 5332 Λαμπρύνεσθαι.
1021 5263 1112 5317 Sic
1145 5263 1299 5316 codd.
1345 5257 1404 5313 In
1437 5258 1546 5323 ed.,
1579 5257 1865 5331 λαμπρυν-

319 5352 469 5389 mai.

358 5352 469 5387 ναι.

319 5353 469 5405 ηναι.

356 5406 469 5475 (98)
531 5402 895 5475 Ἀγαπηζέον
957 5400 1066 5455 ἐὰν
1119 5400 1187 5475 δέ
1216 5399 1456 5475 σπῶσι.
1490 5398 1582 5452 Sic
1627 5398 1868 5475 quinque

280 5466 480 5543 ﬂe'ggI,
527 5466 941 5543 deéemJColb”
993 5475 1095 5526 duo
1135 5470 1324 5543 Coisl.,
1368 5469 1504 5543 fles"
1537 5466 1867 5543 ett-{Graeca

278 5536 615 5600 hsce'desunt
643 5559 698 5597 tn
724 5541 847 5597 Par.
879 5545 965 5597 ed.
1030 5541 1277 5595 ouamvis
1303 5556 1334 5594 a
1363 5539 1515 5594 Btllio
1542 5536 1732 5591 Latine
1754 5537 1870 5590 red-

278 5618 756 5755 δ’ίςιεμισκρδν
781 5680 911 5750 γάρ.
948 5678 1039 5734 είς
1414 5677 1614 5748 nmque

547 5774 820 5835 PATIIOL.
862 5774 979 5836 Gn.
1026 5770 1327 5832 XXXVI.

1891 4703 1937 4758 D
1967 4699 2126 4754 Deest
2150 4695 2256 4767 γάρ
2282 4696 2336 4767 in
2364 4696 2450 4749 ed.

2038 4767 2114 4837 (Ι)
2144 4764 2538 4833 Βάπτισματι.
2560 4764 2805 4834 Quinque
2840 4766 3030 4835 chg.,
3061 4766 3166 4818 duo
3194 4765 3383 4827 Coisl.,
3403 4777 3536 4830 etc.,

1970 4837 2302 4905 φωτίσματι,
2343 4854 2361 4905 ι
2406 4838 2809 4905 illntninatioui.
2841 4855 2859 4886 ›

2036 4906 2113 4978 (ἓ)
2145 4903 2270 4959 Ποῦ
2294 4904 2362 4958 δὲ
2473 4903 2957 4978 ἑμφώτειοςηβίο
3002 4905 3178 4978 Βελιςεξ.⁸
3205 4906 3314 4969 but,
3339 4908 3428 4978 ‘ph
3485 4915 3539 4959 et

1963 4974 2154 5030 Coin’h.
2187 4978 2347 5029 Deest
2376 4976 2483 5045 ήίη
2504 4974 2596 5030 ὀύ.
2632 4985 2685 5029 et
2711 4977 2762 5028 in
2789 4975 2908 5045 aliis
2942 4974 3232 5037 nonnullis,
3261 4975 3535 5043 quietiam

1965 5062 2061 5115 pro
2088 5044 2621 5115 ἐμφώτειοςιωῡεηι
2651 5044 2962 5115 ὲμφὼτεος,
2997 5064 3016 5097 ι
3055 5045 3219 5099 vestis
3251 5046 3530 5107 candida,»

1968 5114 2021 5171 id
2053 5114 2156 5179 est,
2194 5135 2211 5165 ι
2244 5114 2604 5184 Baptismalis.
2644 5132 2662 5165 ι

2038 5186 2116 5254 (ὅ)
2142 5184 2252 5238 Καὶ
2278 5181 2470 5254 παρά.
2493 5186 2584 5240 Sic
2614 5184 2792 5253 plures
2832 5184 2997 5253 Begg.
3026 5193 3081 5254 et
3102 5181 3532 5250 Colh.,Coile,

1971 5255 2175 5326 Paget
2209 5257 2395 5310 Gomb.
2418 5253 2677 5326 (MGIIUOse
2710 5254 2760 5326 iit
2795 5257 2905 5319 ed.,
2928 5253 3077 5326 περί.

2045 5324 2121 5394 (4)
2161 5325 2556 5393 Μικρολόγου.
2593 5326 2681 5394 Sic
2713 5323 2882 5394 Bcgg.
2924 5321 3034 5388 bni,
3090 5323 3182 5394 ph,
3231 5326 3335 5377 duo
3372 5321 3541 5377 Coisl.

1972 5404 2026 5449 et
2049 5393 2235 5464 COInb.
2272 5397 2326 5446 In
2354 5396 2465 5464 ed.,
2499 5393 2830 5464 μικρολόγει.

2047 5463 2125 5533 (5)
2160 5462 2457 5533 Ἀγεννές.
2491 5462 2543 5516 lu
2571 5462 2911 5533 (Quibusdam,
2942 5463 3159 5531 ἁγενές.

2049 5528 2124 5603 (ti)
2163 5528 2568 5603 Παρωθῶινται.
2589 5531 2679 5586 Sic
2698 5534 2933 5603 quinque
2953 5528 3141 5600 li‘egg"
3174 5532 3351 5602 plures
3369 5528 3545 5590 Colh.,

1977 5601 2225 5726 55551.1,
2271 5601 2403 5671 Jes.,
2449 5604 2660 5668 Comh.,
2731 5612 2835 5657 etc.
2890 5602 3059 5658 l’rave
3096 5601 3316 5664 incd.,
3373 5616 3551 5670 παρα-

2012 5689 2193 5726 ωνται.

2012 5690 2153 5727 ωντα
2161 5689 2193 5727 ι.

3169 5762 3246 5822 13
