3902 6218
379 228 509 301 σοῦ’
1580 233 1637 288 s.
1678 230 2006 288 eaEGomt
2049 228 2394 285 THEOLOGI
3521 227 3629 284 596

385 350 615 408 maxima
641 362 865 417 qua-que
885 344 1141 401 beneficia
1168 344 1320 398 nobis
1345 341 1620 413 elargitur.
1649 341 1789 396 Nihil
1812 344 1949 410 apud

2066 339 2304 393 πλουτεῖν
2331 340 2425 393 καὶ
2450 339 2544 393 τοῦ
2581 338 2839 394 πένεσθαι
2863 355 2875 370 ·
2906 339 3140 394 ἐνταῦθα
3171 339 3228 393 δὲ
3248 378 3262 405 ,
3292 339 3319 391 6
3347 339 3633 411 προθυμό-

387 442 555 495 Deum
594 452 848 508 magnum
887 446 995 499 est,
1027 436 1167 504 quod
1203 449 1307 487 non
1348 447 1550 502 pauper
1593 447 1808 502 quoque
1856 433 1951 486 do-

2066 447 2211 502 ιερος
2230 470 2244 494 ,
2281 430 2697 502 πλουσιώτερος.

388 546 522 586 nare
555 528 743 599 possit,
769 536 829 580 ut
857 542 923 581 ne
955 526 1055 581 hac
1107 538 1326 594 quoque
1384 524 1438 577 in
1478 538 1540 578 re
1607 523 1875 577 tenuiores
1930 521 2339 592 propellantur;
2404 536 2526 576 cum
2581 521 2844 590 siquidem
2899 536 3001 576 non
3062 520 3315 586 habeant,
3362 521 3638 588 quomodo

388 636 510 679 cum
542 617 898 688 locupletibus
932 626 1157 671 certem.
1186 614 1397 669 Etenim
1421 613 1474 667 in
1505 613 1715 668 caeteris
1742 612 1958 682 quidem
2001 613 2162 668 rebus
2206 613 2345 667 inter
2403 610 2618 666 divitias
2669 619 2724 664 et
2778 618 3146 680 paupertatem
3198 610 3425 665 interest
3469 625 3484 662 :
3543 612 3636 665 hic

388 719 588 776 autem,
619 710 710 780 qui
748 707 1043 777 promptior
1072 715 1234 774 atque
1255 704 1485 758 alacrior
1505 713 1610 767 est,
1635 704 1774 758 idem
1806 716 2019 770 quoque
2054 701 2220 770 ditior
2250 701 2448 756 evadit.

460 800 648 857 XXVI.
696 799 837 853 Nihil
880 811 1221 868 progressum
1275 805 1421 849 tuum
1469 795 1710 849 inhibeat
1761 812 1776 848 :
1826 793 1959 849 nihil

2126 796 2270 862 KQ".
2303 793 2484 865 Μηδὲν
2514 793 2759 863 ὲπεχέτω
2791 809 2847 845 σε
2876 791 2972 846 τοῦ
2996 791 3201 863 πρόσωο
3244 790 3408 861 μηδὲν
3436 790 3657 844 ἀνθελο·

392 893 553 948 animi
579 892 909 947 alacritatem
941 888 1219 956 reprimat.
1267 885 1513 953 Quandiu
1545 886 1838 940 vehemens
1875 893 1960 940 est

2066 887 2198 941 κέτω
2228 904 2322 940 σου
2362 886 2461 956 τὴν
2494 884 2821 957 προθυμίαν.
2845 883 2991 946 Ἕως
3025 881 3253 952 σφοδρὸς
3271 882 3300 934 ὁ
3322 880 3507 945 πόθος,
3540 881 3639 934 λα-

396 981 745 1042 desiderium,
772 979 823 1031 id
843 976 982 1046 quod
1008 975 1285 1030 desideras
1307 976 1507 1043 arripe.
1546 972 1791 1041 Quandiu
1820 975 1962 1031 calet

2066 978 2149 1032 5οὖ
2173 976 2265 1032 τοῦ
2290 976 2643 1048 ποθουμένουο
2673 975 2777 1037 ἕως
2799 972 3000 1046 θερμὸς
3019 973 3047 1025 6
3078 972 3315 1043 σίδηρος,
3338 971 3416 1042 τῷ
3441 970 3643 1044 ψυχρῷ

393 1074 616 1140 ferrum,
648 1071 838 1141 frigida
871 1070 1184 1132 obduretur,
1220 1082 1288 1122 ne
1328 1068 1456 1137 quid
1496 1066 1710 1121 interim
1751 1066 1961 1122 accidat

2066 1070 2411 1142 στομωθήτω,
2459 1069 2533 1141 μή
2590 1085 2644 1121 τι
2683 1065 3016 1138 παρεμπέσῃ
3062 1064 3246 1135 μέσον,
3277 1064 3371 1118 καὶ
3403 1064 3639 1135 διακόψῃ

393 1164 534 1236 quod
566 1163 729 1217 animi
765 1161 1116 1230 cupiditatem
1167 1157 1444 1225 infringat.
1489 1156 1766 1226 Philippus
1807 1171 1957 1220 sum;

2066 1163 2148 1216 τὸν
2177 1162 2359 1216 πόθον.
2393 1160 2658 1223 Φίλιππός
2680 1161 2814 1228 εἰμι·
2852 1155 3011 1227 γενοῦ
3048 1156 3123 1227 (7)
3154 1156 3462 1226 Κανδάκης.
3500 1156 3643 1209 Είπὲ

390 1264 508 1311 esto
535 1255 829 1309 Candaces.
869 1252 963 1306 Dic
1017 1250 1130 1319 ipse
1159 1238 1426 1318 'quoque:
1456 1246 1592 1300 Ecce
1640 1263 1800 1316 aqua,
1830 1247 1958 1317 quid

2066 1255 2155 1307 καὶ
2191 1254 2372 1317 αὐτός·
2413 1252 2570 1306 Ἰδοὺ
2607 1251 2673 1305 τὸ
2718 1250 2896 1318 ὕδωρ·
2930 1249 2988 1302 τι
3043 1248 3259 1301 κωλύει
3313 1263 3390 1316 με
3420 1247 3645 1311 βαπτι-

390 1362 473 1400 me
503 1345 734 1415 prohibet
765 1341 1077 1410 baptizari“
1101 1339 1421 1408 7Temporis
1450 1338 1788 1393 occasionem
1821 1337 1959 1391 arri-

391 1452 484 1506 pe:
514 1437 583 1491 ob
620 1438 816 1491 bonum
844 1433 1079 1487 laetitiam
1105 1432 1329 1501 concipe
1357 1445 1373 1486 :
1404 1440 1566 1500 atque
1588 1431 1702 1485 haec
1727 1431 1959 1494 locutus,

389 1530 696 1598 baptizare;
730 1527 1055 1597 baptizatus,
1102 1524 1328 1579 salutem
1371 1522 1582 1591 accipe;
1616 1532 1669 1575 et
1714 1520 1964 1590 quamvis

390 1634 615 1689 corpore
654 1617 907 1687 ΔΕιιιίορε
942 1615 1042 1679 sis,
1066 1615 1246 1669 animo
1274 1612 1541 1668 dealbare.
1569 1611 1806 1666 Salutem
1833 1627 1961 1667 con-

391 1726 636 1782 sequere,
674 1724 779 1779 qua
829 1707 961 1763 nihil
1015 1706 1299 1761 sublimius
1346 1706 1798 1774 praestantiusque
1856 1713 1959 1770 est,

395 1802 535 1872 apud
574 1815 665 1856 eos
717 1810 883 1864 certe,
907 1799 1000 1868 qui
1040 1806 1223 1852 mente
1245 1794 1455 1867 praediti
1483 1804 1629 1849 sunt.
1660 1794 1741 1848 Ne
1768 1794 1916 1850 dicas
1946 1810 1961 1847 :

393 1891 641 1962 Baptizet
700 1905 785 1944 me
844 1889 1147 1957 episcopus,
1191 1894 1351 1955 atque
1400 1889 1447 1940 is
1497 1883 1964 1952 metropolitanus,

392 1992 486 2037 aut
520 1980 1004 2050 Jerosolymitanus
1036 1975 1165 2050 (non
1197 1977 1342 2031 enim
1387 1975 1627 2030 locorum
1654 1983 1741 2029 est
1765 1973 1963 2044 gratia,

393 2073 490 2128 sed
524 2069 781 2142 Spiritus)
807 2086 823 2134 ;
854 2067 1206 2138 isque~etiam
1231 2065 1303 2121 sit
1332 2064 1482 2120 claro
1503 2073 1558 2119 et
1586 2063 1749 2119 nobili
1768 2076 1967 2133 genere

393 2174 574 2228 ortus;
628 2175 790 2232 grave
816 2160 961 2215 enim
1000 2157 1184 2222 fuerit,
1233 2154 1499 2210 nobilitati
1544 2167 1676 2208 meae
1726 2153 1796 2209 ob
1828 2154 1964 2224 eius,

392 2258 483 2326 qui
525 2254 791 2325 baptizat,
832 2250 1241 2313 obscuritatem,
1280 2247 1455 2301 labem
1500 2261 1564 2300 ac
1603 2247 1837 2300 dedecus
1886 2247 1967 2299 in-

394 2346 556 2410 ferri;
588 2355 700 2407 aut,
736 2345 779 2397 si
817 2341 1121 2412 presbyter,
1156 2339 1346 2395 saltem
1392 2337 1484 2407 qui
1530 2335 1726 2392 caelebs
1754 2336 1846 2401 sit,
1874 2336 1964 2406 qui

392 2439 739 2492 continentia:
789 2434 947 2488 laude
985 2443 1149 2500 atque
1199 2429 1442 2501 angelica
1491 2429 1705 2482 vivendi
1751 2429 1965 2485 ratione

394 2528 621 2595 ﬂoreat;
661 2540 827 2595 grave
860 2520 1003 2580 enim
1041 2523 1226 2586 fuerit,
1254 2522 1300 2576 si
1327 2522 1378 2574 in
1406 2519 1742 2590 purgationis
1763 2529 1967 2589 tempo-

394 2634 453 2674 re
480 2617 690 2672 inﬁciar
714 2624 878 2685 atque
917 2612 1303 2670 commaculer.
1339 2610 1415 2666 Ne
1443 2612 1843 2666 concionatoris
1875 2621 1969 2665 aut

392 2707 718 2779 baptizantis
761 2705 1146 2760 auctoritatem
1195 2702 1460 2772 inquiras.
1488 2700 1640 2755 Alius
1668 2699 1858 2754 borum
1883 2700 1967 2770 ju-

393 2803 494 2855 dex
515 2808 615 2862 est,
642 2813 708 2853 ac
734 2812 915 2852 rerum
936 2795 1297 2851 obscurarum
1329 2792 1640 2861 explorator
1666 2807 1682 2846 :
1719 2791 1936 2862 quando

392 2890 608 2962 quidem
656 2889 820 2945 homo
869 2887 1088 2952 faciem,
1118 2884 1262 2940 Deus
1290 2893 1470 2937 autem
1523 2898 1619 2937 cor
1649 2881 1964 2937 intuetur“.

2063 1344 2315 1414 σθῆναι;
2344 1346 2627 1414 ’Ἅρπασον
2677 1342 2768 1395 τὸν
2800 1340 3009 1413 καιρόν⁶
3057 1338 3138 1410 τῷ
3182 1336 3374 1408 ἀγαθῷ
3405 1337 3644 1408 περιχά-

2070 1439 2192 1511 ρηθι
2233 1437 2331 1510 {8)°
2367 1437 2461 1491 καὶ
2486 1434 2675 1500 εἰπὼν,
2703 1422 3050 1505 βαπτίσθητι,
3076 1432 3170 1486 καὶ
3195 1429 3511 1502 βαπτισθεὶς
3536 1428 3646 1483 σώ-

2066 1526 2210 1598 θητι·
2245 1526 2348 1579 κᾶν
2374 1523 2441 1597 ᾗς
2465 1524 2657 1593 Αἰθίοψ
2676 1524 2737 1576 τὸ
2771 1523 2950 1593 σῶμα,
2980 1521 3080 1594 τὴν
3101 1520 3277 1592 ψυχὴν
3290 1518 3642 1589 λευκάνθητι.

2065 1619 2206 1688 Τύχε
2236 1621 2335 1689 τῆς
2369 1616 2660 1688 σωτηρίας,
2712 1610 2779 1687 ἦς
2815 1614 2964 1668 οὐδὲν
3019 1612 3367 1683 ὑψηλότερον,
3400 1611 3525 1666 οὐδὲ
3559 1628 3648 1664 τι-

2065 1709 2329 1781 μιώτερον
2351 1710 2463 1771 τοῖς
2487 1724 2553 1776 γε
2584 1707 2707 1761 νοῦν
2739 1708 2940 1777 ἔχουσι.
2965 1707 3057 1778 Μὴ
3087 1705 3265 1775 εἴπης·
3305 1704 3645 1767 Ἐπίσκοπος

2065 1801 2379 1872 βαπτισάτω
2408 1818 2500 1872 με,
2526 1800 2620 1855 καὶ
2644 1795 2798 1863 οὗτος
2834 1797 3255 1870 μητροπολίτης,
3295 1796 3327 1867 ἢ
3361 1797 3438 1865 (9)
3485 1795 3650 1869 Ἱερο-

2066 1890 2356 1962 σολυμίτης
2387 1891 2469 1962 (οὐ
2500 1890 2607 1963 γὰρ
2639 1889 2869 1961 τόπωνή
2901 1889 3084 1962 χάρις,
3108 1888 3243 1943 ἀλλὰ
3266 1887 3359 1941 τοῦ
3388 1885 3650 1957 Πνεύμα-

2061 1984 2194 2056 τος),
2230 1985 2324 2039 καὶ
2355 1978 2507 2047 οὗτος
2520 1982 2629 2037 τῶν
2664 1977 2723 2037 εὖ
2762 1981 3082 2052 γεγονότων.
3116 1978 3296 2034 Δεινὸν
3328 1978 3457 2050 γὰρ,
3486 1979 3536 2032 εί
3564 1976 3650 2048 τῷ

2065 2078 2329 2149 βαπτιστῇ
2355 2077 2417 2130 τὸ
2438 2075 2656 2145 εὐγενές
2683 2092 2783 2146 μου
2802 2072 3320 2145 καθυϐρισθείισεται⁹
3340 2071 3374 2141 ἦ
3403 2070 3649 2141 πρεσϐύ-

2063 2182 2219 2238 τερος
2252 2165 2370 2236 μὲν,
2425 2164 2560 2218 ἀλλά
2591 2164 2688 2218 καὶ
2732 2158 2886 2228 οὗτος
2927 2164 3036 2217 τῶν
3082 2163 3334 2234 ἀγάμων,
3362 2162 3456 2215 καὶ
3483 2153 3649 2224 οὗτος

2064 2256 2173 2309 τῶν
2210 2255 2494 2328 ὲγκρατῶν
2536 2254 2631 2308 καὶ
2669 2253 2974 2323 ἀγγελικῶν
3010 2254 3110 2325 τὴν
3140 2252 3434 2306 πολιτείαν·
3466 2250 3649 2304 δεινὸν

2065 2341 2192 2412 γὰρ,
2219 2344 2267 2396 εί
2299 2342 2357 2396 ὲν
2390 2341 2564 2413 καιρῷ
2586 2342 2905 2411 καθάρσεως
2927 2340 3341 2413 ρυπωθήσομαι.
3364 2339 3456 2412 Μὴ
3486 2339 3646 2409 ζήτει

2069 2432 2405 2498 ἀξιοπιστίαν
2427 2433 2522 2487 τοῦ
2555 2433 2940 2505 κηρύσσοντος,
2974 2433 3110 2506 μηδὲ
3141 2432 3237 2486 τοῦ
3266 2432 3644 2503 βαπτίζοντος.

2070 2526 2262 2589 Ἄλλος
2289 2528 2317 2579 6
2349 2526 2553 2579 τούτων
2585 2525 2799 2598 κριτὴς,
2824 2528 2918 2580 καὶ
2948 2528 3057 2579 τῶν
3084 2525 3465 2597 ἀφανεστέρων
3493 2525 3647 2578 δοκι-

2071 2620 2300 2690 μαστήςο
2336 2619 2544 2691 ἐπειδὴ,
2592 2619 2874 2689 ἄνθρωπος
2915 2618 3015 2689 μὲν
3048 2621 3129 2682 εἰς
3163 2618 3477 2687 πρόσωπον,
3508 2617 3651 2680 Θεὸς

2068 2710 2127 2762 δὲ
2153 2712 2232 2774 εἰς
2262 2710 2512 2782 καρδίαν.
2542 2711 2634 2765 Σοὶ
2666 2710 2723 2763 δὲ
2747 2734 2753 2742 ·
2776 2712 2884 2774 πᾶς
2926 2709 3238 2777 ἀξιόπιστος
3266 2711 3346 2773 είς
3390 2709 3492 2781 τὴν
3527 2707 3648 2778 (i0)

2067 2801 2352 2874 κάθαρσιν⁸
2388 2802 2547 2872 μόνον
2570 2801 2711 2856 ἔστω
2729 2820 2812 2866 τις
2841 2801 2951 2858 τῶν
2981 2801 3271 2873 ὲγκρίτων,
3307 2802 3402 2855 καὶ
3432 2799 3507 2872 μὴ
3534 2799 3650 2853 τῶν

2068 2892 2349 2964 προδήλως
2395 2893 2860 2964 κατεγνωσμένων
2884 2933 2901 2957 ,
2958 2893 3092 2966 μηδὲ
3153 2892 3257 2964 τῆς
3320 2892 3652 2965 Ἐκκλησίας

393 2983 555 3054 712
580 2980 700 3037 Tibi
737 2990 915 3035 autem
945 2978 1122 3048 quivis
1168 2977 1236 3031 ad
1280 2975 1652 3045 purgationem
1698 2972 1830 3028 satis
1854 2973 1964 3028 ido-

2068 2982 2365 3054 ἀλλότριος.
2399 2983 2492 3055 Μὴ
2523 2986 2675 3055 κρῖνε
2717 2983 2839 3046 τοὺς
2869 2982 3085 3054 κριτὰς,
3116 2984 3144 3037 6
3177 2982 3396 3055 χρῄζων
3432 2983 3531 3053 τῆς
3565 2986 3654 3037 ία-

393 3086 528 3127 neus
566 3080 670 3137 est,
721 3069 880 3125 modo
927 3068 1067 3122 inter
1100 3067 1360 3135 probatos
1396 3071 1700 3127 censeatur,
1750 3075 1816 3116 ac
1859 3076 1963 3116 non

392 3173 577 3235 aperte
606 3163 994 3218 condemnatus
1045 3158 1138 3222 sit,
1171 3165 1335 3225 atque
1362 3155 1429 3210 ab
1461 3154 1708 3209 Ecclesia
1736 3154 1963 3210 alienus.

393 3257 496 3327 Qui
518 3257 797 3313 curatione
822 3255 1049 3325 indiges,
1078 3252 1133 3308 in
1159 3242 1645 3321 judicesjudicium
1673 3263 1740 3305 ne
1754 3249 1965 3318 arripe;

245 3350 253 3357 ’
296 3420 301 3425 1
392 3367 496 3408 nec
546 3366 757 3415 eorum,
795 3365 824 3402 a
858 3347 1058 3419 quibus
1103 3346 1371 3417 purgaris,
1415 3345 1705 3415 dignitates
1748 3351 1963 3409 excute,

394 3458 496 3499 nec
529 3444 671 3498 inter
701 3441 972 3512 genitores
997 3437 1260 3494 delectum
1295 3436 1451 3492 habe.
1478 3436 1574 3491 Est
1595 3435 1809 3505 quidem
1832 3433 1968 3489 alius

392 3535 504 3589 alio
545 3532 905 3604 praestantior,
940 3529 1023 3584 vel
1054 3527 1315 3583 inferior:
1346 3534 1401 3582 te
1437 3537 1618 3582 autem
1677 3525 1853 3595 quivis
1882 3532 1968 3579 est

395 3627 664 3696 superior.
708 3622 800 3679 Sic
832 3633 1007 3678 tecum
1055 3630 1263 3692 reputa.
1310 3619 1430 3675 Sint
1468 3623 1574 3676 duo
1599 3618 1806 3684 annuli,
1832 3619 1967 3673 alter

395 3733 614 3783 aureus,
646 3717 786 3772 alter
804 3716 1037 3780 ferreus,
1070 3724 1234 3785 atque
1273 3714 1431 3768 ambo
1464 3712 1708 3773 eamdem
1732 3712 1968 3783 Impera-

390 3809 530 3864 toris
553 3808 840 3879 imaginem
873 3805 1194 3877 insculptam
1222 3804 1477 3871 habeant,
1491 3818 1554 3858 ac
1574 3803 1768 3859 deinde
1787 3817 1967 3858 ceram

393 3899 727 3970 imprimam.
759 3897 899 3964 Quid
944 3896 1157 3950 tandem
1212 3893 1313 3949 hoc
1366 3895 1579 3964 signum
1604 3892 1785 3947 abillo
1814 3892 1968 3962 signo

390 3986 816 4045 dill‘eretYNibil.
876 3986 1157 4042 Materiam
1189 3985 1242 4040 in
1275 4000 1399 4040 cera
1428 3985 1751 4051 internosce,
1779 3999 1968 4053 quam-

391 4080 526 4136 libet
567 4079 832 4151 singulari
883 4077 1101 4133 solertia
1160 4076 1270 4130 sis?
1316 4076 1432 4140 Dic,
1463 4084 1640 4129 utrum
1687 4090 1719 4129 e
1759 4072 1969 4128 duobus

392 4171 586 4243 signis.
621 4185 791 4226 aureo
838 4169 1052 4226 scilicet
1081 4167 1300 4233 annulo,
1334 4182 1401 4221 an
1431 4165 1608 4221 ferreo
1649 4179 1965 4235 expressum

392 4263 485 4327 sit,
531 4271 588 4316 et
630 4261 899 4332 quomodo
937 4274 1102 4315 unum
1160 4258 1411 4327 idemque
1456 4256 1668 4326 signum
1697 4256 1967 4310 exsistat?

2066 3075 2271 3147 τρείας·
2312 3074 2446 3145 μηδὲ
2490 3074 2785 3148 φιλοκρίνει
2834 3074 2944 3148 (ll)
2975 3092 3065 3146 μοι
3102 3075 3202 3139 τὰς
3224 3075 3381 3140 ἀξίας
3414 3076 3524 3129 τῶν
3587 3078 3652 3130 σὲ

2066 3167 2455 3237 καθαιρόντων,
2481 3169 2616 3240 μηδὲ
2646 3168 2927 3238 διακρίνου
2961 3167 3100 3238 πρὸς
3133 3168 3260 3232 τοὺς
3290 3169 3648 3240 γεννήτορας.

2070 3257 2263 3320 ’Ἄλλος
2307 3259 2404 3328 μὲν
2435 3258 2594 3312 ἄλλου
2643 3259 2936 3330 κρείττων,
2982 3261 3015 3331 ἢ
3041 3260 3443 3332 ταπεινότερος·
3471 3259 3564 3313 σοῦ
3589 3261 3652 3314 δὲ

2068 3351 2177 3414 πᾶς
2231 3349 2577 3422 ὑψηλότερος.
2622 3351 2822 3405 Σκόπει
2873 3352 2931 3405 δὲ
2973 3351 3167 3416 οὕτως·
3198 3352 3381 3406 Ἔστω
3422 3352 3647 3424 χρυσὸς,

2067 3439 2207 3493 ἔστω
2240 3439 2478 3510 σίδηρος,
2495 3439 2768 3494 δακτύλιοι
2804 3440 2862 3493 δὲ
2886 3441 3205 3512 ἀμφότεροι,
3241 3440 3332 3492 καὶ
3360 3439 3457 3510 τὴν
3477 3438 3653 3509 αὐτὴν

2068 3531 2558 3603 ὲγκεχαράχθωσαν
2598 3532 2783 3586 εἰκόνα
2814 3532 3120 3602 βασιλικὴν,
3145 3526 3265 3585 εἶτα
3299 3531 3468 3603 κηρὸν
3494 3534 3653 3584 ἐντυ-

2068 3620 2353 3675 πούτωσαν
2378 3620 2510 3691 (12)·
2560 3622 2613 3674 τί
2640 3620 2829 3676 διοίσει
2861 3625 2893 3693 ἡ
2932 3623 3167 3692 σφραγὶς
3201 3621 3313 3694 (1⁸5)
3360 3622 3499 3691 αὕτη
3540 3620 3652 3689 τῆς

2069 3711 2358 3782 σφραγῖδος
2388 3711 2627 3782 ὲκείνης;
2659 3711 2842 3768 Οὐδέν.
2882 3709 3175 3780 Ἐπίγνωθι
3206 3709 3303 3781 τὴν
3333 3708 3465 3781 ὕλην
3497 3711 3554 3762 ὲν
3568 3708 3651 3778 τῷ

2067 3801 2242 3873 κηρῷ,
2265 3801 2368 3855 κᾶν
2396 3797 2464 3874 ᾖς
2494 3800 2824 3873 σοφώτατος·
2861 3803 3005 3868 είπὲ,
3035 3803 3087 3855 τί
3122 3804 3217 3874 μὲν
3258 3801 3352 3855 τοῦ
3402 3801 3646 3872 σιδήρου,

2065 3892 2119 3944 τί
2149 3892 2205 3946 δὲ
2234 3891 2330 3946 τοῦ
2363 3894 2563 3964 χρυσοῦ
2592 3894 2655 3947 τὸ
2686 3895 3098 3967 ὲκσφρόιγισμα,
3136 3894 3230 3948 καὶ
3265 3894 3385 3958 πῶς
3414 3893 3472 3948 ἓν
3505 3895 3646 3946 ἐστι’

2065 3984 2165 4054 τῆς
2195 3984 2304 4057 γάρ
2335 3984 2467 4056 ὕλης
2515 3987 2577 4038 τὸ
2601 3985 2876 4058 διάφορον,
2909 3987 2969 4040 οὐ
2998 3986 3092 4040 τοῦ
3134 3988 3498 4060 χαρακτῆρος.
3537 3985 3640 4039 Οὓ-

2066 4091 2175 4137 τως
2212 4074 2352 4129 ἔστω
2380 4093 2461 4130 σοι
2485 4079 2591 4140 πᾶς
2626 4078 2944 4149 βαπτιστής.
2968 4078 3088 4132 Κᾶν
3117 4082 3180 4150 τῇ
3217 4079 3465 4150 πολιτείᾳ
3512 4095 3650 4149 προ-

2069 4165 2318 4239 έχῃ(14),
2349 4168 2512 4240 ἀλλ’ἢ
2542 4187 2603 4240 γε
2641 4170 2736 4223 τοῦ
2769 4170 3138 4243 βαπτίσματος
3153 4172 3382 4242 δύναμις
3411 4171 3521 4242 ῐση’
3550 4173 3648 4224 καὶ

2068 4257 2394 4325 τελειοποιός
2428 4277 2510 4314 σοι
2539 4263 2647 4326 πᾶς
2661 4262 2881 4333 ὁμοίως,
2915 4265 2943 4317 6
2962 4266 3029 4335 τῇ
3056 4265 3192 4336 αὐτῇ
3229 4264 3407 4317 πίστει
3439 4279 3650 4334 μεμορ-

391 4351 696 4408 Discrimen
735 4350 879 4406 enim
911 4350 965 4404 in
1018 4348 1242 4403 materia
1290 4355 1394 4415 est,
1445 4361 1551 4401 non
1580 4345 1635 4399 in
1665 4344 1837 4414 signo.
1868 4343 1961 4400 Sic
1989 4340 2037 4397 D
2062 4349 2330 4420 φωμένος.

394 4443 491 4498 tibi
518 4458 733 4513 quoque
769 4456 979 4509 omnes,
1044 4441 1135 4512 qui
1206 4439 1516 4509 baptizandi
1580 4450 1803 4492 munere
1857 4435 2169 4507 funguntur,
2208 4444 2384 4500 idonei
2434 4447 2754 4503 habeantur.
2813 4448 3070 4516 Quamvis
3105 4449 3247 4505 enim
3290 4448 3428 4503 alius
3478 4447 3644 4502 alium

393 4534 519 4588 vita:
567 4533 838 4601 probitate
893 4529 1198 4596 antecellat,
1231 4529 1417 4585 eadem
1476 4537 1653 4581 tamen
1714 4525 1968 4597 baptismi
2006 4529 2087 4585 vis
2116 4542 2224 4601 est;
2258 4550 2323 4591 ac
2382 4538 2559 4607 quivis
2577 4539 2673 4593 tibi
2730 4540 2970 4595 initiator
3002 4542 3096 4608 sit,
3127 4540 3221 4611 qui
3255 4540 3414 4594 modo
3448 4540 3643 4594 eadem

394 4626 501 4680 lide
531 4624 852 4678 informatus
879 4631 987 4677 est.

464 4717 673 4776 XXVII.
708 4717 788 4773 Ne
829 4727 920 4771 tua
957 4713 1216 4784 dignitate
1277 4711 1512 4782 alienum
1568 4717 1758 4781 putes,
1800 4710 1960 4765 simul

2136 4715 2263 4769 KZ'.
2291 4713 2383 4785 Μὴ
2411 4714 2729 4787 ἀπαξιὼσῃς
2752 4714 3225 4788 συμϐαπτισθῆναι
3255 4715 3470 4788 πένητι,
3488 4715 3647 4770 πλού-

389 4827 510 4867 cum
535 4823 768 4880 paupere
808 4806 1091 4878 baptizari,
1125 4804 1217 4875 qui
1257 4804 1407 4859 dives
1432 4818 1514 4867 es,
1555 4801 1812 4871 patricius
1835 4817 1958 4858 cum

2068 4820 2182 4869 σιος
2216 4804 2313 4871 ὢν,
2348 4809 2377 4859 6
2421 4808 2752 4880 εὐπατρίδης
2779 4807 2858 4878 τῷ
2891 4809 3157 4876 δυσγενεῇ
3186 4810 3214 4862 ὁ
3239 4808 3507 4879 δεσπότης
3565 4808 3647 4880 τῷ

391 4903 636 4974 ignobili.
671 4902 837 4957 herus
884 4915 1005 4954 cum
1050 4912 1114 4951 eo
1164 4896 1254 4966 qui
1302 4896 1560 4951 hactenus
1613 4894 1712 4950 tibi
1767 4909 1957 4951 servus

2066 4895 2232 4966 δούλῳ
2257 4896 2419 4967 μέχρι
2445 4897 2540 4950 τοῦ
2571 4898 2686 4951 νῦν.
2717 4896 2883 4952 Οὔπω
2933 4900 3187 4952 τοσοῦτον
3217 4900 3647 4971 ταπεινοφρονή-

462 5038 507 5068 ’³
522 5037 644 5090 Act.
676 5048 792 5097 vm,
820 5031 912 5086 56.
986 5032 1076 5087 ³³1
1109 5033 1243 5103 Reg.
1271 5048 1385 5096 xvr,
1410 5032 1462 5085 7.

462 5164 543 5237 (7)
566 5160 1120 5237 rwoﬁ‘qutSdienc.
1142 5182 1181 5237 _¢
1215 5163 1344 5237 Esto
1372 5162 1670 5237 Gaudaces,
1705 5181 1725 5237 ξ
1759 5162 1811 5218 id
1844 5170 1957 5237 _est,

2138 5163 2249 5237 (ll)
2278 5165 2635 5232 Φιλοκρίνει.
2673 5161 2839 5234 Regg.
2893 5164 3003 5231 bm,
3034 5165 3103 5234 ph
3141 5174 3197 5220 et
3230 5166 3323 5221 0r.
3379 5165 3430 5231 Ι,
3478 5164 3640 5235 φυλο-

387 5231 681 5292 Eunuchus
731 5231 950 5302 Reginae
1006 5233 1270 5287 Candacis
1337 5247 1368 5284 a
1419 5232 1665 5302 Philippo
1713 5233 1957 5302 baptiza-
2065 5231 2260 5308 κρίνει.

389 5316 622 5383 ωειλ-
776 5301 1040 5383 ἦ--.

2108 5301 2248 5383 ’(12)
2289 5304 2806 5359 Ἐντυπουτωσαν,
2829 5301 2960 5356 Tres
2982 5303 3151 5374 Regg.
3189 5315 3244 5360 et
3280 5305 3377 5362 Or.
3403 5305 3453 5368 i,
3480 5305 3642 5358 ὲκτυ.

462 5373 537 5445 (8)
567 5367 947 5440 Περιχάρηθι.
986 5370 1076 5427 Sic
1104 5370 1260 5427 codd.
1289 5371 1542 5427 Mendose
1564 5373 1616 5426 in
1646 5372 1732 5428 ed.
1750 5412 1766 5439 ,
1808 5388 1963 5442 περι-

2066 5367 2376 5430 ποῦτωσαν.

388 5443 763 5525 ﬂente"...
898 5513 911 5525 .
1095 5511 1135 5525 ..
1432 5519 1442 5525 .
1580 5510 1691 5525 η..
1773 5510 1809 5525 ,.
1907 5513 1918 5525 .

2066 5515 2097 5525 _
2132 5444 2354 5525 (l5)"1fl
2374 5445 2652 5525 σφραγίς.
2679 5445 2770 5500 Sic
2804 5452 3036 5513 quatuor
3086 5443 3250 5514 Regg.
3293 5456 3350 5501 et
3396 5447 3549 5501 Orat.
3582 5445 3638 5499 1.

461 5510 540 5585 (9)
572 5514 675 5585 ρἭ.
706 5512 800 5585 Sic
821 5513 1059 5585 quinque
1088 5511 1291 5585 Begg.,
1319 5519 1551 5585 quatuor
1577 5510 1959 5578 Colb.,Comb.
2059 5510 2282 5585 Deest?)
2320 5521 2370 5568 in
2405 5510 2490 5585 eti.

392 5579 485 5638 Sic
513 5579 673 5638 etiam
702 5579 1054 5652 legit'Billitts.
1088 5580 1146 5634 ln
1175 5579 1285 5652 e(I.,
1317 5579 1433 5652 καί.

1214 5585 1285 5662 [1η
1317 5584 1433 5662 καί.
1515 5649 1527 5662 _

2129 5585 2241 5658 (14)
2273 5584 2523 5655 Προέχῃ.
2562 5585 2615 5639 In
2651 5585 2943 5653 nonnullis,
2979 5584 3209 5657 πρόσχῃ.

463 5653 480 5701 l
489 5653 576 5709 1οδ
607 5656 712 5714 Elc
734 5649 865 5707 {157.
898 5653 955 5709 In
988 5650 1278 5719 nonnullis,
1303 5651 1438 5720 πρὸς
1469 5649 1590 5719 τήν.
