3902 6218
245 210 356 266 397

1176 207 1440 266 ORATIO
1477 210 1590 265 XL.
1631 238 1700 251 ——
1736 208 1802 264 IN
1842 206 2581 266 SANCTUM‘BAPTISMA.

3405 213 3511 269 398

243 341 387 387 σεξ,
411 322 535 375 ὅσον
549 318 807 392 Χριστὸς,
836 310 882 386 ᾧ
915 318 980 371 σὺ
1006 317 1242 393 βαπτίζῃ
1280 322 1541 392 σήμερον,
1569 321 1624 385 ὃς
1657 321 1744 376 διὰ
1775 321 1836 374 σὲ

1955 323 2168 378 exstitit.
2228 322 2473 380 Nondum
2534 333 2738 379 tantum
2798 334 2850 382 te
2909 327 3178 395 demittas,
3249 343 3509 401 quantum

242 416 344 470 καὶ
387 412 576 467 δούλου
626 411 841 483 μορφὴν
886 410 1123 476 ἐδέξατο.
1172 412 1290 481 Ἀφ’
1322 409 1391 485 ἧς
1434 415 1646 486 ἡμέρας
1677 432 1840 486 μετα-

243 507 377 576 ποιῇ
419 503 555 573 (15),
577 503 780 566 πάντες
806 497 955 569 εἶξαν
987 504 1037 555 οί
1072 502 1292 557 παλαιοὶ
1318 506 1687 577 χαρακτῆρες
1742 508 1841 578 μιᾷ

247 598 435 669 μορφῇ
468 594 578 668 (16)
619 596 755 651 πᾶσι
782 595 1019 667 Χριστὸς
1045 597 1378 651 ἐπιτέθειται
1412 599 1549 671 (17).
1583 600 1677 671 Μὴ
1735 602 1840 655 ἁπ-

243 686 494 759 αξιώσῃς
516 686 879 758 ἐξαγορεῦσαι
922 705 1017 741 σου
1057 687 1157 759 τὴν
1194 688 1486 760 ἁμαρτίαν,
1514 689 1669 753 εἰδὼς
1694 690 1842 755 ὅπως

258 778 518 850 Ἰωάννης
572 779 887 845 ἐϐάπτισεν,
937 780 1025 833 ἵνα
1073 779 1174 851 τὴν
1221 780 1430 834 ἐκεῖθεν
1456 781 1721 854 αἰσχύνην
1775 784 1839 854 τῇ

247 871 486 925 ἐνταῦθα
518 871 696 944 φύγῃς
755 872 967 945 (ἐπειδὴ
1006 872 1174 944 μέρος
1222 874 1316 926 καὶ
1352 872 1510 928 τοῦτο
1559 875 1658 946 τῆς
1703 877 1844 928 ἐκεῖ·

249 981 314 1016 σε
348 963 461 1034 (18)
499 964 818 1034 κολάσεως),
850 965 945 1019 καὶ
980 965 1178 1037 δείξῃς,
1211 966 1293 1018 ὅτι
1315 965 1414 1039 τὴν
1441 968 1712 1041 ἁμαρτίαν
1755 968 1843 1021 ὄν-

246 1072 361 1118 τως
394 1054 729 1127 μεμίσηκας,
786 1057 1294 1129 παραδειγματίσας
1361 1058 1530 1130 αὐτὴν
1595 1058 1706 1130 (19)
1749 1060 1846 1113 καὶ

249 1146 657 1219 θριαμϐεύσας,
684 1148 761 1213 ὡς
776 1148 935 1214 ἀξίαν
962 1148 1191 1222 ὕϐρεως.
1239 1149 1333 1221 Μὴ
1371 1150 1671 1222 διαπτύσῃς
1694 1150 1846 1225 ἐξορ-

250 1238 458 1309 κισμοῢ
492 1239 810 1311 θεραπείαν,
854 1241 989 1313 μηδὲ
1021 1241 1159 1314 πρὸς
1177 1241 1238 1294 τὸ
1268 1242 1443 1312 μῆκος
1498 1242 1699 1313 ταύτης
1733 1244 1844 1296 ἀπ-

250 1329 587 1402 αγορεύτῃς.
638 1331 883 1396 Βάσανός
927 1334 1153 1388 ἐστικαὶ
1198 1332 1338 1405 αὕτη
1367 1333 1468 1403 τῆς
1508 1335 1635 1406 περὶ
1660 1334 1722 1387 τὸ
1745 1335 1844 1406 χάο

252 1441 429 1495 ρισμα
456 1425 833 1496 γνησιότητος.
864 1425 930 1479 Τί
952 1425 1208 1481 τοσοῦτον
1235 1428 1512 1498 πονήσεις,
1541 1423 1706 1497 οἷονὴ
1729 1428 1847 1483 τῶν

250 1516 556 1569 Αἰθιόπων
580 1514 951 1581 βασίλισσα,
980 1517 1050 1571 ὲκ
1098 1516 1216 1573 τῶν
1260 1519 1535 1586 περάτων
1578 1517 1690 1586 τῆς
1732 1517 1846 1588 γῆς

250 1604 668 1662 «ἐπαναστᾶσα
697 1606 830 1679 (20),
859 1609 963 1663 ἵνα
995 1607 1094 1677 ἴδῃ
1123 1608 1238 1678 τὴν
1269 1611 1496 1679 σοφίαν
1537 1608 1869 1685 Σολομῷνέ

250 1714 396 1762 tog;
422 1698 537 1751 Kal
572 1697 701 1752 ίδοὺ
728 1698 944 1754 πλεῖον
971 1700 1363 1770 Σολομῶντος
1393 1697 1529 1767 ὦδε,
1560 1701 1713 1773 παρὰ
1733 1705 1845 1766 τοῖς

252 1788 480 1852 τελείως
508 1788 900 1861 λογιζομένοις.
937 1792 1030 1864 Μὴ
1086 1794 1451 1865 κατοκνήσῃς,
1489 1794 1562 1865 μὴ
1594 1792 1714 1846 όδοῦ
1744 1794 1848 1865 μῆ·-

252 1895 375 1944 κος,
403 1879 478 1951 μὴ
510 1880 683 1952 μέτρα
709 1880 1005 1955 θαλάσσης,
1046 1883 1121 1955 μὴ
1143 1884 1276 1957 πῦρ,
1325 1887 1375 1939 εί
1398 1886 1491 1938 καὶ
1522 1885 1682 1964 τοῦτο
1715 1886 1871 1958 πρό-’

251 1987 457 2036 κειται,
493 1971 568 2043 μὴ
601 1971 729 2026 ἄλλο
766 1974 953 2044 μηδὲν,
989 1973 1023 2046 ἢ
1068 1976 1287 2047 μικρὸν,
1316 1976 1350 2047 ἢ
1390 1974 1576 2047 μεῖζον
1603 1977 1710 2031 τῶν
1746 1993 1848 2030 κω-

251 2063 534 2135 λυμάτων,
559 2063 702 2118 ὥστε
732 2068 915 2136 τυχεῖν
946 2066 1039 2119 τοῦ
1059 2068 1418 2139 χαρίσματος.
1451 2069 1517 2122 El
1548 2069 1606 2122 δέ
1637 2085 1719 2122 σοι
1744 2085 1848 2139 μη-

252 2155 346 2209 δὲν
386 2157 703 2228 πονήσαντι,
743 2157 877 2230 μηδὲ
933 2160 1503 2232 πραγματευσαμένῳ,
1538 2164 1718 2232 τυχεῖν
1760 2160 1847 2224 ἕξ-

254 2263 377 2301 εστι
429 2247 526 2301 τοῦ
578 2248 935 2320 ποθουμένου,
976 2249 1149 2322 πόσης
1205 2251 1459 2323 εὐηθείας
1496 2252 1597 2324 τὴν
1639 2252 1848 2324 δωρεὰν

255 2338 698 2405 ἀναϐάλλεσθαι;
730 2342 796 2394 ω
828 2339 1144 2408 διψῶντες,
1196 2343 1351 2413 φησὶ,
1389 2343 1716 2411 πορεύεσθε
1755 2344 1847 2412 ἐφ’

254 2429 421 2498 ὕδωρ
456 2429 719 2501 (Ἡσαΐας
748 2430 1124 2486 διακελεύεταί
1160 2433 1286 2505 σοι)⁶
1321 2435 1420 2487 καὶ
1451 2433 1586 2488 ὅσοι
1612 2432 1699 2504 μὴ
1720 2434 1849 2502 ἕχε-

256 2539 328 2576 τε
354 2522 660 2593 ἀργύριον,
702 2522 1076 2590 ,ϐαδίσαντες
1111 2523 1467 2595 ἀγοράσατε,
1508 2525 1608 2580 καί
1641 2527 1851 2582 πίεσθε

257 2612 602 2680 οἷνον,ᾶνευ
630 2614 893 2687 ἀργυρίου
924 2614 1036 2686 (21)
1056 2615 1245 2687 τιμῆς.
1281 2618 1344 2670 Ὢ
1378 2617 1475 2671 τοῦ
1506 2619 1705 2689 τάχους
1753 2618 1851 2690 τῆς

259 2706 702 2780 φιλανθρωπίαςί
738 2709 802 2763 Ὠ
827 2709 928 2780 τῆς
953 2710 1202 2774 εὐκολίας
1244 2709 1338 2764 τοῦ
1370 2710 1848 2782 συναλλάγματοςι

263 2800 450 2854 Ὠνιόν
488 2815 571 2852 σοι
596 2797 753 2852 τοῦτο
779 2799 890 2871 (22)
921 2799 1012 2854 τοῦ
1043 2799 1267 2871 θελῆσαι
1304 2800 1461 2872 μόνον
1492 2799 1605 2872 (25)
1631 2799 1693 2855 τὸ
1715 2801 1852 2869 ἀγα-

261 2893 379 2947 θόν·
411 2891 582 2964 αὐτὴν
627 2890 727 2963 τὴν
755 2891 931 2965 ὁρμὴν
959 2893 1083 2947 ἀντὶ
1130 2892 1226 2946 τοῦ
1266 2892 1503 2963 μεγάλου
1543 2893 1854 2963 τιμήματος

1941 413 2213 479 Christus,
2251 414 2341 469 cui
2388 415 2649 470 hodierno
2697 416 2784 471 die
2831 417 3154 486 baptizaris,
3189 422 3278 488 qui
3317 421 3535 480 salutis”

1944 514 2048 560 tua:
2074 520 2236 561 causa
2263 507 2514 563 servilem
2542 524 2759 579 quoque
2795 509 3021 565 formam
3048 514 3273 582 accepit.
3305 514 3383 570 Ex
3407 533 3515 587 quo

1943 597 2030 652 die
2052 612 2150 667 per
2174 598 2507 669 baptismum
2560 601 2891 669 immutaris,
2920 613 3133 662 veteres
3161 621 3350 663 omnes
3377 620 3517 664 nota:

1943 697 2266 744 cesserunt:
2299 705 2402 745 una
2440 691 2616 747 forma
2655 695 2907 752 omnibus
2951 686 3204 755 Christus
3231 700 3519 771 impositus

1944 787 2045 835 est.
2078 779 2157 836 Ne
2180 793 2457 851 peccatum
2501 793 2650 838 tuum
2679 786 2924 841 conﬁteri
2945 802 3110 858 grave
3133 790 3317 856 ducas,
3342 795 3519 850 sciens

1945 885 2050 939 quo
2077 878 2234 940 pacto
2263 869 2499 927 Joannes
2531 872 2909 941 baptizaverit,
2938 884 2997 929 ut
3044 891 3142 945 per
3186 878 3346 947 hujus
3391 880 3520 935 vita:

1945 963 2227 1033 pudorem,
2255 961 2422 1017 futuri
2451 964 2631 1018 saeculi
2660 964 2915 1033 pudorem
2946 967 3399 1040 ignominiamque
3429 972 3518 1025 fu-

1945 1055 2061 1125 gias
2092 1053 2237 1124 (nam
2293 1055 2395 1108 hoc
2440 1069 2654 1124 quoque
2699 1058 3021 1127 sempiterni
3082 1059 3225 1115 illius
3269 1061 3520 1131 supplicii

1946 1163 2070 1217 pars
2099 1145 2238 1218 est);
2278 1162 2341 1201 ac
2378 1148 2719 1217 perspicuum
2761 1150 2946 1214 facias,
2992 1161 3043 1206 te
3096 1153 3237 1209 serio
3266 1164 3427 1224 atque
3451 1171 3521 1211 ex

1947 1240 2137 1293 animo
2188 1250 2466 1309 peccatum
2515 1241 2696 1295 odisse
2757 1256 2822 1297 ac
2888 1245 3168 1312 detestari,
3215 1246 3341 1301 dum
3389 1248 3541 1305 illud‘

1950 1343 2202 1399 tanquam
2237 1330 2565 1385 contumelia
2607 1331 2824 1402 dignum
2862 1335 3118 1402 traducis,
3157 1352 3221 1392 ac
3251 1338 3395 1394 velut
3434 1340 3521 1395 lu-

1947 1425 2125 1480 dibrio
2153 1424 2400 1494 exponis,
2427 1423 2502 1479 de
2533 1440 2705 1495 eoque
2729 1426 3060 1497 triumphum
3084 1430 3220 1500 agis.
3254 1431 3332 1487 Ne
3360 1447 3522 1489 exor-

1947 1516 2102 1571 cismi
2137 1516 2456 1570 medicinam
2483 1529 2726 1585 respuas,
2756 1533 2856 1573 nec
2887 1520 2959 1574 ob
2992 1519 3132 1576 illius
3154 1522 3520 1591 prolixitatem

1948 1607 2128 1662 animo
2157 1605 2432 1662 concidas.
2461 1606 2597 1663 Nam
2624 1607 2676 1663 id
2716 1625 2933 1680 quoque
2962 1611 3109 1667 velut
3134 1612 3272 1683 lapis
3300 1617 3520 1685 quidam
3590 1632 3599 1647 κ

1946 1699 2147 1770 Lydius
2169 1707 2270 1766 est,
2311 1699 2377 1754 ad
2403 1713 2564 1770 quem
2595 1699 2914 1769 exploratur
2942 1716 3106 1772 quam
3136 1704 3348 1763 sincero
3370 1710 3522 1778 quis-

1946 1807 2052 1861 que
2122 1801 2339 1862 pectore
2386 1792 2456 1845 ad
2506 1791 2831 1862 baptismum
2903 1797 3145 1851 accedat.
3229 1798 3524 1869 Ecqnando

1949 1893 2155 1939 tantum
2196 1883 2398 1938 laboris
2432 1883 2758 1954 susceperis,
2802 1889 3064 1954 quantum
3094 1887 3408 1959 .Ethiopum
3443 1908 3526 1946 re-

1946 1976 2090 2044 gina,
2120 1988 2238 2043 qua:
2274 1974 2338 2026 ab
2359 1974 2607 2028 extremis
2631 1981 2790 2028 terra:
2817 1975 3013 2043 ﬁnibus
3043 1981 3293 2046 perrexit,
3328 1990 3384 2034 ut
3419 1980 3526 2036 Suo

1948 2066 2169 2121 (omanis
2201 2066 2363 2136 713
2390 2067 2705 2135 sapientiam
2735 2068 2926 2122 uideret
2945 2069 3056 2124 ΗΞ(
3073 2087 3193 2126 ecce
3224 2072 3342 2140 plus
3362 2066 3543 2141 quam'

1950 2157 2200 2213 Salomon
2226 2158 2310 2213 hic
2333 2158 2402 2225 “,
2431 2159 2620 2212 saltem
2667 2161 2807 2228 apud
2843 2175 2958 2224 eos,
2989 2163 3080 2232 qui
3124 2178 3236 2218 rem
3287 2165 3524 2234 perfecte

1949 2250 2312 2305 considerant.
2342 2249 2422 2303 Ne
2458 2250 2558 2305 viae
2582 2250 3032 2322 longinquitatem
3061 2254 3395 2321 reformides,
3426 2274 3527 2313 nec

1950 2343 2117 2397 maris
2169 2341 2365 2412 spatia,
2422 2356 2522 2397 nec
2556 2343 2755 2413 ignem,
2785 2345 2830 2399 si
2876 2344 3217 2411 adhibeatur,
3251 2364 3352 2403 nec
3379 2350 3525 2405 aliud

1952 2436 2311 2505 quodcunque
2361 2434 2824 2505 impedimentum,
2885 2450 2994 2506 quo
3039 2439 3267 2507 gratiam
3338 2455 3527 2496 conse-

1951 2525 2155 2595 quaris.
2183 2524 2316 2580 Cum
2351 2534 2531 2580 autem
2579 2525 2698 2591 tibi,
2734 2541 2834 2581 nec
2859 2525 3043 2581 labore
3069 2528 3200 2593 ullo,
3237 2543 3333 2584 nec
3360 2544 3525 2598 Opera

1952 2616 2060 2672 ulla
2094 2625 2363 2685 suscepta,
2406 2618 2481 2671 rei
2521 2617 2772 2686 erpetitae
2819 2631 3120 2688 compotem
3175 2622 3290 2675 ﬁeri
3338 2621 3521 2690 liceat,

1961 2722 2083 2777 qua:
2117 2707 2331 2762 tandem
2373 2706 2599 2762 stultitia
2644 2716 2748 2772 est,
2780 2708 2978 2763 donum
3014 2710 3066 2764 in
3115 2711 3256 2765 aliud
3314 2723 3526 2785 tempus

1952 2797 2215 2868 rejicere?
2249 2796 2522 2862 Sitientes,
2559 2799 2755 2868 inquit,
2787 2801 2952 2855 venite
3010 2803 3079 2855 ad
3120 2820 3310 2872 aquam
3345 2806 3448 2875 (sic
3476 2817 3531 2862 te

1954 2889 2200 2945 hortatur
2238 2888 2463 2960 Isaias);
2495 2900 2543 2943 et
2579 2891 2671 2960 qui
2702 2907 2808 2945 non
2834 2892 3035 2946 habetis
3063 2907 3355 2964 argentum,
3384 2898 3454 2952 ite
3477 2906 3530 2952 et

261 2984 505 3056 δέχεται.
540 2983 682 3055 Διψᾷ
712 2985 774 3038 τὸ
809 2984 1085 3055 διψᾶσθαι·
1134 2983 1342 3048 ποτίζει
1380 2986 1509 3048 τοὺς
1546 2986 1709 3037 πιεῖν
1737 2982 1852 3037 ἐθέ-

1957 2984 2135 3048 emite,
2172 3001 2235 3038 ac
2263 2985 2463 3050 uinum,
2489 2983 2638 3037 nullo
2666 2984 2938 3053 persoluto
2976 2988 3174 3055 pretio,
3204 2988 3360 3043 bibite
3376 2991 3443 3043 ’⁵.
3484 2988 3530 3045 Ο

261 3077 478 3141 λοντας·
532 3078 922 3150 εὐεργετεῖται,
979 3076 1079 3147 τὴν
1150 3075 1464 3147 εὐεργεσίαν
1513 3073 1852 3145 αἰτούμενοςο

264 3169 563 3242 πρόχειρός
596 3169 715 3222 ὲστι
747 3166 1148 3239 μεγαλόδωροςο
1187 3165 1402 3220 δίδωσιν
1451 3164 1622 3236 ἥδιον,
1659 3165 1693 3236 ἢ
1722 3165 1859 3237 λαμ-

263 3260 526 3315 ϐάνουσιν
562 3259 650 3313 ἓτε
660 3276 764 3330 ροι.
796 3258 975 3312 Μόνον
990 3258 1068 3330 μὴ
1094 3256 1446 3328 μικρολογίαν
1463 3254 1859 3324 καταγνωσθῶ-

268 3368 374 3423 μεν
396 3349 492 3404 τοῦ
524 3350 636 3423 (24)
672 3349 845 3422 μικρὰ
894 3351 1087 3414 αἰτεῖν,
1120 3350 1216 3401 καὶ
1246 3347 1340 3401 τοῦ
1375 3347 1609 3411 διδόντος
1639 3347 1855 3415 ἀνάξια.

266 3444 579 3515 Μακάριος,
600 3442 660 3496 ὃν
683 3443 827 3496 αἰτεῖ
858 3442 1010 3513 πόμα
1046 3440 1300 3512 Χριστὸς,
1327 3439 1403 3504 ὼς
1432 3440 1530 3511 τὴν
1585 3440 1858 3510 Σαμαρεῖ-

269 3553 359 3589 τιν
389 3534 502 3605 (25)
532 3534 770 3607 ἐκείνην,
797 3534 909 3588 Καὶ
940 3532 1149 3587 δίδωσι
1184 3530 1390 3602 πηγήν
1428 3531 1646 3598 ὕδατος
1675 3532 1859 3586 ἀλλο-

268 3624 462 3695 μένου
490 3628 579 3693 είς
600 3623 755 3705 ζωὴν
781 3624 1039 3679 αἰώνιον.
1064 3623 1366 3692 Μακάριος
1402 3625 1436 3677 ὁ
1471 3623 1735 3692 σπείρων
1760 3622 1859 3676 ἐπὶ

270 3725 400 3781 πᾶν
431 3726 611 3795 ὕδωρ,
641 3727 736 3780 καὶ
769 3727 948 3779 πᾶσαν
974 3723 1177 3795 ψυχὴν,
1206 3722 1395 3796 αὔριον
1427 3721 1734 3793 ἀρουμένην
1768 3720 1861 3773 καὶ

270 3821 602 3893 ἀρδομένην,
632 3818 857 3893 ἢνβοῦς
888 3818 985 3871 καὶ
1029 3817 1147 3880 ὄνος
1172 3817 1333 3870 πατεῖ
1367 3816 1625 3887 σήμερον,
1666 3812 1861 3883 χέρσον

270 3928 334 3966 τε
355 3907 524 3966 οὖσαν
567 3910 661 3965 καὶ
694 3909 945 3981 ἄνυδρον,
994 3909 1089 3975 καὶ
1125 3907 1323 3979 ἀλογίᾳ
1355 3904 1705 3976 πιεζομένην.
1742 3904 1861 3956 Μα-

270 4001 489 4072 κάριος,
518 3999 578 4064 ὃς
602 3998 704 4054 κᾶν
730 3999 1067 4070 χειμάρρους
1101 3996 1213 4070 (26)
1247 3994 1282 4068 ᾗ
1326 3997 1575 4068 σχοίνων,
1604 3995 1664 4062 ἐξ
1712 3994 1859 4047 οἴκου

274 4090 482 4162 Κυρίου
506 4091 803 4156 ποτίςεται,
844 4091 939 4143 κα).
969 4089 1177 4158 γίνεται
1205 4088 1485 4159 σιτοφόρος
1504 4086 1626 4141 ἀντὶ
1659 4100 1861 4155 σχοινο-

275 4182 470 4253 φόρου,
517 4184 612 4237 καὶ
670 4183 906 4253 γεωργεῖ
949 4179 1154 4252 τροφὴν
1201 4179 1571 4250 ἀνθρωπίνην,
1631 4176 1745 4230 ἀλλ’
1798 4175 1859 4228 οὐ

272 4274 536 4347 τραχεῖάν
564 4291 626 4328 τε
655 4273 767 4346 (27)
814 4275 910 4329 κα)⁸
942 4275 1217 4344 ἀνόνητον.
1251 4270 1419 4341 ’Υπὲρ
1457 4264 1518 4324 οὗ
1543 4270 1722 4321 πᾶσαν
1750 4270 1861 4321 εἰσ-

1958 3076 2228 3146 ingentem
2277 3076 2625 3146 benignitatis
2676 3075 3107 3133 celeritatemZO
3145 3078 3354 3135 facilem
3402 3095 3532 3135 con-

1960 3169 2206 3223 trahendi
2235 3168 2542 3223 rationem!
2582 3167 2695 3222 Hoc
2728 3169 2925 3223 bonum
2971 3170 3084 3224 sola
3127 3171 3401 3226 voluntate
3440 3189 3532 3227 ve-

1960 3259 2081 3315 nale
2112 3258 2204 3314 tibi
2233 3261 2585 3329 proponitur;
2623 3261 2797 3329 ipsum
2842 3258 3006 3315 animi
3031 3261 3357 3317 desiderium
3387 3262 3532 3319 Deus

1959 3350 2193 3422 iungentis
2214 3352 2371 3421 pretii
2399 3351 2518 3406 loco
2544 3352 2728 3406 habet.
2756 3351 2884 3406 Sitit
2926 3351 3062 3406 sitiri
3092 3369 3107 3405 :
3137 3352 3318 3407 bibere
3347 3354 3534 3408 volen-

1962 3439 2104 3495 tibus
2141 3448 2324 3508 potum
2357 3440 2594 3509 praebet;
2617 3454 2741 3494 cum
2766 3440 2835 3494 ab
2856 3456 2922 3495 eo
2956 3440 3276 3496 beneﬁcium
3306 3443 3531 3513 petitur,

1961 3530 2078 3599 ipse
2121 3531 2383 3586 beneﬁcio
2430 3530 2661 3585 afﬁcitur
2691 3547 2703 3583 :
2736 3532 2787 3585 in
2818 3541 3071 3602 promptu
3100 3544 3185 3588 est
3207 3534 3376 3604 ipsius
3414 3550 3537 3589 mu-

1963 3626 2234 3681 niﬁcentia
2270 3641 2334 3679 ac
2372 3626 2673 3682 liberalitas
2707 3625 3036 3695 :jncundius
3089 3628 3206 3691 dat,
3237 3643 3397 3697 quam
3436 3628 3530 3682 alii

1963 3720 2249 3789 accipiant.
2282 3719 2397 3773 Hoc
2420 3733 2587 3772 unum
2609 3732 2918 3787 caveamus,
2961 3735 3031 3774 ne
3058 3719 3227 3788 jejuni
3249 3736 3312 3776 ac
3338 3721 3533 3776 minuti

1963 3809 2129 3863 animi
2151 3819 2330 3863 natam
2367 3810 2673 3872 subeamus,
2699 3822 2888 3877 parva,
2931 3809 3134 3878 Deique
3166 3808 3535 3863 muniﬁcentia

1963 3914 2150 3967 parum
2204 3899 2361 3968 digna
2394 3898 2751 3968 postulantes.
2782 3897 2982 3954 Beatus
3010 3898 3118 3965 ille,
3154 3914 3182 3952 a
3208 3915 3337 3970 quo,
3373 3911 3434 3954 ut
3465 3902 3537 3956 ab

1963 3991 2053 4046 illa
2093 3990 2675 4061 Samaritana,,potum
2722 3989 2973 4047 Christus
3014 3992 3207 4061 poscit,
3234 3991 3537 4063 fontemque

1961 4087 2054 4140 dat
2084 4101 2235 4153 aqua:
2270 4086 2323 4138 in
2363 4086 2524 4139 vitam
2554 4093 2806 4139 aeternam
2837 4085 3155 4138 salientis“.
3195 4084 3411 4148 Beatus,
3443 4085 3535 4154 qui

1961 4181 2183 4233 seminat
2204 4192 2360 4245 super
2392 4191 2596 4230 omnem
2626 4191 2819 4244 aquam
2835 4175 2905 4239 ’⁷,
2943 4184 2998 4230 et
3030 4190 3245 4230 omnem
3277 4176 3539 4245 animam,

1963 4270 2199 4325 crastino
2237 4269 2322 4324 die
2361 4277 2544 4323 aratro
2601 4267 3066 4337 perstringendam
3096 4275 3145 4322 et
3183 4267 3535 4338 irrigandam,

275 4363 526 4419 ενεκτέον
582 4364 838 4437 σπουδὴν,
881 4364 1022 4418 ὥστε
1065 4364 1140 4435 μὴ
1172 4361 1490 4433 διαμαρτεῖν
1532 4361 1631 4432 τῆς
1676 4360 1852 4431 κοινῆς

1965 4374 2127 4430 quam
2169 4358 2328 4414 hodie
2380 4359 2477 4413 bos
2503 4368 2558 4413 et
2587 4358 2772 4412 asinus
2820 4349 3052 4420 calcant,
3089 4367 3276 4427 utpote
3307 4367 3536 4425 vastam,

274 4458 522 4529 χάριτος.

1967 4451 2222 4507 incultam
2253 4460 2307 4505 et
2331 4452 2556 4515 aridam,
2585 4463 2649 4503 ac
2679 4451 2834 4503 bruta
2858 4448 3153 4503 stoliditate
3178 4449 3535 4506 laborantem.

274 4550 501 4616 Beatus,
537 4550 629 4622 qui
653 4550 779 4606 licet
801 4551 1088 4622 juncorum
1111 4558 1324 4604 torrens
1353 4548 1443 4609 sit.
1473 4546 1542 4602 de
1568 4548 1728 4602 domo
1768 4557 1947 4603 tamen
1978 4545 2186 4601 Domini
2251 4543 2544 4614 rigatur",
2609 4551 2770 4612 atque
2837 4557 2900 4596 ex
2964 4540 3234 4611 juncilero
3277 4541 3539 4597 frumenti

274 4644 436 4697 ferax
484 4642 738 4709 cliicitur,
792 4653 1116 4713 pastumque
1173 4655 1321 4705 eum,
1387 4641 1477 4709 qui
1535 4640 1848 4697 hominibus
1885 4650 2044 4710 aptus
2082 4640 2176 4704 sit,
2208 4638 2435 4708 profert,
2474 4653 2578 4692 non
2613 4646 2790 4690 autem
2841 4651 3093 4706 asperum
3152 4645 3207 4690 et
3270 4635 3535 4689 inutilem.

279 4736 363 4789 Ac
389 4735 617 4805 proinde
637 4735 787 4790 omni
826 4749 955 4790 cura
982 4744 1037 4790 et
1062 4733 1246 4790 studio
1269 4734 1423 4788 nobis
1454 4739 1537 4787 est
1564 4734 1977 4801 providendum,
2010 4749 2075 4786 ne
2104 4731 2375 4786 communi
2415 4732 2517 4783 hac
2539 4730 2713 4799 gratia
2737 4742 3042 4782 careamus.

353 4893 403 4928 ³⁵
426 4894 617 4951 Matth.
646 4911 747 4959 xu,
776 4894 878 4960 42;
914 4894 984 4948 III
1016 4894 1148 4966 Reg.
1176 4910 1233 4958 ιι,
1260 4894 1286 4947 1
1319 4909 1437 4963 sqq.

354 5072 469 5144 (15)
495 5074 823 5144 Megaeram}.
842 5096 862 5127 ι
883 5076 1205 5141 lmmutaris,
1227 5094 1247 5128 ι
1266 5074 1317 5130 id
1340 5084 1440 5141 est,
1466 5093 1483 5125 ι
1505 5072 1854 5128 renaseeris.»

276 5216 292 5228 .
332 5143 468 5219 7(16)
667 5143 890 5215 μορφῇ.
946 5146 1136 5203 Comi).
1195 5145 1443 5214 praefert,
1503 5144 1599 5215 μία
1639 5144 1856 5215 μορφή,

275 5227 338 5271 ΙΙΙ
372 5227 708 5267 0011111131]νο
740 5232 886 5270 CiISll.

355 5284 469 5353 (17)
507 5282 911 5340 Ἐπιτέθειται.
940 5285 1106 5342 Coisl.
1146 5286 1198 5351 1,
1223 5283 1470 5339 τέθειται.

384 5353 472 5424 18)
500 5353 745 5411 Ἐκεῖσε.
778 5356 872 5411 0r.
911 5358 962 5416 1.
1001 5355 1232 5409 ἐκεῖθεν.

357 5356 472 5493 (18)
500 5356 745 5411 Ἐκεῖσε.
778 5356 872 5411 0r.
911 5358 962 5416 1.
1001 5356 1232 5409 ἐκεῖθεν.

384 5426 471 5496 19)
503 5424 728 5496 Αὐτήν.
773 5427 906 5480 Tres
934 5428 1120 5496 llegg.,
1145 5425 1371 5496 ταύτην.

358 5444 471 5495 (ιν)
505 5444 728 5489 Λυτην.
784 5444 906 5480 tres
934 5444 1007 5480 ne

353 5495 470 5580 (20)
500 5495 944 5551 Ἀπαναστᾶσα.
990 5444 1040 5550 Ἰὲ

280 5581 484 5618 στασα.

362 5634 473 5706 (21)
508 5635 840 5706 Ἀργυρίου.
900 5637 1054 5695 Deest
1083 5637 1135 5694 in
1164 5637 1401 5708 quinque
1443 5634 1613 5706 Regg.
1645 5632 1871 5690 Videtur

1040 5494 1123 5552 res
1163 5494 1331 5565 Regg.
1380 5504 1436 5550 et
1477 5495 1691 5558 Comb.,
1739 5494 1871 5546 ἀνα-

1552 4897 1596 4927 ²⁸
1622 4895 1721 4948 Isa.
1753 4909 1838 4957 LV,

1991 4893 2036 4925 ²⁶
2069 4890 2226 4946 Joan.
2253 4902 2327 4955 tv,
2361 4887 2413 4941 7.
2489 4887 2533 4918 "
2560 4885 2664 4940 lsa.
2700 4902 2875 4950 χχχιι,
2907 4885 2998 4940 20.
3075 4886 3120 4917 ³⁸
3149 4883 3265 4941 Joel
3336 4899 3418 4947 tu,
3451 4881 3539 4936 18.

1966 5071 2294 5126 Combeﬁsio
2325 5071 2595 5138 glossema
2630 5086 2776 5135 esse,
2806 5082 2899 5124 aut
2921 5070 3023 5125 alia
3058 5071 3235 5124 lectio.

2041 5142 2150 5210 (22)
2194 5140 2392 5195 Τοῦτο.
2429 5141 2585 5194 Deest
2618 5142 2669 5193 in
2697 5144 2935 5209 quinque
2973 5142 3136 5210 llegg.
3164 5152 3218 5195 et
3247 5139 3342 5194 Or.
3381 5140 3433 5193 1.

2038 5210 2150 5281 (25)
2176 5212 2398 5282 ΜόνονΖ
2433 5212 2562 5279 Reg.
2597 5212 2706 5282 bin,
2742 5213 2925 5282 μόνου.

2039 5279 2329 5363 (24)..Τοῦ.
2379 5281 2566 5335 Plures
2605 5279 2776 5352 Rrgg'.
2824 5292 2880 5337 et
2928 5280 3104 5346 Colb.,
3153 5280 3290 5347 Jes.,
3323 5280 3541 5345 Comi»,

1967 5361 2096 5412 etc...
2120 5361 2219 5412 τῷ.

2038 5371 2551 5492 (Ξὸξῳέαμίιρεῖτιν.
2580 5420 2672 5477 Or.
2707 5423 2758 5484 1,
2787 5422 3154 5493 Σαμαρείτην.

2039 5494 2149 5564 (26)
2180 5492 2565 5564 Χειμάρρους.
2604 5493 2662 5564 In
2684 5492 2977 5557 nonnullis,
3009 5492 3330 5564 χείμαρρος.

2040 5563 2152 5633 (27)
2187 5562 2472 5632 Τραχεῖάν
2507 5579 2590 5617 τε.
2631 5563 2723 5619 Sic
2762 5573 2871 5620 tres
2923 5561 3110 5634 negg.’
3135 5561 3191 5618 et
3219 5561 3343 5619 tres
3386 5561 3539 5619 Colb.

1972 5633 2132 5691 Deest
2159 5649 2219 5687 τε
2246 5636 2298 5689 in
2325 5635 2413 5691 ed.

2017 5642 2132 5691 eest
2159 5649 2219 5687 τε
2246 5636 2298 5689 in
2325 5636 2413 5691 ed.
