3902 6218
369 268 476 326 599

1581 267 1638 323 S.
1679 264 2009 321 GREGORII
2050 262 2400 319 TIIEOIDGI

3525 259 3630 315 400

439 384 670 441 XXVIII.
712 384 833 441 Sint
862 384 979 440 haec
1009 399 1161 449 sane,
1198 385 1397 441 dixerit
1439 386 1653 454 aliquis,
1684 394 1941 453 quantum

2115 382 2252 436 KH’.
2293 384 2473 436 Ἔστω
2504 380 2696 442 ταῦτα,
2726 381 2880 451 φησὶ,
2934 381 3062 451 περὶ
3092 379 3202 434 τῶν
3226 379 3630 448 ἐπιζητούντων

369 479 439 534 ad
466 492 560 534 eos
588 476 798 541 attinet,
825 476 918 545 qui
948 476 1271 546 baptismum
1317 477 1619 545 requirunt.
1670 475 1809 541 Quid
1852 491 1947 527 au-

373 585 482 627 tem
504 571 572 624 de
597 569 666 624 iis
703 568 871 636 dices,
899 570 991 638 qui
1045 579 1227 624 tenera
1272 568 1451 622 adhuc
1480 577 1640 622 aetate
1674 575 1818 632 sunt,
1848 580 1949 620 nec

370 673 465 720 aut
495 663 747 717 damnum
782 670 875 715 aut
918 663 1148 730 gratiam
1182 660 1461 716 sentiunt?
1488 660 1567 713 An
1602 674 1695 713 eos
1726 672 1943 727 quoque

372 753 801 822 baptizabimus?
846 752 923 805 lta
970 764 1213 822 prorsus,
1248 750 1294 805 si
1324 749 1469 819 quod
1519 747 1817 819 periculum
1854 764 1949 802 ur-

373 855 513 914 geat.
547 844 773 898 Praestat
794 844 936 899 enim
968 842 1172 912 absque
1205 856 1367 897 sensu
1399 840 1759 901 sanetilicari,
1787 855 1947 909 quam

374 938 492 991 sine
515 935 691 1006 sigillo
716 943 772 989 et
799 934 1107 989 initiatione
1134 934 1445 988 abscedere.
1478 935 1653 1003 Atque
1680 933 1838 1000 hujus
1871 931 1948 987 rei

375 1028 515 1082 ratio
546 1026 702 1081 nobis
735 1034 819 1080 est
866 1026 1233 1089 circumcisio,
1266 1026 1352 1080 die
1392 1028 1585 1081 octav’o
1624 1026 1805 1095 peragi
1862 1039 1951 1080 so-

373 1118 467 1171 lita
484 1118 551 1182 '9,
587 1132 707 1187 quae
739 1116 991 1186 baptismi
1024 1116 1249 1186 ﬁguram
1272 1117 1675 1184 quodammodo
1703 1116 1947 1187 gerebat,

374 1218 533 1278 atque
563 1209 651 1269 iis,
685 1211 775 1277 qui
806 1208 1030 1262 rationis
1060 1207 1237 1261 adhuc
1275 1215 1526 1274 expertes
1560 1217 1737 1271 erant,
1760 1206 1952 1261 oll'ere-

375 1303 563 1368 batur;
591 1300 750 1354 sicuti
782 1301 946 1354 etiam
977 1298 1214 1368 postium
1243 1299 1445 1364 unctio,
1467 1313 1608 1367 quae,
1642 1301 1804 1353 rebus
1828 1314 1953 1352 sen-

373 1408 434 1447 su
464 1391 774 1447 carentibus
806 1391 1065 1457 adhibita,
1096 1390 1470 1461 primogenitis
1514 1390 1759 1461 salutem
1788 1388 1954 1461 714

374 1481 650 1537 all'erebat.
699 1482 772 1535 De
813 1481 1035 1549 reliquis
1084 1480 1160 1535 ita
1223 1460 1439 1545 censeo,
1469 1465 1529 1535 ut
1591 1460 1823 1535 trienriio
1851 1496 1953 1534 ex-

374 1580 639 1643 apectato,
676 1580 769 1626 aut
822 1572 1104 1642 aliquanto
1169 1572 1403 1626 breviori
1431 1570 1511 1627 vel
1554 1570 1783 1640 longiori
1821 1582 1955 1625 tem-

374 1663 524 1734 poris
567 1662 739 1731 spatio
762 1662 910 1728 (nam
946 1672 1079 1725 tum,
1115 1670 1169 1716 et
1198 1656 1420 1732 mystici
1453 1660 1711 1729 quiddam
1741 1651 1951 1723 audire,

2046 473 2107 525 τὸ
2136 472 2435 543 βάπτισμα.
2470 472 2534 524 Τί
2559 472 2602 525 δ’
2624 471 2689 527 ἂν
2709 470 2879 535 εἴποις
2895 472 3022 543 περὶ
3038 470 3147 523 τῶν
3171 469 3249 522 ἔτι
3265 471 3474 540 νηπίων
3493 471 3630 538 (28),

2048 564 2143 617 καὶ
2176 566 2309 636 μήτε
2339 564 2439 633 τῆς
2460 562 2664 634 ζημίας
2694 562 3192 632 ὲπαισθανομένων,
3237 562 3374 631 μήτε
3404 562 3504 631 τῆς
3530 562 3632 631 χά-

2050 675 2231 729 ριτο;;
2272 656 2304 728 ἢ
2340 658 2434 710 καὶ
2458 655 2630 709 ταῦτα
2659 654 2991 724 βαπτίσομεν
3014 652 3126 723 (29)
3149 669 3163 719 ;
3187 652 3334 705 Πάνυ
3369 668 3452 721 γε,
3472 652 3635 724 εἴπερ

2046 768 2131 813 τις
2154 749 2362 817 ἐπείγοι
2387 748 2495 818 (50)
2539 747 2804 809 κίνδυνος.
2837 747 3105 817 Κρείσσον
3136 745 3246 815 γὰρ
3292 744 3637 814 ἀναισθήτως

2047 841 2395 912 ἀγιασθῆναι,
2452 840 2486 912 ἢ
2537 839 2792 892 ἀπελθεῖν
2840 838 3188 909 ἀσφράγιστα
3227 836 3319 890 καὶ
3350 836 3636 891 ἀτέλεστα.

2050 933 2160 985 Καὶ
2186 931 2375 985 τούτου
2398 930 2555 999 λόγος
2585 932 2739 1000 ἡμῖν,
2776 931 2809 999 ὴ
2844 928 3186 1001 ὀκταήμερος
3225 928 3517 999 περιτομὴ.
3544 945 3640 980 τυ·

2051 1023 2186 1092 πική
2210 1040 2292 1086 τις
2319 1018 2453 1075 οὖσα
2486 1021 2742 1093 σφραγὶς,
2780 1018 2876 1073 καὶ
2903 1018 3212 1087 ἀλογίστοις
3252 1017 3333 1070 ἔτι
3366 1035 3641 1089 προσαγο⁹

2054 1112 2211 1183 μένη·
2246 1112 2321 1174 ὡς
2354 1111 2410 1164 δὲ
2436 1111 2531 1164 καὶ
2572 1113 2606 1182 ἡ
2637 1110 2746 1164 τῶν
2788 1111 2958 1180 φλιῶν
2996 1113 3197 1184 χρίσις,
3230 1112 3319 1166 διὰ
3350 1112 3459 1166 τῶν
3484 1115 3612 1167 άναι

2054 1201 2268 1272 σθήτων
2300 1201 2645 1271 φυλάττουσα
2679 1203 2748 1255 τά
2779 1203 3122 1274 πρωτότοκα.
3154 1205 3291 1276 Περὶ
3321 1204 3379 1258 δὲ
3410 1205 3516 1258 τῶν
3544 1205 3642 1258 ἄλο

2050 1293 2157 1346 λων
2184 1293 2374 1365 δίδωμι
2406 1293 2652 1366 γνώμην,
2705 1294 2804 1366 τὴν
2835 1296 3079 1367 τριετίαν
3131 1297 3550 1366 ἁναμείναντας,
3603 1297 3640 1368 ἦ

2055 1384 2247 1456 μικρὸν
2281 1385 2433 1449 ἐντὸς
2464 1386 2676 1451 τούτου,
2704 1388 2738 1458 ἣ
2767 1387 2906 1458 ὑπὲρ
2941 1387 3096 1441 τοῦτο
3145 1387 3325 1458 (ἡνίκα
3351 1389 3447 1441 καὶ
3476 1388 3644 1442 ἀκοῦ-

2055 1476 2142 1530 σαί
2158 1494 2210 1530 τι
2238 1476 2517 1546 μυστικὸν,
2541 1478 2634 1530 καὶ
2657 1477 3046 1547 ἀποκρίνεσθαι
3071 1477 3440 1548 (summm,
3463 1479 3511 1530 εί
3546 1478 3644 1530 καὶ

2060 1565 2134 1636 μὴ
2173 1566 2423 1618 συνιέντα
2470 1565 2689 1632 τελέως,
2750 1565 2864 1619 ἀλλ’
2917 1562 3009 1619 οὖν
3060 1564 3416 1636 τυπούμενα),
3467 1563 3646 1629 οὕτως

2053 1656 2306 1726 άγιάζειν
2341 1657 2435 1710 καὶ
2482 1656 2661 1727 ψυχὰς
2684 1658 2779 1709 καὶ
2803 1655 3031 1728 σώματα
3063 1656 3142 1727 τῷ
3167 1656 3388 1728 μεγάλῳ
3428 1672 3643 1726 μυστη-

376 1732 433 1804 et
457 1751 787 1820 respondere
816 1760 1062 1819 possunt,
1090 1763 1154 1803 ac
1185 1750 1228 1804 si
1271 1749 1448 1803 minus
1490 1749 1648 1819 plene
1682 1759 1736 1827 et
1763 1760 1954 1804 exacte

2064 1748 2161 1819 ρίῳ
2179 1750 2277 1820 τῆς
2301 1747 2649 1813 τελειώσεως.
2688 1750 2801 1803 Καὶ
2846 1749 2956 1821 γάρ
3010 1749 3182 1812 οὕτως
3212 1749 3343 1819 ἔχει·
3381 1746 3488 1800 Τοῦ
3543 1748 3650 1818 μὲν

377 1840 712 1911 intelligunt,
750 1841 1065 1894 imbuuntur
1097 1849 1274 1892 tamen
1325 1847 1380 1892 et
1430 1838 1955 1909 informantur);ita

379 1935 618 1995 demum,
649 1945 844 2000 magno
876 1929 1228 2000 perfectionis
1259 1939 1619 1993 sacramento,
1660 1937 1715 1985 et
1747 1931 1956 1986 animas

379 2034 436 2078 et
469 2037 697 2092 corpora
753 2020 1113 2077 sanetilicent.
1162 2019 1375 2073 Etenim
1424 2034 1509 2074 res
1543 2020 1617 2073 ita
1655 2037 1716 2076 se
1768 2021 1951 2076 habet.

379 2114 518 2170 Viue
565 2110 782 2181 quidem
839 2110 1142 2166 actionibus
1196 2110 1493 2166 referendis
1567 2120 1679 2166 tum
1739 2115 1954 2167 demum

379 2203 599 2259 obnoxii
653 2216 773 2257 esse
823 2201 1106 2272 incipiunt,
1156 2216 1278 2255 cum
1327 2213 1380 2257 et
1434 2205 1574 2258 ratio
1623 2205 1691 2259 ad
1738 2205 1957 2273 plenum

381 2293 655 2357 accrevit,
705 2301 759 2347 et
822 2292 1137 2362 mysterium
1184 2291 1498 2347 "didicerunt
1550 2293 1762 2362 (aetatis
1813 2295 1959 2349 cnim

381 2384 644 2439 beneﬁcio
700 2386 803 2439 hoc
852 2384 1071 2447 habent,
1129 2391 1189 2436 ut
1245 2392 1614 2451 peccatorum,
1683 2399 1801 2453 quae
1862 2400 1961 2454 per

2063 1840 2179 1910 βίου
2210 1840 2308 1904 τὰς
2338 1840 2569 1904 εὐθύνας
2600 1840 2900 1912 τηνικαῦτα
2939 1842 3159 1911 ὑπέχειν
3194 1841 3308 1910 (52)
3358 1840 3643 1911 ἄρχονται,

2062 1931 2222 2000 ἡνίκα
2268 1930 2333 1984 ἂν
2361 1931 2449 1983 ὅτε
2493 1930 2649 1999 λόγος
2678 1931 3074 2002 συμπληρωθῇ,
3110 1930 3205 1984 καὶ
3238 1929 3300 1982 τὸ
3343 1929 3647 1999 μυστήριον

2055 2020 2268 2092 μάθωσι
2324 2022 2452 2092 (τῶν
2488 2023 2602 2094 γάρ
2659 2021 2719 2089 ἐξ
2765 2022 2989 2090 ἀγνοίας
3030 2022 3441 2094 ἁμαρτημάτων
3488 2018 3648 2087 παρά

2052 2113 2149 2183 τῆς
2197 2113 2415 2183 ἡλικίας
2470 2114 2652 2176 αὐτοῖς
2675 2113 2737 2166 τὸ
2782 2113 3070 2167 ἀνεύθυνον
3108 2112 3267 2186 [55])·
3310 2112 3646 2183 τετειχίσθαι

2053 2205 2110 2257 δὲ
2145 2205 2256 2276 (54)
2295 2205 2373 2276 τῷ
2405 2205 2642 2278 λουτρῷ,
2697 2206 2861 2259 παντὶ
2890 2206 3034 2277 λόγῳ
3062 2205 3517 2277 λυσιτελέστερον,
3553 2204 3649 2257 διὰ

2054 2298 2155 2361 τὰς
2183 2298 2442 2370 ἐξαίφνης
2471 2300 2886 2371 συμπιπτούσας
2911 2300 3025 2371 (55)
3054 2303 3185 2372 ἡμῖν
3212 2300 3517 2373 προσϐολὰς
3533 2299 3650 2353 τῶν

2060 2389 2338 2455 κινδύνων,
2370 2394 2463 2445 καὶ
2493 2391 2744 2464 βοηθείας
2771 2393 3144 2465 ἰσχυροτέρας.
3530 2381 3538 2390 ’

381 2474 741 2545 ignorantiam
779 2474 1116 2539 admiserint,
1157 2474 1421 2528 rationem
1478 2475 1704 2530 reddere
1750 2477 1971 2532 minime
2009 2482 2327 2551 cogantur);
2389 2494 2441 2539 at
2499 2495 2719 2554 propter
2762 2485 3065 2552 inopinatos
3110 2496 3164 2540 et
3204 2484 3514 2554 repentinos
3546 2498 3648 2551 pe-

381 2566 672 2621 riculorum
703 2567 955 2635 impetus,
978 2566 1179 2635 quique
1208 2564 1354 2618 nulla
1383 2580 1487 2636 ope
1534 2577 1697 2637 atque
1764 2567 1965 2625 auxilio
1999 2574 2298 2642 propulsari
2374 2586 2592 2644 queant,
2653 2576 2867 2632 lavacro
2892 2577 3215 2632 communiri
3240 2578 3461 2631 omnino
3504 2590 3646 2630 con-

383 2657 668 2713 ducibilius
693 2668 796 2712 est.

457 2749 652 2805 XXIX.
688 2749 926 2805 Atdices
955 2767 969 2804 :
996 2748 1246 2805 Christus
1291 2749 1572 2822 trigesimo
1602 2764 1746 2805 anno
1780 2750 1957 2820 bapti-

2131 2753 2260 2807 KG’.
2312 2752 2473 2806 Ἀλλά
2500 2752 2754 2824 Χριστὸς,
2796 2752 2952 2823 φησὶ,
2988 2751 3418 2821 τριακονταέτης
3445 2750 3650 2821 βαπτί-

384 2850 541 2895 aatur
557 2839 623 2908 '°,
649 2839 812 2908 idque
840 2854 960 2894 cum
990 2840 1128 2892 Deus
1158 2849 1305 2893 esset
1341 2854 1353 2889 :
1391 2849 1446 2892 tu
1495 2853 1623 2894 vero
1668 2853 1751 2891 me
1788 2838 1961 2906 bapti-

382 2945 560 2989 smum
584 2944 776 3000 urgere
796 2928 992 2997 iubes?
1013 2928 1146 2983 Cum
1176 2930 1345 2983 Deum
1385 2929 1590 2991 dixisti,
1613 2930 1838 2999 quaestio
1866 2930 1964 2983 abs

388 3035 440 3078 te
472 3020 646 3076 soluta
671 3030 774 3076 est.
814 3020 949 3074 Nam
993 3022 1084 3076 ille
1122 3019 1374 3089 purgatio
1416 3021 1646 3087 ipsamet
1676 3030 1816 3085 erat,
1861 3034 1963 3075 nec

388 3113 722 3184 purgationis
768 3113 1076 3181 indigebat;
1130 3126 1316 3166 verum
1366 3121 1451 3164 tua
1503 3125 1666 3165 causa
1701 3112 1964 3181 purgaba-

391 3215 500 3270 tur,
527 3204 979 3275 quemadmodum
1006 3213 1061 3256 et
1089 3218 1307 3258 carnem
1358 3201 1588 3267 ferebat,
1621 3218 1745 3256 cum
1778 3203 1963 3259 carnis

388 3310 584 3365 expers
637 3305 802 3352 esset.
852 3294 964 3349 Nec
1013 3310 1142 3351 vero
1176 3295 1224 3350 ei
1270 3295 1562 3364 quidquam
1593 3295 1817 3365 periculi
1853 3312 1966 3352 me-

391 3389 647 3442 tuendum
708 3397 844 3452 erat,
905 3386 1229 3455 baptismum
1265 3386 1612 3456 proroganti;
1644 3386 1843 3455 quippe
1867 3388 1961 3456 qui

391 3478 664 3548 passionis
686 3492 903 3547 quoque
931 3493 1043 3533 sua:
1070 3476 1272 3532 arbiter
1299 3485 1466 3539 esset,
1501 3478 1961 3547 quemadmodum

393 3578 448 3622 et
477 3568 796 3623 nativitatis.
827 3568 946 3623 Tibi
990 3578 1171 3623 autem
1214 3583 1318 3624 non
1358 3568 1475 3624 leve
1524 3569 1825 3638 periculum
1861 3571 1965 3623 im-

395 3658 584 3725 minet,
611 3658 655 3714 si
705 3659 852 3721 hinc,
881 3658 1212 3729 corruptioni
1235 3659 1332 3714 soli
1363 3661 1598 3729 genitus,
1633 3674 1733 3714 nec
1774 3661 1961 3715 incor-

393 3748 751 3817 ruptibilitate
809 3750 1049 3812 indutus,
1100 3751 1424 3806 excesseris.
1460 3750 1601 3817 Quin
1634 3751 1766 3804 illud
1795 3752 1957 3805 etiam

391 3840 783 3903 animadverto,
816 3839 967 3909 [quod
1005 3839 1078 3892 illi
1107 3839 1326 3908 quidem
1382 3849 1594 3908 tempus
1642 3839 1747 3893 hoc
1792 3840 1965 3908 bapti-

393 3932 494 3987 smi
522 3932 890 3986 necessarium
922 3940 1069 3991 erat;
1096 3940 1184 3985 tua
1206 3941 1385 3985 autem
1412 3945 1516 3985 non
1554 3930 1741 3985 eadem
1775 3942 1857 3984 est
1880 3945 1967 3982 ra-

2064 2848 2234 2912 ζεται,
2271 2847 2366 2901 καὶ¹
2394 2846 2569 2899 ταῦτα
2596 2844 2728 2908 Θεὸς
2757 2844 2854 2898 ὥν·
2897 2844 2992 2898 καὶ
3022 2844 3086 2897 σὺ
3117 2842 3358 2906 κελεύεις
3381 2841 3651 2896 ἐπισπεύ-

2061 2939 2168 2992 δειν
2201 2937 2262 2990 τὸ
2286 2937 2601 3008 βάπτισμα;
2632 2934 2766 2987 Θεὸν
2799 2933 2991 2997 εἰπὼν,
3023 2933 3255 2996 λέλυκας
3283 2934 3343 2986 τὸ
3376 2932 3650 3004 ζητούμε-

2061 3046 2169 3082 νον.
2212 3028 2272 3081 Ὀ
2325 3027 2423 3097 μὲν
2464 3025 2574 3097 γάρ
2625 3024 3025 3096 αὐτοκάθαρσις
3068 3018 3158 3094 ἦν,
3210 3023 3306 3076 καὶ
3336 3024 3436 3078 οὑκ
3472 3023 3654 3076 ἐδεῖτο

2062 3115 2403 3186 καθάρσεως·
2442 3114 2577 3168 ἀλλὰ
2600 3114 2684 3167 σοὶ
2732 3112 3077 3185 καθαίρεται,
3104 3112 3293 3182 ὥσπερ
3318 3112 3415 3166 καὶ
3461 3112 3650 3183 σάρκα

2065 3208 2221 3278 φορεῖ
2243 3207 2326 3259 σοὶ
2363 3205 2498 3275 (56),
2526 3205 2765 3276 ἄσαρκος
2783 3204 2880 3258 ὢν.
2909 3204 3042 3258 Οὐδέ
3062 3190 3147 3266 τις
3171 3204 3416 3267 κίνδυνος
3444 3200 3510 3275 ἦν
3544 3205 3650 3258 αὑ-
3722 3264 3729 3267 _

2063 3297 2140 3368 τῷ
2166 3298 2226 3350 τὸ
2279 3297 2559 3367 βάπτισμα
2591 3295 2989 3365 παρατείνοντιο
3037 3294 3202 3358 αὐτὸς
3253 3295 3362 3365 γὰρ
3395 3295 3489 3348 καὶ
3546 3295 3646 3347 τοῦ

2065 3388 2256 3443 παθεῖν
2277 3386 2345 3460 ἦν
2378 3388 2554 3458 ἑαυτῷ
2577 3388 2799 3457 ταμίας,
2830 3386 3018 3458 ὥσπερ
3046 3387 3140 3439 καὶ
3184 3385 3297 3456 (57)
3327 3386 3424 3454 τῆς
3453 3386 3649 3455 γεννή-

2065 3499 2221 3544 σεως.
2242 3482 2332 3533 Σοὶ
2361 3481 2440 3544 δὲ,
2474 3480 2594 3534 οὐδὲ
2619 3479 2750 3550 περὶ
2786 3477 2999 3550 μικρῶν
3020 3482 3048 3532 6
3081 3478 3340 3542 κίνδυνος,
3377 3478 3424 3530 εί
3463 3477 3644 3531 ἁπέλ-

2065 3572 2177 3636 θοις
2205 3574 2269 3643 τῇ
2297 3573 2471 3643 φθορᾷ
2496 3571 2772 3642 γεννηθεὶς
2800 3571 2954 3641 μόνῃ,
2982 3570 3077 3623 καὶ
3109 3569 3182 3639 μὴ
3209 3568 3305 3639 τὴν
3335 3568 3651 3639 ἀφθαρσίαν

2065 3665 2472 3735 ἀμφιεσάμενος
2507 3663 2642 3733 (38).
2693 3660 2888 3715 Σκοπῶ
2935 3660 2993 3713 δὲ
3031 3662 3271 3724 κάκεῖνο,
3296 3662 3377 3714 ὃτι
3403 3659 3480 3730 τῷ
3542 3660 3647 3730 μὲν

2065 3757 2360 3823 ἀναγκαῖος
2387 3751 2454 3825 ἦν
2478 3749 2632 3817 οὗτος
2660 3754 2689 3806 6
2716 3753 2902 3823 καιρὸς
2930 3750 3024 3804 τοῦ
3050 3750 3440 3821 βαπτίσματος⁹
3475 3752 3558 3804 σοὶ
3583 3752 3647 3805 δὲ

2064 3847 2163 3916 οὐχ
2192 3848 2220 3898 6
2249 3845 2410 3909 αὐτὸς
2443 3844 2617 3914 λόγος.
2675 3843 2976 3915 Ἀνεδείχθη
3030 3842 3131 3913 μὲν
3178 3843 3287 3915 γὰρ
3323 3844 3646 3915 τριακοστὸν

2066 3935 2306 4005 γεγονὼς
2338 3935 2480 3999 ἔτος,
2516 3936 2577 3988 οὐ
2613 3935 2898 4006 πρότερον,
2946 3933 3041 3986 τοῦ
3096 3951 3155 3986 τε
3196 3933 3307 4004 (59)
3359 3934 3435 4003 μὴ
3470 3933 3649 3986 δοκεῖν

393 4024 488 4077 ιίο.
540 4022 743 4079 Idcirco
784 4023 928 4076 enim
971 4023 1061 4077 ille
1106 4024 1397 4092 trigesimo,
1431 4023 1664 4091 denique
1711 4036 1872 4086 anno,
1898 4036 1958 4075 ac

2068 4026 2432 4089 ὲπιδεικτικὸς
2482 4023 2620 4080 εἶναι
2675 4043 2760 4090 τις
2818 4026 2946 4095 (τῶν
2989 4026 3097 4096 γὰρ
3155 4024 3532 4095 ἀπειροκάλων
3581 4026 3647 4078 τὸ

392 4128 498 4168 non
539 4114 710 4184 prius,
736 4128 859 4169 sese
892 4114 1171 4179 indicavit,
1200 4124 1309 4168 tum
1340 4127 1409 4167 ne
1439 4120 1746 4167 ostentator
1765 4112 1958 4181 aliquis

2070 4118 2285 4189 πάθος),
2318 4119 2411 4171 καὶ
2442 4119 2517 4181 ὡς
2546 4117 2756 4172 τελείαν
2784 4117 3014 4187 βάσανον
3042 4118 3266 4188 ἀρετῆς,
3297 4116 3393 4170 καὶ
3437 4116 3529 4170 τοῦ
3567 4116 3646 4170 δι-

391 4219 510 4260 esse
554 4205 829 4259 videretur
859 4202 989 4274 (quo
1017 4202 1210 4258 affectu
1258 4203 1422 4274 inepti
1463 4203 1713 4258 homines
1758 4205 1964 4258 ducun-

395 4297 530 4366 tur);
558 4305 668 4350 tmn
704 4298 831 4365 quia
859 4297 972 4352 base
1000 4305 1132 4350 aetas
1165 4295 1382 4364 plenum
1428 4295 1644 4348 virtutis
1672 4309 1965 4363 argumen-

395 4400 528 4450 tum,
568 4388 902 4458 docendique
929 4387 1299 4442 maturitatem
1349 4386 1528 4440 habet.
1556 4384 1675 4440 Jam
1711 4384 1963 4454 quoniam

394 4482 441 4535 ei
473 4481 810 4536 salutiferam
861 4480 1064 4536 mundo
1096 4474 1421 4548 supplicium
1456 4476 1791 4531 subeundum
1827 4485 1963 4540 erat,

393 4574 576 4627 omnia
612 4572 877 4643 profecto,
903 4586 1024 4642 qua!
1066 4571 1133 4626 ad
1167 4571 1472 4639 passionem
1528 4570 1868 4638 spectabant,
1898 4569 1966 4621 ad

396 4667 703 4733 passionem
742 4678 1071 4719 concurrere
1124 4662 1434 4731 oportebat,
1471 4660 1727 4721 nimirum
1776 4668 1963 4714 osteno

397 4758 625 4822 sionem,
657 4757 1005 4827 baptismum,
1027 4755 1252 4810 caeleste
1306 4751 1692 4817 testimonium,
1715 4751 1965 4821 praedica-

466 4870 513 4903 ”
544 4866 681 4924 Gen.
705 4866 930 4931 “11,12.
1008 4864 1054 4897 ³ο
1084 4865 1217 4921 an.
1251 4879 1337 4928 Ill,
1368 4863 1461 4918 25.

468 4980 580 5053 (28)
611 4978 738 5053 Τῶν
753 4978 1116 5053 ἐτιμνηπίων.
1143 4977 1199 5032 In
1228 4977 1318 5031 Or.
1342 4977 1369 5031 1
1397 4974 1546 5030 deest
1575 4972 1700 5027 τῶν.
1744 4971 1801 5027 In
1827 4988 1966 5029 non-

399 5048 584 5115 nullis,
606 5050 815 5120 νηπίων
838 5048 1025 5103 ὅντων.

471 5112 1009 5189 (29)·Βὶιπτίσομεν.
1035 5116 1097 5189 In_
1120 5115 1459 5189 quibusdam,
1489 5112 1855 5184 βαπτίσωμεν.

610 5184 890 5261 ΪΕπείτο-ιξ
916 5189 1046 5261 Reg.
1082 5184 1192 5261 δεῇ.
1224 5184 1453 5261 ἐπείγειἔ

492 5197 581 5261 50)
610 5197 889 5258 Ἐπειτοι.
916 5197 1046 5256 ueg.
1083 5197 1192 5241 bm.
1224 5197 1453 5254 επειγει.

437 5197 582 5384 θὶἵῖί)
611 5257 1082 5327 Ἀποκρίνεσθαι.
1126 5256 1365 5323 Quatuor
1410 5254 1601 5324 Regg.,
1658 5250 1955 5323 ἀποκρινα-

401 5347 546 5386 συαι.

474 5400 586 5470 (52)
618 5395 915 5470 ῘΥπέχειν.
943 5394 1107 5470 Cois].
1128 5393 1507 5470 _I,_7ra_péxezv.

617 5457 995 5537 Ἀνεῦθυνον.
1055 5457 1236 5520 Schul.
1290 5457 1697 5535 ’Ᾱτίμώρητονο
1740 5478 1761 5513 ι
1813 5457 1969 5514 Nullo

404 5536 556 5596 reatu
574 5536 577 5537 ⁷
595 5536 811 5594 obnoxii
844 5545 1143 5591 teneantur.
1170 5552 1189 5585 ι

476 5608 590 5679 (54)
620 5608 979 5679 Tarax!ma
1005 5603 1214 5679 6s._Sic
1238 5609 1468 5672 quatuor
1508 5600 1700 5674 Regg.,
1728 5599 1824 5659 0r.
1856 5601 1881 5655 l
1917 5607 1973 5655 et

404 5673 596 5745 Camb.
621 5677 680 5736 In
716 5673 826 5748 edi,
861 5673 1188 5748 τετειχίσθαι
1216 5690 1299 5728 τε.

2069 4209 2288 4263 δάσκειν
2335 4212 2524 4280 καιρὸν
2569 4209 2774 4281 ταύτης
2813 4209 3042 4280 ἐχούσης
3073 4208 3174 4279 τῆς
3221 4209 3452 4279 ἡλικίας.
3492 4209 3642 4261 Ἐπεὶ

2069 4300 2125 4353 δὲ
2155 4300 2266 4371 (40)
2310 4301 2502 4355 παθεῖν
2536 4300 2643 4354 ἔδει
2675 4301 2737 4354 τὸ
2767 4300 2861 4353 τοῦ
2912 4300 3115 4371 κόσμου
3151 4302 3415 4372 σωτήριον
3450 4299 3642 4363 πάθος,

2063 4390 2240 4444 πάντα
2268 4392 2589 4462 συνδραμεῖν
2619 4392 2726 4445 ἔδει
2748 4393 2882 4464 πρὸς
2913 4392 2973 4445 τὸ
2998 4390 3168 4454 πάθος
3187 4392 3286 4444 ὅσα
3304 4390 3396 4443 τοῦ
3414 4389 3639 4453 πάθους,

2063 4481 2162 4553 τὴν
2193 4481 2488 4546 ἀνάδειξιν,
2522 4482 2584 4535 τὸ
2613 4482 2917 4552 βάπτισμα,
2945 4482 3042 4550 τὴν
3076 4479 3284 4533 ἀνωθεν
3313 4480 3642 4550 μαρτυρίαν,

2062 4572 2123 4625 τὸ
2149 4573 2432 4643 κήρυγμα,
2457 4573 2556 4644 τὴν
2592 4574 2896 4645 συνδρομὴν
2929 4571 3023 4626 τοῦ
3052 4570 3313 4643 πλήθους,
3334 4571 3402 4625 τὰ
3428 4570 3645 4640 θαύμα-

2061 4680 2149 4727 τα,
2182 4664 2277 4717 καὶ
2301 4663 2490 4735 ὥσπερ
2521 4663 2579 4717 ἓν
2609 4665 2767 4736 σῶμα
2800 4664 3075 4735 γενέσθαι,
3107 4662 3183 4733 μὴ
3226 4662 3640 4732 διεσπασμένον,

2067 4753 2203 4825 μηδὲ
2234 4755 2654 4828 ἀπερῤηγμένον
2696 4758 2807 4820 τοῖς
2832 4755 3218 4826 διαστήμασιν.
3262 4754 3358 4806 Ἐκ
3389 4752 3487 4824 μὲν
3530 4752 3643 4823 γὰρ

2143 4975 2254 5047 (55)
2284 4979 2857 5046 Συμπιπτούσας.1ιι
2912 4979 3211 5043 nonnullis,
3267 4975 3644 5050 προσπιπτού-

2072 5061 2255 5239 ἓξὲξ)
2295 5116 2423 5239 gest.
2470 5133 2490 5167 ι
2545 5116 2600 5171 In
2652 5118 2731 5172 tui
2785 5120 3034 5188 gratiam.
3081 5138 3102 5171 ι
3155 5122 3315 5175 Deest
3364 5117 3420 5172 in
3470 5116 3642 5170 tribus

2067 5194 2261 5379 :Fggi).
2282 5194 2511 5322 "353.389
2535 5256 2656 5309 καί.
2683 5255 2775 5311 Sic
2804 5257 3046 5327 plerique
3077 5258 3237 5314 codd.
3271 5258 3434 5313 Deest
3453 5255 3547 5309 καί
3580 5256 3638 5310 in

2271 5394 2763 5469 ’Διίςοιεονᾴμενοςζ
2785 5396 2878 5452 Or.
2915 5397 2967 5462 1,
2992 5397 3424 5469 ἀμφιασάμενος.

2277 5463 2387 5536 [οὗ
2417 5481 2502 5536 τε.
2531 5463 2666 5529 Jes.,
2698 5465 2775 5536 τῷ
2802 5485 2883 5521 τε.

2066 5532 2253 5674 ὲ
2275 5534 2433 5657 ἐπεὶ
2454 5533 2542 5590 δέ.
2579 5536 2672 5594 Sic
2696 5532 2925 5607 quatuor
2950 5536 3115 5609 Regg.
3147 5546 3203 5594 et
3220 5535 3408 5594 Camb.
3436 5533 3496 5588 In
3521 5532 3641 5599 ed.,
