3902 6218
272 277 374 332 401

1204 283 1468 341 ORATIO
1508 285 1620 342 XL.
1660 317 1729 327 -—
1765 287 1835 343 IN
1874 287 2204 347 SANCTUM
2245 290 2609 349 BAPTISMA.

3415 296 3526 355 402

264 394 359 447 τοῦ
390 392 770 466 βαπτίσματος
793 397 886 450 καὶ
910 396 1002 451 τοῦ
1042 400 1418 473 κηρύγματος,
1452 405 1481 457 ὁ
1499 404 1609 457 τῶν
1633 422 1859 478 συντρε-

1980 409 2186 479 ηῑοιιεηι,
2212 411 2578 468 multitudinis
2607 426 2956 479 concursum,
2983 414 3264 482 miracula,
3303 425 3358 473 et
3378 420 3524 475 velut

266 486 473 555 χὸντων
501 488 726 559 σεισμὸς
741 488 855 559 (41)
888 488 1051 561 (οὕτω
1082 492 1439 568 γὰρὴΓραφὴ
1462 496 1616 551 καλεῖ
1628 498 1852 552 τὸνκαι-

268 577 361 648 ρδν
384 580 637 648 ἐκεῖνον),
674 581 741 634 ὲκ
774 581 830 634 δὲ
851 582 944 635 τοῦ
969 582 1227 653 πλήθους,
1254 589 1287 657 ἡ
1317 587 1423 640 τῶν
1460 589 1701 660 σημείων
1728 590 1850 644 ἐπί-

266 667 457 735 δειξις,
494 671 591 724 καὶ
619 671 689 724 τά
716 671 971 744 θαύματα
1002 675 1080 746 τῷ
1122 677 1442 751 Εὐαγγελίῳ
1483 683 1850 750 προσάγοντα.

280 759 377 813 Ἐκ
423 760 482 814 δὲ
513 762 743 828 τούτων,
778 766 806 817 ὁ
836 764 1048 834 φθόνος·
1086 767 1151 822 ἐκ
1177 767 1234 820 δὲ
1258 768 1468 833 τούτου,
1502 771 1562 824 τὸ
1593 775 1766 843 μῖσος·
1793 774 1856 827 ὲκ

266 850 324 901 δὲ
348 851 446 903 τοῦ
481 852 695 921 μίσους,
731 854 792 907 τὸ
829 854 929 926 τῆς
954 856 1270 926 ἐπιϐουλῆς,
1298 860 1512 930 καὶτῆς
1545 862 1854 932 προδοσίας

268 944 334 995 ὲκ
363 942 555 996 τούτου
585 945 663 1007 δὲ,
701 947 731 999 δ
776 947 1027 1016 σταυρὸς,
1068 948 1162 1001 καὶ
1204 948 1350 1013 ὅσοις
1384 949 1723 1022 σεσώσμεθα.
1774 951 1856 1007 Τὰ

273 1033 373 1102 μὲν
395 1033 459 1104 δὴ
487 1034 583 1088 τοῦ
618 1036 853 1109 Χριστοῦ
882 1039 1131 1104 τοιαῦτα,
1156 1041 1251 1093 καὶ
1282 1040 1457 1105 οὕτως
1486 1040 1699 1112 ἔχοντα,
1726 1043 1851 1097 ὅσον

270 1127 405 1195 ἡμῖν
433 1129 675 1197 ἐφικτόνο
698 1130 839 1200 τάχα
868 1131 914 1183 δ’
943 1130 1010 1184 ἄν
1040 1149 1127 1196 τις
1158 1133 1254 1187 καὶ
1282 1132 1443 1197 ἄλλος
1484 1132 1733 1206 εὑρεθείη
1763 1135 1854 1189 λό-

269 1232 370 1283 γος
397 1218 604 1273 τούτων
625 1221 1085 1293 ἀπορρητότερος.

1960 515 2154 570 corpus
2187 517 2353 557 unum
2412 502 2554 570 ﬁeri,
2589 518 2694 559 non
2743 503 3035 571 divulsum,
3085 521 3183 562 nec
3224 516 3522 578 temporum

1958 590 2259 648 intervallis
2291 591 2621 662 disjunctum
2673 605 2730 650 et
2765 596 3142 666 interruptum.
3197 597 3407 653 Etenim
3457 614 3526 655 ex

1965 681 2239 752 baptismo
2269 695 2324 739 et
2346 686 2734 755 praedicatione
2757 690 3023 743 excitatus
3047 697 3129 742 est
3153 688 3238 743 ille
3254 689 3529 745 conﬂuen-

1963 774 2032 828 tis
2068 773 2433 831 multitudinis
2467 786 2628 832 terrae
2661 777 2936 844 motus“;
2994 777 3076 832 sic
3123 779 3267 833 enim
3321 787 3530 848 tempus

1963 865 2088 922 illud
2125 865 2403 937 Scriptura
2428 878 2607 923 vocat.
2637 867 2851 924 Rursus
2875 883 2942 923 ex
2969 867 3151 938 populi
3186 869 3532 924 multitudine

1960 964 2015 1010 et
2036 954 2366 1024 frequent-ia,
2414 956 2576 1027 715
2628 957 2904 1024 signorum
2949 957 3133 1022 editio,
3169 965 3221 1011 et
3251 957 3530 1024 miracula,

1960 1061 2080 1117 qua:
2127 1046 2373 1103 homines
2415 1049 2482 1103 ad
2531 1047 2881 1118 Evangelium
2925 1047 3281 1112 adducebant,
3309 1049 3532 1103 exstite-

1964 1148 2111 1192 runt.
2138 1137 2212 1191 Ex
2232 1137 2316 1193 his
2345 1153 2507 1208 porro
2530 1139 2729 1193 invidia
2758 1148 2880 1192 nata
2903 1145 3005 1205 est,
3027 1152 3091 1192 ex
3113 1139 3309 1192 invidia
3324 1138 3530 1205 odium,

1964 1243 2031 1282 ex
2058 1228 2182 1283 odio
2209 1228 2800 1298 insidia},et.proditio.
2843 1226 2983 1283 Hinc
3027 1237 3300 1297 postremo
3363 1242 3522 1296 crux,

270 1324 448 1376 caque
494 1312 699 1379 omnia,
742 1328 862 1381 qua
905 1314 1061 1369 nobis
1093 1314 1323 1370 salutem
1366 1326 1714 1384 pepererunt.
1766 1318 1843 1374 Ac
1882 1318 2081 1374 Christi
2105 1316 2323 1389 quidem
2366 1335 2454 1376 res
2487 1321 2560 1375 ita
2625 1335 2683 1374 se
2741 1320 2966 1383 habent,
3002 1328 3262 1388 quantum
3300 1317 3520 1388 quidem

274 1402 432 1457 nobis
473 1405 691 1473 assequi
724 1405 1078 1477 licet:atque
1111 1408 1274 1461 etiam
1314 1406 1544 1465 fortasse
1568 1410 1669 1464 alia
1715 1413 1958 1481 quaedam
2026 1415 2165 1468 ratio
2230 1413 2318 1479 iis,
2381 1428 2517 1484 quas
2573 1411 3135 1475 commemoravimus,
3199 1410 3530 1466 reconditior

274 1491 503 1552 inveniri
536 1502 718 1561 queat.

344 1581 426 1633 A'.
463 1580 553 1633 Σοὶ
576 1580 632 1633 δὲ
656 1581 741 1645 τίς
776 1581 1011 1654 ἀνάγκη,
1051 1585 1164 1647 τοῖς
1194 1585 1336 1657 ὑπὲρ
1366 1585 1426 1639 σὲ
1470 1582 1857 1658 ὑποδείγμασιν

2034 1586 2205 1642 XXX.
2230 1585 2347 1641 Tibi
2374 1594 2552 1641 autem
2592 1584 2720 1654 quid
2746 1597 2967 1640 necesse
2987 1593 3090 1649 est,
3121 1591 3179 1638 ut
3209 1584 3332 1640 dum
3351 1599 3538 1640 exem—

276 1671 555 1742 έπομένῳ,
589 1675 776 1736 κακῶς
817 1673 1185 1743 βουλεύεσθαι·
1240 1677 1366 1730 ἐπεὶ
1410 1677 1504 1730 καὶ
1534 1677 1669 1732 ἄλλα
1693 1678 1863 1732 πολλὰ

274 1762 387 1814 τῶν
429 1763 736 1833 τηνικαῦτα
785 1765 1184 1837 ἱστορουμένων
1235 1767 1438 1840 ἑτέρως
1469 1769 1503 1839 ἡ
1536 1768 1612 1832 ὡς
1651 1768 1721 1822 τὰ
1769 1769 1864 1824 νῦν

275 1857 471 1927 ἔχοντα
526 1857 792 1927 φαίνεται,
838 1858 933 1911 καὶ¹
965 1859 1026 1912 οὐ
1083 1859 1449 1929 συμϐαίνοντα
1474 1863 1585 1923 τοῖς
1623 1862 1862 1932 καιροῖς;

276 1944 426 2010 Οἶον,
480 1951 773 2020 ὲνὴστευσε
818 1951 1014 2021 μικρὸν
1054 1950 1162 2021 πρὸ
1185 1951 1286 2022 τῆς
1312 1951 1528 2022 πείρας,
1555 1954 1716 2023 ἡμεῖς
1760 1952 1866 2022 πρὸ

276 2039 373 2091 τοῦ
404 2039 616 2110 Πάσχω
650 2039 712 2093 τὸ
730 2038 830 2110 μὲν
847 2039 957 2092 τῶν
982 2040 1247 2110 νηστειῶν
1274 2039 1352 2105 ἓν,
1378 2040 1438 2094 οὐ
1467 2040 1659 2112 μικρὸν
1679 2041 1737 2093 δὲ
1755 2040 1865 2112 (42)

278 2131 609 2202 ἀμφοτέρων
669 2130 777 2185 τῶν
831 2129 1041 2202 καιρῶν
1072 2131 1134 2183 τὸ
1167 2131 1464 2202 διάστημα.
1504 2131 1562 2183 '0
1603 2131 1702 2202 μὲν
1760 2131 1866 2204 γὰρ

280 2222 428 2276 κατὰ
464 2222 575 2275 τῶν
615 2220 942 2294 πειρασμῶν
967 2221 1171 2284 ταύτας
1204 2221 1588 2293 προϐάλλεται·
1625 2223 1756 2292 ἡμῖν
1812 2222 1869 2275 δὲ

280 2313 384 2383 τὴν
408 2312 772 2384 συννέκρωσιν
793 2312 1033 2385 Χριστοῦ
1080 2311 1238 2366 τοῦτο
1263 2312 1507 2376 δύναται,
1529 2312 1624 2366 καὶ
1659 2311 1800 2366 κάθα
1810 2330 1869 2383 ρ-

282 2404 372 2466 σίς
399 2406 515 2457 ἐστι
542 2403 875 2475 προεόρτιος.
899 2402 1010 2459 Καὶ
1029 2405 1057 2457 ὁ
1083 2402 1181 2474 μὲν
1194 2402 1444 2473 νηστεύει
1462 2402 1870 2473 τεσσαράκοντα

281 2494 503 2567 ἡμέρας
534 2494 688 2565 (Θεὸς
739 2494 852 2566 γὰρ
880 2490 994 2566 ἦν),
1024 2496 1187 2565 ἡμεῖς
1230 2494 1286 2548 δὲ
1323 2496 1390 2565 τῇ
1444 2493 1671 2565 δυνάμει
1715 2492 1871 2546 τοῦτο

285 2589 797 2659 συνεμετρήσαμεν,
828 2589 877 2641 εί
907 2588 1001 2642 καί
1026 2604 1177 2652 τινας
1205 2586 1386 2658 ᾄττειν
1433 2589 1461 2639 ὁ
1496 2586 1656 2656 ζῆλος
1694 2586 1872 2640 πείθει

284 2678 384 2730 καὶ
418 2678 558 2749 ὑπὲρ
590 2678 843 2750 δύναμιν.
876 2679 1046 2733 Πάλιν
1069 2679 1419 2748 μυσταγωγεῖ
1451 2677 1512 2730 τὸ
1540 2677 1734 2748 Πάσχα
1749 2677 1875 2740 τοὺς

288 2768 543 2840 μαθητὰς
564 2771 623 2823 ὲν
670 2771 926 2841 ὑπερῴῳ,
955 2770 1051 2824 καὶ
1087 2769 1225 2840 μετὰ
1281 2767 1343 2820 τὸ
1365 2767 1580 2822 δεῖπνον
1611 2768 1744 2838 (45),
1780 2768 1874 2821 καὶ

286 2856 400 2929 πρὸ
439 2859 568 2930 μιᾶς
587 2860 680 2913 τοῦ
703 2860 897 2915 παθεῖν
922 2859 1158 2931 ἡμέρας·
1188 2858 1353 2929 ἡμεῖς
1375 2858 1432 2912 ὲν
1456 2859 1764 2930 προσευχῆς
1796 2859 1874 2911 οῖ-

1965 1681 2074 1751 pla,
2109 1694 2229 1751 quae
2263 1688 2315 1735 te
2343 1677 2658 1734 sublimiora
2694 1685 2842 1741 sunt,
2874 1675 3140 1746 sequeris,
3172 1674 3370 1728 malum
3405 1690 3539 1730 con-

1965 1774 2142 1829 silium
2182 1772 2402 1842 capias;
2448 1769 2746 1841 praesertim
2797 1784 2954 1833 cum,
3000 1768 3270 1838 permulta
3325 1782 3542 1838 quoque

1967 1864 2069 1919 alia
2101 1878 2168 1919 ex
2199 1864 2290 1929 iis,
2334 1877 2455 1932 quae
2486 1871 2596 1916 tum
2623 1861 2689 1916 ab
2716 1875 2783 1916 eo
2809 1871 2965 1932 gesta
2999 1875 3120 1915 esse
3150 1860 3390 1914 historiae
3415 1873 3542 1929 pro-

1968 1958 2134 2013 ditum
2160 1967 2269 2021 est,
2299 1970 2326 2010 a
2360 1964 2549 2010 nostro
2580 1954 2687 2009 ritu
2711 1953 3044 2022 discrepare,
3073 1966 3135 2007 ac
3168 1962 3408 2021 tempore
3435 1950 3548 2004 dis-

1968 2049 2163 2112 sidere,
2214 2047 2464 2103 constet?
2522 2045 2766 2114 Exempli
2817 2059 3025 2101 causa:
3093 2043 3354 2124 Christus.
3384 2041 3545 2111 paulo

1969 2147 2093 2193 ante
2121 2136 2470 2191 tentationcm
2506 2134 2802 2206 jejunavit;
2840 2150 2940 2190 nos
2971 2147 3097 2190 ante
3134 2132 3366 2213 Pascha.
3400 2131 3545 2200 Jeju-

1970 2228 2116 2283 nium
2146 2241 2310 2281 unum
2338 2227 2594 2295 idemque
2620 2234 2743 2291 est;
2780 2232 2834 2278 at
2857 2225 3136 2292 utriusque
3156 2222 3413 2283 temporis
3436 2236 3547 2275 non

1970 2333 2134 2390 parva
2181 2326 2264 2373 est
2311 2316 2638 2372 differentia.
2689 2316 2780 2371 Ille
2827 2317 2969 2372 enim
2994 2315 3257 2387 jejunium
3290 2316 3549 2373 adversus

1974 2409 2329 2464 tentationum
2358 2408 2590 2477 impetus
2623 2407 2848 2477 objicit;
2879 2408 3035 2462 nobis
3081 2415 3258 2463 autem
3284 2407 3546 2478 jejunium

1971 2500 2076 2555 hoc
2108 2508 2367 2570 praestat,
2409 2509 2467 2553 ut
2494 2514 2614 2553 cum
2650 2497 2868 2553 Christo
2896 2496 3339 2562 commoriamur,
3380 2512 3446 2553 ac
3469 2497 3552 2553 l'e—

1973 2600 2114 2645 stum
2139 2589 2413 2659 praecedat
2437 2590 2707 2658 purgatio.
2747 2586 2866 2643 Jam
2896 2588 2987 2644 ille
3012 2597 3153 2644 totos
3195 2576 3550 2659 quadraginta

1974 2682 2092 2738 dies
2129 2696 2159 2735 a
2191 2680 2312 2736 cibo
2335 2681 2601 2735 abstinuit
2627 2680 2801 2751 (Deus
2831 2679 2974 2733 enim
3018 2680 3158 2749 erat)
3186 2696 3202 2745 ;
3239 2695 3337 2734 nos
3367 2687 3549 2733 autem

1977 2771 2044 2827 ad
2070 2772 2265 2826 virium
2296 2778 2609 2827 nostrarum
2638 2770 2914 2826 modulum
2937 2769 3201 2841 jejunium
3232 2777 3553 2838 attempera-

1978 2862 2173 2929 vimus,
2208 2862 2419 2918 etiamsi
2457 2862 2675 2931 quidam
2703 2900 2719 2928 ,
2750 2860 2866 2916 zelo
2901 2860 3144 2930 impulsi,
3177 2861 3317 2914 ultra
3356 2860 3551 2914 virium

286 2966 430 3014 κοις,
456 2950 552 3005 κα)⁵
586 2951 693 3022 πρὸ
707 2950 803 3006 τοῦ
841 2951 1080 3037 δείπνου,
1106 2950 1201 3004 καὶ
1247 2950 1385 3021 μετὰ
1414 2949 1513 3021 τὴν
1554 2950 1867 3007 ἀνάστασιν.

1980 2954 2288 3011 facultatem
2335 2953 2389 3008 in
2448 2952 2741 3024 jejunando
2775 2950 3081 3021 prosiliant.
3113 2948 3381 3005 Praeterea
3408 2989 3423 3014 ,
3463 2948 3554 3003 ille

301 3043 610 3097 ’Δνίσταται
631 3045 756 3116 τριή
768 3062 951 3116 μερος,
977 3047 1140 3116 ἡμεῖς
1163 3043 1301 3116 μετὰ
1349 3044 1516 3098 πολὺν
1543 3044 1751 3115 χρόνον⁸
1784 3046 1878 3098 καὶ

286 3133 418 3187 οὔτε
442 3135 790 3208 ἀπέρρηκται
814 3135 923 3190 τῶν
955 3136 1166 3189 ἐκείνου
1196 3135 1264 3188 τὰ
1308 3135 1573 3205 ἡμέτερα,
1598 3134 1723 3188 οὕτε
1752 3153 1880 3189 συν-

289 3225 548 3289 έζευκται
576 3225 862 3298 χρονικῶς·
908 3226 1022 3279 ἀλλ’
1073 3226 1198 3279 ὅσον
1245 3225 1417 3288 τύπος
1467 3241 1551 3288 τις
1575 3220 1716 3279 εἶναι
1770 3225 1880 3280 τῶν

288 3317 580 3389 ἡμετέρων
616 3316 990 3387 παραδοθέντα
1020 3316 1155 3387 (44),
1186 3316 1248 3368 τὸ
1282 3316 1458 3386 πάντη
1506 3316 1881 3389 παραπλήσιον

288 3408 678 3478 διαπέφευγεν.
709 3409 776 3462 Τί
799 3404 891 3462 οὖν
942 3408 1277 3480 θαυμαστὸν,
1328 3406 1557 3479 καὶμῦ)
1597 3408 1659 3461 τὸ
1694 3408 1886 3478 βάπτι-

295 3516 413 3568 σμα
442 3500 811 3572 παρειλῆφθαι
850 3499 949 3570 μὲν
976 3499 1042 3552 δι’
1076 3499 1246 3569 ἡμᾶς,
1278 3497 1357 3568 τῷ
1384 3497 1563 3569 χρόνῳ
1600 3497 1658 3552 δὲ
1700 3499 1887 3568 διαφέ-

297 3606 452 3661 ρειν;
480 3593 548 3644 ‘0
587 3590 651 3644 σύ
690 3609 781 3663 μοι
822 3592 1001 3655 δοκεῖς
1033 3590 1110 3654 ὡς
1146 3588 1289 3660 μέγα
1336 3606 1389 3642 τι
1437 3590 1534 3643 καὶ
1575 3589 1886 3662 θαυμαστὸν

294 3676 412 3735 οἷον
470 3682 877 3752 προδάλλεσθαι
940 3681 1084 3737 κατὰ
1144 3682 1245 3749 τῆς
1292 3680 1486 3750 ἑαυτοῦ
1542 3681 1655 3752 (46)
1712 3699 1888 3755 σωτη-

298 3774 448 3845 ρίας.

1976 3047 2264 3103 Paschatis
2294 3046 2614 3118 mysterium
2642 3045 2924 3115 discipulis
2953 3044 3006 3097 in
3045 3041 3323 3099 coeuaculo
3354 3042 3551 3105 tradit,

1977 3146 2053 3192 et-
2082 3153 2111 3191 a
2167 3151 2323 3192 coma
2348 3179 2363 3204 ,
2407 3145 2461 3191 et
2493 3136 2657 3191 unico
2701 3144 2827 3189 ante
2864 3134 3171 3204 passionem
3214 3132 3333 3199 die;
3372 3146 3469 3186 nos
3500 3130 3554 3185 in

1981 3230 2220 3299 templis,
2253 3238 2308 3284 et
2351 3236 2479 3283 ante
2518 3241 2765 3291 caenam,
2809 3234 2864 3280 et
2902 3235 3026 3295 post
3060 3223 3553 3280 ltesurrectionem.

1979 3317 2071 3374 ille
2116 3318 2275 3373 tertio
2312 3318 2400 3374 die
2438 3333 2469 3371 a
2508 3326 2688 3372 morte
2724 3318 2790 3369 ad
2832 3315 2999 3369 vitam
3052 3313 3248 3379 rediit;
3290 3326 3391 3368 nos
3437 3320 3559 3382 post

1981 3411 2297 3466 diuturnum
2362 3420 2594 3481 tempus.
2639 3409 2715 3463 lla
2764 3408 2933 3478 ipsius
2980 3421 3109 3474 res,
3152 3419 3254 3461 nec
3291 3420 3320 3458 a
3357 3404 3558 3458 nostris

1980 3502 2197 3570 penitus
2226 3502 2504 3557 distractae
2552 3510 2714 3569 atque
2749 3499 2989 3568 abruptae
3016 3504 3182 3562 sunt,
3224 3510 3322 3550 nec
3366 3510 3559 3549 rursus

1982 3593 2317 3664 temporibus
2350 3592 2495 3648 inter
2520 3606 2582 3647 se
2611 3592 2921 3655 cohaerent;
2961 3603 3149 3643 verum
3176 3588 3438 3642 hactenus
3466 3601 3562 3639 uo—

1983 3684 2063 3739 bis
2116 3685 2359 3753 traditae,
2391 3693 2451 3740 ut
2493 3683 2561 3741 ad
2605 3699 2795 3739 earum
2846 3682 3123 3751 exemplar
3168 3680 3307 3735 ritus
3346 3686 3562 3734 nostros

1984 3776 2407 3844 coniormemus,
2432 3777 2645 3847 plenam
2672 3775 3032 3845 omnibusque
3062 3774 3240 3829 modis
3261 3771 3563 3842 perfectam

301 3870 721 3927 similitudinem
784 3869 1016 3943 fugiunt.
1067 3872 1208 3940 Quid
1257 3872 1426 3945 igitur
1469 3870 1689 3933 mirum,
1739 3884 1884 3935 eum,
1925 3874 2177 3941 quamvis
2201 3873 2391 3929 salutis
2416 3884 2617 3929 nostra:
2672 3886 2833 3926 causa
2861 3871 3187 3940 baptismum
3242 3865 3561 3933 susceperit,

304 3965 573 4034 temporis
636 3975 817 4021 tamen
864 3966 1076 4024 ratione
1114 3982 1145 4023 a
1184 3969 1341 4024 nobis
1377 3964 1637 4022 dill‘erre?
1664 3964 1818 4032 Quod
1859 3974 1917 4022 tu
1954 3968 2169 4037 quidem
2201 3971 2356 4037 mihi,
2385 3971 2532 4025 velut
2555 3983 2811 4039 magnum
2848 3966 3048 4037 aliquid
3082 3974 3138 4021 et
3163 3962 3561 4025 admirandum,

301 4056 566 4110 adversus
595 4066 738 4111 tuam
770 4057 940 4128 ipsius
968 4058 1199 4114 salutem
1237 4073 1511 4130 opponere
1540 4057 1765 4111 videris.

374 4147 503 4200 ΛΝ.
527 4145 597 4199 El’
613 4164 667 4199 τι
686 4142 778 4201 οὖν
802 4149 924 4218 ἐμοὶ
948 4148 1223 4215 πείθεσθε,
1249 4150 1373 4211 τοὺς
1399 4147 1497 4219 μὲν
1519 4145 1790 4209 τοιούτους
1808 4146 1875 4200 λά

2069 4144 2262 4202 XXXI.
2319 4144 2529 4212 Quare,
2583 4142 2628 4198 si
2661 4142 2789 4212 quid
2833 4154 2921 4196 me
2964 4138 3284 4195 audiendum
3322 4135 3559 4207 putatis,

303 4257 439 4310 γους
453 4240 666 4311 χαίρειν
698 4240 915 4294 ἐάσατεο
961 4242 1117 4295 aurci.
1148 4241 1206 4295 δὲ
1245 4240 1321 4312 τῷ
1354 4238 1542 4310 ἀγαθῷ
1580 4237 1896 4311 προσπηδή-

306 4350 463 4397 σατε,
496 4335 592 4387 καὶ
619 4332 839 4387 διπλοῦν
869 4332 1059 4401 ἀγῶνα
1116 4331 1459 4401 ἀγωνιεῖσθε·
1497 4331 1588 4385 τὸν
1633 4331 1730 4402 μὲν
1762 4345 1898 4401 προ-

306 4424 597 4498 καθαίρειν
657 4426 802 4495 ὑμᾶς
864 4424 1064 4487 αὐτοὺς
1122 4423 1216 4477 τοῦ
1266 4421 1660 4493 βαπτίσματος,
1711 4420 1805 4472 τὸν
1839 4418 1897 4471 δὲ

310 4520 599 4590 συντηρεῖν
627 4517 689 4570 τὸ
712 4516 1012 4587 βάπτισμα·
1033 4514 1220 4586 ἐπειδὴ
1247 4514 1348 4584 τῆς
1364 4513 1534 4584 αὐτῆς
1562 4514 1678 4565 ἐστι
1708 4511 1898 4581 δυσχε-

311 4608 487 4680 ρείας,
528 4608 622 4661 καὶ
652 4607 954 4677 κτήσασθαί
982 4624 1036 4659 τι
1065 4604 1173 4658 τῶν
1227 4603 1444 4673 ἀγαθῶν
1481 4603 1580 4674 οὐχ
1632 4601 1894 4673 ὑπάρχον,

309 4699 411 4750 καὶ
439 4695 636 4767 κτηθὲν
660 4693 1357 4757 διασώσασθαι.οΠολλάκις
1378 4693 1488 4764 γὰρ
1507 4691 1536 4745 ὃ
1564 4692 1661 4762 μὲν
1688 4689 1891 4761 σπουδὴ

310 4787 642 4859 προσέλαϐε,
694 4786 936 4859 ῥᾳθυμία
981 4786 1301 4857 διέφθειρεν⁸
1338 4784 1366 4837 ὃ
1399 4783 1456 4837 δὲ
1487 4783 1645 4847 ὄκνος
1681 4780 1896 4836 ἀπώλε-

311 4896 432 4941 σεν,
455 4878 816 4932 ἀνεκαλέσατο
838 4878 1143 4949 ἐπιμέλεια.
1170 4877 1349 4932 Καλόν
1380 4893 1460 4930 σοι
1486 4874 1736 4946 βοήθημα
1759 4873 1895 4945 πρὸς

308 4970 381 5023 τὸ
402 4973 608 5040 τυχεῖν,
634 4963 708 5024 ὧν
738 4969 1037 5036 ὲπιποθεῖς,
1058 4970 1374 5040 άγρυπνίαι,
1403 4970 1663 5039 νηστεῖαι,
1690 4982 1897 5037 χαμευ-

428 5082 472 5114 ⁸¹
490 5080 680 5140 Matth.
706 5097 823 5146 nt,
851 5081 937 5136 10.

397 5202 507 5270 (ιι)
528 5270 533 5271 γ
551 5202 614 5255 '0
636 5200 756 5255 τῶν
774 5201 1230 5271 συντρεχόντων
1250 5199 1520 5271 σεισμός.
1551 5217 1570 5250 t
1584 5196 1889 5271 _Qonﬂuen-

323 5266 412 5327 tis'
431 5270 792 5326 multitudinis
820 5266 979 5326 terrae
999 5266 1213 5325 't'notus.
1249 5288 1270 5319 ι
1295 5269 1351 5323 ld
1379 5266 1558 5323 autem
1583 5267 1797 5322 Nicetas
1818 5266 1896 5321 sic

316 5342 591 5413 exponit:
642 5360 661 5393 ι
710 5339 1245 5413 Iugen_s_mortalium
1284 5338 1569 5393 multitudo
1614 5336 1895 5413 conﬂuxit,

317 5407 516 5482 atque,
559 5422 619 5465 ut
667 5407 845 5478 inquit
875 5410 1191 5482 Mattltmus.
1232 5417 1498 5482 commota
1530 5415 1632 5472 est,
1676 5416 1724 5461 et
1752 5407 1898 5458 velut

318 5478 566 5537 tremore
590 5495 852 5536 concussa
884 5492 970 5536 est
1001 5480 1253 5534 universa
1284 5478 1475 5529 civitas
1495 5515 1512 5538 ,
1544 5482 1901 5531 concurrente

324 5549 581 5605 videlicet
641 5551 840 5619 populo
893 5566 958 5605 ac
999 5565 1122 5605 sese
1156 5556 1552 5603 commovente.
1589 5566 1608 5598 ι
1640 5544 1764 5599 Vid.
1816 5558 1897 5598 or.

323 5637 485 5683 sul,
512 5635 662 5674 num.
689 5618 780 5674 25.

401 5681 517 5762 (4⁸1)
544 5690 769 5759 Μικρὸν
805 5689 893 5745 δέ.
942 5688 1034 5744 Sic
1075 5687 1256 5759 plures
1287 5685 1442 5743 codd.
1477 5685 1533 5741 In
1561 5684 1672 5752 ed.,
1711 5681 1903 5755 μικρὸν

2000 4237 2309 4311 hujusmodi
2336 4237 2574 4291 rationes
2604 4236 2783 4289 valere
2812 4233 3017 4303 jubete,
3058 4245 3219 4301 atque
3242 4229 3340 4299 ipsi
3371 4230 3437 4283 ad
3466 4229 3565 4283 bo-

1993 4345 2119 4385 num
2151 4328 2255 4384 hoc
2284 4326 2529 4396 prosilite
2555 4366 2571 4392 ,
2598 4340 2661 4380 ac
2688 4325 2885 4395 duplex
2916 4330 3189 4378 certamen
3226 4321 3356 4375 inite
3380 4336 3394 4386 ;
3424 4320 3563 4375 alte-

1995 4435 2145 4488 rum,
2171 4427 2232 4473 ut
2253 4432 2346 4473 vos
2371 4417 2516 4486 ipsos
2549 4426 2675 4470 ante
2705 4415 3033 4485 baptismum
3061 4411 3398 4476 emundetis;
3429 4410 3563 4463 alte-

1994 4524 2137 4574 rum,
2174 4516 2232 4562 ut
2260 4515 2538 4574 acceptum
2568 4504 2894 4572 baptismum
2921 4500 3253 4556 conservetis
3278 4517 3292 4553 :
3318 4496 3564 4567 quando-

1995 4599 2210 4670 quidem
2246 4597 2484 4667 ejusdem
2514 4607 2596 4652 cst
2624 4594 2976 4658 difﬁcultatis,
3004 4604 3059 4648 et
3087 4593 3285 4648 bonum
3320 4588 3561 4659 aliquod,

1994 4706 2103 4762 quo
2126 4692 2275 4761 prius
2297 4690 2542 4753 carebas,
2569 4689 2821 4759 adipisci,
2852 4695 2929 4752 et,
2961 4701 3082 4741 cum
3114 4685 3338 4753 adeptus
3373 4681 3561 4744 fueris,

1996 4796 2339 4836 conservare.
2376 4779 2468 4835 Fit
2492 4780 2635 4835 enim
2666 4778 3021 4849 plerumque,
3066 4784 3155 4842 ut,
3204 4773 3346 4843 quod
3399 4770 3565 4842 716

1996 4872 2173 4928 studio
2201 4880 2256 4927 et
2292 4871 2558 4927 industria
2601 4879 2813 4938 partum
2843 4877 2959 4935 est,
2999 4865 3247 4922 socordia
3278 4863 3563 4917 labefacte-

1998 4972 2119 5028 tur;
2147 4963 2287 5033 qttod
2319 4972 2498 5017 autem
2525 4961 2719 5017 inertia
2761 4959 3016 5014 amissum
3044 4965 3161 5022 est,
3190 4954 3374 5010 labore
3401 4959 3455 5007 et
3477 4950 3563 5004 di-

1995 5193 2103 5248 τῶν
2137 5195 2213 5248 δὲ.

2067 5242 2371 5345 (ζὼν-Μετὰ
2391 5260 2457 5345 τὸ
2476 5259 2743 5314 δεῖπνον.
2778 5255 2869 5311 Sic
2908 5252 3040 5323 Reg.
3084 5250 3153 5318 ph
3185 5255 3235 5300 et
3274 5244 3381 5299 duo
3408 5242 3562 5302 Colb.

1995 5331 2240 5388 Deesteé
2270 5333 2322 5386 in
2353 5334 2438 5386 ed.

2071 5404 2180 5475 (ιι)
2214 5400 2648 5475 Παραδοθέντα.
2672 5394 2823 5475 Par_.,
2856 5387 3301 5475 πριραδειχθέντα.

2067 5464 2180 5538 (45)
2216 5464 2345 5527 Καί.
2378 5472 2489 5525 Duo
2516 5469 2709 5540 “933.,
2740 5466 2788 5517 εί
2817 5464 2930 5540 καί.
3197 5526 3222 5537 η

2062 5533 2181 5628 (46)
2223 5540 2495 5598 Ἑαυτοῦ.
2545 5533 2949 5598 ΙιΓηοηιιυιιίε,
3007 5533 3260 5595 σεαυτοῦ,
3306 5533 3391 5591 et,
3434 5539 3563 5580 στω-

1998 5636 2118 5672 του.
