3902 6218
398 307 508 365 405

1597 310 1655 366 S.
1697 310 2024 368 GREGOR"
2064 311 2405 369 THEOLOGI

3534 316 3641 371 404

399 420 624 494 ligentia
647 428 1026 490 recuperetur.
1052 419 1300 500 Magnum
1326 421 1419 477 tibi
1448 422 1513 477 ad
1538 437 1623 487 ea,
1649 439 1767 494 qua:
1788 426 1963 495 cupis,

2075 425 2197 491 νίαι,
2228 423 2544 496 προσευχαὶ,
2581 422 2834 496 δάκρυον,
2864 442 3043 489 οικτος
3073 424 3180 478 τῶν
3200 425 3492 497 δεομένων,
3536 446 3644 500 με·

402 513 739 582 assequenda
769 520 825 567 et
854 512 1132 568 retinenda
1159 552 1175 580 ,
1201 497 1500 567 subsidium
1525 513 1802 568 attulerint
1834 515 1970 585 vigi-

397 604 512 669 lite,
532 602 759 673 jejunia,
784 603 1117 658 chameuniae
1144 644 1159 668 .
1190 604 1484 668 orationes,
1514 605 1790 674 lacrymaa,
1821 620 1972 661 com—

402 694 680 749 miseratio
700 708 828 764 erga
857 708 1142 764 pauperes,
1169 693 1405 764 largitio.
1439 695 1534 749 llis
1561 697 1741 761 rebus,
1772 696 1967 767 partim

401 798 500 853 pro
527 784 610 847 iis,
644 798 764 852 qua:
795 783 1070 851 accepisti,
1096 782 1300 851 gratias
1332 799 1449 853 age,
1483 783 1679 852 partim
1716 785 1878 839 etiam
1904 801 1968 840 ea

403 887 555 930 tuere
566 892 627 929 ac
641 874 867 930 custodi.
891 873 1067 953 Habes
1090 874 1430 949 beneﬁcium,
1452 875 1594 944 quod
1614 884 1665 930 te
1681 874 1966 930 multorum

401 968 779 1021 mandatorum
807 952 1128 1043 submoneai
1154 982 1166 1016 :
1202 978 1268 1018 ne
1285 965 1632 1031 contemptim
1655 976 1965 1034 przetereas.

397 1054 611 1126 Pauper
652 1055 925 1133 accessit?
966 1053 1022 1108 lu
1064 1063 1295 1109 mentem
1338 1050 1436 1109 tibi
1462 1055 1680 1121 veniat,
1711 1071 1777 1109 ex
1809 1070 1967 1123 quam

398 1148 551 1217 gravi
586 1156 900 1218 paupertate
944 1149 1011 1201 ad
1054 1156 1288 1219 quantas
1321 1146 1539 1202 divitias
1568 1157 1857 1217 provectus
1886 1162 1965 1200 es.

398 1240 546 1295 Pane
569 1254 784 1304 carens,
828 1248 917 1293 aut
948 1250 1113 1309 potu,
1148 1247 1311 1310 atque
1341 1240 1502 1294 etiam
1531 1239 1762 1294 fortasse
1796 1238 1968 1292 Laza-

399 1345 495 1385 rus
538 1329 804 1399 quispiam
854 1329 921 1385 ad
957 1330 1152 1385 domus
1195 1339 1299 1384 tum
1339 1329 1485 1385 [ores
1529 1330 1839 1397 provolutus
1868 1317 1967 1382 "‘2

406 1420 619 1474 Moveat
669 1431 721 1475 te
763 1423 994 1490 mystica
1043 1435 1272 1486 mensa,
1326 1420 1391 1475 ad
1443 1436 1604 1490 quam
1655 1420 1966 1483 accessisti;

401 1513 556 1580 panis
598 1513 729 1576 ille,
779 1514 935 1581 cujus
985 1514 1253 1583 particeps
1287 1513 1463 1568 iactus
1511 1529 1603 1577 es;
1659 1513 1800 1566 calix
1843 1513 1969 1578 ille,

403 1617 564 1671 quem
596 1604 881 1674 accepisti,
914 1620 1034 1658 cum
1061 1604 1263 1659 Christi
1294 1603 1634 1674 passionibus
1656 1603 1967 1658 initiareris.

405 1695 724 1765 Peregrinus
761 1697 827 1750 ad
863 1710 1034 1764 genua
1067 1706 1153 1749 tua
1185 1694 1505 1764 procubuit,
1540 1695 1700 1750 domo
1743 1710 1969 1757 carens,

2073 516 2305 580 τάδοσις.
2335 516 2503 569 Τοῦτό
2538 532 2618 568 σοι
2643 515 2881 583 γενέσθω
2921 516 3055 586 (47),
3086 510 3161 571 ὧν
3181 517 3502 589 τετύχηκας.
3548 519 3640 571 εὐο·

2048 606 2425 677 ,χαριστήριόν
2450 623 2507 658 τε
2526 605 2639 676 ἅμα
2667 606 2759 659 καὶ
2783 606 3024 677 φυλακτή
3035 624 3164 679 ριον.
3220 608 3403 678 Ἔχεις
3430 609 3641 662 πολλῶν

2058 694 2299 772 ,ἐντολῶν
2351 694 2668 765 ὑπόμνημα,
2725 694 2821 766 τὴν
2861 696 3197 766 εὐεργεσίαν·
3248 696 3322 768 μὴ
3360 700 3642 770 παραδρά-

2074 803 2200 859 μῃς.
2252 786 2426 857 Πένης
2475 785 2777 858 προσῆλθε;
2835 786 3103 858 μνήσθητι
3156 789 3321 841 πόσον
3363 785 3468 858 [48)
3497 805 3645 841 πτω-

2070 878 2264 949 χεύων,
2297 879 2459 932 πόσον
2484 878 2840 949 ἐπλούτησας.
2866 879 3062 950 Ἄρτου
3101 878 3373 949 δεόμενος,
3399 878 3430 949 ἦ
3466 880 3647 950 πόμα-

2068 987 2180 1033 τος,
2204 969 2449 1041 Λάζαρος
2482 970 2610 1033 ἴσως
2636 986 2720 1032 τις
2749 968 2906 1031 ἄλλος
2927 971 3039 1032 τοῖς
3067 971 3179 1032 σοῖς
3235 969 3444 1023 πυλῶσι
3472 987 3646 1041 προσ-

2070 1061 2435 1132 ερῥιμμένοςς
2479 1060 2764 1130 Αἰδὲσθητι
2816 1061 2915 1131 τὴν
2974 1061 3239 1132 μυστικὴν
3271 1060 3568 1133 τράπεζαν,

2071 1152 2391 1222 προσῆλθες·
2426 1152 2516 1205 τὸν
2550 1152 2733 1222 ἄρτον,
2774 1146 2835 1205 οὗ
2895 1151 3242 1222 μετείληφας·
3271 1153 3331 1205 τὸ
3360 1154 3645 1224 ποτήριον,

2070 1236 2131 1293 οὗ
2153 1241 2553 1313 κεκοινώνηκας
2580 1245 2691 1304 τοῖς
2716 1242 2950 1312 Χριστοῦ
2978 1241 3091 1314 (49)
3115 1242 3310 1298 πάθεσι
3338 1244 3650 1315 τελειούμε·

2071 1349 2180 1395 νος.
2214 1331 2371 1394 Ξένος
2404 1331 2761 1402 προσέπεσεν,
2795 1332 2999 1395 ἄοικος,
3030 1332 3445 1403 παρεπίδημος;
3491 1334 3650 1388 Ὑπό-

2070 1422 2217 1489 δεξαι
2242 1422 2327 1475 διὰ
2346 1421 2532 1476 τούτου
2569 1421 2766 1475 τὸνδιὰ
2790 1423 2848 1474 σὲ
2894 1422 3289 1488 ξενιτεύσαντα,
3326 1424 3423 1477 καὶ
3470 1424 3649 1479 ταῦτα

2070 1515 2128 1568 ἐν
2147 1516 2261 1577 τοῖς
2290 1513 2441 1577 ἰδίοις
2464 1512 2601 1581 (50),
2644 1515 2739 1567 καί
2769 1514 3160 1568 εἰσοικισθέντα
3188 1532 3269 1568 σοι
3301 1514 3389 1568 διὰ
3412 1515 3513 1585 τῆς
3546 1517 3650 1586 χά-

2073 1623 2241 1677 ριτος,
2274 1606 2367 1659 κα)⁸
2393 1606 2528 1677 πρὸς
2547 1605 2645 1677 τὴν
2688 1604 2800 1659 ἄνω
2825 1606 3108 1660 κατοικίαν
3127 1605 3444 1661 ἑλκύσαντα.
3479 1608 3648 1661 Γενοῦ

2072 1699 2361 1767 Ζακχαῖος,
2387 1698 2414 1749 ό
2430 1697 2556 1767 χθὲς
2572 1694 2829 1769 τελώνης,
2860 1699 2954 1751 καί
2978 1699 3215 1768 σήμερον
3248 1698 3649 1769 μεγαλόψυχοςο

400 1786 647 1841 advena?
675 1784 776 1841 Per
804 1787 945 1841 hunc
970 1802 1093 1841 eum
1125 1787 1335 1854 excipe,
1366 1785 1457 1855 qui
1494 1796 1718 1854 propter
1745 1794 1797 1839 te
1818 1799 1967 1854 pere-

2075 1791 2251 1844 πάντα
2285 1792 2351 1861 τῇ
2400 1790 2588 1860 εἰσόδῳ
2625 1789 2719 1842 τοῦ
2754 1789 2865 1859 (51)
2917 1789 3154 1861 Χριστοῦ
3202 1790 3648 1863 καρποφόρησον,

402 1878 647 1947 grinatus
670 1889 778 1943 est,
810 1878 971 1948 idque
997 1878 1050 1932 in
1080 1878 1335 1947 propriis,
1366 1878 1567 1947 quique
1612 1892 1710 1946 per
1739 1877 1967 1944 gratiam

405 1968 471 2023 ad
514 1978 567 2022 te
603 1969 952 2038 immigravit,
980 1977 1135 2038 teque
1157 1969 1223 2022 ad
1246 1969 1470 2037 sceleste
1492 1967 1820 2023 domicilium
1850 1980 1969 2036 per-

403 2060 590 2113 traxit.
610 2059 894 2114 Zachreum
924 2059 1137 2114 imitare
1155 2060 1222 2127 ”,
1254 2060 1426 2124 illum,
1455 2060 1697 2130 inquam,
1723 2058 1838 2114 beri
1871 2073 1970 2127 pu-

403 2149 693 2213 blicanum,
746 2151 904 2206 hodie
960 2151 1305 2220 magnificum
1362 2169 1376 2205 :
1435 2150 1723 2205 facultates
1768 2164 1964 2206 omnes

403 2254 526 2301 tuas
576 2245 900 2316 ingredienti
943 2245 1160 2301 Christo
1201 2245 1336 2301 οίΐει·
1379 2255 1465 2310 ιιι,
1517 2246 1642 2301 licet
1702 2244 1970 2314 corporali

400 2346 608 2392 statura
642 2336 894 2406 pusillus,
946 2337 1129 2391 animo
1160 2347 1335 2391 tamen
1376 2337 1657 2401 eveharis,
1691 2335 1965 2390 Christum

400 2426 616 2497 egregie
648 2427 1012 2507 conspicatus.
1037 2426 1294 2497 Egrotus
1321 2436 1567 2498 prostat,
1612 2442 1677 2484 ac
1710 2427 1968 2481 saucius?

400 2519 609 2575 Moveat
640 2533 690 2575 te
724 2520 929 2576 sanitas
962 2529 1052 2575 tua
1072 2562 1089 2588 ,
1125 2529 1179 2575 et
1206 2521 1428 2576 vulnera
1454 2562 1469 2585 ,
1504 2522 1700 2590 quibus
1732 2531 1783 2577 te
1814 2523 1971 2578 Chri-

397 2618 512 2666 stus
535 2610 804 2666 liberavit.
838 2610 900 2666 Si
919 2613 1107 2666 viderit
1145 2616 1365 2676 nudum,
1398 2613 1544 2681 operi
1569 2628 1685 2666 eum
1715 2613 1792 2677 “,
1817 2622 1966 2668 tuum

399 2704 827 2773 incorruptionis
905 2705 1299 2769 indumentum,
1355 2707 1461 2760 hoc
1515 2715 1597 2760 est
1658 2705 1964 2772 Christum,

402 2798 959 2865 honore-prosequens
985 2815 998 2849 :
1027 2794 1289 2867 Quotquot
1316 2797 1450 2849 enim
1476 2796 1531 2849 in
1580 2795 1845 2850 Christum
1881 2798 1970 2849 ba-

397 2886 580 2950 ptizati
604 2903 805 2953 sumus,
845 2885 1112 2942 Christum
1139 2888 1408 2941 induimus
1462 2887 1528 2941 ³⁸.
1584 2886 1640 2941 Si
1670 2886 1965 2943 debitorem

400 2987 591 3034 nactus
616 2978 715 3045 sis,
742 2978 812 3033 ad
841 2979 1005 3048 pedes
1032 2989 1152 3034 tuos
1181 2993 1302 3033 sese
1328 2979 1698 3048 abjicientem,
1744 2992 1967 3047 syngra~

396 3068 561 3137 pham
597 3084 853 3136 omnem,
903 3079 1015 3123 tam
1062 3068 1285 3139 justam,
1327 3083 1489 3138 quam
1548 3066 1835 3134 injustam,
1880 3082 1968 3121 re-

2071 1880 2159 1935 ἵνα
2198 1880 2368 1951 μέγας
2401 1879 2511 1951 (52)
2545 1880 2842 1951 ἀναφανῇς,
2876 1879 2978 1933 κᾶν
3006 1880 3200 1952 μικρὸς
3234 1878 3302 1956 ᾖς
3331 1880 3429 1952 τὴν
3458 1899 3651 1953 σωμα-

2068 1971 2224 2043 τικὴν
2239 1970 2474 2042 ἡλικίαν,
2500 1971 2678 2035 καλῶς
2700 1970 2935 2043 Χριστὸν
2960 1971 3313 2043 θεασάμενος.
3332 1973 3652 2046 Ἀρῤωστος

2072 2064 2355 2132 πρόκειται
2385 2064 2867 2136 καὶτραυματίας;
2902 2063 3000 2134 τὴν
3028 2063 3127 2136 σὴν
3157 2063 3366 2133 ὑγίειαν
3408 2064 3521 2136 (55)
3561 2066 3652 2120 αἰ·-

2070 2151 2307 2223 δέσθητι,
2356 2152 2450 2205 καί⁹
2478 2151 2548 2205 τὰ
2593 2150 2908 2222 τραύματα,
2945 2146 3021 2205 ὦν
3056 2168 3116 2204 σε
3153 2152 3387 2224 Χριστὸς
3425 2153 3653 2223 ἠλευθέ-

2072 2260 2265 2315 ρωσεν.
2300 2244 2439 2297 Ἐὰν
2466 2242 2600 2312 ἴδῃς
2621 2245 2872 2312 γυμνὸν,
2896 2244 3198 2312 περίϐαλε,
3232 2245 3295 2297 τὸ
3346 2244 3437 2298 σὺν
3470 2245 3652 2316 τιμῶν

2069 2334 2270 2405 ἔνδυμα
2298 2336 2397 2405 τῆς
2420 2333 2747 2405 ἀφθαρσίας
2783 2334 3016 2405 Χριστὸς
3043 2334 3100 2386 δὲ
3131 2334 3242 2405 (54)
3273 2334 3432 2388 τοῦτό
3473 2336 3651 2389 ἐστιν·

2083 2422 2322 2491 Ἐπειδὴ
2354 2422 2487 2477 ὅσοι
2502 2426 2589 2489 εὶς
2625 2423 2882 2491 Χριστὸν
2903 2423 3363 2493 ἐϐαπτίσθημεν,
3388 2423 3653 2493 Χριστὸν

2067 2516 2445 2585 ὲνδεδύμεθα.
2463 2515 2587 2567 Ἐὰν
2602 2514 2997 2586 χρεωφειλέτην
3018 2514 3190 2586 λάϐῃς
3216 2516 3655 2587 προσπίπτοντα,

2071 2610 2249 2661 πᾶσαν
2271 2607 2592 2678 συγγραφὴν
2618 2608 2802 2662 ἄδικον
2819 2606 2913 2660 καὶ
2945 2606 3059 2675 (55)
3085 2607 3301 2661 δικαίαν
3325 2608 3648 2664 διάσπασον.

2068 2700 2353 2771 Μνήσθητι
2412 2698 2521 2752 τῶν
2575 2698 2784 2770 μυρίων
2833 2699 3130 2762 ταλάντων,
3174 2691 3252 2752 ὧν
3299 2717 3381 2752 σοι
3413 2700 3658 2770 Χριστὸς

2070 2791 2380 2863 ἐχαρίσατο.
2423 2790 2514 2861 Μὴ
2548 2789 2681 2861 γένῃ
2735 2789 3000 2860 πράκτωρ
3032 2789 3226 2861 πικρὸς
3248 2791 3343 2843 τοῦ
3369 2790 3651 2854 ἐλάττονος

2068 2884 2283 2955 χρέους.
2341 2883 2452 2937 Καὶ
2499 2881 2672 2935 ταῦτα
2738 2882 2883 2945 τίσις
2929 2882 3054 2946 Τοῖς
3110 2881 3440 2952 ὁμοδούλοις,
3498 2885 3528 2936 ό
3581 2885 3653 2937 τὸ

2072 2977 2232 3029 πλέον
2262 2974 2371 3047 (56)
2400 2974 2550 3045 παρὰ
2581 2975 2673 3028 τοῦ
2698 2975 2969 3027 Δεσπότου
3004 2975 3398 3048 συγχωρηθείς,
3433 2975 3507 3047 μὴ
3550 2978 3653 3030 καὶ

2070 3069 2168 3139 τῆς
2221 3068 2429 3121 ἐκείνου
2489 3066 2899 3138 φιλανθρωπίας
2940 3067 3183 3141 ὑπόσχῃς
3220 3067 3395 3139 δίκην,
3424 3068 3490 3139 ἢν
3543 3069 3652 3123 οὐκ

399 3160 585 3216 scinde
610 3162 677 3214 ³⁸.
711 3163 903 3217 Decem
948 3161 1039 3217 illa
1092 3161 1437 3215 talentorum
1461 3160 1626 3215 millia
1651 3203 1667 3226 ,
1717 3176 1837 3231 qua:
1865 3161 1958 3214 tibi

2075 3158 2322 3227 ἐμιμήσω
2348 3155 2523 3209 λαϐὼν
2549 3156 2868 3226 ὑπόδειγμα.

398 3252 651 3309 Christus
684 3254 915 3322 remisit,
937 3253 990 3309 in
1010 3255 1326 3310 memoriam
1356 3269 1570 3308 revoca.
1598 3254 1716 3307 Noli
1748 3267 1797 3309 te
1844 3254 2098 3307 acerbum
2137 3248 2365 3303 minoris
2425 3248 2590 3302 debiti
2661 3259 2970 3305 exactorem
3005 3251 3269 3319 pmhere,
3309 3261 3365 3305 et
3428 3252 3650 3322 quidem

404 3349 705 3414 conservis,
741 3363 863 3403 cum
887 3347 980 3402 tibi
1021 3364 1051 3402 a
1081 3348 1310 3403 Domino
1336 3345 1507 3416 major
1537 3363 1747 3403 summa
1806 3349 2103 3402 condonata
2169 3343 2258 3409 sit,
2321 3355 2389 3395 ne
2448 3341 2800 3396 humanitatis
2836 3356 3049 3413 quoque
3078 3343 3238 3409 illius,
3276 3358 3436 3413 quam
3462 3345 3556 3400 tibi
3586 3346 3649 3401 in

399 3437 702 3505 exemplum
751 3439 1083 3507 propositam
1128 3437 1540 3507 haudquaquam
1581 3438 1823 3492 imitatus
1858 3451 1952 3497 es,
1995 3446 2168 3503 paenae
2199 3442 2309 3485 ate
2334 3441 2682 3500 expetantur.

467 3529 682 3585 XXXII.
724 3527 816 3582 Sic
839 3538 891 3583 te
929 3543 1207 3598 compara,
1251 3538 1311 3582 ut
1340 3528 1614 3583 lavacrum
1652 3544 1760 3583 non
1805 3530 1965 3584 modo

398 3635 624 3689 corpus,
656 3617 748 3672 sed
789 3616 1075 3686 imaginem
1128 3629 1343 3685 quoque
1381 3616 1602 3670 abluat:
1659 3632 1764 3670 non
1809 3615 1967 3669 modo

401 3718 617 3779 peccata
638 3706 804 3771 eluat,
835 3707 931 3760 sed
960 3720 1139 3760 mores
1171 3706 1336 3759 etiam
1355 3704 1639 3759 emendet:
1671 3718 1776 3759 non
1810 3705 1967 3759 modo

404 3799 655 3866 pristinas
676 3798 798 3852 vita“:
823 3796 1012 3851 sordes
1043 3795 1336 3866 ahstergat,
1371 3810 1559 3849 verum
1601 3794 1806 3849 fontem
1831 3809 1964 3864 qun.

401 3905 512 3961 que
562 3890 737 3959 ipsum
774 3897 1085 3958 expurget:
1144 3904 1250 3943 non
1301 3888 1402 3942 hoc
1446 3887 1607 3957 717
1664 3897 1869 3942 tantum
1917 3889 1968 3942 in

402 3985 583 4039 animo
607 3983 700 4039 tibi
729 3981 1023 4052 insculpat,
1041 3990 1099 4035 ut
1128 3981 1268 4035 bona
1302 3980 1528 4034 honeste
1561 3981 1811 4048 acquiras
1835 3994 1850 4046 ;
1876 3979 1968 4033 sed

404 4086 462 4131 ut
492 4076 656 4131 etiam
696 4076 834 4131 bene
862 4082 1017 4144 parta
1044 4073 1282 4136 amittas,
1324 4080 1436 4137 aut,
1467 4070 1607 4140 quod
1642 4071 1967 4124 levissimum

401 4178 506 4234 est,
532 4168 673 4224 male
709 4175 866 4239 parta
894 4166 1157 4236 deponas.
1191 4165 1330 4232 Quid
1363 4167 1508 4219 enim
1550 4164 1641 4216 tibi
1673 4163 1967 4233 profuerit,

402 4260 477 4313 ita
505 4257 712 4329 peccati
743 4257 959 4313 veniam
999 4255 1355 4324 impetrasse,
1391 4262 1450 4307 ut
1489 4262 1665 4307 tamen
1696 4251 1745 4305 ei
1767 4291 1780 4312 ,
1810 4266 1967 4319 quem

401 4350 634 4415 iusseris,
689 4350 944 4405 damnum
993 4364 1099 4403 non
1149 4347 1451 4411 sarciatur;
1506 4360 1626 4400 cum
1674 4355 1728 4398 tu
1770 4344 1968 4412 duplici

403 4445 607 4498 scelere
635 4442 961 4497 constrictus
992 4439 1254 4505 tenearis,
1289 4440 1479 4505 altero,
1518 4438 1642 4506 quia
1692 4434 1972 4491 sceleratis

404 4533 615 4589 artibus
648 4531 934 4588 facultates
964 4514 1094 4587 tuas.
1134 4530 1375 4597 auxisti,
1403 4528 1572 4583 altero
1595 4528 1756 4597 ,quia
1794 4537 1974 4595 partas

473 4693 524 4725 ³²
546 4690 678 4745 Luc.
718 4705 828 4755 xvr,
871 4689 943 4743 20
969 4703 1090 4759 sqq.
1190 4688 1235 4719 ³³
1265 4686 1397 4741 Luc.
1426 4701 1543 4751 arx,
1597 4685 1634 4739 2
1683 4699 1801 4755 sqq.

497 4871 587 4940 47)
613 4871 908 4926 Γενέσθω.
943 4871 1110 4940 Regg.
1142 4870 1231 4924 bm
1256 4880 1309 4940 et
1329 4871 1420 4936 ph,
1446 4868 1698 4937 γινέσθω.

497 4935 592 5009 48)
620 4942 843 4995 Πόσον-ι
902 4935 1158 5005 (ΣοὶεῙῖί,
1228 4935 1430 4996 πόσων.
1459 4935 1610 4993 ἸίΙοχ
1645 4937 1830 5001 etiam,
1872 4935 1971 4989 πό·-

406 5026 541 5064 οων.

475 5080 587 5149 (49)
627 5080 756 5147 Τοῖς
797 5078 1075 5149 Χριστοῦ.
1112 5078 1205 5149 Sic
1246 5076 1725 5149 quinqueﬁegg.)
1762 5086 1865 5149 etc.
1914 5076 1968 5149 ln

406 5143 647 5284 ορέέτοῦ
678 5143 938 5223 Χριστοῦ.
980 5149 1125 5215 Mox,
1168 5143 1335 5213 ξένος.
1363 5143 1453 5204 Sic
1479 5143 1645 5203 Coisi.
1683 5146 1736 5199 ἓ.
1778 5143 1835 5198 Ιιι
1860 5148 1971 5212 ed.,

406 5237 432 5273 ε
546 5237 654 5283 νος.
1777 5282 1818 5284 __

404 5223 455 5273 εἰ
487 5223 654 5283 ξένος.

478 5282 591 5359 (50)
616 5282 729 5344 Ἕν
758 5290 884 5354 τοῖς
910 5289 1098 5356 ἰδίοις.
1130 5308 1155 5341 ιν
1203 5290 1256 5342 In
1299 5288 1550 5358 propriis.
1594 5307 1614 5340 ι
1654 5284 1745 5340 Sic
1776 5282 1973 5355 Vulga-

406 5368 481 5415 ta.
511 5360 715 5424 Billius,
742 5378 761 5410 ι
794 5362 844 5413 in
868 5361 981 5414 suis
1006 5360 1331 5427 regionibus.
1356 5377 1375 5410 ι

479 5427 591 5499 (Si!)
628 5419 756 5482 Τοῦ.
791 5429 947 5499 Deest
977 5429 1032 5482 in
1061 5419 1294 5499 quinque
1327 5430 1492 5498 ltegg.

479 5498 594 5569 (52)
625 5500 842 5569 Μέγας.
865 5498 957 5555 Sic
989 5498 1169 5569 plures
1205 5499 1419 5567 optima:
1445 5509 1580 5556 nota:
1606 5498 1759 5555 codd.
1790 5502 1967 5565 lncd-,

412 5570 573 5639 μέῖατ

630 5637 894 5707 Ὑγίειαν.
916 5638 1047 5709 Reg.
1076 5639 1186 5703 bm,
1219 5638 1425 5709 ὑγείαν.

481 5707 591 5778 (54)
626 5709 715 5763 Δέ.
760 5710 915 5766 Deest
948 5707 1209 5767 ita—tr‘bus
1245 5708 1409 5777 Regg.

2143 3524 2267 3579 AB'.
2303 3522 2547 3576 Γενέσθω
2575 3539 2655 3576 σοι
2677 3523 2737 3574 τὸ
2759 3522 3002 3594 λουτρὸν,
3034 3524 3110 3595 μὴ
3141 3526 3235 3580 τοῦ
3265 3526 3518 3599 σώματος
3547 3531 3652 3601 μό-

2068 3633 2157 3669 νον
2182 3615 2315 3686 (57),
2350 3613 2487 3669 ἀλλὰ
2512 3614 2607 3668 καί⁵
2637 3614 2739 3685 τῆς
2776 3615 3005 3679 εἰκόνος·
3046 3616 3121 3688 μὴ
3155 3617 3262 3672 τῶν
3314 3621 3649 3692 ἁμαρτημά-

2072 3725 2181 3762 των
2212 3706 2473 3769 ἐκπλυσις
2504 3706 2616 3776 (58)
2656 3707 2834 3777 μόνον,
2862 3707 2997 3761 ἀλλὰ
3024 3709 3120 3762 καὶ
3151 3709 3246 3763 τοῦ
3277 3713 3480 3781 τρόπου
3503 3714 3653 3785 διόρ-

2069 3799 2253 3862 θωσις
2288 3796 2361 3868 μὴ
2394 3797 2484 3849 τὸν
2501 3795 2842 3867 προλαϐόντα
2871 3796 2981 3868 (59)
3014 3796 3270 3870 βόρϐορον
3295 3800 3653 3866 ἀποκλυζέτω

2071 3892 2251 3962 μόνον,
2281 3888 2418 3943 ἀλλὰ
2439 3888 2531 3941 καὶ
2562 3887 2661 3958 τὴν
2695 3888 2878 3960 πηγὴν
2916 3889 3246 3961 καθαιρέτω’
3278 3891 3352 3962 μὴ
3379 3892 3439 3945 τὸ
3468 3893 3652 3958 καλῶς

2068 3984 2294 4038 κτᾶσθαι
2316 3982 2567 4037 τυπούτω
2601 3984 2779 4053 μόνον,
2797 3982 2933 4038 ἀλλὰ
2969 3984 3062 4038 καὶ
3098 3983 3157 4037 τὸ
3180 3985 3360 4051 καλῶς
3404 3988 3653 4041 άποκτᾶ-

2068 4076 2209 4135 σθαι,
2232 4076 2289 4146 ἢ,
2315 4076 2375 4128 τό
2389 4092 2452 4145 γε
2474 4076 2824 4145 κουφότατον,
2850 4076 2913 4130 τὸ
2943 4076 3132 4140 κακῶς
3167 4079 3365 4150 κτηθὲν
3394 4079 3652 4135 ἀποτίθεο

2068 4166 2210 4221 σθαι.
2237 4167 2301 4219 Τί
2326 4168 2432 4238 γὰρ
2454 4167 2643 4235 ὄφελος
2664 4168 2746 4221 σοὶ
2779 4167 2878 4238 μὲν
2901 4169 3318 4241 συγχωρηθῆναι
3340 4171 3437 4242 τὴν
3466 4173 3652 4243 ἀμαρ-

2074 4260 2213 4321 τίαν,
2238 4260 2315 4328 τῷ
2349 4260 2405 4313 δὲ
2442 4260 2755 4331 ἠδικημένῳ
2781 4260 2855 4333 μὴ
2884 4261 3109 4332 λυθῆναι
3134 4263 3236 4334 τὴν
3250 4263 3401 4335 παρὰ
3423 4264 3517 4317 σοῦ
3550 4264 3653 4335 ζη-

2081 4353 2225 4423 μίαν·
2264 4352 2357 4405 δύο
2406 4370 2487 4405 σοι
2543 4352 2729 4407 κακῶν
2755 4354 2943 4416 ὄντων,
2973 4353 3065 4407 τοῦ
3115 4371 3175 4407 τε
3202 4355 3508 4426 κτήσασθαι
3570 4357 3649 4427 μὴ

2075 4441 2317 4505 δικαίως,
2352 4442 2445 4495 καὶ
2476 4441 2568 4495 τοῦ
2595 4441 2657 4494 τὸ
2685 4441 2880 4512 κτηθὲν
2902 4442 3010 4511 (60)
3037 4442 3359 4513 κατέχεσθαι
3379 4460 3393 4506 ;
3411 4443 3516 4497 Τοῦ
3549 4446 3648 4515 μὲν

2078 4530 2271 4600 ἄφεσιν
2303 4530 2514 4594 ἔλαϐες,
2552 4531 2613 4584 τὺ
2640 4530 2696 4583 δὲ
2742 4533 2979 4605 σήμερον
3010 4534 3233 4596 ἀδικεῖς.
3264 4534 3509 4606 Σήμερον
3539 4534 3649 4606 γάρ

1881 4684 1927 4716 ³⁸
1955 4684 2057 4740 lsa.
2082 4699 2232 4751 LVIII,
2261 4687 2315 4741 7.
2390 4685 2435 4718 ³⁸
2460 4685 2636 4742 Galat.
2661 4702 2745 4751 ιιι,
2767 4686 2859 4740 27.
2934 4688 2980 4718 ³⁸
3006 4687 3195 4742 Matth.
3221 4688 3481 4754 xvnt,26.

2007 4870 2051 4925 D
2148 4868 2259 4933 (55)
2294 4868 2424 4938 Καί.
2452 4865 2585 4938 Reg.
2616 4866 2726 4930 bm,
2754 4868 2810 4938 ή.
2838 4867 2970 4938 Reg.
3005 4869 3095 4933 ph,
3121 4868 3154 4938 ἦ
3181 4869 3291 4923 καί.

2148 4938 2259 5005 (56)
2287 4935 2503 4989 Πλέον.
2539 4936 2701 5005 Regg.
2732 4935 2787 5001 ιι,
2814 4953 2865 5001 c,
2898 4935 2951 5003 α’,
2980 4935 3182 4993 πλεῖον.

2149 5006 2506 5077 (57)ᾼΜόνον.
2549 5006 2690 5077 Tres
2727 5007 2923 5077 Regg.,
2965 5006 3129 5063 Coisl.
3170 5009 3194 5061 1
3241 5016 3295 5062 et
3332 5007 3521 5063 Comh.
3555 5012 3648 5064 ad-

2082 5074 2235 5159 dunt,
2266 5075 2547 5157 ξκπλυσιςτ
2580 5094 2599 5159 ι
2647 5074 2762 5156 Non
2800 5074 3043 5159 corporis
3081 5086 3287 5132 tantum
3315 5079 3521 5133 ablutio
3553 5081 3644 5147 sit,

2080 5147 2171 5202 sed
2195 5148 2405 5210 animae,
2441 5164 2459 5196 ι
2498 5147 2661 5214 sivec
2691 5145 2955 5214 imaginis.
2986 5166 3003 5197 ι

2155 5215 2266 5286 (58)
2299 5212 3084 5286 Ἀμαρτημὰτωνὲᾱιπλυσις.
3106 5216 3241 5271 Tres
3271 5217 3459 5286 Regg.,
3477 5216 3642 5272 Coisl.

2077 5288 2106 5411 ll
2138 5284 2197 5410 Et
2221 5284 2488 5347 Comini,
2523 5285 2937 5355 ἁμαρτημάτων
2964 5286 3137 5350 λύσις,
3170 5305 3189 5337 ι
3224 5284 3542 5341 delictorum
3564 5303 3643 5341 so-

2095 5374 2130 5411 ιι
2161 5371 2229 5408 ιο.
2256 5373 2275 5404 ι

2095 5368 2229 5411 ιιιιο.
2256 5373 2275 5404 ι

2149 5424 2262 5496 (59)
2292 5424 2714 5496 Προλαϐόνταε
2741 5424 2980 5496 Quatuor
3029 5424 3222 5496 lteggq
3281 5440 3470 5479 novem
3515 5425 3644 5480 Col-

2078 5493 2241 5557 bert.,
2274 5494 2379 5547 duo
2400 5493 2563 5548 Coisl.
2593 5504 2648 5548 et
2684 5493 2779 5548 0r.
2804 5494 2856 5560 1,
2891 5493 3239 5566 προελθόντα,
3274 5513 3293 5546 ι
3339 5497 3644 5565 prateritas

2080 5567 2293 5622 sordes.
2313 5582 2331 5614 ι

2154 5633 2265 5705 (60)
2302 5632 2371 5686 Τὸ
2399 5634 2639 5705 κτηθέν.
2662 5633 2756 5705 Sic
2779 5633 3017 5705 plerique
3046 5635 3201 5692 codd.
3238 5633 3293 5690 In
3322 5632 3651 5704 quibusdam

2082 5703 2280 5771 tamen,
2319 5703 2450 5761 etin
2479 5705 2591 5773 ed.,
2618 5704 2685 5759 τὰ
2714 5703 2998 5776 κτηθέντα.
