3902 6218
271 262 380 318 405

1209 261 1470 317 ORATIO
1505 261 1616 315 XL.
1658 293 1727 302 -—
1760 263 1828 319 IN
1869 263 2200 324 SANCTUM
2241 263 2598 320 BAPTISMA.

3435 264 3540 320 406

270 377 389 428 ἐστι
422 373 575 445 παρὰ
641 373 724 426 σοὶ
756 374 816 426 τὸ
879 375 1180 446 ἀλλότριον·
1241 375 1336 429 καὶ
1377 376 1477 428 οὐκ
1504 376 1742 447 ἀνῃρέθη
1804 379 1864 430 τὸ

1972 393 2098 449 opes
2131 377 2333 433 relines
2355 376 2378 429 ?
2399 375 2496 439 Ita,
2529 374 2777 444 quamvis
2804 373 2894 428 illa
2928 375 3022 431 tibi
3056 390 3194 431 noxa
3234 379 3541 451 condonata

270 467 601 537 ἁμάρτημα,
624 465 704 536 τῷ
722 466 900 536 χρόνῳ
932 466 989 519 δὲ
1038 466 1286 537 διεκόπη.
1337 466 1412 518 Τὸ
1469 467 1568 537 μὲν
1627 467 1734 539 πρὸ
1765 467 1860 521 τοῦ

271 555 658 628 βαπτίσματος
689 555 980 627 τολμηθὲν,
1005 555 1064 608 τὸ
1101 556 1158 610 δὲ
1191 557 1349 627 μένον
1389 556 1528 626 μετὰ
1567 556 1628 609 τὸ
1667 556 1861 626 βάπτι-

272 666 411 719 σμα·
445 648 553 703 τῶν
573 650 684 720 γὰρ
715 649 1142 720 ἡμαρτημένων,
1176 649 1236 702 οὐ
1267 649 1374 703 τῶν
1402 650 1861 720 ἁμαρτανομένων

270 743 333 794 τὸ
373 742 598 811 λουτρὸν
625 741 738 812 ἔχει
768 739 1136 812 συγχώρησιν.
1187 743 1280 794 Δεῖ
1320 741 1377 794 δὲ
1427 743 1501 814 μὴ
1542 741 1863 811 σοφισθῆναι

269 834 364 887 τὸν
393 833 702 904 καθαρμὸν,
730 833 846 886 ἀλλ’
881 834 1308 904 ἐνσημανθῆναι·
1346 832 1766 906 λαμπρυνθῆνοιί
1803 850 1863 886 σε

271 924 516 988 τελείως,
542 923 678 978 ἀλλὰ
711 924 785 995 μὴ
811 923 1143 995 χρωσθῆναι·
1183 923 1320 994 μηδὲ
1367 923 1694 993 ὲπικάλυψιν
1754 923 1864 978 τῶν

274 1015 584 1088 ἁμαρτιῶν,
621 1016 736 1071 ἀλλ’
762 1016 1083 1088 ἀπαλλαγὴν
1109 1015 1254 1085 ἔχειν
1274 1016 1335 1068 τὸ
1363 1016 1630 1088 χάρισμα.
1665 1015 1866 1070 Μακά-

267 1126 410 1178 ριοι,
439 1101 528 1162 ὧν
552 1107 869 1177 ἀφέθησαν
911 1112 968 1162 αἱ
1004 1109 1266 1178 ἀνομίαι·
1297 1107 1458 1161 τοῦτο
1505 1108 1608 1178 τῆς
1666 1124 1870 1162 παντε-

271 1201 401 1265 λοῦς
435 1202 756 1272 καθάρσεως
781 1219 793 1230 ·
823 1201 921 1255 καὶ
941 1194 1030 1253 ὧν
1052 1200 1564 1268 ἐπεκαλύφθησαν
1591 1201 1651 1253 al
1692 1200 1871 1268 ἀμαρ-

273 1295 414 1348 τίαι·
441 1293 602 1347 τοῦτο
628 1293 740 1346 τῶν
768 1293 922 1347 οὔπω
947 1294 1008 1346 τὸ
1032 1293 1191 1364 βάθος
1217 1292 1357 1364 καθη
1369 1292 1636 1363 ραμένων.
1666 1289 1870 1346 Μακά-

270 1405 401 1456 ριος
422 1386 602 1456 ἀνὴρ,
625 1379 673 1453 ᾧ
708 1389 779 1440 οὐ
824 1385 911 1455 μὴ
954 1385 1272 1454 λογίσηται
1314 1385 1528 1452 Κύριος
1552 1383 1868 1452 ἁμαρτίαν·

273 1478 437 1549 τρίτη
464 1495 549 1540 τις
564 1477 702 1548 αὕτη
743 1476 895 1543 τάξις
929 1475 1038 1530 τῶν
1065 1475 1556 1547 ἁμαρτανομένων·
1602 1467 1732 1544 ὦνή
1766 1473 1864 1544 μὲν

276 1565 479 1638 πρᾶξις
519 1566 619 1618 οὐκ
655 1565 763 1635 (61)
801 1563 1080 1636 ἐπαινετὴ,
1118 1564 1180 1617 τὸ
1222 1564 1280 1616 δὲ
1312 1563 1413 1633 τῆς
1451 1560 1680 1633 γνώμης
1713 1560 1872 1614 ἀνεύο

275 1660 455 1714 θυνον.

1969 474 2059 534 sit,
2091 470 2192 524 hac
2224 477 2405 522 tamen
2431 467 2695 521 hodierno
2719 466 2804 521 die
2831 468 3007 522 adhuc
3029 467 3342 538 impliearis.
3371 471 3546 528 Hodie

1967 561 2109 615 enim
2145 559 2283 626 apud
2316 566 2367 612 te
2413 556 2590 612 aliena
2629 571 2716 611 res
2747 566 2860 623 est;
2896 557 3124 627 ideoque
3153 561 3372 616 minime
3409 563 3542 617 sub-

1968 650 2134 704 latum
2187 656 2241 703 et
2298 647 2626 702 exstinctum
2681 657 2762 702 est
2813 661 3115 717 peccatum,
3161 651 3256 706 sed
3299 663 3540 721 tempore

1958 740 2133 795 solum
2189 738 2532 793 intercisum.
2582 737 2719 791 Illud
2775 739 2990 808 quidem
3040 750 3166 794 ante
3213 742 3540 811 baptismum

1959 838 2326 901 perpetratum
2357 838 2460 895 est,
2495 830 2638 884 istud
2666 845 2796 886 vero
2818 840 2941 900 post
2982 833 3305 900 baptismum
3337 846 3538 894 manet.

1960 922 2257 978 Lavacrum
2319 921 2462 976 enim
2509 909 2870 978 admissorum
2925 932 3275 993 peccatorum
3323 926 3539 981 veniam

1962 1015 2159 1083 habet,
2200 1029 2306 1069 non
2344 1009 2556 1080 eorum,
2607 1002 3162 1088 qum-admittuntur.
3211 1015 3382 1072 Porro
3434 1035 3540 1073 non

1964 1107 2191 1161 locanda
2228 1117 2312 1162 est
2336 1107 2585 1177 purgatio
2605 1146 2621 1170 ,
2643 1107 2742 1161 sed
2778 1095 3170 1177 itnpr'imenda;
3207 1109 3409 1179 tibique
3438 1111 3542 1166 hoc

1967 1198 2260 1267 agendum,
2290 1207 2348 1252 ut
2379 1198 2536 1269 plene
2577 1213 2642 1252 ac
2678 1197 2918 1268 perfecte
2950 1199 3314 1269 splendescas,
3351 1216 3455 1256 non
3482 1211 3544 1255 ut

1967 1287 2160 1341 leviter
2187 1297 2349 1356 atque
2381 1287 2432 1341 in
2468 1287 2810 1356 superﬁciem
2843 1287 3105 1357 illinaris;
3144 1298 3202 1344 ut
3231 1291 3405 1360 gratia
3434 1307 3541 1347 non

1967 1385 2190 1446 peccata
2231 1387 2441 1431 tantum
2471 1379 2734 1443 obducat,
2767 1378 2860 1433 sed
2894 1379 2962 1434 ab
2985 1378 3050 1434 iis
3074 1382 3293 1437 omnino
3331 1389 3382 1436 te
3417 1383 3539 1437 vin-

1965 1468 2128 1523 dicet.
2159 1469 2350 1534 Beati,
2385 1486 2610 1540 quorum
2645 1473 2876 1525 remissae
2919 1481 3038 1526 sunt
3077 1474 3374 1542 iniquitates
3395 1491 3414 1529 :
3438 1476 3542 1531 hoc
3645 1474 3648 1476 ’

1967 1560 2139 1628 plenae
2171 1570 2225 1616 et
2257 1561 2546 1616 cumulata:
2583 1564 2916 1634 purgationis
2950 1573 3060 1631 est;
3091 1575 3138 1621 et
3159 1583 3376 1637 quorum
3407 1577 3542 1622 tecta

1967 1662 2087 1706 sunt
2129 1665 2340 1724 peccata
2370 1655 2449 1709 a":
2485 1656 2587 1710 hoc
2621 1656 2688 1711 iis
2733 1657 3014 1726 congruit,
3061 1672 3288 1728 quorum
3334 1659 3544 1714 intimasI

277 1755 450 1809 animi
475 1763 658 1826 partes
682 1753 918 1808 nondum
949 1761 1190 1823 purgatae
1229 1761 1377 1805 sunt.
1414 1749 1612 1805 Beatus
1637 1749 1739 1816 vir,
1771 1747 1854 1802 cui
1893 1763 1997 1800 non
2057 1750 2330 1830 imputavit
2396 1750 2650 1805 Dominus
2675 1760 2943 1819 peccatum
2971 1752 3015 1784 ³³
3045 1769 3062 1809 :
3102 1754 3263 1808 tertia
3295 1754 3542 1823 quzedam

279 1853 400 1906 haec
453 1859 538 1907 est
567 1850 908 1919 peccantium
940 1848 1169 1915 classis;
1217 1862 1454 1917 quorum
1499 1845 1739 1907 scilicet,
1773 1843 1985 1898 tametsi
2010 1844 2152 1899 actio
2177 1845 2401 1900 minime
2454 1844 2741 1900 laudabilis
2798 1855 2906 1911 est,
2966 1855 3325 1902 menstamen
3381 1847 3543 1920 culpa

275 1957 335 1998 et
361 1945 593 1999 crimine
617 1951 798 1997 vacat.

349 2039 472 2092 AI".
514 2037 579 2090 Τί
603 2030 695 2090 οὖν
723 2053 888 2106 φημι,
914 2034 1009 2088 καὶ
1026 2033 1112 2098 τίς
1137 2033 1166 2086 ὁ
1193 2033 1326 2104 ἐμὸς
1348 2031 1507 2101 λόγος
1529 2048 1543 2096 ;
1569 2029 1696 2102 χθὲς
1723 2023 1864 2100 ἦσθα

2043 2021 2286 2079 XXXIII.
2335 2022 2474 2090 Quid
2519 2023 2682 2093 igitur
2704 2023 2864 2092 dico,
2917 2035 2972 2082 et
3022 2041 3129 2096 quo
3177 2041 3296 2082 mea
3339 2036 3546 2097 spectat

277 2129 565 2184 Χαναναία
605 2127 784 2198 ψυχὴ,
816 2126 912 2180 καὶ
935 2124 1025 2178 διὰ
1065 2124 1164 2194 τῆς
1199 2123 1312 2195 (69.)
1340 2123 1616 2195 ἁμαρτίας
1659 2119 1861 2189 συγκύ-

277 2231 510 2273 πτουσα·
558 2221 798 2288 σήμερον
849 2211 1184 2285 ἀνωρθώθης
1227 2212 1335 2266 ὑπὸ
1384 2211 1478 2264 τοῦ
1521 2210 1719 2280 Λόγου.
1768 2207 1860 2278 Μὴ

279 2309 566 2383 συγκύψῃς
609 2307 804 2373 πάλιν,
833 2306 928 2359 καὶ
978 2306 1058 2370 είς
1100 2303 1206 2375 γῆν
1255 2302 1448 2375 κλιθῇς
1495 2302 1638 2373 (65),
1675 2300 1862 2369 ὥσπερ

280 2403 493 2472 κύφωνι
528 2400 639 2470 (64)
675 2397 828 2469 παρὰ
856 2397 954 2451 τοῦ
993 2394 1233 2466 πονηροῦ
1259 2394 1587 2466 βαρηθεῖσα,
1619 2391 1714 2446 καὶ
1742 2391 1866 2444 δυσ-

279 2493 585 2562 ανάκλητον
620 2490 749 2562 ἔχῃς
785 2488 898 2560 (65)
935 2487 1034 2560 τὴν
1067 2487 1452 2558 ταπεινότητα.
1479 2484 1620 2548 Χθὲς
1643 2481 1865 2554 ὲξηραί-

279 2605 372 2641 νου
403 2583 674 2639 θάλλουσα
702 2584 768 2653 τῇ
795 2579 1091 2653 αἱμοῤῥοίᾳ
1116 2578 1429 2650 (ὲπήγαζες
1453 2576 1564 2646 γὰρ
1581 2575 1681 2645 τὴν
1703 2589 1866 2644 φοινι-

281 2677 384 2746 κὴν
419 2674 534 2746 (66)
575 2671 907 2744 ἁμαρτίαν)·
949 2670 1189 2740 σήμερον
1228 2665 1496 2737 ἁνέθηλας
1524 2663 1636 2734 (67)
1665 2661 1863 2734 ξηραν-

281 2768 462 2824 θεῖσα.
497 2765 661 2835 ’Ἣψω
692 2763 801 2835 γὰρ
834 2762 943 2815 τῶν
977 2759 1216 2832 Χριστοῦ
1257 2757 1611 2830 κρασπέδων,
1644 2754 1739 2809 κα)¹
1768 2754 1866 2826 τὴν

283 2859 442 2928 ῥύσιν
469 2858 728 2928 ἕστησας.
759 2853 1009 2908 Φύλασσέ
1040 2870 1129 2924 μοι
1154 2852 1253 2922 τὴν
1276 2850 1579 2920 κάθαρσιν,
1608 2847 1682 2919 μὴ
1705 2848 1867 2902 πάλιν

281 2951 682 3022 αἱμοῤῥοήσῃς,
706 2948 800 3001 καὶ
818 2947 918 3000 οὐκ
947 2943 1175 3017 ίσχύσῃς
1193 2942 1306 3013 (68)
1325 2939 1587 2996 λαϐέσθαι
1605 2937 1864 3009 Χριστοῦ,

286 3044 374 3098 ἵνα
422 3041 628 3116 κλέψῃς
665 3040 764 3110 τὴν
815 3038 1111 3110 σωτηρίαν.
1155 3037 1231 3088 Οὐ
1271 3034 1380 3104 γὰρ
1423 3031 1685 3093 πολλάκις
1725 3029 1870 3100 φιλεῖ

282 3133 521 3202 Χριστὸς
549 3129 949 3200 κλεπτόμενος,
971 3127 1066 3181 καὶ
1091 3128 1140 3179 εἰ
1171 3124 1290 3177 λίαν
1319 3123 1438 3176 ἐστὶ
1464 3120 1866 3192 φιλάνθρωπος.

280 3225 427 3287 Χθὲς
464 3222 559 3277 ἐπὶ
591 3221 781 3291 κλίνης
813 3218 1006 3290 έρῤιψο
1039 3215 1376 3288 παρειμένος
1409 3213 1504 3266 καὶ
1542 3209 1865 3282 λελυμένος,

279 3319 378 3374 καὶ
428 3319 530 3372 οὐκ
578 3313 720 3388 εἶχες
801 3315 1120 3386 ἄνθρωπον,
1169 3311 1287 3375 ἵνα,
1327 3310 1454 3363 ὅταν
1508 3306 1754 3379 ταραχθῇ
1809 3304 1869 3358 τὸ

279 3410 459 3479 ὕδωρ,
489 3378 664 3480 βάλλῇ
690 3405 801 3476 (b9)
842 3378 1014 3467 σεέίς
1052 3378 1150 3472 τήν
1185 3378 1591 3470 κολυμϐήθραν·
1627 3398 1864 3467 σήμερον
1895 3378 1936 3436 C

281 3495 446 3574 εὗρες
491 3499 810 3570 ἄνθρωπον,
851 3498 945 3550 τὸν
983 3495 1144 3549 αὐτὸν
1187 3495 1282 3548 καὶ
1318 3492 1486 3556 Θεὸν,
1544 3489 1741 3560 μᾶλλον
1779 3488 1863 3551 δὲ,

281 3593 414 3646 Θεὸν
448 3592 545 3645 καὶ
578 3589 865 3661 ἄνθρωπον
900 3588 1036 3660 (70).
1077 3585 1292 3658 Ἤρθης
1325 3583 1434 3638 ἀπὸ
1477 3581 1573 3636 τοῦ
1619 3580 1866 3652 κρα66ά-

280 3703 375 3738 του
408 3683 558 3754 (71),
595 3683 796 3753 μᾶλλον
825 3680 881 3733 δὲ
911 3676 1052 3751 ἦρας
1085 3678 1178 3731 τὸν
1207 3676 1549 3749 κρά66ατον,
1585 3674 1679 3726 καὶ
1708 3674 1868 3744 ἐστη-

285 3777 540 3839 Ὶίτευσας
571 3775 671 3846 τὴν
712 3772 1032 3845 εὐεργεσίαν
1055 3788 1067 3802 ·
1104 3770 1178 3841 μὴ
1215 3769 1377 3823 πάλιν
1421 3768 1513 3819 ἐπὶ
1555 3765 1864 3837 κραϐϐάτου

284 3871 452 3943 ριφῇς
481 3867 806 3940 ἁμαρτήσας
829 3906 844 3930 ,
870 3866 972 3935 τῆς
997 3863 1174 3932 κακῆς
1206 3861 1318 3929 (72)
1344 3858 1438 3912 τοῦ
1469 3857 1718 3928 σώματος
1744 3858 1866 3909 ἁνα-

283 3957 543 4020 παύσεως
568 3955 902 4026 παρειμένου
924 3956 1046 4015 ταῖς
1065 3951 1277 4022 ἡδοναῖς
1295 3967 1308 3981 ·
1329 3948 1442 4002 ἀλλ’
1469 3949 1544 4010 ὡς
1561 3946 1710 4015 ἔχεις
1731 3944 1864 4014 (75),

285 4049 471 4118 βάδιζε
505 4046 854 4118 μεμνημένος
884 4045 984 4114 τῆς
1019 4043 1238 4112 ἐντολῆς
1265 4059 1278 4072 ·
1323 4039 1469 4094 Ἰδοὺ
1494 4037 1668 4106 ὑγιὴς
1698 4035 1864 4105 γέγο-

279 4157 430 4208 νας·
470 4140 683 4209 μηκέτι
712 4137 1043 4208 ἁμάρτανε,
1076 4136 1177 4189 ἵνα
1203 4133 1290 4204 μὴ
1326 4131 1526 4202 χεῖρόν
1554 4130 1610 4182 τί
1643 4145 1741 4181 σοι
1770 4125 1866 4196 γέ-

281 4248 488 4300 νηται,
532 4230 687 4301 κακῷ
734 4228 954 4297 φανέντι
1000 4227 1138 4298 μετὰ
1178 4226 1280 4296 τὴν
1322 4217 1852 4286 εὐποιίαν.Λάζαρε,

281 4324 463 4393 δεῦρο
500 4322 647 4388 ἐξω,
685 4323 925 4394 ἤκουσας
959 4319 1055 4390 τῆς
1103 4316 1346 4388 μεγάλης
1385 4313 1568 4384 φωνῆς
1612 4313 1670 4364 ὲν
1711 4310 1866 4380 τάφῳ

282 4412 636 4485 κείμενος(τί
660 4413 769 4483 γὰρ
791 4410 886 4464 τοῦ
917 4410 1094 4478 Λόγου
1154 4401 1730 4478 μεγαλοφωνότερον;)
1774 4399 1868 4454 καὶ

280 4505 579 4578 προῆλθες,
614 4505 675 4557 οὐ
704 4504 907 4574 τετραή
919 4519 1082 4572 μέρος
1102 4499 1315 4572 νεκρὸς,
1341 4495 1478 4549 ἀλλὰ
1500 4493 1863 4564 πολυήμερος,

278 4599 360 4669 τῷ
392 4597 680 4670 τριημέρῳ
705 4595 1071 4656 ωναναστὰς,
1102 4591 1197 4645 καὶ
1223 4588 1330 4642 τῶν
1359 4585 1626 4654 ὲνταφίων
1651 4581 1866 4652 δεσμῶν

279 4687 566 4760 ὲξελύθης.
607 4686 700 4756 Μὴ
737 4684 1019 4756 νεκρωθῇς
1058 4682 1252 4743 πάλιν,
1285 4678 1380 4732 καὶ
1417 4676 1552 4747 γένῃ
1589 4673 1723 4741 μετὰ
1755 4672 1862 4725 τῶν

1961 2115 2168 2170 oratio?
2199 2114 2323 2169 Ileri
2349 2116 2652 2170 Chananaaa
2684 2117 2862 2170 anima
2892 2131 3015 2173 eras
3029 2118 3118 2184 '3‘,
3147 2126 3202 2172 et
3230 2132 3327 2186 per
3348 2133 3545 2185 pecca-

1965 2215 2077 2260 tum
2119 2205 2174 2259 in
2211 2216 2416 2258 terram
2465 2205 2726 2260 inclinata
2759 2207 2804 2238 ³³
2840 2220 2856 2260 :
2898 2197 3057 2262 hodie
3096 2223 3126 2262 a
3153 2209 3330 2263 Verbo
3361 2218 3542 2264 erecta

1963 2313 2040 2352 es.
2080 2294 2157 2350 Ne
2199 2311 2389 2350 rursus
2419 2296 2662 2351 curveris
2687 2337 2703 2363 ,
2741 2311 2838 2364 ac,
2881 2298 3028 2353 velut
3068 2298 3243 2369 ligneo
3291 2299 3476 2356 collari
3513 2317 3544 2355 a

1965 2385 2181 2440 diabolo
2213 2387 2501 2454 depressa,
2532 2386 2586 2440 in
2630 2399 2829 2441 terram
2873 2391 3240 2459 propendeas,
3283 2401 3444 2460 atque
3473 2391 3544 2446 ita

1964 2475 2236 2543 alliciaris,
2273 2486 2331 2529 ut
2360 2478 2449 2530 vix
2485 2479 2618 2545 erigi
2645 2489 2699 2532 et
2729 2493 3019 2548 assurgere
3048 2495 3237 2549 queas.
3268 2481 3394 2536 Heri
3426 2497 3545 2537 san-

1964 2569 2140 2639 guinis
2185 2566 2446 2638 proﬂuvio
2516 2570 2832 2626 tabescebas
2867 2571 2950 2636 ‘°;
3015 2571 3240 2626 rubrum
3289 2573 3434 2626 enim
3491 2583 3546 2629 et

1965 2669 2252 2716 cruentum
2293 2673 2571 2730 peccatum
2608 2678 2675 2717 ex
2728 2672 2778 2717 te
2826 2664 3109 2730 manabat;
3147 2665 3308 2718 hodie
3339 2665 3545 2721 siccato

1967 2753 2230 2820 proﬂuvio
2287 2754 2356 2808 ad
2394 2753 2681 2822 pristinum
2737 2751 2925 2809 ﬂorem
2989 2754 3218 2810 rediisti.
3273 2756 3542 2810 Contacta

1965 2843 2163 2912 quippe
2187 2844 2354 2898 vestis
2381 2844 2582 2899 Christi
2622 2845 2832 2900 ﬁmbria
2852 2887 2866 2912 ,
2895 2845 3097 2901 ﬂuxum
3139 2847 3542 2916 compressisti.

1967 2933 2075 2987 Fac
2115 2936 2491 3005 purgationem
2528 2951 2745 3000 serves,
2789 2953 2857 2993 ne
2887 2937 3086 3006 alioqui
3126 2937 3408 3008 sanguinis
3448 2939 3543 2993 de-

1966 3025 2127 3079 ﬂuvio
2151 3040 2336 3079 rursus
2359 3025 2589 3092 labores,
2617 3026 3005 3098 Christumque
3023 3029 3158 3098 jam,
3183 3029 3539 3099 surripienda:

1967 3117 2156 3172 salutis
2209 3133 2400 3184 causa,
2459 3120 2797 3188 prehendere
2855 3137 3114 3192 nequeas.
3161 3121 3349 3193 Neque
3396 3122 3542 3176 enim

1970 3208 2221 3265 Christus
2244 3210 2440 3279 saepius
2478 3211 2580 3266 sibi
2626 3212 2831 3282 aliquid
2880 3214 3082 3283 surripi
3121 3223 3298 3278 amat,
3327 3213 3544 3269 tametsi

1971 3299 2107 3354 inire
2131 3299 2399 3370 benignus
2426 3311 2480 3356 et
2510 3301 2707 3358 facilis.
2734 3302 2860 3358 Heri
2893 3304 2944 3358 in
2970 3303 3109 3360 lecto
3135 3305 3386 3375 iacebas,
3420 3321 3544 3360 cor-

1969 3409 2104 3464 pore
2125 3392 2330 3448 fractus
2355 3404 2409 3449 et
2449 3396 2680 3464 solutus,
2708 3413 2809 3453 nec
2839 3398 3120 3454 hominem
3154 3410 3351 3469 praesto
3376 3401 3543 3456 habe-

1960 3483 2080 3546 bas,
2105 3483 2220 3553 qui,
2252 3501 2375 3538 cum
2412 3487 2724 3542 turbaretur
2749 3479 2887 3559 aqua
2913 3529 2928 3556 ,
2956 3498 3011 3545 te
3036 3490 3089 3544 in
3118 3491 3383 3562 piscinam
3421 3491 3544 3562 inji-

1961 3583 2106 3627 ceret
2121 3573 2196 3640 M;
2228 3575 2385 3630 hodie
2419 3576 2585 3648 718
2614 3588 2802 3635 nactus
2831 3595 2890 3635 es
2927 3581 3198 3637 hominem
3227 3622 3241 3648 ,
3270 3582 3546 3638 eumdem—

1962 3679 2068 3734 que
2127 3665 2328 3733 Deum,
2358 3667 2444 3720 vel
2485 3679 2543 3723 ut
2577 3671 2780 3726 rectius
2828 3671 3040 3741 loquar,
3079 3675 3244 3730 Deum
3286 3685 3341 3730 et
3373 3673 3546 3729 homi-

1964 3772 2108 3812 nem.
2144 3759 2328 3815 Elatus
2364 3775 2422 3815 es
2456 3764 2753 3831 egrabato,
2790 3765 2898 3819 imo
2925 3767 3208 3836 grabatum
3245 3768 3544 3832 exstulisti,

1971 3864 2034 3902 ac
2057 3849 2380 3905 beneﬁcium
2409 3863 2712 3924 acceptum,
2743 3857 2891 3910 velut
2925 3859 2977 3911 in
3012 3859 3261 3914 columna
3292 3860 3542 3936 incisym,

1971 3943 2223 3998 omnibus
2263 3947 2613 4014 spectandum
2641 3952 2989 4019 proposuisti.
3023 3953 3186 4015 Cave,
3214 3968 3284 4007 ne
3312 3952 3545 4006 admisso

1969 4046 2190 4107 peccato
2223 4054 2411 4096 rursus
2441 4043 2494 4096 in
2534 4047 2794 4114 grabato,
2823 4045 2877 4100 id
2915 4053 3033 4112 est,
3075 4046 3128 4099 in
3158 4045 3387 4115 pessima
3420 4059 3543 4100 cor-

1971 4129 2118 4196 poris
2148 4129 2511 4200 voluptatibus
2553 4135 2711 4190 l‘racti
2745 4136 2926 4206 quiete
2947 4177 2964 4204 ,
2991 4136 3193 4205 jaceas.
3229 4135 3451 4200 Verum,
3488 4146 3541 4189 ut

1972 4233 2050 4282 es,
2084 4220 2446 4292 proﬁciscere,
2477 4229 2731 4297 praecepti
2766 4229 2923 4298 hujus
2947 4245 3190 4284 memor:
3223 4228 3356 4282 Ecce
3384 4245 3544 4283 sanus

1971 4309 2144 4378 factus
2171 4328 2257 4378 es;
2283 4315 2402 4382 jam
2437 4316 2545 4370 noli
2586 4333 2798 4387 peccare
2820 4360 2835 4386 ,
2870 4337 2930 4374 ne
2955 4321 3187 4374 Jeterius
3218 4319 3418 4389 aliquid
3451 4319 3544 4373 tibi

1966 4401 2172 4455 accidat
2205 4403 2272 4470 η,
2297 4405 2342 4458 si
2376 4418 2499 4476 post
2530 4421 2808 4479 acceptum
2839 4411 3160 4466 beneﬁcium
3206 4411 3377 4466 malus
3398 4411 3544 4464 inve-

1967 4493 2153 4549 niaris.
2183 4495 2426 4567 Magnam
2465 4502 2606 4556 hanc
2641 4519 2860 4566 vocem,
2892 4503 3118 4569 Lazare,
3158 4504 3272 4558 ueni
3308 4503 3454 4572 [oras
3476 4502 3543 4564 ⁸³,

1965 4583 2018 4636 in
2065 4588 2330 4658 sepulcro,
2368 4591 2554 4660 iacens
2595 4595 2789 4650 audisti
2836 4596 3007 4667 (quid
3046 4597 3190 4650 enim
3229 4594 3386 4650 Verbi
3417 4609 3544 4647 voce

1964 4682 2306 4744 praestantius
2326 4683 2372 4753 ?)
2390 4684 2469 4738 Ac
2491 4686 2759 4756 prodiisti,
2787 4701 2891 4742 non
2915 4689 3222 4758 quatriduo,
3249 4686 3341 4741 sed
3365 4685 3542 4740 multis

355 4834 400 4865 ³⁷
433 4831 760 4902 Ρεοῐηιιιι,
783 4831 850 4902 _I.
925 4829 970 4861 ³⁸
998 4827 1138 4902 ἰιήᾴζ
1165 4827 1220 4880 2.
1298 4826 1364 4857 '3'
1399 4820 1586 4876 Matth.
1629 4834 1718 4883 xv,
1754 4817 1844 4870 29..

2001 4819 2131 4878 Luc.
2162 4841 2280 4892 χιιι,
2312 4829 2394 4884 II.
2471 4831 2518 4863 ⁸⁸
2546 4793 2828 4898 ιυςξνιη,
2852 4831 2922 4888 45
2955 4847 3077 4902 sqq.
3153 4831 3193 4864 ¹⁶¹
3219 4829 3369 4886 Joau.
3411 4845 3462 4893 V,
3491 4829 3541 4885 7.

280 4908 327 4938 δ’
361 4903 496 4959 ibid.
529 4901 616 4956 14.
695 4901 743 4933 ⁸³
771 4900 930 4956 Joan.
967 4915 1046 4965 XI,
1071 4898 1141 4952 45

356 5012 472 5081 (61)
505 5014 648 5065 Οὐκ.
692 5011 783 5081 Sic
815 5012 1052 5080 quinque
1081 5009 1256 5081 (Regg.
1294 5008 1349 5062 In
1385 5009 1493 5071 eth,
1518 5005 1658 5060 οὐδέ.

354 5080 469 5151 (δί)
504 5083 606 5136 Διὰ
643 5080 774 5151 τῆς.
803 5081 969 5135 Coisl.
994 5081 1046 5144 1,
1069 5080 1157 5133 διὰ
1185 5080 1304 5151 τάς.

358 5142 470 5221 (65)
501 5142 750 5218 Κλιθῇξιζ
781 5151 871 5221 Sic
895 5142 1074 5220 plures
1101 5150 1258 5206 codd.
1308 5149 1367 5203 In
1399 5147 1668 5203 nonnullis
1691 5183 1705 5205 ,
1747 5142 1861 5195 κλι-

281 5225 421 5287 θείς.
446 5224 500 5276 ltt
528 5223 642 5285 ed.,
677 5220 892 5292 κριθῇς.

355 5285 470 5368 (154)
497 5285 758 5368 Κύξῳνὶ.
811 5285 996 5368 Schol.
1033 5308 1046 5344 :
1092 5288 1457 5368 Δεσμωτηρίῳ
1507 5285 1858 5368 κυρτῴματι;

288 5383 308 5414 σ
345 5353 728 5417 Carceralibus
766 5361 1034 5415 numellis.
1075 5379 1092 5410 ι
1143 5353 1443 5427 Ilésycliius
1481 5367 1536 5412 et
1580 5353 1863 5427 Suidas

285 5433 592 5500 intelligunt
624 5435 689 5485 «le
718 5451 740 5501 ι
765 5431 942 5501 ligneo
964 5430 1169 5495 collari,
1203 5449 1220 5482 ι
1245 5423 1443 5501 δεσμὸς
1471 5423 1867 5501 ξύλινοςὶυιιάο

283 5497 508 5567 dicitur,
552 5500 785 5554 δεδέσθω
809 5497 894 5555 *ὲν
941 5501 1172 5569 κύφωνι,
1214 5519 1232 5552 ι
1269 5497 1635 5569 νῑιὶεἱιιιιιιὶῃ
1689 5497 1865 5565 ligneo

282 5572 496 5627 collari.
536 5590 557 5624 ι
594 5572 710 5626 Non
737 5571 901 5638 igitur
924 5568 1068 5625 recte
1096 5570 1303 5630 Billius,
1341 5587 1360 5621 ι
1390 5568 1594 5625 catenis
1611 5568 1815 5622 ferreis.
1839 5580 1858 5614 ι

357 5641 473 5713 (65)
512 5643 720 5711 Ἕχῃς.
764 5643 894 5711 Reg.
920 5657 949 5696 c
973 5652 1029 5696 et
1064 5639 1176 5713 01·ζ
1193 5641 1243 5705 1,
1270 5640 1430 5708 ἕξεις.

355 5709 472 5779 (ϋϋ)
507 5709 815 5782 Φοινικην.
848 5709 943 5769 Sic
985 5723 1096 5768 tres
1145 5709 1314 5783 Regg.
1363 5724 1418 5767 et
1467 5719 1576 5768 tres
1620 5709 1770 5767 Colb.
1808 5709 1860 5762 In

1890 4999 1935 5055 ῐ)
1963 4999 2073 5060 ed.,
2111 5008 2372 5069 φωνικήν.

2185 5071 2530 5146 ’ᾼνέθηλας.
2565 5078 2685 5134 Bas.
2721 5081 2830 5144 etl.,
2863 5081 3171 5141 ἀνέθαλλες.

2040 5139 2513 5222 (ϐξ),’1σχύὲτῃς’.
2545 5150 2636 5204 Sic
2674 5139 2912 5220 quinque
2953 5139 3146 5222 Regg.,
3179 5155 3287 5204 tres
3313 5148 3461 5203 Colb.
3489 5157 3545 5202 ct

1968 5209 2145 5288 Or.__l.
2168 5213 2223 5288 In
2250 5209 2359 5288 edi,
2395 5209 2654 5288 ἰσχύσεις.

2441 5280 2896 5362 Ormtueregg,
2922 5291 3078 5362 βαλῇ.

2177 5356 2292 5478 ἐμὲ
2323 5352 2654 5426 ἄνθρωπον.
2687 5352 2975 5432 δίονιὶοέέ.
3011 5352 3100 5416 ιὶὶη
3150 5369 3206 5417 et
3255 5361 3346 5430 ph.
3387 5360 3545 5416 Deest

1964 5439 2059 5475 και
2096 5440 2147 5478 In
2177 5439 2264 5478 cu.

2178 5499 2542 5572 Ifgaé’é’dtgv.
2561 5502 2642 5572 _In
2668 5501 2912 5570 pluribus
2934 5501 3208 5566 scribitur,
3235 5499 3536 5572 κραδάτου.

2180 5565 2295 5642 Τῆς
2321 5569 2531 5642 κακῆς.
2561 5564 2937 5642 Innonnullis,
2969 5564 3251 5642 κακίστης.

2035 5635 2148 5706 (75)
2196 5635 2500 5713 Ὠςςὲχειςζ
2537 5660 2554 5713 ι
2603 5641 2670 5696 Ut
2689 5657 2770 5713 es,
2809 5662 2826 5692 ι
2859 5642 2910 5698 id
2949 5653 3064 5711 est,
3100 5635 3274 5713 inquit
3300 5642 3536 5704 Nicctas.

1969 5729 1984 5761 ι
2023 5724 2186 5766 sanus
2213 5720 2266 5765 et
2300 5709 2601 5768 incolumis.
2632 5731 2649 5764 ι
