3902 6218
342 251 442 310 ἆο7

1551 246 1608 300 S.
1650 245 1975 302 GREGORII
2016 244 2361 302 THEOLOGI

3481 244 3594 301 408

342 365 533 425 diebus
575 370 853 427 mortuus,
882 374 1003 415 cum
1037 360 1286 415 triduano
1320 359 1411 413 illo
1444 359 1604 413 simul
1649 361 1717 415 ad
1748 362 1911 415 vitam

2036 360 2417 415 ιατοικούντων
2440 363 2500 414 ἐν
2522 361 2731 430 τάφοις,
2768 358 2903 430 μηδὲ
2926 362 3309 430 κατασφιγγῇς
3331 356 3442 430 (74)
3468 364 3593 425 ταῖς

344 458 581 521 rediens,
613 465 776 526 atque
804 453 1124 508 funebribus
1142 452 1370 507 vinculis
1398 452 1605 507 solutus
1634 467 1714 510 es.
1745 453 1910 517 Cave,

2021 455 2230 523 σειραῖς
2278 452 2388 506 τῶν
2428 451 2643 505 οἰκείων
2685 449 3135 522 ἁμαρτημάτων·
3175 450 3371 521 ἄδηλον
3413 450 3496 515 ὃν,
3539 453 3592 505 εί

342 565 412 604 ne
447 562 635 602 rursus
662 544 970 610 emoriaris,
1005 544 1179 613 iisque
1212 584 1228 608 ,
1261 544 1350 613 qui
1378 544 1430 596 in
1473 543 1733 612 sepulcris
1762 544 1914 597 habi-

2036 543 2180 596 πάλιν
2210 541 2556 614 ἐξαναστήσῃ
2586 541 2691 595 τῶν
2717 541 2927 610 τάφων,
2962 540 3125 612 μέχρι
3152 542 3248 612 τῆς
3276 541 3593 606 τελευταίας

346 645 461 689 tant
484 635 567 701 “,
600 634 939 705 aggregeris,
968 648 1033 688 ac
1072 642 1419 702 peccatorum
1447 640 1658 686 tuorum
1703 632 1917 687 funibus

344 726 758 793 constringaris;
795 740 916 779 cum
944 726 1210 779 incertum
1246 724 1336 789 sit,
1371 739 1439 776 an
1467 738 1654 778 rursus
1681 739 1711 778 e
1738 726 1917 792 sepul-

346 830 440 868 cro
483 815 550 868 ad
618 815 782 869 vitam
842 812 1209 876 excitaberis,
1254 827 1423 881 usque
1475 813 1544 866 ad
1595 820 1921 882 postremam

2023 634 2119 687 καὶ
2155 635 2341 704 κοινῆς
2382 633 2763 697 ἀναστάσεως,
2792 634 2827 705 ἢ
2862 636 2970 687 πᾶν
2999 633 3061 686 τὸ
3098 633 3311 703 ποίημα
3352 633 3469 699 ἄξει
3510 634 3593 694 εἰς

2026 725 2239 795 κρίσιν,
2269 725 2330 776 οὐ
2373 722 2917 795 θεραπευθησόμενον
2936 762 2951 786 ,
2984 723 3122 777 ἀλλά
3162 721 3590 793 κριθησόμενον,

2022 816 2118 869 καὶ
2144 814 2301 882 λόγον
2335 813 2562 882 ὑφέξον,
2592 808 2666 868 ὧν
2699 810 2759 867 εὖ
2791 814 2823 887 ἢ
2854 813 3040 878 κακῶς
3070 812 3447 884 ἐθησαύρισεν,

348 907 491 960 illam
524 914 589 978 et_
606 920 944 961 communem
981 905 1454 967 resurrectionem,
1487 919 1628 973 quas,
1657 904 1916 974 quidquid
1953 907 2152 962 factum
2179 909 2364 974 est,ad
2387 907 2648 977 judicium
2670 906 2920 969 adducet,
2942 920 3047 959 non
3064 905 3176 974 jam
3233 913 3290 957 ιιι
3339 913 3587 967 curetur,

348 1003 442 1058 sed
491 1009 548 1054 ut
576 999 871 1067 iudicetur,
903 999 1277 1067 rationemque
1322 1012 1509 1051 eorum
1548 997 1770 1064 reddat,
1793 1012 1915 1066 quae
1953 1009 2100 1054 recte
2130 1000 2212 1053 vel
2246 999 2388 1053 male
2420 997 2778 1052 coacervarit.

416 1088 658 1145 XXXIV.
709 1088 765 1143 Si
828 1087 1011 1156 lepra,
1062 1087 1165 1140 hoc
1216 1092 1301 1139 est
1350 1085 1573 1139 deformi
1624 1087 1919 1155 pravitate,

2094 1089 2214 1141 AA'.
2254 1087 2319 1141 El
2351 1088 2556 1160 λέπραν
2588 1087 2783 1158 ἔϐρυες
2822 1086 2963 1149 τέως
2993 1084 3093 1156 τὴν
3139 1086 3386 1155 ἄμορφον
3429 1101 3598 1155 πονη-

347 1181 499 1250 prius
520 1178 753 1234 infectus
785 1191 912 1231 eras
941 1217 958 1243 ,
989 1190 1053 1230 ac
1075 1180 1268 1231 deinde
1297 1175 1487 1230 abrasa
1518 1176 1795 1244 ejectaque
1817 1176 1921 1230 hac

2036 1180 2187 1250 ρίαν,
2221 1178 2527 1250 ἀπεξέσθης
2554 1178 2611 1232 δὲ
2638 1180 2737 1248 τῆς
2762 1178 2939 1248 κακῆς
2967 1177 3129 1247 ὕλης,
3156 1177 3251 1230 καὶ¹
3283 1177 3381 1246 τὴν
3409 1177 3598 1229 εἰκόνα

350 1272 540 1326 vitiosa
579 1268 829 1333 materia,
853 1268 1055 1322 salvam
1079 1277 1134 1321 et
1164 1266 1488 1321 incolumem
1527 1267 1816 1337 imaginem
1843 1282 1923 1321 re-

2036 1270 2172 1325 σώαν
2196 1270 2467 1333 ἀπέλαδες
2484 1312 2498 1335 ,
2524 1269 2694 1326 δεῖξον
2721 1270 2844 1340 ἐμοὶ
2872 1268 2949 1339 τῷ
2981 1270 3117 1339 ἱερεῖ
3148 1286 3242 1321 σου
3270 1268 3369 1339 τὴν
3396 1269 3601 1339 κάθαρ-

350 1350 562 1430 cepisti,
591 1358 970 1429 purgationem
990 1358 1144 1422 mihi,
1169 1359 1435 1413 sacerdoti
1474 1368 1589 1424 tuo,
1611 1361 1835 1414 ostende
1848 1360 1920 1426 ⁸⁸,

2036 1375 2143 1427 σιν,
2179 1360 2267 1413 ἵνα
2304 1358 2419 1427 γνῶ
2457 1357 2603 1429 (75),
2641 1359 2808 1412 πόσον
2838 1359 2936 1429 τῆς
2967 1358 3196 1427 νομικῆς
3226 1356 3362 1428 αὕτη
3396 1374 3599 1428 τιμιω-

352 1462 413 1508 ιιι
461 1466 821 1523 cognoscam,
854 1460 1116 1520 quantum
1164 1466 1227 1505 ea
1278 1452 1503 1521 legalem
1544 1455 1920 1524 purgationem

2036 1451 2182 1522 τέρα.
2226 1449 2390 1504 Γενοῦ
2477 1450 2554 1520 μὴ
2595 1449 2706 1503 τῶν
2746 1448 2903 1503 ἐννέα
2938 1448 3047 1501 τῶν
3081 1449 3421 1520 ἀχαρίστων,
3460 1450 3602 1503 ἀλλά

354 1521 662 1599 antecellat.
688 1542 891 1597 Novem
916 1540 1020 1595 illis
1056 1542 1281 1610 ingratis
1314 1557 1380 1595 ne
1413 1554 1467 1596 te
1498 1521 1794 1614 adiungas,
1829 1560 1924 1600 ve-

2036 1521 2115 1596 ιὸν
2156 1541 2379 1594 δέκατον
2420 1541 2694 1611 μίμησαι·
2730 1541 2825 1594 καὶ
2860 1540 2970 1611 γὰρ
3014 1543 3063 1593 εἰ
3110 1541 3454 1611 Σαμαρείτης
3488 1538 3557 1612 ἦν
3580 1583 3596 1605 ,

354 1648 473 1688 rum
509 1632 775 1686 decimum
818 1632 913 1686 tibi
940 1631 1263 1686 imitandum
1293 1647 1532 1702 propone
1559 1652 1574 1700 ;
1601 1635 1714 1704 qui,
1750 1650 1927 1704 quan-

2036 1632 2164 1686 Ξιλλά
2193 1631 2300 1686 τῶν
2328 1632 2502 1686 ἄλλων
2544 1632 3070 1703 εὐγνωμονέστερος.
3125 1632 3474 1701 Ἀσφάλισαι,
3521 1634 3601 1704 μὴ

356 1739 519 1793 quam
557 1722 933 1778 Samaritanus
975 1732 1150 1787 esset,
1197 1723 1332 1780 alios
1362 1734 1542 1780 tamen
1574 1728 1715 1793 grati
1759 1728 1923 1782 animi

355 1813 533 1870 officio
563 1816 715 1870 vicit.
758 1816 832 1871 Da
878 1829 1137 1885 cperam,
1189 1832 1257 1871 ne
1312 1817 1451 1871 mala
1496 1818 1702 1888 vitiligo
1744 1834 1927 1874 rursus

356 1916 644 1975 erumpat,
672 1915 834 1975 atque
866 1907 940 1961 ita
977 1907 1230 1963 aﬂiciaris
1253 1948 1269 1971 ,
1304 1918 1364 1963 ut
1400 1899 1649 1977 corporis
1695 1912 1769 1964 tui
1798 1911 1927 1964 vitio

359 1997 449 2051 vix
476 1996 585 2051 ulla
619 1999 885 2053 medicina
905 1998 1076 2070 possit
1104 2000 1366 2054 adhiberi.
1401 1999 1581 2070 Nuper
1617 2002 1842 2055 avaritia
1873 2011 1929 2056 et

357 2091 629 2145 tenacitas
658 2105 874 2144 manum
909 2103 1052 2146 tuam
1084 2092 1325 2146 siccabat
1357 2093 1439 2157 ";
1484 2093 1644 2147 hodie
1673 2108 1793 2147 eam
1825 2094 1929 2147 lar-

358 2178 495 2249 gitio
523 2188 579 2233 et
609 2178 962 2234 beneﬁcentia
997 2181 1276 2235 extendat.
1307 2179 1574 2235 Prteclara
1616 2196 1770 2250 aegra
1812 2197 1930 2236 ma-

363 2283 467 2324 nus
495 2269 704 2325 curatio
738 2278 824 2324 est
846 2309 862 2335 ,
905 2270 1215 2340 dispergere
1235 2311 1248 2335 ,
1280 2271 1410 2325 dare
1435 2273 1762 2341 pauperibus
1781 2311 1797 2337 ,
1824 2288 1886 2328 ea
1908 2312 1925 2338 ,

360 2360 559 2430 quibus
608 2360 1058 2430 circumﬂuimus,
1095 2362 1327 2417 ubertim
1377 2363 1706 2428 exhaurire,
1750 2365 1929 2434 quoad

363 2448 588 2506 fundum
619 2467 835 2522 quoque
879 2454 1057 2524 ipsum
1100 2456 1445 2526 attigerimus
1490 2456 1744 2527 (fortasse
1772 2474 1838 2512 ex
1864 2473 1931 2514 eo

359 2558 575 2613 quoque
613 2544 924 2600 alimentum
960 2547 1055 2602 tibi
1088 2549 1364 2612 manabit,
1389 2548 1536 2603 velut
1584 2548 1715 2603 olim
1764 2549 1927 2604 Sarco

359 2638 634 2706 phthante,
666 2653 729 2692 ac
757 2639 1057 2706 praesertim
1107 2639 1152 2693 si
1192 2638 1361 2694 Eliam
1395 2639 1594 2695 alueris
1622 2641 1726 2708 ‘7);
1772 2655 1929 2711 egre-

360 2729 478 2798 gias
523 2743 654 2798 opes
707 2729 1050 2796 exisrimare,
1080 2730 1257 2799 inopia
1285 2741 1501 2799 propter
1525 2730 1822 2794 Christum,
1841 2731 1928 2800 qui

360 2829 540 2876 nostra
563 2833 724 2876 causa
748 2830 1119 2889 paupertatem
1148 2821 1336 2884 subiit,
1366 2821 1631 2877 laborare.
1651 2821 1708 2877 Si
1737 2823 1931 2877 surdus

360 2926 425 2966 ac
450 2920 629 2966 mutus
657 2926 780 2967 eras
806 2911 876 2977 ⁸⁸,
903 2912 1127 2967 auribus
1166 2912 1274 2968 tuis
1304 2911 1537 2968 Verbum
1569 2915 1815 2979 insonet;
1848 2915 1928 2967 vel

358 3003 698 3071 potiuseum,
735 3003 824 3071 qui
866 3003 1136 3068 insonuit,
1176 3005 1370 3058 retine.
1420 3003 1498 3058 Ne
1536 3005 1702 3076 719
1729 3005 1794 3059 ad
1824 3004 1931 3059 Do-

360 3093 494 3149 mini
524 3094 866 3165 disciplinam
902 3104 958 3150 et
994 3096 1418 3150 admonitionem
1440 3135 1456 3161 ,
1487 3098 1931 3166 quemadmodum

362 3184 509 3254 aspis
547 3187 614 3239 ad
664 3185 1087 3248 incantationes,
1133 3186 1380 3241 occlusas
1414 3202 1576 3242 aures
1607 3187 1826 3242 habeas.
1868 3187 1926 3243 Si

366 3290 541 3332 caecus
586 3276 656 3341 “,
681 3285 737 3331 et
770 3276 990 3332 luminis
1018 3292 1233 3346 expers,
1274 3277 1516 3333 illumina
1560 3280 1747 3335 oculos
1790 3288 1930 3347 tuos,

365 3383 435 3424 ne
466 3382 702 3437 unquam
736 3368 788 3422 in
817 3378 1045 3423 mortem
1075 3368 1388 3423 obdormias
1414 3368 1482 3420 ⁸ο.
1503 3368 1557 3422 ln
1596 3369 1807 3424 Domini
1847 3371 1931 3424 lu-

365 3458 512 3512 mine
549 3456 728 3512 lumen
775 3458 1023 3527 perspice
1050 3458 1118 3522 “,
1163 3457 1215 3512 in
1257 3457 1460 3527 Spiritu
1505 3457 1598 3512 Dei
1628 3458 1822 3513 Filium
1853 3459 1935 3513 in-

363 3558 540 3615 tuere,
571 3550 769 3604 trinum
806 3550 1047 3619 inquam,
1097 3550 1228 3605 illud
1257 3556 1313 3603 et
1347 3549 1574 3618 simplex
1603 3559 1765 3619 atque
1793 3550 1934 3605 indi-

364 3641 539 3695 visum
569 3639 767 3692 lumen.
795 3636 852 3693 Si
879 3639 1152 3693 Christum
1182 3648 1351 3693 totum
1380 3639 1687 3701 admiseris,
1713 3640 1934 3694 univer-

363 3745 454 3787 sas
483 3732 651 3800 ipsius
676 3730 1005 3793 curationes,
1033 3730 1228 3799 quibus
1253 3730 1527 3801 sigillatim
1561 3734 1934 3801 unusquisque

364 3825 431 3880 ad
459 3823 744 3879 sanitatem
782 3829 1067 3878 revocatus
1089 3832 1195 3886 est,
1216 3823 1267 3876 in
1293 3823 1527 3878 animam
1564 3832 1709 3877 tuam
1735 3839 1933 3892 conge-

364 3931 473 3973 res.
511 3914 638 3970 Illud
668 3915 824 3970 modo
854 3930 1084 3981 caveas,
1113 3930 1179 3968 ne
1212 3915 1401 3983 gratiae
1435 3929 1742 3969 mensuram
1781 3918 1933 3984 igno-

365 4023 474 4076 res,
505 4023 639 4064 neve
666 4008 762 4063 tibi
801 4022 992 4075 somno
1026 4007 1225 4073 dedito,
1256 4021 1321 4062 ac
1352 4006 1493 4061 male
1533 4019 1751 4070 securo,
1788 4007 1932 4060 ziza-

364 4100 454 4155 nia
500 4099 673 4155 hostis
704 4099 1095 4170 superseminet
1127 4097 1194 4149 ⁸².
1234 4095 1369 4156 ιιιυά
1420 4095 1579 4150 modo
1608 4096 1891 4163 provideas
1915 4135 1933 4160 ,

2029 1723 2191 1778 πάλιν
2207 1724 2395 1787 κακῶς
2411 1722 2733 1796 ἐξανθήσῃς,
2758 1724 2851 1777 καὶ
2865 1722 3301 1794 δυσθεράπευτον
3325 1724 3467 1788 ἕξεις
3486 1724 3603 1796 (76)

2026 1814 2124 1887 τὴν
2165 1815 2481 1887 ἀνωμαλίαν
2524 1815 2619 1868 τοῦ
2656 1815 2930 1886 σώματος.
2967 1815 3166 1886 Πρώην
3195 1814 3448 1888 ἐξήραινέ
3485 1816 3602 1887 (77)

2030 1922 2125 1958 σου
2164 1904 2264 1976 τὴν
2311 1908 2469 1977 χεῖρα
2522 1906 2848 1976 μικρολογία
2880 1906 2975 1959 καὶ
3022 1904 3313 1974 φειδωλία*
3362 1907 3608 1978 σήμερον

2027 1998 2321 2052 ἐκτεινάτω
2357 1997 2642 2069 μετάδοσις
2676 1998 2770 2052 καὶ
2812 1997 3211 2069 φιλανθρωπία.
3242 1997 3400 2069 Καλὴ
3436 1997 3604 2069 θερα-

2032 2090 2164 2143 πεία
2204 2090 2387 2160 χειρὸς
2425 2088 2849 2160 ἀρρωστούσης,
2884 2089 3227 2161 σκορπίζειν,
3260 2089 3457 2143 διδόναι
3488 2094 3608 2155 τοῖς

2030 2181 2287 2251 πένησιν,
2332 2180 2608 2247 ἐξαντλεῖν
2648 2173 2723 2233 ὧν
2766 2179 2964 2251 ἔχομεν
3004 2180 3272 2250 δαψιλῶς,
3307 2180 3498 2252 μέχρις
3534 2182 3608 2235 ἂν

2031 2272 2127 2325 καὶ
2162 2270 2259 2324 τοῦ
2295 2271 2570 2342 πυθμένος
2607 2270 2875 2341 ἁψώμεθα
2911 2270 3062 2339 (ἴσως
3096 2272 3191 2324 καὶ
3222 2264 3378 2334 οὗτος
3422 2270 3608 2340 πηγὰ-

2032 2380 2116 2415 σει
2141 2378 2224 2415 σοι
2251 2361 2489 2431 τροφὴν,
2518 2361 2769 2432 καθάπερ
2795 2364 2860 2431 τῇ
2891 2360 3205 2431 Σαραφθίᾳ,
3237 2361 3332 2414 καὶ
3360 2361 3605 2431 μάλιστα

2030 2457 2081 2508 εί
2124 2454 2310 2525 τύχοις
2353 2454 2468 2524 (78)
2518 2453 2706 2506 Ἠλίαν
2750 2451 3082 2524 τρέφουσα),
3131 2453 3305 2523 καλὴν
3345 2454 3609 2524 εὐπορίαν

2031 2544 2255 2611 εἰδέναι,
2284 2544 2346 2597 τὸ
2375 2543 2465 2597 διὰ
2496 2543 2731 2614 Χριστὸν
2764 2544 3019 2614 ἀπορεῖν,
3052 2542 3144 2596 τὸν
3173 2543 3239 2596 δι’
3274 2545 3421 2615 ἡμᾶς
3451 2562 3604 2613 mu)-

2037 2635 2327 2706 χεύσαντα.
2363 2636 2427 2689 El
2453 2635 2635 2704 κωφὸς
2660 2632 2804 2706 ἦσθα
2835 2636 2928 2689 καὶ
2955 2635 3184 2701 ἅλαλος,
3218 2638 3246 2689 ὁ
3280 2637 3452 2706 Λόγος
3518 2641 3609 2691 ἐν·

2030 2726 2292 2797 ηχησάτω
2304 2743 2406 2779 σοι’
2436 2727 2634 2796 μᾶλλον
2660 2726 2716 2778 δὲ
2741 2728 2981 2797 κάτασχε
3005 2726 3099 2780 τὸν
3121 2728 3483 2799 ἐνηχήσαντα.
3513 2729 3609 2800 Μὴ

2034 2818 2253 2889 κλείσῃς
2278 2818 2348 2871 τὰ
2370 2812 2485 2871 ὦτα
2510 2817 2649 2888 πρὸς
2672 2817 2922 2872 παιδείαν
2947 2819 3156 2889 Κυρίου
3180 2820 3275 2871 καὶ
3299 2819 3608 2884 νουθεσίαν,

2034 2909 2108 2973 ὡς
2134 2909 2301 2973 ἀσπὶς
2330 2909 2466 2980 πρὸς
2493 2911 2809 2982 ἐπᾴσματα.
2841 2911 2905 2963 Ei
2933 2910 3134 2980 τυφλὸς
3160 2913 3257 2965 καὶ
3279 2911 3607 2979 ἀφώτιστος,

2034 2999 2268 3070 φώτισον
2321 3002 2446 3065 τοὺς
2506 3001 2814 3072 ὀφθαλμούς
2867 3019 2972 3067 σου,
3041 3003 3116 3073 μή
3168 3019 3296 3056 ποτε
3347 3003 3610 3073 ὕπνὼσης

2032 3094 2109 3154 είς
2171 3090 2407 3145 θάνατον.
2476 3090 2564 3146 Ἐν
2621 3091 2701 3163 τῷ
2752 3094 2891 3162 φωτὶ
2948 3093 3156 3164 Κυρίου
3221 3092 3414 3147 θέασαι
3468 3094 3607 3163 φῶς,

2033 3183 2091 3236 ἐν
2132 3182 2209 3251 τῷ
2254 3183 2529 3253 Πνεῦματι
2561 3183 2656 3236 τοῦ
2690 3183 2824 3237 Θεοῦ
2866 3184 2956 3239 τὸν
2996 3185 3127 3238 rem
3172 3184 3509 3254 αὐγάσθητι,
3546 3186 3613 3238 τὸ

2031 3273 2252 3344 τρισσὸν
2298 3274 2414 3343 φῶς
2458 3274 2551 3329 καὶ
2583 3273 2897 3346 ἀμέριστον.
2941 3276 3069 3331 Ἔάν
3107 3275 3228 3331 ὅλον
3259 3276 3475 3350 είσδέξῃ
3516 3278 3612 3330 τὸν

2033 3364 2203 3433 Λόγον
2225 3404 2240 3428 ,
2277 3365 2456 3428 πάσας
2478 3364 2577 3431 τὰς
2604 3367 2847 3438 Χριστοῦ
2879 3366 3175 3439 θεραπείας
3204 3369 3297 3422 ἐπὶ
3328 3368 3426 3440 τὴν
3453 3386 3614 3422 σεαυ-

2033 3455 2129 3509 τοῦ
2160 3458 2409 3524 συνάξεις
2432 3457 2611 3529 ψυχὴν
2628 3498 2643 3524 ,
2670 3458 2736 3522 ἃς
2764 3458 2908 3513 κατά
2940 3460 3106 3531 μέρος
3131 3458 3364 3523 ἕκαστος
3390 3460 3614 3533 τεθερά-

2038 3566 2256 3603 πευται.
2295 3550 2473 3603 Μόνον
2502 3551 2578 3621 μὴ
2607 3551 2884 3623 ἀγνοήσῃς
2911 3551 2971 3604 τὸ
2997 3552 3197 3622 μέτρον
3223 3554 3322 3623 τῆς
3347 3554 3569 3625 χάριτος
3592 3573 3609 3586 ο

2038 3640 2196 3711 μόνον
2244 3639 2319 3711 μὴ
2363 3640 2679 3693 καθεύδοντι
2723 3658 2805 3694 σοι
2845 3642 2940 3695 καὶ
2986 3643 3379 3714 ἀμἐριμνοῦντι
3424 3646 3613 3708 κακῶς

2034 3731 2328 3803 ἐπισπείρῃ
2363 3733 2392 3784 ὁ
2429 3732 2623 3803 ἐχθρὸς
2650 3731 2719 3785 τὰ
2754 3731 2998 3797 ζιζάνια·
3034 3734 3193 3804 μόνον
3222 3735 3508 3804 ἐπίφθονος
3531 3738 3611 3810 τῷ

2034 3821 2261 3893 πονηρῷ
2281 3821 2520 3891 γεγονὼς
2547 3823 2643 3876 διά
2655 3822 2753 3894 τὴν
2776 3825 3144 3898 καθαρότητα,
3173 3826 3249 3898 μὴ
3272 3828 3433 3881 πάλιν
3454 3846 3614 3883 σεαυ-

2035 3914 2125 3968 τὸν
2166 3914 2399 3968 ἐλεεινὸν
2437 3916 2789 3988 καταστήσῃς
2825 3915 2916 3969 διά
2952 3916 3052 3987 τῆς
3090 3918 3362 3991 ἁμαρτίας
3387 3938 3398 3949 ·
3447 3921 3610 3990 μόνον

2040 4005 2114 4077 μὴ
2142 4005 2219 4076 τῷ
2253 4005 2445 4076 ἀγαθῷ
2469 4007 2791 4079 περιχαρεῖς
2816 4007 2950 4079 (79),
2973 4010 3071 4063 καὶ
3098 4009 3334 4079 ὑψωθεὶς
3361 4012 3606 4084 ἄμετρα,

2035 4096 2357 4167 καταπέσῃς
2397 4098 2455 4150 ἐν
2498 4097 2577 4168 τῷ
2620 4099 2926 4170 ἐπαρθῆναι
2951 4118 2965 4130 '
3005 4101 3171 4171 μόνον
3208 4102 3295 4155 ἀεὶ
3332 4102 3607 4171 φιλοπόνει

364 4207 455 4259 ne,
481 4191 715 4261 puritate
744 4199 835 4244 tua
860 4189 1059 4244 diaboli
1106 4187 1363 4242 invidiam
1402 4186 1644 4247 subiens,
1678 4192 1730 4240 te
1758 4185 1927 4255 ipsum

2036 4187 2134 4258 τὴν
2193 4186 2492 4260 κάθαρσιν,
2537 4189 2832 4253 ἀναϐάσεις
2885 4192 2944 4242 ἐν
3004 4193 3070 4262 τῇ
3137 4193 3338 4264 καρδίᾳ
3394 4194 3611 4265 τιθέμε-

364 4298 553 4340 rursus
572 4297 670 4349 per
693 4291 972 4351 peccatum
998 4278 1360 4335 miserabilem
1384 4277 1599 4332 reddas.
1625 4276 1756 4331 illud
1778 4278 1927 4331 modo

2038 4294 2128 4341 νος
2176 4278 2324 4347 (80)⁶
2374 4280 2468 4333 καὶ
2510 4274 2579 4353 ἦς
2648 4280 2837 4352 ἔτυχες
2877 4282 3018 4337 κατά
3070 4283 3278 4353 δωρεὰν
3327 4286 3607 4355 ἀφέσεως,

363 4376 575 4441 videas,
601 4391 670 4430 ne
703 4386 924 4444 propter
948 4374 1148 4428 bonum
1189 4386 1324 4440 opus
1352 4369 1597 4424 elfusiori
1632 4369 1814 4424 latitia
1843 4384 1927 4439 ge-

2038 4370 2245 4442 τοιύτην
2274 4373 2566 4444 ἐπιμελείᾳ
2599 4376 2969 4446 συντήρησον·
3001 4376 3088 4429 ἵνα
3118 4376 3178 4429 τὸ
3209 4377 3308 4447 μὲν
3336 4378 3607 4449 ἀφεθῆναί

366 4471 557 4535 stiens,
589 4477 750 4537 atque
774 4466 1059 4520 immodice
1081 4463 1257 4517 elatus
1273 4476 1518 4525 corruas,
1544 4460 1668 4513 dum
1697 4460 1747 4513 in
1768 4459 1927 4513 altum

2045 4477 2126 4513 σοι
2167 4464 2319 4537 ποιρά
2346 4463 2480 4517 Θεοῦ
2502 4502 2517 4529 ,
2546 4465 2607 4518 τὸ
2637 4464 2696 4518 δέ
2734 4466 3137 4538 συντηρηθῆναι
3156 4508 3171 4534 ,
3201 4471 3298 4524 καὶ
3330 4471 3482 4544 παρά
3512 4473 3607 4526 σοῦ

365 4561 597 4619 eﬂ‘erris.
638 4561 769 4616 Illud
803 4561 961 4614 modo
993 4572 1186 4621 cures,
1224 4565 1283 4607 ut
1316 4552 1690 4623 purgationem
1728 4565 1939 4606 summo
2044 4553 2268 4626 γένηται
2308 4556 2439 4627 (8t).

366 4656 572 4711 studio-
596 4651 845 4708 excolere
882 4664 1156 4720 nunquam
1199 4648 1566 4709 intermittas,
1594 4644 1939 4699 ascensiones
1978 4643 2032 4698 in
2100 4648 2264 4702 corde
2328 4658 2419 4704 tuo
2451 4649 2742 4718 disponens
2762 4649 2842 4715 ";
2890 4659 3053 4719 atque
3087 4663 3362 4722 acceptam
3400 4655 3490 4711 Dei
3519 4655 3612 4712 be.

366 4748 561 4803 neficio
587 4756 642 4800 et
669 4746 842 4815 gratia
870 4746 1106 4806 veniam,
1138 4757 1267 4798 cura
1302 4750 1358 4795 et
1393 4738 1667 4808 diligentia
1700 4738 1933 4802 tuearis;
1977 4747 2033 4793 ut
2059 4752 2402 4809 peccatorum
2445 4744 2662 4815 quidem
2709 4754 2922 4798 tuorum
2987 4746 3235 4803 remissio
3295 4765 3324 4804 a
3351 4749 3458 4806 Deo
3483 4768 3609 4823 pro-

366 4840 661 4902 ﬁciscatur,
710 4850 897 4891 verum
950 4832 1287 4890 remissionis
1327 4830 1702 4891 conservatio,
1756 4841 1824 4881 ex
1878 4839 1930 4881 te
1965 4843 2179 4899 quoque
2207 4834 2298 4886 sit.

435 4978 483 5009 “
536 4976 679 5030 Psal.
713 4991 879 5036 LXVII,
922 4974 973 5027 7.
1044 4972 1090 5003 ⁸⁸
1116 4971 1250 5024 Luc.
1274 4985 1407 5033 xvii,
1440 4968 1505 5022 l2
1543 4983 1661 5036 sqq.
1693 5035 1703 5036 ί
1761 4966 1807 4999 ⁸⁸
1846 4965 1975 5022 Luc.
2006 4967 2157 5029 vt,6.
2229 4967 2274 5000 ⁸⁷
2303 4965 2364 5020 Ill
2390 4967 2519 5031 Reg.
2557 4981 2689 5026 xvtl.
2711 4966 2766 5021 9.
2842 4966 2889 4998 ⁸⁸
2915 4965 3083 5023 Marc.
3110 4983 3206 5034 vti,
3232 4970 3322 5027 32.
3394 4974 3442 5007 ιο
3479 4974 3609 5030 Luc,

367 5062 523 5112 xvm,
551 5046 641 5100 55.
716 5047 762 5077 ⁸ο
787 5044 926 5100 Psal.
958 5058 1055 5107 xu,
1089 5042 1144 5094 4.
1219 5042 1264 5072 ⁸⁸
1296 5040 1438 5094 Psal.
1459 5035 1737 5101 xxxv,’10.
1810 5037 1857 5069 δ’
1884 5036 2071 5093 Matth.
2108 5054 2228 5101 xm,
2255 5037 2345 5092 25.
2420 5038 2466 5069 ⁵³
2502 5036 2643 5090 Psal.
2671 5051 2899 5101 Lxxxm,
2921 5036 2972 5090 6.

438 5169 551 5239 (74)
582 5164 1023 5239 Κατασςριγπῇς.
1053 5165 1144 5219 Sic
1167 5173 1396 5233 quatuor
1418 5160 1612 5233 Begg.,
1629 5159 1731 5216 Or.
1752 5161 1804 5227 l,
1821 5173 1925 5217 etc.

366 5239 423 5293 in
460 5236 568 5303 ed.,
598 5236 1022 5307 κατασφιγχθῇς.

437 5307 551 5378 (75)
576 5306 730 5378 Γνῷ.
757 5304 923 5378 Coisl.
950 5304 1012 5378 τι,
1038 5304 1207 5376 γνῷς.

439 5375 554 5443 (76)
590 5376 808 5442 Ἐξεις.
838 5376 962 5446 Duo,
986 5376 1174 5445 Regg.,
1202 5375 1330 5446 ἔχῃς

440 5440 553 5519 (77)
578 5440 909 5515 Ἐξήραινε.
949 5440 1187 5516 ΚεςΪνΙι
1219 5440 1561 5501 ἑὶἯιιεὶιίειι.
1601 5442 1759 5509 edit.,
1804 5440 1931 5511 ἐξή-

442 5535 470 5570 ν

2107 5164 2218 5230 (80)
2260 5165 2581 5234 Τιθέμενος.
2613 5165 2744 5233 Reg.
2775 5165 2884 5235 lim,
2914 5165 3305 5235 ἐπιτιθέμενος.

2109 5237 2219 5305 (81")
2260 5239 2370 5290 Kal
2382 5232 2559 5303 ⁷παρὰ
2590 5232 2715 5288 σοῦ
2740 5232 2999 5304 γένηται.
3036 5232 3187 5289 Deest
3239 5233 3332 5288 καί
3377 5233 3427 5286 in
3472 5232 3608 5305 Reg.

2041 5304 2133 5373 ph.
2167 5306 2351 5359 Billius
2375 5306 2425 5358 in
2449 5307 2617 5373 prima
2654 5306 2923 5358 editione:
2956 5324 2975 5356 ι
3018 5305 3110 5358 tibi
3155 5321 3219 5358 ex
3252 5313 3403 5372 parte
3436 5304 3609 5357 ascri-

2037 5376 2218 5429 batur.
2254 5394 2272 5426 ι
2311 5373 2368 5428 In
2402 5375 2631 5428 secunda
2671 5392 2684 5426 :
2726 5392 2744 5424 ι
2783 5383 2892 5426 tum
2924 5375 3058 5443 (tua)
3090 5390 3302 5443 quoque
3333 5373 3508 5440 aliqua
3542 5388 3609 5426 ex

2040 5455 2191 5512 parte
2220 5447 2309 5499 sit.
2353 5464 2371 5495 ι
2421 5444 2562 5497 Nihil
2593 5458 2809 5498 necesse
2839 5453 2957 5497 erat
3003 5442 3219 5505 addere,
3265 5462 3283 5493 ι
3326 5442 3502 5512 aliqua
3542 5458 3608 5512 ex

2041 5510 2216 5582 parte.
2260 5534 2278 5566 ι
2307 5514 2422 5568 Νοη
2457 5514 2598 5568 enim
2634 5513 2772 5567 Deus
2804 5527 2900 5567 nos
2929 5513 3098 5566 salvat
3127 5514 3244 5567 sine
3282 5512 3456 5566 nobis.
3486 5510 3608 5565 Pri-

2041 5581 2127 5636 ma
2153 5585 2323 5653 gratia
2358 5584 2474 5638 sine
2497 5583 2679 5649 nobis;
2712 5581 2879 5638 altera
2907 5599 3009 5638 non
3041 5597 3263 5652 prorsus
3285 5584 3401 5636 sine
3431 5582 3615 5647 nobis,

586 5588 813 5656 Τύχοις.
843 5584 901 5657 In
939 5584 1226 5657 nonnullis,
1251 5587 1438 5655 τυχῇς.

2040 5653 2131 5710 sed
2158 5653 2321 5712 etiam
2356 5669 2387 5709 a
2414 5654 2589 5709 nobis.

443 5654 554 5729 (79)
594 5654 953 5727 Πέριχαρείς.
991 5654 1121 5725 Reg.
1153 5655 1264 5721 but,
1295 5654 1616 5725 περιχαρῇς.
