3902 6218
238 271 349 326 409

1155 275 1415 332 ORATIO
1452 276 1566 331 XL.
1607 310 1678 319 —
1715 276 1782 331 IN
1825 277 2152 335 SANCTUM
2190 280 2559 336 BAPTISMA.

3377 287 3488 340 -Ηυ

313 382 438 436 AE'.
479 382 775 455 Γενήσεται
798 383 855 439 δὲ
880 383 1029 452 πῶς;
1070 385 1180 439 Ἀεὶ
1206 388 1308 457 τῆς
1336 388 1653 459 παραϐολῆς
1672 391 1813 444 ὲκεί-

1985 390 2204 447 ΧΧῚῩ.
2230 393 2507 460 Quomodo
2546 402 2726 448 autem
2762 396 2813 449 .d
2845 396 3191 466 assequeris?
3238 395 3347 452 Fac
3392 398 3488 453 tibi

240 490 345 544 νης
386 475 666 545 μέμνησο,
702 476 799 530 καὶ
837 477 1049 547 σεαυτῷ
1083 477 1370 550 βοηθήσεις
1401 479 1599 551 ἄριστά
1635 498 1694 533 τε
1722 481 1815 534 καὶ

241 566 574 620 τελεώτατα.
641 568 896 639 Ἐξῆλθεν
947 569 1057 622 ἀπὸ
1109 569 1202 623 σοῦ
1253 571 1314 624 τὸ
1360 570 1667 643 ἀκάθαρτον
1721 571 1816 624 καὶ

243 658 432 712 ὑλικὸν
475 658 726 729 πνεῦμα,
760 659 984 729 διωχθὲν
1020 659 1098 730 τῷ
1139 659 1494 730 βαπτίσματι.
1542 661 1618 713 Οὐ
1660 659 1817 730 φέρει

239 750 335 801 τὸν
366 750 607 821 διωγμόν
632 765 647 779 ⁶
675 751 739 803 οὐ
761 750 975 821 δέχεται
1004 749 1113 822 (82)
1147 750 1330 804 ἄοικον
1386 746 1525 804 εἶναι
1581 751 1675 804 καὶ
1702 752 1813 819 ἰὰν-

240 843 445 899 ἑστιον.
514 844 820 917 Πορεύεται
847 845 915 899 δι’
944 845 1187 915 ἀνύδρων
1240 846 1442 909 τόπων,
1490 846 1586 900 καὶ
1637 844 1816 916 ξηρῶν

241 933 393 997 θείας
408 936 689 1006 ἐπιρροῆς·
720 936 838 989 ἐκεῖ
863 935 1229 1006 φιλοχωρῆσαι
1256 934 1522 1005 βούλεταιο
1550 936 1816 988 πλανᾶται

239 1024 443 1096 ζητοῦν
484 1025 825 1092 ἀνάπαυσιν,
877 1027 977 1096 οὐχ
1030 1027 1308 1097 εὑρίσκειο
1360 1026 1817 1097 βεϐαπτισμέναις

239 1117 567 1187 ἐντυγχάνει
600 1116 801 1187 ψυχαῖς
821 1157 838 1185 ,
870 1111 946 1169 ὧν
978 1118 1076 1188 τὴν
1108 1116 1307 1171 κακίαν
1344 1116 1406 1169 τὸ
1470 1116 1693 1187 λουτρὸν
1730 1116 1818 1182 ἐξ·

240 1207 493 1260 έκλυσενο
524 1207 771 1277 φοϐεῖται
811 1209 873 1261 τὸ
894 1206 1058 1280 ὕδωρ·
1082 1207 1407 1278 ὲμπνίγεται
1427 1209 1493 1278 τῇ
1518 1206 1812 1278 καθάρσει,

241 1297 499 1369 καθάπερ
524 1300 555 1350 ὁ
598 1299 821 1368 Λεγεὼν
853 1303 921 1370 τῇ
962 1299 1228 1370 θαλάσσῃ.
1276 1299 1446 1352 Πάλιν
1488 1300 1816 1369 ὑποστρέφει

246 1390 389 1459 πρὸς
420 1390 516 1443 τὸν
540 1390 653 1456 (85)
680 1387 828 1445 οἷκον
846 1432 861 1452 ,
888 1392 1009 1445 ὅθεν
1033 1391 1399 1461 ἀνεχώρησεν.
1438 1392 1817 1462 Ἀναίσχυντὸν

243 1481 364 1532 ἐστι
387 1521 402 1546 ,
439 1480 743 1550 φιλόνεικόν
777 1485 923 1548 ἐστι,
962 1482 1290 1554 προσϐάλλει
1330 1482 1523 1547 πάλιν,
1560 1486 1815 1557 πειρᾶται

242 1570 429 1624 πάλιν.
478 1572 604 1624 Ἐὰν
641 1573 740 1643 μὲν
782 1572 921 1646 εὕρῃ
967 1574 1199 1646 Χριστὸν
1242 1573 1676 1639 είσοικισθέντα,
1722 1577 1817 1629 καὶ

242 1659 610 1730 πληρώσαντα
644 1664 748 1736 τὴν
790 1663 975 1735 χώραν
1051 1665 1120 1735 ἢν
1159 1663 1324 1728 αὐτὸς
1366 1665 1662 1718 ὲκένωσεψ
1709 1667 1817 1719 ἀπ-

1917 483 2172 552 parabola
2198 482 2284 536 illa
2317 497 2531 552 semper
2560 484 2611 537 in
2640 485 2825 541 animo
2846 485 3065 553 haereat,
3080 496 3136 541 et
3162 485 3257 541 tibi
3287 489 3489 554 optimc

1916 588 1982 627 ac
2006 574 2451 643 prastantissime
2504 574 2861 630 consulueris.
2891 576 3140 631 Excessit
3169 593 3198 632 ιι
3230 587 3282 632 ιο
3309 579 3487 647 impu-
3596 629 3600 633 .

1918 681 2011 720 rus
2039 676 2094 719 et
2124 680 2342 721 crassus
2387 666 2606 734 spiritus
2628 706 2641 728 ,
2671 680 2768 734 per
2810 668 3134 736 baptismum
3175 668 3379 737 ejectus
3425 683 3491 724 ac

1918 755 2254 827 proﬂigatus.
2306 757 2668 825 Disrumpitur
2720 771 2779 813 se
2832 757 2886 810 in
2921 757 3102 827 fugam
3148 759 3486 829 conjectum;

1918 864 2022 904 non
2079 849 2284 919 patitur
2318 863 2376 903 se
2424 851 2583 903 domo
2611 859 2664 903 et
2691 859 2832 903 tecto
2876 850 3358 912 carcre;ambulat
3393 865 3489 918 per

1917 940 2033 995 ioca
2070 940 2353 1007 inaquosa,
2384 941 2679 1009 divinaque
2708 956 2830 994 rore
2859 941 3080 995 minime
3105 941 3353 1011 perfusa;
3381 941 3489 996 illic

1917 1029 2239 1084 commorari
2276 1030 2470 1099 gestit;
2508 1040 2755 1099 vagatur,
2789 1044 3036 1099 quzerens
3082 1032 3351 1099 requiem,
3379 1046 3488 1084 non

1917 1121 2119 1174 invenit
2149 1119 2232 1187 l"‘;
2270 1120 2480 1176 animas
2528 1121 2800 1188 baptismo
2849 1122 3192 1191 consignatas
3240 1120 3486 1189 offendit,

1915 1210 2154 1279 quarum
2175 1212 2303 1265 vitia
2333 1211 2536 1266 lotione
2562 1213 2751 1267 obruta
2784 1221 2940 1276 sunt;
2972 1227 3165 1279 aquam
3195 1213 3486 1281 perhorre-

1916 1302 2048 1366 scit;
2100 1301 2339 1356 lustricis
2390 1302 2568 1365 undis,
2597 1317 2702 1355 non
2742 1316 2899 1356 secus
2937 1318 3001 1356 ac
3032 1301 3196 1372 Legio
3236 1302 3481 1366 marinis,

1914 1389 2208 1445 suffocatur
2236 1390 2305 1446 ⁵⁸.
2338 1391 2563 1456 Rursus,
2599 1393 2650 1445 in
2690 1392 2905 1459 domum
2926 1431 2943 1457 ,
2972 1406 3003 1447 e
3026 1407 3129 1461 qua
3154 1400 3484 1454 recesserat,

1916 1482 2226 1536 revertitur.
2267 1482 2556 1552 Impudens
2605 1490 2709 1548 est,
2743 1484 2999 1551 pervicax
3027 1492 3129 1549 est,
3171 1498 3358 1537 rursus
3388 1483 3489 1536 im—

1915 1580 2098 1642 petum
2143 1572 2296 1638 facit,
2322 1588 2513 1629 rursus
2544 1583 2731 1628 tentat.
2763 1574 2840 1629 Ac
2877 1574 2922 1629 si
2966 1574 3180 1643 quidem
3213 1573 3484 1628 Christum

1920 1665 1972 1718 in
2007 1679 2071 1718 ea
2105 1665 2497 1719 iuhabitantem
2542 1666 2847 1733 invenerit,
2878 1674 2932 1720 et
2961 1665 3135 1719 locum
3182 1680 3338 1735 quem
3395 1679 3487 1720 va-

239 1750 515 1823 εκρούσθη
561 1754 760 1819 πάλιν,
812 1754 1053 1826 ἀπῆλθεν
1097 1754 1658 1827 ἀπρακτον,ὲλεεινὸν
1701 1757 1813 1827 (84)

1921 1770 2078 1810 cuum
2106 1755 2419 1825 reliquerat,
2440 1760 2507 1811 ab
2533 1771 2597 1811 eo
2621 1757 2933 1826 impletum;
2963 1771 3151 1812 rursus
3173 1755 3486 1827 propellitur

239 1841 465 1908 ἐγένετο
503 1844 603 1915 τῆς
644 1846 1110 1918 περιπλανήσεως.
1174 1847 1299 1901 Ἐὰν
1335 1847 1393 1901 δὲ
1434 1848 1813 1920 σεσαρωμένον

239 1932 339 1986 καὶ
366 1936 782 2007 κεκοσμημένον
816 1938 908 1992 τὸν
929 1939 989 1993 ἑν
1015 1941 1098 1993 σοὶ
1121 1939 1285 1994 τόπον
1318 1938 1489 2012 εὕρῃ,
1524 1940 1680 1994 κενὸν
1715 1940 1810 1993 καὶ

237 2025 559 2098 ἄπρακτον,
598 2030 815 2084 ἕτοιμον
848 2031 1042 2103 ἐπίσης
1090 2032 1226 2105 πρὸς
1271 2031 1535 2103 ὑποδοχὴν
1579 2031 1732 2084 τοῦδε
1772 2032 1805 2103 ἢ

238 2118 396 2173 τοῦδε
422 2120 518 2174 τοῦ
545 2122 1074 2192 προκαταλαϐόντος,
1103 2124 1484 2194 εἰσεπήδησεν,
1516 2122 1811 2194 εἰσῳκίσθη
1831 2192 1845 2207 .

242 2210 386 2278 μετὰ
422 2212 670 2277 πλείονος
700 2214 803 2285 τῆς
835 2217 1220 2287 παρασκευῆς,
1244 2216 1339 2268 καὶ
1363 2215 1572 2283 γίνεται
1608 2215 1720 2285 (85)
1744 2215 1812 2269 τὰ

237 2299 446 2371 ἔσχατα
478 2303 700 2374 χείρονα
731 2305 841 2358 τῶν
902 2306 1184 2378 προτέρων
1241 2305 1376 2373 (86),
1404 2306 1515 2375 ὅσῳ
1552 2307 1674 2359 τότε
1715 2306 1814 2376 μὲν

239 2390 398 2456 ἐλπὶς
429 2390 499 2464 ἦν
528 2394 867 2464 διορθώσεώς
894 2414 954 2450 τε
982 2399 1076 2450 καὶ
1104 2397 1408 2466 ἀσφαλείας
1444 2398 1559 2468 (87)
1583 2415 1596 2429 ’
1626 2398 1723 2453 νῦν
1757 2398 1814 2451 δὲ

239 2482 572 2555 ιιιρὸδηλοςή
619 2489 817 2551 κακία,
846 2491 913 2559 τῇ
957 2492 1102 2560 φυγῇ
1142 2488 1239 2542 τοῦ
1279 2489 1447 2543 καλοῦ
1478 2489 1540 2542 τὸ
1582 2490 1814 2561 πονηρὸν

237 2576 479 2632 ἕλκουσα
500 2596 517 2611 ·
549 2581 643 2633 καὶ
664 2579 753 2633 διὰ
774 2580 932 2633 τοῦτο
965 2580 1289 2652 βεϐαιοτέρα
1316 2579 1429 2651 (88)
1463 2580 1541 2651 τῷ
1569 2581 1815 2653 οίκήτορι

236 2667 272 2735 ὴ
299 2666 651 2737 κατάσχεσις.

1913 1857 1967 1901 ct
1992 1847 2357 1917 propulsatur,
2389 1848 2600 1905 infectis
2626 1849 2785 1903 rebus
2809 1850 3056 1914 discedit,
3086 1846 3483 1902 oberrationis-

1912 1954 2016 2008 que
2049 1941 2268 1994 nomine
2291 1940 2460 1994 miser
2508 1948 2564 1994 et
2604 1939 2953 1994 calamitosus
2992 1937 3228 1993 exsistit.
3254 1936 3350 2017 Sin
3390 1951 3487 1989 au-

1913 2039 2021 2085 tem
2054 2031 2248 2085 animae
2276 2040 2378 2085 tua:
2412 2031 2592 2110 sedem
2614 2070 2629 2094 ,
2652 2031 2828 2095 scopis
2857 2029 3071 2100 quidem
3103 2028 3408 2118 mandatam
3430 2033 3487 2080 et

1915 2131 2160 2177 ornatam
2185 2163 2200 2189 ,
2241 2133 2494 2177 caeterum
2525 2138 2749 2177 vacuam
2804 2132 2859 2177 et
2905 2123 3132 2177 inertem
3163 2159 3180 2184 ,
3220 2130 3378 2189 atque
3417 2119 3482 2171 ad

1914 2212 2057 2265 hunc
2083 2221 2173 2265 aut
2214 2212 2360 2266 illum
2391 2212 2790 2281 excipiendum,
2820 2222 2938 2266 uter
2970 2210 3182 2265 tandem
3229 2210 3378 2278 prior
3403 2207 3487 2260 in-

1915 2303 2135 2365 vaserit,
2174 2316 2327 2371 teque
2363 2311 2733 2371 comparatam
2765 2302 3061 2368 repererit,
3104 2301 3156 2354 in
3197 2314 3317 2353 eam
3351 2297 3485 2351 insi-

1913 2391 2028 2458 liet,
2075 2393 2240 2462 720
2295 2400 2349 2448 et
2409 2408 2534 2447 cum
2582 2392 2771 2460 majori
2824 2402 3084 2462 apparatu
3133 2389 3482 2459 itnmigrabit,

1915 2484 2153 2553 fientque
2187 2484 2480 2540 novissima
2514 2493 2662 2539 tanto
2717 2484 2901 2555 pejora
2950 2483 3254 2551 prioribus,
3284 2489 3484 2549 quanto

1913 2576 2267 2644 quidemtum
2291 2575 2681 2631 emendationis
2726 2584 2782 2630 et
2811 2574 3044 2643 praesidii
3083 2589 3112 2627 a
3162 2573 3485 2641 baptismate

1913 2680 2038 2736 spes
2082 2675 2199 2721 erat
2246 2685 2258 2721 :
2313 2681 2454 2722 nunc
2511 2676 2691 2721 autem
2754 2665 3037 2736 perspicua
3092 2674 3147 2716 et
3200 2658 3481 2716 manifesta

233 2769 322 2814 est
374 2763 635 2830 pravitas,
684 2777 781 2832 per
827 2763 949 2817 boni
1000 2761 1176 2831 fugam
1209 2761 1406 2816 malum
1453 2762 1772 2830 attrahens;
1813 2760 1883 2816 ob
1907 2762 2069 2831 idque
2097 2763 2437 2832 tlrmiorjam
2471 2773 2526 2819 et
2567 2763 2812 2820 stabilior
2865 2762 3150 2817 habitatori
3184 2758 3475 2830 possessio.

305 2873 448 2939 AG’.
489 2874 659 2928 Πάλιν
703 2875 1001 2947 ὑπομνήσω
1056 2892 1115 2929 σε
1164 2876 1274 2930 τῶν
1330 2877 1659 2947 φωτισμῶν,
1714 2878 1811 2931 κα)¹

1985 2877 2225 2934 XXXVI.
2257 2879 2462 2933 Rursus
2494 2879 2788 2944 enimvero,
2832 2893 2896 2933 ac
2937 2878 3132 2946 saepius
3167 2875 3261 2931 tibi
3300 2874 3484 2930 Lumi-

236 2964 503 3029 πολλάκις
530 2969 594 3019 ὲκ
614 2965 724 3019 τῶν
750 2966 908 3021 θείων
926 2968 1124 3037 λογίων
1145 2968 1369 3032 τούτους
1390 2969 1810 3040 ἀναλεγόμενος.

234 3056 410 3119 Αὐτός
426 3072 487 3109 τε
512 3056 998 3129 γάρήδίωνέσομαι
1018 3062 1084 3131 τῇ
1107 3059 1312 3113 τούτων
1341 3062 1528 3132 μνήμῃ
1548 3100 1563 3124 ,
1593 3060 1668 3132 (τί
1699 3060 1809 3133 γὰρ

235 3149 418 3219 φωτὸς
445 3140 735 3221 ἡδύτερον,
761 3155 877 3213 τοῖς
921 3150 1098 3219 φωτὸς
1136 3149 1247 3222 (89)
1279 3151 1682 3222 γευσαμένοις;)
1720 3152 1813 3205 καὶ

239 3242 303 3294 σὲ
329 3241 729 3312 περιαστράψω
755 3243 867 3304 τοῖς
893 3241 1231 3312 λεγομένοις.
1261 3241 1391 3308 Φῶς
1421 3243 1523 3314 μὲν
1547 3243 1814 3297 ἀνέτειλε

236 3332 323 3397 τῷ
349 3332 591 3398 δικαίῳ,
625 3332 719 3384 καὶ
753 3333 785 3402 ἡ
814 3331 1006 3385 τούτου
1040 3329 1272 3400 σύζυγος
1301 3332 1607 3404 εὐφροσύνη
1633 3347 1646 3361 ·
1684 3333 1814 3399 Φῶς

233 3424 296 3478 δὲ
320 3424 574 3489 δικαίοις
594 3422 692 3477 διὰ
716 3424 966 3490 παντός.
992 3422 1258 3489 Φωτίῷεις
1275 3422 1332 3476 δὲ
1356 3424 1437 3478 σὺ
1458 3423 1814 3494 θαυμαστῶς

235 3512 359 3567 ἀπὸ
393 3512 578 3580 ὀρέων
612 3512 897 3579 αἰωνίων,
931 3512 1068 3583 πρὸς
1094 3511 1187 3565 τὸν
1216 3511 1349 3565 Θεὸν
1376 3512 1616 3576 λέγεταιο
1648 3515 1815 3582 ἀγγε-

237 3603 438 3668 λικῶν,
474 3599 661 3675 οἶμαι,
694 3603 1005 3674 δυνάμεων,
1031 3602 1089 3655 αϊ
1125 3602 1480 3675 συνεργοῦσιν
1516 3605 1647 3674 ἡμῖν
1676 3604 1813 3676 πρὸς

235 3697 310 3751 τὰ
338 3696 642 3767 κρείττονα.
675 3697 890 3764 Κύριος
909 3696 969 3749 δὲ
984 3699 1288 3764 φωτισμός
1302 3714 1445 3764 μου,
1475 3697 1581 3751 παὶ
1603 3696 1806 3765 σωτήρ

236 3804 357 3855 μου
384 3806 395 3817 ·
436 3788 574 3840 τίνα
615 3786 1065 3856 φοϐηθήσομαι;
1107 3787 1215 3841 Τοῦ
1254 3788 1420 3841 Δαϐὶδ
1457 3788 1697 3859 ἤκουσας
1734 3789 1817 3842 λέ·-

236 3896 430 3945 γοντος
452 3896 466 3911 ·
498 3879 596 3932 καὶ
629 3878 761 3932 ποτὲ
794 3878 895 3949 μὲν
926 3878 1204 3943 αἰτοῦντος
1239 3880 1350 3950 (90)
1382 3879 1813 3951 ὲξαποσταλῆναι

235 3970 299 4024 τὸ
324 3969 442 4040 φῶς
460 3968 612 4040 αὐτῷ
640 3970 733 4023 καὶ
758 3968 857 4039 τὴν
879 3969 1135 4040 ἀλήθειαν
1157 3988 1171 4002 ο
1199 3971 1328 4024 ποτὲ
1351 3970 1408 4024 δὲ
1430 3971 1812 4042 εὐχαριστοῦν-

236 4077 361 4126 τος,
388 4062 471 4114 ὅτι
501 4063 596 4115 καὶ
626 4061 735 4133 (9})
765 4060 957 4114 τούτου
988 4061 1343 4132 μετείληφεν,
1375 4063 1433 4115 ἐν
1466 4061 1544 4133 τῷ
1578 4080 1815 4134 σημειω-

236 4152 400 4223 θῆναι
436 4153 500 4205 τὸ
530 4154 623 4206 τοῦ
654 4151 789 4205 Θεοῦ
838 4151 954 4221 φῶς
985 4155 1071 4206 ἐπ’
1110 4154 1303 4220 αὐτὸν,
1347 4153 1627 4208 τουτέστιν
1661 4156 1815 4226 ἐνση-

240 4244 514 4316 μανθῆναι
545 4245 641 4297 καὶ
670 4242 1039 4316 γνωρισθῆναι
1065 4243 1176 4314 (92)
1211 4242 1281 4297 τά
1312 4246 1513 4315 σημεῖα
1536 4244 1635 4314 τῆς
1667 4244 1808 4297 δεδο-

239 4337 409 4408 μένης
451 4335 562 4408 (95)
606 4336 947 4407 ὲλλάμψεως.
981 4337 1076 4389 Ἓν
1124 4334 1284 4405 μόνον
1329 4335 1445 4405 φῶς
1487 4334 1808 4404 φεύγωμεν,

240 4430 295 4483 τὸ
330 4428 428 4482 τοῦ
467 4428 666 4499 πικροῦ
706 4429 877 4501 πυρὸς
915 4428 1156 4496 έκγονον.
1193 4425 1285 4497 Μὴ
1312 4426 1664 4497 πορευθῶμεν
1696 4426 1807 4499 (94)

242 4520 313 4591 τῷ
352 4521 495 4589 φωτὶ
530 4519 625 4572 τοῦ
665 4521 835 4592 πυρὸς
872 4519 1057 4591 ἡμῶν,
1093 4517 1189 4570 καὶ
1229 4520 1294 4588 τῇ
1329 4517 1486 4586 φλογὶ
1583 4516 1810 4582 ἐξεκαύ-

234 4629 431 4682 σαμεν.
456 4607 588 4664 Οἶδα
608 4610 718 4683 γὰρ
747 4610 859 4682 πῦρ
910 4610 1021 4682 (95)
1075 4609 1467 4680 καθαρτήριον,
1516 4607 1545 4660 ὃ
1577 4606 1810 4677 Χριστὸς

316 4746 365 4777 ⁸⁸
390 4742 524 4798 an.
553 4760 626 4808 xi,
647 4744 717 4796 ει
740 4760 859 4810 sqq.
936 4743 982 4775 ⁵⁸
999 4743 1162 4809 Marc.
1185 4756 1239 4805 v,
1265 4740 1299 4795 9
1324 4755 1445 4809 sqq.

233 4830 383 4880 xxvi,
408 4814 461 4868 1.
538 4814 584 4845 ὀ
614 4814 759 4868 Psal.
789 4808 918 4875 'xm,
954 4814 1006 4868 5.
1082 4808 1125 4844 ⁶¹
1156 4810 1301 4865 Psal.
1347 4825 1418 4876 tv,
1452 4808 1504 4860 7.

306 4967 422 5037 (89)
462 4969 721 5040 Δέχεται.
751 4970 878 5040 Reg.
907 4969 1063 5030 Maz..
1092 4967 1468 5039 καταδέχεται.

461 5024 618 5106 Πρὖς
638 5040 764 5095 τόν.
796 5024 861 5094 ni
881 5024 1170 5104 nonnullis,
1195 5040 1273 5103 εἰς
1293 5024 1407 5092 ἷξόν.

307 5106 822 5179 (84)ν⁹ᾼπρακτον,
882 5110 1168 5164 ἐλεεινόν.
1236 5110 1328 5179 Sic
1384 5111 1488 5163 duo
1549 5106 1701 5164 συιδ.
1756 5115 1809 5162 οι

233 5178 481 5251 Coisl._i.
522 5178 574 5251 In
608 5182 718 5251 δεμ,
740 5178 1316 5251 ἄπρακτος,λὲλεεινός.

312 5247 846 5371 (ὃᾶιῌαὶθῗνεται“.
886 5252 977 5304 Sic
1007 5248 1187 5319 plures
1209 5247 1377 5319 Regg.
1403 5257 1458 5302 et
1479 5247 1667 5304 Comb.
1704 5248 1809 5303 De-

480 5335 530 5371 ιιι
638 5357 653 5371 .

230 5329 324 5374 εει
353 5329 449 5371 και
480 5329 530 5371 ιιι
567 5329 653 5372 ed.

311 5386 423 5456 (86)
458 5385 783 5455 Προτέρων.
823 5384 879 5439 ln
904 5385 1194 5457 nonnullis,
1221 5386 1471 5457 πρώτων.

336 5457 425 5528 87)
477 5457 858 5528 Ἀσφαλείας.
884 5456 1028 5528 _Jes.,
1057 5455 1391 5528 ἐπιμελείας.

338 5526 428 5594 ss)
463 5527 834 5594 Βεϐαιότερα.
869 5526 1031 5581 Coisl.
1058 5527 1086 5581 1
1123 5526 1291 5592 addit,
1316 5527 1453 5590 πῶς.

339 5595 428 5661 89)
466 5597 682 5661 Φωτός.
715 5596 875 5649 Deest
896 5596 948 5648 in
983 5596 1104 5649 Par.

315 5664 427 5735 (90)
464 5664 807 5733 Αὶτοῦντος.
836 5665 927 5720 Sic
953 5676 1063 5722 tres
1089 5665 1281 5730 Reum,
1305 5673 1412 5722 etc.
1437 5664 1494 5721 ιιι
1516 5664 1601 5722 ed.
1625 5664 1818 5729 ataui.

314 5465 335 5665 Ξ

406 5457 428 5735 ἓ

1554 4739 1601 4771 ⁵⁸
1622 4737 1766 4792 Psal.
1792 4752 1932 4803 xcvr,
1970 4741 2056 4795 il.

1915 2986 2040 3025 num
2079 2970 2394 3024 memoriam
2433 2969 2720 3036 refricabo,
2759 2984 2826 3023 ex
2873 2970 3172 3023 litterarum
3205 2982 3482 3022 sacrarum

1916 3060 2279 3115 monumentis
2321 3075 2385 3114 ea
2431 3060 2707 3131 colligens.
2736 3058 2870 3113 Nam
2918 3069 2972 3113 et
3005 3059 3118 3128 ipse
3147 3059 3214 3114 iis
3250 3073 3484 3113 comme-

1916 3153 2190 3207 morandis
2218 3152 2634 3206 exhilarescam.
2667 3151 2827 3223 (Quid
2867 3151 3010 3206 enim
3049 3150 3250 3204 lumine
3275 3149 3483 3204 dulcius

1914 3254 1966 3300 et
1989 3245 2300 3314 jucundius,
2321 3245 2405 3299 his
2436 3245 2526 3314 qui
2559 3244 2737 3298 lumen
2771 3244 3120 3313 degustarunt
3143 3243 3189 3313 ?)
3213 3243 3277 3296 Et
3300 3241 3484 3296 oculos

1916 3345 2036 3389 tuos
2065 3336 2148 3390 his
2178 3334 2357 3390 verbis
2389 3337 2748 3405 perstringam
2780 3351 2796 3388 :
2824 3334 2943 3389 Lua:
2972 3343 3089 3388 orta
3118 3341 3195 3388 est
3229 3333 3401 3402 justo,
3429 3341 3485 3386 et

1914 3427 2038 3482 huic
2064 3427 2350 3494 conjuncta
2376 3428 2562 3481 (milia
2582 3429 2661 3494 ⁸⁶;
2705 3438 2758 3483 et
2786 3427 2905 3482 Lux
2932 3428 3085 3497 justi:
3115 3430 3255 3480 omni
3287 3435 3482 3495 tempo-

1914 3532 1969 3569 re
1999 3517 2065 3569 ".
2091 3516 2228 3582 Quin
2249 3519 2412 3571 etiam
2437 3518 2653 3587 quidam
2700 3519 2867 3572 Deum
2894 3518 2959 3572 ad
2994 3520 3140 3572 hunc
3166 3519 3382 3571 modum
3410 3515 3486 3570 af-

1914 3610 2406 3667 faturzllluminas
2457 3621 2514 3665 tu
2566 3612 2885 3666 mirabiliter
2935 3627 2969 3663 a
3017 3611 3280 3664 montibus
3330 3618 3486 3663 auer-

1916 3703 2160 3770 nis"°”;
2198 3704 2299 3757 hoc
2321 3714 2423 3769 est,
2456 3712 2516 3757 ut
2539 3702 2790 3770 opinione
2819 3717 3098 3772 assequor,
3128 3701 3195 3755 ab
3228 3699 3483 3770 angelicis

1912 3795 2223 3860 virtutibus,
2251 3810 2370 3863 qua:
2400 3795 2556 3850 nobis
2592 3795 2657 3848 ad
2688 3795 2888 3863 optima
2920 3809 3143 3863 quaeque
3176 3791 3487 3862 adjumeuto

1915 3894 2061 3938 sunt.
2095 3885 2213 3940 Jam
2245 3885 2502 3940 Dav-idem
2531 3900 2749 3955 quoque
2796 3884 2881 3939 his
2911 3884 3092 3938 verbis
3121 3891 3357 3936 utentem
3383 3896 3484 3933 au-

1917 3977 2037 4030 dis:
2080 3975 2334 4029 Dominus
2381 3976 2699 4028 illuminatio
2746 3990 2896 4038 mea,
2926 3983 2982 4027 et
3011 3970 3256 4026 Salvator
3299 3984 3481 4033 meus,

1914 4082 2065 4137 quem
2093 4068 2280 4120 timebo
2312 4067 2357 4098 ⁸⁸
2383 4066 2407 4119 ?
2434 4066 2533 4133 Qui
2558 4067 2721 4120 etiam
2757 4080 2900 4118 ntmc
2931 4064 3034 4118 sibi
3071 4063 3239 4116 lucem
3292 4069 3347 4113 et
3393 4074 3485 4114 ve-

1917 4140 2130 4212 ritatem
2167 4159 2337 4212 emitti
2380 4156 2715 4224 postulat";
2751 4171 2892 4209 nunc
2926 4155 2995 4208 ob
3021 4168 3140 4206 eam
3166 4151 3266 4205 sibi
3288 4151 3485 4219 imper-

1916 4248 2067 4302 titam
2100 4248 2303 4318 gratias
2320 4248 2450 4316 agit,
2476 4262 2598 4301 cum
2628 4247 2803 4300 lumen
2826 4244 2918 4299 Dei
2951 4259 3110 4313 super
3136 4260 3193 4297 se
3217 4243 3481 4311 signatum

1915 4352 2035 4392 esse
2067 4339 2141 4391 ait
2165 4338 2232 4394 θ’.
2266 4338 2369 4390 hoc
2394 4347 2497 4402 est,
2534 4337 2793 4404 impressa
2832 4344 2887 4389 et
2917 4334 3126 4402 cognita
3174 4347 3298 4387 esse
3350 4333 3487 4385 data:

1914 4428 2322 4483 illuminationis
2355 4429 2529 4499 signa.
2568 4426 2744 4482 Unum
2785 4426 2912 4480 illud
2960 4421 3141 4479 lumen
3193 4423 3492 4492 fugiamus,

1915 4521 2058 4588 quod
2091 4536 2154 4575 ex
2188 4536 2331 4575 saevo
2368 4523 2490 4587 igne
2535 4518 2793 4573 nascitur.
2824 4517 2902 4572 Ne
2943 4518 2995 4571 in
3028 4516 3167 4586 ignis
3198 4514 3366 4570 nostri
3394 4512 3478 4566 lu-

1916 4612 2060 4666 mine
2083 4612 2452 4679 ambulemus,
2481 4621 2534 4665 et
2567 4613 2617 4665 in
2656 4609 2868 4662 ﬂamina
2897 4624 3057 4679 quam
3107 4606 3474 4661 accendimus.

2151 4741 2195 4772 ⁵⁸⁷
2224 4738 2323 4794 lsa.
2350 4757 2439 4807 ωε,
2468 4741 2553 4797 19.
2626 4740 2743 4774 '3'“
2777 4742 2915 4797 Psal.
2955 4755 3112 4808 Lxxv,
3138 4740 3192 4795 5.
3266 4738 3312 4771 θ’
3343 4736 3481 4796 PsaL

1917 4965 2143 5021 busdam
2168 4964 2347 5026 co«ld.,
2368 4963 2726 5029 ἐξαιτοῦντος.

1989 5035 2098 5105 (91)
2141 5035 2269 5088 Ὅτι
2300 5036 2419 5089 καί.
2455 5038 2544 5090 δίο
2573 5036 2749 5105 plures
2778 5034 2967 5103 Regg.,
2991 5041 3097 5089 etc.
3132 5033 3289 5088 Deest
3316 5030 3409 5084 καί
3430 5031 3495 5085 in.

1917 5108 2099 5241 cuiae)
2137 5172 2568 5244 Γνῳρισθῆναι-
2598 5172 2729 5244 πρε·
2763 5174 2852 5243 ph,
2879 5172 3202 5244 γνίοσθῆναι’

1986 5240 2098 5313 (95)
2137 5240 2483 5313 Δεδομένηζι.
2544 5246 2633 5298 Sic
2673 5240 2773 5299 sex‘
2819 5240 2980 5314 ltegg.
3024 5240 3092 5296 ln'
3119 5247 3227 5308 ed.,
3271 5240 3492 5312 διδομέ-

1988 5384 2098 5452 (94)
2137 5380 2234 5449 Μὴ
2267 5382 2668 5451 πορεηθθῶιιεν,
2693 5392 2798 5437 etc.
2821 5380 3020 5435 Alludit
3042 5381 3107 5435 ad
3138 5378 3288 5433 Isaia:
3318 5378 3483 5433 verba

1918 5469 1971 5516 ι,
2018 5454 2077 5506 Η
2113 5472 2127 5507 :
2164 5471 2182 5503 ι
2219 5455 2503 5507 Ambulate
2548 5455 2599 5506 in
2640 5454 2839 5506 lumine
2896 5452 3034 5519 ignis
3089 5452 3275 5513 vestri,
3326 5459 3381 5503 et
3432 5452 3492 5501 in

1917 5524 2148 5577 flaimnis
2175 5537 2311 5586 quas
2335 5523 2712 5578 succendistis.
2750 5541 2772 5574 ι

1988 5591 2098 5664 (95)
2141 5590 2285 5647 Οἶδα
2315 5593 2424 5663 γὰρ
2458 5591 2598 5660 πῦρ.
2643 5591 2734 5648 Sic
2779 5590 2940 5662 chg.
2969 5591 3078 5659 bm,
3112 5590 3180 5661 pb
3210 5600 3264 5643 et
3292 5587 3493 5645 Comi).

1918 5664 2077 5719 Deest
2102 5664 2209 5717 νὰο
2246 5667 2294 5718 in
2328 5669 2419 5718 ed.
