3902 6218
415 297 516 353 Ml

1631 290 1688 346 ὃ.
1732 286 2059 344 GREGORII
2101 286 2449 342 TllEOl.OGI

3569 282 3676 336 M2

414 415 596 484 Ignem
633 411 797 465 etiam
849 416 1168 480 purgantem
1206 407 1354 472 novi,
1382 407 1446 460 ad
1476 421 1634 476 quem
1675 407 1991 461 mittendum

2102 400 2228 475 ἦλθε
2265 405 2447 474 βαλεῖν
2501 406 2593 458 ἐπὶ
2643 405 2744 476 τῆς
2766 406 2885 476 γῆς)
2914 403 3057 477 (96),
3111 403 3220 474 πῦρ
3264 418 3357 456 και
3398 402 3561 464 αὐτὸς
3585 405 3676 455 άν-

414 505 664 558 tiltristus
686 502 738 555 in
777 511 975 555 terram
997 501 1141 554 venit
1166 500 1244 565 ⁹²,
1274 501 1363 570 qui
1390 510 1444 554 et
1466 500 1577 569 ipse
1604 500 1826 568 mystice
1854 499 1994 569 ignis

417 595 738 664 appellatur.
767 592 936 662 Hujus
968 605 1128 660 porro
1157 591 1296 657 ignis
1323 605 1385 644 ea
1417 590 1499 642 vis
1535 600 1640 652 est,
1673 597 1731 642 ut
1757 590 1993 644 crassio-

416 700 529 738 rem
559 682 862 745 materiam,
893 695 953 734 ac
1015 680 1260 734 vitiosam
1309 678 1472 732 animi
1509 676 1848 731 all'ectiouem
1901 677 1994 729 ab-

416 783 616 837 sumat,
645 787 877 841 eumque
909 771 1134 841 proinde
1177 770 1460 824 celerrime
1494 767 1744 823 Christus
1773 769 1993 824 accendi

419 866 548 920 vult.
582 865 742 934 Cupit
770 865 912 918 enim
946 878 1043 918 nos
1087 861 1485 930 quamprimum
1525 861 1787 915 beneﬁcio
1812 859 1988 928 allici;

419 968 600 1030 utpote
625 959 713 1028 qui
749 958 904 1011 nobis
935 971 1150 1026 quoque
1169 956 1306 1024 ignis
1334 955 1599 1010 carbones
1621 954 1807 1008 auxilii
1833 968 1993 1008 causa

417 1050 670 1118 porrigat.
711 1048 806 1102 Est
829 1049 965 1102 alter
991 1048 1138 1116 ignis
1163 1063 1269 1101 non
1304 1061 1570 1116 purgans.
1599 1045 1692 1100 sed
1726 1045 1993 1100 scelerum

418 1144 642 1207 vindex;
677 1142 791 1196 sive
842 1140 1207 1195 Sodontiticus
1241 1139 1333 1193 ille
1364 1139 1434 1205 ”,
1461 1153 1621 1208 quem
1656 1137 1916 1206 sulphure
1941 1145 1996 1190 et

417 1234 648 1302 procella
699 1233 1016 1302 permistum
1054 1231 1121 1296 ἰ,
1163 1230 1303 1286 Deus
1355 1231 1406 1283 in
1453 1238 1766 1298 peccatores
1807 1243 1996 1283 omnes

417 1327 625 1392 fundit;
677 1327 792 1380 sive
828 1326 956 1390 ille,
993 1325 1086 1394 qui
1129 1323 1341 1377 diabolo
1386 1321 1608 1391 ejusque
1650 1319 1854 1389 angelis
1897 1336 1996 1389 pa-

418 1423 567 1467 ratus
596 1422 677 1466 est
700 1414 780 1480 9’;
812 1414 925 1468 sive
947 1414 1109 1468 etiam
1139 1411 1248 1474 ille,
1281 1413 1370 1480 qui
1397 1423 1522 1464 ante
1568 1409 1758 1465 faciem
1785 1409 1994 1464 Domini

418 1503 679 1572 procedit,
712 1511 766 1558 et
795 1503 847 1558 in
896 1503 1124 1557 circuitu
1151 1501 1399 1555 inimicos
1417 1500 1538 1569 ejus
1561 1497 1863 1554 inﬂammat
1905 1501 1993 1566 ⁹⁸;

417 1595 532 1648 sive
582 1594 814 1663 denique
870 1592 958 1648 ille
987 1593 1240 1646 omnibus
1287 1591 1374 1646 Itis
1429 1590 1861 1657 formidabilior;
1904 1592 1996 1661 qui

417 1699 538 1737 cum
564 1683 798 1737 insomni
827 1682 916 1738 illo
940 1698 1124 1736 verme
1156 1684 1477 1751 conjunctus
1511 1691 1616 1748 est,
1641 1697 1740 1738 nec
1761 1699 1994 1752 unquam

2095 499 2320 566 αγωγῆς
2372 495 2550 564 λόγοις
2611 497 2719 565 (97)
2759 497 3108 567 καλούμενος.
3139 495 3496 549 Ἀναλωτικὸν
3518 492 3676 546 τοῦτο

2093 589 2193 658 τῆς
2227 586 2360 658 ὕλης
2385 589 2480 641 καὶ
2511 589 2609 659 τῆς
2640 591 2883 660 πονηρᾶς
2915 591 3063 642 ἐστιν
3101 585 3299 652 ἕξεως,
3367 586 3394 638 δ
3441 586 3536 638 καὶ
3580 586 3676 637 άν-

2095 679 2335 750 αφθῆναι
2361 681 2594 750 τάχιστα
2610 680 2876 750 βούλεται,
2907 681 3068 736 Ποθεῖ
3096 680 3204 753 γὰρ
3226 679 3326 749 τῆς
3359 676 3678 747 εὐεργεσίας

2093 771 2154 824 τὸ
2190 772 2352 841 τάχος
2374 788 2386 802 ·
2422 773 2547 824 ἐπεὶ
2579 773 2674 825 καὶ
2700 773 2870 842 πυρὸς
2899 772 3178 843 ἄνθρακας
3199 770 3411 823 δίδωσιν
3440 771 3572 839 ἡμῖν
3597 769 3678 830 εἰς

2097 863 2372 934 βοήθειαν.
2435 859 2570 918 Οἶδα
2628 866 2722 918 καὶ
2779 865 2892 936 πῦρ
2954 866 3014 917 οὐ
3075 863 3474 933 καθαρτήριον,
3537 859 3677 912 άλλά

2095 955 2192 1006 καὶ
2226 953 2336 1023 (98)
2373 955 2733 1026 κολαστήριον
2752 972 2768 988 ο
2799 955 2908 1007 εἴτε
2931 956 3025 1008 καὶ
3056 952 3430 1024 Σοδομιτικὺν,
3455 951 3484 1004 ὃ
3510 953 3678 1004 πᾶσιν

2098 1045 2444 1116 ἁμαρτωλοῖς
2475 1047 2756 1118 ὲπιϐρέχει
2789 1047 2920 1118 θείῳ
2954 1047 3049 1098 καὶ
3095 1042 3369 1113 καταιγίδι
3408 1045 3682 1115 μιγνύμε-

2095 1154 2218 1190 νον·
2272 1137 2383 1190 εῖτε
2446 1139 2506 1191 τὸ
2553 1139 2956 1210 ἡτοιμασμένον
3010 1138 3088 1210 τῷ
3138 1138 3366 1208 διαϐόλῳ
3421 1137 3515 1190 καὶ
3563 1138 3682 1199 τοῖς

2097 1229 2352 1297 ἀγγέλοις
2393 1230 2592 1283 αὐτοῦ·
2632 1231 2745 1283 εἴτε
2779 1230 2807 1283 ὃ
2849 1231 2954 1302 πρὸ
2990 1228 3285 1301 προσώπου
3328 1229 3534 1300 Κυρίου
3580 1243 3681 1279 πο-

2103 1319 2354 1390 ρεύεται,
2401 1321 2496 1373 καὶ
2544 1321 2758 1390 φλογιεῖ
2805 1321 2989 1392 κύκλῳ
3033 1323 3159 1384 τοὺς
3203 1320 3428 1392 ἐχθροὺς
3470 1316 3676 1372 αὐτοῦ’

2097 1412 2196 1466 καὶ
2226 1413 2288 1466 τὸ
2317 1413 2432 1480 (99)
2459 1413 2668 1466 τούτων
2693 1413 2772 1466 ἔτι
2799 1413 3175 1486 φοϐερώτερον
3196 1431 3211 1446 ·
3239 1414 3268 1466 ὂ
3294 1411 3371 1484 τῷ
3391 1412 3682 1482 ἀκοιμήτῳ

2100 1503 2346 1574 σκώληκι
2391 1505 2468 1571 (l)
2527 1505 2913 1569 συντέτακται,
2969 1505 3043 1576 μὴ
3108 1505 3495 1574 σϐεννύμενον,
3539 1501 3684 1556 ἀλλὰ

2095 1599 2406 1664 διαιωνίζον
2439 1601 2515 1669 (Ξ)
2555 1603 2670 1663 τοῖς
2699 1601 2979 1670 πονηροῖς.
3009 1597 3194 1651 Πάντα
3217 1596 3326 1668 γὰρ
3365 1593 3537 1649 ταῦτα
3577 1592 3684 1662 τῆς

2099 1691 2466 1762 ἀφανιστικῆς
2488 1692 2602 1743 ἐστι
2629 1690 2910 1760 δυνάμεως
2931 1705 2944 1720 ·
2964 1690 3010 1741 εί
3035 1690 3107 1758 μή
3125 1705 3202 1758 τῳ
3227 1686 3378 1756 φίλον
3400 1681 3684 1737 κάνταῦθα

417 1774 800 1843 exstinguitur,
821 1790 1008 1828 verum
1036 1773 1087 1827 in
1119 1774 1508 1828 sceleratorum
1535 1775 1813 1830 hominum
1839 1776 1991 1845 721

2104 1784 2245 1834 νοεῖν
2273 1781 2430 1834 τοῦτο
2453 1779 2965 1852 φιλανθρωπότερον
2995 1780 3070 1850 (5)
3091 1818 3104 1844 ,
3126 1778 3218 1831 καὶ
3246 1775 3338 1831 τοῦ
3361 1774 3684 1838 κολάζοντος

417 1879 629 1931 ptenam
655 1866 908 1935 perennis
932 1876 1016 1921 est
1043 1876 1096 1922 et
1137 1867 1518 1928 sempiternus.
1551 1866 1615 1920 Hi
1638 1867 1780 1920 enim
1803 1882 1994 1922 omnes

2103 1871 2359 1938 ἐπαξίως.

414 1974 533 2012 eam
562 1959 666 2011 vim
707 1959 930 2023 habent,
963 1968 1020 2012 ut
1049 1961 1280 2029 perdant
1309 1975 1372 2015 ac
1407 1961 1662 2028 deleant;
1719 1961 1824 2017 nisi
1890 1971 2066 2019 tamen
2111 1967 2214 2021 hoc
2273 1981 2487 2038 quoque
2539 1966 2659 2022 loco
2709 1966 2976 2037 quispiam
3032 1965 3208 2036 ignem
3258 1962 3568 2025 mitiorem,
3629 1966 3688 2014 et

417 2065 474 2110 ut
525 2055 635 2109 Deo
694 2055 906 2109 vindice
962 2055 1186 2124 dignum
1244 2065 1365 2119 est,
1423 2055 1835 2127 intelligendum
1893 2068 2062 2129 putet.

429 2170 442 2182 -
484 2144 749 2201 XXXVII.
783 2147 1244 2212 Quemadmodum
1275 2161 1434 2216 porro
1462 2147 1659 2212 duplex
1708 2147 1848 2212 ignis
1900 2165 1994 2218 ge-
2061 2207 2068 2217 _

415 2254 518 2294 nus
547 2249 651 2305 est,
703 2243 776 2293 ita
834 2238 1028 2308 duplex
1065 2253 1279 2308 quoque
1331 2238 1510 2294 lumen
1567 2249 1647 2294 est
1685 2258 1698 2294 :
1741 2240 1993 2307 alterum,

413 2346 522 2400 quo
553 2331 801 2399 princeps
830 2328 992 2382 animi
1023 2329 1194 2383 nostri
1227 2343 1352 2394 pars
1381 2329 1700 2396 illustratur,
1729 2346 1793 2387 ac
1825 2335 1993 2388 nostri

416 2420 714 2474 secundum
751 2419 917 2473 Deum
959 2433 1179 2498 gressus
1213 2428 1510 2488 reguntur;
1556 2420 1803 2489 alterum,
1833 2421 1994 2476 fallax

412 2522 469 2568 et
505 2511 805 2575 curiosum,
831 2524 1068 2579 veroque
1093 2510 1278 2565 lumini
1302 2513 1630 2581 oppositum,
1659 2524 1821 2584 atque
1863 2516 1996 2569 inte-

414 2604 516 2658 rim
557 2612 738 2656 tamen
774 2601 921 2666 illius
961 2601 1195 2672 speciem
1223 2619 1334 2672 prae
1365 2619 1422 2658 se
1459 2604 1659 2669 ferens,
1692 2616 1750 2660 ut
1779 2621 1878 2662 nos
1899 2623 1996 2662 ex-

417 2707 570 2750 terna
600 2695 780 2765 specie
813 2694 982 2760 fallat,
1013 2703 1067 2752 et
1101 2696 1155 2750 in
1202 2697 1443 2752 fraudem
1477 2697 1738 2766 impellat.
1777 2700 1909 2765 Hoc,
1941 2710 1996 2755 et

411 2787 582 2856 caligo
606 2795 708 2862 est,
740 2795 794 2840 et
832 2786 1235 2844 meridiesesse
1267 2786 1504 2852 videtur,
1529 2789 1580 2842 id
1607 2798 1710 2856 est,
1741 2790 1982 2846 clarissi-

413 2897 497 2933 ma
539 2879 754 2933 luminis
780 2893 929 2948 pars.
963 2879 1053 2932 Sic
1096 2881 1239 2934 enim
1291 2880 1419 2934 illud
1479 2880 1775 2951 Scriptum
1811 2885 1990 2951 audio,

413 2974 482 3027 iis
509 2973 600 3042 qui
630 2973 914 3042 semperin
942 2971 1514 3027 meridianistenebris
1537 2971 1825 3043 fugiunt”.
1860 2974 1991 3042 Hoc,

410 3075 466 3120 et
494 3081 597 3119 nox
633 3073 736 3130 est,
779 3072 836 3118 et
861 3061 1114 3131 splendor
1139 3062 1501 3125 existimatur,
1538 3062 1620 3116 his
1663 3065 1867 3132 utique,
1901 3065 1990 3132 qui

410 3155 621 3210 deliciis
657 3162 712 3209 et.
743 3152 1078 3221 voluptatum
1107 3151 1374 3206 illecebris
1405 3152 1642 3221 corrupti
1669 3162 1814 3207 sunt.
1856 3153 1992 3219 Quid

408 3247 552 3299 enim
583 3245 660 3300 ait
691 3244 891 3298 David!
940 3243 1056 3298 Nox
1090 3261 1174 3297 tne
1204 3245 1460 3298 miserum
1507 3245 1907 3304 circumstabat.
1941 3253 1995 3298 et

405 3337 716 3392 nesciebam
752 3335 1017 3391 :‘delicias
1059 3335 1202 3388 enitn
1230 3334 1408 3389 lumen
1436 3349 1556 3389 esse
1592 3334 1901 3398 arbitr.bar
1923 3336 1991 3389 ⁸⁸.

2173 2153 2296 2207 AZ'.
2345 2153 2555 2224 ’Ὠσπερ
2586 2153 2644 2206 δὲ
2673 2152 2786 2223 πῦρ
2817 2147 2932 2206 οἴδα
2958 2149 3178 2207 διπλοῦν
3198 2193 3212 2213 ,
3236 2148 3378 2202 οὕτω
3404 2149 3498 2202 καὶ
3525 2148 3645 2218 φῶς
3669 2142 3684 2157 ⁸

2102 2243 2164 2296 τὸ
2199 2243 2331 2314 μὲν.
2372 2243 2470 2315 τὴν
2504 2243 2599 2297 τοῦ
2646 2242 2973 2314 ἡγεμονικοῦ
3015 2242 3308 2312 λαμπάδα,
3354 2240 3690 2294 κατευθῦνον

2103 2337 2234 2406 ἡμῖν
2265 2334 2332 2387 τὰ
2361 2333 2502 2388 κατά
2527 2334 2659 2387 Θεὸν
2689 2334 3002 2404 διαδήματα
3024 2350 3036 2362 ·
3067 2333 3127 2386 τὸ
3162 2333 3241 2396 δὲ,
3274 2332 3552 2402 ἀπατηλὸν
3589 2332 3689 2385 καὶ

2104 2428 2430 2499 περίεργον,
2492 2429 2587 2480 καὶ
2645 2426 2739 2479 τοῦ
2810 2426 3062 2496 ἀληθινοῦ
3137 2425 3315 2494 φωτὸς
3369 2423 3687 2487 ἀντίθετον,

2103 2520 2277 2572 έκεῖνο
2318 2519 2394 2586 (4)
2427 2514 2565 2572 εἶναι
2593 2519 3042 2590 ὑποκρινόμενον,
3084 2518 3171 2570 ἵνα
3203 2517 3412 2590 κλέπτῃ
3442 2516 3520 2586 τῷ
3556 2533 3688 2584 φαι-

2101 2609 2314 2681 νομένῳ
2335 2627 2348 2640 ο
2372 2609 2530 2663 τοῦτο
2557 2613 2652 2664 καὶ
2675 2612 2861 2663 σκοτία
2885 2611 3025 2670 ἐστὶ,
3055 2609 3149 2662 καὶ
3176 2608 3492 2680 μεσημϐρία
3514 2607 3688 2672 δοκεῖ,

2100 2702 2162 2754 τὸ
2189 2700 2284 2754 τοῦ
2331 2702 2509 2770 φωτὸς
2541 2703 2928 2774 ἀκμαιότατον.
2977 2701 3164 2765 Οῦτως
3193 2701 3374 2755 ἀκούω
3411 2703 3522 2764 τοῖς
3568 2700 3689 2754 δια-

2102 2793 2301 2856 παντὸς
2343 2792 2401 2848 ἐν
2438 2794 2786 2866 μεσημϐρινῇ
2837 2794 3028 2866 σκοτίᾳ
3059 2793 3340 2863 φεύγουσι.
3383 2792 3555 2846 Τοῦτο
3588 2793 3689 2848 καὶ

2101 2885 2196 2952 νύξ
2237 2887 2374 2950 ἐστι,
2416 2888 2513 2940 καὶ
2553 2887 2834 2956 φωτισμὸς
2873 2886 3151 2958 νομίζεται
3184 2887 3264 2958 (5)
3297 2887 3407 2948 τοῖς
3446 2886 3551 2938 ὑπὸ
3582 2887 3690 2956 τῆς

2099 2975 2312 3046 τρυφῆς
2382 2975 2820 3046 διεφθαρμένοις.
2887 2977 2951 3029 Τί
3013 2978 3122 3048 γάρ
3191 2993 3356 3045 φησιν
3393 2979 3422 3030 ὁ
3479 2976 3687 3044 Δαϐίδ;

2100 3065 2218 3130 Νὺξ
2243 3063 2331 3137 οῆν
2379 3067 2506 3138 περ).
2555 3067 2655 3137 ἐμὲ
2701 3068 2789 3121 τὸν
2841 3068 3070 3121 δείλαιον
3129 3067 3224 3120 καὶ
3283 3067 3533 3138 ἠγνόουν·
3569 3085 3691 3136 φω-

2100 3157 2292 3228 τισμὸν
2350 3157 2459 3228 γάρ
2513 3153 2650 3211 εἶναι
2699 3159 2798 3230 τὴν
2854 3160 3067 3229 τρυφὴν
3097 3157 3503 3228 ὑπελάμϐανον.
3542 3158 3689 3210 Ἀλλ’

2101 3252 2298 3303 ἐκεῖνοι
2348 3251 2445 3320 μὲν
2475 3251 2742 3316 τοιοῦτοι,
2791 3251 2884 3304 καὶ
2925 3251 3098 3314 οῦτως
3135 3251 3348 3321 ἔχοντες
3372 3267 3385 3280 ο
3435 3252 3594 3320 ἡμεῖς
3627 3250 3690 3304 δὲ

2103 3340 2425 3410 φωτίσωμεν
2473 3341 2686 3403 ἑαυτοῖς
2723 3339 2838 3409 φῶς
2876 3338 3160 3408 γνώσεως³
3210 3339 3362 3392 ἔσται
3399 3338 3455 3392 δὲ
3499 3336 3687 3398 τοῦτο,

408 3431 584 3498 Atque
609 3427 681 3482 illi
719 3427 934 3496 quidem
976 3426 1110 3480 tales
1139 3435 1285 3491 sunt,
1315 3426 1604 3494 animoque
1655 3425 1726 3479 ita
1769 3423 1945 3482 allecti
1977 3443 1990 3479 :

2102 3436 2166 3486 ὲκ
2194 3432 2287 3485 τοῦ
2322 3432 2567 3502 σπείρειν
2596 3435 2675 3496 είς
2709 3432 3074 3502 δικαιοσύνην,
3112 3431 3205 3486 καὶ
3233 3431 3440 3501 τρυγᾷν
3470 3428 3690 3498 καρπὲιν

412 3537 511 3574 nos
538 3534 668 3574 vero
706 3518 950 3574 scientia:
977 3519 1156 3572 lumen
1188 3517 1478 3589 nobisipsis
1497 3519 1830 3586 excitemus;
1861 3521 2002 3586 quod

410 3613 629 3682 quidem
652 3611 808 3666 nobis
827 3612 928 3666 hac
951 3614 1159 3666 ratione
1175 3611 1469 3681 continget,
1491 3612 1537 3666 si
1556 3611 1623 3664 ad
1632 3611 1660 3679 j
1669 3611 1899 3664 ustitiam
1920 3627 2002 3664 se-

411 3704 665 3756 minemus
683 3703 752 3768 ",
773 3711 829 3757 et
845 3703 967 3756 vita:
992 3703 1227 3757 fructum
1255 3703 1646 3756 vindemietuus
1666 3703 1829 3772 (actio
1850 3702 2001 3771 quip-

412 3808 480 3862 ιιο
495 3794 1001 3864 contemplationem
1025 3796 1210 3866 parit);
1237 3803 1294 3848 ut
1321 3810 1440 3849 cum
1462 3794 1588 3859 alia,
1610 3802 1721 3847 tum
1744 3794 1845 3848 hoc
1863 3807 1998 3862 quo-

410 3901 539 3956 que,
580 3902 771 3956 nempe
801 3889 941 3957 quod
968 3903 1153 3942 verum
1181 3889 1383 3953 lumen,
1422 3887 1564 3955 quod
1592 3902 1778 3941 rursus
1811 3887 1994 3942 licttuu

411 3991 466 4032 et
491 3981 810 4034 ementitum
844 3981 936 4046 sit,
971 3979 1352 4049 intelligamus,
1400 3994 1499 4033 nec
1534 3981 1588 4032 in
1619 3978 1842 4044 malum,
1877 3989 1995 4032 tan-

410 4085 574 4140 quam
612 4072 664 4125 in
695 4071 919 4138 bonum,
975 4086 1072 4140 per
1104 4072 1518 4140 imprudentiam
1570 4071 1832 4126 labamur.
1891 4071 1999 4125 Lu-

412 4175 533 4213 men
583 4159 898 4226 elﬁciamur,
938 4170 1000 4215 ut
1028 4160 1277 4230 discipuli
1331 4177 1360 4214 a
1392 4175 1586 4230 magno
1623 4160 1848 4215 Lumine
1895 4177 1992 4215 vo-

411 4253 515 4306 cati
545 4263 688 4317 sunt,
720 4245 806 4308 his
847 4252 1068 4307 verbis:
1117 4253 1216 4308 Vos
1261 4254 1386 4307 estis
1423 4253 1516 4306 tua:
1571 4253 1754 4306 mundi
1785 4254 1826 4307 ¹.
1872 4253 1996 4309 Elli-

410 4343 624 4397 ciamur
659 4343 950 4398 luminaria
985 4348 1036 4397 in
1071 4346 1293 4408 mundo,
1324 4345 1547 4398 verbum
1572 4344 1694 4398 vitae
1723 4344 1994 4398 sustinen-

413 4442 512 4497 tes,
548 4432 652 4487 hoc
675 4441 781 4498 est,
810 4433 990 4489 vitalis
1021 4434 1140 4488 aliis
1188 4433 1495 4488 hominibus
1528 4436 1610 4488 vis
1631 4443 1687 4488 et.
1743 4433 1989 4488 facultas.

2107 3523 2253 3592 ζωῆς
2285 3522 2304 3593 (
2337 3522 2536 3592 πρᾶξις
2579 3522 2709 3594 γὰρ,
2741 3521 2972 3594 Θεωρίας
3007 3520 3264 3594 πρόξενος
3291 3523 3306 3588 )
3330 3561 3344 3584 ,
3390 3519 3475 3570 ἵνα
3507 3518 3575 3569 τά
3625 3535 3690 3568 τε

2106 3613 2240 3666 ἄλλα
2273 3613 2364 3666 καὶ
2396 3611 2554 3664 τοῦτο
2598 3611 2892 3682 μάθωμεν,
2921 3610 2972 3663 τί
3012 3610 3109 3681 μὲν
3141 3609 3201 3662 τὸ
3244 3607 3496 3678 ἀληθινὸν
3543 3605 3688 3673 φῶς,

2102 3707 2155 3760 τί
2189 3707 2247 3759 δὲ
2274 3707 2334 3760 τὸ
2363 3707 2689 3777 ψευδόμενον
2709 3747 2722 3771 ,
2753 3706 2848 3758 καὶ
2885 3705 2959 3776 μὴ
2986 3704 3239 3775 λάθωμεν
3269 3701 3687 3772 περιπεσόντες,

2101 3799 2176 3862 ὡς
2202 3797 2372 3868 καλῷ,
2402 3798 2479 3869 τῷ
2512 3798 2732 3869 χείρονι.
2769 3796 3058 3868 Γενώμεθα
3094 3797 3229 3866 φῶς,
3263 3794 3453 3865 ὥσπερ
3483 3795 3533 3846 οἱ
3574 3811 3690 3863 μα.-

2104 3890 2264 3960 θηταὶ
2311 3891 2461 3963 παρὰ
2506 3890 2601 3944 τοῦ
2651 3891 2886 3962 μεγάλου
2937 3890 3117 3952 Φωτὸς
3159 3889 3434 3959 ἥκουσαν,
3484 3887 3690 3955 ’Υμεῖς

2101 3984 2240 4036 ἐστε
2289 3983 2355 4036 τὸ
2406 3982 2531 4052 φῶς
2572 3982 2680 4036 τοῦ
2731 3985 2998 4052 κόσμου,
3063 3981 3332 4049 λέγοντος.
3391 3977 3692 4048 Γενώμεθα.

2103 4074 2387 4145 φωστῆρες
2418 4075 2475 4125 ὲν
2499 4075 2711 4145 κόσμῳ,
2734 4075 2891 4142 λόγον
2921 4073 3065 4143 ζωῆς
3095 4073 3406 4141 ἐπέχοντες,
3435 4069 3692 4123 τουτέστι

2103 4163 2309 4235 ζωτικὴ
2355 4167 2468 4228 τοῖς
2501 4165 2681 4227 ἄλλοις
2733 4165 2982 4235 δύναμις.
3034 4162 3346 4234 Λαϐώμεθα
3394 4161 3687 4230 θεότητος,

2101 4253 2394 4325 λαϐώμεθα
2427 4255 2522 4308 τοῦ
2567 4255 2785 4328 πρώτου
2831 4256 2926 4308 καὶ
2973 4255 3437 4326 ἀκραιφνεστάτου
3476 4253 3683 4317 Φωτός.

2114 4346 2456 4417 Ὀδεύσωμεν
2481 4346 2615 4418 πρὸς
2637 4348 2736 4417 τὴν
2762 4347 2968 4417 λάμψιν
2987 4346 3173 4409 αὐτοῦ,
3201 4346 3307 4417 πρὸ
3325 4344 3420 4398 τοῦ
3447 4345 3691 4413 προσκό-

2099 4435 2200 4504 ψαι
2233 4437 2360 4499 τοὺς
2391 4436 2552 4499 πόδας
2583 4436 2737 4506 ἡμῶν
2769 4436 2854 4489 ἐπ’
2890 4437 2988 4506 ὅρη
3023 4436 3272 4488 σκοτεινὰ
3302 4434 3394 4485 καὶ
3426 4432 3687 4502 πολέμια.

407 4524 744 4594 Arripiamus
767 4526 1048 4592 deitatem,
1074 4525 1398 4594 arripiamus
1444 4525 1676 4595 primum
1723 4533 1778 4580 et
1817 4527 1991 4595 puris-

2102 4527 2445 4600 Ἕωςδὴμὲρα
2478 4529 2741 4594 ἐστἰν,ὡς
2771 4528 2841 4580 ἐν
2874 4527 3064 4597 ἡμέρᾳ
3095 4527 3490 4595 εὐσχημόνως
3518 4543 3688 4593 περι-

409 4617 603 4670 simum
631 4617 857 4672 Lumen.
914 4619 996 4672 Ad
1046 4619 1216 4686 ipsius
1259 4619 1596 4689 splendorem
1649 4619 1988 4684 incedamus,

405 4709 719 4778 priusquam
749 4709 914 4780 pedes
967 4711 1136 4766 nostri
1179 4710 1246 4765 ad
1302 4711 1616 4766 tenebrosos
1658 4719 1712 4765 et
1766 4712 1989 4767 hostiles

476 4865 519 4896 "
556 4863 685 4918 Luc.
719 4881 818 4930 xu,
851 4864 940 4919 49.
1016 4865 1062 4898 ’3
1085 4865 1219 4921 Gen.
1246 4881 1360 4928 κη,
1389 4865 1478 4918 24.
1556 4864 1602 4897 ³⁸
1635 4864 1778 4919 Psal.
1812 4881 1867 4928 ι,
1901 4865 1954 4920 7.

405 4935 451 4967 ’⁸
476 4934 910 5000 Psal.cxuvnt,
976 4936 1063 5000 II,
1133 4951 1288 5004 seqq.

443 5049 584 5129 _(96)
636 5048 763 5103 Ἐπὶ
789 5048 901 5117 τῆς
934 5047 1063 5121 γῆς.
1093 5049 1227 5106 Tres
1262 5051 1428 5122 Regg.
1459 5060 1512 5105 et
1544 5051 1636 5106 0r.
1675 5053 1723 5118 1,
1761 5053 1853 5105 ἐπὶ
1886 5053 1985 5124 τὴν

483 5137 510 5172 ν

476 5188 976 5270 (97)]Ἀναγωγῆς
1024 5191 1248 5260 λόγοις.
1283 5210 1303 5244 ι
1347 5193 1670 5262 Anagogice,
1727 5211 1747 5245 ι
1804 5193 1855 5246 id
1903 5202 1985 5246 est

409 5278 430 5311 ι
474 5269 718 5313 tnvstice.
761 5281 779 5311 ι

477 5275 828 5400 (ﬁnitima
852 5330 970 5382 καί.
1008 5331 1097 5384 Sic
1147 5332 1250 5383 duo
1279 5331 1446 5400 Regg.
1471 5330 1630 5385 Deest
1667 5329 1757 5384 καί
1803 5331 1854 5383 in
1893 5330 1980 5384 ed.

476 5400 588 5468 (99)
627 5399 736 5472 Kal
772 5401 858 5454 τό.
904 5401 994 5454 Sic
1027 5418 1121 5456 sex
1147 5401 1338 5472 Begg.,
1374 5399 1482 5456 tres
1519 5402 1672 5456 Colb.
1708 5413 1762 5456 et
1797 5402 1988 5456 Comb.

404 5467 567 5522 Deest
585 5469 648 5521 τό
672 5470 723 5522 iu
749 5472 834 5524 ed.

479 5540 555 5607 (l)
607 5539 932 5610 Ἀκοιμήτῳ
983 5539 1273 5608 σκώληκι.
1321 5541 1521 5595 Alludit
1567 5542 1633 5594 ad
1668 5541 1780 5594 Itatc
1824 5541 1987 5594 verba

408 5608 578 5674 Isaiae,
608 5608 870 5690 Lx.vt,'24,
914 5612 994 5665 vel
1032 5611 1198 5666 Marc.
1227 5627 1300 5678 ιχ,
1336 5611 1448 5665 45ε
1486 5631 1503 5662 ‹
1553 5611 1761 5665 Vertnis
1799 5625 1986 5665 corum

411 5693 515 5733 ΙΙΟΠ
548 5690 792 5733 ΠΙΟΓΙΗΙΓ.
833 5701 849 5730 ι

483 5748 560 5816 ('2)
602 5749 952 5811 Δίαιωιοίζὶιν.
984 5752 1072 5806 Sic
1103 5753 1204 5807 duo
1228 5751 1416 5819 Cois|.,
1454 5762 1557 5807 ctc.
1591 5750 1644 5806 In
1677 5751 1784 5818 ed.,
1813 5751 1991 5807 διαιω·

2056 4869 2100 4901 ”
2128 4868 2316 4922 Matth.
2355 4884 2479 4933 xxv,
2512 4869 2604 4926 41.

1365 4936 1409 4967 ⁹⁹
1439 4935 1564 4989 Ose.
1599 4953 1652 5000 Χ,
1679 4937 1763 4989 l2.
1845 4938 1859 4966 ¹
1895 4936 2086 4994 Matth.
2123 4955 2173 5006 ν,
2223 4938 2310 4991 Il.

2097 4619 2574 4690 πατήσωμεν,μὴ
2605 4619 2820 4690 κώμοις
2846 4620 2944 4674 καὶ
2966 4619 3195 4689 μέθαις,
3203 4618 3289 4687 μὴ
3326 4618 3552 4682 κοίταις
3582 4619 3688 4672 καὶ

2109 4711 2477 4782 ἀσελγείαις,
2508 4712 2545 4766 ἃ.
2573 4711 2767 4778 νυκτός
2805 4713 2920 4764 ἐστι
2949 4712 3260 4783 κλέμματα.

2703 4869 2750 4900 ’⁸
2777 4869 2919 4924 Psal.
2947 4884 3091 4934 xcvi,
3119 4869 3174 4924 5.
3279 4869 3323 4900 ⁹⁷
3359 4869 3462 4924 lsa.
3496 4885 3550 4935 γ,
3581 4869 3682 4926 20.

2156 5052 2181 5076 ,o

2093 5053 2862 5193 Vis((1:3).(Italatr°t9pco:w'tepor.
2907 5143 2924 5175 ι
2959 5125 3141 5192 Ignem
3197 5125 3490 5188 mitiorem,
3530 5143 3549 5175 ι
3581 5127 3676 5194 qui

2092 5194 2341 5248 videlicet
2385 5209 2489 5246 non
2536 5197 2730 5261 perdat
2760 5212 2824 5249 ac
2854 5196 3050 5257 deleat,
3097 5205 3155 5248 ut
3196 5195 3581 5256 Sodomiticus,
3616 5207 3677 5250 et

2091 5264 2185 5332 qui
2217 5263 2460 5332 reprobis
2489 5265 2788 5319 destinatus
2809 5275 2923 5330 est;
2962 5266 3056 5318 sed
3089 5266 3177 5332 qui
3215 5264 3384 5318 malos
3431 5265 3485 5318 in
3532 5276 3672 5317 tem-

2091 5347 2224 5402 pore
2285 5333 2597 5406 ulciscatur,
2646 5347 2702 5390 et
2751 5351 2781 5389 a
2837 5335 3071 5406 peccatis
3131 5337 3403 5406 etuuudet.
3450 5334 3524 5388 De
3565 5349 3680 5403 quo

2095 5407 2235 5473 Aug.
2273 5421 2292 5454 ι
2332 5402 2428 5458 llic
2475 5419 2591 5471 ure,
2627 5407 2712 5460 ltic
2749 5402 2893 5470 seca,
2929 5406 3088 5459 modo
3143 5405 3196 5457 in
3230 5414 3492 5458 a-ternunt
3548 5402 3666 5473 par-

2131 5489 2208 5527 as.
2255 5491 2274 5524 ι

2096 5488 2537 5611 ωῗιὶ)”Εκεῒνο.
2580 5545 2670 5600 Sic
2724 5545 2849 5601 Par.
2899 5555 2954 5601 et
2985 5543 3216 5615 I-Iervag.
3263 5541 3320 5597 lu
3369 5543 3481 5608 ed.,
3530 5544 3674 5597 ἐκεῖ·

2097 5630 2205 5666 νον.

2284 5682 2605 5751 Νομίζεται.
2630 5683 2686 5740 ltt
2711 5685 2841 5757 Reg.
2875 5686 2982 5752 btu,
3013 5701 3102 5756 γρ.
3142 5681 3482 5756 ονομάζεται,
3520 5703 3539 5736 ι
3574 5699 3674 5738 no-

2099 5763 2351 5808 tinuatur.
2393 5773 2410 5804 ι
