3902 6218
248 336 361 391 M3

1188 330 1445 387 ORATIO
1483 329 1596 386 XL.
1636 363 1706 373 —
1740 329 1804 385 IN
1852 331 2178 389 SANCTUM
2215 332 2579 388 BAPTISMA.

3386 339 3497 392 -Ηςὶ

249 456 463 504 montes
505 443 793 499 offendant.
828 440 1072 508 Quandiu
1099 440 1213 497 dies
1240 453 1343 506 est,
1386 445 1521 496 sicut
1545 446 1601 497 in
1628 444 1712 497 die
1739 444 1951 499 honeste
1977 445 2301 501 ambulemus
2384 465 2485 503 non
2543 448 2598 500 in
2664 446 3121 501 comessationibm
3184 457 3230 502 et
3273 448 3496 503 ebrieta-

248 544 407 605 tibus,
437 555 542 593 non
583 539 639 590 in
665 535 919 589 cubilibus
943 544 989 588 et
1042 535 1381 603 impudicitiis
1413 536 1460 599 ¹,
1490 549 1611 605 qua:
1665 535 1838 590 noctis
1875 536 2012 592 furta
2042 548 2186 593 sunt.

316 632 452 686 ΑΠ’.
479 630 597 683 Πᾶν
626 627 786 699 μέλος
810 625 1232 698 καθαρισθῶμεν
1258 625 1356 698 (6),
1386 626 1625 693 ἀδελφοὶ,
1652 628 1830 680 πᾶσαν

2004 628 2291 685 XXXVIII.
2320 629 2582 685 Omnibus
2607 631 2862 685 membris
2886 629 3249 701 puriﬁcemur,
3284 630 3513 698 fratres,-

246 720 565 789 ἀγνίσωμεν
596 715 847 787 αἴσθησιν
867 732 882 747 ο
930 714 1095 786 μηδὲν
1122 714 1309 779 ἀτελὲς
1329 718 1463 786 ἡμῖν
1502 715 1662 780 ἔστω,
1697 717 1832 787 μηδὲ

245 812 346 882 τῆς
377 806 605 881 πρώτης
633 805 922 875 γενέσεως,
970 805 1136 876 μηδὲν
1167 804 1470 874 ἀφώτιστον
1495 806 1835 861 καταλείπω-

250 918 353 972 μεν
375 899 474 971 (7).
504 896 868 967 Φωτισθῶμεν
901 896 994 949 τὸν
1023 894 1298 967 ὀφθαλμὸν
1319 937 1333 960 ,
1365 896 1430 950 ἵν’
1457 896 1592 967 ὀρθὰ
1620 896 1832 969 βλέπω-

222 996 374 1063 ’μεν,
411 992 508 1046 καὶ
545 990 711 1063 μηδὲν
742 988 959 1042 εἴδωλον
1001 987 1255 1060 πορνικὸν
1280 990 1335 1041 ὲν
1364 991 1498 1059 ἡμῖν
1524 989 1705 1051 αὐτοῖς
1735 987 1833 1056 φέ-

248 1102 439 1159 ρωμεν
490 1084 563 1155 (8)
603 1085 667 1136 ὲκ
720 1080 1007 1151 φιλοπόνου
1054 1079 1183 1144 θέας
1219 1080 1314 1133 καὶ
1357 1081 1668 1151 περιέργου.
1712 1078 1832 1133 Κᾶν

246 1180 359 1250 γάρ
388 1178 470 1248 τῷ
509 1176 669 1229 πάθει
711 1174 786 1245 μὴ
812 1173 1313 1243 προσκυνήσωμεν,
1344 1171 1482 1225 ἀλλά
1519 1171 1618 1242 τὴν
1655 1169 1833 1241 ψυχὴν

248 1267 650 1340 ὲμολύνθημεν.
698 1263 768 1317 Εἴ
798 1279 884 1326 τις
914 1260 1070 1325 δοκὸς
1103 1263 1161 1315 ὲν
1210 1263 1370 1333 ἡμῖν,
1413 1262 1462 1314 εί
1506 1278 1560 1313 τι
1602 1261 1831 1331 κάρφος,

249 1358 712 1429 ἁνακαθαίρωμεν
735 1372 750 1388 ο
796 1353 884 1409 ἴνα
914 1353 1008 1407 καὶ
1036 1351 1105 1406 τὰ
1134 1352 1241 1407 τῶν
1273 1352 1448 1407 ἄλλων
1486 1354 1616 1424 ὁρᾷν
1663 1350 1831 1405 δυνώ-

253 1442 416 1524 μεθα.
448 1447 809 1518 Φωτισθῶμεν
833 1445 1022 1517 ἀκοὴν,
1052 1444 1410 1516 φωτισθῶμεν
1434 1444 1682 1514 γλῶσσαν
1701 1460 1715 1474 ·
1747 1443 1834 1497 ἴνα

230 1542 607 1611 ἀκούσωμεν,
643 1538 695 1591 τί
720 1537 946 1607 λαλήσει
977 1535 1180 1608 Κύριος
1206 1538 1235 1589 ὁ
1258 1535 1410 1600 Θεὸς,
1443 1535 1539 1589 καὶ
1572 1534 1833 1589 ἀκουστὸν

250 1635 387 1704 ἡμῖν
427 1630 654 1699 γένηται
686 1628 750 1680 τὸ
796 1625 1032 1697 πρωινὸν
1076 1623 1255 1690 ἔλεος,
1288 1625 1384 1678 καὶ
1424 1622 1833 1695 ἀκουτισθῶμεν

250 1722 571 1793 ἁγαλλίασιν
601 1720 694 1772 καὶ
720 1715 1057 1788 εὐφροσύνην
1077 1756 1091 1780 ,
1119 1716 1309 1779 ἀκοαῖς
1338 1715 1512 1780 θείαις
1539 1714 1835 1787 ὲνηχουμέ-

248 1832 379 1887 νην·
410 1814 499 1866 ἴνα
531 1812 605 1883 μὴ
634 1805 781 1881 ὦμεν
817 1810 1061 1879 μάχαιρα
1081 1806 1248 1872 ὀξεῖα,
1286 1806 1421 1878 μηδὲ
1448 1805 1609 1877 ξυρὸν
1635 1807 1835 1875 ἠκονη-

252 1908 438 1978 μένον,
480 1904 614 1976 μηδὲ
646 1902 751 1956 ὑπὸ
780 1903 880 1972 τὴν
910 1900 1161 1969 γλῶσσαν
1191 1897 1514 1969 στρέφωμεν
1542 1897 1710 1950 κόπον
1736 1897 1831 1949 καὶ

1932 736 2120 776 omnes
2150 736 2343 777 sensus
2370 737 2693 792 purgemus;
2729 723 2863 776 nihil
2914 723 2965 776 in
3017 722 3170 776 nobis
3197 723 3268 777 sit
3298 722 3498 788 imper-

1933 811 2151 877 fectum,
2190 813 2317 867 nihil
2354 815 2493 883 quod
2525 814 2751 884 primam
2791 814 3123 869 nativitatem
3156 813 3317 878 oleat,
3364 813 3498 867 nihil

1932 903 2161 971 denique
2206 903 2424 958 lmninis
2460 918 2654 972 expers
2701 902 3080 971 relinquamus.
3134 901 3501 956 llluminemur

1933 990 2143 1055 oculis,-
2176 1000 2234 1046 ut
2264 1002 2409 1046 recte
2436 992 2740 1055 cernamus,
2773 1008 2872 1048 nec
2924 992 3286 1045 meretricium
3335 990 3498 1044 ullum

1931 1093 1986 1136 et
2009 1084 2300 1139 obscenum
2319 1084 2687 1148 simulacrum,
2704 1085 3025 1139 erstudioso
3042 1093 3096 1138 et
3115 1084 3328 1138 curioso
3344 1096 3501 1152 aspe-

1932 1183 2021 1229 ctu
2067 1173 2371 1241 conﬂatum,
2429 1176 2483 1229 in
2542 1176 2696 1230 nobis
2753 1177 3226 1236 circumleramus;
3300 1173 3500 1241 alioqui

1932 1268 2101 1330 enim,
2134 1267 2346 1321 etiamsi
2399 1266 2675 1322 libidinem
2708 1282 2812 1322 non
2849 1266 3160 1329 adoremus,
3187 1264 3351 1334 722
3385 1265 3504 1317 ani-

1934 1373 2019 1411 ma
2056 1368 2232 1413 tamen
2261 1361 2376 1429 ipsa
2413 1358 2602 1413 sordes
2633 1356 2984 1413 contraxerit.
3017 1356 3073 1409 Si
3106 1371 3209 1424 qua
3240 1357 3293 1410 in
3348 1355 3502 1409 nobis

1935 1451 2135 1514 trabes,
2163 1450 2205 1505 si
2235 1465 2338 1518 qua
2372 1447 2603 1515 festuca,
2648 1463 2767 1504 eam
2794 1447 3116 1511 evellamus;
3162 1456 3219 1500 ut
3270 1457 3325 1500 et
3372 1445 3504 1500 alio-

1933 1554 2051 1592 rum
2085 1538 2263 1594 trabes
2295 1546 2349 1592 et
2403 1537 2635 1593 festucas
2662 1537 2965 1608 perspicere
2992 1550 3271 1605 queamus.
3305 1534 3505 1589 lllumi-

1935 1644 2128 1684 nemur
2180 1630 2422 1695 auribus,
2467 1629 2830 1684 illuminemur
2883 1627 3062 1698 lingua
3116 1644 3131 1681 :
3177 1627 3369 1698 partim
3421 1638 3500 1689 ut,

1933 1719 2064 1787 quid
2092 1718 2340 1788 loquatur
2364 1718 2620 1774 Dominus
2648 1717 2790 1773 Deus
2822 1718 2864 1784 ³,
2911 1718 3213 1784 audiamus,
3260 1728 3316 1772 et
3352 1718 3503 1772 audi-

1937 1821 2043 1864 tam
2074 1810 2241 1866 t'aciat
2268 1811 2424 1866 nobis
2454 1826 2611 1866 mane
2638 1812 3066 1867 misericordiam
3092 1826 3245 1866 suam
3269 1811 3310 1876 ⁵,
3341 1824 3505 1880 atque

1934 1901 2220 1956 exsultatio
2250 1902 2363 1967 illa,
2396 1912 2450 1956 et
2477 1903 2686 1969 lautitia,
2714 1918 2833 1971 quae
2857 1902 3057 1958 sanctis
3102 1911 3156 1958 et
3182 1902 3376 1958 divinis
3407 1919 3505 1957 au-

252 1998 440 2062 πόνον,
482 1994 619 2049 ἀλλά
649 1993 900 2064 λαλῶμεν
929 1991 1064 2045 Θεοῦ
1102 1990 1294 2059 σοφίαν
1321 1991 1380 2042 ὲν
1408 1987 1709 2060 μυστηρίῳ,
1735 1986 1830 2058 τὴν

1939 1993 2084 2049 ribus
2114 1994 2346 2058 insonat,
2384 1994 2592 2049 auditui
2650 2003 2835 2050 nostro
2881 1992 3193 2050 infundatur
3241 2009 3257 2049 :
3308 1995 3504 2065 partim

248 2086 775 2158 ἀποκεκρυμμένην,
820 2083 918 2147 τὰς
947 2082 1181 2154 πυρίνας
1219 2078 1468 2150 γλώσσας
1505 2077 1829 2149 αἰδούμενοι.

260 2179 524 2249 Ἰαθῶμεν
546 2178 833 2250 ὄσφρησιν,
849 2174 925 2247 (9)
946 2174 1033 2226 ἵνα
1054 2174 1131 2243 μὴ
1155 2170 1532 2242 θηλυνώμεθα,
1555 2170 1689 2240 μηδὲ
1713 2169 1833 2222 ἀντὶ

246 2270 427 2341 ὀσμῆς
483 2268 599 2339 (10)
656 2266 842 2337 ἡδείας
887 2262 1329 2336 κονιορτώμεθαο
1379 2260 1491 2315 ἀλλ’
1530 2259 1834 2332 ὀσφραινώ-

252 2361 394 2432 μεθα
425 2360 561 2431 (ll),
605 2359 699 2413 τοῦ
738 2355 1133 2418 ὲκκενωθέντος
1160 2354 1227 2407 δι’
1269 2355 1416 2425 ἡμᾶς
1458 2352 1629 2424 μύρου
1669 2369 1831 2405 πνευ-

252 2449 503 2523 ματικῶς
549 2446 1078 2518 ἀντιλαμϐανόμενοι
1098 2485 1113 2510 ,
1151 2445 1246 2498 καὶ
1296 2442 1545 2496 τοσοῦτον
1577 2441 1637 2507 ἐξ
1666 2443 1831 2496 αὑτοῦ

249 2542 568 2614 ποιούμενοι
601 2540 697 2593 καὶ
725 2536 1199 2611 μεταποιούμενοι,
1230 2534 1371 2588 ὥστε
1397 2534 1492 2588 κα)¹
1516 2533 1696 2588 αὐτῶν
1718 2533 1829 2604 (12)

244 2635 406 2707 ἡμῶν
462 2630 852 2703 ὀσφραίνεσθαι
904 2628 1079 2700 ὀσμὴν
1133 2626 1383 2689 εὐωδίας.
1451 2624 1833 2696 Καθαρθῶμεν

247 2727 419 2797 ἁφὴν,
451 2722 676 2792 γεῦσιν,
726 2720 1013 2792 λάρυγγα,
1048 2717 1124 2789 μὴ
1158 2715 1421 2789 μαλακῶς
1455 2714 1827 2787 ὲπαφώμενοι,

243 2820 342 2873 καὶ
388 2816 631 2886 λειότησι
689 2812 996 2884 χαίροντες,
1052 2808 1187 2863 ἀλλά
1230 2808 1322 2861 τὸν
1376 2807 1727 2876 σαρκωθέντα
1763 2806 1830 2859 δι’

245 2912 396 2982 ἡμᾶς
417 2908 589 2975 Λόγον
616 2902 992 2975 ψηλαφῶντες,
1022 2901 1099 2964 ὡς
1136 2899 1307 2966 ἀξιον.
1341 2900 1434 2953 καὶ
1464 2898 1665 2969 Θωμᾶν
1689 2896 1831 2952 κατὰ

242 3000 408 3055 τοῦτο
454 2997 816 3069 μιμούμενον
848 2992 923 3064 μὴ
952 2993 1145 3063 χυμοῖς
1174 2991 1271 3044 καὶ
1309 2989 1462 3059 ὄψοις
1501 2986 1830 3060 γαργαλιζό-

251 3108 427 3163 μενοι,
467 3091 580 3152 τοῖς
622 3087 872 3156 ἀδελφοῖς
907 3083 1016 3137 τῶν
1065 3082 1408 3156 πικροτέρων
1457 3080 1568 3152 (15)
1618 3097 1830 3151 γαργα-

243 3181 480 3253 λισμῶν,
503 3179 638 3235 ἀλλὰ
658 3179 943 3249 γευόμενοι
970 3176 1066 3230 καὶ
1088 3173 1472 3244 γινώσκοντες,
1492 3173 1574 3226 ὃτι
1596 3170 1830 3243 χρηστὸς

241 3277 274 3329 ό
318 3274 527 3346 Κύριος
574 3272 674 3343 τὴν
726 3270 959 3343 κρείττω
996 3268 1185 3338 γεῦσιν
1217 3267 1311 3321 καὶ
1354 3266 1617 3339 μένουσαν
1641 3282 1655 3295 ’
1691 3264 1828 3336 μηδὲ

246 3340 424 3438 μικρά
459 3362 571 3437 (14)
596 3340 689 3417 τδν
726 3340 922 3434 πικρὸν
968 3362 1064 3415 καὶ
1100 3361 1395 3431 ἀχάριστον
1437 3359 1653 3427 ἀγωγὸν
1695 3359 1826 3411 ἀνα-
1854 3340 1895 3396 C

241 3448 542 3526 ψ’ύχοντες,
574 3454 665 3507 τὸν
698 3453 1169 3524 παραπέμποντα,
1204 3453 1298 3506 κα)¹
1328 3452 1389 3506 ού
1438 3452 1734 3523 κατέχοντα
1764 3451 1825 3504 τὺ

241 3539 552 3618 διδόμενον,
579 3544 714 3599 ἀλλὰ
743 3547 856 3608 τοῖς
876 3544 1230 3616 γλυκυτέροις
1261 3544 1473 3616 μέλιτος
1500 3544 1678 3613 λόγοις
1700 3544 1825 3598 τοῦ·

243 3657 338 3694 τον
363 3639 768 3711 εὐφραίνοντες.

1933 2098 2002 2139 ne
2030 2083 2235 2153 gladius
2282 2093 2471 2140 acutus
2500 2086 2544 2151 ⁸,
2594 2094 2687 2139 aut
2740 2086 3001 2141 novacula
3050 2095 3208 2141 acuta
3240 2088 3261 2119 ⁸
3314 2086 3504 2152 simus,

1934 2190 1997 2229 ac
2033 2175 2131 2229 sub
2160 2175 2334 2245 lingua
2368 2175 2609 2230 laborem
2659 2187 2716 2232 et
2746 2177 2985 2232 dolorem
3014 2177 3036 2209 ⁷
3065 2192 3360 2243 versemus,
3410 2179 3506 2233 sed

1935 2267 2028 2321 Dei
2085 2267 2401 2337 sapientiam
2463 2269 2516 2324 in
2547 2269 2830 2340 mysterio,
2881 2285 3001 2339 quae
3049 2270 3357 2325 abscondita
3398 2278 3503 2337 est,

1935 2357 2215 2427 loquamur
2245 2358 2287 2422 ⁸,
2329 2361 2514 2429 igneas
2545 2360 2754 2430 linguas
2807 2361 3046 2415 reveriti.
3099 2359 3308 2416 Olfactu
3351 2376 3509 2416 cure-

1938 2461 2080 2511 mur,
2137 2456 2196 2501 ut
2241 2463 2309 2503 ne
2363 2447 2755 2517 ell'eminemur,
2796 2454 3085 2521 suavisque
3135 2452 3317 2507 odoris
3365 2451 3506 2516 loco,

1934 2541 2152 2609 pulvere
2202 2555 2662 2613 conspergamur;
2734 2557 2916 2598 verum
2970 2555 3297 2614 unguentum
3351 2544 3505 2609 illud,

1933 2643 2114 2688 nostra
2150 2648 2310 2689 causa
2362 2634 2614 2702 eﬂ'usum,
2675 2636 2987 2703 odoremur,
3035 2636 3296 2706 spirituali
3348 2636 3508 2691 modo

1934 2720 2061 2775 illud
2090 2723 2470 2793 percipientes,
2500 2735 2662 2795 atque
2684 2728 2752 2780 ab
2779 2740 2844 2782 eo
2874 2726 2944 2780 ita
2967 2724 3254 2791 eﬂ'ormatl,
3278 2735 3333 2780 et
3358 2742 3509 2780 com-

1932 2816 2146 2881 mutati,
2171 2825 2229 2870 ut
2257 2831 2323 2871 ex
2376 2817 2532 2873 nobis
2592 2833 2802 2888 quoque
2865 2818 3046 2874 suavis
3090 2819 3223 2873 odor
3275 2817 3508 2874 aﬂletur.

1929 2904 2230 2977 Purgemur
2257 2917 2426 2974 tactu,
2459 2920 2639 2978 gustu,
2670 2910 2936 2975 faucibus,
2971 2925 3076 2965 non
3108 2910 3340 2965 molliter
3375 2919 3509 2964 tan-

1931 3008 2138 3064 gentes,
2164 3013 2266 3053 nec
2294 2999 2452 3054 rebus
2481 3000 2701 3055 laavibus
2737 3010 2792 3054 et
2835 3001 3014 3071 politis
3046 2999 3365 3072 gaudentes,
3411 3003 3506 3055 sed

1931 3085 2190 3152 Verbum,
2213 3089 2404 3143 salutis
2431 3099 2627 3144 nostrae
2654 3104 2817 3144 causa
2851 3090 3208 3157 incarnatum,
3239 3099 3300 3145 ut
3325 3092 3505 3155 decet,

1929 3186 2298 3242 attrectantes,
2325 3194 2388 3234 ac
2411 3179 2674 3234 Thomam
2716 3182 2815 3235 hac
2840 3183 2892 3235 in
2943 3196 3001 3236 re
3058 3182 3358 3248 imitantes;
3407 3199 3508 3237 nec

1930 3270 2107 3323 succis
2149 3271 2496 3339 cupediisque
2556 3271 2775 3336 titillati,
2815 3273 3083 3327 acriorum
3143 3273 3505 3329 titillationum

1932 3361 2210 3428 fratribus,
2238 3362 2331 3416 sed
2388 3370 2664 3432 gustantes
2722 3376 2778 3418 et
2827 3373 3202 3434 agnoscentes,
3252 3369 3507 3434 quoniam

1931 3452 2111 3506 suavis
2132 3461 2216 3508 est
2249 3452 2507 3509 Dominus
2531 3456 2573 3520 ',
2608 3456 2966 3523 praestantiori
2993 3465 3152 3525 gustu
3179 3472 3243 3512 ac
3288 3472 3508 3527 perma-

1931 3553 2124 3609 nente;
2176 3559 2277 3599 nec
2313 3545 2540 3615 denique
2573 3548 2798 3603 acerbas
2854 3547 2973 3603 illas
3011 3558 3065 3604 et
3101 3550 3339 3620 ingratas
3387 3549 3508 3604 fau-

1933 3651 2044 3701 ces,
2074 3651 2193 3705 qua:
2211 3637 2287 3704 id,
2322 3638 2463 3706 quod
2496 3637 2671 3705 datur,
2716 3643 3109 3708 transmittunt,
3144 3658 3244 3697 nec
3271 3658 3504 3712 unquam

244 3729 505 3793 retinent,
539 3726 814 3798 paululum
858 3733 1185 3791 recreantes,
1239 3725 1333 3780 sed
1402 3725 1599 3781 divinis
1651 3725 2010 3792 sermonibus,
2089 3729 2180 3782 oui
2255 3729 2411 3784 melle
2473 3732 2739 3787 dulciores
2819 3742 2944 3788 sunt
2972 3733 3040 3799 ¹⁰,
3089 3749 3182 3790 eas
3230 3735 3506 3790 oblectan-

245 3829 344 3875 tes.

312 3915 441 3969 AG’.
469 3912 581 3967 Καὶ
612 3912 749 3983 πρὸς
774 3914 887 3975 τοῖς
914 3909 1226 3981 εἰρημένοις
1258 3908 1338 3962 ἔτι
1369 3909 1482 3981 (15)
1508 3908 1694 3972 καλὸν,
1724 3909 1824 3978 τὴν

239 4006 489 4078 κεφαλὴν
525 4003 987 4075 καθαιρομένους,
1018 4001 1093 4065 ὡς
1138 4001 1458 4073 καθαίρεται
1500 4000 1730 4071 κεφαλὴ,
1765 4000 1827 4053 τὸ

239 4100 351 4154 τῶν
394 4096 702 4167 αἰσθήσεων
745 4095 1133 4166 ἐργαστήριον,
1182 4094 1405 4164 κρατεῖν
1450 4092 1550 4162 τὴν
1590 4089 1827 4163 Χριστοῦ

238 4189 489 4261 κεφαλὴν
529 4189 573 4257 (1
586 4188 638 4258 6)
658 4226 673 4252 ,
721 4186 779 4253 ἐξ
811 4180 880 4258 ἦς
913 4186 1022 4238 πᾶν
1065 4183 1127 4236 τὸ
1157 4184 1316 4255 σῶμα
1346 4182 1829 4254 συναρμολογεῖται

241 4284 338 4337 καὶ
366 4279 784 4351 συμϐιὸἀζεταιθ
807 4278 902 4331 καὶ
922 4276 1020 4347 τὴν
1043 4277 1446 4348 ὑπεραίρουσαν
1472 4275 1628 4345 ⁴ἡμῶν
1651 4275 1829 4346 ἁμαρ-

239 4374 363 4428 τίαν
385 4372 540 4425 κάτω
566 4369 800 4441 βάλλειν,
822 4366 1260 4439 ύπεραιρομένην
1285 4364 1363 4436 τῷ
1388 4365 1678 4435 κρείττονι.
1707 4365 1826 4422 Κα-

237 4465 331 4519 λδν
374 4464 469 4518 καὶ
507 4457 658 4533 ὦμον
693 4459 1014 4530 ἁγιάζεσθαι
1057 4459 1152 4512 καὶ
1194 4456 1581 4528 καθαίρεσθαι,
1616 4456 1704 4508 ἵνα
1734 4454 1823 4507 δυ-

236 4554 378 4627 νηθῇ
413 4554 507 4607 τὸν
554 4552 785 4624 σταυρὸν
813 4550 988 4623 αἴρειν
1016 4547 1284 4621 Χριστοῦ,
1319 4549 1394 4620 μὴ
1426 4547 1589 4602 παντὶ¹
1622 4545 1824 4617 ῥᾳδίως

308 4674 333 4703 ³
381 4669 542 4723 Rom.
582 4683 701 4733 χιιι,
738 4666 826 4720 l5.
902 4666 923 4697 ³
957 4664 1098 4719 Psal.
1133 4679 1352 4726 Lxxxw,
1384 4663 1437 4718 9.
1512 4661 1535 4693 ‘
1571 4660 1907 4733 Psalacxu‘t,

2002 3905 2249 3961 XXXIX.
2282 3904 2608 3960 Praeclarum
2662 3905 2882 3977 insuper
2918 3906 3099 3973 fuerit,
3140 3918 3363 3979 purgato
3406 3924 3504 3965 ca-

1931 4000 2062 4069 pite,
2092 4006 2150 4051 ut
2177 4012 2301 4065 pars
2331 4012 2416 4061 ea,
2445 4012 2567 4066 qua:
2617 4011 2872 4053 sensuum
2924 3999 3253 4054 domicilium
3298 4009 3356 4055 et
3384 4000 3502 4055 olli-

1930 4089 2051 4142 cina
2080 4097 2182 4150 est,
2224 4088 2443 4156 purgari
2464 4087 2623 4153 solet,
2648 4086 2849 4142 Christi
2891 4097 3073 4157 caput,
3121 4102 3189 4143 ex
3228 4104 3334 4158 quo
3389 4104 3504 4144 cor-

1929 4194 2029 4249 pus
2070 4174 2232 4235 omne
2284 4179 2679 4235 construitur“
2711 4189 2768 4234 et
2817 4180 3235 4250 conglutinatur,
3284 4188 3499 4248 tenere;

1928 4284 1993 4336 ac
2021 4278 2324 4338 peccatum,
2354 4285 2514 4340 supra
2551 4283 2652 4324 nos
2677 4285 2798 4326 sese
2818 4271 3069 4339 ell‘erens,
3096 4281 3259 4341 atque
3284 4274 3339 4327 in
3365 4288 3503 4343 pnn-

1926 4361 2240 4416 stantiorem
2271 4363 2440 4416 nostri
2482 4374 2689 4431 partem
2729 4363 3014 4431 imperium
3059 4362 3162 4418 sibi
3210 4378 3498 4435 arrogans,

1929 4461 2298 4507 consternare.
2348 4452 2672 4507 Praeclarum
2701 4453 2867 4508 etiam
2897 4452 3137 4509 humeris
3174 4454 3498 4509 sanctiﬁcari

1931 4556 1994 4596 ac
2026 4544 2266 4613 purgari,
2304 4552 2361 4597 ut
2389 4544 2592 4599 Chrisﬁ
2623 4558 2841 4599 crucem
2877 4544 3061 4600 tollere
3087 4553 3305 4614 queant,
3337 4560 3498 4616 quam

2099 4655 2121 4688 ⁵
2149 4654 2286 4710 Psal.
2323 4672 2432 4719 Lvt,
2468 4656 2524 4711 5.
2592 4656 2614 4688 ⁸
2641 4654 2786 4712 Psal.
2830 4672 2905 4723 LI,
2948 4656 3004 4711 4.
3087 4657 3109 4688 "
3150 4654 3291 4710 Psal.
3336 4671 3391 4721 χ,
3443 4654 3494 4710 7.

235 4742 303 4796 ⁸1
336 4740 467 4795 Cor.
501 4754 565 4804 ιι,
594 4738 646 4792 7.
689 4725 743 4769 ’⁸
774 4736 914 4792 Psal.
944 4750 1136 4799 sum,
1160 4733 1214 4789 9.
1291 4725 1499 4787 to'Psal.
1522 4746 1676 4797 xvm,
1699 4731 1780 4784 ll.

1939 4726 2134 4781 Lloloss.
2166 4740 2227 4790 ιι,
2253 4725 2339 4781 19.

310 4892 391 4961 (6)
428 4888 911 4961 Καθαρισθῶμεν.
936 4887 1026 4961 _ln
1080 4886 1370 4951 nonnullis,
1416 4883 1818 4956 καθαρίσωμεν.
1852 4895 1898 4950 D

243 4983 265 5016 ς
303 4958 498 5017 omnia
529 4958 783 5015 membra
800 4958 1178 5028 puriliicemusL
1198 4976 1217 5008 ι

313 5032 394 5101 (7)
437 5022 920 5098 Καταλείπωρεν.
940 5027 1126 5082 Plures
1151 5026 1315 5096 Regg.
1340 5034 1395 5079 et
1421 5022 1635 5089 Comb.,
1658 5042 1820 5079 xam-

232 5103 510 5171 λίπωμεν.

312 5164 401 5254 (8)
431 5168 721 5254 Φέρῳμεν.
765 5168 977 5234 Comb.,
1028 5164 1431 5238 περιφέρωμεν.
1472 5165 1550 5218 lla
1610 5164 1821 5219 videtur
1917 5176 1980 5217 co

233 5244 457 5312 legisse,
476 5240 593 5293 ιιιιι.

312 5304 392 5381 (9)
435 5310 800 5378 Ὄσφρησιν.
833 5305 923 5385 Sic
959 5306 1205 5377 plerique
1238 5304 1394 5360 codd.
1425 5304 1480 5359 In
1510 5305 1619 5371 ed.,
1649 5305 1820 5376 ὅσφη-

236 5400 427 5520 cm(Olli)
479 5448 630 5502 Ἀντί
673 5446 890 5520 ὀσμῆς.
952 5446 1043 5501 Sic
1082 5443 1541 5520 quatuor__Regg:,
1567 5444 1819 5520 Co_isl._t,

234 5513 628 5583 Par.,Comb.,
658 5513 764 5572 etc.
794 5513 884 5571 Sic
913 5521 1075 5571 etiam
1101 5513 1229 5585 legit
1254 5513 1458 5570 Dillius.
1498 5513 1554 5568 In
1590 5517 1699 5581 ed.,
1731 5515 1824 5568 ἀν-

234 5593 294 5645 τί
326 5589 513 5661 τιμῆς,
547 5606 566 5638 ι
602 5588 822 5661 honoris
840 5587 983 5661 loco.
1017 5604 1036 5661 ξ

1999 4879 2111 4952 (l2)
2150 4878 2381 4935 Αὐτῶν.
2404 4879 2598 4952 Βεεζε.
2638 4881 2730 4952 ph,
2766 4880 3157 4952 septcmColb.
3188 4878 3494 4952 etAComb.,

1922 4950 2105 5006 αὐτόν.
2146 4969 2196 5022 ι-
2219 4952 2283 5006 Ut
2318 4962 2373 5004 et.
2402 4950 2575 5019 ipsum
2626 4950 2998 5022 (unguentum)
3040 4966 3108 5005 ex
3149 4950 3302 5005 nobis
3342 4953 3495 5007 suavi

1921 5026 2085 5076 odore
2116 5019 2343 5073 alnetur.
2384 5039 2401 5070 ι

1983 5091 2099 5215 (l5)
2145 5090 2271 5156 Τοῖς
2295 5088 2579 5159 ἀδελφοῖς
2616 5087 2736 5143 τῶν
2766 5086 3148 5157 πικροτέρων.
3186 5088 3277 5143 Sic
3306 5102 3500 5145 omnes

2023 5164 2075 5214 d.
2110 5163 2166 5213 In
2201 5163 2284 5214 ed.
2319 5164 2512 5214 desunt
2533 5160 2647 5215 τοῖς
2675 5159 2941 5215 ἀδελφοῖς.

2023 5164 2075 5214 d.
2110 5163 2166 5213 In
2201 5163 2284 5214 ed.
2319 5164 2512 5229 desunt
2533 5160 2647 5223 τοῖς
2675 5159 2941 5229 ἀδελφοῖς.

1988 5231 2099 5301 (Μ)
2138 5226 2351 5298 Μικρά.
2389 5229 2537 5284 Hanc
2580 5245 2763 5284 vocem
2815 5226 3013 5284 delevit
3066 5226 3251 5283 Billius
3297 5227 3351 5282 in
3402 5229 3490 5283 ed.

1916 5299 2037 5355 Bas.

1993 5368 2491 5441 (15)]51ρῃμένοις
2539 5366 2646 5421 ἔτι.
2682 5367 2782 5441 θεῖε
2812 5366 2992 5441 plures
3038 5368 3203 5441 Regg.
3250 5374 3305 5421 et
3333 5365 3489 5423 Colb.

1922 5436 2011 5494 Sic
2034 5436 2217 5492 Coisl.
2239 5436 2297 5499 1,
2316 5441 2410 5493 Οι·.
2443 5440 2494 5501 1,
2528 5445 2634 5492 etc.
2674 5440 2829 5491 Deest
2856 5436 2935 5489 ἔτι
2970 5437 3020 5490 in
3052 5440 3139 5491 ed.

1990 5508 2100 5579 (l8)
2140 5508 2398 5577 Χριστοῦ
2455 5507 2748 5579 κεφαλήν,
2797 5520 2903 5561 etc.
2974 5506 3185 5579 ϐσιιιζη,
3235 5504 3495 5577 Χριστὸν,

1927 5597 1945 5630 ι
1983 5573 2282 5641 Christum,
2317 5581 2429 5646 qui,
2466 5598 2485 5630 ι
2523 5573 2812 5645 utoptime-
2831 5578 3050 5647 exponit
3079 5573 3312 5647 Nicetis,
3346 5573 3491 5647 sca-’-

314 5644 430 5730 (Ιί)
450 5644 985 5730 ”’ἰ)σςρραινώιιεθα.
1018 5654 1156 5730 Tres
1189 5654 1372 5723 Regg.,
1400 5653 1565 5712 Coisl.
1592 5656 1611 5709 l
1628 5697 1642 5724 ,
1670 5652 1763 5710 Or.
1790 5653 1814 5707 1

1939 5658 2016 5701 )lll
2058 5660 2162 5713 est,
2198 5659 2251 5701 et
2279 5644 2649 5730 principatum
2691 5647 2853 5730 habet
2889 5644 2945 5702 in
2978 5644 3202 5716 mystico
3237 5644 3495 5703 Ecclesiﬂ

236 5744 299 5789 et
324 5725 467 5795 les},
488 5725 930 5799 εὐφραινώμεθα,
963 5745 980 5777 ι
1018 5725 1277 5781 laetentur.
1320 5746 1343 5776 ι

1921 5733 2165 5790 corpore,
2196 5728 2251 5775 et
2286 5731 2446 5789 caput
2475 5726 2716 5773 nostrum
2749 5727 2853 5774 est.
2889 5736 2907 5770 ι
