3902 6218
372 302 480 356 ΗΚ

1608 296 1667 352 S.
1709 295 2037 353 GREGORII
2077 293 2423 351 THEOLOGI

3532 286 3626 346 κῖιῦ

370 431 477 470 non
504 411 661 467 facile
709 410 933 479 quilibet
990 408 1132 465 ferre
1182 416 1378 480 potest.
1440 408 1765 464 Praeclarum
1825 411 1952 465 item

2069 409 2366 480 ιίρόμενον.
2419 405 2598 460 Καλὸν
2635 406 2729 458 κα).
2767 403 2868 467 τὰς
2908 404 3095 474 χεῖρας
3131 400 3463 456 τελειοῦσθαι
3487 441 3501 464 ,
3544 401 3639 454 κα).

370 506 621 560 manibus
671 512 726 557 et
765 503 989 572 pedibus
1041 502 1256 557 lustrari
1305 516 1321 555 :
1362 501 1464 555 illa:
1510 516 1743 570 nempe,
1804 511 1863 557 ut
1899 503 1952 558 in

369 597 517 651 omni
545 596 664 650 loco
688 609 836 663 pura:
868 590 1204 658 attollantnr,
1228 592 1540 661 Christique
1593 593 1951 664 disciplinam,

376 700 445 739 ne
483 686 748 737 irascatur
777 682 1052 745 Dominus,
1078 681 1485 749 apprehendant
1517 683 1579 747 η,
1614 697 1678 736 ac
1708 698 1803 752 per
1830 700 1957 751 cpe-

377 789 437 829 ra
479 775 716 827 divinum
746 788 1047 827 sermonem
1072 773 1174 826 sibi
1198 774 1460 827 creditum
1482 775 1730 843 probent,
1761 791 1954 844 quem-

375 865 666 918 admodum
701 863 790 917 ille
813 864 901 932 qui
934 864 1093 918 datus
1123 873 1228 927 est,
1260 864 1311 917 in
1339 879 1501 917 manu
1529 864 1803 932 cujusdam
1832 881 1955 935 pro-

373 956 546 1022 phetm
581 954 625 985 ¹³
659 994 672 1005 .
708 955 790 1006 his
826 963 1027 1016 autem,
1074 968 1141 1008 ne
1168 954 1232 1007 ad
1264 953 1591 1009 fundendum
1626 956 1785 1026 723
1828 972 1955 1009 san-

372 1046 586 1113 guinem
622 1044 665 1076 ιδ
707 1044 1005 1112 praecipites
1030 1052 1213 1109 ruant,
1250 1052 1412 1111 atque
1457 1046 1523 1099 ad
1569 1047 1754 1100 vitium
1794 1062 1952 1099 cursu

375 1134 652 1200 ferantur;
698 1149 882 1187 verum
918 1134 985 1187 ad
1039 1134 1384 1202 Evangelium
1412 1175 1427 1199 ,
1473 1150 1823 1205 Supermeque
1857 1151 1952 1189 vo-

373 1224 603 1278 cationis
626 1223 668 1255 ¹⁸
698 1224 930 1293 palmam
962 1225 1193 1293 prompti
1221 1240 1283 1278 ac
1303 1225 1475 1295 parati
1503 1227 1630 1290 sint,
1648 1225 1953 1280 Christum-

373 1329 477 1382 que
514 1315 820 1370 abluentem
880 1326 1041 1384 atque
1078 1328 1397 1388 purgantem
1442 1320 1756 1389 suscipiant.
1800 1322 1952 1387 Quod

374 1403 418 1456 si
453 1417 558 1471 qua
592 1405 798 1458 ventris
824 1419 1037 1474 quoque
1073 1407 1237 1471 illius,
1264 1407 1352 1475 qui
1389 1408 1537 1460 cibos
1569 1422 1599 1460 e
1625 1406 1801 1462 Verbo
1828 1425 1954 1478 pro-

375 1494 630 1549 cedentes
657 1496 800 1563 capit
834 1510 898 1551 ac
924 1497 1219 1562 distribuit,
1253 1496 1620 1568 perpurgandi
1669 1501 1805 1553 ratio
1848 1508 1952 1566 est,

377 1585 697 1655 praeclarum
745 1588 908 1642 etiam
958 1588 1122 1645 fuerit
1183 1606 1399 1656 cavere,
1442 1606 1508 1645 ne
1554 1607 1675 1647 eum
1722 1593 1846 1646 luxu
1899 1606 1954 1648 ct

373 1676 740 1733 dimuentibus
772 1681 908 1735 cibis
949 1681 1113 1735 Deum
1142 1681 1470 1744 eﬂiciamus;
1520 1685 1647 1754 quin
1680 1686 1855 1753 potius
1889 1686 1954 1738 il-

2054 501 2180 563 τοὺς
2205 500 2373 562 πόδας
2394 516 2408 527 ·
2445 497 2544 561 τὰς
2574 497 2703 567 μὲν,
2735 496 2810 559 ὼς
2856 498 2913 548 ὲν
2947 493 3109 548 παντὶ
3155 495 3305 564 τόπῳ
3337 492 3489 556 ὁσίας
3525 491 3636 562 (17)

2055 590 2328 663 αἴρεσθαι,
2363 589 2457 644 κα).
2497 586 2825 660 δράσσεσθαι
2857 586 2956 657 τῆς
2988 584 3225 657 Χριστοῦ
3255 584 3526 645 παιδείας,
3561 583 3635 653 μή

2057 698 2192 735 ποτε
2215 680 2444 751 ὀργισθῇ
2472 678 2698 749 Κύριος,
2733 676 2827 729 κα).
2853 673 3205 728 πιστεύεσθαι
3239 672 3396 741 λόγον
3422 671 3513 724 διὰ
3544 669 3639 723 τοῦ

2056 771 2360 844 πρακτικοῦ
2385 812 2399 835 ,
2449 770 2524 833 ὼς
2568 768 2658 822 τὸν
2702 769 2759 819 ἐν
2809 768 2875 836 τῇ
2924 764 3067 836 χειρὶ
3104 760 3258 816 τοῦδε
3292 761 3384 815 τοῦ
3427 761 3641 830 προφή-

2055 881 2147 917 του
2178 852 2635 932 (18)”δεδομένονο
2670 857 2797 921 τοὺς
2833 856 2910 918 δὲ,
2952 855 3027 926 μὴ
3065 854 3208 919 ὀξεῖς
3236 848 3377 905 εἶναι
3416 851 3555 922 πρὸς
3582 851 3645 903 τὸ

2056 954 2267 1025 ἐκχέειν
2300 946 2459 1021 αἷμα,
2501 948 2633 1020 μηδὲ
2661 950 2741 1010 είς
2764 946 2960 1000 κακίαν
2992 944 3281 1016 τρέχοντας
3302 959 3317 974 ο
3352 940 3480 994 ἀλλ’
3505 939 3646 993 ἑτοί-

2058 1063 2193 1116 μους
2223 1048 2303 1107 si;
2335 1043 2396 1094 τὸ
2438 1040 2799 1115 Εὐαγγέλιον,
2848 1038 2943 1091 καὶ
2973 1037 3109 1108 πρὸς
3143 1035 3204 1088 τὺ
3245 1034 3496 1106 βραϐεῖον
3539 1031 3642 1100 τῆς

2055 1135 2167 1189 ἄνω
2203 1135 2470 1204 κλήσεως,
2512 1130 2608 1183 καὶ
2643 1128 2877 1198 Χριστὸν
2922 1127 3283 1180 ὺπονίπτοντα
3320 1125 3416 1178 καὶ
3447 1121 3644 1176 καθαί-

2057 1241 2219 1297 ροντα
2254 1221 2528 1293 δέχεσθαι.
2578 1220 2644 1272 Εἴ
2684 1236 2770 1282 τις
2807 1217 2923 1270 ἐστὶ
2963 1217 3055 1270 καὶ
3097 1214 3303 1277 κοιλίας
3348 1212 3639 1283 κάθαρσις,

2055 1315 2370 1387 χωρητικῆς
2418 1311 2531 1384 (19)
2572 1311 2668 1363 καὶ
2709 1309 3031 1379 ἀναδοτικῆς
3074 1307 3179 1360 τῶν
3221 1308 3286 1359 ὲκ
3322 1304 3416 1357 τοῦ
3462 1304 3641 1373 Λόγου

2054 1408 2271 1479 τροφῶν
2303 1407 2438 1479 (20),
2471 1404 2635 1458 καλὸν
2679 1404 2771 1457 καὶ
2797 1401 2999 1472 ταύτην
3029 1399 3102 1470 μὴ
3127 1399 3392 1453 θεοποιεῖν
3420 1399 3486 1450 ὲκ
3507 1413 3641 1467 τρυ-

2056 1501 2163 1570 φῆς
2196 1497 2418 1567 καὶτῆς
2459 1494 2916 1568 καταργουμένης
2952 1492 3235 1564 βρώσεως·
3279 1489 3414 1544 ἀλλὰ
3444 1488 3641 1543 καθαίο

2060 1608 2173 1662 ρειν
2201 1591 2284 1643 ὅτι
2314 1589 2570 1659 μάλιστα,
2618 1590 2710 1643 καὶ
2754 1588 2926 1640 ποιεῖν
2965 1583 3327 1654 λεπτοτέραν,
3357 1581 3497 1635 ὥστε
3544 1580 3636 1633 τὸν

2056 1682 2229 1749 Λόγον
2264 1681 2469 1750 Κυρίου
2507 1681 2565 1732 ὲν
2609 1678 2749 1750 μέσῃ
2783 1676 3065 1747 δέχεσθαι,
3105 1676 3196 1727 κα)⁴
3233 1674 3418 1741 ἀλγεῖν
3454 1670 3638 1733 καλῶς

377 1766 489 1824 lum
540 1771 949 1825 accuratissime
1015 1786 1304 1841 purgemus
1356 1782 1409 1827 et
1467 1753 1841 1840 extenuemus,
1896 1784 1952 1827 ut

2069 1772 2197 1842 ὅπερ
2224 1770 2319 1823 τοῦ
2376 1769 2588 1840 Ἰσραὴλ
2623 1769 2923 1830 πταίοντος.
2959 1765 3211 1836 Εὑρίσκω
3243 1764 3338 1818 καὶ
3370 1764 3469 1835 τὴν
3502 1780 3638 1832 καρ-

376 1854 610 1911 Verbum
642 1861 850 1914 Domini
887 1860 1076 1915 intimo
1114 1863 1233 1915 sinu
1273 1856 1550 1932 suscipiat,
1587 1878 1650 1917 ac
1693 1878 1789 1933 pro
1828 1879 1952 1932 pec-

380 1958 540 2001 cante
570 1949 764 2004 Israele
795 1951 847 2003 in
884 1951 1113 2006 honesto
1143 1961 1198 2006 et
1232 1951 1485 2007 laudabili
1544 1953 1729 2008 dolore
1777 1969 1960 2010 verse-

378 2049 489 2093 tur.
519 2037 636 2093 Jatu
668 2043 816 2095 cordi
852 2057 1067 2110 quoque
1096 2051 1149 2095 et
1181 2042 1451 2097 intestinis
1475 2042 1731 2098 honorem
1773 2043 1959 2099 haberi

376 2132 670 2197 comperio.
694 2130 804 2185 Hoc
838 2130 967 2185 mihi
1006 2132 1170 2186 David
1205 2133 1511 2201 persuadet,
1543 2148 1666 2188 cum
1703 2148 1797 2188 cor
1813 2149 1963 2188 mun-

380 2219 506 2273 dum
549 2221 601 2275 in
637 2222 815 2290 seipso
855 2222 1052 2286 creari,
1085 2237 1148 2276 ac
1175 2222 1434 2291 Spiritum
1461 2232 1665 2277 rectum
1695 2224 1750 2277 in
1784 2225 1959 2280 visce-

2062 1861 2182 1914 δίαν
2221 1863 2317 1914 κα).
2362 1860 2431 1914 τὰ
2455 1850 2606 1924 ἐντὸς
2638 1860 2771 1930 (21),
2802 1860 2967 1929 τιμῆς
2990 1858 3306 1929 ἀξιούμενα.
3338 1855 3520 1909 Πείθει
3571 1871 3641 1925 με

2061 1952 2222 2005 τοῦτο
2250 1952 2414 2006 Δαὸὶδ
2433 1993 2446 2014 ,
2473 1952 2703 2024 καρδίαν
2732 1950 2979 2023 καθαρὰν
3005 1949 3182 2019 ζητῶν
3215 1952 3272 2001 ὲν
3313 1947 3490 2016 ἑαυτῷ
3526 1947 3641 2000 κτί-

2062 2045 2252 2110 ζεσθαι
2272 2087 2286 2111 ,
2315 2047 2410 2099 καὶ
2443 2044 2673 2115 Πνεῦμα
2710 2044 2867 2106 εὑθὲς
2897 2044 2955 2095 ἐν
2981 2044 3093 2104 τοῖς
3123 2040 3374 2109 ὲγκὰτοις
3401 2035 3638 2107 ὲγκαινί-

2062 2133 2271 2200 ζεσθαι.
2299 2137 2371 2189 Τὸ
2389 2136 2747 2206 διανοητικὸν,
2775 2132 2951 2204 οἶμαι.
2973 2133 3144 2203 τούτῳ
3175 2131 3286 2203 (22)
3312 2131 3508 2202 δηλῶν,
3538 2127 3638 2183 καὶ

2063 2227 2130 2281 τὰ
2158 2227 2345 2281 τούτου
2376 2229 2674 2298 κινήματα,
2704 2227 2737 2296 ἢ
2765 2226 3125 2296 διανοήματα.

378 2313 528 2368 ribus
566 2313 808 2366 innovari
844 2313 908 2379 ¹⁶,
944 2314 1203 2382 postulat.
1259 2312 1463 2379 Quibus
1511 2316 1710 2381 verbis,
1743 2325 1802 2371 ut
1838 2318 2048 2388 opinor,
2119 2336 2183 2376 ea
2243 2322 2436 2375 animae
2478 2320 2727 2384 lacultas,
2788 2336 2892 2390 qua
2938 2319 3257 2389 cogitamus,
3328 2327 3489 2387 atque
3537 2317 3644 2370 hu-

370 2409 460 2477 jus
497 2419 673 2462 motus
707 2419 800 2463 aut
830 2410 1182 2479 cogitationes
1214 2409 1606 2479 Signiﬁcantur.

450 2497 562 2552 XL.
606 2500 743 2566 Quid
772 2500 973 2555 lumbi?
1011 2501 1147 2568 Quid
1173 2503 1370 2557 renes?
1425 2501 1557 2556 Nam
1596 2519 1663 2559 ne
1692 2504 1794 2560 hoc
1838 2507 1961 2575 qui-

380 2592 497 2646 dem
527 2592 958 2661 praetereundnm
1000 2602 1102 2647 est.
1149 2594 1390 2664 Attingat
1436 2594 1550 2648 hac
1579 2609 1792 2664 quoque
1839 2611 1963 2664 pur-

377 2683 545 2751 gatio.
582 2682 703 2736 Sint
729 2683 893 2737 lumbi
920 2685 1090 2739 nostri
1123 2685 1405 2747 succincti,
1439 2699 1504 2739 ac
1548 2700 1647 2755 per
1684 2688 1965 2743 continen-

375 2776 506 2827 tiam
544 2775 795 2841 restricti,
830 2776 1282 2844 quemadmodum
1330 2776 1514 2831 lsraeli
1547 2778 1700 2843 olim,
1728 2794 1797 2833 ex
1832 2779 1965 2850 legis

383 2866 702 2935 praescripto
733 2867 799 2930 ",
833 2868 1032 2936 pascha
1069 2870 1395 2924 comedenti.
1440 2870 1606 2926 Nemo
1639 2874 1781 2926 enim
1827 2890 1959 2940 pure

376 2967 441 3010 ac
468 2955 704 3027 perfecte
731 2971 795 3010 ex
827 2956 1063 3028 [Egypto
1090 2961 1321 3021 excedit,
1349 2977 1448 3016 nec
1475 2966 1954 3019 cxterminatorem

377 3045 535 3114 fugit,
567 3046 666 3101 nisi
700 3048 813 3103 haec
850 3047 1118 3102 domnerit
1160 3064 1223 3104 ac
1282 3049 1595 3107 frenaverit.
1648 3053 1827 3109 Renes
1863 3071 1958 3109 au-

377 3147 488 3191 tem
521 3137 842 3194 laudabilem
877 3139 1304 3195 immutationem
1335 3143 1592 3209 sentiant,
1634 3145 1741 3197 vim
1793 3155 1956 3200 totam

376 3230 647 3298 appetitus
688 3232 755 3285 ad
808 3232 974 3287 Deum
1022 3231 1433 3297 transferentes,
1459 3243 1517 3287 ut
1561 3236 1740 3291 dicere
1790 3252 1958 3307 quea-

386 3333 506 3375 mus
538 3337 553 3375 :
610 3319 850 3386 Domine,
900 3332 1021 3375 ante
1054 3331 1103 3374 te
1134 3338 1284 3375 omne
1336 3323 1652 3378 desiderium
1694 3343 1862 3381 meum
1893 3328 1956 3382 ’⁸.

380 3410 466 3476 Et,
495 3409 645 3466 Diem
692 3413 918 3466 hominis
973 3430 1075 3466 non
1117 3416 1408 3470 desideravi
1432 3417 1497 3471 ".
1554 3416 1709 3474 Viros
1761 3421 1958 3475 etenim

378 3501 741 3569 spiritualium
798 3504 1189 3559 desideriorum
1239 3507 1285 3538 '°
1350 3521 1449 3562 nos
1500 3524 1619 3565 esse
1687 3513 1957 3565 convenit.

381 3592 514 3646 Nam
545 3594 619 3647 ita
644 3597 859 3648 demum
895 3594 1182 3652 draconem
1210 3598 1383 3664 illum,
1414 3599 1566 3668 cujus
1598 3601 1743 3656 vires
1796 3604 1959 3657 maxi-

382 3700 471 3740 ma
505 3701 569 3740 ex
604 3695 757 3754 parte
791 3686 842 3740 in
888 3688 1141 3744 umbilico
1174 3696 1228 3744 et
1260 3690 1457 3746 lumbis
1499 3692 1616 3747 sitae
1669 3703 1813 3760 sunt,
1862 3711 1961 3766 op-

378 3778 760 3846 presserimus,
801 3778 1065 3833 exstincta
1131 3781 1382 3837 videlicet
1413 3796 1710 3853 eversaque
1760 3800 1821 3839 ea
1863 3801 1962 3856 po-

381 3867 569 3928 tentia,
597 3880 760 3936 quam
802 3867 855 3920 in
901 3867 985 3922 his
1014 3870 1256 3938 partibus
1293 3872 1520 3927 obtinet.
1556 3871 1666 3928 Nec
1709 3889 1837 3929 vero
1868 3876 1960 3930 tibi

380 3959 687 4014 mirandum
738 3961 967 4024 accidat,
1006 3963 1147 4029 quod
1208 3963 1388 4018 minus
1432 3966 1673 4021 honestis
1721 3969 1964 4037 corporis

380 4051 642 4116 partibns'
662 4051 967 4106 uberiorem
1007 4052 1266 4107 honorem
1296 4056 1341 4085 ἰ
1369 4055 1685 4125 ιιιίὺυοιοεε
1715 4072 1966 4113 sermone

382 4140 721 4219 mortiﬁcans
751 4152 806 4196 et
848 4143 1141 4211 castigans,
1177 4154 1340 4213 atque
1372 4147 1632 4201 adversus
1683 4148 1963 4205 materiam

383 4240 536 4286 stans
559 4232 609 4286 in
641 4233 943 4300 procinctu.
970 4232 1168 4289 Omnia
1201 4238 1473 4303 membra,
1493 4252 1613 4307 quae
1647 4246 1772 4293 sunt
1804 4253 1966 4309 super

2130 2504 2215 2558 Μ’.
2246 2502 2311 2556 Τί
2348 2502 2404 2555 δὲ
2449 2517 2482 2573 η
2542 2500 2744 2570 ὀσφύς;
2785 2502 2850 2553 Τί
2885 2500 2941 2553 δὲ
2979 2500 3028 2552 οί
3070 2498 3289 2568 νεφροί;
3335 2496 3486 2565 Μηδὲ
3528 2495 3645 2566 γὰρ

2062 2596 2221 2651 τοῦτο
2253 2593 2635 2665 παρέλθωμεν.
2694 2591 2975 2645 Ἀπτέσθω
3008 2591 3101 2644 κα),
3128 2589 3332 2642 τούτων
3363 2591 3396 2658 ἠ
3429 2586 3646 2657 κάθαρ-

2061 2706 2176 2752 σιςο
2219 2687 2463 2739 ἔστωσαν
2495 2684 2654 2755 ήμῶν
2697 2683 2805 2754 (25)
2840 2685 2895 2736 αἱ
2931 2681 3135 2751 ὀσφύες
3177 2677 3645 2750 περιεζωσμέναι,

2060 2781 2153 2834 καὶ
2202 2776 2597 2848 ἁνεσταλμέναι
2639 2775 2748 2847 (21)
2803 2774 2872 2827 δι’
2923 2772 3269 2844 ἐγκρατείας,
3323 2770 3513 2840 ὥσπερ
3559 2768 3649 2840 τῷ

2076 2872 2294 2944 Ἰσραὴλ
2318 2870 2508 2933 πάλαι,
2531 2869 2672 2922 κατὰ
2698 2868 2788 2921 τὸν
2810 2866 2995 2937 νόμον,
3024 2866 3118 2919 τοῦ
3152 2863 3339 2933 πάσχα
3367 2860 3651 2934 μεταλαμ-

2064 2963 2279 3017 ϐάνοντι
2315 2961 2450 3033 (25).
2485 2959 2673 3021 Οὐδεὶς
2705 2958 2814 3029 γὰρ
2844 2955 3099 3029 καθαρῶς
3126 2956 3398 3024 Αἴγυπτον
3426 2952 3651 3022 ἐξέρχε-

2057 3071 2168 3116 ται,
2194 3052 2315 3106 οὐδὲ
2339 3051 2525 3121 φεύγει
2565 3050 2657 3102 τὸν
2697 3047 3051 3120 ὀλοθρεύοντα
3069 3085 3084 3109 ,
3142 3046 3216 3116 μὴ
3242 3042 3415 3096 ταῦτα
3444 3042 3649 3095 παιδα-

2058 3146 2338 3216 γωγήσας.
2369 3145 2434 3197 Oi
2462 3143 2520 3197 δὲ
2553 3142 2653 3213 τὴν
2676 3140 2848 3212 καλὴν
2872 3138 3156 3194 ἀλλοίωσιν
3181 3134 3647 3197 ἀλλοιούσθωσαν,

2058 3238 2179 3290 ὅλον
2207 3237 2267 3290 τὸ
2290 3234 2690 3306 ἐπιθυμητικὸν
2720 3235 2859 3305 πρὸς
2882 3232 3013 3285 Θεὸν
3057 3229 3472 3300 μεταφέροντες,
3499 3226 3649 3279 ὥστε

2058 3328 2318 3383 δύνασθαι
2359 3327 2567 3393 λέγειν·
2622 3328 2827 3396 Κύριε,
2886 3323 3159 3380 ἐναντίον
3209 3335 3325 3375 σου
3376 3317 3545 3372 πᾶσα
3597 3317 3642 3383 ἡ

2059 3420 2339 3489 ἐπιθυμία
2363 3436 2521 3489 μου·
2571 3419 2686 3481 καὶ,
2728 3416 2974 3488 Ἠμέραν
3001 3413 3314 3482 ἀνθρώπου
3381 3411 3493 3465 οὐκ
3538 3408 3649 3461 ἐπ-

2067 3510 2361 3578 εθύμησα.
2390 3509 2481 3560 Δεῖ
2503 3506 2611 3580 γὰρ
2632 3505 3065 3577 γενέσθαιᾶνδρα
3079 3501 3383 3572 ἐπιθυμιῶν
3410 3499 3519 3553 τῶν
3543 3499 3647 3553 τοῦ

2062 3602 2403 3672 Πνεύματος.
2435 3601 2624 3665 Οὕτως
2658 3600 2722 3654 ἂν
2766 3601 2897 3670 ἡμῖν
2940 3599 3052 3668 (26)
3096 3597 3190 3651 κα)¹
3217 3598 3246 3650 ὁ
3283 3596 3344 3649 τὸ
3392 3594 3651 3647 πλεῖστον

2060 3694 2159 3765 τῆς
2192 3692 2373 3764 ἰσχύος
2412 3694 2504 3746 επ),
2543 3692 2641 3746 τοῦ
2672 3687 2918 3772 ὀμφαλοῦ
2957 3689 3052 3743 καὶ
3094 3689 3193 3759 τῆς
3227 3686 3427 3757 ὀσφύος
3459 3685 3651 3756 φέρων

2064 3784 2278 3855 δράκων
2303 3783 2632 3854 καταλυθείη
2649 3824 2663 3845 ,
2689 3785 2789 3853 τῆς
2809 3782 2938 3853 περὶ
2958 3781 3131 3835 ταῦτα
3152 3779 3468 3842 δυναστείας
3495 3777 3651 3847 αὐτῷ

2063 3874 2447 3947 νεκρωθείσης.
2477 3876 2569 3946 Μὴ
2595 3875 2885 3948 θαυμάσῃς
2909 3875 2987 3939 δὲ,
3016 3874 3065 3927 εί
3090 3874 3318 3935 καὶτοῖς
3339 3873 3648 3942 ἀσχήμοσιν

2063 3967 2241 4038 ἡμῶν,
2262 3968 2427 4039 τιμὴν
2468 3967 2862 4039 περισσοτέραν
2888 3967 3076 4035 τίθημι
3102 3965 3235 4035 (27),
3263 3964 3407 4034 λόγῳ
3434 3962 3650 4033 νεκρῶν

2065 4057 2238 4111 ταῦτα
2271 4060 2367 4111 καὶ
2407 4058 2780 4130 σωφρονίζων,
2818 4061 2910 4112 κα).
2945 4057 3085 4112 κατὰ
3112 4058 3208 4127 τῆς
3250 4057 3383 4127 ὕλης
3421 4056 3649 4126 ἱστάμε-

2065 4166 2174 4213 νος.
2206 4150 2392 4203 Πάντα
2422 4149 2600 4221 δῶμεν
2627 4150 2746 4221 Θεῷ
2778 4151 2846 4204 τὰ
2879 4151 3013 4222 μέλη
3049 4150 3141 4203 ἐπὶ
3170 4149 3271 4219 τῆς
3300 4150 3424 4221 γῆς,
3464 4149 3651 4201 πάντα

2064 4241 2513 4314 καθιερώσωμεν.
2548 4243 2638 4313 Μὴ
2660 4242 2816 4296 λοϐὸν
2843 4243 3072 4311 ἥπατος,
3099 4241 3232 4312 μηδὲ
3251 4241 3479 4311 νεφροὺς
3502 4239 3652 4309 μετὰ

382 4332 606 4387 terram,
640 4323 749 4378 Deo
773 4324 983 4389 demus,
1017 4326 1198 4381 omnia
1245 4342 1655 4395 consecremus;
1705 4344 1809 4385 non
1860 4346 1956 4384 au-

2069 4335 2157 4404 τῆς
2186 4334 2440 4404 πιμελῆς,
2470 4335 2601 4405 μηδὲ
2617 4335 2678 4387 τὸ
2696 4334 2808 4405 (28)
2833 4334 2994 4405 μέρος
3013 4331 3107 4386 τοῦ
3132 4332 3400 4403 σώματος,
3432 4330 3566 4402 μηδὲ
3583 4332 3652 4384 τδ

383 4424 489 4468 tem
532 4414 721 4469 ﬁbram
774 4415 945 4470 solum
994 4416 1222 4486 hepalis,
1258 4434 1365 4472 non
1406 4434 1563 4473 renes
1604 4435 1726 4475 cum
1768 4421 1944 4493 adipe,

2069 4426 2146 4478 ια).
2167 4427 2245 4478 τό.
2271 4425 2370 4480 Διὰ
2402 4424 2453 4477 τί
2477 4424 2587 4496 γὰρ
2609 4425 2677 4478 τὰ
2699 4425 2832 4478 ἄλλα
2856 4426 2986 4495 ἡμῖν
3007 4423 3341 4495 ἀτιμαστέα;
3366 4422 3559 4485 Ὅλους
3585 4420 3651 4473 δὲ

454 4539 499 4612 ξ’
525 4536 666 4612 P_sal.
700 4553 757 4596 ll.
784 4536 869 4590 12.
907 4537 990 4612 _f'
1020 4536 1221 4612 lor-em.
1250 4555 1300 4600 ι,
1334 4537 1386 4591 1.
1467 4540 1512 4572 “’
1546 4539 1684 4612 Psal-
1744 4556 1861 4603 κιιῐ.
1894 4543 1947 4597 ’5-

2069 4548 2070 4570 ‘
2103 4544 2327 4612 Philipp.
2361 4561 2440 4606 ιιι,
2470 4545 2557 4599 11.
2649 4544 2692 4575 “
2723 4544 2864 4600 Psal.
2894 4561 2925 4598 ι.
2971 4544 3057 4599 12.
3132 4544 3176 4575 ’⁷
3209 4541 3378 4596 Exod.
3423 4556 3523 4607 xu,
3556 4541 3647 4595 11.

386 4604 430 4641 ³⁸
454 4606 592 4662 Psal.
640 4622 845 4670 xxxvu,
897 4609 984 4663 10.
1065 4607 1329 4663 "Jeretn.
1369 4624 1499 4673 xvtt,
1533 4611 1618 4664 16.
1693 4612 1740 4644 ⁸ο
1786 4612 1919 4668 Dan.
1954 4616 2145 4680 13,25.

455 4736 568 4872 (17)
618 4736 843 4804 Ὀσίας.
867 4737 1028 4793 Cois].
1059 4739 1111 4801 1,
1137 4739 1318 4805 ὁσίως.

456 4807 546 4872 (18
615 4806 794 4861 Τοῦδε
819 4807 925 4861 τοῦ
955 4808 1284 4872 προφήτου.

456 4806 568 4879 (18)
602 4806 794 4879 (Τοῦδε
819 4807 925 4861 τοῦ
955 4808 1284 4879 προφήτου.
1319 4809 1547 4864 Basilius
1583 4811 1750 4877 addit,
1781 4811 1959 4868 είτουν

382 4875 476 4952 τοῦ
506 4877 788 4952 Μαλαχίου
809 4895 821 4908 ·
856 4875 1028 4952 οὕτως
1049 4875 1157 4951 ιξὰρ
1181 4879 1565 4952 ἑρμηνεύεται,
1590 4899 1624 4952 Α(
1658 4875 1773 4935 sive
1798 4884 1960 4936 Mala-

384 4947 557 5019 c_hia3;
586 4947 841 5019 sic’enim
878 4947 1279 5018 interpretatur.
1314 4947 1333 5001 3
1374 4950 1495 5002 Vult
1534 4950 1694 5019 igitur
1733 4952 1962 5008 Basilius

385 5016 706 5087 Gregorium
735 5017 977 5072 allusisse
1021 5016 1092 5073 ad
1143 5020 1257 5073 hare
1287 5022 1449 5074 verba
1489 5016 1784 5084 Illalachim,
1816 5037 1866 5076 c.
1906 5023 1960 5086 1,

389 5087 442 5138 1.
472 5085 675 5142 (Onus
699 5088 848 5142 verbi
882 5088 1090 5142 Domini
1122 5089 1286 5144 Israel
1323 5090 1376 5144 in
1407 5105 1566 5144 manu
1593 5088 1888 5147 Malachiae.
1934 5109 1954 5143 ι

388 5156 599 5225 Aggeus
633 5157 796 5210 etiam
821 5156 902 5212 sic
927 5158 1229 5223 exorditur,
1271 5174 1323 5214 c.
1352 5161 1403 5224 1,
1432 5160 1458 5213 1
1497 5198 1513 5215 .
1549 5177 1567 5209 ι
1615 5159 1839 5217 Factum
1878 5169 1965 5217 est

389 5225 857 5299 verbumpomini
885 5229 938 5299 in
961 5244 1123 5299 manu
1157 5230 1332 5297 Δίςκωί
1367 5230 1660 5299 prophetze.
1690 5251 1710 5284 ι

463 5293 576 5365 (19)
614 5295 979 5365 menrmijc.
1010 5293 1265 5352 Nonnulli
1293 5293 1514 5363 addunt,
1535 5316 1616 5352 τε.

462 5363 577 5434 (20)
621 5363 963 5439 Τοῦ-Λόγου
990 5368 1243 5437 τροφῶν.
1285 5386 1306 5420 ε
1333 5369 1495 5425 Cibos
1520 5384 1551 5423 e
1582 5368 1755 5423 Verbo
1777 5384 1967 5439 proce-

393 5433 659 5509 dentem}
714 5434 802 5509 Sic
840 5433 1154 5509 vertendum
1196 5449 1541 5509 putamusex
1585 5433 1966 5509 consequenti-

393 5502 515 5567 bus,
564 5505 664 5578 ubi
689 5506 863 5578 agitur
899 5526 917 5558 ‹
963 5509 1030 5562 de
1064 5502 1236 5563 Verbo
1264 5508 1505 5574 Domini;
1541 5527 1561 5561 ι
1587 5502 1835 5578 quamvis
1871 5509 1967 5565 Ni-

394 5583 544 5628 cetas
572 5574 622 5627 id
642 5574 966 5651 _i_n_t_ellignt_t
1000 5578 1065 5632 de
1099 5578 1533 5651 cogitationibus,
1572 5574 1738 5633 »πῶν
1765 5579 1971 5651 νοημὰ-

397 5656 528 5707 των,
560 5652 616 5698 et
638 5643 876 5700 Billius.«
905 5646 972 5702 de
996 5643 1196 5713 mente,
1237 5664 1257 5699 ι
1289 5648 1367 5702 sic
1392 5658 1607 5703 vertens
1643 5662 1658 5701 :
1693 5667 1712 5700 ι
1747 5643 1889 5714 quod
1922 5651 1970 5705 si

400 5726 508 5781 qua
533 5714 736 5771 ventris
763 5731 978 5787 quoque
1010 5717 1173 5787 illius,
1204 5720 1292 5788 qui
1324 5720 1526 5775 mentis
1552 5718 1704 5775 cibos
1739 5720 1881 5791 capit
1906 5734 1971 5775 ac

2224 4617 2267 4647 “
2300 4614 2474 4671 ICor.
2506 4629 2603 4680 xu,
2632 4614 2723 4670 23.

2064 4748 2359 4811 distribuit,
2399 4768 2417 4801 ι
2449 4757 2557 4805 etc.

2137 4818 2250 4888 (21)
2303 4820 2520 4886 Ὲντός.
2548 4817 2713 4874 Coisl.
2749 4820 2801 4885 1,
2824 4816 3101 4888 ίὲνδόσθια.

2134 4886 2250 4957 (22)
2290 4891 2499 4956 Τούτῳ.
2526 4888 2771 4955 Qninque
2809 4887 3000 4957 Regg.,
3033 4897 3164 4953 etc.,
3193 4886 3354 4942 οὕτω.

2137 4957 2250 5029 (25)
2299 4959 2514 5029 Ἦμῶν.
2549 4959 2604 5012 In
2638 4958 2926 5029 nonnullis,
2963 4957 3135 5029 ὑμῶν.

2138 5026 2251 5095 (24)
2302 5025 2785 5097 Ἀγεσταλμέναα
2839 5025 3195 5082 υηιιεοοόθχ
3234 5026 3425 5081 addit:
3456 5025 3551 5080 καὶ
3591 5030 3645 5081 οἱ

2067 5095 2250 5167 λύχνοι
2295 5098 2572 5167 καιόμενοι
2593 5095 3069 5168 δι’νὲγκράτειαν·
3111 5116 3132 5148 ι
3169 5106 3227 5152 et
3273 5098 3504 5152 lucernas
3554 5112 3647 5152 ar-

2069 5168 2256 5226 dentes
2282 5183 2377 5235 per
2404 5167 2821 5221 continentiam.
2850 5186 2868 5218 ι

2140 5235 2252 5307 (25)
2284 5234 2383 5302 Τῷ
2418 5237 2734 5307 Ἰσραὴλ...
2763 5235 3297 5306 μεταλαμϐάνοντι.
3351 5234 3473 5291 Bas.
3529 5236 3644 5303 ed.,

2067 5304 2182 5378 rei
2201 5307 2482 5378 Ἰσραὴλ...
2504 5304 3042 5378 ’μεταλαμϐάνον-σος.

2140 5375 2249 5449 (26)
2280 5374 2480 5449 ζἨμῗν.
2524 5374 2637 5449 :Sic
2677 5374 2912 5447 quinque
2955 5379 3146 5449 Regg.,
3178 5390 3366 5432 novem
3397 5374 3552 5431 Colb.
3585 5382 3643 5430 et

2067 5444 2254 5500 Coinb.
2287 5444 2488 5512 ln'ed.,
2522 5447 2670 5512 ὑμῖν.

2161 5515 2252 5588 27)
2295 5515 2517 5588 Τιθημι.
2552 5513 2666 5571 Duo
2690 5515 2865 5588 Cpolb.,
2900 5515 3047 5584 Bas.,
3081 5514 3313 5587 Hervag.
3343 5524 3399 5571 et
3423 5513 3643 5581 Paulus,

2069 5584 2091 5641 1
2143 5584 2266 5659 Cor.
2296 5584 2511 5659 311,25,
2536 5586 2875 5659 περιτίθημι.

2143 5655 2255 5729 (28)
2296 5655 2462 5726 Μηδὲ
2486 5657 2574 5711 τό.
2608 5655 2820 5724 Camb},
2853 5655 2989 5729 μηδέ
3019 5673 3094 5712 τι.
