3902 6218
225 285 331 340 417

1149 285 1409 341 ORATIO
1452 286 1564 340 XL.
1606 317 1676 326 —-
1709 287 1776 342 IN
1817 288 2148 347 SANCTUM
2186 291 2551 349 BAPTISMA.

3375 302 3483 356 M8

220 405 373 474 ἡμᾶς
404 404 600 465 αὐτοὺς
623 403 1002 476 ἀνενέγκωμεν
1025 423 1038 436 ·
1069 405 1352 476 γενώμεθα
1381 406 1785 477 δλοκαυτώματι

1912 425 2016 463 non
2053 423 2254 481 partem
2287 413 2574 480 quamdam
2604 409 2865 478 corporis.
2897 425 3000 464 non
3033 411 3154 475 hoc,
3205 421 3296 466 aut
3335 413 3488 468 illud-

220 494 448 562 λογικὰ,
483 493 699 564 θύματα
741 496 958 549 τέλεια·
1001 497 1139 568 μηδὲ
1171 497 1261 549 τὸν
1305 497 1564 568 βραχίονα
1602 500 1763 568 μόνον
1786 539 1800 562 ,

221 587 360 657 μηδὲ
394 586 454 638 τὸ
490 586 774 656 στηθύνιον
820 588 1014 658 μόνον,
1057 589 1341 659 ἁφαίρεμα
1371 589 1483 660 (‘29)
1526 591 1799 659 ἱερατικὸν

219 676 506 746 ποιώμεθα
542 678 650 745 (50)
687 677 704 746 (
735 679 929 748 μικρὸν
960 679 1068 750 γὰρ
1098 677 1254 731 τοῦτο
1289 679 1346 748 )·
1388 679 1503 732 ἀλλ’
1547 680 1700 742 ὅλους
1728 681 1805 732 δι-

216 767 399 831 δόντες
424 769 574 837 ήμᾶς
609 768 826 833 αὐτοὺς,
865 769 1020 833 ὅλους
1059 770 1546 842 άντιλαμϐάνωμεν
1568 789 1581 801 ’
1615 771 1801 844 ἐπειδὴ

215 857 374 910 τοῦτό
407 859 524 909 ἐστι
558 857 743 910 λαϐεῖν
779 859 1056 930 καθαρῶς,
1089 861 1149 912 τὸ
1179 859 1258 930 τῷ
1289 860 1409 931 Θεῷ
1440 860 1677 930 δοθῆναι,
1709 863 1802 916 καὶ

218 947 576 1018 ίερουργῆσαι
609 948 710 1017 τὴν
737 947 895 1019 ἡμῶν
929 949 1107 1002 αὐτῶν
1140 949 1414 1021 σωτηρίαν
1451 950 1584 1021 (51).

284 1222 418 1276 MA'.
463 1224 586 1276 Ἐπὶ
614 1226 768 1288 πᾶσι,
802 1226 896 1278 καὶ
925 1226 1029 1292 πρὸ
1056 1225 1292 1284 πάντων,
1318 1223 1558 1291 φύλασσέ
1587 1242 1676 1295 μοι
1700 1226 1798 1297 τὴν

211 1315 386 1385 καλὴν
422 1316 895 1386 παρακαταθήκην
918 1356 932 1378 ,
1044 1316 1122 1380 ζῶ
1151 1315 1260 1387 (3‘2)
1292 1319 1384 1368 καὶ
1421 1315 1795 1389 πολιτεύομαι,

210 1405 278 1474 ἢν
329 1404 423 1457 καὶ
477 1404 811 1474 συνέκδημον
856 1404 1118 1476 λάϐοιμι,
1160 1405 1277 1473 μεθ’
1318 1399 1386 1475 ἧς
1439 1407 1532 1458 καὶ
1574 1407 1798 1476 ἀλγεινὰ

209 1491 391 1544 πάντα
434 1493 610 1562 φέρω,
643 1493 738 1544 καὶ
774 1493 1009 1563 τερπνὸν
1062 1491 1206 1545 ἆπαν
1254 1494 1365 1559 (55)
1397 1492 1667 1558 διαπτύω,
1699 1497 1797 1567 τὴν

209 1584 290 1644 εἰς
322 1583 564 1654 Πατέρα,
605 1584 698 1635 καὶ
727 1583 876 1646 Υίὸν,
906 1585 1000 1637 καὶ
1033 1583 1185 1652 ἆγιον
1220 1584 1445 1655 Πνεῦμα
1480 1586 1791 1656 ὁμολογίαν.

208 1674 430 1746 Ταύτην
463 1674 703 1727 πιστεύω
725 1692 805 1728 σοι
831 1676 1086 1747 σήμερονο
1117 1675 1290 1748 ταύτῃ
1317 1678 1409 1729 καὶ
1436 1677 1794 1748 συμϐαπντίσω

208 1766 305 1816 καὶ
356 1765 636 1830 συνανάξω
687 1765 797 1835 (54)
846 1783 926 1819 σε.
981 1765 1195 1838 Ταύτην
1239 1767 1431 1838 δίδωμι
1462 1770 1662 1833 παντὸς
1700 1772 1792 1824 τοῦ
1829 1753 1867 1805 Β

209 1855 330 1925 βίου
361 1855 610 1908 κοινωνὸν
645 1857 739 1908 καὶ
773 1856 1071 1926 προστάτιν
1104 1856 1236 1926 (55),
1272 1855 1369 1926 τὴν
1405 1858 1534 1928 μίαν
1563 1857 1794 1929 θεότητά

201 1963 266 1998 τε
301 1948 396 2000 καὶ
435 1947 664 2017 δύναμιν
705 1950 766 2000 ὲν
791 1949 906 2010 τοῖς
932 1948 1110 2018 τρισὶν
1152 1950 1550 2022 εὑρισκομένην
1575 1951 1789 2016 ἑνικῶς,

201 2040 304 2092 καὶ
344 2039 414 2091 τὰ
452 2039 579 2110 τρία
615 2039 1096 2111 συλλαμϐάνουσαν
1165 2041 1470 2112 μεριστῶς·
1527 2041 1649 2094 οὔτε
1698 2046 1795 2096 άν-

207 2131 438 2202 ώμαλον
481 2132 688 2194 οὐσίαις
775 2131 1028 2201 φύσεσιν,
1070 2131 1192 2184 οὔτε
1241 2133 1541 2203 αὐξομένην
1585 2132 1718 2202 (⁸56),
1756 2134 1789 2204 ἢ

203 2221 542 2292 μειουμένην
582 2222 909 2293 ὑπερϐολαῖς
948 2223 1041 2275 καὶ
1069 2223 1292 2290 ὑφέσεσι
1313 2266 1326 2286 ,
1359 2222 1620 2275 πάντοθεν
1646 2223 1790 2289 ἴσην,

196 2313 302 2382 τὴν
332 2313 506 2384 αὐτὴν
536 2313 823 2377 πάντοθεν,
847 2313 922 2376 ὡς
946 2312 1002 2366 ἓν
1028 2313 1256 2384 ούρανοῦ
1290 2313 1484 2376 κάλλος
1512 2316 1604 2366 καὶ
1629 2315 1793 2384 μέγε-

197 2408 296 2466 θος
313 2421 327 2434 ·
361 2404 529 2474 τριῶν
552 2405 796 2474 ἀπείρων
816 2405 1040 2476 ἄπειρον
1064 2405 1341 2474 συμφυΐαν
1359 2443 1373 2467 ,
1405 2404 1538 2457 Θεὸν
1562 2403 1790 2457 ἕκαστον

196 2497 326 2550 καθ’
366 2497 528 2550 ἑαυτὸ
565 2497 937 2568 θεωρούμενον
959 2535 973 2560 ,
1008 2497 1080 2562 ῶς
1129 2496 1346 2568 Πατέρα
1386 2498 1479 2550 καὶ
1513 2496 1640 2549 Υίὸν
1665 2535 1680 2558 ,
1714 2495 1791 2560 ὡς

196 2591 332 2644 Υίὸν
353 2592 446 2643 καὶ
468 2591 528 2643 τὸ
550 2590 702 2658 ἅγιον
731 2590 952 2661 Πνεῦμα
979 2591 1112 2661 (57),
1133 2589 1550 2660 φυλασσομένης
1574 2592 1790 2660 ἑκάστῳ

194 2684 298 2754 τῆς
325 2683 610 2754 ἰδιότητος.
646 2683 778 2735 θεὸν
819 2685 889 2737 τὰ
921 2683 1048 2753 τρία
1083 2685 1178 2736 σὺν
1221 2683 1471 2753 ἀλλήλοις
1500 2682 1786 2753 νοούμενα,

195 2779 379 2830 ἐκεῖνο
412 2776 503 2829 διὰ
531 2776 630 2847 τὴν
659 2775 1053 2846 ὁμοουσιότητα
1074 2815 1089 2840 ,
1119 2775 1280 2828 τοῦτο
1323 2775 1412 2828 διὰ
1451 2773 1548 2845 τὴν
1593 2791 1791 2844 μοναρ-

193 2864 346 2934 χίαν.
383 2865 457 2917 Ού
493 2865 680 2934 φθάνω
710 2864 772 2917 τὸ
812 2864 869 2916 ἒν
905 2865 1120 2934 νοῆσαι,
1163 2865 1257 2916 καὶ
1298 2867 1411 2927 τοῖς
1440 2865 1588 2935 τρισὶ
1638 2881 1789 2935 περι-

191 2955 487 3025 λάμπομαι
515 2973 529 2985 ·
579 2956 640 3008 ού
687 2955 875 3024 φθάνω
919 2955 988 3008 τὰ
1033 2956 1158 3026 τρία
1202 2955 1427 3018 διελεῖν,
1463 2956 1557 3008 καὶ
1595 2957 1675 3018 είς
1727 2955 1790 3007 τὸ

192 3047 256 3099 ἓν
292 3047 640 3117 ἀναφέρομαι
679 3047 815 3116 (58).
855 3046 1026 3098 Ὅταν
1077 3045 1135 3099 ἓν
1174 3061 1228 3099 τι
1274 3045 1382 3098 τῶν
1423 3046 1590 3117 τριῶν
1643 3063 1783 3114 φαν-
1811 3087 1857 3146 C

190 3137 405 3199 τασθῶ,
433 3138 592 3190 τοῦτο
617 3136 822 3207 νομίζω
852 3136 911 3188 τὸ
935 3137 1062 3200 πᾶν,
1093 3136 1186 3188 καὶ
1210 3135 1307 3206 τὴν
1336 3135 1459 3204 ὄψιν
1490 3135 1782 3206 πεπλήρω-

193 3247 327 3300 μαι,
365 3230 461 3281 καὶ
503 3230 564 3281 τὸ
614 3229 795 3282 πλεῖον
828 3230 1103 3298 διέφυγεν.
1137 3228 1250 3281 Οὐκ
1284 3227 1393 3297 ἔχω
1445 3227 1506 3278 τὸ
1554 3227 1779 3297 μέγεθος

190 3320 390 3372 τούτου
427 3320 777 3382 καταλαϐεῖν,
811 3320 897 3372 ἵνα
931 3319 1005 3372 δῶ
1035 3318 1094 3371 τὸ
1123 3319 1304 3370 πλεῖον
1341 3317 1418 3388 τῷ
1452 3317 1778 3389 λειπομένῳ.

193 3411 369 3466 Ὅταν
413 3413 483 3464 τὰ
522 3413 650 3482 τρία
693 3411 899 3464 συνέλω
931 3413 995 3482 τῇ
1033 3411 1267 3482 θεωρίᾳ,
1308 3410 1436 3480 μίαν
1481 3411 1590 3482 ὁρῶ
1637 3411 1780 3480 λαμ-

194 3504 342 3556 πάδα
361 3546 376 3570 ,
403 3505 503 3556 οὐκ
529 3504 667 3574 ἔχων
699 3503 893 3556 διελεῖν
931 3503 964 3573 ἢ
1004 3503 1273 3574 μετρῆσαι
1303 3502 1363 3554 τὸ
1395 3501 1510 3570 φῶς
1538 3499 1783 3574 ἐνιζόμεο

190 3613 305 3649 νον.

1908 499 2019 553 Cur
2052 502 2192 555 enim
2226 502 2327 555 alia
2370 498 2840 554 comtemnamus?
2876 497 3066 552 Verum
3099 515 3196 554 nos
3236 511 3377 556 totos
3401 502 3490 554 of.

1908 589 2169 644 feramus.
2199 591 2378 646 Simus
2405 591 2718 646 holocausta
2746 591 2952 644 ratione
2980 591 3223 659 prmdita,
3249 594 3482 646 victima:

1908 680 2199 747 perfectae;
2252 698 2351 736 nec
2401 682 2681 737 brachium
2734 682 2930 745 solum,
2981 690 3074 733 aut
3118 684 3488 748 pectusculmn

1907 773 2070 844 724
2105 775 2370 828 sacerdoti
2425 776 2818 840 attribuamus;
2874 774 3033 827 nimis
3075 774 3216 828 enim
3264 770 3486 844 parvuli:

1905 867 2006 919 hoc
2041 864 2243 933 fuerit;
2297 883 2479 920 verum
2514 882 2612 920 nos
2655 867 2800 936 ipsos
2853 875 2993 920 totos
3039 865 3146 920 Deo
3184 867 3234 919 in
3293 884 3486 921 munus

1903 953 2216 1021 offeramus,
2273 967 2328 1010 ut
2389 972 2486 1012 nos
2536 967 2673 1011 totos
2726 957 3084 1024 recipiamus;
3144 958 3483 1026 quandoqui-

1903 1047 2024 1100 dem
2061 1047 2163 1102 hoc
2192 1058 2275 1102 est
2303 1049 2460 1117 plane
2506 1049 2776 1117 accipere,
2801 1047 2909 1101 Deo
2954 1049 3208 1102 donatum
3251 1064 3395 1116 esse,
3431 1059 3484 1104 et

1901 1139 2054 1204 quasi
2104 1154 2214 1192 rem
2254 1155 2464 1193 sacram
2493 1140 2716 1193 salutem
2749 1148 2982 1191 nostram
3015 1138 3250 1206 operari.

1972 1228 2110 1283 XLI.
2145 1229 2347 1283 Przeter
2369 1232 2482 1284 haec
2507 1231 2710 1293 omnia,
2730 1229 2838 1282 imo
2865 1238 2989 1282 ante
3016 1229 3126 1281 haec
3153 1229 3352 1294 omnia,
3396 1229 3474 1282 bo

1901 1334 2026 1372 num
2047 1321 2349 1388 depositmn
2373 1321 2586 1375 custodi
2607 1322 2674 1384 ²²,
2696 1307 2780 1373 cui
2805 1319 2944 1382 vivo,
2970 1328 3022 1372 et
3046 1333 3144 1386 pro
3161 1334 3266 1387 quo
3292 1319 3480 1382 milito.

1899 1421 1954 1465 et
1974 1413 2111 1480 quod
2134 1415 2336 1476 utinam
2357 1429 2514 1468 meex
2542 1415 2643 1468 hac
2662 1414 2765 1466 vita
2781 1412 3144 1466 discedentem
3171 1415 3479 1478 comitetur,

1897 1520 2020 1559 cum
2053 1521 2160 1567 quo
2185 1513 2240 1560 et
2261 1521 2456 1560 omnes
2473 1507 2594 1559 vita
2617 1505 2888 1558 molestias
2907 1503 3135 1571 perfero.
3151 1514 3204 1558 et
3224 1504 3479 1571 jucundi-

1901 1603 2036 1648 tates
2059 1609 2248 1649 onmes
2275 1605 2561 1648 contemno
2589 1609 2652 1647 ac
2684 1609 2778 1662 pro
2809 1593 2971 1646 nihilo
2995 1593 3164 1656 duco;
3201 1591 3380 1656 ﬁdem,
3402 1591 3454 1644 iu

1897 1701 2079 1755 quam,
2103 1695 2155 1741 et
2181 1685 2576 1741 confessionem
2607 1686 2657 1738 in
2686 1685 2918 1749 Patrem,
2945 1694 2998 1738 et
3025 1683 3242 1748 Filium,
3280 1691 3334 1737 et
3360 1683 3478 1750 Spi-

1899 1779 2058 1832 ritum
2097 1789 2366 1832 sanctum.
2421 1777 2571 1832 Hanc
2597 1778 2689 1831 tibi
2730 1776 2989 1830 hodierno
3021 1775 3104 1828 die
3161 1774 3478 1840 committo;

1897 1885 2018 1924 cum
2046 1870 2148 1924 hac
2186 1880 2256 1936 te,
2293 1881 2348 1924 et
2381 1869 2615 1924 lustricis
2651 1870 2806 1938 aquis
2844 1869 3180 1937 immersam,
3207 1875 3262 1920 et
3298 1867 3348 1920 in
3400 1865 3476 1919 al-

1899 1972 2010 2016 tum
2037 1963 2344 2016 extraham.
2397 1961 2544 2015 Hanc
2575 1962 2668 2016 tibi
2715 1963 2779 2014 do
2805 1963 2967 2016 mlius
3007 1961 3128 2014 vitae
3155 1959 3380 2025 sociam,
3423 1967 3478 2012 et

1893 2063 2196 2122 patronam,
2229 2069 2388 2107 unam
2423 2053 2677 2107 deitatem
2701 2063 2755 2106 et
2787 2054 3102 2123 potentiam,
3151 2067 3268 2122 qua:
3307 2051 3359 2105 in
3388 2051 3456 2105 tri

1894 2145 1994 2199 bus
2019 2145 2346 2214 conjunctim
2379 2145 2672 2210 invenitur,
2705 2154 2760 2198 et
2818 2145 2917 2198 tria
2978 2144 3184 2198 divisim
3233 2157 3478 2211 comprea

1893 2234 2099 2298 hendit,
2136 2248 2236 2287 nec
2270 2233 2588 2286 substantiis
2637 2242 2730 2286 aut
2790 2233 2996 2286 naturis
3044 2230 3324 2300 inaequalis
3369 2241 3476 2296 est,

1893 2339 1993 2378 nec
2022 2323 2351 2393 praestantiis
2387 2334 2480 2377 aut
2528 2324 2979 2379 submissionibus
3004 2335 3230 2394 augetur
3265 2322 3347 2378 vel
3383 2323 3472 2376 mi-

1894 2415 2094 2478 nuitur,
2154 2414 2248 2468 sed
2305 2415 2666 2484 undequaque
2711 2414 2932 2483 azqualis
2967 2425 3069 2478 est,
3124 2414 3476 2482 nndequaque

1892 2503 2100 2566 eadem,
2133 2517 2239 2556 non
2272 2519 2430 2558 secus
2480 2519 2542 2557 ac
2579 2519 2682 2557 una
2723 2505 2844 2558 caeli
2880 2504 3222 2573 pulchritudo
3256 2511 3309 2556 et
3361 2518 3484 2561 mav.

1892 2595 2162 2664 gnitudo:
2223 2596 2385 2649 trium
2448 2595 2778 2650 inlinitorum
2831 2595 3094 2648 inﬁnitam
3149 2592 3474 2661 conjunctio-

1891 2701 2036 2749 nem,
2072 2685 2239 2738 Deum
2289 2699 2746 2754 unumquemque,
2772 2687 2814 2738 si
2848 2685 3136 2754 separatim
3174 2683 3472 2738 considet-e-

1893 2785 2000 2839 tur,
2027 2788 2083 2830 ut
2119 2777 2336 2831 Patrem
2377 2779 2456 2832 sic
2485 2777 2698 2840 Filium,
2725 2787 2784 2830 ut
2809 2777 2999 2830 Filium
3024 2778 3101 2830 sic
3123 2784 3176 2830 et
3208 2773 3472 2844 Spiritum

1890 2878 2161 2932 sanctum,
2209 2879 2422 2923 servata
2471 2885 2564 2923 sua
2616 2871 2812 2938 cuique
2867 2869 3195 2939 proprietate
3242 2885 3257 2922 :
3303 2867 3470 2920 Deum

1890 2975 2078 3015 rursus
2111 2961 2209 3014 tria
2247 2961 2382 3026 haec,
2416 2961 2462 3014 si
2496 2961 2652 3014 simul
2689 2964 3026 3031 cogitentur;
3059 2960 3208 3024 illud,
3244 2968 3466 3026 propter

1891 3052 2134 3104 eamdem
2163 3053 2456 3104 essentiam
2491 3068 2503 3103 :
2528 3050 2649 3114 hoc,
2669 3061 2885 3118 prepter
2909 3066 3070 3104 unum
3092 3049 3468 3118 principatum.

1889 3141 1989 3195 Vix
2013 3156 2175 3194 unum
2202 3141 2384 3194 animo
2410 3141 2650 3209 conca-pi.
2677 3157 2798 3194 cum
2832 3142 3014 3194 statim
3033 3141 3200 3194 tribus
3237 3141 3470 3192 circum-

1888 3231 2084 3301 fulgeo.
2108 3231 2203 3284 Vix
2219 3233 2321 3286 tria
2336 3233 2663 3302 distinguere
2681 3233 2897 3300 incipio,
2918 3247 3037 3285 cum
3056 3231 3121 3284 ad
3140 3213 3300 3283 unu'm
3317 3232 3469 3284 redu-

1889 3336 2000 3375 cor.
2019 3321 2073 3373 Si
2099 3335 2265 3374 unum
2293 3321 2579 3390 quodpiam
2600 3321 2760 3372 trium
2781 3330 3054 3389 appareat,
3075 3320 3126 3372 id
3146 3328 3314 3373 totum
3335 3319 3466 3372 mihi

1888 3425 2009 3465 esse
2032 3412 2264 3476 videtur,
2292 3422 2452 3478 atque
2494 3409 2780 3473 implentur
2801 3411 2964 3475 oculi,
2987 3409 3260 3478 majorque
3302 3410 3465 3464 etiam

1890 3519 2013 3574 pars
2029 3503 2305 3558 oculorum
2322 3501 2662 3576 aciemlugit.
2685 3501 2854 3570 Hujus
2875 3501 3296 3579 magnitudinem
3318 3514 3468 3554 com-

1890 3597 2224 3664 prehendere
2247 3611 2476 3666 nequeo,
2517 3607 2575 3648 ut
2600 3597 2672 3660 ei,
2708 3597 2850 3664 quod
2895 3591 3465 3684 reliquurn'eshtplus

196 3688 454 3740 tribuam.
491 3686 642 3754 Quod
667 3687 708 3740 si
774 3701 962 3739 rursus
994 3685 1093 3739 tria
1138 3684 1253 3740 haec
1297 3686 1459 3739 animi
1493 3686 1927 3742 considerattone
1992 3700 2336 3756 contraxcro,
2409 3703 2572 3742 unum
2625 3689 2968 3756 splendorem
3021 3702 3211 3753 cerno,
3280 3695 3465 3756 utpote

193 3782 285 3850 qui
338 3781 518 3834 lumen
593 3780 800 3833 unitum
855 3780 1187 3847 distinguere
1233 3787 1324 3832 aut
1387 3779 1623 3833 dimetiri
1695 3796 1978 3850 nequeam.

263 3873 399 3926 ΜΒ.
435 3872 577 3944 Φοϐῇ
623 3873 686 3925 σὺ
728 3873 1004 3943 γέννησιν,
1043 3873 1130 3925 ἴνα
1165 3873 1237 3941 μή
1284 3889 1338 3924 τι
1373 3871 1521 3944 πάθῃ
1552 3872 1706 3935 Θεὸς,
1746 3875 1774 3926 ὁ

1945 3875 2104 3930 XLII.
2136 3874 2272 3928 Num
2308 3884 2360 3928 tu
2399 3874 2799 3944 generationem
2833 3873 3050 3937 metuis,
3079 3887 3145 3925 ne
3185 3871 3312 3941 quid
3365 3886 3462 3939 pa-

196 3966 270 4036 μὴ
311 3965 567 4035 πάσχων;
606 3964 746 4032 Ἐγὼ
811 3963 1080 4033 φοϐοῦμαι
1135 3965 1234 4034 τὴν
1296 3965 1493 4028 κτίσιν,
1563 3963 1651 4017 ἴνα
1704 3964 1776 4036 μὴ

1903 3965 2040 4019 iatur
2070 3965 2228 4029 Deus,
2262 3966 2351 4034 qui
2391 3969 2457 4019 ab
2513 3965 2659 4018 omni
2706 3963 3048 4033 perpessione
3083 3961 3291 4016 alienus
3340 3961 3460 4015 est?

191 4057 328 4110 θεὸν
363 4055 612 4108 ἀπολέσω
634 4057 723 4108 διὰ
740 4055 838 4124 τῆς
888 4053 1098 4126 ὕϐρεως
1121 4095 1135 4116 ,
1161 4055 1256 4107 κα)¹
1304 4055 1404 4125 τῆς
1438 4054 1624 4108 ἀδίκου
1662 4056 1774 4126 (59)

1900 4059 1988 4126 Ego
2017 4069 2201 4113 contra
2233 4058 2563 4111 creationem
2594 4066 2798 4118 metuo,
2834 4069 2903 4109 ne
2945 4069 3040 4122 per
3078 4053 3456 4108 contumeliam

191 4147 541 4217 κατατομῆς,
602 4147 634 4218 ἢ
692 4146 783 4198 τὸν
853 4145 978 4198 Υἱὸν
1042 4147 1254 4215 τέμνων
1332 4146 1440 4198 ἀπὸ
1509 4145 1604 4198 τοῦ
1663 4146 1777 4198 Πα-

1900 4149 2195 4217 :tiniquam
2245 4147 2407 4219 725
2467 4146 2760 4202 sectionem
2804 4145 2940 4199 Deus
2980 4143 3110 4197 mihi
3160 4153 3363 4212 pereat,
3410 4143 3454 4196 si

191 4239 352 4309 τρὸς,
409 4239 442 4309 ἢ
488 4238 597 4290 ἀπὸ
657 4237 753 4289 τοῦ
806 4237 936 4288 Υίοῦ
977 4236 1074 4307 τὴν
1134 4236 1320 4290 οὐσίαν
1371 4236 1464 4289 τοῦ
1526 4236 1778 4306 Πνεῦμα-

1900 4241 1967 4296 rel
2000 4239 2193 4294 Filium
2222 4256 2248 4292 a
2287 4240 2466 4302 Patre,
2499 4237 2579 4291 vel
2617 4237 2849 4306 Spiritus
2907 4235 3202 4290 essentiam
3250 4250 3280 4287 a
3322 4234 3458 4288 Filio

191 4347 305 4393 τος.
365 4329 440 4381 Τὸ
483 4328 590 4398 γὰρ
645 4327 966 4399 παράδοξον,
1009 4328 1089 4380 ὅτι
1153 4327 1223 4398 μὴ
1287 4327 1465 4390 κτίσις
1515 4329 1777 4396 ἐπάγεται

1900 4333 2205 4387 listraxero.
2233 4329 2392 4392 Nam,
2425 4331 2566 4399 quod
2593 4330 2786 4382 mirum
2815 4337 2869 4382 ct
2896 4328 3186 4381 absurdum
3213 4336 3313 4391 est,
3349 4343 3453 4380 non

194 4421 359 4492 μόνον
395 4419 512 4490 Θεῷ
557 4420 710 4490 παρὰ
751 4422 863 4481 τοῖς
915 4417 1098 4480 κακῶς
1149 4417 1381 4488 θεότητα
1421 4417 1778 4472 ταλαντεύου-

1900 4423 2044 4474 nodo
2082 4430 2331 4474 creatura
2367 4419 2478 4472 Deo
2511 4417 2579 4471 ab
2607 4418 2672 4471 iis
2725 4417 3018 4478 inducitur,
3060 4415 3150 4484 qui
3197 4415 3452 4469 deitatem

189 4527 298 4575 σιν,
331 4510 469 4566 ἀλλὰ
493 4511 589 4563 καὶ
618 4510 758 4581 αὑτὴ
793 4510 956 4563 πάλιν
985 4512 1018 4580 ἡ
1055 4510 1236 4575 κτίσις
1262 4513 1342 4573 είς
1365 4510 1562 4582 ἑαυτὴν
1586 4511 1778 4581 τέμνε-

1900 4510 2023 4565 nale
2069 4511 2351 4563 trutinam.
2407 4523 2592 4562 verum
2641 4507 2755 4575 ipsa
2820 4520 3032 4577 quoque
3089 4515 3336 4560 creatura
3400 4505 3452 4557 in

267 4668 314 4698 ¹²
347 4664 393 4720 ll
426 4662 568 4718 Tim.
624 4681 662 4730 1,
697 4663 788 4718 Η.

1949 4781 2450 4855 (“river-audcior.
2492 4780 2756 4855 7Sie7tres
2807 4780 3229 4855 Regg.,77plures
3273 4783 3448 4851 Colh.,

1875 4849 2125 4915 Coisl.72,
2156 4864 2259 4907 etc.
2297 4853 2465 4904 Prave
2490 4854 2538 4904 in
2565 4853 2648 4904 ed.
2690 4852 2836 4913 Pan,
2864 4849 3131 4915 συναύξω.

1947 4924 2058 4995 (55)
2096 4923 2447 4995 Προστάτιν.
2477 4922 2568 4995 (_)r.
2608 4922 3024 4995 l,_1tpoctd_ttqv.

1947 4990 2057 5067 (56)
2099 4995 2249 5067 om
2277 4990 2638 5067 αὐξομένην.
2673 4990 2856 5045 Plures
2890 4993 3053 5059 ltegg.
3076 5001 3129 5044 et
3152 4990 3324 5056 Colh.,
3359 4993 3448 5046 οὖ-

1871 5082 1930 5117 τε
1958 5063 2020 5118 ’δὲ
2052 5063 2441 5132 αρξανομένην.
2527 5131 2538 5132 7
2696 5130 2713 5132 7
2771 5131 2777 5132 7
2966 5130 2991 5132 ,ί
3224 5130 3232 5132 _
3314 5070 3318 5074 ’

1941 5133 2165 5256 (ὅρᾶτὸ
2199 5130 2654 5202 ἅγιονΠν-εῦμα.
2683 5130 2927 5200 Quinque
2961 5130 3154 5201 Regg.,
3187 5130 3248 5184 τὸ
3276 5133 3446 5185 Πνεῦ-

1941 5222 1947 5256 ι
1978 5222 2008 5256 τ
2104 5219 2241 5256 γιον.

1913 5222 1947 5257 α
1978 5220 2038 5256 το
2067 5220 2241 5257 αγιον.

1872 5222 1947 5276 μα
1978 5219 2038 5256 το
2067 5219 2241 5269 αγιον.

1939 5273 2052 5344 (58)
2090 5275 2209 5344 Et;
2247 5270 2313 5344 τὸ
2475 5269 2862 5344 ἀναφέρομαι.
2915 5270 3032 5325 Bill.
3080 5288 3099 5320 ι
3127 5270 3208 5344 7ad
3273 5286 3437 5324 unum

1866 5339 2049 5398 Statim
2075 5343 2322 5396 sublimis
2359 5342 2522 5394 l’eror.
2567 5359 2586 5392 ι
2621 5339 2768 5393 Hauc
2807 5341 3300 5408 interpretationem
3354 5357 3439 5394 re-

1865 5413 2162 5481 spuendam
2194 5421 2463 5480 putamus,
2495 5410 2618 5476 quia
2653 5408 2906 5479 supponit
2937 5427 2954 5461 ι
2987 5423 3150 5462 unum
3191 5426 3212 5460 ι
3246 5409 3299 5462 in
3329 5409 3438 5464 Deo

1866 5499 1985 5538 esse
2035 5501 2052 5533 ι
2098 5481 2238 5534 trino
2277 5500 2296 5530 ι
2333 5481 2630 5534 sublimius.

1897 5552 2048 5633 _(579)
2087 5551 2195 5633 Ιςαί
2230 5549 2341 5619 τῆς
2379 5550 2613 5605 ἀδίκου.
2649 5548 2741 5605 Sic
2767 5563 2860 5605 sex
2907 5549 3096 5620 Regg.,
3129 5557 3234 5603 etc.
3274 5549 3440 5604 Deest

1861 5623 1963 5693 τῆς
1994 5625 2048 5679 in
2071 5623 2157 5678 ed.

263 4801 378 4872 (29)
428 4799 768 4866 Ἀφαιζρεμα.
832 4796 1016 4872 Schol.

186 4867 324 4934 νων,
361 4867 382 4921 ι
422 4885 641 4932 munus,
676 4888 695 4920 ι
722 4881 817 4920 seu
855 4883 874 4916 ι
905 4867 1125 4932 donum,
1159 4868 1300 4935 quod
1325 4867 1432 4922 Deo
1456 4883 1518 4922 ve

189 4944 372 4997 datur.
402 4958 420 4990 ι

261 5009 374 5080 (30)
412 5007 730 5080 Ποιὼμεθιε.
761 5004 1300 5080 Βεβοηποιησιὶὶμεθα.

261 5073 821 5150 (51)*1εροὺργῆσαι
865 5074 980 5150 τὴν
1017 5073 1186 5143 ἡμῶν
1213 5075 1412 5129 αὐτῶν
1442 5078 1763 5150 σωτηρίαν,

194 5169 214 5201 ι
248 5145 402 5215 quasi
465 5145 578 5202 rem
627 5145 837 5201 situram
896 5145 1124 5198 salutem
1183 5158 1419 5199 nostram
1475 5149 1704 5215 operari.
1742 5165 1759 5196 ι

188 5219 411 5284 Paulus,
431 5217 586 5270 Rom.
614 5232 706 5281 xv,
731 5216 1001 5286 56,77habet
1032 5215 1415 5286 ίερουργοῦντα
1440 5217 1500 5269 τὸ
1523 5215 1764 5285 Εὐαγγέ-

187 5288 324 5352 λιον,
366 5305 384 5338 ι
424 5287 767 5342 sanctiﬁcans
815 5284 1198 5356 Evangelinmj
1241 5303 1260 5336 ι
1301 5287 1353 5339 id
1391 5297 1492 5351 est,
1536 5305 1561 5356 7c
1607 5284 1764 5356 quasi

187 5374 303 5412 rem
363 5372 571 5410 sacram
633 5354 1004 5425 Evangeliutn
1035 5361 1388 5422 pertractans.
1446 5376 1464 5408 ι
1531 5354 1761 5412 Billius:

190 5428 407 5547 «beiqlue
464 5429 689 5480 salutem
726 5423 878 5483 suam
924 5423 1070 5478 velut
1117 5425 1441 5480 sacriﬁcium
1495 5429 1760 5496 quoddam

190 5515 220 5547 ι)
261 5507 465 5547 1111888.
501 5515 519 5547 1

185 5497 465 5552 obtulisse.
501 5515 519 5548 ι

261 5565 373 5634 (32)
413 5559 497 5636 τῌ
531 5563 624 5630 ζῶ,
659 5572 765 5619 etc.
806 5561 992 5618 Billius
1025 5575 1039 5612 :
1071 5573 1091 5606 ι
1130 5560 1216 5614 cui
1264 5565 1388 5618 vivo
1441 5573 1496 5618 et
1543 5579 1764 5621 munere

187 5650 311 5690 meo
336 5636 550 5704 iungor.
599 5653 618 5687 ι

261 5703 377 5774 (35)
417 5701 635 5763 ’Ἀρ-ιον.
664 5704 823 5762 Deest
849 5705 903 5762 in
926 5705 1220 5764 nonnullis.
1261 5701 1318 5758 In
1349 5703 1489 5772 aliis,
1522 5704 1649 5758 πᾶν.

1095 4795 1394 4868 Ἀνάθημα,
1442 4796 1633 4921 δῶρον,
1682 4796 1767 4864 ξέ-

1095 4884 1125 4921 ι.
1159 4868 1300 4921 auod
1325 4867 1432 4921 Deo
1456 4883 1518 4921 ve
1570 4867 1767 4921 hosuiti

1570 4867 1768 4938 hospiti
