3902 6218
411 255 516 312 M9

1617 251 1675 306 S.
1716 250 2038 307 GREGORII
2084 252 2427 310 TllEOLOGl

3470 274 3475 281 ‘
3558 257 3668 310 420

413 369 642 437 seipsam
669 356 863 419 it'erum
893 369 1129 419 secatur.
1157 360 1621 429 Quemadmodum
1644 361 1786 415 enim
1815 360 1984 421 humi-

2092 379 2200 416 ται.
2247 364 2455 436 ’Ὠσπερ
2492 361 2588 416 τοῦ
2637 363 2849 432 Πατρὺς
2888 364 3273 418 ὑποστέλλεται
3316 366 3347 418 6
3388 366 3511 431 Υἱὸς
3553 370 3667 439 (40)

408 458 489 513 les
528 467 584 512 et
622 456 817 526 abjecti
854 453 1104 509 homines
1147 452 1342 508 Filium
1373 468 1404 506 a
1459 452 1621 508 Patre
1673 451 1981 523 seiungunt,

406 558 573 619 atque
608 546 851 601 inferiori
885 545 1006 599 loco
1041 551 1280 614 ponunt;
1324 544 1405 599 sic
1430 542 1693 611 Spiritum
1732 558 1923 600 rursus
1953 558 1984 597 a

414 640 554 694 Filio
587 647 865 709 separant,
907 636 1328 708 interioremque
1359 636 1605 693 faciunt:
1653 637 1724 690 ita
1762 650 1843 702 ut,
1890 652 1991 707 per

409 744 605 785 novam
631 730 767 783 hanc
796 728 1140 797 theologiam,
1182 737 1237 783 et
1276 727 1409 794 Deo,
1460 737 1514 782 et
1543 737 1826 793 creaturae,
1855 741 1989 781 con-

408 821 626 877 tumelia
656 819 901 875 infertur.
939 818 1159 883 Nihil,o
1187 818 1313 882 viri,
1356 819 1408 872 in
1448 818 1715 872 Trinitate
1767 832 1984 872 servum

406 922 508 979 est,
544 927 642 966 nec
676 922 941 972 creatum,
975 925 1075 964 nec
1109 909 1482 974 adventitium,
1518 917 1577 963 ut
1612 924 1676 962 ex
1705 907 1983 977 cujusdam

407 1002 550 1056 docti
586 1001 687 1055 viri
716 1016 968 1055 sermone
996 1000 1200 1068 accepi.
1249 997 1307 1053 Si
1342 999 1511 1054 adhuc
1551 996 1847 1050 hominibus
1870 996 1987 1064 pla-

407 1108 598 1155 cerem,
629 1090 825 1147 Christi
855 1108 1032 1145 servus
1065 1106 1168 1146 non
1195 1107 1375 1150 essem.
1405 1091 1578 1157 inquit
1605 1089 1819 1142 divinus
1850 1088 1987 1155 Apo-

406 1185 576 1240 stolus
612 1186 679 1239 ¹³.
710 1185 769 1240 Si
812 1184 989 1239 adhuc
1017 1193 1257 1238 creatum
1289 1182 1513 1251 aliquidv
1537 1182 1841 1247 adorarcm,
1892 1187 1986 1233 aut

407 1277 459 1331 iu
495 1277 569 1330 rei
597 1284 793 1331 creatae
823 1274 1039 1329 nomine
1088 1274 1415 1344 haptizarer,
1444 1274 1777 1329 divinitatem
1825 1271 1985 1326 mini-

404 1383 492 1423 me
547 1380 950 1436 consequerer,
1012 1379 1111 1419 nec
1160 1366 1387 1435 primam
1452 1364 1878 1434 procreationem
1930 1363 1981 1415 iu

403 1458 596 1513 melius
624 1458 987 1511 immutarem.
1029 1456 1167 1521 Quid
1211 1454 1277 1510 ad
1309 1470 1403 1511 eos
1431 1455 1630 1521 dicam,
1667 1455 1756 1523 qui
1791 1454 1982 1509 Astar-

404 1557 510 1602 tem
539 1549 786 1614 adorant,
824 1557 921 1600 aut
948 1545 1206 1612 Chamos,
1249 1544 1595 1599 Sidoniorum
1629 1543 1848 1608 idolum,
1892 1553 1986 1596 aut

402 1639 596 1693 sideris
646 1640 899 1704 formam,
944 1639 1039 1692 Dei
1089 1636 1307 1708 quidem
1350 1636 1508 1705 paulo
1558 1636 1801 1706 majoris,
1843 1636 1983 1706 apud

2090 457 2202 517 τοῖς
2229 456 2505 518 ταπεινοῖς
2536 455 2632 507 καὶ
2674 453 2823 507 κάτω
2851 455 3147 524 κειμένοις,
3191 455 3365 518 οὓτως
3402 458 3669 511 ὑποστελ-

2090 542 2329 613 λομένης
2382 543 2544 597 πάλιν
2602 543 2697 597 καὶ
2746 543 2854 597 ἀπὸ
2903 543 2997 597 τοῦ
3041 545 3174 599 Υἱοῦ
3224 546 3326 616 τῆς
3364 547 3521 611 ἀξίας
3570 547 3667 603 τοῦ

2093 634 2546 705 Πνεύματος·ὼς
2586 635 2653 690 ἂν
2687 637 2779 690 καὶ
2823 635 2974 701 Θεὸς,
3029 637 3122 690 καὶ
3163 637 3341 701 κτίσις
3373 637 3667 710 ὑϐρίζηται

2088 728 2155 796 τῇ
2189 729 2349 796 καινῇ
2381 723 2493 795 (41)
2540 726 2710 797 ταύτῃ
2760 725 3027 798 θεολογία.
3072 727 3238 780 Οὐδὲν
3274 728 3376 798 τῆς
3413 730 3665 801 Τριάδος,

2089 810 2135 869 ὦ
2166 810 2341 881 οῦτοι,
2374 815 2581 882 δοῦλον,
2610 815 2734 869 οὐδὲ
2766 816 2877 887 (42)
2903 817 3140 883 κτιστὸν,
3167 818 3289 871 οὐδὲ
3318 820 3666 885 Emittam-0v,
3738 876 3748 888 ,

2089 906 2300 977 ἥκουσα
2333 905 2442 978 (45)
2471 903 2580 959 τῶν
2626 905 2805 974 σοφῶν
2838 922 2983 969 τινος
3014 905 3284 974 λέγοντος.
3319 910 3391 962 El
3417 910 3508 962 ἔτι
3551 909 3669 980 (44)

2089 998 2420 1066 ἀνθρώποις
2482 998 2770 1067 ἤρεσκον,
2823 1000 3081 1068 Χριστοῦ
3137 999 3358 1065 δοῦλος
3421 1003 3532 1055 οὐκ
3589 999 3670 1055 ἂν

2089 1088 2288 1158 ἤμην,
2331 1089 2495 1160 φησὶν
2537 1088 2566 1140 6
2616 1088 2760 1150 θεῖος
2812 1089 3130 1151 ἀπόστολος.
3179 1088 3242 1140 EI
3290 1088 3370 1141 ἔτι
3402 1089 3667 1159 κτίσματι

2089 1180 2497 1251 προσεκύνουν,
2544 1179 2578 1250 ἢ
2629 1182 2709 1243 εἰς
2753 1179 2959 1250 κτίσμα
3004 1178 3405 1250 ὲὸαπτιζόμην,
3451 1180 3551 1233 οὐκ
3597 1179 3669 1233 ἂν

2089 1272 2378 1343 ὲθεούμην,
2411 1272 2532 1326 οὐδὲ
2560 1273 2656 1343 τὴν
2697 1271 2918 1342 πρώτην
2951 1272 3352 1342 μετεποιούμην
3386 1271 3662 1341 γέννησιν.

2090 1363 2155 1417 Τί
2202 1364 2360 1432 φήσω
2401 1362 2536 1433 πρὸς
2567 1364 2694 1425 τοὺς
2725 1364 2825 1433 τὴν
2869 1363 3168 1435 ’Λστάρτην
3199 1363 3665 1431 προσκυνοῦντας,

2089 1455 2122 1526 ἢ
2160 1456 2222 1508 τὸ
2261 1454 2467 1527 Χαμὼς
2502 1456 2773 1527 βδέλυγμα
2802 1456 3101 1520 Σιδωνίων,
3143 1456 3177 1527 ἢ
3218 1456 3312 1509 τοῦ
3342 1457 3541 1527 ἄστρου
3572 1455 3666 1509 τὸν

2087 1546 2288 1613 τύπον,
2313 1547 2407 1600 τοῦ
2440 1547 2635 1619 μικρὸν
2673 1548 2813 1618 ὑπὲρ
2851 1545 3025 1600 ταῦτα
3065 1545 3201 1599 Θεοῦ
3237 1549 3349 1610 τοῖς
3381 1545 3667 1600 εἰδωλολά-

2088 1656 2267 1711 τραις,
2308 1637 2445 1710 πλὴν
2471 1639 2772 1708 κτίσματος
2807 1641 2899 1692 κα).
2929 1639 3265 1708 ποιήματοςο
3300 1638 3483 1703 αὐτὸς,
3522 1637 3556 1708 ἢ
3588 1637 3695 1710 μὴν

405 1732 711 1787 idololatras
753 1732 890 1797 illos,
932 1731 1030 1787 sed
1066 1740 1245 1786 tamen
1284 1731 1410 1784 facti
1440 1740 1600 1799 atque
1634 1731 1819 1797 creati,
1861 1745 1982 1786 cum

2092 1730 2411 1802 προσκυνῶν
2432 1730 2500 1783 τὰ
2519 1730 2632 1797 δύο,
2661 1732 2741 1795 εἰς
2768 1730 2805 1784 ἃ
2835 1730 3340 1802 συμϐεὸάπτισμαι,
3366 1730 3399 1802 ἢ
3424 1747 3669 1800 προσκυ-

404 1824 541 1890 ipse,
572 1831 665 1877 aut
698 1823 795 1876 hos
836 1824 989 1889 duos,
1047 1822 1103 1876 in
1134 1836 1364 1890 quorum
1420 1821 1635 1875 nomine
1681 1820 1986 1888 baptizatus

406 1931 555 1981 sum,
586 1930 692 1971 non
718 1916 960 1982 adorem,
990 1924 1081 1969 aut
1106 1929 1399 1970 conservos
1421 1914 1682 1969 adorem?
1728 1914 1984 1971 Conservi

405 2008 552 2061 enim
605 2007 790 2076 utique
839 2016 1021 2072 erunt,
1079 2015 1351 2076 utcunque
1398 2006 1553 2061 nobis
1598 2005 1986 2076 aliquantulum

404 2097 607 2152 honore
658 2106 952 2168 praestent;
1000 2097 1434 2166 quandoquidem
1492 2096 1637 2151 inter
1697 2111 1987 2153 conservos

403 2203 619 2259 quoque
658 2189 946 2243 discrimen
979 2198 1033 2244 et
1060 2189 1372 2258 praestantia
1404 2190 1689 2258 reperitur.

481 2282 659 2338 XLIII.
703 2281 873 2353 Cupio
905 2281 1118 2337 Patrem
1161 2283 1420 2354 majorem
1453 2284 1655 2350 dicere,
1684 2298 1751 2339 ex
1790 2299 1898 2355 quo
1933 2285 1987 2338 id

405 2375 641 2444 aequales
679 2375 898 2440 habent,
942 2374 1086 2444 quod
1125 2375 1360 2444 mquales
1389 2387 1538 2443 sunt,
1577 2389 1631 2430 et
1660 2377 1804 2446 quod
1838 2386 1982 2431 sunt.

403 2469 520 2524 lloc
549 2469 691 2523 enim
745 2467 813 2522 ab
869 2468 1120 2523 omnibus
1168 2469 1301 2522 mihi
1355 2469 1701 2525 concedetur.
1753 2468 1983 2533 Verum,

404 2560 733 2630 principium
788 2574 1002 2626 vereor,
1056 2576 1124 2614 ne
1164 2560 1433 2615 minorum
1481 2561 1805 2631 principium
1856 2561 1985 2615 illud

403 2652 621 2717 faciam,
657 2666 724 2708 ac
760 2667 856 2722 per
893 2652 1199 2723 hujusmodi
1241 2652 1611 2723 praelationem
1661 2652 1985 2708 contumelia

402 2743 652 2800 aciam.
690 2742 876 2815 Neque
916 2747 1060 2800 enim
1094 2743 1243 2800 Patri
1282 2746 1452 2816 gloria
1484 2754 1587 2810 est,
1623 2742 1833 2808 eorum,
1862 2759 1983 2812 qua

403 2850 470 2891 ex
496 2836 613 2907 ipso
648 2846 797 2901 sunt,
833 2837 1126 2906 depressio.
1182 2836 1260 2891 Ac
1301 2848 1560 2906 praeterea
1607 2836 1983 2906 inexplebilem

407 2936 554 2979 tuam
591 2925 905 2980 aviditatem
941 2936 1247 2995 suspeCIam
1292 2926 1483 2989 habeo,
1523 2939 1610 2990 ne,
1643 2938 1856 2996 arrepta
1886 2927 1986 2982 hac

2085 1823 2191 1876 νῶν
2218 1822 2288 1875 τὰ
2324 1823 2588 1894 ὁμόδουλα
2641 1823 2787 1894 (45);
2831 1822 3128 1895 Ὀμόδουλα
3163 1823 3302 1894 γὰρ,
3343 1825 3438 1877 καὶ
3480 1825 3531 1877 εί
3577 1840 3671 1894 μι-

2085 1914 2215 1983 κρὸν
2237 1914 2535 1986 τιμιώτερα
2555 1932 2568 1946 ο
2599 1916 2722 1968 ἐπεὶ
2748 1915 2844 1969 καὶ
2870 1917 2930 1970 ὲν
2958 1916 3269 1987 ὁμοδούλοις
3297 1918 3414 1970 ἐστί
3435 1934 3520 1981 τις
3547 1917 3670 1971 δια-

2085 2006 2226 2078 φορὰ
2262 2009 2358 2060 καὶ
2386 2008 2731 2082 προτιμησις.

2154 2286 2286 2339 MI".
2322 2284 2472 2338 Θέλω
2503 2286 2592 2340 τὸν
2634 2285 2854 2357 Πατέρα
2895 2287 3068 2357 μείζω
3103 2287 3213 2357 (46)
3262 2288 3458 2348 εἰπεῖν,
3501 2285 3559 2353 ἐξ
3601 2279 3665 2340 οὗ

2087 2373 2183 2427 κα).
2220 2374 2280 2427 τὸ
2312 2375 2447 2439 ἴσοις
2479 2374 2593 2445 (47)
2624 2372 2784 2440 εἶναι,
2814 2379 2923 2440 τοῖς
2956 2376 3091 2441 ἴσοις
3122 2377 3260 2443 ἐστὶ,
3294 2376 3467 2430 καὶτὸ
3496 2372 3661 2432 εἶναι.

2086 2464 2256 2519 Τοῦτο
2287 2465 2395 2537 γὰρ
2424 2465 2575 2539 παρὰ
2602 2466 2822 2520 πάντων
2847 2467 3151 2539 δοθήσεται.
3186 2468 3295 2521 Καὶ
3323 2468 3537 2522 δέδοικα
3561 2470 3663 2540 τὴν

2086 2559 2281 2631 ἀρχὴν,
2320 2560 2395 2630 μὴ
2422 2558 2721 2613 ἐλαττόνων
2753 2560 2924 2631 ἀρχὴν
2947 2561 3155 2631 ποιήσω
3174 2599 3189 2621 ,
3220 2561 3316 2613 καὶ
3347 2560 3666 2631 καθυϐρίσω

2085 2651 2174 2704 διὰ
2197 2651 2297 2721 τῆς
2328 2653 2707 2722 προτιμήσεως
2731 2667 2743 2681 ·
2780 2652 2839 2703 οὐ
2871 2650 2979 2721 γὰρ
3010 2648 3136 2715 δόξα
3177 2650 3253 2722 τῷ
3295 2650 3356 2715 ἐξ
3385 2647 3444 2704 οὗ
3488 2653 3522 2723 ἡ
3553 2652 3665 2704 τῶν

2085 2739 2147 2806 ἐξ
2172 2740 2337 2794 αὑτοῦ
2363 2741 2707 2804 ταπείνωσις.
2739 2743 2884 2813 Πρὸς
2908 2742 2963 2794 δὲ
2997 2742 3092 2796 κα),
3124 2741 3408 2813 ὐφορῶμαι
3437 2743 3536 2813 τὴν
3564 2743 3667 2813 σὴν

2085 2829 2389 2902 ἀπληστίαν
2430 2831 2540 2904 (48)
2561 2872 2576 2897 ,
2637 2833 2710 2905 μὴ
2750 2833 2811 2885 τὸ
2854 2832 3056 2903 μεῖζον
3081 2831 3260 2886 λαϐὼν
3304 2833 3667 2905 διχοτομήσῃς

2084 2923 2183 2994 τὴν
2210 2924 2370 2992 φύσιν
2387 2964 2403 2990 ,
2430 2925 2571 2978 κατὰ
2597 2926 2774 2978 πάντα
2794 2925 2874 2995 τῷ
2902 2923 3107 2995 μείζονι
3133 2922 3433 2995 χρώμενος.
3458 2924 3534 2977 Οὐ
3554 2925 3668 2995 γὰρ

403 3029 554 3081 voce,
584 3015 791 3084 major,
837 3024 1086 3069 naturam
1141 3028 1329 3080 seces,
1370 3025 1535 3083 atque
1578 3015 1677 3068 hac
1719 3029 1850 3069 voce
1911 3017 1976 3069 ad

2092 3017 2230 3071 κατὰ
2251 3017 2347 3088 τὴν
2369 3016 2530 3086 φύσιν
2560 3017 2622 3070 τὸ
2644 3016 2863 3087 μεῖζον,
2896 3017 2993 3088 τὴν
3027 3016 3204 3070 αἰτίαν
3235 3016 3313 3071 δέ.
3352 3016 3517 3069 Οὐδὲν
3555 3017 3666 3088 γὰρ

402 3108 582 3162 omnia
616 3107 881 3163 abutaris.
930 3106 1049 3162 Non
1105 3106 1252 3161 enim
1308 3107 1424 3161 hare
1453 3106 1644 3173 dictio,
1689 3106 1882 3176 major,
1912 3108 1980 3161 ad

403 3208 689 3265 naturam,
752 3200 848 3254 sed
909 3200 978 3253 ad
1029 3213 1249 3254 causam
1304 3197 1590 3252 referenda
1648 3206 1749 3252 est.
1803 3197 1987 3267 Neque

402 3289 547 3343 enim
577 3287 871 3359 quidquam
910 3303 1122 3356 eorum,
1152 3301 1272 3357 quae
1326 3286 1572 3340 eamdem
1622 3286 1986 3341 substantiam

404 3380 626 3445 habent,
682 3380 983 3434 substantia
1053 3377 1228 3447 majus
1278 3388 1371 3432 aut
1422 3377 1600 3432 minus
1655 3386 1759 3432 est.
1812 3376 1987 3446 Cupio

404 3471 623 3531 Filium,
650 3479 710 3525 ut
743 3470 958 3534 Filium,
985 3469 1211 3539 Spiritui
1248 3467 1556 3535 anteferre;
1591 3468 1687 3523 sed
1718 3467 1848 3521 mihi
1885 3469 1987 3522 hoc

410 3575 515 3614 non
548 3560 815 3630 permittit
847 3560 1171 3630 baptismus,
1205 3573 1300 3629 per
1326 3557 1590 3626 Spiritum
1623 3567 1869 3612 sanctum
1901 3572 1988 3612 me

404 3649 714 3720 perficieus.
741 3648 813 3702 At
836 3649 980 3702 enim
1005 3648 1231 3711 vereris,
1266 3662 1333 3703 ne
1364 3646 1458 3701 tibi
1497 3645 1750 3700 Tritheia:
1780 3645 1984 3699 crimen

405 3738 774 3808 impingatur?
816 3737 965 3793 Habe
1004 3747 1058 3791 tu
1089 3738 1181 3793 tibi
1215 3739 1317 3792 hoc
1346 3737 1567 3800 bonum,
1614 3738 1774 3806 hanc,
1823 3735 1988 3806 726

410 3830 655 3900 inquam,
695 3829 747 3884 in
785 3831 957 3885 tribus
982 3828 1456 3899 conjunctionem;
1502 3840 1775 3884 certamen
1809 3834 1876 3882 ad
1901 3844 1988 3884 me

407 3922 736 3979 transmitte.
774 3921 904 3978 Sine
958 3938 1046 3978 me
1101 3923 1256 3978 navis
1292 3931 1689 3978 exstructorem
1743 3936 1886 3987 esse,
1928 3931 1985 3975 tu

407 4028 545 4069 nave
570 4023 742 4070 utere.
776 4014 931 4082 Quod
965 4014 1009 4069 si
1043 4013 1181 4069 alius
1211 4024 1295 4069 est
1351 4014 1504 4070 navis
1534 4024 1859 4079 exstructor,
1890 4015 1987 4070 do-

410 4120 533 4161 mus
566 4106 924 4161 architectum
954 4120 1041 4161 me
1073 4106 1290 4173 aCClpe;
1342 4115 1395 4160 tu
1431 4107 1614 4160 animo
1647 4107 1850 4173 habita,
1882 4107 1982 4162 etsi

407 4198 539 4254 nihil
581 4198 788 4255 laboris
822 4197 1132 4253 exautlasti.
1176 4195 1296 4252 Non
1323 4198 1504 4252 minus
1543 4212 1797 4266 prospere
1842 4199 1987 4252 navi-

411 4289 582 4359 gabis,
613 4300 706 4343 aut
728 4290 942 4343 domum
977 4288 1264 4353 habitabis,
1298 4303 1459 4357 quam
1489 4302 1609 4355 ego,
1641 4287 1730 4356 qui
1758 4288 1872 4342 haec
1907 4288 1986 4341 I‘a-

2089 3109 2195 3161 τῶν
2224 3108 2521 3179 ὁμοουσίων
2547 3112 2614 3181 τῇ
2647 3109 2803 3178 οὐσίᾳ
2840 3109 3024 3179 μεῖζον
3051 3108 3084 3175 ἦ
3118 3108 3358 3163 ἔλαττον.
3390 3107 3543 3160 Θέλω
3572 3108 3668 3161 τὸν

2087 3200 2217 3253 Υἰὸν
2269 3199 2604 3272 προτιμῆσαι
2636 3200 2729 3254 τοῦ
2772 3198 3118 3270 Πνεύματος,
3151 3199 3227 3261 ὡς
3265 3199 3423 3252 Υἱόνο
3463 3200 3560 3252 καὶ
3602 3201 3668 3252 οὐ

2089 3294 2361 3363 συγχωρεῖ
2407 3291 2519 3363 (49)
2570 3292 2632 3344 τὸ
2684 3291 2966 3362 βάπτισμα
3018 3288 3257 3344 τελειοῦν
3309 3306 3377 3361 με
3428 3291 3519 3344 διὰ
3568 3290 3668 3345 τοῦ

2087 3382 2425 3453 Πνεύματος.
2478 3382 2639 3436 Ἀλλὰ
2664 3383 2928 3449 δέδοικας,
2963 3383 3037 3454 μὴ
3067 3382 3309 3455 τριθεῖαν
3328 3382 3664 3454 ὀνειδισθῇς;

2092 3478 2223 3548 Ἔχε
2249 3481 2314 3531 σὺ
2348 3479 2409 3531 τὸ
2436 3476 2657 3546 ἀγαθὸν,
2698 3477 2795 3549 τὴν
2830 3480 2887 3530 ἐν
2921 3480 3036 3541 τοῖς
3064 3480 3240 3550 τρισὶν
3274 3478 3466 3531 ἕνωσιν
3488 3492 3504 3506 °
3540 3477 3670 3548 ἐμοὶ

2086 3569 2185 3640 τὴν
2218 3568 2395 3640 μάχην
2424 3568 2812 3640 παράπεμψον.
2849 3568 3048 3623 Ἔασόν
3082 3585 3148 3639 με
3177 3567 3459 3639 ναυπηγὸν
3499 3563 3683 3632 εἷναι,.

2090 3663 2154 3715 σὺ
2215 3661 2328 3734 χρῶ
2388 3664 2453 3732 τῇ
2487 3662 2597 3732 νηί.
2663 3661 2775 3714 Καὶ
2831 3661 2880 3713 εἰ
2912 3661 3195 3730 ναυπηγός
3230 3662 3377 3713 ἐστιν
3436 3660 3665 3730 ἕτερος,

2088 3754 2188 3824 ἐμὲ
2218 3753 2349 3807 λάϐε
2394 3754 2495 3824 τῆς
2534 3755 2711 3817 οἰκίας
2757 3752 3140 3825 ἀρχιτέκτονα·
3182 3753 3247 3805 σὺ
3282 3751 3484 3822 ταύτην
3524 3752 3667 3804 οῐκει

2090 3844 2230 3916 μετὰ
2264 3844 2371 3917 (50)
2409 3845 2728 3913 ἀσφαλείας,
2763 3847 2857 3899 καὶ
2902 3848 2950 3899 εί
2998 3845 3164 3917 μηδὲν
3190 3844 3520 3915 ἐμόχθησας.
3549 3844 3667 3912 Οὐχ

2084 3931 2245 4007 ἧττον
2286 3935 2637 4006 εὐπλοήσεις,
2666 3937 2698 4007 ἦ
2736 3937 2979 4008 οἰκήσεις
3015 3935 3112 4008 τὴν
3138 3936 3347 4001 οἰκίαν,
3379 3933 3515 4005 ἐμοῦ
3565 3933 3663 3987 τοῦ

2084 4026 2259 4081 ταῦτα
2291 4028 2829 4097 κατασκευάσαντος,
2877 4031 2925 4083 εί
2971 4030 3066 4083 καὶ
3112 4028 3278 4100 μηδὲν
3315 4028 3442 4099 περ).
3486 4027 3664 4082 ταῦτα

2087 4119 2545 4192 πεφιλοπόνηκας.
2594 4121 2757 4192 Ὁρᾷς
2789 4120 2887 4192 τὴν
2918 4121 3338 4193 εὐγνωμοσύνην
3365 4122 3498 4193 ὅσης
3527 4122 3689 4193 ὁρᾷς

2085 4208 2181 4261 τοῦ
2214 4209 2323 4282 (51)
2358 4196 2674 4282 Πνεύματος
2701 4212 2800 4283 τὴν
2830 4213 3206 4283 χρηστότητα;
3247 4211 3408 4282 Ἐμδς
3441 4213 3471 4265 6
3500 4212 3664 4265 πόλε-

2091 4315 2207 4368 μσς,
2239 4298 2378 4352 ἔστω
2416 4300 2507 4354 σὺν
2537 4300 2598 4353 τὸ
2638 4301 2926 4372 ὲκνίκημα.
2975 4303 3115 4370 Ἐγὼ
3149 4301 3473 4372 βαλλοίμην,
3510 4301 3575 4353 σὺ
3605 4300 3666 4355 δὲ

407 4382 652 4436 bricatus
693 4395 836 4445 sum,
868 4380 1115 4450 quamvis
1145 4383 1198 4435 in
1229 4380 1295 4434 iis
1323 4379 1455 4433 nihil
1488 4378 1871 4434 elaboraveris.
1900 4378 1979 4432 En

2092 4390 2353 4460 είρήνευε,
2381 4391 2461 4460 τῷ
2486 4391 2917 4463 προπολεμοῦντι
2950 4394 3340 4464 συνευχόμενος
3359 4412 3373 4425 ο
3403 4397 3562 4466 χεῖρα
3584 4392 3665 4447 δί-

414 4487 523 4540 quo
557 4472 722 4525 animi
752 4472 988 4527 candore
1013 4480 1189 4525 tecum
1218 4471 1344 4541 ago!
1383 4469 1461 4524 En
1490 4468 1723 4538 Spiritus
1744 4467 1984 4538 benigni-

407 4565 611 4620 tatem!
657 4563 832 4618 Meum
863 4563 934 4617 sit
960 4561 1159 4617 bellum
1189 4580 1205 4616 :
1236 4572 1325 4617 tua
1354 4563 1426 4617 sit
1454 4562 1652 4632 palma.
1707 4559 1822 4627 Ego
1863 4562 1984 4616 telis

404 4653 608 4710 feriar:
647 4663 702 4707 tu
735 4652 1063 4723 tranquillus
1099 4658 1152 4706 et
1200 4660 1425 4722 pacatus
1477 4651 1626 4715 sede,
1685 4664 1983 4724 prOpugna-

475 4768 522 4801 “
549 4768 725 4825 Galat.
760 4766 894 4834 1,10.

475 4887 587 4959 (40)
637 4887 699 4941 '0
734 4887 886 4952 Υἱός.
917 4884 1011 4941 Sic
1034 4884 1274 4956 quinque
1296 4885 1486 4957 εἶρξε..
1525 4895 1631 4947 etc.
1661 4888 1819 4945 Deest
1865 4892 1894 4944 6
1925 4889 1979 4945 in

406 4961 587 5100 edi“)
626 5025 839 5096 Kawﬁ.
887 5025 1053 5082 Coisl.
1100 5025 1126 5080 l
1178 5033 1233 5081 et
1268 5024 1402 5091 Jes.,
1433 5029 1585 5099 κενῇ,
1629 5046 1649 5078 ‹
1681 5029 1845 5097 inani,
1884 5048 1966 5087 va-

406 5114 589 5239 naflitl)
635 5166 808 5223 Οὐδέ.
840 5167 1059 5222 Plurimi
1077 5166 1269 5239 _codd.,
1303 5165 1448 5239 οὔτε.

475 5236 588 5309 (45)
630 5240 913 5309 Ἦκουςτα,
936 5236 1218 5309 ειοξξὶεςί
1232 5240 1321 5304 ph,
1344 5238 1601 5309 ἡκούσας,
1642 5254 1663 5289 ι
1680 5241 1976 5309 accepisti,

405 5306 676 5380 audivisti.
727 5307 984 5380 g_ScIiol.
1026 5306 1131 5380 ’ξὺν
1187 5306 1614 5380 Θαυματρυργὸν
1680 5306 1996 5380 ΓρηγόριονΔ

406 5378 464 5448 ἐν
528 5375 923 5448 Ἀποκαλύψει·
975 5396 992 5428 ι
1029 5375 1344 5444 Gregorium
1402 5375 1879 5448 :l‘haumaturgum'
1927 5382 1978 5434 iu

407 5447 801 5517 Apocalypsi.)
845 5448 898 5501 Id
931 5448 1280 5517 confirmatur
1334 5461 1363 5500 a
1400 5446 1597 5517 Basilio
1646 5446 1971 5517 Scholiasta,

406 5510 496 5588 qui
535 5510 891 5588 aitEOb'roc‘
916 5516 1038 5588 γὰρς
1069 5517 1126 5588 ἐν
1177 5515 1541 5588 Ἀποκαλύψει
1588 5515 1762 5573 ταῦτά
1808 5510 1977 5588 φησιλ

412 5606 431 5638 ι
468 5587 583 5659 Ipse
615 5586 756 5659 e_u_in_}
787 5586 900 5659 haec
937 5586 1081 5659 dieit
1107 5586 1158 5659 in
1186 5586 1529 5659 apocalyp'si.
1560 5606 1578 5640 ι

478 5654 590 5714 (Ml
625 5655 693 5709 Et
721 5654 826 5713 ἔτι.
863 5656 954 5713 Sic
985 5656 1140 5713 codd.
1180 5654 1353 5713 Prare
1393 5654 1448 5713 in
1478 5658 1590 5723 θα..
1622 5656 1766 5711 εἴτι.

2080 4965 2110 5018 λ

2088 4481 2178 4533 δου
2228 4481 2335 4551 (Sil
2385 4482 2473 4535 διὰ
2500 4484 2600 4553 τῆς
2639 4484 2894 4548 πίστεως.
2934 4486 3083 4556 ’Έχω
3151 4489 3300 4556 τρεῖς
3352 4486 3533 4549 λίθους
3579 4480 3665 4550 οἷς

2092 4572 2346 4642 σφενδονή
2357 4591 2432 4626 σω
2456 4574 2548 4627 τὸν
2569 4574 2881 4644 ἀλλόφυλον.
2919 4577 2941 4597 ”
2966 4576 3092 4647 Εχω
3115 4580 3261 4647 τρεῖς
3309 4576 3665 4647 ὲμπνεύσεις,

2089 4662 2230 4717 κατὰ
2256 4665 2349 4717 τοῦ
2381 4665 2498 4718 υἱοῦ
2546 4666 2647 4737 τῆς
2694 4667 3041 4739 Σαραφθίας,
3105 4662 3191 4730 αἷς
3223 4668 3543 4736 ζωοποιήσω
3569 4685 3659 4720 νε-

2151 4895 2264 4968 (45)
2316 4895 2659 4965 Ὀμόδουλα.
2717 4896 2807 4951 Sic
2862 4895 3042 4966 plures
3092 4895 3248 4950 codd.
3299 4894 3356 4948 lu
3393 4896 3502 4959 ed.,
3538 4894 3637 4949 δοῦ

2113 4983 2262 5107 α(46)
2301 5034 2505 5107 Μείζωἐ
2541 5034 2691 5107 Οιξί
2736 5044 2791 5091 et
2827 5034 2940 5107 alii,
2987 5033 3228 5105 μείζονα.
3264 5031 3515 5090 Nonnulli
3564 5036 3646 5089 ad-

2079 5103 2351 5168 duntﬁcoﬁ
2376 5104 2527 5171 Υἱοῦ,
2563 5123 2581 5155 ι
2612 5103 2749 5161 Filio
2786 5103 3066 5170 majorem.
3105 5123 3124 5155 ο

2150 5174 2260 5246 (47)
2304 5176 2511 5241 Ἰσοις.
2547 5174 2677 5246 Reg.
2708 5178 2800 5245 ph,
2833 5174 2968 5228 ἴσον.

2173 5246 2260 5316 is)
2313 5243 2862 5316 Ἁπληστζαιςζμεε.
2893 5246 3004 5315 bm,
3042 5243 3392 5316 ὰπληστείαν.

2173 5250 2260 5305 48)
2313 5250 2692 5313 Ἁπληστίαν.
2731 5250 2862 5315 Iteg.
2893 5250 3004 5315 bm,
3042 5250 3392 5315 ἀπληστείαν.

2150 5250 2264 5386 i119)
2304 5318 2350 5368 Σ
2357 5313 2622 5384 υγχωρεῖ.
2656 5304 2821 5387 [ἰέεε.
2850 5317 2961 5380 but,
2989 5316 3059 5384 ph
3091 5325 3145 5370 et
3165 5315 3258 5369 alii
3282 5317 3506 5380 addunt,
3542 5331 3638 5377 μοι

2082 5383 2259 5456 Ouini,
2291 5383 2523 5456 ἐγχωρεῖ
2546 5402 2654 5456 μοι.

2154 5453 2266 5525 (50)
2305 5453 2485 5508 Μετᾶ.
2512 5453 2605 5510 Or.
2635 5457 2651 5506 I
2683 5455 2847 5525 addit,
2882 5457 3003 5525 τῆς.

2154 5525 2265 5597 (5))
2312 5525 2442 5597 T033.
2485 5526 2638 5597 Deest
2664 5527 2717 5597 in
2746 5524 2867 5597 Bas.
2904 5524 2957 5580 ct
2989 5525 3214 5597 Ilervag.

2156 5595 2263 5665 (5‘2)
2305 5595 2499 5650 Δίδου.
2530 5596 2675 5662 Βηε.,
2699 5594 2891 5659 διδούς.
