3902 6218
203 236 303 292 421

1118 231 1376 288 ORATIO
1414 232 1526 287 XL.
1568 265 1636 275 —
1675 232 1741 288 IN
1783 230 2109 290 SANCTUM
2150 229 2517 286 BAPTISMA.

3357 232 3465 288 422

204 348 603 421 νεκρωμένους.
638 346 790 418 Ἐχω
837 348 990 418 τρεῖς
1038 345 1151 415 (55)
1178 345 1491 411 ἐπικλύσεις
1520 347 1660 400 κατὰ
1688 345 1797 400 τῶν

1909 356 2072 404 torem
2137 356 2285 401 tuum
2322 345 2572 416 precibus
2615 343 2841 414 juvans;
2896 356 3113 399 manum
3171 358 3267 415 per
3305 346 3465 401 ﬁdem

207 439 509 509 σχιδάκων,
542 433 632 501 αἷς
678 435 994 507 καθιερώσω
1038 437 1138 507 τὴν
1186 435 1396 500 θυσίαν,
1460 435 1613 490 ὕδατι
1684 438 1796 510 πῦρ

207 530 460 600 ἐγείρων,
489 528 551 582 τὸ
581 528 1013 600 παραδοξότατον
1032 542 1047 558 ’
1093 527 1187 580 καὶ
1214 529 1340 591 τοὺς
1372 530 1657 600 προνρήτας
1694 547 1794 607 καέ-

204 621 428 676 ταόαλῶ
453 621 556 692 τῆς
587 621 850 692 αἰσχύνης
880 619 1015 691 (54),
1055 619 1354 691 μυστηρίου
1385 620 1613 691 δυνάμει
1642 619 1790 692 χρώ-

208 732 394 787 μενος.

1893 439 2127 510 porrige.
2157 435 2294 493 Tres
2343 436 2550 507 lapides
2580 437 2750 492 habeo
2796 436 2865 501 ",
2898 436 3096 507 quibus
3131 435 3463 494 Philistaeum

1889 528 2054 585 funda
2084 537 2261 598 petam
2291 539 2346 583 et
2376 527 2698 596 percutiam.
2748 528 2883 583 Tres
2929 529 3187 583 adversus
3224 529 3463 600 Sareph-

1891 621 2067 677 thanaa
2095 621 2263 675 ﬁlium
2294 619 2681 675 insuﬁlationes
2714 620 2886 675 habeo
2905 621 2973 685 ³⁵,
2998 620 3193 689 quibus
3219 621 3469 675 homines

1889 721 2062 767 morte
2093 712 2337 767 sublatos
2383 713 2449 764 ad
2479 710 2648 765 vitam
2695 725 2968 766 revocem.
3024 710 3160 767 Tres
3209 712 3469 767 adversus

208 806 423 860 assulas
450 804 793 874 proluviones
835 800 1010 856 habeo
1037 801 1107 865 ",
1137 801 1336 871 quibus
1392 802 1671 859 victimam
1734 803 2090 869 consecrabo,
2158 817 2299 873 aqua
2321 801 2529 857 scilicet
2555 802 2734 873 ignem
2768 804 3034 867 excitans,
3069 803 3212 872 quod
3248 804 3465 874 quidem

210 897 447 950 maxime
488 896 794 949 mirandum
856 904 978 960 est;
1031 903 1191 964 atque
1243 895 1631 965 ignominiosos
1682 895 1972 966 prophetas
1999 894 2243 965 mysterii
2280 894 2488 949 viribus
2513 904 2875 965 prosternam.

283 990 417 1043 MA’.
448 989 515 1042 Τί
552 1006 642 1059 μοι
679 988 760 1042 δεῖ
794 989 1152 1061 μακροτέρων
1187 988 1398 1058 λόγων;
1433 989 1794 1051 Διδασκαλίας

208 1079 321 1150 γὰρ
341 1082 370 1133 6
401 1079 591 1150 καιρὸς
611 1077 746 1148 (55),
776 1078 878 1132 οὐκ
898 1080 1228 1148 ἀντιλογίας.
1267 1080 1646 1149 Μαρτύρομαι
1700 1080 1797 1133 ἐν·

214 1256 354 1327 μετὰ
380 1256 587 1329 ταύτης
618 1256 967 1331 βαπτισθήσῃ
991 1258 1091 1329 τῆς
1119 1257 1374 1322 πίστεως.
1401 1259 1465 1312 Εἰ
1498 1258 1597 1330 μὲν
1622 1258 1797 1323 ἄλλως

209 1347 575 1420 ὲγγέγραψαι,
610 1348 644 1420 ἢ
673 1348 746 1413 ὡς
788 1350 817 1403 6
846 1351 977 1421 ἐμὸς
1010 1351 1234 1403 ἁπαιτεῖ
1269 1349 1446 1418 λόγος,
1475 1350 1660 1422 δεῦρο,
1704 1350 1797 1404 καὶ

1959 986 2143 1042 XLIV.
2185 986 2327 1054 Quid
2350 987 2578 1055 longiori
2607 987 2853 1042 oratione
2872 1001 3007 1057 opus
3026 988 3150 1043 est?
3196 987 3468 1043 Doctrina:

1890 1080 2090 1134 etenim
2122 1081 2224 1141 hoc
2261 1088 2472 1149 tempus
2500 1089 2603 1146 est,
2628 1095 2733 1134 non
2757 1079 3123 1135 altercationis
3143 1090 3198 1136 et
3222 1081 3470 1146 disputa-

208 1166 400 1220 ώπιον
425 1165 532 1220 τοῦ
548 1166 661 1235 (56)
699 1165 847 1220 Θεοῦ
868 1166 981 1236 ςκαί
1013 1167 1132 1221 τῶν
1164 1167 1466 1221 ἐκλεκτῶν
1505 1167 1794 1238 ἀγγέλων,

1909 1168 2054 1224 .ionis

2129 1167 2396 1236 'l'estiﬁcor
2454 1184 2626 1222 coram
2681 1169 2788 1223 Deo
2808 1177 2856 1222 et
2895 1168 3067 1239 electis
3088 1168 3305 1239 angelis,
3325 1170 3470 1238 quod

1893 1276 2016 1315 cum
2041 1261 2141 1314 bac
2157 1259 2260 1314 ﬁde
2282 1259 2664 1329 baptizaberis.
2689 1259 2746 1315 Si
2769 1260 2873 1313 alio
2898 1260 3057 1315 modo
3078 1260 3364 1331 inscriptus
3384 1275 3465 1328 es,

1893 1367 2053 1423 quam
2083 1365 2202 1405 mea
2243 1351 2485 1407 doctrina
2516 1352 2780 1421 exposcit,
2817 1350 2940 1405 veni
2972 1366 3036 1406 ac
3085 1349 3465 1406 transcribere.

214 1439 655 1512 μετεγγράφηθι.
694 1440 836 1510 Ἐγὼ
856 1441 1062 1495 τούτων
1088 1440 1188 1494 οὐκ
1211 1440 1391 1513 ἀφυὴς
1407 1440 1793 1513 καλλιγράφος,

1909 1444 2004 1514 Ego
2032 1442 2224 1497 horum
2250 1458 2356 1497 non
2387 1443 2611 1497 inscitus
2647 1452 2806 1511 atque
2829 1442 3042 1513 ineptus
3068 1457 3186 1498 sum
3215 1443 3465 1513 scriptor,

208 1532 440 1605 γράφων
484 1532 521 1587 ἃ
556 1534 904 1605 γέγραμμαι,
946 1534 1042 1588 καὶ
1077 1533 1343 1588 διδάσκων
1388 1533 1424 1588 ἃ
1470 1534 1566 1588 καὶ
1619 1535 1796 1606 μεμά-

208 1624 377 1696 Θηκα,
417 1625 512 1679 καὶ
550 1626 829 1697 τετήρηκα
856 1624 915 1692 ἐξ
947 1627 1122 1697 ἀρχῆς
1155 1626 1235 1689 εἰς
1263 1625 1423 1697 τήνδε
1452 1625 1551 1697 τὴν
1579 1625 1789 1681 πολιάν.

1892 1537 2137 1592 scribens
2159 1550 2222 1591 ea
2263 1550 2381 1602 qua-
2403 1534 2536 1589 mihi
2566 1535 2826 1605 inscripta
2856 1543 3000 1601 sunt,
3031 1543 3087 1588 et
3113 1535 3309 1589 docens
3350 1549 3471 1603 quae

1893 1627 2078 1693 didlCl,
2113 1636 2275 1696 atque
2298 1642 2326 1680 a
2352 1625 2525 1696 prima
2550 1635 2711 1680 aetate
2745 1625 2811 1680 ad
2846 1625 2987 1680 hanc
3012 1639 3181 1695 usque
3213 1625 3467 1680 canitiem

220 1715 386 1787 Ἐμὺς
416 1718 445 1770 6
485 1716 763 1781 κίνδυνος,
797 1717 930 1788 ὲμδν
968 1717 1060 1770 καὶ
1092 1717 1152 1771 τὸ
1191 1717 1389 1788 γέρας,
1436 1716 1529 1770 τοῦ
1560 1718 1661 1787 τῆς
1694 1719 1792 1788 σῆς

1909 1719 2125 1775 servavi.
2161 1718 2337 1774 Meum
2370 1720 2441 1775 sit
2479 1718 2796 1790 periculum,
2836 1733 3014 1771 meum
3069 1731 3286 1787 quoque
3330 1722 3491 1787 ιιι-πί

205 1807 388 1878 ψυχῆς
412 1809 718 1878 οἰκονόμου,
751 1809 845 1862 καὶ
872 1807 1204 1871 τελειοῦντός
1230 1825 1289 1861 σε
1316 1808 1405 1862 διὰ
1455 1807 1551 1861 τοῦ
1590 1808 1785 1879 βαπτί-

209 1914 439 1969 σματος.
478 1899 542 1952 Εἰ
574 1899 632 1953 δὲ
649 1898 820 1963 οὕτως
846 1899 1022 1970 ἔχεις,
1063 1900 1157 1953 καὶ
1195 1898 1380 1963 καλοῖς
1422 1898 1796 1971 ένεσημάνθης

205 1991 322 2053 τοῖς
380 1990 705 2061 γράμμασι,
748 1989 991 2058 φύλασσέ
1042 2006 1131 2060 μοι
1172 1988 1244 2043 τὰ
1292 1988 1682 2060 γεγραμμένα,
1735 1989 1794 2040 ὲν

205 2084 427 2152 καιροῖς
478 2085 733 2154 στρεπτοῖς
785 2082 1053 2153 ἄτρεπτος
1107 2080 1283 2151 μένων
1334 2079 1463 2152 περὶ
1522 2080 1793 2151 ἁτρέπτου

208 2172 561 2243 πράγματος.
614 2173 869 2245 Μίμησαι
906 2173 997 2226 τὸν
1029 2171 1259 2226 Πιλᾶτον
1303 2172 1395 2225 ἐπὶ
1431 2171 1493 2226 τὸ
1526 2174 1794 2244 κρεῖττον,

209 2262 404 2326 κακῶς
454 2263 766 2334 γράφοντα,
823 2262 1006 2326 καλῶς
1037 2261 1424 2333 γεγραμμένος
1471 2262 1605 2332 (57).
1659 2263 1796 2316 Εἰπὲ

206 2357 327 2420 τοῖς
362 2354 750 2424 μεταπείθουσί
796 2372 855 2409 σε
879 2371 894 2384 ο
940 2358 1002 2408 ’Ὀ
1034 2354 1318 2424 γέγραφα,
1362 2353 1647 2424 γέγραφα.
1686 2354 1797 2407 Καὶ

210 2446 326 2517 γὰρ
355 2445 423 2498 ἂν
468 2444 864 2517 αἰσχυνοίμην,
902 2445 975 2508 εἰ,
1009 2443 1106 2497 τοῦ
1152 2443 1323 2496 κακοῦ
1357 2444 1609 2514 μένοντος
1641 2441 1797 2496 ἀκλιςι

209 2536 361 2601 νοῦς,
386 2535 450 2589 τὸ
476 2535 643 2590 καλὸν
678 2537 856 2608 ῥᾷστα
889 2534 1263 2606 μετακλίνοιτο
1300 2533 1410 2605 (58)
1437 2550 1451 2564 ο
1486 2533 1604 2587 δέον
1631 2535 1797 2604 εὐμε-

207 2630 539 2700 τακινήτους
572 2628 671 2698 μὲν
708 2623 850 2681 εἶναι
885 2627 1018 2698 πρὸς
1052 2625 1114 2679 τὸ
1150 2628 1396 2699 κρεῖττον
1424 2624 1533 2679 ἀπὸ
1560 2624 1653 2679 τοῦ
1687 2625 1801 2696 χει⁴

214 2736 391 2792 ρονος.
418 2720 711 2789 ἀκινήτους
731 2718 787 2772 δὲ
810 2719 948 2790 πρὸς
971 2718 1034 2771 τὸ
1056 2720 1236 2790 χεῖρον
1258 2718 1368 2771 ἀπὸ
1391 2717 1485 2770 τοῦ
1510 2716 1797 2788 βελτίονος.

208 2812 279 2864 Εἰ
309 2808 486 2872 οὕτως
519 2808 778 2881 βαπτίζῃ,
805 2809 901 2862 καὶ
937 2809 1079 2862 κατὰ
1109 2806 1315 2879 ταύτην
1343 2807 1443 2879 τὴν
1481 2807 1798 2879 μαθητείαν,

223 2902 387 2959 Ἰδοὺ
417 2901 492 2956 τὰ
520 2902 695 2972 χείλη
721 2918 842 2970 μου
873 2902 945 2955 οὐ
975 2900 1060 2971 μὴ
1104 2902 1389 2965 κωλύσω,
1428 2900 1537 2953 ἰδοὺ
1566 2900 1798 2971 κίχρημι

1895 1811 2084 1876 mium,
2150 1811 2241 1880 qui
2291 1811 2485 1865 animae
2525 1821 2629 1864 tuae
2669 1825 2786 1865 sum
2839 1809 3214 1878 dispensator,
3253 1823 3335 1883 ac.
3375 1824 3473 1877 per

1896 1901 2220 1970 baptismum
2260 1911 2310 1956 te
2354 1903 2596 1973 perﬁcio.
2649 1900 2745 1956 Sin
2790 1910 2968 1956 autem
2998 1901 3070 1955 ita
3108 1908 3160 1955 te
3191 1900 3376 1966 habes,
3407 1914 3474 1953 ac

1897 1992 2137 2061 pulchris
2173 1993 2368 2049 litteris
2390 2003 2605 2048 notatus
2635 2002 2798 2061 atque
2833 1993 3046 2046 inustus
3073 2005 3153 2057 es,
3183 2005 3302 2061 quae
3337 1993 3474 2046 scri-

1895 2092 1987 2152 pta
2022 2092 2149 2139 sunt
2182 2098 2359 2149 serva,
2407 2084 2459 2139 in
2511 2084 2763 2139 obnoxiis
2807 2082 3091 2137 mutationi
3144 2081 3474 2150 temporibus

1896 2174 2042 2229 circa
2081 2189 2194 2228 rem
2223 2174 2445 2229 minime
2483 2173 2796 2228 mutabilem
2839 2170 3192 2226 immutabilis
3224 2184 3471 2225 manens.

1898 2263 1999 2331 Tu,
2051 2265 2145 2336 qui
2194 2273 2342 2320 recte
2390 2265 2727 2334 conscriptus
2769 2278 2847 2331 es,
2893 2265 3145 2330 Pilatum,
3191 2263 3283 2332 qui
3334 2264 3474 2318 male

1899 2357 2212 2426 scripserat,
2245 2358 2297 2410 in
2333 2355 2608 2411 meliorem
2640 2366 2848 2426 partem
2874 2356 3107 2410 imitare.
3135 2353 3232 2410 Dic
3257 2355 3343 2421 iis,
3380 2356 3475 2425 qui

1903 2458 1953 2502 te
1981 2462 2010 2500 a
2037 2447 2302 2502 sententia
2329 2446 2597 2502 deducere
2618 2447 2838 2502 student
2881 2464 2895 2501 :
2931 2446 3085 2513 Quod
3116 2447 3319 2513 scripsi,
3344 2448 3478 2500 scri-

1899 2538 2066 2609 psi".
2101 2536 2331 2593 Puderet
2383 2538 2524 2593 enim
2557 2553 2643 2593 me
2687 2537 2950 2607 profecto,
2983 2537 3049 2602 si,
3086 2552 3207 2591 cum
3269 2538 3473 2591 malum

1899 2630 2094 2688 stabile
2114 2643 2178 2685 ac
2203 2629 2414 2684 ﬁrmum
2445 2639 2679 2696 maneat,
2736 2629 2935 2684 bonum
2987 2640 3176 2684 contra
3216 2628 3374 2684 facile
3417 2629 3473 2684 in

1902 2722 2141 2777 deterius
2162 2720 2503 2789 ﬂecteretur;
2549 2735 2672 2775 cum
2718 2735 2820 2777 nos
2846 2721 2919 2777 ita
2962 2731 3306 2791 comparatos
3354 2734 3477 2775 esse

1902 2816 2028 2872 vitae
2097 2817 2313 2872 ratione
2378 2824 2667 2887 oporteat,
2752 2825 2815 2869 ut
2869 2830 2899 2868 a
2954 2813 3088 2870 vitio
3133 2814 3350 2883 quidem
3409 2813 3476 2868 ad

1903 2906 2160 2962 virtutem
2230 2906 2374 2962 facili
2426 2915 2572 2961 motu
2638 2904 3017 2976 impellamur,
3070 2920 3101 2959 a
3139 2905 3337 2959 virtute
3380 2919 3477 2957 au-

207 2994 315 3058 τὰς
345 2996 538 3065 χεῖρας
566 2991 644 3064 τῷ
675 2991 973 3062 Πνεύματι.
1003 2992 1336 3063 Ταχύνωμεν
1359 2991 1460 3063 τὴν
1502 2991 1795 3063 σωτηρίαν,

1909 3006 2014 3052 tem
2091 2996 2159 3050 ad
2224 2996 2414 3050 vitium
2473 2996 2620 3050 nullo
2670 2995 2831 3051 modo
2879 2996 3184 3051 incitemur.
3248 2994 3306 3050 Si
3351 3010 3473 3050 cum

210 3084 543 3156 ἀναστῶμεν
568 3084 663 3137 ἐπὶ
681 3083 742 3137 τὸ
764 3084 1069 3155 βάπτισμα*
1090 3082 1284 3153 σφύζει
1307 3083 1370 3136 τὸ
1392 3083 1638 3154 Πνεῦμα,
1670 3082 1803 3155 πρό-

213 3178 392 3250 θυμος
418 3177 450 3229 6
488 3176 795 3247 τελειωτὴς,
830 3175 892 3228 τὸ
920 3175 1092 3247 δῶρον
1121 3175 1358 3247 ἕτοιμον.
1393 3176 1457 3228 Εἰ
1490 3175 1548 3229 δὲ
1581 3174 1803 3238 σκάζεις

210 3271 319 3337 ἔτι,
348 3270 444 3323 καὶ
476 3268 551 3341 μὴ
589 3269 863 3341 καταδέχῃ
889 3268 950 3321 τὺ
974 3266 1177 3322 τέλειον
1211 3267 1311 3338 τῆς
1345 3265 1621 3338 θεότητος,
1654 3266 1805 3339 ζήτει

216 3363 317 3418 σὺν
345 3359 670 3432 βαπτιστήν,
697 3358 731 3429 ἢ
760 3358 1226 3429 καταϐαπτιστήν.
1275 3357 1429 3429 Ἐμοὶ
1462 3357 1520 3411 δὲ
1556 3358 1615 3410 ού
1642 3356 1806 3429 σχολὴ

213 3452 442 3525 τέμνειν
468 3450 718 3523 Θεὸτητα,
763 3451 858 3504 καὶ
887 3450 1080 3522 νεκρόν
1110 3467 1171 3503 σε
1198 3452 1370 3504 ποιεῖν
1411 3451 1471 3502 έν
1504 3449 1681 3521 καιρῷ
1705 3449 1806 3520 τῆς

216 3543 638 3614 ἀναγεννήσεως
656 3557 671 3573 ⁸
703 3542 791 3596 ἶνα
818 3543 956 3613 μήτε
981 3541 1043 3594 τὸ
1074 3540 1321 3613 χάρισμα
1352 3541 1504 3614 ἔχῃς,
1541 3544 1679 3613 μήτε
1707 3540 1806 3613 τὴν

218 3635 418 3688 ἐλπίδα
450 3633 552 3704 τῆς
588 3635 809 3705 χάριτος
829 3671 844 3697 ,
871 3635 929 3686 ὲν
959 3631 1126 3704 ὀλίγῳ
1153 3633 1470 3705 ναυαγήσας
1498 3632 1598 3704 τὴν
1626 3649 1805 3703 σωτη-

223 3726 371 3799 ρίαν.
416 3726 505 3789 Ὤς
525 3727 555 3780 ὃ
580 3742 635 3779 τι
659 3724 725 3779 ἂν
756 3723 959 3797 ὑφέλῃς
983 3722 1092 3777 τῶν
1115 3723 1283 3796 τριῶν
1312 3725 1412 3796 τῆς
1437 3724 1716 3796 Θεότητος,
1744 3723 1808 3778 τὸ

218 3820 337 3874 πᾶν
373 3816 475 3889 ἔσῃ
507 3814 862 3889 καθῃρηκὼς,
890 3814 985 3868 καὶ
1014 3814 1225 3886 σεαυτῷ
1249 3814 1349 3886 τὴν
1369 3815 1648 3869 τελείωσιν
1673 3815 1806 3885 (59).

1902 3089 2007 3144 hac
2065 3086 2335 3144 sententia
2371 3097 2427 3143 et
2459 3087 2700 3143 doctrina
2752 3088 2818 3143 ad
2866 3088 3191 3158 baptismum
3239 3086 3473 3152 accedis,

1900 3197 2016 3236 ecce
2049 3179 2192 3235 labia
2216 3196 2335 3235 mea
2365 3195 2468 3234 non
2498 3178 2775 3248 prohibebo
2811 3179 2876 3248 ⁸⁸,
2923 3194 3052 3237 ecce
3087 3195 3283 3236 manus
3330 3194 3480 3235 meas

1903 3272 2130 3343 Spiritui
2175 3272 2482 3329 commodo.
2512 3271 2752 3327 Salutem
2801 3272 3186 3338 acceleremus,
3220 3272 3382 3343 727
3411 3273 3479 3326 ad

1903 3363 2225 3433 baptismum
2256 3377 2646 3432 exsurgamus;
2675 3361 2859 3416 exsilit
2888 3360 3140 3432 Spiritus,
3169 3370 3363 3432 praesto
3398 3368 3484 3415 est

1903 3453 2166 3520 initiator,
2202 3454 2255 3507 in
2285 3462 2534 3522 promptu
2561 3464 2644 3508 est
2664 3452 2987 3522 baptismus.
3020 3450 3118 3506 Sin
3142 3465 3270 3504 vero
3304 3451 3482 3504 adhuc

1904 3542 2199 3610 claudicas,
2227 3557 2327 3598 nec
2356 3542 2580 3597 Deitatis
2603 3541 2986 3611 perfectionem
3012 3541 3264 3611 suscipis,
3297 3553 3481 3609 quaere

1906 3636 1996 3703 qui
2026 3644 2079 3689 te
2105 3635 2295 3704 tingat,
2325 3633 2412 3688 vel
2442 3634 2496 3688 in
2542 3633 2737 3688 malam
2790 3647 2904 3688 rem
2949 3633 3139 3703 tingat.
3181 3632 3309 3687 Mihi
3337 3633 3481 3687 enim

1907 3739 2012 3777 non
2041 3734 2197 3779 vacat
2228 3724 2492 3780 Deitatem
2520 3737 2727 3789 secare,
2759 3733 2922 3794 atque
2962 3725 3017 3778 in
3059 3722 3485 3792 regenerationis

1911 3823 2155 3886 tempore
2182 3815 2278 3870 tibi
2305 3824 2534 3872 mortem
2557 3818 2796 3885 inferre;
2827 3829 2886 3873 ut
2910 3819 2989 3873 sic
3012 3831 3112 3871 nec
3133 3819 3361 3887 gratiam
3387 3817 3486 3870 ha-

224 3913 382 3978 beas,
415 3926 517 3967 nec
547 3911 734 3981 gratiae
774 3924 949 3980 spem,
1001 3909 1174 3965 salute
1231 3910 1486 3964 nimirum
1552 3910 1699 3964 brevi
1753 3920 1992 3977 tempore
2053 3909 2336 3979 naufragio
2361 3910 2579 3967 amissa.
2631 3910 2687 3966 Si
2718 3911 2806 3966 cui
2864 3909 3007 3966 enim
3037 3925 3104 3965 ex
3162 3909 3248 3963 his
3314 3908 3485 3962 tribus

225 4002 570 4057 divinitatem
594 4002 915 4067 detraxeris,
957 4010 1128 4057 totum
1160 4002 1445 4066 everteris,
1476 4001 1678 4071 tibique
1708 4001 1808 4070 ips:
1830 4002 2216 4071 pertectionem
2247 4002 2531 4057 ademeris.

296 4093 436 4150 ME’.
472 4093 611 4146 Ἀλλ’
638 4092 793 4147 οΰπω
819 4092 990 4158 τύπος
1015 4093 1192 4157 οὐδεὶς
1216 4093 1274 4146 ὲν
1297 4094 1366 4164 τῇ
1394 4094 1461 4163 σῇ
1490 4091 1660 4164 ψυχῇ,
1682 4091 1802 4146 οὔτε

1983 4091 2147 4153 XLV.
2184 4094 2527 4148 At'nondum
2557 4091 2665 4148 ulla
2709 4093 2762 4148 in
2794 4092 2978 4147 animo
3007 4101 3119 4159 tuo,
3156 4091 3244 4146 vel
3270 4090 3483 4157 melior,

226 4188 475 4260 χείρονος
502 4183 615 4257 (60)
661 4184 1011 4257 γράμματος,
1046 4183 1168 4237 οὐδὲ
1220 4182 1524 4254 βελτίονος·
1571 4184 1802 4255 σήμερον

1916 4184 2005 4238 vel
2046 4185 2287 4240 deterior
2316 4184 2500 4240 littera
2539 4185 2804 4255 impressa
2832 4192 2952 4253 est;
2994 4198 3177 4239 verum
3222 4185 3487 4241 hodierno

226 4281 290 4336 δέ
322 4297 387 4334 σε
414 4278 691 4350 γραφῆναι
717 4277 919 4348 δεήσει,
958 4276 1054 4331 καὶ
1084 4278 1216 4348 παρ’
1242 4274 1528 4348 ήμῶν(61)
1560 4274 1816 4345 τυπωθῆ-

228 4390 322 4429 ναι
351 4372 492 4443 πρὸς
519 4369 868 4439 τελειότητα;
903 4368 1050 4422 Εῐσω
1071 4366 1172 4437 τῆς
1194 4366 1422 4438 νεφέλης
1450 4366 1812 4438 χωρήσωμενο

1913 4277 2001 4332 die
2025 4275 2251 4333 inscribi
2280 4286 2331 4331 te
2359 4286 2614 4346 oportet,
2661 4286 2825 4347 atque
2856 4292 2885 4330 a
2913 4276 3068 4332 nobis
3094 4275 3161 4330 ad
3194 4275 3485 4346 perfectio-

1916 4380 2042 4422 nem
2073 4367 2396 4423 inl‘ormari?
2429 4366 2637 4421 Nubem
2695 4367 3097 4437 ingrediantur;
3127 4367 3192 4422 da
3227 4367 3357 4421 mihi
3388 4382 3486 4437 pe-

227 4465 321 4528 δός
353 4480 447 4535 μοι
493 4462 593 4526 τὰς
640 4460 854 4524 πλάκας
883 4459 985 4530 τῆς
1031 4457 1130 4529 σῆς
1168 4457 1431 4529 καρδίαςο
1465 4456 1688 4528 γίνομαί
1734 4473 1802 4510 σοι

1916 4457 2086 4513 ctoris
2118 4457 2194 4512 tui
2225 4457 2472 4522 tabulas;
2509 4457 2724 4528 Moyses
2773 4458 2868 4511 tibi
2910 4470 3027 4521 ero,
3052 4458 3154 4511 etsi
3194 4457 3296 4512 hoc
3336 4457 3486 4511 inso-

229 4555 464 4626 Μωσῆς,
493 4553 543 4606 εἰ
583 4552 679 4606 καὶ
708 4549 983 4622 τολμηρὸν
1014 4549 1190 4602 εἰπεῖν
1215 4565 1228 4579 ·
1262 4548 1525 4620 ἐγγράφω
1569 4546 1802 4619 δακτύλιι

1916 4548 2116 4615 lentius
2163 4562 2192 4601 a
2237 4561 2324 4601 me
2377 4546 2581 4602 dictum
2612 4547 2783 4602 videri
2811 4558 3005 4617 queat;
3052 4545 3149 4600 Dei
3189 4545 3360 4615 digito
3390 4560 3490 4600 no-

231 4643 373 4700 Θεοῦ
401 4645 527 4699 νέαν
561 4642 884 4712 δεκάλογον·
917 4640 1181 4695 ὲννοάωω
1221 4640 1488 4711 σύντομον
1517 4639 1814 4711 σωτηρίαν.

1915 4652 2042 4691 vum
2072 4636 2397 4708 Decalogum
2434 4636 2766 4703 inscribam;
2819 4637 3260 4707 compendiosam
3295 4636 3490 4691 salutis

307 4785 356 4817 ”
384 4782 403 4838 Ι
429 4783 566 4854 Reg.
597 4795 731 4847 xvu,
769 4778 862 4834 40.
947 4778 993 4811 ’⁸
1015 4776 1084 4833 ΙΙΙ
1111 4777 1244 4847 Reg.
1272 4790 1405 4843 xvu,
1433 4775 1525 4830 Ἠ.
1601 4776 1647 4807 ³⁸
1673 4773 1739 4829 ΙΙΙ
1777 4773 1802 4828 Ι

1909 4786 2095 4839 .xvm,
2125 4770 2215 4826 54.
2290 4772 2334 4803 ³⁷
2364 4769 2522 4827 Joan.
2570 4787 2684 4837 xix,
2727 4771 2818 4826 22.
2893 4771 2939 4803 ³⁸
2964 4770 3109 4827 Psal.
3147 4786 3331 4838 xxxix,
3352 4770 3441 4827 10.

313 4941 429 5013 (55)
469 4942 631 5019 ᾜχω
658 4935 836 5006 τρεῖς,
885 4944 991 5019 etc.
1039 4952 1059 4986 ι
1095 4892 1370 5019 ῥάνθςευς
1388 4929 1818 5019 pssumi-habeo
1926 4930 2227 5019 Hinc-sane
2258 4927 2613 5019 colligendum
2647 4926 2879 5019 videtur,
2919 4926 3166 5019 antlﬁdei
3190 4925 3491 5019 formulam

239 4997 357 5066 tsz
409 4997 859 5082 ᾗτοιιῆἰοηξεζ)
914 5006 1019 5082 hoc
1065 5010 1169 5067 est,
1214 5001 1540 5082 ulmewonit
1562 4997 1821 5082 'yicetas,

247 5100 268 5133 ι
311 5068 430 5135 ιι·εὲ
460 5077 712 5150 baptismi
734 5074 1139 5150 demersiones.
1181 5091 1200 5124 ι
1231 5068 1421 5124 Billius
1458 5087 1473 5123 :
1510 5087 1529 5121 ι
1562 5068 1696 5124 Tres
1722 5072 1823 5124 ad-

239 5165 437 5205 versus
459 5143 601 5216 ligna
635 5145 979 5217 proluviones
1010 5143 1202 5217 habeo.
1244 5159 1265 5217 ρ

324 5208 1425 5301 Misissem--etiamne-
1450 5225 1481 5301 ί,
1527 5208 1826 5301 mmsis

1921 5015 1989 5055 ex
2016 5002 2225 5070 integro
2252 4996 2634 5069 conscriptam,
2662 5006 2755 5052 aut
2786 5012 2921 5070 sane
2948 5013 2979 5050 a
3009 4996 3344 5065 baptizandis
3371 5009 3496 5050 esse

1921 5068 2316 5139 subsign'atam.
2470 5068 2473 5069 ⁷
2623 5135 2655 5139 _
2786 5068 2791 5074 ’

2015 5135 2103 5206 58)
2142 5139 2592 5193 Μετακλίνοιτο.
2614 5135 2769 5203 ,Βθεη
2804 5135 3058 5206 κλίνοιτο.

2015 5141 2103 5206 58)
2142 5141 2592 5193 Marulle-octo.
2614 5141 2769 5203 ‘Bas.,
2804 5141 3058 5192 κλίνοιτο.

1993 5141 2108 5281 (59)
2156 5209 2261 5281 ὀρ
2291 5208 2392 5263 ὅ...
2430 5207 2546 5275 τὴν
2590 5207 2918 5260 τελείωσιν.
2957 5205 3083 5259 llaec
3117 5212 3173 5260 et
3215 5200 3496 5271 interiecta

242 5277 615 5346 confusionis:
659 5277 709 5338 »⁷
736 5277 980 5339 Nobilius
1039 5293 1096 5337 et
1147 5277 1372 5352 vulgata
1410 5295 1425 5332 :
1461 5295 1481 5330 ι
1527 5277 1827 5347 Prophetas
1925 5277 2121 5352 desunt
2151 5279 2364 5352 inﬂﬂeg.
2390 5282 2499 5352 bin.

244 5358 405 5416 Baal.
427 5377 447 5411 ι

321 5427 435 5499 (55)
481 5428 545 5481 '0
575 5426 801 5494 καιρός.
831 5424 962 5493 Reg.
992 5422 1046 5485 d,
1077 5422 1108 5473 6
1140 5418 1331 5490 παρὼν
1372 5416 1585 5489 καιρός,
1624 5434 1645 5469 r
1683 5431 1824 5486 prte-

246 5513 378 5553 sens
404 5507 634 5563 tempus.
670 5514 689 5547 ι

323 5565 435 5636 (56)
477 5558 805 5636 Τὸῦηθθθει
825 5562 877 5616 in
914 5560 1080 5636 Regg.
1105 5558 1341 5636 bm,__ph,
1365 5568 1474 5613 etc.

323 5634 436 5705 (57)
471 5634 685 5700 Καλῶς
715 5647 973 5705 remum!

1046 5626 1132 5695 ος.
1166 5650 1184 5683 ι
1217 5626 1379 5685 Recte
1402 5626 1761 5698 conscriptus.
1799 5644 1818 5679 ι

1996 5347 2107 5422 (60)
2148 5340 2613 5422 οὕτε-’χείρονοᾳ
2640 5345 2730 5401 Sic
2766 5355 2996 5414 quatuor
3023 5344 3188 5416 chg.
3227 5352 3282 5398 et
3320 5340 3415 5398 Or.
3440 5344 3495 5398 1.

1931 5417 1985 5472 In
2006 5417 2119 5489 ed.,
2143 5419 2204 5473 οὐ
2227 5417 2490 5489 χείρονος.

1998 5480 2113 5560 (61)
2141 5480 2414 5560 Kal'aiap’
2443 5484 2629 5560 ἡμῶν.
2658 5484 2749 5560 Sic
2769 5499 2866 5560 sex
2889 5484 3082 5560 Bcgg.,
3115 5483 3296 5553 plures
3318 5480 3497 5548 Golb.,

1927 5554 2021 5614 Or.
2058 5554 2110 5627 l,
2141 5559 2288 5626 Pan,
2312 5554 2418 5614 etc.
2453 5554 2610 5613 Deest
2641 5554 2734 5609 καί
2768 5556 2821 5610 in
2852 5555 2937 5609 ed.
