3902 6218
425 234 531 293 ηε

1632 233 1689 289 S.
1731 230 2071 289 CREGORll
2110 227 2453 286 TllEOLOGl

3582 235 3683 288 £21

426 349 731 405 doctrinam
764 346 1088 418 insculpam.
1119 348 1273 416 Quod
1306 349 1350 405 si
1391 363 1497 418 qua
1519 346 1698 403 bellua
1724 347 2002 411 haeretica,

2113 346 2171 398 Εί
2210 345 2267 399 δέ
2296 363 2348 398 τι
2391 341 2580 415 θηρίον
2615 343 2889 413 αἱρετικὸν
2919 342 3012 395 καὶ
3042 343 3344 412 ἀλόγιστον,
3382 343 3535 397 κάτω
3570 364 3675 416 μει-

426 450 482 494 et
508 453 538 492 a
568 437 778 492 ratione
800 450 992 492 aversa
1028 438 1123 502 sit,
1178 438 1425 493 inferiori
1459 437 1578 493 loco
1623 445 1871 503 maneat;
1914 444 2008 490 aut

428 528 728 598 periculum
758 527 882 592 erit,
915 542 987 582 ne
1009 530 1255 584 veritatis
1288 530 1537 585 doctrina
1570 537 1829 598 tanquam
1864 528 2008 597 lapi-

429 621 588 675 dibus
629 619 913 674 obruatur.
962 619 1261 689 Baptizabo
1292 629 1363 683 te,
1397 620 1635 685 docens,
1683 620 1738 674 in
1787 618 2008 674 nomine

428 710 607 767 Patris
629 752 646 778 ,
693 722 750 766 et
789 711 954 776 Filii,
997 722 1051 766 et
1083 712 1320 782 Spiritus
1351 712 1553 767 sancti.
1601 711 1812 766 Nomen
1845 725 2006 781 porro

428 819 595 856 unum
632 803 807 855 tribus
836 815 1156 866 commune,
1193 802 1398 857 Deitas.
1438 801 1740 872 lntelliges,
1780 810 1895 856 tum
1942 816 2008 854 ex

429 894 541 963 ipsa
576 908 755 947 rerum
783 892 965 961 specie
988 934 1004 958 ,
1042 901 1152 945 tum
1191 908 1253 947 ex
1296 894 1476 948 verbis
1506 894 1639 962 ipsis
1661 934 1676 959 ,
1714 903 1766 948 te
1791 907 2006 948 omnem

430 984 764 1053 impietatem
804 983 1032 1053 rejicere
1054 1023 1068 1049 ,
1096 995 1152 1038 et
1190 1000 1312 1039 cum
1350 994 1460 1039 tota
1493 984 1705 1039 Deitate
1729 982 2002 1052 conjungi.

427 1074 620 1138 Crede,
651 1076 909 1129 mundum
950 1077 1306 1144 universum,
1345 1086 1450 1130 tam
1480 1077 1572 1144 qui
1618 1074 1792 1130 oculis
1824 1076 2006 1128 cerni-

427 1174 538 1228 tur,
582 1180 747 1234 quam
787 1165 878 1234 qui
923 1164 1203 1219 oculorum
1239 1167 1488 1220 obtutum
1533 1165 1699 1234 fugit,
1735 1181 1762 1218 a
1802 1167 1911 1220 Deo
1937 1180 2004 1219 ex

429 1255 600 1310 nihilo
634 1264 880 1311 creatum
925 1271 1045 1311 esse
1067 1296 1080 1321 ,
1129 1267 1183 1311 et
1229 1255 1510 1311 Creatoris
1543 1257 1879 1326 providentia
1907 1272 2006 1327 gu-

426 1344 649 1400 bernari
672 1385 688 1411 ,
718 1345 939 1415 foroque
972 1346 1268 1416 aliquando
1295 1386 1311 1412 ,
1376 1354 1435 1400 ut
1487 1347 1538 1400 in
1575 1348 2005 1415 praestantiorem

428 1447 633 1492 statum
675 1437 1016 1492 immutetur.
1047 1438 1255 1502 Crede,
1312 1438 1514 1491 nullam
1551 1438 1678 1492 mali
1715 1439 2006 1492 essentiam

429 1542 585 1595 esse,
645 1542 747 1583 nec
797 1545 1064 1599 regnum,
1102 1538 1192 1583 aut
1235 1530 1486 1599 principii
1514 1544 1744 1599 expers,
1776 1539 1868 1583 aut
1893 1547 1921 1583 a
1950 1543 2009 1584 se

427 1620 549 1688 ipso
587 1621 892 1675 subsistens
914 1660 930 1685 ,
984 1631 1076 1675 aut
1116 1636 1148 1676 a
1185 1621 1296 1675 Deo
1319 1629 1566 1675 creatum
1593 1660 1609 1685 ,
1642 1623 1734 1675 sed
1764 1636 2006 1675 nosuum

2108 443 2253 489 νατω
2286 434 2396 502 (62)
2420 450 2434 463 ⁶
2476 433 2509 504 ἢ
2555 432 2889 485 κινδυνεύσει
2941 432 3385 504 λιθοϐολούμενον
3433 434 3513 505 τῷ
3544 435 3689 508 λόγῳ

2107 527 2205 596 τῆς
2228 524 2502 596 ἀληθείας.
2524 524 2786 577 Βαπτίσω
2812 541 2871 576 σε
2902 523 3245 594 μαθητεύων,
3272 526 3353 589 εἰς
3381 525 3553 597 δνομα
3581 527 3692 580 Πα-

2094 616 2254 691 πρὸς,
2308 615 2404 668 καὶ
2454 612 2607 678 Υἱοῢ,
2656 615 2751 668 καὶ
2800 614 2955 683 ἁγίου
2998 616 3335 685 Πνεύματος.
3390 618 3600 688 Ὄνομα
3633 619 3692 671 δέ

2109 705 2284 759 κοινὸν
2312 705 2419 759 τῶν
2447 704 2614 776 τριῶν
2644 703 2701 758 ἓν
2726 704 2857 776 (65),
2889 707 2922 777 ἡ
2969 705 3177 777 θεότης.
3211 708 3399 779 Γνώσῃ
3446 709 3541 762 καὶ
3576 713 3691 773 τοῖς

2110 801 2351 870 σχήμασι
2369 798 2477 870 (64)
2521 798 2616 850 καὶ
2658 800 2770 861 τοῖς
2806 798 3066 867 ῥήμασιν,
3099 798 3176 862 ὡς
3220 800 3348 871 ὃλην
3379 802 3691 874 ἀποπέμπῃ

2108 891 2206 963 τὴν
2235 889 2443 953 ἀθεῖαν,
2473 888 2645 952 οὕτως
2685 888 2782 959 ὅλῃ
2812 888 3024 960 θεότητι
3070 893 3522 961 συντασσόμενος.
3589 894 3692 946 Πί-

2114 997 2292 1042 στευε,
2312 979 2403 1032 τὸν
2449 978 2736 1049 σύμπαντα
2784 971 3008 1049 κόσμον,
3056 981 3180 1043 ὅσος
3220 997 3281 1033 τε
3327 983 3544 1054 ὁρατὸς,
3596 986 3695 1037 καὶ

2106 1071 2230 1134 ὅσος
2261 1070 2510 1141 ἀόρατος,
2552 1069 2611 1136 ἐξ
2657 1069 2758 1121 οὐκ
2805 1070 2973 1123 ὄντων
3012 1072 3164 1145 παρὰ
3205 1072 3341 1127 Θεοῦ
3375 1076 3688 1144 γενόμενον,

2108 1164 2203 1217 καὶ
2215 1164 2439 1234 προνοίᾳ
2449 1162 2543 1215 τοῦ
2561 1164 2883 1234 ποιήσαντος
2897 1163 3096 1218 διοικού
3105 1183 3283 1235 μενον,
3300 1166 3555 1233 δέξασθαι
3575 1168 3691 1239 (65)

2108 1255 2205 1324 τὴν
2235 1256 2315 1318 εἰς
2345 1255 2407 1307 τὸ
2451 1257 2696 1325 κρεῖττον
2733 1254 3056 1325 μεταϐολήν.
3104 1257 3356 1320 Πίστευε,
3387 1259 3461 1328 μὴ
3498 1259 3694 1314 οὐσίαν

2109 1340 2244 1397 εἶναί
2262 1344 2371 1415 (66)
2401 1361 2523 1398 τινα
2553 1343 2648 1397 τοῦ
2700 1344 2892 1409 κακοῦ,
2931 1347 3066 1416 μήτε
3116 1347 3410 1417 βασιλείαν,
3444 1351 3476 1419 ἦ
3510 1350 3698 1421 ἄναρ-

2107 1453 2222 1506 χον,
2256 1437 2290 1507 ἢ
2335 1437 2466 1507 παρ’
2519 1436 2719 1506 ἑαυτῆς
2753 1437 3088 1504 ὑποστᾶσαν,
3143 1438 3175 1508 ἢ
3212 1439 3383 1510 ’παρά
3416 1439 3513 1494 τοῦ
3554 1441 3695 1494 Θεοῦ

2110 1528 2430 1599 γενομένην,
2467 1527 2582 1581 ἀλλ’
2610 1528 2881 1599 ἡμέτερον
2907 1527 3071 1598 ἔργον
3115 1524 3255 1583 εἶναι
3286 1531 3446 1584 τοῦτο
3469 1533 3566 1584 καὶ
3594 1531 3696 1585 τοῦ

2111 1615 2375 1687 πονηροῦ,
2426 1619 2490 1670 ἐκ
2526 1616 2626 1685 τῆς
2664 1616 2995 1687 ἀπροσεξίας
3040 1617 3353 1671 ἐπεισελθὸν
3385 1620 3537 1691 ἡμῖν,
3576 1621 3698 1674 ἀλλ’

425 1726 563 1779 opus
591 1714 691 1767 hoc
719 1721 939 1776 esseet
979 1711 1138 1766 Pravi
1171 1712 1337 1777 illius,
1370 1713 1571 1765 malum
1612 1726 1679 1766 ex
1719 1711 1927 1764 incuria
1958 1719 2009 1765 et

2113 1708 2231 1778 οὐχὶ
2260 1707 2353 1761 τοῦ
2383 1708 2685 1770 κτίσαντος.
2723 1708 2974 1770 Πίστευε,
3003 1709 3094 1762 τὸν
3128 1709 3256 1762 Υἰὸν
3288 1706 3568 1775 τοῦΘεοῦ,
3600 1713 3700 1765 τὸν

426 1803 677 1857 socordia
711 1803 777 1857 ad
810 1817 911 1858 nos
950 1803 1238 1873 irrepsisse
1261 1841 1276 1867 ,
1323 1817 1428 1856 non
1459 1815 1639 1856 autem
1671 1817 1700 1855 a
1728 1801 2006 1857 Creatore.

427 1891 601 1947 Crede
625 1936 639 1960 ,
671 1891 767 1947 Dei
798 1891 994 1946 Filium
1020 1931 1037 1957 ,
1076 1892 1312 1948 Verbum
1357 1891 1485 1945 illud
1513 1893 1767 1947 omnibus
1797 1892 2011 1946 stnculis

428 1983 742 2052 antiquius,
785 1994 953 2053 atque
987 1983 1125 2036 citra
1160 1983 1327 2036 ullum
1370 1984 1630 2052 temporis
1667 1982 2008 2052 principium,

428 2082 487 2128 et
514 2075 835 2138 incorpnreo
860 2073 1021 2127 modo
1038 2087 1067 2125 a
1088 2072 1249 2126 Patre
1281 2073 1544 2140 genitum,
1574 2073 1736 2136 hunc,
1767 2073 2008 2142 inquam,

429 2160 526 2218 ι)εῆ
564 2163 801 2229 Filium,
848 2164 1108 2218 extremis
1153 2163 1378 2229 diebus,
1418 2163 1655 2219 hominis
1690 2179 1903 2234 quoque
1944 2165 2009 2219 il-

428 2254 559 2307 lium
594 2261 684 2306 tua
714 2267 880 2308 causa
907 2253 1108 2307 factum
1138 2266 1262 2308 esse
1282 2293 1297 2313 ,
1327 2268 1531 2308 arcano
1575 2256 1768 2320 modo,
1803 2270 1867 2309 ac
1894 2256 2012 2310 sine

429 2346 540 2401 ulla
582 2347 844 2416 spurcitie
879 2361 947 2402 ex
975 2345 1195 2417 Virgine
1237 2346 1408 2401 Maria
1453 2363 1799 2417 progressum
1849 2349 2010 2419 (nihil

427 2440 575 2493 cnim
610 2453 901 2508 spurcum,
944 2438 1031 2493 ubi
1066 2439 1233 2509 728
1270 2436 1413 2493 Deus
1445 2448 1549 2505 est,
1581 2447 1636 2494 et
1659 2440 1812 2508 cujus
1841 2442 2011 2496 bene-

431 2531 555 2587 ﬁcio
605 2538 662 2585 et
708 2545 873 2601 opera
926 2532 1074 2587 salus
1131 2533 1413 2603 paratur);
1475 2542 1649 2589 totum
1713 2534 2010 2601 hominem,

427 2624 675 2679 eumdem
717 2631 773 2677 et
813 2624 1013 2682 Deum.
1057 2638 1157 2693 pro
1201 2634 1315 2680 toto
1362 2625 1586 2680 homine
1631 2625 1761 2680 laeso
1790 2635 1867 2691 ut,
1901 2636 2011 2683 tota

429 2714 639 2784 peccati
696 2715 1155 2771 condemnatione
1198 2717 1433 2772 rescissa
1464 2757 1479 2783 ,
1527 2717 1621 2771 tibi
1649 2718 1745 2772 toti
1781 2719 2010 2773 salutem

350 2856 361 2863 ,
430 2802 658 2867 atterat;
692 2804 1050 2875 impatibilem
1079 2806 1384 2874 divinitate,
1412 2806 1694 2876 patibilem
1719 2819 2014 2878 assumptze

431 2895 790 2950 humanitatis
836 2896 1080 2960 ratione;
1128 2904 1340 2953 tantum
1391 2898 1666 2952 hominem
1700 2909 1926 2969 propter
1961 2910 2013 2954 te

429 2987 701 3051 eﬂ'ectum,
731 2997 994 3058 quantum
1028 2998 1084 3043 tu
1113 3000 1338 3059 propter
1379 2991 1530 3047 illum
1579 2995 1721 3049 Deus
1749 2991 2009 3057 eiﬁceris;

431 3080 579 3137 hunc
601 3090 825 3151 propter
843 3079 1165 3149 iniquitates
1189 3093 1410 3137 nostras
1426 3084 1495 3138 ad
1520 3092 1747 3139 mortem
1768 3082 2012 3148 ductum,

431 3175 486 3229 in
524 3188 743 3228 crucem
781 3172 1053 3228 sublatum
1076 3211 1094 3237 ,
1139 3179 1195 3227 et
1233 3174 1508 3240 sepultura
1559 3174 1811 3230 allectum
1850 3174 2017 3228 fuisse

432 3263 722 3337 (hactenus
763 3263 1008 3328 scilicet,
1042 3271 1100 3317 ut
1131 3272 1365 3318 mortem
1407 3266 1707 3336 gustaret),
1743 3265 1904 3320 tertio
1922 3266 2018 3319 de-

431 3371 579 3409 mum
613 3354 703 3409 die
740 3355 806 3407 ad
840 3356 1006 3408 vitam
1039 3354 1272 3409 rediisse
1296 3394 1312 3419 ,
1353 3365 1517 3425 atque
1549 3357 1604 3410 in
1633 3355 1800 3411 caelos
1827 3370 2017 3410 ascen-

432 3446 614 3504 disse.
651 3453 711 3498 ut
740 3455 793 3499 te
820 3444 970 3499 humi
1001 3445 1274 3515 jacentem
1309 3461 1495 3501 secum
1533 3447 1722 3511 ducat;
1758 3462 1821 3502 ac
1865 3447 2018 3501 deni-

434 3547 542 3602 que
575 3532 871 3601 gloriosum
904 3543 961 3588 et
988 3533 1253 3588 illustrem
1288 3536 1589 3590 rediturum
1610 3575 1626 3600 ,
1679 3545 1737 3590 ut
1777 3538 1843 3590 de
1878 3537 2018 3589 vivis

434 3640 502 3680 ac
529 3625 757 3679 mortuis
786 3624 1050 3697 judicium
1093 3625 1267 3693 ferat;
1314 3642 1422 3683 non
1455 3628 1566 3698 jam
1609 3629 1757 3682 illum
1798 3629 2014 3697 quidem

435 3731 723 3780 carueum,
772 3730 872 3771 nec
914 3733 1146 3786 corpore
1189 3728 1370 3773 tamen
1416 3731 1736 3785 vacantem,
1787 3720 1881 3774 88d
1922 3735 2017 3772 au-

434 3805 646 3873 gustius
697 3806 1047 3876 diviniusque
1105 3823 1308 3877 corpus
1363 3809 1689 3874 habentem;
1751 3809 2018 3878 qualeque

434 3899 552 3966 ipse
575 3897 726 3953 solus
754 3900 907 3953 novit
934 3909 1011 3964 ut,
1028 3908 1085 3954 et
1109 3903 1177 3955 ab
1201 3901 1287 3954 his
1312 3901 1403 3971 qui
1430 3917 1553 3955 eum
1578 3911 1919 3972 pupugcrunt
1945 3904 2014 3965 ’⁸,

436 3989 705 4053 videatur,
733 3999 788 4044 et
825 3991 987 4057 Deus,
1019 3992 1197 4045 omnis
1230 3992 1390 4046 molis
1417 4001 1472 4046 et
1497 3993 1767 4048 crassitiei
1798 4007 2015 4061 expers,

437 4089 673 4135 maneat.
699 4079 875 4136 Crede
909 4090 1172 4149 praeterea
1211 4082 1697 4148 resurrectionem,
1725 4082 2012 4149 judicium,

436 4169 740 4223 mercedem
771 4169 838 4223 ad
861 4168 1064 4237 justam
1100 4169 1192 4224 Dei
1224 4170 1437 4226 lancem
1476 4173 1822 4242 exigendam.
1868 4172 2016 4227 lianc

433 4272 597 4326 porro
623 4259 719 4324 iis,
755 4262 849 4330 qui
883 4263 1069 4316 animo
1096 4271 1151 4315 et
1182 4272 1364 4318 mente
1414 4264 1626 4334 purgati
1671 4261 1895 4329 fuerint,
1934 4264 2017 4317 lu-

2112 1798 2433 1870 προαιώνιον
2474 1799 2667 1864 Λόγον,
2716 1799 2808 1851 τὸν
2860 1800 3190 1870 γεννηθέντα
3222 1802 3285 1853 ἐκ
3330 1800 3428 1854 τοῦ
3478 1802 3701 1872 Πατρὸς

2111 1889 2355 1959 ἀχρόνως
2397 1889 2492 1941 καὶ¹
2543 1889 2872 1960 ἀσωμάτως,
2920 1890 3111 1944 τοῦτον
3163 1893 3251 1945 ἐπ’
3297 1893 3542 1964 ἐσχάτων
3584 1896 3702 1948 τῶν

2110 1981 2352 2051 ἡμερῶν,
2378 1980 2712 2050 γεγενῆσθαι
2757 1981 2870 2052 (67)
2902 1982 2993 2036 διὰ
3020 1984 3080 2037 σὲ
3106 1985 3202 2038 καὶ
3223 1984 3350 2038 Υίὸν
3381 1986 3700 2058 ἀνθρώπου,

2111 2074 2176 2125 ἐκ
2200 2073 2300 2143 τῆς
2342 2072 2624 2144 Παρθένου
2663 2074 2995 2145 προελθόντα
3039 2076 3280 2147 Μαρίας,
3316 2079 3570 2151 ἀρρήτως
3599 2083 3705 2136 καὶ

2110 2164 2410 2236 ἀρυπάρως
2448 2165 2620 2235 (οὐδὲν
2662 2165 2772 2238 γὰρ
2824 2167 3066 2239 ῥυπαρὸν
3109 2162 3172 2222 οὗ
3216 2169 3369 2234 Θεὸς,
3400 2172 3493 2225 καὶ
3531 2172 3601 2225 διε
3631 2168 3700 2228 οὗ

2113 2256 2357 2326 σωτηρία
2379 2254 2538 2327 [68]),
2571 2254 2692 2308 ὅλον
2719 2255 3026 2330 ἄνθρωπον,
3070 2259 3162 2312 τὸν
3208 2261 3369 2314 αὐτὸν
3410 2264 3506 2315 καὶ
3540 2262 3701 2328 Θεὸν,

2113 2347 2252 2420 ὑπὲρ
2276 2348 2400 2402 ὅλου
2430 2348 2525 2401 τοῦ
2560 2347 2911 2414 πεπονθότος,
2938 2350 3026 2405 ἵνα
3046 2352 3152 2423 ὅλῳ
3176 2370 3258 2407 σοι
3287 2352 3388 2426 τὴν
3416 2356 3703 2427 σωτηρίαν

2111 2439 2427 2511 χαρίσηται,
2461 2438 2581 2492 ὅλον
2608 2438 2669 2491 τὸ
2697 2439 3015 2510 κατάκριμα
3046 2440 3214 2504 λύσας
3243 2443 3343 2513 τῆς
3375 2444 3659 2514 ἁμαρτίας
3682 2460 3699 2475 ·

2113 2531 2299 2602 ἀπαθῆ
2328 2531 2562 2602 θεότητι,
2596 2529 2839 2601 παθητὸν
2882 2531 2960 2602 τῷ
2988 2532 3102 2604 (69)
3149 2533 3539 2605 προσλήμματι
3563 2552 3579 2566 ·
3611 2553 3703 2588 το-

2114 2622 2304 2674 σοῦτον
2345 2621 2630 2691 ἄνθρωπον
2667 2619 2757 2672 διὰ
2811 2637 2891 2685 σε,
2936 2623 3058 2675 ὅσον
3094 2624 3158 2676 σὺ
3206 2623 3336 2695 γίνῃ
3372 2624 3440 2676 δι’
3487 2624 3703 2677 ἐκεῖνον

2112 2713 2242 2777 Θεός
2265 2729 2280 2745 ο
2308 2713 2496 2766 τοῦτον
2526 2713 2668 2787 ὑπὲρ
2700 2712 2810 2766 τῶν
2843 2713 3082 2784 ἀνομιῶν
3118 2709 3283 2785 ἦχθαι
3320 2716 3402 2779 εἰς
3440 2714 3701 2780 θάνατον,

2114 2801 2497 2874 σταυρωθέντα
2522 2819 2585 2856 τε
2614 2802 2727 2874 (70)
2758 2804 2852 2857 καὶ
2879 2803 3140 2873 ταφέντα,
3172 2805 3296 2858 ὅσον
3317 2804 3549 2859 θανάτου
3572 2807 3703 2875 γεύ-

2115 2894 2335 2958 σασθαι,
2375 2894 2471 2948 καὶ
2509 2893 2821 2948 ἀναστάντα
2856 2896 3175 2967 τριήμερόν,
3202 2896 3586 2967 ἀνεληλυθέναι
3622 2900 3704 2961 είς

2114 2986 2241 3048 τοὺς
2281 2985 2565 3056 οὐρανοὺς,
2612 2985 2701 3039 ἵνα
2751 3002 2811 3038 σε
2861 2987 3147 3058 συναγάγῃ
3199 2987 3351 3041 κάτω
3405 2989 3665 3058 κείμενον
3685 3006 3699 3017 ·

2114 3074 2264 3147 ἥξειν
2293 3092 2354 3129 τε
2376 3075 2488 3146 (71)
2538 3077 2699 3130 πάλιν
2744 3077 2881 3149 μετά
2910 3079 3004 3149 τῆς
3042 3078 3254 3144 ἐνδόξου
3284 3080 3448 3133 αὐτοῦ
3487 3098 3704 3153 παρου-

2119 3170 2260 3232 σίας,
2296 3170 2550 3240 κρίνοντα
2574 3168 2784 3233 ζῶντας
2809 3171 2902 3223 καὶ
2923 3170 3149 3241 νεκρούς
3167 3186 3181 3201 ο
3200 3172 3300 3224 οὐκ
3325 3171 3405 3224 ἔτι
3434 3172 3535 3242 μέν
3566 3175 3705 3246 σάρο

2116 3278 2209 3321 κα.
2248 3261 2351 3314 οὐκ
2390 3260 2682 3332 ἀσώματον
2723 3261 2803 3324 δὲ,
2842 3256 2925 3326 οἷς
2956 3264 3117 3326 αὐτὸς
3156 3260 3265 3316 οἶδε
3294 3263 3493 3331 λόγοις,
3529 3265 3705 3320 θεοει-

2115 3348 2368 3422 δεστέρου
2406 3349 2676 3421 σώματος,
2720 3351 2808 3404 ἵνα
2847 3353 2941 3405 καὶ
2973 3352 3111 3424 ὀφθῇ
3146 3353 3251 3406 ὑπὸ
3295 3353 3404 3406 τῶν
3436 3355 3705 3428 ἐκκεντη-

2119 3443 2349 3509 σάντων,
2385 3444 2480 3496 καὶ
2513 3443 2673 3516 μείνῃ
2696 3444 2830 3509 Θεὸς
2868 3444 2973 3511 ἔξω
3007 3446 3330 3516 παχύτητος.
3358 3447 3530 3518 Δέχου
3563 3450 3705 3521 πρὸς

2115 3536 2325 3598 τούτοις
2350 3535 2665 3601 ἀνάστασιν,
2713 3536 2914 3608 κρίσιν,
2943 3537 3298 3592 ἀνταπόδοσιν
3330 3544 3442 3604 τοῖς
3467 3542 3706 3606 δικαίοις

2115 3627 2210 3681 τοῦ
2237 3625 2374 3679 Θεοῦ
2414 3627 2691 3697 σταθμοῖς.
2720 3627 2937 3697 Ταύτην
2977 3627 3036 3680 δὲ
3069 3626 3207 3682 εἶναι
3243 3629 3359 3698 φῶς
3393 3634 3507 3694 τοῖς
3531 3649 3706 3687 κεκα-

2118 3718 2408 3791 θαρμένοις
2437 3720 2535 3790 τὴν
2573 3720 2832 3784 διάνοιαν,
2872 3720 3119 3775 τουτέστι
3152 3722 3603 3795 Θεὸν¹ὁρὼμενόν
3643 3744 3707 3779 τε

2117 3812 2211 3864 καὶ
2237 3813 2658 3884 γινωσκόμενον,
2704 3813 2844 3867 κατά
2874 3814 2973 3884 τὴν
3008 3814 3300 3882 ἀναλογίαν
3327 3816 3428 3885 τῆς
3458 3816 3707 3888 καθαρό-

2116 3921 2298 3975 τητος,
2349 3904 2378 3958 ὃ
2428 3905 2493 3976 δὴ
2552 3907 2645 3960 καὶ
2699 3905 2977 3976 βασιλείαν
3024 3907 3269 3978 οὐρανῶν
3317 3908 3700 3979 ὀνομάζομενο

2118 3996 2308 4060 σκότος
2333 3997 2390 4050 δὲ
2415 3999 2527 4061 τοῖς
2553 3996 2922 4066 τυφλώττουσι
2951 3997 3011 4051 τὸ
3036 3998 3383 4069 ἡγεμονικὸν,
3411 4001 3706 4055 τουτέστιν

2116 4087 2469 4160 ἀλλοτρίωσιν
2495 4088 2631 4143 Θεοῦ
2666 4089 2807 4143 κατά
2852 4090 2952 4161 τὴν
2994 4090 3287 4159 ἀναλογίαν
3316 4094 3417 4163 τῆς
3444 4091 3708 4148 ἐντεῦθεν

2116 4180 2495 4251 ἀμϐλυωπίας.
2533 4180 2924 4253 Δέκατον(72),
2967 4182 3201 4251 ἐργάζου
3243 4183 3308 4236 τὸ
3354 4183 3559 4250 ἀγαθὸν
3608 4187 3711 4239 ἐπὶ

2115 4272 2291 4344 τούτῳ
2321 4273 2401 4345 τῷ
2433 4274 2668 4345 θεμελίῳ
2714 4274 2822 4328 τῶν
2867 4274 3183 4345 δογμάτωνο
3221 4275 3429 4346 ἐπειδὴ,
3484 4276 3710 4343 Πίστις

434 4364 550 4403 cem
582 4366 730 4416 esse,
763 4353 866 4407 hoc
894 4363 1008 4420 est,
1040 4353 1208 4409 Deum
1234 4394 1250 4421 ,
1281 4369 1401 4410 sese
1427 4356 1646 4424 cuique,
1682 4370 1782 4425 pro
1806 4356 2009 4424 purita-

2118 4364 2298 4432 χωρὶς
2323 4365 2513 4435 ἔργων
2537 4365 2742 4435 νεκρὰ,
2783 4365 2860 4429 ὡς
2894 4364 3033 4436 ἔργα
3063 4366 3187 4436 δίχα
3225 4367 3479 4429 πίστεως.
3508 4366 3708 4438 Ἔχεις

504 4462 551 4494 ³⁸
574 4462 746 4533 Apoc.
773 4479 814 4530 ι,
848 4466 904 4520 7.

657 4574 829 4665 ﬁin
854 4579 1130 4665 μεέγάτω.
1157 4594 1320 4665 ξλεμ..
1336 4598 1426 4650 pn,
1462 4584 1865 4665 καταμεινάτω.

502 4639 984 4724 (ϐὂλξονομᾶ-(θὲ
1014 4651 1219 4724 aqua:
1249 4639 1368 4724 ξῷὶρ
1408 4639 1583 4719 τριῶν
1608 4639 1696 4706 ἓν.
1728 4653 1863 4724 Reg.
1902 4653 2011 4709 Μιιη·

434 4714 583 4792 απτ,
598 4714 826 4792 ’.Ὄνομα
852 4718 961 4772 τῶν
978 4720 1165 4792 τριῶν,
1190 4723 1223 4791 ἠ
1246 4714 1454 4791 θεότηςξ

504 4786 618 4858 (64)
656 4786 1106 4862 Σχῆμασι.,ϋιιο
1138 4786 1317 4853 codd,
1354 4786 1663 4862 πράγμασι.
1703 4790 1873 4847 Porro
1916 4808 2011 4861 per

431 4873 619 4913 vocem
657 4862 916 4928 σχήμασι,
945 4857 1254 4927 Gregorius,
1298 4870 1356 4914 ut
1383 4857 1594 4930 opinor,
1630 4857 2009 4929 signiﬁcat'ri—

431 4937 551 4999 tum,
575 4939 854 4999 externum
885 4944 947 4982 ac
984 4930 1232 4996 baptismi
1254 4932 1625 4993 caeremonias,
1648 4946 1784 4999 quas
1811 4933 1891 4985 sic
1911 4936 2004 4986 de-

431 4998 620 5071 scribit
655 4996 869 5071 Nicetas
895 5013 913 5071 _:
944 4999 1343 5071 Dupvoﬁpzvog,
1384 5000 1480 5071 ml.
1529 4996 2005 5071 ἀποστρεφόμενος

429 5069 524 5141 ἐπὶ
558 5066 787 5141 δυσμὰς,
823 5069 918 5141 καὶ
949 5066 1062 5141 ἄνω
1098 5066 1199 5131 τὰς
1230 5073 1418 5141 χεῖρας
1446 5070 1604 5141 ἔχων,
1631 5066 1889 5141 ἀρνήσεὶς
1916 5073 2005 5125 τὸν

430 5139 701 5231 Σατανξνο
761 5139 856 5231 καὶ
897 5139 1267 5231 ὁμολογήσεις
1302 5140 1415 5228 σὸν.
1436 5139 1589 5231 Θεὸν,
1640 5139 2006 5231 στρεφόμενος

429 5207 567 5279 πρὸς
596 5207 879 5273 ἀνατολὰς,
906 5207 1000 5262 καὶ
1028 5207 1177 5263 κάτω
1203 5211 1301 5274 τὰς
1330 5212 1517 5282 χεῖρας
1546 5207 1722 5281 ἐχωνδ
1762 5207 1795 5262 «ἡ
1830 5207 2005 5266 Vesti-

429 5278 532 5332 bus
573 5280 827 5344 nudatus,
879 5294 1211 5348 corporeque
1241 5281 1308 5333 ad
1338 5297 1587 5335 occasum
1625 5283 1893 5343 inversus,
1940 5296 2004 5335 ac

430 5361 625 5418 manus
649 5358 861 5402 erectas
887 5346 1403 5412 habens,’Satanam
1433 5349 1741 5418 ahjurabis;
1788 5365 2001 5405 rursus-

425 5432 534 5489 que
565 5417 630 5470 ad
662 5418 923 5489 orientem
949 5428 1001 5471 te
1029 5430 1368 5483 convertens,
1396 5417 1694 5489 manusque
1716 5423 2000 5489 depressas

429 5486 658 5550 habens,
686 5486 852 5540 Deum
883 5499 1029 5542 tuum
1054 5491 1402 5543 contitebere.
1435 5509 1454 5541 ι

497 5554 610 5625 (65)
652 5555 964 5628 Δέξαο-θαι.
993 5557 1177 5613 Billius
1210 5559 1357 5628 legit,
1385 5558 1650 5624 δέξεσθαι.
1677 5558 1754 5612 lta
1781 5559 2001 5628 scripsit

427 5626 496 5679 ad
524 5640 693 5691 marg.
718 5625 840 5683 Bas.
872 5630 959 5683 ed.
987 5628 1170 5685 Placet
1195 5625 1303 5684 haec
1327 5630 1484 5686 lectio
1502 5628 1846 5696 Combelisio,
1874 5625 1995 5698 quae

2108 4585 2318 4664 utique,
2353 4580 2477 4635 licet
2525 4581 2771 4636 codicum
2817 4583 3139 4638 auctoritate
3189 4584 3468 4651 destituta,
3501 4585 3707 4641 melior

2108 4652 2779 4801 vuzzgjrtobalaretrac;
2797 4720 2889 4776 Sic
2914 4721 3152 4791 plerique
3174 4723 3329 4779 codd.
3375 4722 3431 4777 ln
3463 4724 3575 4788 ed.,
3613 4723 3703 4780 εἱ-

2105 4808 2195 4845 ναι
2224 4799 2438 4857 pouitur
2463 4799 2582 4869 post
2607 4799 2814 4871 xaxou._

2178 4859 2725 4939 (672hl‘srsr110'0gf.
2761 4859 2851 4939 Sic
2878 4861 3056 4939 plures
3089 4861 3260 4939 Regg.
3290 4862 3451 4939 codd.
3489 4861 3581 4916 Sic
3619 4865 3702 4920 le-

2106 4939 2235 5000 gum
2267 4929 2585 5002 Nicetaset
2633 4931 2749 4983 Bill.
2791 4929 2847 5002 In
2880 4929 3396 5002 ed.,yeysvv'ﬁseat,
3449 4951 3469 4983 ι
3503 4944 3697 4989 natum

2100 4999 2219 5071 esse
2240 5016 2275 5071 ς⁸
2302 5019 2320 5051 ι
2358 5014 2477 5068 qua;
2502 4999 2659 5071 lectio
2683 5001 2870 5071 magis
2891 4999 3094 5071 arridet
3129 4999 3475 5056 Combeiisio.

2174 5069 2613 5154 (68),Σωτηρία.
2677 5069 2769 5124 Sic
2796 5069 2914 5124 'duo
2959 5070 3151 5136 C0isl.,
3189 5086 3294 5126 etc.
3330 5074 3384 5125 In
3414 5072 3539 5125 Par.
3571 5075 3694 5139 ed.,

2102 5155 2598 5330 ἓωὼτὲῧιᾙίξθητὲν
2634 5207 2734 5275 τῷ.
2778 5207 2868 5264 Sic
2900 5219 3010 5263 tres
3039 5210 3237 5282 Regg.,
3271 5209 3364 5266 Or.
3403 5211 3456 5277 l,
3492 5209 3694 5265 Comb.

2154 5295 2241 5330 98$
2292 5295 2371 5330 τω
2407 5294 2457 5329 ΙΙΙ
2499 5294 2528 5330 Θ
2572 5318 2586 5330 .

2154 5280 2749 5429 ῗῗὸῗὲτὲὸὲῶῦἐντα
2795 5366 2879 5402 τε.
2938 5347 3029 5405 Sic
3084 5351 3265 5422 plures
3315 5349 3473 5405 codd.
3528 5349 3698 5405 Deest

2100 5421 2526 5609 ξέἓὲξὲξιξειν
2579 5504 2661 5543 τε.
2702 5487 2792 5543 Sic
2818 5487 2991 5559 chg.
3030 5489 3142 5557 bm,
3180 5490 3274 5562 ph,
3304 5500 3410 5545 etc.
3464 5488 3520 5543 in
3574 5490 3694 5554 ed.,

2100 5556 2601 5698 ἧςῧῶδῗίέκατον.
2635 5627 2725 5685 Sic
2747 5628 2904 5684 codd.
2940 5629 2997 5683 in
3026 5629 3149 5685 l‘ar.
3186 5630 3299 5695 ed.,
3332 5628 3543 5686 δεκτόν.
