3902 6218
213 215 325 273 425
1150 213 1412 271 ORATIO
1448 211 1562 270 XL.
1602 247 1673 256 —
1710 211 1780 269 IN
1822 206 2154 272 SANCTUM
2190 214 2563 275 BAPTISMA.
3381 223 3487 280 ‘26

205 330 305 386 τοῦ
364 330 668 403 μυστηρίου
718 347 788 385 τα
833 330 1044 403 ἐκφορά
1061 371 1076 395 ,
1126 332 1221 385 καὶ
1273 336 1393 396 ταῖς
1437 333 1546 387 τῶν
1591 334 1799 390 πολλῶν

1909 336 1975 391 tis
2005 335 2240 400 ratione,
2267 334 2621 407 spectandum
2647 334 3200 407 cognoscendumque
3241 337 3485 405 praeben-

207 424 405 486 ἀκοαῖς
433 423 533 477 οὐκ
564 422 857 495 ἀπόρρητα
871 422 1006 495 (75).
1051 422 1133 477 Τὰ
1164 423 1220 477 δὲ
1245 423 1382 479 ἄλλα
1398 425 1509 497 (74)
1537 426 1670 480 εἴσω
1694 445 1799 499 μα-

1909 437 2039 494 tem,
2069 429 2121 483 id
2153 429 2297 498 quod
2330 442 2555 495 regnum
2591 442 2809 499 quoque
2833 428 3094 484 caelorum
3120 429 3483 500 appellamus;

206 515 377 586 θήσῃ,
410 514 512 585 τῆς
538 514 768 587 Τριάδος
793 513 1179 587 χαριζομένης,
1205 514 1242 570 ἃ.
1263 516 1358 570 καὶ
1389 517 1618 590 κρύψεις
1646 518 1799 591 παρὰ

1909 520 1976 578 iis
2006 529 2234 587 contra,
2268 521 2362 590 qui
2404 520 2574 576 animi
2615 520 2861 576 caecitate
2906 520 3198 587 laborant,
3238 520 3488 576 tenebras

209 605 430 676 σεαυτῷ
462 605 718 677 σφραγῖδι
752 606 1120 679 κρατούμενα.

1909 627 2065 681 esse,
2096 614 2198 669 hoc
2228 622 2345 679 est,
2392 611 2845 670 abalienationem
2885 622 3049 684 atque
3075 616 3416 670 aversionem
3452 627 3487 668 ο

212 700 327 754 Deo
351 739 368 764 ,
419 715 519 768 pro
570 700 917 755 hebetudinis
946 717 1010 755 ac
1043 703 1404 759 caecutientiae
1453 705 1648 770 modo,
1696 720 1800 775 qua
1844 707 2077 776 quisque
2113 707 2165 761 in
2235 708 2340 762 hac
2374 706 2488 761 vita
2555 707 2781 764 allectus
2815 709 2997 765 fuerit.
3031 709 3250 764 Decimo
3284 724 3349 763 ac
3391 724 3486 779 po-

207 806 426 850 Stremo
450 792 593 857 loco,
614 808 780 862 super
821 794 924 848 hoc
952 796 1264 866 tlogmatum
1325 796 1677 852 fundamento
1737 798 1879 853 bona
1917 814 2082 868 opera
2114 808 2373 865 exstrue;
2427 801 2862 869 quandoquidem
2902 802 3033 871 ﬁdes
3080 803 3194 856 sine
3243 805 3483 870 operibus

210 896 431 937 mortua
481 895 555 937 est
589 883 659 949 ³ο,
703 887 1158 953 quemadmodum
1206 899 1261 941 et
1324 904 1523 958 opera,
1572 891 1615 944 si
1673 889 1805 946 ﬁdes
1846 892 2010 945 ahsit.
2044 891 2224 947 Habes
2256 908 2378 962 qua:
2437 893 2502 947 de
2542 892 2802 963 mysterio
2874 893 3020 949 foras
3053 907 3360 966 exportare,
3396 907 3482 950 at-

206 989 321 1044 que
374 976 443 1029 ad
497 975 645 1046 vulgi
708 991 869 1031 aures
935 977 1132 1033 eﬂ‘erre
1194 980 1342 1035 licet.
1381 981 1587 1036 Caetera
1619 983 1784 1049 intus,
1818 981 2085 1041 Triuitate
2126 985 2424 1054 largiente,
2474 985 2760 1051 addisces,
2805 998 2928 1056 quae
2979 989 3145 1042 etiam
3186 989 3301 1058 ipsa
3342 988 3485 1057 apud

210 1068 451 1134 teipsum
503 1078 692 1135 tegas,
724 1068 872 1121 velut
900 1081 962 1121 ea
1001 1084 1122 1136 quae
1160 1072 1260 1124 sub
1296 1070 1472 1139 sigillo
1519 1080 1793 1127 tenentur.
3378 1142 3381 1147 η

281 1161 439 1226 ΜΕΓ.
471 1158 618 1230 Ηλὴν
642 1161 818 1214 ἐκεῖνο
845 1161 1273 1233 εὐαγγελίζομαι
1301 1182 1384 1218 σοι
1402 1166 1536 1237 (75).
1577 1168 1642 1220 Ἡ
1673 1166 1799 1220 στά-

1977 1164 2168 1220 XLVI.
2192 1163 2461 1220 Caeterum
2490 1164 2620 1220 illud
2651 1180 2717 1222 ex
2747 1181 2833 1221 me
2866 1167 3134 1237 intelligas
3152 1168 3333 1227 velim.
3357 1172 3485 1226 Sta-

208 1268 317 1317 σις,
353 1253 423 1323 ἣν
473 1252 668 1306 αὐτίκα
717 1255 889 1325 στήσῃ
940 1255 1078 1324 μετὰ
1126 1256 1186 1309 τὸ
1237 1256 1519 1329 βάπτισμα
1562 1259 1668 1330 πρὸ
1703 1259 1798 1314 τοῦ

1911 1260 1982 1314 tio
2022 1260 2137 1314 haec
2160 1299 2175 1323 ,
2228 1274 2333 1329 qua
2367 1259 2656 1315 confestim
2704 1274 2734 1313 a
2780 1259 3049 1328 baptismo
3071 1272 3197 1316 ante
3227 1278 3481 1333 maguum

211 1346 457 1418 μεγάλου
498 1345 761 1417 βήματος,
804 1348 905 1417 τῆς
945 1349 1154 1403 ἐκεῖθεν
1177 1351 1289 1420 (76)
1316 1352 1477 1422 δόξης
1519 1353 1637 1406 ἐστὶ
1667 1371 1799 1426 προ-

1909 1351 2209 1405 sacrarium
2250 1351 2461 1415 stabis,
2506 1349 2699 1406 futurae
2744 1352 2868 1406 vitae
2909 1352 3484 1425 gloriam-pr:esignat.

207 1436 499 1508 χάραγμα.
549 1436 616 1489 Ἡ
644 1434 952 1509 ψαλμῳδία,
985 1441 1103 1509 μεθ’
1131 1436 1200 1510 ἧς
1233 1440 1492 1515 δεχθήσῃ,
1525 1442 1625 1514 τῆς
1655 1445 1799 1498 ἐκεῖ·

1909 1443 2240 1501 Psalmorutn
2303 1452 2523 1511 cantus,
2583 1459 2706 1499 cum
2769 1458 2877 1515 quo
2957 1446 3282 1515 accipieris,
3342 1447 3487 1502 illius

209 1528 301 1582 θεν
327 1527 602 1600 ύμνῳδίας
643 1532 951 1602 προοίμιον.
996 1534 1063 1585 Αἰ
1103 1533 1405 1605 λαμπάδες,
1458 1535 1644 1608 ’ἇσπερ
1693 1538 1787 1590 ἀν-

1909 1532 2214 1603 hymnodim
2236 1531 2550 1602 praeludium
2573 1543 2675 1590 est.
2695 1532 3020 1604 Lampados,
3043 1536 3486 1606 quasjaccendes,

208 1622 510 1693 άψεις,τῆς
557 1623 766 1678 ἐκεῖθεν
815 1624 1182 1693 φωταγωγίας
1232 1629 1548 1698 μυστήριον,
1589 1628 1707 1700 μεθ’
1734 1623 1799 1699 ἦς

1909 1621 2052 1677 illius
2108 1623 2747 1694 luminum‘gestationis
2806 1624 3033 1694 ﬁguram
3085 1635 3311 1696 gerunt,
3361 1643 3485 1705 cum

206 1716 598 1788 ἁπαντήσομεν
622 1715 737 1788 (77)
779 1716 858 1788 τῷ
904 1718 1124 1789 νυμφίῳ
1156 1720 1383 1791 φαιδραὶ¹
1412 1721 1508 1774 καὶ
1538 1721 1796 1791 παρθένοι

204 1807 399 1877 ψυχαὶ,
443 1806 697 1879 φαιδραῖς
743 1810 861 1870 ταῖς
902 1807 1151 1879 λαμπάσι
1200 1810 1298 1880 τῆς
1344 1809 1604 1877 πίστεως,
1659 1812 1797 1883 μήτε

205 1898 567 1953 καθεύδουσαι
594 1900 682 1953 διά
716 1900 1013 1971 ρᾳθυμίαν,
1048 1901 1135 1955 ἵνα
1169 1902 1242 1973 μὴ
1276 1902 1413 1975 λάθῃ
1446 1903 1639 1976 παρὼν
1672 1905 1797 1960 ἀδο-

205 1993 394 2062 κήτως
414 1992 444 2044 ὀ
474 1990 948 2064 προσδοκώμενος,
980 1995 1118 2064 μήτε
1139 1993 1389 2066 ἄτροφοι,
1419 1997 1512 2050 καὶ
1535 1996 1797 2064 άνέλαιοι,

204 2085 305 2138 καὶ
343 2082 527 2137 καλῶν
579 2083 757 2156 ἔργων
805 2085 1061 2149 ἐπιδεεῖς,
1115 2085 1201 2138 ἵνα
1247 2086 1324 2157 μὴ
1369 2085 1466 2140 τοῦ
1509 2088 1799 2160 νυμφῶνος

204 2176 560 2246 ἐκπέσωμεν.
601 2174 747 2246 ὐρῶ
771 2175 883 2248 γὰρ
908 2175 970 2228 τὸ
992 2176 1186 2241 πάθος,
1216 2177 1293 2240 ὡς
1316 2177 1569 2231 ἐλεεινόν.
1614 2178 1673 2230 '0
1701 2178 1800 2249 μὲν

206 2268 505 2338 παρέσται,
541 2265 882 2337 ἀπαιτούσης
913 2266 1013 2337 τῆς
1050 2267 1305 2339 κραυγῆς
1327 2269 1427 2339 τὴν
1455 2268 1761 2339 ἀπάντησιν
1782 2286 1797 2299 ·

206 2361 265 2412 αἱ
313 2358 371 2411 δὲ
417 2359 849 2439 ἀπαντήσονται,
888 2360 1010 2413 ὅσαι
1044 2360 1323 2431 φρόνιμοι,
1369 2360 1509 2431 μετά
1545 2359 1798 2432 λαμπροῦ

205 2450 303 2505 τοῦ
331 2451 530 2519 φωτὸς,
559 2452 654 2505 καὶ
692 2450 1087 2523 δαψιλεστέρας
1122 2452 1223 2523 τῆς
1253 2451 1447 2506 τούτου
1476 2453 1681 2524 τροφῆς
1705 2472 1716 2482 ·
1744 2455 1801 2506 αἱ

206 2544 266 2597 δὲ
301 2544 739 2616 ταραχθήσονται
783 2542 1045 2615 ζητοῦσαι
1085 2544 1146 2597 τὸ
1193 2543 1371 2598 ἔλαιον
1400 2544 1502 2598 οὐκ
1527 2547 1584 2598 ἐν
1621 2544 1803 2619 καιρῷ

208 2637 366 2709 παρά
392 2636 502 2690 τῶν
533 2636 787 2707 ἑχόντων.
828 2636 888 2689 '0
925 2636 983 2690 δὲ
1014 2636 1380 2690 εἰσελεύσεται
1413 2638 1705 2709 δρομαῖος⁶
1742 2640 1799 2692 αἱ

206 2725 266 2777 δὲ
320 2725 861 2799 συνεισελεύσονται·
910 2727 967 2778 αἱ
1012 2726 1071 2779 δὲ
1114 2725 1664 2796 ἀποκλεισθήσονται,
1710 2727 1803 2781 τὸν

204 2816 301 2870 τοῦ
334 2816 599 2872 εἰσελθεῖν
629 2818 822 2889 καιρὸν
855 2820 935 2881 εἰς
968 2818 1031 2871 τὸ
1077 2817 1602 2890 παρασκευάσασθαι
1630 2818 1804 2872 δαπα-

205 2913 466 2985 νήσασαι,
514 2913 609 2966 καὶ
647 2913 818 2967 πολλὰ
868 2913 1358 2984 μετακλαύσονται,
1393 2914 1491 2984 ὀψὲ
1531 2913 1801 2985 μαθοῦσαι

1903 1727 2009 1782 qua
2046 1715 2341 1784 splendidae
2383 1727 2439 1770 et
2472 1716 2714 1786 virgines
2745 1716 2977 1782 animae,
3033 1718 3328 1788 splendidis
3356 1703 3488 1776 ﬁdei

1902 1805 2266 1876 lampadibus,
2324 1807 2543 1864 Christo
2598 1824 2797 1879 sponso
2855 1810 3069 1869 obviam
3113 1813 3484 1882 prodihimus,

1901 1909 2001 1950 nec
2054 1911 2152 1967 per
2201 1896 2471 1968 ignaviam
2527 1908 2583 1954 et
2623 1900 2927 1955 socordiam
2963 1900 3333 1971 dormientes,
3387 1919 3481 1970 ne,

1901 1985 2261 2042 inscientibus
2286 1988 2462 2052 nobis,
2512 1990 2581 2057 is,
2631 1990 2786 2060 cujus
2816 1993 3082 2047 adventus
3114 2001 3485 2062 exspectatur,

1901 2077 2180 2147 inopinato
2215 2080 2378 2145 adsit,
2409 2095 2509 2135 nec
2541 2081 2800 2137 alimento
2834 2091 2888 2138 et
2922 2083 3063 2149 oleo,
3111 2084 3275 2154 729
3301 2085 3488 2140 bonis-

1903 2184 2010 2239 que
2070 2172 2329 2241 operibus
2395 2183 2686 2240 carentes,
2741 2191 2812 2231 ne
2871 2192 2902 2230 a
2964 2178 3191 2246 nuptiali
3247 2178 3488 2238 thalamo

1901 2264 2280 2321 excludamur.
2306 2265 2588 2336 Prospicio
2623 2268 2767 2322 enim
2812 2270 2996 2324 animo
3040 2271 3250 2327 tristem
3287 2283 3343 2329 et
3381 2278 3485 2329 mi-

1902 2372 2082 2412 seram
2114 2359 2513 2414 calamitatem.
2548 2360 2740 2415 Aderit
2774 2361 2886 2428 ille,
2930 2377 3054 2417 cum
3092 2364 3302 2421 clamor
3327 2381 3489 2422 exor—

1908 2458 2016 2515 tus,
2054 2459 2118 2505 ut
2158 2452 2206 2506 ei
2239 2450 2453 2506 obviam
2488 2455 2834 2522 procedatur,
2871 2455 3052 2525 exiget
3085 2474 3100 2509 :
3128 2457 3215 2510 hae
3243 2458 3482 2525 quidem,

1905 2553 2169 2612 qu0tquot
2195 2544 2497 2611 prudentes
2529 2553 2656 2599 sunt
2683 2544 2902 2609 animm,
2943 2559 3064 2599 cum
3097 2547 3381 2615 Splendido
3403 2548 3485 2601 ln-

1906 2633 2077 2698 mine,
2103 2640 2159 2687 et
2195 2632 2438 2688 uberiori
2465 2633 2584 2700 ejus
2610 2632 2867 2688 alimonia
2900 2635 3001 2703 ipsi
3028 2646 3353 2704 occurrent;
3384 2651 3490 2691 ca:-

1905 2733 2039 2780 terae
2077 2735 2259 2779 autem
2287 2725 2340 2779 in
2373 2741 2564 2794 magna
2615 2728 3026 2795 perturbatione
3077 2738 3273 2797 erunt,
3308 2729 3486 2788 oleum

1906 2817 1976 2870 ab
2022 2817 2091 2872 iis
2173 2818 2370 2887 quibus
2423 2818 2696 2887 suppetit,
2741 2818 3121 2888 intempestive
3157 2832 3485 2881 quaerentes.

1907 2905 2003 2965 Ille
2050 2923 2215 2977 porro
2259 2907 2587 2964 festinanter
2635 2910 3011 2980 ingredietur:
3042 2913 3337 2981 prudentes
3390 2930 3491 2975 au-

204 3005 306 3078 τὴν
351 3005 558 3078 ζημίαν
598 3007 701 3077 τῆς
745 3006 1044 3078 ῥᾳθυμίας,
1091 3007 1220 3061 ὅταν
1274 3007 1471 3078 μηκέτι
1505 3007 1535 3059 ὁ
1580 3005 1799 3077 νυμφὼν

1913 3012 2021 3056 tem
2049 3001 2210 3056 simul
2236 3001 2575 3067 introibunt;
2628 3001 2792 3056 fatuae
2825 3019 2985 3068 vero,
3026 3020 3147 3074 qua:
3182 3014 3394 3078 tempus
3424 3009 3489 3063 il-

204 3099 403 3161 αὑταῖς
441 3098 713 3168 εἰσιτητὸς
749 3094 806 3169 ᾗ,
847 3098 941 3150 καὶ
984 3097 1154 3151 πολλὰ
1184 3097 1487 3167 δεομέναις,
1527 3097 1586 3151 ὃν
1615 3098 1804 3161 κακῶς

207 3192 436 3254 ἑαυταῖς
466 3190 801 3245 ἀπέκλεισαν
824 3190 968 3260 (78)·
1005 3189 1165 3245 ἄλλον
1187 3190 1389 3261 τρόπον
1423 3191 1804 3261 μιμησάμεναι

206 3287 338 3347 τοὺς
374 3284 743 3354 ὑστεροῦντας
773 3282 869 3336 τοῦ
902 3282 1104 3354 γάμου,
1136 3282 1196 3334 ὃν
1231 3284 1260 3336 ὁ
1292 3281 1458 3346 καλὸς
1494 3282 1678 3354 πατὴρ
1710 3284 1803 3336 ἐσ-

204 3381 302 3448 τιᾷ
322 3375 401 3447 τῷ
420 3376 573 3446 καλῷ
597 3376 838 3447 νυμφίῳ,
865 3375 954 3429 διὰ
975 3376 1075 3446 τὴν
1101 3378 1334 3444 γυναῖκα
1360 3374 1458 3446 τὴν
1480 3374 1802 3445 νεόνυμφον,

206 3473 240 3543 ἢ
279 3471 369 3524 διά
393 3471 486 3523 τὸν
515 3471 683 3542 ἀγρὸν
708 3470 800 3523 τὸν
831 3468 1119 3540 νεώνητον,
1138 3469 1175 3540 ἢ
1205 3469 1265 3522 τὸ
1294 3467 1487 3537 ζεῦγος
1510 3468 1619 3521 τῶν
1642 3467 1801 3538 βοῶν,

207 3560 246 3615 ὃ.
284 3560 476 3623 κακῶς
511 3560 834 3630 ἐκτήσαντο,
860 3557 948 3611 διά
975 3558 1087 3612 τῶν
1118 3557 1329 3630 μικρῶν
1358 3557 1427 3611 τὰ
1456 3556 1680 3628 μείζονα
1710 3555 1806 3630 ζη-

209 3652 517 3719 μιούμενοι.
567 3651 759 3714 Οὐδεὶς
801 3651 909 3722 γάρ
956 3651 1073 3703 ἐκεῖ
1118 3648 1226 3702 τῶν
1271 3648 1659 3721 ύπεροπτικῶν
1706 3650 1804 3704 καὶ

210 3742 496 3814 ῥᾳθύμων,
530 3742 651 3795 οὐδὲ
685 3741 796 3796 τῶν
828 3742 1092 3815 ῥυπαρῶς
1112 3742 1248 3815 (79),
1274 3742 1390 3795 ἀλλ’
1421 3744 1483 3795 ού
1518 3742 1804 3813 νυμφικῶς

207 3836 632 3905 ὲστολισμένων,
666 3837 768 3891 κᾶν
802 3835 1054 3889 ἐντεῦθεν
1093 3835 1288 3888 ἑαυτὸν
1327 3833 1536 3906 ἀξιώσῃ
1561 3834 1673 3905 (80)
1703 3834 1803 3904 τῆς

205 3926 422 3982 ἐκεῖθεν
451 3928 893 4000 λαμπροφορίας,
929 3927 1025 3982 καὶ
1057 3926 1234 3981 λαθὼν
1264 3928 1455 3981 ἑαυτὸν
1480 3927 1798 4000 παρενείρῃ,

206 4023 397 4084 κεναῖς
429 4020 643 4074 ἐλπίσιν
679 4019 1122 4092 ἐξαπατώμενος.
1159 4014 1295 4073 Εἶτα
1326 4020 1409 4082 τί;
1455 4021 1623 4074 Ὅταν
1655 4018 1801 4073 ἔνδον

205 4109 524 4181 γενώμεθα,
551 4110 674 4163 τότε
703 4107 846 4163 οἶδεν
878 4114 906 4164 ὁ
934 4110 1168 4181 νυμφίος
1193 4109 1229 4163 ἃ
1255 4109 1588 4174 διδάξειριαὶ
1610 4110 1647 4164 ἂ
1674 4127 1801 4163 συν-

207 4205 365 4257 έσται
413 4205 534 4266 ταῖς
579 4202 1046 4265 συνεισελθούσαις
1076 4201 1295 4272 ψυχαῖς.
1326 4202 1586 4255 Συνέσται
1619 4201 1699 4266 δὲ,
1724 4201 1801 4265 ὡς

1909 3092 2002 3146 luti
2028 3131 2043 3157 ,
2069 3106 2179 3162 quo
2212 3091 2623 3161 ingrediendum
2659 3093 2799 3158 erit,
2835 3093 2888 3147 in
2917 3093 3225 3164 lampadum
3251 3096 3488 3153 adorna-

1912 3185 2059 3239 tione
2080 3192 2560 3251 consumpserunt,
2597 3184 2665 3239 ab
2689 3185 2943 3255 ingressu
2965 3188 3316 3255 arcebuntur,
3346 3189 3488 3244 mul-

1909 3285 2132 3343 tumque
2164 3283 2221 3327 et
2264 3274 2502 3344 graviter
2565 3275 2959 3345 ingemisceut,
3011 3276 3267 3333 damnum
3318 3281 3488 3350 negli-

1908 3366 2090 3435 gentia
2144 3381 2242 3421 sua
2279 3365 2600 3435 desidiaque
2638 3375 2982 3421 contractum
3015 3384 3141 3424 sero
3181 3369 3488 3440 intelligen-

1910 3468 2027 3522 tes,
2082 3473 2205 3512 cum
2246 3457 2357 3526 jam
2394 3457 2555 3524 ipsis,
2594 3455 2894 3526 quamlibet
2937 3458 3136 3513 obnixe
3177 3460 3487 3529 petentibus

1909 3556 2072 3616 atque
2102 3546 2540 3612 obsecrantibus,
2576 3560 2917 3614 nequaquam
2970 3546 3106 3601 ultra
3157 3550 3225 3601 ad
3270 3549 3487 3619 nuptia-

1908 3639 2012 3694 lem
2040 3639 2337 3694 thalamum
2374 3640 2556 3694 aditus
2582 3641 2822 3708 patebit,
2851 3653 3011 3707 quem
3053 3640 3156 3693 sibi
3189 3639 3322 3711 ipsis
3343 3642 3489 3697 male

1907 3732 2302 3802 praecluserunt
2329 3731 2411 3792 ³²;
2442 3731 2548 3785 alio
2594 3731 2829 3799 quodam
2874 3731 3032 3786 modo
3081 3732 3204 3787 illos
3234 3733 3480 3801 imitante,

1907 3825 1997 3894 qtti
2034 3825 2257 3893 nuptiis,
2296 3839 2433 3893 quas
2457 3824 2636 3880 bonus
2675 3822 2764 3878 ille
2806 3834 2961 3891 pater
2989 3825 3133 3879 bono
3165 3839 3365 3894 sponso
3392 3841 3486 3880 ce-

1905 3916 2103 3983 lebrat,
2142 3915 2408 3970 interesse
2440 3926 2719 3980 recusant,
2765 3916 2849 3971 vel
2884 3927 3105 3986 propter
3139 3932 3365 3971 uxorem
3398 3933 3489 3971 rc-

1905 4024 2037 4065 cens
2069 4011 2328 4075 ductam,
2365 4009 2449 4062 vel
2500 4019 2720 4079 propter
2767 4023 2955 4079 agrum
3004 4022 3179 4078 nuper
3218 4019 3482 4077 emptum,

1905 4100 1991 4155 vel
2025 4109 2248 4170 propter
2286 4115 2384 4169 par
2441 4101 2608 4155 boum
2636 4098 2704 4165 ³²,
2742 4114 2867 4169 quae
2909 4100 3048 4152 male
3089 4098 3482 4167 acquisierunt,

1902 4207 2001 4261 per
2030 4193 2350 4261 exiguarum
2383 4190 2693 4258 leviumque
2741 4206 2922 4246 rerum
2973 4191 3210 4250 studium
3259 4192 3484 4262 majori-

205 4288 391 4364 οἷμαι,
428 4293 698 4347 διδάσκων
738 4292 809 4345 τά
835 4292 1146 4365 τελεώτερά
1174 4310 1236 4346 τε
1277 4294 1372 4346 καὶ
1405 4291 1796 4366 καθαρώτεραο

1909 4282 2008 4338 bus
2038 4283 2197 4337 bonis
2261 4295 2382 4336 sese
2415 4281 2735 4336 multantes.
2766 4278 2878 4335 Nec
2908 4282 3052 4336 enim
3087 4282 3196 4337 illic
3224 4283 3481 4351 cuiquam

203 4380 281 4437 ὧν
309 4385 406 4437 καὶ
435 4385 598 4454 ἡμεῖς
632 4382 1049 4453 μεταλάϐωμεν,
1083 4383 1137 4436 οἵ
1160 4399 1221 4435 τε
1248 4381 1591 4446 διδάσκοντες
1621 4381 1793 4434 ταῦτα

1909 4374 2143 4445 superbo
2191 4380 2247 4428 et
2286 4373 2564 4442 arroganti
2615 4373 2822 4427 homini
2866 4372 3016 4427 locus
3046 4383 3167 4435 est,
3199 4388 3299 4429 nec
3331 4375 3482 4443 segni

204 4478 301 4530 καὶ
353 4477 403 4529 οἱ
454 4474 834 4546 μανθάνοντες,
896 4477 953 4529 ὲν
1005 4474 1153 4545 αύτῷ
1201 4475 1421 4547 Χριστῷ
1474 4472 1552 4544 τῷ
1604 4473 1795 4544 Κυρίῳ

203 4571 236 4637 ἡ
249 4560 447 4637 μῶνμῷ
463 4568 497 4637 ἠ
516 4566 644 4633 δόξα
656 4568 750 4620 καὶ
771 4566 826 4620 τὸ
856 4564 1053 4636 κράτος
1071 4565 1276 4635 (8ί)είς
1295 4566 1422 4628 τοὺς
1453 4564 1794 4634 utimr/«482).

216 4659 418 4732 Ἀμήν.

276 4819 324 4851 ³⁸
361 4817 475 4873 Jac.
518 4834 592 4884 tt,
624 4817 714 4872 20.
794 4818 834 4849 ³¹
865 4816 1051 4870 Matth.
1082 4829 1211 4880 xxv,
1239 4815 1260 4866 1
1300 4827 1422 4881 sqq.

280 4982 398 5051 (7'5)
450 4981 801 5050 Ἀπόρῤητα.
869 4976 962 5030 Sic
999 4973 1158 5029 codd.
1204 4971 1377 5026 Prave
1420 4972 1474 5024 in
1518 4970 1641 5023 Par.
1684 4970 1795 5032 ed.,

207 5055 542 5179 ἀπό-ᾕρηται.
1176 5114 1189 5126 ρ
1391 5114 1402 5125 ,

283 5126 300 5196 (
339 5126 397 5196 ξι)
420 5121 520 5196 »Τὰ
550 5118 619 5172 δὲ
642 5118 824 5196 Wa.
858 5117 1018 5196 pres!
1176 5129 1228 5167 tn
1268 5113 1510 5182 pluribus
1540 5109 1709 5194 Begg.
1744 5117 1798 5162 et

207 5183 306 5252 Or‘.
337 5183 391 5248 Ι.
420 5194 475 5246 In
502 5189 790 5250 nonnullis,
824 5188 871 5240 τ’
896 5186 1031 5240 ἄλλα
1053 5183 1130 5238 δέ.

283 5248 400 5336 (75)
439 5263 565 5317 Σοι.
600 5248 792 5314 Plures
824 5255 997 5329 Regg.
1022 5295 1037 5320 ,
1085 5255 1237 5309 Orat.
1290 5252 1315 5305 1
1368 5262 1422 5306 et
1459 5248 1747 5307 Comheﬁs.
1775 5287 1791 5311 ,

210 5353 295 5391 σε.
568 5382 575 5387 .

284 5404 402 5470 (76}
449 5401 729 5457 Ἐκεῖθεν.
764 5397 1014 5470 Quinque
1031 5394 1463 5470 ﬁeggqﬁxeias.

341 5467 397 5538 7)
440 5463 1091 5540 Ἀπαντήσομενξροίει
1123 5463 1191 5540 ξ1,
1224 5463 1723 5540 ἀπαντήσοιμενεηη

341 5477 397 5538 7)
440 5477 913 5539 Ἀπαντήσομεν.
948 5477 1091 5521 υοιει
1138 5477 1191 5527 1,
1224 5477 1649 5532 απαντησοιμεν.

282 5477 398 5615 g8)
450 5543 867 5615 ’Anémtaarf.
908 5556 926 5589 t
965 5537 1385 5615 P_r:£clttserttnt.
1416 5551 1435 5584 ι
1475 5530 1567 5615 Sic
1607 5529 1793 5615 'Billiu's

210 5620 266 5673 in
286 5600 477 5685 ‘pri'tna
506 5616 616 5674 ed.,
646 5612 756 5685 vel,
794 5612 840 5663 si
881 5608 1073 5663 ntavis.
1116 5624 1135 5658 ι
1163 5604 1579 5664 excluserunt.“
1605 5600 1664 5656 In
1710 5615 1796 5656 se-

207 5682 390 5744 cunda
413 5700 564 5747 vero,
594 5701 613 5733 ι
645 5682 991 5736 incluserunt.
1019 5697 1037 5729 ι

389 5806 401 5822 ο
503 5779 776 5837 ΡΑτιιοι..
807 5773 926 5834 Gn.
950 5769 1227 5832 XXXVI

1902 4478 1957 4523 et
2004 4468 2202 4533 inerti,
2255 4482 2355 4521 nec
2416 4467 2635 4521 sordida
2694 4468 3006 4536 nuptiisque
3058 4468 3280 4537 indigna
3328 4479 3484 4524 veste

1905 4570 2174 4626 contecto,
2199 4558 2412 4614 etiamsi
2444 4559 2495 4613 in
2529 4559 2633 4614 hac
2670 4558 2780 4612 vita
2819 4559 3109 4628 splendore
3138 4559 3229 4613 illo
3260 4562 3477 4632 dignum

1909 4666 1970 4707 se
1990 4655 2284 4718 censuerit,
2314 4652 2609 4721 furtimque
2633 4666 2694 4707 se
2721 4651 2840 4708 aliis
2863 4654 3178 4719 inseruerit,
3210 4655 3354 4708 inani
3385 4668 3481 4723 spe

1498 4813 1542 4842 ³²
1583 4810 1713 4864 Luc.
1747 4825 1859 4875 xw,
1890 4808 1956 4862 lS
1985 4824 2104 4878 sqq.

1949 4966 2090 5048 ~(79)
2135 4963 2257 5018 Τῶν
2278 4928 2576 5032 ῥυπαρῶς.
2618 4963 2782 5019 Coisl.
2814 4966 2832 5018 ι
2868 4976 2922 5020 et
2959 4964 3053 5020 Or.
3081 4966 3132 5032 ι,
3160 4966 3268 5019 τῶν
3301 4967 3479 5035 ῥυπα-

1905 5054 2087 5195 ρυίέίξξ
2126 5104 2824 5195 ,ἶβςξγῖξδτξηάξιάξέῖριςξςε
2844 5102 3190 5195 Messi?
3222 5106 3470 5195 ρξροπῖξεξ

1909 5195 1928 5227 ι
1970 5175 2085 5230 Etsi
2126 5187 2329 5229 vestem
2372 5175 2517 5228 illam
2557 5176 2889 5242 Splendidam
2926 5192 2988 5229 :tc
3032 5176 3321 5243 nuptialem
3373 5178 3475 5230 sibi

1902 5246 2356 5315 arrogaverit,iac
2409 5245 2639 5313 seipSmn
2704 5260 2824 5297 cum
2871 5255 3060 5299 ornate
3096 5245 3477 5314 splendideque

1902 5314 2112 5370 vestitis
2138 5314 2504 5387 admiscuerit.
2541 5333 2559 5364 ι
2593 5315 2888 5384 Supplevit,
2911 5326 3052 5369 recte
3077 5318 3314 5382 quidem,
3333 5315 3476 5387 λαμ-ι

1896 5384 2171 5457 προφοροῦ
2179 5401 2227 5457 σι
2238 5424 2251 5435 .

1969 5452 2094 5527 (Si)
2117 5455 2227 5509 Kal
2251 5452 2318 5508 τὸ
2347 5453 2582 5508 κοάτοτι.
2627 5452 2752 5508 llaec
2778 5453 2971 5516 desunt
3006 5455 3059 5509 in
3101 5454 3271 5511 tribus
3302 5456 3471 5527 Regg.

1845 5537 1849 5540 ’
1897 5536 1952 5582 et
1987 5526 2082 5579 0r.
2125 5527 2175 5579 1.

1968 5595 2082 5667 (82)
2117 5593 2367 5662 Αὶῶνας.
2401 5593 2534 5664 Reg.
2576 5609 2662 5649 om
2693 5593 2861 5662 addit,
2902 5595 3008 5650 τῶν
3052 5593 3265 5650 αἰώνων
3326 5617 3342 5649 ι
3377 5611 3475 5652 sa:-

1899 5669 2160 5723 culorum.
2201 5686 2221 5719 ι

3153 5758 3228 5820 1!:-
