3902 6218
208 246 318 303 429

1256 242 1516 300 ORATIO
1554 243 1693 300 XLI.
1734 275 1805 286 --
1840 244 1910 299 ΙΝ
1947 244 2466 303 PENTEGOSTEN.

3378 254 3483 312 450

206 364 540 435 πανήγυρις·
588 361 669 432 τῷ
698 361 755 415 δὲ
803 361 1113 433 θεραπευτῇ
1157 359 1250 413 τοῦ
1298 361 1472 429 Λόγου
1499 336 1674 427 λόγος,
1710 361 1804 413 καὶ

1931 363 2104 416 'estum
2134 372 2221 417 est
2249 380 2265 416 :
2297 362 2460 417 Verbi
2483 371 2662 418 autem
2703 363 2917 430 cultori,
2945 380 3160 435 sermo;
3190 376 3247 423 et
3269 382 3335 422 ex
3367 384 3487 424 ser.-

205 453 384 522 λόγων
420 453 532 525 (88)
584 453 615 505 ὁ
672 452 750 522 τῷ
785 452 965 524 καιρῷ
991 450 1470 524 προσφορώτατος.
1499 452 1612 504 Καὶ
1655 451 1807 505 οὐδὲν

205 544 384 607 οὕτως
454 544 739 613 εὐφραίνει
790 543 957 597 καλὸν
996 541 1105 596 τῶν
1136 541 1443 611 φιλοκάλων
1495 541 1705 606 οὐδένα,
1733 540 1808 605 ὼς

204 638 269 690 τὸ
314 635 716 706 πανηγυρίζειν
770 632 1159 705 πνευματικῶς
1200 633 1295 686 τὸν
1338 632 1637 705 φιλέορτον.
1672 633 1809 686 Σκο-

208 729 407 800 πῶμεν
473 728 531 781 δὲ
571 727 766 791 οὕτως’
837 725 1117 799 Ἐορτάζει
1166 726 1261 778 καὶ
1338 724 1610 791 Ἰουδαῖος,
1674 722 1809 776 ἀλλὰ

209 820 360 874 κατά
416 819 479 872 τὸ
502 818 761 889 γράμμα·
821 818 909 871 τὸν
966 816 1077 888 γὰρ
1128 814 1440 887 σωματικὸν
1482 816 1693 869 διώκων
1720 815 1810 869 νό-

213 929 339 983 μον,
407 915 487 975 εἰς
550 910 642 962 τὸν
718 908 1091 978 πνευματικὸν
1160 907 1325 978 νόμον
1381 907 1480 960 οὐκ
1552 905 1808 976 ἔφθασεν.

223 1003 507 1074 Ἑορτάζει
559 1002 648 1055 καλ
689 1001 912 1071 Ἕλλην,
959 999 1097 1054 ἀλλὰ
1158 999 1302 1054 κατὰ
1348 999 1410 1052 τὸ
1465 998 1623 1070 σῶμα
1676 999 1808 1071 (89),

212 1097 311 1148 καὶ
367 1095 496 1157 τοὺς
550 1090 746 1145 ἑαυτοῦ
815 1088 972 1154 θεούς
1021 1106 1082 1142 τε
1139 1090 1233 1144 καὶ
1298 1086 1583 1160 δαίμοναςο
1642 1083 1718 1143 ὧν
1763 1087 1810 1141 οἱ

215 1187 322 1258 μὲν
370 1187 479 1238 εἰσὶ
528 1184 716 1239 παθῶν
763 1182 1090 1255 δημιουργοὶ
1152 1179 1272 1235 κατ’
1321 1183 1519 1245 αὐτοὺς
1548 1183 1810 1246 ἐκείνους,

211 1282 263 1330 οἱ
318 1277 377 1331 δὲ
432 1280 495 1330 ἑκ
545 1275 733 1346 παθῷν
782 1274 1148 1345 ἐτιμήθησαν.
1214 1267 1318 1327 Διὰ⁵
1359 1273 1517 1327 τοῦτο
1571 1273 1814 1346 ἐμπαθὲς

212 1368 399 1422 αὐτῶν
456 1368 552 1422 καὶ
586 1367 650 1420 τὸ
698 1366 999 1438 ἑορτάζειψ
1051 1366 1116 1418 ἵν’
1217 1365 1354 1436 τιμὴ
1385 1364 1520 1418 Θεοῦ
1542 1365 1603 1418 τὸ
1637 1367 1815 1437 ἁμαρ-

214 1461 425 1525 τάνειν,
474 1460 610 1530 πρὸς
650 1458 709 1512 ὃν
761 1457 1105 1529 καταφεύγει
1156 1457 1217 1510 τὸ
1254 1456 1450 1520 πάθος,
1509 1458 1585 1520 ὡς
1621 1473 1814 1527 σεμνο-

213 1553 459 1622 λόγημα.
505 1550 874 1622 Ἐορτάζομεν
908 1548 1021 1619 (90)
1063 1549 1154 1601 καὶ
1218 1549 1400 1619 ἡμεῖς,
1430 1547 1544 1601 ἀλλ’
1573 1548 1647 1611 ὼς
1671 1547 1819 1601 δοκεῖ

213 1642 295 1714 τῷ
344 1641 645 1712 Πνεύματι.
698 1642 857 1693 Δοκεῖ
903 1639 1047 1710 δὲ,ῆ
1102 1636 1361 1706 λέγοντάς
1413 1655 1466 1691 τι
1529 1638 1638 1693 τῶν
1666 1639 1814 1693 δεόν-

1910 452 2181 517 monibus,
2236 453 2304 518 is,
2353 454 2441 522 qui
2492 455 2720 524 tempori
2772 457 3011 511 maxime
3054 460 3322 528 congruit.
3375 456 3489 515 Nec

1912 544 2019 598 ulla
2068 544 2415 614 pulchritudo
2474 545 2699 616 perinde
2746 547 3168 618 pulchritudinis
3215 563 3485 605 amantem

1910 636 2168 702 oblectat,
2208 647 2266 689 ut
2293 636 2554 692 festorum
2581 650 2853 694 amantem
2876 641 3174 710 spiritualis
3201 642 3485 697 celebran-

1911 726 2100 780 durum
2154 727 2415 782 festorum
2469 729 2626 783 ratio.
2686 730 2777 784 Sic
2805 740 2983 785 autem
3035 733 3488 789 consideremus:

1911 816 2098 871 Festos
2148 814 2262 873 dies
2300 815 2518 874 Judaeus
2564 820 2725 873 etiam
2762 822 2892 891 agit,
2927 836 3114 876 verum
3155 822 3309 892 juxta
3350 824 3493 879 litte—

1914 925 2065 976 ram;
2108 909 2281 980 legem
2315 913 2472 986 enim
2509 928 2828 981 corpoream
2857 925 3196 983 consectans,
3228 917 3292 969 ad
3329 918 3493 986 spiriv

1915 999 2110 1053 tualem
2164 982 2333 1071 legem
2387 1017 2491 1056 non
2538 1005 2806 1071 pervenit.
2868 1000 3054 1059 Festos
3106 1022 3321 1075 quoque
3359 982 3494 1062 dies

1914 1090 2128 1161 gentilis
2159 1093 2290 1162 agit,
2328 1108 2513 1147 verum
2557 1094 2714 1162 juxta
2758 1110 2974 1166 corpus,
3011 1098 3246 1167 deosque
3275 1113 3405 1153 suos
3438 1107 3495 1154 et

1915 1182 2225 1248 daemones;
2253 1199 2482 1252 quorum
2514 1184 2604 1239 alii
2636 1186 2952 1243 vitiosarum
2986 1188 3330 1244 aﬂectionum
3369 1187 3495 1245 eﬂ'e-

1915 1283 2091 1330 ctores
2118 1284 2279 1343 atque
2306 1276 2586 1332 architecti
2623 1289 2768 1343 sunt,
2797 1283 3252 1349 quemadmodum
3277 1282 3497 1351 ipsitnet

1917 1375 2184 1430 asserunt,
2243 1366 2334 1420 alii
2389 1383 2452 1422 ex
2518 1369 2730 1425 vitiosis
2794 1367 3172 1424 allectionibus
3229 1372 3493 1426 honorem

1917 1459 2188 1513 consecuti
2237 1469 2381 1513 sunt.
2423 1458 2786 1525 Quamobrem
2827 1459 3016 1513 modus
3056 1459 3215 1514 etiam
3246 1460 3356 1527 ille,
3386 1477 3495 1531 quo

1919 1546 2055 1602 festa
2085 1548 2384 1614 celebrant,
2414 1566 2535 1604 cum
2583 1551 2796 1605 vitiosis
2849 1548 3228 1611 aﬂectionibus
3262 1552 3493 1622 conjun-

1919 1648 2039 1692 ctus
2065 1648 2180 1704 est;
2212 1648 2269 1691 ut
2310 1639 2414 1694 hoc
2442 1642 2615 1710 ipsum
2646 1640 2788 1710 quod
2822 1650 3067 1710 peccant,
3117 1642 3171 1696 in
3203 1642 3297 1697 Dei
3328 1644 3499 1697 hono-

213 1724 349 1799 των,
400 1735 435 1806 ἢ
486 1733 853 1805 πράττοντας.
901 1732 1013 1785 Καὶ
1046 1729 1205 1784 τοῦτό
1250 1731 1367 1783 ἑστι
1424 1727 1486 1782 τὺ
1538 1728 1816 1800 ἑορτάζειν

1931 1743 2032 1782 rem
2085 1732 2260 1796 cedat,
2293 1733 2358 1784 ad
2404 1745 2565 1800 quem
2635 1733 2850 1797 vitium,
2907 1733 3063 1802 quasi
3114 1724 3221 1788 res
3251 1733 3500 1804 quaedam

216 1824 400 1898 ἡμῶν,
423 1823 571 1894 ψυχῇ
627 1839 679 1875 τι
732 1818 1062 1891 θησαυρίσαι
1106 1817 1216 1871 τῶν
1261 1816 1510 1872 ἑστώτων
1549 1817 1642 1871 καὶ
1677 1835 1815 1890 κρα-

216 1914 523 1986 τουμένων,
557 1912 693 1968 ἀλλὰ
739 1911 815 1985 μὴ
856 1910 964 1964 τῶν
1029 1907 1462 1980 ὑποχωρούντων
1496 1909 1590 1961 καὶ
1621 1907 1818 1980 λυομέ-

219 2026 352 2075 νων,
408 2009 505 2063 καὶ
554 2006 731 2081 μικρὰ
779 2005 1074 2059 σαινόντων
1118 2003 1217 2074 τὴν
1266 2001 1538 2073 αἴσθησιν,
1559 2001 1629 2054 τὰ
1649 2002 1818 2055 πλείω

253 2100 302 2164 ὲ,
349 2098 759 2171 λυμαινομένων
814 2114 875 2151 τε
904 2096 1000 2150 καὶ
1047 2094 1414 2166 βλαπτόντων,
1465 2094 1608 2147 κατά
1632 2110 1696 2162 γε
1727 2094 1818 2148 τὸν

223 2188 360 2259 ἐμὸν
408 2187 585 2257 λόγον.
633 2186 886 2258 Ἀρκετδν
917 2185 1026 2256 γὰρ
1060 2185 1172 2253 (91)
1217 2183 1298 2253 τῷ
1339 2183 1615 2255 σώματιὴ
1651 2182 1819 2237 κακία

223 2264 416 2337 αύτοῢ.
474 2281 569 2345 Τί,
598 2280 657 2333 δὲ
713 2280 795 2334 δεῖ
838 2281 906 2350 τῇ
949 2277 1108 2347 φλογὶ
1159 2276 1404 2338 πλείονος
1456 2273 1610 2346 ὕλης,
1655 2274 1688 2346 ἦ
1742 2273 1819 2344 τῷ

225 2371 404 2445 θηρίῳ
460 2370 855 2442 δαψιλεστέρας
904 2368 1133 2439 τροφῆς,
1187 2366 1275 2420 ἵνα
1337 2364 1536 2435 μᾶλλον
1587 2364 1821 2418 δυσκάθ-

222 2479 384 2517 εκτον
446 2462 668 2534 γένηται
741 2461 854 2533 (92)
878 2501 902 2526 ,,
968 2459 1063 2512 καὶ
1137 2456 1234 2510 τοῦ
1304 2455 1573 2528 λογισμοῦ
1649 2456 1821 2528 βιαιόο

220 2573 383 2629 τερον
402 2572 418 2623 ;

1919 1821 2145 1877 honesta
2186 1834 2240 1877 et
2285 1825 2647 1892 praedicanda,
2700 1825 2963 1897 confugit.
3005 1825 3193 1881 Festos
3238 1826 3352 1881 dies
3398 1839 3501 1881 nos

1919 1922 2134 1980 quoque
2178 1911 2462 1979 agitamus,
2513 1924 2701 1965 verum
2750 1921 2809 1965 ut
2860 1906 3085 1982 Spiritui
3136 1923 3349 1982 gratum
3395 1925 3500 1968 est.

1919 1998 2142 2053 Gratum
2172 2010 2257 2053 est
2305 2014 2487 2069 porro,
2522 2016 2642 2057 eam
2685 2016 2715 2054 a
2758 2001 2914 2056 nobis
2956 2003 3219 2057 rationem
3259 2002 3404 2066 iniri,
3443 2011 3504 2059 ut

1917 2103 2127 2155 eorum,
2167 2106 2288 2159 qua:
2324 2091 2391 2144 ad
2426 2091 2623 2146 festum
2669 2094 2961 2161 pertinent,
2995 2093 3081 2148 vel
3125 2092 3328 2162 aliquid
3356 2091 3504 2147 dica-

1920 2197 2040 2236 mus
2086 2183 2170 2236 vel
2211 2199 2455 2253 agamus.
2491 2183 2603 2239 Nec
2652 2182 2839 2239 feriari
2902 2194 3148 2242 nostrum
3205 2186 3501 2257 quidquam

1914 2273 2190 2339 estaliud,
2244 2290 2408 2344 quam
2459 2278 2653 2331 anima:
2710 2276 2917 2348 aliquid
2974 2293 3164 2334 eorum
3220 2294 3503 2351 aggerere,

1917 2381 2037 2435 qua:
2071 2367 2225 2421 ﬁrma
2261 2378 2316 2422 et
2350 2368 2564 2423 stabilia
2603 2381 2747 2436 sunt,
2782 2386 2847 2425 ac
2879 2380 3163 2437 tenentur,
3189 2388 3294 2427 non
3321 2389 3386 2428 ea
3410 2389 3508 2427 au-

1919 2472 2026 2515 tem
2071 2477 2191 2531 quae
2226 2460 2524 2532 suil'ugiunt
2566 2472 2622 2517 et
2660 2463 2995 2529 dilabuntur,
3032 2464 3331 2536 leviterque
3365 2467 3504 2520 dun-

1920 2561 2070 2606 taxat
2095 2568 2311 2607 sensum
2342 2554 2672 2619 demulcent,
2709 2570 2899 2625 magna
2928 2569 3058 2610 vero
3088 2570 3154 2611 ex
3185 2568 3358 2625 parte,
3387 2572 3508 2613 meo

222 2648 446 2717 quidem
478 2646 709 2716 judicio,
740 2654 794 2701 et
838 2644 1185 2710 labefactant,
1217 2653 1272 2697 et
1299 2656 1496 2696 noxam
1548 2641 1808 2697 inferunt.
1853 2640 2062 2699 Sullicit
2093 2645 2236 2698 enim
2299 2646 2510 2714 corpori
2549 2645 2756 2700 malitia
2818 2662 2916 2702 sua
2964 2646 3031 2700 ³³.
3101 2645 3242 2712 Quid
3278 2645 3510 2706 ﬂamth

222 2737 489 2809 ampliore
518 2740 747 2795 materia
782 2754 918 2803 opus
944 2747 1049 2802 est,
1079 2747 1173 2792 aut
1211 2736 1399 2792 bellua:
1469 2733 1630 2805 732
1667 2733 1960 2805 copiosiori
2025 2737 2300 2805 alimento,
2344 2748 2400 2794 ut
2444 2736 2777 2804 cll'renatior,
2837 2753 2902 2795 ac
2943 2739 3151 2795 ratione
3226 2739 3509 2797 violentior

223 2831 523 2886 reddatur?

295 2923 377 2978 B'.
432 2921 534 2975 Διὰ
572 2921 745 2976 ταῦτα
798 2922 896 2993 μὲν
925 2916 1021 2976 οὖν
1068 2919 1389 2992 ἑορταστὲον
1410 2917 1816 2989 πνευματικῶς.

1995 2921 2060 2975 ll.
2120 2920 2387 2986 Quocirca
2439 2920 2597 2976 nobis
2641 2919 2994 2991 spiritualiter
3057 2900 3505 2980 feriandum‘est.

236 3015 410 3088 Ἀρχὴ
454 3015 512 3068 δὲ
578 3013 675 3067 τοῦ
730 3012 891 3083 λόγου
928 3012 1147 3085 (ῥητέον
1196 3011 1326 3082 γὰρ,
1378 3011 1473 3065 καὶ
1532 3012 1580 3063 εἰ
1624 3011 1819 3082 μικρόν

1931 3013 2198 3069 Orationis
2247 3029 2410 3085 porro
2481 3014 2761 3069 exordium
2811 3014 2916 3069 erit
2974 3014 3283 3084 huiusmodi
3327 3015 3511 3088 (liceat

223 3125 281 3163 τι
328 3103 882 3180 παρεκϐατικὼτερος
929 3107 1065 3175 ἡμῖν
1118 3105 1147 3157 ὁ
1198 3103 1377 3171 λόγος,
1407 3104 1504 3155 κα)⁵
1535 3101 1823 3171 φιλοπονή-

222 3201 349 3255 ’δέον
376 3208 379 3211 ’
408 3200 524 3262 τοῖς
577 3197 901 3268 φιλολόγοις,
967 3197 1037 3250 ἵν’
1106 3195 1297 3267 ὥσπερ
1348 3195 1569 3266 ἥδυσμά
1637 3212 1688 3248 τι
1754 3196 1820 3265 τῇ

226 3291 540 3364 πανηγύρει
604 3287 1148 3360 συγκαταμίξωμεν)·
1190 3288 1301 3359 Τὴν
1360 3285 1626 3357 ἑϐδομάδα
1652 3285 1826 3355 τιμῶ-

228 3404 317 3440 σιν
351 3384 618 3456 Ἑϐραίων
663 3383 872 3449 παῖδες,
916 3383 982 3435 ὲκ
1035 3381 1133 3453 τῆς
1171 3377 1451 3442 Μωῦσέως
1482 3378 1821 3448 νομοθεσίας,

227 3478 424 3548 ὥσπερ
477 3477 527 3528 οἱ
575 3473 947 3546 Πυθαγορικοὶ
975 3471 1086 3543 (9'5)
1119 3470 1218 3542 τὴν
1244 3469 1547 3542 τετρακτὺν
1574 3466 1822 3540 ὕστερον,

227 3569 299 3641 ἢν
339 3569 406 3641 δὴ
452 3567 563 3639 (94)
613 3568 706 3622 καὶ
739 3568 900 3638 ὅρκον
935 3566 1289 3636 πεποίηνται·
1342 3562 1434 3616 καὶ
1471 3561 1569 3633 τὴν
1596 3560 1826 3629 όγδοάδα

230 3661 328 3717 καὶ
369 3659 660 3732 τριακάδα,
723 3661 770 3712 oi
837 3656 946 3712 ἀπὸ
1001 3657 1264 3727 Σίμωνος.
1328 3654 1422 3708 καὶ
1476 3653 1823 3724 Μαρκίωνος,

228 3748 315 3819 οἷς
358 3751 424 3825 δὴ
467 3753 561 3807 καὶ
619 3750 944 3823 ἰσαρίθμους
971 3748 1124 3812 τινὰς
1167 3745 1382 3808 Αίῶνας
1407 3744 1824 3816 ἐπονομάζουσι,

232 3848 330 3913 καὶ
379 3845 637 3914 τιμῶσιν.
701 3845 817 3899 Οὐκ
863 3838 982 3898 οἶδα
1029 3841 1133 3912 μὲν
1178 3834 1378 3893 οἷστισι
1417 3838 1594 3906 λόγοις
1630 3837 1827 3891 ἀναλο-

229 3939 382 4010 γίας,
428 3938 463 4010 ἢ
529 3936 674 3991 κατὰ
713 3937 837 3990 τίνα
872 3932 967 3988 τοῦ
1032 3931 1271 4003 ἀριθμοῦ
1323 3929 1512 3983 τούτου
1575 3929 1825 3999 δύναμιν,

228 4029 438 4100 τιμῶσι
465 4027 510 4080 δ’
561 4022 675 4081 οὖν.
732 4026 805 4079 Τὸ
862 4024 962 4096 μὲν
1020 4020 1307 4093 πρόδηλον,
1362 4020 1444 4073 ὅτι
1498 4020 1555 4071 ἑν
1590 4017 1650 4083 ἓξ
1699 4017 1830 4088 ἡμέ-

234 4139 364 4195 ραις
395 4123 424 4174 ὀ
463 4119 596 4183 Θεὸς
643 4119 744 4190 τὴν
793 4116 929 4187 ὓλην
976 4115 1293 4186 ὑποστήσας
1351 4130 1409 4166 τε
1461 4111 1555 4165 καὶ
1605 4112 1828 4182 μορφώ-

235 4228 363 4276 σας,
417 4210 514 4263 καὶ
558 4208 940 4279 διακοσμήσας
998 4204 1280 4267 παντοίοις
1329 4202 1495 4256 εἴδεσι
1553 4202 1646 4255 καὶ
1699 4218 1828 4270 συγ-

234 4302 496 4374 κρίμασι,
550 4301 647 4354 καὶ
701 4297 793 4351 τὸν
858 4296 956 4351 νῦν
1020 4292 1298 4367 ὁρώμενον
1367 4292 1555 4345 τοῦτον
1625 4291 1829 4361 κόσμον

1930 3107 2071 3161 enim
2123 3107 2251 3161 hinc
2307 3107 2600 3178 auspicari,
2657 3107 2871 3161 etiamsi
2929 3108 2998 3162 ab
3051 3107 3301 3164 instituto
3341 3123 3509 3181 argu-

1929 3207 2112 3252 mento
2148 3198 2237 3252 hic
2269 3213 2447 3254 sermo
2468 3198 2734 3270 {nonnihil
2779 3199 2988 3269 digredi
3030 3200 3299 3268 videatur,
3350 3213 3513 3274 atque

1930 3290 1985 3344 in
2016 3290 2378 3345 studiosorum
2409 3292 2637 3363 gratiam
2688 3290 2989 3356 elaborare,
3026 3302 3090 3346 ut
3131 3293 3275 3348 velut
3317 3297 3512 3351 condi-

1933 3391 2174 3435 mentum
2209 3383 2482 3451 quoddam
2515 3382 2677 3452 hujus
2710 3384 2816 3439 diei
2849 3384 3180 3441 solemnitati
3212 3387 3512 3443 admiscea-

1933 3473 2075 3543 mus)
2111 3473 2527 3543 :Septenarium
2581 3490 2888 3542 numerum,
2943 3493 3009 3532 ex
3079 3477 3213 3549 legis
3264 3478 3513 3535 Mosaicaa

1938 3566 2283 3632 praescripto,
2315 3564 2529 3621 Hebraei
2571 3567 2623 3621 in
2672 3568 2877 3624 honore
2903 3568 3122 3632 habent,
3161 3573 3513 3640 quemadmo-

1935 3653 2062 3707 dum
2114 3666 2298 3724 pos1ea
2353 3654 2678 3727 Pythagorei
2728 3658 3159 3727 quaternarium,
3220 3676 3320 3729 per
3350 3675 3513 3729 quem

1934 3746 2097 3799 etiam
2149 3747 2339 3814 jurare
2374 3760 2818 3816 consueverant;
2869 3760 3032 3819 atque
3064 3752 3406 3806 octonarium
3460 3763 3516 3808 et

1939 3838 2282 3893 tricenarium
2359 3839 2658 3895 Simoniani
2742 3857 2805 3895 ac
2892 3842 3248 3906 Marcionita,
3316 3843 3516 3914 quibus

1936 3931 2095 3983 etiam
2136 3942 2192 3985 et
2218 3946 2399 4001 parem
2424 3931 2665 3988 Eonum
2691 3947 2983 3988 numerum
3018 3934 3299 4004 assignant
3337 3943 3392 3990 et
3420 3951 3516 3991 co—

1937 4023 2069 4077 lunt.
2131 4024 2195 4078 Et
2250 4026 2508 4092 quidem,
2557 4040 2662 4095 qua
2709 4025 3079 4096 proportionis
3136 4026 3363 4094 ratione,
3421 4036 3516 4081 aut

1936 4125 2155 4185 propter
2185 4132 2344 4185 quam
2380 4115 2537 4184 huius
2561 4118 2775 4172 numeri
2811 4118 2916 4171 vim
2948 4132 3013 4171 ac
3041 4117 3362 4186 potentiam,
3390 4131 3515 4173 eum

1939 4208 1991 4260 in
2038 4209 2215 4276 pretio
2248 4209 2503 4273 habeant,
2560 4213 2707 4267 haud
2748 4211 2881 4276 scio,
2934 4210 3027 4264 sed
3064 4220 3240 4264 tamen
3290 4209 3512 4267 habent.

1939 4297 2260 4367 Quanquam
2294 4313 2357 4353 ea
2390 4299 2674 4368 perspicua
2706 4315 2869 4354 causa
2905 4298 3085 4353 all‘erri
3131 4308 3327 4368 potest,
3369 4304 3516 4370 quod

234 4394 499 4465 ποιήσας,
530 4395 598 4464 τῇ
630 4390 833 4462 ἑϐδόμῃ
864 4388 1206 4442 κατέπαυσεν
1233 4385 1341 4458 (95)
1373 4385 1481 4439 ἀπὸ
1501 4382 1609 4437 τῶν
1631 4382 1822 4455 ἔργων,

1938 4404 2058 4442 cum
2107 4390 2244 4444 Deus
2277 4404 2373 4445 sex
2397 4390 2605 4445 dierum
2639 4392 2814 4461 spatio
2849 4396 3138 4446 materiam
3170 4392 3518 4461 produxisset

232 4487 315 4552 ὡς
363 4485 516 4558 δηλοῖ
553 4484 648 4538 καὶ
702 4485 735 4554 ἡ
783 4482 880 4535 τοῦ
939 4479 1221 4534 Σαὸὅάτου
1296 4477 1639 4550 προσηγορία
1697 4474 1822 4545 (96),

1935 4491 1991 4535 et
2038 4480 2402 4549 informasset,
2456 4491 2619 4552 atque
2655 4486 2832 4538 omnis
2871 4483 3085 4552 generis
3131 4484 3412 4551 speciebus
3460 4494 3517 4539 et

236 4576 628 4635 κατάπαυσιν
661 4573 970 4648 Ἑϐραῖκῶς
1027 4571 1392 4645 σημαίνουσα.
1448 4570 1511 4622 Εἰ
1547 4568 1603 4620 δέ
1624 4586 1706 4631 τις
1743 4567 1822 4620 κα)

1936 4573 2404 4629 commistionibus
2462 4583 2819 4639 exornasset,
2885 4575 3253 4643 mundumque
3327 4574 3511 4638 hunc,

236 4669 575 4742 ὑψηλότερος
629 4671 759 4739 περὶ
803 4666 977 4722 ταῦτα
1038 4666 1215 4733 λόγος,
1266 4661 1416 4716 ἄλλοι
1452 4659 1822 4731 φιλοσοφείτω·

1939 4680 2096 4731 qnem
2128 4680 2270 4720 nunc
2297 4666 2592 4732 cernimus,
2646 4664 2982 4721 condidisset
3049 4666 3097 4698 “
3118 4706 3133 4729 ,
3168 4666 3399 4735 septimo
3427 4667 3517 4721 die

240 4780 367 4817 σαν.
431 4762 499 4815 Ἦ
564 4761 698 4832 τιμὴ
740 4759 797 4813 δὲ
840 4760 1045 4823 αὐτοῖς,
1103 4758 1202 4811 οὐκ
1260 4758 1319 4810 ἑν
1372 4754 1608 4825 ἡμέραις
1656 4752 1822 4823 μόνον

1939 4754 2008 4805 ab
2061 4754 2313 4821 operibus
2364 4756 2679 4825 conquievit
2744 4757 2827 4821 ³⁸,
2880 4756 3025 4810 velut
3074 4756 3248 4825 ipsum
3301 4770 3517 4827 quoque

237 4854 382 4909 ἀλλὰ
440 4854 538 4908 καὶ
574 4854 657 4917 είς
707 4851 985 4916 ἐνιαυτοὺς
1017 4850 1311 4920 φθάνουσα.
1371 4847 1436 4900 Ἡ
1487 4846 1583 4917 μὲν
1615 4840 1708 4898 οὖν
1734 4843 1822 4897 τῶ·

1941 4845 2161 4901 Sabbati
2196 4863 2390 4904 nomen
2421 4848 2646 4916 indicat,
2694 4849 2915 4920 quietem
2958 4847 3186 4904 Hebraea
3210 4841 3416 4919 ‘lingua
3441 4850 3516 4905 si-

319 4970 367 5001 ³³
410 4968 603 5024 Matth.
643 4983 719 5032 vi,
759 4966 847 5021 54.
926 4964 972 4997 ³⁸
993 4964 1133 5020 Gen.
1179 4978 1218 5027 t,
1252 4962 1278 5015 1
1343 4975 1463 5030 sqq.
1542 4959 1585 4991 ³⁵
1615 4957 1748 5014 Gen.
1778 4974 1839 5022 ll,
1881 4960 1935 5013 5.

341 5082 411 5137 88
473 5084 698 5149 Λόγων.
740 5081 931 5147 Savi|.,
959 5082 1138 5149 λόγος.

342 5084 434 5224 89)
472 5152 634 5208 Κατὰ
664 5152 731 5205 τὸ
757 5152 950 5222 σῶμα.
984 5152 1131 5205 Nicet

2015 5071 2128 5143 (95)
2165 5074 2233 5143 pl
2280 5069 2834 5143 Πυθαγορικοίηδίο
2889 5079 3002 5143 tres
3058 5068 3248 5140 Begg.,
3284 5078 3518 5139 quatuor

342 5140 434 5222 39)
472 5140 634 5208 Καιὲά
664 5152 731 5205 τὸ
757 5140 950 5222 σῶμά.
984 5140 1199 5205 Nicetes
1244 5148 1324 5207 sic
1372 5144 1591 5222 exppun
1629 5163 1641 5198 ε
1677 5162 1695 5194 ‹
1728 5140 1828 5197 Se-

1937 5137 2119 5206 Colb.,
2151 5139 2243 5197 0r.
2280 5145 2327 5202 l,
2354 5137 2466 5194 etc.
2496 5137 2657 5194 Deest
2683 5138 2731 5193 οἰ
2767 5140 2819 5192 ἱιι
2850 5137 2936 5193 ed.

2010 5214 2122 5288 (ᾖ)
2166 5209 2267 5288 ᾼῄ.
2294 5211 2453 5288 Deest
2479 5210 2532 5262 in
2563 5211 2680 5288 Reg.
2716 5209 2814 5288 bm_
2833 5219 2888 5262 et
2918 5207 3010 5288 Or_.
3040 5209 3138 5288 l."

2011 5282 2123 5354 (95)
2163 5277 2576 5354 κατέπαυσεν.
2604 5279 2775 5350 Regg.
2803 5280 2913 5345 bm,
2946 5279 3037 5347 ph,
3071 5277 3270 5348 aliique
3309 5278 3513 5348 plures,

1941 5353 2267 5406 καταπαύει.

2014 5422 2124 5493 (96)
2170 5422 2229 5478 Ἡ
2251 5419 2357 5475 τοῦ
2391 5421 2692 5493 Σαϐϐᾀτου
2722 5419 3112 5493 προσηγορία.
3140 5437 3158 5469 ι
3180 5418 3520 5493 Ιρςιιηιξοίμ

1940 5490 2055 5550 bati
2106 5490 2370 5546 nomen.»
2427 5494 2483 5545 ln
2538 5492 2761 5546 Hebraea
2818 5490 2997 5559 lingua
3057 5497 3191 5551 nata
3246 5490 3519 5558 signiﬁcat

1949 5582 1970 5617 ι
1997 5562 2222 5632 quievit,
2250 5581 2269 5614 ι
2303 5579 2366 5620 ex
2392 5576 2500 5633 quo
2535 5561 2810 5619 derivatur
2838 5573 2935 5616 vox
2959 5560 3277 5626 Sabbatum,
3314 5560 3368 5615 id
3386 5566 3519 5632 'est,

1950 5654 1969 5688 ι
2000 5648 2173 5705 quies.
2202 5651 2219 5685 ι

242 5216 482 5297 cundum
525 5237 817 5297 corporeos
845 5216 1019 5297 'an_imi
1058 5231 1255 5282 motus,
1300 5225 1354 5270 et
1398 5216 1717 5297 voluptates,
1767 5228 1831 5265 ac

242 5294 545 5366 secundum
571 5285 1085 5366 obscenosaffeetus
1110 5304 1322 5353 eorum,
1350 5287 1440 5366 qui
1471 5285 1541 5337 ab
1566 5285 1704 5366 ipsis
1733 5297 1830 5366 pro

245 5364 356 5417 diis
389 5363 662 5424 coluntur.
708 5379 739 5417 a
774 5364 930 5419 nobis
976 5371 1156 5417 autem
1206 5373 1305 5429 pro
1350 5356 1682 5410 daemonibus
1732 5357 1814 5407 lia-

242 5434 470 5491 hentnr.
497 5451 517 5484 ι

323 5503 439 5574 (99)
489 5502 891 5574 Ἑρρτάζομεν.
923 5502 1057 5572 Reg.
1086 5503 1197 5565 btn,
1231 5496 1595 5569 ἑορτάζωμεν.

322 5572 437 5643 (9i)
476 5572 622 5642 mp.
662 5572 820 5630 Deest
848 5576 901 5627 in
938 5574 1072 5643 Reg.
1101 5574 1194 5641 pb.

323 5637 437 5713 (92)
478 5637 754 5713 Γέὶηται.
807 5644 972 5701 Coisl.
1002 5637 1046 5697 f
1075 5637 1258 5708 addit,
1310 5637 1373 5692 τὸ
1422 5638 1613 5703 κακόν,
1672 5653 1690 5687 ι
1721 5649 1837 5690 ma-

248 5714 386 5773 lim.
408 5734 427 5768 ι
