3902 6218
371 289 469 345 451

1570 279 1630 337 S.
1671 279 2000 339 GREGORII
2038 278 2391 338 THEOLOGI

3527 278 3640 334 453

371 403 653 476 gniﬁcans.
700 401 854 470 Quod
892 399 937 455 si
979 399 1129 454 circa
1183 412 1297 453 naec
1359 397 1643 454 sublimior
1699 399 1942 467 quaedam

2051 396 2290 469 ἡμερῶν,
2321 397 2382 451 τὸ
2429 396 2728 462 Σάϐϐατον,
2764 394 2922 450 τοῦτο
2950 394 3104 467 δηλοῖ
3143 395 3205 450 τὸ
3253 392 3365 467 (97)
3395 394 3643 465 συνεχῶς
3669 467 3692 486 Ι

372 503 455 548 est
487 493 646 559 ratio,
676 492 764 545 alii
792 504 909 545 eam
943 490 1233 559 explicent.
1282 486 1455 541 Porro
1484 489 1573 543 hic
1605 491 1779 543 honor
1803 491 1941 558 apud

373 598 489 651 eos,
533 597 637 639 non
669 583 724 636 in
754 580 945 636 diebus
984 589 1194 633 tantum
1222 586 1325 643 est,
1355 578 1448 631 sed
1494 577 1558 629 ad
1610 594 1779 633 annos
1810 594 1944 648 quo-

372 692 477 745 que
491 674 808 745 porrigitur.
836 673 914 728 Ac
935 674 1139 726 dierum
1162 670 1378 740 quidem
1411 670 1603 733 honor,
1643 669 1938 724 Sabbatum

372 777 456 824 est
482 767 528 799 ⁸⁸
555 785 571 834 ;
601 768 702 821 hoc
752 764 1007 827 declarat,
1054 764 1194 833 quod
1225 763 1363 833 apud
1411 764 1557 832 ipsos
1587 764 1639 817 in
1684 771 1946 831 perpetuo

372 860 578 913 honore
603 865 719 924 est;
749 855 836 910 cui
882 856 1044 909 etiam
1076 853 1327 908 fermenti
1358 854 1590 908 sublatio
1623 865 1786 922 atque
1816 854 1946 905 sub-

374 949 540 1005 motio
574 948 689 1012 pari
720 947 929 1002 dierum
958 960 1185 1000 numero
1208 953 1511 1014 respondet.
1541 944 1820 999 Annorum
1850 958 1946 997 au-

376 1053 482 1098 tem
532 1042 725 1106 honor,
774 1039 1112 1109 septenarius
1160 1038 1248 1092 ille
1294 1037 1631 1092 remissionis
1670 1051 1843 1090 annus
1878 1035 1942 1090 ³⁷.

372 1134 484 1189 Nec
512 1148 640 1187 vero
662 1132 715 1186 in
752 1130 1109 1186 hebdomadis
1157 1129 1355 1194 solum,
1390 1130 1483 1183 sed
1516 1129 1678 1182 etiam
1722 1128 1775 1180 in
1810 1126 1941 1181 heb-

371 1223 718 1279 domadarum
747 1220 1120 1284 hebdomadis,
1149 1218 1201 1272 iu
1235 1217 1425 1272 diebus
1454 1217 1609 1286 juxta
1649 1227 1812 1283 atque
1844 1232 1942 1270 an-

370 1318 470 1371 nis.
509 1316 794 1371 Enimvero
831 1312 1040 1366 dierum
1069 1310 1435 1365 hebdomades
1461 1308 1813 1363 Pentecosten
1846 1322 1943 1377 pa-

367 1409 533 1472 riunt,
568 1414 812 1460 sanctum
864 1405 1005 1459 diem
1040 1403 1179 1473 apud
1225 1402 1346 1457 illos
1395 1408 1761 1471 nuncupatum
1802 1420 1816 1454 :
1852 1416 1948 1454 an-

367 1514 555 1554 norum
605 1505 784 1552 autem
844 1496 1180 1566 septimanae,
1239 1492 1507 1547 Jubileum
1560 1508 1762 1546 annum
1810 1494 1951 1547 sicut

377 1590 477 1660 ipsi
508 1588 807 1653 nominant,
840 1602 1012 1657 irque,
1044 1596 1155 1641 tum
1192 1595 1352 1640 terra:
1400 1584 1801 1647 remissionem,
1831 1592 1945 1637 tum

365 1694 644 1736 servorum
685 1678 1167 1733 manumissionem
1217 1676 1572 1743 obtinentem,
1608 1681 1662 1729 et
1710 1673 1941 1744 praedio-

2046 491 2176 561 παρ’
2222 490 2405 553 αὐτοῖς
2443 488 2773 561 τιμώμενον,
2827 488 2961 543 καθὸ
3018 489 3112 542 καὶ
3150 489 3184 558 ἡ
3222 488 3324 558 τῆς
3346 485 3521 558 ζύμης
3546 487 3644 556 ἄρ·

2050 600 2134 648 σις
2192 581 2499 655 ἰσάριθμοςο
2532 583 2565 654 ἡ
2590 582 2647 635 δὲ
2677 581 2785 635 τῶν
2812 581 2972 647 ἑτῶν,
3008 584 3036 635 6
3071 580 3429 651 ἑϐδοματικὸς
3456 582 3642 633 ἑνιαυ-

2045 676 2137 739 τὸς
2189 676 2290 747 τῆς
2324 673 2596 744 ἀφέσεως.
2654 675 2767 727 Kal
2832 674 2934 728 οὒκ
3002 674 3061 726 ὲν
3130 672 3390 743 ἑϐδομάσι
3455 671 3639 743 μόνον,

2046 766 2181 821 ἀλλὰ
2226 767 2319 820 καὶ
2363 767 2421 818 ἑν
2462 765 2752 836 ἑϐδομάσιν
2813 764 3146 836 ἑϐδομάδων,
3210 763 3413 834 ὁμοίως
3462 763 3519 815 έν
3574 780 3638 815 τε

2044 858 2281 930 ἡμέραις
2341 857 2434 911 καὶ
2485 855 2679 909 ἔτεσιν.
2717 856 2784 909 Αἱ
2831 857 2929 927 μὲν
2978 850 3071 909 οὖν
3128 855 3236 908 τῶν
3276 853 3498 926 ἡμερῶν
3532 854 3644 907 ἑϐ-

2045 950 2279 1021 δομάδες
2328 948 2557 1018 γεννῶσι
2606 947 2703 1019 τὴν
2754 947 3161 1019 Πεντηκοστὴν,
3223 946 3429 1017 κλητὴν
3474 946 3641 1015 ἁγίαν

2048 1040 2179 1112 παρ’
2224 1040 2407 1103 αὐτοῖς
2460 1038 2692 1109 ἡμέρανο
2735 1038 2789 1090 αἱ
2834 1037 2892 1090 δὲ
2939 1037 3049 1091 τῶν
3095 1036 3254 1100 ἑτῶν,
3310 1036 3403 1089 τὸν
3452 1035 3643 1090 Ἰωϐυ-

2047 1131 2198 1185 λαῖον
2221 1131 2333 1201 (98)
2394 1130 2524 1202 παρ’
2586 1131 2769 1193 αὐτοῖς
2820 1129 3244 1200 ὀνομαζόμενον,
3287 1129 3488 1200 ὁμοίως
3532 1130 3643 1200 γῆς

2046 1238 2105 1273 τε
2162 1222 2357 1290 ἄφεσιν
2420 1219 2631 1290 έχοντα,
2694 1218 2789 1273 καὶ
2860 1219 3093 1273 δούλων*
3135 1218 3472 1290 ἐλευθερίαν,
3540 1221 3642 1274 καὶ

2048 1310 2293 1380 κτήσεων
2335 1310 2560 1380 ὠνητῶν
2605 1308 2972 1381 ἀναχώρησιν.
3039 1308 3372 1378 Καθιεροῦσι
3410 1307 3539 1381 γὰρ,
3573 1310 3642 1362 οὐ

2048 1400 2403 1470 γεννημάτων
2457 1399 2570 1470 (99)
2644 1401 2827 1472 μόνον,
2910 1399 3032 1454 οὐδὲ
3106 1399 3470 1471 προτοτόκων,
3524 1400 3646 1455 ἀλλ’

2049 1492 2150 1563 ἤδη
2211 1493 2306 1545 καὶ
2352 1492 2573 1564 ἡμερῶν
2625 1493 2721 1546 καὶ
2778 1494 2915 1545 ἑτων
2945 1492 3201 1565 ἀπαρχὰς
3240 1492 3319 1563 τῷ
3341 1492 3458 1563 Θεῷ
3482 1493 3650 1547 τοῦτο

2048 1582 2110 1635 τὸ
2154 1582 2329 1651 γένος.
2383 1582 2569 1647 Οὕτως
2631 1587 2660 1638 6
2722 1583 2863 1638 ἑπτὰ
2917 1583 3228 1655 τιμώμενος
3260 1584 3492 1657 ἀριθμὸς
3540 1587 3649 1655 τὴν

2047 1677 2215 1747 τιμὴν
2256 1676 2356 1744 τῆς
2389 1676 2771 1747 Πεντηκοστῆς
2802 1678 3215 1747 συνεισήγαγεν.
3255 1677 3316 1730 '0
3356 1675 3467 1748 γὰρ
3501 1677 3649 1730 ἑπτὰ

286 1818 299 1837 ,
365 1784 484 1823 rum
515 1778 785 1837 emptores
809 1767 1150 1836 possessione
1164 1781 1260 1821 sua
1282 1765 1545 1820 excedere
1569 1772 1852 1835 cogentem
1874 1764 1941 1819 ⁸⁸.

2054 1764 2146 1819 ἐπὶ
2204 1765 2396 1819 ἑαυτὸν
2446 1766 2846 1837 συντιθέμενος,
2906 1768 3070 1839 γεννᾷ
3127 1767 3219 1821 τὸν
3276 1747 3642 1838 πεντήκοντα,

364 1857 501 1912 Nam
531 1860 645 1912 haec
675 1856 845 1918 natio,
875 1870 980 1909 non
1010 1855 1171 1910 modo
1212 1853 1428 1922 frugum
1459 1862 1513 1907 et
1556 1851 1946 1921 primogenita-

364 1961 506 2013 rum,
540 1945 635 2001 sed
663 1945 869 2002 dierum
919 1945 1079 1998 etiam
1113 1950 1169 1998 et
1217 1958 1483 1997 annorum
1526 1942 1792 2011 primitias
1834 1939 1946 1996 Deo

364 2043 667 2093 consecrat.
698 2037 776 2091 Eo
821 2036 963 2091 cultu
1016 2034 1336 2090 venerabilis
1374 2034 1710 2103 septenarius
1759 2047 1947 2088 nume-

367 2144 484 2195 rus,
520 2127 869 2184 Pentecostes
900 2127 1103 2181 cultum
1135 2140 1243 2181 una
1279 2140 1462 2180 secum
1488 2125 1712 2179 invexit.
1751 2123 1942 2193 Septe-

363 2220 551 2274 narins
594 2219 739 2275 enim
774 2218 829 2272 in
873 2219 1107 2287 seipsum
1156 2216 1370 2280 ductus,
1418 2214 1944 2284 quinquagenarium

364 2305 556 2375 gignit,
587 2318 693 2358 uno
718 2304 805 2360 die
830 2312 1080 2374 excepto,
1115 2319 1274 2373 quem
1307 2320 1373 2357 ex
1407 2304 1587 2359 futuro
1633 2304 1830 2359 smculo
1857 2318 1949 2357 as-

364 2392 712 2461 sumpsimus,
744 2402 999 2448 octavum
1041 2393 1290 2447 eumdem
1337 2402 1393 2447 et
1438 2394 1717 2462 primum;
1759 2394 1863 2459 vel,
1892 2401 1953 2447 nt

2055 1859 2186 1930 μιᾶς
2244 1857 2470 1928 δεούσης
2528 1859 2766 1930 ἡμέρας,
2819 1860 2887 1930 ἢν
2924 1862 2990 1913 ἑκ
3038 1858 3135 1912 τοῦ
3199 1859 3483 1930 μέλλοντος
3512 1860 3651 1913 αἰῶ-

2051 1960 2142 2005 νος
2197 1943 2665 2015 προσειλήφαμεν,
2718 1943 2911 2015 ὀγδόην
2965 1960 3026 1997 τε
3102 1939 3267 1997 οὖσαν
3312 1942 3412 2014 τὴν
3472 1943 3651 2015 αὐτὴν

2053 2036 2147 2087 καὶ
2196 2034 2440 2105 πρώτην,
2500 2036 2700 2106 μᾶλλον
2753 2035 2810 2088 δὲ
2866 2034 2993 2105 μίαν
3043 2035 3139 2088 καὶ
3162 2035 3520 2088 ἀκατάλυτον.
3552 2037 3651 2088 Δεῖ

2053 2122 2162 2196 γὰρ
2214 2127 2391 2178 ἑκεῖσε
2452 2125 2756 2195 καταλῆξαι
2810 2126 2901 2179 τὸν
2957 2125 3194 2179 ἐνταῦθα
3263 2125 3651 2195 Σαϐϐατισμδν

2053 2215 2162 2269 τῶν
2220 2215 2427 2287 ψυχῶν,
2483 2217 2559 2281 ὡς
2604 2218 2824 2287 δοθῆναι
2893 2216 3110 2288 μερίδα,
3161 2219 3274 2281 τοῖς
3332 2216 3473 2269 ἑπτὰ
3536 2217 3646 2285 (Ι),

2055 2306 2149 2360 καί
2195 2323 2259 2375 γε
2307 2311 2421 2370 τοῖς
2452 2308 2616 2372 ὀκτὼ,
2650 2307 2831 2371 καθὼς
2877 2308 2978 2379 ἤδη
3029 2308 3172 2371 τινὲς
3214 2307 3323 2361 τῶν
3353 2307 3457 2380 πρὸ
3485 2308 3647 2379 ἡμῶν

2056 2395 2117 2449 τὸ
2149 2396 2550 2468 Σολομώντειον
2582 2398 2657 2469 (‘2)
2692 2398 3030 2468 ἑξειλήφασι.

365 2484 566 2540 rectius
607 2484 817 2554 loquar,
877 2501 1042 2540 unum
1088 2486 1247 2557 733
1288 2498 1344 2541 et
1390 2503 1795 2558 sempiternum.
1837 2489 1953 2544 Illic
2022 2493 2166 2547 enim
2231 2509 2470 2563 praesens
2532 2497 2834 2548 animarum
2896 2504 3203 2548 nostrarum
3268 2493 3648 2549 Sabbatismns

364 2576 574 2633 desinat
603 2592 824 2634 necesse
862 2586 965 2642 est,
997 2587 1055 2633 ut
1082 2579 1241 2632 detur
1269 2594 1415 2648 pars,
1457 2582 1566 2636 illis
1605 2589 1811 2651 septem
1836 2620 1851 2646 ,
1890 2590 1945 2637 et
1983 2583 2088 2638 illis
2152 2598 2274 2642 octo
2311 2586 2392 2653 ³⁸,
2430 2587 2883 2657 quemadmodum
2917 2586 3028 2657 jam
3068 2585 3309 2640 nonnulli
3373 2588 3645 2658 majorum

363 2679 671 2725 nostrorum
700 2672 845 2724 hunc
878 2669 1185 2725 Salomonis
1210 2673 1387 2726 locum
1426 2682 1819 2742 exposuerunt.

430 2759 516 2816 lll.
560 2759 875 2829 Quanquam
904 2770 1083 2816 autem
1124 2762 1191 2818 de
1220 2765 1510 2833 septenarii
1545 2765 1748 2820 honore
1775 2765 1941 2820 multa

2117 2768 2191 2823 Γ’.
2248 2769 2358 2840 Τῆς
2398 2767 2455 2821 δὲ
2499 2767 2590 2821 τοῦ
2637 2768 2713 2838 (5)
2768 2766 2910 2823 ἑπτὰ
2952 2768 3141 2839 τιμῆς,
3206 2768 3378 2822 πολλὰ
3431 2769 3533 2841 μὲν
3572 2770 3645 2826 τὰ

364 2852 473 2908 sint
522 2852 677 2908 nobis
728 2852 1021 2921 Scriptura:
1068 2852 1397 2921 testimonia,
1459 2869 1630 2924 pauca
1688 2865 1868 2911 tamen
1919 2870 1951 2911 e

364 2942 548 2998 multis
570 2941 869 3011 producere
903 2940 1037 2995 satis
1069 2942 1193 2995 erit.
1228 2941 1445 3012 Septem
1496 2943 1681 3013 itaque
1728 2945 1950 3014 pretiosi

364 3034 596 3105 Spiritus
620 3033 989 3087 nominantur.
1035 3032 1203 3088 Isaias
1233 3035 1401 3101 enim,
1439 3044 1499 3088 ut
1526 3035 1739 3103 opinor,
1770 3037 1950 3105 Spiri-

363 3137 449 3182 tus
479 3126 857 3195 operationes,
913 3123 1148 3195 Spiritus
1196 3126 1471 3195 appellare
1521 3129 1660 3182 solet
1711 3128 1779 3181 ⁸ο.
1820 3128 1950 3184 Ειο-

365 3220 492 3289 quia
520 3220 649 3273 item
694 3216 930 3281 Domini,
972 3216 1126 3283 juxta
1158 3217 1444 3284 Davidem,
1478 3220 1779 3288 septuplum
1827 3234 1954 3288 pur-

378 3318 501 3379 gata
532 3318 658 3363 sunt
684 3308 751 3361 “.
790 3307 867 3361 Ac
898 3306 1079 3373 justus
1108 3321 1137 3360 a
1168 3308 1588 3364 necessitatibus
1611 3311 1788 3365 sexies
1815 3310 1953 3366 libe-

370 3409 523 3455 ratur
565 3398 645 3466 δ’,
681 3398 735 3452 in
764 3399 996 3467 septimo
1033 3408 1214 3453 autem
1262 3415 1330 3454 ne
1375 3399 1590 3468 quidem
1623 3403 1945 3469 percutitur.

361 3490 642 3547 Peccatori
673 3501 876 3554 autem,
926 3505 1030 3545 non
1078 3491 1279 3558 septies
1330 3498 1559 3555 tantum,
1594 3492 1687 3546 sed
1734 3500 1945 3560 septua-

360 3583 473 3654 gies
495 3581 661 3637 etiam
694 3580 893 3650 septies
917 3595 1053 3635 noxa
1090 3581 1391 3636 remittitur
1416 3581 1483 3635 ".
1532 3581 1605 3637 Ac
1635 3598 1851 3638 rursum
1883 3600 1947 3640 ex

361 3675 588 3729 adversa
622 3680 776 3740 parte
802 3670 949 3743 (nam
981 3673 1352 3742 improbitatis
1380 3689 1596 3743 quoque
1626 3689 1787 3743 paena
1828 3676 1946 3729 lau-

360 3764 557 3820 dabilis
607 3764 753 3835 est),
806 3763 873 3818 de
923 3761 1056 3819 Cain
1105 3764 1323 3835 quidem
1372 3766 1572 3835 septies
1628 3766 1947 3836 supplicium

361 3855 594 3913 sumitur
635 3855 717 3920 “,
764 3855 866 3911 hoc
895 3863 1003 3921 est,
1048 3853 1303 3911 fraternae
1359 3857 1523 3911 caedis
1555 3858 1623 3911 ab
1664 3872 1729 3913 eo
1774 3872 1949 3928 preme

361 3956 708 4018 repetuntur;
732 3946 797 4001 de
826 3946 1063 4003 Lamech
1095 3957 1275 4003 autem
1307 3950 1615 4018 septuagies
1647 3950 1847 4017 septies
1870 3951 1941 4015 “,

360 4041 505 4110 quia,
542 4048 662 4110 post
702 4039 875 4109 legem
916 4048 969 4093 et
1009 4039 1541 4103 condemnationem,
1583 4041 1782 4095 caedem
1823 4057 1945 4112 per-

2060 2860 2357 2933 μαρτύρια,
2415 2859 2570 2929 ὀλίγα
2620 2860 2675 2913 δὲ
2728 2863 2792 2914 ἑκ
2850 2859 3060 2914 πολλῶν
3099 2862 3230 2931 ἡμῖν
3265 2862 3510 2933 ἀρκέσει.
3555 2864 3646 2929 Ὠς

2057 2952 2195 3006 ἑπτὰ
2248 2951 2323 3023 (4)
2387 2952 2485 3023 μὲν
2539 2950 2916 3023 ὀνομαζόμενα
2971 2951 3129 3021 τίμια
3179 2952 3494 3023 Πνεύματα.
3531 2956 3646 3021 Τὰς

2054 3044 2164 3116 γὰρ
2205 3045 2506 3114 ἐνεργείας.
2573 3039 2749 3115 οἶμαι,
2804 3043 2900 3097 τοῦ
2954 3043 3295 3114 Πνεύματος,
3350 3045 3645 3117 Πνεύματα

2057 3137 2208 3206 φίλον
2254 3135 2332 3206 τῷ
2382 3136 2580 3208 Ἡσαΐᾳ
2614 3135 2817 3189 καλεῖν.
2864 3135 3267 3208 Κεκαθαρμένα
3304 3137 3361 3190 δὲ
3392 3137 3462 3191 τὰ
3483 3138 3644 3207 λόγια

2053 3227 2148 3282 τοῦ
2200 3228 2429 3299 Κυρίου,
2483 3229 2628 3282 κατὰ
2671 3229 2763 3281 τὸν
2823 3228 3008 3292 Δαϐὶδ,
3061 3228 3465 3292 έπταπλασίως.
3531 3232 3645 3284 Καὶ

2053 3321 2082 3374 6
2131 3319 2229 3390 μὲν
2286 3319 2514 3384 δίκαιος,
2573 3319 2758 3385 ἑξάκις
2804 3322 2902 3391 μὲν
2953 3320 3028 3391 (5)
3079 3320 3138 3388 ἑξ
3188 3320 3445 3390 ἀναγκῶν
3495 3321 3643 3386 ἐξαι-

2056 3411 2335 3483 ρούμενος,
2387 3414 2444 3465 ἑν
2499 3413 2557 3466 δὲ
2597 3412 2675 3484 τῷ
2733 3413 2944 3484 ἑϐδόμῳ
2997 3412 3131 3483 μηδὲ
3155 3412 3546 3484 πλησσόμενος.
3581 3414 3645 3468 Ὀ

2051 3503 2108 3557 δὲ
2172 3504 2514 3575 ἁμαρτωλὸς,
2567 3505 2666 3575 οὐχ
2718 3504 2947 3568 ἑπτάκις
2995 3504 3172 3575 μόνον,
3242 3504 3377 3559 ἀλλὰ
3412 3505 3506 3558 καὶ
3536 3504 3643 3558 ’ἑϐ-

2051 3592 2446 3664 δομηκοντάκις
2517 3594 2657 3648 ἑπτὰ
2732 3594 3203 3666 συγχωρούμενος.
3269 3596 3379 3649 Καὶ
3454 3596 3639 3666 μέντοι

2052 3684 2212 3738 πάλιν
2271 3686 2336 3738 ἐκ
2395 3685 2506 3739 τῶν
2552 3686 2810 3740 ἐναντίων
2840 3687 3120 3758 (ἐπαινετὴ
3168 3688 3275 3759 γὰρ
3326 3688 3421 3741 καὶ
3469 3687 3551 3761 [ϐ]
3602 3689 3639 3759 ή

2049 3776 2147 3845 τῆς
2185 3776 2384 3840 κακίας
2434 3776 2699 3843 κόλασις),
2733 3777 2874 3830 Κάϊν
2910 3777 3010 3848 μὲν
3058 3777 3442 3848 ἑκδικούμενος
3469 3778 3639 3832 ἑπτά-ο

2048 3882 2155 3930 κις,
2220 3868 2465 3921 τουτέστι
2516 3868 2673 3932 δίκας
2734 3870 3193 3941 εἰσπραττόμενος
3236 3872 3335 3943 τῆς
3403 3873 3639 3943 ἀδελφο-

2048 3958 2284 4021 κτονίας·
2312 3960 2340 4011 6
2394 3959 2451 4012 δὲ
2509 3962 2700 4032 Λάμεχ
2732 3962 3194 4034 ἑϐδομηκοντάκις
3224 3965 3384 4028 ἑπτὰ,
3423 3967 3505 4018 ὅτι
3538 3983 3639 4034 φο-

2047 4050 2171 4114 νεὺς
2218 4047 2287 4122 ἦν
2338 4052 2473 4122 μετὰ
2521 4052 2612 4105 τὸν
2673 4053 2836 4124 νόμον
2899 4057 2994 4108 καὶ
3041 4056 3103 4109 τὸ
3167 4057 3504 4128 κατάκριμα.
3565 4060 3633 4115 ΟΞ

361 4106 613 4202 petrav-it.
666 4106 868 4187 Eodem
916 4131 1170 4202 pertinet,
1213 4132 1359 4200 quod
1411 4131 1478 4184 de
1525 4133 1708 4200 pravis
1746 4106 1939 4190 vicinis

2051 4138 2101 4191 δὲ
2148 4106 2373 4212 πονῖηροὶ
2413 4143 2653 4211 γείτονες
2688 4106 3094 4201 ἑπταπλασίονα
3155 4150 3236 4212 είς
3284 4106 3375 4201 τὸν
3409 4106 3627 4204 Γκόλπον

360 4225 619 4293 scriptum
647 4233 752 4290 est,
779 4238 871 4278 eos
893 4221 1199 4293 septuplum
1229 4222 1283 4276 in
1319 4223 1496 4276 sinum
1539 4238 1697 4277 suum
1734 4226 1942 4294 recipe-

361 4331 420 4371 re
453 4315 539 4382 “;
573 4316 716 4385 quod
744 4315 907 4369 etiam
939 4314 1005 4368 de
1056 4321 1260 4381 septem
1308 4313 1581 4367 columnis
1627 4313 1671 4345 ⁸⁷
1696 4354 1710 4379 ,
1743 4315 1944 4383 quibus

363 4407 652 4477 Sapientiae
683 4408 874 4460 domus
918 4405 1142 4471 nititur;
1174 4405 1318 4472 quod
1363 4405 1430 4459 de
1479 4406 1699 4459 totidem
1728 4408 1901 4462 oculis
1922 4450 1939 4474 ,

361 4495 574 4567 quibus'
614 4495 962 4551 Zorobabelis
1015 4494 1152 4564 lapis
1200 4502 1429 4549 ornatur
1452 4494 1518 4550 κθ.
1571 4493 1713 4563 Quin
1753 4499 1938 4567 etiam,

432 4659 688 4733 ξ⁶ΑΙΞιιοι12
718 4673 834 4733 xvi,
862 4656 964 4733 26.
994 4730 1002 4733 _
1044 4659 1086 4689 "
1111 4658 1294 4733 Levit._
1324 4674 1449 4733 xxv,
1498 4659 1561 4733 4,
1611 4659 1674 4733 3⁸
1706 4659 1878 4715 ibid.8
1914 4678 2030 4733 sqq.

360 4730 403 4762 ιι
429 4729 527 4783 ιοι)
549 4728 715 4796 ν,19,
788 4727 836 4798 f3
860 4727 1044 4785 Matth.
1069 4728 1325 4795 xmt,‘21,
1351 4729 1441 4783 2:2.
1518 4729 1562 4759 ⁸⁸
1600 4727 1734 4784 Gen.
1769 4746 1846 4798 iv,
1886 4727 1973 4793 15.

361 4801 405 4832 ⁸⁸
439 4798 600 4853 Zach.
647 4814 727 4864 ιιι,
775 4796 827 4851 9.

434 4890 545 4961 (97)
591 4888 769 4944 Τοῦτο
807 4890 990 4961 δηλοῖ
1012 4890 1099 4943 τό.
1120 4888 1253 4961 '[res
1281 4888 1471 4961 βακε..
1495 4892 1735 4946 nonnulli
1762 4891 1936 4961 Coll»,

362 4958 455 5015 0r.
484 4958 533 5025 l,
570 4961 757 5013 Cornb.
790 4970 843 5015 et
876 4958 1036 5029 'Bas.,
1076 4959 1233 5014 τοῦτο
1278 4958 1343 5029 δὴ
1376 4959 1456 5014 τό.
1508 4963 1598 5015 Sic
1641 4964 1807 5017 etiam
1857 4965 1908 5019 le

364 5040 511 5083 uerat
552 5029 760 5083 Billius.

381 5040 511 5083 {erat
554 5040 760 5083 UllllllS.

364 5049 511 5100 gerat
554 5049 760 5083 DllllllS.

596 5099 951 5171 γἸωϐυλαῖον.
984 5095 1453 5171 Quinqlte_Regg.,
1497 5098 1822 5171 Ἰωϐηλαῖον.

456 5168 546 5240 99)
586 5169 1000 5240 Γεννημᾴτων.
1030 5169 1216 5240 Plures
1242 5168 1434 5239 Begg.,
1465 5168 1805 5240 γενημάτων.

439 5237 534 5310 (1)
560 5238 688 5304 Τοῖς
718 5237 895 5310 ἑπτά,
943 5249 1046 5310 etc.
1096 5237 1223 5310 llaec
1263 5237 1694 5310 deiEcclesfxr,
1727 5242 1781 5307 2,
1819 5257 1933 5293 mu~

366 5308 512 5380 tuata
545 5318 668 5380 sunt
693 5323 724 5380 a
747 5308 1033 5380 Gregorio;
1060 5318 1117 5380 et
1141 5324 1170 5361 a
1195 5308 1441 5380 Patribus
1465 5310 1778 5377 explanata,
1804 5326 1938 5380 prte-

367 5378 551 5431 scrtim
579 5377 646 5430 ab
677 5377 983 5441 Atnbrdsio,
1018 5378 1110 5431 lib.
1137 5393 1167 5431 ν
1197 5379 1250 5430 in
1278 5377 1431 5443 Luc.,
1468 5396 1516 5433 c.
1544 5396 1639 5437 vr.—

437 5446 512 5518 (2)
553 5444 1008 5519 Σολοιιῴντειον.
1039 5447 1233 5519 _Savil.,
1264 5449 1630 5519 Σολομοντίον.

397 5514 514 5603 τῶ)
561 5514 675 5583 Τῆς
722 5515 789 5567 δὲ
858 5517 984 5571 τοῦ.
1039 5516 1169 5585 Reg.
1216 5520 1304 5572 lini
1354 5514 1410 5572 et
1463 5519 1643 5586 Pass.,
1690 5520 1786 5589 τῆς
1841 5521 1940 5590 μὲν

367 5603 480 5640 ουν.

440 5657 514 5727 (ὁ)
567 5656 661 5722 Ὠς
689 5656 858 5722 ἑπτά,
892 5669 995 5715 etc.
1043 5680 1059 5712 ι
1088 5660 1158 5717 Ut
1196 5670 1400 5729 septem
1432 5661 1727 5714 venerandi
1764 5661 1937 5728 Spiri-

367 5735 471 5796 tus,
522 5746 540 5779 ι
578 5739 682 5787 etc.
730 5748 747 5780 ι
779 5729 891 5783 Νοιι
935 5736 1139 5800 quod,»
1177 5731 1346 5799 inquit
1400 5729 1632 5797 Niconis,
1674 5750 1690 5781 ι
1735 5745 1935 5799 septem

2046 4229 2225 4284 αὐτῶν
2276 4232 2351 4302 (7)
2404 4234 2899 4306 ἀπολαμϐάνοντες·
2941 4238 3082 4292 ἑπτὰ
3139 4239 3196 4293 δὲ
3235 4240 3450 4305 στύλοις
3481 4243 3633 4313 ὁτῆς

2058 4322 2255 4390 Σοφίας
2287 4321 2434 4389 οἶκος
2486 4327 2919 4398 ὑπερειδόμενος·
2981 4331 3256 4398 τοσούτοις
3309 4335 3363 4388 δὲ
3426 4329 3634 4406 ὀφθαλ-

2048 4414 2168 4480 μοῖς
2221 4416 2249 4466 6
2294 4414 2387 4468 τοῦ
2442 4418 2748 4489 Ζοροϐάϐελ
2794 4419 2941 4485 λίθος
2990 4425 3383 4497 κοσμούμενος.
3426 4431 3630 4485 Ἑπτά-

2045 4520 2129 4567 κις
2193 4505 2250 4559 δὲ
2311 4509 2410 4579 τῆς
2473 4511 2685 4582 ἡμέρας
2740 4514 2768 4566 ὁ
2827 4513 2958 4579 Θεὸς
3000 4516 3335 4588 αἰνούμενος.
3374 4521 3483 4575 Καὶ
3518 4523 3627 4595 μὴν

2128 4668 2173 4699 ³³
2207 4669 2379 4721 Eccl».
2423 4686 2498 4728 χι.
2539 4672 2593 4724 2.

2218 4673 2384 4749 βοῆς.
2423 4686 2498 4728 xt,
2694 4673 2746 4749 _‘°
2787 4674 2883 4726 lsa.
2924 4692 3015 4749 xu,‘
3201 4679 3243 4711 “
3271 4680 3415 4737 Psal.
3456 4700 3532 4749 κι,
3569 4687 3624 4741 7.

2078 4738 2125 4771 ⁸⁸
2158 4740 2289 4794 ibid.
2321 4741 2410 4795 24.

2526 4741 2726 4798 “Psal.
2758 4747 3082 4813 Lxxvtn,l‘2.
3157 4748 3202 4780 ⁸⁷
3247 4749 3404 4807 Prov.
3447 4741 3530 4820 rx,
3569 4758 3624 4811 1.

2043 4900 2151 4974 sint
2186 4899 2454 4969 Spiritus;
2489 4918 2629 4974 unus
2661 4904 2803 4956 enim
2839 4914 2921 4959 est
2960 4906 3194 4974 Spiritus
3221 4923 3476 4971 sanctus:
3528 4917 3625 4968 sed

2037 4971 2251 5052 divinas
2285 4987 2473 5025 omnes
2509 4973 2926 5052 actionesque}:
2976 4971 3073 5047 ipsi
3113 4981 3314 5044 insunt,
3362 4981 3622 5052 Spiritus,

2037 5050 2096 5093 ut
2120 5041 2340 5112 opinor.
2360 5041 2597 5112 appellat
2632 5041 2914 5112 propheta.
2944 5064 2963 5097 ι

2235 5109 2823 5188 ἙήξάκιςΙμένζμυ-έοει
2858 5115 3044 5188 μένίιι
3077 5115 3210 5184 Reg.
3244 5119 3313 5188 ph
3357 5127 3412 5174 et
3446 5119 3618 5177 Savil.

2034 5180 2238 5251 _Alludit
2270 5179 2564 5251 Gregorius
2604 5183 2669 5235 ad
2705 5183 2817 5239 haec
2859 5179 2999 5250 )obi,
3026 5201 3077 5249 ν,
3112 5179 3198 5251 19,
3237 5179 3338 5242 (In
3393 5205 3486 5244 sex
3525 5193 3623 5244 tri-

2036 5247 2403 5371 llléllalllonlbllS
2433 5250 2684 5306 liberabit
2722 5261 2791 5321 te,
2824 5267 2879 5309 et
2911 5255 2964 5309 in
2988 5247 3233 5327 septima
3283 5275 3390 5314 non
3439 5270 3622 5332 tanget

2120 5335 2201 5370 ma
2230 5335 2339 5371 υιιι.
2363 5339 2381 5369 ι

2041 5327 2092 5371 te
2120 5327 2339 5372 Inalmn.
2363 5339 2381 5369 ι

2112 5388 2187 5459 (6)
2228 5387 2500 5470 Γὰοκαί.
2530 5391 2621 5447 Sic
2668 5402 2902 5463 quatuor
2939 5393 3112 5467 Regg.
3140 5405 3196 5451 et
3225 5412 3418 5454 novem
3458 5398 3614 5456 Colb.

2039 5456 2203 5511 Deest
2236 5459 2327 5512 καί
2360 5462 2519 5514 med.

2109 5528 2184 5604 (7)
2224 5528 2449 5607 Antor.
2495 5532 2654 5607 Dce_s_t
2691 5532 3031 5607 in_plnribus
3083 5535 3247 5607 Rrgg.
3296 5537 3499 5592 Allndit
3548 5540 3617 5593 ad

2039 5597 2154 5678 haec
2182 5602 2563 5678 psal._r.xxvm,
2587 5603 2654 5655 12
2680 5621 2693 5656 :
2724 5622 2741 5655 ι
2761 5597 2947 5661 Redde
2981 5597 3404 5664 vicinis'tvtostris
3429 5618 3615 5678 septu-

2037 5669 2181 5739 plnm
2208 5672 2259 5725 in
2291 5671 2409 5724 sinu
2442 5689 2646 5726 eorum.
2675 5692 2694 5724 ι
