3902 6218
387 307 490 362 435

1596 315 1654 370 S.
1696 313 2029 371 GREGORII
2070 312 2422 368 THEOLOGI

3552 281 3663 363 £36

393 431 635 487 turl'tatis
679 430 937 502 reliqum,
975 430 1086 487 illic
1126 434 1341 502 quidem
1392 433 1669 488 duodecum
1719 437 1957 505 cophtni,

2096 432 2344 504 ύδέτερον
2388 431 2620 502 ἀλόγως,
2663 420 2853 504 ὀιμαι,
2911 431 3033 485 οὐδὲ
3090 428 3324 495 ἀναξίως
3353 436 3447 482 τοῦ
3486 426 3647 483 Πνειῑ⁴

389 519 481 578 hic
526 531 705 577 autem
730 533 937 593 septem
970 535 1165 594 sporta:
1196 543 1209 578 :
1241 536 1514 586 neutrum.
1551 526 1761 596 opinor,
1805 536 1972 582 teme-

389 628 472 680 re,
502 628 601 669 nec
628 613 803 679 aliter,
828 630 989 682 quam
1013 615 1215 685 Spiritu
1235 615 1454 685 dignum
1474 626 1613 670 erat.
1638 616 1777 684 Quin
1801 632 1897 687 per
1920 626 1973 673 te

2078 545 2265 598 ματος.
2318 527 2431 581 Καὶ
2489 526 2555 579 σὺ
2606 524 2651 579 δ’
2678 524 2743 578 ἂν
2792 522 2937 579 κατά
2990 524 3185 578 σαυτὸν
3239 521 3662 592 ἀναλεγόμενος,

2074 617 2304 679 πολλοὺς
2358 616 2632 687 τηρήσαις
2687 612 2979 685 ἀριθμοὺς,
3036 611 3260 683 ἔχοντάς
3320 629 3375 664 τι
3406 611 3502 664 τοῦ
3545 629 3647 681 φαι

389 720 608 776 quoque
637 705 752 774 ipSe
774 704 1082 774 Scripturas
1105 706 1445 774 pervolvens,
1484 707 1682 762 mullos
1716 724 1972 763 numeros

2094 709 2302 780 ιομένου
2354 707 2673 779 βαθύτερον.
2728 707 2793 758 Ὃ
2836 705 2893 759 δὲ
2930 704 3015 776 τῷ
3068 704 3297 775 παρόντι
3326 703 3504 775 καιρῷ
3530 720 3637 775 χρη

391 797 787 861 observaveris,
820 796 910 865 qui
937 795 1257 866 profundius
1296 799 1501 867 aliquid
1525 798 1777 863 habeant,
1807 817 1971 870 quam

390 890 536 958 quod
565 888 733 958 prima
762 887 941 943 fronte
975 904 1087 957 prae
1120 905 1178 944 se
1205 890 1409 946 ferunt.
1437 891 1593 958 Quod
1630 903 1806 947 autem
1839 909 1975 963 prm-

391 981 530 1035 senti
563 980 788 1050 tempori
830 982 1326 1037 commodissimum
1353 993 1459 1047 est,
1495 984 1565 1038 ob
1590 984 1690 1040 has
1720 985 1971 1052 fortasse,

392 1074 478 1129 vel
505 1074 591 1128 itis
606 1075 905 1142 proximas,
928 1075 1008 1128 vel
1031 1076 1193 1129 etiam
1227 1075 1569 1132 sublimiores
1598 1079 1882 1149 quasdam,
1911 1094 1976 1134 ac

394 1164 692 1219 diviniores
736 1165 994 1230 rationes,
1027 1164 1378 1222 Pentecostes
1434 1169 1574 1222 diem
1623 1168 1834 1224 Hebraei
1882 1185 1975 1224 co-

388 1253 528 1315 lunt,
559 1267 623 1307 ac
667 1267 765 1307 nos
808 1254 939 1307 item
975 1254 1243 1321 colimus;
1273 1258 1723 1324 quemadmodum
1754 1270 1809 1313 et
1837 1276 1978 1314 non-

392 1342 570 1397 nullos
619 1342 758 1398 alios
786 1344 1083 1400 Hebraicos
1116 1347 1250 1401 ritus
1290 1347 1667 1417 observamus,
1699 1353 1789 1419 qui
1832 1352 1974 1417 apud

391 1435 513 1489 illos
544 1435 764 1506 quidem
816 1437 993 1506 typice
1032 1437 1471 1504 celebrabantur,
1525 1455 1553 1494 a
1601 1442 1759 1496 nobis
1791 1453 1974 1496 autem

390 1527 626 1597 mystice
665 1534 1016 1598 peraguntur.
1067 1527 1202 1583 Cum
1253 1529 1368 1584 inec
1396 1545 1424 1582 a
1462 1531 1617 1586 nobis
1653 1532 1721 1586 de
1767 1532 1856 1587 die
1894 1532 1976 1585 di-

391 1628 476 1673 cta
526 1619 655 1684 sint,
687 1621 756 1674 ad
796 1635 858 1675 ea
886 1635 1007 1689 qua:
1033 1630 1337 1690 sequuntur
1368 1624 1796 1694 progrediamur.

467 1712 628 1783 735
683 1713 749 1768 ν.
804 1711 1164 1769 Ρεηιεοοειειι
1217 1714 1578 1777 celebramus.
1633 1732 1697 1770 ac
1742 1716 1977 1785 Spiritus

2077 800 2405 872 σιμὼτατον,
2452 800 2534 853 ὅτι
2576 798 2719 853 κατὰ
2777 797 3001 863 τούτους
3050 799 3184 862 ἴσως
3230 798 3356 860 τοὺς
3385 796 3597 863 λόγους,
3628 795 3667 849 ἦ

2075 894 2156 947 ὅτι
2210 892 2487 962 ἐγγύτατα
2546 892 2657 964 (21)
2715 891 2943 956 τούτων,
2988 891 3021 962 ἢ
3090 891 3185 945 καὶ
3237 890 3545 961 θειοτέρους
3584 906 3666 941 τι-

2076 982 2193 1047 νὰς,
2240 983 2442 1054 τιμῶσι
2478 983 2576 1054 μὲν
2641 982 2890 1053 Ἑϐραῖοι
2946 982 3047 1051 τὴν
3102 979 3482 1052 Πεντηκοστὴν
3538 978 3650 1051 ἡμέ

2081 1093 2199 1147 ραν,
2242 1075 2491 1147 τιμῶμεν
2531 1075 2588 1129 δὲ
2646 1073 2742 1128 καὶ
2796 1075 2978 1143 ἡμεῖς·
3036 1071 3225 1144 ὥσπερ
3274 1073 3390 1125 ἐστὶ
3418 1072 3511 1125 καὶ
3530 1071 3670 1125 ἄλλα

2077 1167 2197 1220 τινὰ
2249 1167 2362 1238 (22)
2396 1166 2503 1221 τῶν
2549 1163 2876 1237 Ἑϐραϊκῶν,
2926 1164 3177 1228 τυπικῶς
3227 1164 3327 1236 μὲν
3377 1166 3503 1236 παρ’
3530 1163 3674 1219 ἐκεί-

2079 1278 2191 1324 νοις
2229 1260 2339 1332 (25)
2381 1261 2702 1331 τελούμενα,
2791 1258 3072 1330 μυστικῶς
3111 1258 3168 1310 δὲ
3229 1260 3361 1330 ἡμῖν
3419 1258 3671 1313 ἀποκαθο

2081 1354 2367 1423 ιστάμενα.
2393 1352 2641 1406 Τοσαῦτα
2667 1351 2797 1423 περὶ
2853 1351 2951 1419 τῆς
2998 1351 3211 1423 ἡμέρας
3250 1349 3674 1423 προδιαλεχθέν-

2079 1459 2189 1508 τες,
2223 1445 2316 1498 ὲπὶ
2349 1443 2411 1497 τὸ
2440 1444 2566 1515 ὲξῆς
2591 1443 2686 1497 τοῦ
2709 1443 2873 1512 λόγου
2899 1444 3203 1514 προΐωμεν.

2162 1716 2238 1771 Ε’.
2276 1717 2657 1790 Πεντηκοστὴν
2693 1719 3043 1792 ἑορτάζομεν,
3081 1722 3173 1776 καὶ
3196 1722 3516 1794 Πνεύματος
3545 1724 3676 1776 ἐπι-

394 1807 708 1870 adventum,
740 1813 794 1860 et
818 1806 1178 1873 praestitutum
1213 1807 1591 1875 pollicitationi
1620 1784 1976 1878 exsequenda:

2094 1810 2278 1880 Ξημίαν
2319 1809 2454 1881 (24),
2486 1811 2580 1864 καὶ
2613 1784 2952 1884 προθεσμίαν
2998 1784 3468 1884 ἐπαγγελίαςξκαὶ
3496 1784 3678 1872 ⁷ὲλττίω

396 1901 561 1967 diem,
593 1900 818 1970 speique
852 1900 1245 1971 impletionem.
1298 1899 1399 1963 Ac,
1432 1901 1572 1956 bone
1608 1903 1770 1968 Deus,
1803 1917 1976 1972 quan-

398 2004 510 2045 tum
554 2002 639 2045 est
686 1991 789 2046 hoc
835 1992 1184 2060 mysterium!
1220 1992 1391 2059 Quam
1428 2009 1677 2064 magnum
1726 2003 1783 2049 et
1811 2009 1977 2050 vene-

398 2083 659 2138 randum!
719 2083 996 2152 Corporea
1053 2082 1253 2137 Christi
1302 2084 1463 2139 tinem
1529 2085 1751 2151 habent,
1781 2087 1890 2152 vel,
1920 2097 1979 2142 ut

396 2175 599 2230 rectius
631 2175 827 2238 dicam,
868 2190 953 2243 ea,
990 2190 1110 2245 qua:
1134 2176 1199 2230 ad
1230 2191 1551 2245 corporeum
1578 2178 1746 2247 ipsius
1777 2180 1978 2233 adven-

395 2274 513 2319 tum
563 2266 919 2334 spectabant;
951 2280 1147 2321 vereor
1188 2268 1331 2321 enim
1360 2267 1543 2322 dicere
1578 2284 1664 2323 res
1696 2269 1760 2324 ad
1783 2285 1977 2341 corpus

400 2357 754 2425 pertinentes,
790 2359 966 2428 quoad
996 2358 1127 2413 mihi
1176 2358 1461 2429 cujusdam
1493 2360 1667 2414 oratio
1695 2375 1979 2431 persuase-

398 2452 513 2512 rit,‘
545 2450 858 2520 przeclarius
920 2466 1042 2507 esse
1094 2466 1293 2521 corpus
1351 2452 1688 2518 deposuisse.
1742 2454 1979 2522 Spiritus

399 2554 579 2596 autem
638 2544 880 2599 actiones
927 2544 1137 2598 initium
1169 2555 1407 2599 sumunt.
1434 2544 1689 2612 Quaenam
1723 2561 1884 2612 porro
1913 2562 1977 2600 ea

398 2645 579 2700 erant,
606 2652 725 2706 qum
769 2637 834 2691 ad
861 2636 1135 2692 Christum
1169 2624 1531 2701 spectabant?
1558 2636 1743 2709 Virgo,
1776 2639 1979 2694 nativi-

401 2739 507 2792 tas,
557 2745 818 2799 praesepe,
874 2731 1220 2797 incunabula,
1274 2732 1451 2802 angeli
1496 2718 1730 2786 divinam
1755 2733 1977 2803 gloriam

398 2821 785 2888 praedicantes,
838 2830 1084 2890 pastores
1136 2833 1517 2886 accnrrentes,
1548 2823 1715 2878 stellae
1764 2839 1977 2887 cursus,

399 2910 680 2981 Magorum
715 2913 984 2976 adoratio,
1016 2921 1071 2967 et
1114 2928 1403 2967 munerum
1434 2914 1658 2976 oblatio,
1695 2913 1977 2969 infantium

401 3007 578 3061 caedes
604 3009 670 3061 ab
701 3005 914 3061 Herode
939 3014 1171 3077 patrata,
1199 3006 1314 3075 ipse
1345 3005 1397 3059 in
1417 3003 1712 3075 Egyptum
1747 3005 1976 3073 fugiens,

400 3112 466 3153 ex
499 3099 731 3170 IEgypm
780 3100 1016 3157 rediens.
1068 3098 1451 3161 circumcisus,
1513 3099 1839 3166 baptizatus,
1891 3113 2052 3192 su-c

399 3206 628 3260 pernum
673 3190 1046 3245 testimonium
1091 3198 1439 3255 consecutus,
1492 3198 1753 3253 tentatus,
1787 3189 1983 3260 lapidi-

401 3284 504 3339 bus
536 3291 756 3352 propter
782 3297 878 3335 nos
906 3281 1208 3351 impetitus,
1239 3291 1422 3350 utpote
1454 3282 1649 3350 quibus
1675 3281 1983 3338 amictimiis

401 3390 504 3445 pro
536 3374 641 3430 ﬁde
669 3389 732 3429 ac
761 3382 906 3427 recta
938 3373 1181 3427 doctrina
1214 3373 1507 3428 subeundae
1532 3375 1836 3443 exemplum
1868 3375 1984 3428 dari

402 3466 707 3537 Oportebat,
761 3467 1023 3536 proditus,
1079 3466 1246 3520 clavis
1293 3463 1504 3530 affixus,
1569 3468 1831 3535 sepultus,
1862 3467 1986 3521 vitae

403 3559 709 3624 restitutus,
742 3558 1075 3626 ascendens;
1109 3573 1341 3629 quorum
1378 3574 1524 3613 nunc
1553 3560 1715 3613 etiam
1752 3560 1984 3629 plurima

404 3652 610 3723 patitur
640 3669 657 3706 :
684 3653 751 3707 ab
776 3653 959 3722 impiis
993 3652 1237 3722 quidem,
1264 3667 1347 3713 ea,
1374 3668 1492 3721 qua:
1520 3651 1867 3721 ignominiam
1897 3652 1987 3705 ha-

405 3743 560 3807 bent,
591 3757 689 3813 pro
735 3756 831 3797 sua
877 3756 1092 3811 quoque
1133 3741 1356 3797 lenitate
1407 3740 1671 3812 patienter
1726 3743 1920 3797 tolerat
1969 3760 1981 3795 :

406 3850 436 3889 a
491 3835 598 3906 piis
628 3836 835 3890 'autem
892 3844 947 3888 et
998 3834 1199 3889 Christi
1243 3848 1429 3888 amore
1456 3834 1716 3903 praeditis,
1751 3850 1836 3899 ea,
1868 3850 1987 3904 quae

404 3944 529 3984 cum
588 3929 794 3986 honore
848 3927 1134 3998 conjuncta
1192 3936 1338 3983 sunt.
1377 3927 1553 3995 Atque
1579 3936 1638 3981 ut
1678 3928 1781 3982 illis
1826 3928 1984 3992 iram,

406 4022 596 4077 eodem
657 4020 814 4075 modo
869 4020 1027 4074 nobis
1078 4033 1296 4087 quoque
1343 4017 1733 4087 benignitatem
1767 4015 1983 4084 diﬂ'ert;

408 4111 514 4169 hoc
546 4111 779 4168 fortasse
805 4110 1052 4175 consilio,
1086 4120 1146 4163 nt
1171 4120 1225 4164 et
1260 4109 1367 4163 illis
1394 4109 1727 4177 poenitentiae
1756 4111 1987 4178 spatium

408 4203 691 4268 concedat,
746 4212 803 4257 et
841 4194 1171 4257 desiderium
1230 4210 1477 4254 nostrum
1533 4201 1806 4269 exploret;
1861 4219 1986 4256 num

410 4297 623 4352 scilicet
672 4298 725 4351 in
753 4295 1156 4350 calamitatibus
1213 4304 1270 4349 et
1316 4294 1716 4349 certaminibus
1773 4294 1990 4364 pietatis

408 4405 570 4445 caesa
606 4387 896 4457 susceptis,
924 4388 1122 4442 animis
1154 4386 1465 4455 frangemur
1496 4404 1509 4439 :
1535 4386 1987 4453 quemadmodum

2079 1901 2168 1964 δος
2215 1901 2629 1973 συμπλήρωσιν.
2660 1903 2773 1957 Καὶ
2804 1903 2865 1957 τὸ
2895 1911 3194 1978 μυστήριον
3230 1908 3387 1961 ὅσονέ
3424 1907 3500 1971 ὡς
3527 1910 3677 1978 μέγα

2078 2009 2137 2045 τε
2162 1991 2256 2046 καὶ
2280 1992 2572 2063 σεϐάσμιον
2602 1994 2715 2065 (25)
2741 1996 2755 2048 i
2784 1995 2866 2049 Τά
2904 1997 3001 2067 μὲν
3023 1995 3086 2069 δὴ
3117 1997 3226 2070 (26)
3255 1999 3541 2070 σωματικά
3573 1999 3677 2054 τοῦ

2079 2084 2315 2157 Χριστοῦ
2354 2083 2527 2156 πέρας
2573 2084 2720 2157 ἔχει,
2761 2086 2963 2157 μᾶλλον
3008 2086 3067 2141 δὲ
3098 2088 3168 2141 τὰ
3215 2089 3318 2159 τῆς
3352 2090 3680 2160 σωματικῆς

2079 2176 2337 2247 ἐνδημέας
2367 2176 2480 2245 (27)
2503 2194 2516 2207 ·
2551 2177 2695 2230 ὀκνῶ
2720 2178 2828 2249 γάρ
2854 2180 3029 2232 εἰπεῖν
3055 2180 3123 2233 τά
3152 2180 3247 2234 τοῦ
3280 2177 3550 2252 σώματος,
3567 2182 3679 2246 ἓως

2080 2269 2147 2322 ἂν
2176 2269 2365 2340 μηδεὶς
2385 2268 2548 2342 πείθῃ
2572 2268 2684 2338 (28)
2717 2287 2783 2340 με
2810 2269 2988 2339 λόγος,
3012 2270 3094 2323 ὅτι
3124 2271 3341 2327 κάλλιον
3361 2273 3671 2327 ἀπεσκευά-

2080 2361 2203 2416 σθαι
2232 2362 2323 2415 τοῦ
2362 2361 2612 2433 σώματος
2642 2361 2775 2432 (29).
2838 2363 2882 2415 Τ
2886 2362 2921 2415 ἀ
2949 2363 3006 2416 δὲ
3051 2361 3147 2416 τοῦ
3170 2363 3485 2436 Πνεύματος
3509 2366 3681 2438 ἄρχε-

2078 2473 2191 2511 ται.
2214 2455 2344 2508 Τίνα
2371 2455 2427 2507 δὲ
2454 2450 2523 2525 ἦν
2542 2454 2613 2508 τά
2640 2453 2735 2507 τοῦ
2766 2455 3006 2526 Χριστοῦ
3031 2472 3045 2521 ;
3074 2456 3368 2527 Παρθένος,
3397 2457 3678 2530 γέννησις,

2081 2547 2276 2617 φάτνῃ,
2304 2547 2710 2617 σπαργάνωσις,
2761 2545 2982 2615 ἄγγελοι
3029 2546 3362 2613 δοξάζοντες,
3408 2550 3680 2621 ποιμένες

2081 2637 2530 2710 προστρέχοντες,
2585 2637 2812 2708 ἀστέρος
2844 2637 2956 2707 (50)
3007 2636 3242 2709 δρόμος,
3284 2639 3474 2711 μάγων
3505 2659 3683 2713 προσ-

2082 2728 2308 2800 κύνησις
2340 2729 2436 2783 καὶ
2456 2729 2786 2801 δωροφορία,
2818 2727 3059 2799 Ἡρώδου
3086 2729 3425 2801 παιδοφονία,
3456 2730 3683 2802 φεύγων

2094 2824 2301 2896 Ἰησοῦς
2333 2825 2413 2889 εἰς
2440 2823 2739 2892 Αἴγυπτον,
2775 2823 3017 2877 ἐπανιὼν
3046 2822 3104 2891 ἐξ
3136 2822 3413 2893 Αἰγύπτου
3440 2867 3456 2892 ,
3509 2842 3680 2891 περι-

2080 2912 2430 2983 τεμνόμενος,
2474 2910 2906 2982 βαπτιζόμενος,
2964 2912 3412 2985 μαρτυρούμενος
3436 2914 3674 2980 ἄνωθεν,

2084 3006 2495 3077 πειραζόμενος,
2529 3002 2880 3076 λιθαζόμενος
2922 3006 3036 3077 (51)
3077 3006 3145 3061 δι’
3179 3008 3359 3078 ἡμᾶς,
3392 3004 3476 3072 οἷς
3506 3008 3687 3062 τύπον

2085 3097 2191 3151 ἔδει
2204 3098 2424 3169 δοθῆναι
2458 3097 2559 3168 τῆς
2598 3097 2741 3169 ὑπὲρ
2766 3096 2861 3151 τοῦ
2888 3097 3050 3168 λόγου
3099 3100 3508 3165 κακοπαθειας,
3538 3118 3681 3173 προ-

2085 3190 2375 3262 διδόμενος,
2407 3189 2868 3261 προσηλούμενος,
2904 3188 3269 3263 ϐαπτόμενος,
3292 3193 3687 3264 ἀνιστάμενος,

2086 3283 2446 3356 ἀνερχόμενος
2472 3322 2487 3346 ,
2520 3275 2595 3335 ὧν
2622 3282 2718 3335 καὶ
2763 3281 2860 3337 νῦν
2903 3283 3104 3355 πάσχει
3146 3283 3320 3337 πολλά
3341 3299 3357 3316 ·
3399 3284 3552 3356 παρά
3577 3285 3685 3357 μὲν

2085 3375 2194 3430 τῶν
2226 3375 2610 3447 μισοχρίστων,
2644 3373 2712 3426 τά
2748 3374 2848 3443 τῆς
2878 3373 3108 3445 ἀτιμίας
3135 3375 3407 3446 καὶφέρει
3439 3375 3687 3447 (μακρό-

2087 3469 2258 3539 θυμος
2290 3466 2420 3537 γάρ)
2445 3483 2460 3498 ·
2497 3465 2646 3536 παρά
2673 3465 2731 3518 δὲ
2756 3465 2865 3518 τῶν
2900 3463 3285 3536 φιλοχρίστων,
3318 3463 3389 3518 τά
3417 3465 3518 3537 τῆς
3549 3467 3680 3521 ἑπι-

2087 3559 2292 3629 τιμίας.
2325 3558 2431 3612 Καὶ
2462 3554 2843 3620 ἀναϐάλλεται,
2880 3554 3068 3628 ὥσπερ
3101 3556 3333 3619 ἐκείνοις
3354 3555 3452 3627 τὴν
3485 3556 3683 3628 ὀργὴν,

2086 3651 2259 3714 οὕτως
2279 3651 2409 3721 ἡμῖν
2436 3648 2536 3720 τὴν
2556 3647 2903 3719 χρηστότητα
2923 3663 2936 3676 ·
2967 3649 3083 3711 τοῖς
3111 3648 3209 3718 μὲν
3236 3646 3366 3708 ἴσως
3389 3649 3687 3718 μετανοίας

2087 3741 2264 3805 διδοὺς
2296 3740 2507 3812 καιρὸν,
2540 3738 2697 3809 ἡμῶν
2727 3739 2786 3791 δὲ
2809 3736 3120 3809 δοκιμάζων
3165 3738 3258 3792 τὸν
3294 3737 3479 3802 πόθον,
3506 3741 3555 3793 εἰ
3604 3739 3687 3812 μὴ

2088 3830 2437 3902 ὲκκακοῦμεν
2469 3828 2582 3900 (52)
2613 3829 2672 3881 ἐν
2697 3830 2817 3891 ταῖς
2834 3826 3048 3898 θλίψεσι
3081 3828 3174 3882 καὶ
3205 3830 3319 3892 τοῖς
3349 3827 3492 3899 ὑπὲρ
3518 3830 3686 3883 εὐσε-

2091 3926 2241 3989 ϐείας
2260 3924 2465 3994 ἀγῶσιν
2493 3936 2507 3951 °
2541 3921 2732 3991 ὥσπερ
2761 3919 2873 3991 (55)
2917 3918 3123 3974 ἄνωθεν
3177 3917 3330 3982 θείας
3366 3919 3688 3990 οἰκονομίας

2090 4018 2266 4085 λόγος,
2298 4015 2391 4068 καὶ
2417 4012 2523 4066 τῶν
2554 4010 2860 4081 ἀνεφίκτων
2891 4010 3056 4064 αὐτοῦ
3085 4010 3391 4081 κριμάτων,
3417 4004 3500 4074 οἷς
3522 4011 3690 4065 εὐθύ-

2090 4126 2172 4162 νει
2208 4105 2387 4175 σοφῶς
2410 4104 2481 4158 τά
2505 4104 2772 4175 ἡμέτερα.
2814 4102 2897 4155 Τὰ
2937 4102 3036 4174 μὲν
3062 4102 3125 4173 δὴ
3155 4102 3391 4174 Χριστοῦ
3420 4103 3683 4158 τοιαῦταο

2091 4201 2184 4254 καὶ
2209 4199 2276 4253 τὰ
2305 4198 2432 4269 ἑξῆς
2469 4195 2712 4267 ὀψόμεθα
2740 4194 3077 4266 ἐνδοξότερα,
3108 4196 3201 4249 καὶ
3235 4194 3555 4266 ὀφθείημεν.
3597 4197 3689 4250 Τὰ

2090 4292 2147 4346 δὲ
2173 4290 2266 4345 τοῦ
2304 4288 2643 4359 Πνεύματος,
2675 4286 2935 4358 παρέστω
2968 4304 3059 4356 μοι
3090 4286 3152 4340 τὸ
3189 4285 3434 4357 Πνεῦμα,
3469 4289 3566 4341 καὶ
3602 4289 3689 4342 δι-

2092 4384 2229 4438 δότω
2259 4383 2439 4451 λόγον,
2480 4381 2605 4434 ὅσον
2628 4380 2724 4433 καὶ
2770 4377 3032 4449 βούλομαι
3056 4393 3070 4406 ·
3110 4380 3160 4430 εἱ
3188 4378 3247 4431 δὲ
3297 4378 3372 4449 μὴ
3398 4378 3685 4445 τοσοῦτον,

406 4481 517 4551 jam
555 4480 682 4534 olim
735 4480 931 4537 divina:
981 4476 1405 4547 dispensationis
1437 4485 1490 4529 et
1521 4477 1982 4547 impervestigabi-

2096 4477 2210 4533 ἀλλ’
2240 4476 2351 4536 (54)
2379 4476 2503 4537 ὅσος
2540 4489 2605 4543 γε
2653 4470 2730 4541 τῷ
2758 4470 2937 4542 καιρῷ
2984 4470 3321 4543 σύμμετρος.
3372 4471 3599 4538 Πάντως
3624 4473 3687 4529 δὲ

484 4595 600 4663 (2i)
655 4593 992 4663 Ἐγγύτατα.
1018 4590 1193 4663 Coisl.
1214 4590 1251 4644 2
1281 4599 1336 4663 et
1361 4589 1550 4663 S:_t_vil.,
1577 4590 1881 4663 ἐγγυτάτω.

483 4659 597 4734 (22)
649 4659 807 4734 Ἐὐ-τὶ
854 4662 954 4716 καὶ
1000 4662 1161 4734 ἄλλα
1207 4659 1359 4734 argi.
1396 4659 1720 4734 Sic___plures
1772 4661 1986 4730 optimae

411 4729 551 4790 nuta:
580 4729 735 4789 codd.
768 4732 823 4785 In
859 4736 969 4790 ed..
1000 4732 1117 4785 ὲστί
1146 4748 1267 4784 τινα
1296 4730 1331 4783 ἃ
1360 4730 1451 4782 καὶ
1480 4729 1634 4782 ἄλλα.

484 4804 597 4877 (23)
636 4805 781 4877 Hap‘
808 4804 1084 4877 ἐκείνοις,
1123 4820 1141 4854 ί
1170 4803 1325 4869 Apud
1362 4801 1480 4853 illus
1514 4801 1728 4877 quidem
1763 4800 1988 4877 figurate

414 4870 858 4937 celebrabantur;
897 4888 927 4926 a
960 4874 1113 4926 nobis
1147 4882 1451 4944 antcm,_re
1510 4870 1730 4944 figurata
1779 4871 1829 4923 iu
1877 4889 1992 4944 my-

415 4948 581 5001 sterio
626 4944 886 5006 exhibita,
918 4953 1266 5012 peraguntur.
1298 4959 1317 4993 ι
1354 4940 1443 5012 Sic
1500 4950 1613 5012 tres
1659 4939 1848 5012 llegg.,
1896 4939 1991 4995 de-

415 5032 534 5070 cum
564 5015 743 5079 Colb.,
779 5008 958 5076 Passi,
995 5008 1100 5066 etc.
1130 5012 1186 5064 lu
1217 5012 1325 5075 ed.,
1362 5008 1471 5080 γὰρ
1502 5008 1760 5073 ἐκείνοιςξ
1780 5008 1906 5066 ΒιΙΙ.
1939 5014 1989 5066 iu

418 5088 590 5155 prima
630 5087 716 5139 ed.
746 5102 761 5138 :
799 5103 816 5134 ι
848 5083 1164 5155 Apudilios
1197 5082 1412 5150 quidem
1462 5080 1628 5155 ligura
1668 5089 1820 5155 tenus
1854 5082 1993 5137 cele-

418 5152 604 5211 bratos
632 5156 844 5276 (t'itttslk
879 5169 907 5204 a
946 5153 1102 5207 nobis
1144 5162 1323 5206 autem
1355 5152 1579 5219 mystice
1623 5154 1902 5205 restitutus
1940 5164 1994 5205 et

419 5227 750 5276 perfectos.)
847 5223 1054 5276 icetas:
1093 5240 1112 5273 ι
1148 5225 1190 5276 Α
1243 5221 1397 5274 nobis
1450 5228 1628 5272 autem
1677 5224 1905 5276 mvstice
1940 5234 1994 5275 et

419 5221 707 5295 perfectos.
732 5245 750 5276 ι
796 5221 1054 5277 Nicetas:
1093 5240 1112 5273 ι
1148 5225 1190 5276 Α
1229 5221 1397 5295 nobis
1450 5228 1628 5295 autem
1677 5224 1905 5295 mystice
1940 5234 1995 5275 et

422 5291 554 5350 vero
604 5297 958 5348 restituuntur
1007 5301 1063 5348 et
1119 5293 1492 5362 perficiuntur.
1528 5291 1643 5357 Quo
1692 5292 1743 5343 iu
1797 5306 1994 5361 genere

423 5377 508 5419 est
549 5365 762 5420 illorum
810 5361 1152 5417 circumcisio
1191 5373 1246 5416 et
1290 5370 1477 5414 noster
1516 5361 1835 5428 baptismus,
1884 5363 1999 5415 illo-

422 5452 548 5560 Emn
572 5434 804 5497 Pascha,
849 5447 1017 5504 agnus
1045 5432 1338 5497 sensibilis,
1380 5440 1433 5484 et
1479 5442 1723 5485 nostrum
1770 5431 1996 5499 Pascha,

487 5516 729 5559 mstus.»

487 5516 690 5559 ll'lSlllS.
712 5524 729 5551 ι

497 5574 613 5646 (24)
658 5576 1023 5646 Ἐπιδημίαν.
1057 5574 1247 5630 Plures
1281 5572 1498 5640 optimae
1533 5582 1673 5627 nota:
1711 5572 1892 5639 codd,
1918 5575 2003 5625 ὲν-

421 5646 695 5728 δημξανρ
728 5648 968 5728 Spiritus
994 5646 1411 5728 prfesentiamrnr
1469 5713 1494 5728 Α
1627 5713 1641 5728 Ι

515 5716 608 5803 2??)
640 5713 1009 5803 Ξςεάετμιετςί
1137 5714 1432 5803 "asellis;
1467 5713 1811 5803 θειξιάσξονκ
1918 5778 1947 5803 .

491 5782 604 5861 (26)
639 5789 714 5845 Τὰ
734 5782 852 5859 ιιὲῦ
900 5788 997 5857 δή.
1054 5784 1143 5842 Sic
1188 5782 1322 5855 Reg.
1368 5787 1459 5855 ph.
1494 5782 1617 5854 Alii,
1655 5783 1724 5838 τὰ
1753 5785 1851 5857 μὲν
1887 5782 1999 5840 οὖν.

2097 4594 2259 4648 Deest
2288 4589 2350 4659 δή
2385 4589 2450 4659 in_
2475 4586 2560 4639 ed.

2166 4662 2278 4732 ('27)
2320 4653 2661 4732 7'E75Nyl'ac.
2710 4654 2802 4732 Sic
2838 4664 3067 4723 quatuor
3099 4655 3310 4726 Regg.,'
3339 4653 3539 4725 Oxon.,
3567 4669 3682 4718 etc.

2093 4732 2150 4786 ln
2175 4726 2285 4792 ed.,
2314 4726 2598 4796 ἐκδημίας,
2647 4744 2666 4777 ι
2696 4727 3011 4780 discessum.
3036 4744 3061 4796 ί»

2169 4802 2281 4874 (28)
2320 4793 2527 4874 Πείθῃ.
2575 4798 2685 4851 Duo
2721 4796 2896 4874 Cnlb.,
2928 4795 3130 4874 πείθει.
3168 4815 3186 4847 ι
3218 4795 3402 4862 Quoad
3430 4793 3560 4850 mihi
3593 4810 3690 4849 cu-

2086 4866 2315 4942 iuspiam
2351 4871 2525 4942 (oratio
2552 4866 3421 4942 perSttaserit;_Nur_iquain_autem
3457 4880 3690 4942 persua-

2092 4935 2257 5003 debit,
2290 4959 2308 4992 ι
2347 4940 2521 5008 inquit
2572 4936 2808 4991 Nicetas.
2862 4935 2961 4989 Hic
3006 4935 3314 5008 Gregorius
3354 4936 3680 5008 perstringit

2091 5012 2401 5081 Origcuem,
2422 5005 2528 5078 'qui
2560 5008 2768 5081 animas
2786 5005 3536 5081 corporedetineridocebat,
3569 5019 3678 5059 nec

2093 5075 2290 5136 nisi'eo
2315 5075 2504 5131 exutas
2541 5077 2778 5130 nativam
2809 5076 3021 5142 assequi
3054 5075 3456 5143 perfectionem.

2162 5148 2433 5223 (29)#To_ﬁ
2457 5147 2751 5216 σώματος.
2799 5145 2935 5200 Tres
2973 5142 3163 5215 [ἱρείη
3192 5146 3356 5202 Coisl.
3393 5146 3444 5210 1,
3501 5143 3597 5199 Or.
3627 5142 3684 5208 1,

2090 5218 2220 5280 διὸ..
2247 5218 2324 5291 τῷ
2343 5218 2576 5291 σώματι.

2162 5291 2275 5363 (ᾇθ)
2297 5284 2308 5291 ’
2324 5284 2611 5363 Ἀστέρος.
2645 5284 2834 5363 Ξανηε,
2863 5284 3127 5363 ἀστέρωνε

2171 5353 2279 5433 (5i)
2335 5353 2744 5428 Λιθαῖόμενος.
2777 5357 2868 5411 Sic
2895 5353 3049 5411 codd.
3091 5355 3264 5411 Prave
3293 5356 3349 5410 in
3387 5355 3498 5421 ed.,
3519 5353 3683 5406 λιπα-

2132 5434 2344 5486 άμενος.

2100 5431 2787 5573 ζόῗὲἔῖς”ῌκκακοῦμεν.
2840 5496 2953 5573 _Sic
3015 5498 3198 5573 plures
3238 5495 3447 5573 _Regg_.,
3510 5492 3684 5573 Coisl.

2101 5566 2331 5638 l,'l’ar.
2388 5570 2444 5623 In
2495 5566 2786 5632 nonnullis,
2836 5566 3183 5637 ὲκκακῶμεν.
3236 5566 3296 5621 ln
3343 5566 3456 5632 ed.,
3509 5566 3653 5618 ὲκκα

2104 5641 2333 5716 μοῦμεν,
2357 5659 2377 5692 ι
2410 5640 2844 5694 succumbamus.
2879 5656 2898 5688 ι

2169 5714 2283 5768 ('55)
2324 5712 2566 5768 Ὥσπερ.
2596 5708 2810 5768 Comb.,
2844 5708 2976 5760 ὃσπε

2217 5724 2283 5768 ἱὸὶ
2324 5724 2566 5771 ⁷’.υσπερ.
2596 5724 2810 5771 Comm,
2844 5724 3035 5771 οσπερ.

2171 5725 2283 5769 (Sibi
2325 5725 2566 5777 Ὠσπερ.
2596 5725 2810 5771 bonum,
2844 5725 3035 5780 οσπερ.

2171 5785 2285 5858 (54)
2336 5783 2507 5845 Ἀλλ’.
2538 5779 2696 5834 Deest
2720 5780 2771 5833 in
2794 5779 3031 5850 quinque
3054 5777 3241 5849 negg,
3259 5776 3353 5837 Or.
3379 5777 3404 5833 1
3432 5785 3485 5833 et
3508 5773 3684 5833 Savii.
