3902 6218
260 311 374 369 ιω
1313 321 1575 379 unum
1613 323 1750 380 xu.
1789 355 1858 366 —
1897 324 1969 381 1N
2005 323 2521 382 PENTECOSTEN.
3432 292 3541 390 ei

264 428 542 502 παρέσται
570 433 928 505 δεσποτικῶς,
962 437 1079 493 ἀλλ’
1105 437 1166 492 οὐ
1194 437 1479 504 δουλικῶς,
1512 439 1641 492 οὐδὲ
1658 438 1864 510 ἀναμέ-

1992 442 2097 496 ium
2131 440 2303 509 ipsius
2324 441 2674 511 judiciurum,
2707 443 2903 511 quibus
2928 457 3014 501 res
3030 453 3242 501 nostras
3261 449 3536 516 sapienter

268 538 363 575 νον
401 522 704 596 ἐπίταγμα,
731 526 806 592 ὥς
828 545 973 593 τινες
1000 529 1226 586 οἴονται.
1251 531 1385 583 Πνεῖ
1414 531 1523 602 γὰρ
1539 524 1855 596 ὄπου’θέλει,

1992 532 2290 599 toderatur,
2348 541 2434 587 est
2508 533 2667 591 ratio.
2732 534 2910 603 Atque
2962 535 3266 604 hujusmodi
3320 541 3535 609 quidem

271 616 374 668 καὶ
402 617 487 685 ἐφ’
512 615 606 681 οὓς
634 619 747 690 (55)
776 620 1047 691 βούλεται,
1072 623 1169 677 καὶ
1205 623 1393 694 ἡνίκα,
1444 623 1538 678 καὶ
1568 625 1714 678 ὅσον.
1762 621 1862 677 Οὖ-

1992 633 2106 690 unt,
2142 638 2262 692 quin
2320 625 2387 678 ad
2444 623 2719 679 Christum
2778 627 3089 695 pertinent;
3125 638 3182 683 et
3206 643 3324 698 quae
3350 640 3540 700 postea

265 721 382 769 τως
401 706 562 777 ἡμεῖς
590 710 684 763 καὶ
710 714 850 767 νοεῖν
879 714 974 767 καὶ
1004 714 1184 785 λέγειν
1209 714 1559 786 ἐμπνεόμεὼι
1593 715 1722 788 περὶ
1748 715 1859 787 (56)

1992 722 2273 782 equentur,
2329 713 2694 784 splendidiora
2749 717 3165 783 conspiciemus,
3221 720 3541 790 utinamque

268 795 367 848 τοῦ
402 797 543 852 Πνεύ
551 817 737 870 ματος.

1996 813 2015 859 t
2061 805 2163 874 ipsi
2207 805 2626 875 conspiciamur.
2675 807 2754 860 Ad
2791 808 3028 877 Spiritus
3064 820 3244 866 autem
3275 813 3534 883 mysteria

262 888 623 960 explicanda,
652 893 890 963 Spiritus
917 896 1037 968 ipse
1069 898 1201 953 mihi
1264 898 1425 962 adsit,
1462 906 1775 969 tantamque
1827 897 2040 967 dicendi
2085 896 2391 951 facultatem
2447 898 2668 960 tribuat,
2738 909 2996 967 quantam
3057 903 3213 971 cupio
3262 918 3276 954 :
3328 911 3422 958 aut
3485 903 3551 957 si~

270 993 384 1073 non
420 990 646 1053 tantam,
679 995 735 1041 at
754 996 903 1044 certe
949 1004 1071 1059 quae
1102 990 1230 1046 huic
1266 989 1391 1046 festi
1425 989 1866 1058 celebritati'par
1911 989 2000 1044 sit.
2033 989 2113 1043 Ac
2160 987 2401 1058 profecto
2448 989 2620 1043 aderit
2645 989 2908 1055 hcriliter,
2953 1006 3058 1045 non
3102 992 3389 1058 serviliter,
3435 1009 3537 1050 nec

267 1068 479 1139 iussum
507 1084 672 1147 atque
695 1078 1003 1151 imperium,
1031 1090 1091 1136 ut
1118 1081 1441 1151 quibusdam
1476 1082 1719 1149 videtur,
1759 1093 2104 1152 exspectans.
2142 1079 2326 1150 Spirat
2355 1078 2499 1135 enim
2564 1079 2657 1134 ubi
2710 1081 2841 1145 vult,
2890 1089 2945 1135 et
2983 1096 3143 1150 super
3200 1098 3338 1152 quos
3401 1084 3538 1150 vult,

270 1172 331 1218 et
357 1163 599 1233 quando,
625 1176 680 1223 et
706 1179 990 1239 quantum.
1023 1170 1105 1226 Ex
1129 1173 1312 1229 divino
1343 1172 1503 1230 nobis
1544 1181 1626 1229 est
1655 1171 1857 1238 afﬂatu,
1897 1182 1957 1227 ut
1986 1173 2066 1228 sic
2093 1174 2159 1227 de
2191 1171 2396 1242 Spiritu
2426 1171 2724 1227 sentiamus
2755 1179 2811 1228 et
2845 1172 3149 1243 loquamur.

351 1281 444 1347 ς’.
479 1279 554 1335 Tb
583 1280 814 1355 Πνεῦμα
837 1285 898 1338 rb
928 1286 1082 1356 ἅγιον
1104 1287 1155 1341 οἱ
1192 1286 1292 1359 μὲν
1329 1288 1410 1353 είς
1472 1288 1681 1361 κτίσμα
1720 1304 1857 1341 κατ-

2032 1284 2196 1357 736
2219 1283 2307 1340 Vl.
2349 1284 2450 1352 Qui
2481 1283 2743 1356 Spiritum
2764 1294 3014 1340 sanctum
3044 1287 3095 1340 in
3121 1300 3300 1342 rerum
3332 1296 3549 1342 creataa

272 1370 504 1440 ἀγοντες
534 1371 668 1443 (57),
696 1375 971 1447 ὑϐρισταὶ,
1002 1381 1097 1431 καὶ
1120 1378 1294 1433 δοῦλοι
1323 1372 1505 1446 κακοὶ,
1556 1381 1650 1434 καὶ
1675 1378 1860 1434 κακῶν

1992 1394 2078 1433 um
2121 1378 2366 1435 ordinem
2410 1376 2688 1447 dejiciunt,
2723 1378 3098 1439 contumeliosi
3145 1388 3271 1434 sunt
3300 1388 3354 1433 et
3398 1380 3527 1435 mali

274 1464 551 1517 κάκιστοι.
580 1465 794 1520 Δούλων
826 1468 936 1540 γάρ
990 1469 1199 1536 κακῶν,
1256 1470 1472 1526 ἀθετεῖν
1521 1470 1861 1533 δεσποτείαν,

1992 1467 2123 1533 ervi,
2158 1475 2319 1537 atque
2354 1466 2488 1523 adeo
2516 1466 2780 1522 malorum
2815 1468 3060 1538 pessimi.
3100 1468 3366 1524 Malorum
3394 1471 3539 1524 enim

273 1556 374 1608 καὶ
423 1555 820 1613 ἐπανίστασθαι
873 1563 1177 1633 κυριότητι,
1218 1564 1313 1617 καὶ
1365 1562 1652 1634 ὁμόδουλον
1693 1566 1866 1617 ποιεῖν

1992 1575 2242 1614 ervorum
2303 1568 2407 1627 est,
2450 1558 2735 1630 imperium
2786 1560 3031 1630 rejicere,
3059 1568 3115 1616 et
3156 1562 3416 1617 adversus
3447 1563 3544 1617 de-

275 1649 494 1714 έαυτοῖς
526 1651 589 1704 rb
617 1650 922 1724 ἐλεύθερον.
947 1656 1011 1708 Oi
1042 1655 1100 1709 δὲ
1152 1655 1285 1709 Θεὸν
1319 1655 1654 1727 νομίζοντες,
1691 1655 1863 1709 ἔνθεοι

1992 1651 2319 1706 ninationem
2374 1653 2677 1721 insurgere,
2699 1661 2861 1720 atque
2887 1652 2963 1720 id,
2988 1653 3131 1722 quod
3181 1652 3410 1708 liberum
3434 1660 3538 1716 est,

275 1742 376 1795 καὶ
401 1742 645 1817 λαμπροὶ
674 1744 773 1818 τὴν
809 1745 1067 1803 διάνοιαν.
1104 1751 1167 1802 Οἱ
1193 1749 1251 1802 δὲ
1273 1751 1369 1803 καὶ
1398 1749 1775 1822 ὀνομάζοντες,
1812 1751 1862 1802 εἰ

1992 1759 2019 1796 n
2084 1742 2328 1798 eamdem
2410 1756 2595 1798 secum
2646 1743 2924 1799 servitutis
2982 1743 3215 1799 classem
3269 1733 3539 1815 redigere.

277 1835 382 1905 μὲν
410 1835 769 1907 εὐγνώμοσιν,
799 1838 1023 1910 ὑψηλοί·
1057 1843 1106 1895 εί
1132 1842 1189 1895 δὲ
1217 1845 1514 1909 ταπεινοῖς,
1538 1843 1639 1897 οὐκ
1657 1845 1861 1897 οἰκονο-

1992 1833 2073 1902 Qui
2098 1841 2279 1890 autem
2323 1834 2491 1890 Deum
2523 1851 2645 1891 eum
2674 1843 2921 1903 censent,
2950 1834 3120 1891 divini
3167 1836 3413 1906 profecto
3442 1838 3548 1891 viri

277 1923 432 1995 μικοί
453 1941 469 1955 ·
498 1924 655 1996 πηλῷ
686 1928 1031 2000 μαργαρίτην
1062 1930 1428 1994 πιστεύοντες,
1466 1929 1562 1983 καὶ
1591 1929 1727 1999 ἀκοῇ
1760 1945 1858 1981 σα-

1992 1936 2111 1994 υηι,
2140 1941 2204 1982 ac
2227 1926 2508 1998 splendido
2546 1927 2728 1983 animo
2776 1927 3006 1996 praediti.
3052 1926 3157 1994 Qui
3196 1941 3324 1983 vero
3377 1926 3541 1985 etiam

274 2016 386 2087 θρᾷ
402 2014 635 2089 βροντῆς
653 2014 805 2089 ἦχον,
830 2019 924 2073 καὶ
948 2020 1246 2092 ὀφθαλμοῖς
1261 2021 1669 2093 ἀσθενεστέροις
1689 2020 1858 2091 ἥλιον,

275 2105 375 2158 καὶ
399 2106 608 2178 τροφὴν
641 2107 871 2180 στερεὰν
902 2112 1016 2173 τοῖς
1034 2108 1115 2163 ἔτι
1143 2110 1286 2180 γάλα
1319 2110 1694 2181 ποτιζομένοις
1726 2109 1858 2179 (58)’

273 2196 397 2251 δέον
429 2199 574 2254 κατά
604 2199 799 2272 μικρὸν
820 2201 1080 2272 προάγειν
1105 2202 1216 2273 ('59)
1244 2203 1442 2266 αὐτοὺς
1465 2204 1546 2266 είς
1576 2202 1637 2255 τὸ
1660 2201 1868 2273 ἔμπρο-

276 2287 430 2356 σθεν,
466 2290 562 2344 καὶ
595 2289 950 2362 προϐιϐάζειν
988 2293 1103 2355 τοῖς
1136 2291 1490 2364 ὑψηλοτέροις
1517 2330 1531 2355 ,
1583 2292 1723 2360 φωτὶ
1750 2288 1868 2359 φῶς

277 2379 697 2453 χαριζομένους,
750 2383 846 2436 καὶ
896 2382 1123 2454 ἀληθείᾳ
1153 2382 1547 2454 προξενοῦντας
1574 2382 1829 2454 ἀλήθειαν
1848 2400 1863 2413 ο

277 2470 363 2528 διὸ
390 2474 487 2527 καὶ
516 2474 677 2544 ἡμεῖς
702 2473 796 2528 τὸν
818 2473 1146 2546 τελεώτερον
1162 2473 1302 2537 τέως
1333 2473 1444 2545 (40)
1464 2473 1693 2543 ἀφέντες
1713 2473 1868 2542 λόγον

280 2563 468 2632 (οὖπω
500 2564 612 2637 γὰρ
647 2565 896 2638 καιρὸς),
926 2564 1097 2630 οὕτως
1124 2567 1309 2629 αὐτοῖς
1337 2565 1711 2637 διαλεξόμεθα.

1968 2018 2261 2089 appellant,
2306 2019 2353 2074 si
2410 2019 2627 2088 quidem
2681 2019 2825 2090 apud
2856 2020 3000 2076 viros
3026 2021 3247 2092 probos,
3282 2021 3551 2077 sublimes

1968 2117 2023 2164 et
2065 2109 2267 2165 excelsi
2295 2118 2455 2165 sunt:
2484 2109 2567 2166 sin
2601 2119 2781 2166 autem
2828 2110 2971 2181 apud
3028 2111 3267 2182 abiectos
3306 2120 3360 2167 et
3395 2112 3551 2167 humi

1963 2201 2296 2270 provolutus,
2328 2201 2472 2256 haud
2517 2201 2650 2258 satis
2680 2201 2974 2270 prudenter
3005 2211 3202 2273 agunt;
3241 2211 3424 2273 utpote
3451 2202 3546 2273 qui

1965 2290 2079 2348 luto
2105 2292 2479 2363 margaritam,
2508 2302 2563 2347 et
2596 2292 2878 2347 imbecilla:
2908 2293 3027 2346 auri
3059 2293 3278 2347 tonitrui
3329 2306 3554 2361 sonum,

1964 2391 2018 2438 et
2070 2382 2239 2438 solent
2291 2383 2526 2437 infirmis
2570 2382 2762 2447 oculis,
2788 2390 2844 2437 et
2887 2381 3028 2436 lacte
3066 2383 3244 2436 adhuc
3266 2379 3548 2435 utentibus

1966 2472 2194 2528 solidum
2242 2472 2419 2528 cibum
2457 2473 2845 2539 committant;
2885 2486 3010 2527 cum
3041 2487 3135 2527 eos
3182 2472 3440 2541 paulatim
3480 2469 3547 2523 ad

1968 2565 2223 2620 ulteriora
2253 2578 2595 2634 promovere,
2621 2573 2789 2636 atque
2812 2562 2878 2617 ad
2911 2562 3225 2618 sublimiora
3250 2563 3551 2631 provehere

279 2659 591 2723 conveniat,
617 2658 811 2714 lumini
848 2660 1030 2714 lumen
1064 2659 1356 2731 largiendo,
1389 2675 1453 2714 ac
1485 2659 1696 2714 veritati
1723 2658 2003 2713 veritatem
2031 2656 2389 2712 conciliando.
2451 2656 2716 2722 Quocirca
2777 2670 2875 2710 nos
2939 2669 3176 2725 quoque,
3238 2653 3547 2723 perfectiori

280 2751 505 2806 interim
534 2766 788 2809 sermone
823 2753 988 2810 misso
1015 2751 1157 2809 facto
1186 2752 1445 2825 (nondum
1479 2754 1626 2809 enim
1655 2763 1865 2821 tempus
1906 2751 1955 2805 id
2013 2748 2294 2821 postulat),
2365 2749 2432 2804 ad
2490 2750 2635 2804 hunc
2687 2746 2904 2835 modum
2942 2761 3089 2813 tcum
3127 2747 3258 2817 ipsis
3321 2747 3553 2802 dissere-

283 2859 428 2899 mus.

353 2956 428 3014 Z'.
454 2957 524 3011 El
557 2958 655 3029 μὲν
686 2958 806 3012 οὐδὲ
833 2959 1087 3014 ἀκτιστον
1108 2998 1123 3022 ,
1172 2953 1218 3013 ὦ
1275 2975 1440 3020 ουτοι.
1464 2959 1777 3029 ὁμολογεῖτε
1805 2957 1866 3010 rb

282 3049 516 3121 Πνεῦμα
543 3049 605 3102 τὸ
653 3049 826 3120 ἅγιον,
851 3050 972 3103 οὐδὲ
1006 3050 1255 3121 ἄχρονον,
1287 3050 1381 3104 τοῦ
1416 3052 1658 3104 ἐναντίου
1700 3049 1867 3105 πνεύ-

2047 2948 2158 3004 Vll.
2195 2947 2251 3003 Si
2280 2948 2517 3017 quidem,
2547 2963 2580 3003 ο
2618 2947 2742 3013 viri,
2782 2961 2885 3002 nec
2932 2946 3255 3007 increatum,
3280 2958 3381 2997 nec
3416 2952 3553 2999 temo

1978 3041 2121 3110 poris
2149 3049 2426 3109 expertem
2484 3037 2744 3108 Spiritum
2800 3044 3045 3092 sanctum
3075 3034 3321 3097 creditis,
3352 3034 3549 3103 spiritu

285 3157 461 3211 ματος
488 3140 674 3211 σαφῶς
721 3141 754 3211 ὴ
802 3140 1055 3211 ἐνέργεια
1074 3158 1087 3171 ·
1115 3140 1233 3194 δότε
1271 3140 1379 3213 γὰρ
1408 3140 1486 3212 τῷ
1514 3141 1661 3213 ζήλῳ
1695 3159 1748 3195 τι
1778 3142 1872 3194 καὶ

1992 3132 2294 3187 adversario
2339 3130 2479 3185 haud
2509 3129 2673 3185 dubie
2712 3126 3009 3184 aﬂlamini:
3051 3126 3249 3182 dabitis
3276 3124 3422 3180 enim
3458 3138 3554 3178 ve-

285 3232 713 3304 παρατολμῆσαι
738 3231 954 3305 μικρόν.
972 3231 1036 3284 Εἰ
1063 3230 1120 3285 δὲ
1140 3231 1392 3286 τοσοῦτον
1413 3230 1544 3299 γοῦν
1575 3230 1865 3299 ὑγιαίνετε,

283 3324 431 3379 ὥστε
458 3325 560 3396 τὴν
599 3324 866 3397 πρόδηλον
914 3323 1139 3394 φεύγειν
1170 3324 1426 3378 ἀσέϐειαν
1453 3364 1466 3388 ,
1502 3324 1596 3377 καὶ
1626 3323 1725 3394 τῆς
1750 3323 1872 3376 δου-

283 3418 440 3482 λείας
467 3416 573 3482 ἒξω
601 3415 813 3470 τιθέναι
844 3416 906 3469 rb
936 3417 1030 3469 καὶ
1060 3416 1208 3487 ἡμᾶς
1262 3414 1370 3487 (di)
1423 3414 1608 3469 ποιοῦν
1660 3412 1871 3467 ἐλευθέ-

289 3526 441 3581 ρους,
457 3508 521 3561 rb
549 3508 678 3579 ἑξῆς
706 3508 862 3561 αὐτοὶ
895 3507 1192 3577 σκέψασθε,
1230 3508 1366 3579 μετά
1392 3507 1486 3561 τοῦ
1516 3505 1672 3576 ἁγίου
1699 3507 1870 3560 Πνεύ-

291 3617 487 3673 ματος.
523 3598 619 3652 καὶ
649 3597 829 3669 ἡμῶν.
852 3598 1121 3669 Πείθομαι
1151 3598 1259 3671 γὰρ
1307 3598 1491 3677 ποσῷς
1522 3597 1714 3652 τούτου
1745 3616 1875 3669 μετ-

288 3694 436 3763 έχειν
458 3692 627 3762 ὑμᾶς,
658 3690 753 3744 καὶ
773 3689 851 3754 ὡς
877 3691 1097 3754 οἰκείοις
1127 3691 1227 3762 ἤδη
1264 3691 1722 3763 συνδιασκέψομαι
1741 3691 1873 3762 (42).

290 3788 365 3840 ’Ἦ
389 3784 509 3839 δότε
541 3801 631 3856 μοι
649 3783 713 3837 rb
743 3782 908 3852 μέσον
936 3783 1036 3853 τῆς
1064 3782 1308 3846 δουλείας
1340 3782 1473 3854 (45),
1508 3783 1604 3837 καὶ
1642 3783 1743 3854 τῆς
1794 3784 1879 3837 δε-

291 3880 575 3943 σποτείας,
612 3876 677 3932 ἵν’
715 3878 833 3930 ἐκεῖ
873 3875 951 3930 θῶ
998 3875 1094 3947 τὴν
1121 3875 1277 3940 ἀξίαν
1305 3876 1400 3930 τοῦ
1448 3876 1801 3948 Πνεύματος·
1842 3878 1876 3948 ἦ

290 3975 395 4045 τὴν
421 3971 669 4026 δουλείαν
700 3969 1015 4040 φεύγοντες,
1044 3969 1145 4022 οὐκ
1173 3968 1389 4040 ἄδηλον,
1428 3969 1550 4023 ὅποι
1596 3968 1787 4036 τάξετε
1817 3970 1880 4022 rb
1911 4032 1920 4038 _

293 4065 633 4138 ζητούμενον
650 4062 784 4133 (44).
820 4060 985 4115 Ἀλλά
1011 4063 1134 4125 ταῖς
1163 4060 1454 4126 συλλαϐαῖς
1478 4062 1877 4133 δυσχεραίνετε,

295 4159 393 4212 καὶ
431 4154 801 4228 προσπταίετε
832 4155 898 4224 τῇ
927 4154 1101 4223 φωνῇ,
1143 4153 1238 4205 καὶ
1278 4151 1425 4215 λίθος
1455 4154 1881 4225 προσκόμματος

297 4251 433 4321 ὑμῖν
463 4247 624 4301 τοῦτο
662 4247 890 4316 γίνεται,
931 4245 1027 4298 καὶ
1063 4244 1240 4315 πέτρα
1269 4243 1565 4298 σκανδάλου
1586 4286 1601 4310 ,
1641 4246 1764 4298 ἐπεὶ
1789 4247 1884 4299 καὶ

296 4338 540 4408 Χριστὸς
589 4336 750 4390 τισίν.
802 4333 1165 4405 Ἀνθρὼπινον
1215 4334 1279 4388 rb
1335 4334 1526 4399 πάθος.
1582 4335 1884 4408 Συμὸῶμεν

297 4429 555 4500 ἀλλήλοις
611 4424 1018 4497 πνευματικῶς.
1055 4424 1350 4497 Γενώμεθα
1410 4426 1721 4497 φιλάδελφοι
1754 4428 1887 4498 μᾶλ-

1977 3224 2145 3287 niam,
2178 3223 2224 3277 si
2255 3220 2373 3277 zelo
2402 3228 2730 3287 commotus,
2762 3219 3007 3289 asperius
3052 3216 3269 3287 aliquod
3320 3216 3551 3271 verbum

1976 3330 2238 3387 extulero.
2269 3330 2420 3397 Quod
2451 3331 2497 3386 si
2526 3331 2789 3385 hactenus
2824 3327 3017 3385 saltem
3047 3337 3193 3382 recte
3222 3326 3463 3392 sentitis,
3489 3339 3556 3379 ac

1980 3422 2124 3482 belle
2176 3423 2390 3487 valetis,
2426 3431 2486 3477 ut
2538 3420 2882 3476 manifestam
2932 3420 3263 3487 impietatem
3310 3415 3553 3486 fugiatis,

1981 3525 2143 3585 atque
2172 3529 2320 3580 eum,
2360 3514 2453 3584 qui
2489 3528 2589 3568 nos
2611 3526 2827 3583 quoque
2867 3511 3069 3567 liberos
3090 3508 3271 3576 ellicit,
3304 3524 3333 3562 a
3368 3506 3550 3562 servili

1980 3610 2172 3664 ordine
2224 3609 2502 3675 eximatis,
2535 3606 2686 3678 quod
2730 3605 2996 3676 sequitur,
3026 3617 3134 3657 una
3165 3617 3287 3657 cum
3344 3598 3555 3669 Spiritu

1981 3710 2173 3758 sancto
2204 3715 2269 3755 ae
2321 3700 2499 3764 nobis,
2527 3697 2833 3768 expendite.
2888 3692 2993 3751 Vos
3022 3695 3221 3764 quippe
3247 3695 3560 3761 quadamte-

1986 3809 2087 3850 nus
2142 3792 2313 3863 ipsius
2362 3792 2656 3861 participes
2702 3803 2824 3845 esse
2874 3787 3111 3851 confido,
3161 3800 3225 3840 ac
3271 3783 3384 3854 jam
3414 3781 3562 3837 velut

1986 3902 2109 3942 cum
2140 3888 2343 3943 nostris
2376 3884 2535 3940 simul
2586 3897 2703 3939 rem
2732 3878 3109 3937 considerabo.
3147 3878 3257 3931 Aut
3302 3874 3433 3928 mihi
3462 3872 3555 3926 ali.

1986 3978 2137 4047 quid,
2171 3976 2313 4046 quod
2368 3975 2509 4031 inter
2566 3974 2882 4030 servitutem
2910 3978 2987 4025 et'
3015 3966 3437 4024 dominationem
3485 3965 3561 4017 in-

1991 4070 2270 4137 terjectum
2304 4067 2395 4135 sit,
2430 4068 2574 4131 date,
2603 4075 2662 4120 ut
2690 4065 2802 4119 illic
2834 4060 3074 4133 Spiritus
3099 4058 3425 4137 dignitatem
3454 4055 3560 4110 col-

1990 4163 2160 4216 locem
2214 4178 2228 4214 :
2284 4170 2397 4226 aut,
2428 4174 2550 4214 cum
2604 4156 2883 4213 servitutis
2930 4166 3125 4208 nomen
3175 4150 3418 4220 fugiatis,
3452 4164 3563 4204 non

1990 4253 2282 4305 obscurum
2330 4250 2453 4313 erit,
2488 4262 2595 4318 quo
2627 4246 2745 4301 loco
2769 4255 2931 4315 atque
2976 4241 3167 4297 ordine
3201 4239 3275 4305 id,
3307 4236 3448 4310 quod
3478 4252 3563 4291 ex-

1992 4343 2250 4412 quiritur,
2279 4341 2514 4412 ponetis.
2545 4343 2616 4394 At
2644 4337 2877 4410 syllabas
2904 4335 3131 4391 moleste
3176 4331 3355 4397 fertis,
3403 4340 3563 4402 atque

1994 4439 2061 4491 ad
2086 4450 2274 4491 vocem
2307 4432 2623 4503 impingitis,
2650 4431 2895 4499 lapisque
2935 4425 3250 4482 offensionis
3304 4434 3360 4480 et
3413 4431 3574 4494 petra

299 4523 416 4584 λον,
450 4521 484 4592 ἢ
515 4519 782 4589 φίλαυτοι.
817 4517 949 4571 Δότε
969 4518 1078 4588 ¹τὴν
1105 4516 1335 4590 δύναμιν
1361 4519 1461 4590 τῆς
1494 4519 1767 4592 θεότητος,
1793 4522 1876 4575 καῚ

1993 4524 2232 4579 scaudali
2281 4523 2384 4578 hoc
2433 4521 2585 4577 vobis
2635 4518 2873 4575 efﬁcitur
2903 4515 2971 4582 ‘°,
3008 4529 3107 4569 nec
3160 4513 3379 4575 mirum,
3440 4525 3562 4571 cum

192 4698 199 4703 ι
298 4610 551 4681 δώσομεν
578 4610 708 4680 ὑμῖν
746 4608 860 4680 (45)
886 4609 984 4679 τῆς
1007 4609 1190 4680 φωνῆς
1215 4608 1313 4681 τὴν
1343 4609 1719 4683 συγχώρησιν·
1761 4615 1889 4684 ὁμο-

366 4751 412 4783 ⁸⁸
450 4751 554 4806 lsa.
582 4763 699 4815 vm,
729 4747 797 4802 M
833 4746 1032 4815 ;Rom.
1078 4763 1153 4813 lx,
1195 4746 1286 4802 55.

383 4916 498 4988 (55)
550 4916 681 4988 Ἐφ’,
708 4913 836 4988 σῆς.
864 4914 1010 4988 Reg._
1026 4911 1079 4965 d.
1104 4910 1171 4965 ad
1196 4924 1390 4988 marg._,
1421 4908 1506 4979 ἐφ’
1528 4908 1705 4973 ὅσους.

385 4978 501 5056 (56)
539 4978 703 5056 Περί.
757 4985 849 5039 Sic
883 4978 1124 5056 plerique
1157 4980 1411 5056 jnelioris
1433 4978 1582 5056 uota:
1621 4979 1800 5056 codd._
1835 4978 1889 5031 In

311 5048 441 5115 Par.
467 5048 577 5114 ἑὸ..
608 5048 779 5127 παρά.
828 5072 847 5104 ι
885 5048 980 5108 Sic
1005 5048 1124 5115 nus,
1154 5049 1356 5120 Spiritu
1393 5048 1582 5114 afflati,
1604 5060 1658 5105 et
1687 5050 1892 5121 cogita-

313 5143 438 5184 mus
469 5137 523 5180 et
546 5127 836 5193 loquimur.
881 5143 900 5176 ι

387 5197 500 5278 (5‘?)
542 5188 936 5278 Ιςάτοξγοντες.
961 5191 1046 5278 nIn
1098 5189 1409 5278 ιιοηηιιιίίιι,Ι
1446 5188 1894 5278 καταϐάλλοντες.

314 5260 547 5324 Ιιειόιῖιη
575 5260 851 5337 legebatur
884 5261 1129 5337 iuBegg.
1154 5261 1242 5315 bm
1267 5269 1321 5315 et
1359 5260 1452 5329 pb.
1486 5261 1594 5315 Sed
1629 5276 1792 5322 nunc,
1814 5260 1897 5310 al-

315 5352 434 5393 'era
459 5334 647 5402 manu,
666 5348 726 5390 ut
755 5338 806 5389 in
835 5334 1017 5402 editis.

389 5406 505 5478 (58)
534 5397 706 5461 Γάλα
741 5401 1164 5473 ποτιζομὲνοις.
1190 5399 1247 5456 1n
1272 5398 1615 5470 quibusdam,
1646 5397 1905 5468 γαλακτι-

311 5477 587 5546 ξομένοις-

1995 4616 2243 4673 Cltristus
2271 4629 2487 4687 quoque
2508 4610 2783 4669 nonnullis
2803 4607 3057 4665 seandalo
3078 4605 3260 4661 fuerit.
3290 4603 3566 4657 Humanus

2064 4907 2176 4994 Ηί)
2217 4904 2421 4994 ’Ἠιέᾶᾳ
2452 4905 2545 4962 Sic
2584 4906 2818 4961 Nicetas.
2866 4904 2958 4961 Sic
3009 4905 3172 4959 etiam
3214 4903 3583 4974 legitBiIlius.;

1990 4978 2183 5118 1ηᾶἒῖ
2209 4979 2763 5115 ιΞέῗιέῗζξῖέὲιοὶισκέψομοιι.
2820 5046 2914 5118 Sit;
2944 5044 3126 5118 Regg._
3161 5044 3271 5118 bm,
3317 5043 3408 5113 ph,
3460 5043 3571 5118 Asa-

1993 5113 2109 5180 vill,
2150 5113 2253 5171 etc.
2301 5117 2517 5182 Cumb.,
2556 5113 3084 5187 συνδιασκεψόμεθῶ
3107 5113 3164 5168 In
3200 5114 3312 5180 ed.,
3358 5113 3576 5167 συνδιαωΔ

1998 5188 2317 5328 σκῗῒδῖμῆξξ
2345 5257 2645 5321 δουλείας.
2674 5257 2831 5328 Deest
2867 5255 2986 5326 τῆς,
3037 5253 3179 5308 sicut
3207 5261 3261 5308 et
3292 5268 3415 5308 mox
3448 5262 3575 5308 ante

1995 5325 2334 5391 δεσποτείας.
2362 5330 2414 5381 in
2466 5328 2706 5395 pluribus
2749 5325 2913 5395 Regg.

2071 5396 2183 5469 (44)
2233 5398 2399 5469 Ὄπᾳι
2432 5392 2656 5469 regem
2689 5396 2773 5469 _rd
2812 5392 3196 5469 Δζ’ήτ’τ)ύμ‹ιςν·ον.
3247 5392 3396 5457 Sav.,

2004 5464 2173 5524 Deest
2186 5467 2246 5521 τό
2271 5469 2323 5520 in
2350 5466 2517 5521 Coisl.
2543 5469 2595 5521 1.
2627 5485 2645 5517 ι
2676 5466 2825 5532 Quod
2856 5467 3130 5534 quaeritur,
3152 5482 3175 5516 ο
3199 5477 3391 5532 nempe
3412 5482 3430 5513 ι
3452 5464 3576 5530 Spi-

393 5537 508 5619 (59)
538 5537 846 5619 Προάγειν.
885 5542 977 5599 Sic
1018 5556 1215 5614 magno
1248 5553 1516 5596 consensu
1561 5539 1795 5595 codices.
1847 5538 1876 5591 Il

2002 5538 2213 5619 ritus,»
2245 5539 2311 5619 de
2338 5551 2445 5605 quo
2472 5537 2697 5619 quaestio
2727 5545 2829 5589 est.

317 5617 438 5689 ed..
460 5617 778 5689 προσάγειν.

2072 5605 2184 5688 (45)
2236 5601 2514 5675 Δώοῖομεῶ·
2553 5605 2715 5676 ὑμῖν,
2746 5614 2850 5659 etc.
2867 5622 2900 5688 ,ι
2944 5602 3197 5688 Rabimus
3235 5603 3388 5658 vobis
3427 5601 3583 5688 vocis

426 5670 904 5757 lOYIsJi-xbzepor
936 5682 1100 5757 τέως.
1131 5680 1223 5757 Sic
1275 5680 1517 5757 quinque
1558 5678 1752 5753 Rem,
1811 5693 1876 5738 se:

2001 5670 2250 5757 veniam;
2286 5670 2646 5746 nequaquam,
2678 5670 2707 5729 ι’
2730 5688 2787 5731 ut
2833 5674 2907 5730 ait
2944 5670 3182 5742 Nicetas,
3219 5691 3239 5726 ι
3276 5689 3393 5729 eatn
3420 5688 3451 5734 a
3480 5684 3574 5732 vo:

397 5688 509 5815 (ιο)
544 5688 904 5753 Τελεώτεῖρον
936 5688 1100 5750 τέως.
1131 5688 1223 5737 Sic
1275 5688 1517 5762 quinque

317 5758 403 5817 Co
427 5754 612 5827 b.,0r.
648 5758 673 5812 1
709 5767 763 5813 et
788 5758 936 5814 Pass.
969 5754 1130 5812 Deest
1158 5751 1295 5817 τέως
1328 5767 1383 5809 ιιι
1411 5752 1540 5808 edit.

2006 5747 2090 5805 bis
2114 5747 2412 5818 exigentes.
2461 5765 2482 5799 ι
