3902 6218
303 293 411 354 659

1512 293 1569 350 S.
1610 292 1701 350 GR
1710 293 1943 351 EGORH
1981 291 2332 349 THEOLOGI

3463 290 3579 348 MO

308 414 358 467 is
413 409 632 482 quidem
681 409 926 467 affectus.
964 410 1165 468 Verum
1213 411 1569 482 spiritualiter
1615 416 1756 469 inter
1790 430 1888 469 nos

2023 414 2257 485 ογήσατε
2290 412 2390 484 τὴν
2423 409 2584 481 φύσιν
2613 409 2673 463 ὲν
2705 407 2898 472 ἄλλαις
2933 408 3136 477 φωναῖς
3158 447 3173 472 ,
3217 402 3306 473 αἷς
3336 409 3576 466 αἰδεῖσθε

309 504 450 558 hanc
495 504 921 558 controversiam
957 507 1321 573 transigamus
1357 522 1372 560 :
1404 506 1660 562 fraternae
1711 508 1890 577 potius

309 594 597 652 charitatis
625 595 885 660 studium,
918 611 1077 664 quam
1124 597 1295 651 nostri
1321 611 1560 653 amorem
1602 614 1712 667 prae
1738 599 1892 655 nobis

310 687 578 742 feramus.
638 684 757 741 Vim
788 686 1091 742 divinitatis
1117 704 1182 743 ac
1229 690 1524 759 potentiam
1565 691 1719 745 nobis
1747 691 1891 758 date,

308 790 364 832 et
398 793 499 833 nos
524 778 759 833 vicissim
788 779 1086 835 divinitatis
1118 793 1299 836 vocem
1330 782 1485 836 vobis
1510 783 1890 838 concedemus.

313 868 576 922 Naturam
623 868 744 926 aliis
787 870 1031 937 vocibus,
1059 870 1253 940 quibus
1299 871 1417 940 plus
1445 872 1606 943 737
1638 873 1892 941 tribuitis,

315 960 712 1029 confiteamini;
761 976 825 1018 ac
863 977 980 1027 vos,
1016 973 1074 1016 ut
1108 964 1356 1019 inﬁrmos
1401 966 1734 1030 curabimus,
1762 980 1895 1020 non-

317 1050 460 1104 nulla
504 1051 655 1107 vobis
711 1062 858 1123 grata
899 1064 955 1108 et
1004 1054 1245 1124 jucunda
1295 1054 1642 1111 suifurantes.
1682 1056 1896 1111 Etenim

320 1150 481 1214 turpe
499 1146 716 1213 quidem
744 1147 872 1202 illud
912 1157 1017 1213 est,
1055 1157 1231 1219 turpe,
1260 1149 1582 1219 inquam,ac
1609 1152 1897 1219 perabsur-

320 1233 469 1299 dum,
500 1251 619 1290 cum
657 1239 838 1292 animo
882 1241 1130 1304 valeatis,
1164 1241 1309 1295 circa
1360 1241 1510 1295 vocis
1555 1255 1745 1295 sonum
1764 1240 1899 1311 jeju-

1991 503 2189 575 μᾶλλον
2216 501 2326 574 (46)
2352 517 2366 531 ·
2384 501 2480 556 καὶ
2510 500 2586 565 ὡς
2612 498 2859 564 ἀσθενεῖς
2877 501 3020 571 ὑμᾶς
3057 498 3415 571 ίατρεύσομεν
3436 501 3574 571 (⁵47)·

1989 597 2137 651 ἐστιν
2158 596 2194 652 ἃ
2219 594 2446 650 καὶτῶν
2471 593 2610 667 πρὸς
2634 592 2827 664 ἡδονὴν
2853 591 3320 664 παρακλέψαντες.
3339 592 3582 665 Aiaxpr

1994 690 2092 760 μὲν
2136 688 2267 759 γὰρ,
2303 684 2549 757 αἰσχρὸν,
2601 683 2696 738 καὶ
2734 683 2934 746 ἱκανῶς
2966 682 3183 752 ἄλογον,
3232 681 3373 736 κατὰ
3396 682 3582 753 ψυχὴν

1992 779 2340 854 ἐρρωμένους
2367 776 2502 849 (48),
2537 774 2978 848 μικρολογεῖσθαι
3002 775 3132 846 περὶ
3156 774 3248 827 τὸν
3278 769 3433 845 ἦχον,
3483 774 3584 826 καὶ

1994 873 2258 944 κρύπτειν
2283 871 2373 924 τὸν
2402 869 2700 942 θησαυρὸν,
2725 867 2916 940 ὥσπερ
2954 867 3136 931 ἄλλοις
3159 867 3579 938 βασκαίνοντας,

1994 966 2027 1038 ἢ
2062 964 2135 1037 μὴ
2184 964 2297 1034 (49)
2347 965 2442 1017 καὶ
2478 963 2577 1035 τὴν
2611 962 2865 1032 γλῶσσαν
2915 960 3183 1033 ἁγιάσητε
3239 959 3583 1024 δεδοικόταςο

1995 1060 2206 1129 αἴσχιον
2235 1058 2293 1112 δὲ
2319 1058 2454 1129 ἡμῖν
2500 1055 2531 1109 ὃ
2584 1054 2922 1126 ἐγκαλοῦμεν
2944 1052 3160 1115 παθεῖν,
3202 1052 3296 1105 καὶ
3331 1049 3587 1123 μικρολο-

1996 1151 2123 1221 γίαν
2152 1148 2660 1219 καταγινώσκοντας
2679 1187 2695 1212 ,
2742 1147 2939 1210 αὐτοὺς
2972 1143 3417 1218 μικρολογεῖσθαι
3450 1141 3589 1213 περὶ

1996 1241 2067 1295 τὰ
2089 1242 2415 1315 γράμματα.

323 1335 424 1377 nos
455 1332 511 1378 et
549 1325 789 1381 minutos
862 1342 959 1382 vos
1014 1329 1275 1397 praebere,
1331 1342 1395 1383 ac
1435 1328 1750 1383 thesaurum
1790 1331 2086 1397 occultare,
2123 1331 2279 1400 quasi
2318 1331 2439 1385 aliis
2478 1345 2601 1386 eum
2654 1327 2978 1392 invidentes,
3016 1336 3109 1382 aut
3158 1337 3484 1390 metuentes,
3521 1339 3591 1380 ne

323 1410 561 1483 linguam
599 1433 815 1489 quoque
867 1428 1103 1473 vestram
1148 1419 1535 1486 sanctiﬁcetis;
1573 1422 1782 1490 turpius
1806 1433 1985 1477 autem
2037 1423 2191 1478 nobis
2212 1431 2317 1488 est,
2376 1422 2565 1478 eodem
2629 1421 2763 1475 vitio
2831 1420 3024 1484 teneri,
3060 1419 3201 1488 quod
3249 1418 3403 1473 vobis
3448 1419 3591 1489 obji-

323 1505 515 1571 οῖιιιυεν
558 1516 740 1579 atque,
791 1525 912 1566 cum
942 1521 1175 1567 vestram
1220 1513 1288 1568 de
1319 1512 1540 1568 minutis
1582 1513 1746 1569 rebus
1777 1515 2180 1572 contentionem
2227 1518 2568 1581 damnemus,
2637 1514 2843 1567 minute
2892 1512 3056 1567 etiam
3094 1513 3162 1565 de
3219 1509 3417 1565 litteris
3477 1510 3597 1566 dis-

323 1609 532 1667 putare.

393 1691 530 1746 Vill.
558 1692 902 1762 Trinitatem,
926 1712 960 1752 o
984 1699 1106 1765 viri,
1125 1698 1285 1754 unius
1312 1699 1539 1757 Deitatis
1576 1717 1697 1758 esse
1732 1702 1907 1758 fatea-

2081 1702 2165 1755 H'.
2198 1700 2347 1763 Μιᾶς
2373 1696 2661 1768 Θεότητος,
2691 1686 2913 1756 ὧοῦτοι,
2945 1693 3044 1766 τὴν
3078 1691 3285 1764 Τριάδα
3325 1693 3595 1765 ὁμολογή-

324 1784 480 1849 minl,
542 1796 658 1852 aut,
704 1788 749 1843 si
796 1790 970 1861 magis
1015 1792 1210 1862 placet,
1246 1793 1408 1849 unius
1453 1804 1692 1863 natura;
1745 1805 1907 1865 atque

327 1878 469 1935 hanc
511 1895 723 1947 vocem,
769 1882 933 1950 Deus,
984 1899 1014 1938 a
1059 1882 1263 1955 Spiritu
1310 1888 1461 1943 vobis
1491 1889 1903 1959 postulabimus.

330 1968 649 2027 Dabitenim
672 1974 918 2044 profecto
948 1980 1267 2045 secundum,
1325 1981 1415 2050 qui
1466 1982 1699 2052 primum
1739 1984 1905 2049 dedit,

328 2061 490 2132 idque
518 2064 876 2136 potissimum,
914 2073 959 2127 si
993 2069 1046 2125 id
1091 2071 1156 2126 de
1201 2087 1307 2142 quo
1334 2083 1628 2142 pugnatur,
1662 2075 1911 2143 spiritua-

332 2155 397 2210 lis
440 2159 685 2227 quaedam
734 2161 993 2217 timiditas
1048 2162 1232 2233 fuerit,
1270 2181 1377 2221 non
1431 2175 1612 2221 autem
1643 2168 1908 2224 diabolica

332 2249 628 2304 contentio.
681 2251 880 2322 Atque,
911 2263 970 2307 ut
1009 2256 1250 2325 apertius
1272 2264 1327 2311 et
1357 2258 1797 2326 compendiosius
1839 2260 1911 2313 lo-

332 2355 489 2406 quar,
548 2341 629 2397 sic
658 2342 802 2397 inter
821 2359 917 2399 nos
965 2359 1208 2415 agamus,
1229 2357 1288 2401 ut
1310 2362 1410 2403 nec
1436 2363 1553 2413 vos,
1575 2350 1910 2405 sublintioris

333 2432 481 2487 vocis
508 2447 690 2498 causa,
715 2450 811 2491 nos
832 2435 888 2491 in
918 2438 1125 2493 crimen
1156 2439 1359 2493 vocetis
1388 2449 1513 2509 (nec
1541 2442 1683 2496 enim
1704 2441 1910 2497 invidia

332 2536 387 2576 et
417 2525 838 2593 reprehensione
874 2529 1224 2599 premidebet
1257 2530 1564 2599 hujusmodi
1594 2532 1911 2603 ascensus);

335 2631 435 2671 nec
479 2632 581 2672 nos
640 2618 876 2674 vicissim
913 2635 1033 2675 eam
1060 2636 1271 2689 vocem,
1304 2624 1458 2691 cujus
1492 2624 1650 2679 modo
1688 2638 1915 2693 capaces

333 2708 487 2774 estis,
533 2708 687 2766 vobis
741 2709 1100 2779 ohjiciemus,
1154 2716 1390 2782 quandiu
1450 2716 1558 2769 alio
1610 2716 1804 2770 itinere
1845 2715 1913 2769 ad

337 2801 474 2855 idem
500 2800 789 2870 hospitium
826 2802 1096 2858 feremini.
1138 2802 1258 2858 Non
1279 2805 1424 2859 enim
1443 2806 1726 2859 victoriam
1752 2805 1917 2859 ambi-

337 2904 476 2956 mus,
494 2893 610 2956 sed,
636 2902 693 2946 ut
712 2893 1170 2964 fratres,quorum
1195 2895 1561 2963 disiunctione
1584 2897 1914 2964 cruciamur,

334 2983 401 3036 ad
437 2998 536 3039 nos
576 2985 819 3050 redeant,
851 2985 1180 3043 laboramus.
1221 2987 1400 3057 Atque
1428 2989 1542 3043 hinc
1569 2989 1637 3043 ad
1655 3003 1749 3044 vos
1775 2990 1913 3044 dicta

336 3075 468 3144 sint,
497 3078 634 3146 apud
684 3093 820 3147 quos
842 3078 1005 3133 vitale
1044 3055 1324 3149 quidpiam
1364 3081 1692 3149 reperimus,
1717 3081 1915 3151 quippe
1942 3055 1983 3110 (δ

336 3169 430 3237 qui
449 3183 582 3224 sane
608 3177 771 3239 atque
802 3171 1012 3242 integre
1034 3170 1103 3225 de
1152 3169 1293 3225 Filio
1338 3171 1619 3239 sentiatis;
1662 3186 1912 3241 quorum,

337 3276 461 3314 cum
496 3262 662 3316 vitam
686 3261 913 3317 miriﬁce
945 3263 1256 3332 probemus,
1278 3264 1578 3318 doctrinam
1611 3272 1790 3319 tamen
1813 3279 1917 3318 non

337 3354 486 3409 omni
522 3369 587 3409 ex
633 3365 789 3424 parte
837 3355 1148 3421 laudamus;
1202 3357 1293 3425 qui
1331 3372 1452 3411 cum
1509 3371 1595 3419 ea,
1645 3372 1765 3427 quae
1795 3364 1922 3412 sunt

343 3446 599 3516 Spiritus,
646 3447 914 3515 habeatis,
967 3447 1230 3518 Spiritum
1277 3463 1495 3519 quoque
1538 3448 1759 3519 insuper
1777 3463 1923 3502 assuo

341 3540 495 3604 mite,
531 3547 590 3593 ut
647 3554 751 3594 non
803 3539 976 3594 solum
1024 3542 1272 3608 certetis,
1321 3541 1414 3595 sed
1453 3540 1617 3596 etiam
1655 3538 1917 3610 legitime,

340 3631 611 3685 cumhinc
637 3645 853 3701 quoque
901 3646 1120 3687 coronae
1173 3632 1339 3688 decus
1380 3643 1747 3703 comparetur.
1807 3630 1922 3687 Hoc

344 3721 496 3778 vobis
530 3736 739 3775 morum
771 3733 826 3777 et
855 3723 979 3777 vitae
1024 3724 1306 3792 praemium
1352 3724 1527 3785 detur,
1570 3732 1627 3776 ut
1657 3723 1920 3792 Spiritum

343 3812 502 3879 plene
533 3812 882 3881 perfectaque
911 3813 1308 3880 conﬁteamini,
1342 3828 1407 3869 ac
1451 3815 1754 3877 nobiscum,
1813 3817 1923 3869 imo

343 3902 507 3956 etiam
540 3911 666 3959 ante
709 3920 830 3969 nos,
885 3913 1149 3973 quantum
1175 3920 1389 3976 aequum
1435 3918 1539 3972 est,
1596 3906 1927 3976 praedicetis;

343 3996 519 4066 Atque
545 3997 710 4051 etiam
743 3996 916 4064 majus
946 3998 1201 4068 quiddam
1257 4008 1437 4054 vestra
1494 4014 1658 4053 causa
1715 3998 1922 4064 dicere,

344 4089 584 4159 illudque
615 4091 854 4158 Apostoli
907 4091 1154 4162 proloqui
1190 4107 1295 4148 non
1344 4092 1622 4147 dubitabo.
1652 4091 1800 4146 Adeo
1827 4106 1924 4147 vos

345 4186 645 4255 amplector
689 4195 851 4256 atque
884 4186 1202 4254 exosculor;
1250 4187 1386 4241 adeo
1422 4185 1742 4240 concinnam
1786 4183 1928 4239 hanc

345 4285 580 4331 vestram
602 4284 658 4331 et
681 4278 1033 4347 compositam
1069 4287 1274 4334 vestem
1310 4293 1588 4341 TCVCI‘COI‘,
1625 4285 1680 4330 et
1711 4284 1928 4331 contra-

346 4378 494 4423 ctum
526 4383 591 4423 ex
623 4371 953 4426 continentia
980 4372 1318 4437 colorem,~et
1339 4384 1524 4425 sacros
1549 4370 1646 4424 hos
1660 4378 1852 4433 cretus,
1872 4375 1927 4422 et

346 4460 708 4516 venerandam
745 4463 1113 4534 virginitatem
1140 4478 1202 4518 ac
1217 4462 1616 4535 purgationem,
1635 4469 1689 4514 et
1713 4469 1920 4527 noctes,

346 4567 483 4631 quas
511 4554 565 4609 in
581 4553 911 4624 psalmorum
934 4557 1189 4614 cantione
1210 4559 1485 4612 insomnes
1513 4552 1831 4623 transigitis,
1868 4562 1923 4607 et

414 4816 531 4888 (46)
563 4812 669 4882 Αἵς
696 4811 1246 4888 αὶδεῒσθεμᾶλᾶον.
1287 4831 1306 4864 ι
1339 4812 1545 4877 Quibus
1578 4811 1695 4888 plus
1742 4809 1929 4888 tribui-

347 4882 447 4955 tis";
491 4882 518 4939 ι’
548 4888 599 4940 id
629 4898 734 4970 est,
757 4886 952 4968 .inquit
971 4883 1209 4947 Nicetas,
1237 4901 1255 4934 ι
1285 4898 1421 4953 quas
1452 4884 1624 4952 magis
1647 4882 1926 4936 honoratis

346 4973 411 5012 ac
438 4972 633 5011 venera
643 4973 793 5012 mllll.
843 4974 861 5006 ι

418 5028 531 5099 (47)
581 5027 1013 5099 Ἰατρεύσομεν,
1043 5044 1061 5076 ι
1099 5022 1446 5099 curabimus,
1476 5042 1496 5075 ι
1524 5037 1674 5076 more
1698 5021 1934 5099 medico-

345 5092 489 5165 rum,
512 5091 610 5167 "qui
645 5091 821 5150 dulcia
863 5091 1132 5167 quaedam
1159 5094 1455 5167 indulgent,
1489 5102 1547 5147 ut
1584 5092 1712 5167 aegri
1756 5091 1931 5167 medi-

344 5160 562 5250 camina
587 5160 898 5231 admittant,
919 5164 1171 5220 nonnulla
1197 5160 1359 5218 etiam
1389 5172 1541 5232 grata
1582 5160 1764 5216 furtim
1789 5160 1935 5215 elar-

344 5250 735 5381 ε’ῖῖἒδδὶςατά
767 5305 988 5381 ψυχὴν
1005 5258 1393 5381 ἐρρωμένους.
1422 5302 1575 5381 Bill.:
1609 5319 1628 5353 ι
1662 5317 1782 5356 cum
1818 5304 1935 5381 ani-

348 5373 438 5459 mo'
470 5373 673 5459 optime
696 5373 943 5459 valeatis.
978 5395 998 5459 ρ
1031 5373 1160 5459 Non
1196 5385 1342 5455 certe
1369 5392 1387 5424 ι
1433 5375 1635 5442 optime
1674 5391 1693 5423 ι
1751 5373 1932 5426 animo

349 5444 603 5502 valebant
632 5463 767 5517 quos
795 5446 1085 5515 alloquitur
1119 5444 1431 5515 Gregorius.

420 5518 531 5577 (49)
567 5521 643 5577 ’Ἠ
689 5516 794 5577 μή.
832 5516 983 5577 Sav.,
1026 5517 1076 5570 ei
1117 5516 1215 5577 μή.
1258 5516 1403 5577 Mox,
1454 5513 1774 5577 δεδοικότος.
1834 5511 1928 5567 Sic

444 5518 531 5588 49)
567 5516 663 5583 "H
688 5516 794 5586 μή.
832 5516 999 5588 εει,
1026 5517 1076 5570 εἰ
1117 5516 1215 5588 μή.
1258 5516 1403 5579 Mox,

349 5534 531 5644 0031!?)
544 5590 558 5642 Ι
567 5534 671 5642 nul)
675 5534 772 5642 alii,
909 5534 1217 5641 νέρτδὲ

422 5660 534 5729 (50)
575 5659 686 5714 Καὶ
714 5657 819 5727 μή.
870 5659 962 5713 Sic
1007 5660 1188 5728 plures
1234 5656 1404 5728 Regg.
1436 5665 1491 5712 et
1532 5653 1713 5721 Colb.,
1741 5653 1841 5716 Or.
1871 5650 1924 5718 1,

351 5739 457 5794 εις..
486 5729 541 5783 in
570 5732 680 5795 ed.,
709 5729 842 5783 ἀλλὰ
883 5731 976 5799 μή.

2011 1810 2161 1858 σατε,
2188 1794 2236 1846 εί
2266 1791 2324 1844 δὲ
2355 1788 2632 1861 βούλεσθε,
2688 1789 2817 1858 μιᾶς
2856 1784 3073 1854 φύσεως
3096 1802 3112 1817 ο
3163 1786 3255 1839 καὶ
3307 1784 3406 1856 τὴν
3448 1784 3601 1851 Θεὸς

2011 1886 2192 1958 φωνὴν
2235 1883 2380 1953 παρὰ
2411 1880 2503 1935 τοῦ
2533 1879 2854 1952 Πνεύματος
2883 1879 3011 1950 ὑμῖν
3055 1879 3376 1947 αἰτήσομεν.
3419 1875 3594 1928 Δὼσει

2010 1979 2141 2051 γὰρ,
2182 1972 2241 2031 εὗ
2274 1971 2411 2041 οἶδα,
2438 1975 2467 2027 ὁ
2494 1974 2556 2026 τὸ
2588 1972 2805 2045 πρῶτον
2829 1971 2973 2036 δοὺς,
3008 1971 3102 2023 καὶ
3121 1969 3181 2023 τὸ
3207 1968 3478 2042 δεύτερον,
3499 1968 3598 2022 καὶ

2015 2072 2265 2144 μάλιστα,
2301 2071 2350 2122 εἰ
2387 2066 2559 2122 δειλία
2590 2083 2673 2129 τις
2704 2064 2790 2136 εἴη
2842 2062 3210 2134 πνευματικὴ,
3242 2061 3337 2116 καὶ
3358 2053 3449 2132 μὴ
3481 2059 3596 2130 (50)

2011 2159 2261 2222 ἔνστασις
2288 2156 2590 2225 διαϐολικὴ,
2619 2155 2681 2207 τὸ
2714 2154 3040 2225 μαχόμενον.
3095 2153 3215 2205 Ἔτι
3261 2150 3599 2220 σαφέστερον

2011 2255 2150 2308 εἴπω
2174 2252 2267 2306 καὶ
2294 2247 2705 2321 συντομώτερον
2730 2264 2742 2278 ’
2770 2248 2925 2318 Μήτε
2946 2247 3105 2317 ὑμεῖς
3129 2245 3240 2316 (51)
3257 2245 3409 2316 ἡμᾶς
3438 2242 3602 2297 εὐθύ-

2013 2361 2140 2415 νητε
2163 2343 2262 2412 τῆς
2288 2340 2631 2412 ὑψηλοτέρας
2654 2338 2841 2409 φωνῆς
2877 2338 3108 2407 (φθόνος
3134 2335 3245 2407 γὰρ
3269 2336 3444 2399 οὐδεὶς
3466 2335 3603 2388 ἀνα-

2014 2436 2225 2500 ϐάσεως
2246 2434 2285 2505 ),
2321 2432 2445 2488 οὔτε
2475 2435 2639 2505 ἡμεῖς
2661 2433 2758 2505 τὴν
2785 2432 3012 2504 ὲφικτὴν
3048 2429 3186 2493 τέως
3216 2430 3346 2500 ὑμῖν
3374 2427 3602 2497 ἐγκαλέ-

2016 2545 2181 2599 σομεν
2212 2525 2348 2598 (52),
2381 2527 2488 2590 ἓως
2518 2526 2585 2580 ἂν
2619 2527 2716 2580 καὶ
2747 2525 2813 2579 δι’
2847 2523 3014 2593 ἄλλης
3040 2521 3164 2574 ὁδοῦ
3209 2521 3347 2592 πρὸς
3380 2521 3445 2573 τὸ
3469 2520 3603 2574 αὐτὸ

2016 2617 2254 2689 φέρησθε
2310 2616 2676 2685 καταγώγιον.
2739 2614 2815 2669 Οὐ
2878 2613 2987 2685 γὰρ
3032 2613 3253 2684 νικῆσαι
3305 2610 3599 2682 ζητοῦμεν,

2016 2711 2151 2765 ἀλλὰ
2176 2710 2501 2781 προσλαϐεῖν
2533 2708 2817 2778 ἀδελφοὺς,
2845 2701 2920 2761 ὧν
2948 2704 3027 2776 τῷ
3054 2704 3320 2776 χωρισμῷ
3353 2721 3606 2774 σπαρασ-

2020 2803 2248 2874 σόμεθα.
2277 2801 2463 2856 Ταῦτα
2502 2802 2653 2873 ὑμῖν,
2702 2800 2833 2872 παρ’
2862 2794 2944 2863 οἷς
2972 2817 3023 2853 τι
3075 2799 3169 2851 καὶ
3198 2797 3430 2862 ζωτικὸν
3453 2798 3609 2868 εὑρί-

2020 2913 2244 2967 σκομεν,
2271 2898 2385 2958 τοῖς
2416 2894 2544 2966 περὶ
2572 2893 2663 2947 τὸν
2688 2893 2817 2946 Υἱὸν
2844 2891 3180 2961 ὑγιαίνουσιν
3207 2906 3220 2918 ·
3253 2883 3328 2943 ὧν
3356 2889 3445 2942 τὸν
3488 2887 3608 2959 βίον

2020 2987 2411 3060 θαυμάζοντες,
2452 2987 2551 3040 οὐκ
2579 2986 2907 3057 ἐπαινοῦμεν
2943 2984 3120 3056 πάντη
3146 2983 3259 3055 (55)
3281 2983 3373 3037 τὸν
3401 2982 3563 3052 λόγον
3592 2999 3606 3016 ι

2017 3080 2066 3133 οἱ
2095 3078 2164 3132 τὰ
2191 3077 2286 3132 τοῦ
2315 3077 2457 3132 Πνεύ
2468 3095 2637 3149 ματος
2665 3076 2900 3147 ἔχοντες,
2939 3076 3031 3128 καὶ
3060 3076 3123 3128 τὸ
3156 3073 3384 3145 Πνεῦμα
3434 3090 3613 3146 προσ·-

2018 3172 2232 3237 λάϐετε,
2274 3171 2362 3225 ἵνα
2393 3171 2468 3242 μὴ
2498 3170 2697 3241 ὰθλῆτε
2736 3169 2916 3240 μόνον,
2940 3168 3076 3222 ἀλλὰ
3109 3169 3205 3222 καὶ
3237 3169 3507 3239 νομίμως,
3547 3165 3613 3233 ἐξ

2017 3262 2077 3321 οῦ
2104 3266 2196 3319 κα).
2227 3268 2255 3319 ὁ
2280 3264 2565 3334 στέφανος.
2625 3257 2795 3327 Οὗτος
2822 3264 2950 3333 ὑμῖν
2986 3260 3166 3334 δοθείη
3200 3262 3300 3333 τῆς
3329 3261 3613 3327 πολιτείας

2022 3358 2233 3431 μισθὸς,
2262 3357 2597 3429 ὁμολογῆσαι
2619 3356 2681 3409 τὸ
2710 3355 2936 3424 Πνεῦμα
2971 3354 3214 3420 τελείως,
3245 3355 3338 3407 καὶ
3370 3354 3610 3426 κηρύξαι

2023 3456 2119 3507 σὺν
2151 3456 2286 3525 ἡμῖν
2312 3471 2371 3506 τε
2403 3454 2498 3506 καὶ
2531 3454 2638 3525 πρὸ
2668 3452 2827 3524 ἡμῶν
2856 3454 2980 3506 ὅσον
3009 3451 3178 3518 ἄξιον.
3207 3448 3406 3520 Τολμῶ
3436 3467 3490 3502 τι
3511 3448 3615 3501 καὶ

2024 3542 2207 3616 μεῖζον
2247 3546 2386 3618 ὑπὲρ
2420 3545 2598 3616 ὑμῶν,
2629 3546 2690 3599 τὸ
2742 3545 2837 3599 τοῦ
2882 3545 3204 3600 Ἀποστόλου
3250 3542 3611 3615 φθέγξασθαι.

2022 3638 2285 3691 Τοσοῦτον
2319 3639 2473 3710 ὑμῶν
2509 3640 2859 3712 περιέχομαι,
2894 3640 2988 3693 καὶ
3019 3638 3273 3694 τοσοῦτον
3318 3637 3476 3709 ὑμῶν
3520 3639 3611 3690 αἰ-

2022 3727 2218 3800 δοῦμαι
2236 3730 2347 3802 (54)
2363 3731 2462 3802 τὴν
2479 3730 2749 3803 εὔκοσμον
2763 3732 2967 3801 ταύτην
2986 3731 3198 3803 στολὴν,
3217 3731 3315 3785 καὶ
3331 3729 3394 3783 τὸ
3415 3728 3618 3801 χρῶμα

2023 3820 2122 3890 τῆς
2144 3823 2488 3894 ἐγκρατείας,
2542 3826 2638 3878 καὶ
2663 3823 2734 3878 τὰ
2765 3825 2886 3897 ἱερὰ
2912 3824 3087 3879 ταῦτα
3111 3825 3460 3896 συστήματα,
3517 3821 3617 3875 καὶ

2023 3910 2123 3981 τὴν
2148 3913 2351 3985 σεμνὴν
2378 3915 2679 3987 παρθενίαν
2704 3917 2800 3970 καὶ
2829 3917 3117 3989 κάθαρσιν,
3159 3915 3256 3970 καὶ
3285 3917 3384 3988 τὴν
3411 3916 3617 3970 πάννυ-

2027 4018 2122 4071 χον
2153 4002 2493 4075 ψαλμῳδίαν,
2537 4007 2631 4060 καὶ
2649 4007 2711 4061 τὸ
2744 4010 3104 4080 φιλόπτωχον,
3140 4011 3236 4064 καὶ
3269 4009 3615 4079 φιλάδελφον,

2028 4094 2123 4146 καὶ
2161 4094 2456 4163 φιλόξενον,
2493 4097 2635 4151 ὥστε
2665 4100 2758 4152 καὶ
2780 4100 3030 4171 ἀνάθεμα
3051 4097 3190 4155 εἶναι
3222 4101 3331 4155 ἀπὸ
3351 4100 3614 4171 Χριστοῦ,

2028 4190 2125 4243 κα).
2154 4185 2347 4241 παθεῖν
2398 4206 2471 4254 τι,
2507 4189 2583 4253 ὡς
2616 4190 2949 4262 κατάκριτος
2978 4232 2993 4256 ,
3042 4192 3271 4264 δέχομαι
3297 4210 3311 4225 ”
3359 4194 3519 4262 μόνον
3567 4196 3619 4246 εἰ

2032 4281 2254 4353 σταίητε
2283 4281 2402 4352 μεθ’
2447 4283 2600 4354 ἡμῶν
2624 4325 2640 4349 ,
2667 4284 2761 4337 καὶ
2807 4286 2957 4355 κοινῇ
2996 4284 3092 4356 τὴν
3127 4285 3335 4356 Τριάδα
3367 4286 3623 4350 δοξάσαι-

1956 4421 2001 4476 D
2034 4376 2336 4476 item-1159i:
2353 4374 2478 4476 γὰρ.
2499 4376 2605 4431 τῶν
2636 4376 2815 4431 ἄλλων
2839 4419 2855 4443 ,
2910 4379 2963 4431 τί
2994 4380 3099 4449 χρὴ
3127 4379 3220 4433 καὶ
3267 4380 3379 4450 (55)
3414 4379 3623 4448 λέγειν,

2031 4467 2221 4537 σαφῶς
2249 4467 2588 4539 τεθνηκότων
2625 4468 2645 4540 (
2664 4469 2758 4533 οὓς
2783 4471 3019 4541 Χριστοῦ
3046 4471 3207 4541 μόνου
3231 4471 3346 4543 [56]
3382 4475 3625 4544 ἐγεῖραι,

2027 4558 2121 4611 τοῦ
2153 4558 2542 4626 ζωοποιοῦντος
2572 4563 2698 4625 τοὺς
2736 4563 2968 4634 νεκροὺς
3003 4562 3116 4635 [57]
3157 4565 3298 4619 κατὰ
3327 4564 3425 4636 τὴν
3451 4563 3622 4620 αὑτοῦ

2105 4807 2459 4892 (5))1ῪέέεῖςΣ
2493 4806 2649 4892 Deest
2678 4805 2731 4858 in
2763 4804 3010 4874 pluribus
3042 4802 3211 4873 Regg.
3262 4810 3316 4859 et
3341 4802 3518 4868 Colb.,
3565 4804 3625 4859 in

2032 4879 2198 4936 Coisl.
2231 4880 2283 4940 1,
2314 4879 2407 4934 Or.
2436 4879 2487 4935 i.
2517 4884 2622 4930 etc.

2106 4949 2218 5035 (ea
2252 4941 3475 5035 ἘγκαλέίξρμενςΕςε;,¹πτξ,ι,ὲγξξιλέῖξιξμενο

2130 5019 2219 5088 55)
2242 5015 2467 5083 Πάν-τη.
2504 5018 2737 5088 Deestjn
2774 5015 2940 5088 ηερε.
2990 5015 3225 5088 bm,_ph,
3265 5024 3372 5088 etc.

2130 5026 2219 5088 55)
2242 5026 2467 5083 Πάν-τη.
2504 5026 2662 5070 Deest
2688 5026 2737 5069 in
2774 5026 2940 5083 Itegg.
2990 5026 3100 5077 lim,
3133 5026 3225 5081 ριι,
3266 5026 3372 5065 etc.

2106 5026 2219 5152 (54)
2252 5089 2551 5143 Τοσοῦτον
2568 5085 2737 5156 ὑμῶν
2762 5085 3059 5153 αἰδοῦμαι.
3097 5083 3508 5156 macedonianos
3532 5084 3625 5137 hic

2035 5160 2346 5229 alloquitur,
2381 5160 2471 5228 qui
2518 5154 2733 5229 rev—era,
2767 5157 2896 5209 licet
2927 5157 2995 5210 de
3037 5154 3240 5229 Spiritu
3285 5164 3475 5229 sancto
3515 5169 3621 5205 non

2036 5222 2183 5285 recte
2213 5222 2495 5291 sentirent,
2533 5227 2762 5295 plurima
2794 5236 2972 5279 tamen
3011 5222 3623 5295 modestimtabstim-n-

2040 5303 2148 5361 tite,
2175 5299 2455 5353 charitatis
2479 5291 2814 5365 aliarumque
2837 5297 3096 5349 virtutum
3125 5291 3369 5360 exempla
3397 5294 3621 5346 dabant.

2111 5370 2223 5438 (55)
2254 5370 2384 5423 Καί.
2446 5369 2602 5423 Deest
2626 5368 2678 5419 in
2711 5367 2877 5435 llcgg.
2908 5366 3018 5438 bm,
3045 5365 3137 5438 ph,

2111 5430 2469 5513 (56)_Mdrov.
2493 5439 2585 5493 Sic
2614 5430 2938 5508 iieggfbm,
2961 5430 3058 5505 pb,
3082 5434 3279 5503 aliique
3309 5432 3509 5502 plures.
3559 5430 3625 5486 In

2034 5512 2145 5569 ed..
2174 5512 2351 5569 μόνον.

2439 5579 2709 5648 νεκρούς.
2773 5576 2863 5631 Sic
2881 5582 3128 5650 quatuor
3169 5571 3359 5646 chg.,
3392 5580 3555 5643 quato
3593 5586 3628 5627 η]

2030 5645 2203 5720 Coll)”
2233 5649 2323 5709 0r.
2358 5645 2408 5719 Ι,
2441 5645 2594 5712 Pass.
2628 5651 2783 5705 Deest
2803 5645 2927 5710 τούς
2958 5647 3008 5700 in
3032 5645 3165 5701 edit.
