3902 6218
154 1132 159 1135 τ
248 1067 309 1119 δὲ
342 1066 437 1119 καὶ
468 1067 625 1135 ὑμεῖς
645 1065 743 1136 ἤδη
781 1064 1097 1134 συνέψεσθε.

249 317 353 375 Ml
1277 318 1534 376 ORATIO
1571 321 1708 376 XLI.
1749 351 1819 363 —-
1858 322 1923 376 IN
1961 320 2478 377 PENTECOSTEN.
3395 325 3506 384 £42

247 434 482 505 δύναμιν
492 450 560 503 με
591 433 640 486 οἳ
675 433 862 499 κακῶς
894 434 1007 506 (58)
1052 434 1131 506 τῷ
1161 434 1311 507 τόπῳ
1362 436 1703 509 χωρίζονται,
1751 438 1830 510 τῷ

1941 454 2258 508 propensum
2279 438 2329 490 in
2346 446 2695 506 pauperes,et
2712 434 2931 502 fratres,
2947 444 3001 489 et
3013 434 3251 504 hospites
3266 439 3501 492 studium

247 523 397 596 λόγῳ
430 524 821 596 συνδεδεμένοι,
851 526 946 579 καὶ
966 527 1216 580 τοσοῦτον
1248 528 1383 600 πρὸς
1425 529 1687 599 ἀλλήλους
1736 530 1832 594 ζυ-

1941 536 2091 596 atque
2139 539 2400 590 amorem,
2427 537 2488 580 ut
2517 528 2804 580 anathema
2827 526 2989 579 etiam
3025 539 3055 578 a
3093 522 3310 580 Christo
3340 526 3509 597 738

246 613 609 684 γομαχοῦσιν,
636 614 759 666 ὅσον
792 614 1060 685 ὀφθαλμοὶ
1102 615 1414 684 διάστροφοι
1443 654 1459 678 ,
1485 616 1548 668 τὸ
1603 616 1660 669 ἓν
1706 615 1827 687 βλέ-

1941 632 2047 672 :sse
2070 618 2138 684 °",
2174 634 2237 672 ac
2271 618 2536 683 nonnihil,
2560 626 2619 670 ut
2640 618 2944 679 damnatus,
2976 616 3181 685 perpeti
3216 631 3324 670 non
3351 631 3507 671 recu-

248 720 468 767 ποντες,
502 703 596 757 καὶ
617 703 678 756 οὐ
707 706 773 775 τῇ
804 705 946 774 ὄψει,
976 708 1040 776 τῇ
1072 704 1217 759 θέσει
1249 706 1307 758 δὲ
1331 704 1714 769 στασιάζοντες
1737 723 1750 734 ·
1778 705 1832 758 εἴ

1941 720 2075 773 sem;
2102 708 2262 761 modo
2280 709 2559 763 nobiscum
2606 705 2994 776 adjungamini,
3018 708 3505 778 communibusque

246 813 315 864 γε
354 798 449 849 καὶ
493 795 821 866 διαστροφὴν
857 798 1039 860 αὐτοῖς
1071 798 1383 869 ὲγκλητέον,
1443 798 1579 853 ἀλλὰ
1630 797 1704 870 μὴ
1735 797 1830 850 τύ-

1941 798 2126 852 mimis
2169 797 2490 853 Trinitatem
2521 797 2881 852 celebremus.
2929 797 3065 852 Nam
3107 800 3234 868 quid
3289 800 3353 854 de
3383 799 3506 854 aliis

247 888 502 955 φλωσινς
545 887 694 940 Ἐπεὶ
747 886 803 939 δὲ
844 887 1079 958 μετρίως
1139 888 1341 959 ἐθέμην
1372 890 1442 942 τὰ
1472 889 1607 960 πρὸς
1661 889 1827 959 ὑμᾶς,

1941 884 2128 952 dicam,
2157 887 2440 956 perspicue
2469 886 2694 940 mortuis
2730 884 2889 957 (quos
2919 889 2983 939 ad
3014 888 3181 941 vitam
3223 902 3502 951 revocare,

250 978 410 1046 φέρε,
445 976 540 1029 καὶ
568 975 702 1046 πρὸς
727 976 788 1028 τὸ
817 976 1042 1047 Πνεῦμα
1057 976 1217 1031 πάλιν
1244 977 1626 1048 ἐπανέλθωμεν
1648 993 1660 1005 ·
1678 974 1829 1048 οἶμαι

1941 974 2137 1030 Christi
2156 977 2323 1032 solius
2347 986 2450 1043 est,
2468 978 2557 1047 qui
2580 992 2677 1032 sua
2701 978 2938 1046 potentia
2959 988 3199 1034 mortuos
3222 978 3501 1048 vivificat);

1930 1066 2025 1134 qui
2068 1067 2185 1122 loco
2230 1069 2372 1122 male
2411 1078 2573 1138 atque
2626 1070 2869 1138 improbe
2922 1070 3319 1135 distrahuntur,
3374 1085 3497 1123 cum

250 1157 517 1209 doctrina:
544 1154 757 1209 vinculo
785 1156 1062 1210 constricti
1096 1157 1224 1219 sint,
1260 1166 1573 1224 tantumque
1599 1156 1741 1210 inter
1764 1171 1823 1210 se
1859 1159 2213 1227 contendunt,
2241 1171 2502 1230 quantum
2529 1161 2739 1216 distorti
2780 1160 2947 1227 oculi,
3009 1176 3170 1215 unam
3225 1162 3504 1216 eamdem-

249 1262 361 1317 que
385 1260 498 1301 rem
534 1246 839 1309 cernentes,
871 1260 933 1299 ac
964 1262 1068 1300 non
1105 1248 1312 1310 obtutu,
1351 1247 1444 1302 sed
1482 1247 1589 1301 situ
1634 1250 1891 1302 duntaxat
1927 1250 2069 1306 inter
2098 1266 2157 1305 se
2214 1251 2573 1316 dissidentes;
2647 1252 2695 1307 si
2764 1263 2939 1308 tamen
3000 1251 3102 1306 illis
3155 1251 3405 1306 distortio
3449 1258 3507 1307 et

249 1337 606 1409 perversitas,
659 1351 764 1389 non
813 1344 991 1389 autem
1058 1336 1272 1389 carcitas
1337 1335 1638 1405 objicienda
1694 1336 1807 1389 est?
1850 1335 2140 1407 Postquam
2170 1349 2363 1395 autem.
2392 1339 2459 1394 ad
2488 1354 2585 1395 vos
2608 1348 2884 1410 utcunque
2944 1339 3197 1406 disserui,
3253 1343 3507 1410 agedum,

248 1431 318 1482 ad
363 1427 623 1496 Spiritum
654 1426 764 1496 jam
805 1424 982 1493 ipsum
1017 1425 1337 1488 redeamus;
1379 1438 1443 1479 ac
1481 1438 1576 1480 vos
1595 1424 1731 1490 jam,
1767 1433 1825 1478 ut
1862 1426 2075 1495 opinor,
2104 1427 2369 1483 dicentem
2409 1427 2733 1497 sequamini.

324 1519 400 1573 8'.
431 1517 505 1570 Τὸ
535 1516 759 1587 Πνεῦμα
787 1516 849 1569 τὸ
886 1515 1039 1584 ἅγιον
1066 1511 1133 1587 ἦν
1170 1516 1267 1588 μὲν
1296 1516 1402 1579 ἀεὶ,
1436 1517 1529 1569 καὶ
1562 1515 1698 1582 ἐστι,
1735 1517 1828 1570 καὶ

2004 1518 2098 1574 IX.
2125 1519 2362 1591 Spiritus
2378 1530 2599 1574 sanctus
2632 1533 2845 1587 semper
2879 1518 3097 1589 quidem
3140 1528 3278 1587 erat,
3307 1530 3361 1573 et
3399 1528 3503 1584 est,

246 1612 430 1673 ἔσται,
458 1606 582 1662 οὔτε
628 1599 953 1677 ἀρξάμενον,
986 1604 1110 1659 οὔτε
1168 1607 1528 1676 παυσόμενον,
1594 1605 1707 1659 ἀλλ’
1741 1606 1828 1658 ἀεὶ

1941 1618 1985 1664 et
2014 1610 2135 1676 erit,
2164 1626 2264 1665 nec
2307 1610 2416 1665 ullo
2447 1618 2569 1665 ortu
2624 1617 2935 1678 generatus,
2976 1624 3075 1664 nec
3098 1609 3259 1664 ﬁnem
3296 1611 3510 1665 habitu-

244 1699 431 1773 Πατρὶ
458 1701 554 1754 καὶ
577 1697 692 1770 Υἰῷ
723 1697 1152 1766 συντεταγμένον
1184 1696 1315 1768 (59),
1335 1696 1429 1749 καὶ
1461 1694 1823 1766 συναριθμοῦ-

246 1809 415 1864 μενον
436 1810 448 1823 ·
482 1790 603 1844 οὐδὲ
635 1789 743 1862 γάρ
766 1789 1002 1860 ἔπρεπεν
1027 1789 1293 1843 ἐλλείπειν
1323 1790 1473 1850 ποτὲ,
1503 1789 1536 1858 ἢ
1560 1787 1688 1840 Υἱὸν
1721 1788 1829 1840 Πα-

242 1886 361 1957 τρὶ,
388 1885 423 1955 ἢ
454 1884 676 1953 Πνεῦμα
710 1882 850 1954 Υίῷ.
885 1882 976 1952 Τῷ
1018 1882 1258 1954 μεγίστῳ
1285 1884 1394 1954 γὰρ
1432 1882 1499 1936 ἂν
1537 1878 1606 1953 ἦν
1644 1880 1828 1945 ἄδοξος

240 1979 276 2045 ἡ
307 1973 518 2046 θεότης,
550 1973 739 2045 ὥσπερ
784 1973 849 2026 ὲκ
885 1972 1248 2043 μεταμελείας
1303 1971 1533 2025 ἐλθοῦσα
1578 1973 1657 2035 εἰς
1690 1988 1829 2043 συμ-

243 2067 533 2137 πλήρωσιν
579 2065 936 2135 τελειότητος.
969 2060 1080 2117 ’Ἦν
1110 2060 1202 2117 οὖν
1233 2064 1321 2117 ἀεὶ
1348 2063 1713 2134 μεταληπτὸν,
1766 2065 1827 2117 οὐ

247 2155 684 2226 μεταληπτικόν·
738 2152 998 2213 τελειοῦν,
1031 2153 1092 2206 οὐ
1125 2151 1493 2222 τελειούμενον
1513 2169 1527 2182 °
1566 2152 1827 2225 πληροῦν,

242 2246 309 2298 οῦ
346 2243 749 2315 πληρούμενον*
784 2242 1028 2312 ἁγιάζον,
1070 2244 1168 2313 οὐχ
1215 2240 1599 2313 ἀγιαζόμενον·
1650 2242 1828 2307 θεοῦν,

242 2337 309 2388 οὐ
342 2335 633 2407 θεούμενον
655 2353 668 2366 ·
700 2334 833 2387 αὐτὸ
884 2333 1063 2405 ἑαυτῷ
1090 2334 1285 2387 ταυτὸν
1335 2325 1441 2399 ἀεὶ,
1474 2335 1567 2387 καὶ
1591 2329 1674 2398 οἷς
1709 2351 1832 2388 συν-

244 2427 509 2480 τέτακται
537 2445 548 2455 ·
572 2426 823 2497 ἀόρατον,
844 2426 1089 2497 ἄχρονον,
1113 2424 1418 2497 ἀχὼρητον,
1449 2425 1827 2491 ἀναλλοίωτον,

246 2519 465 2583 ἄποιον,
502 2517 727 2579 ἄποσον,
765 2516 1025 2583 ἀνείδεον,
1064 2516 1292 2585 ἀναφὲς,
1323 2517 1695 2588 αὐτοκίνητον,
1724 2519 1832 2570 tiat-

247 2609 493 2679 κίνητον,
528 2609 896 2674 αὐτεξούσιον,
950 2608 1321 2678 αὑτοδύναμον
1347 2649 1362 2673 ,
1424 2608 1831 2680 παντοδύναμον

248 2703 345 2768 (εί
377 2702 470 2755 καὶ
500 2702 637 2774 πρὸς
670 2702 768 2775 τὴν
798 2702 1022 2776 πρώτην
1051 2703 1251 2766 αἰτίαν,
1289 2702 1477 2774 ὥσπερ
1503 2702 1570 2756 τὰ
1598 2702 1692 2755 τοῦ
1719 2703 1833 2755 Μο-

248 2792 509 2862 νογενοῦς
561 2793 794 2860 ἅπαντα,
861 2793 1002 2847 οὕτω
1041 2793 1104 2864 δὴ
1143 2795 1239 2847 καὶ
1281 2792 1349 2847 τὰ
1384 2793 1479 2846 τοῦ
1513 2792 1832 2863 Πνεύματος

249 2886 671 2956 ἀναπέμπεται)
693 2902 708 2916 ο
750 2884 882 2957 ζωὴ,
917 2887 1011 2939 καὶ
1036 2886 1324 2951 ζωοποιόν⁸
1361 2884 1510 2954 φῶς,
1545 2886 1639 2938 καὶ
1667 2901 1832 2956 χορη-

1935 1715 2050 1767 rus,
2082 1701 2174 1755 sed
2195 1715 2407 1768 semper
2429 1714 2552 1754 cum
2574 1698 2735 1754 Patre
2755 1709 2809 1752 et
2832 1697 2967 1753 Filio
2987 1700 3325 1770 coniunctus,
3347 1711 3508 1771 atque

1934 1797 2389 1844 connumeratus:
2422 1804 2521 1843 nec
2559 1788 2702 1845 enim
2746 1788 3105 1844 conveniebat
3154 1791 3317 1846 utvel
3346 1790 3510 1847 Pater

1935 1879 2092 1948 Filio,
2125 1881 2210 1936 vel
2260 1879 2430 1934 Filius
2469 1878 2673 1949 Spiritu
2728 1888 2917 1933 sancto
2968 1889 3208 1948 unqttam
3272 1892 3505 1937 careret.

1935 1973 2067 2028 Nam
2105 1973 2304 2044 alioqui
2338 1973 2635 2027 maximum
2678 1971 2946 2026 divinitati
2974 1971 3206 2027 dedecus
3249 1971 3513 2029 conﬂare-

1938 2073 2044 2128 tur,
2078 2074 2138 2118 ut
2165 2079 2284 2134 quae
2309 2065 2375 2117 ad
2406 2061 2795 2133 perfectionem
2848 2072 3100 2132 tanquam
3133 2077 3201 2117 ex
3244 2064 3510 2132 paeniten-

1940 2157 2011 2211 tia
2043 2156 2301 2211 venisset.
2333 2155 2461 2209 Erat
2502 2155 2667 2225 igitur
2718 2168 2935 2223 semper
2975 2154 3365 2224 perceptibilis,
3401 2170 3506 2211 non

1936 2247 2235 2317 particeps;
2257 2247 2567 2317 perﬁciens,
2584 2261 2688 2301 non
2709 2246 2777 2301 ab
2803 2246 2911 2300 alio
2932 2245 3204 2316 perfectus
3226 2263 3243 2314 ;
3262 2247 3508 2316 explens,

1937 2352 2045 2390 non
2079 2335 2360 2405 expletus;
2384 2334 2748 2400 sanctificans,
2770 2350 2878 2390 non
2906 2335 3309 2404 sanctiﬁcatus;
3357 2337 3512 2392 deiti-

1938 2442 2088 2495 cans,
2129 2443 2235 2483 non
2274 2428 2602 2483 deiﬁcatus:
2652 2427 2768 2497 ipse
2820 2442 3059 2496 semper,
3111 2436 3167 2482 et
3228 2442 3432 2495 secum,
3455 2438 3513 2484 et

1937 2520 2059 2572 cum
2120 2518 2206 2584 iis,
2252 2519 2450 2588 quibus
2483 2519 2773 2586 adjunctus
2828 2526 2935 2585 est,
2968 2519 3108 2572 idem
3154 2527 3210 2573 et
3246 2520 3508 2588 aequalis;

1941 2611 2245 2675 invisibilis,
2296 2611 2563 2680 temporis
2600 2625 2816 2679 expers,
2885 2609 3032 2665 nullo
3082 2609 3202 2665 loco
3247 2610 3510 2677 inclusus,

1939 2704 2321 2770 immutabilis;
2357 2702 2644 2772 qualitate,
2692 2701 3022 2771 quantitate,
3059 2699 3230 2755 forma
3278 2712 3333 2756 et
3365 2710 3512 2756 tactu

1940 2812 2154 2862 carens,
2193 2797 2430 2865 seipsum
2472 2809 2720 2861 movens,
2762 2809 2828 2849 ac
2862 2794 3253 2863 sempiternum
3303 2801 3510 2847 motum

1945 2891 2174 2952 habens,
2221 2887 2432 2942 arbitrii
2477 2886 2636 2953 liber,
2670 2901 2769 2957 per
2815 2900 2875 2942 se
2924 2894 3144 2954 potens,
3171 2885 3513 2955 omnipotens

250 2979 355 3047 γὸν
416 2976 628 3046 φωτός·
682 2975 1019 3046 αὐτοαγαθὸν
1041 3017 1057 3043 ,
1112 2978 1207 3030 καὶ
1254 2976 1403 3047 πηγὴ
1458 2976 1791 3046 ἀγαθότητος
1813 2992 1828 3007 ο

1941 2980 2172 3053 (tametsi
2195 2980 2258 3035 ad
2282 2980 2511 3050 primam
2554 2992 2794 3045 causam,
2823 2976 3084 3031 utomnia
3123 2990 3188 3031 ea
3223 2990 3344 3046 quae
3374 2973 3514 3031 Uni-

252 3067 483 3139 Πνεῦμα
507 3068 679 3132 εὐθὲς,
707 3067 1053 3140 ἡγεμονικὸν,
1084 3067 1295 3138 κύριον,
1326 3067 1675 3133 ἀποστέλλον,
1724 3068 1831 3137 ἁφ-

250 3161 460 3234 ορίζον,
476 3160 761 3214 ναοποιοῦν
784 3159 982 3231 ἑαυτῷ,
1006 3158 1256 3229 ὁδηγοῦν,
1284 3159 1536 3231 ἐνεργοῦν
1565 3160 1640 3222 ὡς
1656 3158 1834 3229 βούλε-

244 3272 365 3319 ται,
398 3253 639 3326 διαιροῦν
682 3253 1033 3324 χαρίσματα⁶
1081 3251 1308 3322 Πνεῦμα
1345 3252 1648 3318 υἱοθεσίας,
1701 3251 1836 3321 ἀλη-

246 3345 424 3409 θείας,
454 3344 646 3414 σοφίας
670 3383 686 3408 ,
722 3343 1010 3407 συνέσεως,
1044 3341 1334 3412 γνώσεως,
1377 3341 1680 3406 εὐσεϐείας,
1715 3340 1839 3410 βου-

243 3436 373 3506 λῆς,
408 3434 610 3505 ἰσχύος,
645 3433 833 3504 φόϐου,
853 3417 960 3487 τῶν
986 3432 1463 3505 ἀπηριθμημένων
1491 3431 1603 3503 (60)
1634 3449 1647 3462 ·
1679 3432 1745 3485 δι’
1774 3426 1835 3488 οὗ

245 3527 444 3598 Πατὴρ
493 3526 819 3595 γινώσκεται
850 3525 1026 3597 461),
1064 3525 1158 3579 καὶ
1206 3525 1334 3587 Υἱὸς
1389 3524 1704 3589 δοξάζεται,
1740 3524 1836 3578 καὶ

245 3611 485 3691 παρ’ὦν
513 3618 688 3688 μόνων
739 3615 1089 3686 γινώσκεται,
1145 3616 1243 3687 μία
1286 3615 1555 3681 σύνταξις,
1610 3614 1835 3687 λατρεία

249 3709 377 3780 μία,
412 3707 805 3780 προσκύνησις,
839 3706 1090 3778 δύναμις,
1126 3707 1417 3779 τελειότης,
1445 3706 1732 3777 ἀγιασμός.
1770 3705 1836 3758 Τί

254 3819 351 3873 μοι
389 3800 783 3873 μακρολογεῖν;
829 3800 1015 3854 Πάντα
1052 3800 1152 3852 ὅσα
1183 3800 1212 3851 6
1268 3799 1457 3870 Πατὴρ
1483 3838 1497 3862 ,
1545 3798 1639 3851 τοῦ
1683 3797 1837 3859 Υίοῦ,

249 3894 395 3965 πλὴν
451 3893 552 3963 τῆς
606 3892 718 3963 (62)
748 3878 1095 3963 ἀγεννησίαςζ
1129 3891 1316 3945 Πάντα
1348 3892 1448 3943 ὅσα
1488 3892 1517 3942 6
1566 3889 1712 3953 Υἱὸς,
1742 3888 1838 3941 τοῦ

247 3986 593 4057 Πνεύματος,
616 3984 756 4055 πλὴν
777 3983 880 4054 τῆς
913 3985 1240 4055 γεννήσεως.
1291 3981 1476 4036 Ταῦτα
1510 3981 1567 4034 δὲ
1610 3982 1707 4033 οὐκ
1750 3981 1840 4033 οὐ·

249 4076 378 4140 σίας
408 4076 680 4146 ἀφορίζει,
714 4075 860 4129 κατά
887 4092 951 4144 γε
984 4075 1076 4129 τὸν
1102 4075 1235 4147 ὲμὸν
1266 4074 1424 4143 λόγον
1450 4114 1465 4141 ,
1494 4073 1625 4144 περὶ
1652 4071 1839 4125 οὐσίαν

243 4167 307 4221 δὲ
330 4168 676 4237 ἀφορίζεται.

1938 3072 2104 3145 geniti
2136 3079 2282 3131 sunt.
2309 3072 2380 3125 ita
2406 3072 2565 3125 etiam
2591 3084 2713 3140 quae
2751 3068 2987 3139 Spiritus
3009 3068 3184 3124 sancti
3208 3077 3354 3133 sunt,
3378 3066 3517 3123 refe-

1938 3163 2181 3235 rantur);
2214 3164 2346 3228 vita,
2387 3171 2443 3217 et
2473 3161 2790 3227 viviﬁcans;
2822 3159 2944 3223 lux,
2976 3168 3032 3215 et
3072 3158 3210 3215 lucis
3254 3158 3511 3226 largitor;

1950 3254 2166 3310 bonitas
2217 3254 2358 3323 ipsa,
2390 3259 2445 3308 et
2499 3252 2617 3307 fons
2664 3249 2959 3315 bonitatis;
3024 3250 3257 3321 Spiritus
3309 3258 3512 3315 rectus,

1940 3345 2281 3416 principalis,
2319 3345 2594 3411 dominus,
2623 3343 2869 3408 mittens,
2895 3357 3210 3413 segregans,
3255 3341 3510 3412 templum

1932 3437 2034 3492 sibi
2074 3445 2392 3501 exstrucns,
2436 3435 2581 3491 viam
2623 3444 3073 3504 praemonstrans,
3099 3432 3366 3487 arbitratu
3414 3447 3513 3487 suo

1930 3541 2184 3596 operans,
2215 3528 2533 3598 gratiasque
2589 3526 2867 3591 dividens;
2913 3525 3149 3594 Spiritus
3181 3523 3511 3592 adoptionis,

1930 3620 2196 3684 veritatis,
2238 3619 2540 3687 sapientiae,
2571 3619 2894 3686 intellectus,
2926 3617 3189 3681 scientiae,
3273 3615 3510 3685 pietatis.

1935 3710 2167 3776 consilii,
2202 3708 2528 3765 fortitudinis
2558 3710 2624 3776 ⁸³,
2667 3709 2898 3776 timoris,
2926 3707 3377 3778 quemadmodum
3408 3721 3510 3759 uu-

1938 3814 2252 3869 merantur;
2299 3819 2394 3873 per
2440 3819 2597 3872 quem
2642 3802 2806 3857 Pater
2850 3801 3213 3873 cognoscitur,
3247 3810 3303 3854 et
3343 3798 3511 3853 Filius

1938 3895 2295 3964 gloriﬁcatur,
2330 3903 2384 3948 et
2412 3911 2442 3948 a
2471 3895 2665 3964 quibus
2689 3894 2821 3949 solis
2848 3894 2959 3961 ipse
2984 3894 3348 3962 cognoscitur,
3390 3904 3500 3942 una

1935 3984 2149 4048 classis,
2201 4000 2340 4039 unus
2391 3984 2589 4051 cultus,
2620 3999 2724 4038 una
2759 3982 3025 4046 adoratio,
3072 3980 3334 4055 potentia,
3383 3992 3510 4045 per-

1935 4071 2122 4139 fectio,
2160 4076 2442 4128 sanctitas.
2502 4071 2641 4138 Quid
2697 4072 2941 4142 pluribus
2980 4071 3159 4125 verbis
3202 4083 3337 4136 opus
3380 4064 3509 4119 cst?

1935 4162 2151 4231 Omnia,
2180 4180 2518 4234 quiscunque
2539 4164 2702 4218 Pater
2733 4163 2916 4229 habet,
2947 4171 3072 4217 sunt
3105 4160 3249 4226 Filii,
3280 4166 3507 4230 prater-

244 4279 413 4333 quam
442 4262 609 4335 739
635 4260 1089 4335 quodgingenitus
1128 4272 1235 4314 non
1281 4266 1386 4311 est.
1407 4256 1599 4313 Omnia
1630 4272 1963 4326 quaecunque
1996 4257 2186 4323 Filius,
2227 4257 2459 4329 Spiritus
2477 4257 2655 4312 sancti
2693 4265 2838 4320 sunt,
2902 4260 2948 4311 si
2988 4253 3385 4325 generationem
3423 4269 3513 4311 ex-

244 4357 485 4422 ceperis.
510 4354 638 4409 1133c
668 4370 830 4424 porro
879 4352 1238 4410 subStantiam
1294 4368 1399 4407 non
1428 4360 1740 4416 secernunt,
1770 4359 1830 4405 ut
1866 4352 2081 4420 quidem
2120 4353 2235 4423 ipse
2294 4353 2491 4419 sentio,
2523 4365 2710 4405 verum
2744 4351 2886 4404 circa
2916 4350 3268 4404 substantiam
3342 4363 3519 4404 secer-7

244 4455 475 4503 nuntur.

318 4535 379 4590 1'.
422 4534 646 4599 Ὠδίνεις
670 4533 770 4598 τὰς
795 4532 1095 4596 ἀντιθέσεις
1133 4530 1277 4604 (6'5);
1314 4529 1425 4598 ἐγὼ
1458 4530 1516 4583 δὲ
1558 4529 1653 4582 τοῦ
1684 4529 1833 4597 λόγου

2014 4537 2082 4593 Χ.
2112 4535 2357 4591 Parturis
2389 4534 2761 4602 objectiones?
2800 4535 2872 4589 At
2910 4550 3009 4603 ego
3059 4535 3328 4591 orationis
3381 4552 3511 4591 cur-

244 4628 341 4683 τδν
368 4627 591 4699 δρόμον.
631 4627 675 4680 Τ
682 4627 877 4697 ίμησον
910 4624 1010 4695 τὴν
1062 4625 1277 4696 ἡμέραν
1332 4622 1426 4676 τοῦ
1486 4623 1836 4693 Πνεύματος·

246 4723 479 4791 ἐπίσχες
514 4718 707 4790 μικρὸν
733 4718 832 4789 τὴν
854 4717 1124 4787 γλῶτταν,
1158 4715 1480 4798 εἱαδυνατόν.
1510 4716 1648 4786 Περὶ
1664 4713 1840 4766 ἄλλων

250 4810 520 4884 γλωσσῶν
555 4813 585 4864 ὁ
639 4810 827 4879 λόγος’
872 4809 1076 4872 ταύτας
1118 4807 1416 4879 αἰδέσθητι,
1468 4806 1501 4877 ἢ
1548 4805 1835 4876 φοϐήθητι,

318 4953 366 4986 ⁸⁷
397 4952 560 5007 Rom.
594 4967 669 5018 lx,
699 4952 755 5009 5.
826 4951 870 4984 ⁸³
898 4949 1005 5005 lsa.
1047 4967 1122 5019 xz,
1154 4952 1242 5005 12.

317 5090 435 5163 (58)
472 5088 540 5142 Οἳ
563 5085 919 5163 κακῶςιειο.
952 5086 1107 5151 Ruﬁ,
1156 5105 1176 5138 ι
1225 5085 1315 5154 qui
1351 5084 1488 5141 male
1514 5081 1635 5138 loco
1663 5082 1839 5138 disce-

247 5160 406 5221 dunt,
444 5176 564 5212 cum
614 5160 833 5226 perfidia
862 5169 1177 5213 consonent.
1215 5174 1234 5208 ι
1437 5210 1493 5226 ί,

322 5231 441 5300 (59)
483 5221 991 5300 Zvri'etaryéror.
1031 5225 1303 5300 chg.__o,
1339 5240 1390 5287 (ι,
1422 5225 1584 5300 Cypr.
1614 5230 1667 5300 et
1708 5221 1829 5274 Par.

245 5295 479 5371 addunt,
510 5300 604 5352 καὶ
654 5295 1017 5371 συνημμένον.
1067 5315 1085 5346 ι
1122 5295 1450 5361 Quibuscum
1483 5295 1723 5362 ejusdem
1756 5298 1840 5343 est

246 5368 484 5427 ordinis.
529 5371 704 5435 iisque
738 5368 1062 5434 conjunctus
1104 5378 1158 5420 et
1196 5376 1635 5417 cminnlncrattts.
1672 5381 1691 5411 ι

323 5440 438 5507 (60)
475 5438 599 5492 Τῶν
611 5430 1132 5506 ἆπηριθῂημένων.
1162 5434 1375 5488 Nicetas
1398 5435 1563 5507 addit,
1587 5431 1734 5502 παρὰ
1748 5430 1838 5507 τῷ

260 5499 488 5581 Ἡσαΐᾳ,
528 5528 565 5581 ⁸ι
601 5510 691 5576 qui
724 5499 1124 5581 'aptid_wlsaiam
1157 5505 1439 5581 -ιιιιιηει-ςιιί
1496 5499 1716 5581 ειιιιξξξ.
1745 5499 1840 5553 Sic

250 5570 485 5650 passinir
527 5570 820 5648 loquuntur
875 5576 1082 5650 Patres.
1155 5574 1328 5627 Minus
1400 5584 1542 5650 recte
1602 5570 1885 5650 Billiusj.

1952 4643 2094 4682 sum.
2132 4625 2283 4679 Diem
2320 4623 2543 4691 Spiritui
2570 4638 2783 4677 sacrum
2814 4625 3003 4678 honori
3028 4624 3202 4691 habe;
3270 4625 3510 4695 linguam

1945 4715 2247 4787 paululum,
2273 4714 2314 4767 si
2351 4713 2469 4766 ﬁeri
2495 4721 2692 4781 potest,
2748 4714 3062 4781 comprime.
3130 4714 3205 4767 De
3247 4714 3512 4769 aliis-liu-

1946 4806 2068 4876 guis
2099 4817 2280 4859 sermo
2311 4803 2467 4856 nobis
2500 4802 2778 4856 institutus
2809 4813 2929 4869 est;
2966 4802 3064 4857 bas
3100 4818 3381 4870 venerare,
3419 4813 3517 4857 aut

1935 5094 2055 5150 quae
2071 5080 2137 5133 de
2163 5077 2381 5132 Christo
2412 5073 2727 5150 _vaticinans
2758 5071 2924 5126 Isaias
2971 5073 3323 5150 enumeravit,
3360 5085 3514 5150 nem-

1946 5140 2034 5218 pe,
2097 5168 2115 5199 ι
2164 5156 2220 5200 ct
2276 5144 2542 5215 requievit
2601 5158 2763 5212 super
2828 5157 2949 5195 eum
3007 5140 3242 5210 Spiritus
3300 5142 3515 5207 sapien-

1942 5227 2558 5354 tuﬁil’fllgirdm'xerat.
2614 5281 2748 5335 Tres
2798 5280 2929 5335 Colb
3014 5286 3065 5333 et
3107 5276 3514 5351 Ρθεεηγνωρί-

1932 5357 2121 5499 ξε
2168 5425 2300 5495 Τῆς.
2335 5425 2493 5478 Deest
2515 5422 2566 5475 in
2597 5420 2864 5499 plerisque
2891 5392 3048 5473 codd.
3077 5422 3188 5469 tum
3215 5417 3513 5486 ιιηιεάγεν-

1933 5492 2148 5568 νησίας,
2183 5492 2293 5548 tum
2331 5505 2456 5568 ante
2477 5492 2804 5568 γεννήσεωςἶ

2008 5554 2145 5637 (65ίῦ
2187 5569 2299 5631 Τὰς
2345 5554 2700 5627 ἀντιθέσεις.
2754 5558 2866 5615 Bill.
2930 5556 2996 5612 ad
3054 5569 3251 5626 marg.,
3299 5554 3513 5613 ἀντιλο-

256 5636 279 5703 Ic
309 5636 778 5717 Quemadmodum
804 5647 1050 5713 superius
1065 5644 1624 5717 commemoravimus.
1648 5660 1666 5690 ι
1694 5639 1836 5717 Nihil
1930 5638 2079 5707 γίας,
2115 5655 2133 5688 ι
2166 5636 2530 5690 refutationes.
2563 5650 2581 5683 ι

250 5710 403 5777 enim
434 5719 685 5789 superius
713 5710 1194 5773 commemoratum
1221 5722 1326 5772 est.
1354 5713 1644 5783 Gregorius
1668 5710 1836 5765 refert
