  <div class='ocr_page' id='page_1' title='image "/cluster/home/n/w/nwhite01/storage/ocr_20150623/36/nnc1.0022377409/249.png"; bbox 0 0 3902 6218; ppageno 0'>
   <div class='ocr_carea' id='block_1_1' title="bbox 425 292 533 350">
    <p class='ocr_par' dir='ltr' id='par_1_1' title="bbox 425 292 533 350">
     <span class='ocr_line' id='line_1_1' title="bbox 425 292 533 350; baseline 0.009 -1"><span class='ocrx_word' id='word_1_1' title='bbox 425 292 533 350; x_wconf 71' lang='grc' dir='ltr'>αδ</span> 
     </span>
    </p>
   </div>
   <div class='ocr_carea' id='block_1_2' title="bbox 1630 299 2442 360">
    <p class='ocr_par' dir='ltr' id='par_1_2' title="bbox 1630 299 2442 360">
     <span class='ocr_line' id='line_1_2' title="bbox 1630 299 2442 360; baseline -0.001 -2"><span class='ocrx_word' id='word_1_2' title='bbox 1630 303 1690 358; x_wconf 89' lang='lat' dir='ltr'><strong>S.</strong></span> <span class='ocrx_word' id='word_1_3' title='bbox 1731 300 2060 360; x_wconf 82' lang='lat' dir='ltr'><strong>GREGORII</strong></span> <span class='ocrx_word' id='word_1_4' title='bbox 2099 299 2442 358; x_wconf 86' lang='lat' dir='ltr'><strong>THEOLOGI</strong></span> 
     </span>
    </p>
   </div>
   <div class='ocr_carea' id='block_1_3' title="bbox 3584 297 3695 359">
    <p class='ocr_par' dir='ltr' id='par_1_3' title="bbox 3584 297 3695 359">
     <span class='ocr_line' id='line_1_3' title="bbox 3584 297 3695 359; baseline -0.018 0"><span class='ocrx_word' id='word_1_5' title='bbox 3584 297 3695 359; x_wconf 67' lang='grc' dir='ltr'><strong>ιιι</strong></span> 
     </span>
    </p>
   </div>
   <div class='ocr_carea' id='block_1_4' title="bbox 426 413 2002 490">
    <p class='ocr_par' dir='ltr' id='par_1_4' title="bbox 426 413 2002 487">
     <span class='ocr_line' id='line_1_4' title="bbox 426 413 2002 487; baseline 0.004 -21"><span class='ocrx_word' id='word_1_6' title='bbox 426 421 628 476; x_wconf 88' lang='lat' dir='ltr'><strong>metue,</strong></span> <span class='ocrx_word' id='word_1_7' title='bbox 662 417 850 480; x_wconf 95' lang='lat' dir='ltr'><strong>utpote</strong></span> <span class='ocrx_word' id='word_1_8' title='bbox 904 427 1026 480; x_wconf 68' lang='lat' dir='ltr'><strong>quae</strong></span> <span class='ocrx_word' id='word_1_9' title='bbox 1083 428 1208 468; x_wconf 90' lang='lat' dir='ltr'><strong>cum</strong></span> <span class='ocrx_word' id='word_1_10' title='bbox 1270 413 1394 485; x_wconf 90' lang='lat' dir='ltr'><strong>igne</strong></span> <span class='ocrx_word' id='word_1_11' title='bbox 1450 427 1768 487; x_wconf 79' lang='lat' dir='ltr'><strong>appareant.</strong></span> <span class='ocrx_word' id='word_1_12' title='bbox 1836 418 2002 474; x_wconf 87' lang='lat' dir='ltr'><strong>Hodie</strong></span> 
     </span>
    </p>
   </div>
   <div class='ocr_carea' id='block_1_5' title="bbox 2115 413 3694 490">
    <p class='ocr_par' dir='ltr' id='par_1_5' title="bbox 2115 415 3694 490">
     <span class='ocr_line' id='line_1_5' title="bbox 2115 415 3694 490; baseline 0.001 -20"><span class='ocrx_word' id='word_1_13' title='bbox 2115 417 2249 488; x_wconf 79' lang='grc' dir='ltr'>μετὰ</span> <span class='ocrx_word' id='word_1_14' title='bbox 2299 417 2471 490; x_wconf 83' lang='grc' dir='ltr'>πυρὸς</span> <span class='ocrx_word' id='word_1_15' title='bbox 2517 415 2805 488; x_wconf 79' lang='grc' dir='ltr'><strong>ὁρωμένας</strong></span> <span class='ocrx_word' id='word_1_16' title='bbox 2855 416 2990 489; x_wconf 73' lang='grc'>(64).</span> <span class='ocrx_word' id='word_1_17' title='bbox 3039 417 3289 489; x_wconf 79' lang='grc' dir='ltr'><strong>Σήμερον</strong></span> <span class='ocrx_word' id='word_1_18' title='bbox 3346 417 3694 488; x_wconf 69' lang='grc' dir='ltr'>δογματίσαι»-</span> 
     </span>
    </p>
   </div>
   <div class='ocr_carea' id='block_1_6' title="bbox 426 494 2001 573">
    <p class='ocr_par' dir='ltr' id='par_1_6' title="bbox 426 494 2001 573">
     <span class='ocr_line' id='line_1_6' title="bbox 426 494 2001 573; baseline 0.008 -21"><span class='ocrx_word' id='word_1_19' title='bbox 426 501 907 565; x_wconf 79' lang='lat' dir='ltr'><strong>doceamus;cras</strong></span> <span class='ocrx_word' id='word_1_20' title='bbox 937 514 1128 573; x_wconf 76' lang='lat' dir='ltr'><strong>argute</strong></span> <span class='ocrx_word' id='word_1_21' title='bbox 1186 512 1237 558; x_wconf 83' lang='lat' dir='ltr'><strong>et</strong></span> <span class='ocrx_word' id='word_1_22' title='bbox 1296 494 1595 561; x_wconf 81' lang='lat' dir='ltr'><strong>artiﬁciose</strong></span> <span class='ocrx_word' id='word_1_23' title='bbox 1649 509 2001 564; x_wconf 83' lang='lat' dir='ltr'><strong>disseremus.</strong></span> 
     </span>
    </p>
   </div>
   <div class='ocr_carea' id='block_1_7' title="bbox 427 592 2004 665">
    <p class='ocr_par' dir='ltr' id='par_1_7' title="bbox 427 592 2004 665">
     <span class='ocr_line' id='line_1_7' title="bbox 427 592 2004 665; baseline 0.004 -17"><span class='ocrx_word' id='word_1_24' title='bbox 427 592 601 648; x_wconf 80' lang='lat' dir='ltr'><strong>Hodie</strong></span> <span class='ocrx_word' id='word_1_25' title='bbox 632 593 829 648; x_wconf 78' lang='lat' dir='ltr'><strong>festum</strong></span> <span class='ocrx_word' id='word_1_26' title='bbox 865 609 1123 665; x_wconf 83' lang='lat' dir='ltr'><strong>agamus;</strong></span> <span class='ocrx_word' id='word_1_27' title='bbox 1156 609 1283 650; x_wconf 87' lang='lat' dir='ltr'><strong>cras</strong></span> <span class='ocrx_word' id='word_1_28' title='bbox 1323 596 1610 652; x_wconf 86' lang='lat' dir='ltr'><strong>inhoneste</strong></span> <span class='ocrx_word' id='word_1_29' title='bbox 1637 609 1693 653; x_wconf 92' lang='lat' dir='ltr'><strong>et</strong></span> <span class='ocrx_word' id='word_1_30' title='bbox 1747 599 2004 654; x_wconf 87' lang='lat' dir='ltr'><strong>indecore</strong></span> 
     </span>
    </p>
   </div>
   <div class='ocr_carea' id='block_1_8' title="bbox 425 685 2004 756">
    <p class='ocr_par' dir='ltr' id='par_1_8' title="bbox 425 685 2004 756">
     <span class='ocr_line' id='line_1_8' title="bbox 425 685 2004 756; baseline 0.004 -18"><span class='ocrx_word' id='word_1_31' title='bbox 425 699 528 738; x_wconf 86' lang='lat' dir='ltr'><strong>nos</strong></span> <span class='ocrx_word' id='word_1_32' title='bbox 554 699 823 754; x_wconf 83' lang='lat' dir='ltr'><strong>geremus.</strong></span> <span class='ocrx_word' id='word_1_33' title='bbox 848 685 971 740; x_wconf 63' lang='lat' dir='ltr'><strong>Haec</strong></span> <span class='ocrx_word' id='word_1_34' title='bbox 1006 686 1255 756; x_wconf 78' lang='lat' dir='ltr'><strong>mystice,</strong></span> <span class='ocrx_word' id='word_1_35' title='bbox 1313 685 1403 741; x_wconf 89' lang='lat' dir='ltr'><strong>illa</strong></span> <span class='ocrx_word' id='word_1_36' title='bbox 1431 689 1725 755; x_wconf 89' lang='lat' dir='ltr'><strong>theatrice;</strong></span> <span class='ocrx_word' id='word_1_37' title='bbox 1771 689 1886 744; x_wconf 71' lang='lat' dir='ltr'><strong>haec</strong></span> <span class='ocrx_word' id='word_1_38' title='bbox 1910 706 2004 745; x_wconf 89' lang='lat' dir='ltr'><strong>ec-</strong></span> 
     </span>
    </p>
   </div>
   <div class='ocr_carea' id='block_1_9' title="bbox 426 771 2002 846">
    <p class='ocr_par' dir='ltr' id='par_1_9' title="bbox 426 771 2002 846">
     <span class='ocr_line' id='line_1_9' title="bbox 426 771 2002 846; baseline 0.006 -21"><span class='ocrx_word' id='word_1_39' title='bbox 426 771 634 834; x_wconf 88' lang='lat' dir='ltr'><strong>clesiis,</strong></span> <span class='ocrx_word' id='word_1_40' title='bbox 667 772 753 825; x_wconf 89' lang='lat' dir='ltr'><strong>illa</strong></span> <span class='ocrx_word' id='word_1_41' title='bbox 780 772 932 839; x_wconf 81' lang='lat' dir='ltr'><strong>foro;</strong></span> <span class='ocrx_word' id='word_1_42' title='bbox 975 774 1089 827; x_wconf 66' lang='lat' dir='ltr'><strong>haec</strong></span> <span class='ocrx_word' id='word_1_43' title='bbox 1123 773 1341 837; x_wconf 87' lang='lat' dir='ltr'><strong>sobriis,</strong></span> <span class='ocrx_word' id='word_1_44' title='bbox 1372 776 1458 829; x_wconf 86' lang='lat' dir='ltr'><strong>illa</strong></span> <span class='ocrx_word' id='word_1_45' title='bbox 1494 777 1839 846; x_wconf 85' lang='lat' dir='ltr'><strong>temulentis;</strong></span> <span class='ocrx_word' id='word_1_46' title='bbox 1889 779 2002 834; x_wconf 70' lang='lat' dir='ltr'><strong>haec</strong></span> 
     </span>
    </p>
   </div>
   <div class='ocr_carea' id='block_1_10' title="bbox 425 869 2001 942">
    <p class='ocr_par' dir='ltr' id='par_1_10' title="bbox 425 869 2001 942">
     <span class='ocr_line' id='line_1_10' title="bbox 425 869 2001 942; baseline 0.004 -22"><span class='ocrx_word' id='word_1_47' title='bbox 425 869 570 923; x_wconf 74' lang='lat' dir='ltr'><strong>St‘l&#39;io</strong></span> <span class='ocrx_word' id='word_1_48' title='bbox 597 870 870 937; x_wconf 78' lang='lat' dir='ltr'><strong>agentium</strong></span> <span class='ocrx_word' id='word_1_49' title='bbox 895 880 1041 934; x_wconf 90' lang='lat' dir='ltr'><strong>sunt,</strong></span> <span class='ocrx_word' id='word_1_50' title='bbox 1081 870 1170 924; x_wconf 88' lang='lat' dir='ltr'><strong>illa</strong></span> <span class='ocrx_word' id='word_1_51' title='bbox 1208 872 1470 926; x_wconf 86' lang='lat' dir='ltr'><strong>adversus</strong></span> <span class='ocrx_word' id='word_1_52' title='bbox 1498 871 1763 942; x_wconf 88' lang='lat' dir='ltr'><strong>Spiritum</strong></span> <span class='ocrx_word' id='word_1_53' title='bbox 1807 874 2001 927; x_wconf 87' lang='lat' dir='ltr'><strong>luden-</strong></span> 
     </span>
    </p>
   </div>
   <div class='ocr_carea' id='block_1_11' title="bbox 423 959 1994 1036">
    <p class='ocr_par' dir='ltr' id='par_1_11' title="bbox 423 959 1994 1036">
     <span class='ocr_line' id='line_1_11' title="bbox 423 959 1994 1036; baseline 0.006 -24"><span class='ocrx_word' id='word_1_54' title='bbox 423 961 580 1014; x_wconf 88' lang='lat' dir='ltr'><strong>tium.</strong></span> <span class='ocrx_word' id='word_1_55' title='bbox 617 959 977 1030; x_wconf 81' lang='lat' dir='ltr'><strong>Posteaquam</strong></span> <span class='ocrx_word' id='word_1_56' title='bbox 1007 972 1186 1018; x_wconf 86' lang='lat' dir='ltr'><strong>aulem</strong></span> <span class='ocrx_word' id='word_1_57' title='bbox 1222 962 1399 1018; x_wconf 86' lang='lat' dir='ltr'><strong>aliena</strong></span> <span class='ocrx_word' id='word_1_58' title='bbox 1438 965 1833 1032; x_wconf 91' lang='lat' dir='ltr'><strong>submovimus,</strong></span> <span class='ocrx_word' id='word_1_59' title='bbox 1875 982 1994 1036; x_wconf 80' lang='lat' dir='ltr'><strong>age,</strong></span> 
     </span>
    </p>
   </div>
   <div class='ocr_carea' id='block_1_12' title="bbox 425 1059 1048 1120">
    <p class='ocr_par' dir='ltr' id='par_1_12' title="bbox 425 1059 1048 1120">
     <span class='ocr_line' id='line_1_12' title="bbox 425 1059 1048 1120; baseline 0.006 -18"><span class='ocrx_word' id='word_1_60' title='bbox 425 1059 606 1103; x_wconf 77' lang='lat' dir='ltr'><strong>nostra</strong></span> <span class='ocrx_word' id='word_1_61' title='bbox 644 1066 1048 1120; x_wconf 81' lang='lat' dir='ltr'><strong>componamus.</strong></span> 
     </span>
    </p>
   </div>
   <div class='ocr_carea' id='block_1_13' title="bbox 500 1138 1995 1217">
    <p class='ocr_par' dir='ltr' id='par_1_13' title="bbox 500 1138 1995 1217">
     <span class='ocr_line' id='line_1_13' title="bbox 500 1138 1995 1217; baseline 0.008 -26"><span class='ocrx_word' id='word_1_62' title='bbox 500 1138 585 1197; x_wconf 89' lang='grc' dir='ltr'><strong>ΧΙ.</strong></span> <span class='ocrx_word' id='word_1_63' title='bbox 616 1139 859 1196; x_wconf 85' lang='lat' dir='ltr'><strong>Primum</strong></span> <span class='ocrx_word' id='word_1_64' title='bbox 896 1143 1060 1209; x_wconf 81' lang='lat' dir='ltr'><strong>igitur</strong></span> <span class='ocrx_word' id='word_1_65' title='bbox 1088 1140 1324 1212; x_wconf 85' lang='lat' dir='ltr'><strong>Spiritus</strong></span> <span class='ocrx_word' id='word_1_66' title='bbox 1351 1154 1577 1199; x_wconf 89' lang='lat' dir='ltr'><strong>sanctus</strong></span> <span class='ocrx_word' id='word_1_67' title='bbox 1608 1146 1661 1199; x_wconf 93' lang='lat' dir='ltr'><strong>in</strong></span> <span class='ocrx_word' id='word_1_68' title='bbox 1708 1147 1995 1217; x_wconf 72' lang='lat' dir='ltr'><strong>angelicis,</strong></span> 
     </span>
    </p>
   </div>
   <div class='ocr_carea' id='block_1_14' title="bbox 424 1230 1997 1305">
    <p class='ocr_par' dir='ltr' id='par_1_14' title="bbox 424 1230 1997 1305">
     <span class='ocr_line' id='line_1_14' title="bbox 424 1230 1997 1305; baseline 0.005 -21"><span class='ocrx_word' id='word_1_69' title='bbox 424 1240 478 1284; x_wconf 88' lang='lat' dir='ltr'><strong>et</strong></span> <span class='ocrx_word' id='word_1_70' title='bbox 508 1230 829 1286; x_wconf 86' lang='lat' dir='ltr'><strong>coelestibus</strong></span> <span class='ocrx_word' id='word_1_71' title='bbox 868 1232 1181 1297; x_wconf 85' lang='lat' dir='ltr'><strong>virtutibus,</strong></span> <span class='ocrx_word' id='word_1_72' title='bbox 1232 1234 1429 1304; x_wconf 89' lang='lat' dir='ltr'><strong>iisque,</strong></span> <span class='ocrx_word' id='word_1_73' title='bbox 1483 1250 1606 1304; x_wconf 81' lang='lat' dir='ltr'><strong>quae</strong></span> <span class='ocrx_word' id='word_1_74' title='bbox 1657 1245 1777 1305; x_wconf 90' lang='lat' dir='ltr'><strong>post</strong></span> <span class='ocrx_word' id='word_1_75' title='bbox 1826 1235 1997 1293; x_wconf 88' lang='lat' dir='ltr'><strong>Deum</strong></span> 
     </span>
    </p>
   </div>
   <div class='ocr_carea' id='block_1_15' title="bbox 421 1322 1997 1394">
    <p class='ocr_par' dir='ltr' id='par_1_15' title="bbox 421 1322 1997 1394">
     <span class='ocr_line' id='line_1_15' title="bbox 421 1322 1997 1394; baseline 0.007 -22"><span class='ocrx_word' id='word_1_76' title='bbox 421 1322 615 1390; x_wconf 68' lang='lat' dir='ltr'><strong>primae</strong></span> <span class='ocrx_word' id='word_1_77' title='bbox 641 1332 789 1387; x_wconf 89' lang='lat' dir='ltr'><strong>sunt,</strong></span> <span class='ocrx_word' id='word_1_78' title='bbox 816 1337 1049 1394; x_wconf 87' lang='lat' dir='ltr'><strong>eumque</strong></span> <span class='ocrx_word' id='word_1_79' title='bbox 1075 1324 1458 1390; x_wconf 77' lang='lat' dir='ltr'><strong>circumstant,</strong></span> <span class='ocrx_word' id='word_1_80' title='bbox 1496 1326 1603 1380; x_wconf 90' lang='lat' dir='ltr'><strong>vim</strong></span> <span class='ocrx_word' id='word_1_81' title='bbox 1622 1330 1784 1382; x_wconf 78' lang='lat' dir='ltr'><strong>suam</strong></span> <span class='ocrx_word' id='word_1_82' title='bbox 1842 1342 1997 1383; x_wconf 85' lang='lat' dir='ltr'><strong>exer-</strong></span> 
     </span>
    </p>
   </div>
   <div class='ocr_carea' id='block_1_16' title="bbox 421 1413 2000 1490">
    <p class='ocr_par' dir='ltr' id='par_1_16' title="bbox 421 1413 2000 1490">
     <span class='ocr_line' id='line_1_16' title="bbox 421 1413 2000 1490; baseline 0.004 -23"><span class='ocrx_word' id='word_1_83' title='bbox 421 1413 601 1469; x_wconf 88' lang='lat' dir='ltr'><strong>cebat.</strong></span> <span class='ocrx_word' id='word_1_84' title='bbox 633 1413 822 1484; x_wconf 86' lang='lat' dir='ltr'><strong>Neque</strong></span> <span class='ocrx_word' id='word_1_85' title='bbox 849 1417 995 1470; x_wconf 88' lang='lat' dir='ltr'><strong>enim</strong></span> <span class='ocrx_word' id='word_1_86' title='bbox 1020 1415 1243 1472; x_wconf 88' lang='lat' dir='ltr'><strong>aliunde</strong></span> <span class='ocrx_word' id='word_1_87' title='bbox 1277 1416 1666 1486; x_wconf 82' lang='lat' dir='ltr'><strong>perfectionem</strong></span> <span class='ocrx_word' id='word_1_88' title='bbox 1702 1427 1759 1474; x_wconf 90' lang='lat' dir='ltr'><strong>et</strong></span> <span class='ocrx_word' id='word_1_89' title='bbox 1814 1421 2000 1490; x_wconf 90' lang='lat' dir='ltr'><strong>splen-</strong></span> 
     </span>
    </p>
   </div>
   <div class='ocr_carea' id='block_1_17' title="bbox 420 1511 1999 1586">
    <p class='ocr_par' dir='ltr' id='par_1_17' title="bbox 420 1511 1999 1586">
     <span class='ocr_line' id='line_1_17' title="bbox 420 1511 1999 1586; baseline 0.004 -22"><span class='ocrx_word' id='word_1_90' title='bbox 420 1513 610 1566; x_wconf 85' lang='lat' dir='ltr'><strong>dorem</strong></span> <span class='ocrx_word' id='word_1_91' title='bbox 642 1511 864 1578; x_wconf 86' lang='lat' dir='ltr'><strong>habent,</strong></span> <span class='ocrx_word' id='word_1_92' title='bbox 891 1512 1056 1584; x_wconf 88' lang='lat' dir='ltr'><strong>idque</strong></span> <span class='ocrx_word' id='word_1_93' title='bbox 1086 1522 1378 1583; x_wconf 69' lang='lat' dir='ltr'><strong>praaterea.</strong></span> <span class='ocrx_word' id='word_1_94' title='bbox 1413 1522 1472 1567; x_wconf 94' lang='lat' dir='ltr'><strong>ut</strong></span> <span class='ocrx_word' id='word_1_95' title='bbox 1503 1514 1572 1569; x_wconf 89' lang='lat' dir='ltr'><strong>ad</strong></span> <span class='ocrx_word' id='word_1_96' title='bbox 1607 1514 1808 1569; x_wconf 89' lang='lat' dir='ltr'><strong>malum</strong></span> <span class='ocrx_word' id='word_1_97' title='bbox 1829 1531 1999 1586; x_wconf 79' lang='lat' dir='ltr'><strong>aegre,</strong></span> 
     </span>
    </p>
   </div>
   <div class='ocr_carea' id='block_1_18' title="bbox 420 1601 2002 1676">
    <p class='ocr_par' dir='ltr' id='par_1_18' title="bbox 420 1601 2002 1676">
     <span class='ocr_line' id='line_1_18' title="bbox 420 1601 2002 1676; baseline 0.004 -22"><span class='ocrx_word' id='word_1_98' title='bbox 420 1602 504 1655; x_wconf 86' lang='lat' dir='ltr'><strong>vel</strong></span> <span class='ocrx_word' id='word_1_99' title='bbox 539 1601 684 1655; x_wconf 91' lang='lat' dir='ltr'><strong>nullo</strong></span> <span class='ocrx_word' id='word_1_100' title='bbox 708 1616 935 1670; x_wconf 89' lang='lat' dir='ltr'><strong>prorsus</strong></span> <span class='ocrx_word' id='word_1_101' title='bbox 968 1604 1131 1658; x_wconf 91' lang='lat' dir='ltr'><strong>modo</strong></span> <span class='ocrx_word' id='word_1_102' title='bbox 1198 1605 1406 1659; x_wconf 79' lang='lat' dir='ltr'><strong>moveri</strong></span> <span class='ocrx_word' id='word_1_103' title='bbox 1458 1614 1685 1673; x_wconf 83' lang='lat' dir='ltr'><strong>queant,</strong></span> <span class='ocrx_word' id='word_1_104' title='bbox 1755 1621 1918 1676; x_wconf 89' lang='lat' dir='ltr'><strong>quam</strong></span> <span class='ocrx_word' id='word_1_105' title='bbox 1970 1622 2002 1661; x_wconf 91' lang='lat' dir='ltr'><strong>a</strong></span> 
     </span>
    </p>
   </div>
   <div class='ocr_carea' id='block_1_19' title="bbox 421 1692 2000 1767">
    <p class='ocr_par' dir='ltr' id='par_1_19' title="bbox 421 1692 2000 1767">
     <span class='ocr_line' id='line_1_19' title="bbox 421 1692 2000 1767; baseline 0.004 -18"><span class='ocrx_word' id='word_1_106' title='bbox 421 1692 625 1762; x_wconf 89' lang='lat' dir='ltr'><strong>Spiritu</strong></span> <span class='ocrx_word' id='word_1_107' title='bbox 652 1705 864 1749; x_wconf 88' lang='lat' dir='ltr'><strong>sancto.</strong></span> <span class='ocrx_word' id='word_1_108' title='bbox 903 1695 1105 1750; x_wconf 82' lang='lat' dir='ltr'><strong>Deinde</strong></span> <span class='ocrx_word' id='word_1_109' title='bbox 1153 1695 1206 1750; x_wconf 91' lang='lat' dir='ltr'><strong>in</strong></span> <span class='ocrx_word' id='word_1_110' title='bbox 1275 1695 1526 1751; x_wconf 87' lang='lat' dir='ltr'><strong>Patribus</strong></span> <span class='ocrx_word' id='word_1_111' title='bbox 1589 1706 1644 1752; x_wconf 91' lang='lat' dir='ltr'><strong>et</strong></span> <span class='ocrx_word' id='word_1_112' title='bbox 1697 1698 2000 1767; x_wconf 84' lang='lat' dir='ltr'><strong>prophetis.</strong></span> 
     </span>
    </p>
   </div>
   <div class='ocr_carea' id='block_1_20' title="bbox 2108 507 3696 581">
    <p class='ocr_par' dir='ltr' id='par_1_20' title="bbox 2108 507 3696 581">
     <span class='ocr_line' id='line_1_20' title="bbox 2108 507 3696 581; baseline 0 -19"><span class='ocrx_word' id='word_1_113' title='bbox 2108 527 2206 580; x_wconf 88' lang='grc' dir='ltr'><strong>μεν</strong></span> <span class='ocrx_word' id='word_1_114' title='bbox 2231 509 2365 578; x_wconf 82' lang='lat'><strong>(65).</strong></span> <span class='ocrx_word' id='word_1_115' title='bbox 2390 507 2581 580; x_wconf 81' lang='grc' dir='ltr'>αὔριον</span> <span class='ocrx_word' id='word_1_116' title='bbox 2598 510 3078 581; x_wconf 85' lang='grc' dir='ltr'>τεχνολογήσωμεν</span> <span class='ocrx_word' id='word_1_117' title='bbox 3103 526 3120 540; x_wconf 86' lang='grc'><strong>·</strong></span> <span class='ocrx_word' id='word_1_118' title='bbox 3152 510 3389 581; x_wconf 80' lang='grc' dir='ltr'><strong>σήμερον</strong></span> <span class='ocrx_word' id='word_1_119' title='bbox 3417 510 3696 581; x_wconf 77' lang='grc' dir='ltr'>ἑορτάσω-</span> 
     </span>
    </p>
   </div>
   <div class='ocr_carea' id='block_1_21' title="bbox 2107 596 3692 669">
    <p class='ocr_par' dir='ltr' id='par_1_21' title="bbox 2107 596 3692 669">
     <span class='ocr_line' id='line_1_21' title="bbox 2107 596 3692 669; baseline 0.001 -20"><span class='ocrx_word' id='word_1_120' title='bbox 2107 614 2229 667; x_wconf 91' lang='grc' dir='ltr'>μεν,</span> <span class='ocrx_word' id='word_1_121' title='bbox 2255 596 2444 669; x_wconf 78' lang='grc' dir='ltr'>αὔριον</span> <span class='ocrx_word' id='word_1_122' title='bbox 2468 600 2608 669; x_wconf 80' lang='grc' dir='ltr'>ἁσχη</span> <span class='ocrx_word' id='word_1_123' title='bbox 2619 599 2959 669; x_wconf 83' lang='grc' dir='ltr'>μονήσωμεν.</span> <span class='ocrx_word' id='word_1_124' title='bbox 2980 596 3166 652; x_wconf 89' lang='grc' dir='ltr'>Ταῦτα</span> <span class='ocrx_word' id='word_1_125' title='bbox 3189 597 3483 669; x_wconf 80' lang='grc' dir='ltr'><strong>μυστικῶς,</strong></span> <span class='ocrx_word' id='word_1_126' title='bbox 3504 600 3692 652; x_wconf 82' lang='grc' dir='ltr'>ἐκεῖνα</span> 
     </span>
    </p>
   </div>
   <div class='ocr_carea' id='block_1_22' title="bbox 2104 685 3673 760">
    <p class='ocr_par' dir='ltr' id='par_1_22' title="bbox 2104 685 3673 760">
     <span class='ocr_line' id='line_1_22' title="bbox 2104 685 3673 760; baseline 0.002 -20"><span class='ocrx_word' id='word_1_127' title='bbox 2104 685 2407 759; x_wconf 84' lang='grc' dir='ltr'><strong>θεατρικῶς</strong></span> <span class='ocrx_word' id='word_1_128' title='bbox 2423 705 2436 718; x_wconf 89' lang='grc'><strong>·</strong></span> <span class='ocrx_word' id='word_1_129' title='bbox 2464 687 2638 742; x_wconf 88' lang='grc' dir='ltr'>ταῦτα</span> <span class='ocrx_word' id='word_1_130' title='bbox 2666 691 2788 753; x_wconf 85' lang='grc' dir='ltr'>ταῖς</span> <span class='ocrx_word' id='word_1_131' title='bbox 2850 689 3190 760; x_wconf 84' lang='grc' dir='ltr'>ἐκκλησίαις,</span> <span class='ocrx_word' id='word_1_132' title='bbox 3216 689 3401 744; x_wconf 87' lang='grc' dir='ltr'>ἐκεῖνα</span> <span class='ocrx_word' id='word_1_133' title='bbox 3421 693 3543 754; x_wconf 85' lang='grc' dir='ltr'>ταῖς</span> <span class='ocrx_word' id='word_1_134' title='bbox 3567 691 3673 757; x_wconf 87' lang='grc' dir='ltr'>ἀγο</span> 
     </span>
    </p>
   </div>
   <div class='ocr_carea' id='block_1_23' title="bbox 2104 779 3686 852">
    <p class='ocr_par' dir='ltr' id='par_1_23' title="bbox 2104 779 3686 852">
     <span class='ocr_line' id='line_1_23' title="bbox 2104 779 3686 852; baseline 0.002 -22"><span class='ocrx_word' id='word_1_135' title='bbox 2104 782 2257 849; x_wconf 84' lang='grc' dir='ltr'>ραίς·</span> <span class='ocrx_word' id='word_1_136' title='bbox 2286 779 2462 832; x_wconf 85' lang='grc' dir='ltr'>ταῦτα</span> <span class='ocrx_word' id='word_1_137' title='bbox 2512 782 2626 844; x_wconf 81' lang='grc' dir='ltr'>τοῖς</span> <span class='ocrx_word' id='word_1_138' title='bbox 2665 781 2950 852; x_wconf 86' lang='grc' dir='ltr'>νήφουσιν,</span> <span class='ocrx_word' id='word_1_139' title='bbox 3002 783 3186 835; x_wconf 84' lang='grc' dir='ltr'>ἐκεῖνα</span> <span class='ocrx_word' id='word_1_140' title='bbox 3212 783 3326 844; x_wconf 86' lang='grc' dir='ltr'>τοῖς</span> <span class='ocrx_word' id='word_1_141' title='bbox 3360 780 3686 852; x_wconf 53' lang='grc' dir='ltr'>μεθύουνσινιο</span> 
     </span>
    </p>
   </div>
   <div class='ocr_carea' id='block_1_24' title="bbox 2099 870 3687 938">
    <p class='ocr_par' dir='ltr' id='par_1_24' title="bbox 2099 870 3687 938">
     <span class='ocr_line' id='line_1_24' title="bbox 2099 870 3687 938; baseline 0.003 -17"><span class='ocrx_word' id='word_1_142' title='bbox 2099 870 2273 924; x_wconf 82' lang='grc' dir='ltr'>ταῦτα</span> <span class='ocrx_word' id='word_1_143' title='bbox 2315 871 2757 938; x_wconf 78' lang='grc' dir='ltr'><strong>σπουδαζόντων,</strong></span> <span class='ocrx_word' id='word_1_144' title='bbox 2813 874 2999 927; x_wconf 83' lang='grc' dir='ltr'>ἐκεῖνα</span> <span class='ocrx_word' id='word_1_145' title='bbox 3054 872 3359 937; x_wconf 81' lang='grc' dir='ltr'>παιζόντων</span> <span class='ocrx_word' id='word_1_146' title='bbox 3406 871 3550 928; x_wconf 81' lang='grc' dir='ltr'>κατὰ</span> <span class='ocrx_word' id='word_1_147' title='bbox 3589 871 3687 926; x_wconf 85' lang='grc' dir='ltr'><strong>τοῦ</strong></span> 
     </span>
    </p>
   </div>
   <div class='ocr_carea' id='block_1_25' title="bbox 2100 962 3690 1038">
    <p class='ocr_par' dir='ltr' id='par_1_25' title="bbox 2100 962 3690 1038">
     <span class='ocr_line' id='line_1_25' title="bbox 2100 962 3690 1038; baseline 0.003 -23"><span class='ocrx_word' id='word_1_148' title='bbox 2100 962 2240 1015; x_wconf 87' lang='grc' dir='ltr'>Πνεύ</span> <span class='ocrx_word' id='word_1_149' title='bbox 2250 980 2440 1033; x_wconf 88' lang='grc' dir='ltr'>ματος.</span> <span class='ocrx_word' id='word_1_150' title='bbox 2489 962 2642 1016; x_wconf 75' lang='grc' dir='ltr'>Ἐπεὶ</span> <span class='ocrx_word' id='word_1_151' title='bbox 2672 963 2730 1017; x_wconf 82' lang='grc' dir='ltr'>δὲ</span> <span class='ocrx_word' id='word_1_152' title='bbox 2758 963 3259 1036; x_wconf 73' lang='grc' dir='ltr'>ἀπεσκευασάμεθα</span> <span class='ocrx_word' id='word_1_153' title='bbox 3290 963 3352 1018; x_wconf 84' lang='grc' dir='ltr'>τὸ</span> <span class='ocrx_word' id='word_1_154' title='bbox 3379 963 3690 1038; x_wconf 83' lang='grc' dir='ltr'>ἀλλότριον,</span> 
     </span>
    </p>
   </div>
   <div class='ocr_carea' id='block_1_26' title="bbox 2099 1052 3260 1128">
    <p class='ocr_par' dir='ltr' id='par_1_26' title="bbox 2099 1052 3260 1128">
     <span class='ocr_line' id='line_1_26' title="bbox 2099 1052 3260 1128; baseline 0.002 -21"><span class='ocrx_word' id='word_1_155' title='bbox 2099 1054 2255 1124; x_wconf 79' lang='grc' dir='ltr'>φέρε.</span> <span class='ocrx_word' id='word_1_156' title='bbox 2286 1053 2703 1127; x_wconf 79' lang='grc' dir='ltr'>καταρτίσωμεν</span> <span class='ocrx_word' id='word_1_157' title='bbox 2735 1052 2847 1127; x_wconf 87' lang='grc'>(66)</span> <span class='ocrx_word' id='word_1_158' title='bbox 2878 1055 2941 1109; x_wconf 84' lang='grc' dir='ltr'>τὸ</span> <span class='ocrx_word' id='word_1_159' title='bbox 2967 1055 3260 1128; x_wconf 80' lang='grc' dir='ltr'>ἡμέτερον.</span> 
     </span>
    </p>
   </div>
   <div class='ocr_carea' id='block_1_27' title="bbox 2172 1143 3689 1218">
    <p class='ocr_par' dir='ltr' id='par_1_27' title="bbox 2172 1143 3689 1218">
     <span class='ocr_line' id='line_1_27' title="bbox 2172 1143 3689 1218; baseline 0.004 -21"><span class='ocrx_word' id='word_1_160' title='bbox 2172 1145 2274 1198; x_wconf 84' lang='lat' dir='ltr'><strong>IA&#39;.</strong></span> <span class='ocrx_word' id='word_1_161' title='bbox 2298 1143 2467 1197; x_wconf 89' lang='grc' dir='ltr'>Τοῦτο</span> <span class='ocrx_word' id='word_1_162' title='bbox 2488 1145 2995 1218; x_wconf 85' lang='grc' dir='ltr'>ἐνήργει,πρότερον</span> <span class='ocrx_word' id='word_1_163' title='bbox 3019 1146 3119 1217; x_wconf 80' lang='grc' dir='ltr'><strong>μὲν</strong></span> <span class='ocrx_word' id='word_1_164' title='bbox 3143 1148 3202 1201; x_wconf 83' lang='grc' dir='ltr'><strong>ἐν</strong></span> <span class='ocrx_word' id='word_1_165' title='bbox 3224 1149 3348 1210; x_wconf 82' lang='grc' dir='ltr'>ταῖς</span> <span class='ocrx_word' id='word_1_166' title='bbox 3364 1148 3689 1217; x_wconf 61' lang='grc' dir='ltr'>ἀγγελικαὶς</span> 
     </span>
    </p>
   </div>
   <div class='ocr_carea' id='block_1_28' title="bbox 2099 1233 3689 1312">
    <p class='ocr_par' dir='ltr' id='par_1_28' title="bbox 2099 1233 3689 1312">
     <span class='ocr_line' id='line_1_28' title="bbox 2099 1233 3689 1312; baseline 0.005 -25"><span class='ocrx_word' id='word_1_167' title='bbox 2099 1235 2194 1287; x_wconf 75' lang='grc' dir='ltr'><strong>καὶ</strong></span> <span class='ocrx_word' id='word_1_168' title='bbox 2218 1234 2491 1306; x_wconf 78' lang='grc' dir='ltr'>οὐρανίοις</span> <span class='ocrx_word' id='word_1_169' title='bbox 2521 1233 2631 1305; x_wconf 79' lang='grc'>(67)</span> <span class='ocrx_word' id='word_1_170' title='bbox 2678 1234 2975 1307; x_wconf 83' lang='grc' dir='ltr'>δυνάμεσι,</span> <span class='ocrx_word' id='word_1_171' title='bbox 3024 1238 3118 1291; x_wconf 83' lang='grc' dir='ltr'>καὶ</span> <span class='ocrx_word' id='word_1_172' title='bbox 3145 1238 3268 1292; x_wconf 84' lang='grc' dir='ltr'>ὅσαι</span> <span class='ocrx_word' id='word_1_173' title='bbox 3297 1239 3511 1312; x_wconf 90' lang='grc' dir='ltr'>πρῶται</span> <span class='ocrx_word' id='word_1_174' title='bbox 3545 1240 3689 1312; x_wconf 73' lang='grc' dir='ltr'>μετὰ</span> 
     </span>
    </p>
   </div>
   <div class='ocr_carea' id='block_1_29' title="bbox 2098 1324 3692 1402">
    <p class='ocr_par' dir='ltr' id='par_1_29' title="bbox 2098 1324 3692 1402">
     <span class='ocr_line' id='line_1_29' title="bbox 2098 1324 3692 1402; baseline 0.006 -26"><span class='ocrx_word' id='word_1_175' title='bbox 2098 1325 2230 1376; x_wconf 75' lang='grc' dir='ltr'>Θεὸν</span> <span class='ocrx_word' id='word_1_176' title='bbox 2254 1363 2270 1389; x_wconf 96' lang='grc'><strong>,</strong></span> <span class='ocrx_word' id='word_1_177' title='bbox 2305 1325 2401 1378; x_wconf 78' lang='grc' dir='ltr'>καὶ</span> <span class='ocrx_word' id='word_1_178' title='bbox 2442 1324 2568 1395; x_wconf 84' lang='grc' dir='ltr'>περὶ</span> <span class='ocrx_word' id='word_1_179' title='bbox 2612 1324 2768 1381; x_wconf 84' lang='grc' dir='ltr'>Θεόν.</span> <span class='ocrx_word' id='word_1_180' title='bbox 2814 1326 2887 1380; x_wconf 82' lang='grc' dir='ltr'><strong>Οὐ</strong></span> <span class='ocrx_word' id='word_1_181' title='bbox 2929 1326 3039 1400; x_wconf 85' lang='grc' dir='ltr'>γὰρ</span> <span class='ocrx_word' id='word_1_182' title='bbox 3069 1326 3289 1383; x_wconf 75' lang='grc' dir='ltr'>ἄλλοθεν</span> <span class='ocrx_word' id='word_1_183' title='bbox 3318 1329 3511 1395; x_wconf 82' lang='grc' dir='ltr'>αὑταῖς</span> <span class='ocrx_word' id='word_1_184' title='bbox 3538 1333 3573 1402; x_wconf 78' lang='grc' dir='ltr'><strong>ἠ</strong></span> <span class='ocrx_word' id='word_1_185' title='bbox 3596 1348 3692 1385; x_wconf 77' lang='grc' dir='ltr'>τε-</span> 
     </span>
    </p>
   </div>
   <div class='ocr_carea' id='block_1_30' title="bbox 2099 1414 3687 1491">
    <p class='ocr_par' dir='ltr' id='par_1_30' title="bbox 2099 1414 3687 1491">
     <span class='ocr_line' id='line_1_30' title="bbox 2099 1414 3687 1491; baseline 0.005 -23"><span class='ocrx_word' id='word_1_186' title='bbox 2099 1414 2315 1479; x_wconf 87' lang='grc' dir='ltr'>λείωσις</span> <span class='ocrx_word' id='word_1_187' title='bbox 2342 1416 2437 1469; x_wconf 76' lang='grc' dir='ltr'><strong>καὶ</strong></span> <span class='ocrx_word' id='word_1_188' title='bbox 2466 1419 2499 1487; x_wconf 80' lang='grc' dir='ltr'>ἡ</span> <span class='ocrx_word' id='word_1_189' title='bbox 2533 1415 2820 1487; x_wconf 82' lang='grc' dir='ltr'>ἐλλαμψις,</span> <span class='ocrx_word' id='word_1_190' title='bbox 2876 1417 2975 1471; x_wconf 70' lang='grc' dir='ltr'>καὶ</span> <span class='ocrx_word' id='word_1_191' title='bbox 3003 1419 3064 1473; x_wconf 85' lang='grc' dir='ltr'><strong>τὸ</strong></span> <span class='ocrx_word' id='word_1_192' title='bbox 3092 1418 3231 1491; x_wconf 82' lang='grc' dir='ltr'>πρὸς</span> <span class='ocrx_word' id='word_1_193' title='bbox 3264 1421 3460 1476; x_wconf 77' lang='grc' dir='ltr'>κακίαν</span> <span class='ocrx_word' id='word_1_194' title='bbox 3490 1423 3687 1478; x_wconf 80' lang='grc' dir='ltr'>δυσκί-</span> 
     </span>
    </p>
   </div>
   <div class='ocr_carea' id='block_1_31' title="bbox 2100 1506 3688 1585">
    <p class='ocr_par' dir='ltr' id='par_1_31' title="bbox 2100 1506 3688 1585">
     <span class='ocr_line' id='line_1_31' title="bbox 2100 1506 3688 1585; baseline 0.006 -24"><span class='ocrx_word' id='word_1_195' title='bbox 2100 1524 2282 1579; x_wconf 90' lang='grc' dir='ltr'>νητον,</span> <span class='ocrx_word' id='word_1_196' title='bbox 2341 1506 2376 1578; x_wconf 80' lang='grc' dir='ltr'>ἢ</span> <span class='ocrx_word' id='word_1_197' title='bbox 2429 1507 2708 1578; x_wconf 82' lang='grc' dir='ltr'>ἀκίνητον,</span> <span class='ocrx_word' id='word_1_198' title='bbox 2740 1508 2774 1580; x_wconf 75' lang='grc' dir='ltr'>ἦ</span> <span class='ocrx_word' id='word_1_199' title='bbox 2810 1508 2963 1581; x_wconf 85' lang='grc' dir='ltr'>παρὰ</span> <span class='ocrx_word' id='word_1_200' title='bbox 2993 1508 3089 1564; x_wconf 88' lang='grc' dir='ltr'><strong>τοῦ</strong></span> <span class='ocrx_word' id='word_1_201' title='bbox 3135 1511 3294 1580; x_wconf 84' lang='grc' dir='ltr'>ἁγίου</span> <span class='ocrx_word' id='word_1_202' title='bbox 3343 1514 3688 1585; x_wconf 88' lang='grc' dir='ltr'>Πνεύματος.</span> 
     </span>
    </p>
   </div>
   <div class='ocr_carea' id='block_1_32' title="bbox 2106 1600 3690 1677">
    <p class='ocr_par' dir='ltr' id='par_1_32' title="bbox 2106 1600 3690 1677">
     <span class='ocr_line' id='line_1_32' title="bbox 2106 1600 3690 1677; baseline 0.005 -24"><span class='ocrx_word' id='word_1_203' title='bbox 2106 1601 2336 1654; x_wconf 86' lang='grc' dir='ltr'>Ἔπειτα</span> <span class='ocrx_word' id='word_1_204' title='bbox 2361 1601 2418 1653; x_wconf 86' lang='grc' dir='ltr'><strong>ἐν</strong></span> <span class='ocrx_word' id='word_1_205' title='bbox 2435 1603 2550 1665; x_wconf 84' lang='grc' dir='ltr'>τοῖς</span> <span class='ocrx_word' id='word_1_206' title='bbox 2579 1601 2850 1672; x_wconf 83' lang='grc' dir='ltr'>Πατράσι,</span> <span class='ocrx_word' id='word_1_207' title='bbox 2883 1602 2979 1656; x_wconf 69' lang='grc' dir='ltr'>καὶ</span> <span class='ocrx_word' id='word_1_208' title='bbox 3010 1603 3070 1657; x_wconf 85' lang='grc' dir='ltr'><strong>ἐν</strong></span> <span class='ocrx_word' id='word_1_209' title='bbox 3090 1607 3205 1668; x_wconf 84' lang='grc' dir='ltr'>τοῖς</span> <span class='ocrx_word' id='word_1_210' title='bbox 3231 1607 3559 1677; x_wconf 81' lang='grc' dir='ltr'>προφήταις,</span> <span class='ocrx_word' id='word_1_211' title='bbox 3607 1600 3690 1661; x_wconf 81' lang='grc' dir='ltr'>ὧν</span> 
     </span>
    </p>
   </div>
   <div class='ocr_carea' id='block_1_33' title="bbox 2104 1692 3690 1765">
    <p class='ocr_par' dir='ltr' id='par_1_33' title="bbox 2104 1692 3690 1765">
     <span class='ocr_line' id='line_1_33' title="bbox 2104 1692 3690 1765; baseline 0.003 -19"><span class='ocrx_word' id='word_1_212' title='bbox 2104 1693 2154 1746; x_wconf 82' lang='grc' dir='ltr'>οἱ</span> <span class='ocrx_word' id='word_1_213' title='bbox 2186 1692 2288 1764; x_wconf 83' lang='grc' dir='ltr'><strong>μὲν</strong></span> <span class='ocrx_word' id='word_1_214' title='bbox 2314 1692 2734 1765; x_wconf 86' lang='grc' dir='ltr'>ἐφαντάσθησαν</span> <span class='ocrx_word' id='word_1_215' title='bbox 2756 1693 2913 1758; x_wconf 84' lang='grc' dir='ltr'>Θεὸν,</span> <span class='ocrx_word' id='word_1_216' title='bbox 2940 1695 2973 1765; x_wconf 81' lang='grc' dir='ltr'>ἢ</span> <span class='ocrx_word' id='word_1_217' title='bbox 2999 1694 3265 1764; x_wconf 79' lang='grc' dir='ltr'>ἔγνωσαν,</span> <span class='ocrx_word' id='word_1_218' title='bbox 3310 1697 3358 1750; x_wconf 90' lang='grc' dir='ltr'>οἱ</span> <span class='ocrx_word' id='word_1_219' title='bbox 3403 1696 3458 1751; x_wconf 85' lang='grc' dir='ltr'>δὲ</span> <span class='ocrx_word' id='word_1_220' title='bbox 3503 1699 3599 1751; x_wconf 82' lang='grc' dir='ltr'>καὶ</span> <span class='ocrx_word' id='word_1_221' title='bbox 3622 1698 3690 1751; x_wconf 80' lang='grc' dir='ltr'><strong>τὸ</strong></span> 
     </span>
    </p>
   </div>
   <div class='ocr_carea' id='block_1_34' title="bbox 418 1781 2002 1860">
    <p class='ocr_par' dir='ltr' id='par_1_34' title="bbox 418 1785 2002 1857">
     <span class='ocr_line' id='line_1_34' title="bbox 418 1785 2002 1857; baseline 0.004 -19"><span class='ocrx_word' id='word_1_222' title='bbox 418 1801 650 1856; x_wconf 88' lang='lat' dir='ltr'><strong>quorum</strong></span> <span class='ocrx_word' id='word_1_223' title='bbox 675 1785 766 1841; x_wconf 90' lang='lat' dir='ltr'><strong>alii</strong></span> <span class='ocrx_word' id='word_1_224' title='bbox 797 1786 964 1840; x_wconf 91' lang='lat' dir='ltr'><strong>Deum</strong></span> <span class='ocrx_word' id='word_1_225' title='bbox 991 1802 1089 1856; x_wconf 91' lang='lat' dir='ltr'><strong>per</strong></span> <span class='ocrx_word' id='word_1_226' title='bbox 1114 1786 1409 1857; x_wconf 78' lang='lat' dir='ltr'><strong>imaginem</strong></span> <span class='ocrx_word' id='word_1_227' title='bbox 1440 1787 1714 1855; x_wconf 88' lang='lat' dir='ltr'><strong>viderunt,</strong></span> <span class='ocrx_word' id='word_1_228' title='bbox 1749 1797 1844 1842; x_wconf 91' lang='lat' dir='ltr'><strong>aut</strong></span> <span class='ocrx_word' id='word_1_229' title='bbox 1907 1803 2002 1844; x_wconf 87' lang='lat' dir='ltr'><strong>co-</strong></span> 
     </span>
    </p>
   </div>
   <div class='ocr_carea' id='block_1_35' title="bbox 2115 1781 3693 1860">
    <p class='ocr_par' dir='ltr' id='par_1_35' title="bbox 2115 1782 3693 1860">
     <span class='ocr_line' id='line_1_35' title="bbox 2115 1782 3693 1860; baseline 0.004 -24"><span class='ocrx_word' id='word_1_230' title='bbox 2115 1782 2301 1854; x_wconf 82' lang='grc' dir='ltr'>μέλλον</span> <span class='ocrx_word' id='word_1_231' title='bbox 2332 1783 2685 1855; x_wconf 86' lang='grc' dir='ltr'>προέγνωσαν</span> <span class='ocrx_word' id='word_1_232' title='bbox 2702 1784 3037 1856; x_wconf 85' lang='grc' dir='ltr'>τυπούμενοι</span> <span class='ocrx_word' id='word_1_233' title='bbox 3065 1785 3142 1857; x_wconf 84' lang='grc' dir='ltr'>τῷ</span> <span class='ocrx_word' id='word_1_234' title='bbox 3172 1786 3449 1858; x_wconf 86' lang='grc' dir='ltr'>Πνεύματι</span> <span class='ocrx_word' id='word_1_235' title='bbox 3468 1789 3530 1842; x_wconf 84' lang='grc' dir='ltr'><strong>τὸ</strong></span> <span class='ocrx_word' id='word_1_236' title='bbox 3553 1792 3693 1860; x_wconf 84' lang='grc' dir='ltr'>ἡγε-</span> 
     </span>
    </p>
   </div>
   <div class='ocr_carea' id='block_1_36' title="bbox 420 1876 1998 1949">
    <p class='ocr_par' dir='ltr' id='par_1_36' title="bbox 420 1876 1998 1949">
     <span class='ocr_line' id='line_1_36' title="bbox 420 1876 1998 1949; baseline 0.001 -19"><span class='ocrx_word' id='word_1_237' title='bbox 420 1885 746 1946; x_wconf 85' lang='lat' dir='ltr'><strong>gnoveruut,</strong></span> <span class='ocrx_word' id='word_1_238' title='bbox 783 1876 873 1931; x_wconf 89' lang='lat' dir='ltr'><strong>alii</strong></span> <span class='ocrx_word' id='word_1_239' title='bbox 905 1886 1091 1931; x_wconf 87' lang='lat' dir='ltr'><strong>autem</strong></span> <span class='ocrx_word' id='word_1_240' title='bbox 1132 1878 1297 1932; x_wconf 89' lang='lat' dir='ltr'><strong>etiam</strong></span> <span class='ocrx_word' id='word_1_241' title='bbox 1325 1893 1413 1933; x_wconf 89' lang='lat' dir='ltr'><strong>res</strong></span> <span class='ocrx_word' id='word_1_242' title='bbox 1441 1877 1654 1934; x_wconf 77' lang='lat' dir='ltr'><strong>futuras</strong></span> <span class='ocrx_word' id='word_1_243' title='bbox 1706 1880 1998 1949; x_wconf 66' lang='lat' dir='ltr'><strong>praascive-</strong></span> 
     </span>
    </p>
   </div>
   <div class='ocr_carea' id='block_1_37' title="bbox 2103 1874 3689 1951">
    <p class='ocr_par' dir='ltr' id='par_1_37' title="bbox 2103 1874 3689 1951">
     <span class='ocr_line' id='line_1_37' title="bbox 2103 1874 3689 1951; baseline 0.005 -24"><span class='ocrx_word' id='word_1_244' title='bbox 2103 1874 2342 1944; x_wconf 81' lang='grc' dir='ltr'>μονικὸν,</span> <span class='ocrx_word' id='word_1_245' title='bbox 2358 1876 2451 1929; x_wconf 79' lang='grc' dir='ltr'><strong>καὶ</strong></span> <span class='ocrx_word' id='word_1_246' title='bbox 2474 1875 2551 1939; x_wconf 82' lang='grc' dir='ltr'>ὡς</span> <span class='ocrx_word' id='word_1_247' title='bbox 2576 1875 2811 1948; x_wconf 88' lang='grc' dir='ltr'>παροῦσι</span> <span class='ocrx_word' id='word_1_248' title='bbox 2835 1877 3087 1942; x_wconf 82' lang='grc' dir='ltr'>συνόντες</span> <span class='ocrx_word' id='word_1_249' title='bbox 3104 1882 3217 1943; x_wconf 86' lang='grc' dir='ltr'>τοῖς</span> <span class='ocrx_word' id='word_1_250' title='bbox 3242 1880 3543 1951; x_wconf 81' lang='grc' dir='ltr'>ἐσομένοις.</span> <span class='ocrx_word' id='word_1_251' title='bbox 3559 1882 3689 1935; x_wconf 88' lang='grc' dir='ltr'>Τοι-</span> 
     </span>
    </p>
   </div>
   <div class='ocr_carea' id='block_1_38' title="bbox 420 1966 2002 2053">
    <p class='ocr_par' dir='ltr' id='par_1_38' title="bbox 420 1969 1998 2053">
     <span class='ocr_line' id='line_1_38' title="bbox 420 1969 1998 2053; baseline 0.001 -28"><span class='ocrx_word' id='word_1_252' title='bbox 420 1978 568 2036; x_wconf 88' lang='lat' dir='ltr'><strong>runt,</strong></span> <span class='ocrx_word' id='word_1_253' title='bbox 618 1971 941 2040; x_wconf 86' lang='lat' dir='ltr'><strong>impressam</strong></span> <span class='ocrx_word' id='word_1_254' title='bbox 982 1969 1239 2053; x_wconf 80' lang='lat' dir='ltr'><strong>nimirum</strong></span> <span class='ocrx_word' id='word_1_255' title='bbox 1290 1984 1389 2040; x_wconf 88' lang='lat' dir='ltr'><strong>per</strong></span> <span class='ocrx_word' id='word_1_256' title='bbox 1436 1969 1701 2041; x_wconf 88' lang='lat' dir='ltr'><strong>Spiritum</strong></span> <span class='ocrx_word' id='word_1_257' title='bbox 1746 1979 1998 2026; x_wconf 90' lang='lat' dir='ltr'><strong>sanctum</strong></span> 
     </span>
    </p>
   </div>
   <div class='ocr_carea' id='block_1_39' title="bbox 2115 1966 3687 2053">
    <p class='ocr_par' dir='ltr' id='par_1_39' title="bbox 2115 1966 3687 2042">
     <span class='ocr_line' id='line_1_39' title="bbox 2115 1966 3687 2042; baseline 0.004 -23"><span class='ocrx_word' id='word_1_258' title='bbox 2115 1967 2234 2038; x_wconf 83' lang='grc' dir='ltr'>ιύτη</span> <span class='ocrx_word' id='word_1_259' title='bbox 2258 1967 2367 2038; x_wconf 76' lang='grc' dir='ltr'>γὰρ</span> <span class='ocrx_word' id='word_1_260' title='bbox 2391 1968 2425 2038; x_wconf 86' lang='grc' dir='ltr'>ή</span> <span class='ocrx_word' id='word_1_261' title='bbox 2456 1966 2550 2021; x_wconf 89' lang='grc' dir='ltr'><strong>τοῦ</strong></span> <span class='ocrx_word' id='word_1_262' title='bbox 2584 1967 2902 2040; x_wconf 89' lang='grc' dir='ltr'>Πνεύματος</span> <span class='ocrx_word' id='word_1_263' title='bbox 2929 1970 3178 2042; x_wconf 86' lang='grc' dir='ltr'>δύναμις.</span> <span class='ocrx_word' id='word_1_264' title='bbox 3204 1973 3436 2025; x_wconf 85' lang='grc' dir='ltr'>Ἔπειτα</span> <span class='ocrx_word' id='word_1_265' title='bbox 3469 1975 3528 2025; x_wconf 88' lang='grc' dir='ltr'><strong>ἐν</strong></span> <span class='ocrx_word' id='word_1_266' title='bbox 3566 1976 3687 2036; x_wconf 82' lang='grc' dir='ltr'>τοῖς</span> 
     </span>
    </p>
   </div>
   <div class='ocr_carea' id='block_1_40' title="bbox 420 2062 1997 2132">
    <p class='ocr_par' dir='ltr' id='par_1_40' title="bbox 420 2062 1997 2132">
     <span class='ocr_line' id='line_1_40' title="bbox 420 2062 1997 2132; baseline 0.004 -18"><span class='ocrx_word' id='word_1_267' title='bbox 420 2062 719 2132; x_wconf 89' lang='lat' dir='ltr'><strong>principem</strong></span> <span class='ocrx_word' id='word_1_268' title='bbox 749 2062 916 2117; x_wconf 90' lang='lat' dir='ltr'><strong>animi</strong></span> <span class='ocrx_word' id='word_1_269' title='bbox 943 2071 1152 2132; x_wconf 92' lang='lat' dir='ltr'><strong>partem</strong></span> <span class='ocrx_word' id='word_1_270' title='bbox 1183 2063 1470 2128; x_wconf 87' lang='lat' dir='ltr'><strong>habentes,</strong></span> <span class='ocrx_word' id='word_1_271' title='bbox 1508 2071 1565 2118; x_wconf 90' lang='lat' dir='ltr'><strong>et</strong></span> <span class='ocrx_word' id='word_1_272' title='bbox 1621 2078 1745 2119; x_wconf 90' lang='lat' dir='ltr'><strong>cum</strong></span> <span class='ocrx_word' id='word_1_273' title='bbox 1800 2064 1997 2120; x_wconf 82' lang='lat' dir='ltr'><strong>futuris</strong></span> 
     </span>
    </p>
   </div>
   <div class='ocr_carea' id='block_1_41' title="bbox 420 2155 1994 2225">
    <p class='ocr_par' dir='ltr' id='par_1_41' title="bbox 420 2155 1994 2225">
     <span class='ocr_line' id='line_1_41' title="bbox 420 2155 1994 2225; baseline 0.002 -18"><span class='ocrx_word' id='word_1_274' title='bbox 420 2163 680 2223; x_wconf 88' lang='lat' dir='ltr'><strong>tauquam</strong></span> <span class='ocrx_word' id='word_1_275' title='bbox 714 2169 837 2210; x_wconf 89' lang='lat' dir='ltr'><strong>cum</strong></span> <span class='ocrx_word' id='word_1_276' title='bbox 885 2155 1247 2225; x_wconf 61' lang='lat' dir='ltr'><strong>praesentibus</strong></span> <span class='ocrx_word' id='word_1_277' title='bbox 1309 2166 1616 2212; x_wconf 81' lang='lat' dir='ltr'><strong>versantes.</strong></span> <span class='ocrx_word' id='word_1_278' title='bbox 1678 2155 1994 2223; x_wconf 73' lang='lat' dir='ltr'><strong>Huiusmodi</strong></span> 
     </span>
    </p>
   </div>
   <div class='ocr_carea' id='block_1_42' title="bbox 420 2243 1995 2315">
    <p class='ocr_par' dir='ltr' id='par_1_42' title="bbox 420 2243 1995 2315">
     <span class='ocr_line' id='line_1_42' title="bbox 420 2243 1995 2315; baseline 0.004 -20"><span class='ocrx_word' id='word_1_279' title='bbox 420 2243 621 2313; x_wconf 88' lang='lat' dir='ltr'><strong>quippe</strong></span> <span class='ocrx_word' id='word_1_280' title='bbox 642 2243 880 2312; x_wconf 87' lang='lat' dir='ltr'><strong>Spiritus</strong></span> <span class='ocrx_word' id='word_1_281' title='bbox 925 2243 1006 2299; x_wconf 91' lang='lat' dir='ltr'><strong>vis</strong></span> <span class='ocrx_word' id='word_1_282' title='bbox 1039 2259 1103 2299; x_wconf 88' lang='lat' dir='ltr'><strong>ac</strong></span> <span class='ocrx_word' id='word_1_283' title='bbox 1137 2244 1376 2315; x_wconf 87' lang='lat' dir='ltr'><strong>potentia</strong></span> <span class='ocrx_word' id='word_1_284' title='bbox 1408 2255 1511 2301; x_wconf 89' lang='lat' dir='ltr'><strong>est.</strong></span> <span class='ocrx_word' id='word_1_285' title='bbox 1546 2246 1683 2300; x_wconf 90' lang='lat' dir='ltr'><strong>Tum</strong></span> <span class='ocrx_word' id='word_1_286' title='bbox 1712 2246 1764 2301; x_wconf 93' lang='lat' dir='ltr'><strong>in</strong></span> <span class='ocrx_word' id='word_1_287' title='bbox 1792 2247 1995 2303; x_wconf 83' lang='lat' dir='ltr'><strong>Christi</strong></span> 
     </span>
    </p>
   </div>
   <div class='ocr_carea' id='block_1_43' title="bbox 423 2333 1995 2407">
    <p class='ocr_par' dir='ltr' id='par_1_43' title="bbox 423 2333 1995 2407">
     <span class='ocr_line' id='line_1_43' title="bbox 423 2333 1995 2407; baseline 0.001 -19"><span class='ocrx_word' id='word_1_288' title='bbox 423 2333 706 2405; x_wconf 82' lang='lat' dir='ltr'><strong>discipulis</strong></span> <span class='ocrx_word' id='word_1_289' title='bbox 732 2334 1031 2407; x_wconf 88' lang='lat' dir='ltr'><strong>(Christum</strong></span> <span class='ocrx_word' id='word_1_290' title='bbox 1067 2335 1212 2390; x_wconf 88' lang='lat' dir='ltr'><strong>enim</strong></span> <span class='ocrx_word' id='word_1_291' title='bbox 1249 2336 1631 2405; x_wconf 73' lang='lat' dir='ltr'><strong>przetermitto,</strong></span> <span class='ocrx_word' id='word_1_292' title='bbox 1660 2337 1751 2392; x_wconf 92' lang='lat' dir='ltr'><strong>cui</strong></span> <span class='ocrx_word' id='word_1_293' title='bbox 1781 2339 1995 2404; x_wconf 86' lang='lat' dir='ltr'><strong>aderat,</strong></span> 
     </span>
    </p>
   </div>
   <div class='ocr_carea' id='block_1_44' title="bbox 421 2426 1994 2500">
    <p class='ocr_par' dir='ltr' id='par_1_44' title="bbox 421 2426 1994 2500">
     <span class='ocr_line' id='line_1_44' title="bbox 421 2426 1994 2500; baseline 0.006 -25"><span class='ocrx_word' id='word_1_294' title='bbox 421 2438 529 2476; x_wconf 92' lang='lat' dir='ltr'><strong>non</strong></span> <span class='ocrx_word' id='word_1_295' title='bbox 564 2432 623 2477; x_wconf 93' lang='lat' dir='ltr'><strong>ut</strong></span> <span class='ocrx_word' id='word_1_296' title='bbox 651 2438 904 2494; x_wconf 90' lang='lat' dir='ltr'><strong>operans,</strong></span> <span class='ocrx_word' id='word_1_297' title='bbox 937 2426 1033 2479; x_wconf 87' lang='lat' dir='ltr'><strong>sed</strong></span> <span class='ocrx_word' id='word_1_298' title='bbox 1058 2427 1399 2496; x_wconf 78' lang='lat' dir='ltr'><strong>utaequalem</strong></span> <span class='ocrx_word' id='word_1_299' title='bbox 1423 2428 1756 2500; x_wconf 87' lang='lat' dir='ltr'><strong>comitans);</strong></span> <span class='ocrx_word' id='word_1_300' title='bbox 1817 2428 1994 2499; x_wconf 90' lang='lat' dir='ltr'><strong>iisque</strong></span> 
     </span>
    </p>
   </div>
   <div class='ocr_carea' id='block_1_45' title="bbox 420 2513 2000 2591">
    <p class='ocr_par' dir='ltr' id='par_1_45' title="bbox 420 2513 2000 2591">
     <span class='ocr_line' id='line_1_45' title="bbox 420 2513 2000 2591; baseline 0.004 -22"><span class='ocrx_word' id='word_1_301' title='bbox 420 2513 713 2582; x_wconf 79' lang='lat' dir='ltr'><strong>trifariam,</strong></span> <span class='ocrx_word' id='word_1_302' title='bbox 754 2525 916 2585; x_wconf 90' lang='lat' dir='ltr'><strong>prout</strong></span> <span class='ocrx_word' id='word_1_303' title='bbox 951 2517 1193 2585; x_wconf 90' lang='lat' dir='ltr'><strong>ipsorum</strong></span> <span class='ocrx_word' id='word_1_304' title='bbox 1218 2528 1412 2589; x_wconf 87' lang='lat' dir='ltr'><strong>captus</strong></span> <span class='ocrx_word' id='word_1_305' title='bbox 1439 2518 1669 2587; x_wconf 82' lang='lat' dir='ltr'><strong>ferebat,</strong></span> <span class='ocrx_word' id='word_1_306' title='bbox 1711 2520 2000 2591; x_wconf 89' lang='lat' dir='ltr'><strong>tribusque</strong></span> 
     </span>
    </p>
   </div>
   <div class='ocr_carea' id='block_1_46' title="bbox 420 2604 1996 2679">
    <p class='ocr_par' dir='ltr' id='par_1_46' title="bbox 420 2604 1996 2679">
     <span class='ocr_line' id='line_1_46' title="bbox 420 2604 1996 2679; baseline 0.004 -21"><span class='ocrx_word' id='word_1_307' title='bbox 420 2604 760 2676; x_wconf 89' lang='lat' dir='ltr'><strong>temporibus</strong></span> <span class='ocrx_word' id='word_1_308' title='bbox 789 2622 805 2659; x_wconf 90' lang='lat'><strong>:</strong></span> <span class='ocrx_word' id='word_1_309' title='bbox 837 2621 1053 2677; x_wconf 88' lang='lat' dir='ltr'><strong>nempe,</strong></span> <span class='ocrx_word' id='word_1_310' title='bbox 1090 2617 1384 2679; x_wconf 89' lang='lat' dir='ltr'><strong>antequam</strong></span> <span class='ocrx_word' id='word_1_311' title='bbox 1433 2608 1686 2664; x_wconf 80' lang='lat' dir='ltr'><strong>Christus</strong></span> <span class='ocrx_word' id='word_1_312' title='bbox 1731 2624 1829 2677; x_wconf 89' lang='lat' dir='ltr'><strong>per</strong></span> <span class='ocrx_word' id='word_1_313' title='bbox 1863 2608 1996 2664; x_wconf 84' lang='lat' dir='ltr'><strong>Pas-</strong></span> 
     </span>
    </p>
   </div>
   <div class='ocr_carea' id='block_1_47' title="bbox 419 2697 2002 2770">
    <p class='ocr_par' dir='ltr' id='par_1_47' title="bbox 419 2697 2002 2770">
     <span class='ocr_line' id='line_1_47' title="bbox 419 2697 2002 2770; baseline 0.002 -18"><span class='ocrx_word' id='word_1_314' title='bbox 419 2697 630 2752; x_wconf 84' lang='lat' dir='ltr'><strong>sionem</strong></span> <span class='ocrx_word' id='word_1_315' title='bbox 664 2697 997 2769; x_wconf 81' lang='lat' dir='ltr'><strong>gloriﬁcatus</strong></span> <span class='ocrx_word' id='word_1_316' title='bbox 1045 2706 1190 2753; x_wconf 86' lang='lat' dir='ltr'><strong>esset</strong></span> <span class='ocrx_word' id='word_1_317' title='bbox 1221 2717 1236 2753; x_wconf 91' lang='lat'><strong>:</strong></span> <span class='ocrx_word' id='word_1_318' title='bbox 1282 2709 1570 2769; x_wconf 85' lang='lat' dir='ltr'><strong>postquam</strong></span> <span class='ocrx_word' id='word_1_319' title='bbox 1611 2714 1708 2770; x_wconf 89' lang='lat' dir='ltr'><strong>per</strong></span> <span class='ocrx_word' id='word_1_320' title='bbox 1739 2700 2002 2755; x_wconf 80' lang='lat' dir='ltr'><strong>Besurre-</strong></span> 
     </span>
    </p>
   </div>
   <div class='ocr_carea' id='block_1_48' title="bbox 420 2788 2000 2861">
    <p class='ocr_par' dir='ltr' id='par_1_48' title="bbox 420 2788 2000 2861">
     <span class='ocr_line' id='line_1_48' title="bbox 420 2788 2000 2861; baseline 0.004 -21"><span class='ocrx_word' id='word_1_321' title='bbox 420 2791 654 2843; x_wconf 78' lang='lat' dir='ltr'><strong>ctionem</strong></span> <span class='ocrx_word' id='word_1_322' title='bbox 697 2788 1036 2858; x_wconf 82' lang='lat' dir='ltr'><strong>gloriﬁcatus</strong></span> <span class='ocrx_word' id='word_1_323' title='bbox 1074 2790 1216 2844; x_wconf 81' lang='lat' dir='ltr'><strong>luit:</strong></span> <span class='ocrx_word' id='word_1_324' title='bbox 1254 2805 1320 2845; x_wconf 90' lang='lat' dir='ltr'><strong>ac</strong></span> <span class='ocrx_word' id='word_1_325' title='bbox 1346 2792 1578 2860; x_wconf 81' lang='lat' dir='ltr'><strong>denique</strong></span> <span class='ocrx_word' id='word_1_326' title='bbox 1608 2801 1731 2861; x_wconf 92' lang='lat' dir='ltr'><strong>post</strong></span> <span class='ocrx_word' id='word_1_327' title='bbox 1767 2792 1882 2859; x_wconf 84' lang='lat' dir='ltr'><strong>ejus</strong></span> <span class='ocrx_word' id='word_1_328' title='bbox 1932 2793 2000 2847; x_wconf 90' lang='lat' dir='ltr'><strong>ad</strong></span> 
     </span>
    </p>
   </div>
   <div class='ocr_carea' id='block_1_49' title="bbox 419 2879 2001 2955">
    <p class='ocr_par' dir='ltr' id='par_1_49' title="bbox 419 2879 2001 2955">
     <span class='ocr_line' id='line_1_49' title="bbox 419 2879 2001 2955; baseline 0.003 -21"><span class='ocrx_word' id='word_1_329' title='bbox 419 2880 589 2936; x_wconf 81' lang='lat' dir='ltr'><strong>caelos</strong></span> <span class='ocrx_word' id='word_1_330' title='bbox 620 2879 1033 2945; x_wconf 81' lang='lat' dir='ltr'><strong>Ascensionem,</strong></span> <span class='ocrx_word' id='word_1_331' title='bbox 1072 2881 1186 2936; x_wconf 91' lang='lat' dir='ltr'><strong>sive</strong></span> <span class='ocrx_word' id='word_1_332' title='bbox 1238 2883 1664 2950; x_wconf 87' lang='lat' dir='ltr'><strong>restitutionem,</strong></span> <span class='ocrx_word' id='word_1_333' title='bbox 1717 2886 1834 2939; x_wconf 86' lang='lat' dir='ltr'><strong>sive</strong></span> <span class='ocrx_word' id='word_1_334' title='bbox 1861 2901 2001 2955; x_wconf 84' lang='lat' dir='ltr'><strong>quo-</strong></span> 
     </span>
    </p>
   </div>
   <div class='ocr_carea' id='block_1_50' title="bbox 423 2972 2000 3046">
    <p class='ocr_par' dir='ltr' id='par_1_50' title="bbox 423 2972 2000 3046">
     <span class='ocr_line' id='line_1_50' title="bbox 423 2972 2000 3046; baseline 0.004 -21"><span class='ocrx_word' id='word_1_335' title='bbox 423 2987 643 3043; x_wconf 77' lang='lat' dir='ltr'><strong>cunque</strong></span> <span class='ocrx_word' id='word_1_336' title='bbox 683 2972 791 3027; x_wconf 89' lang='lat' dir='ltr'><strong>alio</strong></span> <span class='ocrx_word' id='word_1_337' title='bbox 824 2974 1046 3028; x_wconf 91' lang='lat' dir='ltr'><strong>nomine</strong></span> <span class='ocrx_word' id='word_1_338' title='bbox 1114 2988 1202 3029; x_wconf 92' lang='lat' dir='ltr'><strong>res</strong></span> <span class='ocrx_word' id='word_1_339' title='bbox 1242 2990 1306 3029; x_wconf 88' lang='lat' dir='ltr'><strong>ea</strong></span> <span class='ocrx_word' id='word_1_340' title='bbox 1364 2975 1436 3030; x_wconf 93' lang='lat' dir='ltr'><strong>sit</strong></span> <span class='ocrx_word' id='word_1_341' title='bbox 1497 2975 1834 3046; x_wconf 88' lang='lat' dir='ltr'><strong>appellanda.</strong></span> <span class='ocrx_word' id='word_1_342' title='bbox 1887 2976 2000 3032; x_wconf 86' lang='lat' dir='ltr'><strong>Hoc</strong></span> 
     </span>
    </p>
   </div>
   <div class='ocr_carea' id='block_1_51' title="bbox 421 3065 1991 3136">
    <p class='ocr_par' dir='ltr' id='par_1_51' title="bbox 421 3065 1991 3136">
     <span class='ocr_line' id='line_1_51' title="bbox 421 3065 1991 3136; baseline 0.003 -19"><span class='ocrx_word' id='word_1_343' title='bbox 421 3074 603 3118; x_wconf 89' lang='lat' dir='ltr'><strong>autem</strong></span> <span class='ocrx_word' id='word_1_344' title='bbox 633 3065 1207 3133; x_wconf 84' lang='lat' dir='ltr'><strong>perspicue&#39;ostendit,</strong></span> <span class='ocrx_word' id='word_1_345' title='bbox 1240 3075 1352 3121; x_wconf 92' lang='lat' dir='ltr'><strong>tum</strong></span> <span class='ocrx_word' id='word_1_346' title='bbox 1399 3067 1574 3136; x_wconf 89' lang='lat' dir='ltr'><strong>prima</strong></span> <span class='ocrx_word' id='word_1_347' title='bbox 1620 3067 1710 3121; x_wconf 87' lang='lat' dir='ltr'><strong>illa</strong></span> <span class='ocrx_word' id='word_1_348' title='bbox 1775 3068 1991 3121; x_wconf 91' lang='lat' dir='ltr'><strong>morbo-</strong></span> 
     </span>
    </p>
   </div>
   <div class='ocr_carea' id='block_1_52' title="bbox 421 3156 2001 3237">
    <p class='ocr_par' dir='ltr' id='par_1_52' title="bbox 421 3156 2001 3237">
     <span class='ocr_line' id='line_1_52' title="bbox 421 3156 2001 3237; baseline 0 -28"><span class='ocrx_word' id='word_1_349' title='bbox 421 3170 541 3209; x_wconf 87' lang='lat' dir='ltr'><strong>rum</strong></span> <span class='ocrx_word' id='word_1_350' title='bbox 570 3156 973 3237; x_wconf 76' lang='lat' dir='ltr'><strong>spirituumque</strong></span> <span class='ocrx_word' id='word_1_351' title='bbox 1009 3156 1276 3226; x_wconf 88' lang='lat' dir='ltr'><strong>depulsio,</strong></span> <span class='ocrx_word' id='word_1_352' title='bbox 1309 3172 1430 3226; x_wconf 61' lang='lat' dir='ltr'><strong>qua;</strong></span> <span class='ocrx_word' id='word_1_353' title='bbox 1455 3158 1664 3213; x_wconf 86' lang='lat' dir='ltr'><strong>scilicet</strong></span> <span class='ocrx_word' id='word_1_354' title='bbox 1677 3172 1779 3212; x_wconf 91' lang='lat' dir='ltr'><strong>non</strong></span> <span class='ocrx_word' id='word_1_355' title='bbox 1798 3157 2001 3227; x_wconf 88' lang='lat' dir='ltr'><strong>absque</strong></span> 
     </span>
    </p>
   </div>
   <div class='ocr_carea' id='block_1_53' title="bbox 420 3247 2006 3318">
    <p class='ocr_par' dir='ltr' id='par_1_53' title="bbox 420 3247 2006 3318">
     <span class='ocr_line' id='line_1_53' title="bbox 420 3247 2006 3318; baseline 0.001 -18"><span class='ocrx_word' id='word_1_356' title='bbox 420 3247 664 3315; x_wconf 85' lang='lat' dir='ltr'><strong>Spiritus</strong></span> <span class='ocrx_word' id='word_1_357' title='bbox 691 3250 915 3302; x_wconf 91' lang='lat' dir='ltr'><strong>numine</strong></span> <span class='ocrx_word' id='word_1_358' title='bbox 937 3247 1104 3303; x_wconf 80' lang='lat' dir='ltr'><strong>ﬁebat</strong></span> <span class='ocrx_word' id='word_1_359' title='bbox 1134 3263 1150 3313; x_wconf 91' lang='lat'><strong>;</strong></span> <span class='ocrx_word' id='word_1_360' title='bbox 1178 3257 1289 3302; x_wconf 91' lang='lat' dir='ltr'><strong>tum</strong></span> <span class='ocrx_word' id='word_1_361' title='bbox 1318 3249 1407 3302; x_wconf 83' lang='lat' dir='ltr'><strong>illa</strong></span> <span class='ocrx_word' id='word_1_362' title='bbox 1433 3257 1556 3318; x_wconf 92' lang='lat' dir='ltr'><strong>post</strong></span> <span class='ocrx_word' id='word_1_363' title='bbox 1580 3249 1884 3303; x_wconf 81' lang='lat' dir='ltr'><strong>confectum</strong></span> <span class='ocrx_word' id='word_1_364' title='bbox 1916 3261 2006 3303; x_wconf 86' lang='lat' dir='ltr'><strong>sa-</strong></span> 
     </span>
    </p>
   </div>
   <div class='ocr_carea' id='block_1_54' title="bbox 419 3337 1995 3411">
    <p class='ocr_par' dir='ltr' id='par_1_54' title="bbox 419 3337 1995 3411">
     <span class='ocr_line' id='line_1_54' title="bbox 419 3337 1995 3411; baseline 0 -18"><span class='ocrx_word' id='word_1_365' title='bbox 419 3339 551 3394; x_wconf 91' lang='lat' dir='ltr'><strong>Iutis</strong></span> <span class='ocrx_word' id='word_1_366' title='bbox 562 3349 757 3394; x_wconf 71' lang='lat' dir='ltr'><strong>nostrae</strong></span> <span class='ocrx_word' id='word_1_367' title='bbox 769 3337 932 3411; x_wconf 65' lang='grc'><strong>740</strong></span> <span class='ocrx_word' id='word_1_368' title='bbox 946 3342 1217 3410; x_wconf 78' lang='lat' dir='ltr'><strong>negotium</strong></span> <span class='ocrx_word' id='word_1_369' title='bbox 1245 3338 1551 3405; x_wconf 81' lang='lat' dir='ltr'><strong>insnmatio,</strong></span> <span class='ocrx_word' id='word_1_370' title='bbox 1581 3355 1699 3408; x_wconf 66' lang='lat' dir='ltr'><strong>quae</strong></span> <span class='ocrx_word' id='word_1_371' title='bbox 1712 3339 1995 3394; x_wconf 87' lang='lat' dir='ltr'><strong>divinioris</strong></span> 
     </span>
    </p>
   </div>
   <div class='ocr_carea' id='block_1_55' title="bbox 425 3431 2003 3502">
    <p class='ocr_par' dir='ltr' id='par_1_55' title="bbox 425 3431 2003 3502">
     <span class='ocr_line' id='line_1_55' title="bbox 425 3431 2003 3502; baseline 0.003 -22"><span class='ocrx_word' id='word_1_372' title='bbox 425 3431 778 3496; x_wconf 81' lang='lat' dir='ltr'><strong>proculdubio</strong></span> <span class='ocrx_word' id='word_1_373' title='bbox 807 3433 1186 3501; x_wconf 86' lang='lat' dir='ltr'><strong>inspirationis</strong></span> <span class='ocrx_word' id='word_1_374' title='bbox 1215 3433 1494 3502; x_wconf 87' lang='lat' dir='ltr'><strong>specimen</strong></span> <span class='ocrx_word' id='word_1_375' title='bbox 1554 3431 1826 3496; x_wconf 84' lang='lat' dir='ltr'><strong>habebat;</strong></span> <span class='ocrx_word' id='word_1_376' title='bbox 1891 3439 2003 3485; x_wconf 90' lang='lat' dir='ltr'><strong>tum</strong></span> 
     </span>
    </p>
   </div>
   <div class='ocr_carea' id='block_1_56' title="bbox 420 3519 2006 3592">
    <p class='ocr_par' dir='ltr' id='par_1_56' title="bbox 420 3519 2006 3592">
     <span class='ocr_line' id='line_1_56' title="bbox 420 3519 2006 3592; baseline 0.001 -21"><span class='ocrx_word' id='word_1_377' title='bbox 420 3528 699 3586; x_wconf 84' lang='lat' dir='ltr'><strong>postremo</strong></span> <span class='ocrx_word' id='word_1_378' title='bbox 731 3535 972 3589; x_wconf 65' lang='lat' dir='ltr'><strong>praesens</strong></span> <span class='ocrx_word' id='word_1_379' title='bbox 1005 3520 1119 3576; x_wconf 59' lang='lat' dir='ltr'><strong>haec</strong></span> <span class='ocrx_word' id='word_1_380' title='bbox 1179 3520 1461 3591; x_wconf 89' lang='lat' dir='ltr'><strong>ignearum</strong></span> <span class='ocrx_word' id='word_1_381' title='bbox 1509 3521 1812 3592; x_wconf 86' lang='lat' dir='ltr'><strong>linguarum</strong></span> <span class='ocrx_word' id='word_1_382' title='bbox 1866 3519 2006 3573; x_wconf 91' lang='lat' dir='ltr'><strong>divi-</strong></span> 
     </span>
    </p>
   </div>
   <div class='ocr_carea' id='block_1_57' title="bbox 422 3608 2004 3681">
    <p class='ocr_par' dir='ltr' id='par_1_57' title="bbox 422 3608 2004 3681">
     <span class='ocr_line' id='line_1_57' title="bbox 422 3608 2004 3681; baseline 0.001 -20"><span class='ocrx_word' id='word_1_383' title='bbox 422 3610 528 3674; x_wconf 86' lang='lat' dir='ltr'><strong>sio,</strong></span> <span class='ocrx_word' id='word_1_384' title='bbox 547 3616 724 3681; x_wconf 72' lang='lat' dir='ltr'><strong>‘quam</strong></span> <span class='ocrx_word' id='word_1_385' title='bbox 749 3611 914 3665; x_wconf 89' lang='lat' dir='ltr'><strong>etiam</strong></span> <span class='ocrx_word' id='word_1_386' title='bbox 942 3611 1174 3667; x_wconf 81' lang='lat' dir='ltr'><strong>solemni</strong></span> <span class='ocrx_word' id='word_1_387' title='bbox 1210 3612 1350 3668; x_wconf 90' lang='lat' dir='ltr'><strong>l&#39;esto</strong></span> <span class='ocrx_word' id='word_1_388' title='bbox 1374 3613 1741 3667; x_wconf 87' lang='lat' dir='ltr'><strong>celebramus.</strong></span> <span class='ocrx_word' id='word_1_389' title='bbox 1798 3608 2004 3664; x_wconf 82' lang='lat' dir='ltr'><strong>Verum</strong></span> 
     </span>
    </p>
   </div>
   <div class='ocr_carea' id='block_1_58' title="bbox 423 3701 2004 3786">
    <p class='ocr_par' dir='ltr' id='par_1_58' title="bbox 423 3701 2004 3786">
     <span class='ocr_line' id='line_1_58' title="bbox 423 3701 2004 3786; baseline 0.003 -34"><span class='ocrx_word' id='word_1_390' title='bbox 423 3701 600 3768; x_wconf 83' lang='lat' dir='ltr'><strong>primo</strong></span> <span class='ocrx_word' id='word_1_391' title='bbox 626 3703 870 3773; x_wconf 66' lang='lat' dir='ltr'><strong>quidem,</strong></span> <span class='ocrx_word' id='word_1_392' title='bbox 905 3703 1171 3786; x_wconf 66' lang='lat' dir='ltr'><strong>obscure;</strong></span> <span class='ocrx_word' id='word_1_393' title='bbox 1205 3704 1420 3768; x_wconf 91' lang='lat' dir='ltr'><strong>deinde,</strong></span> <span class='ocrx_word' id='word_1_394' title='bbox 1448 3704 1800 3773; x_wconf 84' lang='lat' dir='ltr'><strong>expressius;</strong></span> <span class='ocrx_word' id='word_1_395' title='bbox 1853 3717 2004 3757; x_wconf 88' lang='lat' dir='ltr'><strong>nunc</strong></span> 
     </span>
    </p>
   </div>
   <div class='ocr_carea' id='block_1_59' title="bbox 424 3793 2003 3866">
    <p class='ocr_par' dir='ltr' id='par_1_59' title="bbox 424 3793 2003 3866">
     <span class='ocr_line' id='line_1_59' title="bbox 424 3793 2003 3866; baseline 0.002 -23"><span class='ocrx_word' id='word_1_396' title='bbox 424 3807 577 3858; x_wconf 90' lang='lat' dir='ltr'><strong>vero,</strong></span> <span class='ocrx_word' id='word_1_397' title='bbox 628 3793 949 3863; x_wconf 81' lang='lat' dir='ltr'><strong>perfectius,</strong></span> <span class='ocrx_word' id='word_1_398' title='bbox 984 3803 1171 3864; x_wconf 89' lang='lat' dir='ltr'><strong>utpote</strong></span> <span class='ocrx_word' id='word_1_399' title='bbox 1217 3796 1312 3866; x_wconf 93' lang='lat' dir='ltr'><strong>qui</strong></span> <span class='ocrx_word' id='word_1_400' title='bbox 1377 3810 1485 3849; x_wconf 93' lang='lat' dir='ltr'><strong>non</strong></span> <span class='ocrx_word' id='word_1_401' title='bbox 1533 3794 1645 3864; x_wconf 88' lang='lat' dir='ltr'><strong>jam</strong></span> <span class='ocrx_word' id='word_1_402' title='bbox 1684 3795 2003 3863; x_wconf 77' lang='lat' dir='ltr'><strong>operatimte</strong></span> 
     </span>
    </p>
   </div>
   <div class='ocr_carea' id='block_1_60' title="bbox 422 3882 2000 3955">
    <p class='ocr_par' dir='ltr' id='par_1_60' title="bbox 422 3882 2000 3955">
     <span class='ocr_line' id='line_1_60' title="bbox 422 3882 2000 3955; baseline -0.001 -19"><span class='ocrx_word' id='word_1_403' title='bbox 422 3883 537 3937; x_wconf 77' lang='lat' dir='ltr'><strong>sola</strong></span> <span class='ocrx_word' id='word_1_404' title='bbox 561 3900 801 3954; x_wconf 77' lang='lat' dir='ltr'><strong>praesens</strong></span> <span class='ocrx_word' id='word_1_405' title='bbox 842 3886 934 3950; x_wconf 91' lang='lat' dir='ltr'><strong>sit,</strong></span> <span class='ocrx_word' id='word_1_406' title='bbox 965 3897 1022 3940; x_wconf 89' lang='lat' dir='ltr'><strong>ut</strong></span> <span class='ocrx_word' id='word_1_407' title='bbox 1048 3887 1219 3955; x_wconf 88' lang='lat' dir='ltr'><strong>prius,</strong></span> <span class='ocrx_word' id='word_1_408' title='bbox 1249 3885 1341 3941; x_wconf 89' lang='lat' dir='ltr'><strong>sed</strong></span> <span class='ocrx_word' id='word_1_409' title='bbox 1380 3885 1685 3948; x_wconf 88' lang='lat' dir='ltr'><strong>essentiali,</strong></span> <span class='ocrx_word' id='word_1_410' title='bbox 1717 3893 1776 3937; x_wconf 95' lang='lat' dir='ltr'><strong>ut</strong></span> <span class='ocrx_word' id='word_1_411' title='bbox 1815 3884 1895 3937; x_wconf 93' lang='lat' dir='ltr'><strong>sic</strong></span> <span class='ocrx_word' id='word_1_412' title='bbox 1920 3882 2000 3935; x_wconf 92' lang='lat' dir='ltr'><strong>lo-</strong></span> 
     </span>
    </p>
   </div>
   <div class='ocr_carea' id='block_1_61' title="bbox 2095 2054 3689 2133">
    <p class='ocr_par' dir='ltr' id='par_1_61' title="bbox 2095 2054 3689 2133">
     <span class='ocr_line' id='line_1_61' title="bbox 2095 2054 3689 2133; baseline -0.001 -19"><span class='ocrx_word' id='word_1_413' title='bbox 2095 2059 2335 2131; x_wconf 81' lang='grc' dir='ltr'>Χριστοῦ</span> <span class='ocrx_word' id='word_1_414' title='bbox 2370 2060 2642 2131; x_wconf 84' lang='grc' dir='ltr'>μαθηταῖς</span> <span class='ocrx_word' id='word_1_415' title='bbox 2660 2059 2758 2131; x_wconf 87' lang='grc' dir='ltr'>(ἐῶ</span> <span class='ocrx_word' id='word_1_416' title='bbox 2781 2062 2891 2132; x_wconf 81' lang='grc' dir='ltr'>γὰρ</span> <span class='ocrx_word' id='word_1_417' title='bbox 2913 2062 3151 2133; x_wconf 72' lang='grc' dir='ltr'>Χριστὸν</span> <span class='ocrx_word' id='word_1_418' title='bbox 3170 2063 3367 2128; x_wconf 83' lang='grc' dir='ltr'>εἰπεῖν,</span> <span class='ocrx_word' id='word_1_419' title='bbox 3395 2054 3442 2129; x_wconf 83' lang='grc' dir='ltr'>ᾧ</span> <span class='ocrx_word' id='word_1_420' title='bbox 3478 2063 3689 2133; x_wconf 80' lang='grc' dir='ltr'>παρῆν,</span> 
     </span>
    </p>
   </div>
   <div class='ocr_carea' id='block_1_62' title="bbox 2097 2150 3689 2224">
    <p class='ocr_par' dir='ltr' id='par_1_62' title="bbox 2097 2150 3689 2224">
     <span class='ocr_line' id='line_1_62' title="bbox 2097 2150 3689 2224; baseline 0.001 -21"><span class='ocrx_word' id='word_1_421' title='bbox 2097 2150 2282 2220; x_wconf 86' lang='grc' dir='ltr'>ούχὼς</span> <span class='ocrx_word' id='word_1_422' title='bbox 2312 2150 2588 2221; x_wconf 78' lang='grc' dir='ltr'>ἐνεργοῦν,</span> <span class='ocrx_word' id='word_1_423' title='bbox 2620 2150 2733 2204; x_wconf 81' lang='grc' dir='ltr'>ἀλλ’</span> <span class='ocrx_word' id='word_1_424' title='bbox 2756 2151 2831 2216; x_wconf 87' lang='grc' dir='ltr'>ὡς</span> <span class='ocrx_word' id='word_1_425' title='bbox 2861 2151 3110 2223; x_wconf 83' lang='grc' dir='ltr'>ὁμοτίμῳ</span> <span class='ocrx_word' id='word_1_426' title='bbox 3129 2151 3689 2224; x_wconf 78' lang='grc' dir='ltr'>συμπαρομαρτοῦν)ο</span> 
     </span>
    </p>
   </div>
   <div class='ocr_carea' id='block_1_63' title="bbox 2097 2238 3695 2315">
    <p class='ocr_par' dir='ltr' id='par_1_63' title="bbox 2097 2238 3695 2315">
     <span class='ocr_line' id='line_1_63' title="bbox 2097 2238 3695 2315; baseline 0 -20"><span class='ocrx_word' id='word_1_427' title='bbox 2097 2242 2193 2295; x_wconf 78' lang='grc' dir='ltr'>καὶ</span> <span class='ocrx_word' id='word_1_428' title='bbox 2204 2242 2410 2307; x_wconf 81' lang='grc' dir='ltr'>τούτοις</span> <span class='ocrx_word' id='word_1_429' title='bbox 2425 2241 2681 2315; x_wconf 88' lang='grc' dir='ltr'>τρισσῶς,</span> <span class='ocrx_word' id='word_1_430' title='bbox 2704 2244 2827 2297; x_wconf 80' lang='grc' dir='ltr'>καθ’</span> <span class='ocrx_word' id='word_1_431' title='bbox 2851 2244 2974 2297; x_wconf 84' lang='grc' dir='ltr'>ὅσον</span> <span class='ocrx_word' id='word_1_432' title='bbox 2994 2238 3097 2297; x_wconf 64' lang='grc' dir='ltr'>οἷοί</span> <span class='ocrx_word' id='word_1_433' title='bbox 3122 2260 3183 2297; x_wconf 86' lang='grc' dir='ltr'><strong>τε</strong></span> <span class='ocrx_word' id='word_1_434' title='bbox 3198 2240 3336 2315; x_wconf 81' lang='grc' dir='ltr'>ἦσαν</span> <span class='ocrx_word' id='word_1_435' title='bbox 3359 2246 3577 2315; x_wconf 83' lang='grc' dir='ltr'>χωρεῖν,</span> <span class='ocrx_word' id='word_1_436' title='bbox 3592 2244 3695 2297; x_wconf 64' lang='grc' dir='ltr'>καὶ.</span> 
     </span>
    </p>
   </div>
   <div class='ocr_carea' id='block_1_64' title="bbox 2097 2333 3689 2405">
    <p class='ocr_par' dir='ltr' id='par_1_64' title="bbox 2097 2333 3689 2405">
     <span class='ocr_line' id='line_1_64' title="bbox 2097 2333 3689 2405; baseline 0.001 -19"><span class='ocrx_word' id='word_1_437' title='bbox 2097 2333 2240 2387; x_wconf 84' lang='grc' dir='ltr'><strong>κατὰ</strong></span> <span class='ocrx_word' id='word_1_438' title='bbox 2258 2334 2481 2404; x_wconf 77' lang='grc' dir='ltr'>καιροὺς</span> <span class='ocrx_word' id='word_1_439' title='bbox 2491 2336 2657 2405; x_wconf 78' lang='grc' dir='ltr'>τρείςο</span> <span class='ocrx_word' id='word_1_440' title='bbox 2675 2333 2806 2405; x_wconf 75' lang='grc' dir='ltr'>πρὶν</span> <span class='ocrx_word' id='word_1_441' title='bbox 2827 2333 3142 2405; x_wconf 81' lang='grc' dir='ltr'>δοξασθῆναι</span> <span class='ocrx_word' id='word_1_442' title='bbox 3160 2333 3481 2405; x_wconf 79' lang='grc' dir='ltr'>Χριστὸντῷ</span> <span class='ocrx_word' id='word_1_443' title='bbox 3493 2334 3689 2387; x_wconf 67' lang='lat' dir='ltr'><strong>usos.-</strong></span> 
     </span>
    </p>
   </div>
   <div class='ocr_carea' id='block_1_65' title="bbox 2097 2425 3695 2499">
    <p class='ocr_par' dir='ltr' id='par_1_65' title="bbox 2097 2425 3695 2499">
     <span class='ocr_line' id='line_1_65' title="bbox 2097 2425 3695 2499; baseline 0.002 -21"><span class='ocrx_word' id='word_1_444' title='bbox 2097 2426 2236 2497; x_wconf 85' lang='grc' dir='ltr'>μετὰ</span> <span class='ocrx_word' id='word_1_445' title='bbox 2254 2426 2314 2479; x_wconf 82' lang='grc' dir='ltr'><strong>τὸ</strong></span> <span class='ocrx_word' id='word_1_446' title='bbox 2328 2426 2649 2498; x_wconf 79' lang='grc' dir='ltr'>δοξασθῆναι</span> <span class='ocrx_word' id='word_1_447' title='bbox 2666 2429 2732 2498; x_wconf 81' lang='grc' dir='ltr'>τῇ</span> <span class='ocrx_word' id='word_1_448' title='bbox 2749 2426 3065 2482; x_wconf 83' lang='grc' dir='ltr'>Ἀναστάσει</span> <span class='ocrx_word' id='word_1_449' title='bbox 3083 2425 3191 2498; x_wconf 88' lang='grc'><strong>(68)</strong></span> <span class='ocrx_word' id='word_1_450' title='bbox 3210 2444 3223 2458; x_wconf 90' lang='grc'><strong>·</strong></span> <span class='ocrx_word' id='word_1_451' title='bbox 3232 2426 3370 2492; x_wconf 83' lang='grc' dir='ltr'>μετὰ</span> <span class='ocrx_word' id='word_1_452' title='bbox 3388 2426 3484 2499; x_wconf 78' lang='grc' dir='ltr'>τὴν</span> <span class='ocrx_word' id='word_1_453' title='bbox 3500 2429 3581 2491; x_wconf 79' lang='grc' dir='ltr'><strong>εἰς</strong></span> <span class='ocrx_word' id='word_1_454' title='bbox 3598 2429 3695 2481; x_wconf 81' lang='grc' dir='ltr'>οὐ·</span> 
     </span>
    </p>
   </div>
   <div class='ocr_carea' id='block_1_66' title="bbox 2101 2517 3692 2590">
    <p class='ocr_par' dir='ltr' id='par_1_66' title="bbox 2101 2517 3692 2590">
     <span class='ocr_line' id='line_1_66' title="bbox 2101 2517 3692 2590; baseline 0.002 -20"><span class='ocrx_word' id='word_1_455' title='bbox 2101 2517 2613 2587; x_wconf 79' lang='grc' dir='ltr'>ρανοὺςἈνὰϐασιν,</span> <span class='ocrx_word' id='word_1_456' title='bbox 2642 2517 2676 2585; x_wconf 84' lang='grc' dir='ltr'>ἢ</span> <span class='ocrx_word' id='word_1_457' title='bbox 2696 2517 3208 2590; x_wconf 79' lang='grc' dir='ltr'>ἀποκατάστασιν,ἢ</span> <span class='ocrx_word' id='word_1_458' title='bbox 3229 2519 3258 2571; x_wconf 86' lang='grc' dir='ltr'><strong>ὅ</strong></span> <span class='ocrx_word' id='word_1_459' title='bbox 3285 2535 3336 2571; x_wconf 91' lang='grc' dir='ltr'><strong>τι</strong></span> <span class='ocrx_word' id='word_1_460' title='bbox 3353 2519 3457 2589; x_wconf 82' lang='grc' dir='ltr'><strong>χρὴ</strong></span> <span class='ocrx_word' id='word_1_461' title='bbox 3486 2518 3692 2586; x_wconf 79' lang='grc' dir='ltr'>λέγειν.</span> 
     </span>
    </p>
   </div>
   <div class='ocr_carea' id='block_1_67' title="bbox 2098 2606 3693 2681">
    <p class='ocr_par' dir='ltr' id='par_1_67' title="bbox 2098 2606 3693 2681">
     <span class='ocr_line' id='line_1_67' title="bbox 2098 2606 3693 2681; baseline 0.001 -21"><span class='ocrx_word' id='word_1_462' title='bbox 2098 2607 2259 2678; x_wconf 86' lang='grc' dir='ltr'>Δηλοῖ</span> <span class='ocrx_word' id='word_1_463' title='bbox 2286 2608 2341 2661; x_wconf 83' lang='grc' dir='ltr'>δὲ</span> <span class='ocrx_word' id='word_1_464' title='bbox 2369 2609 2403 2680; x_wconf 80' lang='grc' dir='ltr'>ἡ</span> <span class='ocrx_word' id='word_1_465' title='bbox 2441 2606 2633 2679; x_wconf 86' lang='grc' dir='ltr'>πρώτη</span> <span class='ocrx_word' id='word_1_466' title='bbox 2656 2608 2764 2662; x_wconf 87' lang='grc' dir='ltr'><strong>τῶν</strong></span> <span class='ocrx_word' id='word_1_467' title='bbox 2785 2609 2976 2673; x_wconf 87' lang='grc' dir='ltr'>νόσων,</span> <span class='ocrx_word' id='word_1_468' title='bbox 3016 2609 3111 2662; x_wconf 76' lang='grc' dir='ltr'>καὶ</span> <span class='ocrx_word' id='word_1_469' title='bbox 3137 2611 3171 2681; x_wconf 89' lang='grc' dir='ltr'><strong>ἡ</strong></span> <span class='ocrx_word' id='word_1_470' title='bbox 3204 2609 3313 2663; x_wconf 85' lang='grc' dir='ltr'><strong>τῶν</strong></span> <span class='ocrx_word' id='word_1_471' title='bbox 3354 2610 3693 2680; x_wconf 83' lang='grc' dir='ltr'>πνευμάτων</span> 
     </span>
    </p>
   </div>
   <div class='ocr_carea' id='block_1_68' title="bbox 2098 2698 3692 2772">
    <p class='ocr_par' dir='ltr' id='par_1_68' title="bbox 2098 2698 3692 2772">
     <span class='ocr_line' id='line_1_68' title="bbox 2098 2698 3692 2772; baseline 0.001 -20"><span class='ocrx_word' id='word_1_472' title='bbox 2098 2699 2397 2771; x_wconf 83' lang='grc' dir='ltr'>κάθαρσις,</span> <span class='ocrx_word' id='word_1_473' title='bbox 2433 2700 2533 2752; x_wconf 79' lang='grc' dir='ltr'>οὐκ</span> <span class='ocrx_word' id='word_1_474' title='bbox 2586 2699 2714 2753; x_wconf 76' lang='grc' dir='ltr'>ἄνευ</span> <span class='ocrx_word' id='word_1_475' title='bbox 2764 2698 3089 2769; x_wconf 84' lang='grc' dir='ltr'>Πνεύματος</span> <span class='ocrx_word' id='word_1_476' title='bbox 3145 2700 3346 2772; x_wconf 83' lang='grc' dir='ltr'>δηλαδὴ</span> <span class='ocrx_word' id='word_1_477' title='bbox 3377 2700 3692 2771; x_wconf 62' lang='grc' dir='ltr'>γενομέντγ</span> 
     </span>
    </p>
   </div>
   <div class='ocr_carea' id='block_1_69' title="bbox 2099 2789 3695 2862">
    <p class='ocr_par' dir='ltr' id='par_1_69' title="bbox 2099 2789 3695 2862">
     <span class='ocr_line' id='line_1_69' title="bbox 2099 2789 3695 2862; baseline -0.001 -18"><span class='ocrx_word' id='word_1_478' title='bbox 2099 2791 2195 2844; x_wconf 79' lang='grc' dir='ltr'><strong>καὶ</strong></span> <span class='ocrx_word' id='word_1_479' title='bbox 2217 2791 2278 2843; x_wconf 89' lang='grc' dir='ltr'><strong>τὸ</strong></span> <span class='ocrx_word' id='word_1_480' title='bbox 2304 2790 2442 2861; x_wconf 82' lang='grc' dir='ltr'>μετὰ</span> <span class='ocrx_word' id='word_1_481' title='bbox 2467 2789 2568 2861; x_wconf 85' lang='grc' dir='ltr'>τὴν</span> <span class='ocrx_word' id='word_1_482' title='bbox 2599 2790 2912 2862; x_wconf 84' lang='grc' dir='ltr'>οἰκονομίαν</span> <span class='ocrx_word' id='word_1_483' title='bbox 2937 2790 3263 2862; x_wconf 82' lang='grc' dir='ltr'>ἐμφύσημα,</span> <span class='ocrx_word' id='word_1_484' title='bbox 3288 2790 3474 2860; x_wconf 83' lang='grc' dir='ltr'>σαφῶς</span> <span class='ocrx_word' id='word_1_485' title='bbox 3501 2791 3561 2844; x_wconf 81' lang='grc' dir='ltr'>ὃν</span> <span class='ocrx_word' id='word_1_486' title='bbox 3589 2790 3695 2859; x_wconf 77' lang='grc' dir='ltr'>ἒμ-</span> 
     </span>
    </p>
   </div>
   <div class='ocr_carea' id='block_1_70' title="bbox 2100 2882 3697 2955">
    <p class='ocr_par' dir='ltr' id='par_1_70' title="bbox 2100 2882 3697 2955">
     <span class='ocr_line' id='line_1_70' title="bbox 2100 2882 3697 2955; baseline -0.001 -18"><span class='ocrx_word' id='word_1_487' title='bbox 2100 2900 2327 2946; x_wconf 85' lang='grc' dir='ltr'>πνευσις</span> <span class='ocrx_word' id='word_1_488' title='bbox 2352 2882 2602 2953; x_wconf 81' lang='grc' dir='ltr'>θειοτέρα</span> <span class='ocrx_word' id='word_1_489' title='bbox 2625 2900 2635 2913; x_wconf 85' lang='grc'><em>’</em></span> <span class='ocrx_word' id='word_1_490' title='bbox 2661 2882 2758 2937; x_wconf 75' lang='grc' dir='ltr'><strong>καὶ</strong></span> <span class='ocrx_word' id='word_1_491' title='bbox 2790 2885 2818 2936; x_wconf 92' lang='grc' dir='ltr'><strong>ὁ</strong></span> <span class='ocrx_word' id='word_1_492' title='bbox 2839 2883 2934 2937; x_wconf 91' lang='grc' dir='ltr'><strong>νῦν</strong></span> <span class='ocrx_word' id='word_1_493' title='bbox 2973 2884 3242 2954; x_wconf 86' lang='grc' dir='ltr'>μερισμὸς</span> <span class='ocrx_word' id='word_1_494' title='bbox 3285 2883 3395 2936; x_wconf 87' lang='grc' dir='ltr'><strong>τῶν</strong></span> <span class='ocrx_word' id='word_1_495' title='bbox 3441 2884 3697 2955; x_wconf 82' lang='grc' dir='ltr'>πυρίνων</span> 
     </span>
    </p>
   </div>
   <div class='ocr_carea' id='block_1_71' title="bbox 2098 2970 3696 3044">
    <p class='ocr_par' dir='ltr' id='par_1_71' title="bbox 2098 2970 3696 3044">
     <span class='ocr_line' id='line_1_71' title="bbox 2098 2970 3696 3044; baseline -0.001 -18"><span class='ocrx_word' id='word_1_496' title='bbox 2098 2973 2383 3042; x_wconf 84' lang='grc' dir='ltr'>γλωσσῶν,</span> <span class='ocrx_word' id='word_1_497' title='bbox 2430 2973 2458 3026; x_wconf 87' lang='grc' dir='ltr'><strong>ὂ</strong></span> <span class='ocrx_word' id='word_1_498' title='bbox 2499 2974 2594 3027; x_wconf 72' lang='grc' dir='ltr'><strong>καὶ</strong></span> <span class='ocrx_word' id='word_1_499' title='bbox 2630 2970 3078 3044; x_wconf 75' lang='grc' dir='ltr'>πανηγυρίζομεν</span> <span class='ocrx_word' id='word_1_500' title='bbox 3102 2973 3238 3044; x_wconf 83' lang='grc'>(69).</span> <span class='ocrx_word' id='word_1_501' title='bbox 3285 2971 3445 3026; x_wconf 81' lang='grc' dir='ltr'>Ἀλλὰ</span> <span class='ocrx_word' id='word_1_502' title='bbox 3485 2972 3547 3026; x_wconf 85' lang='grc' dir='ltr'><strong>τὸ</strong></span> <span class='ocrx_word' id='word_1_503' title='bbox 3590 2973 3696 3041; x_wconf 80' lang='grc' dir='ltr'>μὲν</span> 
     </span>
    </p>
   </div>
   <div class='ocr_carea' id='block_1_72' title="bbox 2102 3063 3699 3137">
    <p class='ocr_par' dir='ltr' id='par_1_72' title="bbox 2102 3063 3699 3137">
     <span class='ocr_line' id='line_1_72' title="bbox 2102 3063 3699 3137; baseline 0.001 -21"><span class='ocrx_word' id='word_1_504' title='bbox 2102 3064 2339 3136; x_wconf 83' lang='grc' dir='ltr'>πρῶτον,</span> <span class='ocrx_word' id='word_1_505' title='bbox 2368 3063 2626 3135; x_wconf 87' lang='grc' dir='ltr'>ἀμυδρῶς</span> <span class='ocrx_word' id='word_1_506' title='bbox 2645 3080 2660 3097; x_wconf 76' lang='grc' dir='ltr'><strong>ο</strong></span> <span class='ocrx_word' id='word_1_507' title='bbox 2688 3065 2749 3118; x_wconf 84' lang='grc' dir='ltr'><strong>τὸ</strong></span> <span class='ocrx_word' id='word_1_508' title='bbox 2772 3065 2830 3117; x_wconf 86' lang='grc' dir='ltr'>δὲ</span> <span class='ocrx_word' id='word_1_509' title='bbox 2862 3064 3138 3137; x_wconf 87' lang='grc' dir='ltr'>δεύτερον,</span> <span class='ocrx_word' id='word_1_510' title='bbox 3176 3063 3557 3136; x_wconf 81' lang='grc' dir='ltr'>ἐκτυπώτερον</span> <span class='ocrx_word' id='word_1_511' title='bbox 3584 3082 3598 3095; x_wconf 73' lang='grc' dir='ltr'><strong>ο</strong></span> <span class='ocrx_word' id='word_1_512' title='bbox 3627 3065 3699 3118; x_wconf 72' lang='grc' dir='ltr'>τὸ</span> 
     </span>
    </p>
   </div>
   <div class='ocr_carea' id='block_1_73' title="bbox 2102 3154 3695 3229">
    <p class='ocr_par' dir='ltr' id='par_1_73' title="bbox 2102 3154 3695 3229">
     <span class='ocr_line' id='line_1_73' title="bbox 2102 3154 3695 3229; baseline -0.001 -19"><span class='ocrx_word' id='word_1_513' title='bbox 2102 3154 2159 3210; x_wconf 78' lang='grc' dir='ltr'>δὲ</span> <span class='ocrx_word' id='word_1_514' title='bbox 2190 3156 2305 3220; x_wconf 91' lang='grc' dir='ltr'>νῦν,</span> <span class='ocrx_word' id='word_1_515' title='bbox 2344 3156 2689 3228; x_wconf 82' lang='grc' dir='ltr'>τελεώτερον,</span> <span class='ocrx_word' id='word_1_516' title='bbox 2720 3158 2821 3210; x_wconf 83' lang='grc' dir='ltr'><strong>οὐκ</strong></span> <span class='ocrx_word' id='word_1_517' title='bbox 2851 3156 2932 3210; x_wconf 79' lang='grc' dir='ltr'><strong>ἔτι</strong></span> <span class='ocrx_word' id='word_1_518' title='bbox 2962 3156 3211 3229; x_wconf 77' lang='grc' dir='ltr'>ἐνεργείᾳ</span> <span class='ocrx_word' id='word_1_519' title='bbox 3237 3157 3443 3229; x_wconf 85' lang='grc' dir='ltr'>παρὸν,</span> <span class='ocrx_word' id='word_1_520' title='bbox 3472 3156 3549 3219; x_wconf 84' lang='grc' dir='ltr'>ὡς</span> <span class='ocrx_word' id='word_1_521' title='bbox 3576 3155 3695 3228; x_wconf 84' lang='grc'>(70)</span> 
     </span>
    </p>
   </div>
   <div class='ocr_carea' id='block_1_74' title="bbox 2101 3246 3697 3321">
    <p class='ocr_par' dir='ltr' id='par_1_74' title="bbox 2101 3246 3697 3321">
     <span class='ocr_line' id='line_1_74' title="bbox 2101 3246 3697 3321; baseline -0.001 -21"><span class='ocrx_word' id='word_1_522' title='bbox 2101 3246 2388 3321; x_wconf 82' lang='grc' dir='ltr'>πρότερον,</span> <span class='ocrx_word' id='word_1_523' title='bbox 2419 3248 2695 3311; x_wconf 80' lang='grc' dir='ltr'>οὐσιωδῶς</span> <span class='ocrx_word' id='word_1_524' title='bbox 2722 3248 2799 3312; x_wconf 88' lang='grc' dir='ltr'><strong>δέ,</strong></span> <span class='ocrx_word' id='word_1_525' title='bbox 2829 3248 2905 3313; x_wconf 84' lang='grc' dir='ltr'>ὡς</span> <span class='ocrx_word' id='word_1_526' title='bbox 2941 3248 3006 3302; x_wconf 85' lang='grc' dir='ltr'>ἂν</span> <span class='ocrx_word' id='word_1_527' title='bbox 3035 3248 3180 3301; x_wconf 79' lang='grc' dir='ltr'>εἴποι</span> <span class='ocrx_word' id='word_1_528' title='bbox 3226 3266 3331 3315; x_wconf 87' lang='grc' dir='ltr'>τις,</span> <span class='ocrx_word' id='word_1_529' title='bbox 3367 3248 3697 3317; x_wconf 85' lang='grc' dir='ltr'>συγγινόμε-</span> 
     </span>
    </p>
   </div>
   <div class='ocr_carea' id='block_1_75' title="bbox 2100 3335 3699 3408">
    <p class='ocr_par' dir='ltr' id='par_1_75' title="bbox 2100 3335 3699 3408">
     <span class='ocr_line' id='line_1_75' title="bbox 2100 3335 3699 3408; baseline -0.002 -17"><span class='ocrx_word' id='word_1_530' title='bbox 2100 3338 2189 3391; x_wconf 89' lang='grc' dir='ltr'><strong>νόν</strong></span> <span class='ocrx_word' id='word_1_531' title='bbox 2222 3354 2281 3390; x_wconf 89' lang='grc' dir='ltr'><strong>τε</strong></span> <span class='ocrx_word' id='word_1_532' title='bbox 2314 3338 2407 3390; x_wconf 70' lang='grc' dir='ltr'><strong>καὶ</strong></span> <span class='ocrx_word' id='word_1_533' title='bbox 2457 3336 3009 3408; x_wconf 85' lang='grc' dir='ltr'>συμπολιτευόμενον.</span> <span class='ocrx_word' id='word_1_534' title='bbox 3073 3338 3322 3408; x_wconf 74' lang='grc' dir='ltr'>Ἐπρεπε</span> <span class='ocrx_word' id='word_1_535' title='bbox 3369 3336 3501 3405; x_wconf 79' lang='grc' dir='ltr'>γὰρ,</span> <span class='ocrx_word' id='word_1_536' title='bbox 3555 3335 3699 3389; x_wconf 80' lang='grc' dir='ltr'>Υίοῦι</span> 
     </span>
    </p>
   </div>
   <div class='ocr_carea' id='block_1_76' title="bbox 2101 3426 3702 3498">
    <p class='ocr_par' dir='ltr' id='par_1_76' title="bbox 2101 3426 3702 3498">
     <span class='ocr_line' id='line_1_76' title="bbox 2101 3426 3702 3498; baseline -0.001 -18"><span class='ocrx_word' id='word_1_537' title='bbox 2101 3426 2427 3498; x_wconf 85' lang='grc' dir='ltr'>σωματικῶς</span> <span class='ocrx_word' id='word_1_538' title='bbox 2460 3429 2590 3498; x_wconf 81' lang='grc' dir='ltr'>ἡμῖν</span> <span class='ocrx_word' id='word_1_539' title='bbox 2629 3428 3014 3498; x_wconf 83' lang='grc' dir='ltr'>ὁμιλήσαντος,</span> <span class='ocrx_word' id='word_1_540' title='bbox 3047 3430 3141 3482; x_wconf 75' lang='grc' dir='ltr'>καὶ</span> <span class='ocrx_word' id='word_1_541' title='bbox 3165 3428 3298 3480; x_wconf 85' lang='grc' dir='ltr'>αὐτὸ</span> <span class='ocrx_word' id='word_1_542' title='bbox 3320 3427 3558 3496; x_wconf 77' lang='grc' dir='ltr'>φανῆναι</span> <span class='ocrx_word' id='word_1_543' title='bbox 3591 3443 3702 3479; x_wconf 84' lang='grc' dir='ltr'>σω-</span> 
     </span>
    </p>
   </div>
   <div class='ocr_carea' id='block_1_77' title="bbox 2104 3518 3697 3592">
    <p class='ocr_par' dir='ltr' id='par_1_77' title="bbox 2104 3518 3697 3592">
     <span class='ocr_line' id='line_1_77' title="bbox 2104 3518 3697 3592; baseline 0 -21"><span class='ocrx_word' id='word_1_544' title='bbox 2104 3518 2381 3588; x_wconf 85' lang='grc' dir='ltr'>ματικῶς·</span> <span class='ocrx_word' id='word_1_545' title='bbox 2420 3520 2513 3572; x_wconf 69' lang='grc' dir='ltr'>καὶ</span> <span class='ocrx_word' id='word_1_546' title='bbox 2554 3519 2790 3590; x_wconf 77' lang='grc' dir='ltr'>Χριστοῦ</span> <span class='ocrx_word' id='word_1_547' title='bbox 2839 3520 2975 3592; x_wconf 77' lang='grc' dir='ltr'>πρὸς</span> <span class='ocrx_word' id='word_1_548' title='bbox 3021 3520 3214 3573; x_wconf 79' lang='grc' dir='ltr'>ἑαυτὸν</span> <span class='ocrx_word' id='word_1_549' title='bbox 3267 3518 3697 3583; x_wconf 85' lang='grc' dir='ltr'>ἐπανελθόντος,</span> 
     </span>
    </p>
   </div>
   <div class='ocr_carea' id='block_1_78' title="bbox 2103 3606 3697 3679">
    <p class='ocr_par' dir='ltr' id='par_1_78' title="bbox 2103 3606 3697 3679">
     <span class='ocr_line' id='line_1_78' title="bbox 2103 3606 3697 3679; baseline -0.001 -20"><span class='ocrx_word' id='word_1_550' title='bbox 2103 3608 2281 3661; x_wconf 85' lang='grc' dir='ltr'>ἐκεῖνο</span> <span class='ocrx_word' id='word_1_551' title='bbox 2309 3608 2446 3679; x_wconf 84' lang='grc' dir='ltr'>πρὸς</span> <span class='ocrx_word' id='word_1_552' title='bbox 2474 3608 2622 3679; x_wconf 79' lang='grc' dir='ltr'>ἡμᾶς</span> <span class='ocrx_word' id='word_1_553' title='bbox 2651 3608 2934 3662; x_wconf 79' lang='grc' dir='ltr'>κατελθεῖν</span> <span class='ocrx_word' id='word_1_554' title='bbox 2954 3625 2968 3641; x_wconf 77' lang='grc' dir='ltr'><strong>ο</strong></span> <span class='ocrx_word' id='word_1_555' title='bbox 2995 3607 3290 3679; x_wconf 78' lang='grc' dir='ltr'>ἐρχόμενον</span> <span class='ocrx_word' id='word_1_556' title='bbox 3335 3609 3432 3678; x_wconf 87' lang='grc' dir='ltr'><strong>μέν</strong></span> <span class='ocrx_word' id='word_1_557' title='bbox 3470 3607 3547 3670; x_wconf 84' lang='grc' dir='ltr'>ὡς</span> <span class='ocrx_word' id='word_1_558' title='bbox 3571 3606 3697 3660; x_wconf 82' lang='grc' dir='ltr'><strong>Κύ-</strong></span> 
     </span>
    </p>
   </div>
   <div class='ocr_carea' id='block_1_79' title="bbox 2105 3699 3705 3772">
    <p class='ocr_par' dir='ltr' id='par_1_79' title="bbox 2105 3699 3705 3772">
     <span class='ocr_line' id='line_1_79' title="bbox 2105 3699 3705 3772; baseline -0.001 -19"><span class='ocrx_word' id='word_1_559' title='bbox 2105 3716 2241 3770; x_wconf 88' lang='grc' dir='ltr'>ριον,</span> <span class='ocrx_word' id='word_1_560' title='bbox 2272 3699 2627 3770; x_wconf 86' lang='grc' dir='ltr'>πεμπόμενον</span> <span class='ocrx_word' id='word_1_561' title='bbox 2653 3701 2711 3754; x_wconf 82' lang='grc' dir='ltr'>δὲ</span> <span class='ocrx_word' id='word_1_562' title='bbox 2744 3700 2820 3764; x_wconf 87' lang='grc' dir='ltr'>ὡς</span> <span class='ocrx_word' id='word_1_563' title='bbox 2854 3701 2954 3754; x_wconf 81' lang='grc' dir='ltr'><strong>οὐκ</strong></span> <span class='ocrx_word' id='word_1_564' title='bbox 2991 3699 3257 3753; x_wconf 88' lang='grc' dir='ltr'>ἀντίθεον.</span> <span class='ocrx_word' id='word_1_565' title='bbox 3280 3701 3348 3752; x_wconf 78' lang='grc' dir='ltr'><strong>Αἱ</strong></span> <span class='ocrx_word' id='word_1_566' title='bbox 3371 3699 3482 3772; x_wconf 79' lang='grc' dir='ltr'><strong>γὰρ</strong></span> <span class='ocrx_word' id='word_1_567' title='bbox 3509 3700 3705 3752; x_wconf 82' lang='grc' dir='ltr'>τοιαῦ-</span> 
     </span>
    </p>
   </div>
   <div class='ocr_carea' id='block_1_80' title="bbox 2099 3786 3698 3863">
    <p class='ocr_par' dir='ltr' id='par_1_80' title="bbox 2099 3786 3698 3863">
     <span class='ocr_line' id='line_1_80' title="bbox 2099 3786 3698 3863; baseline 0.001 -21"><span class='ocrx_word' id='word_1_568' title='bbox 2099 3806 2190 3842; x_wconf 88' lang='grc' dir='ltr'><strong>ται</strong></span> <span class='ocrx_word' id='word_1_569' title='bbox 2236 3789 2413 3859; x_wconf 80' lang='grc' dir='ltr'>φωναὶ</span> <span class='ocrx_word' id='word_1_570' title='bbox 2468 3790 2568 3861; x_wconf 87' lang='grc' dir='ltr'>ούχ</span> <span class='ocrx_word' id='word_1_571' title='bbox 2596 3786 2759 3863; x_wconf 83' lang='grc' dir='ltr'>ἦττον</span> <span class='ocrx_word' id='word_1_572' title='bbox 2796 3791 2895 3863; x_wconf 85' lang='grc' dir='ltr'>τὴν</span> <span class='ocrx_word' id='word_1_573' title='bbox 2923 3790 3174 3862; x_wconf 88' lang='grc' dir='ltr'>ὁμόνοιαν</span> <span class='ocrx_word' id='word_1_574' title='bbox 3198 3790 3482 3861; x_wconf 79' lang='grc' dir='ltr'>δηλοῦσιν,</span> <span class='ocrx_word' id='word_1_575' title='bbox 3515 3791 3549 3862; x_wconf 84' lang='grc' dir='ltr'><strong>ἥ</strong></span> <span class='ocrx_word' id='word_1_576' title='bbox 3583 3791 3698 3861; x_wconf 83' lang='grc' dir='ltr'>φύ-</span> 
     </span>
    </p>
   </div>
   <div class='ocr_carea' id='block_1_81' title="bbox 2101 3882 3459 3954">
    <p class='ocr_par' dir='ltr' id='par_1_81' title="bbox 2101 3882 3459 3954">
     <span class='ocr_line' id='line_1_81' title="bbox 2101 3882 3459 3954; baseline 0.007 -20"><span class='ocrx_word' id='word_1_577' title='bbox 2101 3898 2216 3946; x_wconf 85' lang='grc' dir='ltr'>σεις</span> <span class='ocrx_word' id='word_1_578' title='bbox 2250 3882 2364 3954; x_wconf 84' lang='grc'>(71)</span> <span class='ocrx_word' id='word_1_579' title='bbox 2389 3883 2734 3954; x_wconf 79' lang='grc' dir='ltr'>χωρίζουσιν.</span> <span class='ocrx_word' id='word_1_580' title='bbox 3445 3894 3459 3903; x_wconf 87' lang='grc'><strong>’</strong></span> 
     </span>
    </p>
   </div>
   <div class='ocr_carea' id='block_1_82' title="bbox 420 3972 3677 4046">
    <p class='ocr_par' dir='ltr' id='par_1_82' title="bbox 420 3972 3677 4046">
     <span class='ocr_line' id='line_1_82' title="bbox 420 3972 3677 4046; baseline 0.001 -17"><span class='ocrx_word' id='word_1_581' title='bbox 420 3991 581 4045; x_wconf 85' lang='lat' dir='ltr'><strong>quar,</strong></span> <span class='ocrx_word' id='word_1_582' title='bbox 611 3979 771 4031; x_wconf 90' lang='lat' dir='ltr'><strong>modo</strong></span> <span class='ocrx_word' id='word_1_583' title='bbox 801 3977 959 4043; x_wconf 89' lang='lat' dir='ltr'><strong>adsit,</strong></span> <span class='ocrx_word' id='word_1_584' title='bbox 1018 3978 1289 4046; x_wconf 84' lang='lat' dir='ltr'><strong>simulque</strong></span> <span class='ocrx_word' id='word_1_585' title='bbox 1345 3988 1615 4032; x_wconf 83' lang='lat' dir='ltr'><strong>versetur.</strong></span> <span class='ocrx_word' id='word_1_586' title='bbox 1671 3975 1804 4030; x_wconf 86' lang='lat' dir='ltr'><strong>Nam</strong></span> <span class='ocrx_word' id='word_1_587' title='bbox 1849 3990 1974 4030; x_wconf 90' lang='lat' dir='ltr'><strong>cum</strong></span> <span class='ocrx_word' id='word_1_588' title='bbox 2016 3972 2189 4029; x_wconf 84' lang='lat' dir='ltr'><strong>Filius</strong></span> <span class='ocrx_word' id='word_1_589' title='bbox 2255 3991 2582 4046; x_wconf 87' lang='lat' dir='ltr'><strong>corpoream</strong></span> <span class='ocrx_word' id='word_1_590' title='bbox 2623 3976 2908 4031; x_wconf 91' lang='lat' dir='ltr'><strong>nobiscum</strong></span> <span class='ocrx_word' id='word_1_591' title='bbox 2963 3975 3412 4031; x_wconf 87' lang='lat' dir='ltr'><strong>consuetudinem</strong></span> <span class='ocrx_word' id='word_1_592' title='bbox 3442 3976 3677 4031; x_wconf 83' lang='lat' dir='ltr'><strong>habuis-</strong></span> 
     </span>
    </p>
   </div>
   <div class='ocr_carea' id='block_1_83' title="bbox 424 4067 3694 4140">
    <p class='ocr_par' dir='ltr' id='par_1_83' title="bbox 424 4067 3694 4140">
     <span class='ocr_line' id='line_1_83' title="bbox 424 4067 3694 4140; baseline -0 -19"><span class='ocrx_word' id='word_1_593' title='bbox 424 4077 544 4131; x_wconf 89' lang='lat' dir='ltr'><strong>set,</strong></span> <span class='ocrx_word' id='word_1_594' title='bbox 608 4067 868 4138; x_wconf 85' lang='lat' dir='ltr'><strong>Spiritum</strong></span> <span class='ocrx_word' id='word_1_595' title='bbox 931 4083 1151 4137; x_wconf 85' lang='lat' dir='ltr'><strong>quoque</strong></span> <span class='ocrx_word' id='word_1_596' title='bbox 1215 4085 1480 4140; x_wconf 88' lang='lat' dir='ltr'><strong>corporeo</strong></span> <span class='ocrx_word' id='word_1_597' title='bbox 1541 4070 1703 4124; x_wconf 88' lang='lat' dir='ltr'><strong>modo</strong></span> <span class='ocrx_word' id='word_1_598' title='bbox 1738 4068 1888 4123; x_wconf 87' lang='lat' dir='ltr'><strong>cerni</strong></span> <span class='ocrx_word' id='word_1_599' title='bbox 1947 4067 2348 4137; x_wconf 80' lang='lat' dir='ltr'><strong>conveniebat;</strong></span> <span class='ocrx_word' id='word_1_600' title='bbox 2383 4079 2577 4124; x_wconf 90' lang='lat' dir='ltr'><strong>etcum</strong></span> <span class='ocrx_word' id='word_1_601' title='bbox 2621 4069 2871 4124; x_wconf 91' lang='lat' dir='ltr'><strong>Christus</strong></span> <span class='ocrx_word' id='word_1_602' title='bbox 2917 4069 2983 4124; x_wconf 88' lang='lat' dir='ltr'><strong>ad</strong></span> <span class='ocrx_word' id='word_1_603' title='bbox 3033 4084 3155 4125; x_wconf 88' lang='lat' dir='ltr'><strong>sese</strong></span> <span class='ocrx_word' id='word_1_604' title='bbox 3209 4084 3459 4124; x_wconf 87' lang='lat' dir='ltr'><strong>reversus</strong></span> <span class='ocrx_word' id='word_1_605' title='bbox 3514 4078 3694 4134; x_wconf 84' lang='lat' dir='ltr'><strong>esset,</strong></span> 
     </span>
    </p>
   </div>
   <div class='ocr_carea' id='block_1_84' title="bbox 424 4157 3697 4230">
    <p class='ocr_par' dir='ltr' id='par_1_84' title="bbox 424 4157 3697 4230">
     <span class='ocr_line' id='line_1_84' title="bbox 424 4157 3697 4230; baseline 0.001 -19"><span class='ocrx_word' id='word_1_606' title='bbox 424 4172 547 4213; x_wconf 90' lang='lat' dir='ltr'><strong>eum</strong></span> <span class='ocrx_word' id='word_1_607' title='bbox 579 4159 646 4211; x_wconf 90' lang='lat' dir='ltr'><strong>ad</strong></span> <span class='ocrx_word' id='word_1_608' title='bbox 684 4172 782 4213; x_wconf 90' lang='lat' dir='ltr'><strong>nos</strong></span> <span class='ocrx_word' id='word_1_609' title='bbox 808 4159 1143 4214; x_wconf 88' lang='lat' dir='ltr'><strong>descendere</strong></span> <span class='ocrx_word' id='word_1_610' title='bbox 1173 4160 1470 4230; x_wconf 88' lang='lat' dir='ltr'><strong>etquidem</strong></span> <span class='ocrx_word' id='word_1_611' title='bbox 1529 4159 1624 4225; x_wconf 86' lang='lat' dir='ltr'><strong>ita,</strong></span> <span class='ocrx_word' id='word_1_612' title='bbox 1658 4167 1716 4212; x_wconf 93' lang='lat' dir='ltr'><strong>ut</strong></span> <span class='ocrx_word' id='word_1_613' title='bbox 1746 4166 1822 4223; x_wconf 81' lang='lat' dir='ltr'><strong>et,</strong></span> <span class='ocrx_word' id='word_1_614' title='bbox 1881 4167 2139 4229; x_wconf 88' lang='lat' dir='ltr'><strong>tanquam</strong></span> <span class='ocrx_word' id='word_1_615' title='bbox 2204 4157 2485 4225; x_wconf 86' lang='lat' dir='ltr'><strong>Dominus,</strong></span> <span class='ocrx_word' id='word_1_616' title='bbox 2544 4160 2794 4227; x_wconf 85' lang='lat' dir='ltr'><strong>veniret,</strong></span> <span class='ocrx_word' id='word_1_617' title='bbox 2857 4167 2931 4226; x_wconf 88' lang='lat' dir='ltr'><strong>et,</strong></span> <span class='ocrx_word' id='word_1_618' title='bbox 2999 4168 3257 4228; x_wconf 89' lang='lat' dir='ltr'><strong>tanquam</strong></span> <span class='ocrx_word' id='word_1_619' title='bbox 3314 4159 3423 4214; x_wconf 89' lang='lat' dir='ltr'><strong>Deo</strong></span> <span class='ocrx_word' id='word_1_620' title='bbox 3479 4174 3697 4230; x_wconf 86' lang='lat' dir='ltr'><strong>nequa-</strong></span> 
     </span>
    </p>
   </div>
   <div class='ocr_carea' id='block_1_85' title="bbox 422 4241 3703 4324">
    <p class='ocr_par' dir='ltr' id='par_1_85' title="bbox 422 4241 3703 4324">
     <span class='ocr_line' id='line_1_85' title="bbox 422 4241 3703 4324; baseline 0.002 -19"><span class='ocrx_word' id='word_1_621' title='bbox 422 4266 583 4322; x_wconf 85' lang='lat' dir='ltr'><strong>quam</strong></span> <span class='ocrx_word' id='word_1_622' title='bbox 617 4252 920 4319; x_wconf 89' lang='lat' dir='ltr'><strong>oppositus,</strong></span> <span class='ocrx_word' id='word_1_623' title='bbox 948 4252 1275 4308; x_wconf 86' lang='lat' dir='ltr'><strong>mitteretur.</strong></span> <span class='ocrx_word' id='word_1_624' title='bbox 1304 4253 1521 4309; x_wconf 90' lang='lat' dir='ltr'><strong>Etenim</strong></span> <span class='ocrx_word' id='word_1_625' title='bbox 1584 4252 1895 4321; x_wconf 73' lang='lat' dir='ltr'><strong>huiusmodi</strong></span> <span class='ocrx_word' id='word_1_626' title='bbox 1955 4268 2115 4310; x_wconf 87' lang='lat' dir='ltr'><strong>voces</strong></span> <span class='ocrx_word' id='word_1_627' title='bbox 2180 4270 2292 4311; x_wconf 87' lang='lat' dir='ltr'><strong>non</strong></span> <span class='ocrx_word' id='word_1_628' title='bbox 2359 4255 2542 4310; x_wconf 89' lang='lat' dir='ltr'><strong>minus</strong></span> <span class='ocrx_word' id='word_1_629' title='bbox 2593 4254 2942 4310; x_wconf 87' lang='lat' dir='ltr'><strong>concordiam</strong></span> <span class='ocrx_word' id='word_1_630' title='bbox 2978 4241 3280 4321; x_wconf 79' lang='lat' dir='ltr'><strong>declarant,</strong></span> <span class='ocrx_word' id='word_1_631' title='bbox 3316 4270 3480 4324; x_wconf 89' lang='lat' dir='ltr'><strong>quam</strong></span> <span class='ocrx_word' id='word_1_632' title='bbox 3536 4267 3703 4311; x_wconf 81' lang='lat' dir='ltr'><strong>natu-</strong></span> 
     </span>
    </p>
   </div>
   <div class='ocr_carea' id='block_1_86' title="bbox 421 4337 901 4395">
    <p class='ocr_par' dir='ltr' id='par_1_86' title="bbox 421 4337 901 4395">
     <span class='ocr_line' id='line_1_86' title="bbox 421 4337 901 4395; baseline -0.002 -1"><span class='ocrx_word' id='word_1_633' title='bbox 421 4354 537 4395; x_wconf 77' lang='lat' dir='ltr'><strong>ram</strong></span> <span class='ocrx_word' id='word_1_634' title='bbox 571 4337 901 4393; x_wconf 89' lang='lat' dir='ltr'><strong>distrahunt.</strong></span> 
     </span>
    </p>
   </div>
   <div class='ocr_carea' id='block_1_87' title="bbox 499 4429 2073 4500">
    <p class='ocr_par' dir='ltr' id='par_1_87' title="bbox 499 4429 2073 4500">
     <span class='ocr_line' id='line_1_87' title="bbox 499 4429 2073 4500; baseline 0.001 -16"><span class='ocrx_word' id='word_1_635' title='bbox 499 4429 613 4485; x_wconf 79' lang='lat' dir='ltr'><strong>XII.</strong></span> <span class='ocrx_word' id='word_1_636' title='bbox 645 4431 873 4495; x_wconf 89' lang='lat' dir='ltr'><strong>Idcirco,</strong></span> <span class='ocrx_word' id='word_1_637' title='bbox 911 4441 1033 4500; x_wconf 92' lang='lat' dir='ltr'><strong>post</strong></span> <span class='ocrx_word' id='word_1_638' title='bbox 1058 4431 1336 4487; x_wconf 85' lang='lat' dir='ltr'><strong>Christum</strong></span> <span class='ocrx_word' id='word_1_639' title='bbox 1366 4429 1585 4499; x_wconf 88' lang='lat' dir='ltr'><strong>quidem</strong></span> <span class='ocrx_word' id='word_1_640' title='bbox 1635 4432 1866 4498; x_wconf 86' lang='lat' dir='ltr'><strong>accedit,</strong></span> <span class='ocrx_word' id='word_1_641' title='bbox 1928 4447 1997 4486; x_wconf 91' lang='lat' dir='ltr'><strong>ne</strong></span> <span class='ocrx_word' id='word_1_642' title='bbox 2026 4436 2073 4495; x_wconf 91' lang='lat' dir='ltr'><strong>D</strong></span> 
     </span>
    </p>
   </div>
   <div class='ocr_carea' id='block_1_88' title="bbox 422 4520 1997 4586">
    <p class='ocr_par' dir='ltr' id='par_1_88' title="bbox 422 4520 1997 4586">
     <span class='ocr_line' id='line_1_88' title="bbox 422 4520 1997 4586; baseline 0.002 -12"><span class='ocrx_word' id='word_1_643' title='bbox 422 4521 734 4577; x_wconf 79' lang='lat' dir='ltr'><strong>Paracletus</strong></span> <span class='ocrx_word' id='word_1_644' title='bbox 754 4522 913 4576; x_wconf 89' lang='lat' dir='ltr'><strong>nobis</strong></span> <span class='ocrx_word' id='word_1_645' title='bbox 930 4520 1072 4576; x_wconf 89' lang='lat' dir='ltr'><strong>desit</strong></span> <span class='ocrx_word' id='word_1_646' title='bbox 1105 4543 1118 4578; x_wconf 88' lang='lat'>:</span> <span class='ocrx_word' id='word_1_647' title='bbox 1154 4523 1304 4576; x_wconf 75' lang='lat' dir='ltr'><strong>Alius</strong></span> <span class='ocrx_word' id='word_1_648' title='bbox 1334 4532 1539 4586; x_wconf 89' lang='lat' dir='ltr'><strong>autem,</strong></span> <span class='ocrx_word' id='word_1_649' title='bbox 1578 4530 1636 4575; x_wconf 94' lang='lat' dir='ltr'><strong>ut</strong></span> <span class='ocrx_word' id='word_1_650' title='bbox 1669 4531 1723 4575; x_wconf 93' lang='lat' dir='ltr'><strong>tu</strong></span> <span class='ocrx_word' id='word_1_651' title='bbox 1775 4522 1997 4578; x_wconf 91' lang='lat' dir='ltr'><strong>honoris</strong></span> 
     </span>
    </p>
   </div>
   <div class='ocr_carea' id='block_1_89' title="bbox 420 4612 1995 4684">
    <p class='ocr_par' dir='ltr' id='par_1_89' title="bbox 420 4612 1995 4684">
     <span class='ocr_line' id='line_1_89' title="bbox 420 4612 1995 4684; baseline -0.001 -16"><span class='ocrx_word' id='word_1_652' title='bbox 420 4613 789 4684; x_wconf 62' lang='lat' dir='ltr'><strong>aequalitatem</strong></span> <span class='ocrx_word' id='word_1_653' title='bbox 822 4614 1046 4684; x_wconf 84' lang='lat' dir='ltr'><strong>cogites.</strong></span> <span class='ocrx_word' id='word_1_654' title='bbox 1075 4613 1229 4680; x_wconf 84' lang='lat' dir='ltr'><strong>Quod</strong></span> <span class='ocrx_word' id='word_1_655' title='bbox 1270 4614 1417 4668; x_wconf 89' lang='lat' dir='ltr'><strong>enim</strong></span> <span class='ocrx_word' id='word_1_656' title='bbox 1452 4613 1551 4680; x_wconf 92' lang='lat' dir='ltr'><strong>ait,</strong></span> <span class='ocrx_word' id='word_1_657' title='bbox 1602 4613 1765 4679; x_wconf 75' lang='lat' dir='ltr'><strong>alius,</strong></span> <span class='ocrx_word' id='word_1_658' title='bbox 1810 4612 1995 4680; x_wconf 88' lang='lat' dir='ltr'><strong>alium,</strong></span> 
     </span>
    </p>
   </div>
   <div class='ocr_carea' id='block_1_90' title="bbox 494 4727 1998 4802">
    <p class='ocr_par' dir='ltr' id='par_1_90' title="bbox 494 4727 1998 4802">
     <span class='ocr_line' id='line_1_90' title="bbox 494 4727 1998 4802; baseline -0.001 -18"><span class='ocrx_word' id='word_1_659' title='bbox 494 4729 606 4802; x_wconf 72' lang='grc'>(64)</span> <span class='ocrx_word' id='word_1_660' title='bbox 675 4728 1030 4802; x_wconf 47' lang='grc' dir='ltr'><strong>Ὀρωμένιιςἵ</strong></span> <span class='ocrx_word' id='word_1_661' title='bbox 1076 4727 1227 4785; x_wconf 87' lang='lat' dir='ltr'><strong>Unus</strong></span> <span class='ocrx_word' id='word_1_662' title='bbox 1254 4729 1433 4802; x_wconf 64' lang='lat' dir='ltr'><strong>Colb.,</strong></span> <span class='ocrx_word' id='word_1_663' title='bbox 1462 4728 1810 4802; x_wconf 70' lang='grc' dir='ltr'>ὁρμωμένας.</span> <span class='ocrx_word' id='word_1_664' title='bbox 1845 4747 1864 4781; x_wconf 75' lang='grc' dir='ltr'><strong>ι</strong></span> <span class='ocrx_word' id='word_1_665' title='bbox 1901 4728 1998 4802; x_wconf 84' lang='lat' dir='ltr'><strong>Ut-</strong></span> 
     </span>
    </p>
   </div>
   <div class='ocr_carea' id='block_1_91' title="bbox 423 4798 2001 4871">
    <p class='ocr_par' dir='ltr' id='par_1_91' title="bbox 423 4798 2001 4871">
     <span class='ocr_line' id='line_1_91' title="bbox 423 4798 2001 4871; baseline -0.003 -14"><span class='ocrx_word' id='word_1_666' title='bbox 423 4798 549 4871; x_wconf 80' lang='lat' dir='ltr'><strong>pote</strong></span> <span class='ocrx_word' id='word_1_667' title='bbox 585 4798 707 4854; x_wconf 83' lang='lat' dir='ltr'><strong>cum</strong></span> <span class='ocrx_word' id='word_1_668' title='bbox 748 4798 871 4871; x_wconf 86' lang='lat' dir='ltr'><strong>igne</strong></span> <span class='ocrx_word' id='word_1_669' title='bbox 916 4800 1218 4871; x_wconf 83' lang='lat' dir='ltr'><strong>prolapsas.</strong></span> <span class='ocrx_word' id='word_1_670' title='bbox 1259 4820 1278 4852; x_wconf 72' lang='grc' dir='ltr'><strong>ι</strong></span> <span class='ocrx_word' id='word_1_671' title='bbox 1316 4800 1436 4855; x_wconf 88' lang='lat' dir='ltr'><strong>Bill.</strong></span> <span class='ocrx_word' id='word_1_672' title='bbox 1478 4798 1505 4852; x_wconf 71' lang='grc'><strong>‹“</strong></span> <span class='ocrx_word' id='word_1_673' title='bbox 1538 4798 1760 4870; x_wconf 65' lang='grc' dir='ltr'>υιηυαι</span> <span class='ocrx_word' id='word_1_674' title='bbox 1784 4799 2001 4869; x_wconf 84' lang='lat' dir='ltr'><strong>conspi-</strong></span> 
     </span>
    </p>
   </div>
   <div class='ocr_carea' id='block_1_92' title="bbox 420 4874 715 4926">
    <p class='ocr_par' dir='ltr' id='par_1_92' title="bbox 420 4874 715 4926">
     <span class='ocr_line' id='line_1_92' title="bbox 420 4874 715 4926; baseline -0.017 0"><span class='ocrx_word' id='word_1_675' title='bbox 420 4874 651 4926; x_wconf 90' lang='lat' dir='ltr'><strong>ciantur.</strong></span> <span class='ocrx_word' id='word_1_676' title='bbox 696 4888 715 4921; x_wconf 73' lang='grc' dir='ltr'><strong>ι</strong></span> 
     </span>
    </p>
   </div>
   <div class='ocr_carea' id='block_1_93' title="bbox 495 4938 2004 5011">
    <p class='ocr_par' dir='ltr' id='par_1_93' title="bbox 495 4938 2004 5011">
     <span class='ocr_line' id='line_1_93' title="bbox 495 4938 2004 5011; baseline -0.001 -17"><span class='ocrx_word' id='word_1_677' title='bbox 495 4940 607 5011; x_wconf 82' lang='grc'>(65)</span> <span class='ocrx_word' id='word_1_678' title='bbox 639 4941 1116 5010; x_wconf 77' lang='grc' dir='ltr'>Δοτματίσωμεν.</span> <span class='ocrx_word' id='word_1_679' title='bbox 1144 4938 1416 5011; x_wconf 67' lang='lat' dir='ltr'><strong>Billiusiu</strong></span> <span class='ocrx_word' id='word_1_680' title='bbox 1454 4954 1625 5009; x_wconf 77' lang='lat' dir='ltr'><strong>prima</strong></span> <span class='ocrx_word' id='word_1_681' title='bbox 1657 4939 1744 4994; x_wconf 92' lang='lat' dir='ltr'><strong>ed.</strong></span> <span class='ocrx_word' id='word_1_682' title='bbox 1776 4957 1794 4991; x_wconf 73' lang='grc' dir='ltr'><strong>ι</strong></span> <span class='ocrx_word' id='word_1_683' title='bbox 1830 4939 2004 5011; x_wconf 74' lang='lat' dir='ltr'><strong>Hodie</strong></span> 
     </span>
    </p>
   </div>
   <div class='ocr_carea' id='block_1_94' title="bbox 422 5008 2004 5081">
    <p class='ocr_par' dir='ltr' id='par_1_94' title="bbox 422 5008 2004 5081">
     <span class='ocr_line' id='line_1_94' title="bbox 422 5008 2004 5081; baseline -0.001 -16"><span class='ocrx_word' id='word_1_684' title='bbox 422 5008 546 5065; x_wconf 80' lang='lat' dir='ltr'><strong>ﬁdei</strong></span> <span class='ocrx_word' id='word_1_685' title='bbox 576 5008 831 5081; x_wconf 78' lang='lat' dir='ltr'><strong>dogmata</strong></span> <span class='ocrx_word' id='word_1_686' title='bbox 869 5008 1305 5081; x_wconf 64' lang='lat' dir='ltr'><strong>proponamus.»</strong></span> <span class='ocrx_word' id='word_1_687' title='bbox 1341 5008 1397 5081; x_wconf 86' lang='lat' dir='ltr'><strong>Id</strong></span> <span class='ocrx_word' id='word_1_688' title='bbox 1429 5008 1533 5069; x_wconf 85' lang='lat' dir='ltr'><strong>est.</strong></span> <span class='ocrx_word' id='word_1_689' title='bbox 1558 5018 1618 5062; x_wconf 84' lang='grc' dir='ltr'><strong>ιιι</strong></span> <span class='ocrx_word' id='word_1_690' title='bbox 1645 5010 1870 5080; x_wconf 82' lang='lat' dir='ltr'><strong>exponit</strong></span> <span class='ocrx_word' id='word_1_691' title='bbox 1916 5008 2004 5063; x_wconf 77' lang='lat' dir='ltr'><strong>Ni-</strong></span> 
     </span>
    </p>
   </div>
   <div class='ocr_carea' id='block_1_95' title="bbox 422 5080 2002 5149">
    <p class='ocr_par' dir='ltr' id='par_1_95' title="bbox 422 5080 2002 5149">
     <span class='ocr_line' id='line_1_95' title="bbox 422 5080 2002 5149; baseline -0.003 -13"><span class='ocrx_word' id='word_1_692' title='bbox 422 5091 591 5146; x_wconf 84' lang='lat' dir='ltr'><strong>cetas,</strong></span> <span class='ocrx_word' id='word_1_693' title='bbox 626 5080 917 5135; x_wconf 37' lang='lat' dir='ltr'><strong>t’lideliter</strong></span> <span class='ocrx_word' id='word_1_694' title='bbox 963 5081 1205 5135; x_wconf 84' lang='lat' dir='ltr'><strong>doctrina</strong></span> <span class='ocrx_word' id='word_1_695' title='bbox 1235 5080 1302 5134; x_wconf 91' lang='lat' dir='ltr'><strong>de</strong></span> <span class='ocrx_word' id='word_1_696' title='bbox 1349 5080 1553 5148; x_wconf 89' lang='lat' dir='ltr'><strong>Spiritu</strong></span> <span class='ocrx_word' id='word_1_697' title='bbox 1579 5091 1788 5144; x_wconf 68' lang='lat' dir='ltr'><strong>sancto,</strong></span> <span class='ocrx_word' id='word_1_698' title='bbox 1840 5095 2002 5149; x_wconf 85' lang='lat' dir='ltr'><strong>quam</strong></span> 
     </span>
    </p>
   </div>
   <div class='ocr_carea' id='block_1_96' title="bbox 426 5149 2006 5218">
    <p class='ocr_par' dir='ltr' id='par_1_96' title="bbox 426 5149 2006 5218">
     <span class='ocr_line' id='line_1_96' title="bbox 426 5149 2006 5218; baseline -0.001 -13"><span class='ocrx_word' id='word_1_699' title='bbox 426 5151 703 5218; x_wconf 89' lang='lat' dir='ltr'><strong>Scriptura</strong></span> <span class='ocrx_word' id='word_1_700' title='bbox 764 5151 920 5205; x_wconf 90' lang='lat' dir='ltr'><strong>nobis</strong></span> <span class='ocrx_word' id='word_1_701' title='bbox 972 5149 1151 5212; x_wconf 83' lang='lat' dir='ltr'><strong>olTert,</strong></span> <span class='ocrx_word' id='word_1_702' title='bbox 1200 5159 1446 5216; x_wconf 90' lang='lat' dir='ltr'><strong>utamur;</strong></span> <span class='ocrx_word' id='word_1_703' title='bbox 1479 5164 1601 5203; x_wconf 88' lang='lat' dir='ltr'><strong>cras</strong></span> <span class='ocrx_word' id='word_1_704' title='bbox 1625 5160 1803 5204; x_wconf 90' lang='lat' dir='ltr'><strong>autem</strong></span> <span class='ocrx_word' id='word_1_705' title='bbox 1829 5150 2006 5203; x_wconf 90' lang='lat' dir='ltr'><strong>artiIi-</strong></span> 
     </span>
    </p>
   </div>
   <div class='ocr_carea' id='block_1_97' title="bbox 424 5219 2008 5283">
    <p class='ocr_par' dir='ltr' id='par_1_97' title="bbox 424 5219 2008 5283">
     <span class='ocr_line' id='line_1_97' title="bbox 424 5219 2008 5283; baseline 0 -9"><span class='ocrx_word' id='word_1_706' title='bbox 424 5222 573 5274; x_wconf 75' lang='lat' dir='ltr'><strong>ciose</strong></span> <span class='ocrx_word' id='word_1_707' title='bbox 603 5220 954 5283; x_wconf 86' lang='lat' dir='ltr'><strong>disseremus,</strong></span> <span class='ocrx_word' id='word_1_708' title='bbox 989 5222 1139 5274; x_wconf 89' lang='lat' dir='ltr'><strong>etab</strong></span> <span class='ocrx_word' id='word_1_709' title='bbox 1172 5219 1403 5274; x_wconf 87' lang='lat' dir='ltr'><strong>honesto</strong></span> <span class='ocrx_word' id='word_1_710' title='bbox 1451 5229 1507 5274; x_wconf 88' lang='lat' dir='ltr'><strong>et</strong></span> <span class='ocrx_word' id='word_1_711' title='bbox 1551 5221 1748 5274; x_wconf 90' lang='lat' dir='ltr'><strong>decoro</strong></span> <span class='ocrx_word' id='word_1_712' title='bbox 1790 5221 2008 5274; x_wconf 87' lang='lat' dir='ltr'><strong>recede-</strong></span> 
     </span>
    </p>
   </div>
   <div class='ocr_carea' id='block_1_98' title="bbox 426 5288 2008 5359">
    <p class='ocr_par' dir='ltr' id='par_1_98' title="bbox 426 5288 2008 5359">
     <span class='ocr_line' id='line_1_98' title="bbox 426 5288 2008 5359; baseline 0.001 -15"><span class='ocrx_word' id='word_1_713' title='bbox 426 5305 584 5350; x_wconf 84' lang='lat' dir='ltr'><strong>mus;</strong></span> <span class='ocrx_word' id='word_1_714' title='bbox 624 5291 676 5343; x_wconf 91' lang='lat' dir='ltr'><strong>id</strong></span> <span class='ocrx_word' id='word_1_715' title='bbox 711 5300 814 5351; x_wconf 84' lang='lat' dir='ltr'><strong>est,</strong></span> <span class='ocrx_word' id='word_1_716' title='bbox 869 5299 1058 5359; x_wconf 86' lang='lat' dir='ltr'><strong>argute</strong></span> <span class='ocrx_word' id='word_1_717' title='bbox 1098 5298 1152 5343; x_wconf 88' lang='lat' dir='ltr'><strong>et</strong></span> <span class='ocrx_word' id='word_1_718' title='bbox 1176 5288 1486 5359; x_wconf 82' lang='lat' dir='ltr'><strong>sophistice,</strong></span> <span class='ocrx_word' id='word_1_719' title='bbox 1531 5298 1585 5345; x_wconf 88' lang='lat' dir='ltr'><strong>et</strong></span> <span class='ocrx_word' id='word_1_720' title='bbox 1614 5305 1677 5343; x_wconf 81' lang='lat' dir='ltr'><strong>ex</strong></span> <span class='ocrx_word' id='word_1_721' title='bbox 1710 5290 2008 5345; x_wconf 64' lang='lat' dir='ltr'><strong>dialecticae</strong></span> 
     </span>
    </p>
   </div>
   <div class='ocr_carea' id='block_1_99' title="bbox 427 5360 2004 5428">
    <p class='ocr_par' dir='ltr' id='par_1_99' title="bbox 427 5360 2004 5428">
     <span class='ocr_line' id='line_1_99' title="bbox 427 5360 2004 5428; baseline -0.001 -15"><span class='ocrx_word' id='word_1_722' title='bbox 427 5360 562 5414; x_wconf 87' lang='lat' dir='ltr'><strong>artis</strong></span> <span class='ocrx_word' id='word_1_723' title='bbox 590 5360 796 5428; x_wconf 71' lang='lat' dir='ltr'><strong>legibus</strong></span> <span class='ocrx_word' id='word_1_724' title='bbox 812 5369 868 5414; x_wconf 87' lang='lat' dir='ltr'><strong>et</strong></span> <span class='ocrx_word' id='word_1_725' title='bbox 887 5360 1138 5413; x_wconf 92' lang='lat' dir='ltr'><strong>methodo</strong></span> <span class='ocrx_word' id='word_1_726' title='bbox 1167 5361 1585 5428; x_wconf 86' lang='lat' dir='ltr'><strong>disputationem</strong></span> <span class='ocrx_word' id='word_1_727' title='bbox 1611 5360 1968 5414; x_wconf 89' lang='lat' dir='ltr'><strong>instituemus.</strong></span> <span class='ocrx_word' id='word_1_728' title='bbox 1985 5378 2004 5411; x_wconf 74' lang='grc' dir='ltr'><strong>ι</strong></span> 
     </span>
    </p>
   </div>
   <div class='ocr_carea' id='block_1_100' title="bbox 428 5428 2010 5498">
    <p class='ocr_par' dir='ltr' id='par_1_100' title="bbox 428 5428 2010 5498">
     <span class='ocr_line' id='line_1_100' title="bbox 428 5428 2010 5498; baseline -0.001 -14"><span class='ocrx_word' id='word_1_729' title='bbox 428 5429 590 5484; x_wconf 79' lang='lat' dir='ltr'><strong>Addit</strong></span> <span class='ocrx_word' id='word_1_730' title='bbox 618 5428 833 5484; x_wconf 86' lang='lat' dir='ltr'><strong>Nicetas</strong></span> <span class='ocrx_word' id='word_1_731' title='bbox 867 5445 882 5485; x_wconf 90' lang='lat'><strong>:</strong></span> <span class='ocrx_word' id='word_1_732' title='bbox 920 5447 940 5480; x_wconf 76' lang='grc' dir='ltr'><strong>ι</strong></span> <span class='ocrx_word' id='word_1_733' title='bbox 972 5428 1095 5484; x_wconf 69' lang='lat' dir='ltr'><strong>Haec</strong></span> <span class='ocrx_word' id='word_1_734' title='bbox 1122 5431 1308 5493; x_wconf 84' lang='lat' dir='ltr'><strong>verba,</strong></span> <span class='ocrx_word' id='word_1_735' title='bbox 1350 5448 1368 5481; x_wconf 76' lang='grc' dir='ltr'><strong>ι</strong></span> <span class='ocrx_word' id='word_1_736' title='bbox 1399 5431 1691 5498; x_wconf 87' lang='lat' dir='ltr'><strong>doceamus</strong></span> <span class='ocrx_word' id='word_1_737' title='bbox 1734 5437 1789 5483; x_wconf 88' lang='lat' dir='ltr'><strong>et</strong></span> <span class='ocrx_word' id='word_1_738' title='bbox 1814 5428 2010 5485; x_wconf 79' lang='lat' dir='ltr'><strong>festum</strong></span> 
     </span>
    </p>
   </div>
   <div class='ocr_carea' id='block_1_101' title="bbox 427 5499 2003 5569">
    <p class='ocr_par' dir='ltr' id='par_1_101' title="bbox 427 5499 2003 5569">
     <span class='ocr_line' id='line_1_101' title="bbox 427 5499 2003 5569; baseline -0.002 -16"><span class='ocrx_word' id='word_1_739' title='bbox 427 5513 674 5569; x_wconf 82' lang='lat' dir='ltr'><strong>agamus,</strong></span> <span class='ocrx_word' id='word_1_740' title='bbox 701 5516 721 5550; x_wconf 85' lang='grc'><strong>‹</strong></span> <span class='ocrx_word' id='word_1_741' title='bbox 753 5500 1067 5555; x_wconf 86' lang='lat' dir='ltr'><strong>consulendi</strong></span> <span class='ocrx_word' id='word_1_742' title='bbox 1092 5502 1273 5555; x_wconf 88' lang='lat' dir='ltr'><strong>animo</strong></span> <span class='ocrx_word' id='word_1_743' title='bbox 1297 5500 1586 5563; x_wconf 91' lang='lat' dir='ltr'><strong>dicuntur;</strong></span> <span class='ocrx_word' id='word_1_744' title='bbox 1615 5499 1729 5554; x_wconf 69' lang='lat' dir='ltr'><strong>haac</strong></span> <span class='ocrx_word' id='word_1_745' title='bbox 1757 5509 1960 5564; x_wconf 88' lang='lat' dir='ltr'><strong>autem,</strong></span> <span class='ocrx_word' id='word_1_746' title='bbox 1986 5518 2003 5550; x_wconf 75' lang='grc' dir='ltr'><strong>ι</strong></span> 
     </span>
    </p>
   </div>
   <div class='ocr_carea' id='block_1_102' title="bbox 430 5569 2010 5627">
    <p class='ocr_par' dir='ltr' id='par_1_102' title="bbox 430 5569 2010 5627">
     <span class='ocr_line' id='line_1_102' title="bbox 430 5569 2010 5627; baseline 0.001 -5"><span class='ocrx_word' id='word_1_747' title='bbox 430 5569 725 5623; x_wconf 68' lang='lat' dir='ltr'><strong>artiﬁciose</strong></span> <span class='ocrx_word' id='word_1_748' title='bbox 747 5569 1080 5627; x_wconf 88' lang='lat' dir='ltr'><strong>disseremus</strong></span> <span class='ocrx_word' id='word_1_749' title='bbox 1103 5579 1159 5625; x_wconf 89' lang='lat' dir='ltr'><strong>et</strong></span> <span class='ocrx_word' id='word_1_750' title='bbox 1197 5572 1264 5625; x_wconf 88' lang='lat' dir='ltr'><strong>ab</strong></span> <span class='ocrx_word' id='word_1_751' title='bbox 1301 5570 1527 5624; x_wconf 89' lang='lat' dir='ltr'><strong>honesto</strong></span> <span class='ocrx_word' id='word_1_752' title='bbox 1551 5578 1605 5623; x_wconf 90' lang='lat' dir='ltr'><strong>et</strong></span> <span class='ocrx_word' id='word_1_753' title='bbox 1635 5571 1831 5623; x_wconf 89' lang='lat' dir='ltr'><strong>decoro</strong></span> <span class='ocrx_word' id='word_1_754' title='bbox 1855 5584 2010 5623; x_wconf 81' lang='lat' dir='ltr'><strong>recc--</strong></span> 
     </span>
    </p>
   </div>
   <div class='ocr_carea' id='block_1_103' title="bbox 432 5638 2012 5708">
    <p class='ocr_par' dir='ltr' id='par_1_103' title="bbox 432 5638 2012 5708">
     <span class='ocr_line' id='line_1_103' title="bbox 432 5638 2012 5708; baseline 0.002 -18"><span class='ocrx_word' id='word_1_755' title='bbox 432 5640 640 5704; x_wconf 73' lang='lat' dir='ltr'><strong>demus,</strong></span> <span class='ocrx_word' id='word_1_756' title='bbox 695 5658 715 5691; x_wconf 74' lang='grc' dir='ltr'><strong>ι</strong></span> <span class='ocrx_word' id='word_1_757' title='bbox 743 5650 872 5695; x_wconf 91' lang='lat' dir='ltr'><strong>sunt</strong></span> <span class='ocrx_word' id='word_1_758' title='bbox 920 5641 1128 5705; x_wconf 89' lang='lat' dir='ltr'><strong>ironice</strong></span> <span class='ocrx_word' id='word_1_759' title='bbox 1175 5640 1467 5708; x_wconf 86' lang='lat' dir='ltr'><strong>loquentis,</strong></span> <span class='ocrx_word' id='word_1_760' title='bbox 1501 5648 1665 5705; x_wconf 84' lang='lat' dir='ltr'><strong>atque</strong></span> <span class='ocrx_word' id='word_1_761' title='bbox 1705 5638 2012 5707; x_wconf 88' lang='lat' dir='ltr'><strong>hujnsmodi</strong></span> 
     </span>
    </p>
   </div>
   <div class='ocr_carea' id='block_1_104' title="bbox 435 5709 2010 5779">
    <p class='ocr_par' dir='ltr' id='par_1_104' title="bbox 435 5709 2010 5779">
     <span class='ocr_line' id='line_1_104' title="bbox 435 5709 2010 5779; baseline 0.003 -18"><span class='ocrx_word' id='word_1_762' title='bbox 435 5724 522 5761; x_wconf 78' lang='lat' dir='ltr'><strong>res</strong></span> <span class='ocrx_word' id='word_1_763' title='bbox 547 5711 864 5769; x_wconf 84' lang='lat' dir='ltr'><strong>aversantis.</strong></span> <span class='ocrx_word' id='word_1_764' title='bbox 899 5709 1051 5765; x_wconf 92' lang='lat' dir='ltr'><strong>Unde</strong></span> <span class='ocrx_word' id='word_1_765' title='bbox 1076 5720 1131 5766; x_wconf 88' lang='lat' dir='ltr'><strong>ot</strong></span> <span class='ocrx_word' id='word_1_766' title='bbox 1156 5709 1544 5779; x_wconf 87' lang='lat' dir='ltr'><strong>turpitudinem</strong></span> <span class='ocrx_word' id='word_1_767' title='bbox 1570 5718 1623 5763; x_wconf 92' lang='lat' dir='ltr'><strong>et</strong></span> <span class='ocrx_word' id='word_1_768' title='bbox 1643 5710 2010 5765; x_wconf 81' lang='lat' dir='ltr'><strong>temulentiam</strong></span> 
     </span>
    </p>
   </div>
   <div class='ocr_carea' id='block_1_105' title="bbox 428 5779 1831 5852">
    <p class='ocr_par' dir='ltr' id='par_1_105' title="bbox 428 5779 1831 5852">
     <span class='ocr_line' id='line_1_105' title="bbox 428 5779 1831 5852; baseline -0.002 -16"><span class='ocrx_word' id='word_1_769' title='bbox 428 5794 529 5836; x_wconf 70' lang='lat' dir='ltr'><strong>eas</strong></span> <span class='ocrx_word' id='word_1_770' title='bbox 552 5789 727 5851; x_wconf 79' lang='lat' dir='ltr'><strong>vocat,</strong></span> <span class='ocrx_word' id='word_1_771' title='bbox 769 5790 931 5852; x_wconf 83' lang='lat' dir='ltr'><strong>atque</strong></span> <span class='ocrx_word' id='word_1_772' title='bbox 958 5782 1022 5837; x_wconf 85' lang='lat' dir='ltr'><strong>ad</strong></span> <span class='ocrx_word' id='word_1_773' title='bbox 1052 5781 1225 5839; x_wconf 83' lang='lat' dir='ltr'><strong>forum</strong></span> <span class='ocrx_word' id='word_1_774' title='bbox 1252 5790 1307 5836; x_wconf 86' lang='lat' dir='ltr'><strong>et</strong></span> <span class='ocrx_word' id='word_1_775' title='bbox 1333 5781 1545 5836; x_wconf 82' lang='lat' dir='ltr'><strong>theatra</strong></span> <span class='ocrx_word' id='word_1_776' title='bbox 1585 5779 1778 5851; x_wconf 74' lang='lat' dir='ltr'><strong>reiicit.</strong></span> <span class='ocrx_word' id='word_1_777' title='bbox 1812 5798 1831 5833; x_wconf 75' lang='grc' dir='ltr'><strong>ι</strong></span> 
     </span>
    </p>
   </div>
   <div class='ocr_carea' id='block_1_106' title="bbox 2174 4427 3698 4503">
    <p class='ocr_par' dir='ltr' id='par_1_106' title="bbox 2174 4427 3698 4503">
     <span class='ocr_line' id='line_1_106' title="bbox 2174 4427 3698 4503; baseline 0.001 -19"><span class='ocrx_word' id='word_1_778' title='bbox 2174 4428 2279 4486; x_wconf 90' lang='lat' dir='ltr'><strong>IB’.</strong></span> <span class='ocrx_word' id='word_1_779' title='bbox 2313 4427 2414 4482; x_wconf 83' lang='grc' dir='ltr'><strong>Διὰ</strong></span> <span class='ocrx_word' id='word_1_780' title='bbox 2434 4429 2616 4488; x_wconf 86' lang='grc' dir='ltr'>τοῦτο.</span> <span class='ocrx_word' id='word_1_781' title='bbox 2652 4428 2790 4500; x_wconf 87' lang='grc' dir='ltr'>μετὰ</span> <span class='ocrx_word' id='word_1_782' title='bbox 2815 4427 3050 4502; x_wconf 84' lang='grc' dir='ltr'>Χριστὸν</span> <span class='ocrx_word' id='word_1_783' title='bbox 3086 4430 3184 4500; x_wconf 81' lang='grc' dir='ltr'>μὲν</span> <span class='ocrx_word' id='word_1_784' title='bbox 3207 4470 3222 4495; x_wconf 93' lang='grc'><strong>,</strong></span> <span class='ocrx_word' id='word_1_785' title='bbox 3266 4428 3353 4484; x_wconf 81' lang='grc' dir='ltr'><strong>ἵνα</strong></span> <span class='ocrx_word' id='word_1_786' title='bbox 3393 4428 3698 4503; x_wconf 79' lang='grc' dir='ltr'>Παράκλη-</span> 
     </span>
    </p>
   </div>
   <div class='ocr_carea' id='block_1_107' title="bbox 2102 4519 3705 4595">
    <p class='ocr_par' dir='ltr' id='par_1_107' title="bbox 2102 4519 3705 4595">
     <span class='ocr_line' id='line_1_107' title="bbox 2102 4519 3705 4595; baseline 0.001 -19"><span class='ocrx_word' id='word_1_787' title='bbox 2102 4539 2197 4586; x_wconf 86' lang='grc' dir='ltr'><strong>τος</strong></span> <span class='ocrx_word' id='word_1_788' title='bbox 2218 4524 2354 4594; x_wconf 81' lang='grc' dir='ltr'>ἡμῖν</span> <span class='ocrx_word' id='word_1_789' title='bbox 2406 4521 2481 4595; x_wconf 83' lang='grc' dir='ltr'><strong>μὴ</strong></span> <span class='ocrx_word' id='word_1_790' title='bbox 2526 4520 2689 4594; x_wconf 83' lang='grc' dir='ltr'>λείπῃ</span> <span class='ocrx_word' id='word_1_791' title='bbox 2714 4537 2728 4552; x_wconf 77' lang='grc' dir='ltr'><strong>ο</strong></span> <span class='ocrx_word' id='word_1_792' title='bbox 2765 4522 2984 4586; x_wconf 74' lang='grc' dir='ltr'>Ἄλλος</span> <span class='ocrx_word' id='word_1_793' title='bbox 3010 4520 3088 4585; x_wconf 81' lang='grc' dir='ltr'><strong>δὲ,</strong></span> <span class='ocrx_word' id='word_1_794' title='bbox 3149 4519 3239 4573; x_wconf 82' lang='grc' dir='ltr'><strong>ἵνα</strong></span> <span class='ocrx_word' id='word_1_795' title='bbox 3279 4522 3345 4574; x_wconf 84' lang='grc' dir='ltr'><strong>σὺ</strong></span> <span class='ocrx_word' id='word_1_796' title='bbox 3375 4523 3475 4593; x_wconf 85' lang='grc' dir='ltr'>τὴν</span> <span class='ocrx_word' id='word_1_797' title='bbox 3508 4525 3705 4593; x_wconf 81' lang='grc' dir='ltr'>ὁμοτι-</span> 
     </span>
    </p>
   </div>
   <div class='ocr_carea' id='block_1_108' title="bbox 2101 4610 3699 4688">
    <p class='ocr_par' dir='ltr' id='par_1_108' title="bbox 2101 4610 3699 4688">
     <span class='ocr_line' id='line_1_108' title="bbox 2101 4610 3699 4688; baseline 0.001 -20"><span class='ocrx_word' id='word_1_798' title='bbox 2101 4615 2227 4688; x_wconf 83' lang='grc' dir='ltr'>μίαν</span> <span class='ocrx_word' id='word_1_799' title='bbox 2258 4614 2371 4686; x_wconf 75' lang='grc'>(72)</span> <span class='ocrx_word' id='word_1_800' title='bbox 2409 4614 2739 4686; x_wconf 79' lang='grc' dir='ltr'>ἐνθυμηθῇς.</span> <span class='ocrx_word' id='word_1_801' title='bbox 2772 4613 2847 4666; x_wconf 86' lang='grc' dir='ltr'>Τὸ</span> <span class='ocrx_word' id='word_1_802' title='bbox 2869 4612 3001 4684; x_wconf 85' lang='grc' dir='ltr'>γὰρ,</span> <span class='ocrx_word' id='word_1_803' title='bbox 3034 4611 3246 4678; x_wconf 74' lang='grc' dir='ltr'>ἄλλος,</span> <span class='ocrx_word' id='word_1_804' title='bbox 3271 4613 3428 4679; x_wconf 78' lang='grc' dir='ltr'>ἄλλος</span> <span class='ocrx_word' id='word_1_805' title='bbox 3447 4610 3560 4679; x_wconf 75' lang='grc' dir='ltr'>οἷος</span> <span class='ocrx_word' id='word_1_806' title='bbox 3579 4616 3699 4688; x_wconf 78' lang='grc'>(73)</span> 
     </span>
    </p>
   </div>
   <div class='ocr_carea' id='block_1_109' title="bbox 2179 4726 3702 4801">
    <p class='ocr_par' dir='ltr' id='par_1_109' title="bbox 2179 4726 3702 4801">
     <span class='ocr_line' id='line_1_109' title="bbox 2179 4726 3702 4801; baseline 0 -18"><span class='ocrx_word' id='word_1_807' title='bbox 2179 4727 2290 4801; x_wconf 87' lang='grc'>(66)</span> <span class='ocrx_word' id='word_1_808' title='bbox 2320 4728 2797 4801; x_wconf 12' lang='grc' dir='ltr'>Καταρᾲτίᾳωμεν.</span> <span class='ocrx_word' id='word_1_809' title='bbox 2830 4745 2849 4778; x_wconf 79' lang='grc' dir='ltr'><strong>ι</strong></span> <span class='ocrx_word' id='word_1_810' title='bbox 2876 4726 3340 4801; x_wconf 60' lang='grc' dir='ltr'>ϐοηιροηεηιυε.)</span> <span class='ocrx_word' id='word_1_811' title='bbox 3382 4728 3472 4783; x_wconf 91' lang='lat' dir='ltr'><strong>Sic</strong></span> <span class='ocrx_word' id='word_1_812' title='bbox 3494 4745 3702 4800; x_wconf 75' lang='lat' dir='ltr'><strong>magno</strong></span> 
     </span>
    </p>
   </div>
   <div class='ocr_carea' id='block_1_110' title="bbox 2107 4797 3694 4870">
    <p class='ocr_par' dir='ltr' id='par_1_110' title="bbox 2107 4797 3694 4870">
     <span class='ocr_line' id='line_1_110' title="bbox 2107 4797 3694 4870; baseline -0.001 -15"><span class='ocrx_word' id='word_1_813' title='bbox 2107 4797 2372 4870; x_wconf 78' lang='lat' dir='ltr'><strong>consensu</strong></span> <span class='ocrx_word' id='word_1_814' title='bbox 2393 4798 2632 4870; x_wconf 66' lang='lat' dir='ltr'><strong>codd.ln</strong></span> <span class='ocrx_word' id='word_1_815' title='bbox 2651 4797 2763 4870; x_wconf 57' lang='lat' dir='ltr'><strong>em,</strong></span> <span class='ocrx_word' id='word_1_816' title='bbox 2782 4797 3239 4870; x_wconf 75' lang='grc' dir='ltr'>καταρτύσωμεν,</span> <span class='ocrx_word' id='word_1_817' title='bbox 3258 4818 3278 4850; x_wconf 74' lang='grc' dir='ltr'><strong>ι</strong></span> <span class='ocrx_word' id='word_1_818' title='bbox 3304 4797 3657 4870; x_wconf 79' lang='lat' dir='ltr'><strong>instruamus.</strong></span> <span class='ocrx_word' id='word_1_819' title='bbox 3674 4822 3694 4852; x_wconf 76' lang='grc' dir='ltr'><strong>ι</strong></span> 
     </span>
    </p>
   </div>
   <div class='ocr_carea' id='block_1_111' title="bbox 2181 4866 3700 4993">
    <p class='ocr_par' dir='ltr' id='par_1_111' title="bbox 2181 4866 3700 4993">
     <span class='ocr_line' id='line_1_111' title="bbox 2181 4866 3700 4993; baseline 0 -71"><span class='ocrx_word' id='word_1_820' title='bbox 2181 4869 2294 4993; x_wconf 49' lang='lat' dir='ltr'><strong>(ig?)</strong></span> <span class='ocrx_word' id='word_1_821' title='bbox 2341 4868 2675 4938; x_wconf 81' lang='grc' dir='ltr'>Οὑρανίοις.</span> <span class='ocrx_word' id='word_1_822' title='bbox 2702 4868 2870 4939; x_wconf 78' lang='lat' dir='ltr'><strong>Regg.</strong></span> <span class='ocrx_word' id='word_1_823' title='bbox 2907 4866 3020 4935; x_wconf 84' lang='lat' dir='ltr'><strong>bm,</strong></span> <span class='ocrx_word' id='word_1_824' title='bbox 3048 4866 3140 4939; x_wconf 72' lang='lat' dir='ltr'><strong>ph,</strong></span> <span class='ocrx_word' id='word_1_825' title='bbox 3171 4866 3266 4925; x_wconf 91' lang='lat' dir='ltr'><strong>Or.</strong></span> <span class='ocrx_word' id='word_1_826' title='bbox 3304 4870 3348 4935; x_wconf 89' lang='lat' dir='ltr'><strong>I,</strong></span> <span class='ocrx_word' id='word_1_827' title='bbox 3382 4869 3570 4932; x_wconf 85' lang='lat' dir='ltr'><strong>Savil.,</strong></span> <span class='ocrx_word' id='word_1_828' title='bbox 3600 4870 3700 4922; x_wconf 83' lang='grc' dir='ltr'><strong>οὺ-</strong></span> 
     </span>
     <span class='ocr_line' id='line_1_112' title="bbox 2182 4957 2343 4993; baseline -0.006 -1"><span class='ocrx_word' id='word_1_829' title='bbox 2182 4958 2210 4992; x_wconf 92' lang='grc' dir='ltr'><strong>ν</strong></span> <span class='ocrx_word' id='word_1_830' title='bbox 2236 4957 2343 4993; x_wconf 81' lang='grc' dir='ltr'>αις.</span> 
     </span>
    </p>
   </div>
   <div class='ocr_carea' id='block_1_112' title="bbox 2145 4957 2343 4993">
    <p class='ocr_par' dir='ltr' id='par_1_112' title="bbox 2145 4957 2343 4993">
     <span class='ocr_line' id='line_1_113' title="bbox 2145 4957 2343 4993; baseline -0.01 0"><span class='ocrx_word' id='word_1_831' title='bbox 2145 4957 2343 4993; x_wconf 81' lang='grc' dir='ltr'>ανιαις.</span> 
     </span>
    </p>
   </div>
   <div class='ocr_carea' id='block_1_113' title="bbox 2112 4957 3700 5082">
    <p class='ocr_par' dir='ltr' id='par_1_113' title="bbox 2112 4957 3700 5082">
     <span class='ocr_line' id='line_1_114' title="bbox 2112 4957 3700 5082; baseline 0 -18"><span class='ocrx_word' id='word_1_832' title='bbox 2112 4957 2390 5082; x_wconf 35' lang='lat' dir='ltr'><strong>falcati???</strong></span> <span class='ocrx_word' id='word_1_833' title='bbox 2404 5005 2782 5063; x_wconf 81' lang='grc' dir='ltr'>Ἀναστάσει.</span> <span class='ocrx_word' id='word_1_834' title='bbox 2798 5008 2890 5082; x_wconf 85' lang='lat' dir='ltr'><strong>Sic</strong></span> <span class='ocrx_word' id='word_1_835' title='bbox 2908 5007 3086 5082; x_wconf 75' lang='lat' dir='ltr'><strong>plures</strong></span> <span class='ocrx_word' id='word_1_836' title='bbox 3095 5008 3266 5081; x_wconf 79' lang='lat' dir='ltr'><strong>Regg.</strong></span> <span class='ocrx_word' id='word_1_837' title='bbox 3278 5049 3290 5071; x_wconf 91' lang='lat'><strong>,</strong></span> <span class='ocrx_word' id='word_1_838' title='bbox 3309 5024 3497 5063; x_wconf 89' lang='lat' dir='ltr'><strong>novem</strong></span> <span class='ocrx_word' id='word_1_839' title='bbox 3510 5007 3666 5064; x_wconf 87' lang='lat' dir='ltr'><strong>Colb.</strong></span> <span class='ocrx_word' id='word_1_840' title='bbox 3678 5051 3700 5077; x_wconf 92' lang='lat'><strong>,</strong></span> 
     </span>
    </p>
   </div>
   <div class='ocr_carea' id='block_1_114' title="bbox 2110 5078 2977 5149">
    <p class='ocr_par' dir='ltr' id='par_1_114' title="bbox 2110 5078 2977 5149">
     <span class='ocr_line' id='line_1_115' title="bbox 2110 5078 2977 5149; baseline -0.002 -15"><span class='ocrx_word' id='word_1_841' title='bbox 2110 5078 2282 5135; x_wconf 68' lang='lat' dir='ltr'><strong>Coisl.</strong></span> <span class='ocrx_word' id='word_1_842' title='bbox 2303 5080 2354 5144; x_wconf 85' lang='lat' dir='ltr'><strong>I,</strong></span> <span class='ocrx_word' id='word_1_843' title='bbox 2384 5090 2489 5133; x_wconf 81' lang='lat' dir='ltr'><strong>etc.</strong></span> <span class='ocrx_word' id='word_1_844' title='bbox 2517 5083 2675 5132; x_wconf 84' lang='lat' dir='ltr'><strong>Deest</strong></span> <span class='ocrx_word' id='word_1_845' title='bbox 2704 5082 2770 5149; x_wconf 87' lang='grc' dir='ltr'>τῇ</span> <span class='ocrx_word' id='word_1_846' title='bbox 2800 5079 2852 5131; x_wconf 85' lang='grc' dir='ltr'><strong>ἰη</strong></span> <span class='ocrx_word' id='word_1_847' title='bbox 2892 5080 2977 5149; x_wconf 69' lang='lat' dir='ltr'><strong>ed.</strong></span> 
     </span>
    </p>
   </div>
   <div class='ocr_carea' id='block_1_115' title="bbox 2185 5143 3698 5221">
    <p class='ocr_par' dir='ltr' id='par_1_115' title="bbox 2185 5143 3698 5221">
     <span class='ocr_line' id='line_1_116' title="bbox 2185 5143 3698 5221; baseline -0.003 -17"><span class='ocrx_word' id='word_1_848' title='bbox 2185 5151 2297 5221; x_wconf 79' lang='lat'><strong>(69)</strong></span> <span class='ocrx_word' id='word_1_849' title='bbox 2364 5151 2433 5203; x_wconf 89' lang='grc' dir='ltr'>Ὃ</span> <span class='ocrx_word' id='word_1_850' title='bbox 2459 5150 2560 5221; x_wconf 48' lang='grc' dir='ltr'><strong>καί</strong></span> <span class='ocrx_word' id='word_1_851' title='bbox 2588 5143 3090 5221; x_wconf 45' lang='grc' dir='ltr'>πανηῆυρίζομεν,</span> <span class='ocrx_word' id='word_1_852' title='bbox 3110 5147 3204 5203; x_wconf 87' lang='lat' dir='ltr'><strong>0r.</strong></span> <span class='ocrx_word' id='word_1_853' title='bbox 3238 5150 3291 5213; x_wconf 71' lang='lat' dir='ltr'><strong>l,</strong></span> <span class='ocrx_word' id='word_1_854' title='bbox 3317 5143 3361 5216; x_wconf 83' lang='grc' dir='ltr'>ᾧ</span> <span class='ocrx_word' id='word_1_855' title='bbox 3387 5148 3479 5203; x_wconf 78' lang='grc' dir='ltr'><strong>καὶ</strong></span> <span class='ocrx_word' id='word_1_856' title='bbox 3508 5165 3698 5221; x_wconf 81' lang='grc' dir='ltr'>πανη-</span> 
     </span>
    </p>
   </div>
   <div class='ocr_carea' id='block_1_116' title="bbox 2112 5219 3688 5291">
    <p class='ocr_par' dir='ltr' id='par_1_116' title="bbox 2112 5219 3688 5291">
     <span class='ocr_line' id='line_1_117' title="bbox 2112 5219 3688 5291; baseline -0.001 -18"><span class='ocrx_word' id='word_1_857' title='bbox 2112 5219 2429 5291; x_wconf 80' lang='grc' dir='ltr'>γυρίζομεν.</span> <span class='ocrx_word' id='word_1_858' title='bbox 2466 5238 2485 5271; x_wconf 82' lang='grc' dir='ltr'><strong>ι</strong></span> <span class='ocrx_word' id='word_1_859' title='bbox 2520 5219 2618 5291; x_wconf 81' lang='lat' dir='ltr'><strong>Cui</strong></span> <span class='ocrx_word' id='word_1_860' title='bbox 2640 5221 2799 5291; x_wconf 81' lang='lat' dir='ltr'><strong>etiam</strong></span> <span class='ocrx_word' id='word_1_861' title='bbox 2823 5222 3014 5291; x_wconf 78' lang='lat' dir='ltr'><strong>festum</strong></span> <span class='ocrx_word' id='word_1_862' title='bbox 3044 5220 3184 5275; x_wconf 89' lang='lat' dir='ltr'><strong>diem</strong></span> <span class='ocrx_word' id='word_1_863' title='bbox 3223 5219 3688 5275; x_wconf 56' lang='lat' dir='ltr'><strong>consecramus.)</strong></span> 
     </span>
    </p>
   </div>
   <div class='ocr_carea' id='block_1_117' title="bbox 2185 5289 2969 5358">
    <p class='ocr_par' dir='ltr' id='par_1_117' title="bbox 2185 5289 2969 5358">
     <span class='ocr_line' id='line_1_118' title="bbox 2185 5289 2969 5358; baseline -0.001 -15"><span class='ocrx_word' id='word_1_864' title='bbox 2185 5289 2322 5358; x_wconf 68' lang='grc'>(70)</span> <span class='ocrx_word' id='word_1_865' title='bbox 2364 5290 2480 5355; x_wconf 84' lang='grc' dir='ltr'><strong>Ὧς.</strong></span> <span class='ocrx_word' id='word_1_866' title='bbox 2515 5290 2664 5343; x_wconf 84' lang='lat' dir='ltr'><strong>Pass.</strong></span> <span class='ocrx_word' id='word_1_867' title='bbox 2696 5289 2863 5352; x_wconf 86' lang='lat' dir='ltr'><strong>addit,</strong></span> <span class='ocrx_word' id='word_1_868' title='bbox 2888 5289 2969 5343; x_wconf 89' lang='grc' dir='ltr'>τό.</span> 
     </span>
    </p>
   </div>
   <div class='ocr_carea' id='block_1_118' title="bbox 2181 5352 3741 5432">
    <p class='ocr_par' dir='ltr' id='par_1_118' title="bbox 2181 5352 3741 5432">
     <span class='ocr_line' id='line_1_119' title="bbox 2181 5352 3741 5432; baseline 0 -19"><span class='ocrx_word' id='word_1_869' title='bbox 2181 5352 2295 5430; x_wconf 84' lang='lat' dir='ltr'>(7t)</span> <span class='ocrx_word' id='word_1_870' title='bbox 2327 5352 2571 5432; x_wconf 58' lang='grc' dir='ltr'>φύσεις.</span> <span class='ocrx_word' id='word_1_871' title='bbox 2611 5359 2701 5432; x_wconf 73' lang='lat' dir='ltr'><strong>Sic</strong></span> <span class='ocrx_word' id='word_1_872' title='bbox 2724 5358 2907 5428; x_wconf 89' lang='lat' dir='ltr'><strong>plures</strong></span> <span class='ocrx_word' id='word_1_873' title='bbox 2924 5359 3117 5430; x_wconf 74' lang='lat' dir='ltr'><strong>ltegg..</strong></span> <span class='ocrx_word' id='word_1_874' title='bbox 3145 5367 3271 5414; x_wconf 94' lang='lat' dir='ltr'><strong>octo</strong></span> <span class='ocrx_word' id='word_1_875' title='bbox 3302 5358 3479 5423; x_wconf 91' lang='lat' dir='ltr'><strong>Colb.,</strong></span> <span class='ocrx_word' id='word_1_876' title='bbox 3520 5359 3696 5415; x_wconf 89' lang='lat' dir='ltr'><strong>Coisl.</strong></span> 
     </span>
    </p>
   </div>
   <div class='ocr_carea' id='block_1_119' title="bbox 2107 5428 2763 5498">
    <p class='ocr_par' dir='ltr' id='par_1_119' title="bbox 2107 5428 2763 5498">
     <span class='ocr_line' id='line_1_120' title="bbox 2107 5428 2763 5498; baseline -0.006 -13"><span class='ocrx_word' id='word_1_877' title='bbox 2107 5431 2163 5495; x_wconf 73' lang='lat'><strong>2,</strong></span> <span class='ocrx_word' id='word_1_878' title='bbox 2192 5428 2304 5484; x_wconf 31' lang='lat' dir='ltr'><strong>&#39;etc&#39;.</strong></span> <span class='ocrx_word' id='word_1_879' title='bbox 2345 5429 2403 5483; x_wconf 82' lang='lat' dir='ltr'><strong>In</strong></span> <span class='ocrx_word' id='word_1_880' title='bbox 2427 5431 2534 5491; x_wconf 68' lang='grc' dir='ltr'><strong>ρει..</strong></span> <span class='ocrx_word' id='word_1_881' title='bbox 2581 5428 2763 5498; x_wconf 82' lang='grc' dir='ltr'>φύσιν.</span> 
     </span>
    </p>
   </div>
   <div class='ocr_carea' id='block_1_120' title="bbox 2182 5497 3697 5624">
    <p class='ocr_par' dir='ltr' id='par_1_120' title="bbox 2182 5497 3697 5624">
     <span class='ocr_line' id='line_1_121' title="bbox 2182 5497 3697 5624; baseline 0.001 -70"><span class='ocrx_word' id='word_1_882' title='bbox 2182 5501 2294 5624; x_wconf 67' lang='grc'>(72)</span> <span class='ocrx_word' id='word_1_883' title='bbox 2335 5499 2698 5622; x_wconf 54' lang='grc' dir='ltr'>Ὀμῗτιμίανκ</span> <span class='ocrx_word' id='word_1_884' title='bbox 2753 5498 3002 5568; x_wconf 81' lang='lat' dir='ltr'><strong>Quinque</strong></span> <span class='ocrx_word' id='word_1_885' title='bbox 3036 5498 3228 5570; x_wconf 82' lang='lat' dir='ltr'><strong>Regg.,</strong></span> <span class='ocrx_word' id='word_1_886' title='bbox 3277 5497 3463 5554; x_wconf 87' lang='lat' dir='ltr'><strong>decem</strong></span> <span class='ocrx_word' id='word_1_887' title='bbox 3509 5497 3697 5562; x_wconf 86' lang='lat' dir='ltr'><strong>Colb.,</strong></span> 
     </span>
     <span class='ocr_line' id='line_1_122' title="bbox 2182 5586 2557 5624; baseline -0.003 0"><span class='ocrx_word' id='word_1_888' title='bbox 2182 5587 2240 5624; x_wconf 71' lang='grc' dir='ltr'><strong>ξ..</strong></span> <span class='ocrx_word' id='word_1_889' title='bbox 2290 5587 2447 5624; x_wconf 78' lang='grc' dir='ltr'>σοτιμ</span> <span class='ocrx_word' id='word_1_890' title='bbox 2474 5586 2557 5623; x_wconf 88' lang='grc' dir='ltr'><strong>αν.</strong></span> 
     </span>
    </p>
   </div>
   <div class='ocr_carea' id='block_1_121' title="bbox 2110 5581 2557 5627">
    <p class='ocr_par' dir='ltr' id='par_1_121' title="bbox 2110 5581 2557 5627">
     <span class='ocr_line' id='line_1_123' title="bbox 2110 5581 2557 5627; baseline -0.009 0"><span class='ocrx_word' id='word_1_891' title='bbox 2110 5581 2240 5627; x_wconf 90' lang='lat' dir='ltr'><strong>etc..</strong></span> <span class='ocrx_word' id='word_1_892' title='bbox 2269 5581 2557 5627; x_wconf 73' lang='grc' dir='ltr'>ἰσοτιμίαν.</span> 
     </span>
    </p>
   </div>
   <div class='ocr_carea' id='block_1_122' title="bbox 2185 5587 3703 5712">
    <p class='ocr_par' dir='ltr' id='par_1_122' title="bbox 2185 5587 3703 5712">
     <span class='ocr_line' id='line_1_124' title="bbox 2185 5587 2557 5639; baseline -0.005 -14"><span class='ocrx_word' id='word_1_893' title='bbox 2185 5587 2240 5627; x_wconf 75' lang='grc' dir='ltr'><strong>ε..</strong></span> <span class='ocrx_word' id='word_1_894' title='bbox 2269 5587 2557 5639; x_wconf 86' lang='grc' dir='ltr'>ισοτιμιαν.</span> 
     </span>
     <span class='ocr_line' id='line_1_125' title="bbox 2185 5634 3703 5712; baseline 0.001 -18"><span class='ocrx_word' id='word_1_895' title='bbox 2185 5642 2300 5712; x_wconf 78' lang='grc'>(75)</span> <span class='ocrx_word' id='word_1_896' title='bbox 2330 5643 2547 5712; x_wconf 63' lang='grc' dir='ltr'>Ἄλλος</span> <span class='ocrx_word' id='word_1_897' title='bbox 2571 5634 2734 5712; x_wconf 34' lang='grc' dir='ltr'>οἶος-τ-</span> <span class='ocrx_word' id='word_1_898' title='bbox 2769 5657 2789 5691; x_wconf 79' lang='grc' dir='ltr'><strong>ι</strong></span> <span class='ocrx_word' id='word_1_899' title='bbox 2818 5639 3019 5712; x_wconf 73' lang='lat' dir='ltr'><strong>Alium,</strong></span> <span class='ocrx_word' id='word_1_900' title='bbox 3044 5639 3339 5712; x_wconf 66' lang='lat' dir='ltr'><strong>qualisego</strong></span> <span class='ocrx_word' id='word_1_901' title='bbox 3367 5653 3508 5712; x_wconf 88' lang='lat' dir='ltr'><strong>sum.</strong></span> <span class='ocrx_word' id='word_1_902' title='bbox 3543 5656 3562 5692; x_wconf 74' lang='grc' dir='ltr'><strong>ι</strong></span> <span class='ocrx_word' id='word_1_903' title='bbox 3604 5637 3703 5696; x_wconf 87' lang='lat' dir='ltr'><strong>Sic</strong></span> 
     </span>
    </p>
   </div>
   <div class='ocr_carea' id='block_1_123' title="bbox 2111 5705 3407 5783">
    <p class='ocr_par' dir='ltr' id='par_1_123' title="bbox 2111 5705 3407 5783">
     <span class='ocr_line' id='line_1_126' title="bbox 2111 5705 3407 5783; baseline -0.005 -14"><span class='ocrx_word' id='word_1_904' title='bbox 2111 5705 2374 5783; x_wconf 45' lang='lat' dir='ltr'><strong>Coisl.],</strong></span> <span class='ocrx_word' id='word_1_905' title='bbox 2408 5705 2582 5767; x_wconf 80' lang='lat' dir='ltr'><strong>Nicet.</strong></span> <span class='ocrx_word' id='word_1_906' title='bbox 2618 5705 2887 5767; x_wconf 30' lang='lat' dir='ltr'><strong>et’Comb.</strong></span> <span class='ocrx_word' id='word_1_907' title='bbox 2922 5705 3081 5765; x_wconf 77' lang='lat' dir='ltr'><strong>Deest</strong></span> <span class='ocrx_word' id='word_1_908' title='bbox 3099 5705 3210 5774; x_wconf 77' lang='grc' dir='ltr'>οἶος</span> <span class='ocrx_word' id='word_1_909' title='bbox 3237 5705 3295 5765; x_wconf 75' lang='lat' dir='ltr'><strong>iri</strong></span> <span class='ocrx_word' id='word_1_910' title='bbox 3321 5710 3407 5765; x_wconf 82' lang='lat' dir='ltr'><strong>ed.</strong></span> 
     </span>
    </p>
   </div>
  </div>
