3902 6218
320 323 433 383 “5

1310 400 1315 403 η
1359 328 1621 387 ORATIO
1658 328 1797 387 XLI.
1838 361 1906 372 —-—
1946 331 2013 385 ΙΝ
2053 332 2577 389 PENTECOSTEN.

3490 308 3597 394 tis

317 438 458 508 ἐγὼ,
485 432 831 495 καθίσταται.
888 438 1059 494 Τοῦτο
1084 441 1142 495 δὲ
1173 443 1613 507 συνδεσποτείας,
1653 443 1768 498 ἀλλ’
1818 444 1897 499 οὑι

2020 446 2198 515 qualis
2226 461 2328 516 ego
2358 462 2501 512 sum,
2536 444 2843 501 conStituit.
2877 443 2988 500 Hoc
3042 460 3205 516 porro
3249 462 3443 502 nomen
3504 466 3600 519 pa-

314 529 550 598 ἀτιμίας
580 530 771 602 ὄνομα.
802 531 877 585 Τὸ
908 531 1039 603 γὰρ,
1070 532 1263 602 ἄλλος
1282 572 1299 599 ,
1347 534 1449 588 οὑκ
1495 537 1590 589 ἐπὶ
1621 536 1731 590 τῶν
1759 537 1913 591 ἀλλο·

315 622 514 693 τρὶων,
548 621 663 675 ἀλλ’
692 622 788 676 ὲπὶ
813 622 923 677 τῶν
966 624 1271 695 ὁμοουσίων
1302 621 1421 681 οἶδα
1448 627 1765 699 λεγόμενον.
1824 630 1913 683 Ἐν

315 714 600 781 γλώσσαις
626 714 705 779 δὲ,
729 715 821 770 διὰ
850 714 952 787 τὴν
987 716 1127 787 πρὸς
1158 717 1249 770 τὸν
1271 716 1444 787 Λόγον
1470 720 1765 775 οίκείωσιν.
1803 721 1913 773 IIu-

316 806 501 876 ρξναις
526 807 604 871 δὲ,
634 806 783 879 ζητῶ
812 809 1038 881 πότερον
1072 809 1163 863 διὰ
1194 809 1295 883 τὴν
1339 811 1608 885 κάθαρσιν
1632 808 1772 886 (οἶδε
1801 813 1911 886 γὰρ

312 900 344 950 ὁ
377 898 536 967 λόγος
581 901 739 971 ἡμῶν
785 902 879 954 καὶ
924 900 1037 973 πῦρ
1068 902 1468 975 καθαρτήριοι),
1525 904 1601 969 ὡς
1641 906 1913 976 πανταχό-

314 990 410 1042 θεν
436 990 553 1063 [74]
614 992 963 1065 βουλομένοις
1010 995 1247 1066 ὑπάρχει
1306 995 1533 1067 μαθεῖν)
1558 1014 1572 1028 ο
1609 997 1643 1069 ἢ
1691 998 1781 1051 διὰ
1811 997 1910 1070 τὴν

311 1083 533 1137 οὐσίαν.
560 1084 680 1156 Πῦρ
701 1085 809 1158 γάρ
834 1088 863 1139 ὀ
883 1086 1014 1150 Θεὸς
1037 1086 1214 1158 ἡμῶν,
1243 1087 1336 1141 καὶ
1370 1087 1482 1159 πῦρ
1512 1089 1908 1142 καταναλίσκον

312 1174 416 1245 τὴν
454 1175 777 1246 μοχθηρίαν,
804 1176 905 1231 κᾶν
944 1177 1107 1232 πάλιν
1152 1179 1468 1249 ἀγανακτῇς
1508 1179 1587 1250 τῷ
1647 1181 1909 1251 ὑμοουσίῳ

312 1265 841 1337 στενοχωρούμενος.
875 1267 1282 1340 Μεριζομέναις
1317 1268 1395 1330 δὲ,
1428 1269 1519 1324 διά
1570 1270 1632 1324 τὸ
1670 1270 1780 1325 τῶν
1807 1289 1906 1342 χα-

315 1357 603 1429 ρισμάτων
626 1358 883 1431 διάφορον
902 1374 917 1390 ⁸
940 1360 1336 1432 καθεξομέναις
1358 1362 1438 1428 δὲ,
1471 1362 1561 1417 διὰ
1602 1363 1663 1418 τὸ
1700 1364 1909 1435 βασιλι-

312 1448 437 1513 κὸν,
470 1450 565 1503 καὶ
592 1450 692 1522 τὴν
721 1452 779 1505 ὲν
807 1454 920 1516 τοῖς
953 1451 1065 1524 (75)
1088 1452 1265 1522 ἁγίοις
1289 1454 1597 1510 ἀνάπαυσιν
1614 1472 1629 1487 ·
1663 1457 1786 1510 ἐπεὶ
1812 1459 1907 1512 καὶ

311 1539 456 1594 Θεοῦ
481 1541 671 1614 θρόνος
701 1544 771 1597 τὰ
807 1544 1094 1616 χερουϐίμ.
1147 1547 1236 1599 Ἐν
1266 1545 1501 1620 ὑπερῴῳ
1542 1548 1597 1602 δὲ
1618 1550 1688 1621 (εί
1722 1551 1796 1622 μή
1827 1566 1905 1622 τῳ

311 1634 738 1706 περιεργότερος
762 1632 911 1697 εἶναι
944 1637 1083 1691 δοκῶ
1107 1637 1203 1692 τοῦ
1235 1639 1494 1711 δέοντος),
1524 1640 1613 1695 διὰ
1641 1642 1740 1712 τὴν
1769 1643 1903 1697 ἀνά-

2022 553 2135 592 rem
2160 539 2371 607 imperii
2400 538 2627 607 gradum
2665 539 2889 604 iudicat,
2923 553 3030 593 non
3057 538 3433 609 ignominiam.
3478 540 3595 599 Vox

2022 629 2190 695 enim,
2220 630 2383 694 alius,
2417 644 2524 683 non
2560 630 2627 683 de
2656 628 2872 692 alienis,
2931 630 3026 685 sed
3075 631 3145 685 de
3201 630 3292 698 iis,
3354 646 3587 701 quorum

2012 722 2200 776 eadem
2238 721 2543 778 substantia
2573 732 2679 786 est,
2714 732 3029 791 usurpatur.
3063 721 3182 778 Jam
3210 736 3339 779 vero
3369 723 3424 778 in
3478 724 3588 779 lin-

2012 814 2133 884 guis
2193 819 2439 882 apparet,
2495 822 2715 883 propter
2792 814 3171 882 cognationem
3225 829 3382 882 eam,
3425 830 3589 884 quam

2012 919 2135 958 cum
2169 902 2347 958 Verbo
2373 903 2555 958 habet.
2586 903 2698 957 Cur
2727 912 2910 957 autem
2965 904 3017 957 in
3067 903 3267 971 linguis
3314 902 3590 975 igneis”?

2015 995 2208 1050 Utrum
2248 1003 2472 1064 pr0pter
2498 994 2872 1066 purgationem
2910 994 3074 1065 (ignis
3112 1007 3294 1050 autem
3350 1011 3586 1066 purgan-

2013 1086 2082 1139 tis
2108 1086 2395 1155 Scriptura
2447 1085 2717 1152 meminit,
2784 1086 3242 1153 quemadmodum
3289 1084 3463 1139 cuivis
3507 1086 3590 1139 di-

2010 1192 2164 1233 scere
2195 1188 2507 1246 promptum
2538 1178 2684 1245 est);
2719 1192 2790 1231 an
2825 1190 2956 1231 vero
2986 1184 3206 1245 propter
3241 1176 3536 1230 essentiam
3564 1175 3591 1229 Ἰ

2010 1266 2154 1322 Deus
2184 1268 2330 1322 enim
2354 1275 2541 1322 noster
2565 1266 2706 1337 ignis
2737 1275 2822 1321 est
2848 1266 2914 1331 '°,
2948 1274 3003 1319 et
3031 1266 3250 1335 quidem
3290 1266 3432 1334 ignis
3484 1265 3590 1325 im,-

2009 1359 2337 1428 probitatem
2379 1358 2715 1425 absumens,
2753 1357 3110 1413 discrucieris
3166 1372 3387 1413 rursum
3462 1355 3591 1411 licet

2009 1461 2233 1522 propter
2286 1450 2813 1507 consubstantialem
2865 1451 2918 1505 in
2966 1449 3248 1520 angustias
3314 1448 3584 1504 redactus.

2005 1542 2183 1609 Atque
2222 1539 2275 1595 in
2316 1538 2616 1610 dispertitis
2637 1541 2857 1609 quidem
2890 1538 3089 1609 linguis
3117 1546 3344 1609 apparet
3378 1537 3449 1602 τί,
3507 1537 3581 1591 ob

2006 1634 2304 1705 gratiarum
2385 1632 2793 1699 diversitatem;
2873 1632 3189 1687 sedentibus
3247 1641 3427 1686 autem
3494 1630 3586 1694 ",

313 1726 478 1779 ϐασιν
509 1725 618 1780 τῶν
645 1727 965 1800 δεξομένων,
995 1731 1088 1784 καὶ
1110 1730 1209 1803 τὴν
1238 1731 1477 1803 χαμόθεν
1501 1732 1754 1805 ἔπαρσιν·
1781 1735 1897 1788 ἐπεὶ

2010 1732 2226 1796 propter
2250 1738 2411 1794 regite
2441 1722 2727 1794 dignitatis
2770 1722 3189 1787 excellentiam,
3229 1722 3456 1793 ejusque
3489 1736 3584 1775 su-

310 1816 412 1871 καὶ
444 1817 601 1872 ὕδασι
655 1819 820 1883 θείοις
878 1822 1102 1893 ὑπερῷά
1152 1840 1273 1876 τινα
1326 1803 1669 1894 πεγάζεται,
1721 1826 1790 1879 δι’
1824 1817 1897 1881 ὧν

2010 1831 2105 1887 per
2135 1824 2352 1873 sanctos
2375 1816 2655 1886 requiem;
2683 1814 3128 1886 quandoquidem
3180 1816 3323 1871 Deus
3366 1829 3586 1885 quoque

309 1909 567 1979 ὑμνεῖται
600 1910 754 1976 Θεός.
804 1912 919 1966 Καὶ
985 1912 1193 1984 Ἰησοῦς
1223 1914 1388 1979 αὐτὸς
1437 1916 1496 1969 ὲν
1543 1915 1775 1988 ὑπερῴῳ
1803 1916 1897 1970 τοῦ

309 2002 619 2074 μυστηρίου
644 2007 891 2057 κοινωνεῖ
918 2007 1030 2070 τοῖς
1065 2005 1137 2059 τά
1180 2005 1487 2079 ὑψηλότερα
1526 2006 1895 2079 τελουμένοις,

309 2095 405 2148 ἵνα
441 2095 619 2150 ὲκεῖνο
645 2097 1006 2171 παραδειχθῇ,
1037 2099 1120 2152 ὅτι
1152 2098 1215 2152 τὸ
1241 2100 1342 2171 μέν
1388 2117 1440 2153 τι
1492 2099 1793 2172 κατασῆναι
1824 2100 1907 2155 δεῖ

307 2185 448 2241 Θεὸν
476 2188 612 2260 πρὸς
644 2191 813 2261 ἡμᾶς,
843 2190 873 2243 ὃ
910 2191 1005 2244 καὶ
1031 2190 1297 2263 πρότερον
1331 2190 1424 2245 ἐπὶ
1457 2192 1742 2257 Μωῦσέως
1787 2188 1906 2249 οἶδα

272 2336 275 2341 ν
309 2278 643 2351 γενόμενον,
693 2281 752 2335 τὸ
798 2281 856 2334 δὲ
910 2282 1058 2354 ἡμᾶς
1096 2281 1404 2353 ἀναϐῆναι,
1450 2283 1546 2336 καὶ
1583 2282 1727 2337 οὕτω
1754 2283 1905 2352 γενέ-

307 2372 441 2425 σθαι
468 2372 580 2443 (76)
610 2374 896 2427 κοινωνίαν
926 2374 1062 2428 Θεοῦ
1093 2374 1231 2447 πρὸς
1267 2373 1609 2447 ἀνθρώπους,
1631 2377 1732 2447 τῆς
1749 2375 1908 2442 ἀξίας

308 2461 760 2534 συγκιρναμένης
817 2462 961 2527 Ἕως
1012 2464 1058 2518 δ’
1099 2463 1167 2518 ἂν
1202 2465 1465 2536 ἑκάτερον
1497 2465 1592 2520 ἐπὶ
1638 2466 1737 2537 τῆς
1772 2467 1907 2533 ἰδίας

310 2548 477 2624 μένῃ,
534 2550 595 2606 τὸ
655 2552 755 2623 μὲν
788 2554 1076 2627 περιωπῆς
1105 2555 1255 2627 (77),
1306 2555 1368 2609 τὸ
1400 2555 1456 2610 δὲ
1500 2556 1903 2624 ταπεινώσεως,

304 2643 544 2712 ἄμικτος
573 2647 605 2715 ή
641 2645 935 2717 ἀγαθότης,
971 2648 1063 2701 καὶ
1089 2647 1151 2701 τὸ
1181 2647 1565 2721 φιλάνθρωπον
1601 2648 1903 2723 ἀκοινώνη-

304 2753 404 2789 τον
429 2752 443 2764 ·
476 2738 571 2791 καὶ
618 2738 805 2810 χάσμα
837 2740 948 2811 (78)
972 2742 1031 2793 ὲν
1062 2741 1212 2813 μέσῳ
1245 2741 1390 2813 μέγα
1445 2743 1541 2797 καὶ¹
1591 2742 1900 2800 ἀδιάϐατον.

303 2828 371 2881 οὐ
399 2829 490 2883 τὸν
510 2830 762 2886 πλούσιον
789 2832 883 2886 τοῦ
905 2834 1158 2905 Λαζάρου
1197 2834 1378 2903 μόνον,
1406 2836 1499 2888 καὶ
1521 2834 1632 2889 τῶν
1659 2834 1902 2906 ὀρεκτῶν

317 2918 576 2993 Ἀϐραὰμ
597 2922 815 2977 κόλπων
843 2924 1100 2997 διεῖργον,
1150 2924 1249 2997 τὴν
1271 2925 1329 2979 δὲ
1352 2925 1585 2998 γενητὴν
1612 2925 1776 2996 φύσιν
1802 2927 1900 2981 καὶ

302 3009 565 3081 ῥέουσαν,
594 3014 695 3086 τῆς
731 3015 995 3089 ἀγενήτου
1035 3016 1145 3090 (79)
1175 3018 1269 3072 καὶ
1292 3019 1604 3091 ἑστηκυίας.

2007 1923 2105 1977 pro
2134 1908 2330 1963 throno
2358 1907 2690 1963 cberubinos
2713 1908 2875 1963 habet
2899 1907 2968 1962 ⁷⁸.
2990 1905 3049 1961 In
3065 1904 3347 1962 caenaculo
3393 1919 3521 1959 vero
3537 1901 3586 1936 ’⁸

2005 1999 2133 2073 (nisi
2160 1999 2303 2055 forte
2334 1999 2604 2056 curiosius
2664 2014 2826 2071 quam
2864 2014 2966 2069 par
3009 1998 3104 2064 sit,
3163 1998 3266 2054 ista
3325 1995 3584 2068 persequi

2000 2093 2233 2164 videor),
2262 2103 2487 2165 propter
2529 2107 2719 2150 eorum
2759 2094 2851 2164 qui
2894 2091 3169 2163 accepturi
3203 2099 3347 2158 sunt,
3391 2104 3586 2145 ascen-

2002 2188 2244 2254 sionem,
2297 2197 2462 2259 atque
2510 2202 2542 2243 a
2615 2197 2760 2243 terra
2818 2186 3227 2243 subvectionem
3284 2200 3301 2239 :
3353 2197 3480 2237 nam
3527 2190 3586 2238 et

2001 2281 2285 2337 cenacula
2315 2281 2565 2352 quaedam
2596 2280 2799 2335 divinis
2830 2280 3008 2350 aquis,
3040 2293 3071 2333 a
3102 2278 3300 2349 quibus
3332 2275 3423 2331 Dei
3445 2289 3575 2346 quo-

2002 2386 2110 2443 que
2136 2372 2327 2427 laudes
2358 2371 2725 2438 celebrantur,
2761 2371 2866 2439 tegi
2909 2369 3220 2424 audivimus
3279 2366 3350 2423 ⁷⁵.
3400 2364 3580 2435 Atque

2003 2464 2121 2535 ipse
2145 2462 2326 2527 Jesus,
2360 2477 2486 2517 cum
2515 2461 2930 2516 sublimioribus
2952 2459 3118 2515 rebus
3145 2457 3443 2528 discipulos
3474 2456 3581 2510 ini-

2003 2555 2186 2622 tiaret,
2220 2557 2543 2625 mysterium
2614 2553 2745 2623 ipsis
2804 2556 2858 2607 in
2894 2550 3180 2607 cenaculo
3229 2548 3473 2618 impertit
3508 2547 3578 2611 ⁷⁸,

2001 2654 2059 2701 ut
2089 2645 2217 2701 illud
2249 2645 2537 2709 indicetur,
2559 2653 2616 2700 et
2648 2645 2818 2699 Deum
2845 2645 2911 2696 ad
2938 2657 3037 2697 nos
3058 2640 3390 2696 descendere
3417 2653 3582 2709 opor-

2002 2747 2138 2802 tere,
2168 2735 2632 2807 quemadmodum
2682 2733 2812 2790 olim
2840 2735 2892 2788 in
2921 2732 3108 2804 Moyse
3140 2731 3437 2801 contigisse
3468 2729 3580 2784 sci-

1999 2845 2121 2885 mus
2147 2830 2216 2897 ⁷⁷,
2256 2838 2311 2884 et
2339 2844 2440 2883 nos
2481 2830 2550 2884 ad
2608 2841 2731 2881 eum
2783 2823 3101 2889 ascendere,
3160 2823 3349 2892 sicque
3407 2820 3576 2876 Deum

1998 2938 2121 2979 cum
2143 2920 2456 2977 hominibus
2467 2919 2803 2979 consortium
2822 2915 3578 2988 inire,7&.1dignitatecom-

1996 3016 2180 3074 mista.
2209 3014 2457 3084 Quandiu
2487 3022 2668 3069 autem
2734 3023 2962 3080 uterque
2998 3010 3056 3065 in
3084 3008 3318 3081 propriis
3358 3021 3577 3063 manse-

303 3104 402 3168 rit,
431 3103 573 3161 Deus
607 3106 815 3163 scilicet
840 3111 893 3163 in
934 3124 1033 3165 sua
1080 3110 1317 3180 specula,
1376 3119 1431 3167 et
1476 3112 1640 3168 homo
1668 3112 1724 3167 in
1783 3109 2093 3167 humilitate
2157 3123 2282 3175 sua,
2349 3121 2451 3164 nec
2481 3106 2698 3162 bonitas
2759 3102 3102 3168 miscebitur,
3173 3114 3275 3156 nec
3322 3099 3571 3171 benigni-

302 3207 396 3251 tas
460 3200 987 3269 communicabitur;
1060 3204 1155 3259 sed
1225 3203 1333 3259 erit
1368 3220 1623 3276 magnum
1671 3218 1728 3262 et
1774 3203 2152 3261 inextricabile
2212 3204 2380 3260 chaos
2419 3199 2760 3270 interiectum
2816 3200 2885 3265 ",
2936 3213 3043 3254 non
3114 3198 3274 3253 modo
3338 3197 3566 3253 divitem

299 3306 333 3343 a
367 3288 600 3360 Lazaro,
631 3302 686 3349 et
704 3297 1007 3365 expetendo
1051 3296 1142 3354 illo
1166 3296 1543 3369 Abrabzesinu
1590 3298 1875 3366 dirimens,
1914 3312 2102 3353 verum
2130 3297 2297 3354 etiam
2343 3302 2687 3369 procreatam
2747 3302 2804 3349 et
2870 3290 3069 3347 ﬂuxam
3101 3298 3264 3361 atque
3312 3289 3573 3345 caducam

300 3392 586 3445 naturam.
620 3387 689 3442 ab
724 3387 965 3443 increata
991 3397 1045 3444 et
1067 3388 1270 3444 stabili.

380 3480 477 3533 II".
506 3481 678 3535 Τουτο
700 3483 981 3556 ἐκηρύχθη
1016 3484 1115 3555 μὲν
1143 3483 1249 3539 ὑπὸ
1270 3484 1380 3539 τῶν
1402 3485 1716 3559 προφητῶν,
1745 3486 1821 3551 ὡς
1839 3486 1897 3541 ὲν

2073 3479 2215 3538 XIII.
2254 3478 2358 3535 Hic
2413 3494 2443 3533 a
2499 3474 2783 3548 prophetis
2829 3471 3050 3543 quidem
3096 3467 3421 3540 praedicatus
3467 3471 3574 3531 est,

300 3566 384 3637 τῷ
412 3568 548 3640 (80),
577 3570 825 3642 Πνεῦμα
844 3572 1066 3643 Κυρίου
1092 3574 1185 3627 ἐπ’
1212 3574 1319 3644 ἐμέ
1347 3575 1463 3647 (81)
1483 3592 1499 3606 ο
1546 3578 1643 3632 καὶ
1661 3619 1676 3644 ,
1732 3578 1892 3631 Ἀνα-

298 3660 602 3716 παύσεται
622 3662 718 3717 ἐπ’
745 3664 933 3719 αὑτὸν
959 3665 1113 3720 ἑπτὰ
1142 3668 1461 3737 Πνεύματα
1478 3683 1491 3698 ’
1523 3669 1640 3735 καὶ,
1661 3668 1892 3739 Κατέϐη

268 3753 551 3827 ⁸Πνεῦμιιι
576 3755 797 3824 Κυρίου
829 3755 962 3828 (82),
997 3756 1096 3810 καὶ
1127 3756 1444 3827 ὡδήγησεν
1468 3760 1691 3825 αὐτούς
1714 3776 1730 3791 ο
1777 3760 1890 3824 καὶ,

299 3843 533 3914 Πνεῦμα
562 3846 875 3917 ἐπιστήμης
924 3847 1212 3921 ὲμπλῆσαν
1259 3849 1523 3920 Βεσελεὴλ
1552 3850 1643 3903 τὸν
1676 3851 1895 3922 ἀρχιτέ-

298 3952 472 3990 κτονα
524 3937 624 4008 τῆς
678 3937 885 4008 σκηνῆς
908 3953 920 3967 ·
957 3938 1051 3995 καὶ
1075 3980 1090 4005 ,
1142 3938 1369 4010 Πνεῦμα
1412 3938 1850 4012 παροξυνόμενον
1873 3958 1888 3974 ·

300 4027 422 4091 καὶ,
461 4026 688 4098 Πνεῦμα
712 4026 912 4100 ὲξᾶραν
944 4028 1133 4084 Ἠλίαν
1191 4033 1248 4085 ὲν
1277 4030 1504 4103 ἅρματι,
1536 4032 1632 4086 καὶ
1658 4032 1894 4104 ζητηθὲν

1998 3572 2457 3647 quemadmodum
2540 3583 2609 3624 ex
2690 3567 2778 3623 his
2840 3564 3146 3634 Scriptum
3188 3559 3323 3615 locis
3383 3565 3569 3627 patet:

1999 3668 2232 3737 Spiritus
2258 3664 2472 3719 Domini
2506 3677 2663 3731 super
2682 3676 2765 3713 nte
2790 3658 2871 3713 τοι
2907 3665 2983 3715 et.
3036 3653 3374 3725 Requiescent
3422 3667 3573 3720 super

1995 3777 2115 3815 eum
2145 3758 2374 3828 Spiritus
2426 3764 2618 3825 septem
2649 3754 2732 3808 "z
2792 3751 2947 3817 item,
3012 3748 3292 3803 Descendit
3338 3745 3574 3816 Spiritus

1994 3838 2234 3917 deini,
2270 3858 2318 3904 et
2346 3847 2564 3902 deduxit
2587 3862 2673 3900 eos
2711 3845 2755 3877 ’ί
2788 3859 2804 3899 :
2839 3843 2906 3897 ad
2946 3842 3082 3908 haec,
3110 3839 3350 3911 Spiritus
3383 3840 3570 3894 scien-

1997 3943 2085 3997 tiae
2115 3958 2143 3995 a
2166 3957 2273 4011 quo
2298 3938 2557 4002 Beseleel,
2581 3933 2921 3992 tabernaculi
2965 3932 3321 3995 architectus,
3390 3929 3573 3998 imple-

1994 4040 2086 4088 tus
2117 4042 2201 4087 est
2228 4030 2274 4063 ⁸⁸
2307 4044 2409 4084 :ac
2472 4038 2756 4098 prmterea,
2821 4023 3061 4092 Spiritus
3112 4022 3179 4075 ad
3233 4020 3571 4075 iracundiam

309 4114 471 4187 παρά
507 4116 811 4170 Ἐλισσαίου
866 4117 1185 4173 διπλάσιον⁶
1216 4119 1332 4184 καὶ,
1389 4118 1657 4191 πνεύματι
1703 4120 1894 4192 ἀγαθῷ

2010 4132 2331 4179 )rovocatus
2353 4122 2401 4155 ⁸⁸
2432 4139 2446 4175 :
2486 4120 2725 4188 insuper,
2757 4115 2993 4185 Spiritus
3013 4113 3107 4184 qui
3139 4111 3388 4166 Eliam'in
3404 4126 3570 4167 curru

300 4209 401 4261 καὶ
430 4207 745 4279 ἡγεμονικῷ
777 4209 942 4263 Δαϐἱδ
966 4210 1327 4282 όδηγοὺμενός
1354 4229 1414 4265 τε
1444 4214 1538 4266 καὶ
1569 4213 1893 4285 στηριζόμε-

299 4315 414 4360 νος.
462 4297 807 4369 Ἐπηγγέλθη
841 4297 919 4365 δὲ,
949 4299 1053 4353 ὑπὸ
1098 4300 1196 4370 μὲν
1238 4300 1390 4372 Ἰωὴλ
1437 4303 1736 4373 πρότερονο
1784 4303 1891 4358 Καὶ

293 4391 478 4443 ἔσται
505 4388 576 4442 ἐν
604 4388 734 4456 ταῖς
758 4390 1047 4459 ἐσχάταις
1086 4391 1355 4461 ἡμέραις,
1388 4393 1707 4464 λέγοντος·
1757 4396 1889 4450 Ἐκ-

1989 4214 2207 4277 extulit,
2237 4228 2300 4267 ac
2335 4210 2529 4280 duplex
2555 4211 2622 4263 ab
2656 4208 2840 4262 Eliseo
2873 4206 3176 4274 postulatus
3201 4211 3287 4258 est
3316 4201 3363 4236 “
3388 4221 3401 4257 :
3431 4202 3569 4257 adde

1995 4308 2244 4375 spiritum
2277 4305 2475 4359 bonum
2519 4312 2576 4357 et
2615 4298 2966 4371 principalem
3006 4295 3075 4361 ⁸⁵,
3107 4309 3215 4365 quo
3248 4294 3431 4349 David'
3475 4294 3569 4348 de-

1997 4400 2213 4453 ducitur
2240 4407 2295 4453 et
2325 4396 2697 4451 conﬁrmatur.
2729 4391 3033 4446 l‘romissus
3054 4397 3236 4443 autem
3268 4396 3381 4454 est;
3408 4382 3560 4456 prius

296 4480 421 4551 χεῶ
464 4480 585 4537 ἀπὸ
621 4483 732 4538 τοῦ
774 4484 1121 4555 ΙΙνεύματός
1168 4504 1289 4556 μου
1319 4486 1420 4540 ἐπὶ
1454 4486 1662 4542 πᾶσαν
1686 4488 1887 4557 σάρκα

2010 4490 2219 4560 quidem
2251 4504 2281 4543 a
2315 4487 2465 4544 Joele
2492 4487 2578 4541 his
2604 4482 2786 4540 verbis
2813 4491 3004 4537 utente
3035 4499 3050 4537 :
3085 4478 3157 4533 Et
3205 4480 3307 4536 erit
3357 4479 3415 4532 in
3474 4494 3570 4531 no-

372 4643 419 4676 "
448 4642 570 4697 Act.
604 4642 714 4706 ",5
736 4659 853 4714 sqq.
927 4644 976 4676 ⁷⁸
1006 4644 1161 4699 Deut.
1206 4662 1279 4707 Iv,
1318 4646 1409 4701 24.
1489 4649 1533 4679 ⁷¹
1567 4648 1683 4702 Act.
1710 4666 1768 4712 ιι,
1800 4650 1853 4703 5.

2010 4652 2129 4704 ibid.
2204 4650 2252 4681 ⁷³
2282 4649 2384 4703 lsa.
2411 4663 2619 4707 xxxvii,
2654 4646 2742 4701 16.
2820 4643 2866 4675 ⁷⁸
2895 4642 3014 4714 Apt-
3045 4655 3081 4705 I,
3119 4638 3205 4693 15.
3261 4638 3329 4714 ,⁷³
3359 4634 3564 4714 ῌΑῐῖρε.

294 4730 458 4787 “ut.
489 4713 599 4787 53“:
630 4716 750 4787 ᾼοι.
778 4713 855 4775 1x,
915 4714 1013 4787 5?.
1080 4715 1131 4787 "_
1164 4715 1292 4787 Luc.
1348 4733 1481 4778 χχιι,
1518 4718 1588 4771 ἓ2
1621 4735 1740 4787 sqq.

300 4782 476 4909 xuii.
552 4783 595 4814 ⁸⁸
630 4783 734 4840 Isa.
769 4799 925 4852 Lxm,
954 4784 1040 4840 M.
1116 4785 1161 4817 ⁸³
1192 4786 1364 4841 Exod.
1406 4804 1569 4854 xxxv,
1612 4782 1682 4844 50
1706 4782 1850 4861 'sqq.

296 4874 355 4918 ι,
459 4894 476 4909 .

376 4994 491 5066 (74)
520 4992 926 5066 ραν-τριχόθεν.
964 4991 1130 5063 Regg.
1175 4991 1285 5058 bm,
1335 4993 1430 5063 ph,
1470 4993 1657 5050 decem
1705 4993 1885 5061 Colb.,

295 5062 431 5119 eui.
462 5062 811 5133 πολλαχόθεν.

372 5134 489 5205 (75)
518 5131 816 5205 εἘκτοῒς.
862 5131 994 5205 Reg.
1044 5132 1115 5198 ph
1150 5140 1206 5187 et
1243 5146 1339 5188 sex
1356 5132 1555 5205 μου»,
1580 5132 1684 5205 ἐπὶ
1743 5137 1884 5199 τοῖς.

369 5201 488 5274 (76)
515 5204 630 5275 K_at
664 5201 1148 5275 oﬁtw_rsré0'0at.
1193 5212 1298 5275 etc.
1325 5202 1525 5275 _Nicet.
1554 5203 1887 5275 _2uyxtpvw-

300 5270 477 5346 μένου
490 5273 584 5328 τοῦ
614 5274 756 5328 θείου
780 5270 1088 5346 ἀξιώματος
1102 5275 1168 5344 τῇ
1200 5272 1463 5346 εὐτελείᾳ·
1500 5291 1518 5324 ι
1554 5270 1887 5346 Ιλίνίιιιιίιηιι-

291 5343 500 5415 ᾔρειειιο
528 5360 588 5399 se
638 5356 837 5397 nostra:
860 5344 1059 5415 vilitati
1095 5343 1498 5415 commisceu'te.
1537 5361 1556 5394 ι
1589 5343 1701 5397 Νοιι
1750 5344 1888 5415 bene

296 5413 491 5472 Billius
525 5428 542 5468 :
589 5433 607 5466 ι
644 5416 832 5481 sicque
858 5413 998 5466 inter
1023 5414 1190 5468 Demn
1211 5413 1524 5468 ethomines
1550 5413 1882 5469 consortium

297 5486 455 5565 iniri,
515 5485 801 5565 utriusque
834 5482 1104 5565 _videlicet
1144 5483 1419 5565 dignitate
1459 5484 1610 5565 inter.
1634 5499 1694 5538 se
1728 5499 1882 5538 com-

1817 4719 2039 4774 "Exml.
2076 4736 2155 4787 ιιι,
2206 4718 2261 4772 2.
2341 4719 2387 4751 ⁷⁸
2415 4719 2543 4773 Luc.
2579 4733 2687 4779 xvi,
2736 4716 2826 4769 26.

1951 4792 1997 4823 ⁸³
2033 4781 2152 4847 Ιειι.’
2196 4804 2350 4856 um,
2415 4789 2500 4844 10.
2579 4788 2626 4820 ⁸⁸
2657 4788 2721 4843 lV
2767 4788 2895 4857 lteg.
2950 4798 3011 4847 ιι,
3071 4781 3104 4835 9
3135 4795 3255 4849 sqq.

2908 4710 2948 4742 "
2978 4711 3080 4767 lsa.
3114 4726 3224 4773 LXI,
3254 4709 3303 4762 1.
3378 4708 3424 4739 ⁸⁰
3458 4708 3562 4762 Isa.

2950 4798 3010 4832 ιι.
3071 4781 3104 4832 9
3135 4795 3255 4832 sua.
3340 4778 3385 4810 ⁸⁸
3422 4778 3562 4832 Psal.

3463 4795 3565 4834 sat.

2060 4996 2173 5068 (78)
2202 4995 2443 5068 Χάσμα,
2454 5005 2555 5068 etc.
2604 5015 2625 5049 ι
2652 4997 2883 5065 Vorago,
2924 4996 3103 5068 hiatus
3115 5007 3347 5068 magnus
3375 5000 3428 5045 et
3458 4989 3564 5068 ἰηι-

1988 5061 2355 5134 ροέιηεηίιίιίέ.
2377 5086 2394 5117 ι
2421 5066 2606 5123 Plures
2630 5061 2843 5122 codicés
2875 5068 2977 5122 hoc
3009 5065 3199 5123 ordine
3217 5061 3444 5131 legunt:
3466 5061 3564 5133 χά-

1990 5153 2112 5208 σμσε
2125 5136 2268 5208 μέγα
2287 5138 2343 5190 ὲν
2368 5136 2537 5208 μέσῳ-

2063 5200 2173 5278 (79)
2206 5200 2555 5278 Τενιίτὴνξξ..
2590 5206 2905 5276 dra-11701).
2960 5205 3050 5278 Sic
3080 5202 3321 5275 plerique
3345 5200 3564 5271 optimis

1989 5276 2311 5349 not'm_co(l_cl.
2346 5278 2404 5349 _ln
2432 5276 2915 5349 ed.,_ysv_qui;v...
2957 5276 3275 5349 ἀγεννήτου.

2071 5344 2181 5415 (80)
2211 5347 2309 5416 Ὡς
2334 5346 2404 5399 ἐν
2430 5344 2529 5410 τῷ.
2556 5346 2646 5401 Sic
2676 5344 2926 5416 liegg'.iet
2955 5345 3104 5416 Qolb.
3132 5344 3330 5414 plures.
3351 5345 3410 5399 In
3435 5355 3562 5399 n'on-

1989 5414 2172 5487 nullis,
2198 5415 2275 5487 ὡς
2303 5415 2361 5469 ἒν
2381 5416 2469 5487 τό.
2490 5414 2813 5487 Ιιι-θιίηέως
2839 5415 2898 5469 ἓν
2930 5414 3027 5487 τῷ.

2063 5478 2177 5557 (81)
2220 5486 2346 5540 Ἐπ’
2367 5485 2490 5557 ἐμέ.
2528 5478 3232 5557 Νοιιηιιιιίἐοάόῌιιίᾶιιηι,
3255 5478 3318 5541 οὗ
3351 5484 3560 5538 εἵνεκεν

297 5546 559 5627 ηιίειέιχι
602 5546 760 5624 quasi
799 5553 979 5624 aliqua
1018 5561 1163 5609 esset
1188 5546 1422 5609 Hominis
1466 5553 1700 5624 dignitas
1756 5569 1878 5609 cum
1984 5546 2170 5627 ξχρισέ
2199 5572 2287 5627 με.
2324 5575 2343 5608 ι
2373 5546 2663 5626 Propterea
2692 5557 2846 5611 unxit
2872 5572 2977 5612 me.
3009 5573 3028 5608 ι
3052 5554 3144 5611 Sic
3166 5546 3330 5611 etiam
3354 5557 3560 5627 legerat

298 5627 414 5681 Deo
447 5624 660 5688 collata.

373 5695 489 5765 (77)
518 5691 847 5765 Περιωπῆς.
883 5691 973 5750 Sic
1022 5693 1146 5750 Bas.
1176 5694 1262 5751 ed.
1303 5701 1360 5751 et
1397 5692 1586 5752 Comb.
1623 5694 1750 5764 Alii,
1780 5712 1877 5751 πε-

298 5764 521 5837 ριοπῆς,
547 5764 705 5823 male.
734 5765 889 5820 Ευιτ.

1980 5624 2188 5681 Billius.

2052 5696 2167 5769 (8‘2)
2210 5694 2455 5767 Πνεῦμα
2479 5695 2723 5766 Kvplov.
2773 5693 2831 5752 In
2892 5696 3231 5768 quibusdam,
3273 5696 3423 5770 παρά
3446 5697 3558 5755 Κυ-

1954 5814 1957 5817 .
1981 5766 2117 5837 ρίου.
