3902 6218
385 286 493 341 447

1592 287 1650 343 S.
1694 285 2025 343 GREGORII
2067 285 2417 343 THEOLOGI

3554 281 3675 338 “8

385 402 617 457 vissimis
637 401 819 457 diebus
851 419 870 457 :
903 402 1195 473 Eﬂ'undam
1220 406 1285 460 de
1309 404 1513 476 Spiritu
1537 422 1651 461 meo
1677 421 1835 476 super
1856 423 1954 459 ont-

2067 406 2309 478 (δηλαδὴ
2342 406 2442 477 τὴν
2469 404 2834 459 πιστεύουσαν
2866 402 3038 476 [85]),
3068 402 3168 457 καὶ
3193 402 3290 456 ἐπὶ
3316 399 3460 467 τοὺς
3490 400 3671 469 υἱοὺς

388 511 506 548 nem
539 511 750 550 carnem
774 493 1006 567 (scilicet
1030 498 1134 553 title
1162 498 1494 570 praeditam),
1546 509 1595 553 et
1625 516 1784 568 super
1828 498 1967 559 ﬁlios

387 596 587 642 vestros
616 599 664 642 et
708 606 865 659 super
888 591 1029 660 ﬁlias
1057 604 1252 646 vestras
1281 592 1352 658 ⁸⁸,
1380 602 1433 647 et
1470 606 1591 662 qua
1615 601 1918 662 sequuntur
1949 608 1964 657 ;

386 691 575 749 postea
611 692 793 737 autem
824 684 893 738 ab
928 685 1045 754 ipso
1067 698 1283 754 quoque
1308 683 1595 752 Jesu,qui,
1638 694 1698 738 ut
1744 700 1774 738 a
1842 671 1969 753 Spi-

390 770 499 823 ritu
534 769 872 840 gloriﬁcatur
893 772 958 837 ⁸⁷,
989 775 1064 827 ita
1098 774 1338 828 vicissim
1366 790 1585 845 quoque
1632 778 1808 844 ipsum
1849 774 1967 845 glo-

388 860 1079 931 riticat;quemadmodum
1119 874 1173 919 et
1195 864 1411 920 Patrem
1473 866 1766 936 gloriﬁcat,
1817 873 1873 920 et
1932 880 1961 919 ε

385 951 545 1008 Patre
577 954 913 1023 glorificatur
938 957 1004 1011 ⁸⁸.
1074 958 1140 1012 Et
1202 959 1322 1014 haec
1368 960 1591 1028 quidem
1645 958 1963 1029 promissio,
2008 970 2013 975 ‘

385 1062 546 1117 quam
594 1049 739 1120 larga
772 1060 827 1105 ct
858 1052 1074 1121 copiosa
1098 1058 1203 1115 est,
1240 1051 1357 1106 fore
1383 1062 1442 1106 ιιι
1471 1052 1522 1105 in
1545 1060 1807 1106 aeternum
1836 1064 1963 1120 per-

383 1150 603 1194 maneat
627 1142 711 1208 Ili’;
754 1144 867 1197 sive
898 1159 1039 1200 nunc
1077 1159 1201 1199 cum
1234 1144 1320 1199 his
1362 1144 1451 1213 qui
1479 1159 1576 1212 per
1623 1147 1852 1212 tempus'
1885 1142 1966 1197 di-

385 1225 475 1293 gni
507 1238 699 1295 erunt;
736 1231 850 1285 sive
877 1230 931 1284 in
968 1242 1249 1301 posterum
1273 1248 1395 1288 cum
1420 1235 1527 1297 his,
1592 1235 1684 1302 qui
1737 1231 1963 1286 alterius

2075 496 2262 567 ὑμῶν,
2300 498 2397 551 καὶ
2428 498 2527 551 ἐπὶ
2557 499 2664 563 τὰς
2693 497 3022 567 θυγατέρας
3052 493 3239 564 ὑμῶν,
3273 493 3369 547 καὶ
3396 493 3464 547 τὰ
3498 493 3629 565 ἑξῆς
3648 511 3665 524 ⁸

2076 590 2180 643 ὑπὸ
2217 589 2275 643 δὲ
2321 589 2496 661 Ἰησοῦ
2529 589 2622 643 xui.
2669 588 2917 659 ὕστερον,
2962 586 3320 657 δοξαζομένου
3353 601 3414 637 τε
3443 586 3538 637 καὶ
3571 586 3672 638 άν-

2072 681 2461 748 τιδοξάξοντος,
2494 680 2571 745 ὡς
2609 679 2701 733 τὸν
2730 678 2970 750 Πατέρα,
3004 678 3097 732 καὶ
3126 676 3232 730 ὑπὸ
3279 674 3374 729 τοῦ
3423 675 3666 746 Πατρός.

2074 774 2184 827 Καὶ
2206 776 2238 842 ἡ
2271 772 2595 842 ἐπαγγελία,
2630 772 2704 836 ὡς
2765 771 2997 843 δαψιλὴς
3024 812 3038 837 ,
3099 767 3521 832 συνδιαιωνίζειν
3550 767 3664 838 (84)

2072 865 2167 918 καὶ
2193 864 2665 935 συμπαραμενεῖν,
2694 864 2870 916 εῖτουν
2900 859 2995 916 νῦν
3019 863 3134 925 τοῖς
3155 859 3298 914 κατὰ
3329 859 3519 929 καιρὸν
3546 857 3663 927 (85)

2072 953 2242 1020 ἀξίοις
2271 995 2284 1017 ,
2321 952 2431 1004 εἴτε
2466 951 2692 1024 ὕστερον
2741 952 2853 1015 τοῖς
2903 950 3012 1005 τῶν
3060 951 3239 1004 ἐκεῖσε
3299 947 3660 1018 ἀξιουμένοις,

2070 1046 2198 1099 ὅταν
2231 1044 2522 1115 ὁλόκληρον
2549 1043 2683 1096 αὐτὸ
2731 1045 2798 1114 τῇ
2834 1043 3081 1114 πολιτείᾳ
3116 1041 3462 1111 φυλάξωμεν.
3523 1039 3665 1094 ἀλλὰ

2075 1134 2150 1205 μὴ
2180 1132 2432 1186 τοσοῦτον
2466 1131 2833 1203 ἀποϐάλωμεν
2858 1172 2873 1198 ,
2921 1131 3044 1185 καθ’
3072 1133 3194 1187 ὅσον
3234 1131 3300 1185 ἂν
3331 1130 3665 1201 ἁμαρτάνω-

2075 1240 2195 1294 μεν.

383 1322 479 1375 αξνί
514 1324 671 1378 bonis
702 1325 848 1396 digni
878 1326 1253 1392 habebuntur;
1294 1339 1648 1398 posteaquam
1701 1327 1954 1382 videlicet
1991 1324 2169 1394 ipsum
2231 1332 2328 1386 per
2396 1316 2684 1371 honestam
2735 1316 3125 1386 etpraaclaram
3193 1316 3318 1372 vitat
3383 1317 3651 1372 rationem

382 1413 650 1484 integrum
735 1420 1156 1485 servaverimus,
1224 1436 1290 1476 ac
1362 1437 1471 1476 non
1511 1423 1793 1491 hactenus
1821 1416 2188 1477 amiserimus,
2241 1419 2509 1480 quiatenus
2539 1410 2591 1462 in
2620 1421 2901 1477 peccatum
2937 1407 3173 1479 prolapsi
3224 1408 3493 1463 fuerimus

452 1509 595 1567 XIV.
656 1512 756 1569 Hic
819 1514 1058 1583 Spiritus
1119 1532 1243 1572 cum
1304 1517 1441 1572 Filio
1497 1518 1714 1587 quidem
1776 1530 1954 1571 rerum

2144 1509 2243 1560 IA'.
2307 1504 2479 1558 Τοῦτο
2530 1504 2590 1558 τὸ
2648 1503 2873 1575 Πνεῦμα
2925 1499 3346 1576 συνδημιουργεί
3398 1505 3496 1576 μὲν
3544 1504 3664 1576 Υῐῷ

382 1605 711 1660 creationem
745 1618 797 1661 et
835 1608 1288 1663 resurrectionem
1345 1609 1664 1665 fabricatur.
1726 1608 1954 1664 Suadeat

2067 1599 2163 1652 καὶ
2192 1597 2290 1668 τὴν
2350 1597 2528 1650 κτίσιν
2579 1597 2675 1650 καὶ
2702 1595 2799 1667 τὴν
2829 1597 3148 1655 ἀνάστασιν.
3190 1597 3302 1651 Καὶ
3334 1598 3568 1651 πειθέτω
3598 1616 3662 1651 σε

384 1696 478 1749 tibi
512 1697 700 1752 istud:
745 1698 914 1752 Verbo
953 1700 1170 1755 Domini
1209 1703 1323 1757 caeli
1352 1702 1552 1768 ﬁrmati
1584 1711 1729 1767 sunt,
1770 1710 1818 1754 et
1842 1700 1954 1769 Spi-

2067 1688 2150 1753 τὺ,
2194 1687 2279 1753 Τῷ
2320 1687 2490 1756 Λόγῳ
2532 1686 2756 1753 Κυρίου
2789 1688 2843 1739 οἱ
2885 1685 3130 1754 οὐρανοὶ
3181 1684 3660 1753 ἐστερεώθησαν,

382 1790 489 1843 ritu
516 1791 623 1844 oris
647 1791 760 1861 ejus
788 1795 954 1846 omnis
979 1793 1147 1847 virtus
1177 1810 1356 1847 eorum
1387 1795 1433 1826 '°
1460 1812 1476 1861 ;
1500 1804 1577 1858 et,
1613 1794 1847 1861 Spiritus
1872 1794 1957 1847 di-

381 1882 552 1946 viuus,
577 1884 667 1951 qui
698 1883 821 1953 fecit
844 1901 925 1939 me
958 1901 977 1938 :
1014 1883 1204 1938 Flatus
1232 1887 1623 1955 omnipotentis,
1662 1888 1752 1956 qui
1811 1886 1959 1939 docet

378 1987 463 2025 me
491 1972 653 2038 ";et
700 1990 911 2040 rursus,
969 1975 1190 2031 Emittes
1240 1976 1501 2047 Spiritum
1550 1988 1699 2030 tuum
1738 1988 1786 2031 et
1821 1994 1963 2031 crea-

383 2072 599 2134 buulur,
631 2081 679 2126 et
716 2074 989 2128 renovabis
1012 2075 1198 2129 faciem
1229 2083 1383 2130 terra:
1412 2078 1479 2131 ".
1517 2077 1613 2132 Est
1643 2079 1805 2133 etiam
1869 2078 1960 2133 ille

389 2164 689 2231 spiritualis
737 2167 1171 2236 regenerationis
1232 2179 1443 2223 auctor.
1500 2169 1669 2237 Hujus
1732 2171 1810 2224 rei
1865 2170 1958 2226 tibi

383 2256 540 2312 tidem
563 2255 742 2324 faciat,
778 2261 919 2327 quod
958 2257 1212 2314 Christus
1242 2261 1318 2313 ait
1352 2278 1367 2315 :
1404 2259 1678 2315 Neminem
1734 2278 1958 2333 regnum

381 2359 552 2413 uidere
587 2368 679 2412 aut
699 2360 930 2429 accipere
958 2375 1126 2428 posse,
1164 2360 1265 2416 nisi
1296 2362 1387 2431 qui
1421 2379 1512 2431 per
1563 2359 1820 2428 Spiritum
1868 2364 1960 2417 de-

378 2466 540 2517 super
575 2461 787 2505 renatus
813 2451 973 2520 fuerit
1000 2451 1070 2518 9',
1140 2467 1203 2506 ac
1230 2469 1328 2523 per
1364 2455 1612 2509 diurnam
1638 2466 1694 2511 et
1720 2456 1955 2511 lucidam

381 2536 541 2613 742
572 2543 927 2606 creationem,
949 2558 1053 2612 qua
1086 2558 1180 2613 per
1208 2560 1328 2599 sese
1359 2548 1590 2616 quisque
1654 2547 1896 2619 fingitur,
1927 2563 1957 2602 a

378 2636 546 2703 priori
564 2635 933 2703 generatione,
948 2652 1068 2704 quae
1094 2638 1271 2692 noctis
1287 2654 1548 2694 arcanum
1577 2649 1682 2704 est,
1701 2641 1960 2710 purilica-

381 2735 466 2780 tus
498 2725 680 2782 fuerit.
703 2726 799 2783 llic
818 2727 1076 2797 Spiritus,
1103 2737 1290 2798 utpote
1315 2731 1777 2800 sapientissimus,
1796 2744 1959 2802 atque

379 2818 656 2872 hominum
692 2820 1119 2884 amantissimus,
1171 2822 1214 2875 si
1246 2832 1522 2891 pastorem
1541 2832 1738 2879 nactus
1776 2825 1956 2888 fuerit,

379 2911 605 2979 psaltem
637 2911 815 2977 efﬁcit,
856 2930 1055 2970 oravos
1102 2916 1327 2984 spiritus
1368 2916 1763 2984 incantantem,
1798 2928 1960 2988 atque

378 3011 592 3066 lsraelis
615 3027 794 3084 regem
824 3015 1074 3084 designat
1101 3016 1173 3070 ".
1206 3013 1264 3070 Si
1290 3018 1600 3087 caprarium
1632 3035 1814 3075 moros
1846 3022 1961 3075 vel-

377 3111 653 3178 licantem,
706 3113 1027 3184 pmphetam
1048 3116 1245 3171 reddit.
1274 3117 1529 3173 Davidem
1560 3120 1607 3152 ”
1638 3129 1696 3174 et
1716 3122 1885 3177 Amos
1908 3124 1955 3156 “

376 3209 580 3274 cogita.
610 3205 665 3260 Si
712 3208 1110 3263 adolescentem
1137 3209 1379 3278 pulchrae
1405 3211 1603 3268 indolis
1656 3215 1950 3284 acceperit,

376 3299 826 3369 presbyterorum
894 3299 1135 3366 judicent
1211 3303 1511 3367 constituit,
1585 3304 1749 3374 idque
1793 3321 1956 3376 supra

375 3404 538 3458 quam
581 3390 757 3443 aetatis
782 3390 921 3445 ratio
947 3390 1088 3445 ferre
1113 3392 1348 3449 videtur.
1381 3393 1558 3450 Testis
1584 3407 1664 3451 est
1687 3398 1951 3465 Daniel",

376 3483 467 3548 qui
496 3483 681 3537 leones
714 3483 764 3536 in
792 3483 908 3538 lacu
938 3487 1231 3554 superavit.
1275 3486 1331 3542 Si
1375 3487 1675 3556 piscatores
1727 3491 1956 3549 invene-

378 3574 468 3635 rit,
498 3573 928 3637 Christoirretit,
957 3585 1015 3629 ut
1058 3577 1244 3631 orbem
1322 3578 1636 3635 universum
1684 3585 1955 3641 sermonis

379 3660 584 3713 retibus
639 3661 1087 3730 complectantur.
1141 3662 1361 3720 Petrum
1425 3670 1552 3723 mihi
1623 3680 1790 3740 atque
1828 3673 1944 3728 An-

375 3751 560 3804 dream
588 3750 795 3819 accipe,
835 3753 1169 3822 tonitruique
1222 3755 1361 3812 ﬁlios
1381 3759 1449 3824 ⁹⁸,
1501 3762 1591 3830 qui
1625 3762 1929 3831 spiritualia

378 3842 746 3896 intonuerunt.
786 3843 844 3897 Si
876 3845 1210 3913 publicanos,
1245 3851 1312 3903 ad
1328 3849 1705 3921 discipulatum
1728 3854 1944 3910 elucra-

377 3943 488 3998 tur,
518 3944 681 4004 atque
722 3936 1024 3990 animarum
1086 3941 1446 4010 negotiatores
1498 3944 1684 4000 efﬁcit.
1749 3946 1930 4004 Testis

376 4027 659 4084 Maitlncus
682 4028 749 4096 °°,
795 4030 912 4084 heri
975 4029 1338 4099 publicanus,
1387 4035 1545 4091 hodie
1584 4039 1935 4109 evangelista.

374 4119 433 4173 Si
463 4120 671 4176 feroces
697 4135 1090 4193 persecutores,
1131 4128 1307 4182 zelum
1350 4139 1670 4193 commutat,
1695 4147 1757 4187 ac
1816 4133 1954 4189 Pau-

377 4211 459 4266 los
505 4230 602 4283 pro
643 4215 823 4271 Saulis
861 4217 1010 4283 facit,
1038 4233 1138 4271 nec
1164 4220 1341 4273 minus
1372 4221 1489 4289 pios
1554 4223 1749 4288 reddit,
1788 4240 1949 4293 quam

376 4306 570 4374 impios
595 4306 899 4361 offenderat
931 4309 970 4363 ί.
1010 4308 1106 4362 llic
1131 4317 1185 4362 et
1217 4309 1462 4365 lenitatis
1482 4322 1567 4365 est
1605 4310 1871 4380 Spiritus;
1899 4324 1952 4369 et

2068 1777 2275 1843 καὶτῷ
2321 1777 2622 1844 Πνεύματι
2672 1775 2780 1829 τοῦ
2826 1776 3126 1845 στόματος
3173 1776 3362 1830 αὑτοῦ
3405 1775 3576 1830 πᾶσα
3622 1778 3662 1845 ἠ

2063 1868 2317 1938 δύναμις
2340 1864 2560 1921 αὐτῶν·
2598 1865 2843 1936 Πνεῦμά
2869 1884 2930 1919 τε
2954 1866 3117 1921 θεῖον
3144 1866 3212 1921 τὸ
3246 1866 3516 1935 ποιῆσὰν
3533 1885 3613 1936 με
3642 1885 3660 1897 ο

2062 1961 2227 2029 Πνοὴ
2252 1960 2319 2014 δὲ
2340 1959 2821 2028 παντοκράτορος
2846 1961 2879 2028 ἡ
2901 1958 3283 2014 διδάσκουσά
3303 1977 3376 2029 με
3398 1977 3411 1992 ’
3436 1960 3531 2012 καὶ
3555 1959 3663 2012 πά-

2061 2052 2145 2106 λιν
2170 2071 2182 2084 ·
2231 2050 2691 2118 Ἐξαποστελεῖς
2723 2050 2791 2104 τὸ
2815 2050 3060 2120 Πνεῦμά
3086 2048 3236 2115 σοι),
3277 2049 3374 2104 καὶ
3408 2048 3660 2116 κτιονθή⁴

2062 2162 2295 2210 σονται,
2345 2145 2443 2198 καὶ
2499 2143 2870 2209 ἀνακαινιεῒς
2914 2141 2982 2196 τὸ
3028 2143 3355 2211 πρόσωπον
3380 2142 3492 2210 τῆς
3522 2141 3655 2212 γῆς.

2061 2239 2398 2308 Δημιουργεί
2443 2235 2501 2288 δὲ
2547 2234 2659 2306 (86)
2693 2234 2790 2306 τὴν
2835 2235 3213 2307 πνευματικὴν
3258 2235 3656 2305 άναγέννησιψ

2061 2330 2157 2383 καὶ
2185 2328 2419 2381 πειθέτω
2469 2344 2529 2380 σε
2581 2327 2642 2379 τὸ
2666 2366 2680 2390 ,
2720 2326 2967 2394 Μηδένα
3003 2326 3299 2382 δύνασθαι
3342 2328 3459 2395 τὴν
3477 2328 3664 2392 ,ϐασι-

2059 2420 2234 2473 λείαν
2266 2418 2416 2471 ἰδεῖν
2446 2417 2485 2487 ἢ
2515 2417 2747 2484 λαϐεῖν,
2781 2417 2849 2484 ὅς
2874 2435 2963 2484 τις
2986 2416 3072 2487 μὴ
3103 2417 3334 2472 ἄνωθεν
3362 2419 3659 2489 ἐγεννήθη

2061 2511 2385 2578 Πνεύματι,
2421 2509 2518 2563 καὶ
2544 2508 2643 2580 τὴν
2674 2510 2950 2581 προτέραν
2992 2510 3330 2582 ἐκαθαρίσθη
3376 2510 3656 2582 γέννησιν,

2062 2603 2096 2675 ἢ
2127 2602 2323 2666 νυκτός
2355 2605 2472 2654 ἐστι
2505 2602 2825 2675 μυστήριον,
2860 2605 3099 2673 ἡμερινῇ
3127 2602 3222 2656 καὶ
3267 2606 3504 2674 φωτεινῇ
3536 2604 3658 2658 δια-

2063 2693 2283 2759 πλάσει,
2315 2695 2382 2766 ἢν
2416 2692 2539 2747 καθ’
2575 2693 2769 2747 ἑαυτὸν
2816 2692 2925 2764 (87)
2962 2693 3191 2756 ἕκαστος
3241 2693 3654 2749 διαπλάττεται.

2062 2783 2232 2837 Τοῦτο
2262 2784 2323 2838 τὸ
2354 2783 2582 2855 Πνεῦμα
2613 2783 2963 2855 (σοφώτατον
2991 2783 3099 2856 γάρ
3146 2786 3238 2837 καὶ
3274 2783 3660 2855 φιλανθρωπό-

2060 2893 2221 2929 τατον
2240 2875 2283 2943 ),
2318 2876 2383 2930 ἂν
2407 2875 2643 2946 ποιμένα
2668 2874 2829 2947 λάϐῃ,
2864 2874 3076 2947 ψάλτην
3107 2877 3269 2940 ποιεῖ,
3319 2875 3658 2945 πνευμάτων

2061 2967 2314 3038 πονηρῶν
2340 2966 2735 3037 κατεπᾴδοντα,
2772 2966 2866 3020 καὶ
2908 2966 3133 3036 βασιλέα
3155 2966 3248 3020 τοῦ
3282 2966 3500 3039 Ἰσραὴλ
3523 2968 3664 3023 ἀνα-

1987 3065 2029 3124 C
2062 3058 2335 3113 δείκνυσιν
2396 3058 2533 3130 (88).
2587 3058 2713 3112 Ἐὰν
2765 3058 2987 3112 αἰπόλον
3046 3060 3321 3130 συκάμινα
3375 3058 3654 3125 κνίζοντα,

2065 3154 2352 3226 προφήτην
2386 3152 2700 3223 ἐργάζεται.
2728 3152 2832 3206 Τὸν
2872 3152 3040 3208 Δαϐὶδ
3086 3152 3300 3207 καὶτὸν
3341 3152 3523 3223 Ἀμὼς
3564 3155 3656 3207 ἐν·

2062 3242 2354 3315 θυμήθητι.
2404 3243 2532 3298 Ἐὰν
2566 3244 2852 3315 μειράκιον
2886 3244 3086 3313 εὐφυὲς
3132 3244 3273 3319 λάϐῃ
3297 3284 3312 3310 ,
3344 3244 3654 3316 πρεσϐυτέ-

2063 3352 2172 3407 ρων
2201 3337 2349 3389 ποιεί
2381 3336 2576 3407 κριτὴν
2619 3335 2713 3388 καὶ
2761 3336 2891 3408 παρ’
2938 3335 3173 3407 ἡλικίαν.
3215 3337 3505 3408 Μαρτυρεῖ
3532 3340 3656 3391 Δα-

2058 3424 2200 3496 νιὴλ,
2222 3427 2251 3478 ό
2274 3427 2506 3497 νικήσας
2532 3427 2590 3479 ὲν
2611 3425 2800 3497 λάκκῳ
2827 3425 3070 3492 λέοντας.
3108 3427 3233 3481 Ἐάν
3263 3427 3454 3492 ἁλιέας
3484 3427 3646 3501 εὕρῃ,

2060 3517 2347 3590 σαγηνεύει
2377 3517 2616 3590 Χριστῷ,
2666 3518 2871 3588 κόσμον
2907 3519 3029 3573 ὅλον
3061 3522 3128 3592 τῇ
3159 3518 3253 3574 τοῦ
3281 3519 3439 3590 λόγου
3472 3522 3648 3594 πλοκῇ

2059 3608 2552 3680 συλλαμϐάνοντας.
2614 3610 2823 3682 Πέτρον
2880 3610 3013 3664 λάϐε
3049 3628 3177 3683 μοι,
3212 3612 3305 3665 καὶ
3368 3613 3647 3684 Ἀνδρέαν,

2058 3702 2152 3754 καὶ
2178 3702 2305 3767 τοὺς
2356 3701 2506 3766 υἱοὺς
2533 3701 2635 3772 τῆς
2672 3700 2920 3774 βροντῆς,
2949 3701 3018 3756 τὰ
3046 3702 3390 3774 πνευματικὰ
3415 3702 3648 3776 βροντή-

2058 3810 2275 3858 σαντας.
2324 3793 2450 3848 Ἐάν
2489 3795 2748 3859 τελώνας,
2784 3797 2865 3860 είς
2901 3794 3198 3866 μαθητείαν
3225 3795 3519 3865 κερδαίνει,
3554 3795 3650 3849 καὶ

2054 3885 2242 3956 ψυχῶν
2268 3886 2544 3958 ἐμπόρους
2575 3887 2919 3959 δημιουργεῖ.
2951 3887 3088 3956 Φησὶ
3126 3886 3426 3951 Ματθαῖος,
3472 3888 3501 3939 ὁ
3521 3887 3648 3956 χθὲς

2054 3976 2311 4047 τελώνης,
2347 3978 2442 4031 καὶ
2498 3979 2738 4050 σήμερον
2790 3979 3201 4050 εὐαγγελιστής.
3259 3979 3385 4033 Ἐὰν
3412 3978 3648 4044 διώκτας

2056 4067 2312 4139 θερμοὺς,
2368 4069 2462 4123 τὸν
2496 4069 2655 4139 ζῆλον
2691 4070 3035 4142 μετατίθησι,
3088 4070 3185 4124 καὶ
3217 4073 3362 4124 ποιεῖ
3399 4071 3646 4134 Παύλους

2033 4159 2177 4212 ἀντὶ
2205 4159 2446 4224 Σαύλων,
2482 4162 2578 4215 καὶ
2614 4162 2868 4217 τοσοῦτον
2893 4163 2974 4226 εἰς
3017 4162 3323 4226 εὐσέϐειαν,
3376 4164 3501 4216 ὅσον
3558 4166 3638 4227 εὶς

2055 4249 2252 4302 κακίαν
2275 4251 2594 4306 κατέλαϐεν.
2628 4250 2799 4305 Τοῦτο
2832 4253 2928 4306 καὶ
2968 4252 3195 4324 Πνεῦμά
3234 4254 3349 4307 ἐστι
3390 4256 3639 4325 πραότη-

2054 4357 2144 4403 τος
2162 4356 2177 4370 ο
2203 4341 2298 4393 καὶ
2325 4340 2688 4412 παροξύνεται
2711 4346 2825 4408 τοῖς
2858 4346 3283 4415 ἁμαρτάνουσιν.
3338 4345 3650 4417 Τοιγαροῦν

374 4408 552 4452 tmnen
582 4398 632 4450 in
668 4414 782 4464 eos,
810 4400 899 4469 qui
932 4411 1177 4469 peccant,
1205 4401 1743 4461 incitatur.’Pr0inde
1775 4407 1948 4463 lencm

2061 4398 2420 4503 πειραθῶμεν.
2441 4398 2516 4497 ὡς
2551 4435 2747 4505 πράου,
2800 4398 2911 4488 καὶι
2955 4398 3029 4507 μὴ
3062 4435 3301 4510 ὀργίλου,
3336 4398 3650 4509 τὴνυήέίξίαν

375 4493 546 4560 ipsum
576 4505 630 4545 et
652 4492 996 4562 clementem,
1039 4510 1145 4548 non
1183 4505 1362 4549 autem
1401 4496 1720 4552 iracundum
1778 4514 1944 4570 expe-

376 4584 602 4646 riamur,
630 4584 945 4651 dignitatem
990 4586 1160 4654 ipsius
1204 4588 1545 4656 conlitentes,
1585 4605 1649 4644 ac
1703 4589 1949 4662 blasphe-

374 4676 536 4729 miam
568 4674 853 4746 tugientcs,
903 4692 1003 4732 nec
1059 4692 1181 4731 eum
1255 4680 1673 4750 implacabiliter
1706 4683 1948 4738 irascen-

2043 4520 2451 4591 ὁμολογοῦντες,
2481 4524 2576 4576 καὶ
2600 4524 2661 4577 τὸ
2697 4524 3020 4597 βλάσφημον
3053 4528 3166 4598 (89)
3198 4528 3516 4597 φεύγοντες,
3550 4533 3651 4584 καὶ

2049 4613 2121 4683 μὴ
2152 4614 2502 4687 βουληθῶμεν
2532 4617 2661 4670 ἰδεῖν
2681 4618 3039 4690 ὀργιζόμενον
3063 4621 3453 4693 ἁσυγχὼρητα.
3474 4623 3650 4678 Τοῦτο

2047 4705 2193 4775 κάμὲ
2234 4708 2383 4759 ποιεῖ
2419 4708 2659 4779 σήμερον
2695 4709 2826 4780 ὑμῖν
2854 4709 3127 4782 τολμηρὸν
3159 4712 3375 4784 κήρυκα
3397 4728 3412 4742 ’
3468 4714 3519 4766 εἰ
3543 4714 3649 4784 μὲν

441 4834 487 4866 ⁸³
517 4831 630 4887 Joel
678 4849 744 4899 ιι,
795 4834 887 4889 28.
963 4833 1009 4867 ⁸⁷
1056 4834 1210 4889 Joan.
1238 4854 1351 4903 xw,
1385 4838 1471 4892 14.
1548 4840 1595 4873 ⁸⁸
1622 4839 1777 4896 Joan.
1812 4857 1954 4908 vm,.

497 4905 542 4931 οε
579 4904 696 4931 ΠηιιιΙ
778 4920 866 4931 Α...
938 4906 1005 4931 ’2η
1099 4908 1144 4931 ΩΙ
1202 4907 1323 4931 Ix---
1418 4925 1477 4931 -_-
1552 4912 1579 4931 μ
1713 4912 1757 4931 nt.
1793 4911 1810 4931 Ἰ
1851 4918 1885 4931 ιι

2117 4857 2346 4931 εἶξοειι.
2379 4859 2608 4931 κινΑϐ.
2636 4929 2643 4931 _
2672 4860 2729 4931 ν⁹⁰
2753 4859 2897 4914 Psai.
2936 4860 3172 4931 sxxu,6.
3248 4861 3295 4894 ’ί
3324 4859 3644 4931 Jobxxxm,

368 4904 420 4959 4.
497 4905 542 4936 ⁹¹
579 4904 715 4957 Psal.
778 4920 890 4967 ειιι,
937 4906 1024 4959 50.
1099 4908 1144 4938 ⁸³
1192 4907 1347 4961 Joau.
1418 4925 1501 4971 ιιι,
1550 4912 1602 4966 5.

439 5137 549 5207 (85)
596 5141 1041 5195 Πιστεύουσαν.
1072 5139 1238 5212 Regg.
1283 5141 1393 5207 bm,
1431 5143 1524 5213 ph,
1565 5153 1696 5211 etc.,
1730 5152 1953 5205 ’πιστεύ-

369 5223 558 5261 σασαν.

441 5278 551 5357 (ut)
582 5279 1069 5357 Σμνδιαιεονίζειν.
1107 5280 1197 5336 Sic
1222 5281 1388 5353 chg.
1420 5284 1530 5353 bm,
1564 5288 1654 5356 ph,
1686 5290 1851 5345 Coisl.
1898 5293 1948 5357 t,

368 5358 474 5399 etc.
504 5347 556 5399 In
580 5350 690 5407 εει..
724 5350 1135 5404 συνδιαιωνίσει.

443 5416 554 5487 (85)
592 5420 1008 5498 ΙςὶῖτᾲμκαιρόνΓ
1048 5441 1066 5472 ι
1105 5421 1210 5476 Pro
1241 5432 1499 5491 tempore,
1540 5442 1636 5495 per
1657 5439 1885 5498 tempus.
1923 5449 1941 5482 ι

374 5484 691 5570 hliuusapte
725 5490 843 5570 Bill.
874 5484 893 5539 ἱ
937 5495 1002 5543 ad
1045 5502 1277 5561 tempus,
1319 5484 1796 5567 i'quasi'Spiritus
1831 5518 1952 5570 gra-

372 5559 546 5629 tiaex
570 5572 630 5612 se
672 5576 691 5609 ‹
724 5561 789 5612 ad
822 5571 1037 5629 tempus
1071 5580 1089 5612 ι
1129 5559 1219 5617 sit.

443 5626 556 5708 (ὅθ)
591 5626 1057 5708 Δημιοιιργεῖζᾷἐ..
1109 5632 1201 5708 Sic
1241 5632 1421 5702 plures
1454 5635 1622 5708 Regg.
1675 5647 1729 5692 et
1772 5637 1948 5705 Colb.,

370 5695 581 5762 Cornix,
614 5695 718 5753 ειὸ.
749 5695 904 5754 Deest
941 5701 999 5753 δέ
1034 5702 1083 5752 in
1114 5704 1200 5756 ed.

443 5766 555 5837 (87)
600 5770 864 5825 Ἠν-καθ’
912 5772 1148 5836 ἑαυτόν,
1202 5782 1306 5829 etc.
1363 5793 1381 5826 ι
1419 5776 1622 5847 Suopte
1679 5780 1951 5850 proposito

584 4911 731 4998 l’sat‘.ll
761 4911 1024 4998 ιι(ξιιι,¹5().
1099 4911 1501 4998 iugatum"):
1550 4912 1602 4998 5:
1713 4911 1810 4998 9"
1849 4918 1954 4998 ιιςε

2061 4942 2121 4994 γι,
2160 4929 2227 4981 12
2271 4911 2388 4998 sqq.

370 4974 615 5037 xm,45.
685 4974 731 5006 σε
761 4974 956 5032 Matth.
992 4992 1063 5041 ιν,
1111 4977 1300 5031 18-21.
1372 4980 1417 5011 σθ
1446 4979 1636 5037 Matth.
1666 4986 1830 5050 “,9.
1907 4974 2221 5064 rasa-nr,

2501 4929 2822 4984 "ibid.li.
2929 4930 3142 4986 "Amos
3195 4946 3234 4999 ι,
3295 4933 3348 4987 1.
3428 4934 3473 4966 ⁸⁷
3502 4929 3640 4991 Dan.

2258 5000 2292 5055 5
2325 5015 2443 5068 sqq.

2058 5155 2653 5230 animiquevoluntate,
2695 5177 2715 5209 ι
2746 5166 2803 5211 ιιι
2822 5157 2897 5213 ait
2919 5157 3154 5214 Nicetas.
3182 5156 3354 5213 «Nam
3383 5158 3641 5230 baptismi

2058 5226 2395 5291 regeneratio
2431 5227 2618 5290 libera,
2644 5247 2662 5278 ι
2702 5236 2808 5281 etc.

2129 5295 2241 5361 (88)
2300 5296 2764 5351 Ἀναδείκνυσιν.
2799 5298 2910 5351 Duo
2943 5297 3097 5353 Colb.
3148 5306 3203 5353 et
3239 5297 3349 5353 Jes.
3383 5303 3586 5360 addunt
3619 5321 3635 5357 :

2069 5358 2195 5444 Ἐάν
2225 5358 2450 5444 νέονκέκ
2468 5367 2762 5444 ποιμένων,
2792 5369 3034 5444 ᾲριστέοι
3048 5370 3179 5444 κατ’Δ
3197 5358 3511 5444 ἀλλοφύλων
3544 5377 3638 5444 ἐρ-

2055 5436 2302 5509 γάζεται.
2354 5436 2539 5509 Ἔχεις
2559 5436 2658 5509 τὴν
2689 5436 2827 5509 κατὰ
2867 5437 3187 5509 τοῦίΓολιάθ
3225 5436 3380 5509 νίκην
3420 5443 3514 5496 τοῦ
3538 5436 3639 5497 Δα-

2050 5505 2135 5557 ϐὶδ
2172 5508 2559 5582 μαρτυροῦσαν
2582 5505 2660 5578 τῷ
2701 5507 2862 5577 λόγῳο
2906 5526 2925 5558 ι
2961 5508 3015 5562 Si
3038 5505 3448 5582 expostoribus
3478 5514 3637 5582 juve-

2051 5592 2196 5646 netu,
2229 5578 2505 5631 extraneis
2533 5584 2959 5646 praestantiorem
3001 5579 3181 5634 ellicit.
3219 5578 3400 5636 TeSIis
3431 5578 3515 5637 est
3548 5585 3634 5638 vi-

2052 5645 2223 5716 ctoria
2257 5660 2417 5716 quam
2466 5645 2634 5700 David
2681 5649 2941 5701 adversus
2988 5647 3201 5703 Golith
3241 5653 3562 5716 reportavit.
3603 5670 3629 5708 ι

2055 5715 2248 5786 Verum
2278 5714 2491 5786 Nicetas
2523 5717 2623 5769 ista
2649 5732 2754 5771 non
2789 5719 3053 5786 agnoscit,
3088 5734 3188 5773 nec
3219 5714 3441 5777 Ruﬁnus

2117 5784 2229 5858 (89)
2256 5784 2649 5857 Βλάσερημον.
2677 5784 2852 5855 Passi,
2878 5786 3235 5859 βλασφημεῖν.
