3902 6218
199 261 304 319 449

1236 258 1498 317 ORATIO
1534 258 1673 315 XLI.
1713 290 1770 300 —-
1822 256 1890 314 IN
1924 255 2448 315 PENTECOSTEN.

3372 240 3483 314 ιεέο

199 371 290 429 οὖν
323 373 436 446 (90)
464 373 619 429 οὐδὲν
643 374 986 447 πεισόμενον,
1019 373 1100 446 τῷ
1123 375 1246 448 Θεῷ
1272 377 1434 450 χάρις
1456 394 1471 407 ·
1513 378 1563 430 εί
1590 376 1647 431 δὲ
1682 394 1794 431 πει-

1908 384 2006 429 Lcm
2032 376 2218 430 videre
2241 377 2294 431 in
2323 374 2562 430 animum
2594 372 2936 429 inducamus.
2992 370 3095 428 llic
3151 386 3238 427 me
3266 386 3479 442 quoque

204 463 449 534 σόμενον,
481 465 576 518 καὶ
602 463 747 518 οὕτω
800 465 963 536 χάρις
987 481 1001 495 ·
1027 466 1089 519 τὸ
1122 466 1238 535 μὲν,
1267 466 1356 519 ἵνα
1397 466 1654 536 φείσηται
1687 466 1797 521 τῶν

208 555 507 626 μισούντων
527 556 678 627 ἡμᾶς
700 571 716 586 ·
740 556 801 609 τὸ
823 557 902 621 δὲ,
936 557 1002 610 ἵν’
1028 558 1176 628 ἡμᾶς
1206 557 1429 629 ἁγιάσῃ,
1463 556 1652 627 μισθὸν
1668 558 1791 613 τοῦ-

1900 467 2165 523 hodierno
2206 470 2293 524 die
2344 468 2716 539 praeﬁdentem
2765 476 2820 523 et
2873 466 3135 523 audacem
3174 481 3479 537 prwconem

1897 559 2121 614 reddit:
2173 561 2218 615 si
2266 561 2401 615 nihil
2432 570 2718 629 propterea
2758 576 3122 631 perpessurus
3169 576 3312 623 sum,
3368 558 3479 613 Deo

202 661 291 699 τον
325 646 434 718 (91)
465 646 728 710 λαϐόντας
754 646 856 717 τῆς
890 647 1199 719 ἱερουργίας
1222 645 1318 699 τοῦ
1339 645 1695 715 Εὑαγγελίου,
1726 646 1787 699 τὸ

1908 649 1968 704 sit
2031 654 2239 720 gratia;
2310 654 2355 707 si
2420 666 2600 706 autem
2688 668 3069 721 perpessurns,
3136 652 3216 704 sic
3266 664 3482 718 quoque

203 737 554 809 τελειωθῆναι
582 738 648 791 δι’
674 739 930 810 αἵματος.

1898 741 2009 795 Deo
2032 744 2207 812 gratia
2237 761 2251 797 :
2281 744 2536 809 alterum,
2571 754 2629 798 ut
2668 744 2752 811 iis,
2798 745 2887 813 qui
2912 744 3068 798 nobis
3092 742 3275 797 infesti
3333 751 3481 806 sunt,

206 845 391 905 parcat
424 853 440 890 :
472 835 723 902 alterum,
757 844 816 888 ut
845 850 945 889 nos
984 834 1308 899 sanctiﬁcet,
1350 835 1454 889 hoc
1502 832 1753 889 videlicet
1800 837 2096 906 evangelici
2131 838 2418 893 ministerii
2453 837 2732 908 praemium
2776 847 3118 905 consecutos,
3164 845 3221 890 ut
3254 843 3479 889 cruenta

205 939 378 982 morte
400 927 805 998 perfungamor.

272 1019 376 1071 IE'.
413 1015 663 1069 Ἐλάλουν
692 1016 792 1085 μὲν
821 1011 914 1069 οὗν
943 1013 1121 1079 ξέναις
1148 1012 1443 1083 γλώσσαις,
1475 1014 1571 1069 καὶ
1600 1015 1660 1067 οὐ
1692 1031 1790 1067 πα-

204 1110 376 1182 τρίοις
406 1107 540 1179 (92),
596 1108 693 1161 καὶ
734 1106 796 1159 τὸ
836 1106 1025 1177 θαῦμα
1068 1107 1232 1176 μέγα,
1257 1106 1415 1174 λόγος
1457 1106 1562 1159 ὑπὸ
1590 1105 1699 1160 τῶν
1732 1106 1795 1159 οὐ

209 1200 489 1273 μαθόντων
526 1198 690 1252 λαλού
699 1216 860 1269 μενος
881 1216 894 1229 ·
933 1197 1028 1251 καὶ
1045 1199 1105 1251 τὸ
1129 1200 1357 1269 σημεῖον
1389 1197 1499 1269 (95)
1530 1200 1643 1262 τοῖς
1669 1198 1797 1250 ἀπί-

206 1310 372 1358 στοις,
389 1293 449 1345 ob
476 1294 590 1355 τοῖς
617 1290 989 1355 πιστεύουσιν,
1024 1290 1089 1344 ἵν’
1114 1286 1269 1364 ᾗτῷν
1290 1291 1532 1343 ἀπίστων
1556 1291 1797 1361 κατήγο-

210 1404 319 1456 ρον,
344 1384 527 1449 καθὼς
555 1384 865 1454 γέγραπται
885 1398 900 1413 ·
933 1384 1056 1437 Ὅτι
1082 1383 1152 1436 ἐν
1172 1381 1645 1452 ἑτερογλώσσοις
1663 1382 1795 1454 (94),

206 1479 302 1532 καὶ
333 1480 404 1532 ἐν
425 1479 699 1548 χείλεσιν
727 1475 970 1545 ἑτέροις,
1000 1476 1257 1544 ,λαλήσω
1299 1475 1379 1542 τῷ
1417 1477 1548 1543 λαῷ
1585 1478 1795 1544 τούτῳ,

206 1568 303 1624 καὶ
324 1568 452 1622 οὐδ’
481 1568 672 1633 οὕτως
698 1567 1169 1621 εἰσακούσονταί
1182 1583 1303 1636 μου
1332 1565 1470 1637 (95),
1497 1565 1658 1636 λέγει
1681 1567 1797 1619 Κύ-

1974 1006 2090 1061 XV.
2126 1008 2197 1061 At
2223 1022 2351 1062 vero
2383 1007 2585 1074 linguns
2606 1008 2871 1072 externis,
2910 1024 3016 1063 non
3073 1017 3251 1061 autem
3286 1022 3481 1060 verna-

1899 1102 2056 1159 culis.
2084 1101 2312 1170 apostoli
2342 1100 2707 1168 loquebantur
2731 1102 2774 1166 ²,
2806 1100 3181 1171 singularique
3217 1098 3481 1152 miraculo

1900 1208 2085 1249 sermo
2110 1192 2177 1246 ab
2213 1192 2319 1255 his,
2378 1192 2469 1261 qni
2523 1207 2627 1245 non
2681 1191 3010 1256 didicerant,
3063 1190 3480 1260 proferebatur;

1901 1284 2712 1353 signumqueilludinlidelibus
2751 1294 2890 1349 erat,
2939 1299 3048 1338 non
3105 1282 3377 1347 ﬁdelibus,
3426 1289 3483 1334 ut

1906 1376 2202 1432 infidelium
2223 1386 2511 1430 accusator
2534 1384 2699 1439 esset,
2720 1377 2859 1429 sicut
2889 1375 3149 1444 scriptum
3173 1383 3257 1428 cst
3296 1390 3310 1428 :
3346 1372 3482 1438 Quo-

1906 1469 2048 1521 m’am
2073 1469 2126 1521 in
2157 1468 2281 1519 aliis
2311 1466 2534 1539 linguis,
2566 1474 2618 1519 et
2651 1466 2707 1519 in
2733 1465 2887 1519 labiis
2918 1466 3267 1535 aliis,loquar
3292 1463 3484 1533 populo

1900 1560 2044 1627 huic,
2086 1576 2177 1613 nec
2208 1560 2282 1613 sic
2304 1560 2586 1612 exaudient
2611 1574 2712 1625 me,
2746 1557 2873 1610 dicit
2928 1557 3182 1609 Dominus
3206 1557 3247 1609 ³.
3281 1555 3486 1609 Audie-

198 1678 351 1729 ριος.
395 1661 632 1714 Ἤκουον
662 1658 740 1712 δέ.
781 1658 996 1729 Μικρὸν
1023 1657 1260 1713 ἐνταῦθα
1293 1656 1536 1726 ἐπίσχες,
1564 1655 1660 1709 καὶ⁴
1682 1656 1797 1709 δια-

1908 1658 2029 1711 bant
2067 1654 2229 1728 743
2261 1666 2468 1709 autem.
2500 1653 2696 1709 Verum
2752 1652 2840 1708 hic
2897 1652 3171 1721 paululum
3228 1650 3484 1719 consiste,

205 1755 468 1826 πόρησον,
495 1752 613 1817 πῶς
633 1751 936 1824 διαιρήσεις
961 1749 1054 1804 τὸν
1076 1748 1255 1817 λόγονο
1286 1749 1439 1819 Ἔχει
1469 1747 1580 1819 γάρ
1614 1764 1666 1801 τι
1697 1747 1801 1818 ἀμ·

206 1845 427 1915 φίὸολον
448 1845 483 1915 ἡ
512 1842 658 1910 λέξις
692 1841 827 1913 (96),
868 1845 934 1913 τῇ
986 1843 1192 1913 στιγμῇ
1224 1839 1622 1912 διαιρούμενον.
1650 1836 1798 1910 ’Ἃρα

204 1937 317 2009 γὰρ
342 1938 539 2008 ἤκουον
566 1938 685 2000 ταῖς
720 1932 931 1987 ἑαυτῶν
958 1933 1260 1997 διαλέκτοις
1297 1932 1528 1996 ἕκαστος
1561 1931 1696 2003 (97),
1721 1931 1798 1997 ὡς

207 2031 341 2101 φέρε
366 2031 562 2093 εἰπεῖν,
601 2028 729 2099 μίαν
757 2027 855 2099 μὲν
883 2025 1197 2097 ὲξηχείσθαι
1231 2025 1419 2096 φωνὴν
1439 2064 1454 2090 ,
1486 2024 1690 2088 πολλὰς
1739 2025 1799 2078 δὲ

205 2120 524 2184 ἀκούεσθαι,
577 2107 722 2174 οὕτω
761 2118 1142 2189 κτυπουμένου
1193 2116 1290 2172 τοῦ
1350 2116 1532 2189 ἀέρος,
1580 2118 1695 2181 καὶ,
1731 2117 1799 2171 ἶν’

204 2214 349 2267 εἴπω
372 2212 732 2284 σαφέστερον,
773 2210 873 2281 τῆς
897 2210 1082 2282 φωνῆς
1107 2209 1303 2278 φωνῶν
1329 2209 1632 2280 γινομένων
1662 2208 1796 2280 (98)·

202 2307 241 2377 ἢ
271 2304 334 2359 τὸ
363 2306 481 2375 μὲν,
511 2306 791 2367 Ἤκουον,
817 2301 1213 2365 ἀναπαυστέον,
1240 2300 1302 2353 τὸ
1326 2300 1404 2365 δὲ,
1437 2300 1801 2355 Λαλούντων

202 2397 339 2463 ταῖς
371 2397 550 2462 ἰδίαις
579 2394 825 2465 φωναῖς,
852 2392 932 2464 τῷ
971 2393 1100 2463 έξῆς
1133 2391 1479 2464 προσθετέον,
1517 2392 1582 2446 ἵν’
1605 2389 1662 2466 ᾖ,
1684 2398 1801 2446 Λα-

201 2491 483 2545 λούντων
533 2487 781 2558 φωναῖς,
809 2489 934 2549 ταῖς
965 2486 1123 2550 ἰδίαις
1158 2484 1268 2538 τῶν
1304 2484 1633 2549 ἀκουόντων,
1662 2486 1800 2556 ὅπερ

203 2582 436 2650 γίνεται,
467 2581 848 2649 ἀλλοτρίαις·
873 2576 1016 2633 καθὰ
1040 2578 1135 2632 καὶ
1170 2577 1282 2647 (99)
1313 2576 1512 2646 μᾶλλον
1555 2576 1796 2648 τίθεμαι.

218 2674 476 2737 Ἔκείνως
508 2674 607 2745 μὲν
625 2673 734 2744 γὰρ
764 2671 873 2727 τῶν
912 2671 1219 2726 ἀκουόντων
1266 2669 1333 2724 ἂν
1390 2667 1475 2740 εἴη
1508 2669 1731 2739 μᾶλλον,
1765 2668 1798 2741 ἢ

200 2767 316 2821 τῶν
349 2767 633 2835 λεγόντων,
663 2766 727 2820 τὸ
761 2764 947 2837 θαῦμα
968 2782 982 2797 ·
1023 2763 1166 2818 οὕτω
1202 2762 1259 2815 δὲ
1286 2761 1396 2815 τῶν
1422 2761 1719 2829 λεγόντων·
1750 2762 1800 2815 οἳ

202 2858 306 2913 καὶ
340 2857 510 2929 μέθην
539 2856 1065 2920 καταγινώσκονται,
1094 2854 1255 2925 δῆλον
1284 2853 1361 2916 ὡς
1403 2853 1560 2907 αὐτοὶ
1595 2853 1803 2926 θαυμα-

200 2951 565 3023 τουργοῦντες
597 2951 727 3023 περὶ
754 2949 854 3014 τὰς
883 2949 1069 3020 φωνὰς
1095 2947 1175 3019 τῷ
1211 2944 1514 3016 Πνεύματι.

1900 1758 2065 1817 atque
2106 1749 2319 1817 ambige
2350 1761 2457 1816 quo
2486 1747 2650 1801 modo
2719 1745 3101 1812 distinguenda
3166 1748 3238 1798 sit
3282 1745 3482 1799 oratio.

1901 1840 2105 1895 Textus
2150 1839 2294 1893 enim
2320 1838 2635 1892 nonnullam
2685 1838 3095 1908 ambiguitatem
3150 1838 3349 1903 habet,
3398 1838 3486 1892 in-

1903 1931 2284 2003 terpunctione
2310 1931 2694 1986 dirimendum.
2749 1929 2942 1985 Utrum
2997 1933 3143 1985 enim
3193 1929 3487 1984 audiebant

1900 2039 1996 2079 sua
2025 2024 2255 2094 quisque
2295 2022 2548 2089 dialecto,
2580 2022 2653 2077 ita
2676 2031 2760 2089 ut,
2788 2022 2941 2078 verbi
2968 2023 3166 2094 gratia,
3198 2036 3301 2076 vox
3354 2022 3483 2092 qni-

1902 2117 2021 2171 dem
2042 2132 2145 2169 una
2172 2115 2536 2180 emitteretur,
2573 2115 2755 2169 multa:
2785 2125 2965 2168 autem
3011 2115 3354 2181 audirentur,
3406 2115 3488 2169 sic

1903 2205 2152 2262 videlicet
2175 2207 2391 2275 pulsato
2415 2222 2480 2262 ac
2511 2216 2890 2276 perstrepente
2929 2221 3080 2272 aere,
3133 2206 3489 2276 pluribusque

1902 2301 2152 2366 vocibus,
2179 2309 2253 2365 et,
2292 2310 2352 2353 ut
2382 2301 2556 2370 magis
2591 2300 2874 2369 perspicue
2912 2300 3113 2364 dicam,
3138 2315 3199 2354 ex
3222 2315 3325 2352 una
3356 2314 3489 2354 voce

1903 2389 2142 2446 ell'ectis:
2178 2405 2243 2443 an
2267 2390 2448 2459 p0tins
2476 2391 2527 2442 in
2549 2390 2652 2443 hoc
2677 2390 2864 2453 verbo,
2888 2388 3207 2452 Audiebam,
3231 2396 3488 2456 punctum

1903 2488 2244 2541 statuendum
2277 2497 2398 2553 est;
2433 2496 2596 2557 atque
2625 2489 2740 2543 lucc
2789 2487 2974 2554 verba,
3033 2487 3327 2558 Loquentes
3376 2487 3487 2541 suis

1904 2579 2099 2649 linguis
2140 2579 2328 2644 ﬁcum
2365 2580 2473 2646 his,
2506 2596 2625 2649 qua:
2653 2590 2977 2649 sequuntur,
3009 2580 3285 2650 jnngenda
3339 2592 3488 2645 sunt,

1905 2683 1965 2727 ut
1996 2675 2076 2728 sic
2143 2674 2374 2744 legatur,
2425 2674 2688 2742 loquentes
2713 2673 2935 2745 linguis,
2982 2674 3214 2743 pr0priis
3277 2672 3490 2729 scilicet

1905 2767 2261 2831 audientium,
2300 2768 2403 2821 hoc
2442 2776 2545 2830 est,
2602 2768 2867 2831 externis;
2914 2766 3007 2835 qui
3073 2767 3238 2820 etiam
3294 2779 3489 2820 sensus

1906 2859 2038 2915 mihi
2071 2861 2242 2931 magis
2269 2862 2492 2917 arridet.
2535 2860 2669 2915 Nam
2699 2861 2752 2915 in
2806 2863 2982 2930 primo
3025 2862 3245 2931 quidem
3295 2876 3488 2924 sensu,

1906 2966 2092 3008 eorum
2124 2956 2323 3022 potius,
2355 2956 2449 3025 qui
2477 2955 2787 3023 audiebant,
2818 2970 2980 3026 quam
3041 2953 3133 3023 qui
3191 2954 3353 3008 verba
3396 2952 3483 3006 fa-

205 3047 452 3110 ciebant,
486 3046 589 3099 hoc
614 3044 937 3099 miraculum
966 3040 1254 3106 foerit;in
1304 3040 1407 3094 isto
1472 3050 1677 3108 autem,
1739 3055 1926 3098 eorum
1966 3047 2060 3116 qui
2125 3046 2515 3117 loquebantur;
2584 3057 2769 3118 utpote
2846 3047 2939 3116 qui
2991 3047 3153 3101 etiam
3211 3046 3478 3101 temulen-

209 3141 305 3195 tim
333 3138 740 3205 insimulantur,
788 3138 934 3193 haud
971 3137 1152 3203 dubie,
1196 3135 1332 3221 quia
1384 3133 1489 3204 ipsi
1545 3135 1779 3206 Spiritus
1815 3143 2129 3211 operatione
2159 3159 2358 3199 novum
2388 3145 2659 3214 quoddam
2722 3126 3042 3198 miraculum
3114 3143 3260 3198 circa
3326 3157 3486 3197 voces

206 3230 590 3300 designabant.

285 3321 405 3391 ις’.
446 3322 595 3394 Πλὴν
638 3322 898 3394 ἐπαινετὴ
936 3322 1034 3393 μὲν
1075 3323 1171 3378 καὶ
1216 3325 1250 3396 ἡ
1295 3327 1502 3382 παλαιὰ
1541 3326 1802 3398 διαίρεσις

1979 3322 2119 3385 XVI.
2162 3324 2481 3396 Quanquam
2530 3334 2711 3379 autem
2765 3324 3056 3379 laudabilis
3110 3337 3330 3393 quoque
3390 3323 3494 3379 fuit

203 3415 324 3471 τῶν
353 3414 546 3485 φωνῶν
577 3415 760 3486 (ἡνίκα
802 3415 893 3468 τὸν
934 3414 1144 3486 πύργον
1174 3414 1487 3489 ᾠκοδόμουν
1527 3420 1577 3472 οἱ
1620 3418 1807 3482 κακῶς

206 3508 312 3561 καὶ
344 3506 520 3570 ἀθέως
565 3503 1009 3577 ὸμοφωνοῦντες,
1044 3504 1234 3578 ὥσπερ
1278 3508 1372 3562 καὶ
1412 3509 1522 3563 τῶν
1559 3509 1655 3563 νῦν
1683 3510 1807 3564 τολ-

210 3599 362 3672 μῶσί
391 3597 588 3669 τινες)·
617 3600 685 3669 τῇ
714 3597 825 3669 γὰρ
857 3598 957 3668 τῆς
984 3599 1168 3669 φωνῆς
1205 3599 1483 3655 διαστάσει
1526 3601 1807 3655 συνδιαλυ-

208 3695 307 3749 θὲν
339 3693 403 3746 τὸ
431 3693 784 3764 ὁμόγνωμον,
822 3689 920 3760 τὴν
962 3690 1278 3763 ἐγχείρησιν
1320 3692 1528 3747 ἔλυσεν·
1557 3692 1808 3758 ἀξιεπαι-

207 3784 491 3856 νετωτέρα
536 3783 593 3837 δὲ
643 3785 676 3854 ἡ
731 3781 828 3836 νῦν
875 3780 1457 3855 θαυματουργουμένη.
1520 3784 1650 3837 Ἀπὸ
1699 3784 1808 3856 γὰρ

206 3878 334 3943 ἐνὸς
375 3876 696 3947 ῐινεύματος
741 3876 822 3938 εἰς
868 3873 1099 3938 πολλοὺς
1144 3874 1369 3945 χυθείσα
1417 3875 1524 3946 (1),
1563 3877 1642 3940 εἰς
1678 3876 1807 3947 μίαν

205 3970 488 4043 ἁρμονίαν
515 3968 678 4022 πάλιν
711 3966 1027 4035 συνάγεται.
1073 3967 1183 4020 Καὶ
1225 3965 1343 4020 ἐστι
1384 3966 1619 4039 διαφορὰ
1650 3984 1810 4039 χαρι-

208 4064 466 4134 σμάτων,
501 4061 663 4116 ἄλλου
700 4060 779 4128 (‘2)
822 4058 1052 4130 δεομένη
1103 4058 1479 4129 χαρίσματος,
1526 4058 1664 4129 πρὸς
1697 4058 1816 4113 διά-

1913 3430 2066 3474 vetus
2119 3418 2208 3473 illa
2270 3418 2574 3488 linguarum
2613 3417 2812 3472 divisio
2874 3416 3033 3488 (cum
3097 3415 3309 3471 scilicet
3357 3417 3498 3472 male

1911 3519 2073 3579 atque
2102 3509 2265 3578 impie
2314 3510 2459 3563 inter
2491 3522 2551 3563 se
2594 3509 2898 3562 concordes
2941 3516 3134 3568 erant,
3170 3508 3261 3576 qui
3293 3510 3494 3562 turrim

1911 3600 2326 3668 exstruebant',
2351 3601 2806 3671 quemadmodum
2841 3616 2987 3654 nunc
3020 3614 3239 3670 quoque
3273 3600 3494 3671 quidam

1912 3694 2095 3749 facere
2132 3709 2240 3748 non
2286 3697 2605 3765 verentur),
2652 3694 2915 3750 dissoluta
2963 3694 3163 3758 simul,
3206 3710 3330 3749 cum
3383 3694 3492 3748 lin-

1914 3801 2141 3858 gnarum
2181 3788 2444 3853 divortio,
2478 3787 2783 3842 animorum
2823 3787 3148 3852 concordia,
3179 3797 3490 3857 susceptum

1913 3881 2194 3950 negatium
2237 3883 2490 3951 abrupit;
2531 3881 2855 3936 laudabilior
2904 3890 3087 3935 tamen
3133 3890 3341 3945 estea,
3374 3895 3496 3950 quae

1912 3973 2274 4043 nuncinsigni
2322 3974 2585 4028 miraculo
2630 3982 2899 4043 patratur.
2931 3972 3014 4026 Ab
3047 3988 3155 4027 uno
3185 3973 3330 4025 enim
3373 3971 3498 4040 Spi-

1912 4064 2018 4119 ritu
2049 4064 2103 4119 in
2140 4065 2339 4120 multos
2378 4064 2606 4131 diﬂ'usa,
2643 4067 2710 4120 ad
2742 4081 2910 4120 unum
2946 4072 3272 4119 concentum
3288 4074 3492 4117 ‘rnrsus

206 4174 402 4225 κρισιν
431 4154 527 4208 τοῦ
559 4153 637 4224 (5)
665 4152 957 4223 βελτίονος·
992 4150 1182 4221 ἐπειδὴ
1224 4152 1395 4205 πᾶσαι
1434 4150 1496 4204 τὸ
1532 4152 1802 4205 ὲπαινετὸι

1915 4158 2280 4212 connectitur.
2318 4157 2497 4228 Atque
2544 4159 2843 4228 gratiarum
2890 4157 3182 4211 diversitas
3220 4164 3342 4223 est,
3390 4154 3495 4209 alia

206 4246 425 4315 ἔχουσι.
475 4242 629 4313 Καλὴ
672 4241 717 4295 δ’
754 4240 819 4296 ἂν
851 4238 1077 4311 κάκείνη
1110 4239 1356 4309 λέγοιτο,
1384 4241 1513 4312 περὶ
1551 4235 1621 4313 ἦς
1650 4241 1802 4296 Δαόὶί

1915 4248 2088 4318 gratia
2119 4263 2254 4316 opus
2282 4249 2525 4314 habens,
2578 4248 2644 4303 ad
2688 4247 3109 4303 discernendum
3142 4261 3391 4317 quaenam
3429 4247 3500 4302 sit

204 4337 402 4404 λέγει·
433 4336 915 4398 Καταπόντισον,
952 4333 1153 4401 Κύριε,
1197 4332 1300 4387 καὶ
1343 4333 1662 4387 καταδίελε
1707 4333 1802 4402 τὰς

1917 4340 2293 4408 praestantior;
2342 4340 2779 4410 quandoquidem
2829 4341 2977 4395 nulla
3016 4349 3134 4407 est,
3167 4353 3289 4409 quae
3337 4338 3497 4395 laude

285 4457 307 4485 ⁸
334 4453 456 4508 Act.
509 4468 548 4507 ιι
601 4451 657 4505 4.
726 4451 748 4483 ³
781 4450 885 4525 lsa.
929 4467 1118 4515 xum,
1146 4450 1242 4517 ll;
1277 4451 1300 4503 ῐ
1332 4450 1456 4507 Cor.
1487 4466 1575 4504 xw
1641 4451 1730 4505 ‘21.

1908 4465 1976 4508 et.
2008 4472 2069 4523 ιι,
2109 4457 2163 4513 6.
2241 4457 2263 4489 ⁵
2301 4455 2438 4510 Gen.
2474 4471 2550 4522 ιιι,
2598 4457 2620 4511 1
2666 4471 2787 4526 sqq.

287 4589 405 4659 (90)
438 4582 584 4659 ρῦν.
628 4585 875 4659 [Μιεξξιὶη⁸
896 4586 990 4641 Or.
1024 4587 1074 4659 ι,

282 4655 411 4742 ~(91)
449 4655 695 4711 Τοῦτον.
739 4655 831 4711 Sic
858 4656 1025 4727 ltegg.
1058 4656 1170 4723 bm,
1196 4655 1270 4727 ph
1299 4666 1354 4712 et
1382 4656 1552 4713 Savil.
1607 4660 1667 4717 In
1697 4661 1810 4728 ed.,

204 4746 402 4786 τουτο.

290 4800 407 4871 (92)
446 4798 746 4871 Πατρᾲίοις.
807 4797 901 4852 Sic
933 4797 1298 4871 Asex_Regg.,
1345 4806 1598 4871 quatuor
1635 4800 1816 4871 Colb.,

210 4866 325 4939 duo
356 4866 741 4943 ACoisl.,’Par._,
774 4878 881 4943 etc.
929 4866 1286 4943 Mcndose'jq
1305 4866 1417 4933 ed.,
1442 4870 1705 4943 μετρίοις.
1799 4866 1811 4871 ’
1912 4866 2234 4929 oblivionem
2260 4877 2594 4931 transmissa.
2630 4896 2650 4928 ιι

292 4941 411 5017 (95)
449 4937 819 5017 Τὸ-σημεῖον.
853 4937 1164 5008 Apostolus,
1196 4940 1233 5017 In
1249 4938 1377 5017 Cor.
1414 4937 1524 5005 xiv,
1690 4944 1765 5017 gi!
1797 4961 1802 4997 ε

1985 4944 2097 5017 (95)
2136 4945 2303 5017 Μοῦη
2322 4946 2479 5017 Deest
2507 4948 2558 5000 in
2588 4944 2736 5017 Regi
2755 4948 2845 5017 ph.

215 5033 238 5084 φ
280 5009 581 5079 Lingurcin
612 5012 827 5079 signum
863 5018 1013 5075 sunt,
1045 5023 1153 5064 non
1201 5009 1470 5077 ﬁdelibus,
1494 5013 1590 5067 sed
1627 5013 1817 5068 inlide-
1984 5009 2101 5084 (96)
2144 5018 2207 5069 Ἡ
2233 5014 2422 5081 λέξις.
2450 5018 2607 5083 Deest
2634 5009 2698 5072 ἱιῖ
2719 5009 2815 5074 σι’.
2847 5019 2900 5073 l.

209 5082 528 5159 “bii-"LK-
601 5147 615 5159 .
812 5146 869 5159 -.
1160 5158 1166 5159 ,
1262 5148 1314 5159 η.
1699 5153 1715 5159 -

1985 5082 2101 5153 (97‘
2140 5087 2462 5152 Ἕκαστος.
2517 5082 2609 5143 Sic
2672 5088 2854 5159 plures
2894 5086 3049 5143 codd.
3107 5085 3163 5141 ln
3221 5086 3334 5154 ed.,
3375 5088 3501 5142 έκαο

1847 4597 1893 4655 D
1919 4594 2111 4662 loquar
2157 4594 2353 4662 populo
2396 4594 2543 4649 huic.
2588 4613 2608 4647 ι
2654 4595 2861 4648 Alludit
2900 4593 3197 4662 Apostolus
3236 4594 3303 4649 ad
3346 4593 3500 4651 Isaia:

1918 4674 2228 4718 contextum
2252 4665 2361 4734 jam
2386 4667 2632 4720 citatum.
2667 4665 2861 4718 Mirum
2896 4666 3062 4735 igitur
3086 4667 3318 4731 videtur,
3342 4664 3502 4722 Nice-

1920 4741 2029 4786 tam
2063 4736 2131 4806 de
2153 4735 2462 4806 verbisistis
2489 4737 2905 4804 pronuntiasse:
2941 4754 2960 4787 ι
2993 4736 3146 4806 Apud
3171 4735 3363 4806 Isaiam
3389 4752 3499 4790 non

1914 4804 2322 4872 reperiuntur...
2356 4805 2438 4859 vel
2476 4806 2741 4860 malitiose
2784 4804 3222 4870 submotasunt,
3281 4804 3363 4860 vel
3403 4808 3500 4875 per

292 5150 441 5223 (94)_
462 5150 569 5223 Ἐν
589 5146 1083 5223 ἑτερογλῴσσοις,
1109 5158 1228 5223 (etc.
1257 5148 1672 5220 Cbrysostomus
1699 5153 1802 5208 hau

1911 5146 2049 5209 στοι.

213 5218 401 5302 verba
423 5219 577 5302 Isaiae
600 5218 802 5302 tribuit.
834 5220 1178 5302 lla‘het‘enim
1203 5218 1306 5302 lsa:
1354 5218 1630 5302 suun,”
1649 5242 1686 5302 _:
1716 5224 1802 5302 Aid

2134 5227 2524 5302 ᾈΓινομένωις.
2558 5227 2723 5302 εαξη.
2753 5241 2809 5302 et_
2831 5229 3044 5295 Comb.,
3076 5228 3390 5302 γινομένης.

213 5290 543 5369 (ρειυλισιιλὸν⁵
567 5288 809 5369 χειλέων,
848 5289 936 5369 διρ
987 5289 1240 5369 γλιὶισοξης
1284 5290 1494 5369 ἐτέρας,
1534 5293 1617 5369 ὅτι
1649 5292 1818 5369 λαλῄο
1989 5288 2102 5369 (99)
2127 5288 2436 5369 Καθιίκαί.
2464 5298 2607 5369 ,Ιθεη
2637 5295 2682 5366 ᾧ
2715 5299 2827 5355 καί.

214 5358 495 5441 ᾁουσιςέῷ
665 5358 858 5441 satiram.
895 5360 1046 5441 Quod
1082 5358 1304 5441 Vulgata
1352 5358 1431 5416 sic
1462 5366 1666 5441 yertit:
1698 5382 1716 5415 ι
1759 5358 1802 5419 Ιί

1988 5358 2400 5441 (υίΧυθεῖσα.
2459 5358 2666 5424 ΡΙιινὲιέ
2709 5371 2875 5441 ltegg.
2934 5379 2988 5441 et
3034 5368 3494 5441 ϐοηλλχεθεῖσα.

217 5381 380 5419 σουσι
413 5370 495 5432 τῷ
529 5370 643 5441 λαῷ
665 5370 858 5443 τούτῳ.
895 5370 1046 5442 Quod
1083 5370 1304 5429 Vulgata
1352 5370 1431 5416 sic
1465 5370 1666 5417 vertit:
1698 5382 1716 5415 ι
1759 5370 1814 5419 In
1988 5370 2035 5431 (l
2116 5370 2400 5423 Χυθεῖσα,
2459 5370 2647 5424 Plures
2709 5371 2875 5440 Regg.
2934 5379 2988 5424 et
3034 5370 3213 5436 Colb.,
3251 5370 3494 5441 χεθεῖσα.

217 5433 482 5520 lanela“
507 5429 851 5520 enlttnilabn,
869 5431 1186 5520 ctubng‘uau
1208 5431 1399 5520 altera,
1428 5432 1814 5520 loqueturﬂd
1975 5370 2333 5520 Ἀλλου.
2369 5440 2501 5520 Reg.
2537 5441 2647 5504 bm,
2676 5440 2797 5520 dum
2820 5440 3189 5520 ob._lntelligit
3210 5440 3500 5520 Gregorius

219 5501 486 5573 populum
520 5501 704 5573 istum.
738 5520 758 5553 ι
785 5501 1006 5573 Legi_tur
1030 5501 1397 5573 etiamI‘Cor.
1428 5501 1547 5566 xw,
1571 5503 1635 5558 2|
1670 5521 1687 5560 :
1727 5505 1814 5558 Ἐν

214 5569 845 5655 ᾒῷνόμεῳχέγρατεται·
867 5569 974 5653 ’Ἑν
1002 5570 1461 5655 έτερογλῴσσοιςκ
1489 5574 1584 5655 καὶ
1613 5576 1671 5627 ὲν
1700 5577 1814 5655 χεί-

216 5640 373 5699 λεσιν
394 5640 633 5710 ’ἑτέροις
654 5640 985 5714 λαλήσωᾼτῷ
1016 5640 1131 5714 λαῷ
1161 5641 1364 5714 τούτῳ·
1398 5662 1417 5692 ί
1440 5642 1498 5714 In
1519 5644 1658 5709 Lege
1681 5640 1817 5698 scri-

216 5728 375 5788 ptum
417 5722 502 5769 est
534 5729 547 5765 :
583 5712 846 5778 Quoniam
884 5712 939 5766 in
989 5712 1111 5769 aliis
1157 5713 1358 5784 linguis
1386 5724 1437 5768 et
1489 5713 1647 5770 labiis
1693 5715 1812 5771 aliis

1920 5528 1941 5559 ι
1975 5507 2282 5587 linguarum
2322 5528 2354 5587 ι⁸
2395 5511 2616 5575 donum,
2659 5513 2797 5587 quod
2857 5511 2984 5576 alio,
3027 5507 3221 5587 n’etitpe
3268 5529 3288 5564 ι
3323 5507 3500 5568 inter-

1912 5580 2233 5648 pretationis
2271 5598 2290 5631 ι
2324 5582 2485 5644 dono,
2513 5595 2648 5647 opus
2676 5580 2861 5635 habet.

1985 5649 2061 5719 (5)
2108 5649 2239 5704 Τοῦ.
2278 5649 2409 5720 Reg.
2433 5651 2542 5715 bm,
2569 5652 2716 5706 l’ar..
2748 5650 2923 5719 Pass.,
2945 5652 3066 5724 τῆς.
