3902 6218
413 189 526 249 ,451
1645 192 1705 248 S.
1745 190 2001 247 GREGOI

2117 188 2461 246 TllEOLOGl
2650 218 2653 221 -
3598 190 3713 245 45").

425 322 630 371 careat.
671 314 811 382 Quin
842 316 1099 386 praeclara
1131 330 1347 387 quoque
1383 316 1472 369 illa
1509 315 1707 370 divisio
1739 315 1844 370 dici
1874 330 2001 386 pos-

2117 313 2396 384 γλώσσας
2438 310 2656 366 αὐτῶν.
2695 310 2880 377 Διατί;
2915 311 3036 365 Ὅτι
3078 310 3373 382 ἠγάπησαν
3409 310 3590 364 πάντα
3638 313 3709 367 τὰ

426 407 522 469 sit,
558 408 624 460 de
653 423 759 475 qua
802 408 1037 478 loquitur
1067 407 1236 462 David
1267 426 1281 460 :
1322 407 1633 474 Praecipua,
1675 406 1893 460 Domine
1916 448 1931 472 ,
1959 417 2001 461 et

2117 408 2336 478 ῥήματα
2394 403 2836 475 καταποντισμοῦ
2941 402 3188 471 γλῶσσαν
3254 403 3470 456 δολίαν·
3544 404 3710 473 μόνον

427 496 603 551 divide
633 499 839 567 linguas
877 516 1059 553 eorum
1088 502 1130 553 “.
1185 498 1324 567 Quid
1360 499 1477 552 ita?
1505 500 1771 565 Quoniam
1807 500 2011 554 dilexe-

428 601 557 644 runt
600 592 782 646 omnia
828 594 988 648 verba
1034 594 1522 662 praecipitationis,
1575 593 1811 664 linguam
1861 594 2011 647 dolo-

428 681 624 747 sam";
677 692 883 735 tantnm
928 699 1033 738 non
1073 693 1261 752 aperte
1300 684 1529 751 hujusce
1568 682 1671 738 loci
1705 699 1769 736 ac
1804 692 2012 752 tempe-

428 771 585 823 atatis
615 771 825 840 linguas
858 789 1121 828 accusans
1145 815 1159 838 ,
1202 790 1324 844 quae
1351 775 1693 831 divinitatem
1730 776 2006 830 scindunt.

428 859 507 914 Ac
534 860 601 913 de
628 862 711 917 his
742 864 959 931 quidem
994 866 1281 919 hactenus.

502 953 666 1007 XVII.
722 955 987 1023 Quoniam
1050 968 1231 1011 autem
1284 957 1657 1012 habitantibus
1707 956 2008 1012 Jerusalem

430 1045 851 1116 religiosissimis
894 1048 1115 1111 Judaeis,
1150 1049 1390 1113 Parthis,
1422 1050 1591 1104 Medis
1652 1060 1705 1104 et
1736 1049 2010 1116 Elamitis,

427 1134 699 1206 JEgyptiis
724 1146 778 1191 et
811 1137 1059 1208 Libycis,
1094 1140 1446 1195 Cretensibus
1474 1152 1531 1194 et
1557 1140 1830 1195 Arabibus
1851 1183 1864 1201 ,
1899 1139 2012 1195 Me-

426 1229 766 1295 sopotamitis
801 1240 854 1284 et
893 1232 1306 1300 Cappadocibus
1347 1233 1516 1298 meis,
1568 1232 1762 1302 lingua:
1819 1233 2009 1303 loque-

426 1321 647 1388 bantur,
686 1333 850 1391 atque
882 1339 948 1378 ex
987 1324 1132 1377 omni
1169 1336 1365 1393 gente,
1403 1340 1526 1393 qua:
1577 1326 1676 1378 sub
1708 1326 1847 1378 con
1890 1335 2011 1388 est,

424 1411 647 1476 Judaais.
682 1415 789 1469 illic
820 1416 908 1486 (si
943 1417 1029 1470 cui
1067 1418 1147 1471 sic
1181 1419 1424 1488 cogitare
1456 1417 1667 1486 placet)
1702 1432 2011 1488 congrega-

427 1506 535 1570 tis,
583 1520 763 1575 opera:
806 1508 1038 1576 pretium
1075 1508 1237 1561 fuerit
1282 1508 1505 1570 videre,
1538 1516 1646 1560 tum
1695 1508 1915 1573 quinam
1955 1508 2007 1562 hi

2110 498 2230 568 οὑχ).
2268 497 2343 567 (4)
2384 497 2633 569 φανερῶς
2678 497 2777 560 τάς
2834 495 3066 549 ἐνταῦθα
3113 496 3366 563 γλωσσας
3412 496 3712 549 καταιτιώ-

2116 605 2307 660 μενος,
2342 589 2398 642 at?
2449 589 2673 660 θεότητα
2722 589 3031 659 τέμνουσιν.
3079 586 3263 641 Ταῦτα
3312 587 3410 657 μὲν
3461 582 3557 642 οὖν
3611 587 3710 641 ἐπὶ

2111 683 2381 736 τοσοῦτον.

2183 960 2279 1012 IZ'.
2324 958 2478 1011 Ἐπεὶ
2524 958 2581 1010 δὲ
2617 960 2727 1020 τοῖς
2770 956 3116 1010 κατοικοῦσιν
3151 956 3506 1030 Ἰερουσαλὴμ
3536 958 3702 1011 εὐλα-

2114 1050 2394 1113 ϐεστάτοις
2431 1050 2725 1113 Ἰουδαίοις,
2754 1048 3013 1117 Πάρθοις,
3044 1049 3137 1102 καὶ
3165 1049 3389 1120 Μήδοις,
3420 1049 3514 1102 καὶ
3549 1049 3703 1103 Ἐλαο

2118 1144 2335 1214 μίταις,
2399 1138 2748 1210 Ᾱίγυπτίοις,
2812 1142 2906 1195 καί
2953 1141 3190 1205 Λίϐυσι,
3249 1143 3428 1212 Κρησί
3484 1160 3546 1196 τε
3601 1145 3703 1196 καὶ

2117 1235 2341 1305 Ἄραψι,
2375 1233 2857 1303 Μεσοποταμίταις
2896 1249 2955 1285 τε
2993 1233 3086 1286 καὶ
3123 1235 3236 1296 τοῖς
3278 1235 3430 1303 ἐμοῖς
3459 1234 3705 1287 Καππα-

2112 1325 2334 1390 δόκαις,
2386 1327 2605 1379 ἐλάλουν
2652 1327 2708 1378 αἱ
2758 1324 3019 1394 γλῶσσαι,
3070 1327 3166 1379 καὶ
3217 1327 3330 1390 τοῖς
3383 1328 3449 1379 ἐκ
3496 1329 3704 1390 παντὸς

2112 1417 2296 1480 ἔθνους
2327 1417 2434 1469 τῶν
2479 1416 2582 1469 ὑπὸ
2612 1416 2704 1469 τὸν
2734 1416 2962 1489 οὐρανὸν
3011 1415 3286 1480 Ἰουδαίοις
3318 1418 3335 1487 (
3353 1416 3408 1469 εἴ
3438 1435 3516 1488 τῳ
3543 1418 3703 1486 φίλον

2113 1508 2256 1561 οὑτω
2287 1508 2468 1578 νοεῖν),
2503 1510 2679 1561 ἐκεῖσε
2726 1508 3158 1576 συνειλεγμένοις
3180 1548 3194 1573 ,
3222 1509 3371 1574 ἄξιον
3416 1510 3543 1563 ἰδεῖν
3563 1553 3579 1575 ,
3612 1510 3702 1562 τί·

426 1603 607 1658 erant,
642 1603 753 1648 tum
789 1596 943 1665 cujus
987 1597 1345 1666 captivitatis.
1383 1595 1520 1650 Nam
1559 1597 1649 1651 illa
1684 1596 2001 1669 Egyptiaca

2117 1617 2202 1664 νες
2238 1601 2315 1669 (5)
2346 1595 2485 1671 ἦσαν
2512 1591 2677 1665 οὗτοι,
2707 1600 2802 1654 καὶ
2847 1600 2949 1670 τῆς
2988 1600 3149 1663 ποίας
3194 1601 3593 1671 αἰχμαλωσίας.
3632 1603 3701 1656 Ἡ

426 1696 483 1740 et
519 1686 681 1760 744
744 1687 1104 1759 Babylonica,
1157 1699 1520 1759 praeterquam
1574 1690 1714 1758 quod
1773 1690 2001 1744 circum-

2118 1694 2215 1762 μὲν
2242 1691 2352 1763 γάρ
2389 1694 2466 1756 εἰς
2488 1692 2763 1762 Αἴγυπτον
2789 1693 2883 1745 καὶ
2908 1693 3201 1747 Βαϐυλῶνα
3226 1695 3597 1763 περίγραπτός
3618 1696 3700 1764 (6)

426 1781 631 1851 scripta
662 1790 711 1834 et
750 1792 901 1836 certo
936 1781 1058 1835 loco
1085 1781 1309 1835 delinita
1341 1790 1494 1843 erat,
1526 1779 1640 1850 jam
1680 1781 1845 1834 etiam
1880 1781 2001 1834 olim

2117 1803 2173 1838 τε
2196 1782 2285 1856 ἦν,
2318 1785 2412 1839 καὶ
2436 1785 2602 1839 πάλαι
2630 1789 2695 1857 τῇ
2722 1786 2966 1856 ὲπανὸδῳ
2995 1785 3200 1840 λέλυτο.
3238 1787 3304 1840 Ἡ
3331 1787 3387 1840 δὲ
3417 1786 3523 1841 ὑπὸ
3557 1788 3700 1840 Ῥω-

431 1890 533 1944 per
581 1874 918 1944 captivorum
973 1872 1207 1928 reditum
1237 1874 1416 1929 soluta
1450 1872 1648 1928 fuerat.
1681 1872 1779 1927 Illa
1821 1885 2004 1928 autem

427 1966 709 2032 Romana,
768 1981 873 2036 qua
930 1965 1256 2020 temeritatis
1329 1974 1385 2020 et
1443 1964 1684 2019 audaciae
1739 1965 2004 2020 adversus

426 2057 620 2114 salutis
662 2046 944 2114 auctorem
978 2072 1140 2128 poena
1166 2056 1556 2127 expetebatur,
1594 2055 1833 2110 nondum
1863 2057 2010 2111 acci-

430 2149 622 2215 derat,
657 2151 751 2206 sed
793 2149 1131 2205 imminebat.
1172 2149 1516 2219 Relinquitur
1556 2150 1743 2220 igitur,
1779 2158 1840 2201 ut
1867 2148 2011 2203 banc

426 2242 793 2311 captivitatem
829 2243 1203 2298 Autiochicam
1233 2257 1355 2298 esse
1386 2256 1734 2302 censeamus.
1775 2240 1840 2295 iis
1871 2249 2012 2294 tem-

426 2334 650 2403 poribus
690 2350 795 2389 non
845 2335 1014 2388 multo
1043 2336 1429 2403 antiquiorem.
1478 2332 1632 2399 Quod
1673 2333 1720 2387 si
1760 2333 1847 2386 cui
1891 2333 2008 2388 haec

424 2425 695 2493 expositio
739 2426 917 2481 minus
957 2427 1223 2497 probatur
1258 2435 1316 2480 ut
1356 2425 1629 2480 curiosius
1669 2424 2012 2493 alieniusque

426 2519 595 2587 petita
629 2515 843 2588 (neque
868 2519 1012 2573 enim
1040 2517 1410 2587 captivitatem
1440 2517 1582 2572 hanc
1603 2502 1845 2571 veterem
1866 2531 2009 2582 esse,

425 2628 603 2682 neque
653 2615 706 2668 in
751 2613 949 2669 multas
987 2614 1136 2669 orbis
1183 2622 1367 2685 partes
1403 2612 1657 2668 diffusam
1682 2614 1742 2683 );
1785 2627 1848 2666 ac
1886 2627 2013 2681 pro-

425 2704 750 2761 babiliOrem
805 2705 1038 2776 quaerit,
1107 2705 1236 2761 illud
1299 2703 1536 2760 fortasse
1589 2704 1790 2757 rectius
1848 2701 2011 2756 fuerit

423 2795 773 2862 existimare,
823 2800 966 2868 quod
1016 2814 1139 2853 cum
1168 2812 1333 2866 saepe,
1379 2808 1544 2866 atque
1588 2810 1618 2848 a
1647 2794 1861 2860 multis,
1897 2794 2013 2848 haec

426 2889 574 2944 natio
607 2890 781 2944 exsilii
818 2906 983 2945 causa
1022 2890 1197 2944 solum
1232 2899 1445 2944 vertere
1476 2897 1667 2943 coacta
1698 2886 1790 2951 sit,
1823 2902 2014 2955 quem—

425 2979 717 3035 admodum
751 2981 954 3036 Esdras
995 2981 1300 3036 litterarum
1341 2981 1713 3035 monumentis
1746 2976 2008 3048 prodidit,

2118 1877 2293 1948 μαίων
2335 1875 2487 1931 οὔπω
2531 1877 2827 1948 γεγένητο,
2876 1877 3069 1949 ἔμελλε
3114 1878 3198 1943 δὲ,
3232 1879 3516 1950 εἷσπραξις
3562 1876 3704 1934 οὖσα

2112 1968 2212 2038 τῆς
2237 1968 2379 2022 κατὰ
2403 1967 2496 2021 τοῦ
2531 1969 2785 2040 Σωτῆρος
2827 1968 3184 2040 θρασύτητος.
3216 1969 3479 2024 Λείπεται
3506 1971 3572 2043 δὴ
3598 1971 3702 2042 τὴν

2115 2058 2206 2111 ὑπ’
2254 2056 2524 2128 Ἀντιόχου
2570 2057 2775 2128 ταύτην
2808 2058 3247 2129 ὑπολαμϐάνειν,
3281 2061 3340 2113 οὑ
3392 2060 3530 2115 πολὺ
3573 2061 3706 2114 τού-

2113 2167 2220 2203 των
2248 2144 2412 2204 οὑσαν
2442 2148 2552 2203 τῶν
2596 2150 2804 2222 καιρῶν
2831 2150 3227 2223 πρεσϐυτέραν.
3265 2153 3329 2206 Εἰ
3356 2152 3413 2206 δέ
3453 2170 3539 2217 τις
3563 2152 3704 2207 ταύ-

2113 2257 2214 2311 την
2251 2241 2347 2311 μὲν
2391 2240 2773 2311 οὑπροσίεται
2816 2239 2914 2311 τὴν
2962 2240 3251 2312 ἐξήγησιν,
3290 2240 3367 2304 ὡς
3409 2257 3706 2312 περιεργο-

2112 2335 2277 2406 τέραν
2329 2332 2492 2403 (οὔτε
2535 2333 2645 2405 γὰρ
2684 2332 2921 2387 παλαιὰν
2959 2328 3098 2387 εἶναι
3146 2332 3243 2404 τὴν
3293 2330 3701 2402 αἰχμαλωσίαν,

2112 2422 2224 2476 οὔτ’
2250 2424 2347 2476 ὲπί
2375 2423 2508 2477 πολὺ
2531 2425 2631 2495 τῆς
2658 2425 2984 2496 οἰκουμένης
3015 2424 3311 2495 χεθεῖσαν),
3343 2424 3494 2495 ζητεῖ
3520 2424 3579 2477 δὲ
3600 2423 3705 2494 τὴν

2114 2514 2512 2587 πιθανωτέραν,
2540 2517 2715 2569 ἐκεῖνο
2753 2516 2883 2580 ἴσως
2918 2516 3206 2570 ὑπολαϐεῖν
3238 2516 3314 2586 (7)
3346 2516 3590 2585 ἄμεινον,
3616 2516 3704 2568 ὅτι

2113 2606 2394 2671 πολλάκις,
2424 2607 2519 2659 καὶ
2548 2605 2653 2660 ὑπὸ
2686 2606 2970 2674 πλειόνων,
2999 2607 3093 2661 τοῦ
3121 2607 3304 2672 ἔθνους
3333 2607 3706 2677 μεταναστάν-

2111 2716 2235 2763 τος,
2282 2700 2356 2763 ὼς
2389 2697 2468 2769 τῷ
2504 2697 2711 2770 Ἕσδρᾳ
2763 2697 3071 2770 ἱστόρηται,
3107 2700 3164 2754 αἱ
3213 2700 3311 2770 μὲν
3354 2698 3464 2751 τῶν
3512 2698 3705 2768 φυλῶν

2112 2790 2462 2862 ἀνεσώθησαν
2482 2832 2495 2856 ,
2531 2792 2587 2844 αἰ
2619 2791 2675 2844 δὲ
2724 2790 3160 2862 ὑπελείφθησανο
3192 2783 3266 2843 ὧν
3292 2789 3437 2852 εἰκὸς
3463 2788 3706 2842 διασπα-

2115 2884 2310 2956 ρεισῶν
2339 2887 2419 2948 εἰς
2464 2885 2591 2957 ἔθνη
2624 2886 2864 2954 πλείονα,
2889 2885 3192 2957 τηνικαῦτα
3226 2884 3477 2957 παρεῖναί
3521 2902 3703 2949 τινας,

2112 2977 2207 3029 καὶ
2238 2976 2486 3047 μετέχειν
2509 2976 2603 3031 τοῦ
2637 2977 2937 3049 θαύματος.

430 3074 550 3157 alia:
597 3076 810 3144 quidem
861 3075 1035 3130 tribus
1121 3075 1175 3129 in
1222 3074 1455 3145 patriam
1510 3073 1772 3128 restitutae
1819 3073 2048 3137 fuerint,
2090 3073 2212 3127 aliae
2270 3087 2400 3127 vero
2438 3073 2490 3127 in
2525 3073 2716 3127 exsilio
2764 3073 2995 3140 relictae;
3041 3072 3265 3143 quibus,
3296 3079 3356 3125 ut
3396 3071 3705 3127 verisimile

425 3175 509 3220 est
538 3164 589 3219 in
632 3165 826 3222 multas
854 3166 1106 3222 nationes
1134 3165 1396 3235 dispersis
1416 3204 1431 3231 ,
1466 3174 1576 3218 tum
1602 3164 1860 3234 temporis
1884 3164 2104 3234 quidam
2132 3162 2423 3231 adfuerint,
2489 3172 2544 3218 et
2595 3164 2828 3234 Spiritus
2889 3164 3135 3220 miraculi
3204 3163 3495 3234 n.rticipes
3521 3165 3703 3220 exsti-

427 3259 614 3315 terint.

495 3353 692 3410 XVIII.
732 3354 912 3425 Atque
951 3353 1066 3409 haec
1108 3368 1140 3409 a
1170 3352 1326 3409 nobis
1366 3367 1634 3424 perpensa
1670 3362 1725 3406 et
1754 3350 2001 3407 conside-

2186 3350 2293 3402 IH'.
2340 3349 2451 3402 Καὶ
2481 3347 2657 3402 ταῦτα
2703 3340 3103 3418 προεξὶβασται
3148 3351 3261 3411 τοῖς
3313 3347 3700 3419 φιλομαθέσιν,

424 3457 543 3504 rata
571 3449 712 3513 sint,
750 3462 872 3517 quae
904 3446 1071 3503 etiam
1109 3446 1379 3517 ejusmodi
1407 3458 1532 3500 esse
1557 3443 1912 3509 arbitramur,
1948 3453 2008 3498 ut

422 3538 683 3592 doctrinae
696 3538 944 3604 studiosi,
968 3552 1032 3592 ea
1057 3552 1155 3606 pro
1167 3536 1455 3606 superﬂuis
1480 3536 2006 3606 supervacaneisque

424 3643 765 3700 nequaquam
811 3629 1048 3684 habituri
1090 3631 1219 3687 sint.
1249 3628 1402 3695 Quod
1435 3628 1482 3683 si
1509 3628 1634 3697 quis
1661 3626 1805 3681 aliud
1842 3628 2004 3695 quid-

425 3723 570 3792 piam
603 3722 671 3777 ad
706 3722 866 3792 hujus
907 3721 1014 3776 diei
1051 3722 1448 3778 solemnitatem
1483 3720 1813 3786 contulerit,
1845 3718 2002 3773 nobis

424 3827 639 3884 quoque
665 3813 717 3868 id
758 3812 1054 3883 collegerit.
1088 3814 1194 3868 Sed
1232 3813 1344 3881 jam
1384 3813 1579 3868 concio
1624 3812 1841 3881 quidem
1886 3810 1999 3866 sol-

421 3905 596 3957 venda
640 3911 724 3958 est
766 3902 944 3976 (satis
980 3904 1126 3956 enim
1156 3902 1313 3971 longe
1362 3917 1424 3958 se
1468 3903 1714 3971 porrexit
1750 3900 1997 3969 oratio);

422 3995 545 4051 festi
574 4004 752 4051 autem
795 3995 1092 4052 celebratio
1125 4010 1399 4065 nunquam
1430 3992 1826 4061 abrumpenda.
1863 3991 2003 4058 Quin

420 4089 602 4158 potius
634 4088 834 4144 festum
867 4089 1135 4159 agendum
1178 4097 1281 4151 est,
1309 4101 1456 4140 nunc
1485 4085 1704 4154 quidem
1731 4096 1996 4154 corporeo

420 4192 638 4247 quoque
667 4180 846 4245 modo,
880 4178 1041 4250 paulo
1069 4187 1188 4248 post
1213 4188 1399 4233 autem
1435 4175 1661 4231 omnino
1694 4173 1997 4244 spirituali;

421 4267 535 4323 illic
584 4269 879 4336 nimirum,
924 4269 1016 4325 ubi
1054 4268 1296 4324 rationes
1338 4268 1538 4323 harum
1591 4281 1773 4321 rerum
1814 4265 2003 4335 purius

421 4359 768 4431 apertiusque
798 4375 1192 4431 cognoscemus
1216 4399 1233 4420 .
1280 4359 1333 4412 in
1376 4360 1494 4430 ipso
1527 4356 1737 4423 Verbo,
1771 4368 1827 4412 et
1859 4357 1995 4422 Deo,

418 4460 475 4505 ct
508 4450 735 4507 Domino
767 4463 953 4506 nostro
983 4450 1113 4507 Jesu
1147 4451 1366 4505 Christo
1391 4491 1407 4516 ,
1450 4464 1581 4503 vero
1624 4463 1812 4504 eorum
1835 4486 1853 4513 ,
1903 4446 1995 4516 qui

419 4544 651 4600 Salutem
680 4556 1110 4614 consequuntur,
1147 4544 1287 4599 festo
1330 4554 1386 4598 et
1413 4542 1815 4607 exsultatione;
1853 4543 1992 4609 {cum

2114 3442 2243 3506 ἴσως
2287 3443 2347 3495 οὑ
2383 3442 2691 3513 περιέργως
2726 3440 2825 3511 (8).
2859 3442 2971 3493 Καὶ
3013 3442 3095 3494 ὅτι
3123 3440 3190 3494 ἂν
3237 3441 3366 3495 ἄλλο
3407 3445 3701 3510 συνεισφέ-

2112 3551 2179 3606 ρη
2210 3534 2285 3605 (9)
2315 3552 2400 3598 τις
2431 3536 2511 3597 είς
2543 3532 2644 3604 τὴν
2678 3531 2958 3603 παροῦσαν
2985 3534 3218 3604 ἡμέραν.
3256 3534 3351 3587 καὶ
3376 3534 3509 3605 ἡμῖν
3536 3534 3703 3588 τοῦτο

2107 3625 2260 3679 ἔσται
2306 3625 2628 3697 συνειλοχὼς
2653 3625 2789 3698 (10).
2829 3627 2993 3697 Ἡμῖν
3035 3625 3095 3679 δὲ
3136 3626 3228 3681 τὸν
3281 3625 3381 3696 μὲν
3434 3625 3701 3694 σύλλογον

2110 3720 2210 3792 ἤδη
2255 3718 2531 3773 διαλυτέον
2572 3717 2778 3788 (ἱκανὸς
2810 3719 2920 3789 γὰρ
2962 3719 2992 3770 ό
3030 3718 3231 3788 λόγος),
3266 3718 3366 3789 τὴν
3410 3717 3467 3772 δὲ
3515 3720 3701 3789 πανή-

2109 3830 2270 3885 γυριν
2298 3811 2573 3867 οὐδέποτε.
2629 3811 2767 3865 Ἀλλ’
2806 3810 3122 3883 ἐορταστέον
3153 3811 3288 3881 (ll),
3316 3809 3410 3862 νῦν
3441 3809 3541 3880 μὲν
3580 3810 3701 3880 (Ιὲ)

2110 3901 2204 3955 καὶ
2235 3901 2591 3972 σωματικῶς,
2626 3900 2819 3971 μικρὸν
2860 3900 2918 3954 δὲ
2958 3899 3183 3972 ὕστερον
3228 3899 3347 3955 ὅλον
3392 3917 3704 3972 πνευματι-

2105 3993 2236 4057 κῶς·
2269 3992 2399 4047 ἔνθα
2445 3995 2699 4056 καὶτοὺς
2741 3992 2935 4062 λόγους
2972 3992 3179 4047 τούτων
3224 3993 3484 4064 εἰσόμεθα
3517 3994 3701 4048 καθα-

2109 4084 2342 4158 ρώτερον
2390 4086 2485 4140 καὶ
2532 4086 2892 4156 σαφέστερον,
2941 4087 2998 4138 ἐν
3046 4085 3198 4156 αὑτῷ
3241 4084 3320 4156 τῷ
3362 4085 3557 4157 Λόγῳ,
3598 4088 3700 4141 καὶ

2104 4176 2241 4248 Θεῷ,
2277 4179 2371 4230 καὶ
2415 4177 2604 4248 Κυρίῳ
2651 4175 2811 4247 ἡμῶν
2857 4176 3032 4249 Ἰησοῦ
3064 4175 3316 4247 Χριστῷ,
3344 4179 3411 4248 τῇ
3457 4176 3693 4249 ἀληθινῇ

2102 4269 2211 4323 τῶν
2254 4269 2577 4341 σωζομένων
2630 4271 2813 4341 ἑορτῇ,
2849 4271 2942 4323 καὶ
2990 4268 3340 4339 ἀγαλλιάσει·
3376 4269 3495 4340 μεθ’
3549 4262 3611 4322 οὗ
3654 4275 3695 4342 ἡ

2103 4362 2229 4428 δόξα
2276 4364 2369 4417 καὶ
2409 4363 2469 4416 τὸ
2514 4362 2677 4425 σέϐας
2716 4362 2794 4434 τῷ
2836 4363 3042 4435 Πατρὶ,
3081 4364 3177 4417 σὺν
3218 4362 3296 4433 τῷ
3340 4362 3480 4433 ἁγίῳ
3512 4363 3691 4417 Πνεῦ-

2108 4470 2257 4524 ματι,
2297 4453 2390 4507 νῦν
2417 4455 2511 4507 καὶ
2536 4453 2649 4525 (15)
2677 4454 2757 4516 εἰς
2785 4453 2910 4517 τοὺς
2939 4455 3142 4518 αἰῶνας
3164 4454 3274 4508 τῶν
3301 4453 3513 4508 αἰώνων
3545 4455 3688 4525 (14).

2113 4545 2308 4617 Ἀμήν.
3654 4536 3661 4547 ’

417 4650 527 4704 quo
555 4637 727 4705 gloria
772 4648 826 4692 et
854 4639 1130 4693 veneratio
1157 4637 1313 4692 Patri
1346 4651 1469 4691 cum
1516 4642 1711 4690 sancto
1738 4634 1945 4704 Spiritu
1969 4674 1986 4701 ,
2027 4652 2174 4694 nunc
2205 4650 2259 4693 et
2289 4638 2342 4693 in
2370 4639 2566 4693 smrula
2604 4637 2947 4693 smculorum.
2986 4637 3176 4692 Amen.

486 4749 510 4780 ‘
546 4747 691 4804 Psal.
716 4763 835 4827 Γων,
870 4747 960 4802 10.
1032 4749 1051 4780 ¹¹
1087 4747 1229 4803 Psal.
1263 4763 1341 4811 LI,
1388 4747 1443 4801 6.

484 4861 573 4933 (4)
601 4862 803 4916 Μόνον
828 4858 1114 4933 οὐχίηδὶο
1144 4858 1311 4920 Coisl.
1342 4862 1394 4923 1,
1422 4857 1556 4927 Jes.,
1594 4858 1785 4924 Savil.,
1810 4858 1986 4921 Pass.,

2117 4860 2265 4933 loisl.
2294 4860 2344 4933 17.
2375 4858 2431 4913 In
2451 4860 2515 4913 ed
2546 4900 2560 4921 ,
2595 4858 2661 4933 ἂν
2691 4860 2965 4933 συμφέρῃ.

409 4941 518 4989 etc.
543 4929 751 5002 ’lu_ed.,
795 4929 1034 5002 μονονού.

483 5002 561 5073 (5)
602 4999 807 5069 Τίνες(
855 5000 1044 5055 Plures
1102 5000 1259 5056 codd.
1309 5000 1512 5053 addunt
1566 5016 1649 5054 τε.
1699 4999 1758 5053 lu
1825 4999 1983 5072 aliis,

407 5071 560 5213 διέὶϐ)
600 5141 1021 5213 Περίγραξτζος.
1055 5139 1241 5213 SaviL,
1271 5140 1652 5213 arsptypa'tmq.

480 5209 557 5283 (7)
624 5209 985 5273 Ὑπρλαϐεἷν.
1055 5211 1186 5282 lleg.
1238 5209 1307 5279 ph
1358 5209 1414 5265 et
1456 5209 1559 5266 Or.
1620 5209 1675 5279 1,
1729 5210 1985 5279 ὑπολαμ-

408 5282 678 5424 “Evoti
708 5347 1044 5424 περιέργως.
1078 5347 1251 5424 Nicet.
1289 5367 1301 5403 :
1344 5370 1364 5402 ‹
1392 5366 1494 5424 non
1525 5351 1814 5424 superﬂue.
1857 5370 1875 5403 ι

2166 4931 2275 5001 (10)
2306 4929 2700 5001 Συνειλοχώς.
2722 4928 2811 4985 Sic
2827 4928 2975 4995 BaSL,
3010 4928 3178 4985 Savil.
3207 4939 3265 4985 et
3290 4929 3445 4988 Pass.
3476 4935 3533 4990 In
3573 4936 3642 4990 ed
3676 4979 3691 5000 ,

2094 4999 2441 5072 συνειληχώς.

2164 5069 2730 5143 (11)*Εορταστέον.
2790 5070 2948 5126 Pass.
2999 5069 3168 5135 addit,
3205 5073 3361 5143 ἡμῖν,
3413 5092 3429 5126 ι
3475 5075 3686 5131 festum

2086 5141 2242 5197 nobis
2283 5144 2549 5206 agendum
2589 5151 2693 5198 est.
2728 5162 2747 5194 ι

2186 5210 2269 5276 12)
2293 5209 2439 5264 Μέν.
2466 5212 2622 5265 Deest
2657 5213 2708 5264 in
2741 5210 2837 5265 0r.
2881 5211 2932 5265 1.

2181 5281 2266 5353 15)
2298 5282 2427 5353 Καί.
2453 5280 2701 5353 Nonnulli
2726 5283 2944 5347 addunt,
2973 5284 3078 5347 ἀεί,
3111 5302 3131 5334 (
3172 5298 3404 5353 semper.
3431 5303 3450 5336 ι

2157 5350 2270 5426 (l4)
2294 5350 2423 5426 Tér
2453 5350 2753 5426 αἰώνωνηι
2787 5354 3137 5409 Saeculorum.
3175 5372 3193 5405 ι
3238 5350 3329 5411 Sic
3363 5354 3497 5426 Reg.
3520 5354 3593 5426 pb
3615 5363 3676 5414 et

453 5419 555 5494 '(9)
593 5424 701 5477 "Ar
730 5419 884 5475 ἄλλο
914 5420 1308 5490 συνεισφέρῃ.
1367 5422 1458 5479 Sic
1496 5419 1676 5494 plures
1723 5421 1890 5492 Regg.
1933 5429 1987 5475 et

2117 5419 2259 5480 loisl.
2286 5423 2342 5477 2.
2376 5422 2535 5480 Deest
2574 5422 2627 5477 in
2655 5421 2723 5478 ed
