3902 6218
256 306 355 365 461

1252 290 1511 351 ORATIO
1547 286 1703 344 XLII.
1744 319 1813 328 -—
1846 277 2231 343 SUPREMUM
2271 279 2472 339 VALE.

3412 284 3520 341 469.

252 424 425 490 ἀξίως
450 419 562 475 τῶν
604 417 832 474 ἐντολῶν
878 433 971 470 σου
1018 413 1462 485 ἀναστραφῆναν
1515 408 1630 465 ἀλλ’
1674 406 1847 461 ὀπίσω

1974 404 2178 460 )eitatis
2204 403 2386 457 hostes
2421 400 2644 464 faciunt,
2702 400 2994 456 dominium
3042 403 3095 456 in
3124 402 3380 458 servilem
3416 418 3511 459 or-

252 518 355 586 τῆς
401 514 638 577 διανοίας
688 511 845 584 ἡμῶν
894 511 994 580 τῆς
1046 509 1288 579 πονηρᾶς
1333 504 1443 576 (41)
1490 503 1845 576 πορευθῆναι.

254 607 358 661 Διὰ
390 606 445 661 τί
494 604 605 676 γὰρ
636 604 823 674 ἓτερον
867 600 1124 673 ἀνδράσιν
1171 597 1525 660 ἀδικωτάτοις
1553 596 1649 650 καὶ
1678 610 1848 664 πονη-

261 698 513 772 ροτάτοις
554 695 707 768 παρά
750 696 957 758 πάντας
998 692 1123 756 τοὺς
1156 687 1543 752 κατοικοῦντας
1582 686 1682 758 τὴν
1713 685 1848 755 γῆνς

271 791 333 844 Ὀ
378 790 594 862 πρῶτος
637 785 749 859 (42)
790 785 1262 857 Ναϐουχοδονόσορ
1296 780 1571 850 ὲξέθλιψεν
1612 781 1790 851 ἡμᾶς,
1823 784 1852 835 ὁ

265 882 408 957 μετά
445 881 682 953 Χριστὸν
728 878 872 933 κατά
914 876 1152 950 Χριστοῦ
1189 878 1410 948 μανεὶς,
1444 877 1539 929 καὶ
1579 874 1670 929 διὰ
1695 875 1853 928 τοῦτο

265 975 507 1046 μισήσας
553 972 808 1044 Χριστὸν,
849 970 932 1024 ὅτι
971 970 1038 1024 δι’
1082 967 1246 1024 αὐτοῦ
1296 967 1569 1021 σέσωστοο
1602 966 1697 1021 καὶ
1742 965 1853 1018 τῶν

265 1064 432 1138 ἱερῶν
476 1063 675 1134 βίϐλων
713 1062 814 1125 τὰς
855 1061 1048 1124 ἀθέους
1090 1059 1282 1122 θυσίας
1328 1058 1651 1113 ἀντιλαϐών.
1699 1061 1854 1111 Κατ-

262 1154 453 1225 dispare
478 1171 575 1225 με,
603 1153 923 1223 ἐμερίσατό
956 1151 1065 1222 (45)
1102 1167 1197 1220 με,
1234 1147 1509 1217 manus
1531 1165 1606 1217 με
1632 1148 1854 1212 σκότος

258 1245 515 1305 λεπτὸν,
546 1244 636 1297 ἵνα
663 1242 739 1314 μὴ
764 1239 1008 1304 ἀποστῶ,
1046 1239 1180 1311 μηδὲ
1207 1238 1451 1310 θρηνῶν,
1485 1238 1581 1307 τῆς
1605 1236 1849 1308 Γραφῆς.

262 1339 337 1391 El
379 1335 467 1407 μὴ
504 1335 593 1389 ὅτι
625 1336 840 1402 Κύριος
871 1331 1169 1398 ἐϐοήθησέ
1195 1349 1298 1401 μοι
1318 1373 1333 1398 ,
1381 1331 1476 1384 καὶ
1516 1330 1703 1400 χερσὶν
1733 1328 1856 1382 ἀνό-

269 1446 391 1501 μων
437 1428 659 1492 δικαίως
708 1427 871 1480 αὐτὸν
918 1424 1234 1495 παρέδωκεν
1277 1422 1387 1494 (44)
1410 1462 1426 1486 ,
1457 1423 1748 1486 ἐκτοπίσας
1776 1423 1857 1484 είς

268 1519 510 1589 Πέρσας,
543 1513 654 1589 (οἷα
692 1516 764 1571 τὰ
803 1516 899 1572 τοῦ
946 1514 1081 1571 Θεοῦ
1113 1514 1224 1583 (45)
1261 1514 1561 1586 κρίματαί)
1591 1515 1685 1568 καὶ
1718 1515 1857 1584 ὑπὲρ

266 1611 522 1680 αἱμάτων
550 1608 780 1663 ἀνοσίων
813 1604 950 1679 αἷμα
988 1608 1149 1680 ἐχέθη
1185 1608 1413 1669 δίκαιον,
1444 1605 1674 1659 ἐνταῦθα
1700 1606 1857 1676 μόνον

264 1699 391 1753 οὐδὲ
448 1696 867 1770 μακροθυμῆσαι
921 1698 1297 1769 ἀνασχομένης
1350 1696 1461 1769 (46)
1513 1697 1610 1761 τῆς
1671 1696 1854 1766 δίκης,

265 1791 623 1861 παραϐραχὺ
668 1789 991 1860 παρῴκησε
1032 1790 1113 1856 τῷ
1159 1790 1272 1859 ᾅδῃ
1320 1791 1357 1859 ἡ
1399 1789 1571 1858 ψυχή
1611 1807 1752 1859 μου.
1796 1789 1853 1841 'U

265 1883 543 1954 δεύτερος,
566 1882 721 1937 οὐδὲν
750 1882 864 1953 (47)
894 1883 1102 1936 ἐκείνου
1127 1882 1651 1954 φιλανθρωπότερος,
1675 1883 1755 1935 ὅτι
1783 1882 1858 1953 μὴ

265 1977 367 2028 καὶ
396 1974 716 2046 βαρύτερος,
751 1975 862 2046 ὅσῳ
891 1974 986 2028 τοῦ
1018 1975 1130 2047 (48)
1164 1974 1401 2046 Χριστοῦ
1437 1977 1615 2046 φέρων
1658 1974 1855 2046 ὄνομα,

266 2065 657 2138 ψευδόχριστος
686 2061 775 2137 ἦν,
806 2067 900 2120 καὶ
928 2067 1276 2137 Χριστιανοῖς
1316 2066 1480 2138 βάρος
1511 2066 1647 2138 ὁμοῦ
1677 2084 1736 2119 τε
1764 2066 1860 2119 καὶ

267 2157 475 2221 δνειδος
503 2157 636 2228 (49),
664 2152 746 2221 οἷς
776 2158 870 2212 καὶ
897 2157 958 2211 τὸ
1003 2161 1177 2212 ποιεῖν
1211 2158 1392 2225 ἄθεον,
1418 2158 1513 2211 καὶ
1539 2157 1599 2210 τὸ
1628 2157 1860 2227 πάσχειν

269 2249 480 2315 ἄδοξον·
511 2248 591 2321 τῷ
626 2250 761 2321 μηδὲ
800 2250 1098 2304 ἀδικεῖσθαι
1128 2251 1337 2319 δοκεῖν,
1376 2250 1510 2323 μηδὲ
1539 2250 1600 2304 τὸ
1633 2249 1862 2322 μεγαλο-

272 2339 489 2411 πρεπὲς
514 2339 685 2411 ὄνομα
711 2340 789 2412 τῷ
816 2340 1046 2410 πάσχειν
1076 2344 1359 2413 προσεῖναι
1387 2339 1499 2412 (50)
1523 2342 1620 2412 τὴν
1657 2357 1863 2411 μαρτυ-

278 2432 427 2505 ρίαν*
454 2431 591 2486 ἀλλὰ
623 2431 907 2486 κάνταῦθα
949 2432 1277 2486 κλέπτεσθαι
1309 2431 1407 2504 τὴν
1444 2431 1722 2504 ἀλήθειαν,
1756 2432 1861 2484 πά-

276 2542 508 2595 σχοντας
549 2524 626 2588 ὡς
664 2525 1066 2597 Χριστιανοὺς,
1112 2525 1188 2589 ὡς
1253 2525 1470 2589 ἀσεϐεῖς
1515 2522 1859 2588 κολάζεσθαι.

272 2613 461 2684 Οῖμοι,
507 2615 590 2667 ὅτι
632 2613 1044 2686 ἐπλουτήσαμεν
1091 2616 1148 2667 ὲν
1183 2618 1296 2679 τοῖς
1337 2618 1562 2679 κακοῖς,
1611 2614 1700 2667 ὅτι
1745 2613 1865 2683 πῦρ

272 2705 577 2776 κατέᾕατε
624 2708 698 2763 τὰ
741 2708 928 2778 ὡραῖα
967 2707 1080 2776 τῆς
1136 2705 1509 2776 οἰκουμένης.
1565 2704 1640 2759 Τὰ
1690 2705 1866 2758 κατά-

273 2800 465 2852 λοιπα
504 2799 617 2867 τῆς
662 2800 903 2869 κάμπης
946 2798 1286 2868 κατέφαγεν
1326 2797 1365 2865 ἡ
1409 2797 1613 2865 ἀκρίς,
1654 2796 1751 2850 καὶ
1795 2796 1867 2850 τὰ

274 2887 616 2943 κατάλοιπα
660 2885 768 2959 τῆς
813 2887 1061 2957 ἀκρίδος
1108 2887 1443 2957 κατέφαγεν
1488 2889 1527 2954 ἡ
1584 2888 1861 2955 ἐρυσίϐη-

275 2973 403 3030 εἷτα
442 2979 470 3030 ὁ
519 2977 780 3049 βροῦχος,
824 2976 943 3032 εἶτα
987 2980 1088 3032 οὐκ
1130 2975 1226 3032 οἷδ’
1278 2979 1306 3031 ὅ
1348 2995 1403 3030 τι
1454 2978 1590 3050 πρὸς
1634 2977 1864 3041 τούτοις,

275 3069 379 3123 καὶ
421 3069 532 3140 (51)
574 3069 702 3124 ἄλλο
739 3069 825 3123 ἐπ’
869 3070 1012 3140 ἄλλῳ
1057 3068 1211 3140 κακῷ
1260 3069 1546 3140 φυόμενον.
1591 3069 1655 3121 Τί
1688 3069 1752 3123 ἄν
1784 3086 1867 3132 τις

278 3161 655 3233 ἐκτραγῳδοίη
708 3161 885 3215 πάντα
928 3162 996 3215 τὰ
1050 3160 1140 3216 τοῦ
1189 3160 1383 3233 καιροῦ
1425 3161 1601 3227 κακὰ,
1645 3161 1739 3215 καὶ
1770 3162 1867 3233 τὴν

276 3250 405 3302 τότε
432 3251 814 3323 κατασχοῦσαν
857 3253 1025 3323 ἡμᾶς,
1058 3250 1169 3304 εἴτε
1200 3250 1486 3322 εἴσπραξιν
1530 3251 1633 3322 χρὴ
1665 3252 1865 3319 λέγειν,

280 3338 396 3390 εἴτε
445 3338 769 3410 δοκιμασίαν
818 3341 913 3394 καὶ¹
956 3339 1232 3411 πύρωσιν;
1281 3340 1427 3412 Πλὴν
1472 3341 1553 3393 ὅτι
1585 3340 1870 3412 διήλθομεν

277 3429 374 3482 διὰ
400 3431 569 3502 πυρὸς
612 3432 704 3485 καὶ
741 3431 960 3498 ὓδατος,
987 3432 1082 3486 καὶ
1110 3432 1450 3504 προήλθομεν
1476 3435 1554 3496 εἰς
1587 3432 1867 3504 ἀναψυχὴν

279 3520 507 3592 εὐδοκία
538 3523 631 3576 τοῦ
663 3522 926 3589 σώζοντος
952 3522 1108 3577 Θεοῦ.
1198 3524 1204 3529 ’

1955 497 2138 553 dinem
2188 496 2469 550 nobiscum
2518 493 2868 561 redigamus;
2904 496 3001 551 sed
3044 495 3252 552 scilicet
3296 508 3521 567 pmpter

1953 590 2056 643 alia
2104 588 2310 644 scelera
2355 593 2563 652 nostra,
2604 594 2660 641 et
2705 586 2834 656 quia
2864 602 2996 653 non,
3034 595 3092 642 ut
3123 588 3393 644 mandatis
3421 590 3526 646 tuis

1953 680 2173 750 dignum
2232 689 2372 740 erat,
2432 678 2555 733 vitae
2606 687 2808 735 nostrae
2859 679 3100 736 rationes
3153 679 3524 748 instituimus;

1944 789 2139 830 verum
2170 781 2291 842 post
2321 786 2542 842 pravam
2598 780 2838 826 nostram
2888 780 3121 827 mentem
3151 780 3206 828 et
3234 773 3526 843 cogitatio-

1962 879 2085 918 nem
2139 862 2553 917 ambulavimus.
2610 862 2863 927 Quaenam
2896 862 3038 917 enim
3067 862 3170 916 alia
3202 877 3367 918 causa
3400 876 3529 932 pro-

1953 953 2082 1008 ferri
2117 962 2316 1023 potest,
2356 969 2452 1008 cur
2477 953 2789 1008 hominibus
2815 954 3190 1024 iniquissimis.
3226 962 3390 1024 atque
3410 969 3531 1009 om-

1958 1047 2129 1110 nium,
2158 1060 2293 1115 quos
2327 1053 2470 1099 terra
2505 1045 2629 1109 fert,
2657 1044 3090 1101 sceleratissimis
3117 1045 3278 1100 dediti
3301 1044 3529 1100 sumus?

1955 1136 2179 1191 Primus
2202 1135 2838 1199 Nabuchodonosornos
2876 1137 3117 1204 obtrivit,
3142 1137 3250 1201 ille,
3287 1138 3527 1206 inquam,

1960 1229 2048 1295 qni
2074 1238 2193 1298 post
2215 1228 2489 1283 Christum
2516 1228 2780 1283 adversus
2804 1227 3078 1283 Christum
3113 1228 3296 1283 lurore
3330 1228 3529 1298 ﬂagra—

1956 1320 2055 1387 vit,
2093 1328 2253 1388 atque
2293 1321 2362 1375 ob
2392 1336 2510 1375 eam
2558 1334 2777 1375 causam
2821 1319 3094 1375 Christum
3146 1322 3376 1376 invisum
3425 1323 3530 1377 ha-

1959 1411 2095 1475 buit,
2127 1410 2253 1481 quia
2290 1426 2387 1481 per
2432 1427 2554 1466 eum
2605 1412 2831 1468 salutem
2874 1423 3194 1469 consecutus
3229 1413 3432 1481 fuerat;
3469 1430 3534 1470 ac

1968 1518 2152 1556 sacros
2214 1502 2379 1557 libros
2428 1518 2549 1557 enm
2595 1504 2773 1573 impiis
2827 1504 3110 1559 sacrificiis
3158 1507 3531 1562 commutavit.

1968 1595 2239 1649 Devoravit
2267 1612 2366 1660 me,
2413 1600 2467 1649 in
2499 1605 2675 1664 partes
2706 1596 2949 1649 distraxit
2970 1612 3051 1649 me
3078 1597 3122 1627 ”
3149 1615 3162 1649 :
3195 1606 3534 1652 contexerant

1959 1706 2039 1742 me
2092 1689 2316 1742 tenebrae
2362 1699 2537 1742 tenues
2565 1687 2636 1753 ’³,
2671 1698 2752 1753 ιιι,
2778 1704 2845 1743 ne
2873 1687 3062 1759 lugens
3086 1687 3325 1757 quidem,
3352 1705 3381 1742 a
3414 1705 3538 1744 ver-

1892 1763 1931 1818 Β
1966 1781 2050 1836 bis
2081 1779 2376 1850 Scriptura:
2410 1781 2687 1834 recedam.
2729 1779 2851 1834 Nisi
2879 1782 3001 1851 quia
3039 1779 3292 1834 Dominus
3329 1781 3537 1852 adjuvit

1964 1888 2044 1924 me
2070 1870 2138 1937 “,
2166 1879 2328 1939 atque
2364 1870 2532 1938 ipsum
2568 1868 2769 1941 (qualia
2812 1869 2905 1925 Dei
2945 1870 3223 1941 judicia!)
3262 1869 3315 1923 in
3351 1868 3538 1925 Persi-

1963 1966 2082 2018 dem
2132 1962 2387 2032 ejectum,
2441 1963 2750 2032 iniquorum
2795 1962 3066 2029 manibus,
3108 1972 3166 2018 ut
3201 1965 3536 2029 merebatur,

1962 2055 2290 2119 tradidisset,
2340 2054 2449 2108 imo
2482 2053 2778 2109 sceleratus
2809 2069 2972 2109 cruor
2997 2054 3050 2108 in
3083 2054 3339 2109 ultionem
3381 2055 3541 2110 inuo-

1969 2147 2041 2200 xii
2073 2147 2354 2217 sanguinis
2382 2146 2529 2215 jnste
2554 2143 2759 2201 eﬂ‘usns
2787 2145 2979 2201 ruisset
3001 2146 3113 2217 (hic
3136 2146 3306 2201 solum
3330 2146 3541 2216 justitia

1964 2237 2182 2309 quidem
2226 2237 2635 2307 longanimitate
2681 2240 2755 2291 uti
2787 2253 2893 2294 non
2927 2237 3227 2310 sustinuit),
3270 2255 3543 2309 propemo-

1980 2331 2105 2385 dum
2150 2331 2438 2385 habitasset
2465 2330 2521 2383 in
2551 2330 2757 2398 inferno
2789 2333 2968 2385 anima
3010 2348 3127 2385 mea
3156 2332 3222 2386 ".
3260 2330 3543 2388 Secundus

1967 2421 2134 2477 nihilo
2177 2423 2465 2477 humanior
2516 2422 2607 2478 illo
2654 2422 2775 2489 fuit,
2826 2423 2934 2477 imo
2961 2437 3026 2477 eo
3061 2422 3224 2478 etiam
3267 2425 3542 2489 acerbior,

1968 2513 2112 2584 ψιοὰ
2163 2513 2367 2569 Christi
2418 2530 2611 2569 nomen
2668 2513 2875 2578 ferens,
2928 2514 3373 2583 pseudochristus
3402 2526 3540 2581 erat,

1969 2606 2399 2678 Christianisque
2441 2623 2580 2663 onus
2627 2607 2785 2662 simul
2838 2616 2892 2662 et
2937 2608 3213 2671 dedecus,
3257 2610 3456 2678 quibus
3488 2619 3544 2663 et

1973 2697 2152 2754 facere
2175 2700 2419 2769 impium,
2448 2709 2504 2755 et
2525 2701 2635 2769 pati
2667 2699 2962 2770 inglorium
2993 2710 3152 2765 erat;
3187 2701 3330 2771 quod
3356 2717 3426 2755 ne
3457 2701 3545 2755 in-

1969 2792 2168 2863 juriam
2220 2793 2435 2862 quidem
2490 2792 2739 2860 accipere
2800 2793 3133 2857 viderentur,
3188 2807 3289 2848 nec
3341 2792 3547 2847 illustre

1974 2885 2224 2954 martyrii
2257 2900 2453 2938 nomen
2490 2884 2826 2939 cruciatibus
2863 2884 3187 2950 accederet;
3227 2900 3414 2939 verum
3460 2885 3547 2940 hic

1973 2993 2189 3048 quoque
2234 2977 2388 3032 fucus
2438 2979 2651 3031 veritati
2683 2977 2857 3042 fieret,
2887 2988 2945 3031 ut
2982 2979 3073 3047 qni
3108 2986 3364 3047 tanquam
3391 2977 3549 3032 Citri-

1974 3069 2134 3123 stiani
2188 3069 2547 3137 patiebantur,
2605 3078 2858 3136 tanquam
2902 3068 3051 3138 impii
3082 3072 3325 3123 cruciatu
3365 3068 3546 3124 allice-

1974 3172 2180 3214 rentur.
2232 3159 2346 3214 Heu
2376 3162 2494 3214 me!
2535 3161 2656 3229 quia
2687 3160 2844 3231 751
2885 3161 2937 3214 in
2967 3160 3124 3214 malis
3149 3160 3344 3216 divites
3368 3172 3422 3216 et
3448 3176 3547 3216 co-

1967 3252 2099 3320 piosi
2124 3252 2450 3317 exslitimus,
2472 3253 2596 3324 quia
2623 3254 2755 3324 ignis
2788 3251 3019 3321 speciosa
3040 3262 3193 3306 terrae
3234 3253 3455 3307 comedit
3478 3254 3545 3307 '“.

1967 3341 2252 3397 Residuum
2298 3359 2469 3397 eruca:
2525 3345 2745 3398 comedit
2798 3344 3024 3411 locusta,
3069 3354 3116 3398 et
3154 3345 3423 3399 residuum
3470 3345 3550 3400 lo-

1976 3445 2139 3489 custa:
2186 3436 2411 3490 comedit
2447 3436 2630 3506 rubigo
2659 3436 2763 3503 ²⁶“;
2812 3448 2923 3491 tum
2951 3437 3214 3504 bruchus,
3259 3453 3323 3494 ac
3363 3447 3549 3508 postea

1979 3527 2160 3581 nescio
2196 3527 2338 3596 quod
2367 3525 2510 3581 aliud
2550 3537 2713 3596 atque
2745 3526 2889 3581 aliud
2946 3528 3144 3581 malum
3194 3529 3421 3583 subinde
3456 3543 3552 3583 ex-

303 3615 514 3666 oriens.
548 3612 687 3679 Quid
729 3624 911 3669 autem
940 3615 1121 3668 omnia
1153 3613 1295 3669 illius
1330 3613 1586 3684 temporis
1618 3614 1756 3668 mala
1810 3614 2010 3685 tragica
2074 3616 2320 3670 oratione
2383 3616 2634 3684 prosequi
2713 3616 2927 3679 attinet,
2975 3630 3223 3687 eamque,
3274 3633 3395 3687 qua:
3438 3628 3550 3673 tum

285 3719 390 3759 nos
434 3705 651 3766 invasit.
698 3707 813 3761 sive
861 3720 1077 3775 poenam
1113 3705 1295 3761 dicere
1319 3709 1592 3772 convenit,
1654 3708 1770 3762 sive
1835 3706 2259 3777 explorationem
2322 3722 2385 3762 ac
2451 3707 2865 3776 purgationem?
2909 3707 3176 3764 Creterum
3211 3711 3549 3764 transivimus

281 3810 381 3864 per
431 3795 606 3865 ignem
660 3803 711 3848 et
751 3811 945 3865 aquam
973 3796 1042 3860 ’⁷,
1074 3811 1138 3852 ac
1167 3796 1398 3866 benigna
1444 3797 1746 3852 Salvatoris
1778 3797 2052 3853 voluntate
2075 3799 2128 3851 in
2162 3796 2504 3869 refrigerium
2535 3799 2850 3868 prodiimus.

361 3886 434 3940 A'.
477 3885 615 3938 Ἀλλ’
642 3886 670 3940 ὂ
702 3904 793 3958 μοι
833 3886 1011 3956 λέγειν
1041 3887 1151 3958 (52)
1187 3887 1281 3942 ἀπ’
1318 3887 1495 3959 ἀρχῆς
1522 3889 1549 3940 ὁ
1577 3888 1734 3957 λόγος
1757 3888 1869 3961 ὧρ-

288 3994 453 4049 μητο³
482 3977 642 4032 τοῦτο
672 3979 732 4031 τὸ
765 3978 1032 4051 γεώργιον
1061 3975 1150 4051 ἦν,
1174 3981 1262 4033 ὅτε
1292 3981 1487 4051 μικρόν
1512 3998 1570 4033 τε
1600 3981 1694 4035 καὶ
1723 3998 1874 4034 πενι-

283 4072 423 4142 χρὸν
451 4066 519 4142 ἦν
539 4113 554 4136 ,
601 4071 697 4126 καὶ
726 4071 844 4139 (55)
885 4073 984 4143 οὐχ
1010 4072 1159 4135 ὅπως
1199 4070 1333 4125 Θεοῦ
1355 4113 1369 4136 ,
1404 4072 1497 4125 τοῦ
1529 4072 1620 4126 τὸν
1667 4073 1873 4143 κόσμον

286 4163 413 4215 ὅλον
455 4162 873 4234 γεωργήσαντός
909 4179 969 4215 τε
1001 4163 1094 4216 καὶ
1137 4162 1507 4235 γεωργοῦντος
1545 4165 1660 4227 τοῖς
1686 4164 1871 4228 καλοῖς

282 4254 392 4324 τῆς
433 4254 713 4318 εὐσεϐείας
752 4254 1027 4326 σπέρμασι
1070 4272 1131 4307 τε
1166 4256 1260 4309 καὶ
1292 4255 1576 4325 δόγμασιν,
1606 4255 1721 4309 ἀλλ’
1751 4255 1869 4309 οὐδὲ

282 4346 525 4418 πένητος
549 4347 666 4411 ἑνὸς
691 4346 801 4402 τῶν
826 4346 1023 4401 ἐνδεῶν
1052 4347 1147 4400 καὶ
1187 4348 1425 4419 μετρίων
1444 4389 1459 4415 ,
1489 4346 1564 4411 ὣς
1591 4364 1653 4416 γε
1680 4347 1873 4402 ἐδόκει·

2065 3888 2156 3944 ιν.
2197 3889 2506 3956 Enimvero,
2543 3900 2603 3945 ut
2630 3906 2696 3946 eo
2724 3905 2805 3956 se,
2838 3892 2977 3946 unde
3001 3891 3239 3962 digressa
3285 3902 3390 3959 est,
3429 3909 3555 3949 ora-

1994 3980 2070 4034 tio
2094 3979 2295 4034 referat
2321 3997 2335 4033 :
2363 3979 2476 4035 haec
2497 3994 2651 4051 seges
2672 3995 2835 4051 parva
2861 3982 3130 4049 quondam
3153 3991 3208 4037 et
3235 3983 3387 4052 inops
3408 3995 3550 4053 erat,

1986 4086 2052 4126 ac
2088 4086 2194 4126 non
2239 4071 2399 4126 modo
2430 4071 2562 4138 Deo,
2588 4071 2681 4142 qui
2715 4071 2956 4140 pulchris
2994 4073 3208 4142 pietatis
3255 4074 3553 4130 seminibus

1997 4172 2053 4219 et
2081 4163 2341 4219 doctrinis
2373 4170 2544 4218 totum
2577 4163 2764 4218 orbem
2800 4174 3063 4218 terrarum
3093 4163 3351 4232 excoluit,
3386 4175 3551 4236 atque

1997 4254 2218 4319 excolit,
2261 4253 2356 4309 sed
2405 4269 2474 4309 ne
2504 4268 2739 4324 paupere
2768 4254 3007 4324 quidem,
3041 4270 3105 4309 ac
3134 4255 3279 4310 tenui
3321 4256 3551 4312 homun-

1981 4346 2102 4401 culo
2156 4346 2345 4414 digna,
2393 4352 2451 4398 ut
2504 4344 2718 4413 quidem
2769 4343 3090 4400 videbatur:
3120 4346 3228 4400 imo
3265 4360 3364 4399 nec
3393 4361 3550 4416 seges

280 4437 407 4493 ἀλλ’
439 4438 563 4490 οὐδὲ
605 4437 716 4508 (54)
757 4437 1024 4509 γεώργιον
1059 4437 1226 4504 ὅλως,
1263 4437 1384 4491 οὐδὲ
1413 4437 1729 4508 ἀποθηκῶν,
1758 4437 1861 4491 οὐδὲ

1976 4437 2220 4501 omnino,
2261 4451 2362 4491 nec
2396 4438 2625 4504 horreis,
2665 4451 2764 4492 nec
2813 4451 2940 4491 area
2978 4436 3229 4502 fortasse,
3274 4452 3375 4493 nec
3411 4436 3552 4494 falce

282 4531 407 4586 ἆλω
437 4529 630 4600 τυχὸν,
672 4530 795 4583 οὐδὲ
837 4530 1111 4602 δρεπάνης
1156 4530 1321 4597 ἀξιον
1357 4529 1479 4583 οὐδὲ
1525 4528 1715 4600 θημὼν
1742 4527 1876 4601 (55),

280 4621 416 4675 οὐδὲ
464 4621 849 4694 δράγματα,ῆ
893 4622 1184 4694 δράγματα
1229 4623 1402 4693 μικρά
1451 4638 1511 4674 τε
1556 4621 1651 4674 καὶ
1699 4620 1876 4690 ἄωρα,

1976 4530 2133 4599 digna
2164 4548 2177 4582 :
2229 4543 2329 4583 nec
2371 4528 2534 4583 etiam
2581 4527 2783 4591 acervi,
2829 4541 2929 4582 nec
2958 4527 3237 4598 manipuli,
3270 4537 3364 4583 aut
3400 4539 3549 4583 certe

1976 4620 2127 4688 parvi
2154 4628 2210 4673 et
2233 4619 2527 4687 immaturi,
2583 4627 2638 4673 et
2682 4618 2871 4688 quales
2915 4629 3042 4674 sunt
3097 4627 3383 4685 tectorum,
3440 4637 3541 4677 nec

280 4713 388 4767 καὶ
419 4708 508 4767 οἷα
533 4713 603 4769 τὰ
629 4716 695 4768 ὲκ
734 4714 1031 4785 δωμάτων,
1065 4718 1200 4786 μήτε
1237 4717 1395 4785 χεῖρα
1423 4711 1736 4785 πληροῦντα
1776 4715 1861 4766 τοῦ

1979 4713 2235 4768 messoris
2274 4727 2492 4767 manum
2541 4711 2843 4782 implentes,
2899 4727 3000 4768 nec
3046 4728 3254 4781 eorum,
3294 4713 3386 4784 qui
3422 4729 3546 4782 per-

377 4861 425 4892 "
449 4858 564 4914 Jer.
609 4876 686 4925 LI,
729 4860 818 4916 54.
856 4900 859 4903 -
926 4861 973 4893 ’⁸
997 4860 1140 4918 Psal.
1177 4878 1284 4927 Ltv,
1334 4861 1388 4916 6.

281 4946 421 4999 va,
471 4930 558 4988 12.

363 5089 477 5157 (Μ)
533 5087 827 5157 Πονηρᾶς.
858 5088 1016 5144 Deest
1052 5090 1107 5145 in
1145 5091 1239 5149 0r.
1295 5092 1351 5146 2.

371 5158 488 5234 (ᾖ)
519 5159 583 5234 "9
615 5158 868 5234 πρώτος.
894 5158 1164 5234 Iulianum
1199 5163 1575 5234 imperatorem
1600 5161 1865 5234 intelligit.

384 5228 479 5302 45)
519 5229 880 5302 Ἐμερισατο.
914 5229 974 5302 in
1004 5228 1345 5302 quibusdam,
1385 5231 1629 5302 ἐμέρισε.

499 5298 873 5375 Πειρέδωζιεν.
902 5298 985 5375 Οε
1022 5298 1103 5375 2,*
1114 5298 1515 5375 παραδέδωκεν,

384 5368 477 5493 ιεῇ
503 5368 610 5493 θξὰ
665 5370 775 5425 τοῦ
838 5368 1008 5426 Θεοῦ.
1074 5372 1167 5428 Sic
1196 5368 1462 5443 'quinque
1504 5371 1673 5439 Reae.
1712 5372 1870 5429 Deest

416 5456 430 5493 ι
575 5476 592 5493 .

276 5455 385 5494 του
416 5454 470 5493 ιιι
503 5454 592 5494 eo.

356 5507 475 5586 (49)
514 5510 982 5586 Ἀνῖασκιὶμένης·
1009 5510 1067 5565 ιη
1098 5510 1239 5586 aliis.
1275 5514 1627 5586 ᾁνεχομένης·

358 5578 477 5648 (47)
511 5578 733 5634 Οὐδέν.
757 5578 852 5636 Sic
881 5584 1063 5648 plures
1084 5584 1243 5638 codd.
1278 5584 1335 5638 In
1368 5578 1480 5648 e'dl,
1519 5578 1661 5639 οὖδέ.

518 5649 686 5725 Ῐρσῳ
704 5650 860 5725 τοῦκ
884 5648 1025 5725 Reg._
1055 5653 1141 5706 hm
1163 5661 1216 5706 et
1263 5664 1372 5709 tres
1427 5653 1603 5718 Colb.,
1630 5655 1761 5725 Πόσῳᾼ
1785 5654 1864 5709 τό.

387 5718 476 5790 49)
511 5720 885 5789 Χριστιανοῒς
939 5718 1132 5792 βάρος
1177 5725 1324 5794 ὁμοῦ
1362 5741 1424 5778 τε
1480 5724 1575 5779 καὶ
1615 5718 1862 5791 ὄνεὶδος.

1503 4864 1551 4896 ’⁸
1573 4864 1714 4920 Psal.
1756 4881 1910 4931 xcnt,
1954 4863 2041 4919 17.

2148 4866 2194 4898 ’⁸
2220 4865 2349 4923 ihid.
2453 4867 2500 4898 ’⁵
2523 4865 2637 4922 Joel
2678 4885 2718 4935 ι,
2748 4868 2835 4925 19.
2931 4870 2997 4902 ³⁸·
3019 4868 3149 4925 ihid.
3178 4870 3230 4924 4.
3339 4870 3383 4903 ’⁷
3401 4869 3504 4927 Psa
3529 4911 3544 4927 .

1978 5090 2240 5169 δίο-,ξιθᾶ
2264 5094 2408 5169 _bm,
2439 5093 2875 5169 aliiqueplures.
2924 5095 2979 5149 In
3031 5098 3138 5169 ed_.,
3189 5098 3294 5169 Χρ.
3323 5098 3542 5169 ὄνειδος.

2048 5162 2161 5241 (50)
2199 5162 2446 5241 ἶνρνομα
2473 5162 2566 5241 ζῷς
2589 5163 2853 5241 πάςχειν
2881 5162 3210 5241 προσεῖναι.
3231 5162 3339 5241 :Sic
3365 5162 3545 5241 _Regg.

1976 5230 2635 5308 bln,_p:h,_l_’ar.'_et_Cabr.
2677 5230 2942 5308 Deestjrt'fi
2979 5237 3208 5308 πάσχειν
3231 5238 3285 5292 in
3313 5238 3405 5295 ed.

2045 5249 2956 5444 gargan-eis:°a..::gau.

2069 5373 2139 5444 _52
2201 5373 2275 5426 ’Ὀ
2301 5391 2409 5443 μοι
2455 5374 2676 5443 λέγειν.
2722 5373 2812 5429 Stc
2838 5375 2953 5444 pler

2201 5373 2275 5426 "0
2301 5391 2409 5443 μοι
2455 5374 2676 5443 λέγειν.
2722 5373 2812 5429 Sic
2838 5375 3078 5445 plerique
3108 5378 3268 5434 codd.
3290 5378 3347 5434 In
3381 5379 3492 5443 ed.,
3518 5378 3550 5433 δ

1972 5440 2270 5511 μὴλέγειν.

2039 5511 2151 5584 (55)
2182 5514 2314 5584 Καί.
2355 5513 2518 5584 Deest
2536 5515 2589 5568 in
2617 5515 2911 5572 nonnullis.

2041 5582 2154 5661 (_54)
2198 5583 2376 5661 Ἀλλ’
2419 5583 2583 5639 οὐδέ.
2636 5585 2730 5641 Sic
2777 5587 3021 5657 plerique
3056 5588 3211 5644 codd.
3253 5589 3415 5661 Deest
3448 5584 3549 5645 ἀλ·

1964 5655 2033 5710 λά
2059 5654 2111 5707 in
2134 5654 2234 5709 ‘ed.

2035 5723 2146 5795 (55)
2182 5723 2409 5793 Θημών.
2446 5724 2697 5797 Reg.bm,
2720 5726 3005 5798 θηαονιῶν.
