3902 6218
376 276 485 334 463

1590 266 1649 324 S.
1686 263 2017 324 GREGORII
2054 261 2410 321 THEOLOGI

3532 254 3642 310 ὅθι

382 397 686 457 transeunt,
716 383 1149 445 benedictionem
1182 383 1474 439 illicientes
1500 383 1563 438 ⁸⁸.
1595 382 1743 439 Talis
1774 397 1951 455 seges,
1981 435 1984 443 .

2090 379 2359 454 ερίζοντος
2385 372 2518 450 (56),
2551 394 2686 449 μητε
2734 374 2842 428 τῶν
2882 372 3190 446 παριόντων
3218 368 3470 439 εύλογιαν
3502 384 3641 441 προ-

384 482 595 547 tantilla
627 481 818 537 messis
852 488 1033 535 nostra
1064 486 1221 546 erat;
1250 492 1443 548 magna
1478 486 1681 541 tamen,
1719 485 1772 532 et
1796 477 1959 546 spicis

383 576 627 646 copiosa,
654 581 710 628 et
742 571 979 642 pinguis,
1022 568 1163 638 apud
1211 583 1361 633 eum,
1403 567 1494 636 qui
1535 566 1852 622 abscondita
1879 566 1960 619 in-

384 677 589 732 tuetur,
637 675 694 720 et
737 664 826 719 tali
859 661 1098 734 agricola
1135 660 1291 731 digna
1321 660 1626 715 habebatur
1656 658 1767 723 illa,
1797 671 1960 725 quam

382 760 685 814 animarum
717 753 885 810 valles
930 750 1309 821 multiplicant,
1359 763 1482 803 cum
1527 756 1677 803 recta
1715 746 1961 802 doctrina

388 848 747 913 excoluntur;
791 842 1039 914 quamvis
1068 856 1168 897 nec
1199 841 1253 894 in
1285 839 1475 910 vulgus
1501 847 1626 893 nota
1656 846 1825 903 esset,
1863 851 1964 891 nec

387 941 442 995 in
472 955 639 994 unum
674 944 980 1007 cogeretur,
1010 934 1103 990 sed
1131 932 1390 1005 paulatim
1444 930 1811 1002 colligeretur,
1855 944 1962 983 non

385 1046 545 1089 secus
592 1046 655 1087 ac
697 1028 896 1099 stipula
934 1029 988 1083 in
1025 1041 1224 1093 messe,
1258 1035 1313 1081 et
1358 1025 1666 1081 racemulus
1696 1024 1750 1078 in
1776 1023 1963 1078 vinde-

385 1127 516 1193 mia,
551 1138 675 1178 cum
705 1121 885 1178 nullus
914 1130 1001 1176 est
1027 1122 1217 1175 botrus
1242 1119 1310 1173 ”.
1349 1115 1490 1184 Quin
1520 1116 1610 1171 illa
1645 1130 1881 1186 quoque,
1912 1123 1966 1170 et

385 1213 601 1287 quidem
633 1212 923 1267 admodum
953 1210 1294 1280 tempestive,
1331 1208 1462 1263 milii
1497 1207 1689 1262 videor
1719 1206 1963 1276 adjectu-

385 1323 500 1374 rus,
536 1314 597 1362 ut
637 1306 798 1362 ficum
828 1312 1219 1375 praematuram
1259 1300 1313 1355 in
1348 1301 1564 1355 deserto
1596 1298 1850 1353 lsraelem
1885 1298 1968 1350 in-

388 1404 512 1460 veni
538 1403 608 1470 3°,
635 1412 689 1457 et
717 1410 777 1456 ut
804 1415 970 1455 unum
1011 1405 1108 1454 aut
1147 1395 1377 1451 alterum
1419 1394 1635 1448 acinum
1680 1392 1732 1446 in
1776 1391 1968 1445 imma—

388 1506 512 1551 turo
543 1495 698 1551 botro
740 1501 1037 1557 maturum,
1082 1487 1296 1545 Domini
1327 1485 1541 1556 quidem
1589 1483 1969 1539 benedictione

386 1593 662 1644 servatum
686 1585 753 1651 ³¹,
790 1598 856 1639 ac
893 1581 1148 1653 primitiis
1197 1585 1605 1640 consecratum,
1663 1575 1840 1629 adhuc
1888 1582 1972 1628 ta-

388 1696 512 1737 men
547 1692 771 1751 parvum
814 1685 869 1730 et
916 1689 1123 1739 rarum,
1155 1687 1257 1728 nec
1278 1685 1340 1726 os
1367 1667 1704 1725 comedentis
1737 1664 1966 1734 implen-

2061 472 2390 544 καλούμενα.
2417 470 2667 524 Τοιοῦτον
2698 469 2731 540 ἡ
2742 467 2856 540 μῶν
2885 466 2946 521 τὸ
2977 462 3266 537 γεώργιον,
3294 459 3549 515 τοσοῦτον
3580 457 3646 512 τὸ

2062 563 2237 635 θέρος·
2277 563 2419 636 μέγα
2447 562 2565 634 μὲν,
2602 559 2696 615 καὶ
2727 558 2984 631 εῦσταχυ,
3007 555 3104 611 καὶ
3138 557 3260 610 πῖον
3284 551 3364 625 τῷ
3392 551 3646 623 θεωρητῇ

2060 655 2170 709 τῶν
2204 654 2482 727 κρυπτῶν,
2522 654 2613 708 καὶ
2659 652 2900 706 τοιούτου
2945 646 3193 720 γεωργοῦ
3227 645 3437 718 πρέπον
3468 637 3646 706 εἶναι,

2061 747 2091 800 ὃ
2127 744 2457 817 πληθύνουσι
2489 743 2733 807 κοιλάδες
2758 740 2947 813 ψυχῶν
2978 737 3158 802 καλῶς
3186 735 3264 807 τῷ
3294 734 3438 804 λόγῳ
3465 748 3649 802 γεωρ-

2062 838 2345 910 γουμένων
2381 837 2513 909 (57)·
2540 837 2601 890 ού
2636 834 2742 908 μὴν
2788 832 3189 905 γνωριζόμενον
3234 830 3347 892 τοῖς
3394 824 3613 887 πολλοῖς
3633 864 3649 889 ,

2063 931 2186 985 οὐδὲ
2210 933 2288 994 είς
2321 928 2378 985 ἓν
2406 928 2795 1000 συναγόμενον,
2822 923 2959 980 ἀλλὰ
2993 921 3134 976 κατὰ
3169 918 3361 992 μικρὸν
3394 914 3655 984 συλλεγό⁴

2069 1040 2250 1096 μενον,
2287 1022 2363 1086 ὡς
2394 1021 2618 1092 καλάμη
2648 1018 2759 1090 (58)
2790 1019 2848 1070 ἐν
2878 1012 3094 1088 ἁμητῷ,
3127 1011 3223 1066 καὶ
3264 1009 3340 1073 ὡς
3367 1003 3656 1076 ἐπιφυλλὶς

2067 1118 2126 1171 ἐν
2170 1113 2459 1190 τρυγητῷ,
2508 1112 2583 1184 μὴ
2635 1110 2974 1181 ὑπάρχοντος
3018 1105 3260 1177 βότρυος.
3310 1098 3659 1172 Προσθήσειν

2070 1223 2161 1278 μοι
2199 1187 2342 1260 δοκῶ
2386 1205 2648 1266 κάκεῖνα,
2697 1199 2793 1253 καὶ
2838 1196 2960 1251 λίαν
3006 1192 3147 1248 κατὰ
3179 1189 3403 1262 καιρὸν,
3437 1187 3514 1251 ὡς
3551 1202 3655 1238 συ-

2066 1276 2170 1368 κῆν
2201 1294 2314 1368 (59)
2347 1296 2405 1348 ἐν
2436 1293 2631 1365 ἐρήμῳ
2675 1284 2834 1359 εῦρον
2862 1286 2955 1340 τὸν
3000 1282 3241 1355 Ἰσραὴλ,
3270 1277 3467 1368 καλῶς
3508 1276 3658 1349 ράγα

2071 1366 2343 1458 μίαν(60)
2383 1383 2417 1455 ἢ
2454 1380 2713 1452 δευτέραν
2752 1377 2961 1448 ὥριμον
3010 1375 3069 1427 ἐν
3112 1370 3277 1443 ἀώρῳ
3314 1367 3394 1441 τῷ
3444 1366 3654 1439 βότρυῖ,

2068 1477 2320 1547 εὐλογίαν
2345 1475 2443 1547 μὲν
2467 1472 2676 1545 Κυρίου
2702 1467 3101 1541 τετηρημένην,
3124 1463 3219 1517 καὶ
3242 1459 3493 1534 ἀπαρχὴν
3519 1459 3661 1513 καθ-

2071 1568 2414 1642 ιερωμένην,
2459 1566 2598 1636 πλὴν
2642 1563 2828 1632 ὀλίγην
2875 1558 2956 1612 ἔτι
3002 1558 3099 1611 καὶ
3150 1556 3411 1616 σπάνιον,
3457 1550 3553 1604 καὶ
3591 1548 3660 1602 οὐ

2070 1640 2385 1733 πληροῦσαν
2416 1657 2592 1728 στόμα
2613 1653 2863 1716 ἒσθοντος
2897 1649 3027 1722 (61)⁶
3052 1648 3147 1702 καὶ
3171 1647 3248 1711 ὡς
3281 1643 3518 1717 σημαίαν
3558 1640 3661 1694 ἐπὶ

390 1783 496 1828 tem
525 1786 542 1826 :
574 1780 737 1840 atque
754 1769 938 1834 etiam,
968 1777 1027 1821 ut
1061 1764 1376 1835 signiferum
1401 1762 1605 1832 lignum
1640 1761 1693 1814 in
1725 1757 1884 1822 colle,
1911 1767 1964 1811 et

2089 1731 2282 1815 ιουνοῦ,
2335 1750 2430 1804 καὶ
2475 1748 2551 1811 ὡς
2603 1745 2749 1799 ἱστὸν
2793 1743 2882 1796 ἐπ’
2915 1738 3172 1813 ὅρους,ἢ
3220 1736 3352 1790 εἴτι
3398 1733 3524 1788 ἄλλο
3546 1731 3661 1786 τῶν

390 1863 592 1918 malum
630 1861 786 1916 navis
816 1860 869 1913 in
898 1866 1082 1912 monte
1111 1856 1178 1923 ³⁸,
1219 1863 1311 1909 aut
1336 1854 1380 1908 si
1405 1851 1534 1921 quid
1570 1850 1716 1905 aliud
1751 1858 1835 1905 est
1861 1850 1973 1901 sin-

390 1956 596 2025 gulare,
641 1968 743 2008 nec
776 1950 959 2006 multis
1011 1947 1382 2016 consliicuum.
1414 1943 1591 2011 Atque
1620 1944 1733 1997 haec
1756 1939 1974 2010 quidem

393 2046 618 2117 pristina
654 2051 837 2098 nostra
874 2049 1166 2112 paupertas
1196 2047 1251 2093 et
1277 2035 1536 2091 maestitia
1570 2033 1691 2090 fuit.

461 2136 531 2193 ν.
573 2137 649 2192 Ex
682 2150 789 2206 quo
815 2143 994 2188 autem
1048 2142 1298 2201 tempore
1341 2128 1504 2189 Deus.
1552 2126 1641 2193 qui
1682 2135 1975 2192 pauperem

395 2229 523 2284 facit
570 2236 626 2283 et
669 2228 827 2291 ditat,
871 2223 965 2294 qui
1037 2220 1329 2276 mortificat
1366 2228 1420 2274 et
1450 2216 1611 2289 752
1650 2214 1886 2270 vivificat
1907 2212 1975 2276 ³⁸,

396 2321 487 2392 qui
521 2319 632 2375 sola
665 2318 943 2373 voluntate
984 2312 1167 2369 omnia
1214 2310 1345 2365 facit
1380 2317 1541 2378 atque
1581 2308 1852 2370 immutat,
1884 2304 1978 2374 qui

396 2426 463 2466 ex
495 2418 656 2465 nocte
684 2408 828 2463 diem
857 2404 1012 2471 facit,
1053 2417 1121 2457 ex
1154 2401 1335 2456 hieme
1374 2413 1495 2464 ver,
1545 2411 1615 2452 ex
1657 2402 1981 2464 tempestate

399 2498 843 2571 tranquillitatem
887 2492 954 2558 “,
994 2507 1061 2548 ex
1109 2491 1355 2548 siccitate
1407 2486 1642 2558 pluviam
1684 2483 1768 2551 ³⁵;
1818 2482 1981 2552 idque

398 2593 716 2665 plerumque
768 2588 927 2642 unius
975 2584 1133 2656 justi,
1175 2582 1436 2636 diuturna
1482 2575 1861 2648 persecutione
1889 2586 1981 2628 ve-

399 2688 511 2742 xati
546 2684 797 2756 precibus
826 2687 1137 2753 permotus;
1178 2674 1270 2745 qui
1302 2672 1535 2741 denique
1570 2677 1886 2723 mansuetos
1924 2664 1980 2718 in

400 2779 569 2836 altum
596 2775 842 2843 suscipit,
888 2786 954 2827 ac
986 2777 1299 2841 peccatores
1340 2777 1512 2834 usque
1548 2762 1614 2816 ad
1644 2770 1843 2815 terram
1881 2757 1984 2811 hu-

401 2869 578 2923 miliat
598 2865 665 2931 ³⁸,
694 2862 824 2918 illud
847 2874 1031 2916 secum
1061 2857 1195 2913 dixit
1224 2873 1241 2911 :
1287 2852 1477 2907 Viden;
1501 2850 1609 2907 vidi
1648 2848 1986 2920 aﬂlictionem

403 2957 631 3015 Israelis
660 2956 703 2988 ³⁷
736 2975 750 3011 :
781 2968 883 3009 nec
913 2953 1046 3016 luto,
1093 2962 1197 3004 nec
1244 2946 1472 3001 laterum
1523 2939 1985 2999 conficiendorum

407 3051 597 3107 labore
629 3047 831 3104 diutius
859 3042 1269 3115 opprimentur;
1301 3052 1365 3093 ac
1393 3037 1607 3092 locutus
1631 3030 1891 3096 visitavit,
1929 3034 1985 3083 et

406 3144 638 3199 visitans
672 3139 902 3195 salutem
933 3134 1134 3200 attulit,
1174 3130 1541 3202 populumque
1589 3139 1747 3180 suum
1796 3119 1986 3178 eduxit

415 3234 468 3289 in
507 3247 667 3289 manu
700 3228 909 3302 potenti
934 3236 986 3282 et
1008 3224 1234 3282 brachio
1257 3220 1494 3286 excelso,
1523 3219 1577 3273 in
1604 3210 1773 3271 manu
1789 3213 1988 3287 Moysis

407 3334 464 3381 et
493 3324 674 3378 Aaron
725 3321 1022 3376 electorum
1082 3327 1302 3372 suorum
1341 3311 1408 3364 ³⁸.
1450 3308 1588 3377 Quid
1628 3305 1711 3374 fit,
1761 3313 1818 3359 et
1857 3302 1986 3373 quid

410 3418 608 3473 mirum
660 3409 1048 3484 perpetratur?
1090 3408 1164 3463 Ea
1222 3405 1500 3471 nimirum,
1556 3415 1676 3472 quae
1718 3395 1991 3453 memoriae

410 3508 660 3582 prodita,
717 3514 772 3561 et
816 3504 1118 3559 litterarum
1184 3496 1557 3554 monumentis
1614 3487 1989 3549 commendata

417 3580 901 3656 circumferuntur.
954 3592 1088 3648 Nam
1142 3601 1203 3647 ut
1257 3587 1522 3644 miracula
1572 3585 1628 3639 in
1677 3583 1764 3637 via
1821 3580 1988 3645 edita,

415 3706 780 3764 magnumque
816 3689 965 3743 illum
1014 3685 1298 3756 strepitum
1350 3690 1583 3745 taceam,
1629 3691 1693 3731 ac
1737 3689 1850 3730 rem
1884 3684 1993 3727 uno

413 3762 582 3839 verbo
615 3780 981 3850 complectar;
1017 3778 1212 3848 Ioseph
1246 3789 1385 3830 unus
1414 3772 1467 3827 in
1500 3768 1794 3840 JEgyptum
1822 3762 1993 3834 proﬁ-

414 3874 638 3928 ciscitur
661 3872 729 3937 ³⁸,
768 3886 833 3926 ac
875 3878 1133 3926 sexcenta
1172 3868 1452 3922 hominum
1485 3861 1653 3917 millia
1685 3874 1789 3914 non
1824 3854 1994 3910 multo

416 3976 539 4037 post
571 3978 638 4021 ex
668 3963 905 4034 Egypto
934 3961 1199 4017 excedunt
1222 3958 1290 4012 ⁸ο.
1318 3954 1458 4024 Quid
1484 3954 1592 4008 hoc
1624 3945 1995 4005 admirabilius

423 4066 518 4113 aut
565 4056 836 4113 illustrius
888 4053 1081 4109 divinae
1134 4046 1550 4120 magnificentia:
1594 4048 1991 4112 argumentum,

416 4162 541 4201 cum
574 4162 642 4203 ex
666 4148 827 4202 rebus
869 4143 1096 4214 perditis
1129 4155 1193 4195 ac
1222 4135 1542 4209 deploratis,
1593 4135 1695 4187 iter
1741 4130 1997 4186 secundis

423 4240 637 4308 aperire
667 4237 929 4292 voluerit?
976 4229 1359 4289 Promissionis
1395 4236 1535 4282 terra
1566 4238 1663 4295 per
1695 4237 1861 4277 unum
1896 4221 1997 4275 ho-

418 4331 624 4385 minem
674 4330 798 4384 odio
844 4327 1085 4383 habitum
1135 4331 1282 4379 sorte
1330 4316 1691 4380 distribuitur,
1734 4323 1898 4381 atque
1927 4312 1992 4377 is,

2076 1841 2376 1916 μοναδικῶν
2422 1858 2481 1893 τε
2529 1838 2625 1893 καὶ
2660 1837 2721 1891 ού
2770 1834 2980 1889 πλείοσι
3025 1828 3439 1903 θεωρουμένων.
3472 1825 3664 1880 Ταῦτα

2077 1937 2175 2008 μὲν
2202 1940 2272 2013 τά
2297 1936 2395 2006 τῆς
2423 1932 2698 2004 προτέρας
2723 1928 2914 1993 πενίας
2941 1925 3036 1982 καὶ
3061 1921 3385 1995 κατηφείας.

2145 2119 2222 2176 E'.
2274 2119 2392 2189 Ἀφ’
2418 2110 2479 2172 οῦ
2506 2118 2564 2171 δέ
2591 2118 2620 2170 ό
2650 2112 2937 2186 πτωχίζων
2971 2112 3066 2167 καὶ
3107 2107 3409 2174 πλουτίζων
3432 2106 3564 2170 Θεὸς
3582 2147 3599 2174 ,
3633 2106 3670 2162 ὁ

2078 2211 2324 2269 θανατῶν
2365 2209 2461 2265 καὶ
2501 2206 2784 2276 ζωογονῶν
2804 2245 2819 2270 ,
2860 2207 2890 2259 ό
2921 2203 3090 2258 ποιῶν
3138 2202 3317 2256 πάντα
3349 2199 3444 2253 καὶ
3493 2215 3669 2271 μετα-

2081 2303 2361 2369 σκευάζων
2392 2302 2541 2373 μόνῳ
2566 2299 2643 2371 τῷ
2671 2296 2977 2369 βούλεσθαι,
3009 2296 3038 2350 ό
3060 2292 3231 2346 ποιῶν
3256 2293 3323 2346 ἐκ
3352 2291 3449 2362 μὲν
3471 2289 3670 2352 νυκτὸς

2080 2395 2291 2469 ἡμέραν
2311 2434 2326 2459 ,
2361 2394 2426 2446 ἐκ
2471 2393 2528 2446 δέ
2570 2388 2839 2462 χειμῶνος
2873 2386 2995 2457 έαρ,
3022 2386 3087 2438 ἐκ
3117 2384 3176 2437 δέ
3206 2382 3374 2452 ζάλης
3401 2379 3667 2451 γαλήνην,

2082 2490 2146 2542 ἐκ
2168 2488 2224 2541 δὲ
2252 2484 2480 2556 αὐχμῶν
2510 2480 2839 2553 ἐπομϐρίανο
2882 2479 2978 2531 καὶ
3008 2474 3167 2530 τοῦτο
3206 2474 3272 2528 δι’
3311 2472 3429 2536 ἐνὸς
3457 2470 3671 2525 δικαίου

2083 2579 2341 2642 πολλάκις
2364 2575 2529 2647 εὐχὴν
2558 2574 2654 2628 ἐπὶ
2683 2571 2817 2627 πολὺ
2845 2569 3183 2641 διωχθέντος·
3216 2568 3244 2619 ὁ
3270 2562 3672 2637 ἀναλαμϐάνων

2084 2673 2278 2744 πραεῖς
2302 2671 2382 2733 εἰς
2408 2667 2563 2738 ὖψος,
2602 2665 2699 2720 καὶ
2724 2663 2997 2719 ταπεινῶν
3026 2659 3381 2733 ἁμαρτωλοὺς
3411 2656 3516 2722 ἕως
3539 2657 3670 2729 γῆς,

2085 2765 2261 2817 ἐκεῖνο
2288 2761 2425 2832 πρὸς
2452 2758 2615 2812 αὐτὸν
2647 2756 2760 2828 (62)
2801 2752 2988 2810 εἶπενο
3032 2753 3201 2808 Ἰδὼν
3227 2747 3391 2806 εἶδον
3419 2750 3537 2818 τὴν
3564 2747 3675 2802 κά-

2086 2869 2277 2909 κωσιν
2310 2850 2417 2906 τοῦ
2463 2849 2700 2921 Ἰσραήλ
2734 2847 2869 2920 (65)·
2904 2846 2997 2901 καὶ
3031 2846 3092 2899 οὐ
3130 2843 3205 2916 μὴ
3249 2841 3558 2916 προσθῶσιν
3587 2838 3675 2893 ἔτι

2087 2944 2167 3017 τῷ
2193 2942 2352 3015 πηλῷ
2389 2942 2483 2996 xui.
2511 2944 2578 3013 τῇ
2612 2939 2864 3012 πλινθείᾳ
2892 2938 3257 3010 ταλαιπωρεῖν
3275 2950 3290 2966 ·
3342 2933 3436 2989 καὶ
3475 2931 3673 3000 εἰπὼν,

2089 3035 2449 3106 ἐπεσκέψατο,
2471 3034 2566 3088 καὶ
2585 3030 3021 3103 ἐπισκεψάμενος
3045 3029 3237 3095 έσωσε,
3263 3026 3363 3082 καὶ
3392 3025 3673 3095 ἐξήγαγε,

2087 3126 2195 3181 τὸν
2206 3126 2362 3182 λαὸν
2376 3124 2566 3181 αὑτοῦ
2586 3124 2657 3180 ἐν
2675 3124 2822 3196 χειρὶ
2857 3122 3112 3192 κραταιῷ
3143 3121 3276 3193 (64),
3300 3119 3399 3174 καί
3426 3120 3496 3173 ἐν
3516 3119 3677 3188 ,βρα-

2090 3220 2251 3291 χίονι
2293 3216 2519 3289 ὑψηλῷ
2540 3218 2610 3272 ἐν
2630 3215 2783 3288 χειρὶ
2811 3214 2997 3284 Μωσῆ
3024 3212 3125 3267 καὶ
3168 3210 3395 3281 Ἀαρὼν
3422 3211 3532 3284 (65)
3563 3210 3679 3265 τῶν

2090 3310 2362 3366 ἐκλεκτῶν
2390 3309 2577 3365 αὐτοῦ.
2596 3309 2662 3363 Τί
2683 3308 2925 3378 γίνεται,
2952 3305 3047 3358 καὶ
3069 3301 3121 3358 τί
3147 3303 3678 3374 θαυματουργεῖται;

2096 3403 2165 3454 ’Ἀ
2212 3399 2383 3471 βίϐλοι
2429 3398 2526 3453 καὶ
2577 3399 2787 3470 μνῆμαι
2841 3395 3120 3467 φέρουσιν.
3176 3393 3361 3456 Ἐκτὸς
3411 3392 3521 3461 γὰρ
3567 3391 3683 3446 τῶν

2090 3492 2233 3547 κατὰ
2259 3490 2359 3563 τὴν
2391 3490 2509 3544 όδὸν
2544 3488 2887 3563 θαυμασίων,
2915 3487 3010 3541 καὶ
3046 3486 3145 3558 τῆς
3177 3484 3416 3556 μεγάλης
3457 3483 3681 3555 ἐκείνης

2094 3562 2437 3655 βομϐήσεως,
2474 3581 2550 3634 ἵν’
2597 3580 2737 3633 είπω
2781 3562 2849 3631 τι»
2881 3576 3321 3647 συντομώτατον,
3363 3574 3563 3646 Ἰωσὴφ
3597 3577 3681 3638 είς

2092 3674 2367 3743 Αἴγυπτον
2396 3666 2497 3737 εἷς,
2530 3671 2623 3727 καὶ
2651 3669 2909 3743 μυριάδες
2934 3668 3197 3740 ἐξήκοντα
3229 3666 3346 3738 μετ’
3367 3666 3544 3735 ὀλίγον
3563 3665 3679 3738 (66)

2094 3765 2155 3831 ἐξ
2178 3765 2477 3834 Αἰγύπτου.
2504 3763 2569 3816 Τί
2592 3762 2782 3817 τούτου
2818 3758 3284 3832 θαυμασιώτερον,
3312 3757 3345 3830 ἢ
3376 3758 3559 3830 μεῖζον
3579 3758 3684 3829 τῆς

2095 3856 2189 3910 τοῦ
2223 3854 2357 3909 Θεοῦ
2388 3853 2744 3926 μεγαλονοίας
2774 3852 3090 3923 τεκμήριον,
3132 3850 3259 3903 ὅταν
3291 3849 3356 3903 ἐκ
3399 3847 3504 3902 τῶν
3542 3847 3686 3902 ἀπό-

2098 3964 2209 4022 ρων
2247 3948 2375 4020 θέλῃ
2417 3949 2585 4020 πόρον
2623 3947 2807 4001 δοῦναι
2834 3949 2947 4010 τοῖς
2987 3945 3306 4017 πράγμασις
3348 3942 3443 3996 καὶ
3475 3942 3545 4013 γῆ
3577 3945 3682 4013 τῆς

2098 4040 2430 4111 ἐπαγγελίας
2465 4040 2869 4112 κληροδοτεῖται
2907 4037 2972 4091 δι’
3003 4037 3123 4101 ἐνὸς
3154 4036 3492 4108 μισηθέντος,
3526 4036 3620 4089 καὶ
3651 4036 3686 4089 ὁ

2098 4130 2328 4202 πραθεὶς
2370 4130 2497 4200 ἔθνη
2547 4129 2851 4201 μεθίστησι,
2898 4128 2993 4181 καὶ
3037 4129 3117 4191 είς
3167 4126 3319 4189 έθνος
3358 4124 3687 4178 καθίσταται

2102 4223 2279 4293 μέγα,
2324 4222 2420 4275 καὶ
2464 4223 2498 4292 ἡ
2536 4219 2708 4292 μικρὰ
2750 4212 3043 4290 παραφυὰς
3071 4218 3251 4287 ἐκείνη
3273 4257 3288 4281 ,
3318 4215 3560 4289 ἄμπελος
3588 4217 3687 4269 εύ-

2099 4314 2453 4386 κληματοῦσα
2497 4314 2738 4383 γίνεται,
2785 4312 2881 4365 καὶ
2911 4311 3146 4383 τοσαύτη
3167 4350 3183 4373 ,
3217 4310 3294 4374 ὡς
3334 4308 3688 4379 ἐπεμϐαίνειν

424 4420 515 4487 qui
544 4420 796 4473 venditus
835 4416 1029 4482 fuerat,
1068 4424 1256 4484 gentes
1296 4409 1517 4466 sedibus
1565 4403 1736 4476 pellit,
1777 4403 1984 4472 ipseque

2109 4407 2206 4477 μὲν
2250 4409 2547 4476 ποταμοῖς,
2590 4404 2928 4459 ἐκτείνεσθαι
2973 4404 3031 4458 δὲ
3075 4404 3235 4475 μέχρι
3280 4401 3588 4472 θαλάσσης,
3622 4402 3689 4468 ἐξ

421 4513 475 4569 in
507 4522 723 4582 gentem
753 4525 1001 4581 magnam
1029 4505 1405 4570 constituitur,
1433 4516 1497 4556 ac
1539 4511 1704 4569 parva
1748 4494 1841 4550 illa
1873 4508 2000 4565 pro-

2106 4496 2268 4569 ὁρίων
2293 4496 2403 4569 (67)
2425 4497 2505 4560 είς
2532 4497 2658 4567 ὅρια
2698 4495 3107 4567 πλατυνομένην
3141 4493 3273 4567 (68),
3301 4492 3596 4547 καλύπτειν
3627 4491 3692 4546 δὲ

494 4649 543 4682 ³⁸
572 4645 715 4703 Psal.
759 4660 985 4709 cxxvm,
1007 4643 1041 4699 6
1070 4656 1241 4712 seqq.
1281 4608 1345 4712 ξ’
1385 4635 1546 4691 Mich.
1576 4635 1755 4712 vn,_l_.
1819 4629 2014 4712 ‘f_0§e.
2036 4647 2128 4712 _tx,
2160 4631 2248 4686 10.
2325 4632 2647 4712 ’λίθοι-ις,
2672 4634 2727 4712 8_.
2803 4632 2976 4712 "ls_a.
3006 4648 3153 4712 xix,
3180 4631 3271 4712 l7.
3345 4632 3391 4664 ³³
3415 4630 3434 4683 1
3457 4631 3591 4700 Reg.
3619 4645 3686 4695 ιι,

424 4720 477 4775 6.
557 4700 803 4772 “annos
846 4731 896 4782 v,
943 4700 997 4770 8'.
1077 4713 1120 4745 ³⁵
1148 4700 1246 4766 ἸΙΙ
1284 4710 1417 4782 Reg.
1478 4721 1632 4782 ξιιμ,
1666 4704 1758 4782 45.
1836 4702 1881 4734 ³⁸
1930 4701 1984 4782 [ξι

2137 4716 2320 4768 cxnvr,
2348 4701 2402 4758 6.
2477 4702 2521 4735 ³⁷
2554 4703 2727 4759 Exod.
2785 4718 2874 4764 ιιι.
2909 4704 2963 4759 7.
3043 4703 3088 4735 ³⁸
3117 4701 3260 4758 Psal.
3321 4716 3524 4763 cxxxv,
3576 4701 3682 4766 il;

425 4771 610 4857 iam,
636 4788 727 4842 2'1.
807 4786 850 4819 ³⁸
883 4771 1034 4841 ’ϐειι
1079 4797 1292 4850 xxxv",
1319 4771 1415 4835 ἓξ.
1496 4776 1540 4809 ⁸ο
1576 4777 1746 4830 Exod.
1798 4787 1901 4837 xu,
1947 4771 2037 4827 '57.

427 4976 458 5041 ζ
497 4900 610 4977 (56)
660 4902 772 4957 Τοῦ
808 4898 1155 4970 θερίζοντος.
1189 4895 1280 4952 Sic
1306 4895 1462 4952 codd.
1492 4893 1548 4948 In
1576 4891 1705 4946 Par.
1744 4888 1855 4954 ed.,
1885 4886 2005 4960 θρί-

460 4991 632 5037 οντος.

460 4991 632 5037 οντος.

522 5027 611 5110 57)
650 5040 1140 5112 Γεωργουιίέγων.
1167 5037 1227 5093 ιιι
1254 5033 1546 5112 nonnullis,
1568 5027 2004 5103 γεωργούμεναι.

523 5105 613 5180 58)
642 5105 1079 5181 Καλὶὶμηξιῖθε.
1108 5109 1221 5181 bm_,_
1254 5105 1529 5181 καλάμην.

499 5126 613 5181 (58)
642 5126 915 5181 καλάμη.
946 5126 1079 5232 “eg.
1108 5126 1218 5170 Dm,
1254 5126 1529 5176 καλαμην.

499 5184 610 5255 (59)
657 5183 755 5248 Ὠς
776 5179 1002 5250 συκῆν.
1059 5179 1163 5255 ‘res
1190 5178 1383 5246 liegg.,
1413 5175 1506 5255 QE.
1551 5172 1608 5255 2,
1636 5179 1765 5233 etc.,
1789 5168 1867 5255 ὡς
1883 5183 2002 5255 exp:

431 5237 630 5317 πόνξῖι
695 5237 753 5305 ιιὶ
792 5237 1034 5320 scopum.
1068 5267 1087 5300 ι
1122 5247 1247 5304 Ose.
1272 5237 1398 5320 Ἐς.
1423 5245 1490 5298 l0
1524 5260 1538 5296 :
1575 5243 1651 5305 ὼς
1706 5238 1907 5292 σκοπὸν
1948 5237 2007 5288 ἐν

433 5315 863 5394 συκῇίπρώιμον·
888 5315 932 5394 ’σῄ
958 5328 1019 5372 ιιι
1047 5333 1270 5394 sc_o_pum_
1293 5317 1352 5394 in_
1371 5315 1471 5370 ficu
1502 5322 1931 5394 temporaneum.
1980 5324 1999 5357 ι

511 5377 1030 5463 (60)’⁹Ρᾶγαμίαν.
1085 5377 1459 5463 Si'c‘plerique
1507 5377 2004 5463 codd-Regibm,

471 5446 974 5550 Gi‘raitfatv.'ln:lsa.
1032 5446 1274 5550 ιτνλ8ἐ
1318 5446 1623 5550 ⁸ρντρόπον
1653 5446 2005 5521 εὑρεθήσεται

499 5537 510 5550 Ι
568 5533 592 5550 ρ
621 5535 632 5550 ς
668 5548 672 5550 Α
715 5530 773 5550 κ·-
923 5534 1017 5550 -,.--
1081 5548 1093 5550 _
1183 5541 1336 5550 ---ΜΛ
1383 5541 1409 5550 Α
1459 5522 1761 5550 ἶη-τιιηῖηίιιη
1794 5517 2004 5550 nni-inm

486 5517 675 5604 ρῷξέν
706 5530 784 5602 τῷ
807 5532 1018 5604 βότρυῖ·
1074 5517 1415 5604 ¢_Quomodo_
1459 5517 1761 5604 invenietur
1793 5517 2010 5570 acinum

434 5591 498 5659 in.
540 5591 715 5657 betro.
751 5591 769 5653 ἱ
805 5591 862 5656 In
893 5591 978 5657 ed.
1004 5591 1354 5667 conju'nctim.
1390 5591 1689 5667 ῥαγαμίαν.

506 5672 619 5740 (61)
648 5674 987 5736 Ἔσθοντος.
1018 5671 1074 5740 In
1107 5662 1402 5730 nonnullis,
1436 5662 1726 5740 ἐσθφντος.

506 5723 621 5816 (697)
638 5723 852 5799 Abii»;
879 5723 998 5799 Duo
1033 5739 1225 5810 liegg.,
1261 5723 1492 5808 quatuor
1539 5730 1692 5787 Colb.
1731 5735 1784 5786 et
1822 5724 1917 5783 0r.
1946 5723 2007 5794 2,

2106 4885 2321 4955 ἑαυτόν.
2355 4883 2499 4955 Mox,
2534 4880 2710 4940 εἶπεν.
2748 4897 2883 4955 neg.
2921 4885 3031 4947 bm,
3062 4882 3257 4955 εἰπών.
3381 4951 3388 4955 _
3658 4934 3663 4941 .

2106 4954 2293 5080 méi63),
2324 4954 2435 5009 Τοῦ
2484 4955 2742 5024 Ἰσραήλ.
2770 4951 2863 5012 Of.
2895 4956 2951 5021 ‘2,
2991 4954 3085 5008 τοῦ
3128 4953 3260 5008 λαοῦ
3294 4951 3417 5024 μου,
3456 4969 3475 5004 ι
3506 4951 3688 5022 populi

2180 5092 2292 5229 (64)
2327 5094 2623 5185 βραταιῷ.
2652 5093 2818 5174 Coisl:
2839 5094 2874 5146 Ξ
2902 5101 2956 5147 et
2982 5092 3076 5185 ρι’.
3100 5092 3158 5179 2',
3185 5091 3443 5165 κραταιᾶ.

2183 5162 2270 5229 (65
2342 5165 2430 5216 Er
2456 5165 2609 5229 χειρί
2630 5168 2815 5229 Μωση
2850 5163 2950 5218 καί
2990 5169 3215 5229 Ααρων.
3251 5148 3435 5217 Schol.

2178 5148 2308 5234 (65)
2327 5148 2430 5234 ’ἐν
2456 5148 2816 5233 χειρί-Μωάῆ
2850 5163 2950 5218 καί
2982 5148 3475 5234 Ἆαρῶιτδδοίιυίίι
3523 5160 3691 5234 Ἑαυ-

2109 5232 2201 5313 τὸν
2260 5232 2557 5316 αἰνίττεται
2611 5235 2705 5289 καὶ
2752 5232 3282 5316 μέχανῃβασιλείοντο
3329 5250 3350 5283 ι
3408 5232 3692 5316 Significat

2116 5303 2350 5383 seipsum
2405 5313 2461 5356 et
2502 5302 2763 5373 magnum
2816 5302 3095 5358 Basiliam.
3152 5321 3171 5353 ι
3225 5302 3341 5355 Νοιι
3389 5302 3693 5371 probamus

2105 5372 2408 5427 scholtastze
2457 5373 2798 5428 sententiam.
2838 5373 2894 5428 ld
2923 5383 3070 5429 certe
3111 5370 3499 5426 alienissimum
3538 5381 3629 5425 est
3659 5386 3692 5426 ιι

2104 5443 2355 5502 Gregorii
2381 5452 2578 5496 mente.

2176 5510 2289 5652 (66)
2325 5510 2462 5565 Μετ’
2487 5512 2714 5581 ὀλίγον.
2748 5513 2880 5582 Reg.
2905 5512 3016 5573 bm,
3058 5509 3195 5582 μετὰ
3223 5508 3440 5583 μικρόν.

2201 5582 2288 5652 b7)
2360 5581 2457 5647 Ἐξ
2527 5583 2724 5650 ὁρίων,
2776 5592 2881 5638 etc.
2954 5581 3074 5637 Bill.
3127 5597 3149 5633 ι
3202 5597 3236 5636 a
3286 5580 3453 5637 monti

2107 5579 2457 5707 mgﬁng.’f5'£
2527 5579 2724 5650 ὁρίων,
2776 5579 2881 5638 etc.
2954 5579 3074 5637 Bill.
3127 5597 3149 5633 ι
3202 5579 3236 5636 ιι
3286 5579 3560 5637 montibus
3622 5579 3692 5635 ad

2180 5720 2292 5794 (68)
2340 5721 2828 5793 Πλατυνομένην.
2882 5722 3016 5780 Tres
3054 5720 3257 5794 Regg.,
3284 5717 3691 5792 πλατυνομένη.
