3902 6218
255 303 362 356 ιιι)
1249 309 1515 369 ORATIO
1555 313 1714 372 XLII.
1758 347 1826 357 ——
1867 313 2254 372 SUPREMUM
2293 315 2498 374 VALE.
3418 325 3523 381 1:66

252 414 356 487 ὅρη
389 413 470 486 τῷ
496 415 622 488 ὕψει
653 417 753 490 τῆς
779 418 958 493 δόξης,
991 421 1198 494 κέδρων
1219 424 1274 479 δὲ
1308 427 1726 500 ὑπεραίρεσθαι,
1756 433 1849 486 καὶ

1976 449 2088 502 pago
2111 434 2266 490 vinea
2305 435 2412 490 lata
2441 445 2497 491 et
2521 435 2834 505 palmitibus
2863 436 3141 495 abundans
3177 438 3425 506 cﬂicitur,
3468 441 3522 496 in

253 510 430 564 ταῦτα
470 511 581 566 τῶν
624 511 716 565 τοῦ
764 512 899 566 Θεοῦ
944 513 1102 568 ἅτινα
1141 516 1206 588 δὴ
1250 516 1322 571 τὰ
1365 519 1466 591 ὅρη
1512 522 1704 588 ταῦτα,
1751 525 1844 577 καὶ

1976 537 2180 594 :amque
2234 527 2657 593 magnitudinem
2690 528 2890 595 evadit,
2945 537 3002 581 ut
3042 539 3096 584 et
3139 544 3299 599 supra
3335 528 3524 587 ﬂuvios

255 602 483 667 ἅστινας
508 602 607 667 τὰς
633 605 856 677 κέδρους
885 607 1245 680 ὑποληπτέον.

1976 619 2229 681 .scendat,
2258 626 2313 670 et
2341 632 2511 685 usque
2541 619 2608 672 ad
2632 633 2783 673 mare
2811 619 3156 683 extendatur,
3187 629 3238 674 et
3266 635 3294 674 a
3328 621 3525 676 ﬁnibus

253 693 325 748 ad
377 694 510 749 lines
557 695 810 750 dilatetur
829 697 895 763 δι,
949 707 1003 753 et
1031 698 1216 768 gloriae
1259 701 1594 758 sublimitate
1650 713 1860 761 montes
1899 709 2132 775 operiat,
2195 715 2249 761 et
2271 706 2556 760 cedrorum
2586 707 3008 776 magnitudinem
3067 721 3307 779 superet,
3337 720 3391 768 et
3411 714 3525 781 qui.

255 788 380 842 dem
418 788 611 848 cedrus
650 789 744 845 Dei
795 793 1103 862 quicunque
1146 796 1364 851 tandem
1413 808 1627 854 montes
1652 799 1747 866 illi,
1785 811 1841 856 et
1873 817 2204 871 quaecunque
2235 801 2380 856 cedri
2405 802 2776 856 existimanda:
2805 811 2951 854 sunt.

332 887 408 946 ς’.
443 881 698 938 Τοιοῦτόν
737 902 866 939 ποτε
894 885 1053 940 τοῦτο
1095 887 1157 941 τὸ
1197 890 1467 961 ποίμνιον,
1493 893 1586 946 καὶ
1614 892 1855 948 τοιοῦτον

2024 895 2111 950 Ἦ.
2146 894 2294 950 Talis
2329 895 2600 964 quondam
2653 895 2741 948 hic
2779 908 2912 961 grex
2956 902 3093 958 erat,
3143 892 3371 963 talisque
3401 909 3526 948 rur-

257 974 388 1042 νῦν,
434 975 608 1040 οὕτως
671 977 925 1031 εὐεκτοῦν
967 996 1028 1031 τε
1072 979 1167 1032 καὶ
1216 979 1647 1053 πλατυνόμενον³
1699 987 1747 1038 εί
1799 984 1857 1039 δὲ

1976 1001 2071 1038 ,um
2121 1001 2284 1048 nunc,
2339 995 2560 1055 tamque
2615 984 2982 1050 succalentus,
3027 984 3240 1053 lateque
3267 1000 3325 1039 se
3354 985 3526 1054 porri-

200 1071 216 1089 '
260 1068 432 1140 μήπω
465 1067 685 1134 τελείως
721 1069 854 1141 (69),
892 1069 1007 1124 ἀλλ’
1048 1072 1128 1136 εἰς
1153 1072 1311 1126 τοῦτό
1338 1091 1401 1142 γε
1440 1077 1560 1138 ταῖς
1585 1075 1727 1130 κατὰ
1764 1077 1858 1148 μέ-

1976 1092 2118 1144 ;ens;
2174 1091 2238 1131 ac
2286 1077 2329 1130 si
2375 1078 2611 1130 nondum
2667 1075 3054 1146 perfectionem
3099 1086 3402 1142 assecutus,
3459 1077 3527 1130 ad

261 1177 357 1232 ρος
392 1160 502 1231 (70)
532 1159 714 1215 ὁδεῦον
756 1161 1122 1234 προσθήκαις·
1152 1163 1482 1234 προφητεύω
1520 1165 1577 1218 δὲ
1611 1166 1742 1237 (71),
1773 1169 1855 1220 ὅτι

1976 1184 2070 1222 :am
2128 1177 2305 1221 tamen
2359 1167 2719 1236 quotidianis-
2747 1167 3096 1222 incrementis
3143 1168 3520 1236 progrediens,

259 1253 355 1304 καὶ
386 1251 622 1307 όδεῦσον.
649 1249 818 1305 Τοῦτό
845 1271 935 1325 μοι
962 1253 1024 1307 τὸ
1052 1254 1277 1325 Πνεῦμα
1309 1256 1562 1327 προλέγει
1591 1257 1651 1310 τὸ
1680 1257 1856 1326 ἅγιον,

1976 1268 2131 1326 atque
2167 1258 2350 1320 etiam,
2385 1268 2444 1311 ut
2472 1272 2726 1326 auguror,
2764 1273 3174 1327 progressurus.
3231 1256 3344 1313 Hoc
3395 1258 3528 1312 mihi

259 1345 316 1398 εἴ
356 1363 410 1398 τι
448 1344 783 1416 προφητικὺς
827 1345 958 1414 ἐγὼ,
1009 1347 1104 1400 καὶ
1150 1347 1363 1418 βλέπων
1407 1348 1477 1401 τὰ
1524 1348 1856 1420 ἔμπροσθεν’

1976 1349 2200 1404 ινιιξόίεἰι
2247 1349 2482 1419 Spiritus
2532 1359 2778 1415 sanctus,
2815 1350 2857 1404 si
2889 1350 3016 1418 quid
3042 1350 3372 1405 vaticinandi
3405 1360 3524 1406 arte

261 1436 358 1489 καὶ
405 1435 520 1505 ἅμα
563 1438 677 1498 τοῖς
719 1435 1083 1507 προλαϐοῦσιν
1134 1437 1242 1508 ἔχω
1288 1439 1512 1509 θαρῤεῖν
1564 1438 1711 1509 (72),
1764 1440 1858 1495 καὶ

1976 1441 2132 1507 raleo,
2183 1439 2470 1510 futuraque
2516 1440 2806 1510 pr05picio.
2862 1441 2940 1494 Ac
2986 1440 3147 1495 simul
3178 1457 3244 1496 ex
3282 1442 3370 1506 iis,
3408 1457 3529 1512 quae

259 1525 508 1598 λογισμῷ
535 1526 847 1596 γινώσκειν,
893 1528 968 1593 ὡς
1010 1528 1170 1599 λόγου
1219 1529 1532 1602 σύντροφος.
1575 1531 1716 1584 Πολὺ
1747 1531 1855 1602 γὰρ

1976 1541 2379 1600 armcesseruut,
2431 1546 2580 1601 spem
2634 1547 2742 1586 non
2793 1533 3010 1587 dubiam
3065 1532 3332 1603 concipio,
3365 1543 3532 1602 atque

191 1611 194 1614 λ
264 1618 719 1690 παραδοξότερον,
751 1620 809 1688 ἐξ
839 1619 1047 1674 ἐκείνου
1094 1621 1362 1692 τοσαύτην
1388 1621 1660 1691 γενέσθαι,
1687 1622 1719 1692 ἣ
1756 1622 1853 1693 τὴν

1976 1625 2375 1680 ratiocinatione
2409 1624 2462 1678 id
2489 1625 2752 1694 percipio,
2786 1633 2972 1694 utpote
3005 1625 3229 1680 rationis
3257 1625 3528 1681 alumnus.

261 1709 359 1763 νῦν
407 1705 573 1765 οὖσαν
602 1713 681 1775 είς
714 1712 882 1783 ἄκρον
920 1713 1203 1784 προελθεῖν
1226 1712 1628 1786 λαμπρότητος.
1670 1714 1758 1781 Ἐξ
1783 1710 1853 1781 ,οῦ

1976 1717 2126 1772 llulto
2165 1718 2307 1772 enim
2363 1716 2663 1772 mirabilius
2694 1726 2798 1784 est,
2827 1716 2966 1784 quod
2989 1732 3055 1771 ex
3083 1716 3292 1773 tantillo
3319 1718 3386 1771 ad
3417 1726 3532 1772 tan-

262 1801 375 1872 γὰρ
407 1801 737 1871 συνάγεσθαι
773 1803 975 1875 ἤρξατο
1006 1803 1158 1876 παρὰ
1191 1804 1283 1857 τοῦ
1315 1804 1707 1873 ζωογονοῦντος
1730 1809 1854 1870 τοὺς

1976 1825 2068 1862 ιιιιι
2124 1808 2550 1875 magnitudinem
2611 1809 2962 1877 pervenerit,
3021 1823 3182 1878 quam
3235 1817 3295 1861 ut
3345 1823 3413 1862 ex
3462 1821 3527 1863 eo

259 1895 525 1964 νεκροὺς,
560 1894 695 1948 ὀστᾶ
730 1895 866 1967 πρὸς
901 1897 1052 1961 όστᾶ,
1090 1897 1184 1950 καὶ
1232 1897 1468 1968 ἁρμονία
1510 1897 1646 1967 πρὸς
1686 1897 1856 1968 ἁρμο-

260 1984 404 2049 νίαν,
447 1986 541 2040 καὶ
588 1989 700 2051 τοῖς
743 1987 930 2059 ξηροῖς
975 1988 1088 2059 (75)
1125 1987 1279 2059 ἐδόθη
1310 1987 1534 2058 Πνεῦμα
1578 1987 1724 2058 ζωῆς
1763 1990 1858 2042 καὶ

261 2077 708 2148 παλιγγενεσίας,
739 2082 942 2146 πᾶσαν,
975 2076 1034 2134 εὖ
1074 2076 1224 2142 οῖδα,
1272 2081 1626 2155 πληρωθῆναι
1652 2083 1734 2136 δεῖ
1759 2083 1858 2154 τὴν

261 2170 599 2224 ἀνάστασιν·
647 2170 792 2225 ὥστε
837 2171 918 2242 μὴ
955 2173 1370 2241 ὑψούσοωσαν
1415 2173 1484 2227 ἐν
1525 2174 1761 2241 ἑαυτοῖς
1805 2178 1859 2230 οἱ

263 2276 378 2326 παι
395 2262 882 2329 απικραίνοντεςο
929 2262 1064 2333 μηδὲ
1108 2261 1264 2316 σκιὰν
1297 2263 1644 2335 κρατοῦντες,
1691 2264 1724 2334 ἢ
1771 2266 1858 2318 ὲν-

268 2351 463 2406 ύπνιον
505 2353 932 2425 ἐξεγειρομένων
962 2354 1096 2425 (74),
1126 2357 1160 2426 ἢ
1193 2353 1367 2427 αὔρας
1407 2356 1786 2420 διαπνεούσας,
1822 2358 1856 2427 ἢ

263 2444 398 2514 νηὸς
429 2443 548 2516 ἴχνη
581 2445 703 2499 καθ’
731 2444 957 2512 ὓδατος,
1002 2445 1146 2517 ἔχειν
1186 2464 1238 2501 τι
1271 2447 1660 2518 νομιζέτωσαν.
1703 2448 1862 2502 Ὀλο-

261 2532 494 2594 λυζέτω
528 2535 641 2606 (75)
666 2537 865 2602 πίτυς,
905 2535 997 2590 ὅτι
1033 2536 1306 2592 πέπτωκε
1332 2536 1562 2606 κέδρος.
1594 2540 1719 2602 Τοῖς
1751 2537 1861 2592 τῶν

264 2625 445 2679 ἄλλων
479 2629 668 2691 κακοῖς
703 2627 1163 2695 παιδευέσθωσαν,
1189 2631 1285 2683 καὶ
1310 2629 1750 2701 μανθανέτωσαν,
1779 2630 1860 2684 ὃτι

264 2720 372 2773 οὐκ
399 2720 479 2784 εἰς
509 2719 660 2784 τέλος
704 2720 1132 2794 ὲπιλησθήσεται
1168 2724 1197 2776 ὁ
1239 2724 1484 2794 πτωχός·
1521 2723 1641 2777 οὐδὲ
1673 2723 1860 2790 ἀνέξε-

266 2829 385 2875 ται,
423 2813 497 2883 μὴ
523 2813 581 2866 ὲν
617 2813 874 2868 ἐκστάσει
904 2814 1160 2885 διακόψαι
1193 2815 1434 2886 κεφαλὰς
1457 2814 1756 2878 δυναστῶν,
1787 2816 1862 2880 ὡς

262 2907 297 2957 ό
347 2904 668 2978 Ἀμϐακούμ
711 2922 914 2978 φησιν,
959 2907 992 2978 ἡ
1041 2906 1435 2979 διακοπτομένη
1485 2907 1594 2978 (76)
1638 2907 1860 2978 θεότης,

1958 1912 2124 1968 statu,
2155 1917 2263 1973 quo
2290 1917 2431 1956 nunc
2453 1911 2556 1966 est,
2588 1902 2654 1956 ad
2684 1916 2953 1956 summum
2987 1901 3288 1971 splendoris
3319 1901 3533 1971 glorias-

1959 2008 2064 2063 que
2121 1995 2344 2065 gradnm
2392 1995 2744 2064 provehatur.
2795 1992 3156 2061 Posteaquam
3191 1993 3334 2048 enim
3367 1991 3535 2048 semel

1958 2085 2026 2141 ab
2053 2101 2142 2150 eo,
2195 2086 2286 2156 qui
2338 2094 2580 2140 mortuos
2612 2085 2773 2156 753
2804 2085 2869 2139 ad
2915 2085 3079 2139 vitam
3117 2093 3357 2149 revocat,
3411 2098 3536 2138 ossa

1959 2193 2082 2232 cum
2136 2178 2388 2244 ossibus,
2447 2186 2504 2232 et
2560 2177 2930 2232 counnissurae
2981 2191 3105 2230 cum
3164 2174 3536 2231 commissuris

1959 2264 2105 2335 iungi
2137 2273 2444 2340 coeperunt,
2481 2279 2544 2320 ac
2581 2265 2752 2320 aridis
2809 2266 3020 2322 ossibus
3073 2263 3306 2333 Spiritus
3338 2265 3458 2319 vitae
3483 2271 3539 2318 et

1961 2358 2390 2427 regenerationis
2441 2357 2601 2413 datus
2651 2367 2736 2412 est
2783 2357 2852 2422 ⁸³,
2911 2358 3364 2434 resurrectionem
3414 2371 3536 2426 per-

1962 2446 2103 2501 fecte
2131 2446 2336 2515 expleri
2372 2461 2596 2502 necesse
2625 2455 2708 2502 est
2736 2463 2750 2501 :
2782 2461 2843 2500 ac
2875 2429 3137 2516 proinde,
3179 2447 3268 2516 qui
3315 2461 3534 2513 exaspe-

1961 2547 2102 2602 rant,
2151 2553 2252 2591 non
2291 2538 2587 2592 exaltentur
2610 2539 2663 2591 in
2692 2538 3081 2605 semetipsis";
3126 2553 3225 2592 nec
3258 2537 3532 2603 umbram,

1962 2638 2056 2683 aut
2075 2629 2344 2682 somnium
2363 2628 2768 2699 exsurgentium
2785 2628 2851 2692 ⁸⁵,
2875 2636 2965 2682 aut
2989 2644 3172 2682 auram
3196 2627 3535 2698 perﬂantem,

1962 2729 2056 2774 aut
2104 2720 2257 2775 navis
2279 2720 2506 2790 vestigia
2570 2721 2726 2789 aquis
2759 2720 3023 2790 impressa
3061 2726 3335 2786 tenentes,
3381 2719 3539 2790 quid-

1963 2827 2122 2881 quam
2155 2827 2214 2867 se
2243 2812 2446 2866 habere
2493 2811 2827 2867 existiment.
2868 2810 3044 2866 Ululet
3076 2813 3252 2881 pinus,
3293 2812 3416 2882 quia
3447 2827 3536 2866 ce-

1966 2906 2090 2959 cidit
2130 2906 2316 2959 cedrus
2347 2907 2416 2960 ⁸⁸.
2448 2905 2527 2959 Ex
2556 2905 2780 2960 aliorum
2819 2905 2977 2960 malis
3013 2905 3394 2960 documentum
3434 2903 3538 2960 sibi

266 2995 370 3050 καὶ
401 2997 752 3070 διαιρουμένη
779 2997 968 3064 κακῶς
1003 2999 1082 3061 εἴς
1108 3017 1168 3052 τε
1203 2999 1265 3052 τὸ
1293 3000 1458 3070 ἄρχον
1493 2999 1586 3052 καὶ
1613 2999 1672 3051 τὸ
1701 2999 1861 3071 ἀρχό-

1976 2998 2200 3067 capiant,
2238 3013 2302 3052 ac
2327 2999 2558 3064 discant,
2592 3011 2881 3067 pauperem
2913 3011 3248 3067 nequaquam
3279 2996 3332 3052 in
3358 2996 3526 3051 linem

269 3104 461 3159 μενον·
490 3088 568 3153 ὡς
606 3088 672 3143 ἂν
718 3090 952 3161 μάλιστα
981 3091 1076 3144 καὶ
1097 3089 1288 3162 θεότης
1314 3090 1596 3162 ὑϐρισθείη
1632 3108 1866 3160 καταγο-

269 3179 435 3252 μένη,
470 3182 562 3235 καὶ
597 3181 861 3254 βαρηθείη
890 3181 1066 3246 κτίσις
1090 3182 1351 3254 ὁμοτιμία
1382 3182 1651 3254 θεότητος.

1971 3105 2139 3159 usque
2188 3089 2442 3145 oblivioni
2485 3090 2602 3145 fore
2631 3089 2712 3156 “;
2763 3104 2862 3145 nec
2898 3089 3244 3144 Divinitatem
3272 3103 3392 3145 sese
3424 3089 3540 3142 diu-

1973 3180 2080 3236 tius
2146 3181 2531 3244 cohibituram,
2599 3180 2727 3250 quin
2775 3193 3054 3250 procerum
3095 3179 3295 3249 capita,
3343 3188 3401 3234 ut
3432 3178 3540 3234 lia-

267 3274 444 3326 bacuc
471 3273 712 3342 loquitur
735 3273 803 3339 ⁸⁷,
832 3289 954 3329 cum
991 3282 1210 3340 stupore
1245 3273 1495 3340 dissecet,
1535 3283 1719 3344 utpote
1757 3289 1877 3343 qua:
1916 3273 2030 3345 ipsa
2059 3288 2274 3344 quoque
2302 3272 2532 3328 dissecta
2565 3273 2656 3335 sit,
2698 3280 2752 3326 et
2801 3271 2938 3326 male
2975 3271 3156 3354 divisa.
3200 3272 3253 3325 in
3300 3271 3352 3328 id
3394 3271 3541 3341 quod

267 3375 491 3434 praeest,
521 3373 576 3419 et
612 3365 751 3434 quod
773 3366 999 3430 subest;
1053 3373 1112 3418 ut
1161 3365 1240 3418 sic
1283 3365 1538 3430 maxime,
1599 3375 1655 3420 et
1728 3365 1909 3420 Deitas
1948 3364 2273 3420 contumelia
2307 3362 2590 3428 alliciatur,
2632 3361 2686 3416 in
2725 3369 3097 3417 creaturarum
3131 3360 3373 3416 ordinem
3409 3361 3540 3416 red—

267 3464 420 3521 acta,
459 3467 514 3509 et
567 3470 653 3510 res
685 3465 884 3510 creata:
912 3463 1226 3524 graventur,
1261 3455 1458 3510 Deitati
1490 3457 1695 3512 honore
1719 3457 2034 3526 adaequatm.

347 3551 420 3602 Z'.
456 3546 611 3600 Δοκῶ
643 3563 733 3616 μοι
757 3545 1020 3618 κάκείνης
1067 3544 1290 3599 ἀκούειν
1325 3545 1424 3616 τῆς
1452 3545 1657 3615 φωνῆς,
1712 3544 1863 3616 παρὰ

265 3641 368 3694 τοῦ
400 3638 884 3707 συνάγοντοςτοὺς
917 3636 1436 3709 συντετριμμένους,
1485 3637 1580 3692 καὶ
1612 3638 1738 3702 τοὺς
1766 3654 1863 3690 πε-

270 3731 605 3802 πιεσμένους
622 3728 1023 3801 είσδεχομένου·
1037 3729 1356 3784 Πλάτυνον
1371 3729 1445 3784 τὰ
1458 3727 1864 3800 σχοινίσματά

269 3839 392 3879 σου
417 3823 535 3877 ἔτι⁶
580 3821 924 3877 ἐκπέτασον
961 3824 1050 3889 είς
1097 3821 1171 3876 τὰ
1196 3820 1367 3888 δεξιὰ
1396 3823 1496 3876 καὶ
1523 3825 1609 3888 είς
1637 3821 1708 3876 τὰ
1734 3822 1864 3891 ¹ἀρι-

270 3915 492 3985 στερά’
527 3915 752 3986 mitior,
787 3915 908 3969 τῶν
932 3915 1202 3970 α-ὺλαιῶν
1218 3915 1306 3986 μὴ
1339 3915 1542 3985 spetam.
1581 3913 1722 3983 Ἐγὼ
1752 3932 1858 3970 πα-

274 4009 565 4082 ραδέδωκά
607 4026 690 4076 σε,
733 4009 828 4061 καὶ
858 4006 968 4076 ἐγὼ
1008 4007 1261 4080 βοηθήσω
1307 4025 1411 4062 σοι.
1453 4007 1541 4062 Ἐν
1578 4006 1736 4078 θυμῷ
1768 4025 1859 4079 μι-

273 4100 397 4173 κρῷ
425 4100 675 4168 ὲπάταξά
709 4117 789 4166 σε,
841 4100 936 4153 καὶ
976 4100 1032 4155 ὲν
1065 4100 1202 4172 ἐλέῳ
1247 4101 1452 4170 αἰωνίῳ
1509 4099 1721 4167 δοξάσω
1778 4117 1856 4153 σε.

271 4192 482 4258 Μεῖζον
512 4193 574 4246 τὸ
599 4193 800 4264 μέτρον
830 4191 1390 4264 τῆςφιλανθρωπίας,
1411 4190 1554 4262 ὑπὲρ
1575 4191 1638 4244 τὸ
1666 4190 1860 4263 μέτρον

271 4286 374 4355 τῆς
401 4284 804 4353 παιδαγωγίας.
841 4284 1078 4349 Ἐκεῖνα,
1107 4283 1195 4337 διὰ
1216 4282 1314 4355 τὴν
1331 4281 1595 4354 πονηρίαν
1615 4297 1630 4313 ο
1665 4280 1858 4346 ταῦτα,

2047 3543 2152 3600 Vll.
2198 3541 2338 3611 Quin
2368 3541 2512 3598 illam
2545 3555 2760 3612 quoque
2791 3539 2929 3610 ejus,
2963 3539 3053 3610 qui
3105 3541 3366 3600 contritos
3393 3542 3541 3598 colli'

1970 3635 2070 3704 git,
2109 3643 2164 3688 et
2201 3647 2488 3702 oppressos
2522 3633 2588 3687 ad
2629 3646 2688 3687 se
2729 3633 2936 3702 recipit,
2968 3646 3155 3686 vocem
3191 3633 3321 3687 mihi
3350 3634 3542 3688 audire

1967 3723 2411 3780 videorzDilata
2458 3724 2630 3778 adhuc
2682 3722 2854 3778 locum
2904 3724 3264 3794 [anicularum
3292 3734 3542 3783 tuorum:

1964 3815 2184 3872 extende
2205 3815 2274 3870 ad
2292 3817 2532 3870 dextram
2549 3823 2597 3870 et
2613 3814 2682 3868 ad
2703 3815 2968 3869 sinistram
2988 3831 3006 3870 :
3026 3814 3147 3883 ﬁge,
3167 3815 3316 3868 atriis
3332 3831 3394 3870 ne
3407 3831 3528 3884 par-

1967 3926 2056 3964 cas
2080 3909 2148 3964 “.
2170 3908 2281 3979 Ego
2300 3907 2494 3963 tradidi
2525 3917 2596 3973 te,
2623 3917 2678 3961 et
2695 3921 2795 3977 ego
2818 3907 3118 3961 auxiliabor
3150 3906 3266 3964 tibi.
3286 3905 3340 3960 ln
3367 3923 3533 3974 parva

1968 4003 2047 4057 ira
2069 4001 2307 4072 percussi
2331 4009 2402 4066 te,
2422 4001 2474 4055 in
2493 4001 2819 4070 sempiterna
2843 4009 3021 4054 autem
3047 4000 3411 4054 misericordia
3429 4001 3541 4070 glo-

1969 4091 2189 4145 rificabo
2209 4089 2456 4160 te.Major
2468 4097 2553 4145 est
2570 4103 2820 4144 mensura
2837 4089 3202 4159 benignitatis,
3219 4103 3377 4158 quam
3396 4103 3543 4144 men.

1967 4198 2095 4239 sura
2131 4183 2504 4252 correptionis.
2528 4181 2715 4237 Priora
2739 4182 2850 4246 illa,
2886 4193 3103 4252 propter
3134 4181 3371 4252 ﬂagitia;
3404 4184 3539 4246 hinc,

1969 4284 2194 4345 prepter
2215 4273 2534 4329 Trinitatem
2562 4275 2863 4328 adoratam.
2890 4272 3002 4337 Illa,
3039 4273 3107 4327 ob
3134 4273 3537 4343 purgationem;

271 4377 365 4431 διὰ
391 4376 492 4447 τὴν
540 4377 746 4448 Τριάδα
797 4375 912 4447 (77)
957 4375 1466 4446 προσκυνουμένην.
1511 4374 1743 4438 Ἐκεῖνα,
1773 4373 1861 4427 διὰ

1976 4365 2174 4430 hec,ob
2191 4363 2415 4434 gloriam
2435 4377 2632 4430 meam;
2650 4372 2834 4432 utpote
2851 4363 2937 4432 qui
2951 4362 3183 4431 gloriﬁco
3195 4363 3542 4430 gloriﬁcantes

271 4469 375 4540 τὴν
414 4467 686 4539 κάθαρσιν
707 4485 718 4498 ·
760 4466 957 4533 ταῦτα,
1002 4465 1092 4520 διὰ
1144 4467 1244 4538 τὴν
1277 4464 1417 4537 ἐμὴν
1455 4463 1613 4529 δόξαν
1643 4479 1656 4494 ·
1681 4463 1738 4527 ὃς
1760 4465 1862 4517 Δο-

275 4561 432 4626 ξάζω
463 4560 606 4627 τοὺς
629 4559 1013 4625 δοξάζοντας,
1038 4558 1137 4613 καὶ
1163 4555 1482 4626 παραζηλῶ
1506 4557 1649 4621 τοὺς
1681 4568 1865 4624 παρα-

274 4649 630 4717 ζηλοῦντας.
686 4647 832 4702 Ἰδοὺ
866 4645 1056 4700 ταῦτα
1088 4646 1488 4716 ἐσφράγισται
1529 4645 1668 4712 παρ’
1715 4642 1863 4713 ἐμοὶ,

275 4741 374 4795 καὶ
399 4731 556 4803 οὗτος
591 4738 790 4802 ἄλυτος
846 4737 1014 4809 νόμος
1048 4737 1518 4808 ἀντιμετρήσεως.
1569 4737 1644 4789 Σὺ
1678 4733 1736 4788 δέ
1778 4750 1868 4805 μοι

274 4833 557 4905 περιείχου
584 4832 694 4886 τῶν
721 4831 941 4902 τοίχων,
984 4831 1081 4885 καὶ
1108 4830 1219 4883 τῶν
1245 4827 1494 4892 πλακῶν,
1527 4827 1622 4882 καὶ
1652 4825 1751 4898 τῆς
1779 4841 1870 4878 κε-

364 4989 408 5020 δι
425 4988 571 5044 Psal.
605 5003 827 5052 Lxmx,
852 4987 918 5042 19
977 5001 1127 5056 seqq.

275 5060 326 5092 “
353 5059 494 5116 Psal.
523 5075 598 5126 ix,
629 5059 717 5115 19.
791 5059 833 5089 ⁸⁷
867 5057 1067 5111 Habac.
1105 5072 1188 5120 ιιι,
1219 5058 1304 5111 15.

352 5170 465 5244 (69)
507 5170 768 5236 Τελείως.
807 5169 920 5225 Duo
949 5168 1116 5242 Regg.
1149 5176 1204 5224 et
1232 5166 1326 5223 Or.
1356 5167 1414 5234 2,
1450 5165 1667 5232 τελέως,
1699 5183 1716 5216 ι
1740 5181 1862 5236 per—

277 5244 466 5380 fec(eieil)
486 5260 712 5380 ’Mépoc.
733 5306 1218 5380 Savil.,ptxpdv,_¢
1244 5306 1426 5380 parvis
1458 5305 1857 5380 incrementis.»

378 5316 466 5374 70)
503 5316 712 5380 Μέρος.
733 5316 925 5375 Savil.,
953 5316 1166 5379 μικρόν,
1200 5326 1218 5360 ι
1244 5316 1426 5377 parvis
1458 5316 1857 5362 Incrementis.»

352 5316 470 5451 in)
522 5378 999 5451 Hpogonzeuwoé.
1049 5377 1266 5451 Sieduo
1319 5379 1516 5451 Regg.,_
1549 5386 1658 5430 tres
1683 5377 1859 5451 Colb.,

279 5445 392 5509 duo
430 5445 621 5519 Coisl'.,
646 5445 757 5506 etc.
786 5450 876 5505 Sic
903 5449 1032 5519 legit
1058 5447 1177 5502 Bill.
1217 5448 1272 5502 In
1297 5445 1530 5515 eda-mi.
1556 5445 1863 5518 προφητεύ-

278 5519 470 5662 συξξξ)
499 5590 766 5662 Θαρῤεῖν-
800 5589 1112 5662 Βεεε-,ὺηιε
1153 5587 1244 5656 ιλιι»
1269 5586 1510 5662 θαρσεῖνε

350 5655 469 5732 (75)
499 5655 630 5732 Τοῗςῐ
648 5655 942 5729 ξηροῖς.ἰ“
962 5655 1406 5716 Αιὶιιὶεοεεὶιιύε.
1433 5677 1451 5710 ι
1493 5657 1584 5716 Sic
1626 5655 1862 5716 Nicctas.

277 5728 409 5785 Biil.
446 5728 458 5781 Ξ
492 5748 512 5784 ι
549 5728 922 5788 εἰοεὶειέιιιιε.
955 5747 976 5782 ι

1965 4473 2046 4510 me
2060 4456 2124 4520 δ’,
2143 4465 2188 4509 et
2215 4457 2282 4508 ad
2306 4456 2439 4508 iram
2461 4471 2680 4523 provoco
2701 4464 3040 4523 provocantes
3061 4470 3141 4508 me
3168 4455 3236 4507 δυ.
3278 4452 3412 4508 Ecce
3433 4455 3542 4507 hwc

1960 4545 2179 4620 signata
2210 4554 2329 4598 sunt
2362 4543 2503 4613 apud
2537 4559 2616 4598 me
2638 4544 2708 4609 “,
2757 4552 2921 4614 atque
2952 4543 3065 4598 haec
3092 4543 3544 4598 remunerationis

1975 4636 2302 4693 inviolabilis
2342 4637 2426 4692 lex
2455 4645 2558 4691 est.
2611 4637 2682 4691 At
2716 4645 2772 4692 tu
2816 4636 3072 4706 parietes,
3116 4645 3172 4691 et
3207 4635 3439 4703 tabulas,
3491 4643 3546 4690 et

1975 4730 2113 4785 scite
2145 4737 2309 4798 atque
2333 4729 2615 4800 eleganter
2643 4729 2845 4784 incisos
2875 4728 3099 4798 lapides,
3125 4740 3177 4783 et
3210 4727 3400 4797 longas
3423 4739 3546 4794 por-

1980 4822 2117 4876 ticus
2164 4831 2220 4876 et
2272 4820 2590 4875 ambulacra
2647 4820 2802 4876 avide
2857 4819 3320 4892 complectebaris,
3384 4828 3546 4886 atque

1206 4987 1251 5020 ⁸²
1289 4985 1712 5046 Ezecb.xxxvn,
1753 4983 1806 5048 7,
1860 4981 1944 5038 10:
2030 4976 2233 5032 “Psal.
2274 4979 2464 5040 va,7.
2542 4976 2740 5032 “Psal.
2771 4977 3052 5042 Lxxu,‘20.
3126 4975 3357 5048 "'Zaclr.
3389 4971 3543 5048 xu}.

1407 5056 1453 5087 ⁸⁸
1482 5055 1584 5110 lsa.
1649 5045 1755 5117 Ltv,
1782 5045 1835 5108 2.

2007 5051 2028 5105 l
2068 5049 2199 5120 Reg.
2258 5063 2319 5111 ιι,
2373 5048 2462 5101 50.
2553 5047 2601 5080 ⁵⁰
2637 5049 2790 5103 Deut.
2823 5065 2994 5116 xxx“,
3025 5049 3112 5104 “ll.
3193 5047 3236 5078 “
3279 5046 3411 5100 ibid.
3452 5045 3542 5099 54.

2040 5163 2150 5235 (74)
2212 5159 2720 5235 [Εξεγειρομέκων.
2745 5159 2840 5235 Sic
2882 5160 3016 5235 lieg.
3045 5160 3162 5235 _bm,
3183 5158 3326 5235 Adu0_
3351 5157 3544 5225 Coisl.',

1972 5229 2066 5289 Or.
2101 5229 2156 5296 ἓ,
2201 5229 2391 5287 Cornb.
2417 5229 2514 5285 Sic
2551 5231 2713 5284 etiam
2742 5231 2868 5300 legit
2897 5230 3016 5285 Bill.
3042 5230 3100 5285 ln
3131 5231 3242 5299 cd.,
3268 5229 3546 5300 ἐξαγειρο-

1972 5304 2168 5367 μένων,
2195 5321 2213 5353 ι
2246 5302 2702 5371 eongregantium.
2747 5319 2766 5352 ι

2041 5375 2152 5446 (75)
2193 5368 2722 5446 _’010._2v{étw,_etc.
2756 5388 2776 5446 ς
2810 5368 3004 5446 multat
3041 5369 3199 5446 pinus
3234 5391 3245 5424 :
3282 5387 3302 5423 ι
3357 5369 3409 5424 id
3439 5380 3541 5439 est,

1969 5440 2236 5512 prolapsis
2267 5442 2559 5512 majoribus
2585 5440 2874 5512 hiereticis,
2908 5441 3399 5512 minoreslugeant.

2040 5507 2148 5583 (76)
2203 5514 2264 5567 Ἡ
2295 5507 2755 5579 διὰκοπτομένη.
2812 5509 2904 5565 Sic
2934 5511 3037 5565 duo
3075 5510 3241 5566 Coisl.
3271 5511 3329 5565 In
3350 5509 3459 5577 ed.,
3505 5513 3538 5583 ἢ

1961 5583 2376 5653 οιακοπτυμένη.

2036 5654 2150 5724 (77)
2183 5649 2286 5707 Διά
2318 5649 2432 5724 τὴν
2473 5649 2705 5721 Τριάδα,
2733 5659 2840 5706 etc.
2898 5649 3179 5724 (Propter
3217 5649 3542 5724 Trinitatem

1967 5720 2266 5790 ademtam,
2313 5741 2337 5776 ι
2371 5722 2423 5779 id
2449 5720 2555 5791 est,
2608 5743 2626 5777 ι
2666 5731 2884 5794 propter
2929 5720 3212 5778 Trinitatis
3239 5722 3473 5795 _cultum.
3512 5739 3532 5774 ι
