3902 6218
422 275 522 333 s61

1613 274 1670 329 S.
1713 271 2043 330 GREGORII
2082 271 2425 329 THEOLOGI

3547 275 3655 332 462

421 404 554 447 auro
577 388 837 460 l'ulgebas,
871 395 927 444 et
970 387 1297 455 collucebas,
1334 387 1568 458 illudque
1603 390 1800 460 partim
1825 405 1974 459 aqua:

2085 387 2468 460 κομψευμένης
2508 385 2760 456 ψηφῖδος,
2796 385 2891 439 καὶ
2918 386 3030 440 τῶν
3064 386 3291 459 μακρῶν
3318 387 3534 459 δρόμων
3562 392 3657 444 καὶ

421 488 596 541 instar
638 482 947 552 spargebas,
977 482 1171 551 partim
1202 482 1353 551 quasi
1380 496 1598 537 arenam
1639 481 1976 551 aggerebas;

420 575 676 630 nimiru’m
728 575 1001 644 ignorans,
1055 572 1483 642 pmstantiorem
1522 587 1642 627 esse
1678 572 1840 626 ﬁdem
1874 574 1972 626 sub

421 664 512 718 dio
545 665 843 730 degentem,
882 675 1041 731 quam
1075 662 1344 730 cepiosam
1400 672 1452 716 et
1509 662 1845 731 magniﬁcam
1878 663 1981 715 im-

421 756 694 821 pietatem,
726 768 789 808 ac
817 760 925 806 tres
953 752 1005 806 in
1034 752 1255 807 nomine
1291 751 1498 806 Domini
1530 762 1882 821 congregatos
1908 752 1980 817 ",

421 845 601 912 plures
651 843 788 912 apud
836 842 1002 897 Deum
1049 842 1280 907 censeri,
1314 857 1472 911 quam
1508 842 1704 898 multos
1732 842 1983 896 divinita-

421 943 529 989 tem
561 934 908 1005 abnegantes.
934 934 1014 987 An
1051 943 1106 987 tu
1137 933 1420 990 universos
1455 935 1616 989 etiam
1646 934 1980 989 Cliananreos

418 1025 726 1079 Abrahamo
782 1025 872 1078 uni
918 1035 1210 1095 antepones
1247 1025 1336 1078 '3?
1379 1025 1460 1077 An
1515 1025 1823 1080 Sodomitas
1886 1026 1979 1079 uni

414 1116 521 1171 .Lot
547 1116 635 1169 ⁵δῖ
691 1118 772 1170 An
821 1115 1133 1171 Madianitas
1184 1116 1349 1188 Moysi
1395 1117 1470 1170 lu’1'
1519 1116 1845 1187 Peregrinis,
1898 1117 1983 1170 in-

416 1222 605 1275 quam,
642 1208 727 1262 his
760 1218 814 1261 et
842 1208 1189 1277 hospitibus?
1227 1208 1404 1274 Quid?
1443 1210 1523 1262 An
1556 1218 1826 1264 trecentos
1858 1208 1980 1263 illos

414 1301 559 1355 viros
580 1300 648 1366 ",
685 1300 776 1369 qui
806 1315 927 1354 cum
963 1299 1213 1355 Gedeone
1244 1300 1569 1365 lamberent;
1600 1309 1678 1356 tot
1703 1301 1978 1355 hominum

415 1390 671 1453 millibus,
701 1390 791 1457 qui
829 1400 977 1460 terga
1010 1397 1309 1455 verterunt,
1360 1390 1644 1446 inferiores
1684 1406 1803 1446 esse
1850 1406 1980 1445 con-

416 1482 648 1536 tendes?
691 1482 774 1536 An
824 1482 1055 1537 Abralm
1105 1482 1419 1537 vernaculos
1446 1483 1521 1547 ³⁷,
1569 1498 1796 1539 numero
1837 1485 1977 1538 haud

415 1575 579 1649 754
606 1576 772 1630 multo
795 1576 994 1645 plures,
1022 1575 1206 1630 multis
1236 1575 1341 1631 illis
1368 1577 1600 1646 regibus,
1631 1588 1791 1647 atque
1820 1578 1979 1630 innu-

414 1669 763 1724 merabilibus
810 1668 1020 1737 copiis,
1073 1682 1228 1737 quas,
1284 1668 1530 1736 quamvis
1560 1669 1658 1737 ipsi
1692 1668 1974 1738 pauci'es-

413 1766 554 1824 sent,
598 1759 863 1827 persecuti
917 1767 1096 1811 tamen
1145 1765 1270 1811 sunt
1311 1767 1471 1825 atque
1514 1756 1805 1827 fugarunt?
1846 1759 1977 1812 lllud

415 1859 596 1901 autem
635 1846 903 1917 quomodo
933 1845 1336 1915 intelligendum
1365 1862 1484 1901 esse
1510 1863 1702 1903 censes
1729 1866 1743 1902 :
1777 1847 1837 1903 Si
1866 1852 1980 1917 fue-

412 1940 480 1992 rit
507 1954 753 1992 numerus
789 1939 1023 2004 ﬁliorum
1054 1936 1225 1992 Israel
1249 1946 1305 1990 ut
1329 1954 1489 1991 arena
1524 1940 1708 2004 maris,
1745 1938 1980 2008 reliquid:

414 2025 572 2083 salva:
607 2027 733 2095 ﬁent
761 2026 834 2078 Im?
856 2025 972 2093 Quo
1017 2026 1146 2080 item
1194 2027 1354 2080 modo
1410 2027 1537 2080 illud
1566 2025 1805 2096 :Reliqui
1848 2029 1978 2081 mihi

414 2126 608 2185 septem
643 2117 815 2171 millia
851 2118 1103 2182 virorum,
1139 2118 1228 2186 qui
1266 2134 1366 2171 non
1403 2118 1656 2186 ﬂexerunt
1697 2134 1830 2186 genu
1859 2128 1978 2172 ante

414 2212 663 2266 Baal"?
690 2209 803 2262 Non
838 2219 919 2264 est
948 2211 1041 2274 ita,
1081 2225 1207 2272 non,
1250 2210 1490 2278 inquam,
1527 2209 1601 2263 ita
1630 2220 1731 2264 est.
1771 2209 1891 2264 Non
1922 2211 1977 2265 in

412 2301 648 2376 pluribus
678 2301 1053 2369 beneplacilum
1087 2309 1166 2353 est
1191 2299 1299 2352 Deo
1322 2299 1387 2352 ‘°.

486 2388 617 2444 Vlll.
658 2387 737 2442 Tu
796 2387 1009 2456 quidem
1063 2387 1331 2456 myriades
1391 2403 1664 2449 numeras.
1726 2397 1780 2441 at
1836 2388 1976 2442 Deus

412 2494 523 2545 eos,
571 2480 660 2549 qui
700 2478 921 2533 salutem
971 2486 1405 2547 consequuntur;
1468 2488 1522 2532 tu
1557 2480 1822 2534 inllnitum
1860 2481 1975 2549 pul-

412 2585 618 2634 verem,
642 2583 741 2637 ego
761 2569 1038 2625 electionis
1063 2584 1207 2624 vasa.
1225 2567 1365 2622 Nihil
1389 2570 1530 2623 enim
1550 2572 1688 2639 apud
1715 2572 1879 2625 Deum
1902 2573 1972 2623 ita

412 2660 645 2727 amplum
676 2668 730 2712 et
760 2657 1103 2726 magniﬁcum
1129 2666 1235 2723 est,
1266 2668 1324 2709 ut
1349 2657 1590 2711 doctrina
1626 2667 1971 2727 perpurgata,

412 2760 465 2803 et
509 2747 686 2801 anima
712 2747 958 2801 veritatis
989 2747 1328 2815 dogmatibus
1362 2748 1624 2800 instructa
1659 2756 1820 2814 atque
1848 2762 1973 2813 per-

412 2840 577 2894 fecta.
609 2839 818 2893 Etenim
857 2839 964 2893 Deo
983 2839 1331 2908 quidem,qui
1381 2839 1559 2891 omnia
1593 2840 1817 2905 creavit,
1868 2851 1921 2894 et
1944 2855 1973 2892 a

410 2946 516 3000 quo
567 2929 769 2992 omnia,
827 2938 882 2982 et
930 2930 982 2983 in
1032 2944 1190 2997 quem
1240 2930 1420 2982 ontiiia
1446 2930 1515 2992 θί,
1567 2931 1772 2986 nullum
1839 2935 1973 2987 satis

411 3022 630 3089 dignum
670 3033 862 3071 munus
902 3016 1081 3073 olferri
1127 3026 1337 3088 potest;
1393 3035 1495 3072 non
1550 3022 1708 3076 modo
1735 3023 1781 3077 si
1821 3024 1976 3079 unius
2002 3048 2047 3109 ο

412 3106 647 3161 hominis
688 3121 823 3175 opus
853 3115 907 3160 et
930 3106 1130 3159 divitiae
1177 3105 1231 3158 in
1273 3122 1390 3160 eam
1423 3121 1533 3159 rem
1573 3108 1970 3176 impendantur,

410 3197 505 3250 sed
544 3211 719 3265 neque
755 3198 823 3263 si,
855 3195 1106 3249 omnibus
1131 3195 1371 3247 omnium
1416 3195 1690 3250 hominum
1721 3199 1973 3266 operibus

409 3302 464 3346 et
504 3290 847 3344 facultatibus
891 3287 945 3340 in
991 3301 1154 3340 unum
1203 3286 1513 3352 cumulatis,
1549 3303 1671 3342 eum
1702 3290 1970 3357 quispiam

412 3385 622 3438 honore
677 3380 887 3434 allicere
926 3381 1076 3436 velit.
1108 3382 1293 3434 Nonne
1343 3379 1526 3433 coelum
1573 3389 1619 3433 et
1664 3389 1858 3433 terram
1881 3398 1973 3449 ego

413 3474 599 3543 impleo
619 3476 645 3528 ?
677 3473 801 3525 dicit
836 3472 1087 3525 Dominus
1119 3473 1185 3524 θ’.
1225 3473 1322 3523 Et:
1353 3469 1573 3535 Qualem
1601 3470 1812 3524 domum
1847 3471 1975 3524 wai-

412 3566 636 3636 ﬁcabitis
679 3564 847 3619 mihi?
893 3563 995 3617 Aut
1043 3563 1157 3631 quis
1210 3563 1356 3617 locus
1408 3563 1655 3631 requietis
1721 3579 1849 3616 mete
1889 3563 1975 3616 6’?

410 3658 677 3725 Quoniam
709 3668 888 3709 autem
929 3653 1067 3709 infra
1112 3655 1278 3723 ipsius
1328 3654 1641 3721 dignitatem
1688 3655 1842 3709 nobis
1875 3670 1972 3708 ne—

409 3747 650 3803 cessario
681 3745 1076 3800 subsistendum
1102 3754 1206 3810 est,
1234 3745 1375 3813 quod
1407 3744 1697 3800 secundum
1725 3756 1829 3812 est,
1862 3746 1974 3814 pie-

410 3848 633 3893 tatema
665 3836 817 3892 vobis
870 3835 1100 3905 postulo,
1155 3851 1467 3891 communes
1515 3836 1633 3890 illas
1682 3838 1822 3905 apud
1865 3853 1971 3903 me,

411 3945 476 3985 ac
506 3928 741 3999 arquales
770 3928 982 3984 divitias
1035 3927 1231 3997 quibus
1270 3928 1432 3982 etiam
1471 3925 1700 3982 fortasse
1740 3928 1976 3998 splendi-

411 4022 690 4078 dissimum
745 4034 1016 4090 quemque
1065 4019 1381 4088 superabit,
1439 4019 1529 4088 qui
1584 4021 1734 4090 gravi
1793 4022 1974 4091 inopia

408 4117 694 4186 premitur,
730 4115 774 4169 si
814 4113 979 4167 animi
1009 4112 1378 4181 magnitudine
1405 4122 1642 4182 praestet.
1680 4112 1976 4170 Voluntatis

409 4207 553 4261 enim
579 4214 663 4261 est
687 4204 803 4258 haec
831 4202 1121 4258 liberalitas
1148 4212 1203 4256 et
1228 4202 1615 4268 muniﬁcentia,
1668 4220 1771 4258 non
1814 4220 1974 4274 epum

411 4310 467 4353 et
530 4298 828 4368 copiarum.
885 4295 1162 4364 Accipiam
1210 4295 1423 4363 quidem
1486 4296 1599 4351 haec
1645 4286 1875 4366 quoque,
1908 4312 1975 4355 ne

2083 476 2447 548 περιδρόμων,
2474 474 2567 528 καὶ
2599 474 2789 544 χρυσῷ
2819 475 3171 547 κατελάμπου
3204 478 3297 530 καὶ
3353 479 3655 551 περιελάμ-

2085 584 2206 629 που,
2241 565 2331 618 τὸν
2372 565 2493 635 μὲν,
2517 564 2594 628 ὡς
2624 564 2770 638 ὕδωρ
2796 564 3067 637 ἔσπειρες,
3101 565 3192 620 τὸν
3219 566 3299 631 δὲ,
3348 567 3425 629 ὡς
3469 568 3657 637 ἅμμον

2082 656 2464 727 ὲθησαύριζες’
2500 655 2748 723 ἀγνοῶν,
2791 658 2873 711 ὄτι
2906 656 3175 726 κρείσσων
3218 658 3330 729 (78)
3385 657 3657 729 ὕπαιθρος

2082 749 2263 812 πίστις
2305 747 2628 812 πολυτελοῦς
2671 748 2948 812 ἀσεϐείας,
2989 748 3082 801 καὶ
3120 748 3316 813 πλέους
3353 748 3472 819 Θεῷ
3505 753 3657 820 τρεῖς

2083 838 2408 909 συνηγμένοι
2427 839 2487 893 ὲν
2515 839 2740 910 ὀνόματι
2757 840 2986 909 Κυρίου,
3006 840 3217 894 πολλῶν
3244 842 3520 912 μυριάδων
3541 843 3654 913 (79)

2079 933 2426 1004 ἀρνουμένων
2458 932 2707 1005 θεότητα.
2746 936 2817 988 Ἢ
2845 936 3084 1000 καὶτοὺς
3113 937 3450 1001 Χαναναίους
3470 938 3654 991 ἀπαν-

2078 1041 2178 1087 τας
2211 1025 2565 1096 προτιμήσεις
2597 1026 2714 1089 ἐνὸς
2732 1025 2823 1078 τοῦ
2873 1027 3158 1098 Ἀ6ραάμ;
3192 1027 3226 1097 ἢ
3254 1028 3349 1080 καὶ
3374 1030 3500 1092 τοὺς
3539 1029 3654 1099 (80)

2081 1116 2373 1187 Σοδομίτας
2400 1117 2517 1180 ἐνὸς
2539 1116 2634 1170 τοῦ
2652 1116 2774 1170 Λώτ
2795 1134 2809 1182 ;
2831 1118 2863 1188 ἢ
2896 1119 2991 1171 καὶ
3005 1118 3370 1189 Μαδιηναίους
3386 1121 3652 1185 Μωσέως,

2077 1205 2187 1258 τῶν
2218 1205 2499 1275 παροίκων
2529 1206 2623 1258 καὶ
2654 1206 2857 1272 ξένων;
2893 1208 2959 1260 Τί
3001 1208 3090 1261 δαὶ
3122 1208 3247 1273 τοὺς
3267 1209 3408 1281 μετά
3442 1210 3653 1263 Γεδεὼν

2079 1298 2455 1367 τριακοσίους,
2490 1298 2616 1361 τοὺς
2666 1297 2990 1368 λάμψαντας
3015 1299 3284 1368 ἀνδρικῶς
3336 1300 3490 1370 (81),
3538 1301 3653 1354 τῶν

2079 1386 2533 1457 ἀποστραφεισῶν
2572 1387 2825 1457 χιλιάδων
2866 1388 3014 1459 (82);
3062 1389 3116 1441 τί
3147 1389 3234 1442 δαὶ
3264 1389 3390 1451 τοὺς
3432 1391 3650 1458 οἰκογε-

2079 1480 2189 1541 νεῖς
2240 1477 2510 1548 Ἀϐραὰμ,
2546 1479 2671 1540 τοὺς
2690 1478 2882 1550 μικρὸν
2908 1479 3049 1550 ὑπὲρ
3077 1478 3298 1543 τούτους
3320 1480 3397 1551 τῷ
3429 1481 3655 1552 ἀριθμῷ

2078 1568 2184 1622 τῶν
2218 1568 2428 1623 πολλῶν
2472 1568 2757 1638 βασιλέων,
2805 1569 2900 1621 καὶ
2935 1569 3040 1622 τῶν
3061 1568 3157 1623 τοῦ
3184 1571 3414 1641 στρατοῦ
3447 1573 3650 1643 μυριά-

2077 1658 2201 1723 δων,
2233 1659 2319 1723 ἀς,
2350 1660 2553 1730 καίπερ
2584 1661 2737 1722 ὄντες
2768 1659 2959 1728 ὀλίγοι,
2982 1661 3314 1728 κατεδίωξαν
3361 1663 3457 1714 καὶ
3488 1664 3651 1733 ἐτρέ-

2076 1751 2277 1821 damno;
2319 1753 2495 1803 ὲκεῖνο
2550 1751 2605 1803 δὲ
2642 1751 2760 1814 πῶς
2813 1754 2974 1816 νοεῖς,
3018 1752 3101 1805 ὅτι
3146 1752 3281 1805 Ἐὰν
3331 1751 3573 1822 γένηται
3615 1757 3653 1806 ό

2077 1841 2321 1911 ἀριθμός
2360 1839 2479 1893 τῶν
2519 1840 2665 1894 υἱῶν
2709 1841 2945 1909 Ἰσραὴλ
2982 1842 3062 1908 ὡς
3093 1844 3132 1911 ἡ
3165 1841 3359 1911 ἅμμος
3389 1842 3502 1912 (85)
3532 1842 3649 1911 τῆς

2077 1931 2412 1998 θαλάσσης,
2439 1929 2503 1983 τὸ
2526 1930 2898 2000 κατάλειμμα
2948 1932 3326 2001 σωθήσεται;
3358 1933 3411 1985 τί
3443 1933 3531 1986 δαὶ
3560 1934 3646 1998 τὺ,

2079 2023 2414 2076 Κατέλιπον
2437 2019 2671 2089 ἐμαυτῷ
2695 2022 3191 2091 ἑπτακισχιλίους
3220 2022 3466 2091 ἄνδρας,
3499 2024 3613 2077 oin
3630 2054 3647 2065 -

2076 2130 2178 2178 νες
2204 2115 2315 2166 οὐκ
2361 2112 2641 2180 ἔκαμψαν
2667 2112 2817 2180 γόνυ
2844 2112 2920 2181 τῇ
2947 2113 3150 2177 Βάαλ;
3187 2115 3285 2168 οὐκ
3321 2115 3435 2167 ἔστι
3462 2117 3646 2182 τοῦτο,

2074 2205 2175 2257 οὐκ
2226 2202 2388 2258 ἔστιν.
2440 2206 2560 2257 Οὐκ
2613 2202 2682 2256 ἐν
2720 2202 2844 2269 τοῖς
2888 2205 3171 2259 πλείοσιν
3222 2205 3560 2274 εὐδόκησεν
3605 2211 3645 2262 ὁ

2077 2298 2241 2360 Θεός.

2144 2390 2225 2442 Η¹.
2258 2387 2330 2441 Σὺ
2369 2388 2467 2459 μὲν
2505 2388 2757 2461 ἀριθμεῖς
2787 2388 2888 2450 τὰς
2919 2386 3206 2458 μυριάδας,
3257 2386 3389 2451 Θεὸς
3436 2388 3493 2441 δὲ
3518 2389 3650 2451 τοὺς

2076 2477 2441 2547 σωζομένους·
2497 2478 2591 2531 καὶ
2622 2478 2686 2531 σὺ
2723 2477 2821 2548 μὲν
2854 2475 2945 2529 τὸν
2988 2476 3297 2546 ἀμέτρητον
3351 2474 3501 2545 χοῦν,
3534 2473 3651 2544 ἐγὼ

2072 2568 2129 2620 δὲ
2162 2569 2229 2623 τὰ
2260 2567 2426 2638 σκεύη
2476 2568 2577 2638 τῆς
2610 2569 2862 2638 ἐκλογῆς.
2909 2567 3074 2621 Οὐδὲν
3102 2566 3213 2638 γὰρ
3237 2566 3380 2619 οὕτω
3410 2566 3527 2636 Θεῷ
3557 2584 3651 2637 με-

2073 2658 2415 2730 γαλοπρεπὲς
2461 2660 2536 2724 ὡς
2590 2660 2749 2728 λόγος
2791 2658 3220 2731 κεκαθαρμένος,
3256 2658 3520 2729 καὶψυχὴ
3553 2675 3647 2710 τε-

2072 2749 2193 2803 λεία
2246 2752 2357 2813 τοῖς
2392 2750 2491 2819 τῆς
2523 2749 2778 2821 ἀληθείας
2825 2749 3105 2818 δόγμασιν.
3159 2748 3341 2812 Ἀξιον
3388 2749 3485 2818 μὲν
3535 2749 3649 2819 γὰρ

2075 2840 2224 2894 οὐδέν
2267 2841 2384 2893 ἐστι
2430 2840 2526 2894 τοῦ
2557 2838 2626 2893 τὰ
2656 2841 2836 2894 πάντα
2882 2838 3263 2910 πεποιηκότος,
3291 2840 3385 2892 καὶ
3419 2839 3549 2910 παρ’
3583 2834 3649 2894 οὗ

2074 2931 2143 2985 τὰ
2203 2931 2399 2993 πάντα,
2452 2930 2546 2984 καὶ
2579 2931 2659 2994 εἰς
2707 2930 2767 2983 ὃν
2797 2929 2869 2983 τὰ
2923 2930 3123 2993 πάντα,
3182 2928 3367 2982 δοῦναι
3401 2928 3521 2999 Θεῷ
3552 2929 3650 2983 καὶ

2078 3024 2495 3092 προσενεγκεῖν·
2525 3022 2609 3101 μὴ
2647 3022 2728 3074 ὅτι
2775 3023 2903 3091 μιᾶς
2927 3020 3106 3091 χειρὸς
3135 3020 3295 3091 ἔργον
3342 3020 3377 3090 ἢ
3426 3037 3651 3091 περιου-

2081 3113 2222 3176 σίας⁹
2281 3112 2395 3166 ἀλλ’
2430 3112 2537 3165 οὐδ’
2563 3113 2612 3164 εί
2652 3113 2832 3166 πᾶσάν
2871 3129 2954 3176 τις
2985 3113 3086 3184 τὴν
3124 3115 3182 3167 ὲν
3211 3113 3519 3184 ἀνθρώποις
3549 3115 3650 3167 εὐ-

2082 3206 2276 3277 πορίαν
2312 3207 2345 3276 ἢ
2385 3206 2542 3276 χεῖρα
2589 3205 2670 3267 εἰς
2700 3203 2759 3256 ἓν
2805 3203 3142 3272 συνενεγκὼν
3164 3247 3180 3271 ,
3214 3204 3441 3276 τιμῆσαι
3481 3204 3646 3274 θελή-

2082 3311 2241 3348 σειεν.
2277 3296 2423 3364 Οὐχὶ
2453 3294 2559 3349 τὸν
2596 3293 2856 3364 οὐρανὸν
2878 3293 2976 3346 καὶ
2999 3293 3115 3360 τὴν
3133 3292 3251 3363 γῆν
3272 3292 3386 3362 ἐγὼ
3412 3292 3650 3361 πληρῶε

2079 3384 2239 3455 λέγει
2287 3388 2501 3454 Κύριος
2523 3403 2538 3417 ο
2583 3388 2677 3440 καὶ
2698 3427 2713 3449 ,
2771 3383 2954 3439 Ποῖον
3008 3381 3175 3438 οἷκον
3219 3382 3650 3452 οἰκοδομήσπέ

2074 3493 2176 3543 μοι
2192 3491 2212 3537 ;
2241 3474 2278 3543 ἣ
2302 3475 2391 3540 τίς
2421 3475 2605 3541 τόπος
2633 3474 2745 3543 τῆς
2778 3470 3217 3537 καταπαύσεώς
3252 3489 3373 3539 μου
3390 3488 3411 3537 ;
3442 3471 3565 3523 ἐπεὶ
3587 3471 3649 3523 δὲ

2079 3568 2178 3639 τῆς
2207 3567 2364 3633 ἀξίας
2395 3568 2714 3638 διαμαρτεῖν
2764 3567 3078 3633 ἀναγκαῖον,
3110 3564 3139 3616 ὃ
3180 3563 3430 3633 δεύτερόν
3457 3565 3603 3617 ἐστιν
3628 3605 3645 3629 ,

2080 3658 2214 3712 αἰτῶ
2243 3658 2374 3729 παρ’
2405 3657 2558 3728 ὑμῶν
2596 3658 2694 3727 τὴν
2724 3656 3037 3722 εὐσέϐειαν,
3086 3654 3176 3709 τὸν
3208 3655 3386 3709 κοινὸν
3418 3652 3646 3707 πλοῦτον

2080 3750 2204 3821 ἐμοὶ
2238 3750 2330 3802 καὶ
2352 3749 2630 3820 ὁμότιμον,
2663 3750 2721 3801 ὲν
2758 3742 2804 3816 ᾧ
2831 3746 2991 3817 τυχὸν
3025 3745 3408 3817 ὑπερϐαλεῖται
3438 3745 3530 3798 καὶ
3554 3744 3647 3796 τὸν

2079 3841 2199 3893 λίαν
2236 3839 2482 3911 λαμπρὸν
2533 3842 2562 3893 ὁ
2615 3841 2756 3894 πάνυ
2805 3840 2993 3909 πένης,
3039 3838 3105 3895 ἂν
3253 3836 3643 3908 μεγαλόψυχος.

2080 3932 2453 4004 Προαιρέσεως
2503 3931 2632 4003 γὰρ,
2681 3932 2781 3985 οὐκ
2823 3931 3081 4002 εὐπορίας
3129 3930 3415 4000 ἡτοιαύτη
3446 3929 3632 3998 φιλοτιρ

2083 4022 2201 4093 μία.
2260 4021 2512 4093 Λήψομαι
2546 4024 2643 4093 μὲν
2674 4022 2783 4089 (84)
2835 4023 2928 4077 καὶ
2972 4020 3142 4075 ταῦτα
3186 4023 3251 4075 ὲκ
3305 4022 3413 4075 τῶν
3445 4020 3648 4092 χειρῶν

2082 4113 2257 4185 ὑμῶν,
2292 4110 2351 4167 εὖ
2386 4112 2520 4167 ἴστε.
2544 4115 2742 4169 Πατεῖν
2770 4115 2869 4184 τὴν
2895 4112 3061 4183 αὐλήν
3097 4129 3198 4182 μου
3227 4113 3288 4165 οὐ
3347 4110 3649 4183 προσθήσε-

2083 4206 2194 4269 σθε,
2257 4204 2392 4258 ἀλλὰ
2429 4205 2760 4275 πατήσουσιν
2813 4202 2981 4274 αὐτὴν
3039 4204 3198 4266 πόδες
3239 4206 3478 4275 πραέων,
3533 4202 3650 4258 τῶν

2080 4297 2467 4365 ὲπεγνωκότων
2495 4298 2614 4367 ἐμὲ,
2653 4296 2745 4351 καὶ
2779 4297 2870 4350 τὸν
2903 4298 3162 4368 μονογενῆ
3190 4314 3287 4372 μου
3327 4297 3516 4364 Λόγον,
3550 4294 3648 4349 καὶ

411 4390 688 4453 dubitetis,
718 4388 784 4442 de
811 4387 1056 4441 manibus
1082 4387 1296 4440 vestris.
1331 4385 1554 4441 Calcare
1587 4388 1762 4440 aulam
1794 4404 1965 4443 meam

2080 4392 2134 4445 τὸ
2152 4388 2375 4460 Πνεῦμα
2406 4387 2465 4441 τὸ
2498 4388 2651 4456 ἆγιον
2684 4388 2853 4457 ὑγιῶς
2881 4387 2975 4442 καὶ
3001 4388 3257 4459 γνησίως.
3299 4387 3476 4458 Μέχρι
3498 4387 3648 4450 τίνος

410 4495 518 4534 non
544 4478 830 4548 adjicietis,
858 4478 952 4532 sed
977 4477 1259 4532 calcabunt
1304 4491 1421 4531 eam
1470 4478 1632 4547 pedes
1672 4490 1977 4535 mansueto-

410 4586 532 4625 rum
566 4569 633 4635 “,
688 4568 782 4639 qui
836 4577 981 4623 recte
1027 4576 1187 4637 atque
1231 4567 1440 4622 sincere
1492 4582 1576 4622 me
1622 4580 1973 4638 agnoverunt,

412 4660 756 4730 Verbumque
804 4674 981 4714 meum
1038 4659 1405 4726 Unigenitum,
1458 4667 1513 4713 et
1555 4659 1812 4728 Spiritum
1844 4676 1973 4716 san-

2073 4480 2505 4551 κληρονομήσετε
2536 4478 2597 4531 τὸ
2622 4478 2746 4550 ὅρος
2773 4479 2833 4531 τὸ
2862 4478 3016 4547 ἅγιόν
3043 4495 3144 4549 μου
3169 4496 3185 4542 ;
3236 4477 3398 4548 μέχρι
3427 4478 3575 4541 τίνος
3605 4480 3642 4547 ἡ

2074 4571 2305 4634 κιϐωτὸς
2366 4570 2517 4642 παρὰ
2555 4572 2667 4633 τοῖς
2704 4569 3056 4638 ἀλλοφύλοις;
3091 4568 3206 4622 Νῦν
3254 4567 3311 4620 δὲ
3344 4570 3537 4638 μικρὸν
3562 4569 3644 4621 ἔτι

2072 4663 2446 4734 ὲντρυφήσατε
2477 4664 2587 4724 τοῖς
2609 4661 2927 4731 ἀλλοτρίοις,
2963 4662 3056 4715 καὶ
3081 4660 3174 4713 τοῦ
3212 4660 3644 4730 βούλεσθαιάποο

409 4765 578 4809 ctum.
605 4751 898 4820 Quousque
917 4760 1149 4804 montem
1175 4762 1419 4804 sanctum
1446 4765 1625 4804 meum
1658 4752 1974 4810 haereditate

2080 4754 2328 4807 λαύσατε.
2374 4751 2497 4806 Ὅτι
2547 4751 2607 4804 ὃν
2642 4752 3269 4822 τρόπον’ὲδουλεύσασθε
3297 4752 3391 4805 τοῦ
3422 4750 3642 4804 ἀπώσα-

409 4842 786 4913 possidebitis?
846 4841 1135 4909 Quousque
1201 4855 1327 4894 area
1398 4842 1536 4909 apud
1603 4841 1973 4900 Philistlimos?

410 4934 564 4996 Nunc
609 4944 789 4989 autent
840 4932 1229 5001 aliquantulum
1278 4931 1452 4992 adhuc
1492 4933 1544 4992 in
1588 4933 1778 4991 alienis
1819 4937 1973 4993 luxu-

478 5124 524 5156 ¹¹
549 5122 918 5196 ῌοιιιιειινιιι,
944 5124 1043 5196 2οε
1065 5193 1081 5196 _
1112 5123 1319 5196 ‘3_Gen.
1352 5142 1451 5190 xu,
1492 5125 1525 5179 6
1556 5142 1676 5196 sqq.
1752 5129 1797 5160 ⁵⁸
1834 5128 1967 5185 Gen.
1995 5147 2104 5191 xix,
2144 5128 2170 5181 1
2216 5142 2334 5193 sqq.

2075 4844 2201 4899 σθαί
2231 4861 2319 4914 με,
2345 4841 2499 4911 κάγὼ
2535 4842 2826 4913 ἀπώσομαι
2861 4844 3036 4915 ὑμᾶς,
3076 4843 3224 4913 λέγει
3257 4842 3463 4914 Κύριος
3505 4860 3640 4897 πανο

2067 4935 2370 5014 τοκράτωρ.

2401 5125 2449 5157 ³⁵
2473 5125 2641 5180 Exod.
2675 5140 2735 5189 ιι,
2763 5124 2853 5179 15.
2915 5125 2961 5156 ⁸⁸
2985 5121 3161 5177 Judic.
3195 5138 3289 5183 vn.
3325 5122 3376 5175 5.
3435 5123 3477 5153 ⁵⁷
3502 5121 3640 5176 Gen.

406 5193 653 5268 xrv,‘_H_.
729 5193 779 5224 ⁸⁸
802 5192 900 5247 lsa.
936 5193 1147 5268 ἓξὲξ,
1170 5193 1324 5268 Boni.
1368 5211 1439 5252 Ix.
1468 5197 1559 5250 27.
1600 5191 1680 5229 ’3’
1715 5198 1779 5252 Ill
1813 5200 1942 5268 Reg.

2080 5216 2113 5260 :,
2155 5191 2459 5268 i8;ﬂl§om.
2507 5210 2583 5259 XI,
2614 5194 2668 5249 4.
2744 5194 2788 5226 ⁵⁸
2819 5195 2837 5248 Ι
2869 5193 2997 5249 Cor.
3030 5209 3086 5258 ι,
3124 5193 3178 5247 5.
3257 5194 3299 5224 ⁶¹
3326 5194 3341 5245 Ι
3369 5191 3495 5247 Cor.
3520 5208 3643 5259 mi,

406 5269 458 5318 6.
536 5263 580 5292 θ’
607 5260 718 5316 Jer.
748 5278 906 5327 χχιιι,
938 5263 1028 5316 24.
1105 5262 1277 5319 “lsa.
1326 5281 1470 5331 stt,
1515 5268 1564 5320 1.
1641 5267 1686 5299 ³³
1714 5270 1817 5322 lsa.
1861 5260 1971 5335 χῖιι,

2080 5269 2116 5335 );
2140 5281 2287 5328 xxvr,
2314 5264 2367 5318 6.

477 5422 590 5494 (78)
612 5421 939 5494 Κρείσσων.
964 5421 1068 5494 0r._
1083 5418 1140 5494 ἓ.
1179 5427 1444 5494 κρεῖσσον.

480 5489 592 5565 (79)
618 5489 871 5565 Πρλλῷν
892 5489 1228 5565 μυριάδων.’
1262 5494 1351 5549 Sic
1400 5496 1532 5564 Reg.
1574 5496 1688 5561 bm,
1739 5502 1970 5565 quatuor

406 5561 579 5619 Colb.’
596 5571 651 5616 et
677 5561 796 5618 Par.
822 5561 977 5617 Deest
1010 5563 1283 5633 μυριάδων
1318 5565 1368 5617 in
1391 5561 1504 5619 edf
1756 5561 1774 5565 ”
1930 5610 1935 5623 ,

479 5633 594 5701 (80)
641 5634 803 5697 Τούς.
846 5633 1078 5688 Deestin
1118 5646 1347 5701 quatuor
1370 5635 1533 5701 Regg.
1572 5644 1619 5688 et
1652 5633 1742 5689 0r.
1776 5634 1825 5687 9..

479 5702 593 5779 (81)
644 5701 965 5775 Ἀνδρικῶς.
1013 5704 1208 5763 «Furti
1249 5719 1311 5760 ac
1338 5705 1476 5763 vit'ili
1503 5704 1793 5775 proposito.
1839 5723 1857 5755 ι

2149 5426 2260 5497 (82)
2300 5426 2614 5497 Χιλιὰδωνε
2650 5424 2752 5497 Se;
2786 5422 2959 5497 qub._,
2994 5421 3283 5497 μυριάδων.

2160 5491 2252 5564 8ὂὶ
2288 5499 2382 5562 Ὠς
2402 5498 2440 5564 ἡ
2467 5496 2678 5564 ἅμμος.
2715 5494 2816 5564 Or.
2840 5492 2895 5556 2,
2924 5492 3055 5544 ὡσεὶ

2160 5499 2227 5551 85
2288 5499 2382 5562 Ὠς
2402 5498 2440 5564 ἡ
2467 5498 2678 5564 ἅμμος.
2715 5498 2807 5550 Or.
2840 5498 2895 5556 ‘2,
2924 5498 3055 5544 ὡσεὶ
3079 5498 3280 5561 ἄμμος.

2137 5498 2251 5637 ί84ζ
2291 5566 2566 5637 Aviti-opai
2787 5562 2858 5637 _|_n
2914 5561 3200 5637 nonnullis,
3233 5557 3479 5637 λήψομαι
3505 5561 3635 5637 γάρἶ

2072 5656 2090 5686 ι
2126 5630 2248 5689 Haec
2276 5630 2554 5705 accipiant.
2599 5630 2627 5685 ι’
2652 5633 2848 5689 Δὶιιιόίηι
2891 5632 2955 5687 ad
2986 5630 3262 5696 ecclesias,
3294 5646 3427 5701 quas
3452 5631 3641 5685 Ariani

2066 5715 2460 5777 occupaverant
