  <div class='ocr_page' id='page_1' title='image "/cluster/home/n/w/nwhite01/storage/ocr_20150623/36/nnc1.0022377409/262.png"; bbox 0 0 3902 6218; ppageno 0'>
   <div class='ocr_carea' id='block_1_1' title="bbox 333 261 441 321">
    <p class='ocr_par' dir='ltr' id='par_1_1' title="bbox 333 261 441 321">
     <span class='ocr_line' id='line_1_1' title="bbox 333 261 441 321; baseline 0 -1"><span class='ocrx_word' id='word_1_1' title='bbox 333 261 441 321; x_wconf 66' lang='grc'>469</span> 
     </span>
    </p>
   </div>
   <div class='ocr_carea' id='block_1_2' title="bbox 1344 266 2563 328">
    <p class='ocr_par' dir='ltr' id='par_1_2' title="bbox 1344 266 2563 328">
     <span class='ocr_line' id='line_1_2' title="bbox 1344 266 2563 328; baseline -0.003 -3"><span class='ocrx_word' id='word_1_2' title='bbox 1344 267 1603 326; x_wconf 85' lang='lat' dir='ltr'><strong>ORATIO</strong></span> <span class='ocrx_word' id='word_1_3' title='bbox 1640 268 1802 327; x_wconf 81' lang='lat' dir='ltr'><strong>XLII.</strong></span> <span class='ocrx_word' id='word_1_4' title='bbox 1841 302 1911 313; x_wconf 91' lang='lat'><strong>-</strong></span> <span class='ocrx_word' id='word_1_5' title='bbox 1944 267 2324 328; x_wconf 75' lang='lat' dir='ltr'><strong>SUPREMUM</strong></span> <span class='ocrx_word' id='word_1_6' title='bbox 2366 266 2563 325; x_wconf 81' lang='lat' dir='ltr'><strong>VALE.</strong></span> 
     </span>
    </p>
   </div>
   <div class='ocr_carea' id='block_1_3' title="bbox 3467 263 3573 322">
    <p class='ocr_par' dir='ltr' id='par_1_3' title="bbox 3467 263 3573 322">
     <span class='ocr_line' id='line_1_3' title="bbox 3467 263 3573 322; baseline 0.028 -4"><span class='ocrx_word' id='word_1_7' title='bbox 3467 263 3573 322; x_wconf 76' lang='grc'><strong>470</strong></span> 
     </span>
    </p>
   </div>
   <div class='ocr_carea' id='block_1_4' title="bbox 334 378 3571 457">
    <p class='ocr_par' dir='ltr' id='par_1_4' title="bbox 334 378 3571 457">
     <span class='ocr_line' id='line_1_4' title="bbox 334 378 3571 457; baseline 0.002 -24"><span class='ocrx_word' id='word_1_8' title='bbox 334 382 498 446; x_wconf 87' lang='lat' dir='ltr'><strong>riate,</strong></span> <span class='ocrx_word' id='word_1_9' title='bbox 532 392 597 434; x_wconf 90' lang='lat' dir='ltr'><strong>ac</strong></span> <span class='ocrx_word' id='word_1_10' title='bbox 620 378 897 437; x_wconf 84' lang='lat' dir='ltr'><strong>libidinem</strong></span> <span class='ocrx_word' id='word_1_11' title='bbox 923 387 1158 439; x_wconf 75' lang='lat' dir='ltr'><strong>vestram</strong></span> <span class='ocrx_word' id='word_1_12' title='bbox 1225 384 1458 457; x_wconf 76' lang='lat' dir='ltr'><strong>explete.</strong></span> <span class='ocrx_word' id='word_1_13' title='bbox 1517 387 1978 455; x_wconf 81' lang='lat' dir='ltr'><strong>Quemadmodum</strong></span> <span class='ocrx_word' id='word_1_14' title='bbox 2018 389 2159 443; x_wconf 90' lang='lat' dir='ltr'><strong>enim</strong></span> <span class='ocrx_word' id='word_1_15' title='bbox 2214 402 2301 442; x_wconf 90' lang='lat' dir='ltr'><strong>me</strong></span> <span class='ocrx_word' id='word_1_16' title='bbox 2356 382 2647 454; x_wconf 83' lang='lat' dir='ltr'><strong>repellendi</strong></span> <span class='ocrx_word' id='word_1_17' title='bbox 2701 379 2984 438; x_wconf 90' lang='lat' dir='ltr'><strong>consilium</strong></span> <span class='ocrx_word' id='word_1_18' title='bbox 3034 379 3281 452; x_wconf 75' lang='lat' dir='ltr'><strong>cepistis,</strong></span> <span class='ocrx_word' id='word_1_19' title='bbox 3331 378 3413 438; x_wconf 87' lang='lat' dir='ltr'><strong>sic</strong></span> <span class='ocrx_word' id='word_1_20' title='bbox 3472 397 3571 454; x_wconf 87' lang='lat' dir='ltr'><strong>ego</strong></span> 
     </span>
    </p>
   </div>
   <div class='ocr_carea' id='block_1_5' title="bbox 333 474 2221 548">
    <p class='ocr_par' dir='ltr' id='par_1_5' title="bbox 333 474 2221 548">
     <span class='ocr_line' id='line_1_5' title="bbox 333 474 2221 548; baseline 0.01 -26"><span class='ocrx_word' id='word_1_21' title='bbox 333 483 546 539; x_wconf 82' lang='lat' dir='ltr'><strong>quoque</strong></span> <span class='ocrx_word' id='word_1_22' title='bbox 600 485 697 527; x_wconf 88' lang='lat' dir='ltr'><strong>vos</strong></span> <span class='ocrx_word' id='word_1_23' title='bbox 756 474 1010 544; x_wconf 84' lang='lat' dir='ltr'><strong>repellam</strong></span> <span class='ocrx_word' id='word_1_24' title='bbox 1045 519 1059 543; x_wconf 94' lang='lat'><strong>,</strong></span> <span class='ocrx_word' id='word_1_25' title='bbox 1100 476 1514 533; x_wconf 87' lang='lat' dir='ltr'><strong>dicitDominus</strong></span> <span class='ocrx_word' id='word_1_26' title='bbox 1567 479 1906 548; x_wconf 90' lang='lat' dir='ltr'><strong>omnipotens</strong></span> <span class='ocrx_word' id='word_1_27' title='bbox 1933 480 2002 533; x_wconf 79' lang='grc'><strong>⁸⁸.</strong></span> <span class='ocrx_word' id='word_1_28' title='bbox 2216 538 2221 541; x_wconf 14' lang='grc' dir='ltr'><strong>ι</strong></span> 
     </span>
    </p>
   </div>
   <div class='ocr_carea' id='block_1_6' title="bbox 402 560 1897 636">
    <p class='ocr_par' dir='ltr' id='par_1_6' title="bbox 402 560 1897 636">
     <span class='ocr_line' id='line_1_6' title="bbox 402 560 1897 636; baseline 0.005 -22"><span class='ocrx_word' id='word_1_29' title='bbox 402 561 479 615; x_wconf 79' lang='lat'><strong>8&#39;.</strong></span> <span class='ocrx_word' id='word_1_30' title='bbox 510 560 696 616; x_wconf 82' lang='grc' dir='ltr'>Ταῦτα</span> <span class='ocrx_word' id='word_1_31' title='bbox 732 564 827 617; x_wconf 72' lang='grc' dir='ltr'>καὶ</span> <span class='ocrx_word' id='word_1_32' title='bbox 855 564 1073 620; x_wconf 84' lang='grc' dir='ltr'><strong>ἀκούειν</strong></span> <span class='ocrx_word' id='word_1_33' title='bbox 1099 566 1350 636; x_wconf 84' lang='grc' dir='ltr'>λέγοντος</span> <span class='ocrx_word' id='word_1_34' title='bbox 1386 567 1626 634; x_wconf 81' lang='grc' dir='ltr'>ὲδόκουν,</span> <span class='ocrx_word' id='word_1_35' title='bbox 1662 568 1756 623; x_wconf 78' lang='grc' dir='ltr'><strong>καὶ</strong></span> <span class='ocrx_word' id='word_1_36' title='bbox 1791 586 1897 621; x_wconf 89' lang='grc' dir='ltr'>ποι-</span> 
     </span>
    </p>
   </div>
   <div class='ocr_carea' id='block_1_7' title="bbox 2009 560 3571 636">
    <p class='ocr_par' dir='ltr' id='par_1_7' title="bbox 2080 560 3571 635">
     <span class='ocr_line' id='line_1_7' title="bbox 2080 560 3571 635; baseline -0.002 -13"><span class='ocrx_word' id='word_1_37' title='bbox 2080 568 2172 624; x_wconf 82' lang='lat' dir='ltr'><strong>IX.</strong></span> <span class='ocrx_word' id='word_1_38' title='bbox 2216 568 2358 633; x_wconf 68' lang='lat' dir='ltr'><strong>Haec,</strong></span> <span class='ocrx_word' id='word_1_39' title='bbox 2387 574 2441 622; x_wconf 93' lang='lat' dir='ltr'><strong>et</strong></span> <span class='ocrx_word' id='word_1_40' title='bbox 2469 565 2778 635; x_wconf 78' lang='lat' dir='ltr'><strong>loquentem</strong></span> <span class='ocrx_word' id='word_1_41' title='bbox 2819 561 3028 626; x_wconf 88' lang='lat' dir='ltr'><strong>audire,</strong></span> <span class='ocrx_word' id='word_1_42' title='bbox 3059 568 3115 617; x_wconf 91' lang='lat' dir='ltr'><strong>et</strong></span> <span class='ocrx_word' id='word_1_43' title='bbox 3140 560 3421 617; x_wconf 76' lang='lat' dir='ltr'><strong>facientem</strong></span> <span class='ocrx_word' id='word_1_44' title='bbox 3449 577 3571 619; x_wconf 81' lang='lat' dir='ltr'><strong>sen&#39;</strong></span> 
     </span>
    </p>
   </div>
   <div class='ocr_carea' id='block_1_8' title="bbox 330 652 1907 731">
    <p class='ocr_par' dir='ltr' id='par_1_8' title="bbox 330 652 1907 731">
     <span class='ocr_line' id='line_1_8' title="bbox 330 652 1907 731; baseline 0.004 -24"><span class='ocrx_word' id='word_1_45' title='bbox 330 653 520 716; x_wconf 85' lang='grc' dir='ltr'>οὖντος</span> <span class='ocrx_word' id='word_1_46' title='bbox 546 652 895 709; x_wconf 72' lang='grc' dir='ltr'>αἰσθάνεσθαι</span> <span class='ocrx_word' id='word_1_47' title='bbox 916 674 930 687; x_wconf 79' lang='grc'><em>’</em></span> <span class='ocrx_word' id='word_1_48' title='bbox 966 657 1061 711; x_wconf 73' lang='grc' dir='ltr'><strong>καὶ</strong></span> <span class='ocrx_word' id='word_1_49' title='bbox 1093 656 1174 711; x_wconf 72' lang='grc' dir='ltr'><strong>ἔτι</strong></span> <span class='ocrx_word' id='word_1_50' title='bbox 1208 658 1343 730; x_wconf 81' lang='grc' dir='ltr'>πρὸς</span> <span class='ocrx_word' id='word_1_51' title='bbox 1369 658 1600 723; x_wconf 85' lang='grc' dir='ltr'><strong>τούτοις,</strong></span> <span class='ocrx_word' id='word_1_52' title='bbox 1636 660 1772 731; x_wconf 80' lang='grc' dir='ltr'>πρὸς</span> <span class='ocrx_word' id='word_1_53' title='bbox 1807 661 1907 731; x_wconf 84' lang='grc' dir='ltr'><strong>μὲν</strong></span> 
     </span>
    </p>
   </div>
   <div class='ocr_carea' id='block_1_9' title="bbox 330 740 1908 816">
    <p class='ocr_par' dir='ltr' id='par_1_9' title="bbox 330 740 1908 816">
     <span class='ocr_line' id='line_1_9' title="bbox 330 740 1908 816; baseline 0.003 -23"><span class='ocrx_word' id='word_1_54' title='bbox 330 740 425 794; x_wconf 77' lang='grc' dir='ltr'>τὸν</span> <span class='ocrx_word' id='word_1_55' title='bbox 473 740 605 795; x_wconf 78' lang='grc' dir='ltr'>λαὸν</span> <span class='ocrx_word' id='word_1_56' title='bbox 658 741 908 812; x_wconf 86' lang='grc' dir='ltr'>βοῶντος,</span> <span class='ocrx_word' id='word_1_57' title='bbox 958 743 1050 798; x_wconf 83' lang='grc' dir='ltr'><strong>τὸν</strong></span> <span class='ocrx_word' id='word_1_58' title='bbox 1094 745 1154 811; x_wconf 78' lang='grc' dir='ltr'><strong>ἐξ</strong></span> <span class='ocrx_word' id='word_1_59' title='bbox 1200 744 1383 813; x_wconf 84' lang='grc' dir='ltr'>ὀλίγου</span> <span class='ocrx_word' id='word_1_60' title='bbox 1439 744 1606 799; x_wconf 82' lang='grc' dir='ltr'>πολὺν</span> <span class='ocrx_word' id='word_1_61' title='bbox 1653 746 1778 816; x_wconf 72' lang='grc' dir='ltr'>ἤδη,</span> <span class='ocrx_word' id='word_1_62' title='bbox 1812 745 1908 799; x_wconf 76' lang='grc' dir='ltr'>καὶ</span> 
     </span>
    </p>
   </div>
   <div class='ocr_carea' id='block_1_10' title="bbox 334 825 1905 907">
    <p class='ocr_par' dir='ltr' id='par_1_10' title="bbox 334 825 1905 907">
     <span class='ocr_line' id='line_1_10' title="bbox 334 825 1905 907; baseline 0.004 -24"><span class='ocrx_word' id='word_1_63' title='bbox 334 825 693 903; x_wconf 70' lang='grc' dir='ltr'>συγκείμενον</span> <span class='ocrx_word' id='word_1_64' title='bbox 722 835 922 898; x_wconf 84' lang='grc' dir='ltr'>ίκανῶς</span> <span class='ocrx_word' id='word_1_65' title='bbox 954 836 1019 889; x_wconf 81' lang='grc' dir='ltr'>ὲκ</span> <span class='ocrx_word' id='word_1_66' title='bbox 1048 835 1468 907; x_wconf 78' lang='grc' dir='ltr'>διεσπαρμένον,</span> <span class='ocrx_word' id='word_1_67' title='bbox 1505 838 1600 890; x_wconf 78' lang='grc' dir='ltr'>καὶ</span> <span class='ocrx_word' id='word_1_68' title='bbox 1630 835 1691 900; x_wconf 73' lang='grc' dir='ltr'>ἐξ</span> <span class='ocrx_word' id='word_1_69' title='bbox 1724 836 1905 889; x_wconf 80' lang='grc' dir='ltr'>ὲλεου-</span> 
     </span>
    </p>
   </div>
   <div class='ocr_carea' id='block_1_11' title="bbox 336 923 1907 996">
    <p class='ocr_par' dir='ltr' id='par_1_11' title="bbox 336 923 1907 996">
     <span class='ocr_line' id='line_1_11' title="bbox 336 923 1907 996; baseline 0.004 -20"><span class='ocrx_word' id='word_1_70' title='bbox 336 923 499 993; x_wconf 87' lang='grc' dir='ltr'>μένου</span> <span class='ocrx_word' id='word_1_71' title='bbox 525 924 639 993; x_wconf 82' lang='grc'>(85)</span> <span class='ocrx_word' id='word_1_72' title='bbox 666 924 828 996; x_wconf 80' lang='grc' dir='ltr'>τυχὸν</span> <span class='ocrx_word' id='word_1_73' title='bbox 857 927 953 980; x_wconf 75' lang='grc' dir='ltr'><strong>καὶ</strong></span> <span class='ocrx_word' id='word_1_74' title='bbox 970 927 1280 995; x_wconf 76' lang='grc' dir='ltr'>ἐπίφθονον.</span> <span class='ocrx_word' id='word_1_75' title='bbox 1308 929 1642 996; x_wconf 86' lang='grc' dir='ltr'><strong>Πορεύεσθε</strong></span> <span class='ocrx_word' id='word_1_76' title='bbox 1669 927 1768 981; x_wconf 84' lang='grc' dir='ltr'>διὰ</span> <span class='ocrx_word' id='word_1_77' title='bbox 1786 927 1907 982; x_wconf 84' lang='grc' dir='ltr'><strong>τῶν</strong></span> 
     </span>
    </p>
   </div>
   <div class='ocr_carea' id='block_1_12' title="bbox 332 1012 1908 1088">
    <p class='ocr_par' dir='ltr' id='par_1_12' title="bbox 332 1012 1908 1088">
     <span class='ocr_line' id='line_1_12' title="bbox 332 1012 1908 1088; baseline 0.004 -21"><span class='ocrx_word' id='word_1_78' title='bbox 332 1012 547 1069; x_wconf 73' lang='grc' dir='ltr'><em>πυλῶν</em></span> <span class='ocrx_word' id='word_1_79' title='bbox 592 1031 732 1084; x_wconf 83' lang='grc' dir='ltr'>μου,</span> <span class='ocrx_word' id='word_1_80' title='bbox 787 1016 888 1069; x_wconf 81' lang='grc' dir='ltr'><strong>καί</strong></span> <span class='ocrx_word' id='word_1_81' title='bbox 939 1019 1340 1071; x_wconf 81' lang='grc' dir='ltr'>πλατύνεσθε.</span> <span class='ocrx_word' id='word_1_82' title='bbox 1390 1018 1482 1088; x_wconf 87' lang='grc' dir='ltr'><strong>Μὴ</strong></span> <span class='ocrx_word' id='word_1_83' title='bbox 1510 1017 1801 1082; x_wconf 81' lang='grc' dir='ltr'>διαπαντὸς</span> <span class='ocrx_word' id='word_1_84' title='bbox 1827 1018 1908 1073; x_wconf 85' lang='grc' dir='ltr'><strong>δεῖ</strong></span> 
     </span>
    </p>
   </div>
   <div class='ocr_carea' id='block_1_13' title="bbox 331 1105 1905 1178">
    <p class='ocr_par' dir='ltr' id='par_1_13' title="bbox 331 1105 1905 1178">
     <span class='ocr_line' id='line_1_13' title="bbox 331 1105 1905 1178; baseline 0.004 -21"><span class='ocrx_word' id='word_1_85' title='bbox 331 1105 567 1175; x_wconf 81' lang='grc' dir='ltr'><strong>κάμνειν</strong></span> <span class='ocrx_word' id='word_1_86' title='bbox 598 1106 741 1177; x_wconf 78' lang='grc' dir='ltr'>ὑμᾶς</span> <span class='ocrx_word' id='word_1_87' title='bbox 775 1108 835 1160; x_wconf 85' lang='grc' dir='ltr'>ὲν</span> <span class='ocrx_word' id='word_1_88' title='bbox 896 1111 1120 1178; x_wconf 78' lang='grc' dir='ltr'>σκηναῖς</span> <span class='ocrx_word' id='word_1_89' title='bbox 1174 1108 1589 1175; x_wconf 80' lang='grc' dir='ltr'><strong>κατοικοῦντας,</strong></span> <span class='ocrx_word' id='word_1_90' title='bbox 1638 1112 1730 1163; x_wconf 75' lang='grc' dir='ltr'><strong>καὶ</strong></span> <span class='ocrx_word' id='word_1_91' title='bbox 1778 1112 1905 1174; x_wconf 82' lang='grc' dir='ltr'>τοὺς</span> 
     </span>
    </p>
   </div>
   <div class='ocr_carea' id='block_1_14' title="bbox 330 1194 1905 1271">
    <p class='ocr_par' dir='ltr' id='par_1_14' title="bbox 330 1194 1905 1271">
     <span class='ocr_line' id='line_1_14' title="bbox 330 1194 1905 1271; baseline 0.004 -23"><span class='ocrx_word' id='word_1_92' title='bbox 330 1194 615 1259; x_wconf 77' lang='grc' dir='ltr'>θλίϐοντας</span> <span class='ocrx_word' id='word_1_93' title='bbox 668 1197 811 1267; x_wconf 81' lang='grc' dir='ltr'>ὑμᾶς</span> <span class='ocrx_word' id='word_1_94' title='bbox 868 1198 1426 1270; x_wconf 75' lang='grc' dir='ltr'>ύπερευφραίνεσθαις</span> <span class='ocrx_word' id='word_1_95' title='bbox 1480 1199 1622 1271; x_wconf 81' lang='grc' dir='ltr'>Πρὸς</span> <span class='ocrx_word' id='word_1_96' title='bbox 1677 1200 1734 1253; x_wconf 88' lang='grc' dir='ltr'>δὲ</span> <span class='ocrx_word' id='word_1_97' title='bbox 1779 1202 1905 1265; x_wconf 80' lang='grc' dir='ltr'>τοὺς</span> 
     </span>
    </p>
   </div>
   <div class='ocr_carea' id='block_1_15' title="bbox 331 1286 1905 1362">
    <p class='ocr_par' dir='ltr' id='par_1_15' title="bbox 331 1286 1905 1362">
     <span class='ocr_line' id='line_1_15' title="bbox 331 1286 1905 1362; baseline 0.004 -24"><span class='ocrx_word' id='word_1_98' title='bbox 331 1286 652 1355; x_wconf 73' lang='grc' dir='ltr'><strong>ἐφεστῶτας</strong></span> <span class='ocrx_word' id='word_1_99' title='bbox 695 1288 959 1357; x_wconf 76' lang='grc' dir='ltr'><strong>ἀγγέλους</strong></span> <span class='ocrx_word' id='word_1_100' title='bbox 1007 1290 1297 1359; x_wconf 86' lang='grc' dir='ltr'>(πείθομαι</span> <span class='ocrx_word' id='word_1_101' title='bbox 1347 1290 1456 1361; x_wconf 86' lang='grc' dir='ltr'><strong>γάρ</strong></span> <span class='ocrx_word' id='word_1_102' title='bbox 1504 1290 1697 1355; x_wconf 80' lang='grc' dir='ltr'>ἀλλους</span> <span class='ocrx_word' id='word_1_103' title='bbox 1739 1292 1905 1362; x_wconf 79' lang='grc' dir='ltr'>ἄλλης</span> 
     </span>
    </p>
   </div>
   <div class='ocr_carea' id='block_1_16' title="bbox 330 1377 1904 1449">
    <p class='ocr_par' dir='ltr' id='par_1_16' title="bbox 330 1377 1904 1449">
     <span class='ocr_line' id='line_1_16' title="bbox 330 1377 1904 1449; baseline 0.003 -22"><span class='ocrx_word' id='word_1_104' title='bbox 330 1378 657 1446; x_wconf 80' lang='grc' dir='ltr'><strong>προστατεῖν</strong></span> <span class='ocrx_word' id='word_1_105' title='bbox 696 1377 1021 1448; x_wconf 89' lang='grc' dir='ltr'>Ἐκκλησίας</span> <span class='ocrx_word' id='word_1_106' title='bbox 1042 1419 1057 1444; x_wconf 90' lang='grc'><strong>,</strong></span> <span class='ocrx_word' id='word_1_107' title='bbox 1100 1377 1174 1442; x_wconf 86' lang='grc' dir='ltr'>ὼς</span> <span class='ocrx_word' id='word_1_108' title='bbox 1220 1379 1471 1449; x_wconf 84' lang='grc' dir='ltr'>Ἰωάννης</span> <span class='ocrx_word' id='word_1_109' title='bbox 1516 1377 1623 1449; x_wconf 88' lang='grc'>(86)</span> <span class='ocrx_word' id='word_1_110' title='bbox 1665 1378 1904 1432; x_wconf 83' lang='grc' dir='ltr'><strong>διδάσκει</strong></span> 
     </span>
    </p>
   </div>
   <div class='ocr_carea' id='block_1_17' title="bbox 333 1465 1906 1540">
    <p class='ocr_par' dir='ltr' id='par_1_17' title="bbox 333 1465 1906 1540">
     <span class='ocr_line' id='line_1_17' title="bbox 333 1465 1906 1540; baseline 0.002 -22"><span class='ocrx_word' id='word_1_111' title='bbox 333 1482 404 1534; x_wconf 89' lang='grc' dir='ltr'><strong>με</strong></span> <span class='ocrx_word' id='word_1_112' title='bbox 433 1465 523 1520; x_wconf 84' lang='grc' dir='ltr'>διὰ</span> <span class='ocrx_word' id='word_1_113' title='bbox 552 1467 654 1537; x_wconf 81' lang='grc' dir='ltr'>τῆς</span> <span class='ocrx_word' id='word_1_114' title='bbox 680 1466 1097 1540; x_wconf 74' lang='grc' dir='ltr'><strong>ἀποκαλύψεως)</strong></span> <span class='ocrx_word' id='word_1_115' title='bbox 1121 1487 1133 1500; x_wconf 89' lang='grc'><strong>·</strong></span> <span class='ocrx_word' id='word_1_116' title='bbox 1184 1467 1610 1534; x_wconf 80' lang='grc' dir='ltr'>Ὀδοποιήσατε</span> <span class='ocrx_word' id='word_1_117' title='bbox 1654 1467 1734 1534; x_wconf 87' lang='grc' dir='ltr'>τῷ</span> <span class='ocrx_word' id='word_1_118' title='bbox 1779 1466 1906 1533; x_wconf 80' lang='grc' dir='ltr'><strong>λαῷ</strong></span> 
     </span>
    </p>
   </div>
   <div class='ocr_carea' id='block_1_18' title="bbox 324 1556 1906 1629">
    <p class='ocr_par' dir='ltr' id='par_1_18' title="bbox 324 1556 1906 1629">
     <span class='ocr_line' id='line_1_18' title="bbox 324 1556 1906 1629; baseline 0.002 -19"><span class='ocrx_word' id='word_1_119' title='bbox 324 1573 466 1625; x_wconf 84' lang='grc' dir='ltr'>μου,</span> <span class='ocrx_word' id='word_1_120' title='bbox 486 1556 587 1610; x_wconf 78' lang='grc' dir='ltr'><strong>καί</strong></span> <span class='ocrx_word' id='word_1_121' title='bbox 613 1557 755 1623; x_wconf 82' lang='grc' dir='ltr'>τοὺς</span> <span class='ocrx_word' id='word_1_122' title='bbox 780 1559 994 1625; x_wconf 75' lang='grc' dir='ltr'>λίθους</span> <span class='ocrx_word' id='word_1_123' title='bbox 1015 1560 1084 1613; x_wconf 84' lang='grc' dir='ltr'>ἐκ</span> <span class='ocrx_word' id='word_1_124' title='bbox 1109 1558 1220 1629; x_wconf 82' lang='grc' dir='ltr'>τῆς</span> <span class='ocrx_word' id='word_1_125' title='bbox 1241 1559 1385 1614; x_wconf 83' lang='grc' dir='ltr'>ὀδοῦ</span> <span class='ocrx_word' id='word_1_126' title='bbox 1424 1559 1793 1627; x_wconf 80' lang='grc' dir='ltr'>διαρῤίψατε,</span> <span class='ocrx_word' id='word_1_127' title='bbox 1818 1559 1906 1613; x_wconf 83' lang='grc' dir='ltr'>ἵνα</span> 
     </span>
    </p>
   </div>
   <div class='ocr_carea' id='block_1_19' title="bbox 334 1637 1904 1720">
    <p class='ocr_par' dir='ltr' id='par_1_19' title="bbox 334 1637 1904 1720">
     <span class='ocr_line' id='line_1_19' title="bbox 334 1637 1904 1720; baseline 0.002 -21"><span class='ocrx_word' id='word_1_128' title='bbox 334 1637 563 1719; x_wconf 84' lang='grc' dir='ltr'>μηδὲνῇ</span> <span class='ocrx_word' id='word_1_129' title='bbox 600 1647 827 1712; x_wconf 85' lang='grc' dir='ltr'>σκῶλον,</span> <span class='ocrx_word' id='word_1_130' title='bbox 883 1649 1017 1718; x_wconf 83' lang='grc' dir='ltr'>μηδὲ</span> <span class='ocrx_word' id='word_1_131' title='bbox 1062 1648 1291 1720; x_wconf 85' lang='grc' dir='ltr'>κώλυμα</span> <span class='ocrx_word' id='word_1_132' title='bbox 1341 1649 1419 1720; x_wconf 83' lang='grc' dir='ltr'>τῷ</span> <span class='ocrx_word' id='word_1_133' title='bbox 1444 1648 1558 1719; x_wconf 87' lang='grc' dir='ltr'>λαῷ</span> <span class='ocrx_word' id='word_1_134' title='bbox 1611 1650 1710 1719; x_wconf 84' lang='grc' dir='ltr'>τῆς</span> <span class='ocrx_word' id='word_1_135' title='bbox 1755 1648 1904 1712; x_wconf 81' lang='grc' dir='ltr'>θείας</span> 
     </span>
    </p>
   </div>
   <div class='ocr_carea' id='block_1_20' title="bbox 329 1736 1901 1812">
    <p class='ocr_par' dir='ltr' id='par_1_20' title="bbox 329 1736 1901 1812">
     <span class='ocr_line' id='line_1_20' title="bbox 329 1736 1901 1812; baseline 0.003 -23"><span class='ocrx_word' id='word_1_136' title='bbox 329 1736 452 1790; x_wconf 83' lang='grc' dir='ltr'>ὁδοῦ</span> <span class='ocrx_word' id='word_1_137' title='bbox 483 1737 579 1791; x_wconf 80' lang='grc' dir='ltr'><strong>καὶ</strong></span> <span class='ocrx_word' id='word_1_138' title='bbox 613 1739 820 1792; x_wconf 81' lang='grc' dir='ltr'>εἰσόδου</span> <span class='ocrx_word' id='word_1_139' title='bbox 842 1755 856 1769; x_wconf 76' lang='grc' dir='ltr'><strong><em>ο</em></strong></span> <span class='ocrx_word' id='word_1_140' title='bbox 887 1740 982 1793; x_wconf 80' lang='grc' dir='ltr'>νῦν</span> <span class='ocrx_word' id='word_1_141' title='bbox 1023 1742 1122 1812; x_wconf 83' lang='grc' dir='ltr'><strong>μὲν</strong></span> <span class='ocrx_word' id='word_1_142' title='bbox 1154 1742 1246 1794; x_wconf 73' lang='grc' dir='ltr'>ἐπὶ</span> <span class='ocrx_word' id='word_1_143' title='bbox 1274 1741 1386 1811; x_wconf 82' lang='grc'>(87)</span> <span class='ocrx_word' id='word_1_144' title='bbox 1416 1741 1485 1795; x_wconf 89' lang='grc' dir='ltr'><strong>τά</strong></span> <span class='ocrx_word' id='word_1_145' title='bbox 1507 1741 1861 1812; x_wconf 81' lang='grc' dir='ltr'>χειροποίητα</span> <span class='ocrx_word' id='word_1_146' title='bbox 1888 1781 1901 1806; x_wconf 92' lang='grc'><strong>,</strong></span> 
     </span>
    </p>
   </div>
   <div class='ocr_carea' id='block_1_21' title="bbox 333 1829 1903 1904">
    <p class='ocr_par' dir='ltr' id='par_1_21' title="bbox 333 1829 1903 1904">
     <span class='ocr_line' id='line_1_21' title="bbox 333 1829 1903 1904; baseline 0.003 -24"><span class='ocrx_word' id='word_1_147' title='bbox 333 1829 531 1900; x_wconf 82' lang='grc' dir='ltr'>μικρὸν</span> <span class='ocrx_word' id='word_1_148' title='bbox 555 1830 612 1883; x_wconf 86' lang='grc' dir='ltr'>δὲ</span> <span class='ocrx_word' id='word_1_149' title='bbox 634 1831 858 1902; x_wconf 79' lang='grc' dir='ltr'>’ὕστερον</span> <span class='ocrx_word' id='word_1_150' title='bbox 888 1832 981 1884; x_wconf 81' lang='grc' dir='ltr'>ἐπὶ</span> <span class='ocrx_word' id='word_1_151' title='bbox 1000 1832 1100 1903; x_wconf 83' lang='grc' dir='ltr'>τὴν</span> <span class='ocrx_word' id='word_1_152' title='bbox 1125 1831 1238 1886; x_wconf 87' lang='grc' dir='ltr'><strong>ἀνω</strong></span> <span class='ocrx_word' id='word_1_153' title='bbox 1276 1831 1582 1904; x_wconf 82' lang='grc' dir='ltr'>Ἱερουσαλὴ</span> <span class='ocrx_word' id='word_1_154' title='bbox 1592 1850 1650 1902; x_wconf 90' lang='grc' dir='ltr'><strong>μ,</strong></span> <span class='ocrx_word' id='word_1_155' title='bbox 1701 1833 1797 1885; x_wconf 70' lang='grc' dir='ltr'><strong>καὶ</strong></span> <span class='ocrx_word' id='word_1_156' title='bbox 1834 1832 1903 1885; x_wconf 88' lang='grc' dir='ltr'><strong>τά</strong></span> 
     </span>
    </p>
   </div>
   <div class='ocr_carea' id='block_1_22' title="bbox 2010 654 3572 726">
    <p class='ocr_par' dir='ltr' id='par_1_22' title="bbox 2010 654 3572 726">
     <span class='ocr_line' id='line_1_22' title="bbox 2010 654 3572 726; baseline -0.004 -11"><span class='ocrx_word' id='word_1_157' title='bbox 2010 661 2111 716; x_wconf 90' lang='lat' dir='ltr'><strong>tire</strong></span> <span class='ocrx_word' id='word_1_158' title='bbox 2155 660 2284 714; x_wconf 87' lang='lat' dir='ltr'><strong>mihi</strong></span> <span class='ocrx_word' id='word_1_159' title='bbox 2331 657 2583 724; x_wconf 87' lang='lat' dir='ltr'><strong>videbar;</strong></span> <span class='ocrx_word' id='word_1_160' title='bbox 2629 663 2790 726; x_wconf 90' lang='lat' dir='ltr'><strong>atque</strong></span> <span class='ocrx_word' id='word_1_161' title='bbox 2822 656 3043 723; x_wconf 89' lang='lat' dir='ltr'><strong>insuper</strong></span> <span class='ocrx_word' id='word_1_162' title='bbox 3080 654 3147 708; x_wconf 90' lang='lat' dir='ltr'><strong>ad</strong></span> <span class='ocrx_word' id='word_1_163' title='bbox 3177 654 3426 723; x_wconf 91' lang='lat' dir='ltr'><strong>populum</strong></span> <span class='ocrx_word' id='word_1_164' title='bbox 3459 654 3572 710; x_wconf 91' lang='lat' dir='ltr'><strong>cla-</strong></span> 
     </span>
    </p>
   </div>
   <div class='ocr_carea' id='block_1_23' title="bbox 2007 743 3571 817">
    <p class='ocr_par' dir='ltr' id='par_1_23' title="bbox 2007 743 3571 817">
     <span class='ocr_line' id='line_1_23' title="bbox 2007 743 3571 817; baseline -0.004 -11"><span class='ocrx_word' id='word_1_165' title='bbox 2007 762 2266 817; x_wconf 90' lang='lat' dir='ltr'><strong>mantem,</strong></span> <span class='ocrx_word' id='word_1_166' title='bbox 2295 749 2361 805; x_wconf 88' lang='lat' dir='ltr'><strong>ad</strong></span> <span class='ocrx_word' id='word_1_167' title='bbox 2391 751 2552 816; x_wconf 89' lang='lat' dir='ltr'><strong>hunc,</strong></span> <span class='ocrx_word' id='word_1_168' title='bbox 2604 747 2847 817; x_wconf 88' lang='lat' dir='ltr'><strong>inquam,</strong></span> <span class='ocrx_word' id='word_1_169' title='bbox 2892 758 2960 800; x_wconf 82' lang='lat' dir='ltr'><strong>ex</strong></span> <span class='ocrx_word' id='word_1_170' title='bbox 2985 758 3153 814; x_wconf 89' lang='lat' dir='ltr'><strong>parvo</strong></span> <span class='ocrx_word' id='word_1_171' title='bbox 3182 759 3433 814; x_wconf 87' lang='lat' dir='ltr'><strong>maguum</strong></span> <span class='ocrx_word' id='word_1_172' title='bbox 3459 743 3571 814; x_wconf 86' lang='lat' dir='ltr'><strong>jam</strong></span> 
     </span>
    </p>
   </div>
   <div class='ocr_carea' id='block_1_24' title="bbox 2006 836 3569 915">
    <p class='ocr_par' dir='ltr' id='par_1_24' title="bbox 2006 836 3569 915">
     <span class='ocr_line' id='line_1_24' title="bbox 2006 836 3569 915; baseline -0.006 -13"><span class='ocrx_word' id='word_1_173' title='bbox 2006 854 2063 902; x_wconf 89' lang='lat' dir='ltr'><strong>et</strong></span> <span class='ocrx_word' id='word_1_174' title='bbox 2100 844 2401 915; x_wconf 89' lang='lat' dir='ltr'><strong>copiosum,</strong></span> <span class='ocrx_word' id='word_1_175' title='bbox 2431 852 2487 898; x_wconf 93' lang='lat' dir='ltr'><strong>et</strong></span> <span class='ocrx_word' id='word_1_176' title='bbox 2517 857 2584 896; x_wconf 88' lang='lat' dir='ltr'><strong>ex</strong></span> <span class='ocrx_word' id='word_1_177' title='bbox 2608 841 2855 910; x_wconf 89' lang='lat' dir='ltr'><strong>disperso</strong></span> <span class='ocrx_word' id='word_1_178' title='bbox 2888 840 3021 894; x_wconf 89' lang='lat' dir='ltr'><strong>satis</strong></span> <span class='ocrx_word' id='word_1_179' title='bbox 3044 836 3155 908; x_wconf 84' lang='lat' dir='ltr'><strong>jam</strong></span> <span class='ocrx_word' id='word_1_180' title='bbox 3188 839 3569 903; x_wconf 87' lang='lat' dir='ltr'><strong>coadunatum,</strong></span> 
     </span>
    </p>
   </div>
   <div class='ocr_carea' id='block_1_25' title="bbox 2005 927 3571 999">
    <p class='ocr_par' dir='ltr' id='par_1_25' title="bbox 2005 927 3571 999">
     <span class='ocr_line' id='line_1_25' title="bbox 2005 927 3571 999; baseline -0.006 -7"><span class='ocrx_word' id='word_1_181' title='bbox 2005 945 2061 992; x_wconf 92' lang='lat' dir='ltr'><strong>et</strong></span> <span class='ocrx_word' id='word_1_182' title='bbox 2085 951 2152 992; x_wconf 91' lang='lat' dir='ltr'><strong>ex</strong></span> <span class='ocrx_word' id='word_1_183' title='bbox 2177 934 2473 991; x_wconf 84' lang='lat' dir='ltr'><strong>miserabili</strong></span> <span class='ocrx_word' id='word_1_184' title='bbox 2510 931 2755 987; x_wconf 74' lang='lat' dir='ltr'><strong>fortassis</strong></span> <span class='ocrx_word' id='word_1_185' title='bbox 2774 930 3099 985; x_wconf 77' lang='lat' dir='ltr'><strong>invidiosum</strong></span> <span class='ocrx_word' id='word_1_186' title='bbox 3123 946 3137 981; x_wconf 87' lang='lat'><strong>:</strong></span> <span class='ocrx_word' id='word_1_187' title='bbox 3163 927 3323 999; x_wconf 81' lang='lat'><strong>755</strong></span> <span class='ocrx_word' id='word_1_188' title='bbox 3340 927 3571 983; x_wconf 77' lang='lat' dir='ltr'><strong>lncedile</strong></span> 
     </span>
    </p>
   </div>
   <div class='ocr_carea' id='block_1_26' title="bbox 2004 1019 3572 1096">
    <p class='ocr_par' dir='ltr' id='par_1_26' title="bbox 2004 1019 3572 1096">
     <span class='ocr_line' id='line_1_26' title="bbox 2004 1019 3572 1096; baseline -0.004 -16"><span class='ocrx_word' id='word_1_189' title='bbox 2004 1042 2098 1094; x_wconf 88' lang='lat' dir='ltr'><strong>per</strong></span> <span class='ocrx_word' id='word_1_190' title='bbox 2118 1036 2297 1096; x_wconf 78' lang='lat' dir='ltr'><strong>portas</strong></span> <span class='ocrx_word' id='word_1_191' title='bbox 2321 1040 2483 1090; x_wconf 83' lang='lat' dir='ltr'><strong>meas,</strong></span> <span class='ocrx_word' id='word_1_192' title='bbox 2513 1033 2561 1077; x_wconf 84' lang='lat' dir='ltr'><strong>et</strong></span> <span class='ocrx_word' id='word_1_193' title='bbox 2586 1021 2888 1076; x_wconf 82' lang='lat' dir='ltr'><strong>dilatamim’</strong></span> <span class='ocrx_word' id='word_1_194' title='bbox 2906 1019 2981 1073; x_wconf 80' lang='lat'><strong>&quot;.</strong></span> <span class='ocrx_word' id='word_1_195' title='bbox 3005 1020 3089 1073; x_wconf 85' lang='lat' dir='ltr'><strong>An</strong></span> <span class='ocrx_word' id='word_1_196' title='bbox 3111 1032 3205 1073; x_wconf 89' lang='lat' dir='ltr'><strong>vos</strong></span> <span class='ocrx_word' id='word_1_197' title='bbox 3237 1019 3291 1073; x_wconf 91' lang='lat' dir='ltr'><strong>in</strong></span> <span class='ocrx_word' id='word_1_198' title='bbox 3315 1027 3572 1088; x_wconf 90' lang='lat' dir='ltr'><strong>perpetua</strong></span> 
     </span>
    </p>
   </div>
   <div class='ocr_carea' id='block_1_27' title="bbox 2004 1108 3567 1182">
    <p class='ocr_par' dir='ltr' id='par_1_27' title="bbox 2004 1108 3567 1182">
     <span class='ocr_line' id='line_1_27' title="bbox 2004 1108 3567 1182; baseline -0.006 -10"><span class='ocrx_word' id='word_1_199' title='bbox 2004 1131 2243 1172; x_wconf 66' lang='lat' dir='ltr'><strong>aerumna</strong></span> <span class='ocrx_word' id='word_1_200' title='bbox 2275 1114 2484 1168; x_wconf 76' lang='lat' dir='ltr'><strong>versari</strong></span> <span class='ocrx_word' id='word_1_201' title='bbox 2518 1120 2754 1182; x_wconf 88' lang='lat' dir='ltr'><strong>oportet,</strong></span> <span class='ocrx_word' id='word_1_202' title='bbox 2789 1110 2842 1163; x_wconf 91' lang='lat' dir='ltr'><strong>in</strong></span> <span class='ocrx_word' id='word_1_203' title='bbox 2876 1108 3123 1164; x_wconf 89' lang='lat' dir='ltr'><strong>tentoriis</strong></span> <span class='ocrx_word' id='word_1_204' title='bbox 3150 1117 3567 1169; x_wconf 86' lang='lat' dir='ltr'><strong>commorautes,</strong></span> 
     </span>
    </p>
   </div>
   <div class='ocr_carea' id='block_1_28' title="bbox 2005 1195 3570 1275">
    <p class='ocr_par' dir='ltr' id='par_1_28' title="bbox 2005 1195 3570 1275">
     <span class='ocr_line' id='line_1_28' title="bbox 2005 1195 3570 1275; baseline -0.01 -13"><span class='ocrx_word' id='word_1_205' title='bbox 2005 1220 2224 1275; x_wconf 88' lang='lat' dir='ltr'><strong>eosque,</strong></span> <span class='ocrx_word' id='word_1_206' title='bbox 2275 1206 2365 1274; x_wconf 89' lang='lat' dir='ltr'><strong>qui</strong></span> <span class='ocrx_word' id='word_1_207' title='bbox 2416 1217 2513 1256; x_wconf 89' lang='lat' dir='ltr'><strong>vos</strong></span> <span class='ocrx_word' id='word_1_208' title='bbox 2561 1201 2889 1271; x_wconf 86' lang='lat' dir='ltr'><strong>opprimunt,</strong></span> <span class='ocrx_word' id='word_1_209' title='bbox 2935 1196 3215 1250; x_wconf 87' lang='lat' dir='ltr'><strong>immodica</strong></span> <span class='ocrx_word' id='word_1_210' title='bbox 3262 1195 3441 1249; x_wconf 71' lang='lat' dir='ltr'><strong>lzetitia</strong></span> <span class='ocrx_word' id='word_1_211' title='bbox 3492 1196 3570 1249; x_wconf 92' lang='lat' dir='ltr'><strong>ef-</strong></span> 
     </span>
    </p>
   </div>
   <div class='ocr_carea' id='block_1_29' title="bbox 2004 1284 3569 1366">
    <p class='ocr_par' dir='ltr' id='par_1_29' title="bbox 2004 1284 3569 1366">
     <span class='ocr_line' id='line_1_29' title="bbox 2004 1284 3569 1366; baseline -0.008 -13"><span class='ocrx_word' id='word_1_212' title='bbox 2004 1298 2172 1353; x_wconf 80' lang='lat' dir='ltr'><strong>ferri?</strong></span> <span class='ocrx_word' id='word_1_213' title='bbox 2224 1296 2360 1350; x_wconf 87' lang='lat' dir='ltr'><strong>Tum</strong></span> <span class='ocrx_word' id='word_1_214' title='bbox 2410 1293 2573 1366; x_wconf 88' lang='lat' dir='ltr'><strong>etiam</strong></span> <span class='ocrx_word' id='word_1_215' title='bbox 2625 1291 2691 1345; x_wconf 90' lang='lat' dir='ltr'><strong>ad</strong></span> <span class='ocrx_word' id='word_1_216' title='bbox 2728 1289 2962 1358; x_wconf 78' lang='lat' dir='ltr'><strong>angelos,</strong></span> <span class='ocrx_word' id='word_1_217' title='bbox 3000 1287 3196 1356; x_wconf 87' lang='lat' dir='ltr'><strong>quibus</strong></span> <span class='ocrx_word' id='word_1_218' title='bbox 3236 1284 3392 1352; x_wconf 86' lang='lat' dir='ltr'><strong>hujus</strong></span> <span class='ocrx_word' id='word_1_219' title='bbox 3422 1285 3569 1341; x_wconf 87' lang='lat' dir='ltr'><strong>urbis</strong></span> 
     </span>
    </p>
   </div>
   <div class='ocr_carea' id='block_1_30' title="bbox 2004 1375 3568 1448">
    <p class='ocr_par' dir='ltr' id='par_1_30' title="bbox 2004 1375 3568 1448">
     <span class='ocr_line' id='line_1_30' title="bbox 2004 1375 3568 1448; baseline -0.009 -6"><span class='ocrx_word' id='word_1_220' title='bbox 2004 1403 2133 1443; x_wconf 93' lang='lat' dir='ltr'><strong>cura</strong></span> <span class='ocrx_word' id='word_1_221' title='bbox 2182 1384 2472 1441; x_wconf 89' lang='lat' dir='ltr'><strong>commissa</strong></span> <span class='ocrx_word' id='word_1_222' title='bbox 2524 1390 2626 1448; x_wconf 90' lang='lat' dir='ltr'><strong>est,</strong></span> <span class='ocrx_word' id='word_1_223' title='bbox 2677 1381 2761 1434; x_wconf 88' lang='lat' dir='ltr'><strong>his</strong></span> <span class='ocrx_word' id='word_1_224' title='bbox 2797 1377 2975 1432; x_wconf 88' lang='lat' dir='ltr'><strong>verbis</strong></span> <span class='ocrx_word' id='word_1_225' title='bbox 3006 1385 3241 1431; x_wconf 87' lang='lat' dir='ltr'><strong>utentem</strong></span> <span class='ocrx_word' id='word_1_226' title='bbox 3276 1375 3398 1446; x_wconf 91' lang='lat' dir='ltr'><strong>(nec</strong></span> <span class='ocrx_word' id='word_1_227' title='bbox 3425 1376 3568 1430; x_wconf 91' lang='lat' dir='ltr'><strong>enim</strong></span> 
     </span>
    </p>
   </div>
   <div class='ocr_carea' id='block_1_31' title="bbox 2004 1466 3560 1542">
    <p class='ocr_par' dir='ltr' id='par_1_31' title="bbox 2004 1466 3560 1542">
     <span class='ocr_line' id='line_1_31' title="bbox 2004 1466 3560 1542; baseline -0.008 -9"><span class='ocrx_word' id='word_1_228' title='bbox 2004 1478 2133 1533; x_wconf 91' lang='lat' dir='ltr'><strong>mihi</strong></span> <span class='ocrx_word' id='word_1_229' title='bbox 2179 1475 2398 1530; x_wconf 90' lang='lat' dir='ltr'><strong>dubium</strong></span> <span class='ocrx_word' id='word_1_230' title='bbox 2443 1483 2544 1537; x_wconf 90' lang='lat' dir='ltr'><strong>est,</strong></span> <span class='ocrx_word' id='word_1_231' title='bbox 2594 1473 2720 1542; x_wconf 92' lang='lat' dir='ltr'><strong>quin</strong></span> <span class='ocrx_word' id='word_1_232' title='bbox 2776 1468 2866 1523; x_wconf 88' lang='lat' dir='ltr'><strong>alii</strong></span> <span class='ocrx_word' id='word_1_233' title='bbox 2924 1468 3149 1522; x_wconf 87' lang='lat' dir='ltr'><strong>aliarum</strong></span> <span class='ocrx_word' id='word_1_234' title='bbox 3197 1466 3560 1521; x_wconf 85' lang='lat' dir='ltr'><strong>Ecclesiarum</strong></span> 
     </span>
    </p>
   </div>
   <div class='ocr_carea' id='block_1_32' title="bbox 2008 1557 3568 1637">
    <p class='ocr_par' dir='ltr' id='par_1_32' title="bbox 2008 1557 3568 1637">
     <span class='ocr_line' id='line_1_32' title="bbox 2008 1557 3568 1637; baseline -0.008 -16"><span class='ocrx_word' id='word_1_235' title='bbox 2008 1566 2265 1637; x_wconf 67' lang='lat' dir='ltr'><strong>praesides</strong></span> <span class='ocrx_word' id='word_1_236' title='bbox 2311 1580 2374 1619; x_wconf 89' lang='lat' dir='ltr'><strong>ac</strong></span> <span class='ocrx_word' id='word_1_237' title='bbox 2410 1564 2623 1633; x_wconf 87' lang='lat' dir='ltr'><strong>patroni</strong></span> <span class='ocrx_word' id='word_1_238' title='bbox 2669 1563 2796 1626; x_wconf 89' lang='lat' dir='ltr'><strong>siut,</strong></span> <span class='ocrx_word' id='word_1_239' title='bbox 2846 1557 3294 1629; x_wconf 88' lang='lat' dir='ltr'><strong>quemadmodum</strong></span> <span class='ocrx_word' id='word_1_240' title='bbox 3334 1557 3388 1609; x_wconf 91' lang='lat' dir='ltr'><strong>in</strong></span> <span class='ocrx_word' id='word_1_241' title='bbox 3424 1557 3568 1624; x_wconf 88' lang='lat' dir='ltr'><strong>Apo-</strong></span> 
     </span>
    </p>
   </div>
   <div class='ocr_carea' id='block_1_33' title="bbox 2002 1644 3566 1726">
    <p class='ocr_par' dir='ltr' id='par_1_33' title="bbox 2002 1644 3566 1726">
     <span class='ocr_line' id='line_1_33' title="bbox 2002 1644 3566 1726; baseline -0.01 -14"><span class='ocrx_word' id='word_1_242' title='bbox 2002 1656 2203 1726; x_wconf 85' lang='lat' dir='ltr'><strong>calypsi</strong></span> <span class='ocrx_word' id='word_1_243' title='bbox 2231 1653 2466 1709; x_wconf 82' lang='lat' dir='ltr'><strong>Joannes</strong></span> <span class='ocrx_word' id='word_1_244' title='bbox 2504 1666 2589 1707; x_wconf 88' lang='lat' dir='ltr'><strong>me</strong></span> <span class='ocrx_word' id='word_1_245' title='bbox 2621 1649 2855 1717; x_wconf 80' lang='lat' dir='ltr'><strong>docet&quot;)</strong></span> <span class='ocrx_word' id='word_1_246' title='bbox 2886 1667 2899 1703; x_wconf 91' lang='lat'>:</span> <span class='ocrx_word' id='word_1_247' title='bbox 2944 1646 3179 1703; x_wconf 79' lang='lat' dir='ltr'><strong>Sternite</strong></span> <span class='ocrx_word' id='word_1_248' title='bbox 3202 1645 3339 1699; x_wconf 79' lang='lat' dir='ltr'><strong>uiam</strong></span> <span class='ocrx_word' id='word_1_249' title='bbox 3370 1644 3566 1717; x_wconf 82' lang='lat' dir='ltr'><strong>populo</strong></span> 
     </span>
    </p>
   </div>
   <div class='ocr_carea' id='block_1_34' title="bbox 2003 1735 3566 1815">
    <p class='ocr_par' dir='ltr' id='par_1_34' title="bbox 2003 1735 3566 1815">
     <span class='ocr_line' id='line_1_34' title="bbox 2003 1735 3566 1815; baseline -0.008 -13"><span class='ocrx_word' id='word_1_250' title='bbox 2003 1764 2135 1813; x_wconf 87' lang='lat' dir='ltr'><strong>meo,</strong></span> <span class='ocrx_word' id='word_1_251' title='bbox 2187 1745 2479 1815; x_wconf 76' lang='lat' dir='ltr'><strong>lapidesque</strong></span> <span class='ocrx_word' id='word_1_252' title='bbox 2505 1759 2531 1797; x_wconf 73' lang='grc' dir='ltr'><strong>ε</strong></span> <span class='ocrx_word' id='word_1_253' title='bbox 2562 1744 2646 1796; x_wconf 84' lang='lat' dir='ltr'><strong>via</strong></span> <span class='ocrx_word' id='word_1_254' title='bbox 2680 1741 2923 1810; x_wconf 78' lang='lat' dir='ltr'><strong>projicite</strong></span> <span class='ocrx_word' id='word_1_255' title='bbox 2949 1739 3018 1804; x_wconf 82' lang='grc'><strong>⁸⁸,</strong></span> <span class='ocrx_word' id='word_1_256' title='bbox 3069 1753 3136 1793; x_wconf 90' lang='lat' dir='ltr'><strong>ne</strong></span> <span class='ocrx_word' id='word_1_257' title='bbox 3169 1739 3309 1807; x_wconf 88' lang='lat' dir='ltr'><strong>quod</strong></span> <span class='ocrx_word' id='word_1_258' title='bbox 3335 1735 3566 1791; x_wconf 75' lang='lat' dir='ltr'><strong>olfendi-</strong></span> 
     </span>
    </p>
   </div>
   <div class='ocr_carea' id='block_1_35' title="bbox 2003 1827 3567 1903">
    <p class='ocr_par' dir='ltr' id='par_1_35' title="bbox 2003 1827 3567 1903">
     <span class='ocr_line' id='line_1_35' title="bbox 2003 1827 3567 1903; baseline -0.008 -11"><span class='ocrx_word' id='word_1_259' title='bbox 2003 1838 2180 1892; x_wconf 91' lang='lat' dir='ltr'><strong>culum</strong></span> <span class='ocrx_word' id='word_1_260' title='bbox 2232 1844 2326 1889; x_wconf 89' lang='lat' dir='ltr'><strong>aut</strong></span> <span class='ocrx_word' id='word_1_261' title='bbox 2384 1834 2821 1903; x_wconf 88' lang='lat' dir='ltr'><strong>impedimentum</strong></span> <span class='ocrx_word' id='word_1_262' title='bbox 2875 1829 3101 1884; x_wconf 79' lang='lat' dir='ltr'><strong>exsistat</strong></span> <span class='ocrx_word' id='word_1_263' title='bbox 3150 1828 3289 1895; x_wconf 93' lang='lat' dir='ltr'><strong>quod</strong></span> <span class='ocrx_word' id='word_1_264' title='bbox 3330 1827 3567 1881; x_wconf 86' lang='lat' dir='ltr'><strong>divinum</strong></span> 
     </span>
    </p>
   </div>
   <div class='ocr_carea' id='block_1_36' title="bbox 328 1916 1897 1999">
    <p class='ocr_par' dir='ltr' id='par_1_36' title="bbox 328 1916 1897 1990">
     <span class='ocr_line' id='line_1_36' title="bbox 328 1916 1897 1990; baseline 0.004 -21"><span class='ocrx_word' id='word_1_265' title='bbox 328 1918 509 1970; x_wconf 73' lang='grc' dir='ltr'>ἐκεῖσε</span> <span class='ocrx_word' id='word_1_266' title='bbox 531 1918 698 1987; x_wconf 75' lang='grc' dir='ltr'>Ἅγια</span> <span class='ocrx_word' id='word_1_267' title='bbox 734 1919 844 1973; x_wconf 83' lang='grc' dir='ltr'>τῶν</span> <span class='ocrx_word' id='word_1_268' title='bbox 884 1920 1055 1988; x_wconf 83' lang='grc' dir='ltr'>ἁγίων</span> <span class='ocrx_word' id='word_1_269' title='bbox 1080 1959 1096 1984; x_wconf 96' lang='grc'>,</span> <span class='ocrx_word' id='word_1_270' title='bbox 1123 1919 1160 1974; x_wconf 78' lang='grc' dir='ltr'>ἃ</span> <span class='ocrx_word' id='word_1_271' title='bbox 1190 1921 1338 1985; x_wconf 82' lang='grc' dir='ltr'>τέλος</span> <span class='ocrx_word' id='word_1_272' title='bbox 1387 1918 1503 1975; x_wconf 80' lang='grc' dir='ltr'>οἶδα</span> <span class='ocrx_word' id='word_1_273' title='bbox 1540 1916 1638 1990; x_wconf 84' lang='grc' dir='ltr'><strong>τῆς</strong></span> <span class='ocrx_word' id='word_1_274' title='bbox 1670 1922 1897 1975; x_wconf 75' lang='grc' dir='ltr'>ἐνταῦθα</span> 
     </span>
    </p>
   </div>
   <div class='ocr_carea' id='block_1_37' title="bbox 2009 1916 3572 1999">
    <p class='ocr_par' dir='ltr' id='par_1_37' title="bbox 2009 1922 3572 1999">
     <span class='ocr_line' id='line_1_37' title="bbox 2009 1922 3572 1999; baseline -0.006 -16"><span class='ocrx_word' id='word_1_275' title='bbox 2009 1928 2189 1999; x_wconf 88' lang='lat' dir='ltr'><strong>populi</strong></span> <span class='ocrx_word' id='word_1_276' title='bbox 2232 1927 2339 1982; x_wconf 92' lang='lat' dir='ltr'><strong>mei</strong></span> <span class='ocrx_word' id='word_1_277' title='bbox 2393 1926 2495 1980; x_wconf 90' lang='lat' dir='ltr'><strong>iter</strong></span> <span class='ocrx_word' id='word_1_278' title='bbox 2527 1935 2687 1992; x_wconf 88' lang='lat' dir='ltr'><strong>atque</strong></span> <span class='ocrx_word' id='word_1_279' title='bbox 2721 1922 3021 1990; x_wconf 90' lang='lat' dir='ltr'><strong>ingressum</strong></span> <span class='ocrx_word' id='word_1_280' title='bbox 3054 1927 3356 1974; x_wconf 86' lang='lat' dir='ltr'><strong>remoretur</strong></span> <span class='ocrx_word' id='word_1_281' title='bbox 3377 1957 3393 1982; x_wconf 90' lang='lat'><strong>,</strong></span> <span class='ocrx_word' id='word_1_282' title='bbox 3429 1934 3572 1973; x_wconf 81' lang='lat' dir='ltr'><strong>nunc</strong></span> 
     </span>
    </p>
   </div>
   <div class='ocr_carea' id='block_1_38' title="bbox 328 2008 1899 2075">
    <p class='ocr_par' dir='ltr' id='par_1_38' title="bbox 328 2008 1899 2075">
     <span class='ocr_line' id='line_1_38' title="bbox 328 2008 1899 2075; baseline 0.004 -15"><span class='ocrx_word' id='word_1_283' title='bbox 328 2008 701 2072; x_wconf 79' lang='grc' dir='ltr'>κακοπαθείας</span> <span class='ocrx_word' id='word_1_284' title='bbox 748 2011 846 2063; x_wconf 78' lang='grc' dir='ltr'>καὶ</span> <span class='ocrx_word' id='word_1_285' title='bbox 891 2011 1167 2075; x_wconf 83' lang='grc' dir='ltr'>συντονίας</span> <span class='ocrx_word' id='word_1_286' title='bbox 1215 2014 1329 2075; x_wconf 87' lang='grc' dir='ltr'>τοῖς</span> <span class='ocrx_word' id='word_1_287' title='bbox 1378 2011 1560 2075; x_wconf 85' lang='grc' dir='ltr'>καλῶς</span> <span class='ocrx_word' id='word_1_288' title='bbox 1609 2012 1899 2067; x_wconf 85' lang='grc' dir='ltr'>ὁδεύουσιν.</span> 
     </span>
    </p>
   </div>
   <div class='ocr_carea' id='block_1_39' title="bbox 340 2092 1904 2172">
    <p class='ocr_par' dir='ltr' id='par_1_39' title="bbox 340 2092 1904 2172">
     <span class='ocr_line' id='line_1_39' title="bbox 340 2092 1904 2172; baseline 0.004 -23"><span class='ocrx_word' id='word_1_289' title='bbox 340 2097 431 2150; x_wconf 85' lang='grc' dir='ltr'>Ἐν</span> <span class='ocrx_word' id='word_1_290' title='bbox 461 2092 544 2161; x_wconf 76' lang='grc' dir='ltr'>οἷς</span> <span class='ocrx_word' id='word_1_291' title='bbox 577 2100 702 2152; x_wconf 77' lang='grc' dir='ltr'>ἐστε</span> <span class='ocrx_word' id='word_1_292' title='bbox 725 2100 819 2153; x_wconf 76' lang='grc' dir='ltr'><strong>καὶ</strong></span> <span class='ocrx_word' id='word_1_293' title='bbox 848 2100 1024 2171; x_wconf 81' lang='grc' dir='ltr'>ὑμεῖς,</span> <span class='ocrx_word' id='word_1_294' title='bbox 1071 2100 1259 2171; x_wconf 75' lang='grc' dir='ltr'>κλητοὶ</span> <span class='ocrx_word' id='word_1_295' title='bbox 1311 2100 1477 2169; x_wconf 81' lang='grc' dir='ltr'>ἆγιοι,</span> <span class='ocrx_word' id='word_1_296' title='bbox 1530 2102 1656 2165; x_wconf 80' lang='grc' dir='ltr'>λαὸς</span> <span class='ocrx_word' id='word_1_297' title='bbox 1686 2102 1904 2172; x_wconf 88' lang='grc' dir='ltr'>περιού-</span> 
     </span>
    </p>
   </div>
   <div class='ocr_carea' id='block_1_40' title="bbox 330 2188 1903 2263">
    <p class='ocr_par' dir='ltr' id='par_1_40' title="bbox 330 2188 1903 2263">
     <span class='ocr_line' id='line_1_40' title="bbox 330 2188 1903 2263; baseline 0.005 -24"><span class='ocrx_word' id='word_1_298' title='bbox 330 2204 465 2251; x_wconf 91' lang='grc' dir='ltr'>σιος,</span> <span class='ocrx_word' id='word_1_299' title='bbox 498 2188 768 2258; x_wconf 86' lang='grc' dir='ltr'>βασίλειον</span> <span class='ocrx_word' id='word_1_300' title='bbox 811 2190 1128 2261; x_wconf 81' lang='grc' dir='ltr'>ἱεράτευμα,</span> <span class='ocrx_word' id='word_1_301' title='bbox 1158 2192 1443 2262; x_wconf 83' lang='grc' dir='ltr'>σχοίνισμα</span> <span class='ocrx_word' id='word_1_302' title='bbox 1477 2191 1585 2263; x_wconf 88' lang='lat'><strong>(88)</strong></span> <span class='ocrx_word' id='word_1_303' title='bbox 1613 2193 1818 2263; x_wconf 82' lang='grc' dir='ltr'>Κυρίου</span> <span class='ocrx_word' id='word_1_304' title='bbox 1842 2195 1903 2247; x_wconf 82' lang='grc' dir='ltr'>τὸ</span> 
     </span>
    </p>
   </div>
   <div class='ocr_carea' id='block_1_41' title="bbox 329 2278 1902 2356">
    <p class='ocr_par' dir='ltr' id='par_1_41' title="bbox 329 2278 1902 2356">
     <span class='ocr_line' id='line_1_41' title="bbox 329 2278 1902 2356; baseline 0.004 -25"><span class='ocrx_word' id='word_1_305' title='bbox 329 2278 642 2349; x_wconf 88' lang='grc' dir='ltr'>κράτιστον,</span> <span class='ocrx_word' id='word_1_306' title='bbox 664 2279 772 2334; x_wconf 81' lang='grc' dir='ltr'><strong>ἀπὸ</strong></span> <span class='ocrx_word' id='word_1_307' title='bbox 806 2281 1061 2350; x_wconf 85' lang='grc' dir='ltr'>σταγόνος</span> <span class='ocrx_word' id='word_1_308' title='bbox 1092 2283 1333 2353; x_wconf 82' lang='grc' dir='ltr'>ποταμὸς</span> <span class='ocrx_word' id='word_1_309' title='bbox 1356 2283 1494 2347; x_wconf 86' lang='grc' dir='ltr'>ὅλος,</span> <span class='ocrx_word' id='word_1_310' title='bbox 1531 2283 1639 2336; x_wconf 86' lang='grc' dir='ltr'><strong>ἀπὸ</strong></span> <span class='ocrx_word' id='word_1_311' title='bbox 1678 2284 1902 2356; x_wconf 86' lang='grc' dir='ltr'>σπινθῆ-</span> 
     </span>
    </p>
   </div>
   <div class='ocr_carea' id='block_1_42' title="bbox 331 2369 1898 2446">
    <p class='ocr_par' dir='ltr' id='par_1_42' title="bbox 331 2369 1898 2446">
     <span class='ocr_line' id='line_1_42' title="bbox 331 2369 1898 2446; baseline 0.006 -24"><span class='ocrx_word' id='word_1_312' title='bbox 331 2385 424 2438; x_wconf 89' lang='grc' dir='ltr'><strong>ρος</strong></span> <span class='ocrx_word' id='word_1_313' title='bbox 451 2369 677 2441; x_wconf 84' lang='grc' dir='ltr'>λαμπὰς</span> <span class='ocrx_word' id='word_1_314' title='bbox 710 2370 959 2442; x_wconf 87' lang='grc' dir='ltr'>οὐράνιος</span> <span class='ocrx_word' id='word_1_315' title='bbox 1005 2372 1139 2444; x_wconf 90' lang='grc'><strong>(89),</strong></span> <span class='ocrx_word' id='word_1_316' title='bbox 1175 2373 1284 2426; x_wconf 86' lang='grc' dir='ltr'><strong>ἀπὸ</strong></span> <span class='ocrx_word' id='word_1_317' title='bbox 1323 2373 1523 2427; x_wconf 84' lang='grc' dir='ltr'>κόκκου</span> <span class='ocrx_word' id='word_1_318' title='bbox 1554 2373 1756 2438; x_wconf 88' lang='grc' dir='ltr'>νάπυος</span> <span class='ocrx_word' id='word_1_319' title='bbox 1787 2375 1898 2446; x_wconf 82' lang='grc'>(90)</span> 
     </span>
    </p>
   </div>
   <div class='ocr_carea' id='block_1_43' title="bbox 326 2461 1154 2535">
    <p class='ocr_par' dir='ltr' id='par_1_43' title="bbox 326 2461 1154 2535">
     <span class='ocr_line' id='line_1_43' title="bbox 326 2461 1154 2535; baseline 0.01 -22"><span class='ocrx_word' id='word_1_320' title='bbox 326 2461 563 2534; x_wconf 83' lang='grc' dir='ltr'>δένδρον,</span> <span class='ocrx_word' id='word_1_321' title='bbox 593 2463 810 2533; x_wconf 83' lang='grc' dir='ltr'>πτηνῶν</span> <span class='ocrx_word' id='word_1_322' title='bbox 834 2464 1049 2519; x_wconf 82' lang='grc' dir='ltr'>άνάπαυ</span> <span class='ocrx_word' id='word_1_323' title='bbox 1058 2482 1154 2535; x_wconf 88' lang='grc' dir='ltr'>μα.</span> 
     </span>
    </p>
   </div>
   <div class='ocr_carea' id='block_1_44' title="bbox 2009 2011 3570 2090">
    <p class='ocr_par' dir='ltr' id='par_1_44' title="bbox 2009 2011 3570 2090">
     <span class='ocr_line' id='line_1_44' title="bbox 2009 2011 3570 2090; baseline -0.006 -17"><span class='ocrx_word' id='word_1_324' title='bbox 2009 2020 2224 2090; x_wconf 89' lang='lat' dir='ltr'><strong>quidem</strong></span> <span class='ocrx_word' id='word_1_325' title='bbox 2279 2018 2345 2073; x_wconf 92' lang='lat' dir='ltr'><strong>ad</strong></span> <span class='ocrx_word' id='word_1_326' title='bbox 2397 2014 2703 2072; x_wconf 88' lang='lat' dir='ltr'><strong>manufacla</strong></span> <span class='ocrx_word' id='word_1_327' title='bbox 2744 2011 2959 2081; x_wconf 89' lang='lat' dir='ltr'><strong>templa,</strong></span> <span class='ocrx_word' id='word_1_328' title='bbox 3014 2012 3173 2080; x_wconf 89' lang='lat' dir='ltr'><strong>paulo</strong></span> <span class='ocrx_word' id='word_1_329' title='bbox 3220 2018 3341 2080; x_wconf 89' lang='lat' dir='ltr'><strong>post</strong></span> <span class='ocrx_word' id='word_1_330' title='bbox 3392 2019 3570 2064; x_wconf 90' lang='lat' dir='ltr'><strong>autem</strong></span> 
     </span>
    </p>
   </div>
   <div class='ocr_carea' id='block_1_45' title="bbox 2007 2107 3570 2179">
    <p class='ocr_par' dir='ltr' id='par_1_45' title="bbox 2007 2107 3570 2179">
     <span class='ocr_line' id='line_1_45' title="bbox 2007 2107 3570 2179; baseline -0.001 -15"><span class='ocrx_word' id='word_1_331' title='bbox 2007 2111 2074 2164; x_wconf 90' lang='lat' dir='ltr'><strong>ad</strong></span> <span class='ocrx_word' id='word_1_332' title='bbox 2107 2123 2398 2179; x_wconf 85' lang='lat' dir='ltr'><strong>supernam</strong></span> <span class='ocrx_word' id='word_1_333' title='bbox 2439 2108 2762 2175; x_wconf 80' lang='lat' dir='ltr'><strong>Jerusalem,</strong></span> <span class='ocrx_word' id='word_1_334' title='bbox 2805 2118 2969 2179; x_wconf 89' lang='lat' dir='ltr'><strong>atque</strong></span> <span class='ocrx_word' id='word_1_335' title='bbox 2994 2109 3084 2163; x_wconf 92' lang='lat' dir='ltr'><strong>illa</strong></span> <span class='ocrx_word' id='word_1_336' title='bbox 3119 2107 3318 2162; x_wconf 90' lang='lat' dir='ltr'><strong>Sancta</strong></span> <span class='ocrx_word' id='word_1_337' title='bbox 3358 2117 3570 2163; x_wconf 81' lang='lat' dir='ltr'><strong>sancto-</strong></span> 
     </span>
    </p>
   </div>
   <div class='ocr_carea' id='block_1_46' title="bbox 2003 2201 3571 2270">
    <p class='ocr_par' dir='ltr' id='par_1_46' title="bbox 2003 2201 3571 2270">
     <span class='ocr_line' id='line_1_46' title="bbox 2003 2201 3571 2270; baseline 0.001 -17"><span class='ocrx_word' id='word_1_338' title='bbox 2003 2214 2147 2265; x_wconf 90' lang='lat' dir='ltr'><strong>rum,</strong></span> <span class='ocrx_word' id='word_1_339' title='bbox 2199 2216 2316 2270; x_wconf 62' lang='lat' dir='ltr'><strong>qua!</strong></span> <span class='ocrx_word' id='word_1_340' title='bbox 2354 2208 2713 2257; x_wconf 69' lang='lat' dir='ltr'><strong>aerumnarum</strong></span> <span class='ocrx_word' id='word_1_341' title='bbox 2751 2202 2912 2270; x_wconf 88' lang='lat' dir='ltr'><strong>hujus</strong></span> <span class='ocrx_word' id='word_1_342' title='bbox 2950 2202 3074 2255; x_wconf 69' lang='lat' dir='ltr'><strong>vita:</strong></span> <span class='ocrx_word' id='word_1_343' title='bbox 3107 2201 3571 2270; x_wconf 90' lang='lat' dir='ltr'><strong>contentionisque</strong></span> 
     </span>
    </p>
   </div>
   <div class='ocr_carea' id='block_1_47' title="bbox 2001 2291 3564 2361">
    <p class='ocr_par' dir='ltr' id='par_1_47' title="bbox 2001 2291 3564 2361">
     <span class='ocr_line' id='line_1_47' title="bbox 2001 2291 3564 2361; baseline 0.001 -16"><span class='ocrx_word' id='word_1_344' title='bbox 2001 2293 2166 2346; x_wconf 88' lang='lat' dir='ltr'><strong>animi</strong></span> <span class='ocrx_word' id='word_1_345' title='bbox 2204 2292 2364 2348; x_wconf 85' lang='lat' dir='ltr'><strong>ﬁnem</strong></span> <span class='ocrx_word' id='word_1_346' title='bbox 2398 2307 2518 2348; x_wconf 89' lang='lat' dir='ltr'><strong>esse</strong></span> <span class='ocrx_word' id='word_1_347' title='bbox 2554 2293 2687 2358; x_wconf 88' lang='lat' dir='ltr'><strong>scio,</strong></span> <span class='ocrx_word' id='word_1_348' title='bbox 2736 2294 2825 2357; x_wconf 88' lang='lat' dir='ltr'><strong>iis,</strong></span> <span class='ocrx_word' id='word_1_349' title='bbox 2857 2293 2947 2361; x_wconf 87' lang='lat' dir='ltr'><strong>qui</strong></span> <span class='ocrx_word' id='word_1_350' title='bbox 2987 2301 3192 2347; x_wconf 84' lang='lat' dir='ltr'><strong>rectum</strong></span> <span class='ocrx_word' id='word_1_351' title='bbox 3232 2291 3334 2346; x_wconf 86' lang='lat' dir='ltr'><strong>iter</strong></span> <span class='ocrx_word' id='word_1_352' title='bbox 3362 2300 3564 2347; x_wconf 86' lang='lat' dir='ltr'><strong>tenent.</strong></span> 
     </span>
    </p>
   </div>
   <div class='ocr_carea' id='block_1_48' title="bbox 1998 2379 3566 2452">
    <p class='ocr_par' dir='ltr' id='par_1_48' title="bbox 1998 2379 3566 2452">
     <span class='ocr_line' id='line_1_48' title="bbox 1998 2379 3566 2452; baseline 0.001 -18"><span class='ocrx_word' id='word_1_353' title='bbox 1998 2379 2114 2445; x_wconf 82' lang='lat' dir='ltr'><strong>Quo</strong></span> <span class='ocrx_word' id='word_1_354' title='bbox 2143 2381 2194 2434; x_wconf 91' lang='lat' dir='ltr'><strong>in</strong></span> <span class='ocrx_word' id='word_1_355' title='bbox 2226 2396 2447 2437; x_wconf 91' lang='lat' dir='ltr'><strong>numero</strong></span> <span class='ocrx_word' id='word_1_356' title='bbox 2481 2397 2577 2437; x_wconf 93' lang='lat' dir='ltr'><strong>vos</strong></span> <span class='ocrx_word' id='word_1_357' title='bbox 2612 2396 2823 2452; x_wconf 86' lang='lat' dir='ltr'><strong>quoque</strong></span> <span class='ocrx_word' id='word_1_358' title='bbox 2870 2381 3022 2446; x_wconf 90' lang='lat' dir='ltr'><strong>estis,</strong></span> <span class='ocrx_word' id='word_1_359' title='bbox 3059 2380 3233 2434; x_wconf 89' lang='lat' dir='ltr'><strong>vocati</strong></span> <span class='ocrx_word' id='word_1_360' title='bbox 3313 2383 3485 2435; x_wconf 79' lang='lat' dir='ltr'><strong>sancti</strong></span> <span class='ocrx_word' id='word_1_361' title='bbox 3500 2381 3566 2448; x_wconf 64' lang='lat'><strong>‘9,</strong></span> 
     </span>
    </p>
   </div>
   <div class='ocr_carea' id='block_1_49' title="bbox 1994 2470 3569 2543">
    <p class='ocr_par' dir='ltr' id='par_1_49' title="bbox 1994 2470 3569 2543">
     <span class='ocr_line' id='line_1_49' title="bbox 1994 2470 3569 2543; baseline 0 -19"><span class='ocrx_word' id='word_1_362' title='bbox 1994 2471 2222 2541; x_wconf 89' lang='lat' dir='ltr'><strong>populus</strong></span> <span class='ocrx_word' id='word_1_363' title='bbox 2245 2472 2497 2538; x_wconf 89' lang='lat' dir='ltr'><strong>eximius,</strong></span> <span class='ocrx_word' id='word_1_364' title='bbox 2518 2473 2696 2543; x_wconf 79' lang='lat' dir='ltr'><strong>regale</strong></span> <span class='ocrx_word' id='word_1_365' title='bbox 2713 2471 3141 2538; x_wconf 77' lang='lat' dir='ltr'><strong>sacerdotium&quot;,</strong></span> <span class='ocrx_word' id='word_1_366' title='bbox 3164 2470 3433 2526; x_wconf 82' lang='lat' dir='ltr'><strong>funiculus</strong></span> <span class='ocrx_word' id='word_1_367' title='bbox 3471 2471 3569 2525; x_wconf 67' lang='lat' dir='ltr'><strong>Do«</strong></span> 
     </span>
    </p>
   </div>
   <div class='ocr_carea' id='block_1_50' title="bbox 328 2553 1897 2631">
    <p class='ocr_par' dir='ltr' id='par_1_50' title="bbox 328 2553 1897 2628">
     <span class='ocr_line' id='line_1_50' title="bbox 328 2553 1897 2628; baseline 0.005 -23"><span class='ocrx_word' id='word_1_368' title='bbox 328 2553 459 2607; x_wconf 87' lang='lat' dir='ltr'><strong>mini</strong></span> <span class='ocrx_word' id='word_1_369' title='bbox 512 2554 857 2620; x_wconf 89' lang='lat' dir='ltr'><strong>fortissimus,</strong></span> <span class='ocrx_word' id='word_1_370' title='bbox 903 2570 933 2610; x_wconf 87' lang='lat' dir='ltr'><strong>a</strong></span> <span class='ocrx_word' id='word_1_371' title='bbox 965 2566 1112 2625; x_wconf 89' lang='lat' dir='ltr'><strong>gutta</strong></span> <span class='ocrx_word' id='word_1_372' title='bbox 1156 2556 1347 2612; x_wconf 80' lang='lat' dir='ltr'><strong>fluvius</strong></span> <span class='ocrx_word' id='word_1_373' title='bbox 1394 2556 1626 2628; x_wconf 85' lang='lat' dir='ltr'><strong>integer,</strong></span> <span class='ocrx_word' id='word_1_374' title='bbox 1668 2575 1698 2614; x_wconf 91' lang='lat' dir='ltr'><strong>a</strong></span> <span class='ocrx_word' id='word_1_375' title='bbox 1732 2559 1897 2615; x_wconf 73' lang='lat' dir='ltr'><strong>scintil</strong></span> 
     </span>
    </p>
   </div>
   <div class='ocr_carea' id='block_1_51' title="bbox 2009 2553 3570 2631">
    <p class='ocr_par' dir='ltr' id='par_1_51' title="bbox 2009 2562 3570 2631">
     <span class='ocr_line' id='line_1_51' title="bbox 2009 2562 3570 2631; baseline 0.001 -16"><span class='ocrx_word' id='word_1_376' title='bbox 2009 2563 2208 2618; x_wconf 75' lang='lat' dir='ltr'><strong>ﬂamma</strong></span> <span class='ocrx_word' id='word_1_377' title='bbox 2248 2564 2515 2631; x_wconf 87' lang='lat' dir='ltr'><strong>sublimis,</strong></span> <span class='ocrx_word' id='word_1_378' title='bbox 2554 2574 2608 2618; x_wconf 89' lang='lat' dir='ltr'><strong>et</strong></span> <span class='ocrx_word' id='word_1_379' title='bbox 2670 2565 2723 2619; x_wconf 91' lang='lat' dir='ltr'><strong>iu</strong></span> <span class='ocrx_word' id='word_1_380' title='bbox 2783 2562 2980 2619; x_wconf 66' lang='lat' dir='ltr'><strong>caelum</strong></span> <span class='ocrx_word' id='word_1_381' title='bbox 3042 2562 3295 2627; x_wconf 85' lang='lat' dir='ltr'><strong>tendens,</strong></span> <span class='ocrx_word' id='word_1_382' title='bbox 3345 2578 3374 2616; x_wconf 88' lang='lat' dir='ltr'><strong>a</strong></span> <span class='ocrx_word' id='word_1_383' title='bbox 3425 2564 3570 2618; x_wconf 87' lang='lat' dir='ltr'><strong>siua-</strong></span> 
     </span>
    </p>
   </div>
   <div class='ocr_carea' id='block_1_52' title="bbox 326 2644 1393 2717">
    <p class='ocr_par' dir='ltr' id='par_1_52' title="bbox 326 2644 1393 2717">
     <span class='ocr_line' id='line_1_52' title="bbox 326 2644 1393 2717; baseline 0.006 -19"><span class='ocrx_word' id='word_1_384' title='bbox 326 2644 415 2714; x_wconf 90' lang='lat' dir='ltr'><strong>pis</strong></span> <span class='ocrx_word' id='word_1_385' title='bbox 469 2660 640 2715; x_wconf 89' lang='lat' dir='ltr'><strong>grano</strong></span> <span class='ocrx_word' id='word_1_386' title='bbox 671 2648 830 2702; x_wconf 87' lang='lat' dir='ltr'><strong>arbor</strong></span> <span class='ocrx_word' id='word_1_387' title='bbox 853 2648 922 2713; x_wconf 74' lang='grc' dir='ltr'>τί,</span> <span class='ocrx_word' id='word_1_388' title='bbox 952 2650 1141 2701; x_wconf 61' lang='lat' dir='ltr'><strong>avium“</strong></span> <span class='ocrx_word' id='word_1_389' title='bbox 1166 2649 1393 2717; x_wconf 87' lang='lat' dir='ltr'><strong>requies.</strong></span> 
     </span>
    </p>
   </div>
   <div class='ocr_carea' id='block_1_53' title="bbox 393 2734 1906 2815">
    <p class='ocr_par' dir='ltr' id='par_1_53' title="bbox 393 2734 1906 2815">
     <span class='ocr_line' id='line_1_53' title="bbox 393 2734 1906 2815; baseline 0.005 -25"><span class='ocrx_word' id='word_1_390' title='bbox 393 2738 455 2790; x_wconf 72' lang='grc' dir='ltr'><strong>ι’.</strong></span> <span class='ocrx_word' id='word_1_391' title='bbox 490 2736 726 2801; x_wconf 87' lang='grc' dir='ltr'>Τούτους</span> <span class='ocrx_word' id='word_1_392' title='bbox 781 2737 1197 2812; x_wconf 83' lang='grc' dir='ltr'>δωροφοροῦμεν</span> <span class='ocrx_word' id='word_1_393' title='bbox 1254 2741 1402 2811; x_wconf 85' lang='grc' dir='ltr'>ὑμῖν,</span> <span class='ocrx_word' id='word_1_394' title='bbox 1437 2734 1483 2795; x_wconf 82' lang='grc' dir='ltr'><strong>ὧ</strong></span> <span class='ocrx_word' id='word_1_395' title='bbox 1526 2742 1669 2811; x_wconf 83' lang='grc' dir='ltr'>φίλοι</span> <span class='ocrx_word' id='word_1_396' title='bbox 1714 2744 1906 2815; x_wconf 86' lang='grc' dir='ltr'>ποιμέ-</span> 
     </span>
    </p>
   </div>
   <div class='ocr_carea' id='block_1_54' title="bbox 324 2827 1899 2905">
    <p class='ocr_par' dir='ltr' id='par_1_54' title="bbox 324 2827 1899 2905">
     <span class='ocr_line' id='line_1_54' title="bbox 324 2827 1899 2905; baseline 0.004 -24"><span class='ocrx_word' id='word_1_397' title='bbox 324 2843 416 2890; x_wconf 85' lang='grc' dir='ltr'><strong>νες</strong></span> <span class='ocrx_word' id='word_1_398' title='bbox 461 2827 598 2899; x_wconf 85' lang='grc'>(91),</span> <span class='ocrx_word' id='word_1_399' title='bbox 630 2827 853 2892; x_wconf 86' lang='grc' dir='ltr'>τούτους</span> <span class='ocrx_word' id='word_1_400' title='bbox 904 2829 1274 2900; x_wconf 86' lang='grc' dir='ltr'>προσάγομεν,</span> <span class='ocrx_word' id='word_1_401' title='bbox 1324 2830 1536 2896; x_wconf 88' lang='grc' dir='ltr'>τούτοις</span> <span class='ocrx_word' id='word_1_402' title='bbox 1579 2833 1899 2905; x_wconf 84' lang='grc' dir='ltr'>δεξιούμεθα</span> 
     </span>
    </p>
   </div>
   <div class='ocr_carea' id='block_1_55' title="bbox 324 2918 1895 2996">
    <p class='ocr_par' dir='ltr' id='par_1_55' title="bbox 324 2918 1895 2996">
     <span class='ocr_line' id='line_1_55' title="bbox 324 2918 1895 2996; baseline 0.006 -27"><span class='ocrx_word' id='word_1_403' title='bbox 324 2918 453 2981; x_wconf 82' lang='grc' dir='ltr'>τοὺς</span> <span class='ocrx_word' id='word_1_404' title='bbox 477 2918 780 2990; x_wconf 80' lang='grc' dir='ltr'>ἡμετέρους</span> <span class='ocrx_word' id='word_1_405' title='bbox 804 2918 1011 2988; x_wconf 79' lang='grc' dir='ltr'>φίλους,</span> <span class='ocrx_word' id='word_1_406' title='bbox 1040 2922 1134 2975; x_wconf 79' lang='grc' dir='ltr'>καὶ</span> <span class='ocrx_word' id='word_1_407' title='bbox 1166 2921 1367 2988; x_wconf 83' lang='grc' dir='ltr'>ξένους,</span> <span class='ocrx_word' id='word_1_408' title='bbox 1391 2924 1483 2976; x_wconf 76' lang='grc' dir='ltr'>καὶ</span> <span class='ocrx_word' id='word_1_409' title='bbox 1510 2924 1895 2996; x_wconf 86' lang='grc' dir='ltr'>συνεκδήμους.</span> 
     </span>
    </p>
   </div>
   <div class='ocr_carea' id='block_1_56' title="bbox 326 3006 1895 3087">
    <p class='ocr_par' dir='ltr' id='par_1_56' title="bbox 326 3006 1895 3087">
     <span class='ocr_line' id='line_1_56' title="bbox 326 3006 1895 3087; baseline 0.005 -28"><span class='ocrx_word' id='word_1_410' title='bbox 326 3006 548 3061; x_wconf 86' lang='grc' dir='ltr'>Τούτων</span> <span class='ocrx_word' id='word_1_411' title='bbox 596 3008 746 3062; x_wconf 78' lang='grc' dir='ltr'>οὐδὲν</span> <span class='ocrx_word' id='word_1_412' title='bbox 796 3009 1016 3063; x_wconf 87' lang='grc' dir='ltr'>κάλλιον</span> <span class='ocrx_word' id='word_1_413' title='bbox 1082 3017 1470 3081; x_wconf 79' lang='grc' dir='ltr'>προσενεγκεῖν</span> <span class='ocrx_word' id='word_1_414' title='bbox 1517 3015 1733 3085; x_wconf 72' lang='grc' dir='ltr'>εἴχομεν</span> <span class='ocrx_word' id='word_1_415' title='bbox 1782 3014 1895 3087; x_wconf 86' lang='lat'><strong>(92)</strong></span> 
     </span>
    </p>
   </div>
   <div class='ocr_carea' id='block_1_57' title="bbox 2084 2738 3571 2815">
    <p class='ocr_par' dir='ltr' id='par_1_57' title="bbox 2084 2738 3571 2815">
     <span class='ocr_line' id='line_1_57' title="bbox 2084 2738 3571 2815; baseline -0.003 -15"><span class='ocrx_word' id='word_1_416' title='bbox 2084 2745 2152 2801; x_wconf 79' lang='grc' dir='ltr'><strong>Χ.</strong></span> <span class='ocrx_word' id='word_1_417' title='bbox 2194 2745 2303 2801; x_wconf 80' lang='lat' dir='ltr'><strong>Hos</strong></span> <span class='ocrx_word' id='word_1_418' title='bbox 2329 2746 2482 2801; x_wconf 84' lang='lat' dir='ltr'><strong>vobis</strong></span> <span class='ocrx_word' id='word_1_419' title='bbox 2513 2745 2794 2815; x_wconf 87' lang='lat' dir='ltr'><strong>largimur,</strong></span> <span class='ocrx_word' id='word_1_420' title='bbox 2823 2744 2971 2799; x_wconf 89' lang='lat' dir='ltr'><strong>chari</strong></span> <span class='ocrx_word' id='word_1_421' title='bbox 3006 2752 3268 2814; x_wconf 89' lang='lat' dir='ltr'><strong>pastores,</strong></span> <span class='ocrx_word' id='word_1_422' title='bbox 3310 2756 3410 2797; x_wconf 89' lang='lat' dir='ltr'><strong>nos</strong></span> <span class='ocrx_word' id='word_1_423' title='bbox 3437 2738 3571 2796; x_wconf 56' lang='lat' dir='ltr'><strong>offer</strong></span> 
     </span>
    </p>
   </div>
   <div class='ocr_carea' id='block_1_58' title="bbox 2009 2833 3570 2907">
    <p class='ocr_par' dir='ltr' id='par_1_58' title="bbox 2009 2833 3570 2907">
     <span class='ocr_line' id='line_1_58' title="bbox 2009 2833 3570 2907; baseline -0.004 -14"><span class='ocrx_word' id='word_1_424' title='bbox 2009 2840 2196 2907; x_wconf 87' lang='lat' dir='ltr'><strong>rimus,</strong></span> <span class='ocrx_word' id='word_1_425' title='bbox 2245 2840 2328 2894; x_wconf 87' lang='lat' dir='ltr'><strong>his</strong></span> <span class='ocrx_word' id='word_1_426' title='bbox 2370 2838 2572 2893; x_wconf 89' lang='lat' dir='ltr'><strong>amicos</strong></span> <span class='ocrx_word' id='word_1_427' title='bbox 2592 2847 2805 2894; x_wconf 87' lang='lat' dir='ltr'><strong>nostros</strong></span> <span class='ocrx_word' id='word_1_428' title='bbox 2825 2845 2880 2893; x_wconf 92' lang='lat' dir='ltr'><strong>et</strong></span> <span class='ocrx_word' id='word_1_429' title='bbox 2911 2836 3145 2906; x_wconf 89' lang='lat' dir='ltr'><strong>hospites</strong></span> <span class='ocrx_word' id='word_1_430' title='bbox 3171 2850 3235 2891; x_wconf 89' lang='lat' dir='ltr'><strong>ac</strong></span> <span class='ocrx_word' id='word_1_431' title='bbox 3260 2833 3570 2904; x_wconf 90' lang='lat' dir='ltr'><strong>peregrina-</strong></span> 
     </span>
    </p>
   </div>
   <div class='ocr_carea' id='block_1_59' title="bbox 2006 2924 3567 3001">
    <p class='ocr_par' dir='ltr' id='par_1_59' title="bbox 2006 2924 3567 3001">
     <span class='ocr_line' id='line_1_59' title="bbox 2006 2924 3567 3001; baseline -0.007 -14"><span class='ocrx_word' id='word_1_432' title='bbox 2006 2932 2166 2988; x_wconf 88' lang='lat' dir='ltr'><strong>tionis</strong></span> <span class='ocrx_word' id='word_1_433' title='bbox 2205 2932 2382 2987; x_wconf 90' lang='lat' dir='ltr'><strong>socios</strong></span> <span class='ocrx_word' id='word_1_434' title='bbox 2402 2931 2721 3001; x_wconf 77' lang='lat' dir='ltr'><strong>excipimus.</strong></span> <span class='ocrx_word' id='word_1_435' title='bbox 2762 2930 2857 2984; x_wconf 75' lang='lat' dir='ltr'><strong>llis</strong></span> <span class='ocrx_word' id='word_1_436' title='bbox 2889 2930 3022 2984; x_wconf 89' lang='lat' dir='ltr'><strong>nihil</strong></span> <span class='ocrx_word' id='word_1_437' title='bbox 3053 2927 3327 2999; x_wconf 89' lang='lat' dir='ltr'><strong>pulchrius</strong></span> <span class='ocrx_word' id='word_1_438' title='bbox 3355 2936 3411 2980; x_wconf 90' lang='lat' dir='ltr'><strong>et</strong></span> <span class='ocrx_word' id='word_1_439' title='bbox 3448 2924 3567 2978; x_wconf 86' lang='lat' dir='ltr'><strong>illu-</strong></span> 
     </span>
    </p>
   </div>
   <div class='ocr_carea' id='block_1_60' title="bbox 2001 3014 3563 3092">
    <p class='ocr_par' dir='ltr' id='par_1_60' title="bbox 2001 3014 3563 3092">
     <span class='ocr_line' id='line_1_60' title="bbox 2001 3014 3563 3092; baseline -0.008 -14"><span class='ocrx_word' id='word_1_440' title='bbox 2001 3024 2168 3078; x_wconf 87' lang='lat' dir='ltr'><strong>strius</strong></span> <span class='ocrx_word' id='word_1_441' title='bbox 2225 3023 2505 3088; x_wconf 88' lang='lat' dir='ltr'><strong>habemus,</strong></span> <span class='ocrx_word' id='word_1_442' title='bbox 2548 3021 2691 3092; x_wconf 86' lang='lat' dir='ltr'><strong>quod</strong></span> <span class='ocrx_word' id='word_1_443' title='bbox 2739 3019 2893 3075; x_wconf 90' lang='lat' dir='ltr'><strong>vobis</strong></span> <span class='ocrx_word' id='word_1_444' title='bbox 2941 3016 3265 3079; x_wconf 80' lang='lat' dir='ltr'><strong>oﬂ‘eramus,</strong></span> <span class='ocrx_word' id='word_1_445' title='bbox 3316 3028 3439 3069; x_wconf 90' lang='lat' dir='ltr'><strong>cum</strong></span> <span class='ocrx_word' id='word_1_446' title='bbox 3490 3014 3563 3077; x_wconf 86' lang='lat' dir='ltr'><strong>id,</strong></span> 
     </span>
    </p>
   </div>
   <div class='ocr_carea' id='block_1_61' title="bbox 327 3095 1897 3187">
    <p class='ocr_par' dir='ltr' id='par_1_61' title="bbox 327 3095 1897 3175">
     <span class='ocr_line' id='line_1_61' title="bbox 327 3095 1897 3175; baseline 0.005 -24"><span class='ocrx_word' id='word_1_447' title='bbox 327 3099 479 3169; x_wconf 88' lang='grc' dir='ltr'>ύμῖν,</span> <span class='ocrx_word' id='word_1_448' title='bbox 510 3098 631 3152; x_wconf 85' lang='grc' dir='ltr'>οὐδὲ</span> <span class='ocrx_word' id='word_1_449' title='bbox 652 3099 1048 3172; x_wconf 72' lang='grc' dir='ltr'>λαμπρότερον,</span> <span class='ocrx_word' id='word_1_450' title='bbox 1078 3095 1154 3157; x_wconf 82' lang='grc' dir='ltr'>ὧν</span> <span class='ocrx_word' id='word_1_451' title='bbox 1187 3101 1381 3173; x_wconf 80' lang='grc' dir='ltr'>ἔχομεν</span> <span class='ocrx_word' id='word_1_452' title='bbox 1407 3103 1469 3156; x_wconf 87' lang='grc' dir='ltr'><strong>τὸ</strong></span> <span class='ocrx_word' id='word_1_453' title='bbox 1499 3105 1683 3174; x_wconf 79' lang='grc' dir='ltr'>μεῖζον</span> <span class='ocrx_word' id='word_1_454' title='bbox 1713 3104 1897 3175; x_wconf 79' lang='grc' dir='ltr'>ἐπιζη-</span> 
     </span>
    </p>
   </div>
   <div class='ocr_carea' id='block_1_62' title="bbox 2009 3095 3566 3187">
    <p class='ocr_par' dir='ltr' id='par_1_62' title="bbox 2009 3103 3566 3185">
     <span class='ocr_line' id='line_1_62' title="bbox 2009 3103 3566 3185; baseline -0.008 -17"><span class='ocrx_word' id='word_1_455' title='bbox 2009 3114 2141 3185; x_wconf 81' lang='lat' dir='ltr'><strong>quod</strong></span> <span class='ocrx_word' id='word_1_456' title='bbox 2168 3114 2221 3169; x_wconf 93' lang='lat' dir='ltr'><strong>in</strong></span> <span class='ocrx_word' id='word_1_457' title='bbox 2262 3115 2417 3169; x_wconf 91' lang='lat' dir='ltr'><strong>bonis</strong></span> <span class='ocrx_word' id='word_1_458' title='bbox 2484 3111 2685 3167; x_wconf 91' lang='lat' dir='ltr'><strong>nostris</strong></span> <span class='ocrx_word' id='word_1_459' title='bbox 2712 3107 3210 3180; x_wconf 54' lang='lat' dir='ltr'><strong>praestantissimum</strong></span> <span class='ocrx_word' id='word_1_460' title='bbox 3243 3113 3344 3171; x_wconf 90' lang='lat' dir='ltr'><strong>est,</strong></span> <span class='ocrx_word' id='word_1_461' title='bbox 3374 3103 3566 3173; x_wconf 87' lang='lat' dir='ltr'><strong>exqui-</strong></span> 
     </span>
    </p>
   </div>
   <div class='ocr_carea' id='block_1_63' title="bbox 324 3191 1898 3264">
    <p class='ocr_par' dir='ltr' id='par_1_63' title="bbox 324 3191 1898 3264">
     <span class='ocr_line' id='line_1_63' title="bbox 324 3191 1898 3264; baseline 0.003 -21"><span class='ocrx_word' id='word_1_462' title='bbox 324 3191 593 3261; x_wconf 85' lang='grc' dir='ltr'>τήσαντες</span> <span class='ocrx_word' id='word_1_463' title='bbox 615 3206 628 3219; x_wconf 80' lang='lat'><strong>&#39;</strong></span> <span class='ocrx_word' id='word_1_464' title='bbox 670 3191 738 3243; x_wconf 83' lang='lat' dir='ltr'><strong>&#39;t&#39;v&#39;</strong></span> <span class='ocrx_word' id='word_1_465' title='bbox 765 3192 946 3262; x_wconf 79' lang='grc' dir='ltr'>εἰδῆτε</span> <span class='ocrx_word' id='word_1_466' title='bbox 973 3194 1069 3246; x_wconf 68' lang='grc' dir='ltr'><strong>κα)⁷</strong></span> <span class='ocrx_word' id='word_1_467' title='bbox 1100 3192 1283 3259; x_wconf 83' lang='grc' dir='ltr'>ξένους</span> <span class='ocrx_word' id='word_1_468' title='bbox 1309 3194 1466 3257; x_wconf 74' lang='grc' dir='ltr'>ὄντας</span> <span class='ocrx_word' id='word_1_469' title='bbox 1500 3197 1649 3264; x_wconf 79' lang='grc' dir='ltr'>ἡμᾶς</span> <span class='ocrx_word' id='word_1_470' title='bbox 1682 3194 1776 3249; x_wconf 70' lang='grc' dir='ltr'><strong>καὶ⁹</strong></span> <span class='ocrx_word' id='word_1_471' title='bbox 1799 3196 1898 3248; x_wconf 83' lang='grc' dir='ltr'><strong>οὐκ</strong></span> 
     </span>
    </p>
   </div>
   <div class='ocr_carea' id='block_1_64' title="bbox 325 3282 1893 3355">
    <p class='ocr_par' dir='ltr' id='par_1_64' title="bbox 325 3282 1893 3355">
     <span class='ocr_line' id='line_1_64' title="bbox 325 3282 1893 3355; baseline 0.003 -20"><span class='ocrx_word' id='word_1_472' title='bbox 325 3282 527 3345; x_wconf 80' lang='grc' dir='ltr'>ἐνδεεῖς</span> <span class='ocrx_word' id='word_1_473' title='bbox 545 3299 559 3312; x_wconf 88' lang='grc'><strong>·</strong></span> <span class='ocrx_word' id='word_1_474' title='bbox 599 3282 734 3337; x_wconf 87' lang='grc' dir='ltr'><strong>ἀλλά</strong></span> <span class='ocrx_word' id='word_1_475' title='bbox 752 3284 1001 3354; x_wconf 83' lang='grc' dir='ltr'>πτωχοὺς</span> <span class='ocrx_word' id='word_1_476' title='bbox 1032 3284 1151 3355; x_wconf 81' lang='grc' dir='ltr'>μὲν,</span> <span class='ocrx_word' id='word_1_477' title='bbox 1172 3284 1398 3348; x_wconf 80' lang='grc' dir='ltr'>πολλοὺς</span> <span class='ocrx_word' id='word_1_478' title='bbox 1412 3285 1469 3338; x_wconf 83' lang='grc' dir='ltr'><strong>δὲ</strong></span> <span class='ocrx_word' id='word_1_479' title='bbox 1493 3284 1893 3351; x_wconf 80' lang='grc' dir='ltr'>πλουτίζοντας.</span> 
     </span>
    </p>
   </div>
   <div class='ocr_carea' id='block_1_65' title="bbox 326 3372 1901 3447">
    <p class='ocr_par' dir='ltr' id='par_1_65' title="bbox 326 3372 1901 3447">
     <span class='ocr_line' id='line_1_65' title="bbox 326 3372 1901 3447; baseline 0.003 -21"><span class='ocrx_word' id='word_1_480' title='bbox 326 3372 514 3427; x_wconf 80' lang='grc' dir='ltr'>Ταῦτα</span> <span class='ocrx_word' id='word_1_481' title='bbox 537 3374 586 3426; x_wconf 83' lang='grc' dir='ltr'><strong>εί</strong></span> <span class='ocrx_word' id='word_1_482' title='bbox 616 3374 714 3444; x_wconf 83' lang='grc' dir='ltr'>μὲν</span> <span class='ocrx_word' id='word_1_483' title='bbox 745 3373 915 3445; x_wconf 85' lang='grc' dir='ltr'>μικρὰ</span> <span class='ocrx_word' id='word_1_484' title='bbox 940 3376 1035 3429; x_wconf 79' lang='grc' dir='ltr'>καὶ</span> <span class='ocrx_word' id='word_1_485' title='bbox 1061 3374 1272 3439; x_wconf 84' lang='grc' dir='ltr'>οὐδενὸς</span> <span class='ocrx_word' id='word_1_486' title='bbox 1292 3374 1416 3440; x_wconf 82' lang='grc' dir='ltr'>ἄξια</span> <span class='ocrx_word' id='word_1_487' title='bbox 1430 3375 1587 3444; x_wconf 91' lang='grc' dir='ltr'>λόγου</span> <span class='ocrx_word' id='word_1_488' title='bbox 1619 3375 1753 3447; x_wconf 81' lang='lat'><strong>(93),</strong></span> <span class='ocrx_word' id='word_1_489' title='bbox 1783 3394 1901 3430; x_wconf 87' lang='grc' dir='ltr'>πει-</span> 
     </span>
    </p>
   </div>
   <div class='ocr_carea' id='block_1_66' title="bbox 328 3461 1897 3536">
    <p class='ocr_par' dir='ltr' id='par_1_66' title="bbox 328 3461 1897 3536">
     <span class='ocr_line' id='line_1_66' title="bbox 328 3461 1897 3536; baseline 0.003 -19"><span class='ocrx_word' id='word_1_490' title='bbox 328 3461 521 3535; x_wconf 84' lang='grc' dir='ltr'>σθῆναι</span> <span class='ocrx_word' id='word_1_491' title='bbox 552 3462 829 3534; x_wconf 82' lang='grc' dir='ltr'>βούλομαι,</span> <span class='ocrx_word' id='word_1_492' title='bbox 860 3464 981 3517; x_wconf 91' lang='grc' dir='ltr'>τίνα</span> <span class='ocrx_word' id='word_1_493' title='bbox 1011 3464 1078 3519; x_wconf 86' lang='grc' dir='ltr'><strong>τά</strong></span> <span class='ocrx_word' id='word_1_494' title='bbox 1111 3465 1281 3536; x_wconf 79' lang='grc' dir='ltr'>μείζω</span> <span class='ocrx_word' id='word_1_495' title='bbox 1303 3465 1398 3520; x_wconf 79' lang='grc' dir='ltr'>καὶ</span> <span class='ocrx_word' id='word_1_496' title='bbox 1425 3466 1584 3534; x_wconf 87' lang='grc' dir='ltr'>λόγου</span> <span class='ocrx_word' id='word_1_497' title='bbox 1633 3466 1897 3530; x_wconf 88' lang='grc' dir='ltr'>πλείονος.</span> 
     </span>
    </p>
   </div>
   <div class='ocr_carea' id='block_1_67' title="bbox 330 3556 1899 3629">
    <p class='ocr_par' dir='ltr' id='par_1_67' title="bbox 330 3556 1899 3629">
     <span class='ocr_line' id='line_1_67' title="bbox 330 3556 1899 3629; baseline 0.001 -20"><span class='ocrx_word' id='word_1_498' title='bbox 330 3556 395 3609; x_wconf 79' lang='lat' dir='ltr'><strong>El</strong></span> <span class='ocrx_word' id='word_1_499' title='bbox 424 3556 536 3628; x_wconf 87' lang='grc' dir='ltr'><strong>γάρ</strong></span> <span class='ocrx_word' id='word_1_500' title='bbox 559 3557 620 3611; x_wconf 88' lang='grc' dir='ltr'><strong>τὸ</strong></span> <span class='ocrx_word' id='word_1_501' title='bbox 651 3557 808 3611; x_wconf 83' lang='grc' dir='ltr'>πόλιν</span> <span class='ocrx_word' id='word_1_502' title='bbox 835 3558 936 3628; x_wconf 84' lang='grc' dir='ltr'>τῆς</span> <span class='ocrx_word' id='word_1_503' title='bbox 972 3558 1299 3629; x_wconf 72' lang='grc' dir='ltr'>οἰκουμένης</span> <span class='ocrx_word' id='word_1_504' title='bbox 1338 3558 1636 3629; x_wconf 83' lang='grc' dir='ltr'>ὀφθαλμὸν,</span> <span class='ocrx_word' id='word_1_505' title='bbox 1675 3559 1777 3629; x_wconf 82' lang='grc' dir='ltr'>γῆς</span> <span class='ocrx_word' id='word_1_506' title='bbox 1807 3558 1899 3613; x_wconf 79' lang='grc' dir='ltr'>καὶ</span> 
     </span>
    </p>
   </div>
   <div class='ocr_carea' id='block_1_68' title="bbox 327 3650 1898 3724">
    <p class='ocr_par' dir='ltr' id='par_1_68' title="bbox 327 3650 1898 3724">
     <span class='ocr_line' id='line_1_68' title="bbox 327 3650 1898 3724; baseline 0.001 -20"><span class='ocrx_word' id='word_1_507' title='bbox 327 3650 604 3722; x_wconf 84' lang='grc' dir='ltr'>θαλάσσης</span> <span class='ocrx_word' id='word_1_508' title='bbox 631 3652 713 3705; x_wconf 85' lang='grc' dir='ltr'>ὅτι</span> <span class='ocrx_word' id='word_1_509' title='bbox 751 3652 1062 3723; x_wconf 85' lang='grc' dir='ltr'>κράτιστον,</span> <span class='ocrx_word' id='word_1_510' title='bbox 1099 3653 1240 3723; x_wconf 75' lang='grc' dir='ltr'>ἑῴας</span> <span class='ocrx_word' id='word_1_511' title='bbox 1284 3670 1343 3706; x_wconf 92' lang='grc' dir='ltr'><strong>τε</strong></span> <span class='ocrx_word' id='word_1_512' title='bbox 1382 3654 1475 3707; x_wconf 76' lang='grc' dir='ltr'>καὶ</span> <span class='ocrx_word' id='word_1_513' title='bbox 1516 3654 1771 3723; x_wconf 78' lang='grc' dir='ltr'>ἑσπερίου</span> <span class='ocrx_word' id='word_1_514' title='bbox 1801 3651 1898 3724; x_wconf 85' lang='grc' dir='ltr'><strong>λή-</strong></span> 
     </span>
    </p>
   </div>
   <div class='ocr_carea' id='block_1_69' title="bbox 329 3738 1899 3817">
    <p class='ocr_par' dir='ltr' id='par_1_69' title="bbox 329 3738 1899 3817">
     <span class='ocr_line' id='line_1_69' title="bbox 329 3738 1899 3817; baseline -0.001 -20"><span class='ocrx_word' id='word_1_515' title='bbox 329 3743 462 3809; x_wconf 82' lang='grc' dir='ltr'>ξεως</span> <span class='ocrx_word' id='word_1_516' title='bbox 492 3738 604 3797; x_wconf 77' lang='grc' dir='ltr'>οἷον</span> <span class='ocrx_word' id='word_1_517' title='bbox 624 3744 939 3815; x_wconf 86' lang='grc' dir='ltr'>σύνδεσμον,</span> <span class='ocrx_word' id='word_1_518' title='bbox 970 3746 1050 3809; x_wconf 83' lang='grc' dir='ltr'><strong>είς</strong></span> <span class='ocrx_word' id='word_1_519' title='bbox 1067 3746 1135 3817; x_wconf 74' lang='grc' dir='ltr'>ἠν</span> <span class='ocrx_word' id='word_1_520' title='bbox 1161 3744 1233 3799; x_wconf 90' lang='grc' dir='ltr'><strong>τά</strong></span> <span class='ocrx_word' id='word_1_521' title='bbox 1255 3744 1593 3816; x_wconf 84' lang='grc' dir='ltr'>πανταχόθεν</span> <span class='ocrx_word' id='word_1_522' title='bbox 1616 3744 1758 3816; x_wconf 79' lang='grc' dir='ltr'>ἄκρα</span> <span class='ocrx_word' id='word_1_523' title='bbox 1785 3760 1899 3797; x_wconf 77' lang='grc' dir='ltr'>συνο</span> 
     </span>
    </p>
   </div>
   <div class='ocr_carea' id='block_1_70' title="bbox 326 3833 1900 3906">
    <p class='ocr_par' dir='ltr' id='par_1_70' title="bbox 326 3833 1900 3906">
     <span class='ocr_line' id='line_1_70' title="bbox 326 3833 1900 3906; baseline 0.001 -21"><span class='ocrx_word' id='word_1_524' title='bbox 326 3833 531 3902; x_wconf 74' lang='grc' dir='ltr'>τρέχει,</span> <span class='ocrx_word' id='word_1_525' title='bbox 555 3834 646 3886; x_wconf 82' lang='grc' dir='ltr'>καὶ</span> <span class='ocrx_word' id='word_1_526' title='bbox 668 3833 787 3887; x_wconf 85' lang='grc' dir='ltr'>ὅθεν</span> <span class='ocrx_word' id='word_1_527' title='bbox 820 3834 1068 3906; x_wconf 77' lang='grc' dir='ltr'>ἄρχεται,</span> <span class='ocrx_word' id='word_1_528' title='bbox 1116 3834 1191 3898; x_wconf 87' lang='grc' dir='ltr'>ὡς</span> <span class='ocrx_word' id='word_1_529' title='bbox 1225 3835 1335 3888; x_wconf 87' lang='grc' dir='ltr'><strong>ἀπὸ</strong></span> <span class='ocrx_word' id='word_1_530' title='bbox 1365 3835 1477 3906; x_wconf 71' lang='grc'>(94)</span> <span class='ocrx_word' id='word_1_531' title='bbox 1501 3835 1762 3904; x_wconf 74' lang='grc' dir='ltr'>ἐμπορίου</span> <span class='ocrx_word' id='word_1_532' title='bbox 1789 3851 1900 3886; x_wconf 84' lang='grc' dir='ltr'>κοι-</span> 
     </span>
    </p>
   </div>
   <div class='ocr_carea' id='block_1_71' title="bbox 325 3920 1900 3995">
    <p class='ocr_par' dir='ltr' id='par_1_71' title="bbox 325 3920 1900 3995">
     <span class='ocr_line' id='line_1_71' title="bbox 325 3920 1900 3995; baseline 0.001 -22"><span class='ocrx_word' id='word_1_533' title='bbox 325 3920 419 3974; x_wconf 79' lang='grc' dir='ltr'>νοῦ</span> <span class='ocrx_word' id='word_1_534' title='bbox 445 3921 547 3990; x_wconf 83' lang='grc' dir='ltr'>τῆς</span> <span class='ocrx_word' id='word_1_535' title='bbox 577 3922 812 3985; x_wconf 78' lang='grc' dir='ltr'>πίστεως</span> <span class='ocrx_word' id='word_1_536' title='bbox 835 3937 849 3954; x_wconf 90' lang='grc'><strong>·</strong></span> <span class='ocrx_word' id='word_1_537' title='bbox 882 3924 932 3974; x_wconf 86' lang='grc' dir='ltr'><strong>εί</strong></span> <span class='ocrx_word' id='word_1_538' title='bbox 960 3923 1019 3975; x_wconf 86' lang='grc' dir='ltr'><strong>τὸ</strong></span> <span class='ocrx_word' id='word_1_539' title='bbox 1050 3921 1253 3993; x_wconf 82' lang='grc' dir='ltr'>ταύτην</span> <span class='ocrx_word' id='word_1_540' title='bbox 1291 3923 1541 3995; x_wconf 80' lang='grc' dir='ltr'>στηρίξαι</span> <span class='ocrx_word' id='word_1_541' title='bbox 1562 3940 1621 3975; x_wconf 90' lang='grc' dir='ltr'><strong>τε</strong></span> <span class='ocrx_word' id='word_1_542' title='bbox 1652 3922 1747 3975; x_wconf 81' lang='grc' dir='ltr'><strong>καὶ</strong></span> <span class='ocrx_word' id='word_1_543' title='bbox 1780 3921 1900 3975; x_wconf 87' lang='grc' dir='ltr'>σθε-</span> 
     </span>
    </p>
   </div>
   <div class='ocr_carea' id='block_1_72' title="bbox 323 4012 1895 4086">
    <p class='ocr_par' dir='ltr' id='par_1_72' title="bbox 323 4012 1895 4086">
     <span class='ocr_line' id='line_1_72' title="bbox 323 4012 1895 4086; baseline 0.002 -22"><span class='ocrx_word' id='word_1_544' title='bbox 323 4012 495 4066; x_wconf 88' lang='grc' dir='ltr'>νῶσαι</span> <span class='ocrx_word' id='word_1_545' title='bbox 527 4012 641 4084; x_wconf 85' lang='grc'>(95)</span> <span class='ocrx_word' id='word_1_546' title='bbox 675 4017 788 4078; x_wconf 88' lang='grc' dir='ltr'>τοῖς</span> <span class='ocrx_word' id='word_1_547' title='bbox 832 4013 1132 4083; x_wconf 80' lang='grc' dir='ltr'>ὑγιαίνουσι</span> <span class='ocrx_word' id='word_1_548' title='bbox 1158 4014 1357 4083; x_wconf 89' lang='grc' dir='ltr'>λόγοις,</span> <span class='ocrx_word' id='word_1_549' title='bbox 1391 4015 1501 4069; x_wconf 87' lang='grc' dir='ltr'><strong>τῶν</strong></span> <span class='ocrx_word' id='word_1_550' title='bbox 1529 4014 1590 4068; x_wconf 84' lang='grc' dir='ltr'>οὐ</span> <span class='ocrx_word' id='word_1_551' title='bbox 1624 4014 1895 4086; x_wconf 81' lang='grc' dir='ltr'>μεγάλων,</span> 
     </span>
    </p>
   </div>
   <div class='ocr_carea' id='block_1_73' title="bbox 325 4105 1897 4177">
    <p class='ocr_par' dir='ltr' id='par_1_73' title="bbox 325 4105 1897 4177">
     <span class='ocr_line' id='line_1_73' title="bbox 325 4105 1897 4177; baseline 0.001 -18"><span class='ocrx_word' id='word_1_552' title='bbox 325 4106 423 4159; x_wconf 65' lang='grc' dir='ltr'><strong>καὶ</strong></span> <span class='ocrx_word' id='word_1_553' title='bbox 448 4107 643 4169; x_wconf 82' lang='grc' dir='ltr'>ταῦτα,</span> <span class='ocrx_word' id='word_1_554' title='bbox 673 4105 959 4169; x_wconf 88' lang='grc' dir='ltr'>τοσαύταις</span> <span class='ocrx_word' id='word_1_555' title='bbox 983 4106 1308 4177; x_wconf 87' lang='grc' dir='ltr'>δονουμένην</span> <span class='ocrx_word' id='word_1_556' title='bbox 1328 4105 1618 4175; x_wconf 86' lang='grc' dir='ltr'>γλώσσαις,</span> <span class='ocrx_word' id='word_1_557' title='bbox 1642 4107 1735 4161; x_wconf 73' lang='grc' dir='ltr'>καὶ</span> <span class='ocrx_word' id='word_1_558' title='bbox 1758 4106 1897 4160; x_wconf 77' lang='grc' dir='ltr'>οὕτω</span> 
     </span>
    </p>
   </div>
   <div class='ocr_carea' id='block_1_74' title="bbox 326 4196 1897 4269">
    <p class='ocr_par' dir='ltr' id='par_1_74' title="bbox 326 4196 1897 4269">
     <span class='ocr_line' id='line_1_74' title="bbox 326 4196 1897 4269; baseline 0.001 -21"><span class='ocrx_word' id='word_1_559' title='bbox 326 4196 685 4266; x_wconf 85' lang='grc' dir='ltr'>πανταχόθεν,</span> <span class='ocrx_word' id='word_1_560' title='bbox 738 4197 899 4269; x_wconf 74' lang='grc' dir='ltr'>σχολῇ</span> <span class='ocrx_word' id='word_1_561' title='bbox 945 4200 997 4266; x_wconf 83' lang='grc' dir='ltr'>γ’</span> <span class='ocrx_word' id='word_1_562' title='bbox 1029 4199 1097 4253; x_wconf 79' lang='grc' dir='ltr'>ἂν</span> <span class='ocrx_word' id='word_1_563' title='bbox 1127 4196 1255 4252; x_wconf 84' lang='grc' dir='ltr'>ἄλλο</span> <span class='ocrx_word' id='word_1_564' title='bbox 1301 4214 1357 4250; x_wconf 88' lang='grc' dir='ltr'><strong>τι</strong></span> <span class='ocrx_word' id='word_1_565' title='bbox 1397 4196 1592 4267; x_wconf 79' lang='grc' dir='ltr'>φανείη</span> <span class='ocrx_word' id='word_1_566' title='bbox 1628 4199 1770 4268; x_wconf 86' lang='grc' dir='ltr'>μέγα</span> <span class='ocrx_word' id='word_1_567' title='bbox 1803 4196 1897 4251; x_wconf 80' lang='grc' dir='ltr'><strong>καὶ</strong></span> 
     </span>
    </p>
   </div>
   <div class='ocr_carea' id='block_1_75' title="bbox 328 4286 1896 4357">
    <p class='ocr_par' dir='ltr' id='par_1_75' title="bbox 328 4286 1896 4357">
     <span class='ocr_line' id='line_1_75' title="bbox 328 4286 1896 4357; baseline -0.001 -17"><span class='ocrx_word' id='word_1_568' title='bbox 328 4287 568 4357; x_wconf 79' lang='grc' dir='ltr'>σπουδῆς</span> <span class='ocrx_word' id='word_1_569' title='bbox 591 4288 760 4353; x_wconf 79' lang='grc' dir='ltr'>ἀξιον.</span> <span class='ocrx_word' id='word_1_570' title='bbox 793 4289 857 4341; x_wconf 79' lang='grc' dir='ltr'><strong>Εἰ</strong></span> <span class='ocrx_word' id='word_1_571' title='bbox 886 4289 944 4342; x_wconf 88' lang='grc' dir='ltr'>δὲ</span> <span class='ocrx_word' id='word_1_572' title='bbox 974 4288 1084 4341; x_wconf 88' lang='grc' dir='ltr'><strong>τῶν</strong></span> <span class='ocrx_word' id='word_1_573' title='bbox 1117 4287 1522 4356; x_wconf 77' lang='grc' dir='ltr'>ἐπαινουμένων</span> <span class='ocrx_word' id='word_1_574' title='bbox 1544 4287 1655 4357; x_wconf 90' lang='grc'>(96)</span> <span class='ocrx_word' id='word_1_575' title='bbox 1679 4286 1817 4355; x_wconf 83' lang='grc' dir='ltr'>(δότε</span> <span class='ocrx_word' id='word_1_576' title='bbox 1843 4303 1896 4340; x_wconf 91' lang='grc' dir='ltr'><strong>τι</strong></span> 
     </span>
    </p>
   </div>
   <div class='ocr_carea' id='block_1_76' title="bbox 324 4379 1896 4453">
    <p class='ocr_par' dir='ltr' id='par_1_76' title="bbox 324 4379 1896 4453">
     <span class='ocr_line' id='line_1_76' title="bbox 324 4379 1896 4453; baseline -0.003 -17"><span class='ocrx_word' id='word_1_577' title='bbox 324 4381 419 4436; x_wconf 80' lang='grc' dir='ltr'><strong>καὶ</strong></span> <span class='ocrx_word' id='word_1_578' title='bbox 444 4382 579 4453; x_wconf 82' lang='grc' dir='ltr'>ἡμῖν</span> <span class='ocrx_word' id='word_1_579' title='bbox 610 4381 709 4451; x_wconf 85' lang='grc' dir='ltr'><strong>τῆς</strong></span> <span class='ocrx_word' id='word_1_580' title='bbox 743 4382 836 4435; x_wconf 76' lang='grc' dir='ltr'>ἐπὶ</span> <span class='ocrx_word' id='word_1_581' title='bbox 855 4382 1065 4445; x_wconf 87' lang='grc' dir='ltr'>τούτοις</span> <span class='ocrx_word' id='word_1_582' title='bbox 1100 4380 1458 4451; x_wconf 84' lang='grc' dir='ltr'>φιλοτιμίας),</span> <span class='ocrx_word' id='word_1_583' title='bbox 1491 4379 1584 4431; x_wconf 79' lang='grc' dir='ltr'><strong>καὶ</strong></span> <span class='ocrx_word' id='word_1_584' title='bbox 1613 4379 1768 4435; x_wconf 73' lang='grc' dir='ltr'>αὐτοὶ</span> <span class='ocrx_word' id='word_1_585' title='bbox 1799 4395 1896 4449; x_wconf 90' lang='grc' dir='ltr'>με-</span> 
     </span>
    </p>
   </div>
   <div class='ocr_carea' id='block_1_77' title="bbox 326 4469 1821 4546">
    <p class='ocr_par' dir='ltr' id='par_1_77' title="bbox 326 4469 1821 4546">
     <span class='ocr_line' id='line_1_77' title="bbox 326 4469 1821 4546; baseline -0.001 -20"><span class='ocrx_word' id='word_1_586' title='bbox 326 4472 452 4544; x_wconf 83' lang='grc' dir='ltr'>ρίδα</span> <span class='ocrx_word' id='word_1_587' title='bbox 471 4474 596 4529; x_wconf 83' lang='grc' dir='ltr'>τινὰ</span> <span class='ocrx_word' id='word_1_588' title='bbox 615 4475 727 4538; x_wconf 75' lang='grc' dir='ltr'>τοῖς</span> <span class='ocrx_word' id='word_1_589' title='bbox 751 4471 1049 4546; x_wconf 73' lang='grc' dir='ltr'>δρωμένοις</span> <span class='ocrx_word' id='word_1_590' title='bbox 1069 4470 1277 4535; x_wconf 89' lang='grc' dir='ltr'>τούτοις</span> <span class='ocrx_word' id='word_1_591' title='bbox 1307 4469 1821 4541; x_wconf 88' lang='grc' dir='ltr'>συνεισηνέγκαμεν.</span> 
     </span>
    </p>
   </div>
   <div class='ocr_carea' id='block_1_78' title="bbox 2001 3198 3566 3272">
    <p class='ocr_par' dir='ltr' id='par_1_78' title="bbox 2001 3198 3566 3272">
     <span class='ocr_line' id='line_1_78' title="bbox 2001 3198 3566 3272; baseline -0.008 -12"><span class='ocrx_word' id='word_1_592' title='bbox 2001 3206 2279 3261; x_wconf 87' lang='lat' dir='ltr'><strong>siissemus</strong></span> <span class='ocrx_word' id='word_1_593' title='bbox 2313 3222 2327 3271; x_wconf 90' lang='lat'><strong>;</strong></span> <span class='ocrx_word' id='word_1_594' title='bbox 2365 3214 2425 3258; x_wconf 93' lang='lat' dir='ltr'><strong>ut</strong></span> <span class='ocrx_word' id='word_1_595' title='bbox 2466 3203 2816 3272; x_wconf 74' lang='lat' dir='ltr'><strong>intelligetis,</strong></span> <span class='ocrx_word' id='word_1_596' title='bbox 2872 3214 2992 3265; x_wconf 94' lang='lat' dir='ltr'><strong>nos,</strong></span> <span class='ocrx_word' id='word_1_597' title='bbox 3039 3198 3163 3253; x_wconf 90' lang='lat' dir='ltr'><strong>licet</strong></span> <span class='ocrx_word' id='word_1_598' title='bbox 3203 3205 3461 3251; x_wconf 86' lang='lat' dir='ltr'><strong>externos</strong></span> <span class='ocrx_word' id='word_1_599' title='bbox 3505 3209 3566 3248; x_wconf 89' lang='lat' dir='ltr'><strong>ac</strong></span> 
     </span>
    </p>
   </div>
   <div class='ocr_carea' id='block_1_79' title="bbox 1999 3288 3564 3367">
    <p class='ocr_par' dir='ltr' id='par_1_79' title="bbox 1999 3288 3564 3367">
     <span class='ocr_line' id='line_1_79' title="bbox 1999 3288 3564 3367; baseline -0.008 -17"><span class='ocrx_word' id='word_1_600' title='bbox 1999 3295 2333 3367; x_wconf 88' lang='lat' dir='ltr'><strong>peregrinos,</strong></span> <span class='ocrx_word' id='word_1_601' title='bbox 2373 3295 2552 3364; x_wconf 87' lang='lat' dir='ltr'><strong>inopia</strong></span> <span class='ocrx_word' id='word_1_602' title='bbox 2585 3305 2761 3348; x_wconf 90' lang='lat' dir='ltr'><strong>tamen</strong></span> <span class='ocrx_word' id='word_1_603' title='bbox 2794 3290 3014 3345; x_wconf 87' lang='lat' dir='ltr'><strong>minime</strong></span> <span class='ocrx_word' id='word_1_604' title='bbox 3056 3288 3335 3351; x_wconf 88' lang='lat' dir='ltr'><strong>laborare;</strong></span> <span class='ocrx_word' id='word_1_605' title='bbox 3376 3298 3564 3338; x_wconf 87' lang='lat' dir='ltr'><strong>verum</strong></span> 
     </span>
    </p>
   </div>
   <div class='ocr_carea' id='block_1_80' title="bbox 1998 3375 3561 3455">
    <p class='ocr_par' dir='ltr' id='par_1_80' title="bbox 1998 3375 3561 3455">
     <span class='ocr_line' id='line_1_80' title="bbox 1998 3375 3561 3455; baseline -0.007 -16"><span class='ocrx_word' id='word_1_606' title='bbox 1998 3399 2263 3455; x_wconf 89' lang='lat' dir='ltr'><strong>pauperes</strong></span> <span class='ocrx_word' id='word_1_607' title='bbox 2312 3384 2525 3453; x_wconf 89' lang='lat' dir='ltr'><strong>quidem</strong></span> <span class='ocrx_word' id='word_1_608' title='bbox 2574 3398 2714 3449; x_wconf 91' lang='lat' dir='ltr'><strong>esse,</strong></span> <span class='ocrx_word' id='word_1_609' title='bbox 2760 3382 2855 3437; x_wconf 91' lang='lat' dir='ltr'><strong>sed</strong></span> <span class='ocrx_word' id='word_1_610' title='bbox 2898 3378 3095 3435; x_wconf 81' lang='lat' dir='ltr'><strong>multos</strong></span> <span class='ocrx_word' id='word_1_611' title='bbox 3145 3376 3470 3446; x_wconf 88' lang='lat' dir='ltr'><strong>locupletare</strong></span> <span class='ocrx_word' id='word_1_612' title='bbox 3494 3375 3561 3428; x_wconf 80' lang='lat'><strong>&quot;.</strong></span> 
     </span>
    </p>
   </div>
   <div class='ocr_carea' id='block_1_81' title="bbox 1999 3464 3562 3539">
    <p class='ocr_par' dir='ltr' id='par_1_81' title="bbox 1999 3464 3562 3539">
     <span class='ocr_line' id='line_1_81' title="bbox 1999 3464 3562 3539; baseline -0.004 -16"><span class='ocrx_word' id='word_1_613' title='bbox 1999 3470 2127 3535; x_wconf 65' lang='lat' dir='ltr'><strong>Quae</strong></span> <span class='ocrx_word' id='word_1_614' title='bbox 2187 3470 2233 3525; x_wconf 89' lang='lat' dir='ltr'><strong>si</strong></span> <span class='ocrx_word' id='word_1_615' title='bbox 2288 3484 2454 3538; x_wconf 91' lang='lat' dir='ltr'><strong>parva</strong></span> <span class='ocrx_word' id='word_1_616' title='bbox 2514 3468 2768 3539; x_wconf 86' lang='lat' dir='ltr'><strong>nulloque</strong></span> <span class='ocrx_word' id='word_1_617' title='bbox 2820 3469 2875 3522; x_wconf 93' lang='lat' dir='ltr'><strong>in</strong></span> <span class='ocrx_word' id='word_1_618' title='bbox 2926 3467 3102 3538; x_wconf 85' lang='lat' dir='ltr'><strong>pretio</strong></span> <span class='ocrx_word' id='word_1_619' title='bbox 3147 3464 3389 3519; x_wconf 87' lang='lat' dir='ltr'><strong>habenda</strong></span> <span class='ocrx_word' id='word_1_620' title='bbox 3418 3471 3562 3528; x_wconf 88' lang='lat' dir='ltr'><strong>sunt,</strong></span> 
     </span>
    </p>
   </div>
   <div class='ocr_carea' id='block_1_82' title="bbox 1997 3554 3566 3627">
    <p class='ocr_par' dir='ltr' id='par_1_82' title="bbox 1997 3554 3566 3627">
     <span class='ocr_line' id='line_1_82' title="bbox 1997 3554 3566 3627; baseline -0.004 -14"><span class='ocrx_word' id='word_1_621' title='bbox 1997 3558 2187 3615; x_wconf 89' lang='lat' dir='ltr'><strong>lubens</strong></span> <span class='ocrx_word' id='word_1_622' title='bbox 2230 3574 2360 3615; x_wconf 88' lang='lat' dir='ltr'><strong>sane</strong></span> <span class='ocrx_word' id='word_1_623' title='bbox 2401 3559 2663 3614; x_wconf 86' lang='lat' dir='ltr'><strong>audierim</strong></span> <span class='ocrx_word' id='word_1_624' title='bbox 2694 3573 2939 3627; x_wconf 78' lang='lat' dir='ltr'><strong>quaenam</strong></span> <span class='ocrx_word' id='word_1_625' title='bbox 2983 3557 3187 3623; x_wconf 86' lang='lat' dir='ltr'><strong>majora</strong></span> <span class='ocrx_word' id='word_1_626' title='bbox 3231 3554 3360 3619; x_wconf 90' lang='lat' dir='ltr'><strong>sint,</strong></span> <span class='ocrx_word' id='word_1_627' title='bbox 3402 3562 3566 3623; x_wconf 91' lang='lat' dir='ltr'><strong>atque</strong></span> 
     </span>
    </p>
   </div>
   <div class='ocr_carea' id='block_1_83' title="bbox 1998 3647 3566 3720">
    <p class='ocr_par' dir='ltr' id='par_1_83' title="bbox 1998 3647 3566 3720">
     <span class='ocr_line' id='line_1_83' title="bbox 1998 3647 3566 3720; baseline -0.003 -15"><span class='ocrx_word' id='word_1_628' title='bbox 1998 3650 2279 3720; x_wconf 89' lang='lat' dir='ltr'><strong>amplioris</strong></span> <span class='ocrx_word' id='word_1_629' title='bbox 2322 3650 2505 3719; x_wconf 85' lang='lat' dir='ltr'><strong>pretii.</strong></span> <span class='ocrx_word' id='word_1_630' title='bbox 2558 3650 2791 3717; x_wconf 89' lang='lat' dir='ltr'><strong>Etenim,</strong></span> <span class='ocrx_word' id='word_1_631' title='bbox 2849 3650 2895 3704; x_wconf 89' lang='lat' dir='ltr'><strong>si</strong></span> <span class='ocrx_word' id='word_1_632' title='bbox 2941 3648 3236 3713; x_wconf 88' lang='lat' dir='ltr'><strong>civitatem,</strong></span> <span class='ocrx_word' id='word_1_633' title='bbox 3263 3647 3409 3703; x_wconf 89' lang='lat' dir='ltr'><strong>orbis</strong></span> <span class='ocrx_word' id='word_1_634' title='bbox 3442 3660 3566 3701; x_wconf 92' lang='lat' dir='ltr'><strong>ocu-</strong></span> 
     </span>
    </p>
   </div>
   <div class='ocr_carea' id='block_1_84' title="bbox 1998 3740 3565 3814">
    <p class='ocr_par' dir='ltr' id='par_1_84' title="bbox 1998 3740 3565 3814">
     <span class='ocr_line' id='line_1_84' title="bbox 1998 3740 3565 3814; baseline -0.002 -19"><span class='ocrx_word' id='word_1_635' title='bbox 1998 3742 2132 3808; x_wconf 87' lang='lat' dir='ltr'><strong>lum,</strong></span> <span class='ocrx_word' id='word_1_636' title='bbox 2163 3751 2304 3797; x_wconf 89' lang='lat' dir='ltr'><strong>terra</strong></span> <span class='ocrx_word' id='word_1_637' title='bbox 2332 3743 2577 3813; x_wconf 83' lang='lat' dir='ltr'><strong>marique</strong></span> <span class='ocrx_word' id='word_1_638' title='bbox 2602 3742 3053 3814; x_wconf 86' lang='lat' dir='ltr'><strong>potentissimam,</strong></span> <span class='ocrx_word' id='word_1_639' title='bbox 3098 3740 3376 3796; x_wconf 87' lang='lat' dir='ltr'><strong>orientalis</strong></span> <span class='ocrx_word' id='word_1_640' title='bbox 3403 3748 3565 3808; x_wconf 89' lang='lat' dir='ltr'><strong>atque</strong></span> 
     </span>
    </p>
   </div>
   <div class='ocr_carea' id='block_1_85' title="bbox 1998 3831 3558 3901">
    <p class='ocr_par' dir='ltr' id='par_1_85' title="bbox 1998 3831 3558 3901">
     <span class='ocr_line' id='line_1_85' title="bbox 1998 3831 3558 3901; baseline -0.005 -11"><span class='ocrx_word' id='word_1_641' title='bbox 1998 3834 2237 3890; x_wconf 81' lang='lat' dir='ltr'><strong>occiduae</strong></span> <span class='ocrx_word' id='word_1_642' title='bbox 2276 3848 2388 3889; x_wconf 88' lang='lat' dir='ltr'><strong>orae</strong></span> <span class='ocrx_word' id='word_1_643' title='bbox 2421 3835 2574 3890; x_wconf 82' lang='lat' dir='ltr'><strong>velut</strong></span> <span class='ocrx_word' id='word_1_644' title='bbox 2618 3833 2818 3890; x_wconf 84' lang='lat' dir='ltr'><strong>nodum</strong></span> <span class='ocrx_word' id='word_1_645' title='bbox 2846 3843 2902 3889; x_wconf 91' lang='lat' dir='ltr'><strong>et</strong></span> <span class='ocrx_word' id='word_1_646' title='bbox 2934 3833 3226 3893; x_wconf 87' lang='lat' dir='ltr'><strong>vinculum,</strong></span> <span class='ocrx_word' id='word_1_647' title='bbox 3277 3831 3345 3885; x_wconf 89' lang='lat' dir='ltr'><strong>ad</strong></span> <span class='ocrx_word' id='word_1_648' title='bbox 3391 3844 3558 3901; x_wconf 91' lang='lat' dir='ltr'><strong>quam</strong></span> 
     </span>
    </p>
   </div>
   <div class='ocr_carea' id='block_1_86' title="bbox 1997 3926 3558 3990">
    <p class='ocr_par' dir='ltr' id='par_1_86' title="bbox 1997 3926 3558 3990">
     <span class='ocr_line' id='line_1_86' title="bbox 1997 3926 3558 3990; baseline -0.004 -10"><span class='ocrx_word' id='word_1_649' title='bbox 1997 3926 2229 3981; x_wconf 78' lang='lat' dir='ltr'><strong>extremi</strong></span> <span class='ocrx_word' id='word_1_650' title='bbox 2270 3926 2437 3981; x_wconf 89' lang='lat' dir='ltr'><strong>totius</strong></span> <span class='ocrx_word' id='word_1_651' title='bbox 2497 3936 2655 3982; x_wconf 69' lang='lat' dir='ltr'><strong>terra:</strong></span> <span class='ocrx_word' id='word_1_652' title='bbox 2702 3926 2838 3981; x_wconf 84' lang='lat' dir='ltr'><strong>fines</strong></span> <span class='ocrx_word' id='word_1_653' title='bbox 2887 3934 3247 3989; x_wconf 86' lang='lat' dir='ltr'><strong>concurrunt,</strong></span> <span class='ocrx_word' id='word_1_654' title='bbox 3298 3930 3402 3977; x_wconf 85' lang='lat' dir='ltr'><strong>eta</strong></span> <span class='ocrx_word' id='word_1_655' title='bbox 3430 3936 3558 3990; x_wconf 91' lang='lat' dir='ltr'><strong>qua,</strong></span> 
     </span>
    </p>
   </div>
   <div class='ocr_carea' id='block_1_87' title="bbox 1999 4011 3559 4084">
    <p class='ocr_par' dir='ltr' id='par_1_87' title="bbox 1999 4011 3559 4084">
     <span class='ocr_line' id='line_1_87' title="bbox 1999 4011 3559 4084; baseline -0.004 -15"><span class='ocrx_word' id='word_1_656' title='bbox 1999 4015 2142 4071; x_wconf 77' lang='lat' dir='ltr'><strong>velut</strong></span> <span class='ocrx_word' id='word_1_657' title='bbox 2171 4030 2199 4069; x_wconf 91' lang='lat' dir='ltr'><strong>a</strong></span> <span class='ocrx_word' id='word_1_658' title='bbox 2229 4016 2497 4071; x_wconf 89' lang='lat' dir='ltr'><strong>communi</strong></span> <span class='ocrx_word' id='word_1_659' title='bbox 2525 4014 2650 4071; x_wconf 78' lang='lat' dir='ltr'><strong>ﬁdei</strong></span> <span class='ocrx_word' id='word_1_660' title='bbox 2680 4015 2942 4083; x_wconf 90' lang='lat' dir='ltr'><strong>emporio,</strong></span> <span class='ocrx_word' id='word_1_661' title='bbox 2977 4015 3275 4084; x_wconf 89' lang='lat' dir='ltr'><strong>incipiunt;</strong></span> <span class='ocrx_word' id='word_1_662' title='bbox 3322 4012 3367 4066; x_wconf 94' lang='lat' dir='ltr'><strong>si</strong></span> <span class='ocrx_word' id='word_1_663' title='bbox 3400 4011 3559 4074; x_wconf 87' lang='lat' dir='ltr'><strong>hanc,</strong></span> 
     </span>
    </p>
   </div>
   <div class='ocr_carea' id='block_1_88' title="bbox 1999 4100 3561 4172">
    <p class='ocr_par' dir='ltr' id='par_1_88' title="bbox 1999 4100 3561 4172">
     <span class='ocr_line' id='line_1_88' title="bbox 1999 4100 3561 4172; baseline -0.003 -15"><span class='ocrx_word' id='word_1_664' title='bbox 1999 4102 2240 4172; x_wconf 80' lang='lat' dir='ltr'><strong>inquam,</strong></span> <span class='ocrx_word' id='word_1_665' title='bbox 2297 4103 2571 4160; x_wconf 87' lang='lat' dir='ltr'><strong>civitatem</strong></span> <span class='ocrx_word' id='word_1_666' title='bbox 2603 4103 2885 4159; x_wconf 88' lang='lat' dir='ltr'><strong>salutifera</strong></span> <span class='ocrx_word' id='word_1_667' title='bbox 2927 4103 3171 4159; x_wconf 90' lang='lat' dir='ltr'><strong>doctrina</strong></span> <span class='ocrx_word' id='word_1_668' title='bbox 3212 4100 3448 4155; x_wconf 74' lang='lat' dir='ltr'><strong>fulciisse</strong></span> <span class='ocrx_word' id='word_1_669' title='bbox 3496 4112 3561 4152; x_wconf 91' lang='lat' dir='ltr'><strong>ac</strong></span> 
     </span>
    </p>
   </div>
   <div class='ocr_carea' id='block_1_89' title="bbox 1998 4190 3557 4266">
    <p class='ocr_par' dir='ltr' id='par_1_89' title="bbox 1998 4190 3557 4266">
     <span class='ocr_line' id='line_1_89' title="bbox 1998 4190 3557 4266; baseline -0.003 -19"><span class='ocrx_word' id='word_1_670' title='bbox 1998 4196 2242 4251; x_wconf 87' lang='lat' dir='ltr'><strong>firmasse</strong></span> <span class='ocrx_word' id='word_1_671' title='bbox 2267 4196 2409 4250; x_wconf 86' lang='lat' dir='ltr'><strong>haud</strong></span> <span class='ocrx_word' id='word_1_672' title='bbox 2432 4210 2680 4266; x_wconf 87' lang='lat' dir='ltr'><strong>magnum</strong></span> <span class='ocrx_word' id='word_1_673' title='bbox 2704 4204 2862 4266; x_wconf 89' lang='lat' dir='ltr'><strong>atque</strong></span> <span class='ocrx_word' id='word_1_674' title='bbox 2885 4194 3118 4264; x_wconf 88' lang='lat' dir='ltr'><strong>amplum</strong></span> <span class='ocrx_word' id='word_1_675' title='bbox 3143 4191 3347 4248; x_wconf 85' lang='lat' dir='ltr'><strong>censeri</strong></span> <span class='ocrx_word' id='word_1_676' title='bbox 3378 4190 3557 4253; x_wconf 84' lang='lat' dir='ltr'><strong>debet,</strong></span> 
     </span>
    </p>
   </div>
   <div class='ocr_carea' id='block_1_90' title="bbox 1999 4283 3552 4357">
    <p class='ocr_par' dir='ltr' id='par_1_90' title="bbox 1999 4283 3552 4357">
     <span class='ocr_line' id='line_1_90' title="bbox 1999 4283 3552 4357; baseline -0.003 -17"><span class='ocrx_word' id='word_1_677' title='bbox 1999 4288 2157 4357; x_wconf 90' lang='lat' dir='ltr'><strong>idque</strong></span> <span class='ocrx_word' id='word_1_678' title='bbox 2193 4302 2316 4341; x_wconf 92' lang='lat' dir='ltr'><strong>cum</strong></span> <span class='ocrx_word' id='word_1_679' title='bbox 2354 4295 2432 4341; x_wconf 91' lang='lat' dir='ltr'><strong>tot</strong></span> <span class='ocrx_word' id='word_1_680' title='bbox 2474 4286 2673 4356; x_wconf 89' lang='lat' dir='ltr'><strong>linguis</strong></span> <span class='ocrx_word' id='word_1_681' title='bbox 2716 4286 2868 4341; x_wconf 89' lang='lat' dir='ltr'><strong>omni</strong></span> <span class='ocrx_word' id='word_1_682' title='bbox 2912 4300 2979 4339; x_wconf 77' lang='lat' dir='ltr'><strong>ex</strong></span> <span class='ocrx_word' id='word_1_683' title='bbox 3029 4294 3181 4354; x_wconf 87' lang='lat' dir='ltr'><strong>parte</strong></span> <span class='ocrx_word' id='word_1_684' title='bbox 3234 4283 3552 4352; x_wconf 88' lang='lat' dir='ltr'><strong>agitaretur,</strong></span> 
     </span>
    </p>
   </div>
   <div class='ocr_carea' id='block_1_91' title="bbox 1998 4372 3555 4446">
    <p class='ocr_par' dir='ltr' id='par_1_91' title="bbox 1998 4372 3555 4446">
     <span class='ocr_line' id='line_1_91' title="bbox 1998 4372 3555 4446; baseline -0.008 -13"><span class='ocrx_word' id='word_1_685' title='bbox 1998 4380 2082 4433; x_wconf 88' lang='lat' dir='ltr'><strong>vix</strong></span> <span class='ocrx_word' id='word_1_686' title='bbox 2105 4386 2249 4432; x_wconf 89' lang='lat' dir='ltr'><strong>certe</strong></span> <span class='ocrx_word' id='word_1_687' title='bbox 2273 4376 2413 4430; x_wconf 88' lang='lat' dir='ltr'><strong>aliud</strong></span> <span class='ocrx_word' id='word_1_688' title='bbox 2434 4378 2725 4446; x_wconf 90' lang='lat' dir='ltr'><strong>quidquam</strong></span> <span class='ocrx_word' id='word_1_689' title='bbox 2754 4389 3004 4445; x_wconf 88' lang='lat' dir='ltr'><strong>magnum</strong></span> <span class='ocrx_word' id='word_1_690' title='bbox 3036 4388 3101 4429; x_wconf 89' lang='lat' dir='ltr'><strong>ac</strong></span> <span class='ocrx_word' id='word_1_691' title='bbox 3130 4372 3307 4429; x_wconf 91' lang='lat' dir='ltr'><strong>studio</strong></span> <span class='ocrx_word' id='word_1_692' title='bbox 3337 4372 3555 4441; x_wconf 86' lang='lat' dir='ltr'><strong>dignum</strong></span> 
     </span>
    </p>
   </div>
   <div class='ocr_carea' id='block_1_92' title="bbox 1926 4460 3559 4538">
    <p class='ocr_par' dir='ltr' id='par_1_92' title="bbox 1926 4460 3559 4538">
     <span class='ocr_line' id='line_1_92' title="bbox 1926 4460 3559 4538; baseline -0.003 -17"><span class='ocrx_word' id='word_1_693' title='bbox 1926 4464 1971 4521; x_wconf 78' lang='grc' dir='ltr'><strong>Β</strong></span> <span class='ocrx_word' id='word_1_694' title='bbox 2002 4468 2168 4523; x_wconf 88' lang='lat' dir='ltr'><strong>videri</strong></span> <span class='ocrx_word' id='word_1_695' title='bbox 2212 4469 2431 4538; x_wconf 89' lang='lat' dir='ltr'><strong>poterit.</strong></span> <span class='ocrx_word' id='word_1_696' title='bbox 2485 4465 2545 4522; x_wconf 91' lang='lat' dir='ltr'><strong>Si</strong></span> <span class='ocrx_word' id='word_1_697' title='bbox 2569 4476 2761 4536; x_wconf 84' lang='lat' dir='ltr'><strong>autem</strong></span> <span class='ocrx_word' id='word_1_698' title='bbox 2809 4465 3129 4536; x_wconf 61' lang='lat' dir='ltr'><strong>praeclarum</strong></span> <span class='ocrx_word' id='word_1_699' title='bbox 3177 4480 3241 4520; x_wconf 90' lang='lat' dir='ltr'><strong>ac</strong></span> <span class='ocrx_word' id='word_1_700' title='bbox 3291 4460 3559 4517; x_wconf 84' lang='lat' dir='ltr'><strong>laudabile</strong></span> 
     </span>
    </p>
   </div>
   <div class='ocr_carea' id='block_1_93' title="bbox 396 4660 3555 4739">
    <p class='ocr_par' dir='ltr' id='par_1_93' title="bbox 396 4660 3555 4739">
     <span class='ocr_line' id='line_1_93' title="bbox 396 4660 3555 4739; baseline -0.004 -11"><span class='ocrx_word' id='word_1_701' title='bbox 396 4672 445 4705; x_wconf 82' lang='grc'><strong><em>⁸⁸</em></strong></span> <span class='ocrx_word' id='word_1_702' title='bbox 479 4670 605 4728; x_wconf 90' lang='lat' dir='ltr'><strong>Ose.</strong></span> <span class='ocrx_word' id='word_1_703' title='bbox 648 4687 725 4738; x_wconf 80' lang='lat' dir='ltr'><strong>tv,</strong></span> <span class='ocrx_word' id='word_1_704' title='bbox 757 4672 810 4730; x_wconf 88' lang='lat'><strong>6.</strong></span> <span class='ocrx_word' id='word_1_705' title='bbox 887 4672 936 4705; x_wconf 80' lang='lat'>“</span> <span class='ocrx_word' id='word_1_706' title='bbox 960 4670 1062 4727; x_wconf 89' lang='lat' dir='ltr'><strong>lsa.</strong></span> <span class='ocrx_word' id='word_1_707' title='bbox 1098 4670 1333 4736; x_wconf 70' lang='lat' dir='ltr'><strong>sxn,tO.</strong></span> <span class='ocrx_word' id='word_1_708' title='bbox 1414 4671 1457 4702; x_wconf 81' lang='lat'><strong>&quot;</strong></span> <span class='ocrx_word' id='word_1_709' title='bbox 1489 4669 1653 4738; x_wconf 81' lang='lat' dir='ltr'><strong>Apoc.</strong></span> <span class='ocrx_word' id='word_1_710' title='bbox 1694 4671 1830 4731; x_wconf 70' lang='lat'><strong>11.1.</strong></span> <span class='ocrx_word' id='word_1_711' title='bbox 1921 4670 1965 4702; x_wconf 71' lang='grc'><strong>⁸⁸</strong></span> <span class='ocrx_word' id='word_1_712' title='bbox 1998 4667 2098 4723; x_wconf 86' lang='lat' dir='ltr'><strong>lsa.</strong></span> <span class='ocrx_word' id='word_1_713' title='bbox 2143 4680 2268 4731; x_wconf 78' lang='lat' dir='ltr'><strong>Lm,</strong></span> <span class='ocrx_word' id='word_1_714' title='bbox 2309 4665 2394 4732; x_wconf 71' lang='lat'><strong>10;</strong></span> <span class='ocrx_word' id='word_1_715' title='bbox 2428 4666 2668 4734; x_wconf 59' lang='lat'><strong>“11,14.</strong></span> <span class='ocrx_word' id='word_1_716' title='bbox 2745 4665 2788 4699; x_wconf 76' lang='grc'>⁸³</span> <span class='ocrx_word' id='word_1_717' title='bbox 2819 4664 3038 4739; x_wconf 47' lang='lat' dir='ltr'><strong>Rom}.</strong></span> <span class='ocrx_word' id='word_1_718' title='bbox 3063 4664 3120 4719; x_wconf 86' lang='lat'><strong>6.</strong></span> <span class='ocrx_word' id='word_1_719' title='bbox 3193 4663 3282 4717; x_wconf 85' lang='grc'><strong>⁷⁰1</strong></span> <span class='ocrx_word' id='word_1_720' title='bbox 3314 4660 3459 4718; x_wconf 87' lang='lat' dir='ltr'><strong>Petr.</strong></span> <span class='ocrx_word' id='word_1_721' title='bbox 3494 4676 3555 4727; x_wconf 86' lang='lat' dir='ltr'><strong>tt,</strong></span> 
     </span>
    </p>
   </div>
   <div class='ocr_carea' id='block_1_94' title="bbox 322 4738 1649 4809">
    <p class='ocr_par' dir='ltr' id='par_1_94' title="bbox 322 4738 1649 4809">
     <span class='ocr_line' id='line_1_94' title="bbox 322 4738 1649 4809; baseline -0.005 -10"><span class='ocrx_word' id='word_1_722' title='bbox 322 4742 377 4799; x_wconf 90' lang='lat'><strong>9.</strong></span> <span class='ocrx_word' id='word_1_723' title='bbox 454 4744 499 4775; x_wconf 76' lang='grc' dir='ltr'>ἰ</span> <span class='ocrx_word' id='word_1_724' title='bbox 529 4742 719 4799; x_wconf 79' lang='lat' dir='ltr'><strong>Matth.</strong></span> <span class='ocrx_word' id='word_1_725' title='bbox 777 4757 896 4809; x_wconf 87' lang='lat' dir='ltr'><strong>xm,</strong></span> <span class='ocrx_word' id='word_1_726' title='bbox 950 4743 1038 4797; x_wconf 79' lang='lat'><strong>&#39;51.</strong></span> <span class='ocrx_word' id='word_1_727' title='bbox 1148 4738 1649 4805; x_wconf 70' lang='lat' dir='ltr'><strong>&quot;IlCor.vr,10.</strong></span> 
     </span>
    </p>
   </div>
   <div class='ocr_carea' id='block_1_95' title="bbox 422 4917 1886 4992">
    <p class='ocr_par' dir='ltr' id='par_1_95' title="bbox 422 4917 1886 4992">
     <span class='ocr_line' id='line_1_95' title="bbox 422 4917 1886 4992; baseline -0.005 -15"><span class='ocrx_word' id='word_1_728' title='bbox 422 4920 514 4992; x_wconf 64' lang='grc'><strong>88)</strong></span> <span class='ocrx_word' id='word_1_729' title='bbox 542 4922 644 4985; x_wconf 78' lang='grc' dir='ltr'><strong>Ἐξ</strong></span> <span class='ocrx_word' id='word_1_730' title='bbox 665 4920 1042 4991; x_wconf 74' lang='grc' dir='ltr'>ἐλεουμένου.</span> <span class='ocrx_word' id='word_1_731' title='bbox 1057 4920 1116 4975; x_wconf 82' lang='lat' dir='ltr'><strong>In</strong></span> <span class='ocrx_word' id='word_1_732' title='bbox 1139 4920 1479 4992; x_wconf 79' lang='lat' dir='ltr'><strong>quibusdam,</strong></span> <span class='ocrx_word' id='word_1_733' title='bbox 1509 4917 1698 4992; x_wconf 82' lang='grc' dir='ltr'>ὲξηλεη</span> <span class='ocrx_word' id='word_1_734' title='bbox 1709 4918 1886 4992; x_wconf 86' lang='grc' dir='ltr'>μένου.</span> 
     </span>
    </p>
   </div>
   <div class='ocr_carea' id='block_1_96' title="bbox 424 4991 1891 5063">
    <p class='ocr_par' dir='ltr' id='par_1_96' title="bbox 424 4991 1891 5063">
     <span class='ocr_line' id='line_1_96' title="bbox 424 4991 1891 5063; baseline -0.003 -17"><span class='ocrx_word' id='word_1_735' title='bbox 424 4991 514 5063; x_wconf 89' lang='grc'><strong>86)</strong></span> <span class='ocrx_word' id='word_1_736' title='bbox 548 4992 640 5059; x_wconf 76' lang='grc' dir='ltr'>Ὠς</span> <span class='ocrx_word' id='word_1_737' title='bbox 693 4992 988 5063; x_wconf 69' lang='lat' dir='ltr'><strong>’Iwa&#39;m-nc.</strong></span> <span class='ocrx_word' id='word_1_738' title='bbox 1046 4991 1254 5062; x_wconf 79' lang='lat' dir='ltr'><strong>Augeli,</strong></span> <span class='ocrx_word' id='word_1_739' title='bbox 1307 4991 1374 5046; x_wconf 90' lang='lat' dir='ltr'><strong>de</strong></span> <span class='ocrx_word' id='word_1_740' title='bbox 1425 4991 1617 5061; x_wconf 87' lang='lat' dir='ltr'><strong>quibus</strong></span> <span class='ocrx_word' id='word_1_741' title='bbox 1657 4991 1891 5057; x_wconf 81' lang='lat' dir='ltr'><strong>loquitur</strong></span> 
     </span>
    </p>
   </div>
   <div class='ocr_carea' id='block_1_97' title="bbox 327 5059 1013 5129">
    <p class='ocr_par' dir='ltr' id='par_1_97' title="bbox 327 5059 1013 5129">
     <span class='ocr_line' id='line_1_97' title="bbox 327 5059 1013 5129; baseline -0.003 -12"><span class='ocrx_word' id='word_1_742' title='bbox 327 5059 585 5127; x_wconf 82' lang='lat' dir='ltr'><strong>Joannes,</strong></span> <span class='ocrx_word' id='word_1_743' title='bbox 611 5071 737 5116; x_wconf 89' lang='lat' dir='ltr'><strong>sunt</strong></span> <span class='ocrx_word' id='word_1_744' title='bbox 759 5061 1013 5129; x_wconf 82' lang='lat' dir='ltr'><strong>episcopi.</strong></span> 
     </span>
    </p>
   </div>
   <div class='ocr_carea' id='block_1_98' title="bbox 400 5127 1886 5201">
    <p class='ocr_par' dir='ltr' id='par_1_98' title="bbox 400 5127 1886 5201">
     <span class='ocr_line' id='line_1_98' title="bbox 400 5127 1886 5201; baseline -0.001 -18"><span class='ocrx_word' id='word_1_745' title='bbox 400 5130 512 5201; x_wconf 54' lang='lat' dir='ltr'><strong>L87)</strong></span> <span class='ocrx_word' id='word_1_746' title='bbox 555 5131 686 5185; x_wconf 85' lang='grc' dir='ltr'><strong>Νῦν</strong></span> <span class='ocrx_word' id='word_1_747' title='bbox 698 5127 955 5201; x_wconf 44' lang='grc' dir='ltr'><strong>μὲν-ἐπι,</strong></span> <span class='ocrx_word' id='word_1_748' title='bbox 981 5141 1103 5201; x_wconf 77' lang='lat' dir='ltr'><strong>ete._</strong></span> <span class='ocrx_word' id='word_1_749' title='bbox 1116 5127 1270 5201; x_wconf 57' lang='lat' dir='ltr'><strong>:l‘unc</strong></span> <span class='ocrx_word' id='word_1_750' title='bbox 1299 5128 1527 5201; x_wconf 77' lang='lat' dir='ltr'><strong>scilicet,</strong></span> <span class='ocrx_word' id='word_1_751' title='bbox 1553 5129 1621 5185; x_wconf 90' lang='lat' dir='ltr'><strong>ob</strong></span> <span class='ocrx_word' id='word_1_752' title='bbox 1649 5127 1886 5201; x_wconf 66' lang='lat' dir='ltr'><strong>edictum</strong></span> 
     </span>
    </p>
   </div>
   <div class='ocr_carea' id='block_1_99' title="bbox 327 5195 1887 5268">
    <p class='ocr_par' dir='ltr' id='par_1_99' title="bbox 327 5195 1887 5268">
     <span class='ocr_line' id='line_1_99' title="bbox 327 5195 1887 5268; baseline -0.001 -14"><span class='ocrx_word' id='word_1_753' title='bbox 327 5216 358 5254; x_wconf 88' lang='lat' dir='ltr'><strong>a</strong></span> <span class='ocrx_word' id='word_1_754' title='bbox 389 5195 776 5255; x_wconf 37' lang='lat' dir='ltr'><strong>Theodosio’lo</strong></span> <span class='ocrx_word' id='word_1_755' title='bbox 805 5198 1043 5253; x_wconf 86' lang='lat' dir='ltr'><strong>Januarii</strong></span> <span class='ocrx_word' id='word_1_756' title='bbox 1074 5198 1170 5252; x_wconf 75' lang='lat'><strong>381</strong></span> <span class='ocrx_word' id='word_1_757' title='bbox 1227 5199 1641 5268; x_wconf 80' lang='lat' dir='ltr'><strong>promulgatum,</strong></span> <span class='ocrx_word' id='word_1_758' title='bbox 1687 5195 1887 5253; x_wconf 86' lang='lat' dir='ltr'><strong>Catho-</strong></span> 
     </span>
    </p>
   </div>
   <div class='ocr_carea' id='block_1_100' title="bbox 324 5268 1640 5338">
    <p class='ocr_par' dir='ltr' id='par_1_100' title="bbox 324 5268 1640 5338">
     <span class='ocr_line' id='line_1_100' title="bbox 324 5268 1640 5338; baseline -0.004 -13"><span class='ocrx_word' id='word_1_759' title='bbox 324 5270 442 5331; x_wconf 88' lang='lat' dir='ltr'><strong>lici,</strong></span> <span class='ocrx_word' id='word_1_760' title='bbox 465 5271 632 5338; x_wconf 87' lang='lat' dir='ltr'><strong>pulsis</strong></span> <span class='ocrx_word' id='word_1_761' title='bbox 658 5270 959 5334; x_wconf 68' lang='lat' dir='ltr'><strong>haereticis;</strong></span> <span class='ocrx_word' id='word_1_762' title='bbox 984 5268 1251 5322; x_wconf 84' lang='lat' dir='ltr'><strong>Ecclesias</strong></span> <span class='ocrx_word' id='word_1_763' title='bbox 1287 5270 1640 5338; x_wconf 68' lang='lat' dir='ltr'><strong>occupabant.</strong></span> 
     </span>
    </p>
   </div>
   <div class='ocr_carea' id='block_1_101' title="bbox 399 5336 1893 5410">
    <p class='ocr_par' dir='ltr' id='par_1_101' title="bbox 399 5336 1893 5410">
     <span class='ocr_line' id='line_1_101' title="bbox 399 5336 1893 5410; baseline -0.003 -17"><span class='ocrx_word' id='word_1_764' title='bbox 399 5336 512 5410; x_wconf 84' lang='grc'>(88)</span> <span class='ocrx_word' id='word_1_765' title='bbox 556 5340 907 5408; x_wconf 67' lang='grc' dir='ltr'>Σχοίνισμαν,</span> <span class='ocrx_word' id='word_1_766' title='bbox 943 5348 1048 5393; x_wconf 83' lang='lat' dir='ltr'><strong>etc.</strong></span> <span class='ocrx_word' id='word_1_767' title='bbox 1094 5356 1111 5386; x_wconf 82' lang='grc' dir='ltr'><strong>ι</strong></span> <span class='ocrx_word' id='word_1_768' title='bbox 1144 5336 1435 5410; x_wconf 79' lang='lat' dir='ltr'><strong>Funiculus</strong></span> <span class='ocrx_word' id='word_1_769' title='bbox 1472 5336 1893 5410; x_wconf 24' lang='lat' dir='ltr'><strong>Dotninitfortis-r</strong></span> 
     </span>
    </p>
   </div>
   <div class='ocr_carea' id='block_1_102' title="bbox 322 5407 1890 5477">
    <p class='ocr_par' dir='ltr' id='par_1_102' title="bbox 322 5407 1890 5477">
     <span class='ocr_line' id='line_1_102' title="bbox 322 5407 1890 5477; baseline -0.002 -13"><span class='ocrx_word' id='word_1_770' title='bbox 322 5407 518 5472; x_wconf 82' lang='lat' dir='ltr'><strong>simus,</strong></span> <span class='ocrx_word' id='word_1_771' title='bbox 556 5427 576 5459; x_wconf 76' lang='grc' dir='ltr'><strong>ι</strong></span> <span class='ocrx_word' id='word_1_772' title='bbox 605 5407 678 5462; x_wconf 77' lang='lat' dir='ltr'><strong>id</strong></span> <span class='ocrx_word' id='word_1_773' title='bbox 711 5418 816 5472; x_wconf 90' lang='lat' dir='ltr'><strong>est,</strong></span> <span class='ocrx_word' id='word_1_774' title='bbox 861 5426 881 5460; x_wconf 77' lang='grc' dir='ltr'><strong>ι</strong></span> <span class='ocrx_word' id='word_1_775' title='bbox 919 5422 1064 5477; x_wconf 85' lang='lat' dir='ltr'><strong>pars,</strong></span> <span class='ocrx_word' id='word_1_776' title='bbox 1110 5425 1131 5459; x_wconf 69' lang='grc' dir='ltr'><strong>ι</strong></span> <span class='ocrx_word' id='word_1_777' title='bbox 1163 5423 1256 5463; x_wconf 90' lang='lat' dir='ltr'><strong>seu</strong></span> <span class='ocrx_word' id='word_1_778' title='bbox 1315 5424 1334 5458; x_wconf 84' lang='grc' dir='ltr'><strong>ι</strong></span> <span class='ocrx_word' id='word_1_779' title='bbox 1371 5407 1653 5461; x_wconf 84' lang='lat' dir='ltr'><strong>haereditas</strong></span> <span class='ocrx_word' id='word_1_780' title='bbox 1681 5407 1890 5461; x_wconf 90' lang='lat' dir='ltr'><strong>Domini</strong></span> 
     </span>
    </p>
   </div>
   <div class='ocr_carea' id='block_1_103' title="bbox 319 5477 841 5549">
    <p class='ocr_par' dir='ltr' id='par_1_103' title="bbox 319 5477 841 5549">
     <span class='ocr_line' id='line_1_103' title="bbox 319 5477 841 5549; baseline -0.004 -18"><span class='ocrx_word' id='word_1_781' title='bbox 319 5477 785 5549; x_wconf 64' lang='lat' dir='ltr'><strong>praestantissima.</strong></span> <span class='ocrx_word' id='word_1_782' title='bbox 820 5497 841 5529; x_wconf 76' lang='grc' dir='ltr'><strong>ι</strong></span> 
     </span>
    </p>
   </div>
   <div class='ocr_carea' id='block_1_104' title="bbox 398 5544 1890 5617">
    <p class='ocr_par' dir='ltr' id='par_1_104' title="bbox 398 5544 1890 5617">
     <span class='ocr_line' id='line_1_104' title="bbox 398 5544 1890 5617; baseline -0.003 -15"><span class='ocrx_word' id='word_1_783' title='bbox 398 5548 512 5615; x_wconf 77' lang='grc'>(89)</span> <span class='ocrx_word' id='word_1_784' title='bbox 546 5548 797 5615; x_wconf 83' lang='grc' dir='ltr'>Λαμπὰς</span> <span class='ocrx_word' id='word_1_785' title='bbox 819 5547 1109 5617; x_wconf 80' lang='grc' dir='ltr'>οὐράνιος.</span> <span class='ocrx_word' id='word_1_786' title='bbox 1155 5544 1369 5602; x_wconf 87' lang='lat' dir='ltr'><strong>Nicetas</strong></span> <span class='ocrx_word' id='word_1_787' title='bbox 1415 5544 1656 5615; x_wconf 77' lang='lat' dir='ltr'><strong>exponit,</strong></span> <span class='ocrx_word' id='word_1_788' title='bbox 1684 5544 1890 5617; x_wconf 75' lang='grc' dir='ltr'>πυρσὸς</span> 
     </span>
    </p>
   </div>
   <div class='ocr_carea' id='block_1_105' title="bbox 328 5616 1889 5743">
    <p class='ocr_par' dir='ltr' id='par_1_105' title="bbox 328 5616 1889 5743">
     <span class='ocr_line' id='line_1_105' title="bbox 328 5616 1889 5689; baseline 0.001 -20"><span class='ocrx_word' id='word_1_789' title='bbox 328 5616 504 5687; x_wconf 82' lang='grc' dir='ltr'>μέγας</span> <span class='ocrx_word' id='word_1_790' title='bbox 551 5618 646 5670; x_wconf 74' lang='grc' dir='ltr'><strong>καὶ</strong></span> <span class='ocrx_word' id='word_1_791' title='bbox 692 5616 895 5689; x_wconf 83' lang='grc' dir='ltr'>ἀέριος,</span> <span class='ocrx_word' id='word_1_792' title='bbox 929 5637 949 5672; x_wconf 79' lang='grc' dir='ltr'><strong>ι</strong></span> <span class='ocrx_word' id='word_1_793' title='bbox 996 5617 1210 5675; x_wconf 85' lang='lat' dir='ltr'><strong>ﬂamma</strong></span> <span class='ocrx_word' id='word_1_794' title='bbox 1258 5617 1443 5687; x_wconf 82' lang='lat' dir='ltr'><strong>ingens</strong></span> <span class='ocrx_word' id='word_1_795' title='bbox 1475 5629 1699 5674; x_wconf 82' lang='lat' dir='ltr'><strong>accensa</strong></span> <span class='ocrx_word' id='word_1_796' title='bbox 1724 5627 1777 5672; x_wconf 88' lang='lat' dir='ltr'><strong>et</strong></span> <span class='ocrx_word' id='word_1_797' title='bbox 1831 5616 1889 5672; x_wconf 81' lang='lat' dir='ltr'><strong>in</strong></span> 
     </span>
     <span class='ocr_line' id='line_1_106' title="bbox 328 5686 822 5743; baseline -0.004 -2"><span class='ocrx_word' id='word_1_798' title='bbox 328 5701 507 5743; x_wconf 84' lang='lat' dir='ltr'><strong>aerem</strong></span> <span class='ocrx_word' id='word_1_799' title='bbox 532 5686 765 5743; x_wconf 85' lang='lat' dir='ltr'><strong>sublata.</strong></span> <span class='ocrx_word' id='word_1_800' title='bbox 803 5705 822 5739; x_wconf 77' lang='grc' dir='ltr'><strong>ι</strong></span> 
     </span>
    </p>
   </div>
   <div class='ocr_carea' id='block_1_106' title="bbox 325 5696 822 5744">
    <p class='ocr_par' dir='ltr' id='par_1_106' title="bbox 325 5696 822 5744">
     <span class='ocr_line' id='line_1_107' title="bbox 325 5696 822 5744; baseline -0.006 -2"><span class='ocrx_word' id='word_1_801' title='bbox 325 5701 507 5743; x_wconf 83' lang='lat' dir='ltr'><strong>aerem</strong></span> <span class='ocrx_word' id='word_1_802' title='bbox 532 5696 765 5744; x_wconf 86' lang='lat' dir='ltr'><strong>sublata.</strong></span> <span class='ocrx_word' id='word_1_803' title='bbox 803 5705 822 5739; x_wconf 77' lang='grc' dir='ltr'><strong>ι</strong></span> 
     </span>
    </p>
   </div>
   <div class='ocr_carea' id='block_1_107' title="bbox 2063 4910 3341 4984">
    <p class='ocr_par' dir='ltr' id='par_1_107' title="bbox 2063 4910 3341 4984">
     <span class='ocr_line' id='line_1_108' title="bbox 2063 4910 3341 4984; baseline -0.006 -13"><span class='ocrx_word' id='word_1_804' title='bbox 2063 4914 2176 4984; x_wconf 88' lang='grc'>(90)</span> <span class='ocrx_word' id='word_1_805' title='bbox 2215 4915 2475 4978; x_wconf 78' lang='grc' dir='ltr'>Νάπυος.</span> <span class='ocrx_word' id='word_1_806' title='bbox 2520 4911 2653 4984; x_wconf 63' lang='lat' dir='ltr'><strong>Beg.</strong></span> <span class='ocrx_word' id='word_1_807' title='bbox 2680 4911 2751 4981; x_wconf 86' lang='lat' dir='ltr'><strong>ph</strong></span> <span class='ocrx_word' id='word_1_808' title='bbox 2777 4910 2954 4984; x_wconf 63' lang='lat' dir='ltr'><strong>etpr.</strong></span> <span class='ocrx_word' id='word_1_809' title='bbox 2978 4911 3043 4984; x_wconf 75' lang='lat'><strong>2,_</strong></span> <span class='ocrx_word' id='word_1_810' title='bbox 3067 4910 3341 4984; x_wconf 84' lang='grc' dir='ltr'>σινάπυος.</span> 
     </span>
    </p>
   </div>
   <div class='ocr_carea' id='block_1_108' title="bbox 2063 4980 3552 5055">
    <p class='ocr_par' dir='ltr' id='par_1_108' title="bbox 2063 4980 3552 5055">
     <span class='ocr_line' id='line_1_109' title="bbox 2063 4980 3552 5055; baseline -0.005 -15"><span class='ocrx_word' id='word_1_811' title='bbox 2063 4980 2172 5055; x_wconf 80' lang='grc'>(91)</span> <span class='ocrx_word' id='word_1_812' title='bbox 2194 4986 2495 5055; x_wconf 75' lang='grc' dir='ltr'>Ποιμένες.</span> <span class='ocrx_word' id='word_1_813' title='bbox 2525 4980 2695 5037; x_wconf 70' lang='lat' dir='ltr'><strong>Gabr.</strong></span> <span class='ocrx_word' id='word_1_814' title='bbox 2706 4988 2760 5036; x_wconf 88' lang='lat' dir='ltr'><strong>et</strong></span> <span class='ocrx_word' id='word_1_815' title='bbox 2777 4980 2896 5037; x_wconf 85' lang='lat' dir='ltr'><strong>Bill.</strong></span> <span class='ocrx_word' id='word_1_816' title='bbox 2944 4982 3167 5047; x_wconf 87' lang='lat' dir='ltr'><strong>addunt,</strong></span> <span class='ocrx_word' id='word_1_817' title='bbox 3199 4981 3291 5033; x_wconf 78' lang='grc' dir='ltr'>καὶ</span> <span class='ocrx_word' id='word_1_818' title='bbox 3325 4995 3552 5051; x_wconf 83' lang='grc' dir='ltr'>συμποι-</span> 
     </span>
    </p>
   </div>
   <div class='ocr_carea' id='block_1_109' title="bbox 1995 5053 2637 5125">
    <p class='ocr_par' dir='ltr' id='par_1_109' title="bbox 1995 5053 2637 5125">
     <span class='ocr_line' id='line_1_110' title="bbox 1995 5053 2637 5125; baseline -0.008 -18"><span class='ocrx_word' id='word_1_819' title='bbox 1995 5053 2173 5125; x_wconf 82' lang='grc' dir='ltr'>μένες,</span> <span class='ocrx_word' id='word_1_820' title='bbox 2206 5072 2225 5105; x_wconf 84' lang='lat' dir='ltr'><strong>t</strong></span> <span class='ocrx_word' id='word_1_821' title='bbox 2262 5067 2317 5125; x_wconf 68' lang='lat' dir='ltr'><strong>et</strong></span> <span class='ocrx_word' id='word_1_822' title='bbox 2346 5053 2580 5125; x_wconf 57' lang='lat' dir='ltr'><strong>collega}.</strong></span> <span class='ocrx_word' id='word_1_823' title='bbox 2618 5069 2637 5102; x_wconf 73' lang='grc' dir='ltr'><strong>ι</strong></span> 
     </span>
    </p>
   </div>
   <div class='ocr_carea' id='block_1_110' title="bbox 1992 5117 3553 5250">
    <p class='ocr_par' dir='ltr' id='par_1_110' title="bbox 1992 5117 3553 5250">
     <span class='ocr_line' id='line_1_111' title="bbox 1996 5117 3553 5194; baseline -0.003 -16"><span class='ocrx_word' id='word_1_824' title='bbox 1996 5117 2009 5125; x_wconf 89' lang='grc'><em>’</em></span> <span class='ocrx_word' id='word_1_825' title='bbox 2062 5117 2174 5194; x_wconf 76' lang='lat'><strong>(92)</strong></span> <span class='ocrx_word' id='word_1_826' title='bbox 2215 5117 2508 5193; x_wconf 69' lang='grc' dir='ltr'>Εἶχομενῖ</span> <span class='ocrx_word' id='word_1_827' title='bbox 2525 5121 2616 5176; x_wconf 86' lang='lat' dir='ltr'><strong>Sic</strong></span> <span class='ocrx_word' id='word_1_828' title='bbox 2648 5132 2759 5178; x_wconf 90' lang='lat' dir='ltr'><strong>tres</strong></span> <span class='ocrx_word' id='word_1_829' title='bbox 2805 5120 2995 5192; x_wconf 83' lang='lat' dir='ltr'><strong>Regg.,</strong></span> <span class='ocrx_word' id='word_1_830' title='bbox 3045 5128 3274 5190; x_wconf 90' lang='lat' dir='ltr'><strong>quatuor</strong></span> <span class='ocrx_word' id='word_1_831' title='bbox 3317 5117 3467 5174; x_wconf 87' lang='lat' dir='ltr'><strong>Colb.</strong></span> <span class='ocrx_word' id='word_1_832' title='bbox 3498 5128 3553 5175; x_wconf 91' lang='lat' dir='ltr'><strong>et</strong></span> 
     </span>
     <span class='ocr_line' id='line_1_112' title="bbox 1992 5191 2640 5250; baseline -0.009 0"><span class='ocrx_word' id='word_1_833' title='bbox 1992 5193 2086 5250; x_wconf 87' lang='lat' dir='ltr'><strong>0r.</strong></span> <span class='ocrx_word' id='word_1_834' title='bbox 2112 5194 2168 5249; x_wconf 91' lang='lat'><strong>2.</strong></span> <span class='ocrx_word' id='word_1_835' title='bbox 2194 5192 2250 5247; x_wconf 85' lang='lat' dir='ltr'><strong>In</strong></span> <span class='ocrx_word' id='word_1_836' title='bbox 2276 5196 2385 5250; x_wconf 89' lang='lat' dir='ltr'><strong>ed.,</strong></span> <span class='ocrx_word' id='word_1_837' title='bbox 2426 5191 2640 5250; x_wconf 74' lang='grc' dir='ltr'>ἔχομεν.</span> 
     </span>
    </p>
   </div>
   <div class='ocr_carea' id='block_1_111' title="bbox 2040 5196 2640 5255">
    <p class='ocr_par' dir='ltr' id='par_1_111' title="bbox 2040 5196 2640 5255">
     <span class='ocr_line' id='line_1_113' title="bbox 2040 5196 2640 5255; baseline -0.007 -7"><span class='ocrx_word' id='word_1_838' title='bbox 2040 5210 2086 5248; x_wconf 86' lang='lat' dir='ltr'><strong>r.</strong></span> <span class='ocrx_word' id='word_1_839' title='bbox 2112 5196 2168 5249; x_wconf 90' lang='lat'><strong>2.</strong></span> <span class='ocrx_word' id='word_1_840' title='bbox 2194 5196 2250 5247; x_wconf 85' lang='lat' dir='ltr'><strong>In</strong></span> <span class='ocrx_word' id='word_1_841' title='bbox 2276 5196 2385 5255; x_wconf 89' lang='lat' dir='ltr'><strong>ed.,</strong></span> <span class='ocrx_word' id='word_1_842' title='bbox 2426 5196 2640 5255; x_wconf 75' lang='grc' dir='ltr'>ἔχομεν.</span> 
     </span>
    </p>
   </div>
   <div class='ocr_carea' id='block_1_112' title="bbox 2061 5207 3547 5334">
    <p class='ocr_par' dir='ltr' id='par_1_112' title="bbox 2061 5207 3547 5334">
     <span class='ocr_line' id='line_1_114' title="bbox 2061 5207 2640 5260; baseline -0.003 -14"><span class='ocrx_word' id='word_1_843' title='bbox 2061 5211 2086 5246; x_wconf 68' lang='grc' dir='ltr'>ι.</span> <span class='ocrx_word' id='word_1_844' title='bbox 2112 5207 2168 5249; x_wconf 73' lang='lat'><strong>2.</strong></span> <span class='ocrx_word' id='word_1_845' title='bbox 2194 5207 2250 5247; x_wconf 88' lang='lat' dir='ltr'><strong>tn</strong></span> <span class='ocrx_word' id='word_1_846' title='bbox 2276 5207 2385 5255; x_wconf 83' lang='lat' dir='ltr'><strong>ed.,</strong></span> <span class='ocrx_word' id='word_1_847' title='bbox 2426 5207 2640 5260; x_wconf 90' lang='grc' dir='ltr'>εχομεν.</span> 
     </span>
     <span class='ocr_line' id='line_1_115' title="bbox 2061 5257 3547 5334; baseline -0.002 -15"><span class='ocrx_word' id='word_1_848' title='bbox 2061 5261 2493 5334; x_wconf 37' lang='grc' dir='ltr'><strong>(95)ῌΟὐδενὸς</strong></span> <span class='ocrx_word' id='word_1_849' title='bbox 2534 5258 2675 5324; x_wconf 81' lang='grc' dir='ltr'>ἀξια</span> <span class='ocrx_word' id='word_1_850' title='bbox 2728 5262 2932 5331; x_wconf 73' lang='grc' dir='ltr'>λόγου.</span> <span class='ocrx_word' id='word_1_851' title='bbox 2971 5257 3060 5314; x_wconf 86' lang='lat' dir='ltr'><strong>Sic</strong></span> <span class='ocrx_word' id='word_1_852' title='bbox 3110 5257 3351 5329; x_wconf 88' lang='lat' dir='ltr'><strong>plerique</strong></span> <span class='ocrx_word' id='word_1_853' title='bbox 3390 5258 3547 5316; x_wconf 87' lang='lat' dir='ltr'><strong>codd.</strong></span> 
     </span>
    </p>
   </div>
   <div class='ocr_carea' id='block_1_113' title="bbox 1996 5331 2466 5395">
    <p class='ocr_par' dir='ltr' id='par_1_113' title="bbox 1996 5331 2466 5395">
     <span class='ocr_line' id='line_1_116' title="bbox 1996 5331 2466 5395; baseline -0.013 -6"><span class='ocrx_word' id='word_1_854' title='bbox 1996 5331 2162 5389; x_wconf 77' lang='lat' dir='ltr'><strong>Deest</strong></span> <span class='ocrx_word' id='word_1_855' title='bbox 2177 5331 2303 5395; x_wconf 77' lang='grc' dir='ltr'>ἄξια</span> <span class='ocrx_word' id='word_1_856' title='bbox 2326 5333 2377 5385; x_wconf 92' lang='lat' dir='ltr'><strong>in</strong></span> <span class='ocrx_word' id='word_1_857' title='bbox 2401 5335 2466 5384; x_wconf 80' lang='lat' dir='ltr'><strong>ed</strong></span> 
     </span>
    </p>
   </div>
   <div class='ocr_carea' id='block_1_114' title="bbox 2065 5397 3424 5473">
    <p class='ocr_par' dir='ltr' id='par_1_114' title="bbox 2065 5397 3424 5473">
     <span class='ocr_line' id='line_1_117' title="bbox 2065 5397 3424 5473; baseline -0.003 -18"><span class='ocrx_word' id='word_1_858' title='bbox 2065 5402 2178 5473; x_wconf 71' lang='grc'>(94)</span> <span class='ocrx_word' id='word_1_859' title='bbox 2212 5402 2304 5467; x_wconf 83' lang='grc' dir='ltr'>Ὡς</span> <span class='ocrx_word' id='word_1_860' title='bbox 2327 5401 2465 5473; x_wconf 47' lang='lat' dir='ltr'><strong>diu}.</strong></span> <span class='ocrx_word' id='word_1_861' title='bbox 2503 5398 2891 5473; x_wconf 81' lang='lat' dir='ltr'><strong>Sic_Reg._bm.</strong></span> <span class='ocrx_word' id='word_1_862' title='bbox 2918 5399 3094 5473; x_wconf 70' lang='lat' dir='ltr'><strong>Deest</strong></span> <span class='ocrx_word' id='word_1_863' title='bbox 3122 5397 3233 5473; x_wconf 82' lang='grc' dir='ltr'><strong>ἀπό</strong></span> <span class='ocrx_word' id='word_1_864' title='bbox 3244 5398 3311 5473; x_wconf 89' lang='lat' dir='ltr'><strong>_i_n</strong></span> <span class='ocrx_word' id='word_1_865' title='bbox 3338 5413 3424 5453; x_wconf 89' lang='lat' dir='ltr'><strong>eo.</strong></span> 
     </span>
    </p>
   </div>
   <div class='ocr_carea' id='block_1_115' title="bbox 2063 5467 3550 5542">
    <p class='ocr_par' dir='ltr' id='par_1_115' title="bbox 2063 5467 3550 5542">
     <span class='ocr_line' id='line_1_118' title="bbox 2063 5467 3550 5542; baseline -0.001 -17"><span class='ocrx_word' id='word_1_866' title='bbox 2063 5467 2173 5542; x_wconf 81' lang='grc'>(95)</span> <span class='ocrx_word' id='word_1_867' title='bbox 2212 5470 2531 5542; x_wconf 71' lang='grc' dir='ltr'>Σθενῶᾳαι.</span> <span class='ocrx_word' id='word_1_868' title='bbox 2587 5467 2725 5522; x_wconf 49' lang='lat' dir='ltr'><strong>Duo&#39;</strong></span> <span class='ocrx_word' id='word_1_869' title='bbox 2749 5467 2922 5542; x_wconf 56' lang='grc' dir='ltr'>βου»,</span> <span class='ocrx_word' id='word_1_870' title='bbox 2969 5468 3156 5532; x_wconf 86' lang='lat' dir='ltr'><strong>Gabr.,</strong></span> <span class='ocrx_word' id='word_1_871' title='bbox 3188 5469 3384 5538; x_wconf 84' lang='lat' dir='ltr'><strong>aliique</strong></span> <span class='ocrx_word' id='word_1_872' title='bbox 3418 5482 3550 5524; x_wconf 68' lang='lat' dir='ltr'><strong>now-</strong></span> 
     </span>
    </p>
   </div>
   <div class='ocr_carea' id='block_1_116' title="bbox 1990 5538 3056 5609">
    <p class='ocr_par' dir='ltr' id='par_1_116' title="bbox 1990 5538 3056 5609">
     <span class='ocr_line' id='line_1_119' title="bbox 1990 5538 3056 5609; baseline -0.008 -13"><span class='ocrx_word' id='word_1_873' title='bbox 1990 5538 2559 5609; x_wconf 80' lang='grc' dir='ltr'>ηυΙΙί,’ὲνδυναμῶσαι,</span> <span class='ocrx_word' id='word_1_874' title='bbox 2582 5556 2617 5609; x_wconf 22' lang='grc' dir='ltr'>*ι</span> <span class='ocrx_word' id='word_1_875' title='bbox 2645 5538 3001 5609; x_wconf 81' lang='lat' dir='ltr'><strong>confortasse.</strong></span> <span class='ocrx_word' id='word_1_876' title='bbox 3036 5555 3056 5588; x_wconf 77' lang='grc' dir='ltr'><strong>ι</strong></span> 
     </span>
    </p>
   </div>
   <div class='ocr_carea' id='block_1_117' title="bbox 2059 5604 3543 5681">
    <p class='ocr_par' dir='ltr' id='par_1_117' title="bbox 2059 5604 3543 5681">
     <span class='ocr_line' id='line_1_120' title="bbox 2059 5604 3543 5681; baseline -0.002 -16"><span class='ocrx_word' id='word_1_877' title='bbox 2059 5604 2172 5681; x_wconf 90' lang='grc'>(96)</span> <span class='ocrx_word' id='word_1_878' title='bbox 2242 5604 2737 5681; x_wconf 74' lang='grc' dir='ltr'>Ἐπάινουμένων.</span> <span class='ocrx_word' id='word_1_879' title='bbox 2778 5608 2927 5681; x_wconf 78' lang='lat' dir='ltr'><strong>_Reg.</strong></span> <span class='ocrx_word' id='word_1_880' title='bbox 2985 5609 3097 5675; x_wconf 84' lang='lat' dir='ltr'><strong>bm,</strong></span> <span class='ocrx_word' id='word_1_881' title='bbox 3145 5604 3236 5662; x_wconf 88' lang='lat' dir='ltr'><strong>0r.</strong></span> <span class='ocrx_word' id='word_1_882' title='bbox 3279 5605 3543 5675; x_wconf 74' lang='lat' dir='ltr'><strong>i,Gabr.,</strong></span> 
     </span>
    </p>
   </div>
   <div class='ocr_carea' id='block_1_118' title="bbox 1988 5678 2917 5749">
    <p class='ocr_par' dir='ltr' id='par_1_118' title="bbox 1988 5678 2917 5749">
     <span class='ocr_line' id='line_1_121' title="bbox 1988 5678 2917 5749; baseline -0.002 -12"><span class='ocrx_word' id='word_1_883' title='bbox 1988 5678 2173 5739; x_wconf 79' lang='lat' dir='ltr'><strong>Cotub.</strong></span> <span class='ocrx_word' id='word_1_884' title='bbox 2213 5682 2428 5748; x_wconf 87' lang='lat' dir='ltr'><strong>addunt,</strong></span> <span class='ocrx_word' id='word_1_885' title='bbox 2462 5678 2555 5734; x_wconf 78' lang='grc' dir='ltr'>καὶ</span> <span class='ocrx_word' id='word_1_886' title='bbox 2579 5678 2917 5749; x_wconf 84' lang='grc' dir='ltr'>τιμωμένων.</span> 
     </span>
    </p>
   </div>
  </div>
