3902 6218
333 223 437 281 471

1548 223 1608 282 S.
1651 225 1980 284 GREGORI]
2021 225 2368 284 THEOLOGI

3502 228 3613 284 479.

334 337 758 394 existimandum
786 347 871 396 est
912 340 1095 413 (liceat
1125 342 1257 397 mihi
1325 354 1540 413 quoque
1601 357 1699 413 per
1732 359 1829 400 vos
1868 346 2114 402 nonnihil
2181 348 2287 402 hoc
2366 344 2586 401 nomine
2636 340 2904 415 gloriari),
2951 340 3190 412 aliquam
3235 340 3338 412 ipsi
3392 357 3617 416 quoque

332 438 543 502 partem
575 431 685 499 his,
714 446 836 503 qua:
857 433 1074 500 videtis,
1100 433 1444 490 contulimus.

407 523 502 580 XI.
544 523 693 580 Tolle
746 540 844 595 per
890 525 1181 581 circuitum
1230 527 1418 583 oculos
1463 537 1607 594 tuos,
1667 527 1832 599 756
1857 535 1914 583 et

2085 525 2189 580 IA'.
2219 521 2390 596 τΑρον
2419 520 2606 592 κύκλῳ
2662 519 2792 585 τοὺς
2821 518 3136 591 ὀφθαλμούς
3166 536 3283 584 σου,
3343 520 3439 573 καὶ
3487 521 3565 575 ἴδε
3593 563 3612 592 ,

336 615 480 682 vide,
529 615 774 686 quisquis
824 630 907 683 es,
944 617 1037 687 qui
1065 617 1328 674 doctrina:
1383 628 1584 676 nostrae
1634 635 1918 676 censuram

335 704 496 761 facis.
534 704 668 761 Vide
699 715 897 761 textam
933 707 1074 762 banc
1094 708 1284 778 gloriae
1315 723 1595 776 coronam,
1646 726 1746 779 pro
1780 727 1921 767 mer-

337 798 574 854 cenariis
629 798 909 868 Ephraim,
945 808 1004 856 et
1046 814 1248 857 corona
1285 803 1734 859 contumeliae".
1787 803 1921 861 Vide

337 888 784 960 presbyterorum
824 891 1140 958 concilium,
1191 894 1396 950 canitie
1428 903 1484 951 et
1521 896 1804 967 prudentia
1829 913 1921 953 or-

339 987 613 1045 natorum,
665 980 1024 1036 diaconorum
1082 983 1431 1052 modestiam,
1482 1001 1589 1041 non
1629 987 1818 1057 procul
1855 987 1923 1044 ab

339 1071 527 1126 eodem
557 1071 765 1142 Spiritu
793 1083 1152 1142 remotorum,
1181 1075 1446 1132 lectorum
1475 1080 1922 1148 concinnitatem,

336 1161 512 1232 plebis
545 1165 787 1221 discendi
830 1167 1090 1235 studium,
1129 1176 1237 1223 tam
1274 1168 1327 1223 in
1362 1170 1517 1237 viris,
1554 1186 1715 1242 quam
1751 1173 1803 1227 in
1830 1170 1916 1227 Ie-

338 1255 524 1321 minis,
555 1257 774 1313 virtutis
804 1259 1010 1316 honore
1050 1263 1270 1330 paribus
1296 1281 1311 1317 :
1335 1278 1401 1319 ac
1434 1279 1624 1319 rursus
1656 1264 1920 1331 virorum,

339 1357 451 1403 tam
486 1349 540 1404 in
570 1350 926 1421 philosophis,
968 1368 1129 1423 quam
1178 1355 1232 1409 in
1276 1355 1716 1424 simplicioribus,
1749 1356 1926 1412 omni-

339 1441 443 1498 bus
475 1442 783 1498 divinarum
817 1458 998 1500 rerum
1058 1445 1327 1515 sapientia
1377 1447 1649 1517 praeditis;
1712 1457 1824 1502 tam
1869 1447 1923 1502 in

345 1530 642 1602 praefectis,
687 1550 848 1605 quam
885 1537 939 1591 in
968 1538 1220 1604 subditis,
1252 1539 1342 1593 hic
1374 1539 1629 1596 videlicet
1673 1540 1926 1595 omnibus

342 1634 495 1681 recte
521 1625 814 1695 subjectis;
860 1636 971 1682 tam
1020 1628 1072 1683 in
1114 1628 1394 1696 militibus,
1425 1645 1587 1701 quam
1634 1630 1688 1685 iu
1726 1631 1925 1686 nobili-

338 1717 463 1785 bus,
496 1732 562 1773 ac
590 1719 850 1774 studiosis
891 1727 945 1774 et
988 1718 1269 1788 litteratis,
1313 1722 1568 1777 omnibus
1605 1722 1699 1777 Dei
1741 1723 1927 1777 militi-

338 1811 463 1876 bus,
492 1819 692 1868 caetera
717 1812 933 1880 quidem
968 1812 1198 1882 placidis
1227 1821 1283 1868 et
1316 1813 1637 1881 mansuetis,
1673 1828 1773 1884 pro
1807 1813 1926 1884 Spi-

2023 622 2133 684 πᾶς
2153 621 2182 673 ὁ
2201 618 2309 674 τῶν
2336 615 2488 689 ἐμῶν
2516 616 2691 683 λόγων
2729 612 3048 685 ἐξεταστὴς.
3086 613 3191 667 Ἴδε
3223 613 3314 666 τὸν
3344 616 3614 682 στέφανον

2020 710 2114 765 τὸν
2132 708 2408 762 πλακέντα
2423 705 2524 776 τῆς
2544 703 2724 774 δόξης,
2747 702 2870 755 ἀντὶ
2884 700 2994 754 τῶν
3016 699 3304 771 μισθωτῶν
3343 699 3541 772 Ἐφραῒ
3548 720 3610 771 μ,

2022 800 2232 856 καὶτοῦ
2275 799 2540 870 στεφάνου
2569 796 2682 867 (97)
2706 795 2808 865 τῆς
2830 794 3061 865 ὕϐρεως.
3088 791 3194 847 Ἴδε
3218 792 3613 865 πρεσϐυτέρων

2024 894 2325 966 συνέδριον,
2352 891 2516 962 πολιᾷ
2542 890 2638 944 καὶ
2677 887 2889 942 συνέσει
2922 885 3305 956 τετιμημένων
3337 884 3470 957 (98),
3492 886 3616 939 δια-

2024 988 2196 1041 κόνων
2244 983 2522 1052 εὐταξίαν,
2572 981 2635 1035 οὐ
2685 980 2877 1051 πόρρω
2912 977 3007 1031 τοῦ
3040 976 3209 1032 αὑτοῦ
3242 976 3567 1049 Πνεύματος
3592 1019 3609 1044 ,

2024 1073 2389 1146 ἀναγνωστῶν
2441 1071 2762 1142 εὐκοσμίαν,
2794 1067 2924 1122 λαοῦ
2979 1067 3362 1139 φιλομάθειαν,
3395 1069 3521 1122 ὅσον
3550 1071 3613 1122 ἐν

2023 1168 2303 1242 ἀνδράσιν,
2329 1167 2453 1221 ὅσον
2479 1167 2537 1219 ἐν
2565 1162 2804 1234 γυναιξὶ,
2833 1161 2932 1234 τὴν
2954 1160 3155 1233 ἀρετὴν
3179 1161 3493 1232 ὁμοτίμοιςο
3515 1160 3613 1214 καὶ

2024 1261 2260 1335 ἀνδρῶν,
2297 1261 2422 1314 ὅσον
2464 1260 2524 1313 ἐν
2576 1257 2912 1327 φιλοσόφοις,
2936 1253 3062 1308 ὅσον
3101 1256 3160 1306 ἐν
3191 1253 3610 1325 ἁπλουστέροις,

2025 1356 2162 1410 πᾶσι
2191 1355 2375 1423 σοφοῖς
2398 1351 2468 1405 τὰ
2497 1349 2617 1403 θεῖα
2644 1365 2658 1379 ·
2706 1348 2829 1401 ὅσον
2857 1348 2915 1399 ἐν
2954 1345 3233 1417 ἄρχουσιν,
3266 1346 3394 1399 ὅσον
3421 1347 3480 1398 ἐν
3506 1347 3613 1417 ἀρ-

2025 1445 2297 1519 χομένοις,
2337 1440 2574 1498 ἐνταῦθα
2608 1442 2744 1495 πᾶσι
2787 1437 2969 1501 καλῶς
3009 1437 3332 1509 ἀρχομένοις
3352 1455 3366 1469 ⁸
3397 1439 3522 1495 ὅσον
3550 1438 3615 1490 ἐν

2027 1535 2407 1610 στρατιώταις,
2463 1535 2587 1588 ὅσον
2617 1535 2676 1587 ἐν
2709 1530 3009 1601 εὐγενέσιν,
3036 1529 3160 1583 ὅσον
3200 1531 3258 1583 ἐν
3301 1530 3482 1599 λόγοις
3515 1531 3615 1582 καὶ

2025 1628 2158 1699 περὶ
2208 1625 2402 1695 λόγους
2431 1664 2448 1690 ,
2512 1625 2646 1678 πᾶσι
2709 1623 2844 1679 Θεοῦ
2909 1622 3270 1698 στρατιώταις
3300 1661 3317 1684 ,
3382 1620 3616 1692 ἡμέροις

2024 1718 2194 1773 τᾶλλα
2226 1716 2360 1789 (99),
2396 1717 2714 1787 πολεμικοῖς
2760 1715 2901 1789 ὑπὲρ
2936 1716 3254 1784 Πνεύματος
3305 1714 3422 1784 (I),
3473 1714 3617 1766 πᾶσι

2026 1808 2126 1882 τὴν
2160 1808 2272 1863 ἄνω
2300 1806 2504 1878 τιμῶσι
2548 1805 2853 1878 σύγκλητον
2889 1808 2993 1878 (είς
3041 1807 3108 1879 ἢν
3156 1806 3218 1859 οὐ
3262 1804 3325 1858 τὸ
3377 1803 3618 1875 γράμμα

341 1902 454 1958 ritu
488 1909 666 1958 autem
693 1902 985 1972 bellicosis,
1014 1903 1267 1961 omnibus
1292 1904 1629 1975 superiorem
1663 1914 1917 1959 senatum

2031 1904 2235 1974 εἰσάγει
2262 1901 2324 1957 τὸ
2350 1901 2538 1966 πεζὸν,
2564 1900 2703 1956 ἀλλὰ
2729 1901 2790 1954 τὸ
2822 1899 3116 1966 ζωοποιοῦν
3142 1898 3414 1970 Πνεῦμα),
3440 1897 3619 1952 ἅπασι

340 1992 550 2050 honore
586 1992 944 2049 alﬁcientibus
984 1993 1074 2066 (ad
1109 2009 1268 2065 quem
1314 2010 1422 2050 non
1469 1995 1592 2051 vilis
1625 2005 1681 2050 et
1714 1994 1921 2064 abiecta

342 2082 545 2149 littera,
575 2085 669 2140 sed
703 2085 984 2141 viviﬁcans
1014 2086 1246 2156 Spiritus
1277 2087 1481 2141 aditum
1504 2085 1722 2159 aperit),
1756 2085 1928 2142 omni-

342 2176 446 2232 bus
490 2191 617 2232 vere
654 2177 829 2233 doctis
863 2187 918 2234 et
944 2179 1204 2246 eruditis,
1255 2193 1319 2235 ac
1376 2178 1536 2233 Verbi
1583 2178 1921 2250 cultoribus;

342 2273 458 2321 tum
508 2268 672 2321 etiam
723 2266 975 2334 feminis,
1035 2278 1144 2323 tam
1178 2285 1299 2340 quae
1336 2269 1389 2324 in
1432 2270 1765 2326 matrimonii
1794 2272 1926 2344 jugo

345 2355 458 2412 Deo
498 2358 671 2430 magis
714 2375 876 2430 quam
908 2361 1061 2416 carni
1111 2360 1351 2416 astrictae
1401 2370 1546 2427 sunt,
1592 2377 1755 2432 quam
1805 2378 1927 2434 quas

346 2448 657 2518 nuptiarum
699 2459 954 2522 expertes
993 2462 1051 2508 et
1097 2450 1300 2518 liberae,
1331 2452 1441 2507 Deo
1468 2468 1566 2508 sua
1588 2454 1773 2509 omnia
1795 2469 1927 2511 con-

343 2551 662 2612 secrarunt;
705 2557 771 2599 ac
817 2543 1052 2615 denique
1098 2555 1207 2601 tam
1239 2547 1293 2601 in
1317 2545 1631 2617 juvenibus,
1665 2560 1828 2615 quam
1868 2546 1924 2601 in

2028 1994 2228 2064 λογίοις
2256 1994 2332 2058 ώς
2365 1992 2601 2064 ἀληθῶς,
2635 1993 2731 2048 καὶ
2778 1992 2874 2046 τοῦ
2916 1992 3090 2056 ὅντως
3119 1992 3295 2060 Λόγου
3340 1990 3618 2061 θεραπευ-

2027 2087 2149 2149 ταῖς
2167 2101 2182 2115 ·
2217 2084 2312 2138 καὶ
2341 2082 2639 2151 γυναικῶν,
2681 2083 2807 2136 ὅσον
2830 2081 2937 2136 ὑπὸ
2968 2081 3153 2151 ζυγὸν,
3200 2079 3322 2151 Θεῷ
3351 2078 3552 2150 μᾶλλον
3578 2078 3618 2150 ἢ

1997 2244 2009 2255 _
2030 2174 2197 2247 σαρκὶ
2228 2173 2611 2244 συνδεδεμένον
2642 2173 2742 2243 (ﬁ),
2774 2174 2899 2227 ὅσον
2931 2173 3134 2244 ἄζυγον
3173 2174 3271 2227 καὶ
3302 2171 3612 2244 ἐλεύθερον,

2029 2268 2148 2340 Θεῷ
2169 2269 2231 2321 τὸ
2257 2270 2367 2322 πᾶν
2397 2267 2802 2340 καθιερωμένον
2819 2284 2837 2302 ο
2859 2268 2984 2322 ὅσον
3011 2270 3070 2321 ἐν
3095 2267 3257 2333 νέοις,
3290 2267 3415 2320 ὅσον
3435 2267 3495 2320 ἐν
3524 2264 3623 2334 γέ-

2034 2376 2242 2433 ρουσιν,
2276 2354 2352 2414 ὧν
2373 2360 2434 2414 τὸ
2462 2360 2563 2432 μὲν
2585 2361 2680 2414 ἐπὶ
2712 2363 2892 2432 γῆρας
2914 2359 3096 2424 καλῶς
3121 2359 3387 2425 ὀδεύει,τὺ
3407 2359 3465 2412 δὲ
3495 2358 3621 2429 βιά-

2031 2452 2184 2517 ζεται
2216 2434 2397 2523 μεῖναι
2441 2452 2732 2519 ἀθάνατον,
2769 2455 2890 2517 ταῖς
2931 2452 3214 2525 κρείττοσι
3236 2452 3348 2507 τῶν
3385 2452 3621 2507 ἐλπίδων

2032 2544 2513 2617 ἀνακαινούμενον.

345 2633 587 2701 senibus,
613 2649 842 2705 quorum
873 2635 964 2692 alii
1009 2637 1074 2693 ad
1119 2649 1451 2695 senectutem
1499 2639 1760 2707 praeclare
1833 2637 2173 2710 gradiuntur,
2239 2640 2328 2694 alii
2387 2640 2495 2695 vim
2534 2639 2858 2697 adhibentes
2926 2640 2996 2696 ad
3041 2638 3465 2710 comparandam
3517 2638 3621 2693 im-

347 2729 760 2796 mortalitatem,
805 2746 902 2801 per
935 2729 1189 2788 meliores
1233 2747 1357 2802 spes
1411 2730 1594 2786 animo
1637 2740 1927 2801 conceptas
1964 2745 2314 2788 renovantur.

419 2818 533 2877 XII.
574 2821 751 2892 Hujus
781 2838 999 2880 coronae
1034 2823 1199 2895 (quod
1228 2824 1440 2894 loquor,
1490 2838 1597 2879 non
1628 2823 1928 2878 secundum

347 2912 638 2969 Dominum
690 2913 906 2986 loquor,
961 2917 1056 2972 sed
1115 2925 1296 2971 tamen
1339 2914 1575 2987 loquar),
1627 2914 1930 2970 textoribus

347 3004 595 3059 nonnihil
637 3004 752 3076 ipse
780 3021 997 3077 quoque
1042 3005 1356 3076 adiumento
1391 3005 1493 3062 fui.
1531 3005 1732 3061 Horum
1767 3006 1922 3076 quis-

348 3096 492 3166 piam
545 3111 857 3153 sermonum
902 3112 1116 3169 quoque
1162 3105 1471 3153 nostrorum
1501 3096 1639 3169 opus
1668 3105 1784 3164 est;
1825 3111 1932 3152 non

346 3204 535 3245 eorum
571 3204 711 3260 quos
765 3199 969 3247 temere
1013 3190 1365 3261 iactavimus,
1415 3191 1533 3260 sed,
1581 3190 1719 3263 quos
1751 3203 1935 3246 amore

348 3283 616 3356 complexi
675 3298 903 3349 sumus;
954 3299 1060 3340 nec
1112 3284 1545 3340 meretriciorum
1589 3282 1674 3355 (ut
1710 3282 1931 3353 quidam

350 3393 450 3434 uos
478 3378 834 3449 proscindens
856 3379 1015 3441 dixit,
1041 3379 1223 3444 homo,
1243 3389 1298 3433 et
1322 3392 1592 3441 sermone,
1611 3386 1667 3432 et
1693 3376 1934 3432 moribus

351 3469 721 3541 meretriciis),
753 3485 941 3525 verum
966 3470 1254 3525 admodum
1277 3470 1440 3525 etiam
1464 3470 1711 3539 gravium
1743 3479 1797 3524 et
1829 3483 1933 3537 pu-

352 3563 620 3618 dicorum.
676 3561 881 3618 llorum
934 3563 1209 3634 quiSpiam
1275 3563 1383 3619 mei
1431 3578 1646 3634 quoque
1697 3562 1932 3633 Spiritus

352 3657 495 3711 [etus
536 3671 601 3712 ac
646 3655 849 3712 fructus
881 3664 985 3723 est,
1026 3657 1477 3725 quemadmodum
1526 3656 1763 3726 Spiritus
1812 3669 1929 3723 eos,

351 3749 444 3821 qui
486 3748 727 3805 animum
775 3765 805 3804 a
860 3764 1093 3820 corpore
1135 3749 1501 3817 abduxerunt,
1547 3750 1769 3820 gignere
1806 3763 1936 3804 con-

2105 2825 2205 2878 IB'.
2243 2825 2450 2879 Τούτου
2498 2825 2595 2880 τοῦ
2629 2824 2894 2895 στεφάνου
2929 2823 2992 2897 (δ
3032 2823 3198 2890 λαλῶ,
3232 2822 3295 2877 οὐ
3332 2821 3477 2877 κατά
3508 2820 3624 2876 Κύ-

2037 2933 2155 2990 ριον
2184 2917 2348 2984 λαλῶ,
2372 2918 2593 2990 λαλήσω
2616 2919 2676 2972 δέ
2691 2917 2864 2990 ὅμως)
2890 2915 3047 2986 κάγώ
3058 2934 3114 2970 τι
3138 2914 3513 2985 συνεϐαλόμην
3544 2913 3623 2985 (5)

2034 3013 2147 3074 τοῖς
2203 3009 2484 3066 πλέκουσι.
2527 3010 2747 3064 Τούτων
2800 3027 2886 3075 τις
2934 3009 3029 3063 καὶ
3082 3007 3193 3061 τῶν
3242 3007 3392 3078 ἐμῶν
3445 3005 3625 3074 λόγων

2036 3102 2220 3176 ἔργον,
2272 3103 2371 3173 οὐχ
2421 3102 2516 3168 οὓς
2551 3101 2877 3175 ἐῤῥίψαμεν,
2926 3101 3045 3154 ἀλλ’
3069 3098 3165 3165 οὓς
3209 3099 3621 3171 ἠγαπήσαμεν·

2037 3193 2159 3247 οὐδὲ
2179 3193 2290 3248 τῶν
2315 3192 2613 3266 πορνικῶν,
2652 3193 2727 3257 ὣς
2759 3210 2844 3256 τις
2890 3190 2997 3263 ἐφη
3033 3190 3307 3263 διασύρων
3334 3191 3484 3261 ἡμᾶς
3514 3187 3628 3242 τῶν

2038 3285 2253 3359 πύρνων
2276 3285 2371 3340 καὶ
2400 3284 2560 3355 λόγον
2580 3284 2677 3338 καὶ
2703 3284 2923 3356 τρόπον,
2959 3283 3098 3338 ἀλλά
3115 3283 3211 3336 καὶ
3245 3281 3367 3334 λίαν
3406 3279 3627 3352 σωφρό-

2037 3393 2165 3432 νων.
2214 3376 2434 3432 Τούτων
2487 3394 2574 3441 τις
2607 3377 2702 3431 καὶ
2730 3376 2827 3430 τοῦ
2853 3375 2989 3445 ἐμοῦ
3012 3374 3335 3447 Πνεύματος
3376 3373 3630 3445 γέννημα

2036 3471 2132 3524 καὶ
2161 3470 2391 3543 καρπὸς,
2421 3469 2498 3534 ὡς
2526 3472 2722 3542 γεννᾷν
2741 3468 2849 3525 οἶδε
2885 3470 3114 3543 Πνεῦμα
3151 3471 3282 3534 τοὺς
3318 3470 3628 3523 ἀπανιστα-

2039 3560 2233 3632 μένους
2264 3560 2514 3633 σώματος
2526 3560 2627 3635 (4).
2649 3564 3109 3636 Μαρτυρήσουσιν
3123 3562 3222 3634 (5),
3237 3558 3296 3616 εὖ
3310 3559 3630 3628 οἷδ’ὃτι,καὶ

2042 3656 2198 3725 ὑμῶν
2220 3658 2269 3709 oi
2296 3655 2662 3729 εὐγνώμονες,
2704 3659 2738 3728 ἢ
2783 3660 2877 3713 καὶ
2900 3660 3121 3726 πάντες,
3144 3660 3267 3714 ἐπεὶ
3293 3658 3389 3713 καὶ
3416 3658 3630 3720 πάντας

2042 3730 2471 3819 ἐγεωργήσαμεν
2495 3764 2509 3777 ·
2533 3748 2630 3801 καὶ
2660 3748 2871 3821 μισθὸς,
2898 3750 3210 3823 ἡὸμολογία
3238 3751 3394 3822 μόνη.
3420 3749 3496 3804 Οὐ
3516 3748 3629 3819 γὰρ

353 3843 549 3898 suevit.
599 3841 771 3912 Hujus
828 3843 910 3898 rei
962 3858 1069 3898 non
1125 3842 1314 3897 dubito
1352 3844 1484 3913 quin
1518 3842 1926 3898 candidissimos

2043 3838 2172 3892 ἄλλο
2203 3856 2256 3892 τι
2309 3839 2700 3911 ἐπιζητοῦμεν,
2752 3841 2786 3914 ἢ
2842 3845 3190 3916 ἐζητήσαμεν
3220 3843 3317 3916 (6).
3361 3841 3630 3913 ’Δμισθος

351 3950 597 4005 quosque
624 3945 862 3992 vestrum
907 3945 1071 3993 testes
1112 3936 1399 3992 habiturus
1444 3935 1585 4001 sim,
1634 3943 1728 3989 aut
1767 3935 1926 3990 etiam

2041 3929 2154 4001 γὰρ
2196 3931 2230 4001 ἡ
2277 3929 2469 4001 ἀρετὴ,
2508 3930 2595 3985 ἵνα
2624 3933 2721 3987 καὶ
2767 3932 2937 4005 ἀρετὴ
2990 3933 3172 4006 μείνῃ,
3200 3933 3338 4004 πρὸς
3370 3933 3433 3986 τὺ
3462 3931 3634 3986 καλὸν

352 4039 566 4088 omnes,
600 4026 1043 4097 quandoquidem
1080 4026 1267 4080 labore
1298 4034 1484 4081 nostro
1505 4039 1698 4079 omnes
1728 4024 1926 4079 exculti

2046 4022 2206 4093 μόνον
2235 4020 2526 4092 βλέπουσα.

353 4115 524 4172 estis:
577 4123 632 4170 et
684 4114 969 4171 Trinitatis
1018 4115 1332 4181 confessio,
1396 4115 1509 4170 sola
1558 4124 1645 4170 est
1701 4129 1932 4181 merces,
1975 4129 2136 4183 quam
2208 4127 2238 4166 a
2317 4114 2473 4167 vobis
2525 4123 2743 4183 expeto.
2794 4115 2909 4171 Non
2953 4118 3098 4172 enim
3140 4117 3287 4173 aliud
3332 4116 3633 4188 quidquam

356 4210 671 4280 quaerimus,
723 4218 816 4263 aut
855 4209 1224 4280 quaesivimus.
1254 4210 1525 4266 Virtutem
1555 4209 1702 4265 enim
1736 4207 2003 4265 mercedis
2054 4217 2331 4277 expertem
2363 4223 2484 4265 esse
2547 4220 2785 4280 oportet,
2845 4221 2906 4267 ut
2968 4214 3144 4269 virtus
3215 4222 3453 4279 maneat,
3492 4209 3633 4266 nihil

357 4303 460 4359 sibi
491 4310 690 4372 praeter
714 4303 915 4356 bonum
947 4300 1121 4371 ipsum
1150 4315 1477 4371 proponens.

426 4394 571 4452 XIII.
609 4393 787 4449 Vultis
813 4393 1108 4464 juvenilius
1138 4395 1344 4464 aliquid
1386 4393 1746 4464 adjiciamus?
1776 4392 1926 4448 Vide-

2117 4385 2219 4440 ll".
2248 4384 2518 4438 Βούλεσθε
2542 4385 2873 4458 προσθῶμέν
2903 4385 2981 4459 (7)
3011 4405 3064 4441 τι
3089 4387 3185 4442 καὶ
3202 4387 3635 4461 νεανικώτερονῖ

356 4491 500 4548 tisue
550 4488 894 4544 adversarias
945 4487 1154 4558 linguas
1178 4487 1340 4558 757
1370 4488 1740 4549 mitescentes.
1771 4496 1926 4556 atque

2052 4485 2248 4556 Ὁρᾶτε
2297 4482 2396 4548 τὰς
2446 4484 2697 4550 ἐναντίας
2754 4485 3010 4554 γλώσσας
3067 4483 3452 4557 ἡμερουμένας
3477 4523 3493 4549 ,
3533 4483 3638 4537 καὶ

356 4598 472 4648 eos,
527 4582 618 4650 qui
666 4580 945 4635 Divinitati
1000 4579 1198 4634 bellum
1250 4579 1583 4645 indixerunt,
1638 4579 1772 4634 nihil
1819 4580 1926 4649 jam

2040 4580 2167 4644 τοὺς
2215 4578 2432 4651 θεότητι
2466 4580 2844 4652 πολεμοῦντας
2890 4582 3022 4652 ἡμῖν
3053 4579 3465 4652 ἡσυχάζοντας;
3517 4578 3637 4632 Καὶ

362 4673 641 4730 turbarum
700 4672 858 4727 nobis
904 4671 1281 4726 lacessentes?
1335 4670 1390 4724 Id
1428 4684 1642 4740 quoque
1673 4669 1926 4739 Spiritus,

2041 4672 2201 4727 τοῦτο
2247 4671 2343 4725 τοῦ
2374 4672 2715 4745 Πνεύματος,
2766 4674 2861 4728 καὶ
2902 4672 3062 4726 τοῦτο
3092 4675 3192 4743 τῆς
3223 4671 3499 4743 γεωργίας
3529 4671 3634 4740 τῆς

362 4764 417 4819 id
443 4778 662 4835 quoque
702 4762 1050 4834 agricultura:
1095 4769 1297 4816 nostra:
1344 4774 1449 4817 est.
1490 4759 1604 4815 Non
1634 4761 1780 4815 enim
1817 4760 1926 4815 sine

2044 4764 2338 4837 ἡμετέρας.
2374 4765 2449 4819 Οὐ
2474 4766 2585 4838 γὰρ
2610 4765 2955 4830 ἀπαιδεύτως
2986 4764 3335 4836 παιδεύομεν,
3361 4763 3481 4817 οὑδέ
3510 4767 3636 4828 ταῖς

361 4856 648 4927 disciplina
684 4856 965 4922 docemus,
995 4869 1095 4911 nec
1119 4854 1466 4910 adversarios
1495 4853 1843 4909 contumeliis
1882 4865 1926 4908 et

2045 4855 2236 4931 ὕϐρεσι
2279 4855 2566 4928 βάλλομεν,
2613 4858 2752 4929 ὅπερ
2783 4856 3090 4928 πάσχουσιν
3122 4857 3173 4910 οἱ
3205 4855 3412 4922 πολλοὶ,
3449 4853 3525 4927 μὴ
3550 4853 3634 4925 τῷ

429 5015 479 5048 ’³
498 5012 608 5070 lsa.
642 5029 840 5081 xxvnt,
878 5033 933 5069 ι.

433 5190 546 5263 (97)
591 5189 703 5244 Τοῦ
739 5188 1062 5259 στεφάνου.
1096 5188 1243 5263 Bas.,_
1271 5190 1399 5254 τοὺς
1430 5191 1745 5261 στεφάνους.
1785 5190 1939 5263 Allu-
2048 5192 2456 5263 συνδεδεμένων.

364 5258 454 5317 (ἤι’
475 5258 859 5335 Gregorinsad
888 5263 1196 5335 lueevgba
1225 5261 1378 5335 Isaia:
1420 5258 1615 5331 xxviu,
1658 5263 1686 5317 1
1719 5282 1733 5318 :
1791 5282 1810 5314 ι
1844 5262 1926 5318 Var

2119 5265 2196 5335 ('5)
2235 5258 2683 5335 Συνεϐαλόμην.
2714 5260 2951 5335 Tillem.,
2990 5258 3380 5335 συνελαᾷόμην.

364 5329 855 5404 οοτριιωέυροτϋίιι
892 5331 1055 5386 ebriis
1080 5329 1365 5404 Epitraim.
1423 5352 1482 5404 )_
1600 5329 1607 5331 “

2120 5329 2200 5404 (4)
2228 5333 2525 5404 Σώματος.
2539 5329 2619 5388 'u.‘
2649 5334 2913 5404 quibusija
2922 5350 3001 5404 ut,
3021 5332 3113 5386 τοῦ
3124 5329 3418 5404 σώματος.

438 5346 583 5386 1⁵01ιὲΙέ
604 5335 855 5400 superbia
892 5335 1055 5386 ebriis
1080 5335 1365 5399 Ephraim.
1423 5352 1444 5385 ›

438 5400 549 5472 (98)
606 5404 1030 5483 Τετιμῃμένων.
1091 5402 1182 5455 0r.
1236 5402 1272 5456 2
1334 5410 1391 5459 et
1443 5402 1660 5475 Comb.,
1715 5420 1926 5476 τετιμη-

2143 5335 2176 5388 4
2228 5335 2525 5404 Σώματος.
2562 5336 2616 5388 lu
2649 5335 2994 5397 quibusdam,
3021 5335 3113 5386 τοῦ
3144 5335 3418 5401 σώματος.

2229 5405 2761 5483 Μαρτυρῄσουσιη,
2919 5400 3071 5483 οῖδα.
3118 5402 3209 5483 Sic
3247 5400 3430 5483 plures
3471 5395 3630 5483 ξοδδ.

369 5472 549 5547 μένον,
597 5481 1014 5547 ιρινιιαιυιηκκ
1050 5543 1063 5547 _
1130 5544 1143 5547 _
1241 5545 1249 5547 4
1645 5472 1653 5475 ’
1838 5472 1849 5476 ⁷
1901 5472 1913 5475 “

2049 5472 2187 5537 ΑΙὶὶ,⁷
2241 5472 2683 5547 μαρτυρήσωσιν.
2703 5475 2770 5547 (In
2810 5475 3054 5547 pluribus
3078 5474 3247 5547 etiarn
3269 5472 3419 5547 deest
3439 5472 3525 5520 εὑ.

438 5540 809 5627 Icilia.
843 5543 898 5596 In
923 5542 1173 5627 ρρίειᾼ,
1204 5545 1253 5596 τ’
1282 5543 1441 5627 ἄλλ-α.
1495 5615 1510 5627 Ι
2227 5540 2672 5627 ξιὲζηςῇότιμειςζ
2697 5546 2752 5598 In
2790 5540 3095 5627 nonnullis,
3112 5541 3564 5622 ἐπιζητήσαμεν.

440 5614 515 5691 (1
532 5611 536 5612 ⁷
555 5613 918 5691 ΠῙεύέιαῙος.
944 5612 1075 5684 Reg.
1102 5613 1209 5691 but,
1249 5615 1344 5668 τοῦ
1372 5615 1707 5691 Πνεύματος.
1725 5686 1745 5691 _
1883 5687 1893 5691 _

2118 5611 2192 5691 (7)
2214 5611 2593 5688 Προάθῶμείι.
2627 5615 2758 5688 Reg.
2790 5616 2898 5682 bin,
2929 5611 3172 5686 προσθῶ.

439 5681 519 5756 (2)
580 5681 1050 5754 Συνδεδεμένονζ
1099 5683 1191 5742 Sic
1242 5688 1485 5746 nonnulli
1510 5681 1678 5747 codd.
1724 5686 1783 5744 In
1827 5687 1946 5757 ed.,
