3902 6218
293 256 405 313 475

1301 254 1563 313 ORATIO
1601 257 1763 314 XLII.
1805 290 1875 300 -—
1914 256 2294 315 SUPREMUM
2337 259 2539 320 VALE.

3465 260 3575 319 471

289 376 438 449 λόγῳ
472 374 793 449 μαχόμενοι,
821 374 935 438 τοῖς
971 373 1031 428 δὲ
1060 371 1301 442 λέγουσι,
1338 376 1435 430 κα)¹
1474 375 1573 448 τὴν
1597 376 1882 431 ἀσθένειαν

2003 378 2249 433 :onviriis
2313 379 2663 445 incessimus,
2716 379 3166 451 quemadmodum
3215 377 3453 450 plerique
3491 385 3573 434 la-

291 469 442 523 ἔστιν
468 467 558 521 ὅτε
571 466 683 520 τῶν
696 465 977 537 λογισμῶν
1008 468 1128 529 ταῖς
1157 463 1347 536 ὕϐρεσι
1374 467 1881 535 συγκαλύπτοντες⁸

292 561 487 631 (nemp
531 560 632 624 τὰς
666 558 871 630 σηπίας
916 556 1075 626 λόγος
1114 558 1270 628 ὲμεῖν
1306 556 1369 611 τὸ
1411 558 1581 628 μέλαν
1626 559 1734 631 πρὸ
1765 560 1887 613 ἑαυ-

292 651 425 718 τῶν,
476 651 564 705 ἵνα
590 651 719 714 τοὺς
746 648 1078 721 θηρεύοντας
1110 648 1448 719 διαφύγωσιν
1468 691 1483 715 ,
1513 650 1547 721 ἢ
1581 651 1660 723 τῷ
1690 651 1888 706 λανθά-

294 761 409 800 νειν
442 741 757 815 θηράσωσιν
779 740 883 811 (8).
931 739 1092 793 Ἀλλὰ
1118 739 1180 794 τὺ
1208 740 1339 812 περὶ
1358 740 1597 811 Χριστοῦ
1630 741 1887 814 πολεμεῖν

294 835 609 905 δείκνυμεν,
646 834 704 887 ὲν
730 830 810 903 τῷ
847 830 1119 903 μάχεσθαι
1145 831 1288 885 κατὰ
1310 832 1566 906 Χριστὸν,
1595 833 1687 887 τὸν
1738 836 1889 906 είρη-

294 926 448 981 νικόν
480 943 541 980 τε
571 924 684 979 καὶ·
699 925 894 996 πρᾶον,
927 924 1023 978 καὶ
1061 922 1161 988 τὰς
1188 924 1475 988 ἀσθενείας
1502 924 1662 996 ἡμῶν
1687 925 1887 996 βαστά-

299 1033 493 1071 σαντα.
551 1013 689 1070 Οὔτε
721 1012 1081 1086 είρηνεύομεν
1135 1014 1278 1068 κατὰ
1317 1014 1413 1068 τοῦ
1441 1014 1602 1085 λόγου
1629 1020 1727 1087 τῆς
1755 1017 1887 1088 ἀλη-

297 1109 473 1173 θείας,
513 1106 767 1176 ὑφιέντες
793 1106 955 1160 τιδιά
980 1106 1140 1174 δόξαν
1171 1106 1474 1171 ἐπιεικείας
1497 1124 1512 1138 ο
1560 1108 1621 1161 οὐ
1656 1107 1766 1180 γὰρ
1792 1126 1892 1162 κα-

298 1200 411 1264 κῶς
443 1199 508 1252 τὸ
547 1198 713 1253 καλὸν
746 1197 1055 1269 θηρεύομεν
1076 1215 1090 1230 ο
1126 1198 1223 1251 καὶ
1253 1198 1612 1271 είρηνεύομεν
1651 1200 1891 1272 ἐννόμως

301 1291 625 1364 μαχόμενοι,
658 1290 755 1343 καὶ
810 1288 944 1342 εἵσω
986 1287 1097 1343 τῶν
1132 1289 1424 1363 ἡμετέρων
1473 1291 1616 1363 ὅρων
1651 1290 1752 1364 (9),
1797 1293 1893 1346 καὶ

299 1384 549 1438 κανόνων
590 1380 687 1435 τοῦ
717 1379 1053 1452 Πνεύματος.
1101 1381 1241 1453 Περὶ
1274 1380 1374 1453 μὲν
1399 1378 1494 1436 οὖν
1514 1381 1723 1436 τούτων
1748 1382 1894 1437 οὕτω

297 1473 579 1545 γινώσκω,
602 1475 694 1527 καὶ
713 1472 876 1543 νόμον
905 1472 1099 1544 τίθημι
1157 1474 1293 1528 πᾶσι
1333 1475 1446 1538 τοῖς
1473 1475 1663 1547 ψυχῶν
1691 1477 1894 1531 οἰκονό-

302 1582 447 1637 μοις,
479 1564 576 1617 καὶ
599 1561 697 1617 τοῦ
721 1563 884 1632 λόγου
917 1564 1142 1634 ταμίαις
1173 1565 1285 1636 (10)
1313 1581 1328 1597 ⁸
1389 1567 1528 1638 μήτε
1556 1565 1637 1638 τῷ
1671 1566 1895 1639 σκληρῷ

297 1655 617 1728 τραχύνειν,
645 1656 786 1727 μήτε
819 1654 896 1727 τῷ
920 1655 1316 1728 ὑπεσταλμένῳ
1350 1658 1709 1731 κατεπαίρειν
1730 1676 1744 1690 ⁸
1775 1658 1892 1714 ἀλλ’

1988 469 2162 534 ciunt,
2205 485 2311 525 non
2344 485 2464 524 cum
2493 486 2768 537 sermone,
2800 472 2895 526 sed
2918 485 3040 526 cum
3070 468 3414 540 loquentibus
3443 484 3574 526 con-

1987 557 2255 630 ﬂigentes,
2296 575 2360 614 ac
2389 560 2659 616 rationum
2705 569 2761 617 et
2807 569 3251 632 argumentorum
3284 558 3573 615 inﬁrmita-

1991 662 2097 709 tem
2140 655 2447 712 maledictis
2476 657 2749 713 interdum
2793 659 3147 728 obtegcntes;
3183 672 3289 713 non
3319 658 3478 714 aliter
3511 673 3574 714 ac

1989 745 2168 813 sepias
2197 754 2566 802 atramentum
2599 758 2727 804 ante
2764 765 2825 805 se
2863 765 3080 805 vomere
3112 750 3286 813 aiunt,
3317 758 3375 804 ut
3396 750 3574 820 pisca-

1991 844 2138 891 tores
2179 835 2463 906 eﬂ'ugiant,
2518 848 2613 892 aut
2645 838 2773 909 ipsae
2802 840 3021 895 latendo
3053 850 3338 895 venentur.
3377 840 3576 895 Verum

1992 943 2094 983 nos
2131 943 2231 998 pro
2269 928 2489 985 Christo
2532 930 2731 985 bellum
2762 947 2950 1003 gerere
2984 931 3086 988 hoc
3116 940 3434 1003 argumento
3462 932 3577 1002 pla-

1993 1035 2120 1074 num
2162 1018 2412 1085 facimus,
2458 1024 2601 1092 quod
2635 1026 2931 1080 secundum
2968 1024 3269 1090 Christum,
3298 1025 3393 1096 qui
3426 1024 3577 1080 mitis

1994 1127 2057 1167 ac
2077 1122 2299 1181 pacatus
2346 1123 2429 1170 est
2464 1115 2540 1182 ⁷⁸,
2578 1125 2743 1188 atque
2782 1116 3127 1173 inﬁrmitates
3180 1129 3393 1173 nostras
3444 1133 3575 1187 por-

1995 1207 2127 1260 tavit
2170 1206 2240 1274 ",
2297 1207 2640 1264 dimicainus.
2698 1207 2807 1263 Nec
2858 1210 3047 1275 enim,
3110 1224 3254 1265 verae
3307 1209 3572 1263 doctrinae

2000 1298 2353 1365 detrimento,
2404 1302 2525 1371 paci
2573 1300 2875 1364 studemus,
2929 1300 3173 1356 nonnihil
3217 1301 3577 1366 remittentes,

1995 1398 2055 1445 ut
2087 1389 2365 1448 facilitatis
2397 1404 2451 1448 et
2482 1393 2922 1448 mansuetudinis
2969 1392 3169 1448 famam
3221 1392 3575 1463 colligamus;

1996 1496 2103 1537 non
2159 1483 2305 1538 enim
2360 1484 2504 1554 quod
2556 1483 2756 1538 bonum
2802 1493 2887 1540 est
2930 1483 3070 1539 male
3118 1496 3492 1552 aucupamur:
3525 1491 3583 1536 et

2006 1588 2223 1629 rursum
2250 1590 2439 1645 pacem
2475 1575 2733 1643 colimus,
2784 1574 3024 1645 legitime
3057 1583 3383 1645 pugnantes,
3414 1581 3578 1644 atque

2000 1666 2144 1722 intra
2198 1667 2400 1724 limites
2449 1678 2668 1723 nostros
2707 1668 3053 1739 Spiritusqne
3097 1668 3337 1736 regulam
3370 1675 3583 1723 nosmet

297 1749 563 1818 εὐλόγους
611 1744 754 1801 εἶναι
795 1747 925 1818 περὶ
953 1746 1045 1803 τὸν
1073 1747 1252 1818 λόγον,
1286 1734 1571 1821 μηδετέρῳ
1595 1749 1657 1803 τὸ
1693 1751 1895 1824 μέτρον

2003 1758 2366 1815 οοιιιὶηοηιθε.
2415 1760 2498 1816 Ac
2527 1762 2594 1815 de
2637 1760 2721 1815 his
2750 1734 2982 1830 quidem
3004 1761 3076 1814 ita
3110 1734 3309 1827 sentio,
3341 1758 3583 1814 cunctis-

298 1841 754 1914 ὑπερϐαίνοντας.

2005 1864 2111 1919 que
2158 1852 2462 1906 animarum
2494 1853 2963 1921 dispensatoribus
3002 1862 3272 1922 recueque
3315 1849 3580 1906 doctrinae

297 1939 522 1995 arbitris
564 1938 737 2008 legem
773 1946 996 2014 statuo;
1046 1948 1104 1994 ut
1149 1955 1252 1996 nec
1288 1954 1388 2010 per
1417 1941 1672 1997 duritiam
1718 1943 1995 2001 hominum
2020 1946 2234 2003 animos
2276 1957 2620 2020 exasperent,
2689 1963 2790 2004 nec
2848 1960 2945 2017 per
3004 1943 3418 2000 submissionem
3479 1939 3587 1994 ela-

300 2041 387 2088 tos
410 2042 467 2088 et
498 2032 794 2088 insolentes
826 2030 1096 2096 elliciant;
1131 2031 1227 2087 sed
1259 2039 1318 2087 ut
1344 2033 1631 2102 prudenter
1661 2043 1717 2090 et
1741 2036 1993 2094 consulte
2037 2037 2092 2092 in
2144 2038 2268 2094 lidei
2293 2053 2459 2094 causa
2499 2053 2559 2093 se
2596 2044 2813 2109 gerant,
2880 2049 2982 2091 nec
3045 2033 3099 2089 in
3161 2031 3354 2088 horum
3423 2027 3587 2084 alter-

300 2136 431 2182 utro
468 2127 903 2181 mediocritatem
935 2127 1223 2191 excedant,

369 2226 471 2281 IA'.
512 2225 607 2278 Δεῖ
641 2224 700 2278 δὲ
721 2223 855 2286 ἴσως
877 2221 1135 2276 ποθοῦσιν
1154 2221 1284 2291 ὑμῖν
1312 2220 1408 2274 καὶ
1427 2219 1519 2274 τὸν
1544 2221 1645 2293 τῆς
1664 2220 1903 2286 πίστεως

298 2317 474 2387 αὐτῆς
527 2313 904 2381 ἐπιδείξασθαι
951 2313 1132 2383 λόγον,
1185 2312 1310 2383 ἥτις
1358 2311 1494 2365 ποτέ
1536 2313 1689 2366 ἐστιν
1715 2313 1749 2384 ἡ
1775 2312 1902 2367 καθ’

299 2405 472 2475 ἡμᾶς.
523 2402 667 2472 Ἐγώ
709 2420 773 2457 τε
818 2402 930 2475 γὰρ
974 2401 1386 2472 άγιασθήσομαι
1419 2400 1499 2473 τῷ
1554 2404 1775 2474 συνεχεῖ
1801 2403 1904 2474 τῆς

303 2496 557 2568 μνήμης·
585 2496 616 2549 ὅ
636 2512 698 2549 τε
724 2493 856 2558 λαὸς
872 2487 1027 2557 οὗτος
1048 2493 1323 2565 ὀνήσεται,
1346 2493 1576 2566 χαίρων,
1610 2492 1768 2568 εἴπερ
1792 2494 1903 2567 (11)

281 2586 450 2657 ,ἄλλῳ
481 2586 614 2650 τινὶ,
650 2587 766 2649 τοῖς
785 2583 1050 2648 τοιούτοις
1076 2582 1259 2652 λόγοις
1277 2600 1292 2616 ο
1331 2583 1428 2637 καὶ
1469 2584 1630 2655 ὑμεῖς
1657 2584 1897 2654 ἐπιγνώ-

304 2679 490 2741 σεσθε,
524 2679 575 2731 εί
607 2677 684 2749 μὴ
730 2676 911 2748 μάτην
962 2673 1308 2746 φθονούμεθα
1334 2675 1470 2747 (12),
1495 2679 1560 2749 τῇ
1593 2675 1899 2748 φανερώσει

238 2755 257 2772 “
300 2766 403 2838 τῆς
421 2764 702 2836 ἀληθείας,
729 2767 843 2829 τοῖς
879 2764 980 2836 μὲν
1009 2761 1406 2835 ἁμιλλώμενοι,
1430 2765 1556 2830 τοὺς
1577 2765 1635 2819 δὲ
1666 2765 1899 2836 φθάνον-

298 2875 397 2924 τες
428 2858 565 2929 (15).
603 2857 817 2928 Ὥσπερ
843 2855 955 2929 γὰρ
1002 2855 1111 2911 τῶν
1156 2855 1395 2928 βρυχίων
1427 2857 1540 2930 (14)
1568 2857 1795 2925 ὑδάτων,
1832 2860 1901 2915 τὰ

304 2950 410 3023 μὲν
448 2952 509 3004 ὲν
539 2949 693 3021 βάθει
738 2947 1044 3022 κρύπτεται
1089 2948 1391 3013 παντελῶς,
1419 2951 1491 3003 τὰ
1522 2949 1582 3003 δὲ
1620 2950 1899 3020 παφλάζει

2084 2220 2229 2278 XIV.
2260 2218 2368 2276 Sed
2405 2218 2517 2290 jam
2553 2218 2785 2275 fortasse
2800 2232 2980 2289 operae
3022 2215 3258 2287 pretium
3297 2221 3381 2273 est
3415 2212 3587 2285 ipsius

2002 2327 2221 2386 quoque
2266 2311 2392 2368 ﬁdei
2439 2311 2772 2376 doctrinam,
2823 2323 3163 2381 quaecunque
3225 2306 3439 2362 tandem
3491 2305 3588 2361 illa

2006 2406 2150 2476 apud
2179 2419 2279 2461 nos
2303 2411 2409 2470 est,
2448 2401 2793 2472 cupientibus
2844 2400 2999 2455 vobis
3046 2399 3311 2455 indicare.
3350 2397 3507 2464 Nam,
3530 2404 3591 2453 et

2001 2495 2118 2565 ipse
2153 2509 2252 2564 per
2283 2492 2821 2549 commemoratiouis
2853 2491 3234 2547 assiduitatem
3288 2489 3585 2546 sanctitate

2001 2586 2320 2643 aﬂiciarzet
2356 2586 2585 2658 populus
2636 2586 2727 2640 hic
2771 2583 3060 2639 utilitatem
3094 2592 3480 2654 consequetur,
3519 2597 3586 2637 ex

1999 2677 2314 2746 huiusmodi
2364 2675 2734 2741 sermonibus,
2779 2675 2825 2730 si
2877 2690 2986 2745 qua
3022 2675 3128 2730 alia
3173 2689 3241 2730 ex
3270 2689 3351 2739 re,
3386 2674 3588 2746 miriﬁ-

1999 2786 2120 2827 cam
2179 2771 2512 2841 voluptatem
2572 2769 2839 2839 capiens:
2882 2778 2937 2823 et
2976 2783 3073 2823 vos
3120 2740 3588 2840 agnoscetis,)an

1999 2878 2106 2919 non
2129 2867 2332 2919 frustra
2375 2863 2533 2918 nobis
2580 2861 2913 2926 invideatur,
2954 2860 3081 2915 dum
3110 2859 3164 2915 in
3195 2858 3590 2915 manilestanda

2000 2955 2256 3018 veritate,
2299 2952 2422 3008 illos
2450 2952 2670 3023 quidem
2696 2965 2938 3022 aequare,
2982 2949 3119 3005 alios
3167 2964 3297 3005 vero
3334 2957 3589 3004 antever-

302 3041 824 3114 στενοχωρούμενα,
871 3041 967 3095 καὶ
1025 3039 1125 3113 τὴν
1173 3039 1398 3114 ἕκρηξιν
1428 3042 1773 3113 ὑπισχνεῖται
1800 3043 1896 3115 μὲν

2003 3056 2119 3102 tere
2151 3044 2546 3102 contendimus.
2603 3043 3075 3111 Quemadmodum
3118 3039 3263 3096 enim
3303 3042 3590 3097 subterra-

299 3136 430 3197 ταῖς
461 3135 674 3200 ἀκοαῖς,
699 3132 884 3205 μέλλει
905 3131 964 3186 δὲ
993 3130 1094 3197 ἔτι,
1118 3132 1189 3187 τὰ
1220 3132 1279 3186 δὲ
1313 3133 1407 3187 καὶ
1448 3135 1857 3206 ἀναῤῥήγνυῖαι
1881 3153 1896 3168 ο

298 3223 451 3278 οὕτω
470 3223 702 3278 καὶτῶν
741 3223 1178 3296 φιλοσοφούντων
1203 3223 1316 3296 (15)
1348 3225 1477 3297 περ).
1499 3225 1659 3293 Θεοῦ,
1695 3226 1784 3282 ἵνα
1824 3226 1900 3299 μὴ

299 3318 452 3387 λέγω
477 3318 605 3383 τοὺς
633 3317 916 3382 παντελῶς
942 3318 1290 3391 ἀγνώμονας,
1331 3319 1386 3372 οί
1416 3319 1515 3390 μὲν
1550 3319 1731 3392 πάντη
1765 3321 1902 3394 κρύ-

300 3428 429 3480 φιον
487 3411 583 3465 καὶ
628 3410 1001 3466 λανθάνουσαν
1054 3411 1272 3483 ἔχουσιν
1318 3412 1378 3465 ὲν
1408 3412 1625 3476 ἑαυτοῖς
1653 3410 1767 3483 (16)
1796 3413 1898 3485 τὴν

300 3504 611 3560 εὐσέϐειαν⁸
630 3506 680 3559 οἱ
700 3506 758 3559 δὲ
782 3506 883 3577 τῆς
902 3505 1092 3571 ὠδῖνος
1121 3505 1311 3574 ἐγγὺς,
1349 3504 1468 3559 ὅσοι
1492 3505 1554 3558 τὸ
1583 3505 1683 3577 μὲν
1705 3506 1901 3571 ἀσεϐὲς

302 3614 594 3669 φεύγουσι,
624 3598 686 3653 τὸ
721 3598 781 3653 δὲ
806 3597 1032 3663 εὐσεϐὲς
1058 3599 1121 3652 οὐ
1152 3594 1645 3671 παρῤησιάζονται,
1682 3597 1794 3651 εἴτε
1824 3600 1903 3652 οἰ-

302 3688 541 3760 κονομία
575 3688 683 3743 τινὶ
705 3687 982 3761 χρώμενοι
1039 3690 1171 3762 περὶ
1223 3689 1313 3742 τὸν
1337 3688 1518 3758 λόγον,
1566 3688 1679 3742 εἴτε
1730 3688 1901 3763 δειλίᾳ

305 3779 450 3851 πρὸς
494 3779 654 3834 τοῦτο
697 3778 1170 3851 καταφεύγουσιν·
1221 3779 1362 3834 ἀλλὰ
1387 3780 1488 3852 τὴν
1532 3780 1631 3851 μὲν
1660 3779 1901 3835 διάνοιαν

304 3871 667 3940 ὑγιαίνουσιν,
714 3871 792 3937 ῶς
847 3889 1003 3943 φασι,
1059 3872 1151 3926 τὸν
1188 3872 1316 3926 λαὸν
1341 3871 1399 3926 δὲ
1422 3872 1522 3943 οὐχ
1543 3871 1859 3940 ὑγιάζουσιν
1882 3913 1900 3941 ,

300 3966 500 4039 ὥσπερ
530 3965 743 4021 ἑαυτῶν
790 3967 893 4021 οὐκ
930 3966 1107 4022 ἄλλων
1151 3966 1490 4040 προστασίαν
1530 3965 1902 4038 ὲγχειρισθέν-

2004 3155 2122 3196 ηεαδ
2177 3154 2368 3210 aqua,
2420 3137 2622 3210 partim
2687 3137 2742 3193 in
2794 3136 2906 3191 imo
2948 3150 3174 3205 prorsus
3209 3134 3586 3204 occultantur;

2003 3234 2201 3304 partim
2235 3233 2291 3289 in
2316 3230 2603 3303 angustias
2652 3230 2888 3286 redactae
2927 3228 3214 3295 ebulliunt,
3256 3237 3422 3299 atque
3462 3242 3590 3283 eru-

2003 3324 2244 3395 ptionem
2271 3322 2499 3392 jamjam
2518 3321 2737 3391 quidem
2777 3319 3005 3376 auribus
3029 3319 3382 3389 pollicentur,
3426 3327 3588 3375 caete-

2005 3432 2127 3472 rum
2186 3416 2368 3472 adbuc
2414 3423 2732 3482 morantur;
2772 3414 2975 3485 partim
3025 3412 3262 3482 denique
3296 3411 3353 3467 in
3406 3412 3580 3467 altum

2002 3514 2338 3576 erumpunt:
2368 3505 2437 3562 ad
2471 3505 2725 3562 eumdem
2757 3504 2978 3560 modum
3011 3517 3225 3570 eorum,
3255 3503 3348 3573 qui
3388 3503 3454 3558 de
3481 3501 3591 3557 Deo

2003 3599 2459 3670 philosophantur
2506 3597 2591 3670 (ut
2630 3610 2759 3664 eos,
2804 3597 2898 3668 qui
2944 3597 3168 3652 omnino
3237 3595 3474 3667 improbi
3522 3610 3589 3650 ac

2003 3690 2198 3762 perﬁdi
2225 3699 2373 3758 sunt,
2423 3690 2626 3746 missos
2675 3689 2922 3761 faciam),
2952 3687 3043 3743 alii
3082 3687 3321 3743 abditam
3363 3688 3588 3744 omnino

2003 3793 2169 3854 atque
2196 3782 2466 3838 occultam
2495 3781 2600 3837 sibi
2654 3781 2787 3851 ipsis
2830 3782 3084 3852 pietatem
3139 3781 3379 3847 habent;
3420 3778 3514 3834 alii
3554 3796 3586 3834 a

2001 3886 2190 3946 partus
2218 3874 2496 3930 doloribus
2528 3889 2637 3929 non
2660 3873 2820 3945 longe
2856 3874 3075 3939 absunt,
3110 3872 3146 3928 ii
3180 3872 3460 3938 nimirum,
3493 3873 3584 3940 qui

2003 3967 2335 4038 impietatem
2358 3966 2523 4038 758
2538 3968 2755 4037 quidem
2773 3966 3006 4037 fugiunt,
3022 3965 3114 4021 sed
3132 3965 3391 4036 pietatem
3412 3964 3588 4018 libero

168 4538 189 4547 ”
300 4521 408 4594 τὴν
434 4521 740 4576 εὐσέϐειαν.

300 4076 430 4124 τες·
452 4060 503 4113 οἱ
536 4060 594 4114 δὲ
634 4059 733 4115 καὶ
765 4058 1153 4132 δημοσιεύουσι
1180 4058 1274 4112 τὸν
1319 4057 1615 4130 θησαυρὸν,
1669 4058 1731 4112 οὐ
1778 4059 1901 4112 στέ-

301 4168 500 4222 γοντες
528 4151 628 4224 τὴν
656 4151 822 4206 ὠδῖνα
847 4152 949 4222 τῆς
974 4150 1281 4217 εὐσεϐείας,
1311 4150 1434 4205 οὐδὲ
1464 4151 1526 4203 τὸ
1550 4150 1700 4222 μόνοι
1732 4151 1902 4217 σώζε-

2004 4067 2171 4129 atque
2202 4058 2472 4128 intrepido
2498 4058 2681 4113 animo
2711 4057 2937 4112 minime
2970 4056 3288 4127 praedicant,
3309 4054 3423 4109 sive
3452 4068 3584 4109 con-

2001 4150 2124 4206 silio
2177 4150 2414 4221 quodam
2454 4149 2507 4205 in
2563 4150 2688 4206 ﬁdei
2723 4149 2974 4205 doctrina
3029 4154 3285 4213 utentes,
3348 4143 3464 4199 sive
3512 4141 3587 4196 ob

301 4244 437 4301 σθαι
457 4245 734 4316 σωτηρίαν
759 4243 1097 4315 νομίζοντες,
1121 4245 1172 4297 εί
1211 4244 1288 4317 μὴ
1318 4243 1414 4298 καὶ
1438 4241 1621 4306 ἄλλοις
1642 4242 1703 4296 τὸ
1733 4244 1896 4299 καλὸν

2005 4250 2210 4297 metum
2265 4250 2432 4311 atque
2471 4241 2744 4311 ignaviam
2812 4254 2880 4295 eo
2923 4237 3329 4308 confugientes;
3385 4249 3582 4290 verum

300 4336 726 4409 ὕτπρϐλύσειεν.
777 4335 917 4391 Μεθ’
978 4328 1053 4389 ὧν
1108 4334 1221 4405 ἐγὼ
1275 4335 1599 4406 ταττοίμην,
1636 4335 1671 4407 ἢ
1703 4336 1896 4401 οἵτινες

2007 4335 2192 4390 animo
2245 4335 2466 4406 quidem
2521 4343 2578 4389 et
2623 4342 2806 4389 mente
2862 4332 2982 4389 sani
3013 4338 3159 4398 sunt,
3187 4338 3249 4385 ut
3293 4325 3583 4392 aﬂirmant,

304 4407 433 4501 μετ⁴
481 4427 617 4500 ἐμοῦ
650 4429 751 4501 τὴν
800 4428 974 4500 καλὴν
1012 4428 1218 4499 τόλμαν
1270 4426 1579 4500 τολμῶντες
1609 4426 1892 4500 ὁμολογεῖν

2012 4441 2272 4483 caeterum
2302 4426 2477 4497 plebis
2512 4426 2733 4483 sanitati
2766 4423 2988 4480 minime
3014 4421 3329 4487 consulunt,
3362 4418 3588 4490 perinde

2009 4528 2175 4591 atque
2206 4519 2310 4591 ipsi
2338 4534 2486 4587 sese,
2520 4535 2628 4575 non
2663 4519 2795 4575 item
2826 4518 2983 4582 alios,
3015 4531 3128 4573 suae
3181 4529 3327 4571 cura:
3368 4527 3434 4567 ac
3457 4511 3582 4567 ﬁdei

302 4615 636 4670 commissos
684 4614 954 4681 habeant;
1014 4615 1105 4670 alii
1155 4630 1286 4672 vero
1328 4615 1645 4673 thesaurum
1685 4632 1903 4689 quoque
1942 4618 1995 4674 in
2027 4618 2264 4674 medium
2287 4617 2596 4688 proferunt,
2642 4618 2861 4688 pictatis
2922 4613 3114 4681 fetum,
3170 4610 3590 4685 parturientium

303 4704 510 4770 instar,
581 4705 823 4760 retinere
876 4714 1239 4774 nequeuntes,
1301 4722 1423 4773 nec,
1470 4708 1614 4776 quod
1677 4707 1781 4763 soli
1831 4708 1934 4779 ipsi
1974 4709 2207 4765 salutem
2250 4718 2683 4779 consequantur,
2726 4707 2959 4764 salutem
3003 4707 3408 4775 existimantes,
3476 4701 3590 4760 nisi

378 4861 429 4895 ⁷⁸
466 4859 658 4918 Matth.
691 4878 772 4932 ιι,
800 4861 894 4917 ‘29.
967 4862 1015 4895 ⁷⁸
1048 4861 1151 4918 lsa.
1183 4876 1303 4932 un,
1332 4862 1388 4918 4.
1630 4862 1673 4921 λ

497 5020 577 5042 ..η
621 5018 695 5042 _.~_
757 4930 1072 5042 .-μιμημη
1532 4982 1583 5042 ’λ
1612 4964 1777 5042 ,4.δέ

381 5021 459 5092 (8)
497 5020 577 5076 ’Ἠ
619 5018 700 5084 τῷ
746 5018 1072 5075 λανθάνειν
1122 5009 1499 5090 θηράσωσιν-ί
1532 5009 1583 5074 Ἰ
1604 5009 1729 5076 Αἰι(
1764 5022 1896 5089 ipsa:

302 5092 531 5148 latendo
559 5100 871 5163 venentur;
897 5109 916 5142 ι
951 5106 1027 5163 ac,
1046 5092 1127 5163 sic
1159 5107 1341 5163 escam
1376 5093 1609 5163 rapiant,
1644 5093 1736 5163 cui
1767 5094 1898 5163 ipsae

305 5172 510 5217 venatu
557 5160 903 5215 insidiantur.
950 5160 1142 5216 Billius
1188 5160 1338 5229 legit,
1390 5162 1451 5215 τὸ
1489 5160 1802 5228 λανθάνειν,
1833 5179 1897 5217 ac

304 5233 540 5314 reddit;
583 5240 721 5285 (aut
770 5241 1121 5301 conspectum
1176 5234 1260 5288 sui
1310 5231 1391 5288 eis
1442 5231 1893 5304 (piscatoribus)

302 5313 568 5359 erimant.
595 5319 614 5353 ι

384 5317 945 5445 (ιθΐῃδρέυνηληυῐεε
987 5371 1179 5445 codd.,_
1213 5373 1415 5445 νόμων,
1451 5373 1507 5428 1η
1548 5371 1896 5445 quibusdam,

302 5441 479 5514 ὅρων,
522 5442 619 5496 καὶ
667 5441 871 5511 νόμων,
919 5442 1016 5495 καὶ
1042 5441 1312 5499 κανόνων.
1362 5441 1813 5510 «ΙιιιηιῚίιιιίιθε,
1844 5453 1900 5498 ct

306 5514 489 5582 leges.
514 5523 572 5567 et
597 5518 833 5575 regulas.

386 5582 500 5652 (10)
530 5582 727 5656 ᾼόπήου
774 5582 1028 5656 ταμίαις.
1082 5602 1102 5636 ι
1132 5584 1292 5640 Verbi
1346 5584 1662 5653 ministris,»
1703 5584 1899 5656 quibus

304 5654 602 5719 eroganda!
631 5653 891 5707 doctrinae
921 5669 1114 5709 munus
1136 5656 1483 5711 commissum
1512 5666 1614 5710 est.

388 5722 503 5795 (11)
535 5721 740 5793 Είπερ.
776 5723 891 5780 Duo
918 5721 1087 5796 Regg.
1116 5734 1170 5781 el
1196 5735 1305 5783 tres
1328 5727 1505 5795 Colb.,
1535 5726 1699 5796 ἤπερ.

2077 5020 2188 5092 (12)
2218 5020 2620 5092 Φθονούμεθα.
2643 5018 2790 5092 Reg.
2819 5020 2930 5092 bm,
2960 5014 3361 5090 ὲφθονούμεθα.

2073 5089 2189 5162 (15)
2224 5089 2580 5156 Φθάνοντες.
2616 5091 2710 5157 0r,
2743 5089 2798 5156 2,
2828 5089 3147 5162 φθάνοντας.

2073 5155 2188 5231 (14)
2229 5155 2612 5231 ΒρυχίωνίΙιι
2645 5155 2988 5231 quibusdam,
3034 5155 3402 5231 ὑποϐρυχίων.

2072 5226 2185 5305 (15)
2209 5226 2732 5305 amabamus.
2758 5230 3131 5305 Hazc_exponit
3157 5226 3396 5305 Νάξιε-ε,
3424 5226 3586 5305 quasi

1999 5295 2356 5358 de‘on'mibus
2403 5295 2459 5356 in
2512 5303 2825 5355 universum
2877 5295 3202 5356 Christianis
3252 5312 3283 5350 a
3313 5295 3588 5366 Gregorio.

1997 5375 2163 5432 dicta.
2197 5370 2392 5427 Verum
2428 5370 2496 5426 de
2542 5371 2848 5440 pastoribus
2898 5384 2963 5423 ac
3013 5367 3278 5439 praefectis
3319 5366 3585 5440 ecclesia-

1997 5445 2153 5498 sticis
2195 5453 2402 5511 tantum
2447 5436 2589 5496 dicia
2623 5455 2744 5495 esse
2786 5440 2993 5511 liquido
3013 5436 3249 5505 constat,
3293 5444 3349 5492 et
3381 5436 3581 5507 cuique

1998 5513 2195 5583 legenti
2228 5509 2582 5583 manifestum
2605 5511 2706 5583 est:

2032 5576 2184 5710 diltlii)
2233 5583 2339 5638 Ἐν
2369 5580 2629 5650 ἑαυτοῖς.
2664 5578 2756 5640 Sic
2780 5578 3034 5654 permulti
3061 5577 3219 5638 codd.
3250 5579 3410 5639 Deest
3434 5578 3495 5635 ἑν
3522 5576 3582 5634 in

2067 5671 2082 5708 ι
2117 5693 2128 5707 .

1998 5664 2128 5711 εαιι.
