3902 6218
405 292 515 352 ‘75
1615 294 1673 351 S.
1714 290 2043 351 GREGORII
2080 288 2432 349 THEOLOGI
3556 291 3659 349 676

406 412 463 467 in
504 408 639 465 alios
671 421 895 479 quoque
942 406 1146 464 bonum
1216 407 1319 464 hoc
1391 409 1672 465 redundet.
1742 410 1858 478 Quo
1897 409 1952 464 in
1990 422 2216 464 numero
2242 408 2451 463 utinam
2477 406 2591 477 ipsa
2640 404 2894 470 collocer,
2943 417 3005 460 ac
3050 419 3096 461 ει
3158 405 3250 476 qui
3285 419 3499 463 mecum
3546 405 3661 462 lau-

405 502 573 559 ἀιὺίιι
613 501 846 555 audacia
888 498 1119 568 praediti,
1146 507 1202 551 et
1224 497 1367 568 piam
1398 500 1698 555 doctrinam
1727 501 1967 570 proﬁteri
2008 514 2114 555 non
2143 498 2429 554 verentur!

478 593 596 649 XV.
628 594 807 663 Atque
835 605 998 645 unum
1031 589 1275 660 quidem,
1307 589 1466 659 idque
1499 591 1680 652 breve,
1722 592 1982 648 doctrina:

2159 591 2260 643 lE’.
2304 587 2401 643 Ἐν
2424 589 2520 659 μὲν
2540 583 2633 644 οῦν
2654 589 2748 643 καὶ
2775 589 3037 660 σύντομον
3066 588 3409 662 πρόγραμμα
3427 589 3523 644 τοῦ
3542 594 3663 646 καθ’

402 697 604 742 nostra:
627 689 1023 754 argumentum,
1068 695 1132 734 ac
1167 679 1313 735 velut
1375 680 1430 733 in
1481 679 1729 735 columna
1777 682 1982 739 inscul-

2098 682 2235 752 ἡμᾶς
2254 680 2434 749 λόγου,
2476 682 2572 734 καὶ
2616 675 2729 734 οἷον
2782 681 3158 752 στηλογραφία
3187 699 3271 745 τις
3297 684 3433 736 πᾶσι
3464 682 3664 755 γνώρι-

404 774 965 848 ptum,omnibusque
1018 780 1227 838 notum,
1278 782 1360 829 est
1402 774 1493 828 hic
1546 773 1796 843 populus,
1842 773 1980 830 adeo

2098 790 2210 844 μος,
2248 774 2278 826 ὁ
2305 771 2434 835 λαὸς
2471 764 2644 837 οὗτος,
2687 773 2908 844 γνήσιος
2936 771 3012 825 ὢν
3033 773 3131 843 τῆς
3159 772 3389 846 Τριάδος
3416 790 3662 845 προσκυ-

405 883 569 923 verus
593 882 659 922 ac
707 868 953 922 sincerus
992 865 1279 921 Trinitatis
1328 865 1607 932 adorator,
1658 874 1717 920 ut
1764 866 1831 921 ab
1877 866 1982 922 hac

2098 863 2274 935 νητὴς,
2304 862 2380 926 ὡς
2408 861 2603 915 θᾶττον
2622 862 2686 916 ἀν
2710 879 2830 916 τινα
2843 861 3221 934 διαζευχθῆναι
3245 863 3346 935 τῆς
3372 861 3518 933 ζωῆς
3543 862 3665 917 ταύ-

406 961 587 1030 potius
615 959 727 1012 vita
764 957 943 1013 divelli
994 971 1054 1012 se
1090 971 1351 1025 passurus
1390 956 1485 1020 sit,
1529 971 1690 1026 quam
1718 965 1778 1011 ut
1813 958 1977 1013 trium

408 1054 602 1107 horum
620 1051 823 1120 aliquid
849 1066 878 1104 a
909 1049 1193 1104 divinitate
1219 1047 1497 1118 disjuugat
1523 1092 1534 1102 .
1568 1051 1754 1106 eadem
1791 1064 1981 1105 omnes

407 1142 531 1197 ﬁdei
566 1140 838 1196 sententia
882 1138 1116 1209 praediti,
1146 1140 1336 1195 eodem
1367 1140 1484 1193 zelo
1513 1138 1828 1209 ﬂagrantes,
1872 1157 1976 1195 una

404 1242 461 1290 et
488 1234 677 1287 eadem
714 1232 835 1287 ﬁdei
869 1232 1138 1295 doctrina,
1190 1240 1245 1286 et
1290 1232 1429 1287 inter
1459 1246 1538 1295 se,
1588 1243 1643 1285 et
1672 1232 1977 1297 nobiscum,

407 1333 612 1380 etcum
641 1323 909 1377 Trinitate
947 1321 1219 1389 conjuncti
1242 1333 1407 1394 atque
1434 1328 1684 1379 connexi.
1708 1325 1776 1381 Ut
1797 1334 1978 1379 autem

408 1418 565 1474 brevi
597 1419 809 1488 singula
836 1433 1175 1488 percurram,
1195 1431 1337 1487 quod
1360 1418 1611 1489 principii
1641 1430 1839 1485 expers
1871 1425 1975 1480 est,

405 1519 462 1565 et
493 1510 841 1579 principium,
873 1519 927 1564 et
956 1510 1007 1564 id
1047 1511 1189 1577 quod
1233 1525 1352 1564 cum
1382 1509 1652 1578 principio
1696 1515 1797 1570 est,
1840 1522 1978 1561 unus

407 1609 490 1654 est
524 1600 687 1655 Deus.
724 1599 834 1654 Nec
883 1615 1031 1662 vero,
1075 1599 1339 1668 principio
1387 1611 1592 1663 carere,
1634 1595 1788 1664 ejus,
1837 1599 1979 1664 quod

407 1691 677 1761 principio
719 1700 892 1756 caret,
931 1702 1123 1745 natura
1160 1699 1288 1755 est;
1338 1700 1429 1743 aut
1469 1690 1634 1743 etiam
1679 1687 1979 1757 ingenitum

404 1796 547 1838 esse.
602 1781 811 1838 Nullius
853 1783 996 1837 enim
1038 1783 1116 1836 rei
1164 1794 1361 1836 natura
1410 1797 1475 1834 ex
1519 1796 1584 1835 eo
1653 1780 1980 1841 declaratur,

408 1876 552 1943 quod
574 1875 843 1940 dicamus,
872 1875 1000 1944 quid
1047 1891 1152 1929 non
1186 1876 1275 1941 sit,
1310 1875 1403 1927 sed
1433 1873 1561 1941 quid
1593 1873 1684 1927 sit.
1711 1871 1806 1926 Est
1836 1872 1978 1924 enim

2084 973 2203 1026 της,
2242 955 2276 1025 ἡ
2328 970 2381 1007 τι
2423 953 2532 1007 τῶν
2574 953 2743 1024 τριῶν
2788 954 2846 1009 ἓν
2890 954 3163 1022 διαζεῦξαι
3216 956 3315 1026 τῆς
3361 955 3619 1028 θεότητος
3646 995 3662 1021 ,

2088 1038 2415 1116 σύμφρονες,
2470 1043 2724 1116 ὁμόζηλοι
2760 1044 2894 1117 (17),
2945 1047 3026 1099 ἐνὶ
3068 1046 3211 1117 λόγῳ
3244 1046 3379 1118 πρός
3403 1063 3463 1099 τε
3500 1047 3667 1120 ἀλλή-

2085 1139 2211 1201 λους
2243 1139 2338 1191 καὶ
2372 1137 2509 1209 πρὸς
2537 1140 2704 1208 ἡμᾶς,
2734 1138 2828 1191 καὶ
2862 1138 2962 1209 τὴν
3004 1139 3207 1211 Τριάδα
3254 1139 3617 1210 κρατούμενοι
3648 1158 3663 1172 ο

2086 1233 2154 1285 τὰ
2169 1232 2225 1286 δὲ
2241 1231 2361 1285 καθ’
2373 1232 2626 1295 ἕκαστον,
2648 1230 2714 1283 ἵν’
2735 1229 3264 1301 ὲπέλθωοσυντόμως,
3278 1232 3512 1303 ἄναρχον
3530 1232 3663 1304 (18),

2088 1325 2183 1377 καὶ
2206 1323 2370 1395 ἀρχὴ,
2405 1323 2498 1376 καὶ
2529 1323 2590 1375 τὸ
2618 1322 2754 1394 μετά
2784 1322 2881 1393 τῆς
2908 1323 3101 1394 ἀρχῆς,
3120 1317 3200 1386 εἷς
3222 1322 3374 1386 Θεός.
3408 1324 3546 1375 Οὔτε
3571 1323 3667 1376 τοῦ

2088 1416 2327 1487 ἀνάρχου
2366 1414 2426 1469 τὸ
2460 1415 2692 1486 ἄναρχον
2715 1413 2895 1484 φύσις,
2932 1413 2964 1485 ἢ
2993 1415 3053 1467 τὸ
3077 1414 3369 1486 ἀγέννητον
3389 1432 3403 1447 -
3439 1415 3668 1487 οὐδεμία

2087 1504 2196 1577 γὰρ
2235 1504 2398 1574 φύσις
2420 1504 2448 1557 ὅ
2480 1522 2535 1556 τι
2570 1503 2645 1575 μὴ
2676 1504 2796 1557 τόδε
2826 1506 2994 1569 ἐστὶν,
3020 1503 3136 1558 ἀλλ’
3164 1504 3193 1557 ὃ
3224 1522 3277 1557 τι
3301 1504 3440 1557 τόδε.
3485 1506 3550 1558 Ἦ
3573 1505 3667 1558 τοῦ

2091 1597 2242 1660 ὄντος
2274 1596 2441 1660 θέσις,
2477 1595 2598 1664 οὐχὶ
2642 1594 2736 1647 τοῦ
2773 1595 2885 1666 (19)
2924 1596 2997 1667 μὴ
3028 1594 3180 1658 ὄντος
3202 1596 3503 1665 ἀναίρεσις.
3529 1594 3671 1649 Οὔτε

2091 1689 2124 1758 ἡ
2151 1686 2313 1769 ἀρχὴ,
2342 1685 2420 1756 τῷ
2448 1685 2594 1757 ἀρχὴ
2628 1680 2792 1751 εῖναι,
2826 1685 2919 1739 τοῦ
2946 1687 3181 1758 ἀνάρχου
3210 1688 3319 1757 (20)
3349 1686 3669 1758 διείργεται.

2088 1777 2163 1830 Ού
2194 1776 2301 1848 γὰρ
2360 1777 2522 1847 φύσις
2574 1776 2728 1847 αὐτῷ
2767 1779 2801 1848 ἡ
2832 1778 2996 1849 ἀρχὴ,
3024 1776 3211 1848 ὥσπερ
3242 1777 3349 1831 οὐδ’
3387 1778 3581 1849 ἐκείνῳ
3609 1778 3673 1832 τὸ

2091 1870 2343 1940 ἄναρχον.
2389 1869 2526 1940 Περὶ
2563 1867 2673 1939 γὰρ
2697 1868 2798 1939 τὴν
2834 1868 2995 1937 φύσιν
3024 1869 3158 1939 (21),
3182 1870 3243 1921 ού
3272 1867 3445 1922 ταῦτα
3483 1870 3670 1939 φύσις.

409 1965 558 2034 ejus,
591 1967 732 2035 quod
760 1976 865 2030 est,
901 1966 1134 2035 positio;
1177 1980 1282 2019 non
1317 1975 1498 2018 autem
1526 1964 1667 2034 ejus,
1704 1962 1845 2031 quod
1873 1978 1980 2016 non

2098 1959 2198 2012 Καὶ
2227 1959 2288 2011 τὸ
2319 1959 2457 2029 μετά
2484 1960 2577 2012 τοῦ
2604 1961 2860 2031 ἀνάρχου,
2905 1959 3000 2014 καὶ
3028 1960 3129 2029 τῆς
3156 1961 3349 2030 ἀρχῆς,
3392 1961 3491 2014 οὐκ
3545 1960 3676 2015 ἄλλο

411 2062 518 2119 est,
545 2056 813 2111 sublatio:
847 2071 947 2111 nec
979 2056 1329 2127 principium,
1364 2071 1429 2111 eo
1466 2056 1610 2125 quod
1658 2054 1983 2124 principium

411 2156 520 2212 est,
549 2149 618 2201 ab
656 2163 745 2212 eo,
790 2149 931 2218 quod
986 2148 1254 2217 principio
1301 2157 1472 2214 caret,
1524 2146 1833 2211 dirimitur;
1877 2160 1986 2199 non

411 2236 557 2292 enim
603 2238 931 2307 principium
971 2238 1072 2308 ipsi
1119 2246 1311 2292 natura
1353 2247 1473 2302 est,
1529 2235 1984 2306 quemadmodum

412 2344 516 2383 nec
557 2328 820 2397 illi,quod
850 2330 1104 2399 principii
1165 2346 1362 2398 expers
1415 2329 1503 2385 sit.
1544 2329 1702 2383 Circa
1735 2336 1986 2382 naturam

411 2423 556 2477 enim
606 2423 723 2478 haec
772 2424 1213 2488 considerantur,
1270 2438 1378 2479 non
1417 2432 1596 2476 autem
1641 2429 1836 2475 natura
1871 2420 1989 2487 ipsa

412 2523 558 2569 sunt.
593 2512 791 2569 Eodem
824 2516 1073 2580 modoid,
1105 2516 1248 2582 quod
1300 2529 1422 2569 cum
1470 2511 1721 2582 principii
1746 2520 1987 2580 experte,

414 2616 473 2659 et
501 2619 624 2659 cum
651 2605 915 2675 principio
937 2614 1039 2671 est,
1070 2605 1201 2657 nihil
1237 2605 1461 2659 omnino
1502 2611 1588 2657 est
1622 2600 1793 2663 aliud,
1822 2613 1986 2667 quam

413 2695 557 2762 quod
587 2693 696 2747 illa.
731 2693 936 2749 Nomen
985 2707 1164 2749 autem
1216 2693 1470 2763 principii
1514 2691 1745 2760 experti,
1785 2689 1983 2744 Pater:

414 2783 699 2852 principio,
751 2783 952 2839 Filius:
992 2787 1039 2839 ei
1103 2795 1306 2849 autem,
1354 2784 1495 2853 quod
1554 2797 1675 2835 cum
1720 2781 1987 2850 principio

2087 2066 2167 2113 τι,
2206 2051 2237 2119 ἢ
2271 2052 2411 2121 ὅπερ
2434 2052 2641 2103 ἐκεῖνα.
2675 2051 2888 2124 Ὄνομα
2923 2052 3001 2118 δὲ,
3040 2051 3121 2122 τῷ
3156 2052 3253 2122 μὲν
3286 2051 3527 2123 ἀνάρχῳ,
3560 2053 3677 2106 Πα-

2086 2142 2192 2211 τήρ
2213 2157 2225 2169 ⁶
2252 2145 2318 2213 τῇ
2356 2142 2413 2195 δὲ
2450 2144 2615 2214 ἀρχῇ,
2652 2143 2811 2207 Υἱός·
2846 2143 2923 2214 τῷ
2947 2144 3005 2196 δὲ
3030 2144 3140 2215 (22)
3175 2143 3317 2215 μετά
3343 2145 3443 2213 τῆς
3472 2145 3674 2215 ἀρχῆς.

2090 2231 2315 2304 Πνεῦμα
2349 2233 2523 2302 ἅγιον.
2556 2234 2721 2298 Φύσις
2773 2235 2831 2288 δὲ
2864 2238 2974 2299 τοῖς
3007 2235 3158 2307 τρισὶ
3189 2236 3308 2306 μία,
3345 2236 3477 2298 Θεός
3531 2235 3671 2306 (25).

2090 2326 2324 2389 Ἕνωσις
2345 2326 2422 2391 δὲ,
2451 2328 2480 2379 ὁ
2510 2328 2722 2398 Πατὴρ,
2761 2327 2819 2395 ἐξ
2847 2322 2931 2393 οῦ,
2956 2330 3053 2382 καὶ
3077 2328 3214 2400 πρὸς
3232 2328 3289 2382 ὃν
3318 2330 3579 2398 ἀνάγεται
3606 2331 3678 2383 τὰ

2090 2415 2247 2485 ἐξῆς’
2279 2418 2375 2486 ούχ
2405 2418 2482 2480 ὡς
2537 2419 2974 2486 συναλείφεσθαι,
3012 2419 3125 2473 ἀλλ’
3157 2419 3233 2484 ὡς
3262 2420 3501 2491 ἔχεσθαι,
3532 2422 3676 2491 μήτε

2090 2507 2282 2578 χρόνου
2316 2508 2664 2579 διείργοντος,
2696 2511 2833 2580 μήτε
2853 2511 3173 2582 θελήματος,
3204 2513 3341 2583 μήτε
3365 2511 3676 2583 δυνάμεως.

2090 2599 2276 2652 Ταῦτα
2322 2601 2431 2673 γὰρ
2465 2604 2611 2673 ἡμᾶς
2651 2603 2819 2656 πολλά
2854 2600 2992 2657 εἶναι
3051 2604 3372 2675 πεποίηκεν,
3413 2603 3578 2657 αὐτοῦ
3613 2622 3679 2657 τε

2091 2691 2319 2744 ἑκάστου
2346 2693 2483 2764 πρὸς
2511 2695 2694 2759 ἑαυτὸ,
2729 2696 2825 2749 καὶ
2871 2696 3007 2767 πρὸς
3034 2696 3094 2749 τὸ
3135 2696 3323 2768 ἕτερον
3358 2696 3682 2760 στασιάζον-

2088 2800 2198 2846 τος·
2235 2779 2331 2847 Οἷς
2364 2785 2421 2837 δὲ
2446 2786 2599 2856 ἁπλῆ
2628 2786 2789 2857 φύσις
2835 2788 2929 2841 καὶ
2962 2788 3022 2841 τὸ
3052 2784 3189 2842 εἶναι
3211 2789 3426 2845 ταυτὸν.
3461 2786 3681 2851 τούτοις

416 2882 521 2939 est,
569 2874 806 2944 Spiritus
833 2886 1075 2930 sanctus.
1111 2875 1229 2930 Una
1258 2881 1438 2928 autem
1474 2874 1558 2927 bis
1598 2875 1770 2927 tribus
1792 2881 1985 2925 natura

2098 2874 2181 2927 καὶ
2208 2875 2271 2927 τὸ
2293 2875 2350 2927 ἒν
2384 2875 2590 2947 κύριον.

420 2968 558 3022 Deus
581 2978 686 3023 est.
726 2969 865 3025 Unio
899 2985 1030 3025 vero
1054 2979 1139 3023 est
1182 2968 1361 3034 Pater,
1387 2983 1454 3021 ex
1478 2982 1608 3035 quo,
1677 2973 1732 3020 et
1800 2965 1865 3019 ad
1898 2980 2056 3033 quem
2096 2982 2182 3031 ea,
2232 2985 2350 3038 qua:
2400 2971 2653 3041 deinceps
2700 2980 3022 3042 sequuntur,
3062 2971 3405 3038 referuntur,
3466 2987 3571 3026 non
3618 2980 3685 3026 ut

416 3057 819 3113 confundantur
834 3075 897 3115 ac
927 3063 1375 3131 permisceantur,
1415 3060 1511 3113 sed
1544 3067 1603 3111 ut
1634 3058 1978 3124 cohaereant;
2028 3068 2217 3129 utpote
2245 3075 2387 3129 quae,
2420 3078 2520 3117 nec
2552 3074 2813 3134 tempore,
2847 3080 2948 3120 nec
2971 3065 3266 3130 voluntate,
3303 3082 3405 3121 nec
3482 3076 3682 3135 poten-

421 3152 493 3206 tia
523 3164 879 3207 secernantur
926 3166 991 3205 ac
1037 3151 1461 3221 distinguantur.
1527 3149 1652 3204 Haec
1701 3148 1845 3202 enim
1902 3148 2028 3213 tria,
2107 3159 2168 3203 ut
2223 3152 2388 3205 multa
2445 3154 2634 3219 simus,
2688 3154 3027 3220 eﬁ‘eceruut,
3081 3157 3306 3225 singulis
3355 3171 3569 3225 nempe,
3624 3168 3684 3212 et

416 3258 627 3310 secum,
660 3252 716 3299 et
764 3260 887 3299 cum
937 3243 1092 3307 aliis,
1136 3241 1543 3297 diSsidentibus.
1588 3241 1657 3295 At
1685 3238 1882 3310 quibus
1910 3248 1967 3293 et
2004 3239 2231 3310 simplex
2296 3251 2510 3307 natura,
2577 3254 2634 3299 et
2674 3244 2864 3300 eadem
2904 3247 3141 3301 essentia
3195 3255 3299 3315 est,
3337 3248 3424 3302 his
3454 3251 3684 3319 proprie

417 3350 632 3407 quoque
664 3337 819 3389 unius
843 3349 943 3388 vox
975 3334 1248 3390 convenit.

488 3427 652 3499 759
681 3425 816 3481 XVI.
868 3427 947 3481 Ac
978 3427 1344 3481 contentiosas
1393 3427 1610 3495 quidem
1651 3436 1707 3482 et
1750 3428 1990 3498 pertina-

2172 3431 2289 3496 [τ’.
2324 3425 2435 3489 Τὰς
2467 3425 2568 3497 μὲν
2593 3418 2685 3479 οῦν
2710 3424 3045 3494 φιλονείκους
3075 3427 3165 3480 ἐπὶ
3189 3426 3392 3498 θάτερα
3422 3428 3685 3496 μετακλί-

419 3536 514 3576 ces
548 3521 668 3573 ﬁdei
701 3518 753 3571 in
778 3517 1093 3570 alterutram
1136 3526 1346 3587 partem
1379 3517 1712 3575 deﬂexiones
1767 3530 1822 3574 et
1843 3535 1993 3575 com-

420 3608 768 3679 pensationes
821 3606 1003 3662 valere
1053 3607 1344 3672 sinamus;
1411 3624 1509 3663 nec
1554 3624 1649 3674 per
1697 3626 1886 3675 unum,
1936 3621 1995 3666 ut

422 3696 716 3759 Sabellius,
763 3696 864 3748 tria
914 3694 1300 3759 convelleutes,
1346 3705 1400 3749 et
1445 3712 1541 3765 per
1564 3696 1821 3751 nefariam
1857 3713 1989 3752 con-

425 3789 771 3849 tractionem,
829 3786 1149 3840 divisionem
1203 3787 1486 3852 tollentes;
1523 3802 1622 3842 nec
1669 3803 1859 3844 rursus
1896 3804 1992 3859 per

424 3880 550 3945 tria,
574 3878 687 3933 Arii
723 3881 916 3943 instar,
945 3894 1109 3932 unum
1134 3888 1535 3949 oppugnantes,
1579 3894 1643 3934 ac
1678 3894 1775 3947 per
1801 3881 2000 3948 impro-

424 3973 545 4028 bam
574 3972 920 4036 divisionem,
973 3986 1137 4025 unum
1183 3979 1516 4028 evertentes.
1555 3970 1738 4040 Neque
1771 3974 1915 4027 enim
1947 3974 1998 4027 id

426 4084 457 4123 a
490 4068 647 4123 nobis
666 4068 947 4137 quaeritur,
974 4075 1033 4120 ut
1059 4067 1260 4120 malum
1295 4066 1438 4121 malo
1472 4076 1869 4134 permutemus,
1905 4066 2000 4120 sed

425 4168 488 4212 ut
518 4174 548 4211 a
582 4158 720 4212 bono
747 4158 970 4212 minime
1003 4157 1337 4211 aberremus.
1371 4155 1509 4209 Nam
1532 4156 1770 4225 profecto
1800 4155 1998 4211 diaboli

428 4250 540 4304 ludi
573 4251 688 4304 lucc
718 4260 866 4315 sunt,
896 4249 1202 4317 perniciose
1244 4263 1331 4302 res
1374 4256 1593 4301 nostras
1619 4247 1995 4316 ponderantis.

429 4341 538 4396 Nos
587 4355 719 4396 vero
764 4341 941 4395 media
1000 4349 1055 4394 et
1097 4339 1249 4408 regia
1299 4338 1613 4393 incedentes
1663 4338 1773 4403 via,
1808 4338 1861 4391 iu
1896 4352 2001 4406 qua

430 4433 655 4488 virtutes
689 4448 927 4504 quoque,
951 4442 1009 4487 ut
1040 4434 1241 4488 harum
1279 4431 1470 4501 peritis
1487 4430 1684 4500 placet,
1719 4430 1834 4485 sitae
1854 4438 2000 4496 sunt,

428 4519 703 4577 credimus
771 4521 825 4575 in
869 4519 1109 4588 Patrem,
1147 4529 1202 4574 et
1236 4519 1455 4584 Filium,
1493 4530 1547 4574 et
1588 4518 1848 4589 Spiritum
1884 4535 2004 4576 san-

500 4651 715 4773 ίῖἔῖέιῖῗ

429 4720 607 4796 C_olb.,
634 4720 955 4796 duoCoisI...
980 4731 1088 4776 etc.
1120 4724 1194 4796 ln_
1218 4720 1332 4790 ea;
1358 4721 1621 4793 ὁμόδοξοι,
1651 4724 1838 4780 eadem
1868 4727 1984 4796 opi-

434 4793 612 4853 nioire,
641 4793 755 4859 puri
785 4791 953 4859 gloria
986 4792 1219 4859 prtediti.

501 4861 614 4935 (4.8)
646 4863 957 4935 ᾌνιςρχοῖ·
983 4860 1127 4935 Βθεο
1157 4863 1245 4935 Dm
1276 4862 1445 4935 add".
1476 4864 1571 4935 καὶ
1596 4864 1791 4935 ἀρχήν-

503 4930 615 5007 (is?)
641 4931 789 5007 0_i"x_i
816 4930 942 5007 rei):
978 4929 1290 5007 Regg._bm,
1322 4934 1390 5000 ph
1425 4934 1596 5007 θεον.
1623 4929 1803 5005 2ζόύχ
1832 4935 2002 5007 ἢτοῦ.

503 4999 616 5071 (20)
658 4999 1117 5073 ῌΤοῦίάνᾴρχορῖ
1156 5000 1267 5073 Sic_
1303 4999 1415 5056 tres
1460 5000 1651 5073 Regg.,
1698 4999 2004 5073 quindecim

432 5069 610 5129 Colb.,
638 5071 742 5124 duo
770 5069 1005 5125 Coisl.et
1030 5070 1126 5127 Or.
1158 5071 1213 5123 2.
1244 5069 1403 5125 Deest
1429 5071 1523 5124 τοῦ
1546 5069 1601 5126 in
1632 5069 1720 5128 ed.

2102 3539 2214 3585 σεις
2242 3519 2336 3573 τοῦ
2363 3519 2523 3586 λόγου
2553 3518 2645 3570 καὶ
2678 3516 3075 3587 ἀντισηκῶσεις
3103 3518 3239 3589 (24),
3264 3519 3476 3590 χαίρειν
3504 3519 3686 3574 ἐάσω-

2103 3631 2220 3686 μεν·
2246 3612 2370 3666 οῦτε
2392 3611 2469 3683 τῷ
2493 3612 2573 3664 ἑνὶ
2600 3610 3014 3674 Σαϐελλίζοντες
3040 3610 3181 3664 κατά
3223 3612 3332 3664 τῶν
3362 3610 3553 3683 τριῶν,
3583 3614 3685 3666 καὶ

2101 3705 2410 3778 συναιρέσει
2433 3706 2576 3775 κακῇ
2600 3703 2698 3774 τὴν
2721 3703 2985 3775 διαίρεσιν
3005 3702 3243 3766 λύοντες·
3269 3702 3398 3757 οὔτε
3416 3706 3529 3768 τοῖς
3556 3723 3684 3776 τρι-

2101 3796 2184 3849 σὶν
2216 3793 2639 3865 Ἀρειανίζοντες
2668 3792 2808 3847 κατά
2833 3792 2927 3845 τοῦ
2957 3793 3095 3855 ἐνὸς,
3122 3793 3216 3846 καὶ
3244 3795 3457 3866 πονηρᾷ
3476 3794 3688 3864 διαιρέ-

2101 3902 2182 3939 σει
2207 3885 2267 3939 τὸ
2292 3884 2350 3938 ἓν
2380 3885 2781 3956 ἀνατρέποντες
2814 3883 2947 3955 (25).
2978 3884 3054 3937 Οὐ
3079 3882 3189 3955 γὰρ
3217 3884 3388 3937 κακοῦ
3420 3885 3481 3938 τὸ
3509 3886 3685 3938 κακὸν

2097 3977 2431 4042 ἀλλάξασθαι
2460 3978 2521 4029 τὸ
2552 3977 2907 4049 ζητούμενον,
2947 3976 3085 4030 ἀλλά
3126 3976 3221 4031 τοῦ
3250 3976 3417 4031 καλοῦ
3448 3978 3521 4049 μὴ
3563 3977 3688 4031 δια-

2101 4071 2347 4139 μαρτεῖν.
2384 4069 2472 4132 Ὠς
2505 4067 2681 4122 ταῦτά
2720 4086 2786 4138 γε
2817 4068 2911 4123 τοῦ
2942 4067 3181 4141 πονηροῦ
3211 4070 3459 4138 παίγνια,
3490 4068 3687 4133 κακῶς

2099 4160 2168 4213 τὰ
2198 4159 2442 4234 ἡμέτερα
2465 4160 2908 4225 ταλαντεύοντος.
2930 4162 3093 4215 Αὐτοὶ⁸
3118 4161 3175 4214 δὲ
3192 4160 3289 4232 τὴν
3320 4161 3493 4232 μέσην
3533 4161 3687 4232 βαδί-

2099 4252 2287 4317 ζοντες
2312 4253 2407 4305 καὶ
2436 4252 2739 4325 βασιλικὴν,
2777 4255 2834 4307 ὲν
2870 4248 2915 4322 ᾧ
2940 4254 3035 4307 καὶ
3064 4253 3126 4306 τὸ
3154 4252 3262 4305 τῶν
3287 4252 3497 4323 ἀρετῶν
3519 4252 3689 4323 ἕστη-

2099 4359 2215 4407 κεν,
2231 4342 2316 4422 ,ὡς
2347 4343 2493 4396 δοκεῖ
2518 4347 2628 4409 τοῖς
2653 4343 2826 4397 ταῦτα
2856 4344 2968 4415 (26)
3002 4344 3215 4408 δεινοῖς,
3243 4343 3571 4414 πιστεύομεν
3598 4346 3687 4410 εἰς

2100 4435 2341 4505 Πατέρα,
2393 4435 2485 4488 καὶ
2518 4436 2665 4500 Υίὸν,
2709 4437 2803 4490 καὶ
2836 4436 3063 4507 Πνεῦμα
3112 4435 3288 4504 ἀγιον,
3324 4436 3588 4508 ὁμοούσιά
3616 4453 3689 4490 τε

2103 4527 2199 4580 καὶ
2238 4527 2467 4598 ὁμόδοξα
2487 4546 2499 4558 ·
2532 4529 2590 4581 ἐν
2614 4524 2694 4592 οἷς
2717 4529 2813 4581 καὶ
2832 4527 2893 4581 τὸ
2933 4529 3218 4600 βάπτισμα
3257 4528 3356 4599 τὴν
3395 4527 3686 4582 τελείωσιν

711 4650 974 4722 ιιιᾴζηλοι.
1009 4652 1099 4706 Sic
1139 4651 1271 4721 Reg.
1313 4653 1406 4722 pb,
1440 4652 1618 4722 plures
1657 4653 1832 4720 Colb.,
1879 4656 1983 4711 duo
2013 4662 2058 4717 D
2088 4662 2395 4719 divinitas.»

2173 4729 2301 4806 (21)
2322 4733 2805 4808 Ἀντισηκώσεις.
2831 4734 3003 4791 Nicet.
3030 4751 3043 4786 :
3068 4733 3310 4807 πονηρὰς
3329 4734 3647 4808 διορθώσεις
3664 4752 3680 4767 ·

2035 4828 2054 4860 ι
2112 4804 2389 4860 «inversis
2439 4807 2592 4876 quasi
2647 4808 3135 4876 ponderibus,rut
3184 4804 3244 4859 lit
3288 4808 3341 4859 in
3390 4804 3681 4873 lancibus;

2112 4893 2131 4925 ι
2164 4874 2484 4930 librationes
2510 4893 2528 4926 ι
2586 4874 2841 4929 nimirum
2866 4874 3231 4930 Sabellianam
3267 4876 3410 4931 inter
3438 4884 3492 4930 et
3513 4876 3683 4928 Aria-

2106 4959 2229 4997 nam
2256 4946 2608 5015 impietatem.
2638 4945 2934 5015 Gregorius
2956 4946 3043 5015 hic
3073 4946 3325 4998 admonet
3351 4949 3683 5011 cavendum,

2103 5028 2190 5077 ne,
2223 5015 2276 5067 in
2307 5014 2789 5084 disceptationibus
2817 5016 2966 5071 circa
2990 5014 3113 5069 ﬁdei
3146 5016 3418 5084 dogmata,
3443 5016 3528 5069 his
3557 5023 3683 5069 uta-

2103 5096 2224 5157 mur
2250 5084 2472 5140 vocibus
2520 5093 2577 5140 et
2623 5086 2981 5157 argumentis,
3030 5098 3151 5155 quae
3202 5085 3449 5140 alterutri
3500 5087 3680 5140 errori

505 5140 615 5262 (21)
644 5142 787 5221 Περὶ
831 5141 941 5223 τξιρ
984 5140 1099 5209 τὴν
1142 5142 1350 5224 φύσιν,
1380 5151 1486 5197 etc.
1518 5141 1799 5198 Observat'
1826 5144 1997 5200 schol.

505 5212 586 5262 ll).
623 5230 640 5261 ι
672 5209 993 5262 Trtlltettas.
1017 5229 1035 5262 ι
1084 5226 1201 5262 seu.
1243 5230 1261 5262 ι
1286 5221 1446 5262 tnum
1485 5214 1706 5262 deorum
1738 5214 1997 5262 cultores-

434 5209 993 5281 Colb.'cATritlteitas,
1017 5229 1035 5263 ι
1084 5209 1201 5276 seu,
1243 5230 1261 5262 ι
1286 5213 1446 5265 trium
1485 5214 1706 5266 deorum
1738 5214 1998 5281 cultores,

439 5280 528 5334 hic
570 5294 598 5331 a
643 5278 905 5351 Gregorio
936 5281 1260 5355 impugnari,
1291 5296 1415 5335 cum
1462 5283 1654 5337 doceat
1693 5278 1999 5355 Theologus

442 5363 857 5417 tpersonarum,
884 5369 903 5402 ι
957 5367 1075 5416 seu,
1125 5370 1143 5402 ι
1187 5354 1551 5421 bypostasewv
1594 5354 1949 5421 proprietates
1981 5375 1998 5407 ι

441 5432 544 5493 non
580 5432 700 5473 esse
742 5439 768 5493 Δι
794 5430 1073 5487 naturam;
1099 5441 1117 5472 ι
1152 5426 1245 5476 sed
1294 5423 1627 5493 considerari
1658 5425 1785 5492 περὶ
1818 5423 2002 5493 φύσιν,

441 5487 495 5560 id
519 5497 622 5552 est,
657 5506 677 5539 ι
708 5490 849 5544 circa
880 5502 1182 5559 naturam”
1221 5506 1340 5560 qua:
1369 5492 1483 5560 ipsa
1519 5494 1672 5546 unica
1708 5487 1794 5548 est
1820 5487 1875 5549 in
1904 5487 2003 5549 tri?-

441 5555 544 5614 bus
533 5561 816 5682 2personis
848 5576 914 5616 ac
958 5555 1183 5631 proinde
1211 5555 1573 5615 u'uum'Deum
1605 5563 1787 5617 eﬁicit.

511 5626 531 5682 ί
609 5626 626 5682 l
665 5630 750 5682 Τω
781 5629 867 5682 δέ.
899 5631 1012 5682 Duo
1034 5632 1199 5682 Reae.
1235 5641 1288 5682 et
1318 5633 1412 5682 0r.
1440 5632 1497 5682 2-
1522 5631 1582 5682 τὸ
1605 5632 1684 5682 δέ.

511 5626 627 5769 (22)
665 5628 750 5694 Τῷ
781 5629 867 5684 δέ.
899 5626 1012 5686 Duo
1034 5632 1199 5702 Hegg.
1235 5641 1288 5686 el
1318 5633 1412 5686 0r.
1440 5632 1497 5697 2,
1522 5631 1582 5684 τὸ
1605 5632 1684 5686 δέ.

517 5699 607 5769 (25
662 5701 823 5768 Θεός.
855 5700 1015 5761 Deest
1034 5703 1087 5759 itt
1109 5705 1201 5760 Or.
1226 5703 1279 5759 2.
1304 5702 1491 5769 Gabr.,
1510 5702 1606 5769 μία
1628 5703 1684 5757 θε

517 5699 627 5770 (25)
662 5701 823 5768 Θεός.
855 5700 1015 5761 Deest
1034 5703 1087 5759 in
1109 5699 1201 5760 or.
1226 5703 1279 5759 2.
1304 5702 1491 5769 Gabn,
1510 5702 1606 5772 μία
1628 5703 1836 5775 θεότης.
1860 5723 1879 5759 t
1900 5720 2003 5762 una

2100 5150 2336 5207 faveant.

2169 5222 2286 5297 (25)
2325 5224 2799 5297 Ἀνατρέξτοντεᾳ
2847 5229 2930 5282 οὐ
2969 5227 3079 5297 γὰρ
3129 5224 3333 5297 κακοῦ,
3365 5224 3431 5278 τὸ
3485 5226 3683 5297 κακὸν

2102 5292 2497 5365 ᾀλλάξασθαιή
2525 5295 2592 5348 τὸ
2624 5292 3002 5365 (modum-of,
3040 5292 3200 5351 ἀλλὰ
3228 5294 3335 5348 τοῦ
3372 5295 3565 5349 καλοῦ
3588 5295 3679 5364 μὴ

2102 5362 2464 5433 διαμαρτεῖν.
2510 5367 2606 5430 Ὡς
2639 5362 2843 5432 ταῦτὰ,
2868 5362 3218 5423 θιαδίοιιιιο
3245 5365 3434 5430 Coisl.,
3473 5362 3682 5418 duodeé

2104 5434 2207 5507 cim
2233 5436 2406 5497 Colb.,
2444 5436 2641 5507 aliique
2667 5439 2867 5507 plures.
2910 5440 2963 5491 lu
3012 5437 3139 5491 Par.
3170 5435 3355 5507 ed._ita
3388 5436 3475 5507 hic
3525 5435 3681 5507 lo_cu_s

2103 5504 2427 5586 depravatus
2473 5503 3166 5586 Ιθςίειιιίξρἀνατρέποντεςο
3197 5503 3335 5556 ἀλλά
3377 5503 3472 5557 τοῦ
3505 5503 3679 5562 κα.ὶοῦ

2101 5574 2181 5626 τὸΔ
2203 5575 2278 5647 μὴ
2310 5575 2650 5647 διαμαρτεῖν.
2699 5579 2785 5641 Ὠς
2808 5574 3001 5637 ταῦτα,
3035 5587 3137 5629 etc.

2196 5593 2278 5699 ἔνη
2310 5593 2650 5658 οιαμαρτειν.
2701 5593 2785 5659 μς
2808 5593 3001 5637 ταυτα,
3035 5593 3137 5629 etc.
3266 5642 3292 5654 η

2174 5648 2192 5717 (
2233 5645 2285 5716 6)
2325 5648 2534 5702 Ταυτα.
2569 5649 2625 5704 In
2658 5647 2999 5718 quibusdam,
3034 5645 3162 5717 περὶ
3193 5660 3387 5700 ταυτα.
