3902 6218
294 279 401 334 477

1288 277 1547 339 ORATIO
1587 283 1745 341 XLII.
1786 316 1854 327 —-
1895 286 2283 343 SUPREMUM
2323 287 2525 343 VALE.

3443 292 3553 353 4⁸78

295 395 435 464 ἔχει,
469 389 529 444 ἐν
549 407 611 445 τε
637 388 866 461 ὀνόμασι
885 387 979 444 καὶ
1001 387 1320 461 πράγμασιν
1350 386 1520 462 (οἶδας
1541 394 1570 446 ὁ
1599 394 1873 465 μυηθείς),

1989 407 2153 460 ctum,
2184 397 2426 468 ejusdem
2472 397 2790 452 substantiae
2842 405 2898 453 et
2933 379 3158 469 gloriae;
3193 400 3246 456 in
3277 403 3471 472 quibus
3496 417 3553 462 et

296 490 529 562 ἄρνησις
559 486 620 541 ὃν
642 486 853 553 ἀθεῖας,
890 485 986 541 καὶ⁵
1022 485 1283 557 ὁμολογία
1321 485 1596 558 θεότητος,
1622 488 1718 542 καὶ
1736 487 1878 542 οὕτω

298 579 772 653 καταρτιζόμεθα·
802 579 865 632 τὸ
886 579 984 649 μὲν
999 577 1077 645 ἓν,
1104 580 1171 649 τῇ
1197 578 1355 650 οὐσίᾳ.
1378 578 1760 648 γινώσκοντες,
1783 581 1879 634 καὶ

296 671 381 743 τῷ
407 671 689 743 ἀμερίστῳ
748 671 847 740 τῆς
880 657 1338 741 προσκυνήσέως’
1377 669 1447 723 τὰ
1485 669 1542 723 δὲ
1573 671 1722 742 τρία,
1758 674 1879 735 ταῖς

299 762 689 827 ὐποστάσεσιν,
714 761 892 815 είτουν
926 759 1261 833 προσώποις,
1302 761 1331 813 ὃ
1360 778 1472 815 τισι
1520 761 1693 831 φίλον.
1725 762 1878 835 Μηδὲ

299 855 414 926 γὰρ
445 856 496 909 οἱ
528 853 658 925 περὶ
700 852 873 906 ταῦτα
906 850 1345 922 ζυγομαχοῦντες
1376 854 1874 925 ἀσχημονείτωσαν,

297 946 493 1019 ὥσπερ
514 946 573 1000 ὲν
613 945 725 1016 (27)
752 944 982 1015 ὀνόμασι
996 943 1254 1015 κειμένης
1283 946 1417 1016 ⁴ἡμῖν
1447 945 1545 1016 τῆς
1572 945 1876 1008 εὐσεϐείας,

298 1039 421 1094 ἀλλ’
453 1038 555 1093 οὐκ
597 1038 657 1091 ὲν
703 1036 1016 1108 πράγμασι.
1074 1036 1140 1089 Τί
1193 1036 1303 1108 γάρ
1358 1053 1495 1106 φατε
1528 1038 1577 1090 οἱ
1606 1036 1704 1100 τὰς
1729 1038 1878 1108 τρεῖς

300 1129 630 1193 ὑποστάσεις
655 1127 1033 1200 εἱσφέροντες;
1064 1127 1139 1199 μὴ
1167 1130 1317 1200 τρεῖς
1340 1127 1527 1191 οὐσίας
1565 1127 1879 1197 ὑπολαμϐά-

299 1239 485 1287 νοντες
529 1221 688 1275 τοῦτο
729 1219 919 1288 λέγετε
962 1219 1120 1289 (28);
1168 1219 1328 1287 Μέγα
1371 1214 1489 1282 οἷδ’,
1522 1219 1604 1271 ὅτι
1658 1217 1877 1289 βοήσετε

299 1312 446 1367 κατά
497 1311 608 1365 τῶν
660 1309 834 1374 οὕτως
885 1309 1264 1381 ὐπειληφότων
1293 1308 1426 1379 (29).
1456 1309 1603 1363 Μίαν
1642 1307 1751 1379 γὰρ
1785 1307 1878 1363 καὶ

298 1405 402 1477 τὴν
427 1401 597 1474 αὐτὴν
619 1401 730 1455 τῶν
760 1400 929 1472 τριῶν
951 1399 1324 1471 δογματίζετε.
1350 1399 1415 1452 Τί
1436 1399 1523 1452 δαὶ
1553 1401 1601 1452 οἱ
1622 1398 1691 1451 τά
1715 1399 1879 1470 πρόσ-

300 1516 469 1566 ωπα;
517 1500 593 1572 μὴ
629 1498 709 1563 ἓν,
737 1492 849 1551 οἷόν
903 1515 956 1550 τι
1006 1494 1278 1561 σύνθετον,
1333 1493 1732 1558 ἀναπλάσσετε,
1784 1493 1879 1547 καὶ

299 1591 686 1662 τριπρόσωπον
711 1588 847 1659 (50),
878 1584 1399 1658 ἢάνθρωπόμορφον
1432 1582 1604 1650 ὂλως;
1639 1584 1875 1652 Ἀπαγε,

301 1679 400 1733 καὶ
445 1679 605 1750 ὑμεῖς
653 1676 1024 1747 ἀντιϐοήσετε,
1085 1673 1220 1745 μηδὲ
1259 1673 1570 1745 πρόσωπον,
1604 1674 1633 1727 ὅ
1662 1673 1715 1726 τί
1747 1673 1877 1726 ποτέ

1979 486 2255 554 baptismo
2278 502 2374 542 sua
2407 485 2671 557 perfectio
2709 496 2944 554 constat,
2992 498 3099 542 tam
3134 489 3186 544 in
3216 492 3549 561 nominibus,

1979 592 2142 647 quam
2197 578 2253 633 in
2314 580 2477 634 rebus
2519 578 2658 649 (hac
2714 595 2820 635 non
2884 580 3144 653 ignoras,
3202 584 3445 655 quisquis
3486 601 3551 643 eo

1979 669 2226 725 initiatus
2255 671 2361 740 es);
2409 670 2609 741 quippe
2648 673 2792 742 quod
2846 674 3138 742 impietatis
3168 675 3453 743 abjuratio,
3493 688 3549 733 ct

1980 760 2282 817 divinitatis
2305 760 2578 817 confessio
2598 762 2694 828 sit,
2722 772 2884 833 atque
2915 765 2989 818 ita
3017 766 3359 837 perlicimur;
3384 785 3548 824 unum

1979 851 2231 921 quidem,
2299 853 2477 922 quoad
2556 855 2849 909 essentiam
2909 872 2972 912 ac
3028 857 3312 916 divisionis
3375 863 3553 927 omnis

1979 953 2256 1012 expertem
2314 945 2723 1011 adorationem,
2784 947 3104 1016 credentes;
3169 951 3273 1005 tria
3327 961 3546 1019 autem,

1981 1045 2243 1107 quantum
2281 1026 2353 1091 ad
2392 1037 2730 1108 hyposlases,
2765 1039 2881 1093 sive
2914 1054 3193 1108 personas,
3225 1051 3283 1096 ut
3311 1045 3551 1101 nonnulli

1981 1126 2208 1184 malunt.
2246 1129 2508 1183 Desinant
2536 1130 2705 1193 enim,
2734 1130 2826 1200 qui
2862 1130 3034 1187 dehis
3064 1132 3206 1188 inter
3232 1149 3291 1189 se
3324 1144 3548 1191 conten-

1979 1219 2134 1282 dunt,
2163 1219 2416 1288 ineptire,
2457 1220 2683 1290 perinde
2721 1236 2786 1276 ac
2835 1222 2880 1277 si
2908 1221 3033 1277 ﬁdei
3054 1226 3256 1279 nostra:
3288 1226 3462 1295 pietas
3494 1227 3549 1282 in

1980 1309 2310 1374 nominibus,
2345 1326 2453 1365 non
2479 1311 2533 1365 in
2562 1311 2747 1377 rebus,
2773 1313 3056 1368 consistat.
3082 1314 3218 1381 Quid
3242 1316 3383 1371 enim
3413 1318 3551 1373 dici-

1979 1399 2069 1464 tis,
2100 1401 2192 1469 qui
2241 1408 2352 1454 tres
2388 1399 2718 1471 hypostases
2757 1401 2999 1457 aﬁ‘ertis?
3029 1404 3110 1457 An
3139 1405 3241 1460 hoc
3261 1420 3326 1461 eo
3351 1406 3551 1473 dicitis,

1981 1492 2122 1560 quod
2155 1500 2269 1547 tres
2313 1494 2578 1549 essentias
2619 1495 2988 1551 existimetis?
3019 1497 3134 1553 Non
3164 1508 3246 1554 est
3279 1502 3418 1570 apud
3462 1517 3549 1557 me

1981 1582 2223 1647 dubium,
2260 1583 2391 1653 quin
2447 1586 2705 1641 adversus
2755 1601 2873 1652 eos,
2931 1590 3022 1658 qui
3090 1590 3162 1644 ita
3218 1593 3552 1660 existimant,

1983 1669 2253 1740 ingentem
2302 1670 2593 1728 clamorem
2620 1674 2911 1730 excitaturi
2950 1676 3092 1732 sitis.
3134 1676 3302 1732 Unam
3328 1683 3470 1734 enim
3501 1690 3556 1736 et

301 1744 603 1834 EG‘tW,'t50t
624 1766 783 1834 Θεοῦ,
817 1744 876 1831 ὃς
903 1744 1239 1835 οὓτωςίέχει.
1276 1744 1342 1817 Τί
1385 1759 1477 1817 οὖν
1503 1766 1632 1834 ἡμῖν
1662 1765 1718 1817 αἱ
1747 1764 1879 1817 ὐπο-

1990 1763 2241 1818 eamdem
2273 1765 2468 1818 horum
2522 1765 2689 1819 trium
2726 1768 3013 1822 essentiam
3042 1770 3391 1838 proﬁtemini.
3418 1772 3554 1838 Quid

302 1862 523 1926 στάσεις
561 1860 861 1932 βούλονται,
899 1859 933 1931 ἦ
977 1859 1105 1930 ὑμῖν
1126 1858 1196 1911 τὰ
1233 1856 1347 1930 (51)
1380 1857 1680 1930 πρόσωπα;
1711 1873 1878 1928 προσ-

300 1953 571 2023 ερήσομαι
600 1950 729 2020 γάρ.
758 1950 833 2003 Τὸ
853 1948 980 2021 τρία
1011 1942 1151 2001 εἶναι
1179 1944 1248 2000 τὰ
1281 1944 1656 2017 διαιρούμενα,
1687 1946 1748 1998 οὐ
1779 1945 1880 2014 φύ-

303 2061 476 2109 σεσιν,
508 2042 622 2097 ἀλλ’
650 2041 924 2112 ἰδιότησιν.
967 2038 1270 2110 ’Υπέρευγε
1322 2036 1457 2108 (52).
1495 2037 1620 2101 Πῶς
1648 2037 1712 2092 ἄν
1738 2054 1882 2101 τινες

302 2137 667 2208 συμφρονοῖεν
688 2133 800 2206 (55)
826 2132 1029 2206 μᾶλλον
1062 2130 1157 2186 καὶ
1190 2130 1251 2184 τὸ
1287 2130 1419 2184 αὐτὸ
1455 2130 1687 2199 λέγοιεν,
1721 2128 1754 2200 ἢ
1787 2128 1880 2183 οὐ·

300 2249 413 2295 τως
435 2230 671 2300 ἔχοντες,
693 2227 798 2282 κᾶν
824 2228 945 2289 ταῖς
970 2223 1260 2287 συλλαϐαῖς
1280 2221 1644 2294 διαφέρωσιν;
1689 2222 1883 2295 Ὁρᾶτε

306 2318 422 2386 οἷος
455 2320 567 2391 ἐγὼ
598 2317 925 2389 διαλλακτὴς
952 2316 1101 2388 ὑμῖν,
1124 2316 1262 2389 πρὸς
1288 2316 1381 2370 τὸν
1421 2313 1548 2370 νοῦν
1583 2315 1731 2384 ἄγων
1776 2314 1884 2367 ἀπὸ

313 2413 409 2468 τοῦ
433 2414 782 2485 γράμματος,
809 2408 998 2480 ῶσπερ
1025 2407 1126 2479 τὴν
1155 2405 1400 2462 Παλαιὰν
1430 2406 1524 2460 καὶ
1553 2404 1651 2477 τὴν
1678 2405 1843 2459 Νέαν.

1984 1868 2103 1921 vos,
2138 1854 2229 1923 qui
2258 1869 2522 1924 personas
2571 1856 2792 1913 dicitis?
2831 1857 2967 1911 Num
3010 1875 3194 1925 unum,
3233 1861 3378 1915 velut
3399 1864 3556 1933 quid-

1980 1946 2105 2000 dam
2151 1949 2534 2014 compositum,
2588 1950 2771 2004 animo
2826 1949 3052 2020 ﬁngitis,
3109 1966 3174 2006 ac
3222 1962 3330 2008 tres
3357 1954 3547 2021 facies,

1981 2049 2073 2093 aut
2102 2038 2396 2094 humanam
2425 2039 2647 2094 omnino
2673 2038 2907 2095 formam
2956 2042 3200 2098 habens?
3224 2045 3412 2100 Absitl
3456 2047 3556 2116 ipsi

1980 2144 2197 2199 quoque
2225 2130 2612 2197 inclamabitis,
2640 2146 2741 2189 nec
2784 2132 2978 2190 faciem
3005 2136 3221 2204 quidem
3249 2137 3366 2204 Dei,
3397 2154 3547 2209 quae-

1985 2234 2199 2290 cunque
2229 2222 2440 2276 tandem
2472 2222 2561 2278 illa
2595 2233 2701 2290 est,
2729 2239 2965 2294 unquam
3001 2225 3089 2282 ille
3122 2227 3319 2295 videat,
3350 2231 3442 2299 qui
3477 2231 3549 2285 ita

1981 2311 2171 2366 sentit.
2222 2310 2361 2378 Quid
2398 2313 2583 2382 igitur,
2619 2325 2677 2368 ut
2721 2316 3061 2388 interrogare
3115 2332 3360 2387 pergam,
3396 2322 3554 2376 vobis

1984 2405 2301 2475 hypostases
2340 2404 2549 2473 volunt,
2607 2416 2700 2460 aut
2748 2407 2900 2464 vobis
2956 2411 3239 2478 personae?
3276 2405 3543 2466 Nimirum

304 2509 411 2563 tria
483 2520 624 2572 esse,
691 2519 813 2575 qua:
853 2502 1204 2570 dividantur,
1254 2515 1361 2556 non
1419 2501 1647 2566 naturis,
1708 2499 1805 2554 sed
1871 2498 2330 2569 proprietatibus.
2393 2498 2626 2571 Optime.
2671 2503 2755 2556 An
2827 2501 2942 2556 ﬁeri
2992 2508 3190 2569 potest,
3236 2511 3294 2556 ut
3342 2502 3558 2572 quidam

304 2597 480 2667 magis
529 2597 674 2651 inter
720 2610 781 2651 se
828 2597 1196 2664 concordent,
1256 2607 1417 2667 atque
1462 2596 1602 2651 idem
1654 2595 1858 2659 dicant,
1896 2610 2060 2665 quam
2126 2610 2248 2652 cum
2337 2598 2411 2652 ita
2485 2599 2746 2664 sentiunt,
2800 2596 3015 2653 tametsi
3085 2595 3286 2666 alioqui
3344 2597 3563 2669 syllabis

305 2690 668 2760 discrepent?
699 2687 888 2745 Videte
917 2688 1130 2759 qualem
1179 2689 1330 2745 vobis
1382 2687 1781 2759 paciﬁcatorem
1822 2702 1909 2741 me
1953 2687 2253 2756 praebeam;
2299 2703 2328 2743 a
2361 2688 2540 2742 littera
2591 2691 2661 2745 ad
2708 2699 2941 2759 mentem
2996 2691 3302 2759 traducens,
3365 2707 3553 2761 quem-

304 2783 598 2838 admodum
647 2780 694 2836 si
740 2781 864 2851 quis
919 2779 1086 2836 Vetus
1125 2779 1532 2836 Testamentum
1570 2789 1627 2833 et
1663 2777 1872 2833 Novum
1909 2788 2197 2848 componat
2228 2790 2284 2833 et
2307 2780 2574 2835 conciliet.

377 2901 482 2953 IZ'.
523 2895 663 2950 Ἀλλ’
694 2893 977 2947 ἐπανιτέον
1012 2909 1103 2964 μοι
1126 2890 1288 2946 πάλιν
1312 2891 1448 2963 πρὸς
1468 2889 1580 2962 (54)
1607 2890 1700 2943 τὸν
1724 2888 1884 2963 αὐτὸν

2064 2891 2228 2961 760
2281 2888 2439 2945 XVII.
2501 2890 2608 2947 Sed
2664 2906 2769 2958 eo,
2829 2893 2971 2948 unde
3043 2892 3271 2960 digressi
3330 2909 3559 2960 sumus,

282 2972 489 3060 ‘ldyov.
526 2989 602 3041 Τὸ
632 2987 731 3058 μὲν
761 2981 855 3039 οὖν
885 2984 1202 3055 ἀγέννητον,
1237 2983 1333 3037 καὶ
1384 2984 1445 3035 τὸ
1483 2980 1761 3053 γεννητὸν,
1793 2981 1888 3035 καὶ

307 3084 370 3138 τὸ
391 3078 719 3152 ὲκπορευτδν
744 3074 987 3145 λεγέσθω
1037 3091 1097 3127 τε
1129 3074 1223 3127 καὶ
1262 3072 1509 3137 νοείσθω,
1542 3072 1595 3126 εί
1628 3090 1705 3143 τῳ
1739 3073 1888 3142 φίλον

307 3173 662 3245 δημιουργεῖν
698 3169 973 3239 ὀνόματα·
1028 3166 1091 3219 οὐ
1145 3164 1255 3236 γὰρ
1302 3164 1584 3235 δείσομεν,
1635 3166 1709 3236 μή
1760 3182 1888 3219 ποτε

308 3265 501 3334 νοῆται
535 3262 647 3333 (55)
684 3257 1013 3329 σωματικῶς
1042 3256 1112 3310 τὰ
1159 3255 1426 3326 ἀσώματα
1455 3254 1600 3327 (56),
1632 3256 1770 3328 ὅπερ
1801 3255 1889 3309 δο-

311 3358 401 3411 κεῖ
430 3356 543 3418 τοῖς
571 3354 940 3425 ἐπηρεασταῖς
956 3349 1070 3421 (57)
1098 3349 1371 3422 θεότητος.
1402 3348 1625 3418 Κτίσμα
1644 3348 1723 3414 δὲ,
1754 3348 1888 3402 Θεοῦ

313 3449 417 3521 μὲν
461 3445 736 3515 λεγέσθωο
772 3443 919 3515 μέγα
950 3441 1060 3512 γάρ
1102 3442 1234 3512 ἡμῖν
1272 3439 1367 3495 καὶ
1407 3438 1599 3492 τοῦτο·
1635 3439 1767 3503 Θεὸς
1798 3439 1886 3505 δὲ,

316 3539 603 3613 μηδαμῶς.
642 3539 714 3591 Ἦ
745 3537 866 3591 τότε
897 3535 1116 3606 δέξομαι
1149 3533 1358 3604 κτίσμα
1391 3529 1531 3587 εἶναι
1568 3532 1721 3598 Θεὸν,
1763 3534 1890 3586 ὅταν

314 3630 472 3701 κάγὼ
500 3630 746 3701 γένωμαι
800 3626 1006 3698 κυρίως
1067 3625 1218 3689 Θεός.
1261 3626 1413 3695 Ἔχει
1469 3623 1579 3694 γὰρ
1603 3622 1796 3686 οὕτως.
1826 3624 1890 3676 El

316 3726 419 3797 μὲν
455 3724 607 3790 Θεὸς,
635 3724 697 3776 οὐ
721 3723 954 3791 κτίσμα·
978 3719 1098 3791 μεθ’
1125 3719 1281 3789 ἡμῶν
1306 3719 1414 3789 γὰρ
1437 3718 1499 3770 τὸ
1525 3717 1749 3788 κτίσμα,
1782 3717 1891 3772 τῶν

311 3821 374 3873 οὐ
410 3818 572 3872 θεῶν.
616 3818 681 3871 El
703 3816 910 3887 κτίσμα
943 3814 1020 3878 δὲ,
1049 3813 1109 3866 οὐ
1136 3812 1268 3876 Θεὸς
1290 3827 1302 3839 ⁸
1348 3811 1549 3882 ἤρξατο
1580 3809 1690 3882 γάρ
1711 3826 1891 3881 χρονι-

313 3910 448 3974 κῶς.
495 3911 560 3963 '0
593 3908 650 3963 δὲ
687 3901 1009 3979 ἤρξατο,.ἧν
1037 3905 1126 3958 ὅτε
1151 3905 1250 3956 οὐκ
1267 3898 1333 3973 ἦν
1363 3901 1497 3972 (58).
1534 3893 1609 3955 Οὐ
1659 3901 1717 3954 δὲ
1760 3917 1892 3972 πρε-

315 4002 583 4073 σϐύτερον
606 4000 664 4053 τὸ
687 3995 892 4069 οὐκῆν,
914 3996 1073 4050 τοῦτο
1100 3996 1161 4049 οὐ
1188 3995 1391 4068 κυρίως
1415 3994 1494 4048 δν.
1531 3992 1605 4045 Τὸ
1627 3991 1685 4045 δὲ
1709 3992 1781 4062 μὴ
1798 4009 1892 4045 κυ-

316 4094 450 4165 ρίως
502 4088 584 4155 ὃν,
616 4087 733 4152 πῶς
764 4088 930 4155 Θεός;
994 4084 1133 4141 Οὔτε
1167 4080 1258 4138 οὖν
1305 4083 1511 4154 κτίσμα
1549 4081 1657 4136 τῶν
1684 4081 1850 4152 τριῶν
1872 4121 1888 4146 ,

309 4184 438 4238 οὐδὲ
463 4183 523 4238 ἒν
545 4198 560 4212 ⁸
594 4181 741 4246 οὔτε,
768 4181 797 4234 ὃ
828 4179 1020 4235 τούτου
1048 4182 1248 4250 χεῖρον,
1293 4177 1362 4231 δι’
1408 4177 1510 4247 ἐμὲ
1554 4176 1842 4247 γενόμενον
1873 4192 1886 4204 ·

311 4278 402 4331 ἵνα
439 4276 515 4348 μὴ
542 4276 749 4346 κτίσμα
850 4273 1029 4344 μόνον,
1073 4271 1208 4325 ἀλλά
1238 4272 1331 4324 καὶ
1364 4268 1519 4341 ἡμῶν
1546 4270 1883 4339 ἀτιμότερον.

313 4370 379 4425 El
409 4367 520 4440 γὰρ
546 4367 659 4437 ἐγὼ
690 4366 789 4438 μὲν
815 4368 895 4430 είς
916 4365 1076 4432 δόξαν
1109 4363 1266 4430 Θεοῦ,
1293 4362 1453 4416 τοῦτο
1476 4363 1534 4415 δὲ
1557 4362 1668 4433 (59)
1699 4360 1764 4413 δι’
1788 4359 1889 4431 ἐμὲ

312 4462 367 4533 (ἡ
395 4460 657 4533 πυράγρα
690 4458 803 4529 (40)
840 4457 930 4511 διὰ
961 4457 1061 4529 τὴν
1091 4455 1326 4528 ἄμαξαν,
1360 4455 1395 4525 ἢ
1420 4457 1448 4508 ὁ
1471 4453 1646 4524 πρίων
1675 4453 1764 4507 διά
1791 4451 1889 4522 τὴν

311 4553 531 4626 θύραν),
588 4553 725 4608 νικῶ
752 4553 820 4623 τῇ
863 4550 1032 4622 αἰτίᾳ.
1064 4550 1216 4620 ὐσῳ
1257 4546 1368 4619 γὰρ
1416 4545 1734 4618 κτισμάτων
1758 4544 1891 4608 Θεὸς

388 4793 506 4865 (27)
537 4793 768 4863 Ὥσπερ
794 4793 889 4865 γὲν.
923 4792 1029 4865 Sic
1064 4794 1172 4849 duo
1206 4793 1402 4864 Regg.,
1432 4793 1538 4847 duo
1568 4790 1754 4856 Coisl.,
1796 4789 1894 4847 Or.

310 4865 371 4929 2,
405 4863 512 4919 etc.
546 4865 603 4919 In
637 4866 746 4934 ed.,
779 4864 969 4934 ὥσπερ
1000 4863 1085 4934 ἄν.

389 4933 505 5004 ('28)
544 4933 738 5005 ,Τοῦτο
771 4928 997 5005 λέγετε.
1049 4932 1141 5005 Sic
1185 4932 1364 5005 plures
1413 4931 1579 5005 ᾕρεε.
1628 4937 1683 4985 et
1698 4928 1892 5005 _Colb.,

318 5001 430 5059 duo
461 5001 652 5067 Cois|.,
687 5001 863 5060 Gabr.
885 5014 940 5058 et
969 5003 1162 5059 Comb.
1187 5001 1355 5058 Deest
1376 5001 1535 5055 τοῦτο
1570 5003 1623 5055 in
1647 5001 1733 5055 ed.

552 5073 1016 5144 ’Υπειληφότων.
1048 5072 1180 5144 Reg.
1216 5073 1326 5144 bin,
1361 5070 1783 5144 συνειληφότων.

390 5140 507 5212 (50)
542 5140 982 5211 Τριπρόάωπον.
1023 5163 1041 5195 ‹
1068 5140 1202 5197 Tres
1228 5143 1395 5197 facies
1430 5140 1653 5196 habens.
1683 5160 1700 5192 ι
1735 5140 1897 5195 Ludit

314 5211 614 5283 Gregorius
638 5213 695 5283 in
721 5214 1144 5283 atquivocatione
1165 5212 1339 5283 Graeci
1367 5212 1622 5270 nominis,
1646 5226 1719 5283 eo
1736 5213 1891 5283 quod

316 5282 611 5354 πρόσωπον
623 5281 833 5354 Gragcer
846 5282 1032 5354 faciem
1054 5281 1894 5354 simul‘etpersonamnsigniticet.

274 5375 291 5381 -
367 5349 511 5421 ’(51)
541 5352 616 5407 Ἥ
644 5355 682 5407 ὑ
729 5351 788 5405 ἵν
813 5351 905 5406 τά.
937 5353 1028 5407 Sic
1060 5363 1168 5407 tres
1199 5349 1365 5423 llegg.
1398 5361 1453 5406 et
1484 5353 1590 5406 duo
1613 5350 1775 5405 Coisl.
1807 5349 1899 5405 Sic

315 5424 488 5477 etiam
523 5421 650 5477 legit
671 5371 879 5477 Dillius.
908 5421 1071 5477 Deest
1101 5423 1231 5477 ὑμῖν
1261 5423 1313 5475 in
1348 5421 1436 5476 ed.

403 5438 488 5474 am
523 5438 650 5491 Iegll
671 5438 879 5477 minus.
908 5438 1071 5477 υθϐδῐ
1101 5438 1231 5493 υμιν
1261 5438 1313 5475 tu
1348 5438 1436 5476 eu.

396 5490 511 5581 te?)
552 5490 1465 5581 'Iz‘éesatsgﬁiav'uriaBass-
1508 5499 1564 5544 οι
1605 5488 1754 5546 σουλ
1790 5490 1896 5545 δυο

319 5560 514 5631 Οοίειζ,
555 5572 660 5616 etc.
690 5560 747 5616 In
776 5560 863 5617 ed.
893 5560 1128 5628 divisiiii,
1163 5561 1303 5631 ὑπὲρ
1331 5560 1479 5628 εὖγε.

397 5630 979 5711 (55)ΛΣημφροζοῒεγ.
1004 5632 1108 5711 _Sic
1135 5628 1282 5711 _lteg.
1318 5633 1411 5700 ph,
1448 5631 1686 5711 quinque
1715 5628 1891 5711 (3915..

322 5700 503 5760 (ἶθὶει.
528 5701 584 5770 2,
615 5700 763 5771 Bas.,
787 5703 975 5761 Comb.
1002 5700 1058 5758 ln
1086 5703 1193 5772 ed.,
1225 5703 1569 5773 σωφρονοῖεν,
1608 5718 1627 5753 t
1652 5700 1893 5756 modeste
1942 5776 1947 5780 _

1989 2983 2322 3038 redeundum
2369 2993 2472 3038 est.
2520 2982 2796 3052 lngenitus
2840 2985 3092 3054 quidem,
3138 2991 3196 3038 et
3233 2986 3467 3055 genitus,
3508 2996 3563 3041 et

1986 3075 2316 3145 procedens,
2369 3075 2618 3130 dicantur
2659 3090 2792 3131 sane
2832 3084 2887 3132 et
2934 3076 3336 3147 intelligantur,
3373 3077 3418 3134 si
3468 3078 3555 3132 cui

1990 3168 2209 3223 nomina
2239 3167 2441 3237 ﬁngere
2469 3167 2670 3223 libeat:
2706 3184 2812 3223 non
2853 3169 2995 3224 enim
3029 3169 3353 3237 verebimur,
3381 3183 3448 3224 ne
3474 3184 3559 3237 ea,

1990 3274 2110 3329 quae
2142 3272 2371 3327 corpore
2405 3269 2613 3326 carent,
2659 3274 2922 3328 corporeo
2973 3260 3130 3316 modo
3165 3259 3553 3329 intelligantur,

1989 3348 2436 3415 quemadmodum
2493 3348 2559 3403 iis
2605 3348 2813 3417 placet,
2864 3349 2955 3418 qui
3002 3348 3197 3404 Deitati
3237 3349 3559 3406 calumniam

1990 3437 2248 3493 inferunt.
2279 3438 2349 3500 At
2378 3447 2653 3505 creatura,
2689 3439 2784 3494 Dei
2819 3440 3035 3509 quidem
3071 3441 3308 3509 dicatur;
3352 3457 3472 3497 nam
3510 3443 3562 3497 id

1989 3545 2206 3601 quoque
2253 3531 2408 3586 nobis
2453 3531 2688 3601 amplum
2733 3541 2788 3586 et
2838 3532 3192 3589 honoriﬁcum
3235 3542 3372 3589 est:
3423 3534 3564 3590 Deus

1990 3635 2205 3692 autem,
2240 3638 2602 3694 nequaquam.
2630 3623 2878 3693 Alioqui,
2911 3633 3020 3678 tum
3057 3623 3226 3679 Deum
3260 3634 3561 3681 creaturam

1990 3730 2115 3772 esse
2162 3717 2474 3781 admittam,
2541 3730 2664 3770 cum
2718 3717 2832 3784 ipse
2889 3730 3104 3786 quoque
3153 3716 3369 3787 proprie
3421 3716 3565 3774 Deus

1991 3808 2165 3864 fuero.
2197 3807 2287 3863 Sic
2316 3808 2458 3863 enim
2487 3822 2547 3863 se
2576 3823 2663 3863 res
2696 3808 2874 3863 habet.
2914 3807 2977 3863 Si
3002 3808 3146 3865 Deus
3172 3818 3283 3876 est,
3316 3820 3565 3865 creatura

1992 3916 2097 3956 non
2133 3911 2248 3968 est;
2289 3908 2537 3956 creatura
2573 3901 2716 3954 enim
2755 3901 3032 3956 nobiscum
3067 3910 3184 3967 est,
3226 3903 3318 3971 qui
3347 3902 3420 3956 dii
3456 3916 3563 3957 non

1993 4007 2197 4048 sumus.
2225 3991 2280 4045 Si
2311 3999 2486 4046 autem
2514 4000 2759 4047 creatura
2786 4001 2898 4059 est,
2925 3994 3113 4063 utique
3144 3991 3285 4047 Deus
3312 4007 3421 4061 non
3441 4001 3562 4061 est;

1993 4084 2250 4153 temporis
2291 4084 2434 4139 enim
2480 4085 2691 4140 ratione
2730 4093 2909 4140 ortum
2957 4083 3161 4139 habuit.
3191 4083 3343 4150 Quod
3381 4090 3563 4139 autem

1992 4186 2168 4233 ortum
2199 4176 2423 4240 habuit,
2448 4177 2738 4246 aliquando
2762 4192 2866 4232 non
2900 4187 3039 4233 erat.
3072 4176 3225 4244 Quod
3261 4190 3389 4231 vero
3413 4176 3467 4230 in
3498 4191 3561 4230 ea

1993 4278 2154 4319 causa
2192 4272 2310 4329 est,
2344 4273 2402 4318 ut
2434 4264 2485 4318 id
2509 4304 2524 4328 ,
2562 4267 2706 4334 quod
2745 4279 2852 4319 non
2885 4273 3030 4330 erat,
3067 4278 3133 4319 eo
3162 4262 3434 4333 antiquius
3463 4263 3567 4332 sit,

1992 4357 2100 4412 hoc
2143 4365 2323 4422 certe,
2379 4357 2592 4427 praprie
2637 4371 2743 4411 non
2787 4366 2890 4412 est.
2934 4355 3088 4422 Quod
3138 4365 3315 4411 autem
3352 4357 3567 4425 proprie

1996 4465 2103 4504 non
2134 4458 2248 4512 est,
2284 4463 2390 4517 quo
2418 4448 2633 4503 tandem
2671 4450 2830 4504 modo
2865 4447 3006 4504 Deus
3031 4463 3154 4504 esse
3180 4448 3387 4518 queat?
3424 4446 3566 4516 Ergo

1993 4554 2095 4596 nec
2123 4539 2415 4610 quidquam
2442 4538 2635 4594 horum
2661 4540 2822 4593 trium
2845 4553 3096 4596 creatura
3123 4554 3237 4605 eSt;
3272 4553 3393 4604 nec,
3420 4536 3565 4606 quod

1994 4805 2055 4845 se
2085 4795 2325 4845 αετεηι.»

2205 4857 2379 4930 Πρᾴς.
2412 4855 2545 4930 Reg.
2574 4855 2685 4921 bm,
2714 4858 2826 4930 ἐπί.

2066 4926 2180 5000 (55)
2208 4926 2455 5000 Navitae.
2493 4928 2550 4981 In
2587 4929 2876 5000 nonnullis,
2909 4926 3085 5000 νοῆτε.

2067 4990 2181 5070 (56)
2209 4990 2936 5070 hodwmmtlncorporea.
2960 5016 2978 5047 ι
2994 4990 3098 5070 ’διο
3120 4992 3227 5047 duo
3245 4990 3432 5070 Coisl.,
3456 5000 3563 5070 etc.

1995 5059 2086 5125 Sic
2116 5059 2280 5124 etiam
2313 5059 2445 5138 IEgit
2489 5067 2609 5121 Bill.
2645 5079 2715 5138 et
2750 5059 2833 5138 ita
2878 5066 3160 5134 legendum
3204 5078 3271 5115 ex
3318 5059 3563 5138 Gregorii

1993 5155 2174 5209 scopo.
2203 5133 2454 5192 Mendose
2496 5138 2548 5191 in
2589 5137 2702 5201 ed.,
2757 5133 3008 5208 σώματα,
3059 5154 3077 5186 ι
3101 5146 3346 5200 corpora,
3375 5150 3395 5183 ι
3458 5133 3563 5198 vel,

2001 5229 2021 5263 ι
2051 5225 2112 5264 ea
2148 5223 2271 5278 qua:
2299 5222 2525 5275 corpore
2555 5216 2826 5278 constant.
2852 5227 2871 5259 ι

2067 5269 2183 5349 (57)
2228 5269 2678 5345 Ἐπηρεασταῖς.
2730 5278 2822 5333 Sic
2871 5274 3003 5346 Reg.
3053 5275 3164 5338 bm,
3197 5281 3301 5325 etc.
3342 5269 3399 5323 ln
3451 5272 3564 5335 ed.,

1997 5350 2452 5490 ἐᾜβῗὶῗΐδτε
2474 5417 2586 5470 οὐκ
2629 5412 2727 5487 ἦν.
2766 5414 2927 5470 «Erat
2954 5428 3073 5469 cum
3110 5426 3212 5466 non
3238 5418 3409 5464 erat.»
3451 5410 3565 5465 lro-

1997 5491 2117 5543 nice
2145 5489 2368 5543 dictum.

1996 5499 2117 5545 nice
2145 5499 2368 5543 dictum.

1996 5629 2008 5640 ⁸
2064 5559 2174 5682 (ὄὲ)
2212 5557 2392 5612 Τοῦτο
2419 5557 2505 5611 δέ.
2544 5557 2633 5612 Sic
2677 5555 2805 5625 Reg.
2840 5555 2930 5625 ph,
2956 5553 3050 5610 Or.
3079 5552 3135 5617 2,
3169 5558 3274 5605 etc.
3318 5551 3472 5604 Deest
3502 5549 3561 5601 δέ

1996 5645 2046 5682 ιη
2076 5646 2105 5681 c
2147 5668 2160 5681 .

1992 5645 2046 5685 In
2076 5645 2160 5682 CG.

1980 5778 2007 5781 __
2063 5697 2173 5771 (40)
2208 5696 2504 5769 ﬂuminea.
2552 5696 2610 5752 ln
2651 5694 2940 5765 nonnullis,
2993 5692 3249 5767 περιγρα,
3295 5704 3363 5744 ex
3396 5688 3566 5745 verbo
