3902 6218
391 322 498 379 479

1603 311 1661 366 S.
1703 304 2035 366 GREGORII
2070 302 2423 361 THEOLOGI

3560 293 3679 351 480

386 455 454 495 eo
492 436 766 508 deterius,
804 445 1026 509 propter
1063 448 1148 490 me
1185 440 1427 489 creatum
1466 437 1568 485 est.
1615 426 1831 496 Alioqui
1863 440 1976 479 nou

2101 421 2436 493 Βψηλότερος,
2471 415 2729 471 τοσοῦτον
2782 415 2892 488 (41)
2938 412 3034 469 τοῦ
3058 400 3152 468 διὰ
3177 411 3310 467 Θεδν
3341 409 3682 476 ὑποστάντος

389 533 552 587 modo
598 541 849 586 creatura
903 534 1088 593 esset,
1141 526 1235 583 sed
1285 524 1447 580 etiam
1498 520 1656 576 nobis
1714 517 1979 589 abjectior

2084 513 2243 586 ἐμοῦ,
2279 511 2343 565 τὸ
2371 510 2439 565 δι’
2463 510 2562 581 ἐμὲ
2583 510 2888 581 γινόμενον,
2918 508 3262 581 ἀτιμότερον.

388 634 553 694 atque
580 622 963 693 contemptior.
990 620 1125 675 Nam
1164 620 1211 674 si
1235 634 1334 690 ego
1369 617 1434 671 ad
1469 615 1566 670 Dei
1595 613 1818 685 gloriam
1854 609 2105 666 conditus
2178 621 2295 662 sum
2324 645 2339 671 ,
2382 605 2487 659 hoc
2529 613 2706 658 autem
2775 613 2994 672 propter
3053 616 3141 656 me
3184 598 3433 694 (forceps
3483 595 3682 666 utique

390 689 611 787 propter
643 689 863 771 currum
899 710 1145 774 efficitur,
1176 689 1288 765 aut
1327 725 1446 764 sera
1511 717 1730 779 propter
1755 701 2049 774 januam),
2088 700 2333 766 sequitur
2379 695 2620 767 profecto
2645 738 2660 760 ,
2715 705 2775 750 ut
2824 702 3071 763 respectu
3129 705 3305 746 causae
3353 689 3455 744 sim
3509 704 3680 787 supe:

394 773 527 862 "no.3.
563 805 781 872 Quanto
810 802 953 859 enim
980 773 1308 857 Deusirebus
1334 773 1535 852 creatis
1597 773 1682 851 est
1748 773 2050 856 sublimior,
2090 799 2238 844 tanto
2267 789 2320 843 id
2345 827 2361 855 ,
2413 788 2554 856 quod
2601 801 2719 841 mea
2765 798 2930 841 causa
2971 790 3211 837 creatum
3244 788 3359 847 est,
3405 794 3532 847 me,
3577 773 3679 849 qu'

392 911 615 972 propter
648 899 817 955 Deum
855 896 1079 954 effectus
1111 910 1228 949 sum
1252 934 1268 955 ,
1299 893 1461 946 vilius
1493 901 1657 959 atque
1686 886 1976 959 ignobilius
2014 893 2119 940 est.

463 991 650 1049 XVIII.
695 993 984 1060 Propterea
1007 1027 1022 1053 ,
1061 984 1310 1041 Moabitis
1350 982 1566 1051 quidem
1601 989 1656 1034 et
1688 975 1978 1031 Ammoni-

398 1086 468 1142 tis
517 1099 620 1140 nec
653 1084 832 1139 aditus
871 1080 939 1135 ad
979 1076 1277 1134 Ecclesiam
1318 1072 1413 1127 Dei
1447 1079 1670 1140 pateat,
1720 1070 1822 1123 hoc
1858 1074 1980 1132 est,

396 1174 692 1231 dialecticis
724 1183 780 1228 et
816 1170 996 1242 impiis
1025 1165 1399 1229 sermonibus,
1431 1162 1521 1231 qui
1550 1159 1647 1214 Dei
1678 1161 1985 1231 generatio-

395 1281 521 1321 nem
567 1279 631 1320 ac
671 1262 1075 1333 processionem
1100 1299 1114 1324 ,
1158 1270 1277 1326 quae
1321 1253 1485 1308 nullis
1521 1250 1699 1305 verbis
1728 1247 1985 1318 explicari

396 1364 616 1428 potest,
656 1353 929 1416 curiosius
955 1357 1264 1406 scrutantes
1292 1386 1308 1410 ,
1349 1344 1610 1399 adversus
1636 1340 1985 1396 Divinitatem

399 1458 601 1504 temere
638 1447 956 1517 insurgunt;
1002 1441 1229 1514 perinde
1270 1438 1510 1503 scilicet,
1549 1452 1614 1492 ac
1650 1434 1697 1491 si
1732 1450 1795 1489 ea
1819 1474 1835 1500 ,
1870 1446 1992 1502 quae

397 1541 507 1594 vim
550 1520 766 1593 omnem
811 1548 867 1592 et
913 1535 1223 1591 facultatem
1258 1531 1550 1586 verborum
1592 1535 1882 1597 superant,
1923 1524 1991 1580 ab

400 1631 534 1701 ipsis
568 1629 702 1685 solis
730 1628 935 1698 percipi
986 1640 1141 1694 posse
1174 1631 1454 1692 oporteat;
1496 1618 1581 1673 vel
1618 1617 1841 1672 omnino
1883 1631 1990 1670 non

399 1735 559 1788 esse,
589 1719 845 1789 quoniam
887 1717 988 1786 ipsi
1028 1729 1089 1769 ea
1122 1713 1401 1767 intellectu
1432 1709 1651 1778 assequi
1692 1713 1984 1777 nequeant.

399 1810 509 1867 Nos
542 1776 737 1866 'autem
786 1776 1081 1878 Scripturae
1133 1804 1329 1861 divina:
1382 1776 1624 1870 vestigiis
1674 1776 1941 1853 haerentes
1972 1835 1987 1861 ,
2020 1776 2062 1832 Β

400 1913 565 1972 atque
605 1903 833 1957 obscura
881 1900 998 1954 loca
1026 1939 1041 1965 ,
1085 1913 1204 1967 qum
1242 1893 1649 1951 mentientibus
1688 1888 1988 1944 molestiam

402 1995 694 2060 exhibent,
723 1993 1135 2055 submoventes,
1172 1985 1445 2043 consertis
1484 1983 1732 2036 manibus
1765 1980 1990 2035 salutem

403 2086 762 2142 retinebimus
785 2124 801 2148 ,
828 2083 1089 2153 priusque
1120 2079 1299 2134 omnia
1327 2076 1587 2131 audacter
1619 2074 1952 2145 perferemus
1973 2109 1989 2136 ,

407 2192 572 2249 quam
613 2185 673 2230 ut
719 2176 981 2230 adversus
1022 2173 1189 2227 Deum
1232 2180 1434 2224 temere
1473 2177 1637 2236 atque
1678 2171 1993 2234 arroganter

405 2267 608 2338 aliquid
649 2264 1049 2335 aggrediamur.
1104 2262 1171 2315 Et
1227 2260 1445 2330 quidem
1493 2257 1792 2326 Scriptura:
1837 2252 1992 2309 testi-

409 2357 593 2413 monia
633 2356 753 2412 aliis
797 2355 1204 2423 relinquemus,
1239 2365 1361 2406 cum
1413 2364 1443 2402 a
1483 2348 1668 2403 multis
1699 2346 1811 2415 jam
1852 2356 1994 2415 smpe

405 2447 603 2503 litteris
638 2446 890 2501 mandata
917 2485 933 2509 ,
979 2453 1087 2497 tum
1131 2442 1292 2496 etiam
1329 2455 1361 2494 a
1403 2439 1560 2494 nobis
1600 2438 1742 2492 haud
1774 2434 1995 2506 perfun-

406 2539 578 2594 ctorie
593 2535 1007 2606 etnegligenter.
1026 2533 1106 2589 Ae
1120 2532 1302 2596 simul,
1326 2546 1442 2584 mea
1469 2530 1685 2600 quidem
1704 2527 1990 2593 sententia,

409 2639 566 2699 turpe
602 2627 888 2682 admodum
919 2624 1116 2689 fuerit,
1150 2637 1293 2677 nunc
1322 2620 1481 2691 761
1537 2633 1721 2674 earum
1774 2632 1991 2684 rerum,

407 2735 531 2791 quae
576 2717 899 2789 jampridem
950 2725 1103 2770 certo
1145 2716 1439 2781 exploratae
1472 2720 1632 2775 sunt,
1676 2716 1993 2776 argumenta

408 2812 680 2882 colligere.
725 2810 911 2879 Neque
942 2809 1087 2864 enim
1130 2807 1367 2876 optimus
1403 2803 1537 2860 ordo
1574 2811 1662 2858 est
1698 2803 1849 2871 prius
1893 2800 1994 2856 do-

407 2920 569 2972 cere,
620 2919 684 2959 ac
733 2912 923 2974 postea
976 2901 1241 2966 discere;
1284 2913 1391 2953 non
1440 2897 1618 2952 dicam
1662 2894 1887 2961 divina,
1939 2903 1997 2950 et

408 3011 582 3066 usque
609 2996 745 3051 adeo
776 3008 968 3064 magna
1007 3002 1063 3047 et
1093 2991 1344 3047 sublimia
1377 3028 1393 3054 ,
1434 2989 1528 3043 sed
1570 3001 1639 3041 ne
1685 2985 1831 3039 aliud
1874 2984 1997 3054 qui-

409 3088 531 3142 dem
561 3086 853 3157 quidquam
893 3070 1115 3154 parvum
1158 3093 1214 3139 et
1244 3078 1724 3136 contemnendum.
1756 3074 1994 3133 Offendi-

2156 973 2264 1026 IH'.
2294 988 2438 1045 ιιρος
2462 970 2658 1037 ταῦτα,
2694 970 2998 1036 Μοαόίταις
3028 972 3125 1043 μὲν
3159 972 3255 1026 καὶ
3301 971 3683 1045 Ἀμμωνίταις

2083 1063 2219 1134 μηδὲ
2247 1063 2515 1134 εἰσιτητὸν
2545 1064 2626 1127 είς
2653 1062 2979 1134 Ἐκκλησίαν
3006 1063 3146 1117 ἔστω
3161 1062 3321 1130 Θεοῦ,
3348 1063 3527 1134 λόγοις
3556 1065 3682 1118 δια-

2081 1155 2356 1218 λεκτικοῖς
2394 1172 2455 1208 τε
2496 1155 2590 1208 καὶ
2637 1154 3116 1227 κακοπράγμοσιν,
3167 1157 3217 1210 οἳ
3246 1155 3502 1227 γέννησιν
3534 1156 3681 1210 Θεοῦ

2084 1246 2693 1319 πολυπραγμονοῦντες,
2731 1246 2827 1300 καὶ
2867 1246 3095 1316 πρόοδον
3122 1246 3381 1319 ἄρρητον,
3412 1245 3683 1313 κατεξανο

2089 1338 2334 1391 ίστανται
2368 1336 2660 1409 τολμηρῶς
2698 1337 2952 1409 θεότητος
2971 1356 2984 1368 ·
3019 1338 3095 1403 ὡς
3125 1337 3264 1404 δέον,
3289 1337 3323 1408 ἢ
3351 1337 3549 1407 ἐφικτὰ
3578 1338 3683 1407 μό-

2087 1447 2200 1495 νοις
2229 1425 2369 1483 εῐναι
2396 1428 2467 1483 τὰ
2510 1429 2651 1502 ὑπὲρ
2689 1429 2866 1499 λόγον,
2894 1430 2929 1501 ἢ
2973 1429 3109 1501 μηδὲ
3141 1426 3280 1484 εἶναι
3302 1469 3316 1493 ,
3347 1431 3431 1483 ὅτι
3467 1430 3542 1502 μὴ
3571 1431 3681 1483 αὐ-

2086 1520 2170 1574 τοὶ
2221 1520 2638 1591 κατειλήφασιν.
2681 1521 2874 1590 Ἡμεῖς
2930 1520 2988 1573 δὲ
3037 1522 3160 1584 ταῖς
3217 1520 3392 1584 θείαις
3426 1520 3682 1592 Γραφαῖς

2088 1610 2364 1680 ἑπόμενοι,
2399 1611 2492 1664 καὶ
2526 1611 2596 1664 τά
2625 1611 2921 1683 ὲγκείμενα
2952 1610 3137 1665 σκῶλα
3164 1613 3276 1674 τοῖς
3302 1610 3681 1680 τυφλώττουσι

2088 1703 2325 1768 λύοντες,
2383 1705 2482 1774 τῆς
2542 1704 2819 1775 σωτηρίας
2878 1702 3135 1775 ἑξόμεθα,
3165 1703 3344 1757 πάντα
3370 1702 3683 1774 τολμῶντες

2093 1797 2359 1866 πρότερον
2383 1795 2517 1866 (42),
2545 1795 2578 1867 ἢ
2601 1794 2745 1849 κατὰ
2765 1794 2903 1849 Θεοῦ
2938 1813 2990 1849 τι
3010 1794 3404 1849 νεανιεύεσθαι.
3432 1794 3543 1859 Τάς
3576 1795 3684 1866 μὲν

2092 1887 2155 1958 δὴ
2185 1887 2489 1959 μαρτυρίας
2549 1887 2732 1951 ἄλλοις
2777 1888 3120 1959 παρήσομεν,
3174 1886 3388 1951 πολλοῖς
3438 1905 3498 1941 τε
3520 1887 3684 1956 λογο-

2092 1981 2470 2055 γραφηθείσας
2503 1980 2604 2052 ἤδη
2634 1980 2916 2045 πολλάκις,
2951 1979 3046 2034 καὶ
3092 1980 3226 2051 ἡμῖν
3256 1980 3317 2032 οὐ
3359 1977 3683 2051 παρέργως.

2093 2074 2206 2127 Καὶ
2240 2073 2359 2144 ἅμα
2417 2073 2536 2127 λίαν
2571 2072 2795 2147 αἰσχρὸν
2854 2072 2978 2144 ἐμοὶ
3015 2072 3167 2143 γοῦν,
3193 2071 3289 2128 νῦν
3327 2070 3426 2135 τὰς
3465 2072 3687 2137 πίστεις

2095 2162 2375 2231 συλλέγειν
2398 2164 2507 2216 τῶν
2541 2163 2709 2218 πάλαι
2740 2162 3213 2235 πεπιστευμένων.
3239 2161 3406 2230 Τάξις
3434 2162 3544 2235 γὰρ
3576 2164 3687 2219 οὐκ

2095 2256 2293 2329 ἀρίστη
2326 2255 2598 2310 διδάσκειν
2629 2254 2916 2328 πρότερον,
2952 2250 3071 2309 εἶτα
3130 2253 3443 2326 μανθάνειν,
3491 2253 3569 2327 μὴ
3596 2255 3687 2308 ὅτι

2094 2347 2164 2401 τὰ
2190 2346 2311 2401 θεῖα
2339 2348 2431 2400 καὶ
2452 2345 2756 2419 τηλικαῦτα
2769 2345 2831 2398 τὸ
2849 2344 3097 2415 μέγεθος,
3115 2344 3233 2398 ἀλλ’
3258 2344 3378 2397 οὐδὲ
3412 2344 3541 2400 ἄλλο
3562 2343 3682 2417 (45)

2093 2455 2148 2492 τι
2174 2437 2283 2492 τῶν
2318 2438 2531 2511 μικρῶν
2554 2438 2649 2492 καὶ¹
2674 2436 2769 2491 τοῦ
2799 2436 3029 2518 μηδενὸς
3052 2435 3240 2502 ἀξίων.
3267 2437 3378 2491 Καὶ
3398 2437 3466 2490 τὰ
3488 2437 3555 2489 ὲκ
3577 2436 3687 2507 τῆς

2094 2530 2319 2602 Γραφῆς
2346 2529 2458 2598 (44)
2489 2529 2896 2603 προσκόμματα
2945 2528 3095 2583 λύειν
3133 2529 3229 2583 καὶ¹
3272 2528 3582 2601 διαρθροῦν,
3615 2529 3683 2584 οὔ

2094 2620 2189 2675 τοῦ
2235 2623 2505 2694 παρόντος
2553 2620 2778 2693 καιροῦ,
2832 2622 3071 2693 σπουδῆς
3122 2621 3182 2675 δὲ
3223 2621 3561 2695 τελεωτέρας
3586 2623 3687 2677 καὶ

2099 2711 2379 2785 μείζονος,
2410 2713 2443 2783 ἢ
2477 2712 2622 2767 κατὰ
2661 2714 2763 2785 τὴν
2792 2714 3073 2786 παροῦσαν
3117 2714 3295 2786 ὁρμὴν
3340 2714 3442 2785 τῆς
3480 2713 3686 2767 ὑποθέ-

2097 2823 2254 2870 σεως.
2294 2808 2352 2860 '0
2375 2807 2419 2861 δ’
2449 2803 2543 2862 οῦν
2574 2808 2731 2878 λόγος
2751 2811 2784 2881 ἡ
2794 2809 2930 2881 μῶν,
2953 2810 3029 2873 ὡς
3054 2810 3113 2864 έν
3143 2807 3425 2880 κεφαλαίῳ
3450 2808 3686 2881 περιλα-

2096 2897 2235 2962 ϐεῖν,
2273 2898 2421 2954 ἔστιν
2444 2894 2619 2965 οὗτος.
2652 2901 2764 2955 Καὶ
2797 2897 2973 2956 ταῦτα
3004 2899 3240 2972 διῆλθον,
3268 2900 3367 2971 οὐχ
3394 2900 3461 2953 ἵν’
3483 2900 3687 2970 ἀγωνί-

2099 3007 2280 3062 σωμαι
2309 2991 2446 3065 πρὸς
2468 2993 2597 3057 τοὺς
2633 2992 2945 3058 ἀντιθέτους
2977 2992 3261 3065 (πολλάκις
3313 2991 3421 3064 γὰρ
3465 2993 3566 3067 ἥδη
3608 2993 3688 3047 δι-

2095 3084 2511 3156 ηγωνισάμεθα,
2543 3087 2593 3139 εί
2620 3086 2717 3139 καὶ
2742 3084 2980 3159 μετρίως
3006 3083 3294 3158 [45]),άλλ’
3323 3084 3540 3157 ἴν“ὑμῖν
3559 3086 3687 3139 έπι-

411 3178 533 3233 eula
574 3150 741 3232 etiam
784 3191 816 3230 e
848 3150 1146 3243 scripturis
1190 3172 1403 3241 objecta
1444 3169 1691 3238 solvere,
1731 3182 1787 3224 et
1816 3169 1994 3240 expla-

2101 3150 2255 3240 δείξω
2281 3150 2375 3229 τὸν
2399 3176 2725 3248 χαρακτῆρα
2742 3150 2862 3229 τῶν
2888 3150 3038 3246 ἐμῶν
3064 3150 3411 3246 δίδαγμάτων
3429 3150 3462 3241 ,’
3500 3176 3550 3227 εί
3601 3174 3682 3247 μὴ

412 3284 582 3334 nare,
623 3284 728 3323 non
775 3275 858 3322 est
897 3264 1185 3335 prtesentis
1214 3262 1504 3332 temporis,
1546 3263 1640 3317 sed
1674 3261 1898 3332 majoris
1937 3270 1994 3316 et

2101 3264 2204 3319 τῶν
2232 3265 2515 3337 ὑμετέρων
2538 3265 2650 3335 ἐγὼ
2681 3265 3107 3337 συναγωνιστὴς,
3144 3267 3239 3320 καὶ
3276 3265 3419 3321 κατά
3447 3265 3559 3322 τῶν
3592 3268 3687 3324 αὐ·

414 3361 756 3429 perfectioris
784 3359 946 3415 studii
979 3365 1142 3426 atque
1171 3370 1349 3425 Operae
1368 3396 1383 3421 ,
1415 3368 1577 3423 quam
1617 3367 1714 3422 pro
1737 3353 1990 3422 praesenti

2101 3354 2218 3421 τῶν,
2251 3357 2347 3410 καὶ
2373 3357 2517 3430 ὑπὲρ
2539 3356 2650 3411 τῶν
2682 3357 2861 3411 αὐτῶν
2891 3357 3198 3428 ἱστάμενος.

415 3455 682 3510 instituto.
717 3455 788 3508 At
816 3453 939 3508 tidei
970 3453 1186 3519 quidem
1217 3458 1417 3504 nostra:
1450 3449 1716 3515 doctrina,
1753 3456 1811 3503 ut
1845 3449 2157 3504 summatim
2184 3452 2555 3522 complectar,
2594 3454 2716 3510 talis
2777 3464 2877 3510 est.
2937 3453 3115 3522 Atque
3182 3452 3348 3508 etiam
3387 3454 3506 3510 haec
3563 3454 3687 3526 ipsa

416 3557 525 3597 non
566 3557 633 3599 eo
666 3540 1127 3604 commemoravi,
1170 3547 1231 3607 ιιι
1268 3552 1392 3592 cum
1434 3537 1758 3592 adversariis
1797 3534 2144 3607 conﬂigerem
2206 3539 2335 3609 (jam
2401 3541 2545 3597 enim
2614 3557 2757 3612 saepe
2821 3541 3184 3609 coulliximus,
3217 3547 3318 3600 etsi
3343 3548 3684 3617 moderate);

415 3638 606 3686 verum
641 3640 703 3686 ut
729 3629 990 3686 doctrinae
1017 3641 1152 3683 meae
1179 3627 1410 3683 formam
1434 3627 1590 3682 vobis
1615 3627 1957 3683 ostenderem
1978 3667 1994 3694 ,
2034 3643 2101 3682 an
2137 3644 2243 3685 non
2302 3640 2609 3689 vestrorum
2636 3635 2948 3705 dogmatum
3012 3646 3380 3707 propugnator
3403 3653 3506 3709 ego
3539 3639 3646 3695 sim
3668 3684 3685 3711 ,

419 3735 583 3795 atque
631 3724 893 3778 adversus
947 3722 1203 3788 eosdem,
1266 3731 1324 3776 et
1375 3736 1475 3792 pro
1525 3721 1715 3776 iisdem
1771 3722 1825 3777 in
1880 3722 1998 3777 acie
2032 3732 2190 3779 stem.

490 3815 633 3872 XIX.
668 3814 961 3879 Ilabetis,o
984 3813 1104 3878 viri,
1136 3812 1305 3868 nostri
1332 3814 1385 3868 in
1413 3814 1555 3869 hanc
1582 3816 1768 3871 urbem
1801 3816 1999 3870 adven-

423 3915 511 3964 tus
555 3909 1045 3983 apologiamzquae
1092 3914 1137 3970 si
1185 3914 1402 3984 quidem
1452 3914 1663 3969 laudem
1724 3923 1997 3980 meretur,

423 3999 556 4067 Deo,
582 4010 636 4058 et
662 4003 833 4067 vobis,
860 4020 1092 4075 quorum
1124 4008 1301 4061 accitu
1334 4006 1439 4060 huc
1466 4007 1611 4072 veni,
1639 4006 1865 4074 gratiam
1900 4004 2000 4059 lia-

424 4093 556 4158 beo;
589 4093 672 4148 sin
724 4103 900 4150 autem
941 4112 1088 4167 spem
1138 4106 1373 4153 vestram
1404 4097 1582 4152 minus
1628 4094 1843 4166 implevi
1869 4133 1885 4160 ,
1925 4094 2003 4149 sic

425 4200 641 4255 quoque
665 4188 893 4260 gratiam
942 4189 1137 4245 habeo.
1170 4189 1287 4244 Non
1342 4189 1486 4244 enim
1536 4188 1759 4243 omnino
1788 4187 2003 4254 vitupe-

424 4277 591 4330 randa
616 4286 718 4339 est,
742 4285 801 4332 ut
838 4278 967 4332 mibi
990 4280 1304 4348 persuadeo,
1348 4293 1412 4333 ac
1437 4278 1592 4332 vobis
1622 4277 1675 4331 id
1733 4274 2006 4330 allirman-

425 4368 569 4421 tibus
599 4367 756 4422 fidem
804 4369 943 4424 haud
990 4372 1210 4441 abrogo.
1250 4368 1505 4439 Nunquid
1555 4369 1806 4439 populum
1855 4369 2001 4424 hunc

426 4471 524 4525 per
547 4456 825 4512 avaritiam
854 4436 1343 4516 circumvenimus?
1375 4436 1866 4529 Nunquidprivatis
1890 4457 1998 4513 uti-
2029 4436 2077 4496 ί)

425 4546 665 4601 Iitatibus
700 4548 1087 4615 eonsuluimus,
1116 4550 1568 4620 quemadmodum
1599 4549 1791 4603 multos
1822 4547 2000 4605 facere

426 4639 620 4694 video?
641 4637 893 4709 Nunquid
913 4641 1209 4696 Ecelesiam
1242 4642 1487 4698 molestia
1510 4639 1825 4696 aﬂ'ecimus?
1848 4640 1997 4697 Alios

426 4733 641 4804 quidem
666 4734 916 4801 fortasse,
960 4736 1179 4805 quibus,
1215 4750 1337 4791 cum
1374 4751 1436 4793 se
1483 4735 1683 4790 indicta
1710 4747 1874 4789 causa
1917 4734 1997 4788 vi-

431 4892 816 4969 περιγράφειν,
852 4894 1084 4951 «circuli
1129 4893 1356 4969 figuram
1386 4894 1756 4969 describere.»
1794 4896 2009 4952 Instru-

428 4965 667 5022 tnentum
699 4975 782 5020 est
810 4981 919 5032 quo
952 4975 1178 5019 utuntur
1207 4965 1569 5034 plaustrorum
1597 4966 1840 5033 opifices.

521 5034 611 5102 LI)
651 5035 970 5090 Τοσοῦτον.
1008 5035 1065 5088 In
1099 5034 1444 5102 quibusdam,
1471 5034 1735 5102 τοσούτῳ.

521 5054 584 5090 ιι
651 5054 970 5090 ιοσουτον.
1008 5054 1065 5088 ιη
1099 5054 1444 5102 qtuuusuam,
1471 5054 1666 5088 τοσουτ
1719 5072 1735 5087 .

521 5054 611 5174 ης
675 5105 879 5158 Πάντα
921 5102 1261 5174 τολμῶντες
1310 5107 1623 5174 πρότερον.
1669 5054 1790 5159 (Non
1848 5105 2007 5174 pauci

430 5175 610 5241 codd,
643 5175 752 5229 πᾶν
770 5175 1084 5247 τολμῶντες
1114 5175 1398 5247 πρότερον.
1430 5176 1549 5247 Bill.
1577 5192 1590 5229 :
1622 5196 1642 5226 ι
1669 5177 1926 5245 priusque
1952 5177 2005 5230 iu

430 5261 645 5302 omnem
675 5246 955 5299 audaciam
986 5246 1467 5314 prorumpeiuus.»
1497 5246 1713 5300 Nicetas
1747 5248 1827 5298 sic
1859 5254 2007 5301 recte

431 5316 701 5383 exponit:
749 5315 1075 5380 «Quodlibet
1130 5315 1423 5383 periculum
1485 5317 1635 5371 adire
1698 5316 2003 5380 audentes,

433 5385 698 5457 quaslibet
716 5398 986 5439 aerumnas
1014 5386 1125 5457 pati
1156 5386 1350 5452 potius,
1374 5401 1532 5457 quam
1554 5385 1815 5440 adversus
1837 5385 2004 5439 Deum

435 5453 636 5523 aliquid
674 5463 989 5523 arroganter
1019 5453 1253 5510 dicere.»

653 5522 1015 5604 9—665-Mi0.
1055 5524 1484 5604 ln~qui_busdar_n,
1519 5524 1643 5604 οὔτε
1680 5524 1826 5581 ἄλλο.

507 5592 619 5667 (id)
653 5594 755 5667 1E2;
777 5592 901 5667 τῆς
921 5592 1190 5667 Γραφῆςί.
1222 5594 1386 5667 Regg.
1417 5592 1475 5663 b,
1505 5613 1554 5663 e,
1600 5599 1656 5658 d,
1715 5606 1826 5653 tres
1848 5597 2001 5654 Colb.

437 5671 494 5719 et
525 5664 619 5734 Of.
647 5663 703 5728 2,
738 5665 803 5717 έκ
834 5664 941 5719 τῶν
970 5663 1225 5734 Γραφῶν.

507 5731 623 5805 (45)
651 5735 721 5791 El
742 5734 839 5790 καὶ
855 5731 1125 5806 μετρίως.
1158 5735 1276 5792 Bill.
1306 5753 1320 5791 :
1353 5754 1371 5788 ι
1395 5735 1496 5793 etsi
1527 5735 1716 5792 leviter
1744 5746 1796 5794 et
1824 5736 2000 5795 minus

2175 3815 2276 3873 10'.
2314 3809 2486 3882 Οὗτος
2515 3820 2664 3891 ὑμῖν,
2693 3816 2739 3875 ὧ
2765 3820 2976 3896 ἄνδρες,
3008 3827 3037 3879 ό
3082 3826 3184 3898 τῆς
3229 3827 3369 3900 ἐμῆς
3413 3829 3687 3900 ἀπόλογος

2109 3909 2415 3978 παρουσίας
2436 3928 2450 3944 ο
2488 3912 2537 3964 εί
2566 3912 2663 3982 μὲν
2694 3915 2998 3979 έπαινετῶς
3020 3916 3181 3988 ἔχων,
3213 3919 3292 3991 τῷ
3326 3919 3446 3991 Θεῷ
3496 3920 3686 3993 χάρις,

2104 3998 2199 4050 καὶ
2225 3999 2354 4070 ὑμῖν
2381 4003 2494 4064 τοῖς
2523 4003 2815 4058 καλέσασιν
2834 4021 2849 4036 ⁸
2877 4007 2927 4058 εἰ
2958 4008 3015 4061 δὲ
3047 4009 3146 4081 τῆς
3169 4009 3383 4074 ἐλπίδος
3409 4012 3689 4069 ἐνδεέστε-

2102 4106 2215 4161 ρον,
2244 4091 2339 4144 καὶ
2370 4091 2513 4146 οὕτω
2541 4094 2720 4166 χάρις.
2749 4097 2824 4150 Οὐ
2857 4098 2967 4170 γὰρ
2985 4100 3161 4172 πάντη
3188 4101 3425 4172 ψεκτῶς,
3456 4099 3515 4158 εὖ
3542 4100 3686 4174 οἶδα,

2099 4181 2197 4235 καὶ
2225 4182 2355 4253 ὑμῖν
2381 4184 2481 4238 οὐκ
2514 4186 2732 4241 ἀπιστῶ
2763 4189 3032 4259 λέγουσιν.
3072 4193 3164 4265 Μή
3200 4211 3251 4247 τι
3282 4194 3372 4248 τὸν
3399 4195 3528 4252 λαὸν
3556 4198 3688 4251 τοῦ-

2099 4290 2192 4326 τον
2230 4275 2773 4352 ὲπλεονεκτήσαμενς
2814 4284 2886 4355 μή
2929 4302 2982 4337 τι
3026 4284 3136 4338 τῶν
3169 4286 3452 4360 ἡμετέρων
3481 4289 3689 4359 ᾠκονο-

2105 4364 2379 4436 μήσαμεν,
2408 4366 2437 4418 ὃ
2469 4369 2597 4433 τοὺς
2622 4370 2853 4436 πολλοὺς
2883 4373 2994 4444 ὁρῶ
3020 4374 3327 4446 πάσχοντας
3356 4394 3370 4443 ;
3397 4379 3470 4450 μή
3502 4396 3555 4431 τι
3581 4381 3688 4451 τὴν

2116 4457 2442 4529 Ἐκκλησίαν
2475 4463 2984 4536 παρελυπήσαμεν;
3016 4466 3241 4532 Ἄλλους
3272 4469 3369 4540 μὲν
3404 4469 3536 4533 ἴσως
3556 4511 3571 4536 ,
3600 4468 3688 4536 οἷς

2104 4551 2319 4623 ἐρήμην
2341 4553 2488 4624 ἡμᾶς
2522 4554 2634 4626 (46)
2677 4556 2944 4627 ᾑρηκέναι
2970 4557 3272 4627 νομίζουσι,
3296 4560 3388 4612 τὸν
3412 4560 3687 4630 ἡμέτερον

2104 4645 2517 4716 άντεστήσαμεν
2564 4645 2719 4716 λόγον
2743 4664 2757 4677 ο
2793 4647 2939 4719 ὑμᾶς
2990 4648 3048 4701 δὲ
3077 4648 3229 4703 οὐδὲν
3254 4688 3269 4714 ,
3304 4651 3406 4704 ὅσα
3454 4650 3687 4723 ἐμαυτῷ

2104 4736 2521 4812 συνεπίσταμαι.
2580 4741 2663 4794 Οὐ
2690 4739 2853 4805 ,ϐοῦν
2900 4738 3067 4810 ὑμῶν
3096 4741 3318 4812 summ
3341 4781 3357 4809 ,
3410 4744 3547 4816 φησὶ
3577 4745 3687 4799 Σα-

2103 4899 2364 4970 perfecte.
2408 4898 2561 4954 Hane
2605 4899 3104 4970 interpretationem
3148 4910 3415 4970 respuunt
3464 4901 3679 4958 theolo—

2103 4969 2235 5038 gicae
2278 4970 2576 5033 orationes,
2626 4971 2684 5023 in
2720 4970 2917 5038 quibus
2945 4968 3257 5037 Gregorius,
3290 4987 3394 5025 non
3427 4990 3445 5024 ι
3466 4974 3679 5038 leviter,

2103 5046 2160 5108 et
2197 5039 2379 5093 minus
2425 5039 2734 5108 perfecte,r
2759 5041 2853 5094 sed
2896 5041 3128 5105 fortiter,
3157 5041 3435 5095 moderate
3471 5052 3677 5108 tamen,

2103 5106 2303 5175 Patris,
2331 5117 2386 5163 et
2427 5106 2573 5172 Filii,
2613 5117 2668 5164 et
2714 5107 2949 5178 Spiritus
2998 5110 3173 5165 sancti
3202 5110 3540 5168 divinitatem
3580 5106 3682 5168 ad;

2105 5192 2294 5232 versus
2327 5179 2611 5234 haereticos
2640 5181 2892 5233 asseruit.

2175 5246 2287 5326 (Mi)
2317 5244 2418 5326 ρῖς
2448 5247 2676 5326 ἐρήμην
2705 5247 2882 5319 ἡμᾶς.
2905 5247 3071 5304 Coisl.
3170 5249 3409 5326 etr_Ba's.,
3442 5246 3526 5317 οἷς
3549 5252 3682 5326 ἐρή-

2104 5334 2213 5388 μην
2243 5318 2409 5391 υμᾶς.
2438 5337 2456 5370 ‹
2485 5320 2689 5383 Quibus
2708 5318 2805 5374 nos
2836 5334 3053 5391 causam
3097 5322 3450 5390 dereliquisse
3488 5318 3683 5391 existi-

2104 5390 2403 5453 tnantibus,
2426 5401 2668 5443 neatrum
2699 5390 3048 5458 opposuimus
3076 5388 3407 5446 sermonem.
3432 5409 3452 5442 ι
3481 5388 3678 5448 Comi).

2099 5466 2255 5530 putat
2295 5460 2462 5530 etiam
2504 5458 2999 5530 Ιεεειιᾱυιιιμὺμᾶς,
3037 5468 3094 5513 et
3138 5461 3343 5515 vertit:
3380 5460 3553 5515 «Cum
3613 5477 3678 5516 se

2101 5528 2316 5583 deserto
2344 5528 2670 5593 vadimonio,
2703 5528 3094 5585 nullo‘seilicet
3116 5543 3182 5584 ex
3210 5531 3365 5585 vobis
3396 5532 3518 5585 fidei
3541 5545 3677 5586 cau-

2104 5598 2608 5725 salmlsuscipiente,
2630 5599 2908 5655 victoriam
2940 5598 3236 5657 adversarii
3261 5615 3355 5658 vos
3371 5599 3675 5658 obtinuisse

2105 5684 2167 5723 ar
2206 5684 2220 5724 ι
2251 5683 2404 5725 rareu
2434 5684 2515 5722 ur.

2105 5683 2515 5725 al'DIll‘aI'elllUl'.
