3902 6218
247 282 351 339 881

1266 287 1527 345 ORATIO
1558 286 1727 344 XL".
1765 319 1835 331 —
1875 287 2261 350 SUPREMUM
2302 295 2504 352 VALE.

3425 303 3532 361 482

247 395 426 470 μουὴλ
452 398 483 452 ό
530 399 725 470 μέγας,
746 401 884 473 πρὸς
912 400 1005 456 τὸν
1036 401 1256 474 Ἰσραὴλ
1280 402 1424 475 ὑπὲρ
1452 403 1549 458 τοῦ
1577 402 1821 477 βασιλέως

1947 410 2173 465 ctoriam
2205 411 2489 468 adversum
2515 426 2617 468 nos
2640 411 2940 470 obtinuisse
2963 414 3387 496 arbitrarentur,
3411 432 3532 473 ser-

242 490 676 562 διαφερόμενοςο
733 495 808 548 οὐ
859 491 1082 562 ψυχῶν
1130 491 1302 563 ὑμῶν
1346 494 1653 565 ἐξίλασμα
1703 493 1839 568 (47),

237 579 476 649 μάρτυς
503 578 727 650 Κύριος
751 582 824 636 ἐν
849 581 994 651 ὑμῖν
1022 596 1037 611 ·
1069 585 1130 635 ού
1161 580 1225 634 τὸ
1255 581 1349 635 καὶ
1378 581 1461 648 τὸ,
1505 582 1731 639 πλείονα
1755 583 1845 639 λέ-

1948 515 2161 556 mortem
2192 511 2433 557 nostrum
2484 502 2781 573 obiecimus
2810 521 2825 559 :
2879 514 2935 560 at
2963 520 3062 562 vos
3095 507 3230 562 nihil
3266 508 3530 578 profecto.

1948 605 2205 663 quantum
2235 594 2455 665 quidem
2498 594 2632 650 mihi
2669 597 2923 652 conscius
2978 612 3124 654 sum.
3175 596 3304 654 Non
3355 599 3533 679 bovem

241 686 379 738 γων,
410 670 502 726 ἵνα
525 671 601 744 μὴ
623 673 790 738 αὐτὸς
815 670 1227 746 ἀπαριθμῶμαι
1249 672 1372 726 καθ’
1406 673 1670 730 ἕκαστονο
1706 675 1821 730 am

1940 694 2164 739 vestrum
2200 685 2396 754 accepi,
2432 685 2510 741 ait
2570 702 2795 757 magnus
2842 688 3086 755 Samuel,
3150 706 3273 748 cum
3336 674 3532 748 lsraele

240 762 497 835 καθαρὰν
519 765 615 820 καὶ
640 766 931 838 ἀκίϐδηλον
951 765 1050 838 τὴν
1082 766 1382 839 ἱερωσύνην
1407 767 1670 838 ἐφύλαξα.
1692 770 1757 822 Εἰ
1787 768 1821 822 δι

1942 785 2163 847 propter
2186 793 2369 850 regem
2414 779 2791 834 contendens:
2840 796 2944 834 non
2983 781 3284 836 animarum
3334 791 3534 838 vestra-

238 854 565 909 δυναστείαν
621 858 910 929 ἠγάπησα,
969 857 1003 928 ἢ
1054 855 1263 929 θρόνων
1296 857 1452 928 ὕψος,
1500 860 1534 930 ἢ
1579 859 1821 930 βασιλέοιν

1941 887 2060 925 rum
2083 870 2374 939 piaculum,
2407 872 2553 925 testis
2592 870 2732 925 inter
2758 888 2849 926 vos
2884 870 3027 927 Deus
3046 873 3096 905 ⁷⁸
3127 895 3141 928 :
3174 888 3283 929 non
3313 874 3418 930 hoc
3444 884 3530 929 at-

241 950 437 1001 πατεῖν
458 948 650 1015 αὐλὰς,
676 949 812 1021 μηδὲ
836 949 967 1005 ἄλλο
992 966 1043 1003 τι
1067 948 1319 1021 λαμπρὸν
1344 949 1547 1022 ἔχοιμι,
1567 951 1600 1023 ἣ
1623 951 1821 1024 ρίψαιμ

1945 977 2048 1032 que
2078 963 2247 1027 aliud,
2279 962 2432 1031 plura
2466 977 2923 1030 commemorans,
2950 979 3017 1021 ne
3057 967 3283 1035 singulis
3303 982 3531 1022 enume-

239 1056 415 1112 κεκτη
423 1040 607 1112 μένος.

1945 1056 2131 1112 randis
2162 1055 2376 1126 longius
2405 1056 2709 1110 orationem
2746 1058 3077 1127 producam;
3106 1073 3293 1114 verum
3332 1074 3529 1129 purum

246 1148 588 1219 minimeque
612 1150 978 1206 adulterinum
1042 1151 1403 1206 sacerdotium
1434 1153 1722 1209 custodivt.
1753 1150 1910 1219 Quod
1948 1149 1993 1204 si
2024 1147 2380 1218 principatus,
2415 1156 2504 1201 aut
2531 1146 2840 1202 sublimium
2872 1149 3188 1205 tlironorum
3217 1151 3396 1208 studio
3433 1152 3531 1208 du-

241 1248 365 1294 ctus
392 1256 536 1304 sum,
583 1251 674 1295 aut
727 1245 1114 1312 imperatorum
1172 1248 1326 1304 aulas
1369 1249 1584 1305 calcare
1653 1248 1876 1320 appetii,
1920 1260 2197 1315 nunquam
2223 1244 2368 1299 aliud
2397 1245 2693 1316 quidquam
2735 1245 3039 1317 splendoris
3098 1249 3356 1320 consequi
3395 1251 3528 1306 mibi

241 1327 540 1396 contingat.
578 1339 688 1390 aut,
725 1329 769 1385 si
792 1345 1119 1389 consecutus
1149 1334 1324 1400 fuero,
1357 1337 1539 1392 statim
1564 1337 1692 1392 illud
1714 1337 1989 1407 projiciam
2013 1344 2176 1403 atque
2207 1333 2469 1388 amittam.

311 1419 401 1473 ΚΩ
438 1419 504 1472 Τί
544 1415 638 1474 οὖν
666 1422 816 1475 ἐστιν
836 1423 866 1476 ὅ
895 1441 1074 1496 φημι;
1115 1425 1190 1478 Οὐ
1216 1424 1327 1497 γὰρ
1352 1425 1587 1497 ἄμισθος
1602 1426 1712 1498 ἐγὼ
1733 1427 1837 1498 τῆς

238 1511 449 1582 ἀρετῆς
480 1512 741 1584 ἐργάτης,
780 1514 906 1568 οὐδ’
946 1518 1026 1580 είς
1074 1517 1331 1571 τοσοῦτον
1393 1517 1596 1590 ἀρετῆς
1646 1518 1838 1588 ἀφικό-

239 1616 371 1672 μην.
427 1602 558 1656 Δότε
627 1621 719 1675 μοι
777 1605 893 1660 τῶν
949 1608 1130 1662 πόνων
1160 1608 1374 1680 μισθόν.
1419 1608 1554 1663 Τίνα
1610 1608 1832 1677 τοῦτον;

240 1694 359 1764 Οὐχ
426 1694 487 1748 ὃν
558 1695 624 1749 ἄν
686 1714 834 1762 τινες
889 1698 1214 1754 ὑπολάϐοιεν
1297 1701 1409 1755 τῶν
1481 1702 1659 1756 πάντα
1724 1703 1824 1773 ρᾳ-

233 1786 368 1841 δὶων
393 1803 406 1818 ·
430 1788 546 1842 ἀλλ’
565 1789 625 1843 ὃν
650 1790 775 1862 ἐμοὶ
800 1792 987 1863 ζητεῖν
1012 1792 1277 1862 ἀσφαλές.
1319 1793 1697 1848 Ἀναπαύσατε
1724 1793 1832 1847 τῶν

240 1880 473 1952 μακρῶν
496 1883 672 1937 πόνων
697 1884 846 1955 ἡμᾶς
869 1900 883 1916 ’
917 1885 1207 1957 αἰδέσθητε
1242 1885 1344 1959 τὴν
1377 1885 1572 1939 πολιάν
1592 1885 1829 1957 ταύτην·

234 1974 509 2043 τιμήσατε
540 1973 641 2044 τὴν
697 1972 962 2039 ξενιτείαν
984 1993 998 2008 ·
1045 1974 1206 2030 ἄλλον
1231 1976 1684 2046 ἀντεισαγάγετε,
1739 1975 1831 2031 τὸν

234 2064 383 2135 ὑπὲρ
418 2064 576 2137 ὑμῶν
626 2065 739 2138 (48)
773 2067 1126 2140 διωκόμενον,
1155 2069 1308 2134 ὅστις
1341 2069 1586 2142 καθαρὸς
1619 2072 1827 2141 χεῖρας,

232 2156 389 2219 ὅστις
412 2157 599 2229 φωνὴν
646 2158 749 2213 οὐκ
780 2158 1062 2225 ἀσύνετος,
1114 2161 1265 2225 ὅστις
1313 2159 1499 2225 ἱκανὸς
1550 2160 1620 2215 τὰ
1651 2162 1831 2217 πάντα

233 2248 372 2319 ὑμῖν
406 2249 752 2320 χαρίζεσθαι,
786 2252 882 2305 καὶ
915 2252 1295 2326 συνδιαφέρειν
1329 2253 1428 2317 τὰς
1447 2253 1830 2326 ἐκκλησιαστι-

234 2339 344 2405 κάς
366 2330 656 2412 φροντίδας
685 2341 798 2413 (49)
818 2358 833 2372 °
861 2343 1051 2414 ἐπειδὴ
1077 2343 1285 2398 τούτων
1316 2344 1433 2417 (50)
1465 2345 1703 2416 μάλιστα
1732 2347 1829 2402 νῦν

232 2433 264 2486 ὁ
293 2432 505 2505 καιρός.
553 2433 709 2505 Ἐμοὶ
731 2434 788 2487 δὲ
812 2435 976 2506 ὁρᾶτε
1002 2435 1096 2489 καὶ
1122 2436 1184 2489 τὸ
1215 2435 1375 2508 σῶμα
1407 2436 1485 2502 ὡς
1509 2437 1623 2508 ἔχει
1647 2438 1824 2505 τοῦτο,

228 2527 329 2581 κα)⁹
363 2527 564 2599 χρόνῳ,
597 2528 695 2582 καὶ
728 2527 891 2599 νόσῳ,
935 2528 1032 2584 καὶ
1085 2529 1234 2602 πόνῳ
1280 2530 1614 2602 δαπανηθέν.
1650 2532 1716 2585 Τί
1747 2531 1829 2587 δεῖ

226 2619 488 2691 γέροντος
502 2621 631 2691 ὑμῖν
653 2619 854 2685 δειλοῦ,
878 2620 974 2674 καὶ
999 2620 1286 2695 ἀνάνδρου,
1313 2622 1409 2677 καὶ
1431 2623 1825 2696 καθ’ἑκάστην,

223 2713 308 2777 ὡς
329 2713 526 2779 εἰπεῖν,
560 2712 1005 2779 ἀποθνήσκοντος
1031 2713 1133 2784 τὴν
1157 2713 1399 2785 ἡμέραν,
1423 2713 1484 2767 ού
1511 2712 1592 2785 τῷ
1612 2713 1825 2784 σώματι

227 2804 417 2876 μόνον,
456 2804 596 2860 ἀλλά
617 2805 713 2860 καὶ
742 2806 864 2869 ταῖς
895 2805 1176 2877 φροντίσιν
1197 2822 1212 2836 ο
1246 2805 1307 2870 ὃς
1344 2805 1500 2877 μόλις
1523 2807 1620 2860 καὶ⁹
1651 2805 1825 2862 ταῦτα

223 2897 362 2967 ὑμῖν
405 2896 727 2967 διαλέγομαι
773 2896 922 2967 (51);
975 2895 1069 2969 Μὴ
1112 2897 1453 2969 ἀπιστήσητε
1494 2900 1651 2969 φωνῇ
1686 2897 1827 2952 διδα-

222 2989 431 3045 σκάλου
453 3004 470 3020 ο
492 2988 720 3062 καὶγὰρ
744 2990 868 3043 οὐδὲ
892 2990 1233 3061 ἡπιστήσατε
1262 2989 1505 3045 πώποτε.
1523 2990 1820 3063 Κέκμηκα,

2014 1422 2136 1477 XX.
2169 1422 2309 1489 Quid
2339 1423 2504 1492 igitur
2534 1431 2638 1489 est,
2667 1425 2812 1494 quod
2862 1426 3018 1483 dico?
3048 1426 3163 1483 Non
3212 1426 3356 1484 enim
3404 1444 3529 1500 gra-

1942 1517 2109 1571 tuitus
2138 1517 2360 1572 virtutis
2394 1531 2514 1570 sum
2537 1517 2731 1586 cultor,
2766 1534 2869 1575 nee
2897 1520 2952 1574 in
2994 1536 3113 1577 eam
3149 1521 3365 1580 virtutis
3410 1538 3528 1578 ma-

1940 1606 2276 1677 gnitudinem
2311 1607 2551 1676 perveni.
2589 1607 2860 1665 Laborum
2890 1613 3172 1681 praemium
3219 1614 3351 1670 mihi
3379 1615 3523 1670 date.

1941 1698 2094 1765 Quod
2130 1699 2385 1754 tandem?
2416 1699 2532 1754 Non
2586 1702 2728 1769 quod
2776 1703 3015 1758 nonnulli
3071 1703 3303 1760 fortasse
3329 1720 3400 1760 ex
3433 1706 3520 1771 iis,

1939 1792 2030 1861 qui
2061 1793 2128 1845 ad
2157 1792 2371 1860 quidvis
2397 1792 2787 1863 suspicandum
2822 1796 3187 1861 adducuntur,
3213 1799 3375 1870 762
3404 1800 3526 1855 exi-

1938 1883 2245 1950 stimarint;
2288 1885 2382 1938 sed
2409 1886 2554 1955 quod
2592 1886 2725 1941 mihi
2760 1892 2874 1942 tuto
2898 1888 3171 1957 postulare
3201 1890 3347 1946 licet.
3397 1891 3525 1946 Diu-

1938 1976 2116 2032 turnis
2149 1975 2425 2032 laboribus
2456 1990 2555 2032 nos
2592 1976 2791 2042 levate,
2819 1993 2883 2034 ac
2906 1990 3169 2036 recreate.
3191 1979 3406 2037 Moveat
3427 1996 3525 2037 vos

1936 2067 2057 2123 haec
2091 2068 2357 2135 canities;
2381 2069 2453 2123 sit
2482 2070 2623 2136 apud
2650 2084 2747 2125 vos
2774 2071 2963 2126 honori
2997 2080 3180 2127 nostra
3213 2072 3524 2153 peregrina-

1938 2157 2033 2212 tio.
2067 2157 2246 2212 Alium
2274 2159 2590 2228 subrogate,
2635 2158 2727 2227 qui
2787 2173 2885 2227 pro
2937 2159 3089 2214 vobis
3146 2169 3396 2225 vexetur,
3429 2158 3521 2228 qui

1934 2249 2084 2317 puris
2115 2249 2186 2304 sit
2214 2246 2485 2315 manibus,
2510 2247 2602 2317 qui
2628 2262 2761 2303 voce
2782 2263 2886 2303 non
2908 2247 3200 2315 inerudita,
3223 2248 3315 2318 qui
3345 2247 3522 2303 omni-

1932 2340 2036 2397 bus
2065 2339 2118 2394 in
2143 2340 2306 2395 rebus
2344 2339 2498 2395 vobis
2539 2340 2787 2410 obsequi,
2815 2354 3083 2411 curasque
3123 2339 3522 2395 ecclesiaSticas

1933 2433 2094 2488 simul
2120 2432 2364 2503 perferre
2392 2432 2599 2504 possit;
2626 2433 3066 2504 quandoquidem
3118 2432 3254 2488 tales
3292 2448 3521 2503 praeser-

1935 2527 2030 2582 tim
2063 2527 2166 2582 hoe
2195 2537 2405 2596 tempus
2461 2526 2690 2599 ﬂagitat.
2720 2530 2790 2582 At
2826 2527 2954 2582 mihi
2985 2526 3209 2583 cernitis
3230 2542 3338 2596 quo
3361 2528 3520 2581 modo

1932 2633 2134 2688 corpus
2165 2618 2329 2674 etiam
2361 2619 2465 2675 hoc
2511 2634 2572 2677 se
2608 2619 2824 2684 habeat,
2867 2618 3122 2673 nimirum
3158 2631 3213 2672 et
3254 2628 3517 2687 tempore,

1931 2720 1989 2764 et
2012 2708 2223 2777 morbo,
2245 2719 2299 2763 et
2325 2707 2512 2763 labore
2544 2708 2872 2764 confectum.
2905 2706 3045 2774 Quid
3073 2709 3229 2763 vobis
3256 2709 3442 2764 timido
3463 2722 3518 2764 et

1932 2802 2130 2872 ignavo
2164 2817 2295 2857 sene
2317 2816 2453 2871 opus
2479 2810 2587 2865 est,
2614 2809 2776 2869 atque
2817 2800 2870 2855 in
2902 2800 3017 2856 dies
3057 2801 3322 2880 singulos,
3350 2810 3409 2856 ut
3441 2802 3516 2856 ita

1931 2893 2148 2964 loquar,
2181 2910 2288 2949 non
2328 2908 2558 2965 corpore
2611 2901 2842 2957 tantum,
2874 2894 2968 2948 sed
3006 2894 3168 2948 etiam
3210 2894 3355 2949 curis
3396 2911 3517 2951 mo-

1930 2986 2145 3042 riente?
2168 2985 2269 3053 Qui
2300 2986 2391 3040 vix
2425 2987 2542 3041 hmc
2569 3001 2785 3057 quoque
2812 2986 2879 3041 ad
2905 2999 3002 3042 vos
3034 2985 3263 3056 loquor?
3297 2985 3377 3043 Ne
3403 3003 3516 3042 ma-

220 3080 328 3154 τὴν
361 3080 666 3136 ἐπιείκειαν
703 3079 1124 3151 ἐγκαλούμενος.
1176 3081 1486 3153 Κέκμηκα,
1527 3083 1623 3137 καὶ
1658 3082 1821 3154 λόγῳ,

1932 3081 2077 3151 gistri
2121 3080 2243 3136 voci
2295 3079 2455 3135 fidem
2489 3081 2798 3152 deuegetis;
2835 3094 3015 3151 neque
3067 3081 3213 3136 enim
3272 3096 3511 3151 unquam

220 3174 325 3227 καὶ
364 3172 544 3246 φθόνῳ
568 3173 899 3245 μαχόμενος,
936 3173 1031 3228 καὶ
1059 3172 1363 3244 πολεμίοις,
1388 3175 1484 3229 καὶ
1506 3175 1819 3247 ἡμετέροις.

222 3267 295 3320 υῑ
325 3265 427 3336 μὲν
452 3264 523 3319 τά
549 3265 751 3337 στέρνα
771 3264 1014 3330 παίουσι,
1040 3263 1134 3317 καὶ
1162 3258 1325 3336 ἦττον
1349 3264 1778 3334 ἐπιτυγχάνουσι
1800 3281 1816 3296 ·

218 3355 288 3410 τὸ
314 3354 425 3427 γὰρ
447 3355 729 3426 προδήλως
751 3353 966 3426 ἐχθρὸν,
995 3353 1359 3424 εὐφύλακτον.
1390 3355 1454 3408 Οἱ
1481 3354 1559 3418 δὲ,
1579 3354 1648 3409 τά
1676 3354 1822 3409 νῶτα

216 3446 590 3519 τηροῦσιίκα).
608 3447 809 3519 μᾶλλόν
831 3448 937 3500 είσι
961 3445 1201 3518 λυπηροί
1223 3463 1237 3477 ·
1269 3445 1331 3499 τὸ
1347 3445 1457 3518 γάρ
1480 3445 1818 3512 ἀνύποπτον,

218 3536 610 3610 καιριώτερον.
642 3539 706 3591 Ei
739 3537 799 3592 δὲ
832 3537 927 3591 καί⁹
963 3536 1308 3609 κυϐερνήτης
1340 3537 1453 3610 (52)
1482 3532 1573 3610 ἦν,
1603 3538 1821 3594 καὶτῶν

216 3633 346 3687 λίαν
378 3632 762 3704 ἐπιστημόνων
787 3648 802 3664 ο
835 3626 956 3684 εἶτα
1004 3629 1173 3701 πολλὴ
1208 3630 1306 3702 μὲν
1332 3626 1401 3702 ἦν
1435 3630 1566 3701 περὶ
1606 3632 1756 3702 ἡμᾶς
1784 3632 1818 3703 ἡ

220 3723 476 3779 θάλασσα
519 3723 652 3797 (55),
699 3723 794 3777 καὶ
826 3722 957 3795 περ)⁵
981 3722 1081 3795 τὴν
1122 3721 1256 3777 ναῦν
1294 3722 1526 3787 ζέουσα’
1563 3722 1734 3794 πολλὴ
1762 3722 1820 3775 δὲ

218 3816 336 3872 τῶν
364 3816 713 3887 ἐμπλεόντων
747 3817 781 3887 ἡ
814 3814 1005 3879 στάσις
1026 3854 1042 3881 ,
1083 3814 1260 3870 ἄλλων
1293 3817 1423 3887 περὶ
1452 3815 1614 3870 ἄλλου
1655 3815 1819 3885 ζυγοο

228 3908 574 3982 μαχούντων,
630 3908 728 3962 καὶ
787 3907 1268 3962 ἀντικτυπούντων
1325 3907 1576 3980 ἀλλήλοις
1628 3925 1690 3961 τε
1724 3909 1819 3962 καὶ

215 4005 337 4066 τοῖς
361 4000 429 4056 κύ
439 4018 595 4074 μασι,
622 4000 790 4053 πόσον
825 3999 1086 4070 ἀντέσχον
1103 3998 1168 4053 ἂν
1199 4000 1292 4053 ἐπὶ
1310 3998 1419 4052 τῶν
1453 4000 1658 4054 οἰάκων
1685 3999 1818 4054 καθ-

213 4097 444 4165 ήμενος,
486 4091 633 4145 ὥστε
695 4091 794 4146 καὶ
827 4089 1078 4162 θαλάσσῃ
1110 4091 1207 4145 καὶ
1237 4093 1352 4154 τοῖς
1377 4091 1676 4162 ἐμπλέουσι
1712 4092 1817 4164 μά-

215 4183 438 4257 χεσθαι,
471 4185 568 4239 καὶ
603 4182 897 4248 διασώζειν
920 4181 1220 4247 ἀκινδύνως
1248 4182 1348 4255 τὴν
1381 4182 1513 4238 ναῦν
1540 4186 1604 4238 ἐκ
1624 4184 1813 4238 διττλοῦ

214 4278 317 4332 τοῦ
341 4277 652 4343 κλύδωνος;
692 4271 794 4330 Ὧν
825 4275 934 4347 γὰρ
960 4276 1125 4329 παντὶ
1156 4276 1343 4347 τρόπῳ
1380 4277 1816 4347 συναγωνιζομὲ-

216 4384 350 4430 νων,
368 4367 607 4438 χαλεπὸν
639 4362 708 4438 ἦν
740 4366 804 4420 τὸ
833 4366 935 4437 τῆς
964 4366 1271 4436 σωτηρίας,
1310 4368 1518 4422 τούτων
1553 4367 1671 4433 πῶς
1702 4363 1814 4423 οἷόν

215 4474 281 4512 τε
305 4454 827 4528 ἀνταγωνιζομένων
863 4456 939 4527 μὴ
972 4456 1374 4523 καταδύεσθαι;

1924 3174 2255 3245 denegastis.
2287 3170 2492 3228 Lassus
2524 3187 2668 3236 sum,
2709 3173 2835 3229 dum
2876 3172 3009 3228 mihi
3058 3174 3220 3230 toties
3262 3189 3515 3230 mansue-

1925 3264 2053 3320 tudo
2082 3263 2296 3318 crimini
2348 3263 2601 3319 vertitur.
2634 3262 2836 3320 Lassus
2886 3279 3030 3332 sum,
3079 3264 3231 3331 dum,
3280 3275 3337 3322 et
3383 3281 3508 3322 cum

1922 3368 2195 3418 sermone,
2231 3362 2428 3409 etcum
2460 3353 2684 3420 invidia,
2717 3361 2774 3409 et
2817 3368 2941 3409 cum
2975 3354 3248 3422 hostibus,
3279 3364 3336 3411 et
3382 3369 3510 3410 cum

1922 3446 2124 3501 nostris
2147 3460 2345 3516 pugno.
2369 3444 2444 3500 Illi
2471 3453 2690 3514 pectora
2712 3444 3003 3511 feriunt,et
3024 3446 3221 3513 minus,
3245 3446 3389 3517 quod
3412 3461 3510 3503 cu-

1921 3537 2096 3607 piunt,
2132 3548 2532 3608 assequuntur;
2559 3553 2682 3592 nam
2709 3538 2800 3607 qui
2825 3547 3043 3608 apertas
3071 3538 3385 3595 inimicitias
3411 3555 3509 3611 ge-

1922 3630 2012 3694 rit,
2040 3628 2199 3684 facile
2235 3629 2419 3684 caveri
2455 3638 2653 3697 potest.
2695 3628 2761 3683 Hi
2797 3638 2976 3684 autem
3015 3638 3164 3700 terga
3196 3630 3509 3695 observant,

1920 3732 1975 3780 et
2005 3724 2177 3794 magis
2206 3723 2418 3779 molesti
2443 3734 2606 3789 sunt;
2642 3739 2766 3777 nam
2816 3722 2909 3794 qui
2958 3723 3181 3778 minime
3224 3731 3510 3794 suspectus

1918 3826 2024 3884 est,
2053 3815 2309 3871 lethalius
2339 3816 2534 3871 vulnus
2574 3815 2757 3872 infert.
2789 3814 2942 3882 Quod
2993 3817 3038 3872 si
3071 3817 3236 3872 etiam
3287 3816 3476 3874 naucle

1919 3924 2033 3974 rus,
2059 3918 2115 3964 et
2150 3909 2366 3978 quidem
2403 3908 2765 3978 peritissimus
2796 3922 2971 3963 essem
3006 3925 3020 3963 :
3054 3918 3217 3978 atque
3247 3908 3376 3963 hinc
3419 3907 3509 3965 ef-

1917 4000 2094 4057 fusum
2122 4015 2272 4056 mare
2305 3999 2360 4054 in
2384 4015 2483 4055 nos
2510 4001 2743 4061 saeviret,
2769 4015 2834 4055 ac
2856 4001 3058 4056 circum
3084 4015 3273 4055 navem
3301 4010 3503 4057 aestua-

1918 4100 2034 4159 ret;
2070 4091 2198 4147 hinc
2228 4104 2358 4145 vero
2401 4090 2552 4159 gravi
2587 4090 2852 4146 seditione
2878 4101 3122 4146 rectores
3165 4090 3499 4158 laborarent,

1917 4184 2118 4253 aliique
2137 4183 2202 4239 de
2233 4181 2337 4237 alia
2370 4197 2432 4237 re
2477 4182 2885 4248 contenderent,
2928 4193 3111 4252 atque,
3164 4193 3216 4239 et
3263 4183 3500 4252 sibiipsis

1916 4283 2125 4340 mutuo,
2172 4281 2227 4328 et
2268 4272 2521 4329 ﬂuctibus
2572 4274 2974 4344 obstreperent,
3014 4274 3252 4344 quandiu
3284 4275 3497 4330 tandem

1916 4365 2033 4435 ipse
2061 4364 2329 4420 obluctari
2357 4378 2568 4434 possem
2602 4365 2667 4417 ad
2699 4365 3066 4435 gubernacula
3093 4366 3306 4434 sedens,
3338 4375 3399 4421 ut
3421 4366 3497 4422 si-

1845 4450 1891 4505 D
1923 4458 2055 4525 mul,
2087 4468 2278 4513 etcum
2328 4457 2487 4523 mari,
2527 4464 2580 4511 et
2637 4470 2762 4511 cum
2815 4459 3123 4514 vectoribus
3175 4473 3496 4529 pugnarem,

213 4561 387 4620 atque
455 4565 521 4604 ex
591 4548 790 4618 duplici
852 4558 1172 4619 tempestate
1231 4564 1421 4605 navem
1476 4550 1594 4606 sine
1643 4551 1882 4621 periculo
1922 4549 2232 4620 eriperem?
2265 4549 2471 4616 Quibus
2524 4550 2724 4605 etenim
2756 4552 2900 4605 omni
2954 4551 3163 4607 ratione
3215 4552 3497 4607 conniten-

217 4648 369 4702 tibus
421 4651 477 4700 et
528 4644 928 4715 adjuvantibus,
996 4644 1228 4699 salutem
1301 4654 1480 4699 tamen
1530 4647 1787 4715 consequi
1838 4644 2051 4701 difﬁcile
2079 4650 2261 4712 esset;
2321 4644 2513 4702 iisdem
2554 4645 2697 4699 inter
2734 4657 2793 4701 se
2817 4638 3199 4701 dissidentibus
3217 4653 3272 4701 et
3303 4643 3494 4701 confli-

210 4739 490 4812 gentibus,
520 4737 610 4806 qui
642 4737 858 4792 tandem
883 4739 997 4796 fieri
1023 4749 1225 4812 posset,
1251 4750 1308 4796 ut
1335 4742 1487 4796 navis
1527 4756 1742 4808 pessum
1782 4757 1886 4796 non
1912 4743 2057 4798 iret?

290 4832 427 4884 ΚΝ.
447 4829 513 4882 Τί
533 4829 701 4885 τᾶλλα
724 4830 805 4883 δεῖ
825 4829 1035 4900 λέγειν;
1069 4829 1230 4884 Ἀλλά
1257 4828 1377 4894 πῶς
1400 4830 1532 4884 οίσω
1556 4829 1650 4884 τὸν
1673 4830 1819 4902 ἱερὸν

209 4921 409 4977 τοῦτον
437 4921 551 4993 (54)
578 4921 849 4992 πόλεμον;
881 4922 1140 4993 Λεγέσθω
1172 4922 1282 4995 γάρ
1321 4938 1408 4988 τις
1442 4921 1538 4976 καὶ
1570 4922 1808 4995 πόλεμος

282 5081 334 5114 ⁷⁸
362 5079 384 5135 1
414 5078 549 5149 Reg.
581 5094 686 5145 xu,
708 5077 746 5132 2
770 5093 896 5151 sqq.

279 5239 398 5309 (47)
443 5238 799 5309 Ἐξίλασμα.
854 5239 1190 5296 Sacrificium
1241 5254 1341 5311 pro
1392 5238 1676 5296 animabus
1722 5237 1779 5294 in

205 5321 499 5383 peccatum
530 5312 714 5383 lapsis.

280 5381 400 5449 (48)
447 5379 687 5449 Ὑμῶν.,
727 5380 784 5433 In
812 5380 1108 5445 nonnullis,
1133 5379 1317 5451 ἡμῶν.

280 5451 395 5521 (49)
448 5453 560 5516 Τὰς
603 5451 1112 5521 ἐκκζζησιαστικὰς
1156 5449 1513 5519 φροντίδας.
1579 5469 1597 5502 ι
1625 5449 1798 5521 Curas

205 5520 638 5577 eccleSiasticas.
666 5539 686 5572 ›
725 5520 852 5575 Haec
902 5521 1156 5574 videntur
1196 5522 1399 5576 ironice
1430 5524 1599 5577 dicta.
1650 5520 1799 5577 Unde

208 5595 436 5661 Nicetas
464 5610 485 5641 α
507 5592 848 5661 pecuniarias
875 5605 1036 5646 curas
1059 5610 1077 5643 ι
1107 5592 1510 5661 interpretatur.

310 5659 400 5731 50)
444 5659 696 5715 Τούτων.
724 5660 995 5731 Reg._bm,
1029 5660 1241 5731 τούτου.

310 5728 403 5802 51)
431 5728 1071 5801 ΔιαλέγομαιέΗοιινεε.
1103 5730 1436 5801 φθέγγομαι.

1996 4830 2138 4888 XXI.
2174 4830 2315 4898 Quid
2356 4830 2459 4886 alia
2496 4845 2927 4889 commemorare
2967 4830 3196 4887 attinet?
3227 4829 3345 4899 Quo
3373 4839 3493 4886 tan-

1915 4923 2037 4980 dem
2074 4925 2234 4980 modo
2259 4938 2476 4980 sacrum
2508 4923 2611 4980 hoc
2638 4923 2835 4980 bellum
2856 4923 3069 4980 feram?
3105 4924 3321 4979 Dicatur
3343 4923 3488 4978 enim

1967 5234 2079 5369 (52)
2102 5232 2501 5302 Κυϐερνήτης.
2539 5234 2706 5290 Coisl.
2753 5233 2789 5289 2
2823 5232 2993 5297 addit,
3024 5248 3129 5296 τις.

1991 5308 2081 5369 55)
2133 5306 2209 5358 Ἠ
2234 5303 2539 5366 θάλασσα,
2561 5317 2664 5360 etc.
2687 5304 2790 5359 Per
2828 5323 2848 5355 ι
2877 5319 3077 5365 mare,»
3106 5304 3129 5356 il

1991 5299 2081 5377 55)
2133 5306 2209 5358 Ἠ
2224 5299 2539 5377 θάλασσα,
2561 5317 2664 5360 etc.
2687 5304 2790 5359 Per
2828 5323 2848 5355 ι
2877 5319 3077 5365 mare,»
3106 5299 3339 5377 intelligi
3357 5315 3481 5377 pos-

1896 5371 2023 5432 sunt
2048 5371 2427 5430 haereticorum
2479 5378 2740 5444 impetus;
2764 5389 2861 5444 per
2885 5392 2904 5444 ι
2925 5387 3146 5437 navem,
3173 5389 3191 5420 ι
3216 5371 3479 5444 Ecclesia;

1894 5462 1992 5515 per
2049 5466 2068 5496 ι
2101 5455 2407 5515 vectores,»
2462 5443 2656 5515 partim
2720 5443 2921 5515 populi,
2974 5445 3166 5515 partim
3215 5443 3477 5515 episcopi,

1894 5513 2092 5572 buibus
2120 5513 2374 5570 omnibus
2406 5513 2580 5569 valide
2608 5516 2807 5569 restitit
2842 5514 3156 5584 Gregorius.

1968 5587 2081 5657 (54)
2114 5585 2224 5639 Τὸν
2269 5584 2431 5657 ἱερὸν
2470 5585 2708 5639 τοῦτον.
2757 5582 3071 5657 All_udit_ad_
3097 5582 3479 5657 bellumiPlio-

1894 5653 2078 5720 cense,
2113 5656 2254 5725 quod
2286 5656 2524 5723 quidem,
2561 5657 2687 5724 quia
2714 5670 2811 5724 pro
2835 5653 3236 5722 fanoDelphico
3264 5655 3475 5725 direpto

1893 5738 1951 5785 et
1978 5724 2215 5799 expilata
2245 5726 2555 5797 gerebatur,
2591 5745 2609 5778 ι
2644 5740 2858 5783 sacrum
2891 5743 2911 5778 ι
2950 5734 3034 5783 est
3066 5726 3292 5781 dictum.
3331 5724 3477 5782 Istud
