3902 6218
375 332 484 388 483

376 451 537 504 etiam
569 439 838 513 quoddam
868 434 1065 493 bellum
1118 439 1330 485 sacrum
1350 465 1364 491 ,
1394 422 1845 513 quemadmodum
1898 427 1951 475 et
1979 425 2025 482 Α

376 510 738 594 barbari-cum.
773 525 1052 594 Quomodo
1084 524 1183 577 bos
1206 515 1445 573 adversis
1470 511 1681 568 thronis
1709 510 1945 564 insiden-

381 637 483 691 tes,
526 635 687 693 atque
708 621 963 674 adversas
988 616 1041 670 in
1072 609 1340 683 pascendo
1367 617 1526 676 grege
1550 611 1735 673 partes
1764 601 1948 655 foven-

380 730 462 775 tes
494 692 831 777 conneclam,
865 720 1029 778 atque
1060 706 1114 758 in
1157 716 1319 756 unum
1347 698 1634 760 adducam,
1664 692 1947 764 p0pulum-

380 825 484 878 que
512 806 671 863 simul
702 819 823 860 cum
880 800 1011 871 ipsis
1039 796 1348 862 abruptum,
1380 786 1681 854 studiisque
1731 792 1949 839 contra-

382 871 477 955 riis
506 898 862 958 distractum;
901 881 1352 959 quemadmodum
1388 877 1442 931 in
1476 876 1541 931 iis
1576 873 1833 935 hiatibus,
1858 871 1950 941 qui

382 1006 446 1046 ex
483 998 641 1042 terrae
664 981 897 1037 molibus
942 974 1103 1048 763
1141 970 1411 1033 accidunt,
1441 964 1630 1019 vicinae
1652 972 1707 1018 et
1735 962 1952 1033 propin-

381 1094 503 1150 quae
534 1085 717 1145 partes
755 1068 916 1126 simul
958 1063 1165 1122 moveri
1193 1061 1396 1124 solent;
1444 1064 1535 1111 aut
1573 1056 1626 1110 in
1685 1052 1954 1125 pestiferis

384 1147 586 1225 morbis
610 1163 795 1220 famuli
818 1176 883 1216 ac
919 1156 1199 1215 domestici
1219 1152 1376 1209 simul
1397 1149 1749 1221 abripiuntur,
1769 1147 1954 1200 morbo

384 1261 638 1314 nimirum
667 1256 735 1311 ab
773 1255 893 1309 aliis
922 1252 988 1305 ad
1014 1250 1147 1304 alios
1172 1245 1329 1300 facile
1354 1242 1685 1297 dimanante.
1730 1236 1839 1293 Nec
1868 1251 1957 1307 po-

385 1351 566 1422 pulum
600 1349 794 1414 solum,
821 1344 917 1399 sed
939 1341 1100 1397 etiam
1157 1336 1307 1392 orbis
1339 1343 1494 1388 terra!
1526 1338 1825 1402 segmenta,
1859 1342 1953 1383 eo-

385 1420 504 1497 dem
535 1455 654 1496 cum
694 1433 1080 1492 dissidentibus
1119 1427 1310 1483 affectu
1332 1433 1623 1487 commota,
1654 1423 1726 1476 ita
1758 1430 1817 1475 ut
1842 1420 1953 1489 jam

387 1537 439 1588 in
468 1534 602 1589 duas
635 1527 941 1585 contrarias
956 1533 1138 1592 partes
1167 1518 1358 1574 Oriens
1379 1525 1433 1572 et
1462 1514 1724 1571 Occidens
1761 1511 1958 1566 secreti

352 1634 353 1641 ‘
387 1634 553 1692 atque
579 1619 738 1674 divisi
778 1617 913 1679 sint,
955 1627 1056 1666 nec
1082 1609 1191 1678 jam
1224 1590 1402 1662 minus
1428 1605 1729 1660 animorum
1782 1611 1836 1657 et
1864 1616 1959 1656 vo-

387 1691 678 1775 luntatum,
708 1722 870 1779 quam
908 1703 1092 1759 finium
1144 1707 1421 1768 segmenta
1475 1709 1597 1751 esse
1639 1691 1959 1749 videantur?

1573 308 1631 365 S.
1671 300 1998 365 GREGORII
2039 298 2385 358 TIIEOLOGI

3517 273 3633 330 484

2058 413 2221 485 ἱερὸς,
2250 412 2438 483 ὥσπερ
2466 408 2561 462 καὶ
2593 405 2707 480 (55)
2734 399 3090 477 βαρϐαρικός.
3113 395 3239 460 Πῶς
3269 391 3511 485 συνάψω.
3534 387 3636 485 καὶ

2051 483 2127 570 εἰς
2154 504 2213 559 ἓν
2245 503 2438 573 ἀγάγω
2459 502 2588 565 τοὺς
2609 493 3130 566 ἀντικαθεζομένους
3155 487 3382 548 τούτους
3412 483 3509 537 καὶ
3534 483 3635 535 ἀν·-

2050 597 2514 668 τιποιμαίνοντας,
2548 592 2642 647 καὶ
2669 591 2760 644 τὸν
2785 587 2897 659 (56)
2928 579 3390 655 συναπεῤῥωγότα
3419 576 3641 668 τούτοις

2052 686 2179 739 λαὸν
2204 665 2309 738 ’καὶ
2335 682 2614 738 ἀντίθετον
2633 697 2648 712 ο
2675 679 2864 749 ὥσπερ
2883 678 2941 729 ὲν
2970 678 3085 737 τοῖς
3116 672 3228 743 (57)
3248 670 3494 741 χάσμασι
3522 665 3641 718 τῶν

2056 776 2318 845 σεισμῶν,
2373 773 2442 827 τά
2468 768 2815 842 γειτονοῦντα
2862 766 2959 821 καὶ
2986 761 3357 834 πλησιάζοντα
3381 773 3397 789 ⁸
3432 758 3468 830 ἢ
3509 758 3641 819 ταῖς

2053 868 2326 938 λοιμικαῖς
2364 864 2540 927 νόσοις
2576 863 2705 926 τοὺς
2761 856 3100 931 θεραπευτὰς
3130 856 3225 908 καὶ
3252 850 3506 913 οἰκείους,
3536 848 3641 903 ἀλε-

2054 961 2168 1024 λοις
2195 958 2305 1030 (58)
2334 959 2426 1012 ἀπ’
2454 956 2627 1011 ἀλλων
2648 951 3017 1023 διαδιδομένης
3046 946 3282 1009 εὐκόλως
3312 945 3413 1015 τῆς
3441 943 3640 1014 ἀρῤω-

2059 1051 2211 1114 στίας
2228 1067 2244 1081 °
2282 1049 2342 1102 οὐ
2371 1049 2530 1118 μόνον
2550 1047 2627 1111 δὲ,
2645 1044 2780 1099 ἀλλά
2804 1045 2899 1098 καὶ
2921 1042 2991 1095 τὰ
3014 1041 3115 1111 τῆς
3138 1034 3468 1107 οἰκουμένης
3496 1032 3645 1103 τμή-

2063 1159 2207 1213 ματα
2231 1138 2648 1210 συμπεπονθότα
2671 1139 2783 1199 τοῖς
2808 1133 3209 1197 στασιάζουσιν,
3261 1126 3404 1181 ὥστε
3433 1125 3527 1178 καὶ
3552 1125 3641 1187 εἰς

2058 1230 2346 1285 ἀντίπαλον
2369 1232 2561 1301 μοῖραν
2572 1225 2927 1298 ἀποκριθῆναι
2941 1224 3060 1276 τότε
3076 1220 3241 1292 Ἐᾦον
3261 1217 3357 1272 καὶ¹
3365 1216 3427 1270 τὸ
3440 1216 3453 1232 ’
3465 1214 3645 1269 Εσπέ-

2062 1340 2198 1396 ριον,
2229 1324 2325 1377 καὶ
2347 1321 2679 1376 κινδυνεύειν
2707 1319 2805 1390 τῆς
2835 1315 3060 1387 γνώμης
3103 1315 3202 1385 οὐχ
3248 1308 3409 1385 ἦττον
3440 1310 3475 1382 ἦ
3525 1308 3643 1362 τῶν

2062 1414 2312 1486 περάτων
2346 1413 2515 1467 ταῦτα
2536 1411 2788 1481 γενέσθαι
2809 1410 3102 1480 τμήματα;
3145 1406 3323 1477 Μέχρι
3354 1403 3498 1466 τίνος
3527 1401 3645 1471 γὰρ

2062 1509 2090 1559 6
2128 1506 2258 1577 ὲμὸς
2284 1506 2379 1558 καὶ
2406 1506 2434 1558 6
2463 1503 2576 1568 σὸς,
2605 1503 2700 1556 καὶ
2728 1504 2756 1554 6
2791 1499 3019 1562 παλαιὸς
3040 1497 3133 1552 καὶ
3151 1497 3180 1550 6
3210 1495 3349 1562 νέος,
3388 1495 3418 1546 6
3448 1490 3649 1561 λογιώ-

2063 1598 2268 1671 τεροςῆ
2292 1601 2320 1651 6
2347 1592 2874 1666 πνευματικώτερος,
2896 1595 2925 1646 6
2946 1586 3380 1660 εὐγενέστεροςῆ
3402 1586 3431 1638 6
3451 1585 3649 1653 δυσγε-

2063 1690 2332 1760 νέστερος,
2363 1689 2392 1741 6
2420 1686 2495 1757 τῷ
2530 1685 2720 1757 πλήθει
2751 1680 3195 1753 πλουσιώτεροςῆ
3220 1679 3249 1731 6
3283 1678 3644 1747 πενέστεροςς

388 1806 682 1874 Quousque
701 1802 845 1856 enim
878 1800 992 1852 haec
1029 1793 1333 1856 audientur,
1365 1804 1519 1844 meus
1561 1796 1615 1841 et
1656 1794 1797 1850 tuus,
1829 1782 1967 1837 anti-

2078 1780 2400 1852 Αἰσχύνομαι
2424 1779 2485 1832 τὸ
2510 1777 2686 1848 γῆρας
2728 1775 2882 1848 (59),
2933 1773 3108 1828 ἄλλων
3136 1771 3496 1842 καλούμενος,
3535 1766 3648 1820 ὑπὸ

389 1912 528 1965 quus
561 1906 615 1949 et
660 1906 852 1954 novus,
885 1883 1167 1942 facundior
1189 1889 1283 1937 aut
1334 1878 1691 1949 spiritualior,
1734 1874 1965 1929 nobilior

2072 1871 2307 1944 Χριστοῦ
2349 1869 2709 1940 σεσωσμένος.

391 1956 485 2042 aut
514 1984 822 2056 ignobilior,
860 1976 1207 2034 multitudine
1237 1973 1541 2042 opulentior
1574 1979 1668 2024 aut
1721 1967 1974 2023 tenuior?
2010 1965 2401 2023 Erubescerem
2424 1966 2679 2020 canitiem
2705 1974 2900 2029 meam,
2933 1964 3000 2028 si,
3058 1975 3089 2014 a
3145 1957 3361 2016 Christo
3379 1956 3649 2021 salvatus,

395 2081 463 2133 ab
486 2080 606 2133 aliis
628 2092 821 2131 nomen
846 2074 1121 2129 ducerem.

466 2169 627 2225 XXII.
660 2168 778 2222 Non
812 2164 928 2220 fero
963 2166 1139 2222 circos
1188 2174 1418 2230 vestros,
1449 2172 1501 2218 et
1532 2162 1742 2216 theatra
1766 2201 1781 2229 ,
1813 2168 1975 2229 atque

396 2260 645 2315 atriolum
672 2257 815 2311 hunc
845 2267 954 2311 tam
989 2257 1040 2310 in
1094 2257 1422 2325 sumptibus,
1453 2269 1614 2323 quam
1670 2253 1722 2305 in
1768 2252 1975 2305 animo-

398 2366 516 2404 rum
541 2348 755 2413 studiis,
781 2347 1038 2401 furorem.
1063 2346 1244 2416 Equos
1290 2344 1750 2415 transjungimus,
1786 2352 1974 2397 contra

394 2441 689 2512 iungimus,
741 2439 986 2493 certatim
1020 2438 1321 2503 fremimus,
1375 2438 1760 2507 propemodum
1809 2435 2014 2489 etiam.

400 2548 579 2588 aerem
616 2532 787 2602 ipsum
819 2531 1193 2596 verberamus,
1228 2539 1285 2583 ut
1340 2529 1440 2592 illi,
1493 2526 1871 2598 pulveremque
1920 2527 1975 2580 in

400 2624 596 2677 malum
630 2629 881 2689 tanquam
917 2618 1380 2687 insanijacimus;
1416 2631 1481 2673 ac
1503 2616 1601 2672 sub
1633 2615 1826 2670 alienis
1848 2627 1965 2683 per.

403 2715 551 2770 sonis
579 2713 952 2769 contentiones
981 2720 1198 2766 nostras
1243 2710 1544 2780 explemus,
1580 2708 1816 2777 malique
1856 2723 1973 2762 am-

401 2807 622 2862 bitionis
652 2815 707 2861 et
730 2804 1115 2858 muniﬁcentia:
1150 2804 1339 2859 arbitri
1369 2801 1647 2867 efﬁcimur,
1682 2810 1842 2870 atque
1874 2800 1976 2853 ini-

403 2897 494 2966 qui
529 2905 584 2950 et
618 2895 840 2949 absurdi
874 2909 1053 2947 rerum
1089 2893 1320 2964 judices.
1353 2892 1517 2946 Iidem
1559 2891 1700 2945 enim
1733 2890 1976 2944 homines

403 2988 563 3042 hodie
595 2987 707 3056 pari
744 2985 1024 3040 nobiscum
1073 2999 1348 3056 sacrorum
1385 2981 1617 3051 fideique
1651 2979 1978 3035 commercio

2137 2154 2264 2207 KB'.
2302 2152 2377 2205 Οὐ
2404 2148 2554 2220 φέρω
2579 2147 2702 2210 τοὺς
2726 2143 2983 2206 ἱππικοὺς
3010 2140 3186 2212 ὑμῶν,
3208 2138 3305 2192 καὶ
3325 2135 3394 2190 τά
3419 2134 3648 2206 θέατρα,

2070 2248 2164 2301 καὶ
2197 2247 2294 2317 τὴν
2321 2243 2649 2315 ἀντίρροπον
2667 2239 2873 2311 ταύτην
2896 2237 3093 2309 μανίαν
3119 2234 3175 2289 ἐν
3204 2251 3262 2288 τε
3289 2232 3654 2301 δαπανήμασι

2071 2341 2165 2394 καὶ
2200 2338 2593 2406 σπουδάσμασι.
2645 2332 3102 2400 Μεταζεύγνυμεν
3128 2366 3142 2393 ,
3195 2323 3649 2394 ἀντιςεύγνυμεν,

2071 2428 2623 2503 ἀντιφρυασσόμεθα,
2688 2423 2886 2497 μικροῦ
2937 2422 3031 2476 καὶ
3086 2421 3176 2474 τὸν
3209 2418 3345 2492 ἀέρα
3388 2418 3649 2487 παίομεν,

2071 2522 2260 2592 ὥσπερ
2315 2522 2536 2583 ἐκεῖνοι,
2592 2517 2687 2570 καὶ
2745 2514 3011 2587 βάλλομεν
3056 2512 3203 2566 κόνιν
3259 2515 3339 2574 είς
3394 2509 3650 2582 οὐρανὸν,

2071 2613 2257 2684 ὥσπερ
2309 2612 2359 2664 οἱ
2400 2608 2785 2680 ἐξεστηκότεςο
2827 2608 2922 2660 καὶ
2977 2604 3069 2658 ὑπ’
3103 2603 3283 2667 ἄλλοις
3334 2600 3654 2673 προσώποις

2070 2705 2169 2768 τὰς
2220 2703 2490 2776 ἡμετέρας
2532 2698 2910 2771 ὲκπληροῢμεν
2937 2695 3290 2769 φιλονεικίας,
3331 2693 3495 2748 κακοῖ⁵
3535 2690 3652 2762 (60)

2071 2794 2334 2867 γινόμεθα
2356 2794 2455 2864 τῆς
2482 2792 2792 2862 φιλοτιμίας
2826 2789 3120 2860 διαιτηταὶ,
3154 2788 3249 2840 καὶ
3298 2785 3487 2858 κριταὶ
3534 2782 3654 2854 (61)

2072 2886 2180 2941 τῶν
2201 2884 2537 2957 πραγμάτων
2562 2880 2894 2950 ἀγνώμονες.
2926 2881 3178 2951 Σήμερον
3221 2876 3499 2948 σύνθρονοι
3534 2873 3654 2945 (6‘2)

2074 2979 2168 3032 καὶ
2198 2977 2459 3049 ὁμόδοξοι,
2490 2975 2556 3028 ἂν
2585 2972 2726 3026 οὕτω
2760 2972 2998 3042 φέρωσιν
3028 2971 3175 3040 ἡμᾶς
3194 2969 3243 3021 οί
3264 2969 3486 3036 ἄγοντες
3503 2962 3652 3037 (65)·

403 3076 890 3143 communicantes,
921 3078 964 3130 si
1000 3075 1074 3129 ita
1105 3090 1202 3128 nos
1232 3075 1395 3128 duces
1437 3081 1492 3126 et
1516 3070 1781 3124 antistites
1809 3068 1971 3122 nostri

2078 3068 2263 3140 αὓριον
2301 3066 2601 3137 ἀντίθρονοι
2624 3063 2734 3136 (64)
2753 3063 2848 3116 καὶ
2877 3061 3161 3126 ἀντίδοξοι,
3190 3060 3287 3113 ἐὰν
3315 3056 3653 3126 ἀντιπνεύσῃ

406 3167 660 3234 tulerint;
690 3181 811 3222 cras
840 3165 1124 3221 contrariae
1155 3163 1299 3219 sedis
1322 3174 1376 3218 et
1424 3162 1705 3217 sententiae
1753 3169 1900 3224 sunt,
1930 3160 1971 3212 si

2080 3162 2141 3214 τὸ
2173 3159 2409 3229 πνεῦμα.
2462 3156 2617 3210 Μετά
2665 3157 2764 3226 τῆς
2788 3154 2988 3225 ἔχθρας
3036 3153 3130 3206 καὶ
3163 3152 3263 3222 τῆς
3301 3150 3483 3221 φιλίας
3512 3149 3657 3221 (65),

405 3267 597 3313 ventus
622 3257 914 3312 reﬂaverit.
942 3254 1134 3310 Odium
1202 3265 1365 3324 atque
1421 3252 1713 3307 amicitiam
1761 3250 1971 3305 nomina

2078 3252 2171 3305 καὶ
2201 3251 2267 3304 τὰ
2296 3249 2532 3319 ὀνόματα
2550 3265 2563 3278 ·
2596 3246 2710 3312 καὶ,
2740 3246 2799 3299 τὸ
2820 3245 3141 3312 δεινότατον,
3162 3244 3263 3297 οὐκ
3283 3241 3657 3313 αἰσχυνόμεθα

405 3349 768 3413 comitantur;
802 3363 919 3412 nec,
950 3346 1091 3415 quod
1125 3345 1502 3415 gravissimum
1526 3353 1630 3402 est,
1683 3342 1821 3409 apud
1854 3354 1971 3394 eos-

2078 3344 2187 3405 τοῖς
2218 3341 2400 3402 αὐτοῖς
2420 3336 2690 3409 χρώμενοι
2725 3336 2835 3390 τῶν
2865 3336 3121 3390 ἐναντίων
3153 3336 3479 3406 ἀκροαταῖς·
3529 3334 3659 3387 οὐδὲ

409 3438 528 3492 dem
587 3441 859 3494 auditores
907 3438 1175 3493 contraria
1226 3435 1370 3503 loqui
1415 3432 1824 3495 erubescimus;
1879 3444 1971 3483 nec

2079 3430 2306 3487 ἐπὶτῶν
2350 3428 2528 3482 αὐτῶν
2573 3428 2905 3498 βεϐήκαμεν,
2935 3426 3123 3481 ἀλλοτε
3162 3424 3359 3489 ἀλλους
3392 3424 3659 3495 ποιούσης

410 3531 568 3589 nobis
591 3533 722 3602 ipsis
746 3540 1079 3593 constamus,
1118 3542 1238 3582 cum
1275 3524 1503 3581 subinde
1551 3538 1650 3578 nos
1702 3522 1971 3577 contentio

2079 3525 2227 3597 ἡμᾶς
2257 3523 2355 3593 τῆς
2384 3520 2737 3590 φιλονεικίας.
2794 3520 3051 3591 Εὑρίπων
3082 3517 3373 3589 μεταϐολαί
3418 3534 3583 3580 τινες,
3620 3517 3656 3587 ἢ

410 3627 676 3680 immutet.
711 3620 868 3674 Dicas
890 3618 1116 3686 Euripos
1145 3616 1402 3684 quosdam
1458 3628 1599 3677 esse,
1643 3627 1786 3666 nunc
1815 3626 1981 3664 exun-

411 3710 623 3776 dantes,
657 3725 799 3765 nunc
828 3710 1105 3778 reciproco
1155 3705 1317 3758 ﬂuctu
1366 3702 1725 3758 subsidentes.
1785 3699 1983 3766 Quem-

412 3803 699 3858 admodum
729 3801 891 3870 igitnr
914 3799 958 3853 si
986 3795 1369 3851 adolescentuli
1404 3796 1456 3849 in
1497 3795 1672 3849 medio
1704 3792 1824 3848 foro
1855 3792 1983 3846 lusi-

413 3907 610 3963 tarent,
644 3905 799 3964 turpe
847 3893 1133 3947 admodum
1164 3899 1329 3955 esset,
1378 3890 1639 3959 nobisque
1687 3889 1981 3957 indignum,

412 3989 618 4045 relictis
656 3987 855 4042 nostris
888 3985 1099 4051 studiis,
1134 3985 1365 4051 vita-que
1386 3980 1668 4044 institutis,
1704 3994 1827 4034 cum
1880 3978 1985 4032 illis

413 4081 600 4136 ludere
630 4080 827 4152 (neque
864 4079 1009 4133 enim
1038 4092 1327 4146 puerorum
1366 4074 1474 4128 ludi
1503 4082 1835 4128 senectutem
1885 4072 1984 4126 de-

413 4176 593 4243 cent);
622 4173 809 4227 eodem
843 4171 1002 4226 modo
1031 4185 1129 4224 nec
1157 4170 1223 4235 si,
1258 4169 1377 4223 aliis
1401 4177 1585 4221 mutuo
1612 4180 1731 4220 sese
1761 4177 1986 4217 versan-

416 4263 558 4318 tibus
581 4261 1113 4332 atquejactantibns,
1149 4260 1339 4313 melius
1383 4258 1636 4326 quiddam
1663 4256 1778 4324 ipse
1825 4269 1986 4324 quam

414 4353 601 4424 vulgus
622 4355 871 4416 sentiam,
907 4367 1045 4406 unus
1076 4366 1261 4406 eorum
1296 4364 1416 4405 esse
1457 4349 1664 4407 malim,
1696 4361 1881 4414 quant,
1928 4352 1990 4397 ut

415 4459 558 4510 sum,
588 4459 708 4499 cum
747 4444 1075 4499 obscuritate
1112 4442 1268 4497 liber.
1301 4441 1378 4495 Ac
1408 4450 1668 4510 praeterea
1720 4439 1792 4490 ita
1844 4450 1981 4506 quo-

418 4654 615 4718 antem
651 4663 670 4696 ‹
695 4659 903 4718 sacrum
927 4662 946 4695 ι
981 4651 1064 4698 est
1096 4641 1431 4718 appellatum
1468 4655 1498 4718 a
1534 4638 1814 4708 Gregorio,
1850 4636 1973 4718 quia
2008 4641 2051 4695 ι)

419 4717 487 4768 ab
535 4715 799 4785 episcopis
824 4727 878 4768 et
921 4708 1289 4768 sacerdotibus
1320 4712 1386 4765 de
1429 4716 1585 4763 rebus
1614 4725 1782 4763 sacr.s
1810 4719 1864 4762 et
1898 4708 1976 4760 di-

418 4786 560 4839 vinis
594 4786 1051 4840 connnittebatur.

515 4855 605 4923 55)
632 4854 765 4908 Καί.
794 4854 954 4908 DeeSt
981 4854 1034 4906 in
1064 4859 1293 4923 quatuor
1308 4851 1471 4920 llegg.
1501 4858 1551 4903 el
1579 4847 1671 4903 Or.
1699 4847 1753 4900 2.

515 4921 604 4996 .56)
638 4924 774 4996 Τόν.
807 4924 965 4996 Deest
991 4921 1209 4996 inﬁcg.
1240 4922 1350 4996 bt_n.

514 4983 603 5066 57)
634 4995 856 5066 Ὥσπερ
874 4993 954 5066 έν
980 4990 1136 5066 τοῖς.⁵
1156 4983 1248 5066 Sic
1270 4988 1402 5062 Reg.
1433 4989 1543 5054 bm,
1574 4996 1683 5042 tres
1697 4986 1871 5050 Coll»,
1890 4983 1986 5041 0r.

420 5065 476 5130 2,
502 5060 609 5118 etc.
637 5064 693 5118 ln
723 5060 832 5128 etl.,
863 5062 1048 5132 ὥσπερ
1077 5060 1280 5132 αὐτοῖς.

494 5133 608 5202 (58)
644 5135 908 5198 Ἀλλοις.
947 5128 1202 5202 ΗώιψςἹ
1231 5128 1416 5200 ἄλλης.

494 5193 607 5274 (59)
639 5193 1008 5272 Αἰσχύνομαι
1030 5193 1461 5274 16_7rﬁpag,'etc_.
1489 5195 1604 5251 Bill.
1639 5214 1653 5249 :
1692 5214 1711 5246 ι
1735 5193 1993 5274 Senectn.

426 5266 608 5330 tis'me
640 5266 820 5343 pudet,
874 5266 997 5326 cum
1049 5266 1528 5343 alio‘ruthtominc
1563 5281 1806 5325 censeor.
1829 5266 1936 5343 _qui
1964 5279 1994 5315 ιι

425 5334 657 5401 Christo'
704 5334 931 5397 salutem
983 5340 1187 5408 accepi.
1213 5357 1232 5391 ι
1286 5337 1695 5394 Percheimerns
1733 5349 1748 5387 :
1783 5352 1803 5386 ι
1828 5334 1997 5408 Pudet

427 5430 516 5470 me
545 5412 787 5476 honoris,
818 5411 860 5465 si
901 5409 969 5465 ab
994 5404 1327 5464 aliis'nomen
1366 5410 1586 5468 sortior,
1622 5420 1744 5460 cum
1779 5420 1808 5457 a
1841 5404 1997 5457 Chri-

428 5495 514 5539 sto
543 5475 779 5536 salvatus
799 5481 922 5535 sim.
950 5498 969 5531 »
1008 5477 1230 5532 Videtur
1262 5479 1471 5548 legisse,
1521 5475 1710 5548 γέρας,
1755 5491 1774 5524 t
1799 5476 1990 5541 honor,

428 5551 726 5622 praemium,
751 5568 770 5601 ι
804 5564 913 5622 ριόΔ
933 5550 1130 5622 γῆρας,
1156 5567 1184 5622 _t
1212 5559 1478 5622 senectus.
1510 5567 1528 5599 ι

502 5619 612 5692 (60)
644 5617 848 5692 Κακοῖ,
879 5617 973 5692 Or.
993 5617 1062 5692 ’2,
1087 5619 1179 5673 καὶ
1207 5617 1385 5692 κακοί.

502 5684 614 5763 (61)
649 5691 867 5758 Κριταί.
897 5684 1010 5748 Duo
1033 5690 1207 5756 Coll»,
1232 5688 1492 5758 λογισταί.

491 4852 512 5066 ἓ

2079 3610 2409 3684 ἀμπώτιδες.
2451 3611 2658 3680 Ὥσπερ
2693 3603 2785 3662 οὖν
2825 3611 2873 3660 εί
2905 3607 3205 3680 μειρακίων
3234 3609 3294 3659 ὲν
3322 3607 3497 3678 ἀγορᾷ
3522 3622 3660 3658 παι-

2082 3705 2281 3769 ζόντων
2319 3705 2376 3756 ὲν
2408 3703 2556 3773 μέσῳ
2585 3703 2680 3754 καὶ
2708 3700 3072 3771 παιζομένων,
3100 3700 3323 3770 αἰσχρὸν
3351 3697 3417 3752 ἂν
3444 3694 3512 3769 ἦν
3535 3698 3662 3750 λίαν

2083 3797 2176 3850 κα)¹
2201 3796 2300 3865 οὐχ
2329 3792 2509 3864 ἡμῶν,
2547 3792 2951 3854 καταλιπόντας
2979 3790 3076 3854 τὰς
3109 3791 3315 3853 οίκείας
3349 3788 3660 3860 διατριϐὰς,

2083 3886 2310 3949 ἐκείνοις
2343 3884 2721 3956 συμφέρεσθαι
2759 3884 2859 3955 (οὐ
2892 3883 3001 3953 γάρ
3024 3882 3222 3954 ὡραῖον
3254 3881 3424 3952 γήρᾳ,
3451 3879 3663 3936 παίδων

2084 3977 2437 4049 ἁθὺρματα)·
2471 3976 2642 4036 οὕτως
2661 3975 2767 4027 οὐδ’
2797 3977 2866 4038 εἰ,
2896 3973 3169 4045 φερόντων
3197 3974 3290 4026 καὶ
3339 3971 3448 4043 (66)
3482 3989 3666 4043 φερο-

2092 4071 2270 4142 μένων
2292 4069 2401 4121 τῶν
2431 4067 2635 4131 ἄλλων,
2678 4067 2839 4130 αὐτός
2872 4084 2924 4119 τι
2960 4066 3163 4137 βέλτιον
3191 4065 3299 4119 τῶν
3334 4065 3542 4119 πολλῶν
3573 4083 3668 4134 γι-

2087 4161 2343 4224 νώσκων,
2378 4159 2639 4231 δεξαίμην
2670 4158 2734 4213 ἂν
2775 4159 2999 4213 ἐκείνων
3048 4153 3128 4222 εἷς
3158 4153 3297 4213 εἶναι
3335 4159 3564 4230 μᾶλλον,
3603 4160 3665 4231 ἢ,

2087 4253 2222 4324 ὅπερ
2253 4251 2388 4323 εἰμὶ,
2432 4252 2570 4321 μετά
2614 4250 2715 4319 τῆς
2751 4250 2985 4319 ἀφανίας
3022 4249 3132 4322 (67)
3178 4249 3478 4321 ἐλεύθερος.
3515 4251 3665 4322 Πρὸς

2089 4344 2198 4416 γάρ
2248 4341 2315 4397 αὖ
2367 4346 2479 4406 τοῖς
2515 4341 2693 4405 ἄλλοις
2741 4341 2936 4411 πάσχω
2975 4357 3028 4394 τι
3068 4340 3162 4393 καὶ
3209 4341 3468 4407 τοιοῦτον,
3501 4342 3561 4394 οὐ
3591 4342 3666 4394 τά

2092 4435 2261 4488 πολλὰ
2290 4434 2641 4506 συμφέρομαι
2672 4436 2784 4497 τοῖς
2806 4432 3037 4497 πολλοῖς,
3074 4432 3194 4485 οὐδὲ
3235 4433 3336 4495 τὴν
3369 4433 3538 4503 αὐτὴν
3565 4431 3668 4503 βα-

2147 4636 2259 4758 (62)
2293 4638 2638 4705 Σύνθρονοι.
2692 4636 2798 4690 Eos
2833 4634 3100 4704 intelligit,
3143 4630 3259 4701 qui,
3293 4629 3376 4683 vel
3400 4629 3665 4699 episcopi.

2147 4730 2149 4755 ε
2198 4708 2494 4758 nresbvteri
2530 4709 2582 4758 in
2619 4708 2858 4758 sacrario
2886 4706 3158 4758 sedentes.
3196 4715 3299 4755 una
3324 4701 3496 4755 sacris
3532 4715 3663 4757 cum

2084 4706 2169 4760 vel
2198 4708 2494 4778 presbyteri
2530 4709 2582 4760 in
2619 4708 2858 4761 sacrario
2874 4706 3158 4778 sedentes,
3196 4715 3299 4755 una
3324 4706 3496 4755 sacris
3532 4715 3663 4757 cum

2084 4777 2303 4847 proprio
2334 4775 2585 4845 episcopo
2616 4789 2833 4843 Operam
2856 4775 3076 4829 dabant.

2155 4847 2265 4915 (65)
2318 4849 2383 4900 Οἱ
2430 4847 2697 4915 ἄγοντες.
2769 4844 2985 4900 Nicetas
3036 4839 3277 4915 exponit,
3322 4841 3667 4915 προεστηκό-

2155 4847 2265 4917 (65)
2318 4849 2383 4900 Οἱ
2430 4847 2697 4915 ἄγοντες.
2769 4847 2985 4900 Nicetas
3036 4847 3277 4911 exponit,
3322 4847 3667 4911 προεστηκό-

2083 4933 2196 4980 τες,
2230 4918 2595 4983 «superiores.
2623 4934 2642 4966 ι
2690 4916 2805 4981 Qua
2864 4930 2995 4968 voce
3051 4912 3404 4983 imperatores
3432 4911 3671 4964 maxime

2086 4979 2211 5041 Sunt
2234 4979 2582 5055 intelligendi,
2612 4979 2729 5054 qui,
2779 4993 2839 5055 ut
2890 4979 3491 5055 tradiliderpﬂipetas,
3538 4990 3669 5055 sunt

2087 5049 2427 5136 potissinmnj
2466 5074 2484 5106 ι
2509 5049 2701 5109 νεηιίιε
2733 5052 2951 5118 rellans,
2980 5073 2999 5105 ι
3040 5065 3147 5119 quo
3175 5049 3477 5112 inferiores,
3519 5051 3672 5103 velut

2089 5123 2301 5190 calami,
2338 5123 2697 5179 inflectantur.

2161 5195 2271 5264 (64)
2314 5194 2693 5263 Ἀντίθρονοι.
2725 5191 3059 5248 «Contraria:
3093 5189 3256 5252 sedis,
3286 5207 3304 5240 ι
3346 5187 3399 5242 id
3432 5197 3536 5251 est,
3567 5188 3662 5256 qui

2091 5265 2284 5320 Studiis
2315 5264 2490 5325 divisi,
2521 5264 2796 5332 Oppositos
2823 5268 3378 5332 conventns_cogunt.

2166 5332 2277 5403 (65)
2305 5326 2681 5402 "Ezﬂpag'ical
2714 5331 2820 5400 τῆς
2850 5333 3074 5400 φιλίας.
3134 5329 3191 5382 Id
3216 5326 3319 5403 est,
3377 5326 3668 5395 quemdam

2091 5399 2184 5458 vel
2211 5399 2517 5457 ltazreticutn
2577 5404 2662 5457 vel
2694 5399 3050 5456 orthodoxam
3107 5399 3473 5468 nominamus,
3508 5408 3672 5465 prout

2092 5488 2219 5544 erga
2249 5475 2418 5544 ipsum
2459 5487 2643 5544 amore
2678 5472 2912 5544 velodio
2942 5470 3228 5525 aflicimur.

2163 5541 2276 5681 (66)
2310 5543 2436 5596 Καί.
2472 5541 2604 5611 Reg.
2635 5544 2744 5608 bm,
2771 5542 2827 5612 ἦ.

2165 5614 2252 5677 (67
2321 5613 2622 5681 Ἀφανίας.
2682 5611 2827 5678 ρυειι

2092 5608 2276 5748 ﬁt?)
2321 5608 2622 5681 Ἀφανίιῑς.
2682 5608 2922 5678 Quatuor
2971 5608 3136 5680 Begg.
3198 5619 3252 5666 et
3279 5610 3375 5668 Or.
3418 5610 3471 5676 2,
3524 5608 3669 5679 tipa-
