3902 6218
272 285 382 344 485

1305 282 1565 341 ORATIO
1602 282 1764 340 XLII.
1801 316 1869 329 -—
1909 282 2291 341 SUPREMUM
2333 281 2536 339 VALE.

3427 284 3533 343 486

271 394 444 459 me”
488 394 788 467 ἀνέχομαι’
845 396 1091 468 θρασέως
1143 396 1242 468 μὲν
1302 397 1432 461 ἴσως
1471 396 1566 450 καὶ
1617 395 1860 468 ἀμαθῶς,

1970 396 2248 451 dammodo
2282 395 2505 463 afficior,
2530 404 2591 449 ut
2620 409 2724 449 non
2756 394 3044 450 admodum
3070 395 3198 452 mihi
3224 412 3345 453 eum
3375 400 3536 472 vulgo

274 489 473 557 πάσχω
510 486 554 540 δ’
586 483 680 541 οὖν
713 489 881 558 ὅμως.
924 489 1073 559 Ἀνιᾷ
1101 506 1167 559 με
1198 487 1267 541 τὰ
1291 488 1397 541 τῶν
1432 488 1606 541 ἄλλων
1632 487 1862 559 τερπνὰ,

272 578 370 632 καὶ
419 579 697 649 τέρπομαι
736 582 847 640 τοῖς
896 578 1099 649 ἑτέρων
1144 580 1408 651 ἀνιαροῖς.
1439 580 1604 632 Ὥστε
1658 581 1759 633 οὐκ
1798 580 1864 634 ἂν

274 668 625 741 θαυμάσαιμι
670 671 792 724 οὐδὲ
818 669 978 724 τοῦτο
1002 711 1016 735 ,
1052 672 1102 723 εί
1134 671 1229 723 καὶ
1273 670 1506 742 δεθείην,
1535 671 1608 734 ὡς
1635 671 1865 743 δύσχρη-

275 780 423 826 στος,
458 763 553 815 καὶ
583 762 922 833 ἀνοηταίνειν
943 760 1158 834 δόξαιμι
1192 765 1305 827 τοῖς
1326 763 1561 827 πολλοῖς,
1586 764 1614 817 ὃ
1642 783 1724 829 τις
1746 765 1862 832 (68)

272 852 495 920 λέγεται
526 852 637 906 τῶν
677 855 808 923 παρ’
850 852 1076 923 Ἕλλησι
1124 852 1604 925 φιλοσοφησάντων
1633 854 1858 919 παθεῖν,

275 944 565 1014 ἐγκληθεὶς
591 944 667 1007 ὡς
697 944 893 1014 μανίαν
920 944 1020 1016 τὴν
1053 946 1430 1016 σωφροσύνην,
1457 947 1538 1000 ὅτι
1562 946 1777 1016 διεγέλα
1791 946 1860 1000 τὰ

274 1037 479 1097 πάντα,
510 1036 743 1104 γέλωτος
769 1034 911 1107 ὁρῶν
936 1033 1062 1101 ἄξια
1088 1037 1158 1090 τὰ
1182 1039 1293 1101 τοῖς
1324 1037 1539 1101 πολλοῖς
1568 1038 1861 1102 σπουδαζό-

278 1143 451 1198 μενα’
486 1127 518 1197 ἢ
559 1126 654 1180 καὶ
686 1125 951 1193 γλεύκους
992 1125 1304 1198 νομισθείην
1331 1123 1470 1180 εἶναι
1517 1128 1713 1199 μεστὸς
1739 1168 1751 1191 ,
1785 1129 1861 1191 ὡς

276 1215 507 1287 ὕστερον
535 1218 584 1268 oi
608 1215 845 1286 Χριστοῦ
900 1215 1140 1286 μαθηταὶ
1185 1217 1265 1287 τῷ
1313 1217 1495 1271 λαλεῖν
1544 1218 1816 1286 γλώσσαις
1845 1233 1857 1246 ³

276 1307 635 1377 ἁγνοηϐέντες
666 1349 681 1372 ,
733 1309 815 1361 ὅτι
871 1307 1189 1377 Πνεύματος
1226 1307 1455 1379 δύναμις
1486 1304 1553 1380 ἦν
1579 1347 1593 1372 ,
1625 1310 1685 1361 ού
1727 1325 1860 1379 φρε-

278 1397 388 1453 νῶν
415 1397 527 1470 (69)
562 1396 839 1460 ἔκστασις.

281 1493 353 1547 tis
385 1509 601 1548 summo
634 1496 814 1549 studio
840 1501 1167 1561 expetuntur
1197 1514 1210 1549 :

1963 488 2271 553 conveniat,
2320 502 2420 542 nec
2450 488 2698 541 eamdem
2762 488 2905 541 viam
2933 486 3140 559 ingredi
3200 491 3534 559 sustineam;

1963 580 2214 634 rusticius
2247 581 2297 634 id
2332 579 2549 649 quidem
2582 578 2816 634 fortasse
2846 580 3351 650 atqueimperitius,
3373 582 3540 656 764

1961 673 2056 726 sed
2092 682 2268 725 tamen
2295 673 2366 725 ita
2407 670 2632 726 afﬁcior.
2670 671 2768 735 Ea,
2805 687 2925 742 quae
2953 671 3072 726 aliis
3102 671 3425 742 voluptatem
3454 676 3538 745 δία

1960 772 2151 830 guunt,
2194 762 2322 815 mihi
2356 762 2582 817 molesta
2613 771 2776 818 sunt:
2830 776 2949 831 qua:
2998 771 3173 817 autem
3213 763 3331 818 aliis
3361 765 3536 820 tristia

1957 865 2007 909 et
2037 856 2323 922 injucunda
2348 855 2617 921 videntur,
2652 869 2714 908 ea
2739 856 2974 908 animum
3004 870 3182 910 meum
3234 856 3531 913 oblectant.

1958 944 2246 1013 Quocirca,
2279 961 2344 1000 ne
2375 947 2478 1001 hoc
2503 947 2718 1014 quidem
2751 947 2880 1000 mihi
2915 947 3109 1003 mirum
3133 948 3314 1015 fuerit,
3344 950 3389 1005 si
3413 950 3534 1003 vin-

1957 1038 2091 1092 culis
2116 1037 2275 1091 etiant
2324 1038 2611 1105 astringar,
2642 1045 2699 1090 ut
2730 1037 3105 1093 incommodus
3164 1046 3219 1093 et
3266 1053 3534 1105 morosus,

1957 1143 2022 1181 ac
2046 1127 2313 1196 plerisque
2335 1128 2580 1196 desipere
2607 1128 2812 1193 videar,
2841 1131 3290 1199 quemadmodum
3318 1131 3534 1186 ethnico

1959 1218 2172 1271 cuidam
2213 1218 2534 1286 philosopho
2561 1219 2779 1283 accidit,
2811 1219 2897 1272 cui
2926 1220 3206 1288 prudentia
3245 1221 3397 1288 quasi
3447 1221 3534 1275 in—

1958 1310 2112 1362 sania
2140 1310 2271 1363 vitio
2333 1309 2662 1376 vertebatur,
2717 1310 2972 1378 quoniam
3008 1310 3190 1389 omnia
3241 1311 3530 1379 irridebat,

1960 1403 2077 1455 risu
2099 1401 2353 1457 videlicet
2381 1417 2442 1456 ea
2475 1402 2630 1471 digna
2657 1416 2775 1456 esse
2801 1403 3150 1471 perspiciens,
3187 1419 3306 1473 quae
3332 1418 3362 1458 a
3397 1405 3539 1459 mul-

1284 1503 1377 1549 aut
1430 1496 1593 1551 etiam
1653 1504 1832 1550 musto
1887 1495 2080 1564 plenus
2112 1512 2231 1552 esse
2254 1512 2498 1563 censear,
2545 1507 2605 1551 ut
2646 1506 2827 1567 postea
2857 1496 3059 1551 Christi
3098 1496 3383 1564 discipuli,
3414 1512 3536 1552 cum

284 1585 485 1655 linguis
502 1584 851 1654 loquerentur
869 1583 1257 1654 ";ignorante
1277 1584 1481 1640 scilicet
1505 1584 1851 1640 multitudine
1892 1584 1944 1639 id
1975 1584 2209 1654 Spiritus
2239 1588 2289 1640 vi
2351 1595 2406 1642 et
2464 1586 2721 1641 facultate
2745 1585 2892 1651 fieri,
2928 1600 3036 1640 non
3087 1587 3280 1641 mentis
3313 1587 3536 1642 aberra-

284 1680 455 1734 tione.

284 1858 479 1924 σοῦτος
511 1860 722 1931 χρόνος,
751 1862 933 1930 φησὶν,
966 1858 1025 1924 ἐξ
1052 1845 1113 1913 οὗ
1156 1859 1253 1931 τὴν
1318 1859 1640 1930 Ἐκκλησίαν
1689 1861 1862 1928 ἄγεις,

287 1951 430 2022 μετὰ
458 1953 559 2022 τῆς
585 1949 680 2004 τοῦ
719 1949 911 2022 καιροῦ
937 1950 1132 2022 ῥοπῆς,
1164 1950 1258 2003 καὶ⁹
1282 1950 1382 2019 τῆς
1413 1949 1507 2004 τοῦ
1535 1949 1864 2022 κρατοῦντος

280 2042 484 2112 ὁρμῆς,
512 2041 765 2094 τοσούτου
789 2041 1146 2113 πράγματος·
1180 2042 1233 2093 τί
1263 2041 1364 2111 τῆς
1388 2040 1690 2111 μεταϐολῆς
1735 2043 1865 2113 ἡμῖν

284 2134 639 2204 ὲπεσήμηνε;
671 2132 833 2186 Πόσοι
862 2131 984 2186 καθ’
1031 2131 1187 2204 ήμῶν
1239 2130 1545 2203 ἔμπροσθεν
1579 2127 1865 2201 γεγόνασιν

285 2222 574 2294 ὑϐρισταί;
604 2222 852 2276 Τίδεινὸν
876 2223 935 2276 οὐ
964 2222 1342 2293 πεπόνθαμεν;
1372 2222 1485 2293 Ούχ
1513 2221 1696 2293 ὕϐρεις
1717 2238 1731 2288 ;
1752 2222 1866 2275 Οὐκ

285 2312 555 2379 ἀπειλάς;
587 2312 662 2364 Οὐ
686 2312 861 2381 φυγάς
885 2328 899 2376 ;
925 2312 1000 2363 Οὐ
1015 2312 1313 2382 χρημάτων
1340 2311 1591 2383 ἁρπαγάς
1616 2328 1631 2377 ;
1662 2311 1737 2363 Οὺ
1768 2310 1864 2382 δη-

291 2406 553 2475 μεύσεις;
601 2405 679 2457 Οὐ
707 2403 1091 2475 πρεσϐυτέρων
1119 2406 1485 2475 ἐμπρησμοὺς
1529 2402 1641 2475 (70)
1673 2403 1867 2456 θαλατ-

253 2492 471 2558 ’τὶους;
516 2492 591 2545 Οὐ
631 2492 792 2555 ναοὺς
836 2491 1243 2563 βεϐηλωμένους
1275 2492 1385 2561 (71)
1440 2491 1610 2561 ἁγίων
1650 2492 1864 2562 αἵμασι,

288 2584 386 2638 καὶ
415 2586 740 2654 γενομένους
766 2583 885 2636 όιντ)⁵
911 2582 1052 2636 ναῶν
1080 2583 1436 2656 πολυάνδρια;
1462 2585 1535 2637 Οὐ
1567 2583 1866 2654 πρεσϐυτέ-

290 2691 403 2747 ρων
426 2675 740 2727 επισκόπων
762 2715 776 2740 ,
808 2673 1133 2745 οἰκειότερον
1182 2674 1239 2727 δὲ
1285 2675 1639 2746 πατριαρχῶν
1670 2677 1864 2740 εἰπεῖν,

293 2767 510 2834 σιραγὰς
537 2767 801 2836 δημοσίας
825 2783 839 2831 ;
869 2767 944 2819 Ού
972 2767 1033 2819 τὸ
1061 2765 1239 2819 πάντα
1269 2767 1431 2819 τόπον
1471 2767 1671 2820 ἄϐατον
1720 2762 1862 2819 εἶναι

290 2861 408 2921 τοῖς
436 2857 681 2911 εὐσεϐέσι
712 2858 925 2927 μόνοις;
954 2854 1069 2926 Ούχ
1098 2857 1126 2910 ὃ
1155 2874 1208 2909 τι
1238 2855 1303 2910 ἃν
1334 2859 1475 2910 εἴποι
1514 2875 1599 2923 τις
1621 2857 1730 2911 τῶν
1757 2858 1868 2910 δει-

286 2951 400 3003 νῶν
424 2966 438 3015 ;
464 2943 566 3003 ’Ὧν
596 2951 649 3002 τί
675 2953 787 3008 τοῖς
817 2950 1173 3018 πεποιηκόσιν
1198 2948 1648 3017 άντιδεδώκαμεν,
1681 2947 1867 3019 ἐπειδὴ

289 3041 354 3094 τὸ
381 3040 580 3104 ἐξεῖναι
600 3043 772 3093 ποιεῖν
795 3035 854 3092 εὖ
881 3039 1065 3092 ποιοῦν
1086 3038 1453 3110 ἀντεστράφη,
1473 3039 1568 3091 καὶ
1589 3036 1867 3090 παιδεύειν

355 1768 451 1823 ΚΓ
452 1756 486 1823 δ.
520 1769 780 1823 Σκοπεὶτε
808 1768 916 1840 γὰρ
942 1768 1035 1821 καὶ
1063 1767 1222 1838 ἡμῶν
1258 1766 1327 1821 τὰ
1362 1766 1704 1838 ἐγκλήματα.
1767 1768 1864 1820 Το-

2040 1761 2228 1818 XXIII.
2251 1760 2370 1815 Jam
2400 1761 2628 1816 erimina
2657 1775 2874 1832 quoque
2893 1720 3094 1828 nostra,
3114 1777 3318 1832 quaaso,
3339 1778 3539 1834 expen-

1969 1854 2099 1910 dite.
2126 1854 2298 1908 Tanto
2316 1853 2427 1920 jam
2460 1862 2701 1921 tempore
2723 1893 2739 1918 ,
2769 1854 3037 1923 inquiunt,
3063 1854 3317 1911 Ecclesiae
3345 1873 3535 1927 prices,

1974 1944 2235 2014 temporis
2267 1942 2468 1997 auxilio
2519 1942 2702 2010 fultus,
2751 1952 2915 2013 atque
2962 1945 3304 2014 imperatoris
3332 1947 3537 2014 favore,

1969 2044 2117 2090 tanta
2153 2050 2233 2097 re,
2276 2049 2340 2088 ac
2369 2033 2504 2087 tanti
2531 2033 2810 2088 momenti.
2857 2033 3079 2104 Ecquod
3113 2036 3428 2093 mutationis
3458 2039 3538 2094 si-

1966 2142 2128 2198 gnum
2155 2125 2309 2178 nobis
2338 2123 2573 2178 affulsit?
2601 2123 2742 2190 Quot
2783 2124 3030 2180 homines
3064 2129 3411 2184 contumeliis
3441 2144 3541 2186 nos

1966 2217 2113 2284 prius
2137 2214 2468 2269 affecerunt?
2493 2214 2633 2280 Quid
2661 2229 2765 2268 non
2798 2216 3109 2271 acerbitatis
3140 2218 3281 2287 passi
3317 2220 3542 2274 sumus?

1966 2309 2046 2361 An
2077 2321 2180 2360 uon
2203 2304 2466 2373 injurias?
2489 2305 2568 2358 An
2598 2320 2701 2359 non
2730 2305 2947 2360 minas?
2967 2307 3046 2360 An
3073 2322 3177 2362 non
3203 2309 3428 2364 exsilia?
3455 2310 3539 2364 An

1966 2413 2074 2452 non
2107 2399 2452 2465 pecuniarum
2484 2396 2848 2465 direptiones?
2879 2398 2961 2450 An
2998 2412 3102 2452 non
3127 2401 3387 2454 bonorum
3416 2415 3543 2470 pro-

1967 2487 2329 2557 scriptiones?
2357 2487 2562 2540 Annon
2595 2487 2895 2556 presbyteri
2934 2487 2985 2540 in
3025 2489 3201 2543 medio
3233 2491 3365 2544 mari
3394 2507 3541 2546 com-

1967 2581 2150 2636 busti?
2181 2581 2262 2634 An
2296 2596 2400 2634 non
2446 2578 2642 2647 templa
2678 2589 2989 2633 sanctorum
3038 2594 3233 2634 cruore
3274 2581 3544 2634 contami-

1968 2685 2112 2737 nata,
2145 2683 2201 2728 et
2222 2687 2289 2728 ex
2322 2672 2535 2739 templis
2577 2671 2632 2724 in
2683 2670 2923 2740 sepulcra
2986 2670 3286 2725 immutata?
3317 2674 3400 2725 An
3432 2687 3539 2727 non

1974 2766 2218 2836 publicas
2248 2779 2436 2820 senum
2469 2763 2867 2833 episcoporum,
2899 2775 3012 2825 aut,
3040 2768 3097 2814 ut
3138 2764 3344 2830 aptiore
3375 2764 3542 2818 verbo

1972 2866 2119 2921 utar,
2169 2853 2601 2924 patriarcharum
2654 2851 2974 2923 caedes?_An
3020 2866 3125 2906 non
3161 2852 3312 2918 illud,
3352 2862 3410 2907 ut
3436 2854 3541 2922 piis

1967 2946 2097 3001 solis
2124 2947 2302 3000 invius
2350 2945 2528 3001 omnis
2577 2946 2727 2998 locus
2787 2943 2966 2998 esset?
3016 2943 3097 2997 An
3157 2958 3262 2998 non
3309 2943 3541 3013 denique

1970 3037 2233 3108 quidquid
2262 3037 2587 3091 calamitatis
2611 3035 2734 3090 ullis
2761 3036 2941 3091 verbis
2967 3035 3253 3105 quisquam
3279 3037 3540 3104 consequi

289 3132 403 3185 ἔδει
431 3132 557 3193 τοὺς
588 3130 847 3202 ὑϐριστάς
873 3148 888 3197 ;
929 3129 1033 3183 Ἐῶ
1054 3128 1248 3181 τᾶλλα·
1278 3129 1347 3181 τὰ
1387 3129 1444 3182 δὲ
1491 3128 1753 3201 ἡμέτερα,
1782 3128 1864 3180 ἵνα

1973 3132 2183 3203 possit?
2210 3132 2448 3199 Quorum
2483 3131 2738 3200 quidnam
2781 3130 2867 3193 iis,
2902 3130 2993 3198 qui
3018 3130 3131 3183 haec
3161 3128 3425 3194 fecerunt,
3458 3144 3542 3184 re-

287 3226 370 3296 μὴ
399 3222 468 3276 τὰ
499 3223 565 3277 σὰ
588 3222 835 3293 λέγωμεν
857 3263 872 3287 ,
896 3221 957 3274 οὐ
987 3220 1325 3292 δεδιώγμεθα
1350 3236 1364 3286 ;
1402 3221 1513 3290 Οὐχ
1535 3219 1872 3290 ὑϐρίσμεθας

288 3320 413 3372 Οὐκ
452 3314 845 3388 ἁπεληλάμεθα
874 3314 1201 3389 ἐκκλησιῶν,
1249 3311 1457 3375 οἰκιῶν,
1512 3312 1734 3382 ἐρήμων
1762 3312 1873 3382 (72)

285 3409 499 3473 αὐτῶν,
533 3409 595 3461 τὸ
619 3406 952 3471 δεινότατονς
1009 3405 1126 3459 Ούκ
1148 3404 1459 3475 ἠνέγκαμεν
1491 3402 1659 3473 δῆμον
1689 3403 1873 3472 μαινό-

290 3520 487 3573 μενον;
543 3500 821 3572 ὑπάρχους
868 3498 1223 3571 ὑϐρίζονταςς
1254 3496 1522 3560 Βασιλέας
1579 3494 1872 3566 ὑϐριζομέ-

286 3610 421 3657 νους
452 3592 587 3662 (75),
612 3591 706 3645 καὶ
753 3591 890 3660 μετὰ
937 3588 1047 3643 τῶν
1086 3587 1562 3658 προσταγμάτων;
1614 3581 1748 3639 Εἶτα
1776 3587 1867 3651 τί;

287 3683 605 3755 Γεγόναμεν
647 3682 1016 3753 ἰσχυρότεροι,
1074 3680 1168 3732 καὶ
1205 3678 1631 3748 διαπεφεύγασιν
1669 3679 1716 3730 οἱ
1746 3676 1870 3730 διώ-

250 3808 253 3811 ν
288 3790 503 3835 κοντες.
539 3771 710 3823 Τοῦτο
733 3772 840 3841 γάρ
864 3785 880 3800 ⁸
935 3769 1219 3840 αὐτάρκης
1269 3768 1392 3838 ἐμοὶ
1437 3767 1677 3839 τιμωρία
1731 3766 1871 3820 κατὰ

288 3863 403 3917 τῶν
426 3861 753 3917 ἀδικούντων
778 3860 913 3932 (74),
941 3862 974 3930 ἠ
1008 3858 1101 3911 τοῦ
1121 3858 1372 3929 ἁντιδρᾷν
1399 3857 1636 3925 ἐξουσία.
1669 3858 1793 3920 Τοῖς
1814 3857 1870 3910 δὲ

286 3954 557 4026 ούχόῦτω
584 3953 763 4006 δοκεῖ’
799 3951 922 4005 λίαν
953 3952 1060 4022 γάρ
1089 3953 1225 4004 εἰσιν
1255 3949 1488 4012 ἐντελεῖς
1541 3948 1637 4002 καὶ
1670 3948 1870 4001 δίκαιοι

290 4048 425 4118 περὶ
447 4048 546 4118 τὴν
572 4045 839 4099 ἀντίδοσιν
859 4061 873 4074 ·
915 4045 1010 4097 καὶ
1030 4042 1116 4097 διὰ
1150 4042 1307 4096 τοῦτο
1337 4041 1448 4111 (75)
1486 4039 1777 4094 ἀπαιτοῦσι
1801 4040 1872 4093 τὰ

288 4140 387 4193 τοῦ
421 4139 636 4210 καιροῦ.
666 4139 762 4202 Τίς
782 4138 1047 4210 ὕπαρχος,
1077 4135 1266 4206 φησὶν,
1297 4131 1598 4204 ἐξημίωται
1622 4148 1636 4197 ἓ
1657 4132 1752 4195 Τίς
1780 4131 1872 4201 δῆ-

296 4247 397 4301 μος
461 4230 923 4301 σεσωφρόνισται;
982 4228 1138 4291 Τίνες
1200 4226 1385 4295 δήμων
1435 4222 1871 4287 ἀνάπται;Τίνα

289 4322 456 4390 φόϐον
498 4324 631 4392 ἡμῖν
661 4321 845 4385 αὐτοῖς
868 4320 964 4375 καὶ
992 4318 1103 4392 (76)
1137 4317 1275 4388 πρὸς
1303 4315 1364 4368 τὸ
1392 4312 1586 4385 μέλλον
1614 4312 1873 4384 ἐχαρισά-

296 4412 472 4479 netia;

1972 3223 2299 3295 pendimus?
2329 3223 2772 3292 Quandoquidem
2791 3223 2985 3285 versis,
3013 3230 3185 3291 utpar
3200 3232 3335 3287 erat,
3357 3237 3540 3278 rerum

1970 3314 2202 3378 vicibus,
2233 3314 2557 3383 rependendi
2586 3322 2822 3380 potestas
2852 3312 3009 3368 nobis
3047 3310 3188 3366 facta
3221 3320 3326 3375 est,
3377 3322 3542 3382 atque

1969 3421 2085 3471 eos,
2123 3420 2151 3459 a
2180 3406 2376 3475 quibus
2414 3421 2508 3473 per
2532 3420 2797 3460 summam
2822 3406 3203 3460 contumeliam
3221 3407 3397 3460 vexati
3424 3405 3542 3462 fue-

1968 3509 2172 3561 ramus,
2214 3496 2469 3565 eastigari
2500 3497 2804 3565 oportebat.
2832 3495 2918 3562 Et,
2951 3495 3244 3550 utomissis
3274 3494 3415 3562 aliis,
3440 3511 3540 3551 no-

1967 3598 2099 3651 stra,
2135 3602 2203 3642 ne
2232 3589 2403 3643 dicam
2447 3596 2558 3655 tua,
2591 3602 3098 3654 commcmoremus,
3150 3603 3327 3644 nonne
3360 3602 3544 3660 perse-

1967 3681 2237 3735 cutionem
2266 3680 2411 3748 passi
2441 3680 2668 3734 sumus?
2698 3678 2886 3736 Nonne
2920 3681 3262 3736 contumeliis
3292 3683 3543 3738 omnibus

1967 3770 2186 3826 affecti?
2218 3766 2407 3825 Nonne
2432 3773 2700 3837 ecclesiis,
2732 3772 3006 3837 domibus,
3031 3781 3089 3828 et
3114 3775 3258 3843 quod
3300 3774 3510 3829 acerbis

1968 3863 2166 3916 simum
2199 3871 2303 3928 est,
2336 3864 2720 3918 solitudinibus
2766 3864 2898 3934 ipsis
2926 3864 3063 3933 pulsi
3106 3866 3326 3921 sumus?
3355 3865 3544 3920 Nonne

1968 3952 2235 4009 furentem
2273 3956 2525 4024 populum
2581 3954 2832 4010 tulimus?
2863 3954 3293 4011 Contumeliosos
3349 3955 3544 4026 praefe-

1967 4045 2125 4100 Ctos?
2164 4045 2524 4107 Imperatores
2563 4046 2724 4099 simul
2760 4060 2881 4101 cum
2912 4047 3102 4101 edictis
3130 4047 3243 4102 suis
3263 4059 3544 4104 contume-

1967 4136 2101 4191 liose
2155 4138 2410 4207 spretos?
2452 4138 2589 4204 Quid
2636 4139 3168 4207 postea?Fortiores
3214 4138 3541 4206 exstitimus,

1967 4235 2021 4282 et
2045 4238 2418 4296 persecutores
2448 4231 2615 4284 nostri
2660 4245 2872 4300 pmnam
2915 4229 3233 4302 effugerunt.
3289 4231 3366 4286 lta
3413 4247 3544 4287 sane

1967 4326 2070 4381 est,
2096 4318 2336 4385 inquam.
2362 4319 2493 4373 Mihi
2530 4319 2672 4374 enim
2709 4321 2971 4376 adversus
3007 4337 3127 4388 eos,
3157 4325 3249 4393 qui
3290 4323 3542 4392 injuriam

1903 4389 1949 4444 D
1974 4409 2294 4477 intulerunt,
2328 4412 2460 4465 satis
2482 4412 2662 4482 gravis
2695 4427 2850 4481 paena
2881 4424 2982 4475 est.
3014 4389 3309 4472 referenda:
3333 4389 3544 4484 injuria:

286 4506 456 4577 765
484 4517 741 4578 potestas.
782 4506 852 4563 At
919 4507 1040 4563 istis
1094 4505 1254 4561 aliter
1306 4504 1557 4571 videtur;
1612 4518 1871 4573 perquam
1911 4504 2053 4558 enim
2083 4507 2261 4561 exacti
2321 4523 2384 4562 ac
2437 4509 2573 4578 justi
2632 4517 2760 4564 sunt
2810 4509 2877 4561 ad
2929 4506 3331 4575 ulciscendum;
3384 4517 3545 4576 atque

293 4601 501 4653 idcirco
528 4613 614 4666 ea,
639 4615 759 4668 qua:
785 4601 1042 4670 temporis
1087 4606 1243 4661 sunt,
1289 4597 1533 4666 exigunt.
1574 4595 1707 4662 Quis
1752 4595 2038 4664 praefectus
2098 4599 2356 4653 multatus
2417 4610 2518 4664 est,
2551 4601 2838 4668 inquiunt?
2868 4601 3000 4669 Quis
3027 4601 3255 4671 populus
3314 4599 3544 4670 castiga-

290 4702 383 4748 tus
406 4694 430 4747 ?
457 4692 557 4759 Qui
589 4694 761 4764 plebis
789 4692 1247 4763 inﬂammatores?
1275 4691 1447 4761 Quem
1480 4691 1652 4746 nostri
1693 4699 1957 4746 terrorem
1987 4693 2315 4748 adversariis
2358 4698 2412 4749 in
2451 4708 2725 4766 posterum
2765 4697 3091 4766 injecimus?

344 4787 393 4819 "
424 4788 544 4841 Act.
572 4802 631 4852 ιι,
659 4786 695 4840 4
732 4802 853 4857 sqq.

292 4946 308 4959 .
605 4893 716 4943 τις.
750 4876 806 4932 In
834 4878 1126 4944 nonnullis,
1155 4878 1231 4942 ὣς
1254 4895 1358 4942 τις.
1420 4896 1440 4930 ι
1462 4877 1825 4933 Democritum
1851 4895 1871 4928 ι

292 4962 349 4997 ιη
378 4963 409 4997 e
457 4962 521 4997 t2:
554 4984 569 4997 .

290 4955 569 5000 intelligit.

804 5016 934 5088 Reg.
962 5016 1074 5088 bm,
1097 5018 1308 5088 φρενός.

514 5082 1389 5157 Πρεσϐυτέριιῖνξ-ἐμπρὴσμούς.
1445 5084 1645 5157 Alludit
1684 5084 1750 5138 ad
1807 5082 1877 5157 _80

290 5156 664 5226 presbyteros,
726 5171 865 5224 quos
923 5154 1122 5212 Valens
1165 5154 1475 5226 imperator
1549 5155 1876 5226 Nicomedia:

290 5224 420 5277 navi
460 5225 740 5286 impositos
769 5226 820 5278 in
856 5228 1030 5280 medio
1053 5227 1186 5280 mari
1209 5224 1502 5282 crudeliter
1538 5225 1763 5279 exussit.

367 5292 481 5367 (7]
512 5294 991 5367 Βεϐηλωμένρυς.
1018 5296 1112 5367 Or.
1150 5297 1206 5359 ‘3,
1231 5294 1674 5367 βεϐηλουμένους.

366 5361 481 5445 (72)
535 5361 823 5445 ’ξρήμώη
873 5363 1061 5420 Plures
1087 5361 1277 5437 Reggl,
1298 5361 1483 5436 plures
1519 5363 1674 5419 Colb.
1697 5372 1751 5418 et
1772 5361 1867 5417 Or.

288 5431 331 5583 2_
833 5502 1277 5583 3‘36pzé‘0yérogq,
1309 5515 1411 5583 etc.
1443 5501 1569 5557 Haec
1592 5502 1659 5557 de
1680 5499 1874 5583 .Theo-

289 5569 472 5643 dosio'
514 5573 764 5643 intelligit
832 5569 1069 5628 Nicetes.
1144 5569 1598 5643 «Pertulimus,»
1680 5572 1872 5641 inquit,

296 5658 338 5713 ε
350 5640 650 5713 Valentem,
687 5640 776 5711 qui
830 5646 1086 5699 adversus
1116 5659 1214 5698 nos
1256 5644 1454 5713 aliquid
1499 5640 1789 5696 edixerat.
1816 5683 1831 5697 .
1855 5679 1868 5693 .

290 5706 923 5768 Gravissitnum'autem
986 5722 1040 5768 ct
1090 5706 1745 5770 maxime-calamitosum
1792 5715 1877 5765 es‘

1976 4876 2117 4932 ferre
2142 4876 2521 4945 imperatorem
2556 4876 2879 4932 contumelia
2908 4874 3181 4930 aﬂ'ectum.
3203 4894 3222 4927 ι
3255 4874 3345 4945 iEt
3368 4882 3539 4937 certe,

1974 4944 2232 5001 Catholici
2279 4962 2342 5001 ac
2398 4948 2689 5013 Gregorius
2741 4948 2871 5016 ipse,
2952 4945 3197 5015 quamvis
3250 4944 3539 5016 Theodosii

1987 5018 2267 5086 ipsiusque
2291 5017 2589 5071 edictorum
2619 5014 3029 5086 auctoritateet
3064 5015 3362 5086 patrocinio
3400 5014 3538 5086 furti,

1972 5084 2158 5156 gravia
2180 5084 2355 5141 tamen
2382 5101 2446 5140 ac
2478 5086 2705 5156 plurima
2753 5085 2893 5140 mala
2921 5084 2990 5139 ab
3017 5084 3288 5139 haereticis
3309 5085 3543 5151 pertule-

1972 5165 2113 5210 rant.

2043 5224 2156 5294 (74)
2208 5223 2613 5279 Ἀδικούντων.
2643 5260 2646 5263 λ
2681 5221 2739 5278 In
2810 5223 3126 5295 quibusdam
3153 5262 3172 5290 ,
3233 5221 3539 5292 ἀντιδίκων,

1979 5313 1998 5346 ι
2022 5295 2470 5348 adversariorum.
2501 5313 2520 5346 ι

2041 5363 2155 5433 (75)
2183 5363 2291 5417 Καὶ
2337 5363 2436 5418 διὰ
2491 5363 2688 5427 τοῦτο,
2726 5371 2869 5433 etet
2892 5360 3119 5433 Quidam
3159 5375 3195 5433 β
3253 5360 3546 5419 Calholims

1970 5430 2230 5502 Gregorio
2251 5434 2593 5497 objiciebant,
2628 5433 2790 5501 quod,
2834 5431 3123 5502 Theodosii
3149 5430 3334 5502 favore
3361 5444 3546 5501 prote-

1969 5500 2111 5567 ctus,
2140 5515 2392 5574 acceptas
2422 5504 2490 5559 ab
2517 5500 2788 5558 hatreticis
2839 5500 3062 5571 injurias
3110 5518 3216 5560 non
3257 5500 3544 5560 ulciScere-

1972 5582 2078 5629 tur.

2044 5641 2158 5710 (76)
2195 5644 2326 5700 Kal.
2353 5642 2489 5716 Reg.
2523 5644 2633 5712 bm,
2661 5641 2782 5701 κᾶν.
