3902 6218
344 351 451 412 ts?
1559 326 1619 386 s.
1660 320 1997 384 casconu
2035 315 2393 377 TIIEOLOGI
3525 311 3646 370 ιω

410 467 604 526 XXIV.
637 464 781 534 Quin
811 462 931 520 hac
965 473 1184 534 quoque
1215 456 1448 513 fortasse
1514 449 1674 507 nobis
1727 461 1930 516 expro-

2105 444 2232 498 KA'.
2274 439 2430 512 Τάχα
2461 437 2507 492 δ’
2551 435 2618 493 ἂν
2664 435 2760 491 καὶ
2791 431 2968 491 ταῦτα
3002 434 3135 506 ἡμῖν
3164 417 3485 487 ὁνειδίσαιεν
3520 431 3645 502 (καὶ

341 561 620 619 hraverint
650 523 779 630 (viam
807 555 953 611 enim
982 523 1440 624 exprobrarant);
1474 541 1624 613 quod
1653 554 1755 595 nec
1785 540 1932 593 lauta

2063 534 2148 605 ’ἀρ
2173 532 2513 600 ὠνειδίκασι)
2535 544 2551 561 ⁸
2588 530 2648 584 τὺ
2679 529 2738 583 δὲ
2762 529 2862 601 τῆς
2888 526 3170 601 τραπέζης
3194 525 3479 597 φιλότιμον
3493 523 3640 597 (77),

341 665 397 711 et
420 617 861 725 opipara‘mensa
882 687 897 710 ,
937 658 1040 700 nec
1082 617 1548 712 magniﬁcavveste
1578 635 1803 702 utimur,
1834 644 1936 685 nec

2063 628 2096 681 ’δ
2123 628 2181 681 δὲ
2219 627 2320 698 τῆς
2361 624 2592 696 ἐσθῆτος
2636 621 2939 693 αἰδέσιμον,
2981 621 3039 673 αἱ
3079 619 3138 672 δὲ
3181 618 3422 690 πρόοδοι,
3467 617 3530 672 τὸ
3576 618 3644 672 δὲ

343 711 627 819 splendide
661 742 716 798 in
752 739 1027 811 publicum
1060 711 1342 805 prodimus
1363 769 1378 795 ,
1410 743 1513 783 nec
1541 741 1671 819 eos,
1711 724 1809 794 qui
1840 735 1937 776 nos

2063 720 2269 792 :o6atpbv
2316 718 2451 790 πρὸς
2493 718 2617 782 τοὺς
2674 714 3125 786 ἐντυγχάνοντας.
3195 712 3457 782 Ἡγνόουν
3502 711 3642 783 γὰρ,

346 803 570 903 αῖιθιιηι,
595 834 839 906 graviter
868 844 933 887 ac
963 828 1208 886 fastuose
1239 822 1563 893 excipimus.
1612 816 1937 873 Ncsciebam

2063 817 2121 868 L-ct
2161 813 2296 885 πρὸς
2325 811 2569 875 ὑπάτους
2599 810 2732 881 ἡμῖν
2763 809 2861 862 καὶ
2903 808 3185 878 ὑπάρχους
3214 805 3249 876 ἡ
3284 803 3508 876 ἅμιλλα,
3543 804 3648 858 καὶ

347 933 577 997 scilicet,
610 927 769 984 nobis
794 940 918 981 eum
949 919 1289 982 consulibus,
1326 923 1381 971 et
1408 911 1682 986 praefectis
1703 951 1721 978 ,
1751 909 1942 965 claris-

348 1024 611 1091 simisque
656 1015 784 1074 belli
840 1011 1105 1079 ducibus,
1155 1009 1247 1079 qui
1299 1014 1377 1062 tot
1422 1005 1621 1075 opibus
1658 1001 1942 1071 copiisque

349 1110 768 1175 circumfluunt,
799 1117 894 1171 ut,
926 1120 1034 1175 quo
1072 1118 1169 1156 sua
1202 1097 1512 1169 projiciant,
1541 1110 1651 1150 non
1681 1094 1940 1159 habeant,

349 1206 744 1264 aemulationem
775 1208 831 1256 et
861 1205 1137 1254 certamen
1173 1207 1297 1249 esse
1323 1209 1339 1258 ;
1393 1190 1636 1259 illudque
1666 1198 1942 1258 oportere,

349 1312 412 1358 ut
441 1311 497 1356 et
531 1298 724 1363 nobis,
755 1305 1055 1365 pauperum
1106 1287 1265 1343 bonis
1300 1285 1367 1340 ad
1421 1285 1608 1338 luxum
1633 1291 1689 1338 et
1717 1280 1944 1336 delicias

353 1390 737 1453 abutentibus,
771 1394 965 1441 venter
1006 1382 1251 1451 undique
1293 1376 1713 1446 comprimatur,
1757 1379 1813 1429 et
1850 1385 1945 1425 ne-

351 1486 593 1546 cessaria
639 1483 692 1539 in
738 1493 825 1535 res
868 1473 1175 1547 superﬂuas
1220 1471 1594 1536 eﬂundantnr,
1622 1476 1787 1537 atque
1816 1464 1947 1520 alta-

353 1581 436 1636 ria
485 1579 601 1649 ipsa
656 1571 905 1629 ructibus
959 1568 1164 1623 nostris
1209 1562 1678 1619 contaminemur.
1727 1557 1946 1613 Nescie-

356 1676 504 1735 bam,
528 1684 629 1725 nos
654 1666 811 1737 equis
847 1661 1156 1732 insignibus
1179 1668 1235 1714 et
1262 1656 1479 1711 lascivis
1514 1653 1666 1718 ferri,
1691 1650 1948 1717 sellisque

356 1771 413 1817 et
444 1759 695 1816 curribus
727 1750 1016 1825 magnifice
1047 1748 1245 1816 attolli,
1277 1762 1344 1803 ac
1374 1760 1501 1801 cum
1525 1742 1674 1797 fastu
1707 1750 1763 1795 et
1794 1755 1948 1810 poni-

2042 905 2367 980 στρατηγῶν
2395 905 2522 968 τοὺς
2549 900 3043 971 εὑδοκιμωτάτους,
3076 898 3126 952 οἳ
3160 898 3235 969 μὴ
3263 896 3478 968 ἔχουσιν
3499 896 3644 968 (78),

2040 1002 2164 1055 ὅποι
2206 999 2276 1053 τά
2325 996 2536 1051 ἑαυτῶν
2579 991 2946 1067 ῥίψουσιΠθ).
3010 991 3122 1045 Καὶ
3164 990 3246 1042 δεῖ
3300 988 3649 1061 περιστένειν

2045 1092 2146 1164 μὲν
2190 1093 2320 1163 ἡμῖν
2379 1089 2478 1161 τὴν
2535 1085 2782 1158 γαστέρα
2840 1081 3234 1155 κατατρυφῶσι
3284 1080 3391 1134 τῶν
3436 1098 3653 1152 πτωχι-

2042 1181 2155 1237 κῶν
2173 1181 2307 1253 (80),
2338 1179 2414 1244 ὡς
2443 1179 2500 1232 δὲ
2530 1180 2609 1242 εἰς
2640 1177 2708 1230 τὰ
2733 1174 2965 1248 περιττὰ
2991 1172 3299 1245 κεχρῆσθαι
3329 1174 3443 1237 τοῖς
3468 1173 3650 1242 ἀναγ-

2043 1273 2244 1338 καίοις,
2265 1270 2489 1325 καὶτῶν
2518 1267 2923 1339 θυσιαστηρίων
2946 1263 3400 1336 κατερεύγεσθαι.
3424 1264 3652 1327 Ἵπποις

2043 1365 2100 1418 δὲ
2127 1363 2386 1435 φέρεσθαι
2417 1363 2733 1435 τρυφεροῖς,
2768 1359 2864 1413 καὶ
2890 1357 3097 1430 δίφρων
3125 1354 3523 1429 ὑπεραίρεσθαι
3550 1372 3654 1408 πε-

2049 1456 2397 1530 ριλάμπρως,
2447 1450 2942 1526 προπομπεύεσθαί
2987 1466 3047 1503 τε
3086 1450 3181 1503 καὶ
3230 1447 3653 1520 περιποππύζε-

2049 1545 2193 1613 σθαι,
2213 1545 2307 1599 καὶ
2332 1543 2542 1607 πάντας
2569 1544 2875 1613 ὑποχωρεῖν
2899 1542 3056 1611 ἡμῖν,
3074 1539 3264 1611 ὥσπερ
3294 1538 3526 1611 θηρίοις,
3552 1538 3655 1590 καὶ

2049 1635 2483 1711 περισχίζεσθαι,
2512 1635 2547 1707 ἢ
2579 1636 2674 1688 καὶ
2703 1632 2989 1707 πόρρωθεν
3018 1629 3156 1685 εἶναι
3181 1631 3376 1702 δήλους
3409 1633 3653 1703 ἐπερχο-

2053 1730 2270 1802 μένους.
2311 1729 2375 1782 Εἰ
2415 1726 2591 1781 ταῦτα
2629 1725 2781 1780 δεινὰ
2818 1725 3033 1795 γέγονε,
3077 1723 3457 1796 παρελήλυθε·
3492 1722 3659 1795 χαρί-

359 1867 425 1924 pa
452 1852 677 1915 deducr,
721 1819 978 1912 velutque
1007 1840 1210 1897 blanda
1249 1853 1410 1892 manu
1447 1833 1744 1891 demulceri
1786 1845 1951 1901 opor-

2063 1822 2221 1877 τασθέ
2245 1822 2355 1893 (81)
2394 1839 2484 1893 μοι
2512 1822 2612 1894 τὴν
2652 1820 2870 1875 ἀδικίαν
2910 1819 3141 1891 ταύτην.
3183 1819 3379 1873 Ἀλλον
3409 1820 3661 1891 προστή-

361 1955 502 2008 tere,
538 1951 703 2011 atque
730 1952 921 1993 omnes
952 1934 1126 1999 nobis,
1154 1930 1380 2002 perinde
1412 1944 1478 1984 ac
1516 1926 1729 1990 belluis,
1765 1929 1831 1981 de
1864 1924 1950 1978 via

362 2036 644 2097 decedere,
676 2039 732 2087 et
766 2032 819 2084 in
851 2037 1141 2096 utramque
1180 2024 1281 2077 via:
1318 2029 1532 2093 partem
1556 2017 1731 2073 scindi
1754 2031 1819 2072 ac
1842 2017 1954 2071 dis-

364 2126 529 2193 trahi,
591 2124 881 2180 autetiam
919 2130 1120 2173 tantam
1155 2112 1518 2187 praeeuntium
1569 2108 1782 2164 turbam
1809 2121 1952 2171 esse,

366 2232 425 2278 ut
461 2218 649 2293 procul
683 2217 930 2273 incessus
974 2220 1164 2268 noster
1209 2205 1534 2280 magniticus
1573 2211 1856 2275 appareat.
1896 2198 1955 2254 Si

367 2320 485 2370 haec
527 2311 716 2384 gravia
763 2308 918 2364 vobis
959 2314 1016 2361 et
1054 2302 1252 2359 acerba
1305 2298 1491 2366 fuere',
1527 2295 1954 2368 praeterierunt:

369 2404 512 2459 hanc
560 2400 818 2472 injuriam
860 2396 994 2452 mihi
1033 2395 1362 2452 eondonate.
1400 2389 1722 2445 Antistitem
1767 2386 1956 2449 alium,

369 2496 460 2567 qui
506 2490 838 2549 multitudini
881 2488 1128 2560 placeat,
1176 2495 1363 2541 create
1393 2501 1406 2538 :
1436 2481 1569 2537 mihi
1609 2487 1793 2535 autem
1833 2479 1960 2533 date

369 2586 756 2650 solitudinem,
791 2590 848 2638 et
882 2580 1243 2638 rusticitatem
1267 2616 1285 2644 ,
1340 2585 1397 2632 et
1436 2575 1642 2639 Deum,
1705 2573 1794 2628 cui
1859 2569 1961 2626 soli

371 2679 534 2734 etiam
582 2690 681 2746 per
723 2685 943 2728 tenuem
990 2671 1195 2726 victum
1236 2667 1553 2734 cultumque
1600 2661 1957 2734 placebimus.

373 2765 445 2818 At
478 2778 643 2835 grave
687 2770 774 2816 est
813 2758 1201 2822 concionibus,
1235 2764 1291 2812 et
1333 2755 1601 2819 coetibus,
1641 2760 1696 2807 et
1732 2749 1965 2822 publicis

374 2853 731 2911 conventibus
754 2891 770 2916 ,
808 2859 865 2906 et
895 2848 1171 2919 plausibus
1208 2844 1291 2901 his
1312 2884 1328 2911 ,
1364 2860 1396 2899 a
1425 2844 1624 2914 quibus
1655 2840 1809 2911 quasi
1835 2854 1967 2908 pen—

376 2949 462 3002 nis
490 2946 547 3002 in
583 2944 816 3000 sublime
845 2941 1096 3006 ferimur,
1130 2949 1187 2994 et
1217 2936 1612 3001 familiaribus,
1656 2943 1712 2989 et
1750 2931 1964 2999 amicis,

376 3051 432 3098 et
454 3038 774 3102 honoribus,
794 3043 850 3091 et
874 3035 1024 3090 urbis
1057 3030 1462 3105 pulchritudine
1483 3043 1547 3084 ac
1572 3025 1965 3097 magnitudine,

377 3131 560 3186 ethoc
594 3128 828 3196 denique
858 3124 1091 3195 fulgore,
1123 3121 1216 3192 qui
1245 3134 1362 3187 eos,
1386 3118 1480 3189 qui
1512 3118 1628 3172 haec
1652 3117 1962 3182 intuentur,

2055 1914 2352 1986 σασθε(82)
2387 1915 2477 1968 τὸν
2536 1915 2805 1985 ἁρέσοντα
2846 1915 2964 1977 τοῖς
3012 1912 3259 1977 πολλοῖς·
3314 1913 3439 1984 ἐμοὶ
3473 1910 3533 1964 δὲ
3568 1911 3661 1964 δό-

2051 2025 2113 2061 τε
2135 2008 2247 2079 (8'5)
2273 2006 2371 2079 τὴν
2396 2006 2657 2079 ἐρημίαν,
2688 2005 2785 2059 καὶ
2807 2004 2906 2077 τὴν
2928 2004 3238 2075 ἀγροικίαν,
3264 2005 3359 2058 καὶ
3381 2002 3473 2055 τὸν
3495 2002 3657 2069 Θεὸν,

2053 2090 2100 2166 ᾧ
2131 2098 2300 2170 μόνῳ,
2344 2097 2441 2151 καὶ
2480 2097 2570 2150 διὰ
2605 2096 2707 2167 τῆς
2747 2096 3050 2160 εὑτελείας,
3082 2095 3512 2168 ἀρέσομενῶί).
3536 2098 3662 2149 Δει-

2056 2190 2168 2256 νὸν,
2199 2193 2248 2243 εί
2289 2189 2670 2261 στερησόμεθα
2699 2189 2895 2259 λόγων,
2932 2190 3028 2243 κα)⁵
3070 2189 3370 2258 συλλόγων,
3408 2189 3506 2242 καὶ
3545 2203 3661 2242 πα.-

2057 2283 2367 2356 νηγύρεων,
2416 2283 2510 2336 καὶ
2544 2280 2655 2335 τῶν
2690 2282 2899 2357 κρότων
2937 2280 3147 2335 τούτων
3176 2281 3267 2350 ὑφ’
3305 2274 3381 2335 ὧν
3420 2279 3659 2352 πτερού-

2063 2375 2227 2448 μεθα,
2274 2377 2370 2429 καὶ
2402 2374 2642 2440 οἰκείων,
2680 2375 2777 2428 καὶ
2812 2374 3003 2445 φίλων,
3036 2374 3134 2426 καὶ
3165 2371 3364 2443 τιμῶν,
3395 2372 3493 2425 καὶ
3521 2371 3662 2426 κάλ-

2060 2468 2187 2533 λους
2222 2467 2432 2531 πόλεως
2468 2467 2564 2520 καὶ
2597 2465 2884 2537 μεγέθους,
2924 2464 3148 2535 καὶτῆς
3182 2461 3522 2532 πανταχόθεν
3561 2479 3665 2516 πε-

2064 2557 2448 2634 ριλαμπούσης
2479 2557 2770 2629 ἀστραπῆς
2794 2555 2909 2626 (85)
2934 2556 3062 2618 τοὺς
3091 2554 3228 2626 πρὸς
3255 2553 3395 2608 αὑτὰ
3430 2552 3666 2624 βλέπον-

2061 2668 2184 2715 τας,
2217 2649 2357 2704 ἀλλὰ
2388 2650 2464 2721 μὴ
2494 2648 2629 2702 εἴσω
2656 2646 3080 2709 συννενευκότας
3101 2663 3116 2678 ο
3152 2644 3269 2699 ἀλλ’
3289 2644 3444 2698 οὑπω
3468 2644 3668 2698 τοσοῦ-

2063 2760 2156 2797 τον
2182 2744 2306 2797 ὅσον
2346 2741 2459 2814 (86)
2505 2744 2554 2794 εἰ
2599 2739 2979 2813 θορυϐήσομαι
3010 2738 3107 2794 καλ⁵
3139 2737 3520 2811 χρανθήσομαι
3549 2739 3669 2801 τοῖς

2066 2837 2125 2890 ὲν
2160 2836 2311 2907 μέσῳ
2333 2834 2595 2906 ταράχοις
2621 2835 2715 2887 καὶ
2744 2832 3047 2905 βράσμασι,
3074 2832 3171 2886 καὶ
3204 2833 3325 2895 ταῖς
3371 2830 3508 2902 πρὸς
3532 2830 3670 2893 τοὺς

2063 2928 2295 2991 πολλοὺς
2327 2925 2730 2998 μετακλίσεσιν.
2763 2925 2841 2978 Οὑ
2880 2923 2991 2996 γὰρ
3019 2922 3275 2996 ζητοῦσιν
3306 2925 3494 2995 ἱερεῖς,
3524 2920 3670 2976 ἀλλὰ

2071 3021 2339 3092 ῥήτορας·
2390 3016 2514 3071 οὑδὲ
2549 3016 2740 3088 ψυχῶν
2790 3017 3132 3087 οἰκονόμους,
3179 3016 3316 3070 ἀλλὰ
3361 3016 3671 3088 χρημάτων

2071 3113 2349 3183 φύλακας·
2405 3110 2529 3164 οὑδὲ
2582 3108 2750 3172 θύτας
2805 3107 3103 3180 καθαροὺς,
3157 3107 3295 3162 ἀλλά
3353 3108 3671 3180 προστάτας

379 3235 483 3277 nec
509 3220 793 3275 oculorum
834 3217 1006 3271 aciem
1043 3214 1188 3268 intro
1242 3210 1525 3268 collectam
1571 3207 1808 3274 habent,
1858 3207 1957 3261 cir-

2071 3180 2345 3277 ίσχυρούς.
2375 3198 2815 3273 Ἀπολογήσομαί
2838 3217 2892 3253 τι
2914 3201 3044 3272 περὶ
3065 3199 3249 3254 αὑτῶν
3266 3215 3279 3229 ·
3308 3199 3483 3263 οὕτως
3504 3200 3673 3271 ἡμεῖς

379 3307 690 3366 cumfundit
734 3314 792 3363 et
837 3305 1143 3368 illuminat,
1195 3298 1420 3373 privari.
1451 3299 1656 3356 Verum
1688 3300 1791 3354 hoc
1833 3298 1957 3353 mihi

2066 3296 2265 3359 αὑτοὺς
2301 3293 2726 3365 ὲπαιδεύσαμεν,
2761 3291 2811 3344 οἳ
2851 3292 2987 3345 πᾶσι
3022 3292 3200 3345 πάντα
3242 3291 3532 3363 γινόμεθα,
3568 3291 3676 3344 οὑκ

382 3399 566 3455 minus
587 3410 754 3470 grave
782 3394 969 3463 fuerit,
999 3410 1163 3465 quam
1187 3394 1233 3449 si
1260 3392 1464 3447 diutius
1493 3392 1546 3446 in
1579 3389 1813 3445 tumultu
1839 3404 1957 3444 ver-

2066 3384 2186 3467 οἶδα
2218 3388 2468 3461 πότερον,
2510 3387 2598 3440 ἵνα
2638 3383 2907 3456 σώσωμεν
2939 3383 3173 3450 πάντας,
3205 3384 3238 3456 ἦ
3269 3384 3670 3454 ἁπωλὲσωμεν.

385 3504 496 3556 ser,
527 3503 592 3544 ac
615 3487 794 3544 civilis
817 3488 942 3542 vitae
966 3486 1146 3541 turbis
1202 3493 1257 3540 et
1278 3483 1592 3540 fervoribus
1651 3482 2043 3549 commaculer,
2083 3491 2248 3553 atque
2289 3481 2359 3535 ad
2393 3478 2541 3549 vulgi
2579 3493 2762 3534 mores
2803 3477 3072 3547 meipsum
3117 3476 3394 3533 inﬂectere
3449 3491 3679 3532 necesse

385 3586 639 3644 habeam.
670 3583 790 3639 Non
842 3584 989 3639 enim
1043 3581 1388 3645 sacerdotes,
1424 3578 1521 3634 sed
1604 3579 1855 3633 rhetores
1884 3588 2172 3647 quaerunt;
2242 3592 2344 3632 nec
2419 3575 2731 3630 animarum
2780 3573 3226 3642 dispensatores,
3276 3572 3372 3628 sed
3412 3574 3679 3641 pecunia-

386 3693 510 3733 rum
563 3678 846 3740 custodes;
894 3690 995 3730 nec
1031 3689 1195 3745 puros
1234 3670 1553 3738 sacrificos,
1592 3670 1686 3725 sed
1749 3669 1921 3724 fortes
1988 3684 2053 3725 ac
2093 3668 2346 3724 robustos
2397 3667 2740 3723 defensores.
2791 3663 3052 3718 Nonnihil
3100 3680 3196 3720 eos
3247 3663 3520 3720 excusabo
3550 3683 3565 3717 :
3595 3663 3681 3717 sic

389 3783 487 3825 eos
532 3768 904 3833 erudivimns,
957 3766 1051 3837 qui
1100 3764 1353 3821 omnibus
1389 3761 1577 3818 omnia
1617 3757 1982 3828 efﬁcimur",
2024 3759 2168 3815 haud
2201 3759 2316 3815 scio
2384 3766 2604 3817 utrum,
2670 3764 2729 3810 ut
2749 3767 2941 3811 omnes
2967 3755 3134 3830 766
3173 3753 3354 3810 salvos
3383 3752 3677 3809 faciamus.

389 3881 460 3922 an
491 3876 550 3920 ut
584 3866 894 3933 perdamus.
1266 3870 1275 3875 '

461 3956 632 4013 XXV.
666 3956 806 4024 Quid
837 3955 1057 4011 dicitis?
1082 3955 1219 4012 Num
1246 3972 1345 4012 vos
1369 3957 1455 4012 his
1483 3953 1669 4011 verbis
1694 3969 1957 4026 permovet

2146 3950 2275 4005 KE’.
2307 3948 2373 4001 Τί
2404 3962 2573 4018 φατε;
2603 3944 2874 4015 Πείυομεν
2909 3942 3055 4014 ὑμᾶς
3082 3940 3198 4003 τοῖς
3223 3938 3408 4008 λόγοις
3436 3935 3678 4002 τούτοις,

391 4066 535 4115 mus,
564 4064 631 4105 ae
657 4050 945 4105 victoriam
964 4050 1338 4105 obtinuimus?
1359 4048 1441 4102 An
1465 4048 1649 4118 potius
1676 4048 1747 4102 ad
1766 4055 1957 4103 vestro:

2079 4044 2175 4098 καὶ
2195 4041 2559 4111 νενικήκαμεν
2579 4057 2595 4106 ;
2615 4035 2685 4091 Ἢ
2698 4037 2780 4090 δεῖ
2807 4035 2905 4090 καὶ
2938 4031 3309 4105 στερροτέρων
3333 4030 3509 4099 λόγων
3541 4030 3683 4101 ἡμῖν

390 4142 607 4198 animos
660 4141 1021 4196 inllectendos
1070 4140 1299 4195 validior
1341 4139 1497 4195 nobis
1541 4136 1848 4195 adhibenda
1896 4154 1957 4196 es

2079 4138 2218 4212 πρὸς
2249 4136 2312 4190 τὸ
2348 4135 2587 4203 πείθειν;
2624 4134 2754 4200 Ναὶ,
2789 4133 2930 4207 πρὸς
2967 4132 3068 4203 τῆς
3110 4129 3342 4203 Τριάδος
3383 4127 3579 4199 αὐτῆς,
3612 4127 3683 4196 ἣν

391 4230 608 4286 oratio?
642 4231 747 4286 Vos
775 4245 906 4302 ergo
947 4245 1043 4301 per
1077 4231 1405 4285 Trinitatem
1447 4231 1620 4300 ipsam
1641 4273 1657 4296 ,
1685 4245 1849 4301 quam
1886 4245 1953 4286 no

2080 4228 2456 4304 πρεσϐεύομεν
2481 4230 2574 4282 καὶ
2603 4227 2960 4300 πρεσϐεύετε,
2992 4225 3130 4297 πρὸς
3161 4222 3262 4292 τῆς
3296 4222 3482 4292 κοινῆς
3512 4219 3683 4292 ἡμῶν

393 4320 656 4387 colimus,
711 4332 769 4375 et
808 4336 904 4377 vos
957 4322 1173 4388 colitis,
1217 4339 1304 4393 per
1359 4339 1706 4380 communem
1743 4335 1957 4380 nostran

2085 4322 2321 4388 ἐλπίδος,
2366 4323 2459 4376 καὶ
2510 4323 2609 4394 τῆς
2653 4322 2747 4376 τοῦ
2796 4321 2928 4376 λαοῦ
2972 4320 3129 4376 τοῦδε
3159 4320 3272 4393 (87)
3318 4314 3683 4390 συμπήξεως,

393 4426 578 4481 spem,
631 4420 794 4482 atque
836 4413 1006 4481 hujus
1049 4390 1231 4484 populi
1263 4417 1796 4486 coagmentationem
1825 4418 1957 4472 oble

2083 4414 2202 4469 δότε
2233 4432 2322 4486 μοι
2360 4415 2459 4486 τὴν
2498 4390 2660 4488 χάριν
2696 4414 2934 4487 ταύτην·
2973 4413 3111 4486 μετὰ
3148 4390 3325 4484 εὐχῶν
3356 4413 3504 4483 ἡμᾶς
3533 4410 3683 4463 ἀπο-

394 4512 550 4556 smr:
583 4502 684 4557 hoc
725 4501 856 4556 mihi
886 4502 1210 4558 beneficium
1244 4505 1373 4560 date
1410 4524 1425 4560 :
1460 4522 1584 4561 cum
1613 4508 1868 4577 precibus
1897 4522 1957 4563 ιικ

2080 4504 2360 4577 πέμψατε·
2392 4504 2533 4576 αὕτη
2571 4506 2814 4575 γενέσθω
2847 4523 2937 4577 μοι
2972 4507 3075 4577 τῆς
3115 4505 3397 4577 ἀθλήσεως
3435 4505 3469 4575 ἢ
3507 4504 3689 4577 ἀνάρ-

392 4594 695 4650 dimittite:
729 4595 833 4650 hoc
872 4595 1004 4650 mihi
1045 4597 1118 4650 sit
1171 4597 1544 4653 dimicationis
1591 4598 1927 4668 praeconium

2080 4596 2239 4667 ῥησις
2258 4610 2271 4623 ⁸
2301 4594 2419 4649 δότε
2454 4613 2544 4667 μοι
2566 4595 2678 4669 (88)
2705 4597 2766 4650 τὸ
2793 4597 3027 4669 γράμμα
3056 4597 3158 4669 τῆς
3183 4596 3453 4666 ἀφέσεως,
3486 4595 3685 4668 ὥσπερ

395 4684 671 4742 missionis
699 4685 940 4741 libellum
976 4687 1106 4742 mihi
1135 4687 1278 4755 date,
1314 4690 1776 4759 quemadmodum
1806 4691 1957 4761 impe

2077 4688 2192 4749 τοῖς
2228 4691 2643 4758 στρατιωτικοῖς
2691 4689 2742 4741 οἱ
2797 4688 3075 4760 βασιλεῖς·
3126 4689 3243 4752 καὶ,
3297 4689 3348 4740 εἰ
3391 4686 3687 4757 βούλεσθε,

396 4783 606 4832 ratores
636 4776 897 4833 militibus
924 4778 1139 4844 solent;
1170 4794 1254 4845 ac,
1287 4779 1332 4835 si
1370 4780 1589 4850 quidem
1652 4792 1836 4837 vestra
1888 4796 1957 4836 vo

2081 4775 2221 4847 μετὰ
2253 4777 2435 4843 δεξιᾶς
2470 4778 2570 4850 τῆς
2617 4780 2943 4852 μαρτυρίας,
2995 4779 3064 4833 ἶν’
3095 4778 3205 4851 ἔχω
3250 4779 3314 4832 τὸ
3357 4778 3681 4851 ἐπιτίμιον·

397 4865 577 4923 luntas
598 4866 797 4934 tulerit,
820 4883 942 4923 cum
967 4866 1146 4923 fausto
1170 4878 1226 4923 et
1246 4868 1508 4938 prmelaro
1525 4866 1702 4939 elogio
1730 4877 1787 4924 et
1819 4868 1957 4924 testi-

2085 4871 2135 4923 ει
2166 4869 2224 4922 δὲ
2250 4868 2346 4941 μὴ,
2385 4872 2533 4936 ὅπως
2583 4871 2871 4943 βούλεσθε’
2904 4872 3058 4927 οὐδὲν
3088 4873 3219 4944 περὶ
3250 4869 3444 4926 τούτου
3485 4871 3686 4926 διοίσο-

465 5051 515 5083 ’θ
548 5048 718 5142 1001³..
755 5067 834 5116 tx,
862 5049 955 5104 22.

399 5229 916 5357 haszzzozgctzéfng
974 5232 1309 5303 φιλότιμον.
1364 5231 1669 5288 Familiaris
1718 5231 1981 5305 Gregorio

436 5318 515 5356 IPC
541 5316 732 5356 Il'Ollla.

469 5371 582 5512 (7.8)
625 5372 895 5442 Ἔχουσι.
932 5372 1065 5444 Reg.
1098 5372 1167 5442 ph
1206 5383 1258 5428 et
1282 5373 1446 5430 Coisl.
1485 5373 1740 5445 Ι,ἕχωσι.

505 5442 582 5512 {9)
622 5441 912 5511 Ῥίψουσι.
948 5446 1061 5498 lluo
1093 5444 1262 5500 Coisl.
1293 5453 1349 5499 et
1369 5442 1463 5499 Or.
1491 5444 1547 5507 2,
1579 5445 1740 5512 ῥίψω(

505 5442 582 5516 ξξὶ)
622 5441 912 5516 Ῥίψουσι.
948 5441 1061 5516 lino
1093 5441 1262 5516 Cpisl.
1293 5453 1349 5499 et
1369 5442 1547 5516 Or._2,
1579 5441 1799 5516 ῥίᾴωσι.

470 5510 581 5580 (80)
616 5510 1048 5584 Κατατρυφῶσι
1079 5514 1200 5568 τῶν·
1229 5510 1590 5584 πτωχικῶν.’
1609 5510 1773 5569 Cnisl.
1801 5513 1856 5580 2,
1894 5516 1990 5568 κα)⁸

403 5584 785 5656 κατατρυφὼσι
822 5585 928 5639 τῶν
989 5583 1260 5656 ψυχικῶν,
1295 5605 1313 5636 ι
1351 5583 1721 5656 Spiritualibus
1761 5586 1935 5641 bonis.
1963 5606 1982 5637 ι

472 5652 587 5728 (8η
620 5652 980 5728 Χαρίσασθε.
1006 5652 1104 5710 Οι·ζ
1131 5656 1188 5720 2,
1213 5652 1564 5728 χαρίσασθαι.

400 5724 581 5850 602:2)
623 5726 1082 5796 ΙΙροο-τήσασθε.
1144 5724 1610 5798 ltt"quibu5tlattt,
1678 5727 1991 5798 προστήσα-

2089 5308 2141 5360 in
2160 5236 2271 5360 (ξι)
2307 5235 2464 5306 Ἐμοὶ
2489 5234 2557 5290 δὲ
2583 5235 2739 5292 δότε.
2797 5236 2889 5293 Sic
2914 5235 3079 5292 Const.
3110 5247 3169 5299 2,
3201 5243 3308 5291 etc.
3365 5242 3525 5290 deest
3557 5234 3685 5288 δότε

2089 5324 2141 5363 In
2165 5323 2250 5362 etl.

2162 5378 2274 5449 (84)
2311 5377 2643 5449 Ἀρέσομεν.
2678 5379 2809 5447 Reg.
2843 5378 2932 5433 bm
2963 5388 3016 5433 et
3049 5376 3262 5433 Comb..
3286 5375 3578 5449 ἀρέσομαι.
3626 5428 3633 5435 .

2156 5446 2267 5515 (85)
2307 5446 2668 5518 Ἀστραπῆς.
2731 5446 2905 5519 llegg.
2962 5450 3049 5504 bin
3103 5459 3157 5501 et
3204 5450 3276 5517 ph
3325 5446 3554 5513 addunt,
3584 5446 3689 5500 καὶ

2086 5519 2449 5591 φωτιζούσης,
2487 5539 2506 5571 ι
2526 5518 2867 5591 icuruseante’
2888 5518 3149 5591 fulgore.»
3182 5587 3193 5591 _
3222 5526 3266 5591 κ’

2159 5591 2269 5661 (86)
2295 5587 2497 5661 "_0ojo_r.
2521 5590 2684 5645 Deest
2712 5590 2762 5643 in
2800 5587 3073 5661 nonnullis
3090 5587 3256 5661 codd.

2159 5656 2270 5731 (87)
2298 5658 2503 5715 Τθῦδε.
2541 5661 2704 5714 Coisl.
2731 5660 2773 5731 2
2798 5662 2968 5731 addit,
2999 5656 3179 5731 ἡμῶν.

2160 5730 2272 5801 (88)
2301 5733 2434 5786 Μοι.
2461 5731 2622 5787 Deest
2653 5731 2706 5785 in
2728 5728 2863 5801 Reg.
2898 5729 3009 5785 bm.
