3902 6218
198 277 307 332 489

1205 276 1468 332 ORATIO
1508 275 1662 330 XLII.
1706 307 1777 317 -—
1818 276 2209 334 SUPREMUM
2246 276 2450 334 VALE.

3371 278 3476 331 490

201 406 323 460 μαι,
354 389 459 453 ἕως
499 388 564 444 ἂν
587 389 719 453 Θεὸς
746 389 832 463 ιδῃ
860 389 971 461 (89)
1000 388 1070 443 τὰ
1098 391 1348 463 ἡμέτερα
1386 393 1535 456 ὅπως
1566 393 1633 446 ἂν
1663 392 1783 466 ἔχῃ.

1905 395 2107 461 :nonio,
2143 404 2200 448 ut
2230 395 2421 449 honori
2453 408 2573 449 meo
2610 393 2968 460 consulatur;
3016 394 3101 449 sin
3145 394 3326 449 minus
3348 437 3363 458 ,
3395 407 3479 449 ut-

200 480 337 532 Τίνα
372 477 468 535 οὖν
502 479 925 552 ἀντεισάξομενς
969 482 1197 551 Ὄψεται
1228 481 1407 552 ἐαυτῷ
1438 480 1641 551 Κύριος
1673 498 1795 537 ποι-

204 573 342 643 μένα
370 574 450 637 είς
488 575 842 644 προστασίαν,
874 577 951 640 ὡς
981 574 1257 647 πρόϐατον
1286 570 1428 628 εἶδεν
1462 577 1542 639 εὶς
1571 575 1797 647 ὁλοκάρ-

202 683 400 720 πωσιν.
435 669 534 721 Ἐν
564 668 722 722 τοῦτο
735 668 847 740 (90)
874 669 1117 741 ἐπιζητῶ
1149 670 1330 739 μόνον,
1365 669 1474 722 τῶν
1499 669 1800 741 φθονουμέ-

199 774 309 810 νων
332 758 444 829 (9|)
476 757 618 813 ἔστω
638 778 741 824 τις,
773 761 847 833 μὴ
872 760 983 813 τῶν
1014 760 1348 827 ὲλεουμένων
1368 777 1381 790 ⁸
1421 760 1496 832 μὴ
1522 760 1633 813 τῶν
1663 760 1797 814 πάν-

201 850 404 921 tta-(92)
439 852 571 905 πᾶσι
601 852 1002 925 χαριζομένων,
1053 853 1169 906 ἀλλ’
1223 853 1371 906 ἐστιν
1403 852 1440 908 ἃ.
1488 855 1583 907 κα)⁹
1629 871 1798 926 προσ-

198 940 423 1010 κρούειν
454 943 669 998 εἰδότων
704 945 847 1017 ὑπὲρ
874 945 969 999 τοῦ
997 945 1267 1015 βελτίονος
1286 961 1300 975 °
1331 945 1394 999 τὸ
1435 945 1536 1018 μὲν
1565 946 1677 1017 γὰρ
1710 948 1797 1000 ὲν-

197 1032 378 1086 ταῖθα
404 1034 642 1105 ἣδιστον,
676 1034 738 1087 τὸ
764 1035 820 1088 δὲ
854 1035 1066 1089 ἐκεῖθεν
1086 1034 1553 1090 λυσιτελέστατον.
1603 1036 1795 1106 Ὑμεῖς

202 1126 303 1196 μὲν
334 1123 428 1181 οὖν
454 1127 583 1191 τοὺς
613 1127 1105 1199 προπεμπτηρίους
1136 1127 1250 1199 (95)
1293 1129 1425 1199 ἡμῖν
1459 1128 1791 1201 μελετήσατε

198 1215 424 1286 λόγουςο
453 1218 564 1287 ἐγὼ
590 1219 646 1273 δὲ
674 1220 804 1290 ὑμῖν
828 1217 1097 1273 ἀποδώσω
1125 1218 1215 1272 τὸν
1241 1222 1635 1292 συντακτήριον
1654 1219 1789 1292 (94).

1897 500 2112 553 cunque
2148 485 2302 540 vobis
2353 484 2661 542 collibuerit
2696 501 2710 537 :
2748 486 2882 540 nihil
2937 501 2997 540 ea
3045 501 3104 540 re
3151 486 3477 551 altercabOr,

1897 577 2136 646 quamlin
2162 577 2303 632 Deus
2333 592 2514 632 rerum
2545 587 2859 632 nostrarum
2897 588 3097 632 statum
3134 580 3479 648 inspectahit.

1897 666 2050 721 Dicet
2072 667 2268 736 aliquis
2305 685 2319 722 :
2358 667 2527 735 Quem
2574 668 2738 736 igitur
2785 668 2881 722 tibi
2918 668 3354 722 substitucmus?
3387 666 3479 721 Vi-

1898 758 2047 812 debit
2065 759 2167 814 sibi
2198 757 2460 812 Dominus
2488 769 2761 828 pastorem
2782 760 2847 813 ad
2870 759 3270 829 pra-tecturam,
3291 775 3486 830 quem-

1897 850 2185 905 admodum
2241 865 2397 905 ovetn
2433 851 2567 904 vidit
2618 851 2684 903 ad
2724 852 3123 907 holocaustum.
3165 851 3277 906 lloc
3314 868 3479 906 unum

1895 943 2135 1010 requiro,
2165 951 2224 997 ut
2257 942 2382 998 talis
2417 944 2506 1007 sit,
2539 944 2629 1014 qui
2661 944 3086 1007 aemulationem,
3114 961 3219 999 non
3255 945 3484 998 misera-

1894 1034 2094 1088 tionem
2122 1046 2406 1105 provocet;
2443 1036 2533 1105 qui
2571 1050 2674 1091 non
2717 1037 2769 1090 in
2807 1037 3059 1091 omnibus
3088 1037 3246 1092 rebus
3280 1037 3487 1090 cunctis

1890 1129 2245 1198 obsequatur,
2302 1129 2397 1183 sed
2449 1127 2543 1197 qui
2596 1128 2648 1181 in
2696 1128 3016 1198 quihusdam
3044 1129 3207 1182 etiam
3245 1127 3315 1181 ob
3351 1128 3487 1181 recti

1890 1220 2128 1275 studium
2158 1220 2211 1274 in
2248 1221 2523 1274 hominum
2570 1218 3214 1275 oﬂensionem.incurrat.
3246 1219 3489 1274 Alterum

199 1314 346 1368 enim
385 1316 437 1369 in
469 1331 707 1386 praesens
727 1316 1182 1388 iucundissimum
1215 1329 1327 1384 est;
1398 1328 1629 1372 alterum
1697 1318 1751 1373 in
1822 1327 2099 1389 posterum
2151 1316 2513 1371 utilissimum.
2566 1317 2635 1370 At
2682 1332 2775 1371 vos
2824 1314 3038 1371 quidem
3070 1316 3343 1370 orationes
3371 1315 3488 1370 dis-

199 1408 379 1462 ccssni
430 1424 553 1463 meo
598 1420 963 1480 congruentes
1007 1422 1227 1479 parate;
1293 1427 1394 1482 ego
1439 1421 1620 1466 autem
1675 1412 1758 1467 his
1794 1412 1973 1468 verbis
2037 1422 2342 1467 extremum
2379 1426 2474 1464 vos
2502 1408 2766 1464 salutabo.

271 1498 418 1565 κατ’.
451 1500 697 1573 Χαίροις.
743 1503 1068 1556 Ἀναστασια
1102 1520 1192 1574 μοι
1231 1504 1331 1574 τῆς
1372 1503 1656 1567 εὐσεϐείας
1693 1505 1792 1557 ἐπ-

1970 1502 2160 1559 XXVI.
2188 1502 2315 1559 Vale
2338 1545 2354 1571 ,
2383 1505 2667 1558 Anastasia
2696 1543 2709 1565 ,
2738 1516 2935 1557 nomen
2977 1516 3007 1556 a
3040 1502 3240 1571 pietate
3263 1501 3486 1554 habens.

198 1587 409 1659 ώνυμε.
427 1592 501 1644 Σὺ
519 1594 630 1664 γὰρ
648 1593 740 1647 τὸν
757 1593 917 1663 λόγον
956 1594 1082 1665 ἡμῖν
1110 1594 1477 1666 ὲξανέστησας
1507 1595 1588 1648 ἐτι
1617 1613 1787 1650 κατα-

201 1681 572 1753 φρονούμενον
593 1703 605 1715 ·
635 1686 696 1739 τὸ
720 1686 820 1757 τῆς
849 1688 1035 1757 κοινῆς
1068 1688 1226 1759 νίκης
1250 1687 1469 1760 χωρίον,
1500 1690 1533 1759 ἡ
1563 1688 1657 1743 νέα
1685 1689 1791 1760 Σηο

200 1770 325 1843 λὼμ
340 1771 476 1844 (95),
509 1776 567 1829 ὲν
660 1777 876 1847 πρῶτον
904 1778 1004 1848 τὴν
1035 1778 1240 1848 σκηνὴν
1274 1776 1575 1849 ὲπήξαμεν,
1599 1794 1796 1832 τεσσα-

205 1865 448 1935 ράκοντα
490 1865 584 1939 ἔτη
639 1868 1085 1941 περιφερομένην
1108 1867 1219 1941 (96)
1249 1870 1307 1921 ὲν
1353 1871 1419 1940 τῇ
1472 1871 1667 1941 ἐρήμῳ
1699 1868 1797 1922 καὶ

202 1953 570 2029 πλανωμένην
596 1958 729 2031 (97).
762 1960 835 2013 Σύ
865 1977 926 2012 τε
951 1961 981 2013 ὁ
1013 1961 1188 2031 μέγας
1223 1960 1350 2024 ναὸς
1383 1954 1536 2024 οὗτος
1565 1961 1659 2014 καὶ
1691 1977 1795 2013 πε-

204 2048 483 2120 ριϐόητος,
518 2052 551 2122 ἡ
585 2052 681 2105 νέα
707 2052 1043 2123 κληρονομία
1063 2050 1197 2122 (98),
1238 2051 1300 2105 τὸ
1326 2051 1422 2105 νῦν
1452 2051 1626 2122 μέγας
1659 2048 1799 2104 εἷναι

204 2143 363 2215 παρὰ
406 2143 501 2197 τοῦ
549 2146 726 2214 Λόγου
776 2144 957 2198 λαϐὼν
977 2146 1114 2216 (99),
1164 2145 1224 2199 ὃν
1282 2144 1485 2209 Ἱεὸοὖς
1530 2144 1799 2217 πρότερον

202 2234 359 2301 ὄντα,
400 2236 758 2309 Ἰερουσαλὴμ
793 2238 1182 2309 πεποιήκαμεν
1203 2256 1215 2268 ·
1246 2237 1407 2308 ὑμεῖς
1437 2254 1496 2290 τε
1518 2237 1633 2290 ὅσοι
1661 2234 1802 2307 μετὰ

204 2328 398 2384 τοῦτον
430 2329 594 2394 εὐθὺς
617 2332 729 2395 τοῖς
755 2330 1032 2396 κάλλεσιν,
1060 2330 1219 2394 ἄλλος
1241 2330 1369 2386 ἄλλο
1392 2347 1445 2384 τι
1464 2331 1564 2401 τῆς
1592 2330 1802 2393 πόλεως

210 2419 382 2490 μέρος
430 2420 786 2491 διειληφότες,
829 2420 1022 2494 ὥσπερ
1074 2421 1364 2493 σύνδεσμοι
1407 2438 1552 2484 τινες
1596 2421 1692 2474 κα)⁸
1741 2421 1802 2475 τὸ

204 2512 485 2582 γειτονῶν
518 2513 594 2585 (1)
648 2513 1045 2585 οἰκειούμενοι·
1078 2513 1173 2579 οὓς
1207 2514 1346 2585 μετὰ
1386 2514 1487 2585 τῆς
1516 2512 1801 2580 ἀσθενείας

204 2602 433 2674 ταύτης,
476 2604 576 2676 οὐχ
612 2607 794 2676 ἡμεῖς,
828 2607 860 2678 ἡ
891 2607 1052 2677 χάρις
1096 2606 1153 2660 δὲ
1199 2607 1297 2660 σὺν
1341 2607 1474 2677 ἡμῖν
1505 2604 1795 2677 ἐπλήρωσε

204 2698 322 2759 τοῖς
355 2697 817 2768 ἀπεγνωσμένοις.
855 2698 1112 2769 Χαίρετε,
1149 2697 1437 2752 ἀπόστολοι
1455 2696 1554 2768 (2),
1593 2697 1627 2767 ἡ
1661 2696 1800 2768 καλὴ

210 2789 489 2859 μετοικία,
532 2791 581 2843 οἱ
627 2790 751 2861 ἐμοὶ
795 2790 1108 2844 διδάσκαλοι
1150 2790 1252 2860 τῆς
1281 2789 1585 2860 ἀθλήσεως,
1615 2791 1664 2842 εί
1703 2790 1800 2842 καὶ

1897 1594 1975 1652 Tu
2000 1596 2144 1653 enim
2178 1596 2335 1651 nobis
2380 1595 2505 1650 ﬁdei
2570 1595 2909 1657 doctrinam,
2951 1608 3072 1663 qua:
3129 1591 3304 1646 adhuc
3360 1604 3491 1642 con-

1900 1688 2121 1758 temptui
2169 1697 2322 1752 erat,
2370 1687 2643 1742 excitasti.
2684 1684 2812 1741 Vale
2838 1726 2853 1750 ,
2888 1686 3144 1755 inquam,
3189 1673 3490 1737 communis

1899 1780 2139 1835 victoriae
2177 1779 2335 1835 sedes
2355 1820 2372 1845 ,
2418 1794 2554 1834 nova
2585 1777 2701 1833 Silo
2729 1778 2798 1843 "’,
2825 1778 2876 1831 in
2910 1792 3015 1846 qua
3046 1777 3279 1848 primum
3305 1789 3488 1828 arcam

1901 1869 2148 1937 ﬁxintus,
2176 1872 2536 1942 quadraginta
2580 1870 2737 1925 annis
2765 1870 2817 1924 in
2845 1871 3061 1925 deserto
3101 1869 3486 1924 circumactam
3547 1860 3553 1875 '

1901 1964 2235 2032 incertisque
2288 1963 2509 2019 sedibus
2567 1970 2874 2033 vagantem.
2914 1959 3039 2016 Vale
3087 1972 3140 2015 tu
3182 1974 3425 2030 quoque,
3459 1974 3492 2013 o

1899 2070 2151 2127 magnum
2188 2055 2292 2110 hoc
2332 2065 2389 2110 et
2434 2054 2614 2111 nobile
2651 2053 2945 2120 templum,
2994 2067 3133 2107 nova
3180 2053 3489 2114 haereditas,

1877 2148 2044 2217 ,quod
2089 2148 2543 2218 magnitudinem,
2580 2161 2743 2218 quam
2780 2160 2922 2202 nunc
2960 2146 3165 2210 babes,
3227 2160 3257 2198 a
3318 2141 3493 2197 Verbo

1901 2241 2213 2310 suscepisti,
2238 2241 2490 2311 quodque
2517 2255 2636 2304 nos,
2669 2254 2790 2295 cum
2824 2239 2974 2310 prius
2997 2237 3162 2295 Jebus
3189 2252 3361 2299 esses,
3395 2234 3491 2290 Je-

1902 2330 2135 2387 rusalem
2183 2329 2481 2386 effecimus.
2536 2330 2722 2385 Valete
2779 2345 2875 2385 vos
2929 2332 3114 2397 etiam,
3171 2330 3290 2384 alia;
3322 2343 3491 2384 sacra:

1901 2423 2075 2490 aedes,
2108 2422 2233 2477 huic
2260 2422 2522 2492 dignitate
2546 2424 2842 2492 proximat,
2872 2423 2978 2478 alia
3008 2423 3168 2478 aliam
3200 2424 3491 2493 quamdam

1905 2511 2061 2567 urbis
2098 2523 2301 2582 partem
2342 2519 2786 2583 complectentes,
2818 2513 2972 2580 quasi
2996 2513 3211 2569 vincula
3247 2502 3489 2582 quaedam

1904 2612 1957 2659 et
1995 2618 2318 2675 compages,
2358 2606 2659 2676 propinqua
2696 2607 2860 2661 etiam
2919 2606 3032 2662 loca
3073 2617 3487 2674 cmtnectvtttes;

1905 2710 2042 2765 quas
2068 2711 2190 2751 cum
2238 2697 2340 2751 hac
2366 2698 2608 2767 corporis
2642 2697 3044 2762 imbecillitate,
3082 2712 3187 2752 non
3224 2713 3356 2764 nos,
3394 2699 3489 2752 sed

1906 2785 2001 2841 Dei
2042 2787 2215 2859 gratia
2262 2788 2424 2860 767
2474 2789 2755 2845 uobiscum
2786 2789 2855 2856 ⁸ο,
2898 2790 2987 2861 qui
3027 2806 3126 2859 pro
3160 2791 3386 2860 perditis
3423 2804 3490 2844 ac

209 2880 291 2952 μὴ
328 2880 588 2946 πολλάκις
631 2882 761 2952 ὑμῖν
812 2882 1214 2954 ὲπανηγύρισα,
1252 2883 1387 2946 ἴσως
1420 2881 1512 2935 τὸν
1544 2879 1636 2934 τοῦ
1663 2882 1799 2952 ὑμε-

1905 2881 2207 2952 desperatis
2252 2881 2606 2947 habebamur,
2652 2882 2912 2952 implevit.
2961 2883 3180 2952 Valete,
3236 2883 3487 2953 apusloli,

203 2971 375 3043 τέρου
402 2971 617 3026 Παύλου
648 2973 824 3026 Σατᾶν
844 2972 921 3043 (ὅ)
954 2972 1269 3043 περιφέρων
1296 2972 1355 3025 ὲν
1383 2970 1463 3042 τῷ
1481 2969 1558 3041 (4)
1587 2969 1802 3041 σώματι

207 3064 350 3133 πρὸς
399 3063 462 3117 τὸ
503 3064 818 3136 συμφέρον,
864 3064 930 3117 δι’
960 3064 1020 3117 ὃν
1070 3063 1168 3117 νῦν
1217 3063 1379 3133 ὑμῶν
1420 3063 1799 3135 ἀποικίξομαι.

208 3152 386 3224 Χαῖρὲ
420 3170 531 3222 μοι,
559 3146 604 3207 ὦ
634 3153 893 3226 καθέδρα,
923 3153 985 3206 τὸ
1025 3151 1314 3222 ἐπίφθονον
1351 3150 1483 3222 ὕψος
1521 3151 1680 3205 τοῦτο
1708 3151 1802 3205 καὶ

208 3244 577 3308 ἐπικίνδυνον,
622 3246 924 3317 ἀρχιερέων
967 3245 1267 3317 συνέδριον,
1317 3243 1509 3315 ίερέων
1534 3243 1675 3297 αἰδοῖ
1708 3243 1803 3297 καὶ

205 3333 390 3405 χρόνῳ
431 3334 797 3405 τετιμημένον
816 3335 915 3405 (5),
952 3336 1077 3388 ὅσον
1115 3352 1174 3387 τε
1206 3333 1335 3387 ἄλλο
1362 3333 1492 3404 περὶ
1518 3334 1619 3405 τὴν
1650 3333 1804 3406 ἱερὰν

206 3424 491 3495 τράπεζαν
535 3426 905 3500 λειτουργικὺν
947 3424 1109 3492 Θεοῦ,
1148 3426 1244 3480 καὶ
1290 3426 1509 3495 ὲγγίζον
1559 3424 1679 3495 Θεῷ
1725 3421 1804 3496 τῷ

207 3518 502 3587 ἐγγίζοντι.
564 3519 840 3591 Χαίρετε,
900 3516 1235 3590 Ναζαραίων
1266 3515 1343 3589 (6)
1413 3515 1798 3588 χοροστασίαι,

207 3609 544 3681 ψαλμῳδιῶν
588 3612 870 3683 ἁρμονίαι,
924 3611 1144 3673 στάσεις
1185 3609 1470 3681 πάννυχοι,
1511 3607 1799 3680 παρθένων

211 3700 502 3770 σεμνότης,
532 3701 809 3769 γυναικῶν
835 3701 1127 3772 εὐκοσμία,
1173 3699 1380 3772 χηρῶν,
1411 3699 1665 3770 ὀρφανῶν
1709 3716 1804 3751 συ-

217 3792 502 3863 στήματα,
553 3792 785 3863 πτωχῶν
838 3791 1132 3863 ὀφθαλμοὶ,
1185 3792 1321 3864 πρὸς
1364 3790 1497 3844 Θεὸν
1544 3790 1638 3844 καὶ
1667 3791 1804 3860 πρὸς

207 3888 358 3957 ἡμᾶς
407 3886 719 3958 βλέποντες.
759 3887 1020 3961 Χαίρετε,
1080 3886 1219 3941 οἴκοι
1270 3885 1535 3956 φιλόξενοι
1569 3886 1646 3957 (7)
1707 3887 1801 3940 καὶ

267 4026 316 4057 ⁷³
334 4024 454 4083 Jos.
483 4041 643 4093 xvnt,
678 4026 729 4080 1.
807 4023 1173 4097 δοιίῖοτειν,
1219 4024 1306 4080 l0.
1382 4024 1426 4056 ⁸¹
1453 4023 1495 4078 ll
1520 4022 1645 4078 Cor.
1672 4038 1773 4087 xu,
1801 4022 1851 4077 7.

200 4136 211 4147 ο
279 4183 393 4254 (89)
424 4183 570 4251 Θεὸς
593 4182 714 4251 ῑδῃ.
744 4182 799 4237 In
830 4181 1176 4254 quihusdam,
1199 4180 1317 4254 εἴδη
1353 4179 1507 4254 Θεός.

302 4183 372 4239 89
424 4183 570 4251 Θεὸς
593 4183 714 4251 ἴδῃ.
744 4183 799 4237 In
830 4183 1176 4252 quihusdam,
1199 4183 1317 4254 εἴδη
1353 4183 1507 4244 Θεός.

299 4183 393 4328 90)
446 4256 552 4328 ξΕν
596 4254 794 4328 mero.
831 4270 875 4328 Δι
905 4251 1021 4308 lloc
1055 4267 1328 4328 _unu_m._t_
1382 4251 1495 4328 Sic_
1523 4250 1689 4322 Hegg.
1741 4258 1796 4305 et

206 4320 382 4380 Colb.'
410 4324 611 4392 plures,
641 4323 806 4378 Coisl.
828 4322 883 4387 2,
917 4332 1024 4377 etc.
1054 4321 1110 4376 In
1143 4322 1254 4392 ed.,
1279 4321 1377 4374 Ἂν
1404 4320 1582 4392 τοῦτο.

278 4374 393 4466 )
1189 4374 1382 4466 ld'est,
1417 4391 1546 4466 (qui
1579 4389 1796 4466 virtuti—
1830 4374 1870 4428 ί)

212 4460 315 4519 bu's
342 4460 768 4529 aemulationem,
802 4460 918 4518 non
952 4471 1131 4517 autem
1186 4461 1332 4516 vitiis
1393 4460 1795 4515 miserationem

208 4545 488 4604 provocet.
510 4554 529 4585 ι

212 4673 231 4675 _
280 4604 395 4675 (92)
425 4603 522 4675 Μὴ
546 4601 666 4657 τῶν
685 4601 901 4675 πάντα.
934 4602 1027 4658 Sic
1062 4601 1300 4672 quinque
1333 4599 1501 4671 ltcgg.
1529 4608 1583 4655 et
1616 4599 1708 4656 0r.
1738 4598 1794 4653 2.

208 4673 379 4729 Deest
397 4673 506 4726 τῶν
532 4676 586 4729 in
621 4673 751 4728 edit.

282 4744 396 4815 (9.5)
436 4742 991 4813 Προπεμπτηρίους.
1028 4739 1092 4795 Hi
1125 4749 1251 4815 sunt
1268 4755 1567 4805 sermones,
1603 4737 1798 4815 quibus

212 4810 493 4869 hominem
531 4810 898 4870 discedentem
958 4822 1053 4865 aut
1089 4812 1453 4868 discessurum
1511 4810 1797 4881 prosequi—

210 4898 402 5023 ωιξ9λ)
420 4951 890 5023 Συγτακτήριον.
936 4950 1030 5007 Sic
1063 4965 1244 5023 sermo
1272 4949 1598 5023 discedentis
1646 4949 1797 5018 apel-

209 5020 621 5105 lat_ur.'-.Dicitur
650 5020 814 5077 etiam
839 5020 1276 5092 ἁποχαιρετικός,
1300 5030 1359 5075 ut
1380 5022 1471 5090 qui
1492 5027 1797 5075 extremum

211 5092 646 5231 vaigsi'cz'i’réa
672 5162 906 5230 Σηλὼμ.
959 5160 1051 5215 Sic
1099 5159 1343 5230 plerique
1395 5159 1552 5216 codd.
1596 5155 1653 5212 In
1683 5159 1795 5224 ed.,

205 5232 241 5295 ἧ
270 5230 496 5302 Σηλώμ,
531 5248 550 5282 ι
574 5242 666 5285 aut
692 5234 823 5286 Silo.
848 5251 868 5282 ι

282 5301 397 5374 (96)
433 5298 930 5388 Περιέρερομένην.
955 5300 1049 5357 0r.
1075 5298 1132 5367 ἓ,
1168 5299 1495 5373 φερομένην.
1520 5298 1671 5367 Par.,
1698 5315 1797 5352 πε-

210 5388 985 5584 ριῖδξῖοὲιάῗνὲἦανωμένην.
1014 5440 1176 5496 Deest
1203 5440 1257 5494 in
1291 5440 1383 5495 Or.

211 5583 241 5584 η
282 5512 377 5582 (98
421 5510 545 5567 Νέα
571 5514 971 5584 κληρονομία,
1001 5531 1020 5564 ι
1047 5510 1194 5584 Nova
1237 5511 1469 5584 hatredtt:

282 5508 400 5582 (98)
421 5510 545 5567 Νέα
571 5508 962 5582 κλτιροὶρομία,
1001 5531 1020 5564 ι
1047 5510 1194 5566 Nova
1237 5511 1543 5582 hatreditas.
1575 5528 1594 5563 ι
1642 5508 1777 5565 lntel

205 5581 399 5654 ligitur
422 5597 673 5652 magnum
693 5581 914 5654 Sanctae
938 5581 1155 5652 Suphite
1197 5581 1474 5654 templum,
1519 5581 1661 5650 quod
1702 5595 1798 5649 per

210 5649 420 5709 multos
457 5649 629 5707 annos
658 5652 726 5707 ab
756 5649 1029 5708 haereticis
1054 5649 1376 5720 occupatum
1400 5649 1595 5715 fuerat,
1625 5654 1797 5720 quod-

206 5738 322 5795 que
332 5721 679 5807 Theodosius
696 5724 887 5778 nonita
912 5723 1119 5805 pridem
1151 5719 1446 5780 catholicis
1464 5719 1795 5780 restituerat.

540 5798 816 5877 Ρηὶιοι.
852 5797 973 5875 aut.
1004 5808 1311 5895 XXXVI.

1902 2970 2162 3040 praeclara
2193 2974 2402 3029 colonia
2430 3014 2445 3039 ,
2491 2976 2809 3030 certaminis
2833 2976 2937 3030 mei
2969 2975 3237 3044 magistri,
3264 2975 3364 3029 etsi
3392 2976 3493 3028 mi-

1900 3081 2001 3120 nus
2031 3080 2173 3135 saepe
2201 3067 2340 3122 festa
2372 3078 2551 3122 vestra
2592 3070 2862 3124 celebravi
2888 3109 2904 3135 ,
2925 3120 2934 3127 _
2955 3069 3188 3125 fortasse
3216 3066 3364 3123 Pauli
3394 3083 3491 3123 ve-

1900 3157 2002 3211 stri
2048 3156 2305 3213 Satanam
2329 3158 2374 3190 ⁸¹
2411 3160 2478 3214 ad
2504 3159 2791 3214 utilitatem
2815 3176 2991 3216 meam
3038 3161 3090 3216 in
3121 3174 3350 3229 corpore
3381 3160 3491 3213 cir-

1902 3248 2249 3315 cumlerens,
2309 3250 2379 3304 ob
2412 3266 2574 3321 quem
2624 3266 2766 3307 nunc
2793 3268 2823 3306 a
2867 3254 3019 3309 vobis
3047 3253 3298 3308 abscedo.
3336 3254 3489 3315 Vale.

1900 3339 2185 3405 cathedra,
2219 3340 2543 3395 invidiosum
2572 3343 2677 3398 hoc
2702 3355 2755 3398 et
2786 3346 3150 3414 periculosum
3181 3345 3482 3415 fastigium,

1901 3430 2217 3500 pontiﬁcum
2249 3433 2571 3499 concilium,
2620 3439 2963 3492 sacerdotum
3008 3452 3116 3495 non
3156 3440 3336 3494 minus
3368 3454 3486 3492 ma-

1892 3525 2092 3593 jestate
2119 3541 2281 3595 quam
2324 3538 2484 3585 aetate
2518 3539 2805 3595 ornatum,
2845 3541 2900 3586 et
2935 3533 3243 3601 quicunque
3270 3534 3482 3587 tandem

1898 3612 1989 3667 alii
2033 3613 2181 3667 circa
2214 3626 2623 3671 sacrosanctam
2677 3632 2921 3671 mensam
2970 3618 3084 3673 Deo
3143 3617 3484 3681 ministratis,

1911 3715 2072 3775 atque
2124 3706 2191 3760 ad
2248 3709 2766 3777 appropinquantem
2811 3707 2979 3763 Deum
3026 3710 3487 3780 appropinquatis.

1912 3792 2119 3857 Valete.
2140 3796 2519 3855 Nazarteorum
2534 3799 2708 3866 chori,
2729 3802 3149 3869 psalmodiarnm
3172 3784 3489 3869 concentus,

1909 3896 2187 3942 nocturna:
2226 3888 2522 3954 stationes,
2561 3888 2831 3960 virginum
2874 3888 3264 3960 sanctimonia.
3298 3889 3488 3944 mulie-

1962 4176 2176 4248 (99)7Td
2210 4175 2556 4248 rﬁrﬁérac
2604 4172 2759 4231 εῖναι
2804 4177 2967 4246 παρὰ
2989 4176 3097 4231 τοῦ
3137 4179 3333 4247 Λόγου
3380 4180 3488 4232 λα-

1894 4244 2186 4305 ϐών-(ΜΗ.
2248 4264 2270 4299 ι
2329 4244 2480 4318 Quod
2518 4244 2957 4316 magnitudinem,
3025 4244 3356 4318 quamnunc
3387 4248 3488 4301 ha-

1899 4318 2016 4382 bes,
2053 4323 2120 4372 ab
2164 4316 2461 4372 orthodoxa
2523 4320 2770 4372 doctrina
2811 4316 3159 4386 suscepisti.»
3213 4317 3362 4372 Hanc
3399 4320 3484 4371 in--

1904 4387 2352 4458 terpretationem
2397 4396 2674 4444 mutuatus
2739 4399 2823 4443 est
2855 4402 2918 4441 ex
2974 4389 3180 4452 Niceta,
3217 4388 3309 4458 qui
3344 4388 3488 4442 hunc

1907 4459 2080 4530 locum
2113 4457 2190 4530 sic
2211 4457 2476 4530 expergiti
2500 4458 2720 4530 Κυρίῳς
2763 4459 2939 4529 μέγας
2971 4459 3251 4530 ὑπάρχων,
3283 4458 3372 4511 διὰ
3396 4459 3489 4512 τὸν

1905 4528 2060 4607 λόγον
2091 4526 2191 4607 τῆς
2220 4525 2565 4607 Δόρθοδοξίας.
2591 4525 2820 4607 "Verum
2848 4525 3205 4607 arbitrantur
3267 4530 3486 4607 rectius,

1906 4596 2173 4671 παράτοῦ
2206 4596 2406 4671 ᾼόγορ,
2443 4598 2510 4671 de
2551 4617 2570 4651 ι
2602 4596 2836 4666 Verbo,»
2874 4607 2987 4654 tum
3030 4606 3206 4671 palam
3240 4607 3296 4652 et
3319 4598 3489 4654 libere

1906 4666 2216 4738 praedicata,
2240 4666 2485 4738 intelligi.

1944 4737 2055 4822 .(l)
2101 4737 2169 4822 Tib
2200 4736 2544 4822 γειτφξοῦντ.
2563 4737 2775 4805 Comh.,
2803 4739 2873 4794 τὰ
2909 4742 3274 4813 γειτονοῢντα,
3321 4766 3339 4799 ι
3365 4762 3490 4816 pro-

1905 4811 2103 4877 pinqua
2135 4808 2247 4860 loca
2280 4807 2430 4861 vobis
2460 4810 2833 4930 acpuugentes.
2858 4831 2876 4862 ι
2924 4807 2931 4809 ”
3260 4807 3269 4813 ⁷
3365 4807 3378 4816 ”

1908 4947 1922 4955 Α
1976 4878 2053 4950 (2)
2102 4877 2478 4955 ’ᾼῃρστολομ
2535 4880 2759 4955 ntelligit
2788 4883 2869 4935 vel
2899 4882 3090 4950 altare,
3117 4885 3200 4939 vel
3230 4886 3486 4955 templum

1907 4947 1959 5022 in
1986 4946 2138 5019 quod
2166 4946 2847 5022 gonstantiusimperator
2891 4946 3201 5009 sanctorum
3234 4946 3485 5022 Δεύς-νιν,

1905 5017 2066 5141 guilt?
2085 5028 2141 5141 3t
2166 5017 2437 5141 Iistgtothei
2472 5017 2732 5090 reliquias
2769 5024 3138 5078 transtulerat.
3196 5023 3330 5080 Vide
3356 5017 3482 5082 Ttll.

1908 5097 1947 5143 t.
1972 5097 2064 5153 Ix,
2088 5104 2137 5155 p.
2175 5097 2300 5141 435.

1976 5159 2053 5229 (5)
2110 5156 2329 5212 Σατᾶν.
2382 5156 2596 5212 Nicetas
2647 5161 2885 5228 exponit,
2935 5163 3192 5225 σκόλοπα,
3252 5165 3486 5217 «ειίηιιι-

1906 5227 2037 5303 l_um.
2064 5247 2085 5281 ι
2115 5226 2319 5303 _Billius
2345 5226 2594 5303 intelligit
2630 5230 3007 5303 episcoporqu
3042 5233 3322 5298 invidiam,
3363 5248 3483 5303 qua:

1903 5297 2223 5379 Gregorium
2255 5297 2736 5379 excederecqegit.

1977 5368 2053 5439 (ᾖ)
2097 5368 2193 5420 Ἐν
2214 5368 2312 5431 τῷ.
2354 5368 2448 5439 _Sic
2476 5383 2570 5422 sex
2597 5368 2763 5439 Regg.
2805 5379 2859 5423 et
2883 5369 3004 5426 Par.
3029 5371 3189 5426 Deest
3220 5374 3277 5426 ὲν
3308 5372 3359 5427 in
3391 5375 3487 5435 ed.

1948 5437 2053 5560 ἐῶ)
2087 5436 2496 5506 Τετιμημένον.
2524 5439 2613 5493 Sic
2633 5436 2811 5508 plu'rcs
2833 5440 2991 5496 codd.
3022 5442 3080 5495 ln
3105 5443 3215 5506 ed.,
3255 5460 3482 5514 τετιμη-

1977 5524 2102 5560 νων.

1906 5524 2102 5579 μενων.

1965 5579 2052 5651 (β)
2085 5575 2442 5651 Ναζαραζᾳηρ.
2485 5577 2734 5651 Quinque
2764 5579 2951 5651 Regg.,
2994 5580 3088 5638 0r.
3117 5583 3227 5639 2et
3258 5583 3479 5651 Comh.,

1903 5646 2238 5721 Ναςιραίων.
2278 5665 2297 5697 ι
2327 5646 2618 5721 Monachus
2642 5669 2661 5701 ›
2698 5646 2963 5721 inte|ligit.

1870 5784 1894 5798 ἢ
1972 5713 2236 5790 (7)Ὀῖκοι
2268 5718 2469 5788 φιλόξ.
2527 5717 2587 5775 lu
2620 5713 2959 5792 quibusda'm,
2985 5719 3124 5778 οἴκοι
3154 5723 3479 5796 φιλόπτωχοι

3075 5817 3151 5880 16
