  <div class='ocr_page' id='page_1' title='image "/cluster/home/n/w/nwhite01/storage/ocr_20150623/36/nnc1.0022377409/273.png"; bbox 0 0 3902 6218; ppageno 0'>
   <div class='ocr_carea' id='block_1_1' title="bbox 414 241 517 297">
    <p class='ocr_par' dir='ltr' id='par_1_1' title="bbox 414 241 517 297">
     <span class='ocr_line' id='line_1_1' title="bbox 414 241 517 297; baseline -0.01 0"><span class='ocrx_word' id='word_1_1' title='bbox 414 241 517 297; x_wconf 70' lang='grc' dir='ltr'><strong>ιοι</strong></span> 
     </span>
    </p>
   </div>
   <div class='ocr_carea' id='block_1_2' title="bbox 1630 230 2440 291">
    <p class='ocr_par' dir='ltr' id='par_1_2' title="bbox 1630 230 2440 291">
     <span class='ocr_line' id='line_1_2' title="bbox 1630 230 2440 291; baseline -0.009 0"><span class='ocrx_word' id='word_1_2' title='bbox 1630 237 1691 291; x_wconf 91' lang='lat' dir='ltr'><strong>S.</strong></span> <span class='ocrx_word' id='word_1_3' title='bbox 1730 232 2055 291; x_wconf 83' lang='lat' dir='ltr'><strong>GREGORll</strong></span> <span class='ocrx_word' id='word_1_4' title='bbox 2096 230 2440 287; x_wconf 78' lang='lat' dir='ltr'><strong>THEOLOGI</strong></span> 
     </span>
    </p>
   </div>
   <div class='ocr_carea' id='block_1_3' title="bbox 3551 227 3657 284">
    <p class='ocr_par' dir='ltr' id='par_1_3' title="bbox 3551 227 3657 284">
     <span class='ocr_line' id='line_1_3' title="bbox 3551 227 3657 284; baseline 0.009 -1"><span class='ocrx_word' id='word_1_5' title='bbox 3551 227 3657 284; x_wconf 72' lang='grc'><strong>492</strong></span> 
     </span>
    </p>
   </div>
   <div class='ocr_carea' id='block_1_4' title="bbox 412 345 1991 425">
    <p class='ocr_par' dir='ltr' id='par_1_4' title="bbox 412 353 1982 425">
     <span class='ocr_line' id='line_1_4' title="bbox 412 353 1982 425; baseline -0.002 -14"><span class='ocrx_word' id='word_1_6' title='bbox 412 372 533 411; x_wconf 89' lang='lat' dir='ltr'><strong>rum</strong></span> <span class='ocrx_word' id='word_1_7' title='bbox 585 354 881 420; x_wconf 87' lang='lat' dir='ltr'><strong>modestia,</strong></span> <span class='ocrx_word' id='word_1_8' title='bbox 930 353 1209 412; x_wconf 88' lang='lat' dir='ltr'><strong>viduarum</strong></span> <span class='ocrx_word' id='word_1_9' title='bbox 1263 368 1317 411; x_wconf 87' lang='lat' dir='ltr'><strong>et</strong></span> <span class='ocrx_word' id='word_1_10' title='bbox 1371 357 1736 425; x_wconf 85' lang='lat' dir='ltr'><strong>orphanorum</strong></span> <span class='ocrx_word' id='word_1_11' title='bbox 1788 363 1982 419; x_wconf 71' lang='lat' dir='ltr'><strong>coetus,</strong></span> 
     </span>
    </p>
   </div>
   <div class='ocr_carea' id='block_1_5' title="bbox 2092 345 3656 425">
    <p class='ocr_par' dir='ltr' id='par_1_5' title="bbox 2092 345 3656 422">
     <span class='ocr_line' id='line_1_5' title="bbox 2092 345 3656 422; baseline -0.001 -18"><span class='ocrx_word' id='word_1_12' title='bbox 2092 352 2439 422; x_wconf 73' lang='grc' dir='ltr'>φιλόχριστοι,</span> <span class='ocrx_word' id='word_1_13' title='bbox 2482 349 2576 402; x_wconf 79' lang='grc' dir='ltr'><strong>καὶ</strong></span> <span class='ocrx_word' id='word_1_14' title='bbox 2621 347 2719 417; x_wconf 73' lang='grc' dir='ltr'>τῆς</span> <span class='ocrx_word' id='word_1_15' title='bbox 2753 347 2892 418; x_wconf 82' lang='grc' dir='ltr'><strong>ὲμῆς</strong></span> <span class='ocrx_word' id='word_1_16' title='bbox 2928 345 3210 409; x_wconf 79' lang='grc' dir='ltr'><strong>ἀσθενείας</strong></span> <span class='ocrx_word' id='word_1_17' title='bbox 3247 346 3656 420; x_wconf 84' lang='grc' dir='ltr'>ἀντιλήπτορες.</span> 
     </span>
    </p>
   </div>
   <div class='ocr_carea' id='block_1_6' title="bbox 415 444 1985 516">
    <p class='ocr_par' dir='ltr' id='par_1_6' title="bbox 415 444 1985 516">
     <span class='ocr_line' id='line_1_6' title="bbox 415 444 1985 516; baseline -0.001 -18"><span class='ocrx_word' id='word_1_18' title='bbox 415 461 709 516; x_wconf 89' lang='lat' dir='ltr'><strong>pauperum</strong></span> <span class='ocrx_word' id='word_1_19' title='bbox 735 444 899 509; x_wconf 90' lang='lat' dir='ltr'><strong>oculi,</strong></span> <span class='ocrx_word' id='word_1_20' title='bbox 933 445 984 497; x_wconf 92' lang='lat' dir='ltr'><strong>in</strong></span> <span class='ocrx_word' id='word_1_21' title='bbox 1014 445 1181 499; x_wconf 92' lang='lat' dir='ltr'><strong>Deum</strong></span> <span class='ocrx_word' id='word_1_22' title='bbox 1237 456 1293 501; x_wconf 90' lang='lat' dir='ltr'><strong>et</strong></span> <span class='ocrx_word' id='word_1_23' title='bbox 1342 445 1395 498; x_wconf 91' lang='lat' dir='ltr'><strong>in</strong></span> <span class='ocrx_word' id='word_1_24' title='bbox 1433 461 1529 499; x_wconf 92' lang='lat' dir='ltr'><strong>nos</strong></span> <span class='ocrx_word' id='word_1_25' title='bbox 1563 446 1849 499; x_wconf 73' lang='lat' dir='ltr'><strong>intuentes.</strong></span> <span class='ocrx_word' id='word_1_26' title='bbox 1879 444 1985 497; x_wconf 85' lang='lat' dir='ltr'><strong>Va-</strong></span> 
     </span>
    </p>
   </div>
   <div class='ocr_carea' id='block_1_7' title="bbox 416 533 1985 602">
    <p class='ocr_par' dir='ltr' id='par_1_7' title="bbox 416 533 1985 602">
     <span class='ocr_line' id='line_1_7' title="bbox 416 533 1985 602; baseline -0.003 -13"><span class='ocrx_word' id='word_1_27' title='bbox 416 535 553 598; x_wconf 88' lang='lat' dir='ltr'><strong>lete,</strong></span> <span class='ocrx_word' id='word_1_28' title='bbox 595 535 801 588; x_wconf 90' lang='lat' dir='ltr'><strong>domus-</strong></span> <span class='ocrx_word' id='word_1_29' title='bbox 828 533 1118 602; x_wconf 74' lang='lat' dir='ltr'><strong>hospitales</strong></span> <span class='ocrx_word' id='word_1_30' title='bbox 1163 542 1218 588; x_wconf 91' lang='lat' dir='ltr'><strong>et</strong></span> <span class='ocrx_word' id='word_1_31' title='bbox 1263 534 1460 588; x_wconf 85' lang='lat' dir='ltr'><strong>Christi</strong></span> <span class='ocrx_word' id='word_1_32' title='bbox 1502 543 1782 596; x_wconf 88' lang='lat' dir='ltr'><strong>amantes,</strong></span> <span class='ocrx_word' id='word_1_33' title='bbox 1838 534 1985 585; x_wconf 88' lang='lat' dir='ltr'><strong>iulir-</strong></span> 
     </span>
    </p>
   </div>
   <div class='ocr_carea' id='block_1_8' title="bbox 399 624 1987 695">
    <p class='ocr_par' dir='ltr' id='par_1_8' title="bbox 399 624 1987 695">
     <span class='ocr_line' id='line_1_8' title="bbox 399 624 1987 695; baseline -0.003 -15"><span class='ocrx_word' id='word_1_34' title='bbox 399 624 734 693; x_wconf 71' lang='lat' dir='ltr'><strong>‘mitatisque</strong></span> <span class='ocrx_word' id='word_1_35' title='bbox 763 640 894 679; x_wconf 68' lang='lat' dir='ltr'><strong>mea:</strong></span> <span class='ocrx_word' id='word_1_36' title='bbox 916 626 1225 695; x_wconf 81' lang='lat' dir='ltr'><strong>adjutrices.</strong></span> <span class='ocrx_word' id='word_1_37' title='bbox 1263 625 1466 685; x_wconf 87' lang='lat' dir='ltr'><strong>Valete,</strong></span> <span class='ocrx_word' id='word_1_38' title='bbox 1492 639 1802 679; x_wconf 83' lang='lat' dir='ltr'><strong>sermonum</strong></span> <span class='ocrx_word' id='word_1_39' title='bbox 1845 638 1987 676; x_wconf 89' lang='lat' dir='ltr'><strong>meo-</strong></span> 
     </span>
    </p>
   </div>
   <div class='ocr_carea' id='block_1_9' title="bbox 422 712 1989 783">
    <p class='ocr_par' dir='ltr' id='par_1_9' title="bbox 422 712 1989 783">
     <span class='ocr_line' id='line_1_9' title="bbox 422 712 1989 783; baseline -0.002 -15"><span class='ocrx_word' id='word_1_40' title='bbox 422 729 540 768; x_wconf 85' lang='lat' dir='ltr'><strong>rum</strong></span> <span class='ocrx_word' id='word_1_41' title='bbox 565 724 837 768; x_wconf 77' lang='lat' dir='ltr'><strong>amatores</strong></span> <span class='ocrx_word' id='word_1_42' title='bbox 863 756 878 779; x_wconf 93' lang='lat'><strong>,</strong></span> <span class='ocrx_word' id='word_1_43' title='bbox 912 723 970 769; x_wconf 79' lang='lat' dir='ltr'><strong>et</strong></span> <span class='ocrx_word' id='word_1_44' title='bbox 998 730 1190 769; x_wconf 86' lang='lat' dir='ltr'><strong>cursus</strong></span> <span class='ocrx_word' id='word_1_45' title='bbox 1214 757 1228 781; x_wconf 91' lang='lat'><strong>,</strong></span> <span class='ocrx_word' id='word_1_46' title='bbox 1258 726 1311 768; x_wconf 90' lang='lat' dir='ltr'><strong>et</strong></span> <span class='ocrx_word' id='word_1_47' title='bbox 1341 716 1739 777; x_wconf 84' lang='lat' dir='ltr'><strong>cencursiones,</strong></span> <span class='ocrx_word' id='word_1_48' title='bbox 1767 722 1821 767; x_wconf 90' lang='lat' dir='ltr'><strong>et</strong></span> <span class='ocrx_word' id='word_1_49' title='bbox 1846 712 1989 783; x_wconf 87' lang='lat' dir='ltr'><strong>styli,</strong></span> 
     </span>
    </p>
   </div>
   <div class='ocr_carea' id='block_1_10' title="bbox 422 803 1993 874">
    <p class='ocr_par' dir='ltr' id='par_1_10' title="bbox 422 803 1993 874">
     <span class='ocr_line' id='line_1_10' title="bbox 422 803 1993 874; baseline -0.002 -16"><span class='ocrx_word' id='word_1_50' title='bbox 422 815 531 858; x_wconf 85' lang='lat' dir='ltr'><strong>tam</strong></span> <span class='ocrx_word' id='word_1_51' title='bbox 563 805 863 874; x_wconf 88' lang='lat' dir='ltr'><strong>perspicui,</strong></span> <span class='ocrx_word' id='word_1_52' title='bbox 901 820 1058 872; x_wconf 89' lang='lat' dir='ltr'><strong>quam</strong></span> <span class='ocrx_word' id='word_1_53' title='bbox 1088 804 1326 869; x_wconf 90' lang='lat' dir='ltr'><strong>occulti,</strong></span> <span class='ocrx_word' id='word_1_54' title='bbox 1366 814 1528 873; x_wconf 88' lang='lat' dir='ltr'><strong>atque</strong></span> <span class='ocrx_word' id='word_1_55' title='bbox 1572 804 1728 873; x_wconf 85' lang='lat' dir='ltr'><strong>hujus</strong></span> <span class='ocrx_word' id='word_1_56' title='bbox 1758 803 1993 872; x_wconf 85' lang='lat' dir='ltr'><strong>suggesti</strong></span> 
     </span>
    </p>
   </div>
   <div class='ocr_carea' id='block_1_11' title="bbox 425 894 1993 964">
    <p class='ocr_par' dir='ltr' id='par_1_11' title="bbox 425 894 1993 964">
     <span class='ocr_line' id='line_1_11' title="bbox 425 894 1993 964; baseline -0.003 -15"><span class='ocrx_word' id='word_1_57' title='bbox 425 895 686 959; x_wconf 84' lang='lat' dir='ltr'><strong>cancelli,</strong></span> <span class='ocrx_word' id='word_1_58' title='bbox 742 910 773 948; x_wconf 90' lang='lat' dir='ltr'><strong>a</strong></span> <span class='ocrx_word' id='word_1_59' title='bbox 823 894 1165 949; x_wconf 74' lang='lat' dir='ltr'><strong>Multitudine</strong></span> <span class='ocrx_word' id='word_1_60' title='bbox 1221 896 1516 964; x_wconf 85' lang='lat' dir='ltr'><strong>compressi</strong></span> <span class='ocrx_word' id='word_1_61' title='bbox 1552 896 1866 957; x_wconf 86' lang='lat' dir='ltr'><strong>hominum,</strong></span> <span class='ocrx_word' id='word_1_62' title='bbox 1899 908 1993 946; x_wconf 88' lang='lat' dir='ltr'><strong>au-</strong></span> 
     </span>
    </p>
   </div>
   <div class='ocr_carea' id='block_1_12' title="bbox 427 983 1995 1054">
    <p class='ocr_par' dir='ltr' id='par_1_12' title="bbox 427 983 1995 1054">
     <span class='ocr_line' id='line_1_12' title="bbox 427 983 1995 1054; baseline -0.004 -14"><span class='ocrx_word' id='word_1_63' title='bbox 427 986 607 1040; x_wconf 89' lang='lat' dir='ltr'><strong>diendi</strong></span> <span class='ocrx_word' id='word_1_64' title='bbox 635 986 811 1040; x_wconf 88' lang='lat' dir='ltr'><strong>studio</strong></span> <span class='ocrx_word' id='word_1_65' title='bbox 833 1000 953 1040; x_wconf 91' lang='lat' dir='ltr'><strong>sese</strong></span> <span class='ocrx_word' id='word_1_66' title='bbox 981 995 1167 1039; x_wconf 90' lang='lat' dir='ltr'><strong>mutuo</strong></span> <span class='ocrx_word' id='word_1_67' title='bbox 1193 986 1646 1054; x_wconf 88' lang='lat' dir='ltr'><strong>protrudentium.</strong></span> <span class='ocrx_word' id='word_1_68' title='bbox 1668 984 1872 1046; x_wconf 83' lang='lat' dir='ltr'><strong>Valete,</strong></span> <span class='ocrx_word' id='word_1_69' title='bbox 1894 983 1995 1035; x_wconf 87' lang='lat' dir='ltr'><strong>im-</strong></span> 
     </span>
    </p>
   </div>
   <div class='ocr_carea' id='block_1_13' title="bbox 424 1074 1994 1147">
    <p class='ocr_par' dir='ltr' id='par_1_13' title="bbox 424 1074 1994 1147">
     <span class='ocr_line' id='line_1_13' title="bbox 424 1074 1994 1147; baseline -0.002 -16"><span class='ocrx_word' id='word_1_70' title='bbox 424 1086 723 1147; x_wconf 85' lang='lat' dir='ltr'><strong>peratores,</strong></span> <span class='ocrx_word' id='word_1_71' title='bbox 766 1087 820 1131; x_wconf 92' lang='lat' dir='ltr'><strong>et</strong></span> <span class='ocrx_word' id='word_1_72' title='bbox 853 1076 1049 1145; x_wconf 89' lang='lat' dir='ltr'><strong>palatia</strong></span> <span class='ocrx_word' id='word_1_73' title='bbox 1077 1117 1091 1141; x_wconf 95' lang='lat'><strong>,</strong></span> <span class='ocrx_word' id='word_1_74' title='bbox 1123 1093 1416 1146; x_wconf 89' lang='lat' dir='ltr'><strong>omnesque</strong></span> <span class='ocrx_word' id='word_1_75' title='bbox 1446 1079 1784 1146; x_wconf 83' lang='lat' dir='ltr'><strong>imperatoris</strong></span> <span class='ocrx_word' id='word_1_76' title='bbox 1812 1074 1994 1128; x_wconf 79' lang='lat' dir='ltr'><strong>famuli</strong></span> 
     </span>
    </p>
   </div>
   <div class='ocr_carea' id='block_1_14' title="bbox 426 1165 1996 1238">
    <p class='ocr_par' dir='ltr' id='par_1_14' title="bbox 426 1165 1996 1238">
     <span class='ocr_line' id='line_1_14' title="bbox 426 1165 1996 1238; baseline 0 -20"><span class='ocrx_word' id='word_1_77' title='bbox 426 1175 481 1219; x_wconf 87' lang='lat' dir='ltr'><strong>et</strong></span> <span class='ocrx_word' id='word_1_78' title='bbox 507 1165 821 1220; x_wconf 87' lang='lat' dir='ltr'><strong>cubicularii</strong></span> <span class='ocrx_word' id='word_1_79' title='bbox 853 1185 867 1220; x_wconf 90' lang='lat'>:</span> <span class='ocrx_word' id='word_1_80' title='bbox 896 1168 940 1220; x_wconf 90' lang='lat' dir='ltr'><strong>si</strong></span> <span class='ocrx_word' id='word_1_81' title='bbox 967 1169 1182 1235; x_wconf 88' lang='lat' dir='ltr'><strong>quidem</strong></span> <span class='ocrx_word' id='word_1_82' title='bbox 1228 1168 1542 1238; x_wconf 81' lang='lat' dir='ltr'><strong>imperatori</strong></span> <span class='ocrx_word' id='word_1_83' title='bbox 1583 1167 1797 1231; x_wconf 79' lang='lat' dir='ltr'><strong>ﬁdeles,</strong></span> <span class='ocrx_word' id='word_1_84' title='bbox 1827 1166 1996 1219; x_wconf 87' lang='lat' dir='ltr'><strong>haud-</strong></span> 
     </span>
    </p>
   </div>
   <div class='ocr_carea' id='block_1_15' title="bbox 425 1258 1998 1329">
    <p class='ocr_par' dir='ltr' id='par_1_15' title="bbox 425 1258 1998 1329">
     <span class='ocr_line' id='line_1_15' title="bbox 425 1258 1998 1329; baseline 0.001 -20"><span class='ocrx_word' id='word_1_85' title='bbox 425 1272 694 1327; x_wconf 85' lang='lat' dir='ltr'><strong>quaquam</strong></span> <span class='ocrx_word' id='word_1_86' title='bbox 718 1269 922 1312; x_wconf 91' lang='lat' dir='ltr'><strong>certum</strong></span> <span class='ocrx_word' id='word_1_87' title='bbox 957 1258 1162 1325; x_wconf 81' lang='lat' dir='ltr'><strong>habeo;</strong></span> <span class='ocrx_word' id='word_1_88' title='bbox 1193 1260 1302 1314; x_wconf 89' lang='lat' dir='ltr'><strong>Deo</strong></span> <span class='ocrx_word' id='word_1_89' title='bbox 1330 1271 1507 1313; x_wconf 90' lang='lat' dir='ltr'><strong>autem</strong></span> <span class='ocrx_word' id='word_1_90' title='bbox 1533 1274 1722 1329; x_wconf 87' lang='lat' dir='ltr'><strong>magna</strong></span> <span class='ocrx_word' id='word_1_91' title='bbox 1749 1273 1812 1311; x_wconf 81' lang='lat' dir='ltr'><strong>ex</strong></span> <span class='ocrx_word' id='word_1_92' title='bbox 1846 1267 1998 1325; x_wconf 87' lang='lat' dir='ltr'><strong>parte</strong></span> 
     </span>
    </p>
   </div>
   <div class='ocr_carea' id='block_1_16' title="bbox 425 1348 1995 1420">
    <p class='ocr_par' dir='ltr' id='par_1_16' title="bbox 425 1348 1995 1420">
     <span class='ocr_line' id='line_1_16' title="bbox 425 1348 1995 1420; baseline -0.001 -19"><span class='ocrx_word' id='word_1_93' title='bbox 425 1348 598 1402; x_wconf 81' lang='lat' dir='ltr'><strong>inﬁdi.</strong></span> <span class='ocrx_word' id='word_1_94' title='bbox 653 1348 898 1405; x_wconf 76' lang='lat' dir='ltr'><strong>Manibus</strong></span> <span class='ocrx_word' id='word_1_95' title='bbox 931 1351 1197 1420; x_wconf 85' lang='lat' dir='ltr'><strong>plaudite,</strong></span> <span class='ocrx_word' id='word_1_96' title='bbox 1251 1362 1406 1406; x_wconf 83' lang='lat' dir='ltr'><strong>acute</strong></span> <span class='ocrx_word' id='word_1_97' title='bbox 1446 1351 1692 1415; x_wconf 90' lang='lat' dir='ltr'><strong>clamate,</strong></span> <span class='ocrx_word' id='word_1_98' title='bbox 1730 1349 1995 1403; x_wconf 87' lang='lat' dir='ltr'><strong>rhetorem</strong></span> 
     </span>
    </p>
   </div>
   <div class='ocr_carea' id='block_1_17' title="bbox 426 1441 2002 1510">
    <p class='ocr_par' dir='ltr' id='par_1_17' title="bbox 426 1441 2002 1510">
     <span class='ocr_line' id='line_1_17' title="bbox 426 1441 2002 1510; baseline -0.001 -17"><span class='ocrx_word' id='word_1_99' title='bbox 426 1452 662 1497; x_wconf 86' lang='lat' dir='ltr'><strong>vestrum</strong></span> <span class='ocrx_word' id='word_1_100' title='bbox 692 1443 742 1496; x_wconf 91' lang='lat' dir='ltr'><strong>in</strong></span> <span class='ocrx_word' id='word_1_101' title='bbox 775 1444 1002 1498; x_wconf 89' lang='lat' dir='ltr'><strong>sublime</strong></span> <span class='ocrx_word' id='word_1_102' title='bbox 1031 1442 1217 1496; x_wconf 89' lang='lat' dir='ltr'><strong>tollite.</strong></span> <span class='ocrx_word' id='word_1_103' title='bbox 1267 1442 1429 1496; x_wconf 91' lang='lat' dir='ltr'><strong>Siluit</strong></span> <span class='ocrx_word' id='word_1_104' title='bbox 1469 1443 1619 1496; x_wconf 86' lang='lat' dir='ltr'><strong>vobis</strong></span> <span class='ocrx_word' id='word_1_105' title='bbox 1664 1441 1906 1510; x_wconf 90' lang='lat' dir='ltr'><strong>improba</strong></span> <span class='ocrx_word' id='word_1_106' title='bbox 1947 1448 2002 1491; x_wconf 91' lang='lat' dir='ltr'><strong>et</strong></span> 
     </span>
    </p>
   </div>
   <div class='ocr_carea' id='block_1_18' title="bbox 2090 437 3661 511">
    <p class='ocr_par' dir='ltr' id='par_1_18' title="bbox 2090 437 3661 511">
     <span class='ocr_line' id='line_1_18' title="bbox 2090 437 3661 511; baseline -0.003 -17"><span class='ocrx_word' id='word_1_107' title='bbox 2090 443 2342 511; x_wconf 80' lang='grc' dir='ltr'><strong>Χαίρετε,</strong></span> <span class='ocrx_word' id='word_1_108' title='bbox 2380 441 2486 492; x_wconf 83' lang='grc' dir='ltr'><strong>τῶν</strong></span> <span class='ocrx_word' id='word_1_109' title='bbox 2527 438 2675 509; x_wconf 75' lang='grc' dir='ltr'>ἐμῶν</span> <span class='ocrx_word' id='word_1_110' title='bbox 2706 437 2878 506; x_wconf 84' lang='grc' dir='ltr'>λόγων</span> <span class='ocrx_word' id='word_1_111' title='bbox 2906 438 3149 507; x_wconf 73' lang='grc' dir='ltr'>ἐρασταὶ,</span> <span class='ocrx_word' id='word_1_112' title='bbox 3192 438 3286 491; x_wconf 79' lang='grc' dir='ltr'><strong>καὶ</strong></span> <span class='ocrx_word' id='word_1_113' title='bbox 3326 438 3534 509; x_wconf 83' lang='grc' dir='ltr'><strong>δρόμοι,</strong></span> <span class='ocrx_word' id='word_1_114' title='bbox 3566 443 3661 496; x_wconf 71' lang='grc' dir='ltr'><strong>καὶ</strong></span> 
     </span>
    </p>
   </div>
   <div class='ocr_carea' id='block_1_19' title="bbox 2092 529 3665 606">
    <p class='ocr_par' dir='ltr' id='par_1_19' title="bbox 2092 529 3665 606">
     <span class='ocr_line' id='line_1_19' title="bbox 2092 529 3665 606; baseline -0.002 -19"><span class='ocrx_word' id='word_1_115' title='bbox 2092 534 2385 606; x_wconf 77' lang='grc' dir='ltr'>συνδρομαὶ</span> <span class='ocrx_word' id='word_1_116' title='bbox 2415 531 2511 600; x_wconf 89' lang='grc'><strong>(8),</strong></span> <span class='ocrx_word' id='word_1_117' title='bbox 2546 531 2639 583; x_wconf 75' lang='grc' dir='ltr'>καὶ</span> <span class='ocrx_word' id='word_1_118' title='bbox 2682 530 2944 601; x_wconf 82' lang='grc' dir='ltr'>γραφίδες</span> <span class='ocrx_word' id='word_1_119' title='bbox 2970 529 3045 600; x_wconf 39' lang='grc'><strong>(9,)</strong></span> <span class='ocrx_word' id='word_1_120' title='bbox 3077 530 3309 601; x_wconf 77' lang='grc' dir='ltr'>φανεραὶ</span> <span class='ocrx_word' id='word_1_121' title='bbox 3336 530 3431 582; x_wconf 75' lang='grc' dir='ltr'>καὶ</span> <span class='ocrx_word' id='word_1_122' title='bbox 3467 530 3665 585; x_wconf 82' lang='grc' dir='ltr'>λανθά-</span> 
     </span>
    </p>
   </div>
   <div class='ocr_carea' id='block_1_20' title="bbox 2086 616 3666 691">
    <p class='ocr_par' dir='ltr' id='par_1_20' title="bbox 2086 616 3666 691">
     <span class='ocr_line' id='line_1_20' title="bbox 2086 616 3666 691; baseline -0.004 -12"><span class='ocrx_word' id='word_1_123' title='bbox 2086 642 2291 687; x_wconf 87' lang='grc' dir='ltr'>νουσαι,</span> <span class='ocrx_word' id='word_1_124' title='bbox 2319 622 2413 675; x_wconf 79' lang='grc' dir='ltr'><strong>καὶ</strong></span> <span class='ocrx_word' id='word_1_125' title='bbox 2441 623 2473 691; x_wconf 86' lang='grc' dir='ltr'><strong>ή</strong></span> <span class='ocrx_word' id='word_1_126' title='bbox 2505 620 2796 691; x_wconf 77' lang='grc' dir='ltr'>βιαζομένη</span> <span class='ocrx_word' id='word_1_127' title='bbox 2825 618 3057 687; x_wconf 79' lang='grc' dir='ltr'>κιγκλὶς,</span> <span class='ocrx_word' id='word_1_128' title='bbox 3092 616 3230 689; x_wconf 85' lang='grc' dir='ltr'>αῦτη</span> <span class='ocrx_word' id='word_1_129' title='bbox 3272 620 3385 682; x_wconf 90' lang='grc' dir='ltr'>τοῖς</span> <span class='ocrx_word' id='word_1_130' title='bbox 3414 621 3543 691; x_wconf 68' lang='grc' dir='ltr'>περ).</span> <span class='ocrx_word' id='word_1_131' title='bbox 3575 621 3666 674; x_wconf 71' lang='grc' dir='ltr'>τὸν</span> 
     </span>
    </p>
   </div>
   <div class='ocr_carea' id='block_1_21' title="bbox 2085 703 3666 783">
    <p class='ocr_par' dir='ltr' id='par_1_21' title="bbox 2085 703 3666 783">
     <span class='ocr_line' id='line_1_21' title="bbox 2085 703 3666 783; baseline -0.002 -17"><span class='ocrx_word' id='word_1_132' title='bbox 2085 716 2242 783; x_wconf 88' lang='grc' dir='ltr'>λόγον</span> <span class='ocrx_word' id='word_1_133' title='bbox 2278 711 2648 782; x_wconf 80' lang='grc' dir='ltr'>ὠθιζομένοις.</span> <span class='ocrx_word' id='word_1_134' title='bbox 2691 709 2949 781; x_wconf 79' lang='grc' dir='ltr'><strong>Χαίρετε,</strong></span> <span class='ocrx_word' id='word_1_135' title='bbox 2991 703 3036 762; x_wconf 79' lang='grc' dir='ltr'><strong>ὦ</strong></span> <span class='ocrx_word' id='word_1_136' title='bbox 3081 707 3340 778; x_wconf 82' lang='grc' dir='ltr'><strong>βασιλεῖς,</strong></span> <span class='ocrx_word' id='word_1_137' title='bbox 3376 711 3471 763; x_wconf 83' lang='grc' dir='ltr'><strong>καὶ</strong></span> <span class='ocrx_word' id='word_1_138' title='bbox 3513 709 3666 780; x_wconf 82' lang='grc' dir='ltr'>βασί-</span> 
     </span>
    </p>
   </div>
   <div class='ocr_carea' id='block_1_22' title="bbox 2086 793 3665 871">
    <p class='ocr_par' dir='ltr' id='par_1_22' title="bbox 2086 793 3665 871">
     <span class='ocr_line' id='line_1_22' title="bbox 2086 793 3665 871; baseline -0.004 -14"><span class='ocrx_word' id='word_1_139' title='bbox 2086 805 2223 868; x_wconf 89' lang='grc' dir='ltr'>λεια,</span> <span class='ocrx_word' id='word_1_140' title='bbox 2274 804 2396 856; x_wconf 85' lang='grc' dir='ltr'>ὅσον</span> <span class='ocrx_word' id='word_1_141' title='bbox 2447 820 2505 855; x_wconf 90' lang='grc' dir='ltr'><strong>τε</strong></span> <span class='ocrx_word' id='word_1_142' title='bbox 2551 802 2678 871; x_wconf 75' lang='grc' dir='ltr'>περὶ</span> <span class='ocrx_word' id='word_1_143' title='bbox 2718 801 2808 854; x_wconf 86' lang='grc' dir='ltr'><strong>τὸν</strong></span> <span class='ocrx_word' id='word_1_144' title='bbox 2859 799 3082 869; x_wconf 76' lang='grc' dir='ltr'>βασιλέα</span> <span class='ocrx_word' id='word_1_145' title='bbox 3124 793 3517 870; x_wconf 79' lang='grc' dir='ltr'>θεραπευτικὸν</span> <span class='ocrx_word' id='word_1_146' title='bbox 3567 801 3665 854; x_wconf 68' lang='grc' dir='ltr'><strong>καὶ</strong></span> 
     </span>
    </p>
   </div>
   <div class='ocr_carea' id='block_1_23' title="bbox 2087 888 3665 965">
    <p class='ocr_par' dir='ltr' id='par_1_23' title="bbox 2087 888 3665 965">
     <span class='ocr_line' id='line_1_23' title="bbox 2087 888 3665 965; baseline -0.003 -16"><span class='ocrx_word' id='word_1_147' title='bbox 2087 896 2333 950; x_wconf 84' lang='grc' dir='ltr'><strong>οἰκίδιον·</strong></span> <span class='ocrx_word' id='word_1_148' title='bbox 2364 897 2412 947; x_wconf 87' lang='grc' dir='ltr'><strong>εί</strong></span> <span class='ocrx_word' id='word_1_149' title='bbox 2449 895 2548 965; x_wconf 80' lang='grc' dir='ltr'><strong>μὲν</strong></span> <span class='ocrx_word' id='word_1_150' title='bbox 2585 895 2676 946; x_wconf 80' lang='grc' dir='ltr'><strong>καὶ</strong></span> <span class='ocrx_word' id='word_1_151' title='bbox 2707 891 2917 963; x_wconf 84' lang='grc' dir='ltr'>βασιλεῖ</span> <span class='ocrx_word' id='word_1_152' title='bbox 2958 890 3169 954; x_wconf 84' lang='grc' dir='ltr'>πιστὸν,</span> <span class='ocrx_word' id='word_1_153' title='bbox 3204 892 3305 945; x_wconf 82' lang='grc' dir='ltr'><strong>οὐκ</strong></span> <span class='ocrx_word' id='word_1_154' title='bbox 3346 888 3498 945; x_wconf 65' lang='grc' dir='ltr'><strong>οἶδεν</strong></span> <span class='ocrx_word' id='word_1_155' title='bbox 3542 892 3665 963; x_wconf 87' lang='grc' dir='ltr'>Θεῷ</span> 
     </span>
    </p>
   </div>
   <div class='ocr_carea' id='block_1_24' title="bbox 2088 981 3664 1055">
    <p class='ocr_par' dir='ltr' id='par_1_24' title="bbox 2088 981 3664 1055">
     <span class='ocr_line' id='line_1_24' title="bbox 2088 981 3664 1055; baseline -0.003 -17"><span class='ocrx_word' id='word_1_156' title='bbox 2088 985 2145 1038; x_wconf 84' lang='grc' dir='ltr'>δὲ</span> <span class='ocrx_word' id='word_1_157' title='bbox 2178 986 2238 1038; x_wconf 89' lang='grc' dir='ltr'><strong>τὸ</strong></span> <span class='ocrx_word' id='word_1_158' title='bbox 2282 984 2464 1036; x_wconf 82' lang='grc' dir='ltr'>πλεῖον</span> <span class='ocrx_word' id='word_1_159' title='bbox 2518 984 2742 1037; x_wconf 84' lang='grc' dir='ltr'>ἄπιστον</span> <span class='ocrx_word' id='word_1_160' title='bbox 2762 983 2895 1050; x_wconf 86' lang='grc'><strong>(10).</strong></span> <span class='ocrx_word' id='word_1_161' title='bbox 2946 982 3265 1051; x_wconf 85' lang='grc' dir='ltr'>Κροτήσατε</span> <span class='ocrx_word' id='word_1_162' title='bbox 3315 984 3523 1055; x_wconf 78' lang='grc' dir='ltr'>χεῖρας,</span> <span class='ocrx_word' id='word_1_163' title='bbox 3567 981 3664 1046; x_wconf 73' lang='grc' dir='ltr'><strong>ὀξὺ</strong></span> 
     </span>
    </p>
   </div>
   <div class='ocr_carea' id='block_1_25' title="bbox 2092 1073 3667 1146">
    <p class='ocr_par' dir='ltr' id='par_1_25' title="bbox 2092 1073 3667 1146">
     <span class='ocr_line' id='line_1_25' title="bbox 2092 1073 3667 1146; baseline -0.001 -17"><span class='ocrx_word' id='word_1_164' title='bbox 2092 1073 2342 1146; x_wconf 85' lang='grc' dir='ltr'>βοήσατε,</span> <span class='ocrx_word' id='word_1_165' title='bbox 2374 1075 2543 1146; x_wconf 80' lang='grc' dir='ltr'>ἄρατε</span> <span class='ocrx_word' id='word_1_166' title='bbox 2577 1077 2655 1138; x_wconf 81' lang='grc' dir='ltr'><strong>εἰς</strong></span> <span class='ocrx_word' id='word_1_167' title='bbox 2688 1073 2821 1143; x_wconf 69' lang='grc' dir='ltr'>ὕψος</span> <span class='ocrx_word' id='word_1_168' title='bbox 2848 1073 2937 1126; x_wconf 87' lang='grc' dir='ltr'><strong>τὸν</strong></span> <span class='ocrx_word' id='word_1_169' title='bbox 2977 1074 3183 1143; x_wconf 80' lang='grc' dir='ltr'>ῥήτορα</span> <span class='ocrx_word' id='word_1_170' title='bbox 3209 1073 3321 1143; x_wconf 88' lang='grc'><strong>(11)</strong></span> <span class='ocrx_word' id='word_1_171' title='bbox 3354 1074 3526 1144; x_wconf 85' lang='grc' dir='ltr'>ὑμῶν.</span> <span class='ocrx_word' id='word_1_172' title='bbox 3565 1076 3667 1127; x_wconf 89' lang='grc' dir='ltr'><strong>Σε-</strong></span> 
     </span>
    </p>
   </div>
   <div class='ocr_carea' id='block_1_26' title="bbox 2093 1164 3670 1237">
    <p class='ocr_par' dir='ltr' id='par_1_26' title="bbox 2093 1164 3670 1237">
     <span class='ocr_line' id='line_1_26' title="bbox 2093 1164 3670 1237; baseline -0.001 -18"><span class='ocrx_word' id='word_1_173' title='bbox 2093 1167 2317 1237; x_wconf 88' lang='grc' dir='ltr'>σίγηκεν</span> <span class='ocrx_word' id='word_1_174' title='bbox 2354 1168 2482 1236; x_wconf 80' lang='grc' dir='ltr'>ὑμῖν</span> <span class='ocrx_word' id='word_1_175' title='bbox 2520 1168 2553 1236; x_wconf 85' lang='grc' dir='ltr'>ἡ</span> <span class='ocrx_word' id='word_1_176' title='bbox 2601 1165 2813 1235; x_wconf 84' lang='grc' dir='ltr'>πονηρά</span> <span class='ocrx_word' id='word_1_177' title='bbox 2853 1164 3072 1230; x_wconf 85' lang='grc' dir='ltr'>γλῶσσα</span> <span class='ocrx_word' id='word_1_178' title='bbox 3111 1165 3206 1217; x_wconf 78' lang='grc' dir='ltr'><strong>καὶ</strong></span> <span class='ocrx_word' id='word_1_179' title='bbox 3244 1164 3435 1229; x_wconf 81' lang='grc' dir='ltr'>λάλος·</span> <span class='ocrx_word' id='word_1_180' title='bbox 3462 1167 3522 1219; x_wconf 79' lang='grc' dir='ltr'>οὐ</span> <span class='ocrx_word' id='word_1_181' title='bbox 3558 1166 3670 1237; x_wconf 82' lang='grc' dir='ltr'>μὴν</span> 
     </span>
    </p>
   </div>
   <div class='ocr_carea' id='block_1_27' title="bbox 2093 1244 3670 1328">
    <p class='ocr_par' dir='ltr' id='par_1_27' title="bbox 2093 1244 3670 1328">
     <span class='ocr_line' id='line_1_27' title="bbox 2093 1244 3670 1328; baseline 0.001 -20"><span class='ocrx_word' id='word_1_182' title='bbox 2093 1258 2372 1328; x_wconf 83' lang='grc' dir='ltr'>σιγήσεται</span> <span class='ocrx_word' id='word_1_183' title='bbox 2420 1255 2760 1308; x_wconf 83' lang='grc' dir='ltr'>παντάπασιν</span> <span class='ocrx_word' id='word_1_184' title='bbox 2783 1244 2893 1324; x_wconf 78' lang='grc'><strong>(12)</strong></span> <span class='ocrx_word' id='word_1_185' title='bbox 2918 1268 2931 1283; x_wconf 88' lang='grc'><strong>·</strong></span> <span class='ocrx_word' id='word_1_186' title='bbox 2965 1254 3268 1324; x_wconf 87' lang='grc' dir='ltr'>μαχήσεται</span> <span class='ocrx_word' id='word_1_187' title='bbox 3297 1254 3407 1325; x_wconf 83' lang='grc' dir='ltr'>γὰρ</span> <span class='ocrx_word' id='word_1_188' title='bbox 3433 1255 3545 1325; x_wconf 81' lang='grc'><strong>(15)</strong></span> <span class='ocrx_word' id='word_1_189' title='bbox 3578 1256 3670 1310; x_wconf 80' lang='grc' dir='ltr'>διὰ</span> 
     </span>
    </p>
   </div>
   <div class='ocr_carea' id='block_1_28' title="bbox 2092 1339 3669 1418">
    <p class='ocr_par' dir='ltr' id='par_1_28' title="bbox 2092 1339 3669 1418">
     <span class='ocr_line' id='line_1_28' title="bbox 2092 1339 3669 1418; baseline 0.001 -19"><span class='ocrx_word' id='word_1_190' title='bbox 2092 1347 2272 1418; x_wconf 86' lang='grc' dir='ltr'>χειρὸς</span> <span class='ocrx_word' id='word_1_191' title='bbox 2318 1346 2411 1399; x_wconf 79' lang='grc' dir='ltr'><strong>καὶ</strong></span> <span class='ocrx_word' id='word_1_192' title='bbox 2468 1347 2722 1416; x_wconf 83' lang='grc' dir='ltr'>μέλανος·</span> <span class='ocrx_word' id='word_1_193' title='bbox 2765 1344 2825 1397; x_wconf 84' lang='grc' dir='ltr'><strong>τὸ</strong></span> <span class='ocrx_word' id='word_1_194' title='bbox 2866 1344 2910 1397; x_wconf 87' lang='grc' dir='ltr'>δ’</span> <span class='ocrx_word' id='word_1_195' title='bbox 2975 1339 3067 1396; x_wconf 79' lang='grc' dir='ltr'>οὖν</span> <span class='ocrx_word' id='word_1_196' title='bbox 3116 1344 3290 1415; x_wconf 81' lang='grc' dir='ltr'>παρὸν</span> <span class='ocrx_word' id='word_1_197' title='bbox 3366 1347 3669 1417; x_wconf 86' lang='grc' dir='ltr'>σεσιγήκα-</span> 
     </span>
    </p>
   </div>
   <div class='ocr_carea' id='block_1_29' title="bbox 2099 1455 2218 1508">
    <p class='ocr_par' dir='ltr' id='par_1_29' title="bbox 2099 1455 2218 1508">
     <span class='ocr_line' id='line_1_29' title="bbox 2099 1455 2218 1508; baseline 0.042 -21"><span class='ocrx_word' id='word_1_198' title='bbox 2099 1455 2218 1508; x_wconf 84' lang='grc' dir='ltr'>μεν.</span> 
     </span>
    </p>
   </div>
   <div class='ocr_carea' id='block_1_30' title="bbox 426 1522 3671 1603">
    <p class='ocr_par' dir='ltr' id='par_1_30' title="bbox 426 1522 3671 1603">
     <span class='ocr_line' id='line_1_30' title="bbox 426 1522 3671 1603; baseline -0 -16"><span class='ocrx_word' id='word_1_199' title='bbox 426 1534 620 1602; x_wconf 80' lang='lat' dir='ltr'><strong>loquax</strong></span> <span class='ocrx_word' id='word_1_200' title='bbox 652 1522 994 1603; x_wconf 43' lang='lat' dir='ltr'><strong>linguafnec</strong></span> <span class='ocrx_word' id='word_1_201' title='bbox 1036 1541 1215 1586; x_wconf 89' lang='lat' dir='ltr'><strong>tamen</strong></span> <span class='ocrx_word' id='word_1_202' title='bbox 1290 1532 1510 1587; x_wconf 88' lang='lat' dir='ltr'><strong>omnino</strong></span> <span class='ocrx_word' id='word_1_203' title='bbox 1538 1531 1734 1587; x_wconf 90' lang='lat' dir='ltr'><strong>silebit.</strong></span> <span class='ocrx_word' id='word_1_204' title='bbox 1802 1528 2066 1600; x_wconf 81' lang='lat' dir='ltr'><strong>Pugnabit</strong></span> <span class='ocrx_word' id='word_1_205' title='bbox 2104 1530 2247 1582; x_wconf 89' lang='lat' dir='ltr'><strong>enim</strong></span> <span class='ocrx_word' id='word_1_206' title='bbox 2295 1543 2457 1582; x_wconf 90' lang='lat' dir='ltr'><strong>manu</strong></span> <span class='ocrx_word' id='word_1_207' title='bbox 2524 1537 2578 1582; x_wconf 91' lang='lat' dir='ltr'><strong>et</strong></span> <span class='ocrx_word' id='word_1_208' title='bbox 2615 1536 2938 1582; x_wconf 87' lang='lat' dir='ltr'><strong>atramento.</strong></span> <span class='ocrx_word' id='word_1_209' title='bbox 2972 1528 3234 1585; x_wconf 66' lang='lat' dir='ltr'><strong>Caeterum</strong></span> <span class='ocrx_word' id='word_1_210' title='bbox 3283 1529 3336 1585; x_wconf 90' lang='lat' dir='ltr'><strong>in</strong></span> <span class='ocrx_word' id='word_1_211' title='bbox 3383 1531 3671 1600; x_wconf 60' lang='lat' dir='ltr'><strong>prasentia</strong></span> 
     </span>
    </p>
   </div>
   <div class='ocr_carea' id='block_1_31' title="bbox 426 1622 798 1678">
    <p class='ocr_par' dir='ltr' id='par_1_31' title="bbox 426 1622 798 1678">
     <span class='ocr_line' id='line_1_31' title="bbox 426 1622 798 1678; baseline -0.003 0"><span class='ocrx_word' id='word_1_212' title='bbox 426 1622 798 1678; x_wconf 88' lang='lat' dir='ltr'><strong>consiluimus.</strong></span> 
     </span>
    </p>
   </div>
   <div class='ocr_carea' id='block_1_32' title="bbox 498 1702 1991 1787">
    <p class='ocr_par' dir='ltr' id='par_1_32' title="bbox 498 1714 1991 1787">
     <span class='ocr_line' id='line_1_32' title="bbox 498 1714 1991 1787; baseline -0.001 -18"><span class='ocrx_word' id='word_1_213' title='bbox 498 1714 714 1770; x_wconf 77' lang='lat' dir='ltr'><strong>XXVII.</strong></span> <span class='ocrx_word' id='word_1_214' title='bbox 740 1714 871 1770; x_wconf 83' lang='lat' dir='ltr'><strong>Vale</strong></span> <span class='ocrx_word' id='word_1_215' title='bbox 896 1755 912 1781; x_wconf 91' lang='lat'><strong>,</strong></span> <span class='ocrx_word' id='word_1_216' title='bbox 959 1716 1149 1770; x_wconf 82' lang='lat' dir='ltr'><strong>civitas</strong></span> <span class='ocrx_word' id='word_1_217' title='bbox 1203 1731 1391 1787; x_wconf 88' lang='lat' dir='ltr'><strong>magna</strong></span> <span class='ocrx_word' id='word_1_218' title='bbox 1416 1756 1430 1780; x_wconf 91' lang='lat'><strong>,</strong></span> <span class='ocrx_word' id='word_1_219' title='bbox 1485 1724 1537 1770; x_wconf 89' lang='lat' dir='ltr'><strong>et</strong></span> <span class='ocrx_word' id='word_1_220' title='bbox 1579 1716 1781 1771; x_wconf 76' lang='lat' dir='ltr'><strong>Christi</strong></span> <span class='ocrx_word' id='word_1_221' title='bbox 1813 1729 1991 1769; x_wconf 83' lang='lat' dir='ltr'><strong>amore</strong></span> 
     </span>
    </p>
   </div>
   <div class='ocr_carea' id='block_1_33' title="bbox 2092 1702 3671 1787">
    <p class='ocr_par' dir='ltr' id='par_1_33' title="bbox 2169 1702 3671 1782">
     <span class='ocr_line' id='line_1_33' title="bbox 2169 1702 3671 1782; baseline 0 -19"><span class='ocrx_word' id='word_1_222' title='bbox 2169 1712 2293 1763; x_wconf 83' lang='lat' dir='ltr'><strong>KZ&#39;.</strong></span> <span class='ocrx_word' id='word_1_223' title='bbox 2324 1710 2514 1779; x_wconf 86' lang='grc' dir='ltr'>Χαῖρε,</span> <span class='ocrx_word' id='word_1_224' title='bbox 2547 1702 2591 1760; x_wconf 81' lang='grc' dir='ltr'><strong>ὦ</strong></span> <span class='ocrx_word' id='word_1_225' title='bbox 2622 1708 2948 1778; x_wconf 81' lang='grc' dir='ltr'>μεγαλόπολι</span> <span class='ocrx_word' id='word_1_226' title='bbox 2973 1708 3065 1761; x_wconf 79' lang='grc' dir='ltr'><strong>καὶ</strong></span> <span class='ocrx_word' id='word_1_227' title='bbox 3096 1709 3409 1782; x_wconf 82' lang='grc' dir='ltr'>φιλόχριστε</span> <span class='ocrx_word' id='word_1_228' title='bbox 3433 1710 3671 1782; x_wconf 87' lang='grc' dir='ltr'>(μαρτυ-</span> 
     </span>
    </p>
   </div>
   <div class='ocr_carea' id='block_1_34' title="bbox 428 1804 1990 1875">
    <p class='ocr_par' dir='ltr' id='par_1_34' title="bbox 428 1804 1990 1875">
     <span class='ocr_line' id='line_1_34' title="bbox 428 1804 1990 1875; baseline 0.001 -19"><span class='ocrx_word' id='word_1_229' title='bbox 428 1805 653 1875; x_wconf 68' lang='lat' dir='ltr'><strong>praedita</strong></span> <span class='ocrx_word' id='word_1_230' title='bbox 704 1804 849 1873; x_wconf 85' lang='lat' dir='ltr'><strong>(vera</strong></span> <span class='ocrx_word' id='word_1_231' title='bbox 899 1804 1041 1856; x_wconf 90' lang='lat' dir='ltr'><strong>enim</strong></span> <span class='ocrx_word' id='word_1_232' title='bbox 1088 1805 1347 1866; x_wconf 81' lang='lat' dir='ltr'><strong>testabor.</strong></span> <span class='ocrx_word' id='word_1_233' title='bbox 1392 1806 1496 1859; x_wconf 85' lang='lat' dir='ltr'><strong>etsi</strong></span> <span class='ocrx_word' id='word_1_234' title='bbox 1541 1821 1646 1860; x_wconf 92' lang='lat' dir='ltr'><strong>non</strong></span> <span class='ocrx_word' id='word_1_235' title='bbox 1698 1805 1990 1860; x_wconf 89' lang='lat' dir='ltr'><strong>secundum</strong></span> 
     </span>
    </p>
   </div>
   <div class='ocr_carea' id='block_1_35' title="bbox 430 1892 1994 1964">
    <p class='ocr_par' dir='ltr' id='par_1_35' title="bbox 430 1892 1994 1964">
     <span class='ocr_line' id='line_1_35' title="bbox 430 1892 1994 1964; baseline 0 -17"><span class='ocrx_word' id='word_1_236' title='bbox 430 1893 711 1947; x_wconf 89' lang='lat' dir='ltr'><strong>scientiam</strong></span> <span class='ocrx_word' id='word_1_237' title='bbox 760 1892 849 1946; x_wconf 87' lang='lat' dir='ltr'><strong>hic</strong></span> <span class='ocrx_word' id='word_1_238' title='bbox 907 1892 1053 1946; x_wconf 89' lang='lat' dir='ltr'><strong>zelus</strong></span> <span class='ocrx_word' id='word_1_239' title='bbox 1098 1902 1181 1947; x_wconf 91' lang='lat' dir='ltr'><strong>est</strong></span> <span class='ocrx_word' id='word_1_240' title='bbox 1225 1894 1305 1957; x_wconf 80' lang='grc'><strong>⁸²;</strong></span> <span class='ocrx_word' id='word_1_241' title='bbox 1363 1895 1706 1964; x_wconf 77' lang='lat' dir='ltr'><strong>benigniores</strong></span> <span class='ocrx_word' id='word_1_242' title='bbox 1755 1911 1851 1950; x_wconf 91' lang='lat' dir='ltr'><strong>nos</strong></span> <span class='ocrx_word' id='word_1_243' title='bbox 1885 1896 1994 1948; x_wconf 90' lang='lat' dir='ltr'><strong>dis—</strong></span> 
     </span>
    </p>
   </div>
   <div class='ocr_carea' id='block_1_36' title="bbox 425 1984 1995 2054">
    <p class='ocr_par' dir='ltr' id='par_1_36' title="bbox 425 1984 1995 2054">
     <span class='ocr_line' id='line_1_36' title="bbox 425 1984 1995 2054; baseline 0 -17"><span class='ocrx_word' id='word_1_244' title='bbox 425 1985 636 2053; x_wconf 88' lang='lat' dir='ltr'><strong>junctio</strong></span> <span class='ocrx_word' id='word_1_245' title='bbox 672 1984 948 2054; x_wconf 87' lang='lat' dir='ltr'><strong>reddidit).</strong></span> <span class='ocrx_word' id='word_1_246' title='bbox 981 1985 1062 2038; x_wconf 81' lang='lat' dir='ltr'><strong>Ad</strong></span> <span class='ocrx_word' id='word_1_247' title='bbox 1123 1985 1403 2040; x_wconf 87' lang='lat' dir='ltr'><strong>veritatem</strong></span> <span class='ocrx_word' id='word_1_248' title='bbox 1437 1986 1710 2050; x_wconf 86' lang='lat' dir='ltr'><strong>accedite;</strong></span> <span class='ocrx_word' id='word_1_249' title='bbox 1763 1985 1829 2038; x_wconf 89' lang='lat' dir='ltr'><strong>ad</strong></span> <span class='ocrx_word' id='word_1_250' title='bbox 1882 1999 1995 2037; x_wconf 84' lang='lat' dir='ltr'><strong>me-</strong></span> 
     </span>
    </p>
   </div>
   <div class='ocr_carea' id='block_1_37' title="bbox 430 2076 1990 2148">
    <p class='ocr_par' dir='ltr' id='par_1_37' title="bbox 430 2076 1990 2148">
     <span class='ocr_line' id='line_1_37' title="bbox 430 2076 1990 2148; baseline 0.003 -19"><span class='ocrx_word' id='word_1_251' title='bbox 430 2079 617 2132; x_wconf 86' lang='lat' dir='ltr'><strong>liorem</strong></span> <span class='ocrx_word' id='word_1_252' title='bbox 655 2076 863 2147; x_wconf 80' lang='lat' dir='ltr'><strong>frugem</strong></span> <span class='ocrx_word' id='word_1_253' title='bbox 914 2080 1127 2132; x_wconf 87' lang='lat' dir='ltr'><strong>tandem</strong></span> <span class='ocrx_word' id='word_1_254' title='bbox 1182 2079 1473 2148; x_wconf 88' lang='lat' dir='ltr'><strong>aliquando</strong></span> <span class='ocrx_word' id='word_1_255' title='bbox 1528 2093 1623 2133; x_wconf 89' lang='lat' dir='ltr'><strong>vos</strong></span> <span class='ocrx_word' id='word_1_256' title='bbox 1660 2078 1990 2141; x_wconf 85' lang='lat' dir='ltr'><strong>convertite;</strong></span> 
     </span>
    </p>
   </div>
   <div class='ocr_carea' id='block_1_38' title="bbox 430 2166 1997 2236">
    <p class='ocr_par' dir='ltr' id='par_1_38' title="bbox 430 2166 1997 2236">
     <span class='ocr_line' id='line_1_38' title="bbox 430 2166 1997 2236; baseline 0.002 -16"><span class='ocrx_word' id='word_1_257' title='bbox 430 2168 623 2230; x_wconf 90' lang='lat' dir='ltr'><strong>Deum,</strong></span> <span class='ocrx_word' id='word_1_258' title='bbox 656 2166 883 2234; x_wconf 88' lang='lat' dir='ltr'><strong>amplius</strong></span> <span class='ocrx_word' id='word_1_259' title='bbox 905 2182 1062 2235; x_wconf 82' lang='lat' dir='ltr'><strong>quam</strong></span> <span class='ocrx_word' id='word_1_260' title='bbox 1093 2169 1470 2233; x_wconf 87' lang='lat' dir='ltr'><strong>consuevistis,</strong></span> <span class='ocrx_word' id='word_1_261' title='bbox 1499 2169 1679 2223; x_wconf 89' lang='lat' dir='ltr'><strong>colite.</strong></span> <span class='ocrx_word' id='word_1_262' title='bbox 1705 2166 1821 2222; x_wconf 87' lang='lat' dir='ltr'><strong>Non</strong></span> <span class='ocrx_word' id='word_1_263' title='bbox 1844 2178 1997 2236; x_wconf 86' lang='lat' dir='ltr'><strong>turpe</strong></span> 
     </span>
    </p>
   </div>
   <div class='ocr_carea' id='block_1_39' title="bbox 431 2259 1996 2328">
    <p class='ocr_par' dir='ltr' id='par_1_39' title="bbox 431 2259 1996 2328">
     <span class='ocr_line' id='line_1_39' title="bbox 431 2259 1996 2328; baseline 0 -16"><span class='ocrx_word' id='word_1_264' title='bbox 431 2268 515 2313; x_wconf 87' lang='lat' dir='ltr'><strong>est</strong></span> <span class='ocrx_word' id='word_1_265' title='bbox 555 2259 876 2312; x_wconf 86' lang='lat' dir='ltr'><strong>sententiam</strong></span> <span class='ocrx_word' id='word_1_266' title='bbox 918 2269 1160 2324; x_wconf 89' lang='lat' dir='ltr'><strong>mutare;</strong></span> <span class='ocrx_word' id='word_1_267' title='bbox 1209 2262 1301 2313; x_wconf 91' lang='lat' dir='ltr'><strong>sed</strong></span> <span class='ocrx_word' id='word_1_268' title='bbox 1348 2261 1401 2312; x_wconf 90' lang='lat' dir='ltr'><strong>in</strong></span> <span class='ocrx_word' id='word_1_269' title='bbox 1448 2260 1589 2315; x_wconf 92' lang='lat' dir='ltr'><strong>malo</strong></span> <span class='ocrx_word' id='word_1_270' title='bbox 1627 2273 1996 2328; x_wconf 83' lang='lat' dir='ltr'><strong>perseverare,</strong></span> 
     </span>
    </p>
   </div>
   <div class='ocr_carea' id='block_1_40' title="bbox 430 2344 1995 2410">
    <p class='ocr_par' dir='ltr' id='par_1_40' title="bbox 430 2344 1995 2410">
     <span class='ocr_line' id='line_1_40' title="bbox 430 2344 1995 2410; baseline -0.001 -10"><span class='ocrx_word' id='word_1_271' title='bbox 430 2346 704 2400; x_wconf 81' lang='lat' dir='ltr'><strong>funestum</strong></span> <span class='ocrx_word' id='word_1_272' title='bbox 744 2355 797 2402; x_wconf 90' lang='lat' dir='ltr'><strong>et</strong></span> <span class='ocrx_word' id='word_1_273' title='bbox 831 2346 1138 2400; x_wconf 83' lang='lat' dir='ltr'><strong>exitiosum.</strong></span> <span class='ocrx_word' id='word_1_274' title='bbox 1174 2345 1303 2399; x_wconf 88' lang='lat' dir='ltr'><strong>Vale</strong></span> <span class='ocrx_word' id='word_1_275' title='bbox 1325 2386 1339 2410; x_wconf 88' lang='lat'><strong>,</strong></span> <span class='ocrx_word' id='word_1_276' title='bbox 1386 2345 1582 2401; x_wconf 85' lang='lat' dir='ltr'><strong>Oriens</strong></span> <span class='ocrx_word' id='word_1_277' title='bbox 1627 2356 1683 2400; x_wconf 87' lang='lat' dir='ltr'><strong>et</strong></span> <span class='ocrx_word' id='word_1_278' title='bbox 1714 2344 1995 2409; x_wconf 88' lang='lat' dir='ltr'><strong>Occidens,</strong></span> 
     </span>
    </p>
   </div>
   <div class='ocr_carea' id='block_1_41' title="bbox 430 2436 1993 2507">
    <p class='ocr_par' dir='ltr' id='par_1_41' title="bbox 430 2436 1993 2507">
     <span class='ocr_line' id='line_1_41' title="bbox 430 2436 1993 2507; baseline 0 -16"><span class='ocrx_word' id='word_1_279' title='bbox 430 2452 529 2507; x_wconf 88' lang='lat' dir='ltr'><strong>pro</strong></span> <span class='ocrx_word' id='word_1_280' title='bbox 553 2437 746 2506; x_wconf 91' lang='lat' dir='ltr'><strong>quibus</strong></span> <span class='ocrx_word' id='word_1_281' title='bbox 773 2446 826 2490; x_wconf 88' lang='lat' dir='ltr'><strong>et</strong></span> <span class='ocrx_word' id='word_1_282' title='bbox 848 2452 878 2490; x_wconf 86' lang='lat' dir='ltr'><strong>a</strong></span> <span class='ocrx_word' id='word_1_283' title='bbox 908 2437 1103 2506; x_wconf 85' lang='lat' dir='ltr'><strong>quibus</strong></span> <span class='ocrx_word' id='word_1_284' title='bbox 1132 2452 1544 2507; x_wconf 83' lang='lat' dir='ltr'><strong>oppugnamur;</strong></span> <span class='ocrx_word' id='word_1_285' title='bbox 1582 2437 1734 2492; x_wconf 90' lang='lat' dir='ltr'><strong>testis</strong></span> <span class='ocrx_word' id='word_1_286' title='bbox 1768 2436 1857 2491; x_wconf 93' lang='lat' dir='ltr'><strong>ille</strong></span> <span class='ocrx_word' id='word_1_287' title='bbox 1890 2447 1993 2502; x_wconf 89' lang='lat' dir='ltr'><strong>est,</strong></span> 
     </span>
    </p>
   </div>
   <div class='ocr_carea' id='block_1_42' title="bbox 430 2528 1997 2599">
    <p class='ocr_par' dir='ltr' id='par_1_42' title="bbox 430 2528 1997 2599">
     <span class='ocr_line' id='line_1_42' title="bbox 430 2528 1997 2599; baseline -0.001 -17"><span class='ocrx_word' id='word_1_288' title='bbox 430 2530 523 2599; x_wconf 90' lang='lat' dir='ltr'><strong>qui</strong></span> <span class='ocrx_word' id='word_1_289' title='bbox 570 2538 788 2599; x_wconf 90' lang='lat' dir='ltr'><strong>pacatos</strong></span> <span class='ocrx_word' id='word_1_290' title='bbox 830 2544 927 2583; x_wconf 87' lang='lat' dir='ltr'><strong>vos</strong></span> <span class='ocrx_word' id='word_1_291' title='bbox 974 2529 1192 2592; x_wconf 85' lang='lat' dir='ltr'><strong>reddet,</strong></span> <span class='ocrx_word' id='word_1_292' title='bbox 1251 2528 1297 2584; x_wconf 92' lang='lat' dir='ltr'><strong>si</strong></span> <span class='ocrx_word' id='word_1_293' title='bbox 1351 2529 1590 2583; x_wconf 88' lang='lat' dir='ltr'><strong>nonnulli</strong></span> <span class='ocrx_word' id='word_1_294' title='bbox 1640 2529 1997 2584; x_wconf 88' lang='lat' dir='ltr'><strong>secessionem</strong></span> 
     </span>
    </p>
   </div>
   <div class='ocr_carea' id='block_1_43' title="bbox 430 2617 2000 2690">
    <p class='ocr_par' dir='ltr' id='par_1_43' title="bbox 430 2617 2000 2690">
     <span class='ocr_line' id='line_1_43' title="bbox 430 2617 2000 2690; baseline 0.003 -20"><span class='ocrx_word' id='word_1_295' title='bbox 430 2632 604 2672; x_wconf 89' lang='lat' dir='ltr'><strong>meam</strong></span> <span class='ocrx_word' id='word_1_296' title='bbox 641 2618 944 2673; x_wconf 89' lang='lat' dir='ltr'><strong>imitentur.</strong></span> <span class='ocrx_word' id='word_1_297' title='bbox 993 2619 1157 2689; x_wconf 78' lang='lat'><strong>768</strong></span> <span class='ocrx_word' id='word_1_298' title='bbox 1187 2617 1303 2673; x_wconf 88' lang='lat' dir='ltr'><strong>Non</strong></span> <span class='ocrx_word' id='word_1_299' title='bbox 1350 2621 1492 2674; x_wconf 88' lang='lat' dir='ltr'><strong>enim</strong></span> <span class='ocrx_word' id='word_1_300' title='bbox 1529 2618 1624 2676; x_wconf 88' lang='lat' dir='ltr'><strong>Dei</strong></span> <span class='ocrx_word' id='word_1_301' title='bbox 1665 2634 1879 2690; x_wconf 90' lang='lat' dir='ltr'><strong>quoque</strong></span> <span class='ocrx_word' id='word_1_302' title='bbox 1915 2618 2000 2689; x_wconf 89' lang='lat' dir='ltr'><strong>ja-</strong></span> 
     </span>
    </p>
   </div>
   <div class='ocr_carea' id='block_1_44' title="bbox 2098 1799 3669 1877">
    <p class='ocr_par' dir='ltr' id='par_1_44' title="bbox 2098 1799 3669 1877">
     <span class='ocr_line' id='line_1_44' title="bbox 2098 1799 3669 1877; baseline 0.002 -23"><span class='ocrx_word' id='word_1_303' title='bbox 2098 1805 2246 1875; x_wconf 90' lang='grc' dir='ltr'>ρήσω</span> <span class='ocrx_word' id='word_1_304' title='bbox 2259 1801 2366 1872; x_wconf 79' lang='grc' dir='ltr'>γὰρ</span> <span class='ocrx_word' id='word_1_305' title='bbox 2377 1799 2601 1871; x_wconf 86' lang='grc' dir='ltr'>τάληθῆ,</span> <span class='ocrx_word' id='word_1_306' title='bbox 2621 1802 2714 1853; x_wconf 68' lang='grc' dir='ltr'><strong>κα)¹</strong></span> <span class='ocrx_word' id='word_1_307' title='bbox 2735 1802 2782 1852; x_wconf 87' lang='grc' dir='ltr'><strong>εί</strong></span> <span class='ocrx_word' id='word_1_308' title='bbox 2802 1801 2875 1872; x_wconf 80' lang='grc' dir='ltr'>μὴ</span> <span class='ocrx_word' id='word_1_309' title='bbox 2898 1802 3017 1854; x_wconf 82' lang='grc' dir='ltr'>κατ’</span> <span class='ocrx_word' id='word_1_310' title='bbox 3032 1802 3322 1870; x_wconf 74' lang='grc' dir='ltr'>ἐπίγνωσιν</span> <span class='ocrx_word' id='word_1_311' title='bbox 3334 1805 3361 1856; x_wconf 84' lang='grc' dir='ltr'><em>ὁ</em></span> <span class='ocrx_word' id='word_1_312' title='bbox 3373 1802 3669 1877; x_wconf 55' lang='lat' dir='ltr'><strong>gamus)-</strong></span> 
     </span>
    </p>
   </div>
   <div class='ocr_carea' id='block_1_45' title="bbox 2096 1891 3675 1966">
    <p class='ocr_par' dir='ltr' id='par_1_45' title="bbox 2096 1891 3675 1966">
     <span class='ocr_line' id='line_1_45' title="bbox 2096 1891 3675 1966; baseline 0.001 -19"><span class='ocrx_word' id='word_1_313' title='bbox 2096 1894 2360 1964; x_wconf 83' lang='grc' dir='ltr'>πεποίηκε</span> <span class='ocrx_word' id='word_1_314' title='bbox 2399 1891 2791 1962; x_wconf 86' lang='grc' dir='ltr'>χρηστοτέρους</span> <span class='ocrx_word' id='word_1_315' title='bbox 2835 1893 3042 1964; x_wconf 80' lang='grc' dir='ltr'>ὴμᾶςή</span> <span class='ocrx_word' id='word_1_316' title='bbox 3091 1892 3407 1964; x_wconf 77' lang='grc' dir='ltr'>διάζευξις).</span> <span class='ocrx_word' id='word_1_317' title='bbox 3442 1895 3675 1966; x_wconf 82' lang='grc' dir='ltr'>Πρόσιτε</span> 
     </span>
    </p>
   </div>
   <div class='ocr_carea' id='block_1_46' title="bbox 2094 1980 3675 2056">
    <p class='ocr_par' dir='ltr' id='par_1_46' title="bbox 2094 1980 3675 2056">
     <span class='ocr_line' id='line_1_46' title="bbox 2094 1980 3675 2056; baseline 0.001 -20"><span class='ocrx_word' id='word_1_318' title='bbox 2094 1986 2161 2054; x_wconf 78' lang='grc' dir='ltr'>τῇ</span> <span class='ocrx_word' id='word_1_319' title='bbox 2211 1980 2469 2051; x_wconf 76' lang='grc' dir='ltr'>ἀληθείᾳ·</span> <span class='ocrx_word' id='word_1_320' title='bbox 2521 1981 2992 2051; x_wconf 78' lang='grc' dir='ltr'>μετασκευάζεσθε</span> <span class='ocrx_word' id='word_1_321' title='bbox 3041 1982 3139 2052; x_wconf 78' lang='grc' dir='ltr'><strong>ὀψὲ</strong></span> <span class='ocrx_word' id='word_1_322' title='bbox 3190 1984 3356 2052; x_wconf 76' lang='grc' dir='ltr'>γοῦνο</span> <span class='ocrx_word' id='word_1_323' title='bbox 3401 1986 3675 2056; x_wconf 83' lang='grc' dir='ltr'>τιμήσατε</span> 
     </span>
    </p>
   </div>
   <div class='ocr_carea' id='block_1_47' title="bbox 2095 2071 3678 2145">
    <p class='ocr_par' dir='ltr' id='par_1_47' title="bbox 2095 2071 3678 2145">
     <span class='ocr_line' id='line_1_47' title="bbox 2095 2071 3678 2145; baseline 0 -17"><span class='ocrx_word' id='word_1_324' title='bbox 2095 2074 2226 2128; x_wconf 86' lang='grc' dir='ltr'>Θεὸν</span> <span class='ocrx_word' id='word_1_325' title='bbox 2243 2072 2379 2144; x_wconf 78' lang='grc'><strong>(15),</strong></span> <span class='ocrx_word' id='word_1_326' title='bbox 2414 2071 2573 2124; x_wconf 84' lang='grc' dir='ltr'>πλέον</span> <span class='ocrx_word' id='word_1_327' title='bbox 2602 2071 2702 2141; x_wconf 81' lang='grc' dir='ltr'>τῆς</span> <span class='ocrx_word' id='word_1_328' title='bbox 2736 2072 3044 2143; x_wconf 84' lang='grc' dir='ltr'>συνηθείας.</span> <span class='ocrx_word' id='word_1_329' title='bbox 3083 2075 3196 2144; x_wconf 83' lang='grc' dir='ltr'><strong>Οὐχ</strong></span> <span class='ocrx_word' id='word_1_330' title='bbox 3228 2075 3261 2145; x_wconf 85' lang='grc' dir='ltr'><strong>ή</strong></span> <span class='ocrx_word' id='word_1_331' title='bbox 3293 2075 3581 2144; x_wconf 80' lang='grc' dir='ltr'>μετάθεσις</span> <span class='ocrx_word' id='word_1_332' title='bbox 3614 2075 3678 2128; x_wconf 82' lang='grc' dir='ltr'><strong>τὸ</strong></span> 
     </span>
    </p>
   </div>
   <div class='ocr_carea' id='block_1_48' title="bbox 2096 2162 3677 2238">
    <p class='ocr_par' dir='ltr' id='par_1_48' title="bbox 2096 2162 3677 2238">
     <span class='ocr_line' id='line_1_48' title="bbox 2096 2162 3677 2238; baseline 0.001 -19"><span class='ocrx_word' id='word_1_333' title='bbox 2096 2164 2318 2238; x_wconf 75' lang='grc' dir='ltr'>αἰσχρὸν</span> <span class='ocrx_word' id='word_1_334' title='bbox 2372 2163 2501 2233; x_wconf 80' lang='grc' dir='ltr'>ἔχει,</span> <span class='ocrx_word' id='word_1_335' title='bbox 2553 2162 2666 2216; x_wconf 82' lang='grc' dir='ltr'>ἀλλ’</span> <span class='ocrx_word' id='word_1_336' title='bbox 2715 2164 2748 2234; x_wconf 88' lang='grc' dir='ltr'><strong>ή</strong></span> <span class='ocrx_word' id='word_1_337' title='bbox 2803 2165 2894 2217; x_wconf 91' lang='grc' dir='ltr'><strong>τοῦ</strong></span> <span class='ocrx_word' id='word_1_338' title='bbox 2942 2165 3113 2218; x_wconf 86' lang='grc' dir='ltr'>κακοῦ</span> <span class='ocrx_word' id='word_1_339' title='bbox 3151 2167 3386 2237; x_wconf 84' lang='grc' dir='ltr'>τήρησις</span> <span class='ocrx_word' id='word_1_340' title='bbox 3433 2165 3532 2238; x_wconf 78' lang='grc' dir='ltr'>τὴν</span> <span class='ocrx_word' id='word_1_341' title='bbox 3571 2169 3677 2220; x_wconf 85' lang='grc' dir='ltr'>ἀπ-</span> 
     </span>
    </p>
   </div>
   <div class='ocr_carea' id='block_1_49' title="bbox 2097 2250 3677 2329">
    <p class='ocr_par' dir='ltr' id='par_1_49' title="bbox 2097 2250 3677 2329">
     <span class='ocr_line' id='line_1_49' title="bbox 2097 2250 3677 2329; baseline 0.003 -21"><span class='ocrx_word' id='word_1_342' title='bbox 2097 2256 2319 2311; x_wconf 85' lang='grc' dir='ltr'>ώλειαν.</span> <span class='ocrx_word' id='word_1_343' title='bbox 2340 2256 2585 2327; x_wconf 88' lang='grc' dir='ltr'>Χαίροις,</span> <span class='ocrx_word' id='word_1_344' title='bbox 2626 2255 2882 2325; x_wconf 84' lang='grc' dir='ltr'>Ἀνατολὴ</span> <span class='ocrx_word' id='word_1_345' title='bbox 2924 2257 3021 2309; x_wconf 76' lang='grc' dir='ltr'><strong>καὶ</strong></span> <span class='ocrx_word' id='word_1_346' title='bbox 3054 2256 3235 2321; x_wconf 84' lang='grc' dir='ltr'>Λύσις,</span> <span class='ocrx_word' id='word_1_347' title='bbox 3284 2259 3423 2329; x_wconf 83' lang='grc' dir='ltr'>ὑπὲρ</span> <span class='ocrx_word' id='word_1_348' title='bbox 3456 2250 3552 2321; x_wconf 88' lang='grc' dir='ltr'><strong>ὧν,</strong></span> <span class='ocrx_word' id='word_1_349' title='bbox 3583 2260 3677 2312; x_wconf 70' lang='grc' dir='ltr'>καὶ</span> 
     </span>
    </p>
   </div>
   <div class='ocr_carea' id='block_1_50' title="bbox 2098 2341 3678 2421">
    <p class='ocr_par' dir='ltr' id='par_1_50' title="bbox 2098 2341 3678 2421">
     <span class='ocr_line' id='line_1_50' title="bbox 2098 2341 3678 2421; baseline 0.001 -20"><span class='ocrx_word' id='word_1_350' title='bbox 2098 2350 2186 2420; x_wconf 83' lang='grc' dir='ltr'><strong>ὑφ’</strong></span> <span class='ocrx_word' id='word_1_351' title='bbox 2207 2341 2281 2403; x_wconf 83' lang='grc' dir='ltr'><strong>ὧν</strong></span> <span class='ocrx_word' id='word_1_352' title='bbox 2312 2347 2695 2419; x_wconf 84' lang='grc' dir='ltr'>πολεμούμεθα</span> <span class='ocrx_word' id='word_1_353' title='bbox 2716 2364 2728 2376; x_wconf 90' lang='grc'><strong>·</strong></span> <span class='ocrx_word' id='word_1_354' title='bbox 2752 2348 2960 2418; x_wconf 84' lang='grc' dir='ltr'>μάρτυς</span> <span class='ocrx_word' id='word_1_355' title='bbox 2979 2350 3006 2401; x_wconf 76' lang='grc' dir='ltr'>ὁ</span> <span class='ocrx_word' id='word_1_356' title='bbox 3025 2349 3357 2420; x_wconf 77' lang='grc' dir='ltr'>εἰρηνεύσων</span> <span class='ocrx_word' id='word_1_357' title='bbox 3375 2350 3519 2419; x_wconf 80' lang='grc' dir='ltr'>ὑμᾶς</span> <span class='ocrx_word' id='word_1_358' title='bbox 3541 2349 3678 2421; x_wconf 88' lang='grc'><strong>(16),</strong></span> 
     </span>
    </p>
   </div>
   <div class='ocr_carea' id='block_1_51' title="bbox 2099 2438 3680 2512">
    <p class='ocr_par' dir='ltr' id='par_1_51' title="bbox 2099 2438 3680 2512">
     <span class='ocr_line' id='line_1_51' title="bbox 2099 2438 3680 2512; baseline 0.001 -19"><span class='ocrx_word' id='word_1_359' title='bbox 2099 2440 2165 2493; x_wconf 86' lang='grc' dir='ltr'><strong>ἂν</strong></span> <span class='ocrx_word' id='word_1_360' title='bbox 2191 2439 2361 2508; x_wconf 83' lang='grc' dir='ltr'>ὀλίγοι</span> <span class='ocrx_word' id='word_1_361' title='bbox 2396 2441 2742 2510; x_wconf 87' lang='grc' dir='ltr'>μιμήσωνται</span> <span class='ocrx_word' id='word_1_362' title='bbox 2766 2438 2864 2509; x_wconf 84' lang='grc' dir='ltr'>τὴν</span> <span class='ocrx_word' id='word_1_363' title='bbox 2898 2440 3035 2512; x_wconf 77' lang='grc' dir='ltr'>ἐμὴν</span> <span class='ocrx_word' id='word_1_364' title='bbox 3063 2441 3434 2512; x_wconf 82' lang='grc' dir='ltr'>ὑποχώρησιν.</span> <span class='ocrx_word' id='word_1_365' title='bbox 3462 2442 3537 2494; x_wconf 85' lang='grc' dir='ltr'><strong>Οὐ</strong></span> <span class='ocrx_word' id='word_1_366' title='bbox 3567 2442 3680 2512; x_wconf 84' lang='grc' dir='ltr'>γὰρ</span> 
     </span>
    </p>
   </div>
   <div class='ocr_carea' id='block_1_52' title="bbox 2098 2530 3676 2604">
    <p class='ocr_par' dir='ltr' id='par_1_52' title="bbox 2098 2530 3676 2604">
     <span class='ocr_line' id='line_1_52' title="bbox 2098 2530 3676 2604; baseline 0 -19"><span class='ocrx_word' id='word_1_367' title='bbox 2098 2530 2303 2585; x_wconf 75' lang='grc' dir='ltr'>καὶτὸν</span> <span class='ocrx_word' id='word_1_368' title='bbox 2328 2530 2459 2585; x_wconf 83' lang='grc' dir='ltr'>Θεὸν</span> <span class='ocrx_word' id='word_1_369' title='bbox 2482 2530 2773 2584; x_wconf 84' lang='grc' dir='ltr'>ἀπολοῦσιν</span> <span class='ocrx_word' id='word_1_370' title='bbox 2801 2532 2849 2583; x_wconf 80' lang='lat' dir='ltr'><strong>oi</strong></span> <span class='ocrx_word' id='word_1_371' title='bbox 2878 2530 2984 2584; x_wconf 86' lang='grc' dir='ltr'><strong>τῶν</strong></span> <span class='ocrx_word' id='word_1_372' title='bbox 3010 2530 3215 2602; x_wconf 87' lang='grc' dir='ltr'>θρόνων</span> <span class='ocrx_word' id='word_1_373' title='bbox 3239 2533 3676 2604; x_wconf 84' lang='grc' dir='ltr'>παραχωρήσαν-</span> 
     </span>
    </p>
   </div>
   <div class='ocr_carea' id='block_1_53' title="bbox 2096 2619 3679 2693">
    <p class='ocr_par' dir='ltr' id='par_1_53' title="bbox 2096 2619 3679 2693">
     <span class='ocr_line' id='line_1_53' title="bbox 2096 2619 3679 2693; baseline 0.001 -19"><span class='ocrx_word' id='word_1_374' title='bbox 2096 2638 2209 2687; x_wconf 86' lang='grc' dir='ltr'>τες,</span> <span class='ocrx_word' id='word_1_375' title='bbox 2238 2621 2353 2675; x_wconf 89' lang='grc' dir='ltr'>ἀλλ’</span> <span class='ocrx_word' id='word_1_376' title='bbox 2383 2621 2562 2686; x_wconf 76' lang='grc' dir='ltr'>ἕξουσι</span> <span class='ocrx_word' id='word_1_377' title='bbox 2606 2619 2703 2692; x_wconf 80' lang='grc' dir='ltr'>τὴν</span> <span class='ocrx_word' id='word_1_378' title='bbox 2748 2621 2860 2675; x_wconf 81' lang='grc' dir='ltr'><strong>ἄνω</strong></span> <span class='ocrx_word' id='word_1_379' title='bbox 2901 2622 3191 2693; x_wconf 83' lang='grc' dir='ltr'>καθέδραν,</span> <span class='ocrx_word' id='word_1_380' title='bbox 3236 2623 3270 2693; x_wconf 79' lang='grc' dir='ltr'>ἢ</span> <span class='ocrx_word' id='word_1_381' title='bbox 3311 2623 3445 2676; x_wconf 87' lang='grc' dir='ltr'>πολὺ</span> <span class='ocrx_word' id='word_1_382' title='bbox 3474 2622 3679 2677; x_wconf 82' lang='grc' dir='ltr'>τούτων</span> 
     </span>
    </p>
   </div>
   <div class='ocr_carea' id='block_1_54' title="bbox 433 2706 1991 2785">
    <p class='ocr_par' dir='ltr' id='par_1_54' title="bbox 433 2706 1991 2779">
     <span class='ocr_line' id='line_1_54' title="bbox 433 2706 1991 2779; baseline 0.001 -17"><span class='ocrx_word' id='word_1_383' title='bbox 433 2717 641 2762; x_wconf 87' lang='lat' dir='ltr'><strong>cturam</strong></span> <span class='ocrx_word' id='word_1_384' title='bbox 674 2706 894 2774; x_wconf 83' lang='lat' dir='ltr'><strong>facient,</strong></span> <span class='ocrx_word' id='word_1_385' title='bbox 921 2710 1010 2777; x_wconf 86' lang='lat' dir='ltr'><strong>qui</strong></span> <span class='ocrx_word' id='word_1_386' title='bbox 1040 2708 1252 2763; x_wconf 89' lang='lat' dir='ltr'><strong>throuis</strong></span> <span class='ocrx_word' id='word_1_387' title='bbox 1271 2709 1565 2777; x_wconf 89' lang='lat' dir='ltr'><strong>cesserint;</strong></span> <span class='ocrx_word' id='word_1_388' title='bbox 1596 2712 1687 2764; x_wconf 86' lang='lat' dir='ltr'><strong>sed</strong></span> <span class='ocrx_word' id='word_1_389' title='bbox 1711 2724 1991 2779; x_wconf 86' lang='lat' dir='ltr'><strong>supernam</strong></span> 
     </span>
    </p>
   </div>
   <div class='ocr_carea' id='block_1_55' title="bbox 2092 2706 3679 2785">
    <p class='ocr_par' dir='ltr' id='par_1_55' title="bbox 2101 2712 3679 2785">
     <span class='ocr_line' id='line_1_55' title="bbox 2101 2712 3679 2785; baseline 0.001 -19"><span class='ocrx_word' id='word_1_390' title='bbox 2101 2712 2246 2766; x_wconf 71' lang='grc' dir='ltr'>ἐστὶν</span> <span class='ocrx_word' id='word_1_391' title='bbox 2269 2712 2574 2785; x_wconf 80' lang='grc' dir='ltr'>ὑψηλοτέρα</span> <span class='ocrx_word' id='word_1_392' title='bbox 2606 2731 2665 2766; x_wconf 89' lang='grc' dir='ltr'><strong>τε</strong></span> <span class='ocrx_word' id='word_1_393' title='bbox 2705 2714 2799 2766; x_wconf 77' lang='grc' dir='ltr'><strong>καὶ</strong></span> <span class='ocrx_word' id='word_1_394' title='bbox 2826 2712 3228 2783; x_wconf 88' lang='grc' dir='ltr'>ἀσφαλεστέρα.</span> <span class='ocrx_word' id='word_1_395' title='bbox 3275 2713 3398 2766; x_wconf 67' lang='lat' dir='ltr'><strong>’Enl.</strong></span> <span class='ocrx_word' id='word_1_396' title='bbox 3438 2714 3573 2767; x_wconf 82' lang='grc' dir='ltr'>πᾶσι</span> <span class='ocrx_word' id='word_1_397' title='bbox 3618 2731 3679 2767; x_wconf 73' lang='grc' dir='ltr'>τι</span> 
     </span>
    </p>
   </div>
   <div class='ocr_carea' id='block_1_56' title="bbox 432 2798 1991 2877">
    <p class='ocr_par' dir='ltr' id='par_1_56' title="bbox 432 2798 1991 2863">
     <span class='ocr_line' id='line_1_56' title="bbox 432 2798 1991 2863; baseline 0.003 -13"><span class='ocrx_word' id='word_1_398' title='bbox 432 2798 741 2853; x_wconf 87' lang='lat' dir='ltr'><strong>cathedram</strong></span> <span class='ocrx_word' id='word_1_399' title='bbox 767 2798 1074 2863; x_wconf 87' lang='lat' dir='ltr'><strong>habebunt,</strong></span> <span class='ocrx_word' id='word_1_400' title='bbox 1104 2800 1189 2854; x_wconf 91' lang='lat' dir='ltr'><strong>his</strong></span> <span class='ocrx_word' id='word_1_401' title='bbox 1222 2799 1389 2855; x_wconf 92' lang='lat' dir='ltr'><strong>multo</strong></span> <span class='ocrx_word' id='word_1_402' title='bbox 1427 2800 1797 2855; x_wconf 89' lang='lat' dir='ltr'><strong>sublimiorem</strong></span> <span class='ocrx_word' id='word_1_403' title='bbox 1833 2811 1887 2855; x_wconf 91' lang='lat' dir='ltr'><strong>et</strong></span> <span class='ocrx_word' id='word_1_404' title='bbox 1916 2809 1991 2854; x_wconf 91' lang='lat' dir='ltr'><strong>tu-</strong></span> 
     </span>
    </p>
   </div>
   <div class='ocr_carea' id='block_1_57' title="bbox 2092 2798 3680 2877">
    <p class='ocr_par' dir='ltr' id='par_1_57' title="bbox 2102 2803 3680 2877">
     <span class='ocr_line' id='line_1_57' title="bbox 2102 2803 3680 2877; baseline 0.001 -19"><span class='ocrx_word' id='word_1_405' title='bbox 2102 2803 2215 2875; x_wconf 88' lang='grc'><strong>(17)</strong></span> <span class='ocrx_word' id='word_1_406' title='bbox 2235 2806 2329 2858; x_wconf 75' lang='grc' dir='ltr'>καὶ</span> <span class='ocrx_word' id='word_1_407' title='bbox 2350 2804 2455 2876; x_wconf 85' lang='grc' dir='ltr'><strong>πρὸ</strong></span> <span class='ocrx_word' id='word_1_408' title='bbox 2475 2804 2692 2859; x_wconf 83' lang='grc' dir='ltr'>πάντων</span> <span class='ocrx_word' id='word_1_409' title='bbox 2705 2804 2989 2877; x_wconf 68' lang='grc' dir='ltr'>βοήσομαι*</span> <span class='ocrx_word' id='word_1_410' title='bbox 3008 2804 3258 2876; x_wconf 86' lang='grc' dir='ltr'>Χαίρετε,</span> <span class='ocrx_word' id='word_1_411' title='bbox 3273 2805 3680 2876; x_wconf 76' lang='grc' dir='ltr'>ἄγγελοι,τῆσδσ</span> 
     </span>
    </p>
   </div>
   <div class='ocr_carea' id='block_1_58' title="bbox 432 2887 1991 2968">
    <p class='ocr_par' dir='ltr' id='par_1_58' title="bbox 432 2887 1991 2946">
     <span class='ocr_line' id='line_1_58' title="bbox 432 2887 1991 2946; baseline 0.004 -6"><span class='ocrx_word' id='word_1_412' title='bbox 432 2887 645 2942; x_wconf 91' lang='lat' dir='ltr'><strong>tiorem.</strong></span> <span class='ocrx_word' id='word_1_413' title='bbox 722 2887 926 2942; x_wconf 73' lang='lat' dir='ltr'><strong>Prazter</strong></span> <span class='ocrx_word' id='word_1_414' title='bbox 974 2890 1152 2944; x_wconf 83' lang='lat' dir='ltr'><strong>omnia</strong></span> <span class='ocrx_word' id='word_1_415' title='bbox 1219 2899 1275 2944; x_wconf 90' lang='lat' dir='ltr'><strong>et</strong></span> <span class='ocrx_word' id='word_1_416' title='bbox 1323 2898 1447 2944; x_wconf 88' lang='lat' dir='ltr'><strong>ante</strong></span> <span class='ocrx_word' id='word_1_417' title='bbox 1493 2890 1672 2944; x_wconf 88' lang='lat' dir='ltr'><strong>omnia</strong></span> <span class='ocrx_word' id='word_1_418' title='bbox 1718 2890 1991 2946; x_wconf 85' lang='lat' dir='ltr'><strong>clamabo:</strong></span> 
     </span>
    </p>
   </div>
   <div class='ocr_carea' id='block_1_59' title="bbox 2092 2887 3680 2968">
    <p class='ocr_par' dir='ltr' id='par_1_59' title="bbox 2102 2895 3680 2968">
     <span class='ocr_line' id='line_1_59' title="bbox 2102 2895 3680 2968; baseline 0.001 -20"><span class='ocrx_word' id='word_1_419' title='bbox 2102 2895 2200 2965; x_wconf 84' lang='grc' dir='ltr'>τῆς</span> <span class='ocrx_word' id='word_1_420' title='bbox 2242 2895 2569 2967; x_wconf 84' lang='grc' dir='ltr'>Ἐκκλησίας</span> <span class='ocrx_word' id='word_1_421' title='bbox 2598 2896 2802 2968; x_wconf 79' lang='grc' dir='ltr'>ἔφοροι,</span> <span class='ocrx_word' id='word_1_422' title='bbox 2830 2897 2926 2950; x_wconf 69' lang='grc' dir='ltr'>καὶ</span> <span class='ocrx_word' id='word_1_423' title='bbox 2951 2896 3052 2966; x_wconf 81' lang='grc' dir='ltr'>τῆς</span> <span class='ocrx_word' id='word_1_424' title='bbox 3088 2896 3229 2967; x_wconf 78' lang='grc' dir='ltr'>ἐμῆς</span> <span class='ocrx_word' id='word_1_425' title='bbox 3260 2896 3562 2968; x_wconf 80' lang='grc' dir='ltr'>παρουσίας</span> <span class='ocrx_word' id='word_1_426' title='bbox 3588 2899 3680 2950; x_wconf 59' lang='grc' dir='ltr'>καὶ</span> 
     </span>
    </p>
   </div>
   <div class='ocr_carea' id='block_1_60' title="bbox 436 2980 1991 3060">
    <p class='ocr_par' dir='ltr' id='par_1_60' title="bbox 436 2980 1991 3051">
     <span class='ocr_line' id='line_1_60' title="bbox 436 2980 1991 3051; baseline 0.002 -17"><span class='ocrx_word' id='word_1_427' title='bbox 436 2981 655 3046; x_wconf 87' lang='lat' dir='ltr'><strong>Valete,</strong></span> <span class='ocrx_word' id='word_1_428' title='bbox 705 2980 919 3048; x_wconf 76' lang='lat' dir='ltr'><strong>angeli,</strong></span> <span class='ocrx_word' id='word_1_429' title='bbox 969 2981 1126 3048; x_wconf 88' lang='lat' dir='ltr'><strong>hujus</strong></span> <span class='ocrx_word' id='word_1_430' title='bbox 1158 2980 1412 3036; x_wconf 60' lang='lat' dir='ltr'><strong>Ecclesiae</strong></span> <span class='ocrx_word' id='word_1_431' title='bbox 1435 2982 1727 3051; x_wconf 64' lang='lat' dir='ltr'><strong>praesides,</strong></span> <span class='ocrx_word' id='word_1_432' title='bbox 1765 2997 1991 3051; x_wconf 64' lang='lat' dir='ltr'><strong>meaeque</strong></span> 
     </span>
    </p>
   </div>
   <div class='ocr_carea' id='block_1_61' title="bbox 2092 2980 3681 3060">
    <p class='ocr_par' dir='ltr' id='par_1_61' title="bbox 2104 2985 3681 3060">
     <span class='ocr_line' id='line_1_61' title="bbox 2104 2985 3681 3060; baseline 0.001 -20"><span class='ocrx_word' id='word_1_433' title='bbox 2104 2985 2388 3056; x_wconf 76' lang='grc' dir='ltr'>ἐκδημίας,</span> <span class='ocrx_word' id='word_1_434' title='bbox 2421 2988 2580 3059; x_wconf 73' lang='grc' dir='ltr'>εἴπερ</span> <span class='ocrx_word' id='word_1_435' title='bbox 2612 2991 2669 3041; x_wconf 82' lang='grc' dir='ltr'>ὲν</span> <span class='ocrx_word' id='word_1_436' title='bbox 2717 2988 2860 3060; x_wconf 77' lang='grc' dir='ltr'>χειρὶ</span> <span class='ocrx_word' id='word_1_437' title='bbox 2907 2988 3042 3041; x_wconf 88' lang='grc' dir='ltr'>Θεοῦ</span> <span class='ocrx_word' id='word_1_438' title='bbox 3084 2988 3153 3041; x_wconf 87' lang='grc' dir='ltr'><strong>τά</strong></span> <span class='ocrx_word' id='word_1_439' title='bbox 3192 2988 3460 3059; x_wconf 83' lang='grc' dir='ltr'>ἡμέτερα.</span> <span class='ocrx_word' id='word_1_440' title='bbox 3507 2988 3681 3060; x_wconf 72' lang='grc' dir='ltr'><strong>Χαίρέ</strong></span> 
     </span>
    </p>
   </div>
   <div class='ocr_carea' id='block_1_62' title="bbox 432 3069 1991 3150">
    <p class='ocr_par' dir='ltr' id='par_1_62' title="bbox 432 3071 1991 3142">
     <span class='ocr_line' id='line_1_62' title="bbox 432 3071 1991 3142; baseline 0.001 -16"><span class='ocrx_word' id='word_1_441' title='bbox 432 3072 732 3142; x_wconf 80' lang='lat' dir='ltr'><strong>praesentia:</strong></span> <span class='ocrx_word' id='word_1_442' title='bbox 770 3088 831 3126; x_wconf 88' lang='lat' dir='ltr'><strong>ac</strong></span> <span class='ocrx_word' id='word_1_443' title='bbox 871 3073 1319 3142; x_wconf 82' lang='lat' dir='ltr'><strong>peregrinationis</strong></span> <span class='ocrx_word' id='word_1_444' title='bbox 1342 3113 1357 3138; x_wconf 92' lang='lat'><strong>,</strong></span> <span class='ocrx_word' id='word_1_445' title='bbox 1387 3074 1430 3127; x_wconf 92' lang='lat' dir='ltr'><strong>si</strong></span> <span class='ocrx_word' id='word_1_446' title='bbox 1459 3071 1616 3127; x_wconf 91' lang='lat' dir='ltr'><strong>modo</strong></span> <span class='ocrx_word' id='word_1_447' title='bbox 1646 3075 1699 3128; x_wconf 92' lang='lat' dir='ltr'><strong>in</strong></span> <span class='ocrx_word' id='word_1_448' title='bbox 1730 3088 1885 3128; x_wconf 86' lang='lat' dir='ltr'><strong>manu</strong></span> <span class='ocrx_word' id='word_1_449' title='bbox 1910 3075 1991 3128; x_wconf 90' lang='lat' dir='ltr'><strong>Dei</strong></span> 
     </span>
    </p>
   </div>
   <div class='ocr_carea' id='block_1_63' title="bbox 2092 3069 3681 3150">
    <p class='ocr_par' dir='ltr' id='par_1_63' title="bbox 2107 3069 3681 3150">
     <span class='ocr_line' id='line_1_63' title="bbox 2107 3069 3681 3150; baseline 0.001 -22"><span class='ocrx_word' id='word_1_450' title='bbox 2107 3093 2216 3147; x_wconf 90' lang='grc' dir='ltr'>μοι,</span> <span class='ocrx_word' id='word_1_451' title='bbox 2244 3069 2501 3147; x_wconf 83' lang='grc' dir='ltr'>ὧΤριάς,</span> <span class='ocrx_word' id='word_1_452' title='bbox 2542 3078 2604 3130; x_wconf 86' lang='grc' dir='ltr'><strong>τὸ</strong></span> <span class='ocrx_word' id='word_1_453' title='bbox 2642 3078 2771 3148; x_wconf 77' lang='grc' dir='ltr'>ἐμὸν</span> <span class='ocrx_word' id='word_1_454' title='bbox 2815 3079 3094 3150; x_wconf 83' lang='grc' dir='ltr'>μελέτημα</span> <span class='ocrx_word' id='word_1_455' title='bbox 3139 3078 3233 3131; x_wconf 79' lang='grc' dir='ltr'><strong>καὶ</strong></span> <span class='ocrx_word' id='word_1_456' title='bbox 3280 3076 3681 3148; x_wconf 59' lang='grc' dir='ltr'>ηλλώπισμαο</span> 
     </span>
    </p>
   </div>
   <div class='ocr_carea' id='block_1_64' title="bbox 432 3162 1991 3239">
    <p class='ocr_par' dir='ltr' id='par_1_64' title="bbox 432 3162 1991 3233">
     <span class='ocr_line' id='line_1_64' title="bbox 432 3162 1991 3233; baseline 0.003 -16"><span class='ocrx_word' id='word_1_457' title='bbox 432 3178 520 3219; x_wconf 86' lang='lat' dir='ltr'><strong>res</strong></span> <span class='ocrx_word' id='word_1_458' title='bbox 546 3174 744 3217; x_wconf 73' lang='lat' dir='ltr'><strong>noetrze</strong></span> <span class='ocrx_word' id='word_1_459' title='bbox 777 3173 923 3217; x_wconf 89' lang='lat' dir='ltr'><strong>sunt.</strong></span> <span class='ocrx_word' id='word_1_460' title='bbox 965 3162 1122 3229; x_wconf 82' lang='lat' dir='ltr'><strong>Vale,</strong></span> <span class='ocrx_word' id='word_1_461' title='bbox 1164 3164 1400 3219; x_wconf 82' lang='lat' dir='ltr'><strong>Trinitas</strong></span> <span class='ocrx_word' id='word_1_462' title='bbox 1428 3206 1444 3231; x_wconf 95' lang='lat'><strong>,</strong></span> <span class='ocrx_word' id='word_1_463' title='bbox 1485 3166 1763 3222; x_wconf 90' lang='lat' dir='ltr'><strong>meditatio</strong></span> <span class='ocrx_word' id='word_1_464' title='bbox 1790 3181 1927 3233; x_wconf 89' lang='lat' dir='ltr'><strong>mea,</strong></span> <span class='ocrx_word' id='word_1_465' title='bbox 1948 3177 1991 3221; x_wconf 86' lang='lat' dir='ltr'><strong>el</strong></span> 
     </span>
    </p>
   </div>
   <div class='ocr_carea' id='block_1_65' title="bbox 2092 3162 3682 3239">
    <p class='ocr_par' dir='ltr' id='par_1_65' title="bbox 2106 3166 3682 3239">
     <span class='ocr_line' id='line_1_65' title="bbox 2106 3166 3682 3239; baseline 0.001 -19"><span class='ocrx_word' id='word_1_466' title='bbox 2106 3168 2199 3221; x_wconf 76' lang='grc' dir='ltr'><strong>καὶ</strong></span> <span class='ocrx_word' id='word_1_467' title='bbox 2229 3166 2421 3232; x_wconf 77' lang='grc' dir='ltr'>σώζοιο</span> <span class='ocrx_word' id='word_1_468' title='bbox 2450 3169 2645 3233; x_wconf 84' lang='grc' dir='ltr'>τοῖσδε,</span> <span class='ocrx_word' id='word_1_469' title='bbox 2674 3171 2768 3222; x_wconf 80' lang='grc' dir='ltr'><strong>καὶ</strong></span> <span class='ocrx_word' id='word_1_470' title='bbox 2806 3168 2998 3234; x_wconf 81' lang='grc' dir='ltr'>σώζοις</span> <span class='ocrx_word' id='word_1_471' title='bbox 3027 3169 3236 3233; x_wconf 82' lang='grc' dir='ltr'>τούσδε,</span> <span class='ocrx_word' id='word_1_472' title='bbox 3272 3169 3364 3222; x_wconf 85' lang='grc' dir='ltr'><strong>τὸν</strong></span> <span class='ocrx_word' id='word_1_473' title='bbox 3397 3168 3528 3239; x_wconf 80' lang='grc' dir='ltr'>ἐμὸν</span> <span class='ocrx_word' id='word_1_474' title='bbox 3555 3169 3682 3222; x_wconf 74' lang='grc' dir='ltr'>λαὸν</span> 
     </span>
    </p>
   </div>
   <div class='ocr_carea' id='block_1_66' title="bbox 432 3251 1991 3330">
    <p class='ocr_par' dir='ltr' id='par_1_66' title="bbox 432 3251 1991 3321">
     <span class='ocr_line' id='line_1_66' title="bbox 432 3251 1991 3321; baseline 0.002 -14"><span class='ocrx_word' id='word_1_475' title='bbox 432 3252 599 3307; x_wconf 88' lang='lat' dir='ltr'><strong>decus</strong></span> <span class='ocrx_word' id='word_1_476' title='bbox 662 3267 859 3306; x_wconf 88' lang='lat' dir='ltr'><strong>meum.</strong></span> <span class='ocrx_word' id='word_1_477' title='bbox 912 3251 1008 3307; x_wconf 87' lang='lat' dir='ltr'><strong>His</strong></span> <span class='ocrx_word' id='word_1_478' title='bbox 1060 3253 1218 3307; x_wconf 86' lang='lat' dir='ltr'><strong>velim</strong></span> <span class='ocrx_word' id='word_1_479' title='bbox 1269 3254 1540 3319; x_wconf 87' lang='lat' dir='ltr'><strong>serveris,</strong></span> <span class='ocrx_word' id='word_1_480' title='bbox 1581 3254 1763 3309; x_wconf 87' lang='lat' dir='ltr'><strong>ethos</strong></span> <span class='ocrx_word' id='word_1_481' title='bbox 1798 3270 1991 3321; x_wconf 79' lang='lat' dir='ltr'><strong>serves,</strong></span> 
     </span>
    </p>
   </div>
   <div class='ocr_carea' id='block_1_67' title="bbox 2092 3251 3677 3330">
    <p class='ocr_par' dir='ltr' id='par_1_67' title="bbox 2106 3257 3677 3330">
     <span class='ocr_line' id='line_1_67' title="bbox 2106 3257 3677 3330; baseline -0.001 -20"><span class='ocrx_word' id='word_1_482' title='bbox 2106 3257 2257 3329; x_wconf 73' lang='grc' dir='ltr'>(ἐμὸς</span> <span class='ocrx_word' id='word_1_483' title='bbox 2289 3258 2419 3329; x_wconf 85' lang='grc' dir='ltr'>γὰρ,</span> <span class='ocrx_word' id='word_1_484' title='bbox 2449 3259 2552 3313; x_wconf 85' lang='grc' dir='ltr'><strong>κᾶν</strong></span> <span class='ocrx_word' id='word_1_485' title='bbox 2578 3259 2752 3322; x_wconf 80' lang='grc' dir='ltr'>ἄλλως</span> <span class='ocrx_word' id='word_1_486' title='bbox 2769 3259 2878 3329; x_wconf 89' lang='grc'><strong>(18)</strong></span> <span class='ocrx_word' id='word_1_487' title='bbox 2899 3258 3327 3330; x_wconf 84' lang='grc' dir='ltr'>οίκονομώμεθα)</span> <span class='ocrx_word' id='word_1_488' title='bbox 3346 3275 3360 3288; x_wconf 75' lang='grc' dir='ltr'><strong><em>ο</em></strong></span> <span class='ocrx_word' id='word_1_489' title='bbox 3398 3259 3494 3310; x_wconf 73' lang='grc' dir='ltr'><strong>καὶ</strong></span> <span class='ocrx_word' id='word_1_490' title='bbox 3512 3258 3677 3326; x_wconf 84' lang='grc' dir='ltr'>ἀγγέ-</span> 
     </span>
    </p>
   </div>
   <div class='ocr_carea' id='block_1_68' title="bbox 434 3343 1991 3422">
    <p class='ocr_par' dir='ltr' id='par_1_68' title="bbox 434 3343 1991 3415">
     <span class='ocr_line' id='line_1_68' title="bbox 434 3343 1991 3415; baseline 0.003 -19"><span class='ocrx_word' id='word_1_491' title='bbox 434 3357 614 3397; x_wconf 87' lang='lat' dir='ltr'><strong>meum</strong></span> <span class='ocrx_word' id='word_1_492' title='bbox 646 3344 789 3398; x_wconf 90' lang='lat' dir='ltr'><strong>hunc</strong></span> <span class='ocrx_word' id='word_1_493' title='bbox 818 3344 1070 3414; x_wconf 81' lang='lat' dir='ltr'><strong>pupulum</strong></span> <span class='ocrx_word' id='word_1_494' title='bbox 1101 3343 1278 3415; x_wconf 90' lang='lat' dir='ltr'><strong>(meus</strong></span> <span class='ocrx_word' id='word_1_495' title='bbox 1314 3345 1458 3399; x_wconf 91' lang='lat' dir='ltr'><strong>enim</strong></span> <span class='ocrx_word' id='word_1_496' title='bbox 1491 3355 1603 3411; x_wconf 89' lang='lat' dir='ltr'><strong>est,</strong></span> <span class='ocrx_word' id='word_1_497' title='bbox 1636 3346 1797 3400; x_wconf 90' lang='lat' dir='ltr'><strong>etiam</strong></span> <span class='ocrx_word' id='word_1_498' title='bbox 1834 3347 1879 3401; x_wconf 89' lang='lat' dir='ltr'><strong>si</strong></span> <span class='ocrx_word' id='word_1_499' title='bbox 1904 3346 1991 3400; x_wconf 62' lang='lat' dir='ltr'><strong>ali«</strong></span> 
     </span>
    </p>
   </div>
   <div class='ocr_carea' id='block_1_69' title="bbox 2092 3343 3683 3422">
    <p class='ocr_par' dir='ltr' id='par_1_69' title="bbox 2104 3350 3683 3422">
     <span class='ocr_line' id='line_1_69' title="bbox 2104 3350 3683 3422; baseline -0.001 -18"><span class='ocrx_word' id='word_1_500' title='bbox 2104 3351 2215 3404; x_wconf 89' lang='grc' dir='ltr'>λοιό</span> <span class='ocrx_word' id='word_1_501' title='bbox 2239 3350 2350 3422; x_wconf 88' lang='grc'><strong>(19)</strong></span> <span class='ocrx_word' id='word_1_502' title='bbox 2399 3368 2487 3422; x_wconf 87' lang='grc' dir='ltr'><strong>μοι</strong></span> <span class='ocrx_word' id='word_1_503' title='bbox 2528 3351 2820 3415; x_wconf 82' lang='grc' dir='ltr'>διαπαντὸς</span> <span class='ocrx_word' id='word_1_504' title='bbox 2866 3351 3176 3422; x_wconf 73' lang='grc' dir='ltr'>ὑψουμένη,</span> <span class='ocrx_word' id='word_1_505' title='bbox 3227 3351 3322 3403; x_wconf 77' lang='grc' dir='ltr'><strong>καὶ</strong></span> <span class='ocrx_word' id='word_1_506' title='bbox 3352 3350 3683 3420; x_wconf 84' lang='grc' dir='ltr'>αὐξουμένη,</span> 
     </span>
    </p>
   </div>
   <div class='ocr_carea' id='block_1_70' title="bbox 437 3433 1991 3513">
    <p class='ocr_par' dir='ltr' id='par_1_70' title="bbox 437 3433 1991 3504">
     <span class='ocr_line' id='line_1_70' title="bbox 437 3433 1991 3504; baseline 0.001 -17"><span class='ocrx_word' id='word_1_507' title='bbox 437 3443 520 3487; x_wconf 90' lang='lat' dir='ltr'><strong>ter</strong></span> <span class='ocrx_word' id='word_1_508' title='bbox 546 3433 956 3503; x_wconf 88' lang='lat' dir='ltr'><strong>gubernemur);</strong></span> <span class='ocrx_word' id='word_1_509' title='bbox 1013 3445 1174 3503; x_wconf 87' lang='lat' dir='ltr'><strong>atque</strong></span> <span class='ocrx_word' id='word_1_510' title='bbox 1222 3435 1433 3488; x_wconf 88' lang='lat' dir='ltr'><strong>audiam</strong></span> <span class='ocrx_word' id='word_1_511' title='bbox 1488 3443 1540 3490; x_wconf 91' lang='lat' dir='ltr'><strong>te</strong></span> <span class='ocrx_word' id='word_1_512' title='bbox 1587 3436 1860 3504; x_wconf 83' lang='lat' dir='ltr'><strong>quotidie,</strong></span> <span class='ocrx_word' id='word_1_513' title='bbox 1890 3444 1991 3489; x_wconf 83' lang='lat' dir='ltr'><strong>tum</strong></span> 
     </span>
    </p>
   </div>
   <div class='ocr_carea' id='block_1_71' title="bbox 2092 3433 3683 3513">
    <p class='ocr_par' dir='ltr' id='par_1_71' title="bbox 2107 3441 3683 3513">
     <span class='ocr_line' id='line_1_71' title="bbox 2107 3441 3683 3513; baseline -0.001 -19"><span class='ocrx_word' id='word_1_514' title='bbox 2107 3442 2202 3495; x_wconf 72' lang='grc' dir='ltr'><strong>κα)⁵</strong></span> <span class='ocrx_word' id='word_1_515' title='bbox 2240 3442 2403 3511; x_wconf 86' lang='grc' dir='ltr'>λόγῳ,</span> <span class='ocrx_word' id='word_1_516' title='bbox 2440 3442 2534 3495; x_wconf 76' lang='grc' dir='ltr'><strong>καὶ</strong></span> <span class='ocrx_word' id='word_1_517' title='bbox 2565 3442 2825 3513; x_wconf 80' lang='grc' dir='ltr'>πολιτείᾳ.</span> <span class='ocrx_word' id='word_1_518' title='bbox 2856 3443 3076 3507; x_wconf 87' lang='grc' dir='ltr'>Τεκνία,</span> <span class='ocrx_word' id='word_1_519' title='bbox 3107 3441 3433 3512; x_wconf 82' lang='grc' dir='ltr'>φυλάσσοιτέ</span> <span class='ocrx_word' id='word_1_520' title='bbox 3463 3459 3552 3513; x_wconf 85' lang='grc' dir='ltr'><strong>μοι</strong></span> <span class='ocrx_word' id='word_1_521' title='bbox 3584 3441 3683 3511; x_wconf 69' lang='grc' dir='ltr'>τὴν</span> 
     </span>
    </p>
   </div>
   <div class='ocr_carea' id='block_1_72' title="bbox 436 3523 1991 3606">
    <p class='ocr_par' dir='ltr' id='par_1_72' title="bbox 436 3523 1991 3596">
     <span class='ocr_line' id='line_1_72' title="bbox 436 3523 1991 3596; baseline 0.003 -19"><span class='ocrx_word' id='word_1_522' title='bbox 436 3537 706 3586; x_wconf 89' lang='lat' dir='ltr'><strong>sermone,</strong></span> <span class='ocrx_word' id='word_1_523' title='bbox 746 3532 856 3576; x_wconf 92' lang='lat' dir='ltr'><strong>tum</strong></span> <span class='ocrx_word' id='word_1_524' title='bbox 879 3523 988 3578; x_wconf 89' lang='lat' dir='ltr'><strong>vita</strong></span> <span class='ocrx_word' id='word_1_525' title='bbox 1020 3534 1074 3579; x_wconf 89' lang='lat' dir='ltr'><strong>et</strong></span> <span class='ocrx_word' id='word_1_526' title='bbox 1105 3526 1342 3580; x_wconf 90' lang='lat' dir='ltr'><strong>moribus</strong></span> <span class='ocrx_word' id='word_1_527' title='bbox 1371 3527 1593 3596; x_wconf 81' lang='lat' dir='ltr'><strong>augeri,</strong></span> <span class='ocrx_word' id='word_1_528' title='bbox 1617 3537 1673 3581; x_wconf 92' lang='lat' dir='ltr'><strong>et</strong></span> <span class='ocrx_word' id='word_1_529' title='bbox 1703 3527 1752 3580; x_wconf 90' lang='lat' dir='ltr'><strong>in</strong></span> <span class='ocrx_word' id='word_1_530' title='bbox 1777 3527 1991 3582; x_wconf 69' lang='lat' dir='ltr'><strong>sublime</strong></span> 
     </span>
    </p>
   </div>
   <div class='ocr_carea' id='block_1_73' title="bbox 2092 3523 3683 3606">
    <p class='ocr_par' dir='ltr' id='par_1_73' title="bbox 2110 3531 3683 3606">
     <span class='ocr_line' id='line_1_73' title="bbox 2110 3531 3683 3606; baseline -0.001 -20"><span class='ocrx_word' id='word_1_531' title='bbox 2110 3533 2605 3606; x_wconf 77' lang='grc' dir='ltr'>παρακαταθήκηνο</span> <span class='ocrx_word' id='word_1_532' title='bbox 2648 3533 2925 3604; x_wconf 87' lang='grc' dir='ltr'>μέμνησθέ</span> <span class='ocrx_word' id='word_1_533' title='bbox 2978 3551 3078 3605; x_wconf 91' lang='grc' dir='ltr'><strong>μου</strong></span> <span class='ocrx_word' id='word_1_534' title='bbox 3133 3533 3242 3585; x_wconf 84' lang='grc' dir='ltr'>τῶν</span> <span class='ocrx_word' id='word_1_535' title='bbox 3281 3531 3583 3603; x_wconf 86' lang='grc' dir='ltr'>λιθασμῶν.</span> <span class='ocrx_word' id='word_1_536' title='bbox 3616 3531 3683 3584; x_wconf 79' lang='grc' dir='ltr'><strong><em>Ἠ</em></strong></span> 
     </span>
    </p>
   </div>
   <div class='ocr_carea' id='block_1_74' title="bbox 436 3615 1991 3697">
    <p class='ocr_par' dir='ltr' id='par_1_74' title="bbox 436 3615 1991 3687">
     <span class='ocr_line' id='line_1_74' title="bbox 436 3615 1991 3687; baseline 0.002 -17"><span class='ocrx_word' id='word_1_537' title='bbox 436 3616 624 3670; x_wconf 89' lang='lat' dir='ltr'><strong>attolli.</strong></span> <span class='ocrx_word' id='word_1_538' title='bbox 658 3615 863 3683; x_wconf 84' lang='lat' dir='ltr'><strong>Filioli,</strong></span> <span class='ocrx_word' id='word_1_539' title='bbox 892 3617 1214 3687; x_wconf 86' lang='lat' dir='ltr'><strong>depositum,</strong></span> <span class='ocrx_word' id='word_1_540' title='bbox 1242 3633 1423 3686; x_wconf 58' lang='lat' dir='ltr'><strong>quaeso</strong></span> <span class='ocrx_word' id='word_1_541' title='bbox 1442 3659 1458 3682; x_wconf 88' lang='lat'><strong>,</strong></span> <span class='ocrx_word' id='word_1_542' title='bbox 1490 3619 1750 3673; x_wconf 88' lang='lat' dir='ltr'><strong>custodite</strong></span> <span class='ocrx_word' id='word_1_543' title='bbox 1769 3619 1851 3675; x_wconf 74' lang='grc' dir='ltr'><strong>⁸⁸ε</strong></span> <span class='ocrx_word' id='word_1_544' title='bbox 1893 3635 1991 3673; x_wconf 91' lang='lat' dir='ltr'><strong>me-</strong></span> 
     </span>
    </p>
   </div>
   <div class='ocr_carea' id='block_1_75' title="bbox 2092 3615 3677 3697">
    <p class='ocr_par' dir='ltr' id='par_1_75' title="bbox 2109 3623 3677 3697">
     <span class='ocr_line' id='line_1_75' title="bbox 2109 3623 3677 3697; baseline -0.002 -18"><span class='ocrx_word' id='word_1_545' title='bbox 2109 3626 2269 3697; x_wconf 87' lang='grc' dir='ltr'>χάρις</span> <span class='ocrx_word' id='word_1_546' title='bbox 2295 3627 2389 3679; x_wconf 91' lang='grc' dir='ltr'><strong>τοῦ</strong></span> <span class='ocrx_word' id='word_1_547' title='bbox 2433 3626 2639 3697; x_wconf 84' lang='grc' dir='ltr'>Κυρίου</span> <span class='ocrx_word' id='word_1_548' title='bbox 2680 3625 2835 3697; x_wconf 83' lang='grc' dir='ltr'>ήμῶν</span> <span class='ocrx_word' id='word_1_549' title='bbox 2876 3625 3048 3697; x_wconf 88' lang='grc' dir='ltr'><strong>Ἰησοῦ</strong></span> <span class='ocrx_word' id='word_1_550' title='bbox 3094 3623 3330 3696; x_wconf 82' lang='grc' dir='ltr'>Χριστοῦ</span> <span class='ocrx_word' id='word_1_551' title='bbox 3372 3623 3509 3695; x_wconf 86' lang='grc' dir='ltr'><strong>μετά</strong></span> <span class='ocrx_word' id='word_1_552' title='bbox 3546 3623 3677 3677; x_wconf 64' lang='grc' dir='ltr'>πάνυ</span> 
     </span>
    </p>
   </div>
   <div class='ocr_carea' id='block_1_76' title="bbox 436 3707 1991 3785">
    <p class='ocr_par' dir='ltr' id='par_1_76' title="bbox 436 3707 1991 3777">
     <span class='ocr_line' id='line_1_76' title="bbox 436 3707 1991 3777; baseline 0.001 -15"><span class='ocrx_word' id='word_1_553' title='bbox 436 3722 615 3763; x_wconf 85' lang='lat' dir='ltr'><strong>mores</strong></span> <span class='ocrx_word' id='word_1_554' title='bbox 651 3717 822 3762; x_wconf 86' lang='lat' dir='ltr'><strong>estote</strong></span> <span class='ocrx_word' id='word_1_555' title='bbox 859 3707 1243 3777; x_wconf 88' lang='lat' dir='ltr'><strong>lapidationum</strong></span> <span class='ocrx_word' id='word_1_556' title='bbox 1289 3724 1526 3764; x_wconf 91' lang='lat' dir='ltr'><strong>mearum</strong></span> <span class='ocrx_word' id='word_1_557' title='bbox 1556 3709 1621 3762; x_wconf 71' lang='grc'>⁸⁸.</span> <span class='ocrx_word' id='word_1_558' title='bbox 1663 3708 1849 3765; x_wconf 85' lang='lat' dir='ltr'><strong>Gratia</strong></span> <span class='ocrx_word' id='word_1_559' title='bbox 1889 3709 1991 3764; x_wconf 91' lang='lat' dir='ltr'><strong>Do-</strong></span> 
     </span>
    </p>
   </div>
   <div class='ocr_carea' id='block_1_77' title="bbox 2092 3707 2644 3785">
    <p class='ocr_par' dir='ltr' id='par_1_77' title="bbox 2107 3714 2644 3785">
     <span class='ocr_line' id='line_1_77' title="bbox 2107 3714 2644 3785; baseline 0.002 -19"><span class='ocrx_word' id='word_1_560' title='bbox 2107 3731 2213 3767; x_wconf 90' lang='grc' dir='ltr'>των</span> <span class='ocrx_word' id='word_1_561' title='bbox 2252 3716 2281 3767; x_wconf 86' lang='grc' dir='ltr'>ὑ</span> <span class='ocrx_word' id='word_1_562' title='bbox 2287 3714 2424 3784; x_wconf 83' lang='grc' dir='ltr'>μῶν.</span> <span class='ocrx_word' id='word_1_563' title='bbox 2456 3715 2644 3785; x_wconf 80' lang='grc' dir='ltr'>Ἀμήν.</span> 
     </span>
    </p>
   </div>
   <div class='ocr_carea' id='block_1_78' title="bbox 436 3796 2073 3858">
    <p class='ocr_par' dir='ltr' id='par_1_78' title="bbox 436 3796 2073 3858">
     <span class='ocr_line' id='line_1_78' title="bbox 436 3796 2073 3858; baseline 0.003 -5"><span class='ocrx_word' id='word_1_564' title='bbox 436 3796 567 3853; x_wconf 87' lang='lat' dir='ltr'><strong>mini</strong></span> <span class='ocrx_word' id='word_1_565' title='bbox 591 3798 758 3851; x_wconf 86' lang='lat' dir='ltr'><strong>nostri</strong></span> <span class='ocrx_word' id='word_1_566' title='bbox 785 3796 910 3853; x_wconf 79' lang='lat' dir='ltr'><strong>Jesu</strong></span> <span class='ocrx_word' id='word_1_567' title='bbox 936 3798 1137 3854; x_wconf 87' lang='lat' dir='ltr'><strong>Christi</strong></span> <span class='ocrx_word' id='word_1_568' title='bbox 1153 3802 1359 3855; x_wconf 87' lang='lat' dir='ltr'><strong>sitcum</strong></span> <span class='ocrx_word' id='word_1_569' title='bbox 1394 3801 1643 3857; x_wconf 89' lang='lat' dir='ltr'><strong>omnibus</strong></span> <span class='ocrx_word' id='word_1_570' title='bbox 1673 3801 1839 3857; x_wconf 83' lang='lat' dir='ltr'><strong>vobis.</strong></span> <span class='ocrx_word' id='word_1_571' title='bbox 1879 3805 2073 3858; x_wconf 87' lang='lat' dir='ltr'><strong>Amen.</strong></span> 
     </span>
    </p>
   </div>
   <div class='ocr_carea' id='block_1_79' title="bbox 490 3948 2008 4023">
    <p class='ocr_par' dir='ltr' id='par_1_79' title="bbox 490 3948 2008 4023">
     <span class='ocr_line' id='line_1_79' title="bbox 490 3948 2008 4023; baseline 0.003 -17"><span class='ocrx_word' id='word_1_572' title='bbox 490 3948 538 3984; x_wconf 79' lang='lat'><strong>&quot;</strong></span> <span class='ocrx_word' id='word_1_573' title='bbox 572 3951 728 4006; x_wconf 83' lang='lat' dir='ltr'><strong>Rom.</strong></span> <span class='ocrx_word' id='word_1_574' title='bbox 763 3968 818 4017; x_wconf 73' lang='grc' dir='ltr'>ι,</span> <span class='ocrx_word' id='word_1_575' title='bbox 848 3953 903 4007; x_wconf 76' lang='lat'><strong>2.</strong></span> <span class='ocrx_word' id='word_1_576' title='bbox 978 3955 1057 4010; x_wconf 80' lang='grc'><strong>⁸³1</strong></span> <span class='ocrx_word' id='word_1_577' title='bbox 1086 3955 1226 4009; x_wconf 92' lang='lat' dir='ltr'><strong>Tim.</strong></span> <span class='ocrx_word' id='word_1_578' title='bbox 1257 3971 1331 4021; x_wconf 76' lang='lat' dir='ltr'><strong>v1,</strong></span> <span class='ocrx_word' id='word_1_579' title='bbox 1357 3954 1446 4009; x_wconf 72' lang='lat'><strong>20.</strong></span> <span class='ocrx_word' id='word_1_580' title='bbox 1522 3955 1783 4013; x_wconf 70' lang='lat' dir='ltr'><strong>“Coloss.</strong></span> <span class='ocrx_word' id='word_1_581' title='bbox 1815 3973 1887 4023; x_wconf 78' lang='grc' dir='ltr'><strong>ιν,</strong></span> <span class='ocrx_word' id='word_1_582' title='bbox 1924 3957 2008 4011; x_wconf 90' lang='grc'><strong>18.</strong></span> 
     </span>
    </p>
   </div>
   <div class='ocr_carea' id='block_1_80' title="bbox 436 4114 1930 4187">
    <p class='ocr_par' dir='ltr' id='par_1_80' title="bbox 436 4114 1930 4187">
     <span class='ocr_line' id='line_1_80' title="bbox 436 4114 1930 4187; baseline -0.001 -16"><span class='ocrx_word' id='word_1_583' title='bbox 436 4114 868 4187; x_wconf 46' lang='grc' dir='ltr'>καὶ-φιλόξενοι,</span> <span class='ocrx_word' id='word_1_584' title='bbox 911 4136 930 4167; x_wconf 75' lang='grc' dir='ltr'><strong>ι</strong></span> <span class='ocrx_word' id='word_1_585' title='bbox 953 4117 1460 4187; x_wconf 15' lang='grc' dir='ltr'>ὁριηυείρδιιρεηιηι</span> <span class='ocrx_word' id='word_1_586' title='bbox 1496 4126 1551 4169; x_wconf 89' lang='lat' dir='ltr'><strong>et</strong></span> <span class='ocrx_word' id='word_1_587' title='bbox 1572 4116 1881 4187; x_wconf 87' lang='lat' dir='ltr'><strong>hospitales.</strong></span> <span class='ocrx_word' id='word_1_588' title='bbox 1913 4138 1930 4170; x_wconf 74' lang='grc' dir='ltr'><strong>ι</strong></span> 
     </span>
    </p>
   </div>
   <div class='ocr_carea' id='block_1_81' title="bbox 507 4182 1991 4255">
    <p class='ocr_par' dir='ltr' id='par_1_81' title="bbox 507 4182 1691 4255">
     <span class='ocr_line' id='line_1_81' title="bbox 507 4182 1691 4255; baseline 0 -17"><span class='ocrx_word' id='word_1_589' title='bbox 507 4182 962 4255; x_wconf 69' lang='grc' dir='ltr'>(8)’Συνδρομαί.</span> <span class='ocrx_word' id='word_1_590' title='bbox 991 4184 1131 4255; x_wconf 71' lang='lat' dir='ltr'><strong>Reg.</strong></span> <span class='ocrx_word' id='word_1_591' title='bbox 1152 4186 1260 4250; x_wconf 90' lang='lat' dir='ltr'><strong>bm,</strong></span> <span class='ocrx_word' id='word_1_592' title='bbox 1278 4182 1598 4255; x_wconf 78' lang='grc' dir='ltr'>συνδρομοί.</span> <span class='ocrx_word' id='word_1_593' title='bbox 1675 4182 1691 4187; x_wconf 60' lang='grc'>⁷</span> 
     </span>
    </p>
   </div>
   <div class='ocr_carea' id='block_1_82' title="bbox 2092 4182 3686 4255">
    <p class='ocr_par' dir='ltr' id='par_1_82' title="bbox 2110 4182 3686 4255">
     <span class='ocr_line' id='line_1_82' title="bbox 2110 4182 3686 4255; baseline 0.003 -18"><span class='ocrx_word' id='word_1_594' title='bbox 2110 4252 2130 4255; x_wconf 98' lang='lat'><strong>_</strong></span> <span class='ocrx_word' id='word_1_595' title='bbox 2186 4184 2297 4253; x_wconf 88' lang='lat' dir='ltr'><strong>(l6)</strong></span> <span class='ocrx_word' id='word_1_596' title='bbox 2337 4184 2526 4253; x_wconf 82' lang='grc' dir='ltr'>Ὑμᾶς.</span> <span class='ocrx_word' id='word_1_597' title='bbox 2564 4182 2679 4255; x_wconf 78' lang='lat' dir='ltr'><strong>__Sic</strong></span> <span class='ocrx_word' id='word_1_598' title='bbox 2704 4185 2884 4255; x_wconf 86' lang='lat' dir='ltr'><strong>plures</strong></span> <span class='ocrx_word' id='word_1_599' title='bbox 2916 4183 3104 4255; x_wconf 82' lang='lat' dir='ltr'><strong>Regg.,</strong></span> <span class='ocrx_word' id='word_1_600' title='bbox 3133 4183 3296 4238; x_wconf 85' lang='lat' dir='ltr'><strong>Coisl.</strong></span> <span class='ocrx_word' id='word_1_601' title='bbox 3328 4182 3378 4255; x_wconf 71' lang='lat'><strong>2_</strong></span> <span class='ocrx_word' id='word_1_602' title='bbox 3411 4191 3467 4237; x_wconf 90' lang='lat' dir='ltr'><strong>et</strong></span> <span class='ocrx_word' id='word_1_603' title='bbox 3495 4183 3592 4239; x_wconf 90' lang='lat' dir='ltr'><strong>Or.</strong></span> <span class='ocrx_word' id='word_1_604' title='bbox 3626 4186 3686 4242; x_wconf 78' lang='grc'>2.</span> 
     </span>
    </p>
   </div>
   <div class='ocr_carea' id='block_1_83' title="bbox 510 4252 1991 4325">
    <p class='ocr_par' dir='ltr' id='par_1_83' title="bbox 510 4252 1991 4325">
     <span class='ocr_line' id='line_1_83' title="bbox 510 4252 1991 4325; baseline 0.001 -17"><span class='ocrx_word' id='word_1_605' title='bbox 510 4252 586 4325; x_wconf 90' lang='grc'><strong>(9)</strong></span> <span class='ocrx_word' id='word_1_606' title='bbox 624 4252 938 4324; x_wconf 57' lang='grc' dir='ltr'>Γραφιδες.</span> <span class='ocrx_word' id='word_1_607' title='bbox 978 4274 997 4307; x_wconf 86' lang='grc'><strong><em>‹</em></strong></span> <span class='ocrx_word' id='word_1_608' title='bbox 1023 4252 1177 4324; x_wconf 80' lang='lat' dir='ltr'><strong>styli,</strong></span> <span class='ocrx_word' id='word_1_609' title='bbox 1214 4252 1459 4325; x_wconf 78' lang='lat' dir='ltr'><strong>grapliia,</strong></span> <span class='ocrx_word' id='word_1_610' title='bbox 1490 4252 1510 4307; x_wconf 68' lang='grc' dir='ltr'><strong><em>ὶ</em></strong></span> <span class='ocrx_word' id='word_1_611' title='bbox 1552 4271 1655 4310; x_wconf 91' lang='lat' dir='ltr'><strong>non</strong></span> <span class='ocrx_word' id='word_1_612' title='bbox 1698 4274 1717 4307; x_wconf 78' lang='grc' dir='ltr'><strong>ι</strong></span> <span class='ocrx_word' id='word_1_613' title='bbox 1740 4257 1991 4322; x_wconf 77' lang='lat' dir='ltr'><strong>calami,i</strong></span> 
     </span>
    </p>
   </div>
   <div class='ocr_carea' id='block_1_84' title="bbox 2092 4252 3690 4325">
    <p class='ocr_par' dir='ltr' id='par_1_84' title="bbox 2109 4252 3690 4325">
     <span class='ocr_line' id='line_1_84' title="bbox 2109 4252 3690 4325; baseline 0.003 -19"><span class='ocrx_word' id='word_1_614' title='bbox 2109 4252 2312 4325; x_wconf 13' lang='lat' dir='ltr'><strong>lni&#39;ed.,</strong></span> <span class='ocrx_word' id='word_1_615' title='bbox 2352 4252 2516 4324; x_wconf 82' lang='grc' dir='ltr'>ἡμᾶς.</span> <span class='ocrx_word' id='word_1_616' title='bbox 2563 4252 2797 4325; x_wconf 56' lang='lat' dir='ltr'><strong>Videtur</strong></span> <span class='ocrx_word' id='word_1_617' title='bbox 2836 4254 2920 4325; x_wconf 87' lang='lat' dir='ltr'><strong>hic</strong></span> <span class='ocrx_word' id='word_1_618' title='bbox 2950 4253 3271 4325; x_wconf 64' lang='lat' dir='ltr'><strong>Gregorius</strong></span> <span class='ocrx_word' id='word_1_619' title='bbox 3314 4252 3552 4308; x_wconf 85' lang='lat' dir='ltr'><strong>alludere</strong></span> <span class='ocrx_word' id='word_1_620' title='bbox 3614 4259 3690 4311; x_wconf 83' lang='lat' dir='ltr'><strong>ad</strong></span> 
     </span>
    </p>
   </div>
   <div class='ocr_carea' id='block_1_85' title="bbox 437 4322 3691 4394">
    <p class='ocr_par' dir='ltr' id='par_1_85' title="bbox 437 4322 3691 4394">
     <span class='ocr_line' id='line_1_85' title="bbox 437 4322 3691 4394; baseline 0 -17"><span class='ocrx_word' id='word_1_621' title='bbox 437 4333 500 4394; x_wconf 79' lang='lat' dir='ltr'><strong>ut</strong></span> <span class='ocrx_word' id='word_1_622' title='bbox 523 4322 688 4378; x_wconf 73' lang='lat' dir='ltr'><strong>vertit</strong></span> <span class='ocrx_word' id='word_1_623' title='bbox 718 4322 860 4389; x_wconf 43' lang='lat' dir='ltr'><strong>B&#39;ill.,</strong></span> <span class='ocrx_word' id='word_1_624' title='bbox 899 4327 989 4394; x_wconf 90' lang='lat' dir='ltr'><strong>qui</strong></span> <span class='ocrx_word' id='word_1_625' title='bbox 1035 4322 1538 4394; x_wconf 58' lang='lat' dir='ltr'><strong>liiscet&#39;emporibns</strong></span> <span class='ocrx_word' id='word_1_626' title='bbox 1587 4329 1820 4380; x_wconf 89' lang='lat' dir='ltr'><strong>nondum</strong></span> <span class='ocrx_word' id='word_1_627' title='bbox 1850 4338 2008 4381; x_wconf 89' lang='lat' dir='ltr'><strong>erant</strong></span> <span class='ocrx_word' id='word_1_628' title='bbox 2110 4324 2342 4377; x_wconf 88' lang='lat' dir='ltr'><strong>schisma</strong></span> <span class='ocrx_word' id='word_1_629' title='bbox 2374 4322 2730 4394; x_wconf 33' lang='lat' dir='ltr'><strong>‘Autiochenaa</strong></span> <span class='ocrx_word' id='word_1_630' title='bbox 2758 4322 3031 4394; x_wconf 59' lang='lat' dir='ltr'><strong>Ecclesite,</strong></span> <span class='ocrx_word' id='word_1_631' title='bbox 3070 4323 3278 4394; x_wconf 84' lang='lat' dir='ltr'><strong>Meletii</strong></span> <span class='ocrx_word' id='word_1_632' title='bbox 3308 4332 3482 4394; x_wconf 70' lang='lat' dir='ltr'><strong>morte</strong></span> <span class='ocrx_word' id='word_1_633' title='bbox 3506 4339 3691 4394; x_wconf 79' lang='lat' dir='ltr'><strong>reno-</strong></span> 
     </span>
    </p>
   </div>
   <div class='ocr_carea' id='block_1_86' title="bbox 428 4392 3689 4467">
    <p class='ocr_par' dir='ltr' id='par_1_86' title="bbox 428 4392 3689 4467">
     <span class='ocr_line' id='line_1_86' title="bbox 428 4392 3689 4467; baseline 0 -23"><span class='ocrx_word' id='word_1_634' title='bbox 428 4393 493 4447; x_wconf 79' lang='lat' dir='ltr'><strong>‘in</strong></span> <span class='ocrx_word' id='word_1_635' title='bbox 529 4409 666 4467; x_wconf 72' lang='lat' dir='ltr'><strong>usu;</strong></span> <span class='ocrx_word' id='word_1_636' title='bbox 703 4397 797 4449; x_wconf 91' lang='lat' dir='ltr'><strong>sed</strong></span> <span class='ocrx_word' id='word_1_637' title='bbox 825 4396 879 4449; x_wconf 90' lang='lat' dir='ltr'><strong>in</strong></span> <span class='ocrx_word' id='word_1_638' title='bbox 909 4392 1082 4449; x_wconf 80' lang='lat' dir='ltr'><strong>cereis</strong></span> <span class='ocrx_word' id='word_1_639' title='bbox 1137 4393 1329 4449; x_wconf 89' lang='lat' dir='ltr'><strong>tabulis</strong></span> <span class='ocrx_word' id='word_1_640' title='bbox 1381 4396 1504 4465; x_wconf 85' lang='lat' dir='ltr'><strong>styli</strong></span> <span class='ocrx_word' id='word_1_641' title='bbox 1557 4396 1639 4450; x_wconf 89' lang='lat' dir='ltr'><strong>vel</strong></span> <span class='ocrx_word' id='word_1_642' title='bbox 1667 4397 1874 4467; x_wconf 87' lang='lat' dir='ltr'><strong>graphii</strong></span> <span class='ocrx_word' id='word_1_643' title='bbox 1904 4413 2005 4466; x_wconf 86' lang='lat' dir='ltr'><strong>0pc</strong></span> <span class='ocrx_word' id='word_1_644' title='bbox 2111 4401 2314 4467; x_wconf 80' lang='lat' dir='ltr'><strong>va_tu_m.</strong></span> <span class='ocrx_word' id='word_1_645' title='bbox 2349 4394 2479 4448; x_wconf 82' lang='lat' dir='ltr'><strong>Vide</strong></span> <span class='ocrx_word' id='word_1_646' title='bbox 2510 4392 2766 4467; x_wconf 85' lang='lat' dir='ltr'><strong>M_oni_tum</strong></span> <span class='ocrx_word' id='word_1_647' title='bbox 2803 4408 2858 4445; x_wconf 93' lang='lat' dir='ltr'><strong>n.</strong></span> <span class='ocrx_word' id='word_1_648' title='bbox 2895 4394 2942 4446; x_wconf 88' lang='lat' dir='ltr'><strong>l.</strong></span> <span class='ocrx_word' id='word_1_649' title='bbox 2997 4392 3309 4467; x_wconf 71' lang='lat' dir='ltr'><strong>Idcircqait</strong></span> <span class='ocrx_word' id='word_1_650' title='bbox 3354 4392 3689 4467; x_wconf 60' lang='lat' dir='ltr'><strong>Ilieologits,</strong></span> 
     </span>
    </p>
   </div>
   <div class='ocr_carea' id='block_1_87' title="bbox 437 4461 3690 4531">
    <p class='ocr_par' dir='ltr' id='par_1_87' title="bbox 437 4461 3690 4531">
     <span class='ocr_line' id='line_1_87' title="bbox 437 4461 3690 4531; baseline 0.001 -16"><span class='ocrx_word' id='word_1_651' title='bbox 437 4464 762 4517; x_wconf 84' lang='lat' dir='ltr'><strong>scribebant.</strong></span> <span class='ocrx_word' id='word_1_652' title='bbox 1185 4529 1193 4531; x_wconf 80' lang='lat'><strong><em>_</em></strong></span> <span class='ocrx_word' id='word_1_653' title='bbox 1336 4530 1343 4531; x_wconf 16' lang='grc' dir='ltr'>ί</span> <span class='ocrx_word' id='word_1_654' title='bbox 1428 4461 1471 4531; x_wconf 37' lang='grc' dir='ltr'>ί,</span> <span class='ocrx_word' id='word_1_655' title='bbox 1670 4461 1694 4466; x_wconf 72' lang='grc'>⁷</span> <span class='ocrx_word' id='word_1_656' title='bbox 1765 4461 1782 4467; x_wconf 88' lang='grc'><em>’</em></span> <span class='ocrx_word' id='word_1_657' title='bbox 1943 4461 1956 4466; x_wconf 83' lang='grc'><em>’</em></span> <span class='ocrx_word' id='word_1_658' title='bbox 2119 4481 2137 4513; x_wconf 76' lang='grc' dir='ltr'><strong>ι</strong></span> <span class='ocrx_word' id='word_1_659' title='bbox 2162 4461 2434 4517; x_wconf 87' lang='lat' dir='ltr'><strong>Orientem</strong></span> <span class='ocrx_word' id='word_1_660' title='bbox 2463 4472 2518 4516; x_wconf 90' lang='lat' dir='ltr'><strong>et</strong></span> <span class='ocrx_word' id='word_1_661' title='bbox 2542 4462 2884 4517; x_wconf 89' lang='lat' dir='ltr'><strong>Occidentem</strong></span> <span class='ocrx_word' id='word_1_662' title='bbox 2942 4472 3160 4531; x_wconf 87' lang='lat' dir='ltr'><strong>pacatos</strong></span> <span class='ocrx_word' id='word_1_663' title='bbox 3191 4461 3325 4531; x_wconf 73' lang='lat' dir='ltr'><strong>fore,</strong></span> <span class='ocrx_word' id='word_1_664' title='bbox 3354 4465 3398 4515; x_wconf 92' lang='lat' dir='ltr'><strong>si</strong></span> <span class='ocrx_word' id='word_1_665' title='bbox 3435 4461 3690 4519; x_wconf 79' lang='lat' dir='ltr'><strong>nonnulli</strong></span> 
     </span>
    </p>
   </div>
   <div class='ocr_carea' id='block_1_88' title="bbox 512 4528 3691 4604">
    <p class='ocr_par' dir='ltr' id='par_1_88' title="bbox 512 4528 3691 4604">
     <span class='ocr_line' id='line_1_88' title="bbox 512 4528 3691 4604; baseline 0.001 -19"><span class='ocrx_word' id='word_1_666' title='bbox 512 4531 623 4604; x_wconf 85' lang='grc'><strong>(10)</strong></span> <span class='ocrx_word' id='word_1_667' title='bbox 646 4529 1280 4604; x_wconf 20' lang='grc' dir='ltr'>ἈπιστονεῄΕιιηιιοιιοε</span> <span class='ocrx_word' id='word_1_668' title='bbox 1303 4528 1586 4598; x_wconf 84' lang='lat' dir='ltr'><strong>signiﬁcat,</strong></span> <span class='ocrx_word' id='word_1_669' title='bbox 1613 4531 1703 4604; x_wconf 78' lang='lat' dir='ltr'><strong>qui</strong></span> <span class='ocrx_word' id='word_1_670' title='bbox 1729 4547 1920 4603; x_wconf 83' lang='lat' dir='ltr'><strong>magna</strong></span> <span class='ocrx_word' id='word_1_671' title='bbox 1939 4550 2006 4590; x_wconf 83' lang='lat' dir='ltr'><strong>ex</strong></span> <span class='ocrx_word' id='word_1_672' title='bbox 2040 4532 2084 4587; x_wconf 88' lang='lat' dir='ltr'><strong>D</strong></span> <span class='ocrx_word' id='word_1_673' title='bbox 2112 4533 2466 4604; x_wconf 78' lang='lat' dir='ltr'><strong>secessionem</strong></span> <span class='ocrx_word' id='word_1_674' title='bbox 2522 4546 2674 4604; x_wconf 79' lang='lat' dir='ltr'><strong>suam</strong></span> <span class='ocrx_word' id='word_1_675' title='bbox 2734 4528 3130 4604; x_wconf 37' lang='lat' dir='ltr'><strong>imitarenturg</strong></span> <span class='ocrx_word' id='word_1_676' title='bbox 3174 4530 3374 4604; x_wconf 72' lang='lat' dir='ltr'><strong>Magna</strong></span> <span class='ocrx_word' id='word_1_677' title='bbox 3416 4532 3691 4601; x_wconf 84' lang='lat' dir='ltr'><strong>siquidem</strong></span> 
     </span>
    </p>
   </div>
   <div class='ocr_carea' id='block_1_89' title="bbox 439 4599 3691 4670">
    <p class='ocr_par' dir='ltr' id='par_1_89' title="bbox 439 4599 3691 4670">
     <span class='ocr_line' id='line_1_89' title="bbox 439 4599 3691 4670; baseline 0.001 -17"><span class='ocrx_word' id='word_1_678' title='bbox 439 4599 818 4670; x_wconf 55' lang='lat' dir='ltr'><strong>parte&#39;Ariano</strong></span> <span class='ocrx_word' id='word_1_679' title='bbox 865 4612 919 4656; x_wconf 88' lang='lat' dir='ltr'><strong>et</strong></span> <span class='ocrx_word' id='word_1_680' title='bbox 948 4601 1327 4656; x_wconf 85' lang='lat' dir='ltr'><strong>Maeedoniano</strong></span> <span class='ocrx_word' id='word_1_681' title='bbox 1378 4605 1563 4655; x_wconf 85' lang='lat' dir='ltr'><strong>err‘ore</strong></span> <span class='ocrx_word' id='word_1_682' title='bbox 1611 4600 1797 4656; x_wconf 77' lang='lat' dir='ltr'><strong>infecti</strong></span> <span class='ocrx_word' id='word_1_683' title='bbox 1820 4599 2002 4661; x_wconf 68' lang='lat' dir='ltr'><strong>crant.</strong></span> <span class='ocrx_word' id='word_1_684' title='bbox 2113 4599 2216 4654; x_wconf 80' lang='lat' dir='ltr'><strong>fuit</strong></span> <span class='ocrx_word' id='word_1_685' title='bbox 2244 4603 2383 4656; x_wconf 88' lang='lat' dir='ltr'><strong>inter</strong></span> <span class='ocrx_word' id='word_1_686' title='bbox 2433 4601 2687 4670; x_wconf 62' lang='lat' dir='ltr'><strong>praesules</strong></span> <span class='ocrx_word' id='word_1_687' title='bbox 2733 4602 2799 4654; x_wconf 89' lang='lat' dir='ltr'><strong>de</strong></span> <span class='ocrx_word' id='word_1_688' title='bbox 2854 4601 3009 4669; x_wconf 87' lang='lat' dir='ltr'><strong>hujus</strong></span> <span class='ocrx_word' id='word_1_689' title='bbox 3062 4599 3316 4656; x_wconf 67' lang='lat' dir='ltr'><strong>Ecclesia:</strong></span> <span class='ocrx_word' id='word_1_690' title='bbox 3369 4599 3691 4670; x_wconf 75' lang='lat' dir='ltr'><strong>episcopatu</strong></span> 
     </span>
    </p>
   </div>
   <div class='ocr_carea' id='block_1_90' title="bbox 440 4670 3687 4742">
    <p class='ocr_par' dir='ltr' id='par_1_90' title="bbox 440 4670 3687 4742">
     <span class='ocr_line' id='line_1_90' title="bbox 440 4670 3687 4742; baseline -0.001 -17"><span class='ocrx_word' id='word_1_691' title='bbox 440 4671 916 4742; x_wconf 78' lang='lat' dir='ltr'><strong>Undesnbjungit,</strong></span> <span class='ocrx_word' id='word_1_692' title='bbox 942 4671 1035 4742; x_wconf 67' lang='grc' dir='ltr'><strong>ὀξὺ</strong></span> <span class='ocrx_word' id='word_1_693' title='bbox 1064 4671 1315 4742; x_wconf 84' lang='grc' dir='ltr'>βοήσατε,</span> <span class='ocrx_word' id='word_1_694' title='bbox 1357 4686 1377 4720; x_wconf 80' lang='grc' dir='ltr'><strong>ι</strong></span> <span class='ocrx_word' id='word_1_695' title='bbox 1402 4678 1556 4723; x_wconf 89' lang='lat' dir='ltr'><strong>acute</strong></span> <span class='ocrx_word' id='word_1_696' title='bbox 1581 4671 1832 4727; x_wconf 88' lang='lat' dir='ltr'><strong>clamate.</strong></span> <span class='ocrx_word' id='word_1_697' title='bbox 1859 4692 1880 4726; x_wconf 87' lang='grc'><strong>›</strong></span> <span class='ocrx_word' id='word_1_698' title='bbox 2113 4672 2415 4742; x_wconf 73' lang='lat' dir='ltr'><strong>contentio;</strong></span> <span class='ocrx_word' id='word_1_699' title='bbox 2477 4685 2541 4724; x_wconf 87' lang='lat' dir='ltr'><strong>ac</strong></span> <span class='ocrx_word' id='word_1_700' title='bbox 2589 4671 2827 4742; x_wconf 50' lang='lat' dir='ltr'><strong>demum,</strong></span> <span class='ocrx_word' id='word_1_701' title='bbox 2882 4680 3028 4742; x_wconf 80' lang='lat' dir='ltr'><strong>post_</strong></span> <span class='ocrx_word' id='word_1_702' title='bbox 3059 4670 3303 4742; x_wconf 78' lang='lat' dir='ltr'><strong>Gregorii</strong></span> <span class='ocrx_word' id='word_1_703' title='bbox 3347 4672 3687 4742; x_wconf 84' lang='lat' dir='ltr'><strong>discessum,</strong></span> 
     </span>
    </p>
   </div>
   <div class='ocr_carea' id='block_1_91' title="bbox 534 4739 3692 4809">
    <p class='ocr_par' dir='ltr' id='par_1_91' title="bbox 534 4739 3692 4809">
     <span class='ocr_line' id='line_1_91' title="bbox 534 4739 3692 4809; baseline 0.001 -16"><span class='ocrx_word' id='word_1_704' title='bbox 534 4741 623 4809; x_wconf 89' lang='grc'><strong>11)</strong></span> <span class='ocrx_word' id='word_1_705' title='bbox 665 4739 923 4808; x_wconf 66' lang='grc' dir='ltr'>Ῥήτοξοα.</span> <span class='ocrx_word' id='word_1_706' title='bbox 957 4739 1209 4809; x_wconf 82' lang='lat' dir='ltr'><strong>Intelligit</strong></span> <span class='ocrx_word' id='word_1_707' title='bbox 1233 4750 1677 4808; x_wconf 81' lang='lat' dir='ltr'><strong>propugnatorem</strong></span> <span class='ocrx_word' id='word_1_708' title='bbox 1716 4745 1937 4798; x_wconf 85' lang='lat' dir='ltr'><strong>erroris.</strong></span> <span class='ocrx_word' id='word_1_709' title='bbox 2114 4740 2324 4794; x_wconf 91' lang='lat' dir='ltr'><strong>concilii</strong></span> <span class='ocrx_word' id='word_1_710' title='bbox 2377 4740 2561 4794; x_wconf 80' lang='lat' dir='ltr'><strong>Patres</strong></span> <span class='ocrx_word' id='word_1_711' title='bbox 2614 4739 2927 4794; x_wconf 81' lang='lat' dir='ltr'><strong>Flavianum</strong></span> <span class='ocrx_word' id='word_1_712' title='bbox 2981 4739 3191 4795; x_wconf 39' lang='lat' dir='ltr'><strong>Meletii’</strong></span> <span class='ocrx_word' id='word_1_713' title='bbox 3228 4741 3347 4796; x_wconf 91' lang='lat' dir='ltr'><strong>loco</strong></span> <span class='ocrx_word' id='word_1_714' title='bbox 3399 4742 3454 4796; x_wconf 90' lang='lat' dir='ltr'><strong>in</strong></span> <span class='ocrx_word' id='word_1_715' title='bbox 3492 4741 3692 4797; x_wconf 80' lang='lat' dir='ltr'><strong>Antio-</strong></span> 
     </span>
    </p>
   </div>
   <div class='ocr_carea' id='block_1_92' title="bbox 537 4808 1991 4880">
    <p class='ocr_par' dir='ltr' id='par_1_92' title="bbox 537 4808 1986 4880">
     <span class='ocr_line' id='line_1_92' title="bbox 537 4808 1986 4880; baseline 0.006 -19"><span class='ocrx_word' id='word_1_716' title='bbox 537 4808 1059 4880; x_wconf 71' lang='grc' dir='ltr'>12)Παντάπασιν.</span> <span class='ocrx_word' id='word_1_717' title='bbox 1110 4808 1269 4866; x_wconf 83' lang='lat' dir='ltr'><strong>Deest</strong></span> <span class='ocrx_word' id='word_1_718' title='bbox 1322 4810 1376 4863; x_wconf 90' lang='lat' dir='ltr'><strong>iu</strong></span> <span class='ocrx_word' id='word_1_719' title='bbox 1423 4809 1714 4867; x_wconf 90' lang='lat' dir='ltr'><strong>nonnullis.</strong></span> <span class='ocrx_word' id='word_1_720' title='bbox 1768 4810 1825 4869; x_wconf 92' lang='lat' dir='ltr'><strong>ln</strong></span> <span class='ocrx_word' id='word_1_721' title='bbox 1869 4814 1986 4870; x_wconf 86' lang='lat' dir='ltr'><strong>aliis</strong></span> 
     </span>
    </p>
   </div>
   <div class='ocr_carea' id='block_1_93' title="bbox 2092 4808 2802 4880">
    <p class='ocr_par' dir='ltr' id='par_1_93' title="bbox 2114 4808 2802 4880">
     <span class='ocr_line' id='line_1_93' title="bbox 2114 4808 2802 4880; baseline -0.006 -15"><span class='ocrx_word' id='word_1_722' title='bbox 2114 4808 2281 4865; x_wconf 81' lang='lat' dir='ltr'><strong>cliena</strong></span> <span class='ocrx_word' id='word_1_723' title='bbox 2306 4811 2433 4880; x_wconf 80' lang='lat' dir='ltr'><strong>sede</strong></span> <span class='ocrx_word' id='word_1_724' title='bbox 2453 4809 2802 4880; x_wconf 79' lang='lat' dir='ltr'><strong>collocarunt.</strong></span> 
     </span>
    </p>
   </div>
   <div class='ocr_carea' id='block_1_94' title="bbox 435 4878 1991 4950">
    <p class='ocr_par' dir='ltr' id='par_1_94' title="bbox 435 4878 1392 4950">
     <span class='ocr_line' id='line_1_94' title="bbox 435 4878 1392 4950; baseline 0 -16"><span class='ocrx_word' id='word_1_725' title='bbox 435 4878 743 4950; x_wconf 73' lang='grc' dir='ltr'>παντελῶς.</span> <span class='ocrx_word' id='word_1_726' title='bbox 845 4947 870 4950; x_wconf 29' lang='lat' dir='ltr'><strong>A</strong></span> <span class='ocrx_word' id='word_1_727' title='bbox 1039 4949 1042 4950; x_wconf 17' lang='grc' dir='ltr'><em>ν</em></span> <span class='ocrx_word' id='word_1_728' title='bbox 1150 4948 1195 4950; x_wconf 32' lang='grc' dir='ltr'>η</span> <span class='ocrx_word' id='word_1_729' title='bbox 1384 4948 1392 4950; x_wconf 22' lang='grc' dir='ltr'>ν</span> 
     </span>
    </p>
   </div>
   <div class='ocr_carea' id='block_1_95' title="bbox 2092 4878 3496 4950">
    <p class='ocr_par' dir='ltr' id='par_1_95' title="bbox 2184 4878 3496 4950">
     <span class='ocr_line' id='line_1_95' title="bbox 2184 4878 3496 4950; baseline 0.003 -18"><span class='ocrx_word' id='word_1_730' title='bbox 2184 4881 2299 4950; x_wconf 86' lang='grc'><strong>(17)</strong></span> <span class='ocrx_word' id='word_1_731' title='bbox 2338 4879 2495 4933; x_wconf 86' lang='grc' dir='ltr'>Πᾶσί</span> <span class='ocrx_word' id='word_1_732' title='bbox 2526 4879 2800 4950; x_wconf 75' lang='lat' dir='ltr'><strong>ze._Deest</strong></span> <span class='ocrx_word' id='word_1_733' title='bbox 2828 4896 2888 4931; x_wconf 86' lang='grc' dir='ltr'><strong>τε</strong></span> <span class='ocrx_word' id='word_1_734' title='bbox 2918 4878 3123 4950; x_wconf 77' lang='lat' dir='ltr'><strong>inReg.</strong></span> <span class='ocrx_word' id='word_1_735' title='bbox 3149 4879 3221 4949; x_wconf 89' lang='lat' dir='ltr'><strong>ph</strong></span> <span class='ocrx_word' id='word_1_736' title='bbox 3249 4889 3300 4936; x_wconf 90' lang='lat' dir='ltr'><strong>et</strong></span> <span class='ocrx_word' id='word_1_737' title='bbox 3324 4879 3420 4936; x_wconf 91' lang='lat' dir='ltr'><strong>Or.</strong></span> <span class='ocrx_word' id='word_1_738' title='bbox 3438 4881 3496 4936; x_wconf 75' lang='grc'>2.</span> 
     </span>
    </p>
   </div>
   <div class='ocr_carea' id='block_1_96' title="bbox 541 4947 1991 5020">
    <p class='ocr_par' dir='ltr' id='par_1_96' title="bbox 541 4947 1396 5020">
     <span class='ocr_line' id='line_1_96' title="bbox 541 4947 1396 5020; baseline 0 -18"><span class='ocrx_word' id='word_1_739' title='bbox 541 4949 626 5020; x_wconf 69' lang='grc'><strong>15)</strong></span> <span class='ocrx_word' id='word_1_740' title='bbox 659 4948 803 5020; x_wconf 78' lang='grc' dir='ltr'>Γᾴρ.</span> <span class='ocrx_word' id='word_1_741' title='bbox 840 4947 974 5020; x_wconf 82' lang='lat' dir='ltr'><strong>Reg.</strong></span> <span class='ocrx_word' id='word_1_742' title='bbox 997 4949 1068 5020; x_wconf 85' lang='lat' dir='ltr'><strong>ph</strong></span> <span class='ocrx_word' id='word_1_743' title='bbox 1099 4948 1267 5015; x_wconf 91' lang='lat' dir='ltr'><strong>addit,</strong></span> <span class='ocrx_word' id='word_1_744' title='bbox 1301 4948 1396 5004; x_wconf 87' lang='grc' dir='ltr'><strong>καί</strong></span> 
     </span>
    </p>
   </div>
   <div class='ocr_carea' id='block_1_97' title="bbox 2092 4947 3086 5020">
    <p class='ocr_par' dir='ltr' id='par_1_97' title="bbox 2180 4947 3086 5020">
     <span class='ocr_line' id='line_1_97' title="bbox 2180 4947 3086 5020; baseline -0.002 -17"><span class='ocrx_word' id='word_1_745' title='bbox 2180 4947 2293 5020; x_wconf 73' lang='grc'><strong>(18)</strong></span> <span class='ocrx_word' id='word_1_746' title='bbox 2326 4950 2581 5020; x_wconf 78' lang='grc' dir='ltr'>Ἀλλῳς.</span> <span class='ocrx_word' id='word_1_747' title='bbox 2606 4948 2739 5020; x_wconf 83' lang='lat' dir='ltr'><strong>Reg.</strong></span> <span class='ocrx_word' id='word_1_748' title='bbox 2772 4950 2879 5011; x_wconf 90' lang='lat' dir='ltr'><strong>bm,</strong></span> <span class='ocrx_word' id='word_1_749' title='bbox 2909 4947 3086 5012; x_wconf 74' lang='grc' dir='ltr'>ἄλλος.</span> 
     </span>
    </p>
   </div>
   <div class='ocr_carea' id='block_1_98' title="bbox 536 5017 1991 5092">
    <p class='ocr_par' dir='ltr' id='par_1_98' title="bbox 536 5017 1991 5092">
     <span class='ocr_line' id='line_1_98' title="bbox 536 5017 1991 5092; baseline 0.003 -19"><span class='ocrx_word' id='word_1_750' title='bbox 536 5017 623 5090; x_wconf 79' lang='grc'><strong>14)</strong></span> <span class='ocrx_word' id='word_1_751' title='bbox 654 5017 853 5089; x_wconf 65' lang='grc' dir='ltr'>Ζῆλος</span> <span class='ocrx_word' id='word_1_752' title='bbox 918 5017 945 5071; x_wconf 74' lang='grc' dir='ltr'><strong><em>ἱ</em></strong></span> <span class='ocrx_word' id='word_1_753' title='bbox 958 5017 1149 5077; x_wconf 65' lang='lat' dir='ltr'><strong>zelus:</strong></span> <span class='ocrx_word' id='word_1_754' title='bbox 1183 5020 1432 5076; x_wconf 87' lang='lat' dir='ltr'><strong>nimirum</strong></span> <span class='ocrx_word' id='word_1_755' title='bbox 1452 5020 1674 5092; x_wconf 84' lang='lat' dir='ltr'><strong>injurias</strong></span> <span class='ocrx_word' id='word_1_756' title='bbox 1695 5021 1991 5082; x_wconf 51' lang='lat' dir='ltr'><strong>ulciscendi.</strong></span> 
     </span>
    </p>
   </div>
   <div class='ocr_carea' id='block_1_99' title="bbox 2092 5017 3311 5092">
    <p class='ocr_par' dir='ltr' id='par_1_99' title="bbox 2183 5017 3311 5090">
     <span class='ocr_line' id='line_1_99' title="bbox 2183 5017 3311 5090; baseline 0 -16"><span class='ocrx_word' id='word_1_757' title='bbox 2183 5017 2295 5090; x_wconf 85' lang='lat' dir='ltr'><strong>(l9)</strong></span> <span class='ocrx_word' id='word_1_758' title='bbox 2351 5018 2669 5089; x_wconf 72' lang='grc' dir='ltr'>Ἀγτέλοιο.</span> <span class='ocrx_word' id='word_1_759' title='bbox 2703 5019 2833 5090; x_wconf 76' lang='lat' dir='ltr'><strong>Reg.</strong></span> <span class='ocrx_word' id='word_1_760' title='bbox 2870 5021 2984 5087; x_wconf 81' lang='lat' dir='ltr'><strong>bin,</strong></span> <span class='ocrx_word' id='word_1_761' title='bbox 3012 5018 3311 5089; x_wconf 81' lang='grc' dir='ltr'>ἀγγέλλοις.</span> 
     </span>
    </p>
   </div>
   <div class='ocr_carea' id='block_1_100' title="bbox 2185 4113 3308 4185">
    <p class='ocr_par' dir='ltr' id='par_1_100' title="bbox 2185 4113 3308 4185">
     <span class='ocr_line' id='line_1_100' title="bbox 2185 4113 3308 4185; baseline 0 -18"><span class='ocrx_word' id='word_1_762' title='bbox 2185 4114 2298 4185; x_wconf 80' lang='grc'><strong>(15)</strong></span> <span class='ocrx_word' id='word_1_763' title='bbox 2334 4116 2500 4185; x_wconf 64' lang='grc' dir='ltr'>Θεόν.</span> <span class='ocrx_word' id='word_1_764' title='bbox 2526 4114 2692 4185; x_wconf 76' lang='lat' dir='ltr'><strong>Regg.</strong></span> <span class='ocrx_word' id='word_1_765' title='bbox 2722 4115 2810 4169; x_wconf 92' lang='lat' dir='ltr'><strong>bm</strong></span> <span class='ocrx_word' id='word_1_766' title='bbox 2840 4122 2892 4167; x_wconf 87' lang='lat' dir='ltr'><strong>et</strong></span> <span class='ocrx_word' id='word_1_767' title='bbox 2918 4114 3010 4185; x_wconf 86' lang='lat' dir='ltr'><strong>ph,</strong></span> <span class='ocrx_word' id='word_1_768' title='bbox 3034 4113 3125 4167; x_wconf 85' lang='grc' dir='ltr'><strong>τὸν</strong></span> <span class='ocrx_word' id='word_1_769' title='bbox 3147 4113 3308 4185; x_wconf 69' lang='grc' dir='ltr'>Θεόν.</span> 
     </span>
    </p>
   </div>
  </div>
