3902 6218
249 268 361 323 493
996 330 1003 333 _
1071 260 1331 322 ῦῆᾹῙῚΟ
1368 265 1551 321 Χιιιι.
1593 297 1661 306 —
1697 265 1765 320 ΙΝ
1810 264 1830 319 l

1946 264 2094 319 'DEM
2134 262 2379 319 BASlLll
2419 262 2655 319 MAGNI.

3393 265 3499 323 4M-

516 416 3461 455 mm

757 568 922 639 769
986 582 1561 676 MONITUM
1645 582 1770 670 IN
1845 578 2557 672 ORATIONEM
2652 582 3014 686 XLIII.
3104 622 3109 625 ·

327 909 379 970 Ι.
429 907 704 970 Basilius
737 910 1030 987 Magnus,
1064 910 1245 986 cuius
1284 910 1551 973 virtutes
1587 927 1657 971 ac
1689 910 1961 985 pretiosa
2008 926 2179 969 mors
2212 910 2277 969 in
2314 909 2428 972 hac
2457 909 2708 970 funebri
2745 909 3034 969 oratione
3070 909 3499 987 celebrantur,

241 988 401 1069 iam,
426 987 608 1069 juxta
648 988 1136 1069 probabiliorem
1162 988 1927 1069 sententiam,_C-tesarete
1963 989 2210 1069 obierat
2242 988 2546 1069 Kalendis
2582 987 2860 1069 Januarii
2896 989 3044 1048 anni
3082 989 3500 1069 379.1nterea

247 1066 599 1144 Gregorius
650 1066 1295 1143 Constantinopolim,
1348 1073 1421 1127 ut
1474 1066 1858 1143 periclitanti
1899 1066 2042 1128 ﬁdei
2103 1067 2626 1143 patrocinaretur,
2687 1067 2946 1136 accitus,
3006 1073 3155 1127 tunc
3205 1068 3495 1129 debitum

247 1144 519 1226 pietatis.
544 1152 605 1204 et
634 1144 932 1226 amicitia
957 1145 1273 1226 tributum
1310 1146 1667 1226 tamcharo
1706 1145 1893 1226 capiti
1930 1145 2465 1226 minime‘solvere
2505 1147 2731 1221 potuit.
2766 1146 3078 1226 Ut_autem
3105 1147 3385 1226 primum
3421 1165 3500 1209 ex

251 1223 412 1284 urbe
441 1221 994 1298 Constantinotioli
1030 1221 1402 1284 discedendi
1448 1221 1792 1285 licentiam
1828 1223 2130 1292 obtinuit,
2193 1222 2578 1283 Nazianzum
2634 1221 2994 1286 revertitur.
3054 1225 3238 1283 «Non
3293 1226 3500 1287 multo

249 1309 417 1377 post,
450 1322 479 1356 ιο
520 1307 591 1361 ut
636 1299 876 1377 Optime
921 1301 1218 1361 observat
1250 1298 1661 1361 doctissimus
1710 1301 2161 1362 Tillemontius
2216 1302 2361 1377 [20].
2418 1325 2445 1355 α
2475 1302 2818 1377 Caesaream
2857 1301 3053 1375 venit,
3085 1324 3112 1357 »
3173 1310 3239 1361 ut
3289 1321 3501 1364 sacros

250 1374 439 1439 amici
476 1374 726 1440 cineres
774 1377 909 1439 suis
948 1378 1239 1457 irrigaret
1280 1378 1602 1459 lacrymis,
1645 1396 1715 1440 ac
1767 1379 2017 1459 publice
2057 1374 2260 1457 ipsiu's
2297 1374 2516 1441 laudes
2568 1374 2763 1442 flebili
2809 1378 3096 1441 oratione
3152 1398 3499 1461 proseque-

248 1466 446 1519 I‘E‘lUl‘.

336 1536 428 1618 lI._
459 1535 783 1597 «lllustris
829 1542 946 1607 est,
1002 1535 1460 1618 inquit_Billius
1513 1538 1660 1613 [21],
1731 1536 1861 1596 ὴωο
1897 1536 2099 1597 oratio
2126 1581 2148 1618 ,_
2180 1553 2251 1618 ac
2301 1535 2593 1618 princeps
2615 1538 2796 1618 inter
2818 1556 2936 1618 eas
2968 1556 3107 1618 quae
3139 1539 3201 1599 in
3233 1538 3499 1600 demon-

250 1615 517 1676 strativo
548 1631 781 1691 genere
812 1622 1174 1674 versantur.
1208 1615 1277 1673 ln
1314 1633 1384 1676 ea
1419 1618 1616 1686 enim,
1670 1622 1962 1691 tanquam
2019 1614 2246 1691 optimi
2295 1615 2563 1675 artiﬁces
2611 1616 2670 1674 in
2727 1614 3146 1692 pulcherrima
3209 1618 3495 1688 materia,

250 1708 477 1754 omnes
508 1692 755 1769 ingenii
789 1701 851 1751 et
876 1693 1211 1753 industria)
1235 1693 1400 1755 vires
1422 1693 1727 1754 effudisse
1762 1692 2033 1763 videtur,
2064 1692 2601 1769 perspicuumque
2628 1695 2927 1757 omnibus
2951 1697 3155 1756 facere
3182 1696 3491 1767 voluisse,

248 1779 523 1848 quantas
558 1789 776 1833 secum
811 1788 963 1848 opes
994 1788 1069 1831 ex
1100 1771 1373 1848 JEgypto
1425 1772 1498 1831 ad
1543 1779 1772 1832 terram
1808 1779 2083 1831 sanctam
2119 1771 2540 1847 deportasset.
2578 1795 2604 1826 »
2665 1772 2843 1833 Hanc
2896 1773 3321 1835 eruditissimi
3370 1772 3491 1834 viri

250 1849 625 1926 opinionem
661 1850 879 1910 libenti
935 1849 1147 1910 animo
1179 1850 1646 1926 amplectimur.
1684 1849 1962 1919 Etenim,
2015 1865 2278 1926 quoquo
2320 1851 2507 1911 modo
2540 1851 2921 1926 inspiciatur
2955 1852 3087 1913 hmo
3114 1852 3345 1925 oratio,
3378 1870 3497 1913 caa-

252 1928 416 1989 teris
444 1929 821 2008 nullatenus
849 1927 1114 1989 inferior
1143 1929 1517 2008 reperietur.
1582 1930 1654 1989 In
1703 1945 1774 1988 ea
1821 1928 2069 2008 quippe
2119 1927 2336 2008 Basilii
2387 1929 2604 2008 vitam,
2661 1930 2957 1990 historica
3019 1931 3317 2008 quidem,
3383 1931 3497 1992 sed

250 2007 866 2088 ornatissimaserie
900 2007 1224 2088 percurrit_
1259 2006 1646 2088 Theologus.
1676 2004 2137 2088 AUndequaque
2171 2004 2417 2065 nativos
2460 2007 2713 2081 pietatis
2764 2015 2824 2066 et
2859 2004 3261 2088 eloquentite
3306 2009 3496 2088 ﬂores

171 2110 179 2120 -
244 2084 331 2144 ita
381 2085 659 2164 profuse
720 2085 981 2163 spargit,
1046 2092 1113 2145 ut
1174 2084 1390 2154 simul,
1450 2093 1512 2145 et
1566 2084 1753 2146 amici
1800 2084 2120 2144 tumulu’m
2172 2100 2507 2161 exornare,
2549 2090 2609 2144 et
2645 2084 3092 2148 remotissimae
3143 2087 3497 2164 posteritati

244 2163 469 2224 Basilii
506 2180 741 2225 nomen
776 2179 1150 2225 consecrare
1184 2164 1496 2225 videatur.

330 2241 443 2304 Ill.
499 2242 836 2312 Caeterum,
893 2240 1071 2302 nullo
1103 2241 1292 2303 modo
1324 2241 1680 2317 culpandus
1716 2242 2063 2315 Gregorius
2091 2287 2107 2315 ,
2147 2240 2198 2300 si
2239 2241 2544 2317 quasdam
2581 2241 2730 2302 huic
2762 2242 3089 2303 charitatis
3125 2241 3333 2305 ofﬁcio
3368 2258 3500 2304 mo-

247 2337 352 2408 ras
415 2323 718 2395 attulerit,
800 2337 966 2408 cum,
1022 2328 1136 2408 ιιι.
1172 2320 1308 2398 ipse
1360 2320 1643 2408 loquitur
1706 2321 1793 2398 (n.
1847 2317 1982 2408 2),__
2017 2341 2045 2375 α
2084 2317 2810 2408 Δρυιρῇιέσοοιιοιὶ,,ιιρο
2880 2321 3179 2408 εἰιιθΛΙλιιὶ
3234 2320 3500 2408 numine

248 2396 463 2458 forsan
499 2416 762 2476 peregre
797 2396 1383 2475 profecti,.in‘vera:
1407 2396 1723 2458 dectrinte'
1741 2396 2159 2476 periclitantis
2197 2396 2450 2476 negotio
2483 2397 2741 2457 interim
2778 2401 3064 2475 occupati
3098 2399 3434 2459 fuerimus.
3468 2421 3497 2453 ιι

245 2476 452 2555 Quam
488 2475 970 2539 excusationem
1005 2477 1263 2553 ipsimet
1291 2476 1526 2537 Basilio
1560 2476 1625 2536 in
1658 2477 1830 2537 caelis
1865 2475 2251 2555 probandam
2303 2475 2426 2555 sibi
2478 2476 2853 2551 pollicetur;
2905 2479 3145 2554 quippe
3175 2478 3311 2555 qui,
3336 2492 3497 2555 cum

246 2554 415 2615 nihil
476 2577 506 2612 α
538 2556 666 2617 nisi
718 2552 1073 2626 veritatem,
1123 2555 1246 2615 nisi
1300 2556 1637 2615 salutarem
1671 2555 2024 2615 doctrinam
2058 2552 2431 2630 ispiraverit,
2464 2576 2491 2607 ιι
2537 2570 2673 2613 eam
2727 2552 3209 2630 periclitantem
3241 2553 3500 2616 defendi

249 2636 470 2710 potius
506 2634 704 2709 malit,
756 2651 947 2712 quam
991 2651 1060 2695 se
1098 2632 1350 2694 funebri
1388 2633 1679 2712 oratione
1713 2633 1791 2692 ab
1846 2633 2048 2712 amico
2081 2631 2410 2712 celebrari.
2473 2632 2639 2712 Hinc
2687 2648 2815 2712 non
2858 2633 3179 2693 immerito
3237 2638 3501 2712 censent

246 2709 513 2798 eruditi,
580 2709 1153 2798 hanc_'ora_tionet_n
1195 2711 1422 2798 dictam
1456 2710 1689 2798 fuisse
1720 2718 1857 2798 post
1906 2710 2111 2798 ipsius
2139 2718 2187 2769 'e
2222 2709 2917 2798 Constantinopolitana
2961 2713 3113 2798 sede
3146 2709 3497 2798 abdicatio:

246 2791 557 2931 nem,3i81;
621 2790 1037 2854 celeberrima
1090 2789 1506 2852 Caesariensis
1565 2786 1852 2851 ecclesiae
1909 2786 2265 2862 eoncione,
2328 2805 2547 2849 mense
2601 2792 2889 2866 Augusto
2970 2788 3064 2850 vel
3143 2786 3501 2867 Septembri

246 2883 403 2929 anni
566 2914 583 2931 .
640 2882 648 2891 '

246 2883 403 2929 anni
442 2882 583 2931 381.
640 2882 648 2891 ’

319 2965 538 3045 (aen.
572 2972 668 3039 1.x,
697 2987 752 3042 p.
783 2971 908 3026 5n.

756 3250 1123 3336 ΛΟΓΟΣ
1160 3242 1374 3338 ΜΓ¹.

2006 2968 2117 3038 (21)
2144 2969 2267 3037 Arg.
2300 2967 2454 3036 hujus
2479 2966 2572 3022 0r.

2362 3253 2745 3329 ORATIO
2805 3252 3126 3329 XLIII“-

246 3434 355 3499 Εις
379 3430 489 3485 τὸν
519 3431 712 3500 μέγαν
738 3429 851 3499 (22)
874 3430 1217 3494 Βασίλειον,
1245 3430 1581 3483 ἐπίσκοπον
1612 3432 1830 3484 Καισω-

1946 3427 2098 3497 770
2127 3425 2383 3480 Funebria
2422 3428 2593 3500 oratio
2626 3428 2680 3480 in
2719 3428 2927 3481 laudem
2964 3428 3150 3482 Basilii
3171 3428 3352 3500 Magni
3379 3429 3501 3489 Cie.

528 3504 699 3570 ρείας
725 3500 1175 3566 Καππαδοκίας,
1207 3500 1538 3568 ἐπιτάφιος.

320 3636 404 3690 A'.
436 3635 704 3706 Ἐμελλεν
729 3634 837 3706 ἄρα
867 3633 1001 3705 (2⁵5),
1035 3632 1237 3694 πολλὰς
1257 3633 1386 3702 ἡμῖν
1415 3631 1702 3695 ὑποθέσεις
1723 3629 1830 3683 τῶν

248 3728 425 3797 λόγων
446 3728 531 3781 ἀεὶ
548 3724 823 3797 προτιθεὶς
851 3725 962 3796 (24)
993 3727 1021 3777 ὁ
1070 3724 1243 3794 μέγας
1272 3722 1548 3786 Βασίλειος
1582 3723 1697 3793 (καὶ
1725 3722 1830 3793 γὰρ

250 3821 617 3892 ἐφιλοτιμεῖτο
644 3821 756 3880 τοῖς
794 3819 947 3889 ἐμοῖς
985 3816 1184 3884 λόγοις,
1210 3815 1286 3879 ὡς
1315 3813 1468 3867 οὔπω
1496 3816 1608 3876 τοῖς
1638 3811 1829 3865 ἑαυτοῦ

248 3909 360 3963 τῶν
388 3909 606 3962 πάντων
634 3906 853 3976 οὐδεὶς),
888 3905 1080 3958 ἑαυτὸν
1106 3904 1201 3958 νῦν
1226 3906 1358 3974 ἡμῖν
1386 3903 1497 3974 (25)
1517 3901 1828 3973 προθήσειν,

250 3999 511 4053 ὑπόθεσιν
567 3997 794 4066 ἀγώνων
857 3996 1119 4067 μεγίστην
1156 3999 1267 4058 τοῖς
1319 3996 1447 4064 περὶ
1495 3992 1685 4062 λόγους
1720 3991 1830 4060 (26)

250 4092 664 4146 ἐσπουδακόσιν.
713 4086 880 4160 Οἶμαι
910 4087 1038 4161 γὰρ,
1076 4088 1231 4150 εἴτις
1268 4087 1367 4156 τῆς
1403 4087 1459 4138 ὲν
1480 4084 1656 4153 λόγοις
1679 4083 1832 4136 δυνά-

254 4199 403 4254 μεως
438 4183 634 4252 πεῖραν
669 4178 1010 4247 ποιούμενος,
1044 4177 1235 4229 ἔπειτα
1263 4175 1397 4246 πρὸς
1425 4178 1622 4245 μέτρον
1651 4176 1831 4244 κρῖναι

250 4273 458 4343 ταύτην
482 4271 748 4341 θελήσειε,
783 4269 911 4340 μίαν
939 4270 1004 4322 ὲκ
1033 4267 1221 4321 πασῶν
1246 4267 1498 4319 ὑπόθεσιν
1527 4264 1833 4337 προστησά-

257 4380 440 4435 μενος,
468 4362 720 4433 καθὰπερ
751 4362 800 4414 οἱ
838 4359 1118 4432 ζωγράφοι
1146 4359 1271 4421 τοὺς
1309 4357 1648 4428 ἀρχετύπους
1673 4355 1831 4409 πίνα-

252 4474 379 4519 κας.
410 4455 614 4526 ταύτην
643 4454 709 4508 ἂν
750 4453 961 4523 ὑφελὼν
995 4452 1191 4523 μόνην,
1233 4451 1308 4515 ὡς
1336 4451 1495 4518 λόγου
1532 4448 1832 4521 κρείττονα,

251 4548 364 4601 τῶν
396 4548 571 4600 ἄλλων
607 4546 821 4599 ἑλέσθαι
870 4544 971 4616 τὴν
1019 4544 1263 4614 πρώτην.
1315 4541 1577 4595 Τοσοῦτον
1614 4541 1772 4613 ἔργον
1802 4541 1834 4611 ἡ

190 4668 197 4674 -
251 4639 349 4693 τοῦ
378 4640 571 4709 ἀνδρὸς
605 4638 871 4710 εὐφημία,
917 4636 990 4708 μὴ
1018 4638 1099 4690 ὅτι
1126 4653 1189 4703 γε
1234 4637 1365 4706 ἡμῖν
1403 4637 1512 4696 τοῖς
1540 4634 1704 4687 πάλαι
1729 4634 1835 4686 πᾶν

2277 3513 2440 3550 sarem
2465 3498 2517 3550 in
2547 3496 3116 3569 (Iappadociaiepiscopi
3135 3511 3185 3554 α.

2000 3629 2043 3685 1.
2069 3629 2181 3686 lloc
2229 3630 2469 3699 profecto
2523 3639 2824 3701 supererat,
2862 3642 2939 3694 ut.
2980 3649 3102 3689 cum
3137 3651 3363 3708 magnus
3413 3638 3502 3693 ille

1935 3721 2162 3777 Basilius
2204 3722 2366 3775 multa
2423 3722 2577 3777 nobis
2620 3725 2929 3776 orationum
2965 3734 3276 3793 argumenta
3300 3742 3501 3797 propo-

1933 3815 2131 3869 suisset
2174 3814 2274 3882 (sic
2304 3815 2446 3868 enim
2487 3815 2622 3870 meis
2673 3816 3008 3871 orationibus
3048 3818 3397 3888 gloriabatur,
3444 3830 3504 3875 ut

1932 3920 2092 3959 nemo
2118 3921 2351 3974 unquam
2373 3907 2614 3961 omnium
2650 3909 2876 3976 perinde
2903 3908 3058 3981 suis),
3090 3911 3323 3980 seipsum
3361 3927 3503 3966 nunc

1934 3996 2089 4052 nobis
2116 4007 2465 4066 proponeret,
2494 4007 2867 4068 argumentum
2890 4002 3241 4054 certaminum
3259 4004 3499 4058 omnium

1935 4087 2250 4150 maximum,
2290 4086 2378 4148 iis,
2422 4087 2512 4157 qui
2541 4086 2736 4145 litteris
2796 4098 2851 4142 et
2904 4088 3224 4158 eloquentiae
3280 4107 3501 4159 operam

1935 4178 2213 4231 dederunt.
2270 4176 2400 4230 Nam
2450 4179 2720 4245 existimo,
2755 4180 2797 4233 si
2834 4181 2954 4248 quis
2999 4195 3149 4234 suam
3193 4181 3244 4233 in
3273 4183 3501 4237 dicendo

1935 4266 2248 4323 facultatem
2277 4270 2535 4339 experiri,
2589 4286 2817 4339 eamque
2872 4282 3055 4338 postea
3097 4272 3240 4326 velut
3272 4273 3339 4326 ad
3373 4288 3504 4326 ποι-υ

1935 4375 2076 4412 mam
2137 4360 2353 4429 exigere
2397 4361 2576 4424 vellet,
2616 4362 2892 4415 materiam
2952 4377 3112 4415 unam
3156 4377 3222 4416 ex
3252 4364 3504 4418 omnibus

1936 4447 2034 4501 sibi
2064 4463 2390 4516 proponens,
2413 4451 2865 4517 quemadmodum
2890 4451 3120 4520 pictores
3141 4466 3237 4506 eas
3269 4453 3503 4518 tabulas,

1935 4555 1999 4593 ex
2035 4541 2228 4608 quibus
2256 4542 2496 4610 exempla
2537 4553 2742 4610 petunt,
2781 4558 2926 4607 eum,
2972 4548 3070 4599 bac
3092 4545 3202 4599 sola
3233 4548 3504 4612 submota,

1936 4631 2082 4685 velut
2105 4634 2398 4686 oratoriam
2438 4648 2650 4686 omnem
2678 4635 2781 4687 vim
2829 4646 3138 4704 superante,
3181 4646 3502 4692 caeterarum

253 4730 315 4784 τὸ
344 4730 623 4801 φιλότιμον
657 4728 1044 4783 καταλύσασιν·
1089 4725 1229 4780 ἀλλὰ
1257 4726 1351 4778 καὶ
1376 4720 1457 4789 οἷς
1493 4724 1605 4795 βίος
1636 4723 1779 4776 ἐστὶν
1808 4725 1830 4774 ὁ

1946 4725 2165 4791 primam
2212 4738 2483 4792 quamque
2524 4724 2877 4778 deiecturum.
2923 4725 3054 4778 Tam
3099 4727 3324 4780 arduum
3369 4743 3505 4797 Opus

253 4822 435 4890 λόγος,
475 4821 533 4875 ἓν
566 4821 724 4874 τοῦτο
772 4818 1129 4874 ἐσπουδακόσι
1160 4817 1253 4870 καὶ
1297 4816 1475 4885 μόνον,
1510 4818 1629 4877 ταῖς
1648 4808 1823 4866 τοιαύὲ

253 4930 377 4976 ταις
407 4914 519 4982 (27)
579 4912 946 4983 ἐνευδοκιμεῖν
1000 4910 1337 4963 ὑποθέσεσιν.
1382 4907 1529 4977 Ἐχω
1565 4907 1661 4976 μὲν
1694 4903 1835 4956 οὕτω

1940 4825 2021 4868 est
2045 4816 2202 4885 hujus
2229 4816 2330 4870 viri
2377 4816 2705 4879 encomium,
2729 4832 2834 4871 non
2877 4818 3030 4872 nobis
3047 4818 3239 4882 solum,
3275 4820 3363 4888 qui
3389 4818 3501 4887 jam

1941 4904 2066 4958 olim
2128 4920 2287 4960 omne
2342 4906 2526 4975 gloria;
2584 4907 2819 4961 studium
2877 4907 3258 4978 deposuimus;
3311 4925 3503 4963 verum

356 5040 382 5071 ι
434 5027 693 5081 ΑΙὶοε2θ.
742 5028 872 5092 Quae
927 5035 1107 5080 autem
1139 5025 1209 5078 43
1255 5033 1392 5086 erat,
1426 5038 1567 5076 nunc
1598 5021 1689 5074 44.
1726 5050 1795 5060 —-
1835 5020 2027 5075 Habita
2097 5021 2356 5077 Caesarea:
2403 5024 2548 5078 circa
2604 5037 2844 5077 mensem
2899 5023 3193 5091 Augustum
3280 5021 3363 5075 vel
3414 5023 3507 5077 Se-

253 5114 274 5132 '
295 5095 706 5167 tetnbretn_anui
736 5098 861 5151 581.

329 5194 440 5265 (22)
470 5197 573 5257 Εὶς
593 5193 701 5248 τὸν
728 5193 941 5264 μέγαν,
967 5202 1073 5248 etc.
1129 5192 1220 5265 Sic
1267 5190 1448 5265 plures
1492 5188 1730 5265 codices.
1769 5205 1827 5265 in

1946 5201 2073 5265 num
2109 5183 2465 5265 eumdemque
2495 5180 2990 5265 eloquentissimum
3026 5178 3253 5265 viro-ma
3293 5191 3505 5265 summe

254 5258 598 5346 quibusdam,
626 5266 705 5346 εἰς
728 5258 824 5346 ibi}
852 5265 1028 5333 ἅγιον,
1057 5262 1247 5346 etc.”ln
1272 5258 1414 5324 aliis,
1458 5259 1597 5313 sicut
1629 5259 1682 5311 in
1715 5258 1831 5311 etli-

259 5333 347 5395 tis,
378 5338 567 5386 desunt
595 5335 684 5386 τὸν
718 5335 911 5404 μέγαν,
933 5344 1008 5404 et.
1035 5333 1127 5385 τὸν
1159 5333 1335 5399 ἆγιον.

332 5404 446 5474 (25)
480 5396 769 5474 Ἔμελλὲν
797 5396 933 5471 ἄρα.
971 5402 1047 5456 lta
1089 5396 1305 5471 prorsus
1333 5398 1682 5474 Lucianusin
1704 5396 1835 5474 Iohi-

255 5467 465 5533 losoplii
506 5467 849 5527 Demonactis
886 5467 1100 5527 laudent
1129 5485 1354 5525 exorsus
1389 5487 1403 5529 ;
1433 5467 1694 5537 Ἐμελλεν
1728 5467 1835 5536 ἄρα

261 5543 399 5613 μηδὲ
430 5545 459 5595 ὁ
490 5542 610 5594 καθ’
634 5544 782 5612 ἡμᾶς
816 5543 948 5612 βίος,
987 5554 1091 5613 etc.
1158 5540 1312 5613 Unde
1354 5538 1612 5613 Muretus,
1649 5538 1834 5603 penul—

259 5606 393 5666 iitito
430 5606 700 5685 variarum
736 5606 1024 5685 lectionum
1056 5611 1214 5685 libro,
1268 5610 1342 5685 ait
1390 5628 1404 5662 :
1442 5627 1490 5685 _¢
1516 5606 1821 5685 Fortassea

257 5696 393 5738 vero
422 5698 527 5737 non
578 5683 732 5751 longe
763 5684 1110 5738 aberraturus
1154 5681 1246 5746 sit,
1295 5678 1489 5748 siquis
1536 5677 1818 5733 sanctissi-

1929 5256 2113 5322 impio,
2146 5255 2237 5306 sed
2272 5246 2415 5306 culto
2461 5246 2642 5306 tamen
2679 5268 2743 5306 ac
2794 5250 2960 5320 polito
2994 5246 3259 5314 scriptore
3301 5246 3503 5314 aliquid

1938 5324 2229 5392 sumpsisse
2259 5326 2462 5376 credat.
2493 5342 2513 5374 ι

2002 5393 2112 5445 (2.4)
2147 5392 2469 5445 Ποοτιθείο.
2515 5391 2677 5445 Rege.
2704 5406 2756 5445 a.
2793 5405 2845 5445 c.
2875 5387 2928 5445 d,
2953 5384 3142 5445 προθεί

2024 5393 2112 5461 2t)
2147 5393 2469 5458 Προτιθείς.
2515 5393 2677 5460 Regg.
2704 5406 2756 5455 a,
2793 5405 2845 5452 c,
2875 5393 2928 5452 d,
2953 5393 3194 5458 προθείςο

2002 5393 2117 5544 (25)
2146 5461 2331 5521 Ἠιιῐν.
2377 5464 2465 5516 Sic
2518 5460 2681 5530 Regg.
2707 5476 2760 5527 a,
2797 5474 2847 5523 c,
2876 5457 2948 5523 d,’
2989 5461 3098 5521 btn,
3123 5463 3227 5509 etc.
3259 5452 3418 5509 Deest
3445 5456 3500 5509 iu

1935 5534 2112 5671 Basilii)
2145 5602 2278 5669 Περὶ
2302 5602 2540 5669 λόγους.
2576 5599 2752 5663 Pass,
2782 5598 2912 5670 περὶ
2932 5596 3124 5671 λογων.

2000 5664 2111 5745 (27)
2152 5664 2285 5738 Τάῐς
2314 5664 2631 5736 τοιαύταις.
2684 5670 2741 5725 lu
2771 5664 3059 5736 nonnullis,
3089 5665 3150 5721 τὸ
3203 5664 3497 5732 τοιαύταις.
