3902 6218
429 318 537 375 J93

1641 312 1699 366 S.
1743 307 2075 366 GREGORII
2115 306 2464 364 THEULOGI

3575 306 3686 361 406

427 431 588 485 etiam
621 428 748 493 illis,
777 429 973 499 quibus
1000 428 1105 483 vita
1138 435 1222 482 est
1264 426 1461 495 oratio,
1499 426 1697 496 quique
1735 428 1899 481 etiam
1938 427 1989 479 in

2102 424 2221 494 περὶ
2251 423 2473 488 τούτων,
2507 423 2624 485 καὶ,
2642 423 2715 488 ὡς
2739 424 2971 494 ἐμαυτὸν
2997 422 3187 487 πείθω,
3212 424 3329 476 λίαν
3352 424 3544 493 ὀρθῶς.
3568 424 3688 480 Οὐκ

427 525 478 579 id
506 536 672 578 unum
716 535 936 588 operam
991 534 1145 574 suam
1175 519 1542 583 contulerunt,
1583 531 1640 572 ιιι
1692 518 1994 587 hujusmodi

422 614 777 683 argumentis,
805 610 1038 664 nominis
1086 609 1167 664 sui
1217 609 1414 664 latinam
1443 610 1735 665 celebrent.
1778 608 1890 663 Hac
1930 609 1997 663 de

428 725 485 765 re
513 708 730 779 quidem
780 708 859 762 sic
901 705 1173 768 existimo,
1197 714 1269 769 et,
1302 712 1361 757 ut
1400 703 1529 758 mihi
1557 704 1880 774 persuadeo,
1904 702 1998 755 ad-

425 804 642 857 modum
672 809 834 855 recte.
874 798 1139 853 Caeterum
1174 797 1378 855 nescio.
1410 811 1512 865 qua
1541 797 1757 851 tandem
1792 795 1897 849 alia
1941 794 1994 847 in

428 909 485 946 re
528 890 866 945 sermonibus
896 890 972 943 uti
1003 902 1219 957 queam,
1258 888 1300 942 si
1340 902 1481 943 nunc
1522 888 1587 941 iis
1618 888 1839 941 minime
1865 900 1995 941 usus

426 983 605 1047 luero;
629 993 721 1036 aut
747 981 875 1050 quid
902 983 1013 1049 ipse
1035 983 1243 1051 gratius
1275 979 1452 1033 facere
1477 980 1705 1048 possim,
1734 979 1815 1034 vel
1839 979 1993 1043 mihi,

422 1077 506 1132 vel
534 1077 600 1130 iis
628 1076 718 1143 qui
762 1075 1013 1128 virtutem
1056 1072 1305 1127 laudibus
1333 1070 1585 1134 eli‘erunt,
1621 1072 1702 1125 vel
1747 1071 1876 1138 ipsis
1901 1072 1997 1126 de-

422 1170 584 1235 nique
606 1164 966 1229 sermonibus,
1003 1177 1164 1232 quam
1189 1163 1233 1216 si
1264 1160 1424 1231 hujus
1449 1162 1551 1216 viri
1582 1162 1767 1217 Iaudes
1795 1161 1991 1231 praedi-

422 1272 561 1312 ccm.
600 1254 676 1309 Ita
706 1255 846 1309 enim
879 1268 964 1307 me
993 1253 1224 1321 primum
1270 1252 1384 1321 ipse
1428 1251 1571 1305 velut
1610 1266 1717 1306 aere
1760 1251 1993 1321 quodam

427 1348 604 1404 alieno
647 1356 920 1414 utcunque
970 1344 1292 1399 liberavero.
1340 1342 1575 1395 Debetur
1602 1341 1822 1410 quippe,
1861 1350 1919 1394 ut
1947 1341 1991 1395 si

421 1440 548 1509 quid
600 1438 765 1502 aliud,
820 1437 970 1500 viris,
1024 1451 1145 1488 cum
1196 1443 1389 1488 caetera
1410 1433 1662 1503 egregiis,
1699 1444 1808 1486 tum
1847 1432 1899 1485 in
1923 1432 1996 1485 di-

420 1530 591 1585 cendo
638 1529 891 1597 copiosis,
930 1527 1125 1579 oratio.
1180 1525 1402 1591 Deinde,
1441 1524 1560 1579 illos
1601 1523 1785 1588 simul,
1822 1534 1868 1580 et
1898 1539 1994 1578 vo-

425 1620 629 1688 luptate
682 1618 877 1673 aﬂiciet
910 1619 1017 1677 hic
1055 1632 1259 1680 sermo,
1296 1626 1352 1670 et
1394 1618 1460 1669 ad
1500 1614 1714 1670 virtutis
1756 1615 1993 1669 studium

418 1710 808 1765 exstimulabit.
852 1708 1091 1776 Quarum
1160 1708 1303 1759 enim
1348 1720 1528 1758 rerum
1594 1705 1783 1758 laudes
1849 1704 1990 1764 novi.

2099 513 2215 570 οἶδα
2239 516 2315 582 δὲ,
2349 518 2428 579 είς
2460 517 2487 569 ὃ
2516 533 2567 569 τι
2612 515 2678 569 ἂν
2711 516 2839 569 ἄλλο
2866 516 3179 587 χρησαίμην
3225 519 3336 579 τοῖς
3362 515 3559 583 λόγοις,
3607 517 3684 588 μὴ

2099 607 2192 660 νῦν
2213 610 2574 680 χρησάμενος⁸
2606 608 2639 677 ἢ
2663 609 2692 660 ὃ
2712 608 2763 661 τί
2792 608 2909 661 ποτ’
2945 609 3011 662 ἂν
3041 609 3243 678 μᾶλλον
3271 610 3304 680 ἢ
3329 609 3439 680 (28)
3463 611 3688 679 ἐμαυτῳ

2099 701 2453 771 χαρισαίμην,
2493 700 2526 770 ἢ
2558 703 2671 763 τοῖς
2696 701 2897 771 ἀρετῆς
2947 700 3057 770 (29)
3116 703 3461 767 ἐπαινέταις,
3509 702 3686 772 ἥτοῖς

2097 789 2274 859 λόγοις
2304 790 2509 856 αὐτοῖς,
2542 790 2576 861 ἢ
2609 791 2699 844 τὸν
2722 790 2889 862 ἄνδρα
2917 790 3103 845 τοῦτον
3160 791 3468 862 θαυμάσας.
3530 794 3687 864 Ἐμοί

2096 898 2156 935 τε
2181 881 2288 954 γὰρ
2312 881 2461 935 ἔσται
2483 881 2640 935 τοῦτο
2666 883 2824 955 χρέος
2852 882 3050 947 ἱκανῶς
3080 884 3491 953 ἀφωσιωμένον.
3508 885 3687 954 Χρέας

2095 978 2171 1043 δὲ,
2208 979 2366 1051 είπερ
2400 978 2529 1032 ἄλλο
2553 997 2627 1044 τι,
2661 982 2775 1043 τοῖς
2814 979 3039 1047 ἀγαθοῖς
3079 980 3146 1033 τά
3177 997 3237 1033 τε
3264 979 3399 1033 ἄλλα
3426 981 3521 1033 καὶ
3556 982 3690 1052 περὶ

2095 1070 2189 1125 τὸν
2212 1070 2389 1140 λόγον,
2446 1072 2475 1124 ό
2520 1071 2697 1140 λόγος.
2740 1071 2999 1134 Ἐκείνοις
3027 1071 3075 1123 θ’
3101 1071 3216 1141 ἅμα
3257 1071 3356 1141 μὲν
3386 1072 3546 1143 ἡδονὴ
3588 1072 3688 1139 γέ-

2097 1179 2258 1226 νοιτο,
2286 1163 2380 1216 καὶ
2414 1163 2530 1234 ἅμα
2565 1162 2911 1234 παράκλησις
2961 1166 3041 1226 είς
3071 1164 3292 1235 ἀρετὴν,
3327 1166 3356 1217 ό
3385 1164 3562 1235 λόγος.
3584 1161 3689 1219 Ὧν

2095 1255 2204 1326 γὰρ
2233 1255 2360 1317 τοὺς
2386 1254 2645 1317 ἐπαίνους
2683 1253 2792 1323 (50)
2822 1249 2958 1318 οἶδα,
2993 1252 3198 1306 τούτων
3240 1254 3426 1322 σαφῶς
3458 1256 3553 1308 καὶ
3584 1254 3688 1318 τὰς

2096 1344 2383 1408 ἐπιδόσεις·
2418 1346 2505 1398 ἐπ’
2556 1344 2768 1407 οὐδενὸς
2813 1339 2905 1397 οὖν
2932 1343 3043 1398 τῶν
3067 1344 3349 1408 ἁπάντων,
3403 1347 3502 1398 οὐκ
3534 1345 3689 1399 ἔστιν

2096 1438 2182 1506 ἐφ’
2210 1437 2316 1508 ὅτῳ
2370 1437 2491 1507 οὐχὶ
2534 1436 2639 1490 τῶν
2677 1436 2953 1492 ἁπάντων.
2989 1437 3115 1500 Τοῖς
3155 1454 3216 1489 τε
3267 1436 3445 1505 λόγοις
3497 1440 3689 1502 αὐτοῖς

2095 1526 2483 1598 ἀμφοτέρωθεν
2539 1526 2604 1581 ἂν
2643 1527 2756 1597 ἔχοι
2812 1528 2873 1581 τὸ
2924 1528 3159 1597 πρᾶγμα
3207 1526 3409 1590 καλῶς.
3466 1528 3529 1581 El
3583 1529 3689 1599 μὲν

2096 1618 2263 1686 ἐγγὺς
2296 1616 2499 1670 ἔλθοιεν
2526 1620 2624 1688 τῆς
2653 1618 2831 1685 ἀξίας,
2867 1618 2966 1690 τὴν
2989 1618 3197 1672 ἑαυτῶν
3226 1619 3691 1690 ἐπιδεδειγμένοις

2097 1708 2345 1778 δύναμιν*
2386 1710 2435 1761 εί
2457 1708 2514 1762 δὲ
2542 1709 2792 1762 πλεῖστον
2821 1707 3201 1777 ἀπολειφθεῖεν
3232 1709 3282 1773 (ὃ
3304 1711 3454 1763 πᾶσα
3487 1710 3691 1763 παθεῖν

420 1818 608 1857 earmn
657 1817 872 1871 quoque
907 1801 1046 1853 haud
1106 1799 1267 1854 dubie
1322 1800 1656 1852 incrementa
1709 1797 1989 1864 explorata

2102 1768 2314 1869 ἀνάγκη
2346 1802 2458 1862 τοῖς
2493 1799 2700 1853 ἐκεῖνον
2743 1768 3246 1869 ἐγκωμιάζουσιν),
3281 1800 3427 1873 ἔργῳ
3454 1800 3692 1872 δεδηλω-

421 1894 625 1958 habeo;
670 1908 769 1947 nec
823 1892 1119 1962 quidquam
1169 1891 1389 1945 omnino
1436 1888 1714 1958 est,quod
1763 1902 1869 1942 non
1892 1887 1989 1941 hac

2102 1888 2221 1942 κόσι
2249 1889 2348 1960 τὴν
2377 1881 2566 1960 ἧτταν,
2594 1889 2688 1943 καὶ
2737 1889 2798 1941 τὸ
2848 1891 3094 1959 κρεῖττον
3130 1889 3242 1960 (51)
3280 1890 3313 1962 ἢ
3349 1890 3492 1944 κατὰ
3520 1891 3688 1960 λόγου

422 1985 630 2039 ratione
691 1990 969 2052 augeatur.
1040 1980 1345 2046 Postremo,
1405 1982 1551 2049 quod
1601 1981 1686 2034 δα,
1715 1996 1989 2036 sermones

2102 1978 2327 2050 δύναμιν
2353 1974 2491 2034 εἶναι
2525 1978 2615 2033 τὸν
2637 1978 3075 2050 εὐφημούμενον.

420 2076 634 2140 attinet,
668 2074 873 2128 utrovis
907 2073 1064 2127 modo
1105 2087 1189 2127 res
1226 2072 1485 2142 praeclare
1551 2087 1609 2125 se
1656 2072 1903 2127 habitura
1930 2081 2033 2127 est.
2077 2070 2208 2125 Nam
2252 2070 2299 2126 si
2370 2071 2435 2124 ad
2482 2071 2650 2141 ipsius
2694 2071 3012 2140 dignitatem
3054 2083 3108 2126 et
3159 2072 3411 2126 meritum
3463 2072 3691 2142 propius

420 2164 770 2223 accesserint,
803 2160 909 2214 vim
962 2175 1115 2214 suam
1154 2169 1208 2214 et
1255 2161 1414 2230 771
1466 2159 1774 2215 facultatem
1825 2161 2146 2225 ostendent;
2191 2160 2274 2214 sin
2310 2170 2490 2216 autem
2543 2161 2612 2214 ab
2652 2160 2797 2217 illius
2823 2168 3132 2232 praestantia
3186 2168 3345 2239 longe
3411 2168 3691 2224 abfuerint

421 2254 585 2325 (quod
625 2253 847 2308 omnino
896 2251 986 2314 iis.
1039 2251 1130 2319 qui
1178 2265 1300 2305 eum
1358 2250 1581 2305 laudare
1632 2251 1984 2314 instituerint,
2027 2250 2274 2305 accidere
2297 2264 2518 2305 necesse
2543 2251 2671 2321 est),
2743 2267 2803 2308 re
2864 2256 2979 2324 ipsa
3022 2271 3083 2312 se
3111 2258 3468 2314 succubuisse
3495 2242 3691 2315 decla-

421 2348 634 2407 rahunt,
672 2359 903 2411 eumque
957 2344 1020 2397 de
1069 2342 1222 2410 cujus
1270 2341 1518 2397 laudibus
1547 2343 1745 2411 agitur,
1777 2356 1993 2397 omnem
2032 2340 2141 2395 vim
2172 2340 2434 2396 orationis
2460 2355 2740 2411 superare.

490 2440 552 2494 ll.
582 2439 704 2494 lizec
730 2439 945 2508 quidem
970 2448 1115 2504 sunt,
1143 2452 1262 2507 qua;
1304 2452 1390 2492 me
1423 2438 1489 2491 ad
1509 2438 1819 2525 dicendum,
1847 2445 1901 2492 et
1928 2438 1989 2492 ad

2165 2436 2239 2489 B’.
2278 2438 2346 2489 Ἀ
2378 2437 2476 2507 μὲν
2507 2432 2601 2491 οὖν
2656 2440 2925 2512 πεποίηκέ
2956 2456 3046 2511 μοι
3077 2438 3171 2493 τὸν
3202 2439 3382 2524 λόγον,
3433 2440 3529 2493 καὶ
3556 2439 3627 2493 δι’
3651 2439 3690 2494 ἃ

418 2528 817 2599 ειιειτίρίθιιάυιη
862 2530 962 2583 hoc
992 2538 1266 2584 certamen
1322 2528 1668 2599 impulerunt.
1722 2528 1875 2596 Quod
1930 2528 1979 2583 si

2102 2526 2183 2581 τὸν
2216 2527 2399 2595 ἀγῶνα
2429 2525 2618 2581 τοῦτον
2663 2530 3064 2602 ἐνεστησάμην,
3113 2529 3288 2584 ταῦτά
3320 2531 3488 2583 ἐστιν.
3529 2530 3594 2582 El
3627 2529 3688 2583 δὲ

418 2622 586 2677 nmlto
608 2622 805 2683 serius,
841 2634 1001 2690 quam
1033 2631 1242 2689 tempus
1280 2618 1610 2688 postulabat,
1644 2634 1708 2674 ac
1759 2628 1881 2689 post
1917 2628 1989 2675 tot

2102 2617 2345 2673 τοσοῦτον
2398 2621 2690 2691 ἅπήντηκα
2717 2621 2812 2675 τοῦ
2861 2622 3054 2692 καιροῦ
3104 2621 3378 2694 δεύτερος,
3397 2621 3492 2676 καὶ
3546 2622 3691 2693 μετὰ

417 2716 573 2781 alios,
620 2715 710 2783 qui
770 2727 856 2767 res
898 2711 1043 2766 illius
1099 2710 1347 2781 privatim
1380 2710 1701 2780 publiceque
1746 2710 1989 2766 laudibus

2102 2709 2378 2775 τοσούτους
2405 2711 2714 2777 ἐπαινέτας,
2744 2711 2850 2783 ίδίᾳ
2875 2731 2938 2768 τε
2975 2713 3071 2767 καὶ
3114 2712 3351 2784 δημοσίᾳ
3384 2714 3454 2767 τὰ
3474 2713 3689 2768 ἐκείνου

416 2812 699 2868 ornarunt,
731 2804 799 2858 ad
824 2804 926 2857 hoc
963 2815 1159 2855 munus
1190 2800 1417 2862 accessi,
1450 2800 1649 2856 nemini
1689 2799 1884 2853 mirum
1913 2799 1989 2851 vi-A

2102 2801 2462 2873 σεμνύναντας
2499 2803 2632 2874 (52),
2660 2805 2849 2876 μηδεὶς
2896 2804 3241 2875 θαυμαζέτω.
3285 2803 3447 2858 Ἀλλὰ
3495 2822 3688 2874 συγγι-

419 2897 629 2950 deatur.
662 2894 855 2948 Verum
886 2892 1129 2960 ignoscat
1158 2889 1313 2955 mihi,
1351 2888 1529 2955 velim,
1578 2887 1759 2943 divina
1789 2888 1989 2953 anima,

2102 2893 2352 2947 νωσκέτω
2380 2894 2476 2964 μὲν
2508 2895 2541 2965 ἡ
2582 2894 2754 2967 θείαή
2784 2896 2954 2968 ψυχὴ.
2994 2896 3105 2950 καί
3133 2895 3288 2950 πάντ’
3336 2897 3461 2966 ἐμοὶ
3513 2896 3686 2949 σεϐα-

420 2987 679 3055 mihique,
709 2992 763 3038 et
805 2997 967 3048 nunc,
1004 2991 1058 3037 et
1084 2990 1209 3035 ante
1263 2980 1591 3035 veneranda.
1627 2979 1990 3048 Quemadmo-

418 3079 541 3132 dum
590 3086 767 3130 autem
815 3074 1057 3139 omnino,
1095 3087 1216 3127 cum
1254 3068 1397 3141 apud
1454 3085 1552 3126 nos
1590 3080 1792 3141 ageret,
1824 3071 1988 3124 multa

417 3184 535 3223 mea
566 3177 744 3224 errata
777 3182 873 3236 pro
910 3164 1162 3219 amicitiae
1190 3162 1312 3233 jure
1359 3178 1423 3218 ac
1464 3163 1830 3232 praestantiori
1874 3164 1991 3231 lege

420 3260 724 3327 corrigebat
772 3256 900 3328 (non
943 3256 1087 3312 enim
1121 3255 1300 3310 dicere
1333 3268 1547 3318 vereor,
1592 3255 1737 3324 quod
1787 3255 1991 3309 cunctis

417 3359 559 3405 esset
587 3348 669 3402 lex
706 3356 761 3402 et
796 3360 983 3401 norma
1033 3343 1312 3408 virtutis);
1348 3344 1428 3399 sic
1461 3358 1605 3398 nunc
1649 3358 1861 3413 quoque
1903 3360 1991 3399 su-

416 3454 514 3511 pra
561 3452 657 3491 nos
716 3436 944 3507 positus,
1016 3433 1225 3488 facilem
1281 3448 1342 3488 se
1388 3433 1517 3486 mihi
1561 3448 1624 3487 ac
1659 3433 1990 3489 exorabilem

418 3529 693 3600 praebebit.
746 3526 1030 3588 lgnoscant
1084 3524 1270 3587 etiam,
1332 3537 1537 3592 quaeso,
1578 3523 1884 3591 quicunque
1924 3537 1991 3576 ex

419 3620 570 3673 vobis
597 3616 951 3671 ferventiores
989 3613 1131 3668 illius
1160 3611 1468 3667 laudatores
1501 3619 1670 3677 sunt;
1701 3611 1744 3665 si
1774 3610 1869 3680 qui
1904 3623 1988 3663 ta-

418 3723 539 3764 men
586 3708 674 3762 alii
708 3707 827 3760 aliis
864 3705 1219 3760 ferventiores
1254 3713 1400 3766 sunt,
1431 3717 1496 3755 ac
1527 3716 1631 3757 non
1660 3701 1838 3769 potius
1863 3715 1987 3754 om-

416 3816 512 3856 nes
555 3802 655 3854 hac
681 3814 785 3852 una
819 3796 873 3851 in
907 3811 984 3861 re,
1024 3796 1125 3849 hoc
1164 3802 1269 3855 est,
1299 3793 1350 3846 in
1392 3791 1562 3862 ipsius
1589 3790 1745 3845 laude
1771 3799 1823 3845 et
1856 3803 1991 3859 prs:-

417 3892 703 3956 dicatioue,
740 3903 894 3957 pares
932 3900 1136 3941 sumus.
1198 3880 1312 3939 Nan
1361 3884 1507 3936 enim
1579 3880 1899 3952 negligentia
1938 3889 1993 3935 et

415 3991 726 4051 contemptu
755 3977 984 4034 olIicium
1031 3976 1520 4047 praetermisimus;
1563 3975 1705 4027 absit
1745 3972 1991 4037 enim,ut

417 4085 510 4127 aut
530 4072 809 4134 virtutem,
849 4077 942 4122 aut
974 4063 1490 4127 amicitiatol’licium
1523 4074 1697 4131 usque
1728 4065 1863 4115 adeo
1892 4075 1989 4114 ne-

414 4164 700 4234 gligamus,
726 4173 825 4214 nec
851 4159 993 4227 quod
1026 4158 1128 4211 hoc
1156 4153 1481 4209 laudationis
1511 4166 1708 4206 munus
1739 4150 1989 4215 cuiquam

414 4255 503 4309 alii
533 4253 730 4323 potius,
767 4266 927 4319 quam
981 4249 1136 4302 nobis
1162 4244 1455 4301 convenire
1493 4244 1850 4298 arbitremur.
1886 4241 1990 4298 Sed

2100 2984 2231 3055 σμία
2252 2986 2347 3038 καὶ
2374 2985 2468 3039 νῦν
2507 2987 2601 3039 καὶ
2646 2989 2933 3061 πρότερον.
2969 2988 3193 3052 Πάντως
3216 2989 3272 3042 δὲ
3312 2988 3387 3052 ὡς
3420 2989 3515 3042 σὺν
3546 2992 3685 3061 ἡμῖν

2093 3073 2189 3140 ῶν,
2230 3075 2546 3149 ἐπηνώρθου
2576 3079 2748 3134 πολλὰ
2780 3079 2889 3134 τῶν
2935 3080 3107 3151 ἐμῶν,
3147 3083 3260 3152 ὅρῳ
3286 3098 3347 3134 τε
3375 3081 3556 3149 φιλίας
3586 3085 3686 3136 καὶ

2098 3167 2248 3237 νόμῳ
2280 3168 2547 3240 κρείττονι
2588 3170 2672 3240 (οὐ
2735 3171 2841 3242 γὰρ
2900 3171 3226 3242 αἰσχύνομαι
3279 3171 3439 3225 τοῦτο
3475 3172 3683 3240 λέγειν,

2092 3259 2174 3312 ὅτι
2195 3262 2291 3313 καὶ
2323 3261 2457 3315 πᾶσι
2479 3262 2644 3334 νόμος
2679 3259 2747 3335 ἦν
2778 3266 3022 3337 ἅρετῆζ)·
3046 3264 3190 3319 οὔτω
3222 3268 3315 3319 καὶ
3345 3266 3485 3338 ὑπὲρ
3531 3270 3687 3337 ἡμᾶς

2092 3351 2400 3422 γενόμενος,
2430 3354 2769 3425 συγγνώμων
2820 3355 2972 3410 ἔσται
3001 3360 3114 3422 τοῖς
3142 3359 3446 3430 ἡμετέροις.
3474 3361 3684 3429 Συγγι-

2092 3436 2448 3492 νωσκέτωσαν
2479 3440 2537 3494 δὲ
2571 3443 2664 3495 καὶ
2702 3443 2855 3514 ὑμῶν
2880 3444 2995 3498 ὅσοι
3021 3444 3339 3518 θερμότεροι
3366 3448 3461 3501 τοῦ
3484 3448 3685 3520 ἀνδρὸς

2093 3527 2396 3583 ἐπαινέται·
2432 3531 2589 3603 εἴπερ
2634 3533 2717 3598 τίς
2746 3536 2896 3588 ἐστιν
2942 3535 3103 3591 ἄλλου
3156 3536 3268 3607 (55)
3326 3537 3681 3611 θερμότερος,

2093 3616 2230 3672 ἀλλὰ
2266 3618 2342 3690 μὴ
2372 3620 2531 3675 τοῦτο
2585 3624 2746 3694 μόνον
2786 3626 2989 3690 πάντες
3022 3627 3277 3698 ὁμότιμοι
3321 3628 3420 3700 τὴν
3456 3629 3551 3682 τοῦ
3584 3631 3683 3684 ἀν-

2091 3709 2216 3781 δρὸς
2245 3713 2539 3783 εὐφημίαν.
2576 3717 2650 3768 Uti
2679 3716 2788 3788 γὰρ
2820 3717 3082 3790 ὀλιγωρίᾳ
3100 3716 3209 3790 (54)
3244 3719 3305 3773 τὸ
3331 3720 3476 3785 είκὺς
3511 3722 3683 3775 ἐνελί-

2094 3817 2269 3871 πομεν
2299 3801 2436 3874 (55)’
2476 3806 2550 3877 μή
2607 3824 2736 3859 ποτε
2787 3810 3039 3863 τοσοῦτον
3084 3810 3457 3883 ἀμελήσαιμεν
3478 3813 3611 3885 (56),
3646 3816 3682 3887 ἢ

2093 3892 2314 3963 ἀρετῆς,
2345 3893 2378 3965 ἢ
2404 3896 2498 3949 τοῦ
2549 3896 2763 3965 φιλικοῦ
2799 3900 3153 3972 καθήκοντος·
3181 3905 3304 3958 οὐδὲ
3329 3905 3406 3976 τῷ
3439 3906 3684 3977 νομίζειν

2092 3981 2272 4047 ἄλλοις
2307 3985 2507 4055 μᾶλλον
2548 3989 2704 4060 ἡμῶν
2766 3994 3065 4063 προσήκειν
3096 3994 3189 4049 τὸν
3228 3995 3467 4051 ἔπαινον.
3517 3998 3683 4053 Ἀλλὰ

2094 4072 2312 4144 πρῶτον
2360 4074 2458 4146 μὲν
2491 4075 2703 4132 ὤκνουν
2732 4079 2826 4134 τὸν
2858 4081 3037 4150 λόγον,
3066 4085 3342 4156 εἰρήσεται
3370 4088 3481 4159 γὰρ
3508 4088 3650 4161 τάλη
3669 4121 3686 4131 -

2095 4163 2204 4227 θὲς,
2244 4165 2431 4239 ὥσπερ
2463 4170 2509 4221 οί
2537 4172 2650 4234 τοῖς
2698 4173 2861 4242 ίεροίς
2890 4174 3001 4245 (57)
3034 4176 3371 4248 προσιόντες,
3419 4178 3549 4249 πρὶν
3577 4196 3685 4231 κα-

2094 4254 2359 4329 θαρθῆναι
2418 4260 2512 4313 καὶ
2567 4263 2754 4333 φωνὴν
2802 4265 2897 4320 καὶ
2942 4267 3204 4327 διάνοιαν.
3263 4270 3514 4335 Ἔπειτα,
3576 4271 3686 4325 οὐκ

414 4346 672 4415 primum,
710 4349 770 4395 ut
802 4355 986 4393 verum
1039 4337 1234 4398 fatear,
1283 4348 1590 4390 sermonem
1642 4332 1841 4388 habere
1896 4333 1989 4387 de-

2102 4346 2421 4416 ὲγνοοῦντας
2485 4351 2607 4420 μὲν,
2662 4332 2963 4426 ὑπομνήσω
3009 4357 3056 4410 δ’
3085 4352 3179 4412 οὖν
3227 4359 3397 4430 ὅμως,
3444 4332 3521 4413 ὧν
3576 4377 3685 4431 με-

416 4435 732 4499 trectaham,
776 4430 1227 4501 quemadmodum
1257 4426 1347 4496 qui
1380 4425 1446 4480 ad
1507 4438 1665 4479 sacra
1702 4425 1987 4490 accedunt,

413 4527 726 4600 priusquam
814 4537 998 4577 vocem
1102 4524 1449 4588 animumque
1554 4530 1990 4586 perpurgassem.

485 4643 598 4714 (ΞΒ)
622 4640 875 4714 Μᾶλλον
898 4638 959 4709 ἦ.
1025 4637 1115 4693 Sic
1155 4637 1323 4709 Begg.
1359 4638 1469 4700 bitt,
1526 4635 1617 4703 ph,
1672 4631 1847 4700 Pass.,
1884 4647 1988 4690 etc.

413 4713 573 4771 Deest
605 4714 641 4771 ἦ
672 4714 724 4766 in
750 4713 837 4768 ed.

484 4727 573 4771 :est
605 4714 648 4804 1(
672 4714 724 4766 in
750 4714 837 4792 ed;
1192 4778 1218 4791 ~
1412 4775 1436 4785 _

484 4785 595 4855 (29)
619 4786 888 4855 ,Αρετηηφ
921 4778 1136 4855 Comb.,
1158 4794 1256 4855 τῃς
1275 4777 1495 4849 ἀρετης.

618 4842 732 4910 ’σν
751 4842 1367 4925 γᾶῤ-τοὺςέπαίῶου-ζι,
1397 4842 1501 4900 etc.
1538 4843 1792 4925 Obscura
1813 4842 1991 4910 profe-

412 4913 506 4979 cto
534 4913 1248 4980 séutenti'afﬂauc'Nicetas
1279 4920 1358 4971 sic
1395 4915 1614 4984 exponit
1654 4930 1669 4968 :
1707 4931 1726 4963 ι
1751 4913 1989 4978 Quarum

415 5009 597 5049 rerum
629 4993 813 5047 laudes
835 4991 1197 5053 celebrantur,
1252 5000 1345 5040 eas
1396 4999 1609 5054 quoque
1640 4997 1988 5054 progressum

414 5077 469 5119 et
533 5064 918 5119 incrementum
972 5051 1221 5125 accipere
1276 5051 1610 5125 compertum
1621 5051 1862 5125 _’habeo.
1896 5051 1989 5125 Δ1η

416 5133 559 5187 nulla
594 5132 757 5204 igitur
791 5145 849 5184 re
876 5145 941 5184 ex
992 5121 1241 5204 omnibus
1263 5121 1435 5204 aliter
1462 5122 1678 5204 accidit,
1708 5121 1837 5204 quin
1896 5121 1983 5203 in-

414 5190 773 5263 crementum,
802 5215 866 5255 ex
897 5213 962 5254 eo
992 5197 1423 5267 quodlaudetur,
1449 5192 1697 5267 accipiat.
1727 5190 1751 5243 ἰ
1785 5190 1970 5267 Conji-

413 5275 587 5327 cimus
629 5262 946 5343 Gregorium
987 5262 1089 5343 hic
1137 5266 1421 5343 indicare,
1454 5262 1636 5343 (ιιιίιιί,⁸
1682 5262 1984 5343 quqmagis

413 5332 898 5411 quidquamfsive
951 5340 1154 5411 virtus,_
1187 5336 1299 5390 sive
1327 5334 1540 5397 vitium,
1576 5332 1707 5411 sive
1736 5332 1841 5411 alia
1874 5346 1984 5411 res,

414 5401 682 5477 lauda-tur,
713 5401 800 5464 'eo
835 5409 1003 5478 magis
1031 5401 1224 5481 Aipsius
1259 5420 1409 5481 atrior
1452 5411 1506 5457 et
1556 5402 1876 5481 desiderium
1932 5401 1984 5453 in

415 5470 715 5535 auditorum
747 5470 1237 5545 aniiiiistnﬁgatur.
1285 5474 1440 5529 Unde
1474 5470 1769 5545 generatim
1801 5470 1988 5545 dicen-

415 5553 564 5614 dum,
602 5551 742 5620 quod
784 5550 1037 5618 quidquid
1063 5540 1339 5620 laudatur,
1373 5540 1499 5602 ipsa
1542 5540 1872 5604 laudatione,
1897 5541 1985 5593 in-

415 5616 685 5678 crementa
715 5616 958 5688 accipere
988 5631 1217 5670 necesse.
1236 5616 1323 5669 sit.

488 5692 599 5761 (51)
630 5678 925 5759 Κρεῐττον.
975 5688 1138 5759 Begg.
1172 5701 1224 5756 a,
1258 5701 1308 5751 c,
1337 5686 1393 5751 d,
1444 5696 1537 5740 sex
1561 5678 1735 5748 σουλ,
1766 5678 1986 5755 Chrys,

417 5764 545 5831 et'c.,
573 5764 824 5836 κρείττω.

2096 4436 2229 4503 ταξὺ
2258 4439 2371 4511 (58)
2394 4431 2533 4513 ὶπερὶ
2562 4443 2654 4496 τὸν
2701 4444 2873 4515 ἀληθῆ
2913 4445 3068 4516 λόγον
3098 4448 3447 4520 ἠσχολήμεθα
3499 4449 3685 4502 κινδυ-

2100 4529 2341 4593 νεύοντα,
2373 4532 2554 4598 καλῶς
2576 4533 2906 4605 βιασθέντες,
2954 4540 3047 4592 καὶ
3075 4540 3214 4594 κατὰ
3252 4539 3383 4595 Θεὸν
3420 4541 3550 4604 ἴσως
3580 4540 3682 4595 ἐκ·

2170 4645 2283 4717 (52)
2324 4650 2763 4717 Σεμνύναντας.
2801 4650 2932 4719 Reg.
2968 4666 2998 4706 a
3030 4662 3088 4707 et
3120 4651 3332 4718 Comb.,
3386 4653 3682 4725 σεμνύνον-

2097 4732 2278 4854 ταῗ55)
2314 4788 2563 4841 Ἀλλου.
2594 4788 2808 4854 Comb.,
2839 4789 2996 4853 ἄλλος
3021 4790 3204 4845 ἄλλου.

2188 4786 2256 4839 55
2314 4788 2563 4841 Ἀλλου.
2594 4788 2808 4854 Comb.,
2839 4789 2996 4853 ἄλλος
3021 4790 3204 4845 ἄλλου.

2186 4785 2278 4998 54ξ
2315 4856 2634 4926 Ὀλιγτυρίῃ.
2659 4859 2714 4913 In
2737 4861 3082 4940 quihusdam,
3115 4860 3372 4934 ῥᾳθυμίᾳ.

2186 4925 2253 4979 55
2318 4927 2717 4997 Ἐνελιπυμεν.
2772 4929 2862 4984 Sic
2913 4927 3008 4983 Or.
3038 4930 3095 4983 2.
3126 4934 3184 4986 in
3232 4933 3345 4993 ed.,

2185 4925 2275 4997 55)
2318 4925 2717 4997 Ἐνελιπυμεν.
2753 4925 2862 4984 ’5ἱο
2913 4927 3008 4983 Or.
3038 4925 3184 4986 2.11]
3232 4925 3345 4993 ed,
3393 4932 3678 4987 ἐνελείπο-

2162 4788 2184 4995 l

2164 5013 2212 5049 V.

2183 5066 2275 5142 ξιξ)
2310 5066 2755 5142 ᾈμελῄσαιμεν·
2781 5070 2913 5142 Res
2947 5084 2997 5142 ρ,
3026 5069 3431 5142 ἀμελησςίμην-

2183 5083 2275 5134 ου)
2316 5083 2755 5138 Apamia-auter.
2781 5083 2860 5124 ne
2899 5108 2913 5121 .
2947 5084 2997 5134 c,
3026 5083 3431 5142 αμελησαιμην.

2183 5135 2272 5220 57.)
2303 5138 2368 5220 οι
2393 5136 2519 5220 τοῖς
2542 5139 2756 5220 tepor}:
2812 5158 2831 5189 ι
2861 5083 2961 5206 δαὶ
3012 5145 3081 5194 ad
3111 5140 3305 5220 templa
3336 5143 3626 5219 accedunt.
3651 5164 3670 5196 ι

2105 5205 2259 5279 _Apud
2316 5205 2639 5279 Orientales.
2690 5210 2756 5261 ad
2818 5205 3097 5263 sacrarum
3154 5210 3349 5265 aedium
3408 5216 3674 5279 porticus,

2093 5275 2270 5330 fontes
2296 5286 2354 5353 et_
2397 5277 2589 5346 phialae
2629 5286 2825 5348 praesto
2872 5287 3047 5345 erant,
3102 5289 3160 5333 ut
3191 5275 3511 5336 accedentes
3547 5275 3676 5353 pos;

2082 5355 2200 5398 sent
2231 5345 2418 5412 sordes
2446 5345 2746 5412 extergere.

2153 5413 2264 5484 (58)
2297 5409 2409 5490 Ὧν
2432 5409 2684 5490 μεταξύ.
2713 5417 2894 5490 δάιοι.
2936 5418 3160 5490 -Ἔοικεν
3194 5417 3285 5471 τὸν
3314 5420 3563 5490 παρόντα
3587 5422 3677 5474 λό-

2082 5500 2197 5558 γον,
2259 5488 2404 5558 μετὰ⁸
2446 5486 2520 5558 τὸ-
2541 5486 2817 5539 κατελθεῖν
2854 5487 2962 5539 ἀπὸ
2992 5489 3091 5558 τῆς
3152 5486 3671 5544 Κωνσταντινουπό-

2084 5554 2240 5617 λεως,
2263 5554 2612 5633 ἐκδεδωκέναι
2636 5573 2649 5586 ·
2692 5558 2956 5633 ¢__Vidett_t_r
2998 5554 3136 5633 hanc
3162 5559 3485 5633 orationem,
3525 5571 3674 5633 post-

2086 5638 2248 5695 quam
2281 5625 2805 5696 Constantiuopolim
2847 5628 3082 5697 reliquit,
3122 5628 3371 5684 edidisse.
3400 5646 3424 5681 ι
