3902 6218
385 352 486 412 499
1546 359 1604 417 s.
1645 356 1974 415 onEoonn
2014 336 2359 413 'rnE0Looi
3530 355 3643 412 500

385 467 763 535 tet-tinthuze
808 470 983 535 nobis,
1026 470 1069 523 si
1103 470 1366 523 arbitratu
1410 479 1592 523 nostro
1628 484 1954 523 commemo-

2070 486 2116 520 re
2151 472 2243 521 καὶ
2305 468 2644 540 Ἡρακλεῖδαι
2678 466 2814 537 (52),
2862 468 2953 519 καὶ
2975 459 3048 521 ὧν
3081 467 3231 521 οὐδὲν
3280 467 3641 538 ὑψηλότερον·

385 574 512 614 rare
550 560 754 624 liceret,
789 555 922 615 nihil
959 570 1139 616 essent
1177 561 1459 629 Pelopidae,
1494 575 1592 614 nec
1628 560 1954 629 Cecropidre,

2070 561 2250 623 >ἴτινες
2282 562 2346 613 ὲκ
2376 560 2483 612 τῶν
2508 559 2722 612 οἰκείων
2776 558 3025 629 φανερῶς
3055 560 3228 613 εἰπεῖν
3274 560 3374 613 οὐκ
3400 559 3640 629 ἔχοντες,

389 664 487 701 nec
515 649 866 717 Alcmaeones,
919 666 1017 705 nec
1051 650 1306 713 IEacidaa,
1342 667 1440 704 nec
1486 650 1800 715 Heraclidae,
1857 665 1955 704 nec

2070 651 2152 703 imi
2179 650 2240 703 τὸ
2261 651 2464 719 ἀφανὲς
2489 649 2915 718 καταφεύγουσι,
2959 650 3217 721 δαίμονας
3241 651 3304 720 δή
3342 668 3517 713 τινας,
3542 649 3645 702 καὶ

388 739 478 792 alii
513 740 708 808 quibus
767 742 897 795 nihil
952 752 1035 796 est
1089 742 1400 808 sublimius;
1442 743 1531 811 qui
1566 743 1802 811 quidem,
1834 757 1955 795 cum

2070 742 2232 807 ieobc,
2262 744 2355 796 καὶ
2387 742 2589 813 μύθους
2614 744 2725 803 τοῖς
2764 740 3048 811 προγόνοις
3079 741 3523 812 ἐπιφημίζοντες.
3559 734 3643 795 ὧν

388 830 521 884 nihil
550 834 820 901 proprium
876 833 1115 888 habeant
1147 833 1289 901 quod
1328 843 1511 903 aperte
1552 833 1868 901 praedicent,
1892 831 1955 886 ad

2070 833 2117 885 τὸ
2161 832 2485 902 σεμνότατον
2543 830 2767 883 ἀπιστία
2793 871 2808 895 ,
2862 828 2956 884 καὶ
2992 831 3148 901 ὕϐρις
3193 830 3255 884 τὸ
3314 833 3645 902 πιστευόμε-

388 921 616 975 obscura
670 923 1014 993 confugiunt,
1062 926 1331 979 daemones
1390 924 1642 979 videlicet
1672 923 1958 992 quosdam,
2056 923 2307 993 νον(55).

387 1019 443 1063 et
486 1012 634 1077 deos,
664 1028 728 1068 ac
779 1016 1004 1081 fabulas,
1054 1017 1344 1083 majoribus
1393 1017 1506 1072 suis
1556 1016 1910 1071 attribuentes
1938 1055 1954 1083 ,
1997 1030 2223 1084 quorum
2267 1031 2330 1070 ea
2392 1024 2475 1069 est
2546 1016 2701 1081 ratio,
2734 1025 2791 1068 ut
2820 1015 2962 1083 quod
3009 1015 3060 1069 in
3088 1015 3220 1084 ipsis
3252 1016 3485 1071 maxime
3506 1029 3643 1085 spe-

393 1102 599 1157 ciosum
632 1115 685 1158 et
722 1105 925 1161 illustre
954 1118 1056 1173 est,
1085 1109 1191 1164 fide
1220 1119 1402 1164 careat
1428 1128 1443 1176 ;
1473 1110 1614 1178 quod
1644 1119 1823 1163 autem
1849 1110 2115 1174 creditur,
2156 1110 2412 1178 probrum
2435 1119 2489 1162 et
2516 1108 2837 1162 contumelia
2869 1109 2958 1163 sit.

456 1222 544 1279 ιν.
577 1225 837 1292 Quoniam
863 1238 1040 1283 autem
1080 1232 1146 1285 de
1183 1246 1249 1286 eo
1277 1232 1394 1286 viro
1427 1232 1554 1285 mihi
1589 1232 1761 1285 oratio
1795 1231 1955 1301 773

387 1316 630 1372 instituta
651 1330 756 1386 est,
771 1321 859 1388 qui
875 1321 1203 1376 nobilitatem
1220 1323 1415 1377 viritim
1438 1324 1663 1392 expendi
1688 1323 1821 1387 vult,
1836 1338 1952 1384 nec,

388 1423 510 1461 cum
542 1406 728 1462 formae
758 1420 918 1478 atque
942 1411 1174 1475 colores,
1213 1422 1267 1466 et
1291 1414 1436 1481 equi,
1471 1422 1575 1465 tam
1613 1413 1950 1477 nobilissimi,

387 1514 550 1568 quam
582 1501 933 1569 abiectissimi
976 1518 1044 1557 ex
1081 1505 1270 1572 seipsis
1312 1505 1581 1574 explorari
1611 1505 1837 1568 soleant,
1861 1519 1957 1557 uos

388 1600 573 1646 contra
615 1609 708 1663 per
730 1609 952 1665 ea,quaa
980 1606 1129 1649 extra
1176 1613 1272 1651 nos
1310 1599 1481 1666 posita
1533 1608 1682 1662 sunt,
1722 1598 1953 1667 depingi,

388 1693 733 1752 posteaquam
770 1702 933 1739 unum
962 1697 1052 1740 aut
1074 1685 1300 1741 alterum
1332 1704 1394 1742 ex
1422 1688 1511 1752 iis,
1541 1703 1666 1757 quae
1704 1703 1735 1741 a
1783 1688 1955 1755 majo-

391 1773 541 1830 ribus
570 1776 683 1844 ipse
707 1777 914 1844 habuit,
939 1794 1183 1847 quazque,
1199 1789 1251 1832 et
1275 1779 1441 1847 ipsius
1461 1779 1584 1833 vita:
1602 1780 1954 1844 conveniunt,

2134 1231 2206 1283 A'.
2255 1228 2471 1300 Ἐπειδὴ
2495 1228 2551 1281 δὲ
2577 1228 2712 1298 ὑπὲρ
2744 1227 2933 1299 ἀνδρὸς
2969 1229 3101 1298 ἡμῖν
3122 1229 3149 1279 ό
3190 1227 3366 1296 λόγος,
3396 1227 3517 1279 κατ’
3546 1228 3646 1281 ἀν-

2063 1319 2161 1390 δρα
2194 1318 2474 1392 κρίνεσθαι
2509 1318 2605 1387 τὴν
2634 1318 2911 1386 εὐγένειαν
2938 1318 3049 1387 (54)
3086 1315 3380 1380 ἀξιοῦντος,
3416 1317 3509 1370 καὶ
3538 1317 3640 1389 μὴ,

2062 1410 2159 1473 τὰς
2194 1412 2290 1481 μὲν
2323 1412 2557 1480 μορφὰς,
2587 1408 2795 1471 καὶτὰς
2818 1409 2985 1480 χρόας
3017 1407 3076 1474 ἐξ
3111 1408 3316 1460 ἑαυτῶν
3347 1409 3644 1479 δοκιμάζε-

2064 1503 2208 1566 σθαι,
2232 1504 2324 1555 καὶ
2343 1502 2449 1556 τῶν
2476 1503 2657 1554 ἵππων
2693 1503 2815 1564 τοὺς
2842 1501 3254 1568 εὐγενεστάτους
3311 1500 3344 1571 ἢ
3373 1501 3642 1570 ἀτιμοτά-

2060 1612 2206 1659 τους,
2248 1596 2392 1665 ἡμᾶς
2430 1594 2487 1647 δὲ
2537 1592 2942 1664 ζωγραφεῖσθαι
2994 1593 3105 1654 τοῖς
3131 1589 3349 1655 ἔξωθεν,
3399 1590 3457 1643 ἓν
3484 1592 3519 1661 ἢ
3544 1591 3645 1644 δύο

2061 1686 2169 1739 τῶν
2202 1684 2259 1750 ἐξ
2286 1686 2459 1756 ἀρχῆς
2513 1685 2865 1755 ὑπαρχόντων
2908 1681 3077 1752 αὐτῷ,
3130 1681 3224 1734 καὶ
3257 1680 3431 1734 ταῦτα
3462 1682 3647 1734 οἰκεῖα

2062 1777 2140 1846 τῷ
2161 1778 2368 1831 ἐκείνου
2399 1777 2518 1848 βίῳ,
2568 1778 2662 1830 καὶ
2698 1770 2777 1839 οἷς
2812 1777 2877 1830 ἂν
2914 1776 3149 1847 μάλιστα
3194 1774 3385 1846 ἡσθείη
3411 1775 3646 1845 λεγομέ-

387 1877 443 1922 et
489 1869 774 1922 maximam
836 1871 907 1932 ei,
969 1872 1013 1926 si
1067 1883 1578 1934 commemorentur,
1633 1872 1953 1941 voluptatem

2070 1885 2190 1933 νοις,
2218 1867 2408 1933 εἰπὼν,
2444 1871 2529 1922 ἐπ’
2573 1870 2733 1924 αὐτὸν
2766 1870 2859 1923 καὶ
2890 1869 2953 1938 δὴ
2990 1868 3278 1940 τρέψομαι.
3314 1866 3508 1920 1Ἀλλου
3540 1868 3645 1937 μὲν

388 1959 613 2013 allatura
667 1970 813 2025 sunt,
854 1977 1169 2030 exposuero,
1219 1964 1284 2014 ad
1331 1963 1501 2032 ipsum
1553 1962 1842 2017 confestim
1872 1977 1955 2017 me

388 2060 723 2106 convertam.
771 2052 1014 2106 Aliarum
1063 2054 1276 2122 quidem
1312 2041 1952 2117 familiarum,vel'etiam

388 2138 658 2208 sigillalitn
709 2139 992 2217 cujuslibet
1023 2142 1282 2206 hominis,
1312 2142 1413 2195 alia
1446 2153 1575 2196 sunt
1621 2142 1873 2213 insignia,
1898 2152 1952 2196 et

389 2233 749 2294 narrationes,
782 2232 861 2286 vel
899 2233 1149 2302 majores,
1199 2233 1283 2286 vel
1328 2234 1589 2297 minores,
1620 2249 1755 2302 quae,
1785 2234 1956 2286 instar

387 2331 626 2388 paterna:
700 2322 974 2391 cujusdam
1051 2323 1400 2390 haereditatis,
1456 2323 1540 2377 vel
1591 2324 1952 2393 longinquius,

387 2414 471 2463 vel
514 2414 865 2482 propinquius
903 2428 1132 2479 exorsae,
1175 2416 1239 2468 ad
1273 2425 1514 2484 posteros
1548 2414 1901 2468 devolvuntur
1937 2429 1950 2463 :

386 2499 512 2554 huic
563 2510 742 2554 autem
793 2502 1071 2571 utriusque
1116 2504 1330 2573 generis
1394 2503 1560 2558 decus
1614 2504 1788 2573 Pietas
1832 2500 1951 2565 fuit,

386 2591 837 2660 quemadmodum
867 2609 1009 2647 nunc
1028 2594 1199 2649 oratio
1223 2594 1536 2650 declarabit.

458 2681 522 2735 ιτ.
560 2682 874 2738 Persecutio
921 2695 1058 2749 erat,
1121 2694 1176 2739 et
1230 2688 1444 2755 quidem
1512 2685 1950 2756 persecutionum

384 2776 628 2828 omnium
679 2776 1018 2829 atrocissima
1076 2778 1414 2846 maximeque
1447 2778 1714 2832 horrenda
1741 2794 1754 2838 ;
1785 2777 1851 2829 iis
1875 2776 1955 2828 lo-

386 2880 545 2936 quor,
591 2864 786 2933 quibus
828 2865 1104 2920 Maximini
1162 2869 1464 2936 persecutio
1522 2878 1648 2921 n0ta
1692 2875 1795 2931 est,
1843 2866 1953 2931 qui,

386 2971 506 3009 cum
540 2965 663 3026 post
716 2955 934 3022 multos,
980 2958 1072 3024 qui
1126 2958 1283 3024 paulo
1332 2967 1456 3010 ante
1501 2957 1841 3019 exstiterant,
1876 2970 1956 3008 iu—

388 3046 643 3114 gruisset,
684 3047 787 3101 hoc
830 3045 1029 3111 eﬂ‘ecit,
1079 3058 1136 3100 ut
1170 3062 1357 3101 omnes
1407 3047 1624 3101 humani
1668 3061 1732 3100 ac
1777 3045 1956 3100 faciles

388 3136 558 3191 fuisse
580 3139 909 3201 viderentur,
939 3138 1137 3207 ingenti
1173 3139 1422 3192 nimirum
1462 3138 1575 3205 ipse
1620 3137 1843 3191 audacia
1876 3136 1956 3189 fu-

2058 1953 2147 2010 οὖν
2169 1958 2295 2011 ἄλλο
2316 1976 2367 2011 τι
2394 1960 2684 2032 γνώρισμα
2722 1960 2819 2013 καὶ
2867 1959 3134 2030 διήγημα,
3177 1959 3273 2011 καὶ
3294 1958 3504 2026 γένους,
3543 1960 3646 2011 καὶ

2056 2047 2149 2100 τοῦ
2183 2048 2539 2115 καθέκαστον,
2595 2050 2627 2122 ἢ
2674 2050 2868 2121 μικρὸν
2922 2049 2955 2120 ἢ
2990 2048 3173 2119 μεῖζον
3200 2089 3215 2113 ,
3267 2048 3517 2119 καθάπερ
3556 2065 3647 2112 τις

2057 2140 2255 2210 κλῆρος
2283 2141 2558 2212 πατρῷος,
2594 2142 2627 2212 ἢ
2664 2142 2966 2213 πόρρωθεν,
2997 2141 3029 2212 ἢ
3081 2140 3310 2208 ἐγγύθεν
3338 2140 3640 2211 ἠργμένος,

2057 2234 2298 2287 κάτεισιν
2340 2236 2420 2298 είς
2444 2236 2569 2298 τοὺς
2604 2234 2849 2306 ὕστερον·
2887 2234 3063 2305 τούτῳ
3089 2233 3147 2286 δὲ
3177 2237 3354 2303 γενοῖν
3385 2237 3497 2286 τοῖν
3522 2232 3643 2305 (55)

2057 2324 2384 2394 ἀμφοτέροιν
2409 2324 2469 2377 τὸ
2497 2324 2719 2391 εὐσεϐὲς
2740 2324 3028 2397 ἐπίσημον,
3073 2323 3303 2394 δηλώσει
3326 2323 3383 2376 δὲ
3405 2321 3518 2393 (56)
3540 2321 3643 2377 νῦν

2056 2417 2084 2467 ό
2120 2414 2292 2483 λόγος.
2562 2406 2569 2421 “

2129 2681 2205 2733 E'.
2234 2679 2482 2750 Διωγμὸς
2509 2675 2597 2751 ἦν,
2630 2682 2722 2734 καὶ
2746 2681 3003 2753 διωγμῶν
3021 2686 3049 2736 ὁ
3083 2680 3519 2754 φρικωδέστατος
3538 2681 3639 2735 καὶ

2061 2772 2392 2843 βαρύτατος·
2424 2772 2589 2824 εἰδόσι
2643 2772 2787 2840 λέγω
2831 2775 2921 2827 τὸν
2960 2773 3292 2843 Μαξιμίνου,
3321 2772 3379 2835 ὃς
3421 2771 3638 2835 πολλοῖς

2056 2868 2169 2928 τοῖς
2200 2865 2309 2934 (57)
2339 2861 2567 2932 ἐγγύθεν
2595 2864 2904 2934 γενομένοις
2934 2864 3218 2933 ὲπιφυεὶς,
3269 2862 3476 2925 πάντας
3510 2861 3639 2931 φιλ-

2058 2954 2373 3027 ανθρώπους
2407 2953 2679 3017 ἀπέδειξε,
2712 2952 2901 3024 θράσει
2927 2971 2987 3006 τε
3014 2953 3192 3024 πολλῴ
3236 2954 3395 3024 ῥέων,
3423 2955 3517 3006 καὶ
3544 2969 3641 3020 φι-

2056 3045 2310 3098 λονεικῶν
2340 3045 2399 3099 τὸ
2426 3045 2527 3113 τῆς
2579 3045 2830 3109 ἀσεϐείας
2874 3047 3073 3116 κράτος
3100 3046 3209 3115 (58)
3243 3044 3635 3117 ἀναδήσασθαι.

2060 3137 2258 3190 Τοῦτον
2285 3138 2466 3190 πολλοὶ
2502 3155 2598 3209 μεν
2625 3138 2923 3210 ὑπερέσχον
2964 3136 3072 3190 τῶν
3124 3136 3404 3208 ἡμετέρων
3433 3136 3639 3203 ἀγωνι-

388 3243 530 3288 rens,
568 3229 1036 3298 atqueimpietatis
1064 3230 1426 3299 principatum
1453 3228 1707 3297 consequi
1741 3243 1952 3282 summo

2070 3231 2220 3295 στῶν,
2264 3234 2357 3285 καὶ
2394 3200 2553 3302 μέχρι
2591 3200 3309 3303 θανάτουμδιηγωνισμένοιξ
3371 3200 3490 3281 καὶ-
3525 3229 3641 3299 πρὸ

388 3318 567 3373 studio
606 3320 957 3373 contendens.
1006 3318 1157 3371 Hunc
1207 3317 1530 3371 athletarum
1586 3317 1801 3386 quidem
1855 3333 1952 3370 uo-

388 3423 624 3466 Strorum
678 3411 929 3480 permulti
977 3420 1319 3478 superarunt,
1352 3420 1405 3462 et
1434 3409 1498 3463 ad
1526 3419 1752 3462 mortem
1789 3424 1959 3476 usque

391 3504 752 3565 decertantes,
784 3510 839 3556 et
881 3516 1017 3571 pene
1063 3516 1231 3570 usque
1288 3506 1352 3555 ad
1401 3511 1659 3566 mortem;
1699 3500 1959 3553 hactenus

389 3596 641 3651 videlicet
675 3595 868 3661 relicti,
897 3605 955 3648 ut
983 3595 1222 3649 victoriae
1251 3610 1360 3648 sua:
1405 3595 1716 3662 superstites
1754 3601 1955 3659 essent,

391 3708 491 3747 nec
518 3708 637 3745 cum
672 3691 804 3758 ipsis
834 3687 1217 3743 certaminibus
1264 3687 1636 3750 abscederent,
1672 3688 1765 3740 sed
1815 3685 1958 3749 aliis,

390 3784 611 3839 virtutis
644 3782 820 3852 alipta:
844 3822 858 3844 ,
893 3781 996 3834 vivi
1045 3790 1331 3849 martyres,
1375 3780 1640 3847 spirantes
1676 3777 1955 3841 columnae,

392 3875 664 3943 tacitaque
689 3869 957 3941 pra‘conia
1009 3870 1461 3937 relinquerentur,
1493 3883 1613 3921 cum
1654 3868 1835 3921 multis
1865 3882 1960 3920 au-

392 3976 498 4020 tem
534 3950 675 4026 aliis,
711 3972 765 4017 et
796 3961 1011 4030 quidem
1033 3961 1354 4024 celebribus,
1389 3960 1598 4030 paterni
1622 3960 1783 4014 etiam
1819 3959 1959 4014 illius

391 4057 500 4120 avi,
546 4056 761 4125 quibus,
813 4068 935 4107 cum
981 4064 1139 4105 onme
1186 4051 1399 4121 pietatis
1438 4065 1609 4120 genus
1648 4048 1956 4114 coluissent,

390 4150 644 4203 eximiam
688 4158 977 4216 tempestas
1008 4144 1097 4197 illa
1127 4143 1435 4198 coronidem
1489 4142 1711 4196 invexit.
1747 4141 1956 4194 Etenim

396 4242 471 4311 illi
505 4240 720 4309 quidem
771 4239 950 4292 animo
979 4237 1049 4290 ita
1084 4236 1357 4290 constituti
1382 4245 1435 4289 et
1456 4232 1750 4302 comparati
1781 4242 1956 4297 erant,

2062 3324 2289 3376 θανάτου
2322 3324 2547 3393 μικρόν·
2582 3324 2832 3377 τοσοῦτον
2886 3322 3323 3390 ἀπολειφθέντες,
3353 3322 3474 3375 ὅσον
3514 3322 3641 3374 ἐπι-

2055 3413 2245 3468 ϐιῶναι
2273 3418 2339 3486 τῇ
2373 3415 2517 3487 νίκῃ,
2561 3417 2653 3469 καὶ
2691 3418 2765 3487 μὴ
2801 3416 3155 3470 συναπελθεῖν
3188 3418 3298 3479 τοῖς
3331 3415 3641 3484 παλαίσμα-

2056 3523 2160 3569 σιν,
2202 3505 2315 3558 ἀλλ’
2351 3508 2740 3577 ὑπολειφθῆναι
2774 3512 2885 3571 τοῖς
2912 3508 3091 3571 ἄλλοις
3122 3508 3370 3561 ἀλεῖπται
3534 3508 3639 3575 τῆς

2054 3598 2276 3668 ἀρετῆς,
2314 3598 2512 3662 ζῶντες
2549 3600 2843 3669 μάρτυρες,
2877 3599 3100 3669 ἔμπνοοι
3138 3599 3348 3668 στῆλαι,
3395 3597 3638 3665 σιγῶντα

2056 3689 2406 3760 κηρύγματα,
2436 3692 2530 3743 σὺν
2558 3690 2771 3753 πολλοῖς
2794 3690 2851 3742 δὲ
2876 3694 2987 3753 τοῖς
3008 3690 3432 3760 ἀριθμουμένοις
3462 3684 3556 3741 κα¹ι
3579 3690 3634 3740 οἱ

2056 3780 2191 3852 πρὸς
2222 3782 2424 3852 πατρὸς
2455 3782 2628 3852 τούτῳ
2658 3783 2914 3852 πατέρες,
2970 3776 3050 3844 οἷς
3093 3783 3274 3834 πᾶσαν
3322 3781 3636 3850 ἀσκήσασιν

2055 3871 2333 3933 εὐσεϐείας
2381 3871 2497 3924 ὁδὸν
2523 3913 2537 3935 ,
2588 3870 2757 3940 καλὴν
2790 3872 3089 3942 ἐπήνεγκεν
3146 3872 3174 3922 ὁ
3206 3868 3397 3938 καιρὸς
3427 3870 3638 3929 ἐκεῖνος

2053 3960 2151 4031 τὴν
2182 3962 2466 4033 κορωνίδα.
2492 3962 2853 4032 Παρασκευῆς
2883 3962 2979 4031 μὲν
3008 3961 3117 4031 γάρ
3158 3960 3330 4022 οὕτως
3354 3953 3497 4028 εἶχον
3537 3959 3640 4011 καὶ

2054 4051 2298 4123 γνώμης,
2333 4053 2409 4116 ὡς
2436 4054 2613 4109 πάντα
2640 4052 2836 4124 ῥᾳδίως
2864 4053 3101 4115 οἴσοντες
3126 4091 3140 4114 ,
3183 4052 3241 4117 ἐξ
3267 4045 3340 4104 ὧν
3376 4052 3640 4118 στεφανοῖ

2054 4144 2289 4212 Χριστὸς
2325 4128 2453 4208 τοὺς
2481 4145 2578 4214 τὴν
2604 4144 2813 4197 ἐκείνου
2845 4144 3257 4215 μιμησαμένους
3309 4142 3446 4214 ὑπὲρ
3474 4140 3635 4211 ἡμῶν

2056 4235 2296 4305 ἄθλησιν.

391 4347 455 4389 ιιι
485 4350 546 4389 ea
579 4334 757 4388 omnia
793 4332 950 4387 facile
974 4329 1388 4400 perpessuri,ob
1413 4342 1531 4396 qua:
1558 4326 1806 4381 Christus
1832 4341 1947 4392 eos,
1992 4328 2081 4396 qui
2130 4330 2296 4398 ipsius
2344 4338 2617 4384 certamen
2675 4336 2856 4383 nostra
2920 4344 3085 4384 causa
3163 4336 3468 4396 susceptum
3506 4326 3635 4381 imi-

394 4439 596 4495 tantur,
635 4444 830 4484 corona
858 4429 1039 4484 donat.

463 4545 552 4600 Vl.
586 4544 783 4600 Verum
810 4545 1064 4614 quoniam
1104 4553 1374 4599 certamen
1405 4558 1616 4613 quoque
1656 4542 1950 4611 legitimum
1986 4557 2028 4610 ι)

393 4642 526 4709 .psis
551 4652 673 4693 esse
694 4638 970 4705 oportebat
996 4636 1101 4708 (lex
1128 4646 1304 4690 autem
1332 4636 1570 4705 martyrii
1600 4635 1712 4687 haec
1743 4644 1843 4697 est,
1876 4643 1955 4699 ut,

393 4743 496 4783 nec
523 4743 621 4782 nos
651 4726 790 4781 ultro
811 4730 876 4780 ad
903 4737 1170 4781 certamen
1204 4727 1539 4789 accedamus,
1574 4726 1676 4779 hac
1703 4724 1955 4779 nimirum

393 4821 609 4875 ratione
660 4827 770 4872 tum
831 4818 1308 4888 persecutoribus,
1357 4827 1465 4871 tum
1520 4815 1957 4870 imbecillioribus

394 4911 612 4966 atldetis
659 4909 1018 4974 consulentes,
1078 4923 1195 4975 nec,
1227 4924 1349 4964 cum
1395 4918 1686 4978 praesentes
1741 4922 1949 4971 sumus,

469 5134 581 5216 (52)
623 5132 1006 5216 Ἡρακλεῖδαι.
1079 5150 1098 5182 ι
1124 5131 1432 5186 Heraclidae.
1459 5150 1478 5182 ι
1539 5130 1631 5185 Sic
1663 5130 1793 5184 dicti
1824 5127 1960 5183 Her-

396 5203 531 5259 culis
563 5203 783 5273 posteri.

468 5274 581 5343 (55)
607 5274 1063 5342 Πιστευόμενον.
1099 5271 1228 5327 Tres
1255 5270 1420 5341 Regg.
1447 5282 1501 5325 et
1522 5269 1696 5335 Pass.,
1717 5285 1963 5322 πιστευο-

620 5413 960 5483 Εὐγένειαν.
994 5410 1164 5483 Pass.,
1193 5410 1489 5483 εὐσέϐειαν,
1531 5428 1550 5460 ι
1588 5410 1879 5483 pietatem._
1900 5426 1916 5458 ι

469 5476 581 5550 (55)
626 5476 817 5548 Τούτῳ
836 5482 903 5535 δὲ
924 5481 1123 5552 γενοῐν
1138 5476 1284 5537 τοῖν.
1310 5481 1399 5534 Sic
1421 5476 1599 5552 plures
1614 5480 1761 5552 codd.
1788 5476 1956 5552 Cois|_.

399 5551 455 5622 1,
478 5545 666 5622 ’τούτῳ
697 5554 755 5608 δὲ
779 5545 889 5605 τοῖν
923 5545 1094 5620 γενοῖν
1120 5555 1227 5604 τοῖν
1258 5545 1601 5621 ἀμφοτέροιν.
1651 5549 1705 5603 In
1738 5550 1847 5614 cd.,
1880 5545 1957 5616 τῷ

396 5621 456 5676 δὲ
479 5621 654 5693 γονοῖν
682 5622 1045 5693 ἀμφοτέροιν.

471 5691 582 5759 (56)
621 5691 712 5745 Δέ.
738 5690 984 5747 Nonnulli
1025 5691 1245 5755 addunt,
1274 5690 1385 5743 καί.
1415 5729 1418 5733 .

470 5762 582 5833 (57)
625 5764 768 5828 Τοῖς.
795 5762 951 5819 Deest
976 5763 1027 5816 in
1064 5762 1225 5831 ltegg.
1254 5763 1305 5827 d,
1332 5764 1421 5831 ph.

2131 4544 2221 4608 Ci".
2268 4540 2420 4594 Ἐπεὶ
2453 4539 2510 4592 δὲ
2539 4539 2769 4608 νόμιμον
2811 4536 2994 4601 αὐτοῖς
3032 4535 3139 4588 ἔδει
3181 4535 3274 4589 καὶ
3320 4533 3412 4587 τὸν
3443 4531 3635 4601 ἀγῶνα

2065 4632 2314 4701 γενέσθαι
2350 4630 2548 4701 (νόμος
2572 4629 2628 4681 δὲ
2654 4628 2976 4699 μαρτυρίας,
3008 4630 3142 4697 μήτε
3171 4623 3447 4687 ἐθελοντὰς
3491 4624 3633 4695 πρὸς

2064 4722 2153 4774 τὸν
2178 4719 2364 4788 ἀγῶνα
2393 4721 2611 4789 χωρεῖν,
2668 4718 2838 4787 φειδοῖ
2890 4715 2997 4767 τῶν
3033 4714 3332 4767 διωκόντων
3383 4714 3478 4766 καὶ
3520 4713 3633 4767 τῶν

2065 4811 2467 4882 ἀσθενεστέρων
2490 4850 2506 4876 ,
2545 4811 2682 4880 μήτε
2724 4808 2997 4880 παρόντας
3045 4804 3365 4860 ἀναδύεσθαι
3389 4821 3401 4833 ·
3432 4804 3493 4857 τὸ
3528 4804 3632 4875 μὲν

2062 4902 2172 4972 γὰρ
2202 4902 2432 4973 θράσους
2454 4942 2469 4967 ,
2509 4900 2570 4955 τὸ
2614 4900 2672 4953 δὲ
2698 4899 2988 4971 ἀνανδρίας
3029 4897 3138 4969 (60)
3172 4897 3351 4950 ἐστίν’
3383 4897 3477 4949 καὶ
3517 4896 3629 4966 (61)

2136 5129 2248 5198 (58)
2286 5126 2533 5195 Κράτος.
2558 5124 2722 5181 Coisl.
2760 5125 2796 5177 2
2826 5121 3022 5192 aliique
3059 5120 3239 5189 plures
3272 5117 3492 5182 addunt,
3528 5119 3613 5170 αὐ-

2278 5266 2615 5337 ]Αλεῒπται.
2650 5283 2669 5315 ι
2716 5263 2927 5337 Aliptte,
2968 5280 2987 5311 ι
3032 5260 3218 5337 idest,
3259 5274 3277 5307 ι
3317 5255 3627 5337 cohortatu-

2070 5325 2173 5393 res.
2210 5325 2241 5390 ι’
2274 5336 2429 5401 Mox,
2484 5335 2719 5404 σιγῶντα
2761 5325 3118 5404 κηρύγματαξ,
3162 5346 3182 5377 ι
3229 5325 3388 5404 tacita
3430 5338 3631 5404 praeco-

2067 5411 2175 5472 nia,
2213 5426 2230 5458 ι
2272 5409 2391 5474 quia
2416 5394 3053 5474 'non'sermOIiili'tts,'sed
3085 5394 3445 5471 membrorum
3488 5394 3632 5446 lace-

2066 5473 2359 5532 rationibus
2386 5477 2634 5542 pietatem
2670 5473 3053 5542 prwdicabaut.

2134 5547 2245 5616 (60)
2299 5530 2735 5616 Ἀνὶινὸρίαςλι]
2758 5540 3046 5616 nonnullis,
3072 5538 3408 5616 ἀνανδρείας.
3438 5530 3631 5616 «'Prze-

2062 5602 2265 5673 cla‘rut'n
2293 5624 2395 5679 est,
2428 5632 2447 5665 ι
2485 5602 2656 5681 inquit
2700 5612 2957 5681 Origenes
3003 5602 3293 5665 Comment.
3343 5611 3396 5660 in
3441 5602 3628 5662 Joau.,

3477 5690 3496 5722 ι
3525 5684 3632 5723 11011

2136 5757 2246 5828 (Gl)
2289 5754 2416 5811 Καί.
2446 5752 2579 5808 Tres
2599 5753 2787 5823 Regg.,
2823 5750 2943 5805 κᾶν.
