3902 6218
242 348 348 404 501

1061 352 1323 409 ORATIO
1359 352 1543 407 XLlll.
1585 379 1657 393 --
1695 353 1765 408 ΙΝ
1802 353 2089 411 LAUDEM
2127 354 2371 411 BASILII
2406 309 2643 412 MASNI.

3385 352 3499 410 502'

242 462 423 534 τούτῳ
452 463 716 547 τιμῶντες
731 465 929 517 ἐκεῖνοι
951 464 1043 518 τὸν
1074 468 1372 539 νομοθέτην
1396 472 1505 536 ),τι
1544 467 1827 538 μηχανῶν-

1941 479 2202 524 certamen
2262 470 2661 536 detrectemus;
2713 467 2843 524 illud
2896 467 3091 535 quippe
3124 467 3389 520 temerarii
3427 482 3491 521 ac

243 571 336 606 ται
366 553 514 625 (62);
548 553 764 608 Μᾶλλον
795 555 876 620 δὲ,
912 557 1072 628 ’πρὸς
1131 559 1184 611 τί
1221 559 1473 631 φέρονται
1524 575 1675 630 παρα
1726 559 1825 627 τῆς

246 646 430 699 πάντα
460 644 532 698 τὰ
558 645 781 699 ἐκείνων
802 646 1042 717 ἀγούσης
1072 651 1364 720 προνοίας;
1400 651 1520 703 Ἐπί
1560 667 1684 704 τινα
1719 651 1826 704 τῶν

245 737 527 791 Ποντικῶν
557 736 698 808 ὀρῶν
725 738 932 810 λόχμην
958 741 976 810 (
998 741 1191 794 πολλαὶ
1216 741 1274 794 δὲ
1306 734 1466 795 αὗται
1496 745 1622 813 παρ’
1644 744 1826 808 αὐτοῖς

247 830 356 880 εἰσι
390 828 484 887 καὶ
520 827 751 898 βαθεῖαι,
786 831 880 883 καὶ⁹
914 832 1261 886 ἐπιπλεῖστον
1308 833 1623 903 διήκουσαι)
1653 850 1825 886 κατα-

250 918 536 987 φεύγουσι,
563 919 682 973 λίαν
705 920 905 989 ὀλίγοις
925 921 1219 992 χρώμενοι,
1247 923 1341 977 καὶ
1366 925 1464 992 τῆς
1496 925 1672 994 φυγῆς
1706 942 1829 978 συν-

251 1014 459 1082 εργοῖς,
485 1012 708 1084 καὶτῆς
742 1014 950 1085 τροφῆς
996 1014 1315 1086 ὑπηρέταις.
1362 1016 1545 1069 Ἀλλοι
1593 1016 1691 1087 μὲν
1734 1013 1826 1070 οὖν

247 1101 684 1174 θαυμαζέτωσαν
732 1102 791 1156 τὺ
840 1103 934 1157 τοῦ
975 1105 1167 1176 χρόνου
1220 1106 1393 1177 μῆκος
1438 1107 1706 1179 (καὶγὰρ
1736 1107 1828 1160 ἐπὶ

250 1193 502 1247 πλεῖστον
536 1195 739 1259 αὐτοῖς,
774 1194 850 1257 ὥς
884 1197 1116 1264 φασι,τὸ
1146 1197 1243 1266 τῆς
1300 1198 1480 1267 φυγῆς
1523 1197 1823 1269 παρετάθη,

252 1284 372 1347 ἔτος
391 1301 495 1337 που
541 1285 788 1355 ἕϐδομον,
821 1286 916 1339 καὶ
966 1289 1160 1360 μικρόν
1189 1305 1241 1341 τι
1271 1278 1407 1359 πρὸς
1429 1288 1467 1357 ),
1523 1288 1583 1340 τό
1613 1305 1674 1341 τε
1729 1289 1828 1359 τῆς

249 1376 463 1446 διαίτης
488 1375 737 1447 σώμασιν
774 1372 832 1430 εὖ
862 1378 1107 1446 γεγονόσι
1153 1380 1337 1433 στενόν
1376 1398 1436 1432 τε
1481 1380 1575 1433 καὶ
1620 1380 1829 1451 παρηλ-

250 1466 540 1537 λαγμένον,
570 1468 646 1531 ὡς
667 1467 727 1521 τὸ
759 1469 938 1533 εἰκός·
972 1469 1066 1522 καὶ
1094 1470 1156 1523 τὸ
1189 1472 1498 1543 ὑπαιθρίοις
1546 1471 1657 1541 (65)
1693 1490 1827 1545 κρυ-

254 1561 399 1627 μοῖς,
422 1560 516 1612 καὶ
540 1558 786 1622 θάλπεσι,
842 1561 937 1614 καὶ
986 1560 1213 1632 ὄμϐροις
1251 1563 1650 1635 ταλαιπωρεϊνο
1687 1564 1722 1634 ἦ
1769 1581 1829 1617 τε

250 1647 444 1715 ἄφιλος
468 1647 694 1719 ἐρημία,
729 1648 821 1702 καὶ
848 1649 910 1702 τὸ
934 1646 1299 1721 ἀκοινώνητόν
1326 1669 1385 1704 τε
1418 1653 1513 1706 καὶ¹
1555 1652 1786 1723 ἄμικτον
1812 1668 1827 1680 ⁸

248 1738 376 1792 ὅσον
401 1739 481 1802 είς
510 1739 880 1794 κακοπάθειαν
904 1743 1017 1804 τοῖς
1058 1742 1162 1795 ὑπὸ
1194 1742 1405 1795 πολλῶν
1430 1742 1830 1814 δορυφορουμέ-

1926 562 2216 629 praecipitis
2255 570 2340 615 est
2377 561 2562 625 animi,
2607 561 2708 614 hoc
2746 558 2915 618 timidi
2963 567 3017 613 et
3062 557 3277 628 ignavi;
3308 557 3360 611 in
3392 557 3493 612 hac

1930 665 2145 719 quoque
2190 666 2248 704 re
2294 651 2653 721 legislatorem
2702 650 2908 704 honore
2971 646 3319 717 allicientes),
3363 647 3492 716 quid

1930 741 2264 794 tuoliuntur?
2289 739 2386 795 Vel
2416 741 2614 810 potius,
2647 756 2879 810 quonam
2922 755 2952 793 a
3002 740 3178 794 divina
3210 739 3496 809 providen-

1931 833 2025 896 tia,
2052 830 2218 903 774
2248 847 2366 899 qua:
2394 832 2572 885 omnia
2610 848 2795 887 eorum
2822 831 3177 902 gubernabat,
3205 830 3494 886 feruntur?

1927 922 2007 976 Ad
2037 924 2316 991 quamdam
2351 921 2693 977 Ponticarum
2724 923 2984 976 montium
3020 921 3211 978 silvam
3246 922 3376 991 (illic
3399 938 3494 975 au-

1931 1021 2035 1066 tem
2077 1013 2357 1082 permulta:
2400 1023 2527 1066 sunt
2558 1022 2614 1067 et
2638 1002 2916 1082 profundas
2939 1028 3003 1067 ac
3028 1012 3183 1080 longe
3216 1027 3275 1067 se
3314 1013 3492 1081 porris

1929 1102 2133 1172 gentes)
2189 1118 2311 1156 cum
2369 1103 2554 1170 paucis
2594 1103 2903 1165 admodum,
2958 1112 3065 1156 tam
3110 1102 3245 1172 fugae
3284 1102 3497 1157 comiti-

1930 1197 2047 1260 bus,
2080 1212 2237 1265 quam
2280 1194 2387 1249 cibi
2447 1196 2732 1262 ministris,
2763 1197 3098 1267 confugiunt.
3149 1196 3501 1250 Admirentur

1933 1286 2019 1341 hic
2050 1287 2267 1357 quidem
2296 1286 2386 1340 alii
2421 1287 2679 1355 temporis
2709 1288 3112 1342 diuturnitatem
3141 1286 3287 1356 (nam
3311 1285 3361 1339 in
3396 1299 3497 1338 an-

1930 1392 2055 1429 num
2085 1392 2221 1445 pene
2246 1376 2556 1446 septimum,
2587 1385 2748 1445 atque
2776 1378 3067 1448 aliquando
3093 1376 3340 1447 amplius,
3372 1390 3498 1445 pro-

1934 1472 2161 1521 tractum
2214 1466 2318 1521 illis
2369 1467 2617 1521 exsilium
2661 1467 2827 1522 fuisse
2872 1466 3162 1538 narrant),
3190 1479 3245 1522 et
3283 1465 3511 1521 vivendi

1930 1558 2190 1611 rationem
2220 1560 2534 1628 corporibus
2567 1561 2842 1630 generosis
2878 1567 3160 1627 angustam
3179 1568 3234 1612 et
3264 1555 3498 1612 insolenr

1935 1656 2063 1712 tem,
2092 1658 2149 1700 ttt
2173 1649 2463 1704 verisimile
2490 1660 2572 1705 est
2597 1667 2612 1714 ;
2647 1651 2885 1720 illudque
2932 1649 3081 1713 item,
3110 1649 3250 1716 quod
3278 1648 3378 1703 sub
3411 1647 3498 1700 dio

1933 1745 2172 1806 agentes,
2207 1738 2499 1807 algoribus,
2543 1740 2834 1807 caloribus,
2862 1738 3054 1808 pluviis
3082 1738 3495 1797 divexarentur;

247 1845 364 1891 νοις
394 1828 489 1880 καὶ
519 1828 850 1899 τιμωμένοις
875 1847 891 1896 ;
927 1831 1066 1899 Ἐγὼ
1088 1831 1164 1897 δὲ,
1193 1832 1221 1885 ὃ
1249 1832 1455 1886 τούτων
1491 1806 1680 1904 ’μείζόν
1709 1806 1824 1887 ἐστι

1941 1843 1993 1882 ιο
2032 1829 2261 1898 denique
2301 1830 2512 1895 amicis,
2548 1839 2710 1899 atque
2751 1830 3027 1884 hominum
3075 1831 3399 1883 commercio
3445 1839 3499 1883 et

246 1917 345 1970 καὶ
373 1912 821 1988 παραδοξότερον,
862 1917 1031 1983 λέξων
1053 1918 1283 1991 ἔρχομαι
1304 1938 1316 1950 '
1353 1920 1644 1992 ἀπιστήσει
1668 1921 1713 1973 δ’
1731 1921 1825 1974 οὑ-

1941 1918 2187 1971 societate
2229 1919 2536 1974 destitutam
2589 1918 2971 1983 solitudinem;
3011 1932 3130 1987 qua;
3187 1932 3293 1982 res,
3336 1931 3498 1985 quam

246 2009 383 2071 δεῖς,
410 2007 442 2077 ἧ
472 2008 620 2070 ὅστις
661 2007 811 2060 οὐδὲν
852 2008 995 2078 μέγα
1038 2008 1208 2063 οίεται
1257 2011 1382 2073 τοὺς
1420 2011 1560 2082 ὑπὲρ
1588 2010 1824 2082 Χριστοῦ

1941 2009 2108 2077 gravis
2145 2017 2199 2063 et
2239 2024 2537 2064 aerumnosa
2590 2009 2655 2063 iis
2724 2008 2891 2063 fuisse
2940 2007 3169 2078 putanda
3206 1992 3308 2070 est,
3348 2006 3500 2075 quia

245 2102 524 2170 διωγμοὺς
551 2101 644 2153 καὶ
674 2101 970 2169 κινδύνους,
1002 2103 1188 2166 κακῶς
1231 2103 1511 2172 γινώσκων
1563 2105 1657 2157 καὶ
1706 2103 1825 2157 λίαν

1941 2100 2118 2155 multis
2146 2103 2332 2169 stipari
2369 2111 2528 2171 atque
2556 2103 2761 2156 honore
2796 2099 2932 2154 afﬁci
2955 2098 3236 2153 solebant?
3266 2097 3376 2168 Ego
3397 2111 3501 2152 an-

245 2188 624 2252 ἐπικινδύνως.
1651 2212 1659 2220 ·

1941 2202 2059 2257 tem,
2091 2194 2233 2263 quod
2261 2193 2344 2248 bis
2370 2194 2541 2263 majus
2565 2203 2621 2247 et
2652 2192 3023 2247 admirabilius
3060 2199 3162 2256 est,
3193 2203 3495 2258 exponam;

252 2300 357 2339 nec
396 2286 527 2339 mihi
569 2285 853 2356 quisquam
891 2284 1050 2340 ﬁdem
1108 2285 1409 2354 abrogabit,
1433 2286 1538 2340 nisi
1571 2285 1660 2356 qui
1693 2285 1827 2341 nihil
1867 2301 2116 2355 magnum
2172 2301 2291 2342 esse
2327 2287 2646 2342 existimarit
2708 2286 3114 2357 persecutiones
3177 2296 3231 2339 et
3263 2280 3501 2353 pericula

246 2370 453 2427 Christi
504 2386 665 2427 causa
701 2381 976 2441 suscepta,
1018 2387 1180 2439 prave
1226 2376 1412 2443 utique
1440 2383 1495 2429 et
1527 2375 1814 2430 admodum
1855 2375 2155 2445 periculose
2183 2375 2450 2443 judicans.

324 2467 400 2519 Z'.
450 2465 707 2519 Ἐπόθουν
761 2483 815 2518 τι
856 2465 951 2519 καὶ
981 2464 1089 2519 τῶν
1126 2466 1263 2537 πρὸς
1315 2465 1509 2537 ἡδονὴν
1559 2466 1607 2518 οἱ
1637 2466 1821 2534 γεννά-

2011 2465 2117 2520 Vll.
2148 2466 2437 2522 Suaviores
2491 2466 2745 2535 quasdam
2787 2465 2972 2536 epulas
3018 2466 3219 2536 egregii
3261 2481 3358 2520 vm
3408 2480 3500 2520 ex-

244 2556 339 2610 δαι
366 2556 500 2628 (64),
530 2557 607 2628 τῷ
633 2558 809 2629 χρόνῳ
840 2558 1139 2629 κάμνοντες
1169 2599 1184 2625 ,
1235 2559 1329 2611 καὶ
1361 2556 1468 2610 τῶν
1514 2557 1829 2625 ἀναγκαίων

1941 2559 2213 2625 optabant,
2252 2567 2313 2612 ut
2344 2558 2436 2626 qui
2473 2557 2729 2626 temporis
2751 2556 3137 2625 longinquitate
3168 2556 3495 2620 laborarent,

243 2650 407 2713 ὄντες
441 2652 718 2721 ἐπικορεῖς
757 2649 867 2721 (65)
896 2665 911 2680 ο
956 2650 1051 2702 καὶ
1076 2650 1144 2702 τὰ
1176 2650 1273 2719 μὲν
1324 2648 1419 2701 τοῦ
1470 2647 1687 2719 Ἰσραὴλ
1731 2648 1831 2702 οὑκ

248 2742 585 2813 ἐφθέγξαντο
613 2743 633 2811 (
645 2743 706 2796 ού
735 2741 846 2814 γὰρ
870 2737 1009 2813 ἦσαν
1038 2743 1338 2810 γογγυσταὶ
1361 2740 1503 2793 κατά
1540 2741 1666 2804 τοὺς
1691 2739 1834 2792 ἐκεί-

245 2851 380 2897 νους
407 2833 517 2904 (66)
544 2836 604 2887 ἐν
652 2836 720 2905 τῇ
776 2834 970 2905 ἐρήμῳ
1016 2832 1500 2904 ταλαιπωροῦντας
1531 2830 1644 2903 (67)
1697 2831 1833 2902 μετὰ

245 2925 352 2996 τὴν
379 2925 439 2990 ἐξ
485 2925 762 2994 Αἰγύπτου
807 2925 1006 2995 φυγὴν,
1032 2924 1106 2989 ὼς
1139 2923 1249 2994 ἄρα
1297 2923 1518 2996 βελτίων
1561 2922 1832 2992 Αἴγυπτος

245 3017 436 3078 αὐτοῖς
489 3016 574 3086 εἴη
624 3015 724 3085 τῆς
753 3014 989 3086 ἐρημίας
1013 3055 1027 3077 ,
1068 3013 1268 3084 πολλὴν
1311 3013 1420 3067 τῶν
1466 3013 1708 3085 λεϐήτων
1738 3014 1831 3066 καὶ

244 3102 363 3157 τῶν
396 3103 573 3174 κρεῶν
614 3103 723 3174 (68)
772 3102 1088 3174 χορηγοῦσα
1133 3102 1228 3173 τὴν
1285 3102 1577 3172 ἀφθονίαν,
1618 3103 1725 3157 τῶν
1768 3120 1826 3154 τε

247 3193 453 3259 ἄλλων,
497 3195 597 3247 ὅσα
636 3197 815 3247 ἐκεῖσε
865 3193 1157 3247 ἀπέλιπονο
1188 3197 1221 3265 ἡ
1273 3195 1382 3264 γάρ
1404 3193 1650 3248 πλινθεία
1678 3194 1770 3247 καὶ
1802 3197 1829 3247 6

247 3284 425 3355 πηλὸς
448 3285 598 3338 οὐδὲν
619 3280 687 3356 ἦν
718 3286 904 3361 αὐτοῖς
940 3285 1063 3338 τότε
1093 3285 1182 3338 διὰ
1208 3285 1305 3356 τὴν
1345 3285 1586 3357 ἄνοιαν),
1613 3284 1748 3339 ἄλλα
1775 3285 1830 3338 δὲ

247 3377 330 3438 ὠς
359 3375 741 3447 εὐσεϐέστερα,
776 3377 870 3429 καὶ
904 3377 1214 3447 πιστότερα.
1263 3377 1327 3429 Τί
1358 3378 1465 3449 γάρ
1502 3380 1666 3441 ἐστιν,
1719 3378 1831 3430 ἐλε-

247 3483 371 3535 γον,
401 3466 509 3520 τῶν
538 3466 804 3532 ἀπίστων,
836 3469 885 3520 εί
910 3469 937 3519 6
965 3468 1073 3520 τῶν
1102 3468 1421 3538 θαυμασίων
1451 3469 1582 3532 Θεὸς
1600 3512 1614 3535 ,
1663 3470 1690 3520 ὁ
1717 3469 1832 3540 θρέο

243 3558 362 3628 ψας
389 3556 662 3619 πλουσίως
676 3559 733 3609 ἐν
757 3558 948 3629 ἐρήμῳ
973 3556 1119 3621 ξένον
1138 3558 1286 3622 λαὸν,
1321 3559 1415 3612 καὶ
1439 3559 1669 3627 φυγάδα,
1691 3559 1829 3612 ὥστε

248 3649 351 3702 καὶ
378 3646 543 3719 ἄρτον
576 3646 871 3718 ὀμϐρῆσαι,
902 3649 996 3701 καὶ
1018 3648 1210 3718 βλύσαι
1239 3648 1457 3720 ὄρνιθας
1480 3691 1494 3714 ,
1526 3649 1736 3720 τρέφων
1769 3651 1829 3702 οὐ

246 3742 370 3802 τοῖς
397 3737 716 3806 ἀναγκαίοις
746 3739 928 3809 μόνον,
965 3739 1103 3792 ἀλλὰ
1133 3741 1225 3793 καὶ
1252 3744 1363 3803 τοῖς
1385 3743 1657 3812 περιττοῖς
1676 3758 1690 3771 ο
1722 3742 1772 3793 εἰ
1804 3744 1831 3794 6

248 3826 437 3898 τεμὼν
458 3826 752 3893 θάλασσαν,
781 3827 876 3881 καὶ
902 3829 1104 3899 στήσας
1132 3829 1303 3899 ἥλιον,
1328 3830 1420 3882 καὶ
1447 3830 1686 3901 ποταμὸν
1704 3830 1832 3884 ἀνα-

251 3919 451 3989 κύψας,
485 3919 575 3971 καὶ
603 3919 771 3973 τᾶλλα
797 3918 861 3989 δὴ
896 3920 1239 3983 ὑπειπόντες,
1270 3921 1371 3975 ὅσα
1409 3922 1674 3993 πεποίηκε
1706 3922 1820 3993 (φι-

250 4013 337 4066 λεῖ
358 4013 468 4081 γὰρ
499 4015 557 4066 ἐν
585 4017 696 4077 τοῖς
718 4013 982 4077 τοιούτοις
1006 4014 1334 4086 φιλιστορεῖν
1359 4015 1468 4086 (69)
1494 4018 1526 4087 ἡ
1550 4015 1715 4088 ψυχὴ,
1740 4018 1831 4070 καὶ

1936 2664 1999 2703 ac
2031 2649 2463 2703 necessariorum
2488 2647 2728 2702 ciborum
2768 2647 3043 2701 fastidium
3076 2648 3497 2703 contraxissent.

1930 2736 2039 2791 Nec
2072 2737 2272 2791 idcirco
2302 2746 2479 2790 tamen
2519 2736 2886 2791 lsraelitarum
2905 2736 3244 2792 sermonibus
3272 2735 3497 2790 uteban-

1933 2839 2017 2882 tur
2044 2829 2176 2898 (non
2213 2830 2361 2884 enim
2408 2831 2618 2897 queruli
2653 2839 2709 2885 et
2762 2835 3195 2883 murmuratores
3234 2838 3409 2894 erant,
3442 2839 3498 2882 ut

1932 2920 2026 2984 illi,
2059 2936 2203 2986 cum,
2233 2933 2361 2991 post
2405 2923 2580 2993 fugam
2630 2939 2694 2977 ex
2743 2921 2998 2993 Egypto,
3030 2922 3286 2977 aerumnis
3318 2922 3371 2975 in
3400 2922 3517 2995 de-_

1932 3021 2076 3065 serto
2113 3013 2584 3081 premerentur“;
2623 3014 2872 3068 nimirum
2897 3013 3184 3068 solitudine
3221 3013 3498 3067 meliorem

1931 3104 2030 3157 sibi
2060 3113 2218 3174 atque
2254 3106 2621 3175 optabiliorem
2654 3105 2947 3177 Egyptum
2980 3121 3104 3160 esse
3155 3106 3279 3173 rati,
3318 3109 3498 3175 utqui

1931 3196 2310 3264 amplissimam
2393 3197 2618 3252 ollarum
2691 3208 2743 3251 et
2817 3197 3092 3260 carnium,
3166 3196 3503 3265 aliarumque

1931 3289 2166 3341 omnium
2200 3302 2397 3353 rerum,
2432 3304 2565 3357 quas
2598 3289 2704 3342 illic
2733 3287 3081 3357 reliquerant,
3120 3288 3328 3357 copiam
3368 3289 3500 3357 ipsis

1930 3378 2395 3446 subministraret;
2431 3396 2530 3435 nec
2562 3380 2854 3449 euimjam,
2880 3396 2983 3450 qua
3015 3379 3284 3435 dementia
3316 3391 3500 3445 erant,

1930 3473 2109 3540 gravis
2155 3470 2287 3540 ipsis
2322 3471 2549 3525 laterum
2581 3469 2850 3525 confectio
2886 3479 2940 3525 et
2986 3469 3154 3523 lutum
3199 3484 3319 3523 esse
3356 3469 3503 3522 vide—

1933 3564 2145 3633 batur);
2179 3578 2363 3617 verum
2391 3562 2517 3629 alia,
2548 3576 2666 3630 quae
2691 3562 2947 3630 majorem
2974 3560 3225 3628 pietatem
3252 3575 3315 3614 ac
3343 3558 3502 3613 fidem

1933 3654 2266 3721 redolebant,
2313 3654 2696 3723 loquebantur.
2738 3651 2879 3718 Quid
2917 3653 3083 3716 enim,
3136 3651 3374 3716 aiebant,
3410 3650 3495 3705 lie-

1934 3742 2049 3797 rine
2078 3742 2178 3796 hoc
2207 3742 2409 3810 nequit,
2443 3751 2499 3794 ut
2530 3739 2670 3794 Deus
2706 3740 2794 3793 ille
2828 3740 3237 3804 miraculorum,
3265 3739 3356 3806 qui
3404 3754 3470 3808 pe
3490 3766 3502 3777 -

1933 3834 2204 3902 regrinum
2256 3842 2310 3887 et
2362 3831 2642 3902 fugitivum
2679 3832 2929 3902 papulum
2977 3833 3110 3887 adeo
3144 3833 3289 3901 large
3323 3841 3377 3886 et
3405 3848 3500 3885 co-

1931 3925 2078 3993 piose
2107 3925 2159 3978 in
2201 3925 2416 3979 deserto
2463 3923 2677 3987 aluit“,
2707 3934 2762 3976 ut
2805 3930 2859 3976 et
2907 3936 3121 3992 panem,
3154 3932 3208 3977 et
3229 3937 3356 3977 aves
3385 3932 3503 3977 tan-

1932 4031 2090 4084 quam
2129 4030 2194 4070 ex
2226 4014 2376 4071 fonte
2405 4013 2774 4084 profundent,
2806 4029 2910 4067 non
2936 4013 3107 4066 solum
3144 4014 3493 4076 necessariis,

252 4104 471 4168 πολλοῖς
500 4105 771 4176 θαύμασιν
828 4106 1084 4175 ἀνυμνεῖν
1136 4107 1227 4161 τὸν
1261 4106 1426 4178 Θεόν)
1449 4124 1462 4140 ο
1509 4100 1683 4171 οὗτος,
1740 4110 1831 4160 ἐπ-

246 4193 413 4264 ῆγον,
446 4195 542 4248 καὶ
573 4197 719 4266 ἡμᾶς
732 4194 946 4265 θρέψειε
968 4197 1205 4267 σήμερον
1219 4200 1329 4261 τοῖς
1350 4197 1452 4268 τῆς
1478 4199 1688 4270 τρυφῆς
1705 4201 1830 4261 τοὺς

1941 4199 2169 4264 scidit",
2200 4200 2331 4254 solis
2375 4215 2593 4254 cursum
2632 4199 3039 4269 compressit”,
3086 4196 3304 4253 ﬂuvium
3352 4197 3497 4252 inhi-

249 4288 352 4356 τῆς
371 4285 653 4350 εὐσεϐείας
683 4287 794 4357 (70)
823 4287 1166 4355 ἀγωνιστάςς
1192 4288 1383 4342 Πολλοὶ
1417 4291 1514 4360 μὲν
1544 4290 1708 4360 θῆρες
1731 4290 1830 4355 τὰς

1941 4290 2123 4354 buit”,
2150 4289 2361 4360 aliaque
2416 4289 2609 4344 deinde
2648 4290 3049 4366 subjungentes,
3082 4303 3413 4358 quaecunque
3434 4289 3509 4342 ab

247 4378 362 4430 τῶν
391 4377 660 4432 πλουσίων
696 4379 1050 4448 διαφυγόντες
1072 4380 1371 4452 τραπέζας,
1415 4380 1557 4452 ἅπερ
1587 4377 1655 4450 ἦν
1697 4398 1830 4435 ποτε

1941 4396 1995 4437 eo
2041 4391 2191 4451 gesta
2238 4382 2449 4436 fuerant
2482 4381 2643 4452 (solet
2680 4383 2825 4435 enim
2868 4370 2929 4454 in
2989 4380 3292 4448 hujusmodi
3341 4382 3502 4434 rebus

251 4470 347 4521 καὶ
374 4471 529 4538 ἡμῖν,
565 4471 677 4532 τοῖς
703 4468 853 4540 ὄρεσι
878 4469 1088 4531 τούτοις
1111 4468 1510 4538 ἐμφωλεύουσιο
1560 4470 1742 4523 πολλοὶ
1772 4473 1828 4525 δὲ

1941 4472 2144 4525 animus
2177 4480 2389 4526 veteres
2419 4472 2671 4525 historias
2706 4458 2934 4524 libenter
2986 4471 3262 4540 persequi,
3298 4486 3362 4524 ac
3404 4471 3499 4524 Dei

249 4558 466 4630 ὄρνιθες
489 4559 600 4612 τῶν
640 4560 918 4629 ἐδωδίμων
952 4562 1079 4624 τοὺς
1115 4560 1412 4623 ποθοῦντας
1458 4562 1605 4632 ἡμᾶς
1659 4562 1828 4631 ὑπερ-

1941 4560 2152 4630 gloriam
2187 4576 2252 4614 ex
2294 4560 2474 4616 multis
2528 4561 2807 4615 miraculis
2855 4555 3190 4628 celebrare);
3219 4561 3357 4615 idem
3387 4561 3501 4628 ipse

254 4653 532 4714 ίπτανται,
560 4644 635 4703 ὧν
673 4651 725 4704 τί
756 4651 830 4722 μὴ
851 4651 1156 4723 θηράσιμόν
1185 4653 1296 4723 (71)
1316 4669 1396 4705 σοι
1418 4651 1700 4723 θελήσαντι
1728 4654 1828 4721 μό-

1941 4654 2091 4717 Deus,
2131 4652 2454 4719 inferebant,
2496 4669 2593 4708 nos
2632 4668 2848 4723 quoque
2883 4650 3110 4722 'pietatis
3139 4652 3371 4707 athletas
3402 4653 3500 4705 ho-

252 4759 379 4806 νον;
409 4742 574 4795 Ταῦτ’
601 4743 811 4811 ἔλεγον,
841 4745 934 4798 καὶ
961 4746 994 4815 ἡ
1026 4744 1166 4816 θήρα
1194 4745 1393 4815 παρῆν,
1417 4744 1546 4814 ὄψον
1590 4745 1828 4816 αὐτόμα-

1941 4746 2117 4801 iierno
2148 4745 2236 4800 die
2266 4745 2586 4799 lautioribus
2622 4745 2862 4800 obsoniis
2900 4743 3129 4814 pascat?
3159 4743 3336 4796 Multae
3370 4741 3497 4796 ferte

250 4851 367 4897 τον,
398 4833 857 4905 ἀπραγμάτευτος
911 4835 1226 4900 πανδαισία,
1261 4836 1446 4905 ἔλαφοι
1498 4834 1607 4890 τῶν
1651 4834 1827 4905 λόφων

1941 4836 2149 4891 divitum
2182 4838 2403 4904 mensis,
2431 4837 2618 4906 quales
2647 4838 2918 4907 quondam
2946 4835 3107 4906 775
3140 4835 3294 4889 nobis
3321 4843 3494 4899 erant,

1030 4972 1237 5028 “'ibid.
1273 4971 1356 5045 ιδ.
1461 4972 1504 5005 ⁸⁷
1533 4972 1701 5028 Exod.
1743 4987 1848 5036 Juv,

1953 5010 1965 5024 .
2068 4971 2115 5004 ⁸⁸
2142 4970 2254 5026 Jos.
2288 4986 2368 5035 ιιι,
2404 4970 2487 5025 16.
2564 4971 2608 5003 ⁸⁸
2634 4969 2745 5027 Jos.
2783 4988 2839 5035 x,
2881 4971 2965 5024 12.

1994 5086 2107 5159 (65)
2158 5084 2504 5159 ‘Eattxopsi'c.
2534 5082 2723 5159 Plures
2756 5086 2940 5159 codd_.,
2968 5084 3256 5159 διακορεῖς.

1997 5153 2108 5227 (66)
2148 5157 2309 5211 Κατὰ
2351 5153 2493 5224 τοὺς
2536 5156 2831 5227 ἐκείνους.
2877 5155 2967 5210 Sic
3013 5153 3343 5224 sex'llegg.,
3375 5163 3496 5210 octo

1921 5225 2099 5287 Colb.,
2126 5237 2234 5281 etc.
2266 5228 2416 5282 Deest
2457 5225 2583 5288 τούς
2612 5227 2661 5279 iu
2685 5227 2772 5279 ed.

1992 5296 2102 5368 (67)
2120 5297 2668 5368 Ταλαιζτωροῦγτας.
2691 5293 2879 5348 Comb.
2900 5334 2914 5356 .
2938 5293 3490 5368 ταλαιπωρήσαντας.

1992 5362 2102 5436 (68)
2143 5366 2251 5419 Καὶ
2265 5362 2396 5419 τῶν(
2418 5385 2476 5421 κ.
2498 5366 2586 5421 Sic
2612 5367 2777 5434 Regg.
2803 5379 2875 5436 a,_
2899 5364 2988 5434 plt.
3024 5362 3184 5436 Deest
3206 5362 3487 5436 τῶνὶροιι.

1998 5426 2111 5506 (69⁷)
2151 5438 2542 5504 Φιλιστορεῖν.
2634 5426 2797 5489 (Ιᾰιὲι.
2840 5426 2915 5499 Vl,-
2975 5431 3285 5504 πολυῖστωρ
3334 5426 3494 5488 εἶναι.

1927 5505 2048 5561 Pas.
2059 5546 2073 5567 ,
2102 5506 2547 5576 πολυϊστορεῖναι.

1998 5576 2110 5647 (70)
2154 5575 2298 5640 Τοὺς
2324 5572 2433 5643 τῆς
2462 5575 2788 5640 εὐσεϐείας.
2830 5573 2922 5629 Sic
2947 5573 3128 5644 plures
3153 5572 3309 5627 codd.
3342 5573 3498 5626 Deest

1926 5646 2024 5715 τῆς
2050 5647 2102 5715 in
2134 5649 2221 5715 e_tl.

1996 5708 2109 5786 (7i)
2146 5708 2259 5771 ’Ὧν
2285 5716 2341 5786 τέ
2361 5715 2447 5786 μὴ
2470 5714 2816 5786 θηρᾴσιμον.
2848 5714 2937 5769 Sic
2965 5728 3151 5769 omnes
3169 5712 3319 5768 codd.
3352 5711 3495 5768 Meu-

1925 5778 2052 5841 dose
2076 5778 2128 5839 i'n
2164 5788 2271 5853 ct|.,
2303 5778 2377 5838 ὧν
2398 5778 2449 5837 τί
2482 5778 2569 5856 μοι
2591 5778 2912 5855 θηράσιμον.

1931 4108 2023 4163 sed
2062 4108 2225 4162 etiam
2267 4107 2550 4177 superfluis
2582 4106 2715 4162 cibis
2758 4119 2884 4159 eum
2919 4106 3200 4171 nutriens;
3237 4107 3326 4174 qui
3353 4119 3502 4159 mare

318 4972 365 5003 "
398 4970 565 5026 Exod.
598 4987 708 5039 XVI,
738 4971 774 5024 2
795 4987 915 5041 sqq.

252 5106 273 5138 ι
310 5102 416 5159 non
446 5099 699 5159 recusare
726 5087 1143 5159 confessionem,
1171 5103 1267 5143 nec
1293 5088 1538 5144 dubitare
1560 5091 1693 5143 mori
1729 5105 1825 5159 pro

247 5157 496 5210 veritate.
536 5155 650 5228 Non
687 5157 864 5211 minus
908 5166 1085 5211 tamen
1144 5160 1244 5213 hoc
1296 5160 1458 5212 etiam
1510 5155 1822 5228 praeclarum

244 5237 354 5288 e--t,
405 5240 511 5278 non
547 5227 676 5280 dare
719 5241 936 5279 causam
983 5228 1072 5279 tali
1129 5228 1434 5296 periculo...
1499 5227 1600 5281 non
1650 5230 1821 5283 solum

245 5298 393 5365 quod
427 5296 665 5351 incertus
703 5296 857 5350 nobis
893 5304 976 5350 est
1005 5296 1121 5363 ejus
1148 5306 1402 5364 eventus;
1434 5313 1619 5352 rerum
1658 5299 1821 5353 etiam

247 5364 317 5419 ne
344 5379 509 5437 causa
543 5364 733 5430 simus,
764 5380 862 5437 cur
894 5368 1236 5422 scelestiores
1273 5368 1382 5421 sint
1423 5368 1821 5437 majoribusque

245 5435 486 5504 peccatis
507 5449 565 5489 se
593 5435 979 5504 contaminent.
1018 5455 1036 5487 ι

474 5503 1008 5576 Μῃχανῶγταιηυιο.
1038 5505 1092 5560 2.
1121 5506 1468 5576 μηχάνονται.

321 5572 432 5647 (ϐξ)
483 5573 853 5647 Ύπαιθρίρις.
899 5574 991 5647 Sic
1032 5572 1230 5647 plures
1260 5575 1448 5647 8633.,
1479 5575 1585 5630 duo
1629 5576 1817 5642 C0isl.,

242 5638 342 5697 0r.
462 5652 569 5696 etc.
606 5638 1175 5714 ln_:ed.,idrtat0p£00;.

322 5712 434 5782 (64)
473 5712 788 5783 Γεννάδαι.
831 5714 921 5767 Sic
971 5712 1135 5782 Regg.
1168 5731 1220 5782 a,
1250 5731 1299 5782 c,
1333 5717 1386 5782 tl,
1427 5716 1607 5773 decem
1642 5715 1815 5783 Colb.,

244 5781 401 5838 Pass.
434 5793 487 5837 et
511 5781 621 5837 Jcs.
652 5782 708 5836 In
739 5786 847 5848 ed.,
880 5781 1149 5852 γεννάδες.
