3902 6218
410 323 520 380 5θῦ
1583 328 1642 385 S.
1682 327 1961 387 οῆιςαοῐι
1970 329 2014 385 ιι
2054 327 2402 386 THEOLOGI
3561 326 3692 385 505

409 440 535 512 fuga
570 439 767 510 elapsa:
810 440 864 495 in
922 440 1009 495 his
1059 440 1331 496 montibus
1375 441 1733 508 delitescunt;
1800 444 1950 498 multa

2141 443 2246 497 δθὲν
2286 443 2690 515 ὑπερφανέντες
2749 443 2981 514 ἀθρόως.
3034 443 3120 509 Ὦς
3175 447 3273 517 μὲν
3315 446 3682 517 εὖμεγέθειςῑ

411 530 697 584 esculenta:
725 544 852 586 aves
888 545 1047 599 supra
1079 546 1196 595 nos,
1225 532 1315 602 qui
1358 545 1451 588 eas
1479 534 1807 601 expetimus,
1833 534 1952 588 voli'

2148 551 2160 594 ξ
2188 533 2244 586 δὲ
2269 533 2477 597 πίονεςῐ
2510 532 2585 597 ὼς
2618 533 2676 587 δὲ
2714 532 2982 603 πρόθυμοι
3010 533 3149 605 πρὸς
3180 536 3391 604 σφαγήν
3419 536 3431 587 !
3460 537 3689 590 Μονον-

413 629 567 685 tant;
596 634 825 691 quorum
862 621 993 691 quid
1028 623 1250 676 omnino
1287 632 1389 691 est,
1414 626 1556 692 quod
1588 634 1660 687 te,
1688 625 1773 680 vel
1803 625 1954 681 solun

2142 624 2207 695 ιχ).
2266 625 2362 679 καὶ
2409 624 2569 677 τοῦτο
2615 624 2852 688 εἰκάζειν
2903 619 2970 695 ἦν
2999 664 3013 688 ,
3060 626 3143 678 ὅτι
3199 625 3273 696 μὴ
3311 625 3426 697 (72)
3477 627 3683 697 τάχιον

412 721 702 778 annuente,
742 727 845 767 non
878 712 1033 768 facile
1057 714 1171 783 capi
1205 715 1408 783 possit?
1440 715 1566 771 Haec
1600 732 1782 770 eorum
1816 720 1953 772 verb:

2147 714 2417 786 ιλήθησαν,
2451 715 2848 785 ἐδυσχέραινον.
2883 716 2944 768 Οἱ
2981 714 3080 785 μὲν
3110 708 3290 768 εἷλκον
3321 718 3433 778 τοῖς
3466 717 3688 785 νεύμα-

411 813 564 859 erant
591 819 689 860 :ac
736 804 913 875 przeda
967 805 1257 859 verborum
1307 821 1489 861 comes
1529 817 1666 870 erat,
1699 808 1952 862 obsonium

2143 824 2195 872 ην,
2228 807 2278 859 οἱ
2301 806 2356 859 δὲ
2377 808 2591 877 ἤγοντο.
2639 807 2797 868 Τίνος
2846 804 3131 868 διώκοντος
3165 806 3198 876 ἢ
3232 808 3684 874 συναναγκάζον-

414 894 556 947 ultro
597 893 859 956 oblatum,
893 894 1198 949 convivium
1235 894 1380 948 nullo
1413 897 1594 951 labore
1634 896 1955 951 instructum

2140 912 2210 960 ιςς
2248 895 2495 963 Οὐδενός.
2556 896 2729 949 Τίνων
2782 895 3030 960 ἱππέων;
3075 895 3253 950 Ποίων
3295 896 3407 966 (73)
3452 896 3681 962 κυνῶν;

414 985 558 1039 cervi
587 999 617 1040 e
646 984 865 1040 tumulis
889 994 1109 1053 repente
1157 996 1499 1055 apparentes.
1534 987 1704 1055 Quam
1739 989 1947 1056 proceri

2144 988 2244 1049 ίνος
2281 986 2508 1056 ὑλακῆς,
2534 984 2566 1056 ἢ
2588 986 2856 1059 κραυγῆς,
2886 985 2920 1056 ἢ
2965 985 3100 1039 νέων
3145 986 3685 1056 προκαταλαϐόντων

413 1070 583 1142 Quam
636 1076 889 1146 pingues!
933 1074 1102 1143 Quam
1145 1078 1209 1131 ad
1245 1080 1447 1133 caedem
1499 1080 1730 1149 prompti
1764 1088 1819 1133 et
1868 1081 1952 1133 ala

2144 1094 2185 1139 ις
2211 1076 2477 1140 διεξόδους
2504 1078 2618 1141 τοῖς
2649 1076 2819 1147 θήρας
2849 1076 3066 1146 νόμοιςς
3114 1076 3295 1147 Εὐχῆς
3331 1078 3540 1149 δέσμιοι
3577 1079 3685 1131 καὶ

412 1168 560 1223 cres!
586 1167 981 1239 Propemodum
1024 1182 1116 1223 eos
1146 1168 1471 1235 conjiceres,
1508 1171 1647 1239 quod
1685 1185 1788 1222 non
1818 1170 1946 1223 citiu

2140 1168 2297 1231 καίας
2319 1169 2607 1238 αἰτήσεως.
2635 1168 2730 1232 Τίς
2747 1168 2888 1236 ἔγνω
2908 1167 3148 1221 τοιοῦτον
3169 1167 3388 1240 θήραμα
3411 1169 3522 1222 τῶν
3545 1170 3678 1236 νῦν,

412 1258 585 1313 vocati
613 1267 816 1323 essent,
843 1259 1066 1314 moleste
1100 1258 1265 1315 ferre.
1305 1260 1381 1313 Illi
1419 1261 1651 1328 capitum
1690 1268 1822 1312 nutu
1866 1258 1983 1312 alli-
2089 1258 2260 1330 ἡτῶν
2286 1259 2537 1323 meum;

413 1349 649 1413 ciebant,
690 1351 741 1405 lii
774 1352 1157 1421 sequebantur.
1220 1351 1336 1417 Quo
1383 1352 1706 1416 insectante,
1772 1360 1825 1406 et
1862 1350 2122 1421 cogente?
2159 1351 2405 1408 Nemine.
2448 1352 2654 1417 Quibus
2721 1352 2917 1421 equis?
2957 1352 3163 1419 Quibus
3223 1352 3487 1407 canibus?
3549 1354 3682 1422 Quo

413 1443 633 1507 latratu,
677 1454 768 1499 ant
815 1444 1069 1509 clamore,
1100 1453 1188 1498 aut
1236 1445 1487 1515 iuvenum
1552 1444 1750 1511 studio,
1815 1443 2023 1497 viarum
2062 1443 2258 1508 exitus,
2331 1454 2389 1497 ut
2439 1443 2739 1498 venationis
2783 1442 2927 1511 leges
2981 1441 3184 1508 ferunt,
3236 1446 3616 1515 occupantium
3648 1446 3680 1498 ?

414 1536 686 1591 Orationis
733 1545 941 1592 tantum
983 1536 1251 1605 justreque
1300 1534 1573 1605 petitionis
1616 1533 1827 1588 vinculo
1860 1533 2158 1587 constricti.
2228 1533 2386 1600 Quis,
2451 1533 2535 1588 vel
2566 1542 2773 1600 nostra,
2837 1532 2922 1587 vel
2966 1533 3227 1598 omnium,
3294 1536 3385 1603 qui
3423 1551 3675 1606 unquam

413 1630 652 1695 fuerunt,
694 1632 980 1695 memoria,
1036 1630 1195 1684 talem
1234 1630 1570 1683 venationem
1632 1644 1696 1685 ac
1748 1630 1979 1699 praedam
2020 1628 2310 1697 cognovit?

486 1718 618 1775 VIII.
648 1721 692 1777 Ο
720 1737 830 1776 rem
856 1721 1227 1776 admirandam
1252 1722 1265 1774 ί
1303 1720 1406 1789 Ipsi
1439 1721 1629 1788 praedae
1658 1734 1768 1774 suae
1799 1720 1985 1776 arbitri
2020 1726 2027 1779 1

2161 1715 2241 1770 Η¹.
2277 1718 2341 1769 Ὢ
2371 1715 2464 1769 τοῦ
2489 1716 2765 1787 θαύματος
2790 1717 2801 1770 !
2830 1716 2995 1771 Αὐτοὶ
3021 1716 3116 1772 τοῦ
3164 1718 3480 1789 θηράματος
3525 1715 3678 1791 ἦσαν

416 1823 592 1869 erant.
616 1813 884 1880 Quidquid
922 1813 1188 1883 placebat,
1215 1812 1487 1866 voluntate
1534 1820 1739 1866 tantum
1773 1812 1957 1868 teneba

2129 1809 2303 1878 αμίαι.
2355 1809 2521 1863 Ὅσον
2560 1808 2733 1879 φίλον,
2786 1809 2965 1881 εἴχετο
3012 1810 3278 1880 θελήμασι
3309 1811 3424 1880 (74)
3465 1812 3670 1882 μόνον·

419 1916 538 1967 tur;
577 1902 718 1972 quod
754 1911 1051 1971 supererat,
1105 1901 1171 1956 ad
1212 1895 1390 1955 silvas'
1414 1902 1467 1954 in
1513 1902 1803 1956 secundam
1839 1915 1960 1955 men

2134 1916 2211 1952 τον
2246 1900 2519 1970 περιττὸν,
2548 1901 2880 1972 ἀπεπέμφθη
2908 1905 3028 1963 ταῖς
3055 1900 3282 1971 λόχμαις
3303 1904 3383 1965 είς
3408 1902 3675 1973 δευτέραν

418 2007 533 2048 sam
566 1991 925 2060 relegabatur.
959 1990 1129 2059 Coqui
1162 1990 1579 2060 extemporales,
1610 2007 1763 2047 caena
1795 1991 1954 2060 eani

2137 1988 2392 2058 οάπεξαν.
2433 1991 2496 2044 Οἱ
2556 1991 2803 2060 ὀψοποιοὶ
2852 1991 3071 2061 σχέδιοι,
3126 1992 3189 2045 τὸ
3215 1992 3429 2045 δεῖπνον
3465 1994 3678 2065 εὐπρε-

418 2086 546 2147 sita,
577 2082 817 2136 conviva:
860 2082 1019 2150 grati,
1070 2097 1309 2151 praesens
1354 2081 1672 2136 miraculum
1737 2090 1959 2150 tanquam

2138 2081 2191 2142 ὲς
2210 2080 2345 2151 (75),
2379 2083 2429 2134 οἱ
2456 2080 2773 2153 δαιτύμονες
2795 2081 3124 2153 εὐχάριστοι,
3148 2083 3432 2154 προοίμιον
3456 2084 3679 2156 ἔχοντες

420 2174 732 2244 praeludium
779 2173 1049 2243 quoddam
1093 2188 1273 2227 rerum
1326 2173 1379 2227 in
1429 2187 1525 2242 spe
1564 2172 1862 2242 positarum
1897 2173 1961 2227 ba

2137 2172 2189 2244 5η
2225 2172 2335 2226 τῶν
2371 2171 2761 2243 ἐλπιζομένων,
2794 2174 2855 2226 τὸ
2904 2175 3078 2246 παρὸν
3111 2174 3318 2251 θαῦμα.
3365 2174 3455 2240 Ἐξ
3485 2170 3549 2228 οὗ
3577 2178 3678 2230 καὶ

421 2266 630 2318 benles.
680 2263 758 2317 Ex
801 2277 909 2331 quo
964 2263 1127 2318 etiam
1171 2264 1238 2319 ad
1279 2278 1398 2319 eam
1443 2263 1872 2330 dimicationem,
1922 2265 1962 2317 ol

2139 2263 2228 2332 ρὸς
2265 2264 2363 2336 τὴν
2384 2263 2629 2334 ἄθλησιν,
2652 2264 2792 2336 ὑπὲρ
2814 2259 2880 2336 ἦς
2912 2266 3083 2320 ταῦτα
3103 2261 3172 2337 ἦν
3200 2266 3402 2329 αὐτοῖς,
3430 2266 3680 2336 ἐγίνοντο

420 2374 579 2426 quam
612 2357 727 2411 haec
765 2356 872 2409 illis
905 2364 1104 2425 praesto
1144 2362 1319 2417 erant,
1361 2355 1657 2409 alacriores
1687 2353 1961 2409 reddeban

2138 2354 2508 2426 ροθυμότεροι.
2534 2355 2774 2410 Τοιαῦτα
2794 2357 2862 2410 τὰ
2885 2358 2994 2428 ἐμὰ
3019 2358 3355 2428 διηγήματα.
3390 2358 3462 2411 Σὺ
3490 2358 3550 2413 δέ
3582 2376 3677 2430 μοι

424 2460 526 2502 lur.
563 2449 638 2503 Ac
673 2449 801 2502 talia
845 2448 1062 2517 quidem
1111 2456 1256 2507 sunt,
1282 2462 1403 2515 quae
1437 2448 1711 2501 narranda
1740 2462 1964 2516 suscepe

2135 2446 2219 2514 ἐγε
2245 2446 2344 2509 τὰς
2368 2445 2768 2517 Ἑλαφηϐόλους
2801 2448 2912 2518 (76)
2932 2465 3048 2514 σου,
3084 2451 3180 2503 καὶ
3222 2451 3350 2511 τοὺς
3387 2450 3676 2522 Ὠρίωνας,

420 2557 556 2596 ram.
587 2539 666 2594 Tu
705 2554 833 2594 vero
868 2538 1066 2594 Dianas
1103 2547 1245 2604 tuas,
1294 2548 1349 2594 et
1397 2536 1646 2604 Oriones,
1688 2548 1744 2594 et
1788 2540 1961 2595 Actaeo

2135 2544 2188 2598 αὶ
2217 2545 2338 2607 τοὺς
2384 2544 2737 2608 Ἀκταίωνας,
2772 2546 2896 2608 τοὺς
2930 2546 3331 2615 κακοδαίμονας
3377 2547 3676 2618 θηρευτὰς,

423 2650 539 2699 nes,
580 2633 824 2688 infelices
877 2632 997 2687 illos
1043 2642 1350 2698 venatores,
1385 2632 1514 2685 mibi
1555 2647 1752 2692 narra;
1788 2641 1864 2697 tu,
1908 2632 1963 2686 in

2148 2636 2280 2705 ἐμὸς
2329 2634 2586 2707 διώκτης,
2616 2638 2645 2689 ό
2677 2637 2803 2700 τοὺς
2862 2636 3065 2708 μύθους
3099 2637 3413 2709 θαυμάζων,
3456 2640 3552 2692 καὶ
3575 2638 3678 2708 τὴν

423 2741 611 2796 quam,
648 2725 739 2793 qui
787 2739 871 2778 me
907 2723 1271 2792 persequeris,
1316 2722 1630 2792 fabulaeque
1684 2723 1964 2779 admiraris

2138 2727 2457 2780 ντιδοθεῖσαν
2489 2727 2685 2796 ἔλαφον
2713 2729 2811 2799 τῆς
2846 2727 3115 2799 παρθένου
3147 2729 3281 2797 (77),
3318 2729 3371 2782 εί
3398 2746 3452 2781 τι
3480 2728 3679 2781 τοσοῦ-

424 2832 489 2872 ac
524 2830 737 2870 cervam
782 2813 977 2885 virgini
1023 2813 1409 2879 substitutam;
1441 2813 1484 2868 si
1528 2813 1656 2881 quid
1690 2823 1899 2867 tantum
1926 2830 1965 2868 at

2141 2837 2181 2871 ›ν
2235 2820 2316 2883 εἰς
2369 2818 2683 2890 φιλοτιμίαν
2718 2819 2834 2873 ἔστι
2895 2837 2997 2883 σοι,
3031 2820 3136 2874 κᾶν
3164 2819 3345 2891 δῶμεν
3396 2822 3471 2892 μὴ
3504 2820 3682 2890 μῦθον

422 2908 637 2962 laudem
667 2917 722 2962 et
750 2907 975 2977 gloriam
1012 2906 1105 2960 tibi
1148 2904 1403 2973 suppetit,
1436 2913 1498 2959 ut
1533 2904 1751 2959 interim
1804 2919 1963 2959 narra

2137 2907 2230 2964 ῖναι
2254 2910 2316 2964 τὸ
2340 2910 2718 2983 ἱστορούμενον
2746 2911 2882 2979 (78).
2920 2912 3008 2974 Ὠς
3026 2911 3094 2965 τά
3117 2927 3181 2979 γε
3208 2910 3336 2981 ἑξῆς
3364 2911 3456 2964 τοῦ
3486 2910 3678 2979 λόγου,

428 3000 628 3053 tionem
661 2998 798 3052 hanc
832 2997 1053 3051 minime
1083 2995 1383 3051 fabulosam
1416 3009 1539 3050 esse
1553 2995 1836 3050 donemus.
1863 2994 1969 3061 Qua

2136 3001 2188 3052 αὶ
2211 2999 2330 3053 λίαν
2354 3002 2576 3072 αἰσχρά.
2607 3002 2672 3055 Τί
2710 3002 2817 3073 γὰρ
2841 3001 3033 3072 ὄφελος
3073 3002 3171 3071 τῆς
3202 3003 3525 3068 ἀντιδόσεως
3551 3044 3565 3067 ,
3623 3007 3677 3058 εἰ

426 3090 680 3156 deinceps
712 3095 1035 3158 sequuntur,
1066 3099 1230 3154 quam
1274 3085 1447 3154 turpia
1486 3085 1645 3139 sunt!
1680 3083 1811 3151 Quae
1848 3084 1967 3139 enin

2138 3092 2259 3157 ώζει
2289 3092 2576 3163 παρθένον,
2607 3096 2692 3147 ἵνα
2730 3093 3058 3158 ξενοκτονεῖν
3106 3093 3347 3165 διδαχθῇ,
3382 3094 3679 3167 ἀπανθρω-

426 3182 586 3247 huius
613 3179 1053 3236 commutationis
1103 3178 1326 3244 utilitas,
1362 3178 1405 3231 si
1446 3192 1508 3232 ea
1539 3181 1605 3233 de
1635 3191 1795 3232 causa
1830 3177 1965 3245 virgi

2136 3184 2230 3238 τίαν
2271 3183 2516 3254 μαθοῦσα
2562 3185 2972 3257 φιλανθρωπίας
3018 3186 3316 3250 ἁντίδοσιν;
3361 3188 3531 3240 Τοῦτο
3571 3188 3677 3258 μὲν

425 3290 547 3329 nem
575 3289 605 3328 e
630 3270 867 3343 periculo
899 3270 1170 3333 extrahat,
1205 3277 1263 3322 ut
1291 3270 1594 3338 hospitibus
1620 3284 1806 3323 necem
1833 3266 1966 3322 affer

2134 3270 2188 3325 ὗν
2218 3271 2472 3325 τοσοῦτον
2496 3273 2561 3325 ὲκ
2589 3272 2799 3327 πολλῶν
2838 3273 2915 3336 ἓν,
2945 3275 3038 3327 καὶ
3075 3275 3196 3327 ἀντὶ
3246 3274 3477 3338 πολλῶν,
3512 3276 3588 3339 ὡς
3643 3278 3675 3331 ὁ

426 3382 486 3420 re
515 3364 793 3429 doceatur,
822 3370 878 3417 et
911 3360 1361 3414 inbumanitatem
1393 3373 1492 3429 pro
1520 3358 1859 3413 humanitate
1902 3373 1961 3412 re

2137 3363 2225 3432 μὸς
2258 3362 2369 3429 (79)
2399 3362 2576 3430 λόγος.
2618 3365 2723 3416 Καὶ
2746 3363 2904 3416 τοῦτο
2946 3364 3155 3435 διῆλθον
3180 3406 3194 3430 ,
3230 3367 3326 3437 οὐχ
3360 3367 3424 3419 ἵν’
3474 3368 3678 3438 ἐκείνῳ

427 3458 666 3525 pendere
691 3450 1014 3509 condiscat?
1042 3451 1219 3519 Atque
1272 3449 1377 3503 hoc
1406 3450 1683 3512 hactenus,
1716 3463 1781 3503 ex
1816 3448 1965 3502 multi

2142 3450 2317 3524 ροσθῶ
2339 3470 2391 3505 τι
2419 3454 2519 3524 τῆς
2567 3452 2810 3518 εὐδοξίας
2866 3454 3011 3525 (οὔτε
3065 3456 3173 3527 γὰρ
3211 3455 3456 3511 θάλασσα
3505 3457 3683 3511 δεῖται

428 3563 613 3610 unum,
639 3561 701 3600 ac
731 3560 829 3615 pro
865 3544 1072 3605 multis,
1112 3557 1229 3596 mea
1270 3541 1487 3611 quidem
1528 3542 1813 3597 sententia.
1842 3540 1969 3607 ρυοι

2141 3542 2202 3594 ὒν
2232 3543 2551 3615 εἰσρεόντων
2582 3546 2663 3607 είς
2692 3544 2860 3615 αὐτὴν
2914 3546 3174 3616 ποταμῶν
3193 3586 3207 3611 ,
3254 3545 3354 3599 κᾶν
3390 3548 3682 3616 είσρέωσιν

428 3640 593 3692 etiam
629 3639 802 3707 ipsum
860 3650 964 3691 non
1000 3650 1068 3689 eo
1095 3634 1535 3699 commemoravi,
1565 3642 1626 3688 ut
1646 3634 1694 3689 ei
1726 3632 1969 3687 cumulun

2142 3651 2179 3687 τι
2219 3634 2460 3688 πλεῖστοι
2497 3636 2593 3689 καὶ
2627 3636 2896 3706 μέγιστοι,
2927 3636 3051 3689 οὔτε
3094 3636 3203 3690 τῶν
3246 3637 3586 3690 εἰσοισόντων
3625 3657 3683 3692 τι

430 3732 662 3799 aliquem
709 3728 894 3798 gloria:
936 3725 1155 3780 aﬁ‘eram
1189 3723 1335 3795 (nam
1369 3739 1465 3778 nec
1502 3740 1652 3778 mare
1681 3722 1879 3789 ﬂuviis,
1901 3739 1971 3792 qu

2145 3725 2234 3795 ρὺς
2265 3726 2562 3798 εὐφημίαν,
2588 3727 2727 3781 ὁνῦν
2756 3727 3164 3799 ἐπαινούμενος)
3188 3745 3201 3758 ·
3235 3729 3349 3783 ἀλλ’
3378 3729 3443 3781 ἵν’
3475 3729 3682 3782 ἐπιδεί-

431 3823 483 3875 ἰιι
513 3821 683 3886 ipsum
712 3816 959 3881 inﬂuunt,
993 3830 1128 3885 opus
1174 3815 1355 3880 habet,
1385 3813 1599 3869 etiamsi
1628 3813 1846 3882 plurimi
1878 3828 1972 3867 mat

2144 3834 2273 3889 ιιμι,
2301 3818 2429 3872 οἴων
2459 3819 2572 3890 (80)
2602 3819 2749 3890 αὑτῷ
2776 3820 2882 3873 τῶν
2913 3820 3148 3891 ἑξαρχῆς
3178 3822 3557 3891 ὑπαρχόντων,
3581 3822 3685 3875 καὶ

430 3910 671 3979 ximiqug
722 3906 949 3963 inﬂuant
980 3927 993 3962 :
1023 3922 1121 3962 nec
1179 3906 1248 3970 is,
1309 3921 1468 3974 quem
1520 3920 1661 3959 nunc
1693 3905 1971 3958 laudamus

2142 3909 2240 3981 ῖρδς
2267 3909 2295 3963 ὃ
2326 3911 2670 3983 παράδειγμα
2702 3912 2934 3982 βλέπων.
2955 3913 3078 3966 ὅσον
3108 3914 3683 3984 ὑπερηκόντισενβίὶ.

434 4002 542 4067 his,
571 4018 661 4071 qui
691 4002 756 4055 ad
791 4002 961 4072 ipsius
987 3998 1294 4056 encomium
1335 3997 1537 4066 aliquid
1593 3996 1874 4067 erogent);
1907 4010 1975 4063 ve

2152 4000 2167 4051 ί
2196 3999 2305 4070 γὰρ
2334 4001 2475 4071 μέγα
2500 4004 2611 4065 τοῖς
2643 4001 2820 4065 ἄλλοις
2844 4002 2905 4055 τὸ
2934 4002 3261 4075 προσλαϐεῖν
3295 4021 3350 4057 τι
3382 4004 3536 4075 παρὰ
3571 4004 3686 4056 τῶν

430 4111 570 4160 rum,
629 4106 688 4149 ut
740 4094 1041 4154 ostendam,
1098 4090 1293 4158 quibus
1343 4087 1432 4142 ille
1481 4097 1632 4141 ortus
1683 4086 1971 4156 majoribus

2144 4090 2309 4144 νωθεν
2341 4094 2422 4156 εἰς
2450 4093 2790 4165 φιλοτιμίαν,
2849 4092 3030 4165 μεῖζον
3060 4094 3254 4166 ἐκείνῳ
3308 4096 3371 4148 τὸ
3422 4096 3685 4166 προσθεί-

436 4186 599 4256 776
628 4186 679 4239 ἰη
719 4199 853 4254 quos
887 4184 1034 4236 velut
1082 4181 1134 4234 in
1171 4178 1446 4248 exemplar
1484 4177 1801 4246 respiciens,
1835 4192 1974 4246 quan

2140 4195 2193 4231 αι
2227 4181 2338 4249 (82)
2366 4184 2477 4246 τοῖς
2500 4181 2612 4236 ἄνω
2635 4184 2763 4257 παρ’
2800 4183 3014 4249 ἑαυτοῦ,
3064 4183 3314 4255 καθάπερ
3342 4184 3451 4255 (85)
3482 4185 3681 4255 ῥεύμα-

434 4288 492 4330 ιο
539 4277 751 4346 Iongius
779 4274 1048 4344 jacnlatus
1093 4272 1182 4327 sit.
1240 4268 1373 4323 Nam
1406 4268 1450 4322 si
1482 4268 1603 4322 aliis
1639 4283 1891 4338 magnum
1921 4282 1975 4322 es

1102 4272 1182 4327 sit.
1240 4268 1373 4323 Nam
1406 4268 1450 4322 si
1482 4268 1603 4322 aliis
1639 4283 1891 4338 magnum
1921 4277 2004 4322 est
2106 4287 2197 4335 τος
2239 4272 2643 4345 ἀνατρέχοντος.

432 4367 633 4435 aliquid
685 4382 713 4419 a
765 4366 1059 4434 majoribus
1105 4363 1171 4417 ad
1210 4361 1439 4432 gloriam
1486 4360 1785 4430 accepisse,
1826 4361 2000 4431 majus
2037 4361 2279 4429 profecto
2308 4365 2412 4434 ipsi
2486 4375 2571 4420 est
2600 4364 2892 4435 majoribus
2919 4368 3033 4423 suis
3068 4367 3247 4422 laudis
3310 4367 3584 4422 cumulum
3611 4381 3683 4421 ex

433 4484 492 4523 se
522 4467 811 4536 adiecisse,
847 4467 1182 4521 velutﬂuctu
1218 4462 1615 4530 reciprocante.

502 4557 598 4615 1X.
637 4558 957 4629 Quanquam
985 4569 1161 4615 autem
1199 4561 1437 4632 conjugii
1467 4568 1755 4631 parentum
1807 4559 2000 4628 ipsius,
2033 4563 2043 4619 1

2172 4560 2244 4614 6'.
2280 4560 2393 4630 Τῆς
2417 4559 2473 4612 δὲ
2502 4558 2611 4612 τῶν
2639 4559 2772 4612 πατὲ
2784 4577 2890 4629 ρων
2915 4558 3196 4626 συζυγίας,
3226 4559 3324 4627 οὐχ
3350 4553 3515 4628 ἧττον
3534 4555 3679 4609 κατὰ

432 4652 574 4721 quod
622 4667 728 4706 non
774 4653 954 4707 minus
997 4653 1248 4719 virtutis,
1298 4667 1459 4722 quam
1507 4665 1795 4720 corporum
1844 4659 1963 4706 erat

2142 4648 2169 4703 ὁ
2189 4651 2285 4719 τῆς
2305 4651 2505 4721 ἀρετῆς
2526 4649 2679 4720 όμότι
2687 4667 2805 4720 μον,
2828 4650 2860 4719 ἢ
2892 4649 2985 4703 καὶ
3015 4650 3083 4702 τὰ
3106 4647 3331 4719 σώματα
3348 4648 3483 4719 (84),
3508 4646 3683 4700 πολλὰ

506 4786 617 4874 (7?)
657 4786 787 4839 Ὀτι
816 4785 920 4856 μή.
948 4785 1079 4857 Reg.
1111 4787 1200 4855 ph,
1235 4788 1316 4841 ὅτι
1347 4787 1395 4840 ει
1422 4789 1515 4859 μή.
1552 4786 1621 4840 Et
1646 4786 1698 4839 in
1726 4783 1818 4840 0r.
1851 4785 1908 4850 2,
1933 4785 2010 4849 ὡς

2139 4784 2465 4874 niseralirone
2542 4794 2813 4874 permota,
2878 4781 3043 4852 ipsius
3097 4778 3218 4874 loco
3260 4791 3524 4874 reet-vam-
3548 4776 3680 4874 sub-

435 4847 611 4926 είίιήί
816 4847 834 4856 ⁷
863 4847 913 4926 ,ί
1029 4847 1057 4857 ν
1112 4847 1124 4855 ’
1187 4847 1196 4852 ’
1422 4847 1427 4849 ⁷
1482 4847 1494 4859 ’
1894 4847 1900 4850 ⁷
1991 4847 2000 4849 “
2108 4854 2302 4909 stituit.
2351 4854 2481 4926 Quae
2523 4847 2719 4926 postea
2755 4847 2937 4926 Diana:
2966 4847 3421 4926 sacerdosfacla,
3458 4847 3681 4926 hospiti-

512 4875 550 4926 μ
594 4897 608 4910 ο
2108 4875 2302 4909 suum.
2351 4875 2481 4920 ulla:
2530 4875 2712 4918 poswa
2755 4875 2937 4908 mana:
2966 4875 3218 4905 saccum:
3258 4875 3421 4906 lacu.
3458 4875 3681 4926 ιιυθμιιε·

507 4875 620 4994 (Ἱῖδ)
658 4918 889 4981 Ποίωνῗ
896 4925 952 4981 1η
978 4926 1267 4990 nonnullis,
1294 4927 1475 4980 τίνων.
2109 4926 2210 4977 bus
2237 4940 2428 4978 manus
2458 4922 2679 4990 inferre,
2707 4923 3063 4992 hominesque
3089 4919 3188 4988 ipsi
3231 4917 3513 4972 immolare
3545 4917 3682 4971 αἰὼν

507 4996 618 5067 (74)
654 4996 982 5067 ίΘελήμασι.
1018 4998 1182 5067 Bcgg.
1224 5013 1278 5059 α,
1311 5012 1359 5061 c,
1409 4999 1463 5060 d,
1503 4995 1669 5052 Coisl.
1720 4994 1772 5059 Ι,
1818 4994 1911 5050 Or.
1952 4997 2008 5060 2,
2112 4994 2205 5067 cit.

435 5054 869 5137 ειιξ,,θελήσαξι.
927 5135 938 5137 _
1040 5054 1160 5137 gw
1448 5054 1522 5137 ’ί
1722 5054 1820 5137 -.μ
1961 5134 1971 5137 -

2144 5062 2313 5137 _(78)_
2337 5062 2404 5116 Τὸ
2438 5063 2887 5137 Igropozigeror.
2941 5060 3033 5116 Sic
3062 5059 3225 5129 Begg.
3278 5070 3329 5120 a,
3374 5068 3423 5118 c,
3465 5054 3521 5118 d,
3568 5054 3680 5119 bin.

510 5136 622 5204 (75)
662 5131 994 5204 Εὺπρεπές.
1039 5134 1206 5205 Regg.
1239 5150 1287 5201 ρ,
1309 5135 1359 5205 d
1396 5147 1450 5189 et
1492 5136 1676 5189 decem
1710 5131 1882 5197 Colb.,
1920 5134 2011 5187 εὑ-

1396 5147 1450 5189 et
1492 5136 1676 5189 decem
1710 5131 1882 5197 Colb.,
1920 5134 2011 5187 εὑ-
2107 5132 2176 5201 pli
2207 5133 2449 5205 ethass.‘
2469 5131 2714 5205 DchlAfté
2739 5136 2796 5205 in
2823 5132 2910 5187 ed.

437 5193 657 5275 τρέπέξ,
693 5225 712 5257 ι
742 5193 966 5271 parata:
986 5224 1006 5257 ι
1041 5193 1285 5271 εἰονῇξείί
1306 5203 1513 5259 Billius.
1555 5272 1605 5275 Δ,
1871 5193 1883 5275 ί
1918 5274 1925 5275 γ
2181 5201 2322 5275 (⁸79)-
2343 5203 2395 5254 '0
2426 5202 2585 5271 ἐμός.
2611 5201 2703 5275 Sic
2739 5203 2909 5274 Begg.
2938 5216 2991 5265 a,
3020 5214 3070 5265 e,
3096 5199 3152 5263 d,
3176 5197 3292 5260 bm,
3319 5197 3410 5266 ph,
3445 5194 3540 5249 0r.
3570 5193 3606 5248 2
3629 5204 3679 5248 et

510 5270 1143 5345 (76)Ἐ.1αφηϐόλους.
1181 5270 1450 5329 (Dianas.
1488 5293 1508 5327 ι
1551 5272 1701 5327 Dicta
1729 5283 1814 5329 est
1858 5274 2013 5327 Ἐλα-
2106 5270 2259 5345 Pass.
2292 5270 2503 5345 Deest'o
2537 5276 2587 5325 in
2613 5274 2808 5345 ed.____
2832 5270 2882 5274 V'
3064 5338 3095 5345 __
3522 5334 3533 5345 ,

438 5335 671 5414 φηδόλος
701 5335 1070 5416 υἰοιίιιξψιοεὶ
1099 5335 1296 5399 ’ωτι-οε
1339 5345 1698 5416 scite_Iigens,
1734 5355 1827 5416 aut
1857 5354 2010 5400 certo
2112 5413 2123 5416 _
2182 5343 2296 5416 (δυ)
2339 5342 2509 5416 Οἵῳν,
2563 5341 2831 5416 θιρηΒίιι.
2877 5357 2948 5416 :_«
2988 5338 3181 5416 quibus
3232 5335 3569 5416 ornamentis
3616 5335 3680 5416 al

439 5408 545 5467 i'ct'u
574 5415 793 5469 feriens.
828 5408 950 5468 Haec
970 5416 1152 5469 Orioni
1185 5423 1240 5468 et
1260 5413 1497 5467 Actaeoni
1529 5408 1689 5476 irata,
1722 5414 1950 5467 alterum
1978 5430 2008 5466 a
2110 5408 2571 5478 iniiio'prteditus,
2601 5422 2656 5464 et
2686 5412 2737 5464 in
2769 5409 2911 5479 quod
2938 5408 3212 5479 exemplar
3239 5408 3474 5479 intuens,
3516 5422 3535 5456 ι
3578 5414 3685 5459 etc.

439 5484 744 5557 scorpione
770 5485 1195 5557 percutiendum,
1234 5483 1461 5539 alterum
1495 5475 1722 5538 suismet
1761 5487 1976 5539 mauibu

1949 5499 2011 5540 us
2181 5475 2311 5557 (cili
2340 5475 2843 5557 Υπερηῖεόντισῤ.
2861 5476 2958 5557 9r.
2988 5479 3042 5541 2,
3069 5475 3490 5557 b‘nspxdvmasv.

440 5546 1078 5619 dilacerandumobjecit.
1181 5546 1188 5549 ⁷

2180 5546 2291 5621 (82)
2332 5546 2707 5621 Προᾲθεῖναι.
2737 5548 2912 5621 Or._2,
2945 5546 3264 5621 προσθῇναι.

510 5621 623 5690 (77)
666 5615 1096 5677 Ἀντιδοθὲῖσαν
1109 5624 1341 5693 ἔλαφον
1355 5622 1464 5691 τῆς
1483 5622 1797 5693 παρθένου.
1829 5642 1847 5673 ι
1876 5622 2014 5677 Sub-

1829 5642 1847 5673 ι
1876 5622 2014 5677 Sttb-
2181 5615 2291 5694 (ξδ)
2329 5615 2626 5694 Καθάπερ.
2650 5619 2714 5694 _|n
2749 5615 3089 5694 quibusdam,
3115 5615 3211 5677 ὼς.

440 5680 683 5764 Stituta.n
730 5694 922 5764 virgini
959 5709 1192 5747 cervam.
1223 5680 1245 5743 ἶ
1277 5680 1980 5764 Iphigenia'Agametnnoni

2167 5680 2301 5764 Δ(84)
2345 5690 2424 5744 Ἦ
2469 5680 2582 5744 καί
2602 5690 2674 5745 τὰ
2711 5680 2975 5759 σῶματα.
3018 5680 3079 5740 lu
3125 5683 3414 5751 nonnullis,
3472 5680 3507 5754 ἢ
3548 5683 3687 5737 κατὰ

442 5762 572 5828 tilia,
609 5780 727 5818 cum
755 5761 934 5819 Dianae
973 5766 1025 5819 in
1068 5761 1571 5819 sacrtIici‘nin‘csset
1606 5761 1806 5830 oblata,
1846 5763 2011 5818 Diana
2113 5761 2359 5830 σώματα.
