3902 6218
319 314 449 377 505.

1149 320 1410 380 ORATIO
1453 324 1633 383 XLIII.
1672 358 1744 372 -—
1777 328 1845 384 IN
1886 329 2166 387 LAUDEM
2210 331 2452 388 BASILII
2493 329 2731 390 MAGNI.

3480 339 3584 396 506

324 431 428 501 μὲν
478 431 571 484 καὶ
608 430 743 486 ἄλλα
782 433 1145 507 γνωρίσματα
1169 478 1185 501 ,
1241 441 1674 513 πτωχοτροφίαι,
1708 442 1911 508 ξενοδο-

2017 445 2183 500 multa
2227 463 2440 516 quinque
2479 448 2581 515 alia
2625 446 2856 518 insignia
2887 457 3031 511 sunt,
3064 448 3343 511 nimirum.
3376 465 3584 520 paupe-

319 521 460 593 χίαι,
490 525 669 595 ψυχῆς
702 524 969 598 κάθαρσις
987 528 1048 594 ἐξ
1076 531 1406 601 ἐγκρατείας
1433 573 1448 596 ,
1475 532 1751 606 ἀπόμοιρα
1775 537 1908 607 κτή-

322 631 463 677 σεως
508 615 627 686 Θεῷ
655 617 1087 691 καθιερωθεισης
1125 620 1392 693 (πρᾶγμα
1414 622 1567 677 οὔπω
1603 625 1723 678 τότε
1774 627 1907 680 πολ-

318 706 436 770 λοῖς
470 708 929 780 σπουδαζόμενον,
958 710 1146 784 ὥσπερ
1179 713 1276 768 νῦν
1300 715 1532 787 αὐξηθέν
1549 735 1608 770 τε
1633 717 1728 773 καὶ
1750 737 1908 791 τιμη-

320 796 413 851 Θὲν
446 799 511 853 ἐκ
533 798 643 854 τῶν
675 800 910 872 πρώτων
935 803 1350 876 ὑποδειγμάτων
1382 805 1552 880 [85]),
1579 809 1649 862 τά
1667 826 1725 862 τε
1748 810 1903 877 ἄλλα,

317 891 420 944 ὅσα
442 892 630 963 Πόντῳ
664 893 776 963 (86)
808 896 902 948 καὶ
928 897 1328 964 Καππαδόκαις
1375 902 1761 971 μερισαμένοις
1808 903 1906 975 ἦρ-

318 999 449 1035 κεσε
478 982 692 1039 πολλῶν
720 985 965 1057 πληροῦν
987 989 1157 1054 ἀκοάς
1185 1007 1198 1019 ο
1240 991 1366 1062 ἐμοὶ
1394 991 1449 1044 δὲ
1476 994 1733 1063 μέγιστον
1759 994 1907 1049 δοκεῖ
1934 1042 1945 1049 .

318 1074 417 1127 καὶ
452 1077 916 1146 περιφανέστατον
937 1083 969 1150 ὴ
993 1081 1264 1136 εὐτεκνία.
1296 1083 1434 1146 Τοὺς
1459 1082 1571 1155 γὰρ
1582 1084 1779 1149 αὐτοὺς
1803 1103 1901 1140 πο·-

314 1166 584 1231 λύπαιδας
615 1170 707 1222 καὶ.
738 1170 1114 1236 καλλίπαιδας,
1160 1173 1320 1244 μῦθοι
1351 1174 1448 1245 μὲν
1492 1176 1620 1239 ἴσως
1654 1175 1899 1247 έχουσινο

314 1255 542 1325 ἡμῖν’δὲ
573 1256 793 1322 τούτους
830 1261 1056 1343 ήξπείρα
1094 1262 1406 1334 παρέστησε
1433 1302 1448 1327 ,
1478 1264 1755 1329 τοιούτους
1802 1267 1903 1338 μὲν

319 1345 518 1411 αὐτοὺς
549 1349 842 1418 γεγονότας
868 1393 884 1417 ,
941 1352 1082 1407 ὥστε
1123 1355 1172 1408 εί
1221 1357 1316 1409 καὶ
1368 1356 1442 1428 μὴ
1479 1357 1734 1412 τοιούτων
1761 1355 1902 1431 ἦσαν

317 1440 576 1512 πατέρες,
624 1443 836 1507 ἑαυτοῖς
881 1446 961 1508 είς
1010 1445 1254 1511 εὐδοξίαν
1300 1448 1534 1519 ἀρκεῖν·
1562 1450 1819 1505 τοιούτων
1844 1453 1903 1507 δὲ

315 1532 617 1597 πεφηνότες
656 1533 888 1606 πατέρες
922 1534 1073 1608 (87),
1106 1536 1249 1591 ὥστε
1289 1540 1338 1592 εί
1371 1539 1466 1592 καὶ
1501 1539 1576 1611 μὴ
1604 1540 1715 1611 (88)
1746 1541 1901 1594 αὐτοὶ

311 1621 568 1676 τοσοῦτον
601 1624 710 1696 (89)
746 1623 884 1699 ἦσαν
922 1632 1001 1693 είς
1038 1628 1238 1701 ἀρετὴν
1261 1671 1276 1692 ,
1328 1631 1535 1695 πάντας
1582 1631 1900 1703 ὑπεραίρειν

310 1716 376 1783 τῇ
402 1714 673 1788 εὐτεκνίᾳ.
706 1718 843 1772 Ἕνα
870 1719 970 1792 μὲν
1002 1719 1110 1790 γὰρ
1136 1720 1168 1792 ἢ
1197 1720 1291 1773 δύο
1319 1720 1569 1788 γενέσθαι
1606 1721 1714 1776 τῶν
1741 1724 1899 1776 ἐπαι-

2011 553 2128 592 rum
2175 539 2491 595 alendorum
2519 579 2534 605 ,
2581 550 2744 608 atque
2797 539 3069 608 hospitum
3129 541 3581 610 excipiendorum

2008 630 2271 695 studium,
2308 631 2502 686 animat
2550 631 2800 700 purgatio
2835 646 2930 701 per
2969 633 3381 699 continentiam,
3418 633 3586 691 bono-

2010 737 2126 775 rum
2168 723 2345 792 portio
2391 722 2500 777 Deo
2531 730 2849 777 consecrata
2880 722 3023 792 (quae
3067 738 3153 779 res
3186 725 3420 778 nondum
3455 734 3583 779 tunc

2009 812 2191 866 multis
2247 812 2427 865 studio
2469 821 2610 877 erat,
2662 822 2722 866 ut
2770 827 2915 867 nunc
2972 829 3039 867 ex
3084 815 3274 883 primis
3321 815 3582 885 exemplis

2007 905 2233 957 adaucta
2282 917 2336 959 ct
2385 905 2531 960 culta
2584 904 2712 977 est),
2761 905 2973 976 aliaque
3018 909 3223 972 omnia,
3270 924 3393 978 quae
3441 909 3582 963 inter

2006 993 2238 1049 Pontum
2282 1005 2336 1050 et
2381 996 2730 1066 Cappadoces
2773 998 2968 1065 divisa,
3017 999 3310 1054 multorum
3359 1002 3582 1054 auribus

2007 1087 2294 1156 implendis
2339 1087 2706 1155 suffecerunt;
2755 1090 2884 1143 mihi
2942 1099 3121 1145 tamen
3176 1091 3471 1144 maximum
3525 1100 3580 1146 et

2005 1179 2362 1234 clarissimum
2403 1195 2527 1236 esse
2573 1181 2787 1235 videtur
2846 1181 3079 1253 felicitas
3107 1182 3158 1236 in
3205 1182 3409 1237 liberis.
3444 1180 3577 1237 Nam

2005 1272 2093 1339 qui
2131 1270 2292 1325 simul
2314 1282 2369 1326 et
2400 1273 2616 1335 multos,
2652 1281 2705 1327 et
2737 1274 2937 1343 probos
2964 1284 3126 1342 atque
3152 1274 3409 1329 honestos
3438 1273 3579 1327 ﬁlios

2004 1363 2317 1428 habuerint,
2350 1362 2404 1417 in
2447 1361 2648 1418 fabulis
2675 1362 2907 1419 fortasse
2943 1365 3185 1434 reperias
3217 1381 3231 1416 :
3262 1367 3359 1420 hos
3395 1375 3575 1419 autem

2004 1455 2342 1523 experientia
2373 1455 2488 1524 ipsa
2525 1455 2680 1510 nobis
2702 1456 2968 1522 exhibuit,
2999 1466 3058 1510 ιιι
3082 1457 3172 1526 qui
3199 1459 3331 1513 tales
3359 1457 3574 1526 quidem

2005 1547 2103 1613 ipsi
2137 1544 2357 1611 fuerint,
2393 1553 2473 1610 ut,
2511 1545 2724 1600 etiamsi
2785 1548 2971 1600 talium
3003 1546 3292 1600 liberorum
3324 1552 3577 1613 parentes

2001 1636 2423 1705 haudquaquam
2476 1637 2831 1702 exstitissent,
2865 1636 2965 1691 sibi
3001 1636 3133 1703 ipsis
3162 1646 3338 1689 tamen
3369 1634 3434 1687 ad
3474 1648 3570 1688 ιιοο

2003 1731 2167 1784 minis
2211 1729 2512 1785 claritatem
2554 1729 2799 1784 sufficere
2841 1729 3172 1799 potuissent;
3216 1742 3429 1780 rursum
3477 1739 3574 1778 au-

311 1804 610 1874 νουμὲνων,
642 1807 746 1861 κᾶν
794 1812 857 1881 τῇ
913 1812 1073 1879 φύσει
1102 1811 1214 1883 δοίη
1242 1829 1325 1875 τις
1350 1829 1363 1842 ο
1399 1813 1432 1883 ή
1461 1811 1518 1867 δὲ
1541 1812 1631 1866 διὰ
1681 1812 1899 1868 πάντων

2004 1830 2110 1874 tem
2144 1820 2403 1890 ejusmodi
2431 1821 2574 1875 ﬁlios
2614 1821 2665 1874 in
2710 1820 2881 1873 lucem
2927 1818 3241 1883 extulerint,
3274 1827 3352 1880 ut,
3385 1816 3574 1870 etiam-

309 1897 571 1969 ἀκρότης,
608 1901 778 1970 σαφὲς
801 1901 911 1956 τῶν
941 1904 1256 1972 ἀγαγόντων
1276 1903 1573 1973 ἐγκώμιον.
1608 1906 1769 1976 Δηλοῖ
1791 1906 1849 1960 δὲ
1867 1911 1895 1960 ό

309 1990 649 2059 μακαριστὸς
680 1993 790 2046 τῶν
818 1995 1008 2065 ἱερέων
1043 1995 1136 2048 καὶ
1168 1994 1275 2048 τῶν
1311 1976 1597 2068 παρθένων
1639 1997 1892 2069 ἀριθμὸς,

305 2082 402 2132 καὶ
432 2080 541 2135 τῶν
565 2083 623 2135 ἐν
656 2084 841 2154 γάμῳ,
881 2084 1048 2156 μηδὲν
1094 2088 1161 2156 τῇ
1198 2085 1433 2157 συζυγίᾳ
1482 2085 1746 2158 βλαϐῆναι
1781 2089 1892 2160 (90)

307 2171 679 2243 βιασαμένων,
712 2175 849 2248 πρὸς
870 2176 969 2248 τὴν
998 2173 1120 2247 ίσην
1153 2178 1254 2247 τῆς
1276 2178 1480 2249 ἀρετῆς
1521 2177 1890 2250 εὐδοκίμησιν,

303 2264 445 2318 ἀλλὰ
475 2264 605 2335 βίων
638 2267 748 2337 (9|)
779 2268 1023 2339 αἱρέσεις
1051 2269 1253 2340 μᾶλλον
1280 2310 1296 2334 ,
1337 2269 1369 2340 ἢ
1408 2268 1682 2334 πολιτείας
1717 2271 1892 2327 ταῦτα

305 2358 717 2427 ποιησαμένων.

2004 1911 2048 1963 si
2085 1912 2186 1980 ipsi
2221 1926 2326 1964 non
2359 1920 2501 1964 tanta
2536 1911 2738 1966 virtute
2767 1909 3016 1976 fuissent,
3041 1923 3232 1963 omnes
3264 1916 3442 1961 tamen
3481 1913 3595 1960 so-‘

2001 2002 2138 2056 bolis
2183 2002 2449 2058 felicitate
2490 2003 2796 2073 superaturi
2846 2011 3050 2057 essent.
3097 1999 3234 2054 Nam
3280 2015 3403 2055 cum
3435 2013 3574 2052 unus

1999 2102 2093 2145 aut
2137 2092 2247 2148 duo
2298 2108 2420 2148 cum
2469 2093 2626 2148 laude
2667 2095 2873 2158 vivunt,
2912 2093 2966 2147 id
3007 2092 3112 2147 tale
3155 2100 3260 2155 est,
3281 2100 3341 2144 ut
3370 2098 3574 2143 natura:

1999 2185 2197 2241 aScribi
2249 2194 2444 2254 queat;
2478 2195 2535 2239 at
2579 2185 2816 2253 undique
2843 2183 3083 2252 perfecta
3115 2170 3169 2239 et
3193 2182 3261 2236 ad
3294 2195 3564 2238 Summum

1998 2287 2252 2346 provecta
2287 2277 2530 2331 omnimn
2573 2278 2769 2341 virtus,
2800 2277 2867 2331 iis
2896 2277 3076 2345 plane,
3118 2291 3149 2329 a
3193 2274 3389 2343 quibus
3433 2272 3567 2328 editi

1996 2377 2052 2422 et
2094 2368 2305 2423 educati
2353 2378 2499 2434 sunt,
2536 2369 2798 2439 assignari
2843 2368 3023 2422 debet.
3053 2367 3206 2434 Quod
3244 2367 3462 2435 quidem
3508 2364 3573 2417 li-

306 2453 476 2520 quido
532 2455 871 2509 demonstrat
935 2454 1024 2510 ille
1064 2455 1342 2511 felicitatis
1410 2457 1629 2512 nomine
1689 2457 2064 2526 praedicandus
2106 2464 2450 2517 sacerdotum
2502 2471 2557 2515 et
2598 2461 2864 2531 virginum
2910 2473 3187 2524 numerus,
3236 2470 3566 2524 eorumque,

305 2546 397 2608 qui
432 2545 484 2597 in
520 2547 863 2601 matrimonio
891 2562 1009 2603 eam
1043 2549 1148 2601 vim
1217 2550 1318 2604 sibi
1367 2550 1746 2618 adhibuerunt,
1806 2563 1863 2607 ut
1921 2552 2054 2606 nihil
2120 2554 2503 2624 impedimento
2547 2563 2711 2618 esset,
2758 2551 3049 2620 quominus
3099 2563 3284 2617 parem
3355 2545 3570 2599 virtutis

303 2637 535 2707 gloriam
580 2650 1041 2708 assequerentur;
1097 2651 1260 2709 atque
1306 2640 1435 2696 illud
1504 2642 1827 2713 ell'ecerunt,
1896 2654 1954 2700 ut
1991 2646 2105 2702 haec
2149 2661 2405 2716 generum
2440 2645 2565 2699 vitae
2607 2645 2811 2714 potius,
2859 2655 3019 2712 quam
3072 2637 3299 2694 rationis
3341 2634 3556 2689 vivendi

302 2728 601 2785 elei-tiones
628 2739 831 2784 essent.

379 2826 439 2877 ἰν.
470 2824 566 2887 Τίς
598 2824 698 2876 οὐκ
715 2818 824 2876 οἶδε
854 2821 946 2876 τὸν
978 2821 1170 2877 τούτου
1206 2822 1450 2896 πατέρα,
1489 2824 1790 2891 Βασίλειον,
1830 2825 1891 2880 τὸ

307 2918 453 2988 μέγα
482 2916 634 2988 παρὰ
662 2916 827 2969 πᾶσιν
858 2914 1049 2986 ὄνομα,
1074 2915 1133 2978 ὃς
1168 2916 1442 2987 πατρικῆς
1478 2917 1644 2987 εὐχῆς
1676 2916 1888 2989 ἔτυχεν,

2067 2824 2138 2879 Χ.
2174 2822 2339 2879 Eccui
2390 2820 2646 2882 Basilius,
2672 2816 2853 2872 Basilii
2902 2813 3071 2868 nostri
3115 2821 3291 2883 pater,
3323 2808 3573 2878 incogni-

1999 2925 2085 2970 tus
2114 2924 2219 2977 est,
2255 2913 2335 2965 vir
2375 2911 2552 2981 magni
2579 2910 2719 2979 apud
2747 2922 2935 2962 omnes
2965 2904 3219 2967 nominis,
3251 2903 3338 2967 qui
3363 2900 3581 2969 paterni

304 3010 395 3063 ἵνα
452 3007 523 3080 μὴ
575 3008 721 3077 λέγω
776 3007 958 3079 μόνος,
1014 3007 1172 3079 εἴπερ
1203 3025 1289 3071 τις
1320 3006 1657 3079 ἀνθρώπων;
1685 3011 1891 3076 Παντὸς

2001 3005 2104 3058 voti
2160 3016 2382 3071 compos
2430 3002 2602 3054 factus
2648 3008 2749 3065 est,
2790 2999 2836 3050 si
2879 2996 2999 3065 quis
3026 3008 3262 3062 unquam
3317 2991 3475 3053 alius,
3505 3005 3571 3044 ne

302 3101 417 3172 γὰρ
450 3100 670 3172 κρατῶν
701 3100 893 3171 ἀρετῇ,
918 3100 1068 3171 παρὰ
1096 3098 1190 3153 τοῦ
1225 3100 1412 3164 παιδὸς
1436 3100 1701 3157 κωλύεται
1731 3101 1891 3171 μόνου

2001 3099 2171 3152 dicam
2200 3094 2386 3149 solus?
2413 3091 2547 3147 Cum
2578 3091 2723 3145 enim
2756 3089 2994 3156 reliquos
3028 3101 3217 3141 omnes
3241 3085 3441 3138 virtute
3471 3098 3569 3136 su-

302 3193 368 3247 τὺ
392 3194 655 3262 πρωτεῖον
682 3191 845 3262 ἔχειν.
883 3193 979 3257 Τίς
1012 3192 1308 3263 Ἐμμελίαν
1343 3192 1478 3264 (92),
1507 3192 1605 3263 τὴν
1624 3193 1760 3264 ὅπερ
1780 3193 1895 3262 ἐγέ-

304 3301 428 3339 νετο
458 3282 889 3356 προκληθείσαν,
922 3283 956 3355 ῆ
986 3284 1288 3355 γενομένην
1335 3282 1365 3337 ὃ
1407 3283 1720 3356 προεκλήθη
1740 3300 1754 3314 ο
1795 3285 1895 3355 τὴν

303 3378 404 3448 τῆς
436 3375 731 3447 ἐμμελείας
755 3375 924 3439 ὅντως
953 3373 1296 3447 φερώνυμον,
1326 3374 1540 3447 ἢτοῦτο
1560 3377 1617 3429 ὲν
1648 3375 1894 3444 γυναιξὶν

303 3465 485 3537 ὤφθη,
516 3467 567 3518 εί
597 3465 679 3518 δεῖ
726 3465 1008 3535 συντόμως
1057 3467 1232 3519 εἰπεῖν
1258 3506 1274 3531 ,
1337 3466 1475 3536 ὅπερ
1530 3467 1588 3540 εν
1635 3467 1893 3536 ἀνδράσιν

302 3563 533 3623 ἐκεῖνος.
562 3560 714 3613 ”Ωστ’
741 3560 903 3630 εῐπερ
928 3559 1036 3613 ἔδει
1065 3558 1416 3613 δουλεύσοντα
1447 3560 1557 3630 (95)
1583 3559 1801 3623 πάντως
1824 3562 1890 3631 τῇ

305 3652 467 3722 φύσει
490 3651 584 3705 τὸν
617 3650 712 3705 νῦν
741 3649 1154 3721 εὐφημούμενον
1176 3650 1286 3721 (94)
1316 3649 1626 3721 ἀνθρώποις
1649 3650 1891 3720 δοθῆναι.

304 3737 497 3808 ὥσπερ
527 3737 650 3791 τινὰ
695 3736 805 3791 τῶν
838 3737 1006 3791 πάλαι
1057 3737 1169 3809 (95)
1218 3737 1370 3809 παρὰ
1414 3738 1550 3792 Θεοῦ
1597 3738 1894 3816 δεδομένων

305 3833 387 3895 εἰς
412 3830 592 3884 κοινὸν
622 3829 836 3900 ὖφελος,
859 3834 999 3902 μήτε
1028 3828 1090 3896 ἐξ
1113 3829 1287 3885 ἄλλων
1313 3830 1513 3901 μᾶλλον
1541 3830 1824 3903 ἁρμόζειν,
1856 3832 1890 3900 ἢ

305 3925 532 3979 ἐκείνων
560 3924 750 3978 τοῦτον
783 3924 1055 3993 γενέσθαι,
1089 3926 1224 3996 μήτε
1267 3925 1497 3989 ἐκείνοις
1540 3926 1730 3998 ἑτέρου
1759 3925 1896 3994 μᾶλ-

1995 3189 2218 3259 perarit,
2253 3203 2281 3240 a
2304 3185 2420 3241 solo
2453 3185 2562 3239 lilio
2589 3184 2792 3253 primas
2826 3182 3072 3235 obtinere
3101 3178 3437 3247 prohibetur.
3469 3175 3571 3228 Ec-

1994 3280 2079 3334 cui
2111 3278 2272 3348 777
2308 3276 2588 3341 Emmelia,
2613 3289 2732 3341 quae
2756 3274 2804 3325 id
2830 3273 2981 3341 prius
3006 3269 3269 3339 appellata
3294 3276 3399 3327 est,
3427 3265 3571 3335 quod

1995 3378 2181 3441 postea
2207 3369 2340 3435 fuit;
2370 3378 2463 3422 aut
2497 3368 2549 3421 id
2586 3367 2707 3430 luit,
2739 3365 2883 3434 quod
2926 3364 3075 3432 prius
3104 3369 3413 3427 nuncupata
3452 3357 3569 3411 l'uec

1995 3472 2114 3525 rat;
2145 3461 2255 3529 illa,
2286 3462 2528 3530 inquam,
2566 3459 2758 3513 merito
2800 3454 3118 3527 ἐμμελείας,
3147 3453 3197 3508 id
3227 3459 3331 3518 est,
3352 3450 3571 3503 conciu-

1994 3555 2193 3616 nilatis,
2242 3567 2435 3608 nomen
2488 3552 2689 3616 ferens,
2740 3565 2881 3618 quae,
2930 3558 2988 3603 ut
3030 3562 3140 3602 uno
3170 3546 3334 3599 verbo
3371 3543 3569 3607 dicam,

1998 3648 2099 3702 hoc
2120 3647 2263 3701 inter
2297 3644 2552 3701 mulieres
2577 3643 2700 3708 fuit,
2732 3643 2876 3710 quod
2909 3640 2999 3695 ille
3032 3640 3175 3692 inter
3202 3637 3381 3701 viros;
3416 3646 3494 3695 ut,
3525 3631 3574 3701 si,

1994 3735 2210 3805 quidem
2240 3748 2385 3799 eum,
2415 3733 2567 3800 cujus
2598 3732 2785 3787 laudes
2825 3731 3177 3785 illustrandas
3211 3725 3571 3793 suscepimus,

1994 3828 2059 3880 ad
2094 3825 2406 3880 servitutem
2459 3833 2664 3876 natura:
2705 3822 3034 3884 obeundam,
3105 3815 3422 3872 mortalibus
3454 3812 3570 3865 dari

1997 3915 2303 3986 oportebat,
2328 3913 2474 3969 velut
2496 3913 2805 3982 quempiam
2839 3926 2904 3964 ex
2933 3909 3126 3980 priscis
3152 3908 3257 3961 illis
3292 3904 3446 3968 viris,
3478 3902 3573 3972 qni

303 4014 397 4069 λον
421 4015 468 4088 (ἢ
500 4013 654 4068 τοῦδε
682 4016 955 4087 πατράσιν
979 3993 1380 4087 ὀνομασθῆναι·
1419 4016 1556 4088 ὅπερ
1592 3993 1685 4071 ούν
1718 4016 1895 4080 καλῶς

2001 4011 2064 4065 ad
2120 4006 2391 4077 publicam
2438 4005 2729 4060 utilitatem
2777 4003 2960 4055 divino
3022 3999 3284 4054 beneﬁcio
3322 3993 3571 4050 c0nccssi

306 4083 498 4161 ποιούν
528 4107 624 4159 καὶ
652 4083 1006 4178 συνέδραμεν.
1058 4083 1211 4161 Ἐπεὶ
1246 4083 1307 4162 (δὲ
1351 4109 1451 4172 τὰς
1489 4083 1745 4180 ἀπαρχὰς
1787 4108 1895 4162 τῶν

2001 4107 2146 4162 sunt,
2178 4110 2351 4166 neque
2389 4095 2515 4149 huic
2555 4108 2622 4147 ex
2663 4091 2785 4145 aliis
2829 4091 3031 4159 p0tius,
3068 4100 3229 4156 quam
3265 4099 3329 4139 ex
3377 4083 3460 4136 his
3498 4084 3576 4152 gi-

305 4199 547 4254 ἐπαίνων
571 4198 724 4270 νόμῳ
756 4173 1250 4272 θείῳ-πειθόμενοι,
1277 4200 1336 4264 ὃς
1366 4173 1623 4270 πατράσι·
1800 4216 1894 4253 κε-

2001 4189 2085 4259 gni
2121 4187 2457 4249 conveniret,
2490 4198 2666 4253 neque
2706 4183 2815 4237 illis
2868 4195 3056 4235 rursus
3087 4178 3405 4248 cujusquam
3434 4173 3570 4228 alte-

305 4290 454 4343 λεύει
482 4268 663 4343 πᾶσαν
691 4268 878 4359 νέμειν
913 4268 1102 4361 τιμὴν,
1143 4292 1255 4353 τοῖς
1277 4306 1384 4360 μνη
1394 4268 1741 4359 μονευθείσιν
1755 4289 1895 4342 ἀπο-

2001 4282 2110 4336 rius
2154 4281 2352 4350 potius,
2399 4293 2561 4347 quam
2612 4275 2771 4345 hujus
2824 4282 3076 4342 parentes
3116 4269 3407 4325 nominari.
3441 4268 3572 4335 Quae

305 4382 645 4454 δεδώκαμεν,
673 4383 759 4435 ἐπ’
782 4382 946 4435 αὐτὸν
979 4383 1149 4452 ἴωμεν
1181 4382 1306 4453 ἤδη,
1337 4381 1590 4435 τοσοῦτον
1625 4381 1891 4446 εἰπόντες,

2001 4378 2116 4432 dua:
2163 4391 2252 4432 res
2307 4371 2688 4444 percommode
2727 4375 3142 4424 concurrerunt.
3203 4364 3565 4431 Posteaquam

304 4471 337 4524 ὃ
357 4472 456 4525 καὶ
482 4473 650 4525 πᾶσιν
675 4470 742 4525 ἂν
768 4468 923 4542 οἶμαι
968 4471 1172 4538 δόξειεν
1214 4471 1432 4541 ἀληθῶς
1475 4470 1730 4533 λέγεσθαι
1780 4472 1895 4533 τοῖς

2003 4480 2180 4524 autem
2235 4468 2336 4537 legi
2383 4464 2578 4519 divinae
2630 4463 3089 4529 obtemperantes,
3130 4472 3251 4528 quae
3308 4456 3572 4512 honorem

306 4565 515 4619 ἐκεῖνον
550 4566 958 4637 ἐπισταμένοις,
994 4565 1077 4619 ὅτι
1123 4566 1291 4638 μόνης
1334 4567 1468 4636 ἡμῖν
1502 4563 1606 4618 ἔδει
1628 4563 1725 4635 τῆς
1758 4564 1900 4617 ὲκεί-

2004 4576 2220 4617 omnem
2254 4557 2567 4630 parentibus
2596 4552 2781 4609 haberi
2808 4552 2981 4623 jubet,
3017 4551 3107 4614 iis,
3137 4564 3365 4622 quorum
3417 4560 3572 4601 men-

1994 4730 2062 4770 ne
2091 4714 2214 4767 vita:
2241 4712 2506 4783 gerendae.
2537 4708 2788 4783 Diversae
2834 4708 2932 4761 viae
2977 4714 3122 4783 sunt,
3155 4704 3351 4783 quibus
3381 4715 3572 4783 gmpes

1995 4771 2316 4855 [uiriteru'ad
2365 4781 2579 4836 virtutis
2625 4792 2845 4855 scopum
2882 4778 3099 4855 tendere
3137 4771 3353 4831 debent.
3381 4771 3572 4855 Multps

1996 4841 2138 4909 enim
2178 4852 2376 4907 liberos
2396 4841 2777 4920 procreaverat
2809 4847 2991 4920 Basilii
3018 4856 3185 4920 pater,
3210 4858 3449 4920 quorum
3478 4841 3568 4895 alii

1997 4913 2510 4993 virginitatem-alii
2543 4919 2952 4993 inatrimonium
2991 4913 3247 4983 amplexi,
3281 4913 3346 4993 ad
3386 4927 3569 4993 parem

1995 4981 2210 5048 virtutis
2257 5007 2322 5045 ac
2371 4981 2587 5062 pietatis
2610 4981 3250 5062 gloriam_pervenérunt,
3291 4992 3365 5062 et_,
3399 4994 3455 5034 ut
3488 4981 3572 5062 lo-

1997 5066 2180 5133 quitur
2217 5052 2773 5133 ΤὶΙΙοιῖιοιιιίιιεξιοηι.
2815 5052 2907 5121 ΙΧ,
2943 5064 3049 5133 art.
3073 5056 3301 5133 ’λῇ-ρος.
3332 5052 3387 5114 7,
3430 5070 3448 5102 ι
3487 5052 3573 5105 iu-

1998 5125 2080 5188 ter
2110 5133 2228 5188 illos
2256 5132 2469 5202 generis
2499 5131 2643 5196 vitae,
2667 5142 2775 5182 non
2813 5125 3116 5182 sanctitatis
3144 5125 3433 5178 discrimen
3475 5137 3575 5175 ex-

380 4722 495 4792 (85)
548 4720 1033 4791 Ὑποδειγμάτων.
1065 4720 1238 4792 Pass"
1258 4717 1748 4792 (παραδειγμάτων.

377 4785 495 4863 (86)
533 4794 694 4847 ’Ὅσα
729 4785 960 4863 Πὸντῳ,
995 4803 1101 4863 etc.
1130 4790 1310 4863 Basilii
1347 4785 1600 4863 parentes
1630 4797 1739 4863 tam
1774 4785 1894 4841 exi-

308 4856 414 4918 mia
441 4856 659 4933 pietatis
689 4856 1067 4917 muniﬁcentia
1092 4871 1146 4916 et
1173 4856 1458 4914 charitatis
1484 4856 1749 4927 exempla,
1779 4865 1891 4910 tum

308 4935 363 4987 in
395 4934 588 4995 Ponto,
618 4943 730 4986 tum
758 4933 898 4999 apud
921 4931 1268 4999 Cappadoces
1295 4929 1675 4999 praestiterant,
1719 4937 1779 4979 ιιι
1812 4941 1891 4980 re-

308 4950 363 4987 ιιι
395 4949 588 4995 νοηιο,
618 4949 730 4986 ιιιιιι
758 4949 898 4995 apuu
921 4949 1268 4995 Cappadoces
1295 4949 1675 4995 praestiterant,
1719 4949 1779 4979 ιιι
1812 4949 1897 4980 re-

308 4950 363 4987 ιιι
395 4946 588 4995 l’onlo,
618 4946 730 4986 tum
758 4946 898 5001 apuu
921 4946 1268 5002 Cappadoces
1295 4946 1675 4999 praestiterant,
1719 4946 1779 4979 ιιι
1812 4946 1895 4980 re-

307 5006 499 5074 giones
534 5003 639 5058 illm
683 5004 751 5056 de
773 5002 1011 5074 illorum
1052 5001 1298 5055 laudibus
1329 4998 1895 5074 continuo__pcrsona-

305 5067 454 5129 rent.
502 5074 653 5141 Quod
696 5072 914 5142 quidem
965 5078 1372 5142 monumentum
1415 5067 1898 5123 honoriﬁcentissi-

308 5159 459 5198 mum
485 5139 590 5209 est,
613 5158 677 5197 ac
705 5139 821 5212 ipso
853 5154 1128 5197 marmore
1157 5139 1466 5212 pretiosius.

384 5214 497 5285 (87)
538 5205 882 5285 Πεςρηφὲᾴτες
914 5205 1185 5285 πατέρες.
1244 5208 1437 5285 Chrys.
1496 5216 1552 5261 et
1607 5205 1774 5285 Coisl.
1840 5206 1892 5273 1,

2001 5205 2173 5285 “illi.
2199 5220 2297 5285 ’._
2428 5271 2474 5285 ..
2606 5268 2622 5285 .

307 5259 1471 5354 ma‘aeégg’aagéﬁg."§aga;assuta;
1494 5259 1772 5354 έςὶιτέῥαξέ
1868 5259 1892 5354 _'

2067 5273 2179 5354 (92)
2233 5268 2659 5354 ἸξμμεξίανηΙη
2692 5267 2980 5333 nonnullis,
3011 5262 3354 5335 Ἐμμέλειαν.
3392 5278 3410 5311 ι
3450 5259 3576 5315 Em-

385 5343 496 5425 (88)
531 5343 616 5409 Et.
655 5343 902 5423 καὶλιή.
951 5343 1121 5425 Regg.
1182 5343 1256 5411 οξ
1299 5351 1331 5404 d
1395 5360 1453 5403 et
1501 5343 1677 5415 Passi,
1732 5348 1781 5401 et
1821 5345 1897 5418 μὴ

2001 5345 2179 5425 ωερε,
2223 5343 2455 5425 {Basilii
2488 5352 2731 5425 mater.“
2894 5407 2920 5425 θ
2986 5405 3005 5425 ἢ
3049 5379 3073 5419 ,ο

310 5405 492 5478 xuii,
531 5405 598 5409 m
863 5405 894 5418 ’ν
952 5405 960 5406 ί
1011 5405 1114 5425 νῦν
1222 5405 1233 5411 ’
1612 5410 1617 5413 ⁸
1665 5405 1676 5415 ’
1821 5405 1834 5418 ’
1883 5405 1897 5417 ’
2068 5414 2180 5482 (95)
2216 5411 2653 5466 Δουλεύσοντα.
2695 5405 3273 5482 Ρρεεηδουλεύσαντα.

387 5473 501 5562 (89)
538 5492 864 5563 Τοσοῦτον.
886 5491 1084 5563 Chrys.
1107 5499 1160 5545 et
1175 5489 1253 5563 _Pa
1264 5505 1331 5553 r.,
1365 5485 1630 5563 τοσοῦτοι.

2066 5473 2180 5563 (ἕξ)
2213 5482 2702 5563 ἒτέφημίθιέμενρν·
2725 5478 2867 5563 ἓθκέ
2898 5473 3498 5563 ιη’-ὲπῆινςύμεῖἓν·ρ,ε

387 5493 501 5562 (89)
538 5492 864 5548 Τοσοῦτον.
886 5491 1081 5563 Chrys.
1107 5499 1160 5545 et
1182 5489 1331 5553 Pan,
1365 5486 1630 5541 τοσοῦτοι.

386 5565 499 5631 (90)
536 5562 868 5631 Βλαϐῆνιιι.
904 5562 1017 5617 Duo
1045 5560 1232 5624 Coisl.,
1263 5558 1717 5631 παρα-ϐλαβῆναι.Δ

2066 5486 2157 5554 (9i
2213 5486 2702 5552 Εὑφημούμενον.
2733 5486 2859 5545 Heg.
2898 5486 3393 5542 ιι,,επαινουμενον.

2005 5625 2020 5631 _
2067 5486 2180 5631 (9;?)
2372 5549 2577 5631 adﬂat:
2610 5550 2701 5631 Sic
2723 5547 2889 5629 Reg}.
2913 5561 2964 5610 a,
2989 5564 3040 5631 (ξ,
3067 5549 3120 5626 d2
3144 5545 3372 5631 buthplt,
3406 5540 3571 5596 Coisl.

1999 5625 2023 5678 1
2053 5613 2183 5687 012',
2211 5624 2301 5677 0r.
2326 5622 2382 5687 2,
2413 5632 2520 5675 etc.
2551 5622 2605 5674 In
2635 5622 2745 5679 ed.,
2779 5613 2885 5670 τῶν
2918 5616 3164 5687 παλαιῴν
3186 5613 3355 5687 πάλαι

2068 5681 2182 5817 (96d)
2226 5695 2322 5747 “0r
2364 5681 2639 5758 πατράσι.
2696 5692 2783 5744 Sic
2828 5688 3064 5758 quinque
3110 5686 3276 5754 chg.
3334 5682 3389 5738 In
3460 5681 3571 5745 θύη

1998 5779 2144 5833 πατρ
2187 5780 2258 5816 σι.

387 5626 503 5706 (91)
553 5626 926 5706 Ὰλλὰζβιων,
960 5643 1069 5686 etc.
1098 5626 1357 5706 Ostendit
1373 5629 1461 5706 hic
1496 5626 1894 5706 Gregoriussav

311 5697 641 5767 certlotiunt,
665 5704 979 5758 caelibatum
1003 5710 1058 5756 et
1084 5698 1508 5763 matrimonium,
1534 5698 1655 5751 vitae
1680 5697 1897 5766 quidem

311 5789 519 5847 genere
540 5784 597 5831 et
626 5773 874 5829 instituto
905 5772 1048 5828 inter
1081 5784 1140 5826 se
1170 5768 1403 5826 dill‘erre.
1431 5782 1535 5845 non
1560 5767 1686 5823 item
1726 5770 1895 5822 ratio-
