3902 6218
307 329 428 402 507'

1475 346 1532 402 S.
1576 346 1905 403 GREGORII
1944 348 2287 405 TllEOLOGl

3456 353 3569 409 508

312 464 511 515 tionem
563 458 817 525 fecimus,
847 457 1112 528 primitias
1150 455 1367 508 laudum
1401 457 1780 524 persolvimus,
1817 458 1883 512 ad

2009 477 2075 512 νου
2115 461 2300 529 φωνῆς
2352 460 2553 512 ἐκεῖνον
2612 458 3074 529 ἐγκωμιάζουσιν.
3148 459 3207 510 Ὀ
3261 458 3369 531 γὰρ
3399 461 3573 526 αὐτὸς

309 551 484 618 ipsum
512 548 623 617 jam
655 549 957 604 orationem
982 545 1348 608 conferamus,
1382 553 1484 600 hoc
1510 556 1713 600 tantum
1743 563 1878 615 prte-

310 638 429 705 fati,
465 640 606 708 quod
649 639 916 694 nemiuem
964 637 1079 691 fore
1113 646 1262 704 puto,
1289 635 1382 703 qui
1413 651 1516 689 non
1548 638 1828 692 verissime
1852 653 1881 692 a

312 744 398 783 me
423 729 525 783 dici
555 729 848 794 existimet,
881 727 971 796 qui
1000 728 1159 780 modo
1204 725 1354 778 illum
1390 728 1622 793 noverit,
1649 730 1803 784 nobis
1828 730 1881 782 in

313 840 380 879 eo
417 826 683 879 laudando
734 834 896 892 atque
931 822 1174 878 ornando
1226 822 1338 876 sola
1394 822 1561 891 ipsius
1599 838 1727 877 voce
1752 838 1886 892 opus

313 929 456 967 esse.
493 913 633 965 Idem
675 912 817 965 enim
850 912 985 980 ipse,
1019 919 1073 963 et
1100 909 1376 977 splendida
1415 918 1501 961 est
1539 908 1762 961 materia
1797 908 1882 971 iis,

315 1006 407 1075 qui
457 1002 783 1057 laudationis
832 1016 1028 1055 munus
1070 998 1481 1070 aggrediuntur,
1505 1009 1560 1052 et
1603 1000 1753 1053 solus
1788 1012 1886 1062 pro

316 1095 513 1150 eximia
543 1109 640 1147 sua
674 1094 885 1147 dicendi
935 1091 1190 1146 facultate
1238 1090 1365 1144 huic
1396 1090 1635 1145 materiae
1668 1105 1785 1157 par.
1818 1090 1886 1143 At

317 1184 736 1256 pulchritudinis
769 1184 1010 1253 quidem,
1052 1192 1105 1237 et
1136 1181 1371 1245 roboris,
1403 1190 1458 1235 et
1504 1180 1886 1250 magnitudinis

317 1278 561 1341 laudem,
610 1275 806 1344 quibus
842 1276 1130 1344 plerosque
1174 1274 1426 1328 delectari
1470 1273 1762 1343 conspicio,
1794 1288 1890 1326 vo-

321 1368 558 1423 lentibus
604 1367 1004 1436 relinquemus;
1035 1381 1138 1419 non
1180 1364 1403 1433 quodin
1444 1364 1527 1419 his
1570 1365 1731 1418 etiam
1759 1379 1893 1432 quo-

322 1475 482 1528 quam
524 1472 733 1525 eorum,
770 1459 860 1526 qui
909 1473 995 1512 res
1039 1471 1230 1526 parvas
1265 1456 1316 1508 iu
1358 1456 1532 1525 pretio
1586 1457 1804 1518 habent,
1840 1467 1895 1510 et

323 1550 466 1604 circa
511 1564 708 1618 corpus
738 1549 1064 1612 Volutantur,
1101 1546 1327 1599 inferior
1357 1555 1524 1609 esset,
1553 1562 1676 1600 cum
1718 1549 1895 1601 adhuc

322 1648 481 1693 :etate
525 1638 760 1700 ﬂoreret,
800 1653 863 1692 ac
896 1639 1129 1692 nondum
1175 1636 1515 1704 philosophia
1550 1639 1896 1691 caruem'do-

1988 550 2240 613 ὑπόθεσίς
2271 567 2332 603 τε
2383 550 2611 621 λαμπρά
2666 552 2779 613 τοῖς
2830 550 3133 615 ἐπαινοῦσι,
3170 552 3264 605 καὶ
3291 552 3453 623 μόνος
3495 555 3567 623 τῇ

1987 641 2081 694 τοῦ
2130 641 2288 710 λόγου
2324 641 2550 711 δυνάμει
2605 641 2702 711 τῆς
2741 641 3055 704 ὑποθέσεως
3097 642 3264 707 ἄξιος.
3316 645 3570 709 Κάλλους

1994 732 2089 801 μὲν
2118 731 2202 802 δὴ,
2229 731 2321 784 καὶ
2357 730 2568 801 ῥώμης,
2601 731 2696 783 καὶ
2720 731 3003 801 μεγέθους,
3026 726 3107 796 οἷς
3140 734 3266 795 τοὺς
3296 725 3571 803 (97)πολ-

1990 822 2114 885 λοὺς
2147 821 2259 893 ὁρῶ
2284 821 2592 892 χαίροντας,
2622 824 2736 884 τοῖς
2774 821 3117 891 βουλομένοις
3173 826 3573 894 παραχωρήσο-

1995 927 2093 979 μεν
2119 910 2228 981 (98)
2252 926 2264 939 ·
2283 911 2380 980 οὐχ
2402 910 2484 963 ὅτι
2511 910 2610 963 κάν
2637 909 2845 972 τούτοις
2881 909 3099 963 ἔλαττόν
3126 928 3270 973 τινος
3294 912 3569 980 ἠνέγκατο

1990 998 2099 1051 τῶν
2135 998 2495 1069 μικρολόγων,
2530 1000 2624 1051 καὶ
2656 999 2784 1069 περὶ
2810 998 2872 1050 τὸ
2906 997 3066 1068 σῶμα
3110 998 3565 1068 καλινδουμένων,

1993 1091 2096 1154 ἕως
2139 1087 2207 1162 ἦν
2258 1090 2338 1144 ἔτι
2386 1092 2524 1155 νέος,
2569 1093 2664 1145 καὶ
2694 1091 2845 1145 οὔπω
2880 1092 3165 1163 φιλοσοφίᾳ
3206 1093 3314 1145 τῶν
3349 1092 3572 1167 σαρκῶν

1993 1180 2424 1252 κατεκράτησενο
2460 1182 2576 1234 ἀλλ’
2603 1182 2690 1235 ἵνα
2723 1183 2796 1253 μὴ
2823 1183 3016 1237 ταυτὸν
3044 1184 3154 1255 (99)
3185 1184 3340 1237 πάθω
3365 1185 3572 1253 (1)τοῖς

1992 1272 2366 1344 ἀπειροτέροις
2398 1272 2505 1325 τῶν
2538 1272 2807 1344 ἀθλητῶν,
2836 1275 2885 1327 οἳ
2916 1276 3014 1346 τὴν
3043 1277 3192 1345 ἰσχὺν
3218 1279 3275 1329 ὲν
3300 1279 3410 1339 τοῖς
3440 1278 3571 1348 είκῆ

1991 1363 2371 1434 παλαιομένοις
2397 1364 2474 1434 (2)
2509 1365 2601 1418 καὶ
2640 1366 2937 1437 παρέργοις
2968 1366 3301 1430 κενώσαντες
3323 1406 3341 1433 ,
3371 1369 3573 1437 ἥττους

1993 1457 2052 1508 ὲν
2082 1458 2194 1518 τοῖς
2226 1456 2460 1526 καιρίοις
2490 1457 2852 1530 εὑρίσκονται,
2880 1460 2974 1512 καὶ
3000 1462 3111 1522 τοῖς
3144 1458 3202 1524 ἐξ
3224 1454 3299 1514 ὧν
3322 1460 3382 1512 τὸ
3411 1462 3573 1530 νικᾷν

1994 1546 2249 1616 ὑπάρχει,
2278 1548 2370 1599 καὶ
2394 1548 2718 1615 στεφανίτας
2753 1549 3200 1619 ἀναγορεύεσθαι.
3231 1550 3297 1601 "A
3326 1550 3380 1603 δὲ
3410 1550 3571 1602 οὐδα-

1999 1636 2114 1706 μῶς
2150 1638 2224 1707 (5)
2248 1637 2313 1690 ἂν
2347 1635 2517 1690 εἰπὼν
2549 1634 2702 1708 οἶμαι
2725 1640 2977 1709 περιττὸς
3004 1639 3080 1708 (4)
3103 1638 3292 1704 δόξειν,
3321 1641 3439 1693 οὐδὲ
3462 1640 3572 1706 ἔξω

325 1727 582 1791 muisset;
620 1726 715 1781 sed
761 1740 828 1779 ne
866 1726 1007 1779 idem
1050 1726 1226 1787 nobis,
1284 1724 1425 1792 quod
1474 1725 1896 1794 imperitioribus

2009 1726 2091 1780 τοῦ
2126 1729 2329 1781 σκοποῦ
2367 1729 2577 1799 βάλλειν
2616 1730 2705 1782 τὸν
2733 1730 2908 1797 λόγον,
2946 1729 3097 1784 ταῦτ’
3134 1733 3509 1804 ἐπαινέσομαι.

324 1817 560 1878 athletis,
586 1833 684 1870 usu
723 1819 922 1883 veniat,
951 1818 1062 1886 qui,
1100 1818 1334 1886 profusis
1376 1818 1427 1871 in
1459 1834 1593 1872 vana
1646 1821 1973 1891 minimeque
2036 1826 2338 1877 necessaria
2408 1825 2785 1879 colluctatione
2847 1826 3072 1892 viribus,
3099 1828 3150 1881 in
3200 1828 3357 1882 seriis
3382 1839 3571 1898 postea

324 1913 743 1976 certaminibus,
780 1910 974 1980 quibus
1016 1910 1241 1963 victoria
1288 1923 1652 1981 comparatur,
1679 1928 1741 1967 ac
1762 1916 2026 1983 praeconis
2054 1930 2185 1971 voce
2221 1918 2455 1986 cuipiam
2521 1934 2717 1973 corona
2794 1920 3069 1985 tribuitur,
3134 1921 3417 1976 inferiores
3480 1938 3573 1976 re-

323 2008 627 2075 periunlur.
665 2007 738 2059 Ea
790 2021 942 2071 vero,
983 2021 1102 2075 quae
1141 2022 1242 2062 uec
1284 2008 1428 2063 dictu
1474 2011 1741 2079 superﬂua
1836 2029 1931 2070 nec
1968 2015 2037 2069 ab
2110 2019 2373 2070 orationis
2418 2031 2581 2085 scopo
2628 2017 2802 2070 aliena
2841 2014 2955 2068 fore
2991 2013 3259 2078 videntur,
3301 2012 3575 2066 laudanda

328 2099 644 2166 suscipiam.

396 2190 487 2244 XI.
522 2190 654 2245 Illud
680 2199 858 2243 autem
883 2190 1023 2244 inter
1046 2205 1234 2246 omnes
1256 2207 1400 2248 sanae
1427 2195 1622 2250 mentis
1653 2196 1897 2252 homines

325 2292 577 2336 constare
608 2282 861 2344 arbitror,
896 2282 1252 2338 eruditionem
1299 2285 1437 2338 inter
1476 2286 1710 2341 humana
1752 2287 1894 2342 bona

328 2373 626 2442 principem
673 2373 847 2427 locum
898 2385 1116 2441 tenere;
1151 2391 1253 2429 non
1301 2377 1365 2429 de
1389 2377 1489 2430 hac
1520 2386 1699 2432 nostra
1725 2378 1896 2432 solum

328 2480 392 2518 ac
425 2464 688 2518 nobiliore
728 2458 934 2532 loquor,
967 2479 1107 2533 quae,
1156 2473 1468 2532 contempto
1505 2470 1651 2521 omni
1693 2483 1898 2522 sermo-

327 2556 413 2608 nis
463 2555 645 2621 lepore
692 2564 852 2623 atque
902 2566 1120 2621 ornatu,
1180 2557 1339 2610 saluti
1380 2560 1492 2620 uni,
1523 2571 1684 2629 atque
1710 2575 1896 2614 earum

329 2661 533 2709 rerum,
557 2661 676 2715 quae
706 2645 915 2700 ratione
944 2659 1102 2715 atque
1131 2650 1311 2703 animo
1334 2650 1717 2719 intelliguntur,
1737 2653 1901 2722 778

329 2737 711 2805 pulchritudini
746 2738 1049 2792 arctissime
1073 2740 1271 2804 haeret;
1307 2742 1399 2793 sed
1430 2743 1590 2794 etiam
1623 2744 1689 2795 de
1720 2752 1901 2796 exter-

330 2842 422 2891 na,
461 2843 618 2895 quam
665 2828 905 2897 plerique
939 2828 1254 2892 Christiani,
1286 2846 1452 2897 pravo
1496 2833 1726 2899 quodam
1755 2831 1900 2900 judi-

329 2920 439 2980 cio,
468 2928 526 2972 ut
563 2919 874 2973 insidiosam
907 2929 960 2972 et
988 2919 1370 2986 periculosam,
1405 2934 1469 2973 ac
1496 2922 1683 2989 procul
1725 2936 1755 2974 a
1790 2922 1900 2976 Deo

331 3019 684 3075 avertentem,
714 3019 1093 3078 aspernantur.
1119 3009 1579 3074 Quemadmodum
1617 3012 1760 3066 enim
1786 3028 1899 3068 ea:-

331 3100 463 3165 lum,
498 3109 719 3164 terram,
757 3115 961 3163 aerem,
1014 3115 1077 3153 ac
1120 3116 1347 3169 qumque
1391 3116 1576 3154 eorum
1613 3104 1897 3171 complexu

334 3201 669 3257 coercentur,
714 3206 815 3244 non
868 3193 986 3245 ideo
1030 3203 1381 3245 contemnere
1428 3192 1722 3257 debemus,
1775 3196 1898 3261 quia

334 3282 574 3335 nonnulli
626 3282 886 3336 scelerate
926 3292 1271 3350 acceperunt,
1304 3297 1400 3349 pro
1438 3283 1545 3336 Deo
1572 3298 1632 3336 ea
1662 3298 1779 3352 quae
1804 3266 1899 3338 Dei

333 3382 459 3425 sunt
520 3382 877 3437 venerantes;
925 3374 1051 3440 quin
1106 3371 1301 3438 potius,
1355 3374 1636 3442 quidquid,
1687 3381 1797 3427 tum
1833 3373 1901 3428 ad

2074 2199 2177 2251 IA’.
2204 2193 2371 2267 Οἶμαι
2399 2197 2455 2249 δὲ
2486 2199 2648 2251 πᾶσιν
2672 2195 3115 2268 ἀνωμολογῆσθαι
3139 2194 3213 2267 (5)
3233 2194 3324 2247 τὸν
3344 2191 3470 2248 νοῦν
3496 2191 3577 2265 (6)

2003 2288 2256 2358 ἐχόντων,
2297 2288 2577 2340 παίδευσιν
2610 2287 2719 2339 τῶν
2758 2289 2887 2358 παρ’
2927 2289 3059 2357 ἡμῖν
3095 2283 3312 2354 ἀγαθῶν
3344 2279 3482 2338 εἶναι
3514 2283 3581 2336 τὸ

2002 2379 2217 2451 πρῶτον
2238 2393 2251 2407 ·
2284 2378 2345 2433 οὐ
2380 2378 2584 2448 ταύτην
2615 2378 2781 2449 μόνην
2808 2376 2882 2445 (7)
2908 2378 3006 2446 τὴν
3040 2374 3450 2446 εὐγενεστέραν,
3481 2375 3578 2427 καὶ

1998 2472 2295 2542 ἡμετέραν,
2318 2469 2352 2539 ἢ
2388 2471 2494 2522 πᾶν
2522 2468 2594 2540 (8)
2621 2468 2681 2522 τὸ
2707 2470 2765 2522 ὲν
2798 2467 2978 2536 λόγοις
3008 2465 3217 2536 κομψὸν
3250 2466 3343 2519 καὶ
3374 2464 3581 2534 φιλότι-

2004 2579 2102 2633 μον
2131 2561 2499 2630 ἀτιμάζουσα,
2546 2561 2715 2630 μόνης
2766 2558 2948 2628 ἔχεται
2995 2557 3096 2626 τῆς
3141 2556 3446 2628 σωτηρίας,
3482 2557 3581 2609 καὶ

1999 2651 2092 2703 τοῦ
2121 2649 2355 2712 κάλλους
2390 2649 2498 2702 τῶν
2540 2649 2846 2719 νοουμένων
2868 2665 2882 2679 ·
2918 2648 3055 2702 ἀλλά
3087 2649 3182 2702 καὶ
3212 2649 3312 2718 τὴν
3354 2646 3576 2711 ἔξωθεν,

2001 2743 2066 2811 ἥν
2094 2743 2140 2794 οἱ
2169 2740 2350 2794 πολλοὶ
2376 2741 2714 2813 Χριστιανῶν
2747 2740 2821 2810 (9)
2851 2739 3218 2801 διαπτύουσιν,
3251 2739 3327 2801 ὡς
3357 2738 3579 2791 ἐπίϐου-

2002 2833 2093 2884 λον
2125 2833 2219 2885 καὶ
2254 2831 2526 2902 σφαλερὰν
2547 2871 2561 2895 ,
2598 2833 2691 2885 καὶ
2723 2830 2856 2884 Θεοῦ
2899 2832 3087 2901 πόρρω
3117 2830 3435 2901 βάλλουσαν,
3473 2847 3579 2883 κα-

2002 2923 2112 2986 κῶς
2132 2924 2348 2986 ειδότες.
2380 2924 2593 2994 ’Ὠσπερ
2615 2923 2725 2995 γὰρ
2750 2925 2998 2994 οὐρανὸν,
3026 2925 3119 2977 καὶ
3141 2926 3263 2994 γῆν,
3296 2923 3391 2976 καὶ
3415 2924 3577 2994 ἀέρα,

2001 3015 2095 3068 καὶ
2119 3016 2217 3067 ὅσα
2238 3014 2463 3078 τούτων,
2490 3017 2590 3067 οὐκ
2615 3016 2802 3086 ἐπειδὴ
2830 3015 3018 3079 κακῶς
3034 3033 3181 3080 τινες
3210 3015 3578 3086 ὲξειλήφασιν,

2001 3105 2122 3158 ἀντὶ
2153 3104 2288 3157 Θεοῦ
2318 3104 2386 3157 τὰ
2415 3104 2509 3158 τοῦ
2542 3106 2678 3159 Θεοῦ
2716 3106 2988 3169 σέϐοντες,
3017 3106 3104 3158 διά
3126 3106 3285 3159 τοῦτο
3318 3110 3608 3178 περιφρο-“

2002 3197 2188 3267 νητέον
2206 3213 2221 3227 ο
2250 3196 2364 3249 ἀλλ’
2391 3197 2513 3248 ὅσον
2536 3199 2802 3268 χρήσιμον
2830 3197 3006 3251 αὐτῶν
3040 3198 3409 3269 καρπούμενοι
3444 3200 3581 3271 πρός

2003 3302 2062 3338 τε
2096 3282 2240 3355 ζωὴν
2278 3285 2372 3338 καὶ
2403 3287 2732 3354 ἀπόλαυσιν,
2762 3289 2886 3341 ὅσον
2919 3288 3258 3342 ἐπικίνδυνον
3287 3290 3580 3359 διαφεύγο-

2005 3393 2104 3446 μεν
2129 3378 2257 3446 (10)·
2286 3378 2344 3430 οὐ
2369 3377 2446 3448 τῷ
2471 3378 2677 3450 Κτίστῃ
2701 3382 2799 3451 τὴν
2825 3382 3002 3434 κτίσιν
3031 3383 3415 3446 ὲπανιστάντες
3440 3384 3581 3436 κατὰ

336 3461 523 3524 vitam,
556 3469 664 3513 tum
695 3462 760 3513 ad
790 3462 955 3514 animi
986 3461 1402 3514 oblectationem
1429 3464 1545 3515 usui
1577 3470 1678 3526 est,
1715 3464 1897 3516 decer-

2009 3470 2126 3532 τοὺς
2146 3469 2405 3539 ἄφρονας,
2441 3470 2554 3523 ἀλλ’
2587 3474 2651 3524 ἐκ
2684 3472 2792 3525 τῶν
2824 3474 2888 3545 δη
2898 3475 3326 3545 μιουργημάτων
3358 3475 3449 3529 τὸν
3469 3479 3578 3547 Δη-

337 3552 822 3619 pentes,quidquid
853 3553 1214 3620 periculosum
1245 3562 1346 3614 est,
1380 3550 1640 3622 fugimus;
1672 3569 1777 3607 non
1813 3569 1898 3607 res

336 3651 547 3696 creatas
579 3643 839 3696 adversus
867 3642 1209 3709 Creatorem,
1242 3656 1299 3698 ut
1324 3643 1471 3699 stulti
1510 3643 1736 3709 faciunt,
1774 3661 1904 3698 cou-

335 3735 585 3797 citantes,
634 3733 727 3787 sed
773 3747 841 3787 ex
884 3734 1042 3789 rebus
1081 3737 1311 3791 conditis
1362 3735 1705 3790 Conditorem
1740 3751 1904 3803 agno-

336 3824 634 3891 scentes“,
677 3832 841 3892 atque
884 3840 1101 3881 onmem
1152 3827 1504 3891 intellectum,
1553 3835 1613 3880 ut
1661 3827 1903 3897 Apostoli

336 3916 516 3969 verbis
572 3916 772 3982 utar",
837 3915 1053 3971 Christo
1131 3919 1398 3986 captivum
1484 3917 1899 3973 submittentes:

338 4007 783 4074 quemadmodum
834 4011 1073 4077 insuper,
1126 4026 1224 4065 nec
1263 4012 1424 4079 ignis,
1458 4024 1555 4064 nec
1602 4011 1780 4073 cibus,
1807 4024 1904 4064 nec

338 4097 563 4164 ferrum,
595 4116 691 4154 nec
719 4116 805 4155 res
825 4101 926 4154 ulla
954 4101 1056 4153 alia
1086 4112 1273 4169 suapte
1311 4112 1524 4165 natura,
1554 4102 1636 4156 vel
1669 4101 1905 4155 maxime

340 4189 488 4244 utilis
544 4203 647 4254 est,
692 4192 774 4245 vel
822 4193 1054 4246 maxime
1104 4194 1287 4258 noxia,
1341 4208 1527 4246 verum
1578 4203 1636 4246 ut
1692 4194 1781 4259 iis,
1814 4193 1905 4261 qui

337 4290 581 4348 utuntur,
646 4283 856 4351 placet;
909 4294 1069 4352 atque
1118 4285 1252 4338 adeo
1304 4297 1335 4336 e
1390 4284 1669 4353 reptilibus
1724 4284 1907 4338 bestiis

337 4372 601 4439 quasdam
638 4375 903 4428 interdum
939 4364 1268 4429 salutaribus
1297 4374 1700 4429 medicamentis
1729 4374 1902 4428 admi-

337 4475 550 4515 scemus
583 4479 597 4515 :
623 4464 809 4517 eodem
834 4479 931 4518 nos
961 4481 1174 4532 quoque
1213 4465 1371 4519 modo
1401 4481 1465 4520 ex
1491 4465 1688 4519 litteris
1721 4466 1823 4519 illis
1849 4476 1902 4520 et

2008 3559 2263 3630 μιουργὸν
2313 3560 2851 3632 καταλαμϐάνοντες,
2888 3565 3016 3630 καὶ,
3060 3567 3089 3619 ὃ
3145 3582 3308 3636 φησιν
3356 3567 3385 3619 ὁ
3439 3566 3583 3631 θεῖος

2010 3648 2352 3715 Ἀπόστολος,
2382 3652 2874 3723 αἰχμαλωτίζοντες
2894 3657 3002 3708 πᾶν
3028 3658 3204 3727 νόημα
3226 3660 3306 3722 είς
3325 3660 3581 3730 Χριστόν·

1996 3735 2082 3805 ὡς’
2102 3741 2157 3795 δὲ
2187 3744 2279 3795 καὶ
2308 3745 2500 3814 πυρὸς,
2538 3747 2632 3799 καὶ
2659 3748 2887 3818 τροφῆς,
2919 3751 3013 3802 καὶ
3046 3751 3264 3821 σιδήρου
3286 3793 3301 3817 ,
3333 3752 3426 3804 καὶ
3469 3751 3581 3805 τῶν

1999 3831 2195 3899 ἄλλων,
2229 3835 2381 3890 οὐδὲν
2405 3836 2522 3888 καθ’
2549 3839 2707 3891 ἑαυτὸ
2737 3839 3153 3910 χρησιμώτατον
3185 3843 3362 3912 ἴσμεν,
3390 3843 3422 3913 ἢ
3454 3843 3583 3913 βλα-

2000 3921 2325 3993 ϐερώτατον,
2366 3926 2479 3980 ἀλλ’
2511 3929 2658 3992 ὅπως
2695 3929 2761 3982 ἂν
2803 3930 2931 4001 δοκῇ
2964 3935 3074 3995 τοῖς
3105 3934 3407 4004 χρωμένοις
3441 3936 3577 4005 (11)·

2001 4012 2100 4083 ἤδη
2130 4014 2186 4066 δὲ
2210 4015 2303 4067 καὶ
2330 4015 2437 4069 τῶν
2466 4019 2810 4088 ἑρπυστικῶν
2841 4021 2950 4091 (12)
2984 4022 3187 4094 θηρίων
3214 4023 3378 4088 ἐστιν,
3409 4025 3444 4078 ἃ
3467 4028 3580 4088 τοῖς

2007 4105 2144 4175 πρὸς
2207 4111 2479 4180 σωτηρίαν
2539 4114 2850 4183 φαρμάκοις
2904 4116 3380 4187 συνεκεράσαμενο
3436 4106 3582 4171 οὕτω

2004 4197 2097 4251 καὶ
2127 4199 2239 4268 (15)
2276 4201 2499 4266 τούτων,
2543 4205 2602 4257 τὸ
2637 4205 2735 4274 μὲν
2780 4204 3121 4270 ὲξεταστικόν
3154 4227 3213 4262 τε
3244 4211 3335 4263 καὶ
3369 4209 3582 4282 θεωρη-

2002 4287 2174 4351 τικὸν,
2212 4289 2545 4358 ἐδεξάμεθα·
2584 4293 2707 4345 ὅσον
2740 4293 2796 4346 δὲ
2830 4298 2912 4355 εἰς
2949 4295 3210 4366 δαίμονας
3250 4299 3436 4369 φέρει,
3485 4301 3581 4354 καὶ

2008 4378 2234 4450 πλάνην,
2269 4385 2363 4436 καὶ
2402 4384 2675 4445 ἀπωλείας
2712 4386 2903 4456 βυθὸν,
2941 4389 3305 4461 διεπτύσαμεν
3329 4407 3342 4420 ·
3376 4392 3456 4444 ὅτι
3502 4394 3579 4464 μὴ

2005 4470 2115 4522 κάκ
2141 4472 2342 4525 τούτων
2374 4475 2509 4545 πρὸς
2535 4476 2841 4532 θεοσέϐειαν
2866 4480 3193 4551 ὠφελήμεθα
3228 4484 3359 4553 (14),
3392 4484 3454 4537 ἐκ
3485 4486 3581 4537 τοῦ

337 4553 654 4623 disciplinis,
684 4554 737 4607 id
771 4569 920 4621 sane,
952 4556 1092 4621 quod
1149 4556 1202 4609 in
1247 4555 1566 4624 inquirenda
1599 4571 1777 4610 rermu
1805 4572 1897 4609 na-

2009 4561 2248 4632 χείρονος
2307 4565 2369 4618 τὸ
2420 4570 2662 4638 κρεῖττον
2707 4572 3117 4642 καταμαθόντες
3165 4574 3297 4643 (15),
3348 4576 3442 4627 καὶ
3481 4576 3585 4646 τὴν

406 4664 455 4697 ⁹⁰
492 4665 618 4733 Sap.
648 4680 767 4731 xui,
803 4666 855 4720 5.
932 4667 977 4697 9‘
1014 4667 1049 4720 ll
1081 4668 1209 4721 Cor.
1246 4685 1298 4733 χ,
1328 4669 1381 4722 5.

409 4780 521 4857 (97)
551 4777 665 4857 _Olc_
681 4784 847 4857 τούς,
881 4783 983 4857 δίο
1010 4785 1175 4857 Iiegg.
1208 4800 1264 4847 a,
1306 4801 1356 4849 e,
1391 4786 1447 4857 d,
1478 4787 1588 4850 bm,
1621 4792 1713 4857 ph,
1749 4784 1843 4842 Or.
1873 4786 1908 4840 2

337 4861 393 4906 et
420 4853 605 4904 Comh.
640 4852 806 4906 Prave
838 4855 887 4906 in
922 4856 1007 4908 ed.
1039 4852 1182 4917 Pari,
1216 4856 1297 4908 ὅτι
1327 4855 1471 4919 τούς.

409 4920 520 4990 (98)
555 4923 1090 4993 Παραχωρήσομεν.
1124 4924 1291 4996 Regg.
1323 4928 1410 4981 but
1446 4935 1499 4980 et
1525 4926 1614 4995 ph,
1645 4943 1906 4998 παραχω-

418 5008 616 5045 σωμεν.

342 4992 616 5064 ρήσωμεν.
962 4992 965 4993 ⁷
1213 4992 1266 4996 ’⁷
1525 4992 1541 4995 “
1731 4992 1741 4998 “
1802 4992 1832 4996 ’⁷

410 5061 520 5136 (99)
550 5061 650 5136 Μὴ
676 5063 927 5136 ταυτόνη
953 5062 1249 5136 Sic_Regg.
1282 5080 1334 5129 a,
1368 5080 1418 5129 c,
1446 5067 1498 5131 d,
1539 5067 1629 5136 ph,
1677 5066 1841 5121 Coisl.
1880 5068 1905 5121 1

338 5140 393 5185 et
423 5130 515 5203 Or.
545 5132 613 5203 2.Δ
634 5133 686 5185 In
721 5135 830 5203 eth,
864 5133 986 5203 μήτ’
1014 5130 1195 5185 αὐτόν.

527 5200 717 5256 Πάθω.
750 5200 933 5273 (Σοίέιί
952 5203 1020 5273 2,(
1045 5202 1327 5273 πάθωμεν.

521 5272 967 5348 ῌᾳλμιοιιένοις.
1004 5271 1076 5348 llr
1097 5270 1387 5348 nonnullis,
1414 5277 1840 5348 παλαιουμένοις.

530 5342 603 5418 1A
632 5340 699 5392 δὲ
717 5341 1009 5418 ορδιιμῶς.
1040 5342 1133 5418 Or.
1252 5342 1280 5394 ὃ
1313 5343 1356 5418 ξ
1386 5340 1655 5418 οὺδαμῶςξ

413 5409 489 5478 (4)
521 5412 817 5477 Περιττός.
851 5412 982 5479 lleg.
1010 5414 1076 5475 ph
1112 5412 1275 5477 addit,
1300 5408 1476 5471 εἷναι.·

528 5477 1079 5557 ’ξΑτωμολοτῆοξθαις
1139 5481 1250 5557 S_ic_
1282 5496 1423 5539 recte
1485 5502 1623 5542 unus
1673 5488 1800 5557 Reg.
1859 5496 1912 5542 et

342 5546 505 5619 Coisl.
526 5549 591 5619 2.
611 5547 667 5600 lu
685 5546 808 5611 'ed.,
844 5546 909 5603 ἂν
936 5549 1339 5619 ὡμολογῆσθαι.

415 5618 491 5682 (6ὶ
531 5617 639 5671 Τὸν
659 5618 827 5672 γοῦν.
863 5619 954 5673 Or.
987 5617 1043 5686 Ξ,
1066 5617 1333 5675 τῶννοῦν.

392 5687 492 5755 (7)
527 5689 752 5757 Μόνην.
786 5689 878 5745 Or.
914 5689 968 5757 2,
1012 5691 1187 5761 μόνον.

2082 4790 2158 4863 (8)
2205 4792 2544 4862 Ἦμετέραν,
2576 4791 2614 4858 ἦ
2654 4790 2794 4847 πᾶν.
2852 4792 2940 4847 Sic
2993 4795 3099 4848 duo
3148 4795 3305 4863 Regg.
3368 4804 3422 4848 et
3473 4795 3579 4851 duo

2005 4861 2173 4936 Coisl.
2232 4861 2289 4916 lu
2339 4863 2632 4936 tiontiullis,
2690 4864 2980 4936 ἡμετέραν,
3026 4865 3147 4935 ἥτις
3200 4861 3324 4920 πᾶν.
3360 4865 3416 4917 In
3463 4869 3577 4931 ed.,

2005 4931 2301 5003 ἡμετέραν,
2333 4931 2365 5001 ἢ
2392 4933 2522 5003 πᾶν.
2733 4931 2777 5003 λ
2865 4931 2875 4936 ’
2912 5002 2919 5003 7
3051 4931 3060 4935 ⁷
3251 4938 3259 4944 ’

2048 5001 2153 5082 ~(9)
2182 5001 2415 5082 Πολλοὶ
2463 5002 2851 5070 Χριστιανῶν.
2909 5002 2962 5055 In
3016 5004 3352 5072 quibusdam,
3390 5003 3578 5058 πολλοὶ

2008 5080 2136 5131 των,
2170 5080 2273 5124 etc.

2079 5140 2191 5212 (10)
2222 5142 2639 5212 Δωφεύγομεν.
2693 5143 2782 5195 Sic
2820 5143 3056 5211 quinque
3099 5141 3288 5212 Regg.,
3327 5144 3419 5200 Or.
3450 5145 3486 5197 2
3522 5155 3578 5199 et

2010 5209 2198 5281 Cotub.
2236 5211 2288 5262 In
2311 5209 2419 5267 ed..
2449 5209 2853 5281 διαφεύγωμενζ

2087 5278 2197 5349 (11)
2234 5278 2583 5349 Χρωμένοιςῖ.
2611 5278 2773 5334 Ceisl.
2806 5283 2827 5334 1
2866 5291 2915 5332 el
2960 5280 3107 5336 Pass.
3146 5281 3364 5347 addunt,
3405 5281 3579 5346 οὕτως

2012 5348 2187 5419 ἔδοξεν
2207 5348 2368 5419 ἔχειν,
2398 5369 2416 5399 ι
2452 5353 2529 5403 sic
2558 5366 2617 5404 se
2648 5351 2893 5403 videntur
2927 5352 3139 5405 habere.
3176 5369 3192 5399 ι

2236 5418 2670 5492 Έρπυστικῷν.
2710 5420 3010 5492 Βρξθίιιιι.
3048 5423 3136 5492 ph,
3169 5421 3535 5492 ἑρπηστικῶν.

2081 5488 2193 5559 (15)
2234 5490 2395 5541 Οὕτω
2428 5490 2546 5559 καί.
2580 5490 2707 5555 Reg.
2747 5490 2835 5558 ph,
2861 5489 3000 5542 οὕτω
3027 5491 3087 5559 δὴ
3127 5491 3235 5543 καί.

2082 5557 2190 5629 (1-1)
2239 5557 2620 5625 Ὠφελήμεθα.
2650 5559 2821 5629 Pass,
2848 5557 3217 5629 ὠφελούμεθα.

2082 5626 2193 5697 (15)
2228 5630 2689 5699 Κατᾳμαᾷόντες.
2744 5626 2874 5698 Reg.
2902 5631 3009 5685 hui.
3046 5626 3570 5699 καταμανθάνοντες.

2010 5696 2101 5752 Or.
2135 5696 2188 5757 Ξ,
2219 5697 2741 5764 καταλαμϐάνοντες,
2778 5716 2795 5748 ι
2831 5696 3301 5763 δεῖνι-οιιυιιιιιειιίοε.
3335 5718 3354 5750 ι
