3902 6218
262 345 371 403 509

1086 357 1344 418 ORATIO
1382 362 1567 422 XLIII.
1608 399 1679 408 —
1715 369 1779 423 IN
1820 359 2102 426 LAUDEM
2154 363 2397 422 BASIL’II
2441 366 2677 425 MAGNI.

3445 384 3549 438 5ἔο

262 463 550 520 ἀσθένειαν
582 468 830 535 ἐκείνων,
880 474 1036 543 ἰσχὺν
1079 476 1175 529 τοῦ
1209 479 1333 531 καθ’
1370 483 1518 551 ἡμᾶς
1560 484 1720 553 λόγου
1757 505 1856 538 πε·-

1966 498 2082 543 tura
2115 498 2178 545 et
2205 488 2659 557 contemplatione
2693 496 2963 557 versatur,
2999 492 3361 562 suscepimus;
3388 499 3548 562 quid-

265 557 555 626 ποιημὲνοι
608 560 740 632 (16).
780 562 989 617 Οὔκουν
1016 567 1348 637 ἀτιμαστέον
1390 572 1487 643 τὴν
1540 575 1844 642 παίδευσιν,

266 647 354 699 ὅτι
382 647 541 701 τοῦτο
571 651 721 704 δοκεῖ
748 670 891 707 τισιν
912 673 925 686 ·
956 655 1093 710 ἀλλά
1123 662 1347 725 σκαιοὺς
1374 663 1469 716 καὶ
1497 665 1857 731 ἀπαιδεύτους

268 737 612 812 ὑποληπτέον
663 744 791 808 τοὺς
839 746 1011 811 οὕτως
1059 748 1318 820 ἔχοντας,
1376 755 1427 807 οἳ
1486 756 1744 825 βούλοιντ’
1790 759 1857 813 ἂν

268 830 520 895 ἅπαντας
545 829 681 889 εἶναι
707 838 829 891 καθ’
859 841 1106 905 ἑαυτοὺς,
1149 844 1215 899 ἵν’
1253 848 1310 898 ἐν
1343 847 1421 917 τῷ
1452 850 1616 921 κοινῷ
1648 851 1709 903 τὸ
1736 855 1856 905 κατ’

266 922 467 987 αὐτοὺς
501 924 811 997 κρύπτηται
832 969 845 992 ,
877 931 972 982 καὶ
1017 934 1141 995 τοὺς
1177 936 1273 1005 τῆς
1316 938 1675 1003 ἀπαιδευσίας
1703 941 1855 1009 ἐλέγ-

270 1029 400 1082 χους
426 1014 901 1084 διαδιδράσκωσιν.
953 1021 1106 1075 Ἐπεὶ
1134 1024 1190 1077 δὲ
1224 1025 1382 1082 τοῦτο
1415 1031 1724 1101 ὑπεθέμεθα
1764 1034 1858 1085 καὶ

267 1103 829 1179 ἀνωμολογησάμεθα,
874 1111 1027 1183 φέρε,
1057 1113 1127 1168 τά
1154 1118 1274 1170 κατ’
1305 1119 1466 1174 αὐτὸν
1500 1121 1612 1194 (l7)
1643 1122 1853 1195 θεωρή-

272 1210 478 1265 σωμεν.

1965 583 2093 650 quid
2121 587 2309 636 antem
2354 579 2419 631 ad
2456 579 2750 647 daemones,
2792 593 2846 636 et
2878 595 3145 648 errorem,
3177 593 3232 639 et
3273 587 3419 641 exitii
3446 604 3547 642 vo-

1965 674 2212 742 ragiuem
2254 670 2424 733 ducit,
2456 673 2782 739 respuimus.
2816 672 2928 729 Imo
2960 676 3124 730 etiam
3157 677 3225 733 ab
3255 693 3321 734 eo
3353 681 3419 734 ad
3458 680 3550 734 Dei

1968 762 2172 818 cultum
2223 757 2397 827 adiuti
2454 775 2664 828 sumus,
2722 764 2976 819 nimirum
3033 782 3101 823 ex
3156 770 3435 836 deteriori,
3473 772 3546 837 id,

1963 853 2107 920 quod
2154 850 2504 923 praestantius
2550 859 2653 917 est,
2685 866 3093 922 cognoscentes,
3129 866 3292 927 atque
3345 858 3550 917 doctri-

1965 959 2087 997 nam
2107 954 2356 998 nostmm
2386 940 2599 994 illorum
2627 942 2996 1000 imbecillitate
3022 946 3326 1003 fulcientes.
3351 949 3550 1015 Quam-

1962 1039 2171 1105 obrem,
2210 1054 2320 1093 non
2352 1034 2554 1089 idcirco
2593 1036 2827 1091 eruditio
2866 1042 3257 1095 contemnenda
3280 1052 3382 1109 est,
3405 1044 3549 1112 quod

1962 1127 2036 1179 ita
2076 1128 2403 1195 quibusdam
2437 1123 2722 1190 videatur;
2768 1127 2897 1194 quin
2938 1128 3140 1196 potius,
3182 1128 3331 1183 stulti
3388 1140 3549 1198 atque

1960 1216 2192 1285 imperiti
2247 1214 2481 1273 habendi
2537 1224 2680 1280 sunt,
2721 1216 2809 1284 qui
2838 1216 2941 1271 hoc
2974 1219 3307 1284 existimant,
3336 1220 3536 1289 quique

268 1300 461 1342 omnes
486 1289 566 1343 sui
591 1290 793 1349 similes
820 1308 940 1349 esse
961 1296 1198 1366 cupiant,
1230 1309 1286 1353 ut
1311 1301 1517 1370 privata
1584 1317 1773 1360 eorum
1849 1306 2063 1359 inscitia
2116 1308 2216 1361 sub
2289 1304 2568 1364 communi
2620 1305 2860 1370 deliteat,
2905 1322 3005 1361 nec
3055 1310 3345 1377 quisquam
3409 1309 3549 1376 ipstr

282 1391 404 1431 rum
433 1379 761 1451 imperitiam
798 1386 994 1455 prodat
1058 1398 1113 1442 et
1169 1405 1449 1459 coarguat.
1516 1394 1632 1449 Hoc
1674 1395 1840 1465 igitur
1906 1396 2081 1463 posito
2128 1408 2289 1466 atque
2346 1412 2444 1466 pro
2486 1392 2736 1453 confesso
2776 1394 2982 1460 habilO,
3014 1410 3132 1465 age,
3158 1395 3344 1452 Basilii
3377 1399 3542 1453 vitam

270 1470 722 1538 contemplemur.

342 1560 443 1614 IB'.
486 1562 568 1616 Τά
593 1565 691 1635 μὲν
716 1566 782 1639 δὴ
809 1570 1002 1642 πρῶτα
1024 1573 1125 1643 τῆς
1153 1571 1367 1643 ἡλικίας
1398 1572 1503 1627 ὑπὸ
1534 1574 1613 1644 τῷ
1635 1575 1855 1646 μεγάλῳ

270 1652 463 1723 πατρὶ,
505 1654 566 1708 ὅν
600 1658 775 1712 κοινὸν
822 1663 1119 1735 παιδευτὴν
1163 1663 1362 1736 ἀρετῆς
1404 1664 1433 1715 ὁ
1466 1665 1666 1731 Πόντος
1704 1684 1856 1737 τηνι-

2043 1571 2153 1626 ΧΙΙ.
2189 1571 2367 1625 Prima
2416 1571 2581 1642 igitur
2613 1576 2775 1626 actate
2810 1567 2921 1623 sub'
2952 1582 3147 1638 magno
3182 1577 3353 1637 patre,
3383 1583 3541 1640 quem

1964 1678 2308 1719 communem
2341 1663 2555 1717 virtutis
2610 1664 2930 1732 magistrum
2973 1673 3038 1713 eo
3062 1669 3303 1727 tempore
3333 1659 3541 1715 Pontus

268 1745 449 1800 καῦτα
477 1750 847 1819 προύϐάλλετο
865 1794 879 1818 ,
912 1756 1321 1827 σπαργανοῦται
1350 1757 1443 1810 καὶ
1467 1756 1854 1814 διαπλάττεται

1964 1756 2318 1825 proponebat,
2364 1755 2510 1809 velut
2560 1754 2746 1809 fasciis
2787 1751 3102 1815 involvitur,
3134 1761 3297 1819 amne
3330 1753 3537 1822 optimo

269 1833 471 1889 πλάσιν
514 1838 625 1910 (18)
672 1840 772 1912 τὴν
815 1844 1048 1917 ἀρίστην
1078 1863 1138 1899 τε
1182 1845 1278 1900 καὶ
1313 1845 1735 1919 καθαρωτάτην,
1787 1851 1853 1922 ἢν

268 1926 537 2001 ὴμερινὴν
579 1932 608 1984 ὁ
656 1931 798 1998 θεῖος
841 1937 1007 1991 Δαϐὶδ
1053 1936 1236 2001 καλῶς
1284 1936 1573 2008 ὀνομάζει,
1610 1941 1705 1994 καὶ
1753 1942 1856 2013 τῆς

268 2018 592 2090 νυκτερινῆς
627 2022 921 2078 ἀντίθετον.
974 2027 1109 2079 Ὑπὸ
1149 2027 1214 2098 δὴ
1241 2024 1444 2097 τούτῳ,
1476 2030 1570 2082 καὶ
1618 2030 1731 2100 βίον
1763 2033 1854 2085 καῖ⁸

268 2107 429 2176 λόγον
462 2113 961 2187 συναυξανομένους
988 2136 1046 2172 τε
1077 2121 1171 2173 καὶ
1206 2123 1552 2185 συνανιόντας
1584 2123 1848 2195 ἀλλήλοις.

265 2201 299 2253 ὁ
350 2202 656 2275 θαυμάσιος
703 2211 1120 2267 ἐκπαιδεύεταιο
1170 2216 1232 2267 οὐ
1279 2215 1607 2271 Θετταλικὸν
1660 2235 1714 2270 τι
1761 2220 1855 2271 καὶ

267 2292 447 2363 ὄρειον
477 2296 671 2368 ἄντρον
703 2300 887 2370 αὐχῶν
908 2342 922 2367 ,
958 2302 1034 2366 ὼς
1071 2304 1277 2375 ἀρετῆς
1314 2307 1697 2378 ἐργαστήριον,
1734 2309 1855 2361 οὐδέ.

268 2402 394 2439 τινα
438 2386 760 2460 Κένταυρον.
783 2392 893 2462 (l9)
934 2394 1173 2458 ἀλαζόνα
1224 2396 1335 2450 τῶν
1368 2400 1487 2451 κατ’
1527 2398 1688 2452 αὐτὸν
1738 2399 1850 2470 (20)

268 2476 469 2548 ἡρώων
493 2480 835 2548 διδάσκαλον,
859 2486 981 2539 οὐδέ
1004 2486 1228 2551 πτῶκας
1266 2487 1501 2558 βάλλειν,
1523 2489 1557 2559 ἢ
1584 2493 1852 2563 κατατρέ-

269 2584 389 2636 χειν
412 2568 640 2639 νεϐρῶν,
675 2571 708 2642 ἢ
745 2571 999 2645 θηρεύειν
1029 2575 1263 2643 ἐλάφους
1297 2578 1389 2631 ὑπ’
1413 2578 1577 2631 αὐτοῦ
1608 2580 1854 2650 διδασκό-

271 2673 458 2727 μενος,
486 2659 520 2729 ἢ
544 2660 612 2712 τά
631 2660 901 2733 πολεμικὰ
930 2663 1221 2735 κράτιστος
1242 2661 1402 2731 εἶναι,
1426 2666 1459 2737 ἢ
1483 2667 1853 2738 πωλοδαμνεῖν

268 2748 493 2820 ἄριστα,
525 2749 604 2821 τῷ
640 2752 789 2824 αὐτῷ
816 2752 980 2824 πώλῳ
1009 2757 1104 2809 καὶ
1142 2756 1449 2828 διδασκάλῳ
1478 2757 1791 2829 χρώμενος,
1818 2761 1851 2831 ἦ

272 2839 493 2910 μυελοῖς
517 2841 733 2913 ἐλάφων
766 2862 825 2898 τε
865 2847 961 2898 κα)⁸
982 2847 1216 2900 λεόντων
1240 2851 1352 2914 τοῖς
1385 2849 1635 2919 μυθικοῖς
1664 2851 1854 2923 ἐκτρε-

268 2932 536 3004 φὸμενος·
576 2936 713 2989 ἀλλά
747 2938 845 3007 τὴν
884 2938 1174 3007 ἐγκύκλιον
1210 2941 1487 2995 παίδευσιν
1528 2943 1853 3015 παιδευόμε-

268 3038 380 3089 νος,
436 3026 530 3078 καὶ
572 3026 884 3081 θεοσέϐειαν
926 3028 1362 3101 ἐξασκούμενος,
1407 3032 1530 3095 καῖ,
1581 3034 1852 3088 συνελόντι

1965 1847 2056 1901 illo
2106 1846 2506 1914 purissimoque
2559 1846 2832 1915 figmento,
2892 1841 3035 1914 quod
3089 1842 3253 1896 David
3290 1843 3541 1897 diurnum

1962 1939 2186 2007 pulchre
2235 1947 2392 1992 vocat
2434 1936 2504 2001 ",
2556 1948 2928 2007 nocturnoque
2991 1933 3298 2005 oppositum
3337 1935 3542 2005 effingi-

1962 2037 2070 2085 tur.
2094 2029 2205 2085 Sub
2234 2030 2336 2083 hoc
2370 2029 2553 2098 igitur,
2591 2042 2645 2083 et
2669 2030 2777 2084 vita
2818 2027 2998 2095 simul,
3029 2038 3082 2082 et
3106 2042 3356 2083 sermone
3398 2029 3544 2095 pari-

1962 2128 2045 2173 ter
2088 2121 2519 2190 augescentibus,
2577 2129 2741 2190 atqne
2787 2120 2838 2174 in
2889 2121 3056 2175 altum
3109 2119 3541 2189 assurgentibus.

1965 2211 2211 2280 egregius
2248 2207 2566 2263 adolescens
2604 2211 2881 2278 crmlltur;
2919 2226 3026 2265 non
3073 2211 3445 2266 Thessalicmn
3470 2219 3543 2261 et

1963 2313 2277 2357 montanum
2329 2301 2494 2371 779
2526 2303 2795 2370 quoddam
2834 2313 3077 2369 antrum,
3108 2305 3262 2373 quasi
3309 2303 3537 2358 virtutis

1961 2392 2203 2448 scholam
2253 2401 2311 2446 et
2362 2392 2668 2456 ollicinam,
2715 2392 2969 2459 jactans,
3033 2409 3133 2449 nec
3193 2406 3537 2465 arrogantem

1962 2483 2247 2552 quemdam
2301 2482 2655 2549 Centaurum,
2708 2484 2931 2539 heroum
2986 2487 3070 2541 sui
3112 2490 3372 2556 temporis
3400 2502 3539 2555 prae-

1960 2585 2259 2645 ceptorem,
2301 2589 2400 2628 nec
2435 2575 2504 2628 ab
2555 2590 2621 2629 eo
2671 2585 2841 2629 artem
2883 2577 3135 2646 percipit,
3180 2592 3284 2647 qua
3329 2576 3539 2645 lepores

1961 2668 2174 2738 sagittis
2226 2666 2481 2737 conligat,
2522 2666 2607 2721 vel
2662 2667 2919 2722 hinnulos
2977 2682 3136 2721 cursu
3192 2668 3528 2737 insequatur,

1968 2760 2052 2814 vel
2096 2774 2290 2814 cervos
2321 2768 2572 2824 venetur,
2602 2759 2687 2813 vel
2720 2759 2772 2812 in
2819 2760 2979 2813 rebus
3037 2759 3245 2813 bellicis
3273 2759 3521 2821 excellat,

1961 2852 2047 2906 vel
2072 2852 2281 2907 feroces
2318 2867 2492 2921 equos
2516 2852 2719 2919 optime
2751 2851 2952 2915 domet,
2980 2852 3169 2905 eodem
3214 2850 3464 2907 videlicet
3484 2861 3536 2905 et

1961 2958 2099 3012 equo
2125 2952 2280 2998 utens
2335 2951 2390 2997 et
2422 2944 2704 3012 magistro,
2736 2957 2835 2996 nec
2862 2940 3120 2995 fabulosis
3162 2956 3443 2997 cervorum
3473 2957 3537 2994 ac

1964 3034 2179 3087 leonum
2212 3034 2461 3089 medullis
2487 3035 2758 3098 nutritur;
2792 3034 2886 3086 sed
2926 3032 3177 3088 liberales
3207 3041 3352 3087 artes
3376 3033 3533 3087 doce-

269 3114 474 3183 φάναι,
524 3118 661 3189 πρὸς
694 3118 792 3190 τὴν
830 3120 1128 3190 μέλλουσαν
1167 3123 1476 3191 τελειότητα
1514 3124 1604 3178 διὰ
1643 3125 1749 3178 τῶν
1796 3126 1855 3192 ἐξ

1964 3133 2070 3192 tur,
2106 3135 2268 3193 atque
2298 3126 2364 3179 ad
2398 3125 2490 3179 Dei
2527 3125 2727 3179 cultum
2755 3124 3036 3189 excolitur,
3073 3132 3145 3189 et,
3188 3134 3246 3178 ut
3274 3138 3379 3178 uno
3411 3138 3531 3176 ver-

267 3209 445 3280 ἀρχῆς
483 3210 818 3281 μαθημάτων
844 3213 1130 3284 ἀγόμενος.
1165 3215 1228 3267 ΟΞ
1262 3216 1360 3285 μὲν
1386 3214 1516 3284 γὰρ,
1551 3217 1583 3286 ἢ
1620 3217 1731 3287 βίον
1762 3219 1857 3288 μό-

272 3318 367 3353 νον
392 3300 529 3371 (ill),
553 3301 587 3372 ἢ
616 3302 771 3371 λόγον
797 3303 1246 3375 κατωρθωκότες,
1270 3304 1348 3376 τῷ
1378 3307 1548 3377 ἑτέρῳ
1569 3308 1626 3360 δὲ
1653 3307 1857 3362 λείπον-

265 3408 380 3455 τες,
420 3392 576 3445 οὐδὲν
618 3393 728 3447 τῶν
770 3395 1191 3466 ἐτεροφθάλμων
1231 3398 1355 3467 ἐμοὶ
1389 3397 1565 3451 δοκεῖν
1598 3398 1706 3471 (22)
1737 3399 1854 3452 δια-

266 3482 550 3554 φέρουσιν,
587 3478 670 3548 οἷς
718 3485 928 3557 μεγάλη
990 3487 1089 3557 μὲν
1134 3488 1408 3558 ήςημία,
1460 3487 1643 3559 μεῖζον
1688 3490 1745 3543 δέ
1793 3492 1854 3543 τὸ

266 3569 456 3645 αἶσχος
494 3574 661 3646 ὁρῶσι
690 3577 787 3630 καὶ
826 3578 1147 3648 ὁρωμένοις.
1186 3573 1280 3643 Οἷς
1316 3580 1374 3632 δέ
1420 3583 1539 3633 κατ’
1567 3582 1852 3653 ἀμφότερα

267 3665 575 3736 εὐδοκιμεῖν
616 3668 889 3740 ὑπάρχει,
937 3670 1032 3723 καὶ
1073 3667 1213 3724 εἶναι
1248 3672 1607 3741 περιδεξίοις,
1641 3672 1851 3736 τούτοις

268 3758 366 3811 καὶ
400 3757 463 3809 τὸ
490 3754 629 3813 εἶναι
674 3759 786 3829 (25)
833 3761 1082 3826 τελείοις,
1129 3761 1223 3815 καὶ
1260 3761 1524 3832 βιοτεύειν
1573 3763 1711 3835 μετά
1752 3764 1851 3833 τῆς

267 3848 477 3905 ἐκεῖθεν
511 3852 931 3923 μακαριότητος.
961 3854 1138 3925 Ὅπερ
1161 3850 1255 3907 οὖν
1285 3856 1478 3926 ἐκείνῳ
1505 3856 1851 3926 συμϐέϐηκεν

266 3936 327 3994 εὖ
365 3942 553 3996 ποιοῦν
592 3944 705 4013 (24)
743 3944 955 3999 οἴκοθεν
984 3946 1159 4017 ἔχοντι
1208 3948 1309 4017 τῆς
1345 3949 1546 4019 ἀρετῆς
1590 3949 1649 4001 τὸ
1677 3950 1851 4020 παρά-

264 4031 487 4102 δειγμα,
528 4033 664 4103 πρὸς
715 4034 743 4087 ὃ
797 4034 1009 4104 βλέπων
1042 4035 1200 4099 εὐθὺς
1246 4036 1468 4107 ἄριστος
1499 4033 1588 4108 ἦν.
1642 4038 1849 4109 Ὥσπερ

264 4122 393 4185 τοὺς
430 4122 641 4187 πώλους
665 4125 759 4177 καὶ
786 4126 912 4189 τοὺς
944 4126 1176 4196 μόσχους
1219 4125 1455 4197 ὁρῶμεν,
1489 4128 1626 4198 ὁμοῦ
1660 4130 1725 4198 τῇ
1757 4145 1849 4197 γε-

265 4212 412 4265 νέσει
444 4215 567 4278 ταῖς
609 4214 881 4286 μητράσιν
914 4216 1122 4269 ἑαυτῶν
1155 4218 1639 4290 παρασκαίροντας
1660 4236 1673 4250 '
1709 4218 1851 4273 οὕτω

264 4305 361 4361 καὶ
397 4306 559 4369 αὐτὸς
606 4307 687 4377 τῷ
732 4308 901 4380 πατρὶ
942 4308 1232 4377 παραθέων
1273 4310 1503 4379 ἐγγύθεν
1535 4312 1593 4365 ἐν
1628 4311 1850 4382 πωλικῷ

263 4395 345 4467 τῷ
372 4398 711 4470 φρυάγματι,
749 4402 842 4454 καὶ
880 4399 989 4455 τῶν
1027 4402 1212 4473 ἄκρων
1236 4402 1339 4473 τῆς
1370 4404 1572 4473 ἀρετῆς
1592 4404 1848 4475 μκινημά-

1959 3219 2029 3273 bo
2075 3218 2425 3288 complectar,
2465 3232 2561 3287 per
2602 3217 2806 3286 primas
2846 3231 2910 3271 ac
2956 3216 3188 3285 pueriles
3223 3215 3537 3283 disciplinas

1958 3311 2024 3365 ad
2056 3309 2289 3364 futuram
2324 3309 2710 3379 perfectionem
2743 3309 2974 3364 ducitur.
3002 3305 3160 3369 Nam,
3197 3306 3286 3374 qui
3311 3304 3393 3359 vel
3432 3320 3523 3357 so-

1959 3404 2039 3457 los
2073 3417 2272 3467 mores,
2307 3402 2391 3455 vel
2426 3401 2594 3456 solam
2627 3401 2926 3455 doctrinam
2979 3397 3253 3453 consecuti
3283 3406 3431 3459 sunt,
3461 3395 3531 3449 ab

1956 3495 2123 3547 altera
2156 3507 2285 3547 vero
2324 3493 2667 3556 deseruntur,
2694 3492 2727 3545 ii
2750 3492 2876 3545 mihi
2902 3490 3035 3544 nihil
3066 3506 3095 3543 a
3120 3488 3283 3543 luscis
3315 3484 3532 3540 differre

1952 3587 2225 3652 Videntur,
2263 3585 2594 3656 quibuscum
2626 3598 2878 3651 magnum
2911 3581 3289 3637 detrimentum
3304 3581 3392 3645 sit,
3423 3590 3531 3633 tum

1956 3693 2084 3733 vero
2111 3678 2285 3747 major
2326 3678 2625 3748 turpitudo,
2684 3677 2800 3731 sive
2836 3675 2970 3729 alios
3021 3683 3263 3741 cernant,
3305 3674 3419 3728 sive
3464 3672 3532 3725 ab

1953 3768 2074 3822 aliis
2105 3779 2416 3822 cernantur.
2450 3769 2521 3820 At
2549 3766 2744 3835 quibus
2784 3776 3013 3833 utraque
3052 3764 3209 3820 laude
3247 3762 3529 3825 excellere,

1953 3876 2017 3915 ac
2045 3860 2188 3916 velut
2218 3859 2571 3915 ambidextris
2613 3872 2731 3913 esse
2753 3857 2999 3927 contigit,
3036 3857 3088 3911 hi
3119 3856 3372 3909 nimirum
3421 3870 3533 3908 om-

1954 3951 2113 4005 nibus
2161 3950 2402 4005 numeris
2438 3949 2670 4005 absoluti
2704 3956 2850 4015 sunt,
2885 3963 2949 4001 ac
2990 3962 3112 4001 cum
3155 3947 3378 4000 alterius
3406 3944 3531 3998 vita:

1951 4042 2287 4097 beatitudine
2328 4042 2491 4095 vitam
2538 4049 2725 4110 agunt.
2764 4027 3170 4107 Quod-quidem
3205 4036 3301 4101 illi,
3337 4044 3393 4088 ut
3431 4049 3531 4102 par

1951 4141 2089 4195 erat,
2126 4130 2375 4200 contigit,
2408 4132 2605 4199 quippe
2639 4127 2731 4197 qui
2774 4127 3128 4182 domesticum
3162 4125 3383 4179 haberet
3410 4124 3526 4177 vir-

1955 4223 2086 4278 tutis
2110 4223 2410 4292 exemplar,
2441 4223 2493 4276 in
2524 4222 2666 4291 quod
2712 4220 2991 4275 oculorum
3029 4218 3198 4273 aciem
3226 4218 3527 4282 intendens,

1952 4312 2136 4365 statim
2196 4314 2434 4379 optimus
2471 4319 2607 4365 erat.
2655 4309 2723 4364 Et
2771 4308 3219 4378 quemadmodum
3266 4321 3526 4376 equorum

1956 4402 2157 4472 pullos,
2189 4418 2253 4457 ac
2283 4383 2503 4467 vitulos,
2530 4401 2692 4456 simul
2718 4410 2877 4469 atque
2912 4402 2963 4453 in
2992 4400 3161 4454 lucem
3192 4400 3527 4468 prodierunt,

262 4503 395 4551 των,
429 4488 491 4539 οὑ
528 4489 817 4559 παραπολὺ
846 4490 1163 4561 λειπόμενος
1188 4508 1202 4523 ο
1243 4495 1290 4545 εἰ
1324 4492 1504 4562 βούλει
1535 4492 1614 4558 δὲ,
1646 4495 1747 4547 κάν
1774 4498 1839 4566 τῇ

1964 4497 2212 4553 natribus
2261 4497 2374 4552 suis
2424 4495 2688 4551 assultare
2734 4494 3128 4559 videmus;sic
3177 4492 3264 4547 ille
3316 4503 3524 4562 patrem

342 4595 390 4627 ⁹²
408 4595 549 4651 Psal.
581 4614 844 4668 cxxxvnt,
877 4602 964 4655 l6.

338 4748 453 4820 (16)
488 4749 901 4830 Πεποιημένοι.
952 4751 1081 4823 Reg.
1146 4756 1201 4819 d,
1257 4754 1635 4827 ποιησάμενοι,
1686 4764 1743 4811 et
1778 4757 1844 4811 ad

263 4836 441 4885 marg.
469 4831 527 4872 ut
562 4824 612 4873 in
650 4824 735 4873 ed.

340 4891 472 4965 (Π)Δ
498 4890 575 4943 Τὰ
601 4892 727 4944 κατ’
757 4893 972 4965 αὐτόν..
997 4909 1016 4942 ι
1050 4892 1198 4948 Hanc
1223 4895 1379 4963 hujus
1401 4895 1525 4951 vitae
1557 4906 1788 4965 partem,
1821 4916 1839 4949 ι

265 4960 391 5031 quae
438 4960 649 5036 litteras
691 4962 1136 5036 et_er_u_diti_onem_
1184 4960 1409 5033 spectat,
1447 4983 1467 5018 ι
1510 4960 1843 5036 contemple-

267 5030 416 5100 titur.
447 5051 464 5081 ο
502 5030 707 5100 Etenim
741 5032 808 5085 de
834 5032 919 5085 his
939 5032 1026 5100 hic
1058 5030 1251 5100 agitur.

340 5099 455 5175 (λβ)
480 5097 735 5175 ludar.
763 5100 921 5175 quta
958 5097 1219 5175 Nicet'am,
1254 5120 1349 5173 per
1369 5105 1499 5160 illud
1535 5105 1842 5175 figmentum

267 5169 603 5245 intelligitur;
639 5172 927 5245 baptisma,
979 5173 1063 5225 vel
1120 5169 1295 5245 potius
1349 5169 1754 5245 moresfquod
1791 5176 1845 5228 li-

266 5238 546 5312 gmentnm
574 5238 738 5312 D_avid
775 5238 1144 5312 psscxxxym,
1171 5242 1259 5307 l6,
1294 5261 1314 5294 ι
1339 5238 1586 5299 diurnum
1612 5238 1646 5296 ι’
1666 5253 1839 5310 vocat,

268 5309 457 5365 dicens
489 5324 503 5359 :
546 5328 565 5360 ι
597 5309 711 5373 Die,
747 5329 765 5360 ι
799 5311 885 5364 vel
916 5329 934 5360 ι
978 5327 1069 5379 per
1099 5315 1261 5379 diem,
1301 5333 1320 5364 ι
1354 5314 1435 5368 vel
1464 5332 1483 5366 ι
1526 5317 1577 5368 in
1608 5315 1693 5369 die
1736 5309 1844 5367 for-4

268 5380 581 5433 mabuntur.
610 5396 630 5429 ›
661 5379 750 5455 §ic
767 5380 909 5455 enim
935 5381 1214 5455 legendum
1237 5398 1302 5437 ex
1324 5383 1511 5455 Graeco
1529 5395 1696 5455 textu,
1717 5384 1845 5455 ήμέ-

268 5462 604 5521 ραςᾼεῌηοηρί
645 5449 759 5502 dies
790 5448 1184 5521 formabuntur,
1229 5471 1247 5503 ι
1277 5463 1334 5506 ιιι
1360 5454 1412 5506 in
1454 5448 1699 5521 Vulgata.

341 5516 854 5589 (I9)7Kéwavpor.
882 5518 1085 5574 Chiron
1125 5521 1446 5587 Centaurus,
1491 5516 1753 5578 Achillem
1788 5523 1843 5578 in

267 5587 609 5659 disciplinam
653 5597 956 5659 acceptum,
1020 5599 1076 5642 et
1133 5593 1343 5659 equinae
1408 5607 1518 5646 suae
1558 5595 1693 5657 parti
1741 5594 1845 5646 im-

266 5657 525 5725 positum,
545 5656 794 5724 iaculari,
830 5672 893 5711 ac
933 5660 1141 5723 lepores
1173 5656 1227 5714 et
1259 5661 1506 5715 hinnulos
1548 5656 1714 5718 ferire
1744 5663 1841 5717 do-

266 5724 444 5780 Cebat.
482 5725 616 5779 Eum
646 5727 800 5782 lactis
829 5727 967 5793 loco,
994 5743 1275 5784 cervorum
1309 5746 1373 5784 ac
1395 5733 1605 5785 leonum
1636 5733 1840 5787 medul-

268 5794 334 5851 lis
381 5797 686 5865 nutricbat;
747 5797 889 5856 unde
947 5798 1122 5855 dictus
1160 5810 1244 5857 cst
1290 5819 1309 5853 ι
1350 5801 1603 5868 Achilles,
1644 5819 1662 5854 ι
1705 5804 1847 5871 quod

1950 4758 2251 4879 fomtnunis
2301 4763 2354 4811 et
2391 4754 2572 4810 usitati
2611 4754 2737 4819 cibi,
2766 4755 2859 4824 qui
2892 4753 3052 4825 χιλός»
3086 4753 3297 4821 dicitur,
3328 4767 3523 4823 expers

1975 4837 2132 4879 uerit.

1975 4828 2132 4881 uerit.

2014 4896 2127 4966 (20)
2154 4896 2293 4953 Κατ’
2324 4896 2531 4949 αὐτόν.
2586 4893 2677 4966 Sic
2714 4894 2880 4966 llegg.
2910 4894 3019 4966 bm,
3063 4893 3154 4963 ph,
3197 4892 3302 4947 duo
3329 4892 3519 4958 Coisl.,

1944 4964 2035 5021 Or.
2056 4966 2110 5029 2,
2146 4966 2294 5029 Par.,
2318 4975 2425 5021 etc.
2458 4966 2513 5018 In
2536 4965 2646 5028 ed.,
2676 4964 2795 5017 κατ’
2822 4965 3020 5017 αὐτῶν.

2014 5035 2126 5107 (21)
2167 5038 2232 5090 Ἦ
2270 5036 2415 5107 βίον
2450 5035 2660 5107 μόνον.
2712 5035 2869 5090 Deest
2921 5034 3076 5104 μόνον
3128 5033 3179 5086 in
3233 5031 3429 5105 Chrys.
3462 5032 3520 5087 In

1942 5105 2115 5161 Pass.‘
2132 5106 2329 5176 desunt
2364 5106 2398 5176 ή
2423 5116 2476 5176 et
2502 5105 2681 5176 μόνον.

2014 5176 2127 5246 (22)
2167 5173 2397 5230 Δοκεῖνζ
2422 5174 2594 5246 Pass.,
2616 5173 2780 5246 δοκεῖ.

2013 5239 2124 5317 (25)
2163 5246 2407 5317 Τούτοις
2450 5244 2545 5317 καὶ
2600 5243 2663 5296 τὸ
2700 5239 2875 5317 εἶναι,
2914 5251 3016 5317 e_tc.
3049 5261 3067 5293 ι
3111 5241 3209 5317 Qui
3237 5250 3520 5317 utramque

1944 5312 2176 5380 laudem,
2210 5333 2229 5365 ι
2264 5316 2438 5383 inquit
2461 5313 2697 5376 Nicetas,
2735 5335 2751 5363 ι
2787 5313 3046 5366 doctrina:
3073 5312 3280 5383 scilicet
3321 5313 3519 5383 etviue

1944 5394 2027 5439 est
2048 5382 2351 5451 assecutus,
2400 5387 2444 5438 is
2493 5382 2763 5452 perfectus
2799 5392 2902 5452 gest
2942 5396 3070 5452 :Aac
3118 5382 3368 5452 deinceps
3406 5382 3517 5447 jam

1943 5469 2064 5508 cum
2099 5450 2339 5508 alterius
2361 5450 2541 5508 saeculi
2574 5450 2904 5505 beatitudine
2938 5450 3102 5504 vitam
3134 5451 3385 5516 traducit,
3413 5465 3518 5520 qua

1943 5525 2177 5592 puritate
2208 5533 2260 5592 e_t
2290 5521 2741 5592 contemplatione
2772 5520 2953 5592 pollet.
2990 5539 3009 5571 ›

2016 5592 2127 5663 (24)
2166 5589 2254 5646 Εὖ
2309 5584 2543 5646 ποιοῦνῖ.
2582 5590 2651 5663 ΙιιΔ
2694 5584 2984 5657 nonnullis,
3044 5584 3102 5644 εὖ
3160 5592 3355 5654 ποιεῖν,
3404 5599 3514 5663 etc.

1945 5681 1978 5788 ὖ
2015 5660 2239 5716 Virtutis
2268 5663 2543 5733 exemplar
2571 5660 2790 5726 habens,
2820 5676 2924 5732 quo
2954 5663 3098 5718 domi
3129 5663 3385 5732 praeclare
3411 5661 3515 5717 im-

1985 5741 2219 5788 ucrctur.
2252 5750 2271 5783 ι

1985 5741 2219 5789 ucrctur.
2252 5750 2271 5783 ι
