3902 6218
278 3626 293 3636 ς
376 3591 586 3655 stianis,
627 3589 789 3643 etiam
846 3595 970 3640 ante
1018 3586 1206 3640 initum
1262 3585 1667 3649 sacerdotium;

372 292 471 347 5H

1533 292 1592 349 S.
1632 289 1961 348 GREGORII
1999 289 2344 347 THEOI.OGI

3505 294 3613 350 512

370 421 492 458 cum
519 405 718 475 equino
740 413 795 460 et
823 405 1303 475 generosoimpetu
1325 419 1355 460 e
1385 405 1686 476 propinquo
1716 401 1937 458 allecta-

2050 404 2381 475 σκιαγραφίᾳ
2405 404 2467 457 τὸ
2498 404 2684 475 μέλλον
2706 405 2803 475 τῆς
2828 402 3028 474 ἀρετῆς
3054 403 3166 474 (25)
3194 404 3387 471 κάλλος
3413 407 3619 481 ὑποση·

370 498 547 560 batnr,
600 511 700 551 nec
730 511 770 573 ⁵ιι
811 498 1038 551 summis
1082 497 1298 552 virtutis
1355 497 1500 553 illius
1552 494 1937 566 agitationibus

368 587 526 659 l0ngo
574 588 854 643 intervallo
901 589 1166 654 distabat;
1200 599 1313 655 aut,
1360 590 1406 644 si
1460 589 1653 655 mavis,
1721 589 1775 642 in
1822 587 1934 653 ipsa

2045 492 2284 565 μαίνων,
2317 494 2410 546 καὶ
2439 493 2546 565 πρὸ
2581 493 2676 547 τοῦ
2715 493 2907 564 καιροῦ
2940 492 3040 564 τῆς
3083 493 3389 565 ἀκριϐείας,
3414 495 3482 549 τὰ
3511 497 3616 562 ﬁt;

2041 583 2327 655 ἀκριϐείας
2356 585 2880 656 προχαραττόμενος.

370 697 583 750 quoque
648 683 862 738 virtutis
931 683 1363 749 adumbratione,
1412 683 1603 738 futura:
1657 681 1878 737 virtutis
1921 679 2370 751 pulchritudinem
2422 679 2816 744 subindtcabat,
2893 687 3055 749 atque
3098 680 3449 739 accuratioris
3496 683 3621 739 vita:

374 782 531 825 notas
559 784 684 827 ante
705 774 1056 829 accuratioris
1091 774 1214 827 vita:
1246 784 1455 842 tempus
1485 773 1823 844 praeferebat.

452 863 587 917 XIII.
616 863 728 917 Illic
757 878 917 931 porro
950 880 1072 919 cum
1099 866 1232 920 satis
1262 868 1481 921 uberem
1507 866 1806 921 doctrinam
1836 864 1917 918 col

377 953 610 1021 legisset,
641 969 740 1006 nec
762 953 840 1007 rei
864 953 1181 1022 cujusquam
1213 955 1453 1009 honestae
1488 955 1733 1023 ignarum
1772 961 1827 1006 et
1852 966 1946 1006 ex-

381 1055 583 1113 pertem
617 1058 739 1098 eum
776 1059 898 1100 esse
929 1055 1225 1115 oporteret,
1259 1060 1357 1101 nec
1382 1046 1450 1100 ab
1478 1045 1708 1115 apicula,
1731 1059 1852 1114 qua:
1881 1058 1944 1096 ex

376 1136 702 1203 quibuslibet
742 1135 961 1190 ﬂoribus
1007 1136 1293 1191 utilissima
1322 1152 1546 1205 qumque
1572 1136 1829 1206 decerpit,
1865 1134 1953 1203 Ia:

376 1225 505 1280 bore
550 1241 615 1279 ac
661 1226 943 1296 diligentia
986 1225 1250 1297 superari,
1280 1227 1603 1292 Caesaream,
1632 1236 1690 1281 nt
1729 1226 1946 1281 schola-

380 1331 497 1369 rum
536 1314 686 1370 urbis
722 1317 863 1372 illins
897 1319 1165 1387 particeps
1213 1329 1378 1382 esset,
1429 1317 1739 1382 contendit;
1784 1318 1943 1378 hanc,

378 1408 618 1473 inquam,
651 1405 914 1461 illustrem
940 1409 1235 1473 civitatem,
1267 1415 1324 1462 et
1351 1418 1590 1461 nostram
1612 1407 1755 1476 (nam
1796 1421 1945 1460 meo-

377 1513 493 1550 rum
526 1513 738 1567 quoque
782 1501 1081 1553 studiorum
1129 1502 1235 1552 dux
1293 1509 1343 1554 et
1392 1500 1643 1569 magistra
1691 1497 1943 1565 exstitit),

380 1603 485 1641 non
523 1589 699 1642 minus
756 1589 1058 1643 litterarum
1111 1599 1278 1657 atque
1330 1589 1606 1653 doctrinae,
1633 1604 1792 1657 quam
1850 1604 1944 1642 ur-

378 1679 547 1742 bium,
587 1679 750 1749 780
774 1679 968 1748 quibus
996 1681 1252 1749 praecellit
1286 1691 1341 1734 et
1374 1681 1702 1742 dominatur,
1753 1688 1945 1733 metro-

2113 858 2215 911 Il".
2256 857 2405 910 Ἐπεὶ
2425 857 2481 910 δὲ
2512 856 2713 920 ἱκανῶς
2739 852 2853 928 εἶχε
2881 858 2979 929 τῆς
3009 857 3240 911 ἐνταῦθα
3263 846 3619 922 παιδεύσεως,

2041 949 2148 1002 ἔδει
2180 949 2224 1002 δ’
2253 948 2414 1001 αὑτὸν
2448 948 2613 1019 μηδὲν
2657 948 2765 1001 τῶν
2798 949 2975 1001 καλῶν
3013 948 3326 1019 διαφυγεῖν,
3363 950 3497 1020 μηδὲ
3541 950 3623 1021 τῷ

2046 1042 2321 1113 φιλοπόνῳ
2364 1041 2462 1107 τῆς
2496 1040 2758 1112 μελίσσης
2796 1040 3221 1110 ἀπολειφθῆναι,
3257 1041 3622 1112 συλλεγούσης

2051 1136 2114 1186 ἐκ
2143 1132 2343 1194 παντὸς
2375 1131 2569 1194 ἄνθους
2601 1131 2669 1184 τὰ
2707 1129 3128 1202 χρησιμώτατα,
3160 1132 3252 1185 ἐπὶ
3281 1132 3378 1204 τὴν
3409 1134 3625 1187 Καισα-

2047 1224 2184 1297 ρέων
2212 1222 2364 1276 πόλιν
2392 1222 2502 1293 (Q6)
2524 1222 2823 1290 ἐπείγεται,
2849 1223 2955 1277 τῶν
2980 1223 3105 1294 τῇδε
3132 1223 3370 1294 μεθέξων
3399 1224 3627 1277 παιδευ-

2044 1314 2246 1385 τηρίων
2266 1329 2280 1344 ·
2316 1312 2519 1382 ταύτην
2552 1313 2609 1366 δὲ
2651 1312 2796 1382 λέγω
2828 1314 2926 1384 τὴν
2959 1313 3229 1385 περιφανῆ
3259 1332 3320 1367 τε
3351 1314 3444 1368 καὶ
3483 1317 3626 1385 ἡμε-

2041 1404 2206 1475 τέραν
2236 1403 2399 1475 (ἐπεὶ
2436 1403 2531 1457 καὶ
2573 1402 2682 1457 τῶν
2722 1403 2870 1473 ὲμῶν
2896 1405 3069 1472 λόγων
3104 1403 3244 1477 αὕτη
3288 1406 3624 1478 καθηγεμὼν

2043 1497 2137 1549 καὶ
2161 1495 2533 1563 διδάσκαλος),
2561 1494 2661 1566 τὴν
2688 1496 2786 1565 οὐχ
2811 1492 2972 1568 ἦττον
3000 1496 3173 1564 λόγων
3203 1497 3556 1568 μητρόπολιν,
3587 1498 3622 1569 ἢ

2040 1588 2150 1641 τῶν
2173 1587 2381 1641 πόλεων
2409 1579 2484 1639 ὧν
2507 1586 2851 1658 ὑπέρκειται,
2883 1588 2975 1641 καὶ
3004 1588 3126 1641 καθ’
3155 1580 3231 1643 ὧν
3262 1588 3373 1659 ἔχει
3401 1589 3500 1660 τὴν
3530 1590 3626 1642 δυ-

2045 1678 2296 1733 ναστείαν
2317 1693 2331 1709 ·
2368 1679 2435 1749 ἢν
2473 1679 2636 1743 εἴτις
2667 1678 2760 1731 τοῦ
2802 1680 2860 1732 ἐν
2896 1679 3076 1748 λόγοις
3122 1680 3357 1750 κράτους
3390 1682 3623 1734 ἀποστε-

378 1769 575 1837 pnlim;
612 1785 772 1838 quam
824 1771 867 1823 si
912 1772 1033 1839 quis
1086 1772 1344 1825 doctrina:
1385 1770 1557 1840 palma
1612 1770 1943 1838 spoliaverit,

2053 1772 2287 1841 ρήσειεν.
2324 1743 2626 1841 ἀφῃρηκὼς
2667 1769 2817 1823 ἔσται
2852 1743 2983 1824 αὐτό
3025 1771 3084 1824 τὸ
3123 1743 3407 1826 κάλλιστόν
3437 1789 3494 1824 τε
3528 1773 3625 1826 καὶ

380 1875 491 1911 rem
528 1861 765 1913 omnium
803 1862 1221 1930 pulcherrimam
1278 1864 1491 1932 ipsique
1547 1865 1777 1916 maxime
1825 1878 1948 1932 pro-

378 1955 549 2021 priam
584 1955 859 2022 eripuerit.
899 1950 1032 2007 Nam
1066 1969 1186 2007 cum
1220 1955 1336 2007 alire
1377 1954 1624 2007 civitates
1654 1952 1772 2007 aliis
1791 1968 1950 2007 orna-

381 2045 601 2111 tuentis,
641 2043 725 2097 vel
777 2044 1031 2112 antiquis,
1088 2044 1169 2099 vel
1217 2049 1371 2096 novis
1415 2042 1729 2111 glorientur,
1765 2050 1946 2111 prout,

380 2136 593 2203 Opinor.
646 2135 727 2188 vel
768 2135 1031 2196 historiis,
1062 2134 1144 2186 vel
1180 2134 1337 2187 rebus
1367 2133 1683 2202 quibusdam
1712 2133 1948 2187 visendis

378 2235 584 2279 ornata:
620 2234 774 2290 sunt;
806 2224 943 2278 hanc
976 2234 1187 2285 contra,
1228 2232 1285 2276 ut
1330 2239 1477 2276 arma
1534 2223 1614 2277 vel
1661 2222 1948 2292 tragtrdias

382 2326 524 2370 nota:
553 2314 794 2384 quaedam
827 2323 989 2384 atque
1029 2314 1281 2383 insignia,
1320 2315 1398 2369 sic
1446 2315 1742 2368 litterarum
1782 2314 1945 2384 gloria

380 2404 644 2468 nobilitat,
670 2403 1039 2472 illustremque
1073 2403 1269 2457 reddit.
1302 2402 1420 2457 .lam
1464 2419 1584 2473 quae
1630 2412 1946 2474 sequuntur,

378 2496 414 2548 ii
446 2504 734 2563 exponant,
765 2494 855 2561 qui
887 2502 1089 2547 etcum
1137 2496 1276 2562 apud
1306 2510 1365 2549 se
1397 2495 1727 2561 erudierunt,
1756 2502 1811 2550 et
1833 2494 1947 2548 fru-

378 2598 523 2640 ctum
553 2601 618 2639 ex
658 2586 825 2652 ipsius
864 2586 1169 2639 eruditione
1223 2595 1509 2654 ceperunt;
1551 2596 1782 2654 quantus
1803 2587 1948 2640 vitle-

386 2680 511 2732 licet
542 2677 834 2747 magistris,
870 2685 1106 2746 quantus
1130 2677 1422 2745 aequalibus
1453 2687 1613 2743 esset,
1647 2678 1766 2731 illos
1792 2678 1950 2732 nimi-

383 2785 501 2822 rum
539 2782 778 2836 aequans,
818 2768 916 2821 bos
945 2766 1091 2821 omni
1136 2768 1396 2821 doctrinae
1417 2783 1612 2836 genere
1640 2782 1902 2836 superans
1930 2784 1943 2829 ;

378 2872 633 2927 quantam
677 2858 813 2927 apud
844 2873 1031 2913 omnes
1073 2867 1183 2912 tum
1234 2859 1490 2927 plebeios,
1547 2871 1657 2912 tmn
1712 2860 1949 2914 civitatis

377 2953 659 3022 primarius
694 2953 919 3021 gloriam
962 2950 1110 3004 brevi
1160 2958 1402 3018 tempore
1449 2961 1726 3004 assecutus
1755 2950 1944 3015 fuerit;

2053 1861 2365 1915 ἰδικώτατον
2397 1860 2530 1931 (27).
2563 1861 2754 1915 Ἃλλαι
2783 1863 2881 1931 μὲν
2920 1861 3028 1932 γὰρ
3064 1864 3172 1917 τῶν
3198 1864 3404 1917 πόλεων
3442 1863 3624 1928 ἄλλοις

2050 1951 2371 2020 ἀγάλλονται
2397 1952 2862 2022 καλλωπίσμασιν,
2889 1951 2922 2023 ἢ
2948 1952 3213 2018 παλαιοῖς,
3237 1953 3448 2024 ἢνέοις,
3475 1956 3626 2019 ὅπως

2051 2039 2117 2094 ἂν
2143 2037 2320 2110 οἶμαι,
2357 2040 2465 2094 τῶν
2485 2041 2840 2112 διηγημάτων
2865 2041 3081 2113 ἔχωσιν,
3110 2044 3143 2115 ἢ
3179 2044 3286 2099 τῶν
3306 2045 3622 2115 ὁρωμένων·

2048 2135 2112 2202 τῇ
2150 2133 2228 2195 δὲ,
2257 2130 2404 2200 λόγοι
2437 2132 2496 2185 τὸ
2540 2132 2849 2204 γνώρισμα,
2882 2134 3070 2208 ὥσπερ
3114 2138 3172 2190 ὲν
3203 2140 3315 2200 τοῖς
3354 2138 3541 2203 ὅπλοις
3587 2140 3623 2212 ἢ

2049 2224 2159 2284 τοῖς
2189 2221 2427 2293 δράμασι
2468 2221 2538 2274 τὰ
2583 2223 2850 2293 ἐπίσημα.
2885 2223 2967 2277 Τὰ
2996 2224 3052 2276 δὲ
3084 2225 3212 2295 ἑξῆς
3240 2226 3623 2295 αύτοὶδιηγεί-

2051 2313 2297 2378 σθωσαν,
2353 2315 2402 2366 οἱ
2448 2314 2540 2367 καὶ
2585 2315 2967 2380 παιδεύσαντες
3001 2317 3093 2370 τὸν
3124 2319 3290 2390 ἄνδρα
3332 2322 3462 2391 παρ’
3494 2321 3625 2374 ἑαυ-

2048 2408 2177 2467 τοῖς,
2206 2405 2300 2457 καὶ
2327 2405 2424 2476 τῆς
2451 2404 2785 2470 παιδεύσεως
2810 2406 3214 2472 ἀπολαύσαντες
3234 2427 3246 2440 ·
3276 2412 3399 2473 ὂσος
3427 2410 3525 2481 μὲν
3554 2406 3627 2482 ἦν

2049 2495 2407 2561 διδασκάλοις,
2438 2498 2563 2561 ὅσος
2587 2497 2642 2550 δὲ
2661 2496 2823 2566 ἥλιξι,
2854 2501 2964 2563 τοῖς
2991 2500 3089 2569 μὲν
3110 2503 3625 2574 παρεκτεινὸμενος,

2049 2588 2173 2650 τοὺς
2198 2587 2253 2640 δὲ
2280 2588 2592 2658 ὑπεραίρων
2619 2588 2761 2642 κατά
2790 2591 2898 2642 πᾶν
2924 2587 3062 2654 εἶδος
3091 2591 3429 2657 παιδεύσεως
3451 2611 3465 2624 ·
3498 2595 3625 2648 ὅσον

2050 2676 2205 2741 κλέος
2240 2677 2389 2740 ἐντὸς
2410 2677 2588 2746 ὀλίγου
2624 2678 2816 2748 χρόνου
2841 2679 2990 2750 παρά
3019 2682 3182 2734 πᾶσιν
3206 2683 3493 2752 ἠνέγκατο,
3530 2685 3627 2738 καὶ

2048 2772 2159 2832 τοῖς
2192 2772 2255 2822 ἐκ
2293 2769 2386 2823 τοῦ
2423 2770 2630 2841 δήμου,
2671 2772 2763 2823 καὶ
2805 2773 2916 2835 τοῖς
2960 2772 3197 2842 πρώτοις
3239 2773 3340 2843 τῆς
3376 2774 3622 2837 πόλεως·

2053 2860 2223 2930 μείζω
2266 2861 2363 2930 μὲν
2388 2861 2487 2931 τῆς
2524 2860 2734 2932 ἡλικίας
2779 2862 2874 2933 τὴν
2905 2863 3206 2926 παίδευσιν,
3240 2863 3411 2935 μείζω
3438 2865 3494 2919 δὲ
3523 2863 3629 2935 τῆς

2051 2951 2384 3014 παιδεύσεως
2431 2951 2531 3023 τὴν
2585 2951 2677 3005 τοῦ
2723 2953 2886 3023 ἤθους
2935 2955 3097 3025 πῆξιν
3144 2955 3626 3027 ἐπιδεικνύμενος·

377 3044 637 3113 majorem
674 3043 888 3112 quidem
923 3054 1084 3109 quam
1121 3041 1209 3094 illa
1244 3050 1376 3094 tetas
1429 3040 1658 3103 ferebat,
1685 3041 1944 3095 eruditio-

2053 3044 2233 3115 ῥήτωρ
2254 3045 2311 3095 ὲν
2343 3044 2589 3114 ῥήτορσι,
2622 3044 2718 3097 καὶ
2746 3045 2851 3116 πρὸ
2877 3046 2985 3098 τῶν
3013 3047 3122 3117 (28)
3150 3048 3479 3117 σοφιστικῶν
3509 3048 3632 3120 θρό-

378 3150 523 3197 nem,
560 3132 814 3201 majorem
872 3148 1058 3187 rursus
1089 3132 1392 3185 entditione
1439 3146 1644 3183 morum
1697 3139 1947 3184 constan-

376 3231 503 3279 tiam
531 3234 586 3280 et
622 3226 939 3295 gravitatem
1004 3223 1326 3286 ostendens;
1367 3222 1551 3276 rhetor
1597 3224 1732 3277 inter
1775 3224 1943 3277 rheto-

378 3333 487 3376 res.
523 3318 686 3371 etiam
751 3324 876 3370 ante
926 3315 1273 3383 sophisticam
1322 3314 1650 3380 exhedram;
1711 3315 1947 3385 philoso-

377 3408 513 3477 phus
551 3411 690 3461 inter
746 3407 1110 3476 philo~=ophos,
1172 3405 1334 3459 etiam
1408 3413 1532 3457 ante
1588 3404 1943 3472 philosophiae

378 3508 593 3553 decreta
628 3516 643 3554 :
678 3508 754 3561 el,
795 3498 938 3566 quod
998 3495 1295 3549 maximum
1346 3504 1448 3557 est,
1486 3497 1739 3547 sacerdos
1792 3495 1950 3547 (Jbri-

1741 3593 1948 3638 tantum

377 3680 473 3746 ipsi
528 3695 717 3732 omnes
772 3678 825 3730 in
882 3676 1131 3730 omnibus
1180 3677 1339 3728 rebus
1384 3675 1771 3728 concedebant.
1843 3672 1945 3741 Ipsi

378 3783 536 3835 porro
565 3766 883 3835 eloquentiae
928 3764 1184 3825 studium,
1220 3762 1546 3816 accessionis
1576 3763 1854 3825 duntaxat,
1889 3778 1952 3817 ac

376 3859 524 3912 velut
573 3856 842 3911 corollarii
896 3855 1174 3923 cujusdam
1224 3853 1488 3906 rationem
1548 3852 1801 3917 habebat,
1850 3855 1950 3909 hoc

377 3958 582 4002 tantum
616 3948 825 4003 scilicet
848 3963 913 4001 ex
947 3948 1060 4015 ipsa
1086 3944 1292 3999 fructus
1334 3944 1669 4011 decerpenti,’
1688 3954 1948 4013 quantum

375 4040 584 4104 auxilii,
619 4048 677 4094 ut
706 4054 767 4094 ea
821 4040 886 4093 ad
946 4044 1185 4091 nostram
1229 4034 1624 4115 pbilosepbiam
1671 4045 1949 4102 uteretur;

376 4132 807 4200 quandoquidem
848 4129 914 4184 ad
956 4128 1273 4199 explicanda
1303 4126 1466 4179 animi
1491 4118 1647 4200 se'nsa
1680 4128 1845 4194 ipsius
1874 4129 1952 4183 vis

2050 3154 2155 3188 νων
2175 3152 2191 3166 ·
2222 3135 2504 3204 φιλόσοφος
2531 3138 2588 3188 ὲν
2615 3135 2941 3206 φιλοσόφοις,
2983 3139 3075 3192 καὶ
3106 3139 3211 3211 πρὸ
3240 3139 3347 3191 τῶν
3389 3143 3448 3194 ὲν
3476 3141 3632 3210 φιλο-

2053 3227 2211 3298 σοφία
2248 3226 2561 3295 δογμάτων·
2605 3226 2666 3280 τό
2716 3230 2990 3298 μέγιστον,
3030 3232 3208 3303 ἱερεὺς
3241 3233 3629 3302 Χριστιανοῖς,

2042 3318 2136 3371 καὶ
2166 3315 2269 3387 πρὸ
2295 3316 2393 3386 τῆς
2430 3316 2763 3387 ἱερωσύνης·
2801 3319 3053 3371 τοσοῦτον
3087 3316 3153 3391 ἦν
3182 3320 3330 3390 αύτῷ
3367 3322 3429 3375 τὸ
3471 3323 3629 3394 παρὰ

2045 3408 2264 3461 πάντων
2301 3409 2723 3480 συγκεχωρηκὸς
2767 3412 2826 3463 ὲν
2865 3412 3084 3467 ἅπασιν.
3121 3413 3209 3485 Τῷ
3252 3414 3309 3467 δὲ
3341 3415 3488 3483 λόγοι
3526 3416 3633 3486 μὲν

2042 3499 2103 3551 τὸ
2146 3499 2428 3570 πάρεργον
2469 3496 2630 3569 ἦσαν,
2680 3502 2935 3556 τοσοῦτον
2976 3504 3034 3569 ἐξ
3071 3506 3251 3559 αὐτῶν
3284 3506 3628 3579 δρεπομένῳ,

2047 3590 2171 3641 ὅσον
2212 3591 2293 3652 εἰς
2324 3591 2422 3661 τὴν
2450 3591 2571 3643 καθ’
2602 3594 2633 3662 ἡ
2645 3595 2751 3663 μᾶς
2782 3594 3096 3664 φιλοσοφίαν
3138 3601 3431 3669 συνεργοὺς
3457 3599 3628 3670 ἔχειν·

2049 3678 2233 3748 ἐπειδὴ
2256 3679 2451 3733 δεῖκαὶ
2473 3682 2570 3752 τῆς
2595 3683 2652 3735 ἐν
2678 3683 2888 3747 τούτοις
2920 3684 3200 3755 δυνάμεως
3230 3688 3365 3756 πρὸς
3392 3688 3488 3759 τὴν
3516 3688 3633 3742 τῶν

2049 3768 2356 3838 νοουμένων
2397 3770 2662 3841 δήλωσιν·
2714 3773 2917 3844 κίνημα
2972 3775 3079 3846 γὰρ
3141 3776 3463 3846 ναρκὼντων
3512 3778 3630 3849 (29)

2048 3860 2187 3913 ἐστὶ.
2219 3860 2343 3923 νοῦς
2373 3862 2751 3934 ἀνεκλάλητος.
2787 3867 3073 3936 Φιλοσοφία
3100 3867 3215 3939 δὲή
3254 3869 3452 3938 σπουδὴ
3486 3869 3628 3942 (30),

2048 3951 2140 4001 καὶ
2172 3950 2233 4003 τὸ
2277 3953 2507 4023 ῥαγῆναι
2538 3956 2763 4027 κόσμου,
2794 3960 2886 4011 καὶ
2917 3960 3053 4027 μετά
3074 3959 3208 4013 Θεοῦ
3236 3961 3485 4030 γενέσθαι
3514 3965 3632 4025 τοῖς

2047 4040 2198 4092 κάτω
2228 4040 2296 4094 τὰ
2335 4041 2447 4095 ἄνω
2492 4049 3034 4117 πραγματευόμενον,
3078 4049 3173 4102 καὶ
3217 4052 3328 4113 τοῖς
3372 4052 3631 4116 ἀστάτοις

2048 4133 2141 4184 καὶ
2165 4131 2348 4203 ῥέουσι
2368 4134 2437 4188 τὰ
2453 4136 2663 4189 ἑστῶτα
2686 4139 2778 4191 καὶ
2801 4140 3029 4209 μένοντα
3053 4142 3467 4213 κατακτώμενον
3488 4145 3625 4214 (51).

375 4244 439 4283 ac
503 4228 729 4284 facultas
770 4225 1082 4296 requiritur.
1132 4220 1284 4278 Mens
1322 4221 1488 4288 enim,
1529 4198 1649 4289 q‘uaa
1690 4221 1765 4283 id.
1810 4222 1953 4291 quod
1990 4226 2172 4292 sentit,
2236 4230 2414 4283 verbis
2485 4233 2789 4300 exprimere
2834 4234 3035 4301 nequit,
3088 4233 3363 4289 bomintnn
3412 4245 3633 4305 torpore

375 4319 736 4374 laborantium
784 4318 1015 4373 incessui
1062 4317 1476 4386 haudquaquam
1525 4316 1800 4371 dissimilis
1833 4325 1933 4372 est.
1973 4318 2042 4371 At
2076 4335 2201 4373 vero
2237 4322 2435 4376 serium
2511 4334 2566 4378 et
2639 4326 2964 4394 praecipuum
3015 4326 3158 4381 illius
3202 4328 3437 4384 studium
3475 4330 3631 4385 ineo

374 4419 712 4482 versabatur,
742 4426 798 4471 ut
830 4434 972 4473 verte
1019 4415 1374 4485 philosopbia'.
1434 4430 1653 4484 operam
1728 4415 1901 4478 daret,
1969 4430 2197 4485 seseque
2257 4434 2286 4472 a
2344 4421 2527 4473 mundi
2594 4422 2914 4491 contagione
2976 4422 3359 4490 abrumperet,
3408 4421 3629 4491 Deoque

375 4509 707 4576 adiungeret,
746 4524 809 4563 ac
842 4524 937 4579 per
985 4519 1220 4577 terrena,
1264 4525 1455 4581 supera
1504 4511 1821 4575 lucraretur,
1875 4520 1929 4565 et
1965 4526 2062 4581 per
2130 4512 2266 4567 ﬂuxa
2335 4526 2392 4570 et
2429 4515 2658 4586 fragilia,
2686 4531 2776 4584 ea,
2815 4531 2934 4586 qua:
2970 4516 3121 4570 Iirma
3164 4526 3218 4571 et
3251 4529 3447 4572 aeterna
3480 4529 3622 4589 sunt,

372 4613 732 4674 compararet.

447 4782 557 4860 (εὶ-εἰ)
609 4781 723 4860 [ἧς
752 4783 991 4860 ἀρετῆς·
1022 4785 1326 4860 Pass-.533;
1361 4789 1592 4860 emis.
1623 4806 1642 4838 ι
1677 4786 1879 4860 fortem.
1919 4808 1939 4841 ι

2101 4789 2233 4860 {27)
2276 4787 2657 4860 Ἰδικὼτατον.
2690 4786 2823 4860 Reg.
2854 4788 2886 4840 d
2920 4797 2975 4860 et
3010 4785 3176 4860 Or.72
3205 4788 3272 4860 ad
3301 4803 3493 4860 marg.,
3530 4789 3628 4843 ἰδι-

443 4852 579 4928 (Ξϐλ
602 4852 950 4928 Καισαρέων
974 4855 1173 4928 πόλιν.
1211 4852 1394 4928 Billius
1426 4852 1490 4911 ad
1525 4852 1691 4928 Marg.
1721 4878 1741 4909 ι
1768 4859 1944 4914 Caesa-

2051 4852 2291 4913 αίτατον.
2323 4858 2535 4913 Nicetes
2566 4860 2707 4912 hunc
2733 4852 2903 4911 locum
2930 4859 3006 4911 sic
3032 4859 3160 4928 legit
3186 4875 3199 4910 :
3227 4858 3378 4911 ἔσται
3402 4852 3627 4914 eam-

373 4938 518 4998 reatu
550 4924 845 4998 Palaestina:
877 4925 1146 4998 intelligit.
1179 4945 1198 4977 ι
1244 4926 1579 4998 Ιηειιηιᾱειη
1623 4924 1942 4983 sententiam

2050 4928 2225 4982 λιστον
2257 4928 2430 4998 αὐτῆς
2464 4945 2525 4980 τε
2550 4928 2650 4998 και
2670 4928 2974 4981 ίδιαίτατον.

310 5018 315 5025 -
374 4993 599 5067 inclinat
620 4993 1012 5067 Tillemontitts.
1044 4996 1250 5067 iVerurm
1282 4996 1496 5052 Nicetas
1519 4999 1716 5066 aliique
1744 4999 1936 5052 eruditi
2119 5000 2230 5067 (ἓὸ)
2266 4993 2396 5052 Καὶ’
2422 4998 2535 5064 πρὸ
2586 4996 2726 5062 τῶν,
2755 5008 2857 5053 etc.
2907 5000 3056 5050 Sam.
3097 4997 3257 5052 Petit.
3294 4996 3499 5054 Miscel.
3528 4999 3620 5054 lib.

376 5062 731 5140 ¢_C:e.<aream
756 5063 1104 5140 Cappadocia:
1134 5083 1151 5114 ι
1185 5066 1509 5140 intelligunt.
1543 5062 1648 5121 Pro
1670 5068 1794 5140 _ista
1822 5068 1939 5140 opif

2050 5062 2221 5140 tvfgc.’
2259 5074 2308 5133 I,
2347 5083 2399 5134 ι).
2442 5062 2530 5130 I0,
2565 5070 2645 5140 sic
2696 5069 2863 5140 legit;
2905 5068 3116 5140 Ῥήτωρ
3149 5069 3207 5120 ὲν
3249 5070 3496 5140 ῥήτορσι,
3530 5072 3622 5123 καὶ

374 5132 534 5210 nioue
575 5143 814 5210 pugnant
864 5134 1026 5210 etiam
1074 5132 1623 5210 novissimiqoperum
1666 5132 1941 5210 S._Basilii

2050 5138 2279 5209 πρώτων
2304 5132 2651 5210 σοφιστικῶν
2699 5139 2932 5210 θρόνων·
2974 5132 3260 5210 φιλόσοφος
3305 5132 3362 5191 ἒν
3388 5132 3626 5210 ’φιλοσό-

2046 5206 2187 5276 φοις,
2231 5209 2327 5261 καὶ
2365 5206 2596 5279 πρώτων
2638 5209 2696 5259 ὲν
2735 5206 3023 5277 φιλοσοφίᾳ
3065 5206 3384 5279 δογμάτων·
3436 5210 3499 5262 τὸ
3531 5209 3626 5279 μέ-

2044 5295 2253 5347 γιστον,
2309 5276 2483 5348 ἱερεὺς
2526 5279 2584 5331 ὲν
2612 5279 2975 5349 Χριστιανοῖς,
3001 5276 3109 5331 καὶ
3144 5279 3363 5347 πρώτης
3394 5276 3625 5350 ἱερωσύ-

2048 5366 2165 5419 νης.

2119 5419 2230 5483 (29)
2266 5416 2651 5485 Ναρκώντων.
2685 5415 2773 5472 Sic
2799 5416 2961 5472 Coisl.
2988 5416 3042 5480 2,
3071 5415 3270 5481 Nicet.,
3303 5416 3448 5484 Bas.,
3471 5417 3624 5473 Com-

2048 5489 2155 5543 bcf.
2190 5490 2243 5542 In
2272 5490 2381 5548 ἐξά..
2416 5487 2741 5558 ναρκόντων.

2122 5560 2233 5629 (50)
2270 5556 2535 5629 Σπουδῆ.
2568 5556 2989 5629 Νἰοθιηᾲάρετή,
3028 5558 3265 5629 cvirtus.
3290 5576 3310 5608 ι

2123 5625 2235 5699 (51)
2261 5627 2740 5698 Κατακτώμενρν.
2773 5625 2943 5693 Pass,
2959 5625 3267 5697 κτώμενον.

372 5203 632 5275 editores,
659 5216 722 5275 ac
757 5202 999 5275 pluribus
1031 5213 1085 5257 et
1107 5202 1793 5275 Iirmissimisargumentis
1814 5221 1940 5274 pro-

375 5270 523 5333 bant,
558 5270 808 5324 Basilium
849 5280 903 5326 et
926 5272 1267 5340 Gregorium,
1296 5270 1595 5330 studiorum
1623 5270 1939 5341 causafpri-

372 5356 517 5411 gnum
551 5360 570 5392 ι
604 5340 902 5395 (Σωεεῐθδηι
938 5341 1287 5411 Cappadociae
1320 5364 1338 5397 ι
1384 5346 1683 5400 advenisse.
1718 5340 1938 5409 Deinde,

365 5407 518 5482 juxta
540 5407 1040 5482 eosdemeditores,
1067 5412 1293 5467 Basilius
1320 5435 1341 5466 ‹
1373 5415 1891 5482 Consmntinopolim
1916 5407 1933 5465 ὁ

374 5480 627 5551 mittitur,
664 5490 731 5551 et
754 5481 1044 5551 Gregorius
1081 5502 1099 5534 ι
1142 5482 1440 5538 Czesaream
1487 5480 1816 5547 Palmstintc,
1872 5487 1940 5539 ob

371 5549 782 5621 grtis‘orat‘oriée
810 5549 1070 5616 amorem,
1108 5572 1127 5603 ι
1163 5554 1355 5621 ntipse
1377 5553 1629 5618 loquitur,
1656 5568 1735 5607 or.
1762 5569 1856 5617 vn,
1884 5570 1939 5607 η.

371 5615 427 5669 6.
460 5614 594 5672 Vide
627 5617 813 5673 Basilii
842 5623 1018 5682 vitam.
1044 5614 1130 5677 etl.
1163 5614 1281 5679 Par:
1306 5640 1391 5677 an.
1424 5614 1581 5685 I750,
1612 5614 1739 5678 tom.
1765 5614 1852 5681 Ill.
1884 5641 1936 5676 It.

371 5699 447 5752 vt,
463 5703 579 5759 pag.
592 5687 682 5757 40,
698 5691 782 5744 ubi
796 5693 1016 5761 qumstio
1031 5694 1143 5748 haec
1165 5694 1362 5763 optime
1377 5702 1699 5764 pertractata
1714 5697 1946 5750 videtur.
