3902 6218
264 226 378 283 515

1085 219 1348 277 ORATIO
1389 218 1574 274 XLIII.
1616 249 1685 258 —
1721 217 1788 272 IN
1830 216 2115 274 LAUDEM
2155 196 2676 293 BASILII'MAGNI.

3424 224 3530 281 5M

345 337 444 392 ΞΝ.
487 334 765 390 Ἐντεῦθεν
798 337 892 388 επὶ
925 333 986 386 τὸ
1014 333 1339 396 Βυζάντιον,
1370 333 1471 401 τὴν
1512 329 1849 402 προκαθεζο-
1882 354 1893 389 λ

2023 329 2163 384 τιν.
2196 329 2329 382 lIiuc
2354 327 2698 399 Byzantimn,
2725 329 2907 382 urbem
2938 331 3102 384 totius
3130 330 3367 387 Orientis
3393 337 3510 404 prin

273 425 452 497 μένην
477 424 577 494 τῆς
598 422 774 493 Ἑῴας
803 422 954 475 πόλιν
973 421 1088 495 (καὶ
1120 422 1230 492 γὰρ
1262 420 1545 492 ηὐδοκίμει
1583 419 1851 488 σοφιστῶν

264 532 334 568 τε
383 516 477 570 καὶ
525 514 829 584 φιλοσόφων
871 516 983 576 τοῖς
1026 513 1401 576 τελεωτάτοις,
1448 504 1522 564 ὧν
1569 513 1627 565 ὲν
1664 510 1855 581 βραχεῖ

268 613 455 677 χρονῳ
482 604 551 658 τὰ
592 605 858 676 κράτιστα
899 603 1217 668 συνελέξατο
1248 602 1402 673 τάχει
1446 618 1505 655 τε
1546 603 1641 655 καὶ
1694 600 1856 671 μεγέ-

270 694 363 750 θει
394 694 505 766 (52)
537 692 771 764 φύσεως)
788 709 804 725 ⁶
827 693 1096 757 ἐντεῦθεν,
1129 695 1222 745 ἐπὶ
1248 691 1308 745 τὸ
1333 690 1440 744 τῶν
1462 690 1634 759 λόγων
1662 689 1856 759 ἔδαφος

270 784 380 848 τὰς
418 783 648 851 Ἀθήνας
673 782 779 836 ὐπὸ
807 781 902 835 τοῦ
932 781 1069 835 Θεοῦ
1096 781 1406 852 πέμπεται,
1437 779 1530 833 κα)⁹
1558 780 1657 849 τῆς
1684 778 1857 849 καλῆς

275 876 412 945 περὶ
441 875 547 946 τὴν
574 873 855 928 παίδευσιν
886 872 1190 944 ἀπληστίας
1207 888 1221 902 ο
1266 871 1496 944 Ἀθήνας
1523 870 1623 934 τὰς
1650 871 1857 942 χρυσᾶς

274 968 452 1030 ὅντως
489 966 633 1038 ἐμοὶ,
673 964 903 1019 καὶτῶν
950 963 1130 1019 καλῶν
1164 962 1480 1036 προξένους,
1528 961 1686 1033 εἴπερ
1728 962 1853 1014 τινί.

289 1056 529 1109 Ἐκεῖναι
568 1053 679 1126 γάρ
731 1070 819 1124 μοι
855 1052 946 1106 τὸν
994 1052 1161 1123 ἄνδρα
1200 1051 1392 1105 τοῦτον
1435 1049 1738 1122 ἐγνώρισαν
1771 1067 1861 1103 τε-

274 1145 565 1217 λεώτερον,
590 1145 710 1199 οὐδὲ
745 1145 876 1217 πρὶν
903 1142 1267 1213 ἀγνοούμενον
1291 1159 1305 1174 ·
1332 1142 1427 1196 καὶ
1447 1141 1639 1210 λόγους
1665 1141 1859 1210 ἐπιζη-

274 1237 410 1301 τῶν,
465 1235 810 1307 εὐδαιμονίαν
849 1235 1224 1305 ἐκομισάμην·
1273 1234 1370 1288 καὶ
1422 1233 1620 1305 τρόπον
1676 1232 1860 1303 ἕτερον

278 1326 451 1380 ταυτὸ
488 1327 599 1398 (53)
630 1325 876 1380 πέπονθα
907 1326 985 1395 τῷ
1024 1326 1218 1390 Σαοὺλ,
1251 1325 1311 1389 ὃς
1336 1323 1438 1388 τὰς
1465 1324 1617 1387 ὅνους
1639 1322 1734 1377 τοῦ
1760 1340 1863 1378 πα-

280 1419 413 1490 τρὸς
460 1417 768 1489 ἐπιζητῶν,
810 1416 1087 1487 βασιλείαν
1130 1416 1329 1488 εὐρατο
1374 1415 1512 1487 (54),
1546 1416 1729 1487 μεῖζον
1767 1414 1861 1468 τοῦ

283 1512 451 1582 ἔργου
468 1509 530 1562 τὸ
556 1513 829 1581 πάρεργον
855 1507 1358 1580 ἐμπορευσάμενος.
1387 1507 1461 1560 Τὸ
1490 1507 1586 1578 μὲν
1612 1506 1676 1578 δὴ
1703 1506 1863 1577 μέχρι

1955 423 2190 489 cipatum
2222 430 2519 482 tenentem,
2546 422 2689 475 venit
2719 420 3214 490 (excellentissimis
3237 425 3379 477 enim
3408 441 3532 479 οταν

1958 512 2159 567 toribus
2188 512 2624 581 philosophisque
2642 512 2889 579 ﬂorebat,
2928 528 3157 583 quorum
3206 516 3353 569 brevi
3389 517 3529 584 opti-

1956 617 2039 656 ma
2077 617 2305 672 quaeque
2336 601 2533 672 ingenii
2563 603 2846 656 celeritate
2871 617 2935 657 ac
2976 605 3346 673 magnitudine
3372 606 3533 661 colle-

1956 692 2085 761 git);
2126 700 2288 760 atque
2334 691 2458 744 inde
2497 691 2757 754 Athenas,
2809 693 2910 746 hoc
2960 703 3064 755 est,
3107 694 3408 750 litterarum
3445 714 3534 751 se-

1956 785 2076 838 dem
2112 798 2175 838 ac
2200 783 2549 850 domicilium,
2582 798 2610 836 a
2663 784 2795 848 Deo,
2832 794 2992 854 atque
3038 785 3341 857 inexplebili
3373 790 3533 843 simul

1958 884 2013 928 et
2034 872 2290 943 praeclara
2321 871 2583 927 doctrinae
2636 873 2930 942 cupiditate
2966 875 3233 942 mittitur;
3266 878 3530 943 Athenas,

1960 967 2200 1033 inquam,
2227 965 2359 1018 mihi
2400 979 2526 1019 vere
2561 979 2756 1019 aureas
2815 979 2901 1029 ac,
2926 966 2971 1020 si
3005 969 3253 1035 cuiquam
3296 969 3411 1034 alii,
3442 973 3536 1024 bo-

1961 1071 2150 1110 norum
2174 1056 2595 1126 prccuratrices.
2627 1054 2760 1109 Nam
2801 1056 2905 1109 illa:
2933 1058 3069 1126 mihi
3102 1059 3396 1125 hominem,
3431 1078 3535 1115 non

1961 1144 2110 1198 illum
2145 1144 2359 1215 quidem
2390 1157 2516 1199 ante
2566 1144 2953 1214 ignotum,-sed
2985 1156 3159 1202 tamen
3190 1149 3399 1218 plenius
3442 1167 3537 1206 no-

1962 1236 2218 1289 scendum
2271 1237 2617 1305 prmbuerunt
2666 1251 2680 1289 :
2734 1250 2795 1295 ac
2848 1236 3147 1292 doctrinam
3212 1242 3538 1309 exquirens,

1963 1325 2349 1380 beatitudinem
2404 1328 2608 1394 reperi;
2652 1329 2896 1398 mihique
2942 1329 3142 1399 dispari
3184 1335 3341 1387 modo
3389 1334 3529 1389 idem

1963 1418 2105 1487 quod
2158 1416 2305 1471 Sauli
2368 1418 2526 1488 78]
2561 1419 2779 1483 accidit,
2820 1420 2909 1490 qni
2945 1423 3113 1489 patris
3159 1424 3340 1479 asinas
3392 1441 3540 1496 qua!-

1965 1520 2110 1568 rcns,
2144 1520 2369 1571 regnum
2404 1507 2698 1571 invenit”,
2728 1508 2955 1578 plusque
3017 1511 3068 1564 in
3115 1527 3176 1566 ea
3239 1529 3314 1578 re,
3368 1532 3532 1586 quam

282 1603 490 1655 τούτων
519 1601 631 1670 (55)
684 1600 946 1673 εὐδρομος
996 1601 1128 1671 ἡμῖν
1164 1598 1275 1671 (56)
1327 1600 1355 1652 ὁ
1398 1597 1591 1666 λόγος,
1645 1596 1739 1649 καὶ
1778 1594 1865 1648 διὰ

1974 1595 2141 1648 obiter
2167 1597 2380 1666 agebat,
2410 1611 2570 1665 quam
2598 1597 2650 1650 in
2678 1613 2761 1662 ea,
2793 1615 2914 1668 quae
2967 1603 3235 1671 praecipue
3269 1606 3369 1675 ipsi
3396 1590 3540 1662 cura:

283 1694 435 1757 λείας
470 1693 571 1762 τῆς
607 1692 727 1746 ὁδοῦ
753 1691 961 1762 φέρων,
999 1691 1093 1743 καὶ
1119 1690 1259 1758 ἄγαν
1285 1687 1551 1759 εὐπόρου,
1590 1687 1683 1740 καὶ
1717 1684 1867 1755 βασι-

1974 1696 2108 1749 erat,
2134 1685 2416 1740 lucrifecit.
2447 1685 2565 1740 Jam
2602 1689 2755 1743 nobis
2801 1691 3015 1759 quidem
3065 1694 3323 1750 hactenus
3359 1697 3538 1767 plana,

283 1783 447 1854 λικῆς
478 1783 647 1846 ὅντως
678 1781 794 1859 τῶν.
820 1780 914 1835 τοῦ
950 1778 1063 1852 (57)
1100 1778 1292 1850 ἀνδρὸς
1342 1775 1634 1847 ἐγκωμίων
1654 1793 1669 1807 ο
1718 1774 1780 1827 τὸ
1820 1772 1866 1825 δ’

283 1875 561 1940 ἐντεῦθεν,
598 1876 697 1927 οὐκ
730 1868 826 1927 οἷδ’
866 1873 895 1927 ὃ
930 1889 983 1925 τι
1010 1869 1089 1942 τῷ
1125 1869 1268 1940 λόγῳ
1306 1869 1620 1940 χρήσωμαι,
1655 1865 1748 1920 καὶ
1778 1865 1870 1916 ποῖ

284 1967 586 2038 τράπωμαι
612 1964 747 2037 (58)·
779 1964 891 2034 εχει
918 1963 1026 2033 γάρ
1052 1978 1105 2015 τι
1132 1960 1227 2014 καὶ
1255 1959 1555 2030 πρόσαντες
1578 1959 1707 2029 ἡμῖν
1730 1959 1759 2009 ὁ
1782 1954 1870 2007 λό-

286 2077 404 2128 γος.
434 2057 592 2113 Ποθῶ
624 2057 720 2128 μὲν
744 2057 853 2127 γὰρ
873 2054 1105 2109 ἐνταῦθα
1129 2050 1229 2106 τοῦ
1255 2052 1416 2120 λόγου
1436 2051 1747 2121 γενόμενος,
1775 2047 1871 2102 καὶ

286 2151 385 2205 τοῦ
425 2148 618 2222 καιροῦ
644 2148 834 2202 τούτου
863 2147 1179 2217 λαϐόμενος,
1217 2144 1312 2197 καὶ
1346 2141 1454 2197 τῶν
1489 2144 1607 2195 κατ’
1637 2140 1872 2212 ἐμαυτόν

288 2262 342 2298 τι
369 2242 682 2317 προσθεῖναι
702 2243 814 2306 τοῖς
838 2239 1170 2311 εἰρημένοις,
1196 2237 1289 2290 καὶ
1321 2234 1514 2305 μικρόν
1534 2250 1587 2286 τι
1614 2232 1872 2304 προσδια-

288 2336 483 2411 τρῖψαι
521 2335 601 2408 τῷ
642 2335 975 2405 διηγήματι,
1012 2331 1142 2385 ὅθεν
1165 2345 1225 2382 τε
1271 2329 1366 2382 καὶ
1399 2328 1546 2390 ὅπως
1578 2327 1730 2397 ήμῖν,
1766 2326 1873 2378 κάκ

290 2427 436 2491 τίνος
462 2426 564 2496 τῆς
591 2425 766 2497 ἀρχῆς
796 2422 1026 2491 συνέστη
1059 2420 1122 2474 τὸ
1150 2420 1249 2489 τῆς
1274 2417 1456 2488 φιλίας
1474 2455 1490 2480 ,
1520 2414 1696 2468 εἵτουν
1731 2430 1873 2485 συμ-

292 2521 486 2583 πνοίας
510 2520 617 2574 καὶ⁹
636 2517 934 2588 συμφυΐας,
965 2516 1014 2567 εἰ
1044 2513 1152 2585 χρὴ
1182 2510 1498 2583 προσειπεῖν
1525 2506 1869 2578 οἰκειότερον.

290 2611 444 2666 Φιλεῖ
468 2609 577 2681 γὰρ
607 2607 731 2662 οὐτε
758 2607 881 2677 ὄψις
921 2604 1119 2677 ῥᾳδίως
1148 2603 1449 2673 ἀναχωρεῖν
1486 2599 1594 2653 τῶν
1625 2597 1874 2669 τερπνῶν

293 2700 607 2773 θεαμάτων,
634 2698 737 2753 κᾶν
757 2697 967 2769 ἀφέλκῃ
989 2713 1073 2759 τις
1104 2694 1215 2765 βίᾳ,
1244 2692 1377 2760 πρὸς
1408 2688 1547 2745 αὐτὰ
1572 2688 1682 2761 (59)
1714 2689 1876 2742 πάλιν

296 2791 593 2866 φέρεσθαι·
628 2789 750 2844 οὔτε
779 2789 934 2857 λόγος
961 2786 1070 2839 τῶν
1107 2784 1340 2855 ἡδίστων
1364 2780 1738 2853 διηγημάτων.
1774 2779 1875 2832 Δέ-

293 2889 454 2941 δοικα
483 2886 541 2939 δὲ
571 2884 632 2937 τὸ
673 2882 932 2952 φορτικὸν
968 2880 1068 2951 τῆς
1119 2877 1502 2947 ἐγχειρήσεως.
1540 2873 1877 2944 Πειράσομαι

300 2976 403 3048 μὲν
427 2970 543 3037 οὖν,
568 2974 644 3037 ὡς
670 2969 778 3026 οἷόν
802 2987 862 3025 τε
890 2969 1146 3042 μετρίως,
1170 2967 1329 3021 τοῦτο
1357 2966 1549 3018 ποιεῖν.
1579 2966 1676 3017 “Av
1698 2963 1744 3016 δ’
1771 2964 1878 3035 ἄρα

1967 1785 2021 1831 et
2048 1777 2189 1830 facili
2218 1793 2281 1832 ac
2309 1792 2435 1832 vere
2479 1780 2624 1848 regia
2661 1782 2875 1835 laudum
2919 1784 3061 1840 illius
3098 1785 3182 1839 via
3225 1803 3538 1856 prosperum

1968 1881 2183 1920 cursum
2221 1867 2398 1921 oratio
2456 1872 2625 1922 tenuit
2656 1883 2667 1917 :
2699 1884 2844 1924 nunc
2886 1882 3064 1926 autem
3105 1888 3264 1940 quam
3322 1878 3538 1933 dicendi

1972 1957 2233 2012 rationem
2262 1972 2479 2025 sequar,
2514 1970 2626 2020 aut,
2656 1976 2763 2028 quo
2803 1978 2888 2016 me
2935 1974 3163 2029 vertam,
3194 1968 3411 2034 nescio;
3445 1972 3537 2025 ha‘

1972 2048 2061 2103 bet
2083 2050 2225 2101 enim
2257 2050 2385 2103 mihi
2411 2051 2635 2104 arduum
2672 2052 2871 2120 aliquid
2905 2055 2991 2109 hic
3017 2071 3215 2111 sermo.
3260 2058 3373 2113 Iluc
3401 2064 3542 2115 enim

1970 2141 2213 2194 oratione
2267 2157 2601 2211 progressus,
2653 2156 2816 2214 atque
2873 2147 3011 2201 hanc
3066 2152 3408 2206 occasionem
3446 2169 3543 2208 na-

1972 2226 2115 2320 ctus,
2143 2246 2322 2286 rerum
2363 2234 2526 2287 etiam
2565 2251 2811 2290 mearum
2847 2239 3045 2308 aliquid
3071 2240 3383 2312 adjungere,
3418 2261 3550 2315 pau-

1975 2320 2250 2390 lulumque
2276 2323 2328 2374 in
2360 2324 2458 2376 hac
2487 2325 2797 2380 narratione
2832 2327 3107 2382 immorari
3156 2332 3351 2400 gestio,
3383 2346 3545 2403 atque

1974 2415 2139 2480 unde,
2163 2423 2214 2467 et
2238 2427 2345 2483 quo
2376 2416 2552 2476 modo,
2585 2430 2647 2468 ac
2679 2418 2873 2485 quibus
2899 2432 2963 2471 ex
2998 2421 3169 2474 initiis
3190 2424 3416 2477 conﬂata
3451 2427 3533 2480 iu-

1978 2514 2057 2560 ter
2083 2520 2181 2559 nos
2204 2506 2464 2570 amicitia,
2500 2506 2634 2572 sive,
2671 2518 2728 2560 ut
2752 2512 3137 2577 congruentius
3181 2512 3391 2584 loquar,
3428 2518 3548 2569 ani-

1978 2612 2186 2651 morum
2218 2597 2549 2666 conspiratio
2576 2607 2632 2652 et
2663 2608 2869 2654 natura?
2906 2601 3217 2670 conjunctio
3244 2604 3425 2670 fuerit,
3450 2622 3550 2662 ex-

1977 2687 2197 2758 plicare.
2231 2688 2696 2752 Quemadmodum
2723 2691 2866 2743 euim
2902 2692 3042 2745 oculi
3087 2708 3119 2747 a
3142 2692 3395 2762 jncuudis
3430 2712 3551 2765 Spe-

1977 2779 2205 2834 ctaculis
2226 2794 2330 2833 non
2363 2779 2519 2834 facile
2548 2780 2828 2846 recedunt,
2852 2796 2915 2835 ac
2949 2783 2992 2836 si
3044 2785 3165 2853 quis
3193 2800 3288 2854 per
3325 2787 3427 2840 vim
3458 2804 3553 2844 eos

1982 2871 2241 2936 retrahat,
2272 2871 2460 2925 eodem
2492 2884 2681 2926 rursus
2715 2871 2990 2941 feruntur;
3018 2876 3100 2930 sic
3159 2892 3258 2931 nec
3305 2893 3484 2933 sermo
3520 2898 3552 2935 a

1982 2975 2164 3015 rerum
2190 2961 2633 3015 suavissimarum
2671 2966 3202 3020 commemoratione.
3237 2966 3342 3021 Sed
3372 2969 3422 3021 in
3452 2971 3551 3026 hoc

296 3039 351 3122 τι
377 3068 474 3121 καὶ
502 3062 816 3137 βιαζώμεθα
841 3039 949 3116 ὑπὸ
972 3039 1064 3121 τοῦ
1099 3058 1286 3122 πόθου,
1319 3055 1621 3125 συγγνώμη
1651 3053 1729 3125 τῷ
1765 3054 1874 3108 πά-

1982 3061 2179 3107 conatu
2233 3055 2574 3107 metuendam
2624 3053 2754 3107 mihi
2797 3054 3159 3110 diﬁicultatem
3188 3072 3308 3112 esse
3334 3073 3555 3127 COltSpl-

298 3160 399 3225 ea.
432 3158 649 3212 πάντων
672 3155 857 3209 παθῶν
879 3154 992 3206 ὄντι
1021 3148 1368 3220 δικαιοτάτῳ,
1395 3149 1490 3202 καὶ
1520 3147 1549 3200 ὃ
1581 3147 1655 3218 μὴ
1679 3145 1873 3200 παθεῖν

299 3252 335 3321 ἡ
369 3248 543 3319 ζημία
569 3247 681 3312 τοῖς
718 3261 781 3314 γε
808 3243 934 3298 νοῦν
963 3242 1197 3311 ἔχουσιν.

1984 3144 2090 3198 cio.
2119 3143 2345 3197 Adnitar
2375 3144 2574 3212 itaque,
2620 3154 2698 3209 ut,
2729 3160 2890 3215 quam
2923 3147 3235 3216 parcissime
3268 3160 3470 3219 potero,
3506 3154 3556 3206 id

1980 3233 2201 3289 faciam.
2244 3233 2397 3300 Quod
2457 3235 2502 3287 si
2560 3250 2657 3288 nos
2702 3235 2839 3289 forte
2895 3237 3094 3291 amoris
3139 3248 3193 3293 et
3243 3242 3557 3309 cupiditatis

300 3353 471 3396 aestus
512 3340 728 3394 modum
775 3336 1035 3392 excedere
1084 3329 1340 3400 coegerit,
1395 3326 1607 3383 aﬁ’ectui
1661 3336 1868 3390 nostro,
1910 3338 2115 3392 quaeso,
2189 3324 2478 3394 ignoscite,
2549 3322 2836 3378 affectuum
2879 3327 3115 3379 omnium
3153 3328 3474 3395 justissima,
3505 3339 3557 3385 cl

302 3448 414 3505 quo
465 3447 572 3487 non
626 3427 784 3494 adici,
817 3429 1070 3483 damnum
1122 3438 1187 3478 ac
1243 3422 1625 3477 detrimentum
1677 3427 1784 3483 est,
1811 3417 1878 3470 iis
1914 3416 2131 3484 quidem
2162 3424 2331 3481 certe,
2360 3416 2449 3484 qni
2481 3430 2611 3469 sana
2639 3424 2798 3484 atque
2824 3418 3033 3486 integra
3064 3429 3244 3473 mente
3267 3431 3414 3474 sunt.

374 3546 478 3599 IE'.
509 3537 667 3613 Εἶχον
703 3541 853 3612 ἡμᾶς
897 3538 1135 3603 Ἀθῆναι,
1156 3536 1406 3607 καθάπερ
1426 3552 1479 3589 τι
1516 3534 1692 3607 ῥεῦμα
1723 3533 1887 3586 ποτάο

2053 3529 2169 3587 XV.
2197 3528 2474 3584 Habebant
2495 3546 2586 3584 nos
2610 3530 3006 3595 Atheuaewelut
3026 3532 3226 3587 ﬂuxum
3273 3537 3560 3604 quemdam

309 3654 454 3710 μιον,
480 3635 587 3689 ἀπὸ
625 3634 754 3705 μιᾶς
796 3630 1113 3702 σχισθέντας
1145 3628 1329 3700 πηγῆς
1357 3627 1457 3699 τῆς
1489 3625 1768 3697 πατρίδος,
1809 3624 1888 3686 είς

1983 3620 2252 3688 ﬂuminis,
2290 3636 2358 3676 ex
2388 3621 2577 3675 eodem
2612 3621 2798 3689 patria:
2828 3621 2978 3676 fonte
3015 3625 3067 3677 in
3100 3624 3346 3680 diversas
3389 3633 3562 3699 regiu-

304 3730 563 3800 διάφορον
587 3725 883 3797 ὑπερορίαν
914 3724 1033 3778 κατ’
1066 3722 1244 3794 ἔρωτα
1263 3721 1362 3793 τῆς
1401 3718 1754 3784 παιδεύσεως,
1795 3716 1890 3770 κα).

1987 3728 2082 3767 nes
2112 3712 2371 3767 doctrina:
2399 3712 2690 3782 cupiditate
2717 3714 3007 3779 dissectos,
3041 3732 3388 3788 rursumque,
3417 3723 3562 3775 velut

307 3821 471 3876 πάλιν
498 3821 577 3883 είς
612 3818 675 3872 τὸ
703 3818 836 3873 αὐτὸ
869 3815 980 3888 (40)
1008 3813 1376 3879 συνελθόντας,
1412 3810 1602 3882 ὥσπερ
1629 3809 1736 3862 ἀπὸ
1765 3825 1889 3860 συν-

1988 3820 2054 3858 ex
2091 3804 2390 3873 composito
2411 3842 2426 3866 ,
2477 3802 2588 3858 Deo
2616 3804 2864 3860 videlicet
2897 3808 2967 3861 ita
3001 3807 3335 3877 impellente,
3369 3827 3553 3868 coeun-

306 3913 574 3983 ϐήματος,
608 3909 750 3964 οὕτω
772 3907 909 3963 Θεοῦ
937 3908 1276 3978 κινήσαντος.
1311 3899 1472 3974 Εἶχον
1495 3902 1550 3955 δὲ
1573 3899 1752 3973 μικρῷ
1779 3898 1891 3968 (Μ)

1990 3902 2093 3950 tes.
2119 3896 2197 3949 Ac
2234 3909 2320 3949 me
2351 3894 2566 3964 quidem
2593 3895 2870 3965 aliquanto
2904 3907 3031 3953 ante
3061 3899 3365 3966 habebant;
3414 3903 3563 3957 illum

312 4005 413 4076 μὲν
443 4004 545 4074 ἐμὲ
578 4001 838 4074 πρότερον
858 4016 872 4030 ο
906 3998 997 4052 τὸν
1016 3997 1060 4051 δ’
1095 3995 1255 4060 εὐθὺς
1286 3996 1403 4067 μετ’
1437 3994 1559 4065 ἐμὲ,
1595 3991 1733 4065 μετὰ
1768 3989 1893 4043 πολ-

1989 3997 2167 4041 autem
2195 3986 2336 4040 haud
2368 3984 2536 4040 multo
2568 3996 2690 4056 post
2712 4027 2729 4052 ,
2762 3999 2815 4043 et
2847 3988 3060 4057 quidem
3104 4004 3225 4044 cum
3256 3992 3479 4045 miriﬁca
3510 4004 3565 4047 et

302 4090 410 4167 λῆς
437 4093 834 4167 προσδεχθέντα
866 4091 976 4163 (42)
1013 4092 1108 4145 καὶ
1152 4084 1485 4160 περιφανοῦς
1522 4086 1620 4157 τῆς
1660 4081 1888 4146 ἐλπίδος.

1990 4078 2259 4133 luculenta
2303 4094 2399 4148 spe
2452 4088 2844 4151 exspectatum.
2894 4080 3106 4136 Etenim
3160 4082 3211 4136 in
3271 4084 3565 4139 multorum

307 4189 422 4243 Καὶ
444 4186 553 4257 γὰρ
576 4187 633 4240 ἐν
662 4184 870 4239 πολλῶν
895 4182 1169 4253 γλώσσαις
1192 4182 1369 4235 ἔκειτο
1393 4177 1520 4252 πρὶν
1544 4177 1737 4247 ἐπιστῇ
1761 4192 1774 4205 ·
1800 4175 1892 4228 καὶ

1991 4167 2184 4238 linguis
2216 4171 2565 4235 versabatur,
2598 4178 2886 4239 antequam
2914 4171 3258 4237 advenisset;
3294 4187 3392 4227 nec
3418 4175 3566 4243 quis-

313 4279 459 4351 μέγα
494 4277 743 4339 ἑκάστοις
772 4271 840 4348 ἦν
879 4272 1312 4347 προκαταλαϐεῖν
1340 4270 1403 4324 τὸ
1432 4265 1883 4336 σπουδαζόμενον.

1990 4273 2150 4328 quam
2186 4269 2341 4324 erat,
2389 4260 2479 4328 qui
2524 4274 2629 4313 non
2662 4259 2916 4327 praeclare
2957 4274 3141 4313 secum
3195 4261 3276 4331 agi
3316 4274 3566 4332 putaret,

511 4368 570 4423 δὲ
596 4363 706 4422 οἷον
724 4331 834 4422 ’καὶι
861 4331 1078 4438 ἥδυσμά
1113 4380 1165 4418 τι
1194 4362 1505 4436 προσθεῖναι
1536 4357 1614 4430 τῷ
1636 4331 1779 4428 λόγῳ
1807 4375 1890 4429 μι-

1995 4350 2038 4405 si
2071 4350 2156 4416 id,
2178 4351 2319 4420 quod
2350 4363 2562 4404 summo
2595 4350 2775 4405 studio
2804 4351 3090 4420 expetebat
3110 4393 3126 4418 ,
3159 4331 3568 4423 priorioccupa-

311 4462 445 4533 κρὸν
473 4461 764 4532 ἅφήγημα,
789 4463 901 4523 τοῖς
942 4460 1040 4530 μὲν
1079 4456 1294 4520 εἰδόσιν,
1323 4453 1649 4525 ὑπόμνησιν,
1687 4452 1799 4513 τοῖς
1832 4449 1888 4503 δὲ

1996 4448 2097 4495 ret.
2136 4439 2249 4495 Nec
2282 4454 2411 4494 vero
2454 4440 2686 4495 alienum
2728 4441 2832 4496 erit
2869 4440 3325 4496 narratiunculam
3368 4460 3527 4497 uuam
3554 4483 3570 4505 ,

312 4530 588 4620 ἀγνοοῦσι,
643 4530 1007 4604 διδασκαλίαν.
1069 4544 1561 4616 Σοφιστομανοῦσιν
1630 4539 1886 4612 Ἀθήνῃσι

1994 4530 2325 4588 condimenti
2346 4530 2623 4597 cujusdam
2645 4532 2760 4585 vice
2786 4570 2802 4597 ,
2845 4530 3077 4585 orationi
3124 4533 3418 4603 adjungere
3444 4574 3460 4598 ,
3513 4546 3571 4591 ut

311 4643 422 4697 τῶν
484 4642 617 4696 νέων
676 4643 725 4695 oi
785 4640 1026 4695 πλεῖστοι
1082 4638 1174 4695 καὶ
1223 4637 1611 4709 ἀφρονέστεροι
1637 4649 1651 4662 ·
1695 4633 1756 4685 οὐ
1785 4631 1893 4685 τῶν

1996 4623 2286 4678 scientibus
2314 4624 2529 4690 quidem
2565 4623 2882 4677 memoriam
2913 4633 3168 4688 renovet,
3200 4626 3573 4696 ignorantibus

313 4731 560 4800 ἀγεννῶν
595 4732 755 4803 μόνον
788 4731 882 4785 καὶ
905 4728 1012 4784 τῶν
1038 4726 1356 4798 ἀνωνύμων,
1384 4723 1501 4778 ἀλλ’
1527 4722 1627 4793 ἤδη
1658 4719 1753 4774 καὶ
1787 4718 1893 4773 τῶν

1999 4724 2182 4769 autem
2228 4714 2553 4768 documento
2588 4714 2683 4769 sit.
2717 4711 2912 4768 Insano
2945 4715 3175 4783 quodam
3209 4730 3338 4786 erga
3386 4718 3574 4786 sophi-

312 4821 375 4879 εὖ
395 4825 699 4895 γεγονότων
728 4826 824 4878 καὶ
853 4820 1347 4897 περιφανεστέρων,
1380 4816 1477 4871 ἅτε
1509 4813 1711 4886 πλῆθος
1757 4812 1893 4882 σύμ-

1998 4813 2114 4862 stas
2149 4805 2328 4862 smdio
2359 4803 2591 4860 Athenis
2620 4813 2870 4860 tenentur
2896 4819 3059 4874 quam
3087 4806 3304 4874 plurimi
3336 4816 3391 4861 et
3420 4809 3572 4861 stoli-

317 4931 512 4986 μικτον
573 4914 746 4978 ὄντες,
809 4913 905 4968 καὶ
962 4912 1095 4977 νέοι,
1142 4910 1238 4964 καὶ
1270 4905 1627 4961 δυσκάθεκτοι
1657 4903 1779 4965 ταῖς
1805 4902 1893 4986 ορ-

2002 4897 2211 4953 dissimi
2236 4897 2642 4964 adolescentes;
2678 4911 2781 4951 non
2813 4899 2973 4952 modo
3003 4898 3263 4968 ignobiles
3287 4908 3344 4953 et
3375 4901 3573 4953 obscu-

317 4981 452 5078 μαῖς
479 5003 614 5075 (45).
646 5005 826 5076 Ὅπερ
850 4998 943 5057 οὖν
965 5002 1272 5072 πάσχοντας
1297 4995 1445 5051 ἐστιν
1471 4993 1619 5062 ίδεῖν,
1650 4991 1779 5065 περὶ
1796 4981 1893 5054 τὰς

2000 4989 2088 5058 ri,
2124 4993 2219 5049 sed
2241 4992 2452 5051 nobiles
2482 4991 2647 5049 etiam
2671 4999 2727 5047 et
2759 4988 2999 5045 illustres
3019 5029 3035 5057 ,
3077 4999 3137 5046 ut
3179 4990 3272 5060 qui
3303 4991 3572 5047 miscella—

388 5120 437 5153 ’³
465 5119 489 5174 ι
522 5119 656 5187 Reg.
685 5134 764 5183 lx,
790 5116 827 5172 Ξ
851 5134 976 5187 sqq.

413 5229 484 5285 32
547 5229 809 5297 Μετέθει.
833 5227 969 5295 Reg.
1006 5226 1076 5296 ph
1117 5232 1171 5280 et
1197 5223 1291 5279 0r.
1324 5220 1379 5275 2.
1420 5216 1646 5291 μεγέθη.

546 5301 750 5353 Ταυτό.
782 5299 947 5366 Begg.
976 5311 1027 5356 c,
1064 5295 1158 5364 ph,
1193 5290 1408 5347 ταυτόν.

390 5229 788 5440 (Ξέεῷατο.
828 5367 963 5440 T_res
997 5365 1158 5440 Regg.
1193 5373 1248 5440 et
1276 5363 1366 5415 0r.
1401 5359 1458 5425 2,
1488 5358 1646 5429 εὐρετ

2070 5212 2184 5282 (⁸58)
2215 5211 2555 5281 Χρήσωμιιι.
2590 5248 2604 5262 .
2641 5247 2659 5267 .
2699 5210 3024 5281 τράπωμαι.
3054 5209 3149 5266 0r.
3197 5209 3235 5263 2
3265 5202 3320 5265 ét
3358 5208 3575 5277 Comb.,
3643 5166 3649 5177 '

1999 5285 2295 5357 κρήσρμαις
2324 5321 2339 5335 ο
2365 5324 2388 5357 .-
2420 5282 2720 5357 ἰῑράπομειιο

2095 5300 2295 5356 ισομαι.
2324 5321 2339 5335 .
2375 5324 2388 5335 .
2420 5297 2720 5402 τιραπομαι.

2095 5353 2183 5422 59)
2216 5351 2398 5422 Aeni.
2449 5421 2457 5422 ί
2483 5367 2567 5419 eg.
2585 5352 2693 5419 'ph,
2713 5350 2909 5422 κέαυτά.

2093 5420 2185 5489 40)
2219 5421 2290 5475 Τὸ
2309 5421 2477 5489 αὑτό.
2512 5421 2642 5488 Reg.
2676 5421 2766 5489 ph,
2796 5420 3013 5473 ταυτόν.

2072 5485 2184 5562 (Η)
2213 5485 2434 5562 Μικρῷ.
2468 5489 2564 5562 Or.
2590 5485 2648 5550 Ξ,
2676 5485 2904 5561 μικρόν,

2078 5556 2191 5634 (42⁷)
2223 5556 2705 5634 Πρροέδεχθεξνταλ⁷
2730 5556 2860 5634 Heg.
2891 5575 2942 5626 c,
2975 5556 3338 5634 είσδεχδέντα.

2081 5628 2195 5704 (45)
2238 5630 2371 5695 Ταῖς
2399 5628 2622 5700 ὁρμαῖς.
2660 5629 2790 5701 Reg.
2821 5631 3004 5701 Cypr.,
3042 5628 3141 5700 τὴν
3168 5629 3363 5698 ὁρμήν.

546 5290 750 5353 Ταὺτό.
782 5290 947 5366 Βεεζςῖ
976 5290 1027 5366 c:.
1064 5295 1158 5364 ph,
1193 5290 1408 5366 cauedv.

418 5358 788 5437 54).Εὒρατο.
828 5358 963 5437 Tres
997 5358 1158 5437 Re'gg.
1193 5373 1248 5437 et
1276 5363 1366 5415 0r.
1401 5359 1458 5425 2,
1488 5358 1700 5429 stipato.

420 5433 511 5505 55)
553 5433 802 5495 Τούτων.
843 5436 974 5505 Reg.
1015 5433 1325 5504 ρίιζτούτου

419 5505 510 5579 56)
557 5508 740 5578 Ἡμῖν.
775 5507 931 5579 Deest
962 5507 1027 5579 in_
1047 5505 1177 5579 Reg.
1208 5520 1255 5556 a.

421 5566 514 5647 37)
544 5566 770 5642 Ὀἷτως
792 5573 1051 5647 τῶνίτοῦ.
1073 5566 1163 5647 Sic
1185 5585 1413 5644 quatuor
1437 5575 1627 5645 Regg.,
1653 5566 1819 5624 Cois].
1845 5568 1896 5634 Ι,

324 5646 426 5710 0r;
455 5648 513 5721 2,
540 5657 648 5708 etc.
671 5648 832 5705 Deest
859 5646 966 5701 τῶν
990 5646 1046 5700 iu
1077 5646 1144 5699 ed
