3902 6218
414 331 523 387 503

1587 334 1645 390 S.
1686 332 2019 392 GREGORII
2058 332 2405 391 THEOLOGI

3565 331 3679 390 504

413 448 538 519 fuga
574 446 770 517 elapsae
813 445 867 501 in
926 446 1012 501 his
1063 446 1336 502 montibus
1378 447 1738 514 delitescunt;
1804 449 1982 504 multa:

2105 449 2249 503 τοθὲν
2289 448 2693 520 ὐπερφανέντες
2752 447 2985 519 ἀθρόως.
3039 447 3125 513 Ὠς
3180 451 3277 521 μὲν
3320 449 3671 521 εὐμεγέθειςῑ

414 537 701 592 esculenta:
728 551 855 592 aves
891 551 1050 604 supra
1082 552 1201 601 nos,
1229 538 1320 608 qui
1363 551 1455 593 eas
1483 540 1811 606 expetimus,
1837 539 1977 593 voli-

417 636 570 691 tant;
600 641 828 698 quorum
865 627 996 698 quid
1032 629 1254 682 omnino
1291 637 1393 696 est,
1419 631 1561 698 quod
1593 639 1665 692 te,
1691 630 1777 686 vel
1806 630 1982 686 solum

416 727 705 785 annuente,
744 734 847 774 non
881 719 1037 774 facile
1060 719 1175 789 capi
1209 720 1412 789 possit?
1444 720 1570 776 Haec
1604 738 1787 776 eorum
1821 725 1984 777 verba

415 820 692 867 erant:ac
739 811 916 881 prmda
970 811 1261 865 verborum
1312 826 1494 866 comes
1533 823 1671 875 erat,
1703 812 1986 868 obsonium

418 901 560 954 ultro
600 900 862 963 oblatum,
896 901 1201 955 convivium
1239 900 1385 954 nullo
1418 902 1599 957 labore
1638 903 1984 964 instructum,

419 992 562 1046 cervi
591 1007 621 1046 e
649 991 868 1046 tumulis
893 1000 1113 1059 repente
1161 1002 1504 1062 apparentes.
1539 992 1709 1060 Quam
1744 994 1982 1061 proceri!

417 1077 587 1149 'Quam
640 1083 893 1153 pingues!
937 1080 1106 1149 Quam
1148 1084 1213 1136 ad
1249 1085 1450 1139 caedem
1503 1085 1734 1154 prompti
1769 1093 1824 1137 et
1873 1085 1984 1137 ala-

418 1175 564 1229 cres!
590 1173 985 1245 Propemodum
1027 1188 1120 1229 eos
1150 1175 1475 1241 conjiceres,
1512 1176 1651 1245 quod
1689 1190 1793 1227 non
1823 1175 1984 1228 citius

417 1264 589 1319 vocati
617 1274 819 1329 essent,
846 1265 1070 1320 moleste
1104 1264 1269 1322 ferre.
1310 1265 1385 1319 Illi
1423 1266 1655 1335 capitum
1695 1273 1827 1317 nutu
1870 1263 1988 1316 alli-

2088 538 2163 600 ὼς
2192 538 2247 591 δὲ
2273 538 2479 602 πίονεςί
2513 537 2588 602 ὡς
2621 538 2679 591 δὲ
2717 537 2985 609 πρόθυμοι
3014 537 3153 608 πρὸς
3184 540 3395 608 σφαγήν
3423 539 3435 591 !
3463 540 3679 592 Μονον-

2090 630 2211 700 ουχὶ⁵
2270 630 2365 684 καὶ
2412 628 2572 683 τοῦτο
2618 628 2856 693 εἰκάζειν
2906 624 2974 700 ἦν
3003 669 3017 693 ,
3064 630 3147 682 ὅτι
3203 629 3277 700 μὴ
3316 629 3430 701 (72)
3480 630 3674 700 τάχιον

2093 719 2420 791 ἐκλήθησαν,
2454 720 2851 791 ἐδυσχέραινον.
2887 721 2948 773 Οἱ
2986 718 3084 790 μὲν
3114 713 3293 772 εἷλκον
3325 722 3437 782 τοῖς
3468 721 3678 789 νεύμα-

2097 828 2200 877 σιν,
2232 812 2282 863 οί
2305 811 2360 864 δὲ
2381 813 2594 882 ἤγοντο.
2642 812 2800 873 Τίνος
2850 809 3135 873 διώκοντος
3169 810 3202 881 ἢ
3236 811 3675 878 συναναγκάζον-

2092 917 2214 965 τος;
2252 900 2499 965 Οὐδενός.
2559 901 2733 954 Τίνων
2786 900 3034 965 ἱππέων;
3078 899 3257 954 Ποίων
3299 900 3411 971 (75)
3456 900 3673 966 κυνῶν;

2093 991 2249 1053 Τίνος
2285 990 2513 1060 ὑλακῆς,
2538 990 2571 1061 ἢ
2592 992 2859 1064 κραυγῆς,
2890 989 2924 1060 ἢ
2970 990 3104 1043 νέων
3149 990 3676 1061 προκαταλαϐόντων

2091 1080 2190 1143 τὰς
2216 1080 2481 1145 διεξόδους
2508 1084 2622 1145 τοῖς
2653 1081 2823 1152 θήρας
2852 1080 3071 1151 νόμοις;
3119 1080 3299 1152 Εὐχῆς
3335 1082 3542 1153 δέσμιοι
3577 1082 3677 1135 καὶ

2091 1171 2302 1235 δικαίας
2323 1172 2611 1243 αἰτήσεως.
2638 1173 2733 1236 Τίς
2750 1172 2892 1240 ἔγνω
2912 1171 3152 1225 τοιοῦτον
3173 1171 3393 1244 θήραμα
3416 1173 3524 1226 τῶν
3548 1173 3672 1240 νῦν,

2093 1262 2127 1334 ἢ
2156 1262 2265 1316 τῶν
2290 1262 2542 1328 meroes;

419 1356 653 1419 ciebant,
694 1357 745 1411 lti
778 1358 1161 1427 sequebantur.
1224 1357 1340 1423 Quo
1387 1358 1711 1421 insectante,
1776 1365 1830 1411 et
1866 1355 2127 1426 cogente?
2164 1356 2410 1412 Nemine.
2454 1356 2659 1420 Quibus
2726 1356 2921 1424 equis?
2962 1356 3167 1423 Quibus
3228 1356 3491 1411 canibus?
3552 1358 3675 1425 Quo

417 1450 638 1513 latratu,
682 1461 773 1505 aut
821 1451 1073 1515 clamore,
1105 1460 1192 1505 aut
1241 1451 1491 1521 iuvenum
1556 1449 1754 1517 studio,
1819 1448 2027 1501 viarum
2066 1447 2263 1513 exitus,
2337 1459 2393 1501 ut
2443 1446 2744 1503 venationis
2788 1446 2932 1516 leges
2986 1446 3189 1512 ferunt,
3240 1450 3615 1518 occupantium
3645 1449 3675 1501 ’ί

419 1542 692 1597 Orationis
738 1551 945 1598 tantum
988 1542 1255 1612 justaeqne
1303 1540 1578 1611 petitionis
1619 1538 1831 1593 vinculo
1865 1538 2162 1593 constricti.
2233 1537 2391 1605 Quis,
2455 1537 2540 1593 vel
2571 1546 2778 1605 nostra,
2843 1537 2927 1592 vel
2971 1538 3232 1602 omnium,
3299 1540 3389 1606 qui
3427 1555 3670 1610 unquam

419 1636 657 1701 fuerunt,
699 1639 984 1701 memoria,
1041 1637 1199 1690 talem
1238 1636 1575 1690 venationem
1637 1650 1700 1691 ac
1752 1635 1984 1705 praedam
2024 1632 2315 1702 cognovit?

491 1724 624 1782 VIII.
653 1727 698 1783 Ο
726 1743 835 1782 rem
861 1728 1231 1782 admirandam
1257 1729 1270 1781 !
1307 1725 1410 1795 Ipsi
1443 1726 1633 1795 praeda:
1662 1740 1772 1779 suae
1803 1724 1989 1781 arbitri

2166 1719 2247 1775 H'.
2283 1723 2346 1774 Ὢ
2377 1721 2470 1775 τοῦ
2494 1721 2770 1791 θαύματος
2795 1721 2807 1774 ί
2836 1720 2999 1774 Αὐτοὶ
3025 1719 3120 1774 τοῦ
3168 1721 3485 1792 θηράματος
3529 1718 3675 1794 ἦσαν

421 1830 597 1876 erant.
621 1819 890 1886 Quidquid
927 1819 1193 1888 placebat,
1219 1818 1491 1872 voluntate
1538 1826 1744 1871 tantum
1776 1817 1995 1872 teneba-

424 1923 544 1974 tur;
582 1908 723 1978 quod
759 1916 1055 1976 supererat,
1110 1908 1175 1961 ad
1216 1901 1394 1961 silvas'
1418 1908 1471 1961 in
1518 1908 1807 1962 secundam
1843 1920 1996 1962 men-

423 2014 539 2054 sam
571 1997 931 2066 relegabatur.
965 1995 1134 2065 Coqui
1167 1996 1583 2066 extemporales,
1615 2012 1767 2052 coena
1800 1997 1993 2066 exqui-

424 2091 552 2153 sita,
583 2088 822 2142 convivae
865 2087 1025 2157 grati,
1076 2103 1314 2156 praesens
1358 2086 1676 2142 miraculum
1741 2096 1995 2155 tanquam

425 2180 738 2250 praeludium
785 2179 1055 2249 quoddam
1099 2194 1279 2233 rerum
1331 2179 1384 2232 in
1433 2192 1530 2247 spe
1567 2178 1866 2247 positarum
1902 2178 1997 2232 ba-

427 2273 635 2324 bentes.
686 2269 763 2322 Ex
806 2283 915 2338 quo
970 2268 1133 2323 etiam
1177 2269 1243 2324 ad
1284 2282 1403 2323 eam
1448 2268 1877 2336 dimicationem,
1927 2270 1995 2324 ob

426 2380 585 2432 quant
618 2364 733 2416 haec
771 2361 878 2415 illis
911 2370 1109 2431 praesto
1149 2367 1325 2422 erant,
1366 2360 1661 2415 alacriores
1693 2358 1997 2414 reddeban-

430 2465 532 2508 tur.
570 2455 645 2508 Ac
679 2454 807 2507 talia
851 2454 1066 2522 quidem
1117 2462 1261 2511 sunt,
1288 2467 1408 2521 quae
1443 2453 1715 2506 narranda
1745 2466 1994 2521 suscepe-

426 2562 563 2602 rant.
593 2545 672 2599 Tu
710 2560 839 2599 vero
874 2543 1072 2599 Dianas
1110 2552 1251 2609 tuas,
1299 2554 1355 2599 et
1403 2541 1651 2609 Oriones,
1693 2554 1749 2599 et
1793 2546 1998 2600 Actaeo-

429 2656 545 2704 nes,
586 2637 830 2694 infelices
883 2637 1004 2692 illos
1049 2647 1356 2702 venatores,
1391 2637 1519 2689 mibi
1560 2652 1758 2698 narra;
1794 2646 1869 2702 tu,
1914 2637 1999 2691 itt-

429 2746 617 2802 quam,
655 2730 745 2799 qui
793 2745 878 2783 me
915 2729 1277 2798 persequeris,
1322 2727 1636 2797 fabulasque
1689 2728 1995 2794 admiraris,

429 2837 495 2877 ac
530 2835 743 2876 cervam
789 2818 984 2890 virgini
1029 2817 1415 2884 substitutam;
1446 2818 1491 2873 si
1534 2818 1662 2886 quid
1696 2828 1902 2872 tantum
1930 2819 1998 2873 ad

427 2914 644 2968 laudem
674 2922 729 2967 et
757 2912 982 2983 gloriam
1019 2911 1112 2965 tibi
1154 2908 1409 2978 suppetit,
1442 2918 1503 2963 ut
1539 2908 1756 2963 interim
1809 2923 1999 2963 narra-

2094 1814 2310 1883 ταμίαι.
2361 1813 2526 1868 Ὅσον
2565 1813 2738 1883 φίλον,
2791 1812 2969 1884 εἴχετο
3016 1813 3284 1885 θελήμασι
3314 1815 3429 1885 (74)
3469 1816 3669 1886 μόνον·

2094 1904 2217 1957 ὅσον
2251 1904 2523 1975 περιττὸν,
2553 1904 2885 1976 ἀπεπέμφθη
2913 1908 3033 1968 ταῖς
3059 1904 3287 1976 λόχμαις
3309 1909 3387 1969 εἰς
3413 1906 3674 1977 δευτέραν

2095 1993 2397 2066 τράπεζαν.
2438 1995 2501 2048 Οἱ
2560 1994 2808 2063 ὀψοποιοὶ
2858 1996 3077 2065 σχέδιοι,
3132 1996 3194 2048 τὸ
3220 1996 3434 2049 δεῖπνον
3470 1998 3676 2069 εὐπρε-

2098 2086 2196 2147 πὲς
2215 2084 2350 2156 (75),
2384 2086 2433 2138 οἱ
2461 2084 2779 2156 δαιτύμονες
2800 2086 3130 2157 εὐχάριστοι,
3154 2087 3437 2159 προοίμιον
3460 2088 3678 2159 ἔχοντες

2096 2176 2195 2248 ήδη
2230 2176 2340 2229 τῶν
2376 2174 2767 2247 ἐλπιζομένων,
2800 2178 2861 2231 τὸ
2910 2178 3084 2251 παρὸν
3118 2178 3322 2255 θαῦμα.
3370 2177 3460 2243 Ἐξ
3490 2174 3553 2232 οὐ
3580 2181 3677 2234 καὶ

2098 2269 2232 2337 πρὸς
2269 2267 2368 2340 τὴν
2389 2267 2635 2340 ἄθλησιν,
2658 2269 2797 2341 ὑπὲρ
2819 2264 2886 2341 ἦς
2918 2270 3090 2323 ταῦτα
3110 2266 3178 2341 ἦν
3205 2271 3407 2333 αὐτοῖς,
3435 2270 3679 2340 ἐγίνοντο

2097 2359 2514 2431 προθυμότεροι.
2541 2360 2779 2415 Τοιαῦτα
2799 2360 2868 2414 τὰ
2890 2362 3000 2432 ἐμὰ
3025 2362 3360 2432 διηγήματα.
3396 2363 3466 2415 Σὺ
3495 2362 3554 2416 δέ
3585 2380 3677 2433 μοι

2097 2450 2223 2519 λέγε
2249 2450 2349 2514 τὰς
2374 2451 2774 2522 Ἐλαφηϐόλους
2807 2451 2917 2523 (76)
2938 2469 3054 2518 σου,
3090 2455 3187 2507 καὶ
3228 2455 3355 2514 τοὺς
3393 2453 3674 2525 Ὠρίωνας,

2098 2548 2193 2602 καὶ
2222 2549 2345 2611 τοὺς
2391 2548 2743 2613 Ἀκταίωνας,
2777 2550 2902 2613 τοὺς
2936 2549 3336 2618 κακοδαίμονας
3383 2549 3674 2620 θηρευτὰς,

2097 2642 2126 2693 6
2153 2641 2286 2709 ἐμὸς
2336 2638 2592 2711 διώκτης,
2623 2642 2651 2694 6
2683 2641 2809 2704 τοὺς
2867 2640 3069 2711 μύθους
3105 2639 3419 2711 θαυμάζων,
3461 2642 3556 2693 καὶ
3580 2639 3677 2710 τὴν

2097 2732 2463 2785 ἀντιδοθεῖσαν
2494 2731 2691 2799 ἔλαφον
2718 2734 2817 2802 τῆς
2851 2731 3120 2802 παρθένου
3153 2732 3286 2800 (77),
3323 2731 3378 2784 εἴ
3403 2748 3458 2783 τι
3486 2730 3677 2783 τοσού-

2097 2840 2186 2876 τον
2242 2824 2322 2887 είς
2375 2822 2689 2893 φιλοτιμίαν
2725 2822 2840 2876 ἐστι
2901 2840 3002 2886 σοι,
3037 2822 3142 2876 κᾶν
3169 2821 3350 2893 δῶμεν
3402 2824 3476 2894 μὴ
3511 2822 3681 2893 μῦθον

2099 2910 2236 2968 εἶναι
2260 2914 2322 2968 τὸ
2346 2913 2725 2986 ἱστορούμενον
2752 2914 2888 2983 (78).
2926 2915 3013 2977 Ὠς
3031 2914 3100 2967 τά
3123 2929 3186 2981 γε
3214 2913 3341 2984 ἑξῆς
3369 2913 3461 2967 τού
3492 2912 3678 2982 λόγου,

434 3006 635 3058 tionem
667 3005 805 3058 hanc
838 3002 1060 3057 minime
1089 3001 1389 3056 fabulosam
1422 3014 1545 3055 esse
1559 2999 1841 3054 donemus.
1868 2999 1999 3065 Quae

2105 3005 2194 3058 καὶ
2217 3004 2337 3058 λίαν
2361 3006 2582 3076 αἰσχρά.
2613 3005 2678 3058 Τί
2717 3005 2822 3075 γὰρ
2847 3003 3038 3075 ὄφελος
3078 3005 3177 3075 τῆς
3208 3005 3531 3070 ἀντιδόσεως
3557 3047 3573 3070 ,
3627 3009 3679 3060 εί

432 3096 686 3163 deinceps
719 3101 1043 3163 sequuntur,
1073 3104 1236 3160 quam
1280 3089 1453 3159 turpia
1492 3089 1651 3143 sunt!
1686 3088 1817 3155 Quae
1853 3088 1997 3143 enim

2105 3096 2265 3162 σώζει
2296 3097 2582 3168 παρθένον,
2613 3098 2699 3150 ἵνα
2737 3095 3063 3161 ξενοκτονεῖν
3112 3097 3353 3168 διδαχθῇ,
3388 3096 3684 3169 ἀπανθρω-

432 3188 593 3253 huius
620 3185 1060 3242 commutationis
1110 3183 1332 3250 utilitas,
1368 3183 1412 3236 si
1453 3196 1515 3237 ea
1545 3185 1611 3238 de
1641 3196 1801 3237 causa
1835 3182 2003 3250 virgi-

432 3296 554 3335 nem
582 3295 612 3334 e
637 3276 874 3349 periculo
906 3275 1177 3338 extrahat,
1211 3283 1269 3327 ut
1297 3274 1600 3342 hospitibus
1625 3288 1812 3327 necem
1840 3270 2003 3327 aﬂ'er-

433 3388 493 3427 re
522 3371 800 3434 doceatur,
830 3376 885 3423 et
917 3365 1367 3420 inbumanitatem
1400 3378 1499 3433 pro
1528 3362 1865 3417 humanitate
1908 3378 1999 3417 re-

435 3464 674 3531 pendere
699 3456 1022 3515 condiscat?
1048 3457 1225 3524 Atque
1279 3454 1384 3508 hoc
1413 3454 1690 3516 hactenus,
1723 3468 1787 3507 ex
1823 3453 2004 3508 multis

2105 3188 2236 3242 πίαν
2278 3187 2522 3259 μαθοῦσα
2568 3188 2978 3261 φιλανθρωπίας
3023 3189 3322 3253 ἁντίδοσιν;
3367 3190 3538 3243 Τοῦτο
3578 3190 3679 3260 μὲν

2100 3274 2194 3330 οὖν
2224 3276 2477 3330 τοσοῦτον
2501 3277 2567 3329 ὲκ
2595 3276 2805 3331 πολλῶν
2844 3276 2921 3340 ἒν,
2952 3278 3044 3330 καὶ
3081 3278 3201 3330 ἀντὶ
3252 3277 3482 3343 πολλῶν,
3519 3279 3595 3343 ὡς
3647 3281 3678 3332 6

2101 3368 2230 3438 ὲμλὺς
2265 3366 2375 3435 (79)
2405 3366 2582 3436 λόγος.
2624 3369 2729 3420 Καὶ
2752 3367 2910 3420 τοῦτο
2951 3368 3160 3439 διῆλθον
3185 3409 3199 3433 ,
3236 3370 3333 3440 οὐχ
3366 3370 3431 3422 ἵν’
3481 3371 3681 3441 ἐκείνῳ

2102 3455 2323 3529 προσθῶ
2345 3475 2397 3510 τι
2426 3458 2525 3529 τῆς
2574 3456 2816 3522 εὐδοξίας
2872 3458 3018 3530 (οὔτε
3070 3459 3179 3531 γὰρ
3217 3459 3462 3515 θάλασσα
3513 3460 3688 3514 δεῖται

436 3569 621 3617 unum,
647 3567 708 3607 ac
738 3566 837 3621 pro
873 3549 1080 3612 multis,
1119 3562 1234 3601 mea
1276 3545 1495 3615 quidem
1535 3546 1819 3600 sententia.
1849 3545 1999 3611 Quod

2105 3547 2208 3600 τῶν
2238 3548 2557 3620 εἰσρεόντων
2588 3551 2669 3612 είς
2698 3549 2867 3620 αὐτὴν
2920 3551 3179 3621 ποταμῶν
3198 3591 3212 3616 ,
3259 3549 3361 3603 κᾶν
3397 3551 3687 3620 εἰσρέωσιν

436 3649 601 3701 etiam
637 3646 810 3713 ipsum
868 3657 971 3697 non
1008 3655 1075 3695 eo
1103 3638 1542 3704 commemoravi,
1572 3645 1633 3691 ut
1653 3638 1701 3693 ei
1733 3636 2001 3691 cumulum

438 3740 671 3807 aliquem
717 3733 902 3805 gloria:
943 3730 1162 3786 afferam
1195 3728 1343 3801 (nam
1376 3743 1471 3783 nec
1509 3744 1659 3782 mare
1688 3726 1886 3792 ﬂuviis,
1909 3727 2000 3797 qui

439 3830 490 3883 in
520 3828 691 3893 ipsum
720 3823 966 3887 inﬂuunt,
1000 3836 1135 3890 opus
1180 3821 1362 3883 habet,
1392 3818 1606 3872 etiamsi
1635 3817 1854 3886 plurimi
1885 3832 2001 3871 ma-

438 3918 679 3985 ximiun
730 3912 1128 3969 inﬂuantmec
1186 3911 1255 3973 is,
1316 3925 1475 3978 quem
1528 3924 1668 3963 nunc
1701 3909 2002 3976 laudamus,

442 4009 549 4073 his,
580 4024 670 4077 qm
699 4008 764 4060 ad
800 4006 968 4077 ipsius
995 4002 1301 4060 encomium
1343 4001 1544 4070 aliquid
1601 4000 1881 4072 erogent);
1915 4015 2004 4055 ve-

437 4117 578 4166 rum,
637 4111 696 4154 ut
748 4098 1049 4160 ostendam,
1105 4094 1300 4162 quibus
1350 4092 1440 4147 ille
1489 4101 1639 4147 ortus
1690 4092 2005 4161 majoribus,

443 4192 608 4263 776
637 4192 687 4244 in
727 4204 862 4260 quos
894 4188 1042 4240 velut
1090 4185 1142 4239 in
1178 4182 1454 4252 exemplar
1490 4182 1808 4251 respiciens,
1842 4197 2009 4252 quan-

2103 3639 2185 3693 ὅτι
2225 3640 2466 3693 πλεῖστοι
2503 3642 2599 3695 καὶ
2633 3642 2902 3711 μέγιστοι,
2934 3641 3058 3694 οὐτε
3100 3641 3208 3695 τῶν
3252 3642 3595 3695 εἰσοισόντων
3631 3660 3688 3695 τι

2102 3732 2240 3801 πρὸς
2272 3732 2568 3803 εὐφημίαν,
2594 3732 2734 3785 ὁνῦν
2763 3732 3170 3804 ἐπαινούμενος)
3193 3750 3206 3763 °
3240 3733 3355 3787 ἀλλ’
3384 3734 3450 3785 ἵν’
3482 3733 3688 3786 ἐπιδεί-

2104 3821 2279 3893 ξαιμι,
2308 3823 2435 3877 οἴων
2466 3824 2579 3894 (80)
2608 3823 2756 3895 αὐτῷ
2782 3825 2890 3879 τῶν
2920 3825 3155 3896 ὲξαρχῆς
3183 3827 3565 3896 ὑπαρχόντων,
3590 3826 3691 3879 καὶ

2111 3913 2247 3985 πρὸς
2274 3914 2302 3968 ὅ
2333 3915 2678 3987 παράδειγμα
2709 3916 2941 3986 βλέπων.
2962 3918 3085 3970 ὅσον
3115 3918 3688 3988 ὐπερηκόντισεηὸί).

2111 4003 2175 4055 Εἰ
2203 4004 2311 4075 γὰρ
2341 4005 2481 4075 μέγα
2506 4009 2618 4070 τοῖς
2650 4005 2827 4069 ἄλλοις
2850 4006 2912 4059 τὸ
2940 4006 3267 4078 προσλαϐεῖν
3302 4025 3356 4062 τι
3388 4008 3543 4079 παρὰ
3578 4008 3691 4060 τῶν

2111 4094 2317 4150 ἄνωθεν
2348 4099 2428 4161 είς
2457 4097 2797 4168 φιλοτιμίαν,
2857 4096 3038 4169 μεῖζον
3068 4098 3260 4170 ἐκείνῳ
3314 4100 3377 4152 τὸ
3428 4099 3690 4170 προσθεῖο

2113 4201 2201 4237 ναι
2235 4186 2344 4255 (82)
2372 4188 2484 4251 τοῖς
2507 4186 2619 4241 ἄνω
2642 4187 2770 4261 παρ’
2807 4186 3022 4253 ἑαυτοῦ,
3072 4187 3320 4260 καθάπερ
3349 4188 3458 4258 (85)
3488 4190 3686 4258 ῥεύμα-

441 4294 500 4337 ῑο
548 4282 759 4351 longius
788 4278 1055 4349 jacnlatus
1100 4277 1189 4331 sit.
1248 4273 1381 4328 Nam
1413 4273 1458 4327 si
1490 4273 1611 4327 aliis
1647 4288 1899 4344 maguum
1930 4283 1999 4328 est

2114 4294 2205 4341 τος
2246 4278 2651 4349 ἀνατρέχοντος.

440 4372 641 4441 aliquid
693 4387 722 4423 a
773 4370 1067 4438 majoribus
1113 4367 1179 4421 ad
1218 4365 1447 4437 gloriam
1494 4366 1793 4435 accepisse,
1834 4367 2008 4437 majus
2044 4368 2286 4435 profecto
2315 4371 2417 4440 ipsi
2492 4381 2578 4425 est
2606 4368 2899 4439 majoribus
2927 4371 3040 4426 suis
3076 4370 3254 4425 laudis
3318 4370 3592 4425 cumulum
3620 4384 3689 4424 ex

441 4489 501 4530 se
531 4472 819 4540 adiecisse,
856 4470 1190 4526 velutﬂuctu
1226 4468 1624 4536 reciprocante.

512 4561 607 4619 IX.
645 4562 965 4633 Quanquam
993 4574 1170 4620 autem
1208 4567 1444 4638 conjugii
1475 4574 1763 4636 parentum
1815 4564 1999 4634 ipsius1

2180 4564 2251 4618 8'.
2287 4564 2399 4634 Τῆς
2423 4563 2480 4616 δὲ
2509 4563 2617 4616 τῶν
2646 4563 2897 4633 πατέρων
2922 4561 3204 4630 συζυγίας,
3233 4561 3332 4630 οὐχ
3359 4554 3524 4630 ἦττον
3544 4560 3689 4613 κατὰ

440 4657 583 4726 quod
629 4671 737 4709 non
783 4657 962 4711 minus
1006 4657 1257 4724 virtutis,
1306 4673 1468 4728 quam
1515 4671 1803 4727 corporum
1852 4664 2008 4720 erat,

2115 4652 2177 4707 τὸ
2196 4655 2293 4724 τῆς
2312 4655 2512 4725 ἀρετῆς
2533 4654 2812 4724 ὁμότιμον,
2835 4654 2868 4723 ἢ
2899 4652 2993 4706 καὶ
3023 4653 3091 4705 τὰ
3113 4651 3340 4723 σώματα
3356 4651 3491 4723 (84),
3517 4651 3694 4705 πολλὰ

514 4790 626 4878 (7?)
666 4791 796 4845 Ὅτι
824 4790 929 4861 μή.
958 4791 1089 4862 Reg.
1120 4792 1209 4861 ph,
1244 4793 1325 4846 ὅτι
1356 4793 1403 4846 εί
1430 4794 1524 4865 μή.
1561 4792 1629 4846 Et
1655 4792 1706 4845 in
1734 4789 1826 4846 Or.
1859 4790 1915 4856 2,
1941 4791 1999 4854 ὡς

2127 4788 2472 4878 miseratione
2549 4798 2820 4878 permota,
2885 4785 3051 4857 ipsius
3105 4783 3226 4878 lqco
3269 4796 3499 4878 lcet-van:
3558 4781 3693 4878 sub-

443 4863 493 4915 εἱ
667 4924 897 4987 Hotom:
904 4931 961 4986 In
988 4931 1275 4995 nonnullis,
1302 4932 1485 4986 τίνων.

515 5002 627 5074 (74)
662 5001 992 5074 λθελήμασι.
1026 5004 1190 5074 Bt-gg.
1232 5018 1287 5066 a,
1319 5018 1368 5068 c,
1418 5005 1471 5066 d,
1512 5001 1678 5057 Coisl.
1728 5000 1780 5065 1,
1827 4999 1919 5056 Or.
1960 5003 2015 5066 Ξ,

445 5082 574 5142 οπο..
599 5071 878 5142 θελήσασι.

518 5141 630 5211 (³75)
670 5137 1003 5211 Εὺπρεπές.
1048 5142 1214 5212 llegg.
1247 5157 1295 5207 ρ,
1316 5142 1368 5212 εὶ,
1405 5152 1459 5195 et
1501 5141 1685 5194 decem
1720 5137 1891 5202 Colb..
1929 5139 2018 5192 εὐ-

445 5213 664 5283 τρεπές,
701 5232 720 5263 ι
751 5210 1014 5283 parata.)
1049 5210 1522 5283 Sic'legitBillius.

518 5281 629 5351 (76)
683 5277 1151 5349 ’EJagon6dJovc.
1189 5277 1458 5335 (Dianas.
1497 5299 1517 5332 ι
1540 5277 1710 5351 Dicta
1738 5288 1823 5334 est
1867 5279 2020 5332 Ἐλα-

447 5351 678 5422 φηὸόλος
710 5353 896 5422 Diana,
928 5352 1078 5420 quasi
1116 5367 1304 5406 cervos
1347 5350 1707 5422 scite_figens,
1743 5360 1836 5422 aut
1866 5359 2018 5405 certo

2115 4859 2309 4914 stituit.
2359 4858 2488 4925 ρυω
2536 4851 2720 4923 postea
2763 4851 2944 4913 Diana:
2974 4851 3429 4925 sacerdosfacta,
3466 4851 3693 4925 hospiti-

2116 4931 2217 5009 bus
2244 4921 2436 4983 manus
2465 4921 2686 4995 inferre,
2714 4928 3071 4997 hominesque
3097 4925 3197 4993 ipsi
3241 4921 3523 4977 immolare
3556 4921 3694 4976 didi-

2119 5009 2299 5136 c"('78)
2344 5066 2412 5120 Τὸ
2445 5068 2891 5136 ἱστορούμενον.
2949 5065 3042 5120 Sic
3070 5064 3234 5133 Begg.
3286 5075 3337 5124 a,
3381 5072 3432 5123 c,
3473 5057 3531 5122 d,
3578 5057 3693 5124 bm,

2114 5136 2183 5206 plt
2214 5148 2260 5190 el
2289 5137 2439 5192 Pass.
2477 5137 2641 5206 Deest,
2662 5136 2722 5189 τό
2752 5141 2804 5189 in
2831 5137 2918 5192 ed.

2115 5196 2129 5206 ’
2189 5206 2299 5276 (79)
2350 5206 2402 5258 Ὁ
2434 5205 2594 5288 ἐμός.
2620 5205 2712 5260 Sic
2747 5207 2916 5278 Regg.
2946 5221 2999 5269 a,
3029 5218 3079 5268 c,
3105 5203 3160 5267 d,
3185 5201 3300 5264 bm,
3326 5201 3418 5269 plt,
3453 5197 3548 5254 0r.
3578 5196 3617 5252 2
3639 5207 3690 5253 et

2114 5275 2265 5330 Pass.
2300 5276 2456 5330 Deest
2482 5278 2511 5329 6
2546 5277 2705 5330 med.

2189 5347 2302 5418 (80)
2346 5346 2518 5410 Οἵων,
2572 5345 2839 5418 θιοηθῑιι.
2886 5361 2957 5418 :_c
2996 5342 3191 5418 quibus
3242 5339 3576 5418 ornamentis
3629 5340 3691 5390 al‘

447 5409 554 5475 i'ct'u
582 5409 801 5476 feriens.
836 5409 959 5475 Haec
978 5422 1161 5476 Orioni
1193 5430 1248 5475 et
1268 5419 1506 5474 Actaeoni
1538 5409 1702 5481 irata,
1731 5419 1958 5472 alterum
1986 5435 2016 5471 a
2118 5409 2580 5484 initio'prtetlitus,
2609 5426 2664 5469 et
2694 5417 2745 5469 in
2777 5414 2919 5485 quod
2946 5409 3222 5485 exemplar
3248 5409 3482 5485 intuens,
3525 5426 3543 5460 ι
3585 5418 3697 5464 etc.

447 5492 728 5558 scorpione
777 5492 1203 5561 percutiendum,
1243 5490 1469 5545 alterum
1504 5489 1731 5543 suismet
1770 5491 2019 5544 manibus

448 5562 846 5615 dilaCeranduttt
869 5562 1087 5627 objecit.

518 5630 630 5699 (77)
674 5630 1105 5685 Ἀντιδοθεῖσαν
1119 5630 1349 5699 ἔλαφον
1363 5628 1473 5697 τῆς
1492 5628 1807 5699 παρθένου.
1838 5646 1856 5678 ι
1885 5627 2023 5699 Sub-

448 5698 690 5755 Stitutam
737 5702 929 5772 virgini
967 5717 1201 5755 cervam.
1235 5698 1254 5750 ἰ
1286 5700 1550 5770 Iphigenia
1574 5698 1577 5699 ⁷
1603 5698 2023 5772 Agamettmouis

2188 5478 2319 5556 (δυ’
2347 5478 2852 5556 ’Υπερηὶιόντισεῖη
2874 5482 2966 5556 Or.
2996 5484 3051 5547 2,
3077 5478 3499 5556 QIEEPXdMGSV.

2188 5551 2299 5628 (82)
2340 5551 2716 5628 Προᾲθεῖνοιι.
2745 5554 2920 5628 Οτι-Ξ,
2953 5551 3276 5628 προσϐῆναι.

2190 5621 2299 5697 (85)
2338 5621 2635 5697 καθάπερ.
2660 5625 2723 5697 ,1η
2758 5621 3098 5697 quibusdam,
3124 5621 3220 5683 ὡς.

2194 5685 2309 5766 (84)
2353 5697 2432 5750 Ἦ
2477 5685 2591 5751 καῖ
2611 5696 2683 5751 τὰ
2720 5685 2983 5765 σῶματα.
3026 5685 3090 5746 Ιιι
3133 5688 3423 5755 nonnullis,
3480 5685 3515 5758 ἢ
3556 5686 3697 5741 κατὰ

450 5772 579 5838 lilia,
616 5789 735 5827 cum
763 5767 942 5827 Diana:
981 5774 1033 5828 in
1076 5767 1579 5827 sacriﬁcium—esset
1614 5767 1815 5835 oblata,
1854 5767 2020 5823 Diana
2122 5767 2367 5836 σώματα.
