3902 6218
318 302 430 361 503

1149 312 1409 370 ORATIO
1451 315 1632 374 XLIII.
1672 349 1744 363 —-
1776 318 1844 376 IN
1886 320 2167 379 LAUDEM
2209 322 2451 381 BASlLll
2492 322 2730 384 MAGNI.

3479 335 3584 392 506

323 419 427 516 μεν
476 420 570 516 καὶ
606 419 1145 516 άλλαγνωρίσματα
1168 468 1184 490 ,
1241 433 1672 505 πτωχοτροφίαι,
1707 433 1911 499 ξενοδο-

2016 437 2182 492 multa
2227 455 2439 509 quoque
2477 441 2580 495 alia
2624 440 2855 512 insignia
2885 450 3031 505 sunt,
3064 443 3342 506 nimirum.
3375 459 3583 516 paupe-

318 510 458 581 χίαι,
488 513 668 584 ψυχῆς
701 514 969 587 κάθαρσις
987 517 1048 584 ἐξ
1076 521 1406 591 ἐγκρατείας
1433 563 1447 586 ,
1473 523 1750 597 ἀπόμοιρα
1773 529 1907 599 κτή-

321 619 461 666 σεως
506 603 626 675 Θεῷ
654 606 1085 680 καθιερωθείσης
1124 610 1391 683 (πρᾶγμα
1413 612 1566 668 οὔπω
1602 616 1721 670 τότε
1772 619 1906 671 πολ-

316 695 434 759 λοῖς
468 697 928 768 σπουδαζόμενον,
957 700 1145 774 ὥσπερ
1176 704 1275 759 νῦν
1298 705 1531 777 αὐξηθέν
1547 726 1606 761 τε
1631 708 1727 764 καὶ
1749 728 1907 782 τιμη-

318 784 411 839 θὲν
445 788 508 841 ὲκ
532 786 641 842 τῶν
674 789 908 860 πρώτων
934 792 1348 865 ὑποδειγμάτων
1380 796 1550 870 [85]),
1577 799 1647 853 τά
1665 819 1724 854 τε
1747 801 1901 868 ἄλλα,

314 878 419 932 ὅσα
441 880 628 952 Πόντῳ
663 883 774 951 (86)
807 885 900 938 καὶ
927 887 1326 954 Καππαδόκαις
1374 893 1759 963 μερισαμένοις
1807 895 1904 966 ἧρ-

317 987 447 1023 κεσε
477 972 689 1028 πολλῶν
719 974 963 1045 πληροῦν
985 978 1156 1043 ἀκοάς
1184 997 1197 1009 ·
1238 981 1364 1052 ἐμοὶ
1392 982 1447 1036 δὲ
1474 984 1730 1053 μέγιστον
1758 987 1905 1040 δοκεῖ
1932 1034 1943 1041 .

315 1062 415 1115 καὶ
450 1066 914 1134 περιφανέστατον
935 1072 967 1140 ἡ
992 1070 1262 1127 εὐτεκνία.
1294 1074 1431 1136 Τούς
1456 1073 1569 1145 γὰρ
1581 1075 1777 1140 αὐτοὺς
1801 1094 1899 1131 ποι

310 1154 581 1220 λύπαιδας
612 1159 705 1211 καὶ
736 1159 1113 1226 καλλίπαιδας,
1158 1163 1317 1233 μῦθοι
1348 1164 1446 1236 μὲν
1490 1166 1617 1230 ἴσως
1653 1166 1897 1238 ἔχουσινο

311 1243 538 1312 ἡμῖν’δὲ
570 1245 790 1311 τούτους
827 1251 1054 1333 ήπεῖρα
1091 1252 1404 1323 παρέστησε
1430 1293 1446 1317 ,
1476 1255 1752 1320 τοιούτους
1799 1258 1901 1329 μὲν

315 1333 514 1399 αὐτοὺς
546 1339 840 1406 γεγονότας
866 1383 881 1406 ,
938 1341 1079 1396 ὥστε
1121 1347 1169 1397 εξ
1219 1347 1314 1399 καὶ
1365 1346 1439 1418 μὴ
1477 1348 1732 1403 τοιούτων
1758 1345 1899 1422 ἦσαν

314 1428 572 1500 πατέρες,
621 1432 834 1495 ἑαυτοῖς
878 1436 958 1497 εἰς
1008 1435 1251 1501 εὐδοξίαν
1297 1438 1532 1510 ἀρκεῖνο
1559 1442 1815 1496 τοιούτων
1841 1444 1900 1498 δὲ

311 1520 614 1585 πεφηνότες
652 1523 885 1595 πατέρες
918 1524 1070 1596 (87),
1103 1526 1245 1580 ὥστε
1285 1530 1335 1582 εί
1368 1530 1462 1583 καὶ
1498 1530 1573 1602 μὴ
1601 1531 1711 1602 (88)
1743 1532 1898 1585 αὐτοὶ

307 1610 565 1665 τοσοῦτον
598 1613 707 1685 (89)
742 1612 881 1688 ἦσαν
918 1621 998 1682 εἰς
1034 1618 1235 1691 ἀρετὴν
1258 1661 1273 1682 ,
1325 1622 1531 1685 πάντας
1579 1623 1896 1694 ὑπεραίρειν

2010 545 2126 584 rum
2175 531 2490 587 alendorum
2518 573 2533 598 ,
2580 543 2743 601 atque
2796 532 3068 602 hospitum
3127 536 3580 605 excipiendorum

2007 623 2269 687 studium,
2307 624 2500 678 anima:
2549 625 2799 694 purgatio
2833 639 2929 694 per
2967 626 3379 693 continentiam,
3417 628 3584 686 bono-

2010 729 2125 768 rum
2167 715 2343 784 portio
2390 714 2499 769 Deo
2530 724 2847 771 consecrata
2878 717 3021 785 (qum
3065 732 3151 772 res
3184 720 3419 774 nondum
3454 730 3581 774 tunc

2007 804 2189 858 multis
2245 804 2425 857 studio
2467 814 2608 870 erat,
2661 816 2719 860 ut
2769 821 2914 860 nunc
2970 823 3037 862 ex
3082 810 3273 877 primis
3320 811 3580 881 exemplis

2005 896 2231 949 adaucta
2280 909 2334 951 et
2384 897 2528 953 culta
2581 897 2710 971 est),
2759 899 2971 970 aliaque
3017 903 3221 967 omnia,
3269 918 3391 972 qua:
3439 904 3581 958 inter

2004 985 2236 1041 Pontum
2280 998 2334 1043 et
2379 989 2727 1059 Cappadoces
2771 993 2966 1059 divisa,
3014 994 3308 1048 multorum
3357 997 3580 1050 auribus

2005 1080 2291 1149 implendis
2337 1080 2703 1148 sull'eccruut;
2752 1083 2882 1137 mihi
2939 1093 3119 1139 tamen
3174 1086 3469 1139 maximum
3523 1096 3578 1141 et

2003 1171 2359 1226 clarissimum
2401 1188 2524 1229 esse
2571 1174 2784 1228 videtur
2844 1174 3077 1245 felicitas
3105 1177 3157 1230 in
3202 1176 3407 1231 liberis.
3441 1177 3574 1232 Nam

2002 1264 2091 1331 qui
2128 1263 2289 1317 simul
2311 1274 2365 1319 et
2397 1265 2613 1329 multos,
2650 1275 2703 1322 et
2733 1267 2934 1337 probos
2962 1278 3123 1336 atque
3150 1269 3406 1323 honestos
3435 1268 3576 1322 filios

2001 1355 2314 1420 habuerint,
2347 1354 2401 1410 in
2444 1355 2645 1411 fabulis
2671 1356 2904 1413 fortasse
2940 1359 3182 1428 reperias
3215 1375 3228 1410 :
3259 1361 3356 1414 hos
3392 1370 3573 1414 autem

2000 1447 2339 1515 experientia
2370 1448 2485 1517 ipsa
2520 1449 2678 1503 nobis
2700 1449 2966 1516 exhibuit,
2997 1460 3055 1505 ut
3079 1452 3169 1521 qui
3196 1453 3329 1507 tales
3356 1453 3571 1521 quidem

2002 1538 2099 1605 ipsi
2134 1536 2354 1603 fuerint,
2389 1545 2470 1602 ut,
2508 1539 2722 1593 etiamsi
2782 1541 2968 1593 talium
2999 1540 3288 1595 liberorum
3321 1548 3574 1608 parentes

1998 1628 2419 1698 haudquaquam
2473 1630 2828 1696 exstitissent,
2861 1631 2962 1686 sibi
2998 1630 3130 1698 ipsis
3159 1641 3334 1684 tamen
3365 1629 3431 1682 ad
3471 1644 3567 1684 uo-

307 1704 375 1773 τῇ
399 1702 669 1776 εὐτεκνίᾳ.
702 1707 839 1761 Ἕνα
867 1709 966 1781 μὲν
998 1708 1107 1780 γὰρ
1132 1710 1165 1781 ἢ
1194 1710 1287 1763 δύο
1316 1710 1565 1779 γενέσθαι
1602 1712 1711 1766 τῶν
1738 1715 1896 1767 ἐπαι-

2000 1723 2164 1776 minis
2208 1722 2509 1778 claritatem
2550 1722 2796 1777 suilicere
2839 1723 3168 1792 potuissent;
3212 1737 3426 1775 rursum
3474 1734 3570 1774 au-

306 1792 606 1863 νουμὲνων,
640 1796 743 1851 κᾶν
790 1802 853 1871 τῇ
909 1801 1069 1868 φύσει
1098 1801 1212 1873 δοίη
1238 1819 1321 1866 τις
1346 1819 1359 1833 ο
1395 1803 1428 1874 ὴ
1457 1802 1514 1857 δὲ
1538 1803 1627 1856 διὰ
1677 1803 1895 1859 πάντων

2000 1821 2106 1865 tem
2140 1812 2399 1883 ejusmodi
2427 1814 2570 1869 filios
2610 1814 2661 1866 iu
2706 1814 2878 1866 lucem
2923 1813 3237 1878 extulerint,
3270 1822 3348 1875 ut,
3381 1812 3570 1865 etiam-

304 1885 567 1957 ἀκρότης,
604 1890 774 1958 σαφὲς
797 1890 907 1944 τῶν
936 1894 1253 1962 ἀγαγόντων
1273 1893 1569 1975 ἐγκώμιοντ
1604 1896 1765 1967 Δηλοῖ
1787 1897 1844 1951 δὲ
1863 1902 1891 1952 ὁ

2000 1903 2045 1955 si
2080 1904 2183 1972 ipsi
2217 1918 2322 1956 non
2354 1912 2497 1957 tanta
2531 1904 2733 1959 virtute
2763 1902 3012 1970 fuissent,
3038 1917 3228 1958 omnes
3260 1910 3438 1956 tamen
3477 1908 3591 1955 so-'

305 1980 646 2049 μακαριστὸς
676 1981 785 2035 τῶν
813 1984 1005 2054 ίερέων
1039 1985 1132 2038 καὶ
1164 1985 1271 2039 τῶν
1307 1987 1593 2058 παρθένων
1634 1988 1888 2060 ἀριθμὸς,

2000 1994 2134 2048 bolis
2178 1994 2445 2051 felicitate
2485 1996 2792 2066 superaturi
2842 2005 3046 2051 essent.
3094 1994 3229 2048 Nam
3276 2009 3399 2049 cum
3430 2008 3570 2048 unus

301 2070 399 2120 καὶ
428 2069 538 2122 τῶν
560 2071 619 2123 ὲν
652 2072 836 2143 γάμῳ,
877 2073 1044 2145 μηδὲν
1090 2077 1157 2146 τῇ
1195 2075 1428 2147 συζυγίᾳ
1478 2076 1742 2148 βλαϐῆναι
1776 2081 1888 2151 (90)

2000 2094 2089 2137 aut
2133 2085 2243 2140 duo
2293 2101 2415 2141 cum
2465 2086 2622 2141 laude
2661 2089 2869 2151 vivunt,
2908 2086 2961 2141 id
3002 2087 3108 2141 tale
3151 2094 3336 2149 est,ut.
3365 2093 3570 2138 natura

302 2159 674 2232 βιασαμένων,
708 2164 844 2237 πρὸς
866 2165 964 2237 τὴν
993 2164 1115 2237 τσην
1149 2168 1249 2236 τῆς
1271 2167 1476 2239 ἀρετῆς
1516 2168 1886 2241 εὐδοκίμησιν,

2000 2177 2193 2232 ascribi
2245 2186 2440 2246 queat;
2474 2188 2530 2232 at
2574 2179 2812 2247 undique
2838 2177 3078 2247 perfecta
3111 2166 3165 2233 et
3189 2177 3257 2231 ad
3289 2191 3559 2232 suuuuutn

299 2252 441 2306 ἀλλὰ
471 2253 601 2323 βίων
633 2255 743 2327 (91)
774 2257 1018 2328 αἱρέσεις
1046 2259 1247 2330 μᾶλλον
1275 2301 1291 2325 ,
1332 2259 1364 2330 ἢ
1403 2260 1677 2325 πολιτείας
1713 2262 1887 2318 ταῦτα

2000 2278 2248 2338 provecta
2282 2270 2524 2324 omnimn
2568 2271 2765 2335 virtus,
2795 2271 2862 2325 iis
2892 2271 3071 2339 plane,
3113 2285 3144 2323 a
3188 2268 3384 2338 quibus
3428 2268 3563 2323 editi

300 2347 713 2416 ποιησαμένων.

2000 2369 2047 2414 et
2089 2360 2301 2415 educati
2348 2370 2494 2427 sunt,
2530 2362 2793 2432 assignari
2838 2362 3018 2417 debet.
3048 2361 3200 2428 Quod
3239 2361 3457 2430 quidem
3503 2359 3568 2413 li-

301 2440 472 2509 quido
527 2445 866 2499 demonstrat
930 2444 1018 2500 ille
1060 2445 1337 2501 felicitatis
1405 2448 1624 2503 nomine
1684 2449 2059 2517 praadicandus
2101 2456 2446 2509 sacerdotum
2497 2464 2552 2508 et
2593 2455 2859 2524 virginum
2905 2468 3181 2519 numerus,
3232 2466 3561 2520 eorumque,

300 2534 392 2596 qui
426 2533 479 2586 in
515 2536 858 2589 matrimonio
885 2551 1004 2591 eam
1037 2539 1143 2591 vim
1211 2541 1313 2594 sibi
1361 2541 1741 2609 adhibuerunt,
1800 2554 1858 2598 ut
1916 2544 2049 2598 nihil
2115 2547 2498 2616 impedimento
2541 2557 2706 2612 esset,
2753 2545 3044 2614 quominus
3094 2558 3279 2612 parem
3350 2540 3565 2594 virtutis

297 2625 530 2695 gloriam
575 2639 1036 2696 assequerentur;
1091 2642 1255 2699 atque
1300 2630 1429 2687 illud
1499 2632 1821 2704 effecerunt,
1891 2646 1949 2691 ut
1985 2638 2100 2694 haec
2143 2653 2399 2709 generum
2436 2639 2560 2692 vita:
2601 2638 2805 2707 potius,
2854 2649 3014 2706 quam
3067 2632 3294 2688 rationis
3336 2630 3550 2684 vivendi

297 2717 595 2773 eiei-tiones
623 2728 825 2773 essent.

374 2814 433 2866 1'.
464 2812 560 2875 Τίς
592 2813 691 2865 οὐκ
709 2807 819 2865 οἶδε
848 2810 940 2865 τὸν
973 2811 1165 2866 τούτου
1200 2813 1443 2886 πατέρα,
1483 2815 1784 2882 Βασίλειον,
1824 2817 1886 2871 τὸ

302 2906 447 2976 μέγα
476 2904 627 2976 παρὰ
656 2906 821 2957 πᾶσιν
852 2904 1043 2975 ὖνομα,
1068 2904 1127 2969 ὃς
1161 2906 1435 2977 πατρικῆς
1471 2907 1638 2978 εὐχῆς
1670 2908 1881 2980 ἔτυχεν,

2061 2816 2132 2872 Χ.
2168 2814 2333 2871 Eccui
2384 2813 2640 2876 Basilius,
2667 2809 2847 2865 Basilii
2897 2807 3066 2862 nostri
3109 2815 3285 2877 pater,
3317 2803 3567 2874 incogni-

1994 2917 2079 2963 tus
2109 2916 2213 2971 est,
2249 2905 2329 2958 vir
2369 2904 2546 2974 magni
2573 2904 2712 2972 apud
2741 2916 2928 2955 omnes
2958 2898 3213 2963 nominis,
3244 2897 3332 2961 qui
3357 2895 3566 2964 paterni

297 2999 388 3051 ἵνα
445 2996 517 3068 μὴ
570 2996 714 3066 λέγω
770 2996 952 3068 μόνος,
1008 2996 1166 3068 εἴπερ
1196 3015 1282 3062 τις
1313 2997 1651 3069 άνθρὼπων;
1679 3002 1885 3067 Παντὸς

2000 2997 2097 3050 voti
2153 3009 2376 3063 compos
2424 2995 2596 3047 factus
2641 3001 2744 3058 est,
2785 2993 2829 3044 si
2873 2990 2992 3059 quis
3020 3003 3256 3056 unquam
3310 2985 3468 3048 alius,
3499 3000 3564 3038 ne

295 3090 410 3161 γὰρ
443 3088 663 3160 κρατῶν
695 3090 886 3161 ἀρετῇ,
911 3089 1061 3160 παρὰ
1089 3088 1183 3143 τοῦ
1218 3091 1406 3155 παιδὸς
1430 3091 1695 3147 κωλύεται
1724 3092 1885 3163 μόνου

2000 3091 2165 3144 dicam
2193 3086 2380 3143 solus?
2407 3084 2541 3141 Cum
2572 3084 2716 3138 enim
2750 3084 2987 3150 reliquos
3022 3095 3210 3134 omnes
3234 3079 3434 3132 virtute
3465 3093 3563 3131 su-

295 3182 360 3235 τὺ
384 3183 649 3252 πρωτεῖον
676 3180 839 3251 ἔχειν.
876 3182 972 3246 Τίς
1005 3182 1302 3253 Ἐμμελίαν
1336 3182 1471 3254 (92),
1500 3183 1598 3254 τὴν
1617 3184 1753 3255 ὅπερ
1774 3184 1889 3254 έγέ-

296 3289 421 3327 νετο
452 3272 882 3344 προκληθεῖσαν,
915 3273 949 3344 ἢ
979 3275 1282 3345 γενομένην
1328 3273 1357 3327 ὃ
1399 3274 1713 3347 προεκλήθη
1733 3292 1747 3306 ο
1788 3276 1887 3346 τὴν

295 3367 396 3436 τῆς
429 3364 724 3435 ἐμμελείας
748 3364 917 3428 ὅντως
946 3363 1289 3437 φερώνυμον,
1318 3365 1353 3437 ἢ
1375 3365 1533 3419 τοῦτο
1553 3368 1610 3420 ὲν
1641 3367 1887 3435 γυναιξὶν

296 3453 478 3526 ὤφθη,
508 3455 559 3507 εὶ
588 3454 671 3508 δεῖ
719 3453 1001 3525 συντόμως
1049 3456 1225 3508 εἰπεῖν
1251 3496 1267 3521 ,
1330 3456 1468 3527 ὅπερ
1522 3458 1581 3531 εν
1629 3457 1886 3528 ἀνδράσιν

295 3551 526 3612 ἐκεῖνος.
555 3548 706 3602 ’Ὠστ’
734 3549 895 3619 εἴπερ
921 3548 1029 3602 ἔδει
1057 3548 1409 3603 δουλεύει-οντα
1440 3550 1550 3621 (95)
1575 3533 1794 3614 πάντως
1817 3553 1883 3622 τῇ

297 3641 459 3710 φύσει
482 3639 576 3693 τὸν
609 3638 705 3694 νῦν
732 3639 1146 3710 εὐφημούμενον
1167 3640 1279 3711 (94)
1308 3640 1619 3712 ἀνθρώποις
1641 3640 1883 3711 δοθῆναι,

295 3725 489 3796 ὥσπερ
519 3727 643 3779 τινὰ
688 3725 797 3779 τῶν
831 3727 997 3781 πάλαι
1049 3726 1161 3798 (95)
1210 3727 1362 3800 παρὰ
1406 3729 1542 3783 Θεοῦ
1589 3729 1886 3807 δεδομένων

296 3821 379 3883 εἰς
403 3818 583 3873 κοινὸν
614 3818 828 3889 δφελος,
851 3823 990 3891 μήτε
1020 3818 1082 3885 ἐξ
1105 3819 1279 3875 ἄλλων
1305 3820 1506 3891 μᾶλλον
1533 3821 1816 3893 ἁρμόζειν,
1848 3823 1882 3892 ἢ

296 3913 524 3967 ἐκείνων
551 3912 742 3967 τοῦτον
775 3913 1047 3982 γενέσθαι,
1080 3916 1216 3986 μήτε
1258 3916 1489 3979 ἐκείνοις
1532 3917 1721 3989 ἑτέρου
1751 3916 1888 3985 μᾶλ-

294 4002 389 4057 λον
410 4003 458 4087 ,ἢ
491 4002 644 4056 τοῦδε
673 4005 946 4076 πατράσιν
971 4006 1372 4076 ὀνομασθῆναι·
1410 4006 1547 4078 ὅπερ
1584 4004 1677 4062 οὖν
1709 4008 1887 4072 καλῶς
1938 4063 1947 4072 ,

297 4093 488 4148 ποιοῦν
520 4095 615 4148 καὶ
643 4095 996 4167 συνέδραμεν.
1049 4098 1202 4152 Ἐπεὶ
1242 4098 1299 4152 δὲ
1343 4099 1442 4162 τὰς
1480 4099 1736 4171 ἀπαρχὰς
1778 4100 1886 4154 τῶν

296 4187 538 4243 ἐπαίνων
562 4187 715 4259 νόμῳ
747 4188 878 4260 θείῳ
904 4190 1242 4262 πειθόμενοι,
1268 4190 1327 4254 ὃς
1358 4191 1599 4262 πατράσι
1634 4189 1744 4262 (96)
1791 4207 1885 4245 κε-

296 4278 445 4331 λεύει
472 4278 653 4331 πᾶσαν
683 4278 869 4348 νέμειν
904 4278 1092 4351 τιμὴν,
1133 4282 1246 4343 τοῖς
1269 4278 1721 4351 μνημονευθεῖσιν
1746 4281 1886 4333 ἀπο-

1989 3180 2212 3251 perarit,
2246 3196 2274 3233 a
2297 3178 2413 3234 solo
2447 3178 2555 3232 lilio
2583 3178 2786 3246 primas
2819 3177 3066 3229 obtinere
3094 3172 3431 3241 prohibetur.
3463 3170 3564 3223 Ec-

1987 3272 2072 3325 cui
2104 3271 2265 3340 777
2301 3269 2581 3334 Emmelia,
2606 3283 2725 3335 qua:
2750 3267 2797 3319 id
2822 3267 2974 3334 prius
2999 3262 3261 3332 appellata
3288 3271 3392 3323 est,
3420 3260 3565 3330 quod

1988 3370 2174 3433 postea
2200 3361 2333 3428 fuit;
2363 3371 2456 3415 aut
2489 3360 2542 3414 id
2579 3361 2700 3423 fuit,
2732 3359 2876 3427 quod
2919 3358 3068 3426 prius
3097 3364 3405 3422 nuncupata
3444 3352 3562 3407 fue‘

1988 3464 2106 3517 rat;
2137 3454 2247 3520 illa,
2279 3455 2521 3523 inquam,
2559 3453 2751 3506 merito
2792 3448 3110 3521 ἐμμελείας,
3139 3448 3190 3502 id
3220 3454 3324 3513 est,
3345 3445 3564 3498 concin-

1987 3547 2186 3608 nitatis,
2235 3560 2428 3601 nomen
2481 3546 2681 3609 ferens,
2732 3559 2872 3612 qtne,
2923 3552 2980 3597 ut
3024 3556 3132 3596 uno
3163 3541 3327 3593 verbo
3363 3538 3562 3602 dicam,

1991 3640 2091 3693 hoc
2113 3640 2255 3693 inter
2288 3637 2544 3693 mulieres
2570 3636 2692 3701 fuit,
2724 3637 2868 3704 quod
2901 3634 2991 3689 ille
3024 3634 3167 3686 inter
3195 3632 3374 3696 viros;
3409 3641 3486 3691 ut,
3519 3627 3567 3696 si

1986 3728 2203 3797 quidem
2233 3741 2377 3791 eum,
2407 3727 2559 3793 cujus
2590 3725 2776 3781 laudes
2817 3724 3169 3778 illustrandas
3203 3720 3563 3788 suscepimus,

1986 3820 2051 3871 ad
2086 3818 2398 3872 servitutem
2451 3826 2656 3870 natura;
2696 3815 3026 3878 obeundam,
3097 3810 3414 3866 mortalibus
3446 3807 3562 3861 dari

1989 3907 2294 3977 Oportebat,
2318 3906 2466 3962 velut
2488 3906 2797 3975 quempiam
2831 3920 2896 3957 ex
2924 3903 3118 3974 priscis
3143 3902 3248 3955 illis
3284 3900 3439 3963 viris,
3471 3898 3565 3967 qui

1989 4003 2055 4057 ad
2112 3999 2383 4069 publicam
2430 3998 2720 4053 utilitatem
2768 3996 2952 4049 divino
2998 3980 3276 4048 beneﬁcio
3313 3989 3563 4045 cunccssi

1987 4099 2137 4154 sunt,
2169 4102 2342 4158 neque
2380 4087 2506 4142 huic
2546 4102 2613 4140 ex
2655 4084 2776 4139 aliis
2820 4085 3022 4153 potius,
3059 4095 3220 4150 quam
3256 4094 3321 4133 ex
3368 4079 3451 4131 his
3489 4079 3568 4148 gi-

1986 4181 2076 4251 gui
2112 4179 2448 4242 conveniret,
2480 4191 2658 4246 neque
2697 4176 2806 4230 illis
2860 4190 3047 4229 rursus
3078 4173 3396 4242 cujusquam
3425 4168 3561 4223 alte-

1990 4273 2101 4328 rius
2144 4273 2342 4343 potius,
2391 4286 2551 4340 quam
2603 4269 2762 4338 hujus
2816 4276 3067 4336 parentes
3107 4264 3397 4321 nominari.
3432 4263 3563 4330 Qua:

296 4370 636 4442 δεδώκαμεν,
663 4372 749 4423 ἐπ’
772 4371 937 4424 αὐτὸν
970 4373 1140 4442 ἴωμεν
1171 4372 1297 4443 ἤδη,
1329 4372 1581 4426 τοσοῦτον
1617 4372 1881 4437 εἰπόντες,

2000 4370 2106 4424 duae
2153 4384 2243 4424 res
2297 4364 2678 4436 percommode
2717 4370 3133 4417 concurrerunt.
3193 4358 3556 4426 Posteaquam

294 4459 328 4513 ὃ
349 4460 446 4513 καὶ
472 4462 641 4514 πᾶσιν
665 4458 732 4514 ἂν
758 4457 913 4532 οἶμαι
959 4461 1163 4528 δόξειεν
1205 4462 1423 4532 ἀληθῶς
1466 4461 1720 4525 λέγεσθαι
1771 4464 1885 4525 τοῖς

296 4552 506 4608 ἐκεῖνον
541 4555 948 4626 ἐπισταμένοις,
984 4556 1067 4609 ὅτι
1113 4556 1282 4628 μόνης
1325 4557 1458 4627 ἡμῖν
1492 4554 1596 4609 ἔδει
1617 4555 1715 4626 τῆς
1748 4555 1890 4608 ὲκεί-

369 4711 486 4780 (85)
540 4709 1022 4781 Ὑποδειγμάτων.
1055 4710 1228 4774 Pass.,
1250 4708 1738 4781 παραδειγμάτων.

367 4778 484 4851 (86)
523 4782 683 4836 Ὅσα
719 4778 950 4846 Πόντῳ,
985 4792 1090 4838 etc.
1120 4780 1300 4836 Basilii
1337 4778 1589 4851 parentes
1619 4788 1728 4851 tam
1763 4778 1883 4832 exi-

297 4849 404 4907 mia
430 4853 649 4922 pietatis
678 4851 1056 4907 munificentia:
1081 4860 1135 4906 et
1162 4849 1448 4906 charitatis
1473 4849 1739 4918 exempla,
1769 4857 1880 4902 tum

298 4923 353 4975 iu
383 4922 576 4983 Ponto,
608 4932 720 4975 tum
748 4922 888 4989 apud
910 4921 1258 4992 Cappadoces
1285 4920 1665 4992 praestiterant,
1709 4928 1768 4971 ut
1801 4933 1880 4972 re-

323 4941 353 4974 ιι
383 4941 576 4983 ιόηιο,
608 4941 720 4975 tum
748 4941 888 4984 apuo
910 4941 1258 4984 υθνβαοοειεδ
1285 4941 1665 4984 praestiterant,
1709 4941 1768 4971 ιιι
1801 4941 1885 4972 re-

296 4994 488 5062 giones
524 4992 627 5047 illae
673 4993 740 5046 de
765 4990 1003 5062 filiorum
1041 4991 1286 5045 laudibus
1318 4990 1884 5062 continuoi‘persona-

294 5058 443 5117 rent.
490 5063 643 5129 Quod
685 5061 902 5131 quidem
954 5069 1361 5131 monumentum
1404 5058 1886 5114 honorificentissi-

296 5147 447 5186 mum
473 5143 579 5198 est,
602 5147 666 5186 ac
694 5129 810 5201 ipso
842 5145 1117 5187 marmore
1146 5129 1455 5201 pretiosius.

372 5197 870 5275 (87))Hsgomcdtsc
903 5197 1174 5275 πατέρες.
1232 5198 1426 5275 Chrys.
1486 5207 1540 5252 et
1596 5197 1763 5275 Coisl.
1829 5198 1881 5265 1,

296 5267 902 5343 πεφηνόταςπατέρας.
941 5267 1114 5343 ξδεέη
1148 5267 1461 5343 πεφυκότας
1483 5267 1748 5343 πατέρας.

372 5337 484 5425 (88)
519 5346 591 5397 El
644 5341 763 5412 καὶ,
783 5337 891 5409 μή.
939 5340 1109 5414 Regg.
1171 5337 1243 5401 c,’
1287 5342 1320 5394 d
1384 5351 1441 5393 et
1490 5337 1665 5407 Pass.,
1721 5339 1770 5392 εί
1809 5337 1885 5410 μὴ

296 5430 415 5466 και.

374 5481 488 5551 (89)
526 5481 852 5552 Τοσοῦτον.
874 5480 1071 5552 Chrys.
1095 5479 1319 5552 et_Par.,
1354 5476 1618 5552 τοσοῦτοι.

373 5548 487 5620 (90)
526 5551 856 5620 Βλαϐῆναι.
892 5548 1005 5606 Duo
1032 5550 1221 5615 Coisl.,
1252 5548 1691 5620 stupeﬁatﬁijvat.

374 5617 490 5694 (9i)
541 5617 914 5694 Ἀλλᾶβιων,
948 5633 1057 5676 etc.
1086 5617 1344 5694 Ostendit
1361 5619 1449 5694 hic
1484 5617 1883 5694 Gregoriussa-

298 5688 628 5756 certlotiunt,
654 5692 967 5747 ccelibatum
991 5699 1045 5745 et
1071 5688 1496 5753 matrimonium,
1522 5689 1643 5742 vitae
1668 5688 1885 5757 quidem

297 5777 507 5835 genere
528 5773 585 5819 et
615 5763 862 5818 instituto
893 5761 1036 5818 inter
1069 5774 1128 5816 se
1158 5758 1390 5815 diﬂ‘erre.
1419 5773 1522 5835 nop
1548 5757 1673 5814 item
1714 5761 1883 5813 ratio-

1994 4473 2171 4517 autem
2225 4461 2326 4530 legi
2373 4458 2568 4512 divinae
2621 4456 3080 4523 obtemperantes,
3120 4466 3241 4522 qua:
3299 4451 3562 4506 honorem

1994 4568 2210 4609 onmem
2245 4550 2557 4623 parentibus
2587 4546 2771 4602 haberi
2798 4547 2971 4617 jubet,
3007 4545 3098 4609 iis,
3127 4558 3355 4616 quorum
3407 4556 3562 4595 men-

1983 4722 2051 4762 ne
2081 4706 2204 4760 vitae
2231 4705 2496 4776 gerenda.
2528 4701 2777 4776 Diversae
2824 4701 2921 4754 viae
2967 4709 3112 4776 sunt,
3145 4699 3341 4776 quibus
3370 4711 3562 4776 p_m_nes

1985 4766 2306 4847 pariter-“ad
2354 4775 2569 4829 virtutis
2615 4786 2833 4847 scopum
2871 4772 3088 4847 tendere
3126 4766 3342 4825 debent.
3370 4766 3561 4847 Multps

1985 4837 2127 4902 enim
2168 4845 2366 4900 liberos
2386 4837 2766 4914 procreaverat
2798 4840 2980 4914 Basilii
3007 4851 3174 4914 pater,
3198 4853 3438 4914 quorum
3467 4837 3557 4890 alii

1987 4908 2499 4985 virginitatém,'alii
2544 4912 2941 4985 matrimonium
2981 4908 3236 4977 amplexi,
3270 4908 3335 4960 ad
3376 4923 3558 4985 parem

1985 4976 2215 5057 virt'utis
2236 5000 2311 5057 ac
2360 4976 2576 5057 pietatis
2599 4976 3238 5057 glorianLPervenei-unt,
3280 4987 3354 5057 et_,
3388 4988 3444 5029 ut
3477 4976 3561 5057 io-

1986 5058 2170 5129 quitur
2206 5046 2762 5129 Tilletiioutittsftom.
2804 5046 2896 5114 IX,
2932 5050 3291 5129 ιιι-μῶρος,
3322 5046 3376 5109 7,
3419 5066 3437 5097 ι
3476 5047 3562 5100 in-

1987 5119 2069 5180 t'er
2099 5125 2217 5180 illos
2245 5125 2458 5195 generis
2488 5124 2632 5189 vitae,
2657 5136 2764 5176 non
2802 5119 3105 5175 sanctitatis
3133 5119 3422 5173 discrimen
3465 5132 3563 5170 ex-

1982 5197 2142 5251 stitit.
2188 5212 2207 5246 ι

2056 5264 2168 5334 (92)
2222 5263 2559 5333 Ἐμμελίαν.
2593 5260 2647 5315 In
2681 5260 2969 5326 nonnullis,
2999 5257 3343 5329 Ἐμμέλειαν.
3380 5273 3399 5304 ι
3439 5254 3564 5310 Em-

1988 5336 2167 5395 melia,
2211 5355 2230 5387 ι
2262 5334 2442 5386 Basdii
2476 5343 2666 5387 mater.
3038 5373 3045 5381 .

2056 5405 2168 5474 (95)
2204 5403 2642 5474 Δουλεύσοντα.
2682 5401 2856 5474 Pass"
2879 5398 3261 5474 δουλεύσαντα.

2055 5467 2168 5545 (9ί)
2202 5473 2690 5545 Εὐφημούμενᾳν.
2713 5471 2847 5545 ﬁeg.
2886 5467 3381 5545 ιΙ,,ὲπαινούμενον.

2055 5476 2145 5545 (94
2202 5476 2690 5543 Εὑφημούμενον.
2719 5476 2847 5538 Reg.
2886 5476 3381 5537 ι1,,ὲπαινούμενον.

2055 5476 2168 5616 (95)
2212 5544 2338 5616 T6»:
2359 5540 2565 5616 πάλαι.
2597 5543 2688 5616 Sic
2711 5541 2877 5616 ἣξεις.
2901 5556 2952 5604 a,
2978 5559 3028 5616 ᾳ,
3054 5543 3108 5616 ό,
3131 5539 3360 5616 bm,_pb,
3393 5535 3558 5591 Coisl.

1987 5617 2010 5670 ‘l
2040 5607 2095 5669 et
2114 5607 2171 5679 2',
2198 5616 2289 5669 0r.
2313 5614 2370 5679 2,
2400 5623 2507 5667 etc.
2538 5614 2592 5666 ln
2622 5614 2732 5673 ed.,
2766 5607 2873 5664 τῶν
2906 5610 3152 5664 παλαιῶν
3173 5607 3343 5679 πάλαι

2056 5676 2168 5753 (96)
2214 5686 2310 5740 Ὃ(-
2352 5676 2627 5750 πατράσι.
2683 5685 2771 5737 Sic
2815 5683 3051 5752 quinque
3098 5679 3264 5748 Regg.
3322 5677 3377 5733 lu
3448 5676 3557 5739 ed.,

1986 5756 2246 5826 πατράσι.
