3902 6218
307 322 427 394 ευτ’

1474 336 1531 391 S.
1575 335 1904 392 GREGORII
1944 337 2286 393 THEOLOGI

3455 338 3563 394 508

310 455 510 507 tionem
563 450 816 516 fecimus,
846 447 1113 519 primitias
1151 445 1367 499 laudum
1401 446 1780 513 persolvimus,
1816 447 1883 501 ad

2011 465 2074 500 ὀυ
2114 448 2300 517 φωνῆς
2352 447 2552 499 ἐκεῖνοι.
2612 445 3073 516 ἐγκωμιάζουσιν.
3147 445 3205 497 'O
3261 444 3368 516 γὰρ
3398 446 3566 512 αὐτὸς

309 544 484 610 ipsum
512 541 623 609 jam
655 541 958 596 orationem
983 535 1348 598 conferamus,
1382 543 1483 589 hoc
1510 545 1713 589 tantum
1743 551 1879 603 pra:-

310 630 429 697 fati,
466 632 607 700 quod
649 630 916 686 neminem
965 627 1080 681 fore
1113 637 1262 695 puto,
1289 624 1382 693 qui
1414 641 1517 679 non
1548 628 1828 681 verissime
1851 642 1881 680 a

313 737 398 775 me
423 721 526 775 dici
556 720 848 785 existimet,
881 718 971 787 qui
1000 718 1160 771 modo
1205 715 1355 769 illum
1391 716 1623 781 noverit,
1649 718 1803 772 nobis
1828 719 1881 771 in

314 833 382 872 eo
417 818 684 871 laudando
734 827 897 885 atque
931 814 1174 869 ornando
1226 813 1338 866 sola
1394 811 1562 880 ipsius
1599 827 1728 865 voce
1753 827 1886 881 Opus

314 921 457 961 esse.
494 905 635 957 Idem
675 904 818 957 enim
851 903 985 970 ipse,
1021 910 1074 954 et
1101 899 1377 967 splendida
1416 907 1502 951 est
1539 897 1763 950 materia
1798 897 1883 959 iis,

316 998 408 1067 qui
459 994 783 1049 laudationis
833 1007 1029 1046 munus
1071 989 1481 1060 aggrediuntur,
1506 998 1561 1042 et
1604 989 1754 1042 solus
1789 1001 1887 1051 pro

318 1087 514 1142 eximia
545 1102 642 1140 sua
675 1085 886 1139 dicendi
937 1081 1191 1136 facultate
1240 1080 1365 1134 huic
1398 1080 1636 1135 materia:
1669 1093 1787 1146 par.
1819 1079 1888 1131 At

319 1176 737 1250 pulchritudinis
770 1176 1011 1245 quidem,
1054 1183 1107 1227 et
1137 1172 1373 1236 roboris,
1405 1180 1459 1225 et
1506 1169 1887 1240 magnitudinis

319 1270 563 1333 laudem,
612 1267 807 1336 quibus
843 1267 1131 1336 plerosque
1176 1264 1427 1319 delectari
1471 1263 1763 1333 conspicio,
1796 1277 1892 1315 vo-

322 1360 560 1415 lentibus
606 1359 1006 1427 relinquemus;
1037 1372 1139 1411 non
1182 1356 1324 1423 quod
1352 1354 1405 1408 in
1446 1354 1529 1409 his
1571 1355 1733 1407 etiam
1760 1368 1895 1421 quo-

324 1467 484 1521 quam
526 1465 734 1516 eorum,
771 1450 861 1518 qui
911 1464 997 1503 res
1041 1462 1233 1516 parvas
1266 1446 1319 1498 in
1360 1446 1535 1515 pretio
1588 1447 1806 1507 habent,
1842 1456 1898 1499 et

1988 537 2240 601 ὑπόθεσίς
2271 554 2331 590 τε
2383 537 2610 608 λαμπρά
2665 539 2778 599 τοῖς
2830 538 3132 600 ἐπαινοῦσι,
3169 538 3264 591 καὶ
3291 539 3452 609 μόνος
3493 541 3562 608 τῇ

1987 629 2080 681 τοῦ
2130 629 2288 697 λόγου
2325 629 2550 698 δυνάμει
2605 629 2702 698 τῆς
2742 628 3055 690 ὑποθέσεως
3097 628 3264 693 ἄξιος.
3316 631 3566 693 Κάλλους

1993 719 2089 789 μὲν
2118 719 2203 789 δὴ,
2230 718 2322 771 καὶ
2358 717 2568 789 ῥώμης,
2602 718 2696 770 καὶ
2720 718 3003 788 μεγέθους,
3026 712 3108 782 οἷς
3140 720 3266 781 τοὺς
3296 710 3568 789 (97)’πολ-

1990 811 2114 873 λοὺς
2148 809 2261 881 ὁρῶ
2286 809 2594 879 χαίροντας,
2623 811 2737 871 τοῖς
2774 808 3117 877 βουλομένοις
3173 811 3572 881 παραχωρήσο-

1995 915 2094 967 μεν
2119 898 2229 968 (98)
2253 914 2266 927 ·
2284 898 2381 967 ούχ
2403 898 2485 949 ὅτι
2512 897 2611 949 κάν
2638 895 2846 958 τούτοις
2882 895 3100 949 ἔλαττόν
3126 914 3271 959 τινος
3295 898 3569 966 ἠνέγκατο

1991 987 2100 1040 τῶν
2136 986 2496 1057 μικρολόγων,
2532 986 2626 1038 καὶ
2657 985 2785 1055 περὶ
2812 984 2873 1036 τὸ
2908 983 3068 1053 σῶμα
3111 984 3563 1054 καλινδουμένων,

1993 1080 2098 1143 ἓως
2140 1075 2208 1150 ἧν
2260 1078 2339 1131 ἔτι
2388 1078 2525 1141 νέος,
2570 1080 2665 1131 καὶ
2696 1077 2847 1130 οὔπω
2881 1077 3167 1148 φιλοσοφίᾳ
3207 1078 3316 1131 τῶν
3350 1078 3571 1152 σαρκῶν

1994 1168 2426 1240 κατεκράτησεν·
2462 1168 2577 1222 ἀλλ’
2604 1169 2692 1222 ἵνα
2725 1169 2797 1239 μὴ
2824 1169 3018 1221 ταυτὸν
3046 1169 3156 1241 (99)
3187 1170 3343 1222 πάθω
3366 1170 3437 1238 (1)
3454 1173 3572 1233 τοῖς

1993 1260 2367 1331 ἀπειροτέροις
2400 1260 2507 1313 τῶν
2540 1259 2809 1331 ἀθλητῶν,
2838 1260 2887 1313 οἳ
2918 1262 3017 1331 τὴν
3045 1262 3195 1330 ἰσχὺν
3220 1263 3278 1314 έν
3303 1264 3412 1323 τοῖς
3443 1262 3571 1333 είκῆ

1993 1351 2373 1422 παλαιομένοις
2399 1352 2476 1421 (2)
2510 1352 2602 1405 καὶ
2642 1353 2938 1423 παρέργοις
2970 1351 3303 1414 κενώσαντες
3325 1390 3343 1417 ,
3373 1354 3574 1422 ἥττους

1995 1446 2053 1496 ὲν
2084 1447 2195 1507 τοῖς
2228 1444 2463 1515 καιρίοις
2491 1444 2854 1517 εὑρίσκονται,
2883 1445 2976 1498 καὶ
3003 1448 3114 1507 τοῖς
3147 1443 3205 1509 ἐξ
3227 1439 3301 1499 ὧν
3325 1445 3384 1496 τὸ
3413 1446 3574 1514 νικᾷν

325 1543 469 1597 circa
513 1556 710 1610 corpus
740 1541 1066 1603 volutantur,
1103 1537 1328 1590 inferior
1358 1545 1525 1599 esset,
1555 1552 1678 1590 eum
1721 1539 1898 1590 adhuc

2011 1534 2251 1605 ὅπάρχει,
2281 1536 2372 1587 καὶ
2396 1535 2721 1602 στεφανίτας
2754 1535 3203 1606 ἀναγορεύεσθαι.
3233 1535 3301 1586 "A
3328 1534 3383 1587 δὲ
3413 1534 3573 1586 οὐδα-

324 1640 483 1686 αιῑοιε
527 1630 762 1692 ﬂoreret,
802 1645 865 1683 ac
898 1630 1131 1683 nomium
1178 1627 1518 1694 philosophia
1552 1628 1899 1680 carnem‘do-

2011 1625 2117 1694 μῶς
2153 1626 2227 1695 (5)
2250 1625 2315 1678 ἂν
2350 1623 2519 1678 εἰπὼν
2551 1622 2704 1695 οἶμαι
2727 1626 2979 1696 περιττὸς
3007 1625 3083 1693 (4)
3105 1623 3294 1689 δόξειν,
3323 1624 3443 1677 οὐδὲ
3465 1624 3574 1689 ἔξω

327 1720 585 1784 mnisset;
623 1718 718 1774 sed
763 1732 830 1771 ne
869 1718 1009 1770 idem
1053 1716 1229 1778 nobis,
1287 1713 1427 1782 quod
1476 1714 1899 1783 imperitioribus

2011 1714 2093 1769 τοῦ
2128 1717 2331 1769 σκοποῦ
2369 1717 2580 1787 βάλλειν
2618 1717 2911 1784 τὸνλόγον,
2948 1716 3100 1770 ταῦτ’
3136 1719 3513 1789 ἐπαινέσομαι.

326 1810 564 1871 athletis,
589 1826 687 1862 usu
725 1811 925 1875 veniat,
954 1809 1065 1877 qui,
1103 1808 1337 1877 profusis
1378 1808 1430 1861 in
1462 1823 1596 1861 vana
1650 1810 1977 1880 minimeque
2039 1814 2340 1865 necessaria
2411 1813 2788 1867 colluctatione
2850 1813 3075 1879 viribus,
3101 1814 3153 1867 in
3203 1814 3360 1868 seriis
3385 1823 3573 1882 postea

327 1905 745 1967 certaminibus,
783 1902 977 1971 quibus
1019 1901 1244 1954 victoria
1291 1912 1655 1970 comparatur,
1683 1918 1745 1956 ac
1766 1905 2029 1972 praeconis
2056 1920 2188 1959 voce
2224 1906 2459 1973 cuipiam
2524 1921 2721 1960 corona
2797 1906 3071 1971 tribuitur,
3137 1906 3420 1961 inferiores
3483 1923 3575 1960 re-

328 2000 629 2067 periunlur.
668 1998 741 2051 Ea
794 2012 946 2062 vero,
986 2012 1105 2066 quae
1145 2012 1245 2052 nec
1287 1998 1432 2053 dictu
1478 2000 1745 2069 superﬂua
1840 2018 1935 2058 nec
1972 2003 2041 2057 ab
2114 2006 2376 2058 orationis
2421 2019 2584 2073 scopo
2632 2004 2806 2057 aliena
2844 2001 2957 2055 fore
2994 2000 3262 2065 videntur,
3304 1997 3578 2051 laudanda

332 2091 647 2158 suscipiam.

400 2182 491 2236 XI.
527 2182 657 2236 Illud
683 2190 863 2235 autem
886 2181 1026 2235 inter
1050 2196 1237 2236 omnes
1260 2197 1404 2237 sanae
1431 2185 1627 2239 mentis
1657 2186 1901 2241 homines

2079 2187 2181 2239 lA’.
2208 2181 2374 2255 Οἶμαι
2403 2184 2459 2237 δὲ
2490 2187 2653 2239 πᾶσιν
2676 2181 3118 2255 ἀνωμολογῆσθαι
3143 2180 3216 2252 (5)
3237 2180 3327 2234 τὸν
3348 2178 3473 2233 νοῦν
3500 2176 3581 2251 (ϐ)

329 2284 581 2329 constare
611 2274 865 2336 arbitror,
900 2272 1256 2327 eruditionem
1303 2275 1441 2328 inter
1480 2275 1714 2330 humana
1756 2276 1899 2330 bona

2011 2277 2260 2347 ἐχόντων,
2301 2276 2581 2327 παίδευσιν
2614 2274 2724 2327 τῶν
2763 2275 2890 2345 παρ’
2930 2275 3062 2342 ἡμῖν
3098 2269 3316 2339 ἀγαθῶν
3348 2265 3486 2323 εἶναι
3518 2269 3584 2321 τὸ

332 2365 629 2434 principem
676 2365 851 2418 locum
902 2375 1120 2431 tenere;
1155 2380 1258 2419 non
1306 2366 1369 2419 de
1393 2366 1493 2420 hac
1524 2375 1703 2421 nostra
1729 2366 1901 2420 solum

2011 2368 2221 2439 πρῶτον
2243 2381 2255 2395 ·
2288 2366 2350 2421 ού
2385 2366 2588 2435 ταύτην
2620 2366 2785 2436 μόνην
2812 2364 2886 2432 (7)
2912 2364 3010 2431 τὴν
3044 2361 3454 2433 εὐγενεστέραν,
3485 2361 3582 2413 καὶ

333 2473 397 2511 ac
429 2455 691 2509 nobiliore
731 2450 938 2523 loquor,
972 2469 1111 2523 quae,
1161 2463 1473 2521 contempto
1510 2458 1655 2510 omni
1698 2471 1901 2512 sermo-

2011 2459 2300 2530 ἡμετέραν,
2323 2457 2357 2527 ἢ
2393 2458 2500 2510 πᾶν
2527 2455 2598 2527 (8)
2626 2456 2686 2508 τὸ
2711 2457 2769 2508 ὲν
2802 2454 2982 2522 λόγοις
3013 2451 3222 2522 κομψὸν
3255 2452 3347 2504 καὶ
3378 2449 3585 2519 φιλότι-

332 2548 418 2600 nis
468 2547 650 2613 lepore
696 2555 857 2614 atque
906 2556 1124 2612 ornatu,
1185 2547 1344 2600 saluti
1385 2549 1497 2609 uni,
1528 2560 1689 2617 atque
1714 2564 1902 2603 earum

333 2652 537 2701 rerum,
562 2652 681 2707 qua:
710 2636 920 2691 ratione
948 2649 1108 2706 atque
1136 2640 1316 2693 animo
1339 2640 1722 2708 intelliguntur,
1742 2642 1907 2711 778

333 2729 717 2796 pulchritudini
750 2729 1055 2783 arctissime
1079 2731 1276 2795 haeret;
1312 2732 1405 2783 sed
1435 2732 1596 2784 etiam
1628 2733 1695 2785 de
1725 2741 1907 2784 exter-

335 2833 427 2883 na,
466 2835 624 2887 quam
670 2820 910 2888 plerique
944 2819 1259 2883 Christiani,
1292 2835 1458 2887 pravo
1502 2822 1732 2889 quodam
1761 2820 1905 2889 judi—

334 2912 444 2973 cio,
475 2921 531 2964 ut
568 2911 879 2964 insidiOsam
912 2920 965 2963 et
995 2910 1376 2977 periculosam,
1411 2925 1474 2963 ac
1502 2911 1688 2979 procul
1731 2925 1761 2963 a
1797 2910 1905 2965 Deo

337 3011 689 3067 avertentem,
719 3010 1099 3069 aspernantur.
1125 3000 1585 3065 Quemadmodum
1623 3002 1767 3055 enim
1792 3017 1904 3057 ca:-

337 3093 469 3158 lum,
504 3101 726 3155 terram,
763 3106 968 3153 aerem,
1020 3106 1083 3144 ac
1126 3106 1353 3160 qumque
1397 3107 1582 3145 eorum
1619 3093 1903 3161 complexu

339 3193 675 3248 coercentur,
720 3197 821 3235 non
875 3183 993 3236 ideo
1037 3194 1387 3236 contemnere
1434 3182 1729 3247 debemus,
1781 3185 1905 3250 quia

340 3274 579 3327 nonnulli
632 3273 893 3327 scelerate
933 3283 1278 3340 acceperunt,
1311 3288 1406 3339 pro
1444 3273 1551 3325 Deo
1578 3287 1638 3325 ea
1669 3287 1786 3341 qua:
1810 3256 1907 3326 Dei

339 3374 465 3418 sunt
525 3373 885 3427 venerantes;
932 3364 1059 3431 quin
1114 3362 1307 3429 potius,
1361 3363 1643 3431 quidquid,
1694 3371 1805 3415 tum
1840 3361 1907 3416 ad

2009 2567 2107 2621 μον
2136 2549 2505 2618 ἀτιμάζουσα,
2551 2548 2719 2617 μόνης
2770 2544 2953 2615 ἔχεται
3000 2544 3102 2612 τῆς
3146 2542 3451 2613 σωτηρίας,
3487 2542 3585 2593 καὶ

2004 2639 2097 2691 τοῦ
2133 2638 2360 2700 κάλλους
2395 2637 2503 2690 τῶν
2544 2635 2851 2705 νοουμένων
2872 2651 2887 2665 σ
2923 2634 3060 2688 ἀλλὰ
3093 2635 3187 2688 καὶ
3218 2635 3317 2704 τὴν
3359 2631 3582 2696 ἔξωθεν,

2007 2731 2071 2800 ἣν
2099 2732 2146 2782 οἱ
2175 2728 2357 2781 πολλοὶ¹
2382 2728 2719 2799 Χριστιανῶν
2752 2728 2826 2797 (9)
2856 2725 3224 2787 διαπτύουσιν,
3256 2725 3331 2786 ὡς
3362 2724 3585 2777 ὲπίὸου⁸

2007 2821 2099 2872 λον
2131 2821 2225 2873 καὶ
2260 2819 2531 2888 σεραλερὰν
2552 2858 2567 2882 ,
2603 2820 2696 2871 κα)⁸
2728 2817 2861 2871 Θεοῦ
2904 2818 3092 2888 πόρρω
3122 2816 3441 2886 βάλλουσαν,
3479 2832 3584 2867 κα-

2008 2911 2118 2974 κῶς
2138 2911 2355 2973 εἰδότες.
2386 2912 2599 2981 Ὠσπερ
2621 2910 2730 2982 γάρ
2755 2911 3004 2980 οὐρανὸν,
3031 2911 3124 2962 καὶ
3146 2912 3268 2979 γῆν,
3302 2909 3396 2961 καὶ
3420 2908 3583 2979 ἀέρα,

2008 3003 2101 3056 καὶ
2125 3004 2223 3055 ὅσα
2245 3002 2469 3065 τούτων,
2497 3004 2596 3054 ούκ
2621 3002 2808 3073 ἐπειδὴ
2836 3001 3023 3064 κακῶς
3038 3018 3186 3065 τινες
3216 3000 3584 3070 ὲξειλήφασιν,

2008 3093 2128 3146 ἀντὶ
2160 3091 2295 3145 Θεοῦ
2325 3092 2392 3145 τὰ
2422 3092 2516 3145 τοῦ
2550 3093 2684 3146 Θεοῦ
2722 3094 2994 3155 σέϐοντες,
3023 3091 3110 3144 διὰ
3133 3092 3290 3145 τοῦτο
3322 3108 3589 3163 περιφρο-

2009 3184 2195 3256 νητέον
2213 3201 2227 3216 ·
2258 3184 2370 3237 ἀλλ’
2399 3185 2520 3236 ὅσον
2544 3186 2808 3256 χρήσιμον
2836 3184 3012 3238 αὐτῶν
3045 3183 3414 3254 καρπούμενοι
3450 3185 3588 3255 πρός

2009 3290 2068 3326 τε
2103 3270 2247 3343 ζωὴν
2286 3273 2379 3326 καὶ
2410 3275 2739 3341 ἀπόλαυσιν,
2768 3276 2893 3328 ὅσον
2925 3274 3264 3328 ἐπικίνδυνον
3294 3275 3586 3344 διαφεύγο-

2013 3382 2111 3434 μεν
2137 3366 2265 3435 (1Ο)’
2294 3366 2352 3418 ού
2378 3365 2453 3436 τῷ
2478 3366 2683 3437 κτίστῃ
2709 3368 2805 3437 τὴν
2833 3368 3009 3420 κτίσιν
3038 3368 3422 3431 ἐπανιστάντες
3447 3369 3589 3420 κατὰ

341 3454 529 3517 vitam,
561 3462 671 3505 tum
701 3453 767 3505 ad
796 3453 963 3506 animi
994 3452 1408 3505 oblectationem
1434 3453 1552 3504 usui
1584 3459 1685 3515 est,
1722 3452 1901 3505 decer-

2011 3458 2134 3520 τοὺς
2154 3458 2413 3528 ἄφρονας,
2448 3458 2562 3511 ἀλλ’
2594 3460 2659 3511 ἐκ
2690 3459 2799 3511 τῶν
2831 3459 2895 3530 δη
2906 3460 3332 3531 μιουργημάτων
3364 3460 3456 3515 τὸν
3478 3465 3585 3532 Δη-

344 3544 830 3611 pentes,quidquid
860 3544 1222 3612 periculosqu
1252 3552 1353 3604 est,
1386 3541 1647 3611 fugimus;
1680 3558 1784 3597 non
1821 3558 1906 3596 res

342 3643 554 3688 creatas
585 3635 846 3687 adversus
874 3634 1217 3699 Creatorem,
1249 3646 1306 3688 ut
1330 3633 1478 3688 stulti
1517 3632 1744 3699 faciunt,
1781 3649 1911 3687 cou-

342 3728 593 3788 citantes,
641 3725 734 3778 sed
780 3739 848 3779 ex
892 3726 1050 3780 rebus
1090 3726 1319 3781 conditis
1369 3724 1713 3779 Conditorem
1748 3740 1912 3793 agno-

343 3816 642 3882 scentes”,
685 3824 848 3884 atque
892 3831 1109 3871 omnem
1160 3817 1512 3881 intellectum,
1562 3824 1622 3870 ut
1670 3817 1910 3886 Apostoli

344 3909 523 3962 verbis
580 3907 780 3973 utar",
844 3906 1061 3962 Christo
1139 3908 1406 3976 captivum
1493 3908 1906 3963 submittentes:

346 3999 791 4066 quemadmodum
842 4001 1082 4067 insuper,
1134 4015 1233 4055 nec
1272 4002 1433 4069 ignis,
1467 4013 1564 4054 nec
1611 4000 1787 4062 cibus,
1815 4012 1912 4053 uec

346 4089 572 4155 ferrum,
602 4107 700 4147 nec
728 4107 813 4146 res
833 4092 934 4145 ulla
962 4091 1064 4144 alia
1095 4102 1282 4159 suapte
1320 4102 1534 4155 natura,
1563 4091 1645 4145 vel
1679 4090 1913 4143 maxime

348 4182 496 4236 utilis
552 4195 656 4246 est,
700 4184 782 4237 vel
830 4184 1063 4236 maxime
1114 4185 1296 4249 noxia,
1350 4197 1536 4236 verum
1587 4192 1646 4235 ut
1701 4182 1789 4248 iis,
1822 4181 1914 4249 qui

2016 3547 2271 3618 μιουργὸν
2321 3547 2859 3618 καταλαμϐάνοντες,
2896 3551 3024 3615 καὶ,
3068 3553 3096 3605 ὅ
3151 3568 3314 3621 φησιν
3362 3552 3391 3604 ὁ
3446 3551 3590 3616 θεῖος

2018 3636 2360 3702 Ἀπόστολος,
2390 3638 2881 3709 αἰχμαλωτίζοντες
2902 3642 3010 3695 πᾶν
3036 3643 3211 3713 νόημα
3233 3645 3313 3707 εἰς
3331 3645 3587 3715 Χριστόν·

2005 3724 2089 3793 ὡς’
2111 3728 2166 3782 δὲ
2196 3731 2287 3783 καὶ
2316 3732 2507 3801 πυρὸς,
2545 3733 2639 3786 καὶ
2666 3734 2894 3805 τροφῆς,
2927 3736 3022 3788 καὶ
3054 3736 3271 3807 σιδήρου
3293 3778 3307 3801 ,
3340 3737 3433 3789 καὶ
3478 3736 3588 3789 τῶν

2007 3820 2204 3886 ἄλλων,
2238 3822 2390 3877 οὐδὲν
2413 3823 2530 3875 καθ’
2556 3825 2715 3878 ἑαυτὸ
2745 3825 3162 3896 χρησιμώτατον
3193 3828 3369 3897 ῐσμεν,
3398 3828 3430 3898 ἢ
3463 3828 3590 3898 βλα-

2009 3910 2334 3981 ϐερώτατον,
2375 3913 2488 3967 ἀλλ’
2519 3916 2666 3978 ὅπως
2704 3916 2768 3969 ἂν
2811 3917 2939 3987 δοκῇ
2972 3921 3083 3981 τοῖς
3114 3920 3415 3989 χρωμένοις
3449 3921 3584 3990 (11)·

2010 4000 2108 4071 ἤδη
2139 4002 2195 4054 δὲ
2219 4002 2313 4054 καὶ
2338 4002 2446 4056 τῶν
2474 4006 2818 4075 ἑρπυστικῶν
2849 4006 2958 4078 (12)
2992 4007 3195 4079 θηρίων
3222 4010 3387 4074 ἔστιν,
3417 4010 3452 4064 ἃ
3476 4014 3588 4073 τοῖς

2015 4093 2153 4164 πρὸς
2217 4097 2488 4167 σωτηρίαν
2547 4100 2859 4170 φαρμάκοις
2913 4102 3389 4173 συνεκεράσαμενσ
3444 4092 3590 4156 οὕτω

2013 4186 2107 4239 καὶ
2137 4187 2249 4256 (15)
2285 4188 2508 4252 τούτων,
2552 4191 2611 4243 τὸ
2647 4192 2745 4261 μὲν
2789 4192 3131 4256 ἐξεταστικὸν
3163 4211 3221 4247 τε
3253 4196 3344 4247 καὶ
3378 4194 3590 4267 θεωρη-

345 4282 590 4340 utuntur,
655 4274 864 4342 placet;
918 4286 1078 4343 atque
1128 4275 1261 4328 adeo
1314 4288 1344 4327 e
1399 4274 1679 4343 reptilibus
1732 4272 1901 4327 bestii:

2011 4275 2183 4338 τικὸν,
2221 4275 2555 4345 ἐδεξάμεθα·
2594 4281 2717 4332 ὅσον
2750 4281 2805 4333 δὲ
2839 4284 2921 4341 εἰς
2958 4282 3219 4352 δαίμονας
3260 4285 3445 4354 φέρει,
3495 4285 3590 4337 καὶ

346 4364 610 4432 quasdam
648 4366 913 4419 interdum
949 4365 1278 4419 salutaribus
1308 4365 1710 4419 medicamentis
1738 4364 1901 4417 admi-

2017 4366 2243 4438 πλάνην,
2278 4372 2373 4423 καὶ
2412 4371 2685 4432 ἀπωλείας
2722 4373 2912 4443 βυθὸν,
2950 4374 3315 4446 διεπτύσαμεν
3339 4392 3353 4404 ·
3386 4377 3466 4428 ὅτι
3512 4378 3589 4448 μὴ

346 4467 559 4508 scemus
592 4470 606 4506 :
632 4455 818 4508 eodem
843 4470 940 4509 nos
971 4471 1184 4523 quoque
1223 4456 1380 4509 modo
1410 4470 1476 4509 ex
1501 4454 1699 4509 litteris
1730 4455 1832 4509 illis
1858 4466 1901 4509 ct

2015 4459 2124 4511 κάκ
2150 4459 2352 4513 τούτων
2384 4462 2519 4533 πρὸς
2546 4463 2851 4518 θεοσέϐειαν
2875 4466 3202 4537 ὼφελήμεθα
3238 4468 3369 4537 (14),
3401 4468 3464 4521 ὲκ
3496 4470 3590 4521 τοῦ

347 4545 663 4615 disciplinis,
693 4545 746 4599 id
780 4560 930 4611 sane,
961 4547 1102 4613 quod
1159 4546 1213 4600 in
1257 4544 1577 4614 inquirenda
1609 4560 1787 4599 rerum
1814 4561 1901 4599 na-

2017 4550 2257 4621 χείρονος
2317 4553 2378 4606 τὸ
2430 4557 2673 4627 κρεῖττον
2717 4558 3125 4628 καταμαθόντες
3174 4559 3307 4629 (15),
3357 4560 3451 4612 καὶ
3490 4560 3596 4631 τὴν

416 4657 464 4690 ⁸ο
502 4657 627 4726 Sap.
657 4672 777 4722 xm,
812 4657 866 4711 5.
942 4658 987 4689 ⁹¹
1024 4658 1060 4712 ll
1091 4659 1219 4713 Cor.
1257 4676 1309 4724 ιι,
1338 4659 1391 4713 5.

418 4773 531 4847 (97)
561 4770 673 4847 οἷς
690 4776 849 4841 τούς.
891 4774 981 4829 Sic
1021 4776 1186 4847 Regg.
1222 4792 1274 4838 ιι,
1317 4792 1367 4840 c,
1402 4777 1457 4847 d,
1489 4777 1599 4839 bm,
1632 4781 1723 4847 ph,
1759 4774 1853 4830 Or.
1883 4775 1919 4829 2

347 4854 404 4899 et
430 4845 615 4897 Comi).
650 4845 817 4898 Prave
848 4846 898 4897 in
932 4847 1018 4900 ed.
1049 4846 1193 4908 Pan,
1226 4848 1308 4899 ὅτι
1338 4846 1481 4909 τούς.

388 4913 530 5055 ή(99))
564 4914 1101 4985 Παραχωρήσομεν.
1136 4916 1302 4987 Regg.
1333 4919 1421 4971 bm
1457 4925 1509 4970 et
1535 4915 1624 4985 ph,
1656 4932 1917 4987 παραχω-

353 5002 385 5057 ρ
428 5000 645 5057 σέιέμενο-
859 5055 865 5057 _
968 5054 996 5057 _
1094 5054 1125 5057 _
1588 5056 1593 5057 ,
1714 5056 1721 5057 ,
1769 5055 1778 5057 _

2092 4778 2168 4850 (8)
2214 4779 2555 4850 Ἥμετέραν,
2587 4779 2625 4846 ἡ
2665 4778 2805 4833 πᾶν.
2861 4780 2951 4834 Sic
3002 4781 3107 4835 duo
3158 4781 3315 4847 Regg.
3377 4789 3433 4833 et
3484 4781 3589 4837 duo

2015 4849 2183 4923 Coisl.
2242 4849 2300 4903 lu
2351 4851 2643 4923 nonnullis,
2701 4851 2989 4923 ἡμετέραν,
3035 4851 3156 4921 ἥτις
3210 4853 3334 4905 πᾶν.
3371 4851 3427 4903 In
3474 4854 3588 4917 ed.,

2016 4920 2312 4992 ἡμετέραν,
2344 4919 2377 4988 ἢ
2404 4920 2534 4992 πᾶν.
2744 4919 2796 4992 ⁷-
2875 4919 2885 4923 ⁷
2920 4989 2932 4992 _
3061 4919 3068 4921 ⁷
3123 4990 3131 4992 _
3261 4923 3271 4929 ”

2089 4990 2164 5059 (9)
2192 4988 2427 5043 ’Πολλοὶ
2476 4990 2862 5058 Χριστιανῶν.
2919 4989 2972 5043 In
3025 4990 3363 5058 quibusdam,
3400 4988 3589 5043 πολλοὶ

422 5053 531 5126 (99)
563 5052 661 5126 Μὴ
686 5055 936 5126 σεαυτόν.
964 5054 1259 5126 ΒῙΟΒξιες.
1292 5071 1345 5119 a,
1380 5069 1429 5119 c,
1457 5057 1509 5120 d,
1549 5056 1639 5126 ph,
1688 5055 1851 5110 Coisl.
1890 5057 1901 5109 1

2018 5052 2156 5120 τῶν,
2181 5068 2284 5112 etc.

349 5132 403 5177 et
431 5122 526 5198 Or.
645 5125 697 5198 lu
731 5127 850 5198 θείη
875 5125 998 5198 μήτ’
1025 5122 1225 5198 αὐτον.
1550 5122 1564 5126 ”

2090 5128 2202 5197 (10)
2233 5129 2651 5198 Δωφεύγομεν.
2704 5130 2793 5181 Sic
2831 5129 3066 5197 quinque
3110 5128 3299 5198 Regg.,
3338 5130 3429 5185 Or.
3461 5130 3498 5183 2
3533 5140 3589 5184 et

538 5192 728 5268 ράθω.
761 5192 1032 5268 CpiSl."2,_
1057 5193 1339 5268 πάθωμεν.
1712 5266 1719 5268 ξ

2022 5192 2209 5268 Coinh.
2246 5199 2300 5250 ln
2323 5192 2431 5255 ἑά..
2460 5192 2863 5268 διαφεύγωμενξ

443 5261 498 5337 ἓ)
532 5264 979 5337 ῌᾳλμιομξνοις.
1017 5263 1085 5337 lit
1109 5261 1396 5337 nonnullis,
1426 5266 1852 5337 παλαιούμενοις.

2099 5267 2209 5336 (11)
2236 5261 2595 5337 Χρωμένοιέ.
2623 5261 2785 5321 (Ᾰὸὶδῖ.
2817 5270 2837 5320 1
2876 5278 2924 5318 et
2971 5266 3117 5322 Pass.
3156 5268 3375 5332 addunt,
3415 5268 3591 5332 οὕτως

446 5332 501 5407 ᾇ)
542 5333 615 5407 :A
644 5332 711 5384 δὲ
728 5333 1021 5407 οὐδαμῶς.
1053 5333 1146 5407 Or.
1264 5333 1292 5384 ὂ
1324 5333 1367 5407 ξ
1397 5332 1669 5407 οὐδαμῶς.

2024 5332 2198 5402 ἔδοξεν
2218 5332 2385 5407 ἔχειν,
2411 5356 2429 5386 t
2465 5332 2629 5391 sicﬁse
2661 5339 2904 5407 videntur
2937 5338 3151 5391 habere.
3188 5356 3204 5385 ι

2094 5407 2204 5477 (12)
2250 5406 2682 5477 Ἕρπυστικῷν.
2722 5406 2884 5477 Rc-gg.
2915 5407 3021 5477 lim.
3059 5408 3147 5477 ph,
3181 5407 3547 5477 ὲρπηστικῶν.

2092 5475 2204 5545 (15)
2246 5477 2407 5528 Οὕτω
2441 5477 2560 5545 καί.
2592 5476 2720 5541 Reg.
2759 5476 2846 5543 ph,
2872 5476 3011 5528 οὕτω
3038 5476 3099 5545 δὴ
3138 5477 3247 5529 καί.

2093 5544 2202 5616 (Ml
2252 5544 2632 5612 Ὠφελήμεθα.
2663 5545 2832 5616 I’as§.,
2859 5544 3230 5615 ὠφελούμεθα.

2093 5612 2205 5686 (15)
2240 5616 2701 5686 Κατᾳμαίζόντες.
2756 5612 2885 5683 Reg.
2913 5617 3021 5671 bin.
3058 5612 3582 5685 καταμανθάνοντες.

2022 5684 2113 5741 Or.
2147 5687 2200 5746 2,
2231 5684 2753 5750 καταλαμϐάνοντες,
2789 5701 2807 5734 ι
2843 5684 3315 5749 deprehetnlentcs.
3349 5704 3367 5736 ι

425 5398 501 5470 (4)
533 5404 828 5469 Περιττός.
863 5398 995 5470 Reg.
1023 5406 1089 5466 ph
1124 5403 1286 5467 addit,
1311 5398 1488 5461 εἶναι.“

425 5468 502 5546 (5)
541 5468 1091 5546 ΔῘΑξνωμολοῖῆοξθιιι.
1152 5472 1260 5546 ξὶιξΔ
1292 5484 1436 5529 recte
1496 5492 1635 5531 unus
1686 5478 1813 5546 Reg.
1871 5486 1924 5530 et

354 5538 518 5610 Coisl.
538 5540 604 5610 2.
624 5539 681 5591 In
700 5538 821 5610 ed.,
857 5540 922 5594 ἂν
950 5540 1351 5610 ὼμολογῆσθαι.

428 5609 504 5673 (Gl
545 5608 652 5662 Τὸν
672 5609 840 5663 γοῦν.
877 5610 968 5665 Or.
1001 5608 1055 5675 Ξ,
1079 5608 1345 5665 τῶννοῦν.

429 5677 505 5747 (7)
540 5679 765 5748 Μάνην.
800 5679 892 5736 Or.
928 5680 982 5749 2,
1025 5681 1200 5751 μόνον.
