3902 6218
260 341 371 400 509

1086 352 1344 414 ORATIO
1382 358 1567 418 XLIII.
1608 394 1678 404 —
1714 364 1780 418 IN
1820 355 2102 421 LAUDEM
2154 358 2395 418 BASlL’ll
2442 361 2677 419 MAGNI.

3444 378 3549 432 5H)

261 460 551 516 ἀσθένειαν
582 464 830 532 ἐκείνων,
881 469 1037 539 ἰσχὺν
1080 472 1175 525 τοῦ
1210 474 1333 527 καθ’
1370 479 1518 548 ἡμᾶς
1560 479 1720 549 λόγου
1757 500 1857 534 πε-

1966 494 2082 539 tura
2115 493 2178 540 et
2204 483 2659 552 contemplatione
2692 492 2963 551 versatur,
2999 487 3361 557 suscepimus;
3388 493 3549 556 quid-

264 554 556 622 ποιημένοι
608 556 740 628 (16).
780 557 989 613 Οὔκουν
1018 563 1347 633 ἀτιμαπέον
1390 568 1488 639 τὴν
1540 571 1844 638 παίδευσιν,

265 644 354 695 ὅτι
381 644 542 698 τοῦτο
571 648 721 701 δοκεί
748 666 891 704 τισιν
912 669 926 682 ο
956 651 1094 706 ἀλλά
1123 658 1348 721 σκαιοὺς
1374 659 1469 712 καὶ
1498 661 1858 727 ἀπαιδεύτους

267 733 613 808 ὑποληπτέον
664 741 792 805 τοὺς
840 742 1012 807 οὕτως
1060 744 1319 817 ἔχοντας,
1376 751 1427 803 οἳ
1486 751 1744 821 βούλοιντ’
1791 755 1858 808 ἂν

268 826 521 891 ἅπαντας
545 825 681 885 εἶναι
707 834 829 887 καθ’
860 837 1107 901 ἑαυτοὺς,
1150 840 1216 895 ἶν’
1253 844 1310 894 ὲν
1344 843 1422 913 τῷ
1452 845 1615 916 κοινῷ
1649 846 1709 899 τὸ
1736 850 1856 901 κατ’

266 919 467 983 αὐτοὺς
501 921 812 993 κρύπτηται
833 966 846 988 ,
878 927 973 978 καὶ
1018 930 1142 992 τοὺς
1177 932 1274 1001 τῆς
1317 934 1676 999 ἀπαιδευσίας
1703 936 1856 1005 ἐλέγ-

269 1026 400 1079 χους
428 1011 902 1082 διαδιδράσκωσιν.
954 1018 1107 1071 Ἐπεὶ
1135 1020 1190 1072 δὲ
1224 1022 1383 1078 τοῦτο
1415 1026 1725 1096 ὑπεθέμεθα
1764 1029 1859 1081 καὶ

266 1100 830 1175 ἀνωμολογησάμεθα,
875 1107 1028 1179 φέρε,
1058 1109 1128 1164 τά
1154 1114 1274 1166 κατ’
1306 1115 1466 1170 αὐτὸν
1500 1117 1612 1190 (l7)
1643 1117 1853 1190 θεωρή-

271 1208 352 1243 σω
358 1209 478 1262 μεν.

1964 578 2093 645 quid
2121 582 2309 631 autem
2354 574 2419 626 ad
2456 574 2750 641 daemones,
2792 588 2846 631 et
2878 591 3145 643 errorem,
3177 586 3231 633 et
3272 581 3419 635 exilii
3445 597 3547 636 vo-

1965 668 2212 737 raginem
2254 665 2425 729 ducit,
2456 668 2783 734 respuimus.
2817 667 2929 723 lmo
2960 671 3125 725 etiam
3158 671 3225 727 ab
3255 688 3321 728 eo
3353 675 3418 728 ad
3458 674 3551 729 Dei

1968 758 2172 813 cultum
2223 752 2398 822 adiuti
2454 770 2665 823 sumus,
2722 760 2977 814 nimirum
3033 776 3101 817 ex
3157 765 3435 831 deteriori,
3473 767 3547 831 id,

1964 848 2107 915 quod
2154 845 2504 918 praestantius
2551 854 2654 912 est,
2685 860 3094 917 cognoscentes,
3130 861 3292 921 atque
3345 853 3550 908 doctri-

1966 955 2088 992 nam
2107 949 2357 994 nostmm
2386 935 2600 989 illorum
2628 936 2997 994 imbecillitate
3023 940 3327 997 fulcientcs.
3352 944 3551 1009 Quam-

1963 1034 2172 1101 obrem,
2210 1049 2321 1088 non
2353 1029 2555 1084 idcirco
2593 1030 2828 1086 eruditio
2867 1036 3257 1090 contemnenda
3281 1046 3382 1103 est,
3406 1038 3550 1106 quod

1963 1122 2036 1174 ita
2076 1123 2404 1191 quibusdam
2437 1118 2723 1185 videatur;
2769 1122 2898 1189 quin
2939 1122 3140 1191 potius,
3182 1122 3332 1178 stulti
3388 1134 3550 1192 atque

1960 1212 2192 1280 imperiti
2247 1208 2482 1268 habendi
2537 1220 2681 1276 sunt,
2722 1212 2811 1279 qui
2839 1211 2942 1265 hoc
2975 1213 3308 1278 existimant,
3336 1215 3536 1283 quique

267 1296 461 1339 omnes
486 1285 567 1339 sui
592 1287 794 1345 similes
820 1305 941 1345 esse
962 1292 1198 1361 cupiant,
1230 1306 1286 1349 ut
1311 1297 1517 1365 privata
1585 1313 1773 1355 eorum
1850 1301 2063 1355 inscitia
2117 1303 2217 1357 sub
2290 1300 2569 1359 communi
2621 1300 2860 1365 deum“.
2906 1316 3006 1355 nec
3056 1304 3345 1371 (ιιιίδίιυειηι
3410 1303 3551 1370 il‘SO‘

282 1388 404 1427 rum
434 1376 761 1447 imperitiam
799 1382 995 1451 prodat
1058 1394 1114 1438 et
1169 1400 1449 1455 coarguat.
1516 1389 1632 1445 Hoc
1674 1391 1840 1460 igitur
1907 1392 2081 1458 posito
2129 1404 2289 1461 atque
2347 1407 2445 1461 pro
2486 1387 2737 1448 confesso
2778 1388 2982 1455 habitO,
3015 1405 3133 1459 age,
3159 1389 3345 1446 Basilii
3378 1393 3543 1447 vitam

270 1467 723 1534 contemplemur.

343 1557 445 1611 IB'.
487 1558 569 1612 Τὰ
594 1562 692 1631 μὲν
718 1562 783 1636 δὴ
810 1567 1003 1639 πρῶτα
1025 1569 1126 1639 τῆς
1154 1567 1368 1639 ἡλικίας
1399 1569 1505 1623 ὑπὸ
1535 1569 1614 1641 τῷ
1636 1571 1856 1642 μεγάλῳ

270 1649 465 1719 πατρὶ,
507 1650 567 1704 ὃν
601 1655 777 1709 κοινὸν
824 1659 1121 1731 παιδευτὴν
1163 1660 1364 1732 ἀρετῆς
1406 1661 1434 1711 ό
1466 1662 1667 1727 Πόντος
1705 1679 1857 1733 τηνι-

268 1741 451 1796 καῦτα
478 1747 848 1816 προύϐάλλετο
866 1790 881 1814 ,
913 1752 1322 1824 σπαργανοῦται
1352 1753 1445 1806 κα)⁵
1468 1753 1855 1810 διαπλάττεται

268 1830 472 1886 πλάσιν
516 1834 626 1906 (18)
674 1837 773 1908 τὴν
816 1840 1050 1913 ἀρίστην
1079 1859 1139 1895 τε
1183 1843 1279 1896 καὶ
1314 1840 1736 1915 καθαρωτάτην,
1788 1847 1854 1917 ῆν

267 1923 539 1997 ἡμερινὴν
581 1929 610 1980 ὁ
657 1928 800 1993 θεῖος
843 1933 1008 1987 Δαϐὶδ
1055 1933 1237 1997 καλῶς
1285 1933 1574 2004 ὀνομάζει,
1611 1938 1706 1989 καὶ
1754 1938 1857 2009 τῆς

268 2015 595 2086 νυκτερινῆς
629 2019 922 2075 ἀντίθετον.
976 2023 1111 2076 Ὑπὸ
1150 2023 1215 2094 δὴ
1243 2020 1445 2093 τούτῳ,
1477 2026 1572 2078 καὶ
1619 2026 1733 2095 βίον
1764 2028 1855 2080 καὶ

268 2104 431 2174 λόγον
464 2109 963 2183 συναυξανομένους
990 2132 1048 2168 τε
1079 2117 1173 2170 καὶ
1208 2119 1554 2181 συνανιόντας
1586 2119 1850 2190 ἀλλήλοις.

265 2198 299 2250 ὁ
352 2199 657 2271 θαυμάσιος
704 2207 1122 2263 ὲκπαιδεύεταιο
1172 2212 1234 2263 οὐ
1280 2211 1607 2266 Θετταλικὸν
1662 2231 1715 2266 τι
1762 2215 1855 2267 καὶ

267 2288 450 2360 ϐρειον
479 2293 673 2365 ἄντρον
706 2296 924 2367 αὐχῶν,
960 2298 1036 2362 ὡς
1073 2301 1279 2371 ἀρετῆς
1316 2303 1699 2374 ἐργαστήριον,
1735 2304 1856 2357 οὐδέ

268 2398 395 2435 τινα
442 2383 762 2457 Κένταυρον.
786 2388 895 2459 (l9)
936 2390 1175 2454 ἀλαζόνα
1225 2392 1337 2447 τῶν
1370 2395 1489 2447 κατ’
1529 2394 1690 2447 αὑτὸν
1740 2395 1851 2465 (20)

268 2473 471 2545 ἡρώων
495 2476 836 2545 διδάσκαλον,
861 2481 983 2535 οὐδὲ
1007 2482 1230 2547 πτῶκας
1268 2483 1504 2554 βάλλειν,
1525 2484 1558 2555 ἢ
1586 2488 1853 2558 κατατρέ-

268 2580 392 2633 χειν
415 2564 641 2636 νεϐρῶν,
677 2566 710 2638 ἦ
747 2568 1001 2641 θηρεύειν
1031 2570 1266 2639 ἐλάφους
1299 2574 1391 2626 ὑπ’
1416 2574 1579 2627 αὑτοῦ
1610 2575 1856 2646 διδασκό-

272 2669 461 2724 μενος,
488 2654 522 2725 ἢ
546 2656 615 2709 τὰ
633 2656 903 2729 πολεμικά
932 2659 1222 2730 κράτιστος
1244 2657 1404 2727 εἶναι,
1428 2662 1460 2733 ἢ
1484 2662 1854 2733 πωλοδαμνεῖν

269 2745 495 2817 ἄριστα,
528 2745 606 2817 τῷ
642 2748 791 2820 αὐτῷ
818 2748 982 2820 πώλῳ
1011 2753 1106 2805 καὶ
1144 2752 1451 2823 διδασκάλῳ
1480 2753 1793 2825 χρώμενος,
1820 2756 1853 2826 ἢ

272 2835 495 2907 μυελοῖς
520 2838 735 2909 ὲλάφων
768 2858 828 2894 τε
867 2843 963 2894 καὶ
985 2843 1219 2896 λεόντων
1242 2847 1354 2908 τοῖς
1388 2845 1637 2915 μυθικοῖς
1666 2847 1855 2918 ἐκτρε-

270 2928 539 2999 φὸμενος·
578 2931 716 2986 ἀλλά
749 2934 848 3004 τὴν
886 2934 1177 3003 ἐγκύκλιον
1211 2936 1489 2990 παίδευσιν
1530 2939 1854 3010 παιδευόμε-

268 3035 384 3085 νος,
439 3022 533 3075 καὶ
574 3023 886 3076 θεοσέϐειαν
928 3024 1365 3096 ἐξασκούμενος,
1409 3028 1532 3091 καὶ,
1584 3029 1854 3083 συνελόντι

2044 1566 2154 1622 Xll.
2189 1567 2368 1620 Prima
2418 1566 2582 1637 igitur
2614 1571 2777 1621 astate
2811 1562 2922 1618 sub'
2953 1576 3147 1632 magno
3182 1571 3354 1631 patre,
3385 1577 3543 1633 quem

1964 1673 2310 1714 communem
2342 1659 2556 1712 virtutis
2612 1660 2931 1727 magistrum
2974 1667 3039 1708 eo
3063 1663 3304 1721 tempore
3334 1653 3543 1709 Pontus

1888 1791 1930 1844 Β
1963 1751 2318 1820 proponebat,
2366 1749 2511 1805 velut
2561 1749 2748 1804 fasciis
2788 1746 3103 1809 iuvolVlllll‘,
3136 1755 3298 1814 atque
3332 1747 3538 1816 optimo

1966 1842 2057 1896 illo
2107 1841 2507 1909 purissimoque
2560 1840 2834 1910 ﬁgmento,
2893 1836 3036 1909 quod
3090 1836 3254 1890 David
3291 1837 3542 1891 diurnum

1963 1933 2187 2003 pulchre
2235 1941 2393 1987 vocat
2436 1931 2506 1996 ν’,
2558 1943 2929 2002 nocturnoque
2992 1927 3299 1999 oppositum
3339 1929 3543 1999 efﬁngi-

1962 2032 2071 2080 tur.
2095 2024 2207 2080 Sub
2235 2025 2337 2078 hoc
2372 2024 2555 2093 igitur,
2592 2036 2646 2078 et
2671 2025 2778 2079 vita
2819 2022 2999 2089 simul,
3030 2033 3082 2077 et
3107 2035 3358 2077 sermone
3399 2022 3545 2090 pari-

1963 2123 2047 2169 ter
2090 2116 2522 2185 augescentibus,
2578 2124 2743 2185 atqne
2789 2114 2840 2168 in
2890 2116 3057 2169 altum
3110 2113 3542 2184 assurgentibus.

1966 2206 2213 2275 egregius
2250 2202 2567 2258 adolescens
2605 2205 2883 2273 eruditur;
2920 2220 3027 2260 non
3075 2205 3447 2260 Thessalicum
3470 2212 3544 2255 et

1964 2308 2279 2352 montanum
2331 2295 2495 2366 779
2528 2297 2796 2365 quoddam
2836 2307 3079 2363 antrum,
3110 2299 3263 2367 quasi
3311 2296 3538 2352 virtutis

1963 2387 2205 2443 scholam
2254 2396 2312 2441 et
2364 2386 2670 2451 ollicinam,
2717 2387 2970 2453 jactans,
3034 2403 3134 2443 nec
3195 2400 3539 2459 arrogantem

1963 2478 2248 2547 quemdam
2303 2477 2657 2543 Centaurum,
2710 2479 2932 2533 heroum
2988 2481 3071 2536 sui
3114 2484 3373 2550 temporis
3401 2496 3541 2549 pra:-

1962 2580 2261 2640 ceptorem,
2303 2584 2402 2624 nec
2437 2570 2506 2623 ab
2558 2585 2624 2623 eo
2673 2580 2843 2624 artem
2885 2572 3137 2640 percipit,
3182 2586 3286 2640 qua
3331 2571 3540 2639 lepores

1963 2663 2175 2733 sagittis
2228 2661 2483 2732 conligat,
2524 2661 2608 2716 vel
2664 2661 2921 2716 hinnulos
2979 2676 3138 2715 cursu
3194 2662 3529 2731 insequatur,

1969 2755 2055 2809 vel
2098 2768 2292 2809 cervos
2322 2763 2574 2818 venetur,
2604 2754 2688 2808 vel
2722 2754 2775 2807 in
2820 2755 2981 2808 rebus
3039 2752 3246 2807 bellicis
3275 2753 3523 2815 excellat,

1963 2848 2048 2902 vel
2074 2847 2283 2902 feroces
2320 2862 2495 2916 equos
2519 2847 2722 2914 optime
2754 2846 2955 2909 domet,
2982 2847 3171 2900 eodem
3216 2845 3466 2901 videlicet
3486 2854 3538 2898 et

1963 2953 2101 3007 equo
2126 2947 2282 2993 utens
2337 2947 2393 2993 et
2424 2939 2707 3007 magistro,
2738 2952 2838 2990 nec
2864 2935 3122 2990 fabulosis
3164 2951 3445 2990 cervorum
3475 2951 3538 2989 ac

1966 3029 2181 3083 leonum
2214 3028 2464 3084 medullis
2489 3030 2760 3091 nutritur;
2794 3028 2888 3081 sed
2928 3026 3180 3082 liberales
3209 3035 3355 3081 artes
3379 3027 3535 3080 doce-

269 3111 476 3181 φάναι,
527 3114 664 3186 πρὸς
698 3115 795 3186 τὴν
833 3117 1130 3187 μέλλουσαν
1169 3119 1479 3187 τελειότητα
1516 3119 1605 3174 διὰ
1645 3120 1751 3174 τῶν
1798 3121 1857 3187 ἐξ

1966 3128 2072 3187 tur,
2108 3130 2270 3188 atque
2300 3121 2367 3175 ad
2400 3120 2493 3174 Dei
2529 3119 2729 3174 cultum
2757 3119 3038 3183 excolitur,
3075 3127 3148 3181 et,
3190 3128 3247 3172 ut
3277 3132 3382 3172 uno
3413 3132 3533 3170 vcr-

267 3206 450 3276 άρχῆς
486 3206 821 3277 μαθημάτων
846 3210 1133 3280 ἀγόμενος.
1168 3211 1230 3263 0!
1264 3212 1362 3281 μὲν
1389 3211 1518 3279 γὰρ,
1553 3212 1584 3282 ἢ
1622 3212 1733 3282 βίον
1764 3214 1859 3283 μό-

272 3314 372 3349 νον
397 3298 532 3367 (21),
556 3297 589 3367 ἢ
619 3298 774 3366 λόγον
800 3300 1249 3371 κατωρθωκότες,
1273 3301 1351 3371 τῷ
1380 3303 1551 3373 ἑτέρῳ
1572 3304 1628 3356 δὲ
1655 3303 1859 3357 λείπον-

265 3404 384 3451 τες,
424 3388 578 3441 οὐδὲν
621 3389 731 3443 τῶν
773 3391 1194 3462 ἑτεροφθάλμων
1234 3394 1358 3462 ἐμοὶ
1391 3393 1568 3447 δοκεῖν
1600 3394 1708 3466 (22)
1739 3394 1856 3448 δια-

268 3478 554 3550 φέρουσιν,
590 3475 673 3544 οἷς
721 3481 930 3553 μεγάλη
992 3484 1092 3553 μὲν
1138 3484 1410 3554 ἡζημία,
1463 3483 1645 3555 μεῖζον
1691 3485 1747 3539 δὲ
1795 3486 1857 3538 τὸ

268 3565 460 3641 αἶσχος
497 3570 665 3642 ὁρῶσι
694 3573 790 3626 καὶ
829 3574 1150 3645 ὁρωμένοις.
1188 3569 1283 3640 Οἷς
1319 3576 1376 3628 δὲ
1423 3579 1541 3629 κατ’
1570 3577 1855 3648 ἀμφότερα

269 3661 579 3732 εὐδοκιμεῖν
620 3665 893 3736 ὑπάρχει,
940 3667 1035 3719 καὶ
1076 3663 1215 3720 εἶναι
1251 3668 1610 3737 περιδεξίοις,
1644 3667 1854 3732 τούτοις

271 3754 369 3806 καὶ
404 3754 466 3805 τὸ
493 3750 632 3809 εἶναι
678 3754 789 3826 (25)
837 3757 1085 3821 τελείοις,
1132 3757 1226 3811 καὶ
1263 3757 1526 3827 βιοτεύειν
1576 3759 1713 3831 μετά
1755 3760 1853 3828 τῆς

270 3844 479 3898 ἐκεῖθεν
515 3848 935 3919 μακαριότητος.
964 3850 1141 3921 Ὅπερ
1165 3844 1257 3902 οὖν
1288 3852 1481 3922 ἐκείνῳ
1508 3851 1854 3922 συμϐέϐηκεν

270 3933 331 3990 εὖ
369 3938 556 3992 ποιοῦν
596 3941 709 4008 (24)
747 3940 960 3995 οἴκοθεν
988 3941 1162 4013 ἔχοντι
1211 3944 1311 4013 τῆς
1348 3945 1549 4015 ἀρετῆς
1594 3944 1652 3996 τὸ
1680 3945 1854 4016 παρά-

268 4027 490 4098 δειγμα,
531 4029 668 4099 πρὸς
718 4030 747 4083 ὃ
801 4030 1013 4100 βλέπων
1046 4031 1203 4095 εὐθὺς
1249 4032 1471 4103 ἄριστος
1502 4029 1591 4103 ἦν.
1645 4034 1852 4105 ’Ὠσπερ

268 4118 397 4182 τοὺς
435 4118 645 4182 πώλους
669 4121 762 4173 καὶ
790 4122 916 4185 τοὺς
947 4122 1179 4192 μόσχους
1221 4121 1457 4193 ὁρῶμεν,
1493 4123 1629 4193 ὁμοῦ
1663 4126 1729 4193 τῇ
1760 4140 1853 4192 γε-

269 4208 417 4262 νέσει
448 4212 570 4274 ταῖς
613 4211 884 4282 μητράσιν
918 4211 1126 4265 ἑαυτῶν
1159 4214 1642 4285 παρασκαιροντας
1664 4232 1677 4245 ο
1713 4214 1854 4268 οὕτω

269 4301 365 4355 καὶ
401 4302 563 4366 αὐτὸς
610 4303 691 4373 τῷ
735 4305 904 4375 πατρὶ
946 4304 1237 4373 παραθέων
1276 4305 1506 4375 ἐγγύθεν
1538 4307 1596 4360 ἐν
1631 4306 1854 4376 πωλικῷ

268 4392 349 4464 τῷ
376 4395 715 4466 φρυάγματι,
753 4398 846 4449 καὶ
884 4395 993 4450 τῶν
1030 4398 1215 4469 ἄκρων
1240 4398 1342 4468 τῆς
1374 4399 1575 4469 ἀρετῆς
1619 4399 1852 4470 κινημά-

1960 3214 2031 3268 bo
2077 3212 2428 3282 complectar,
2468 3227 2563 3281 per
2604 3212 2808 3280 primas
2849 3225 2913 3265 ac
2958 3210 3190 3280 pueriles
3225 3208 3539 3278 disciplinas

1961 3306 2027 3359 ad
2058 3305 2291 3359 futuram
2327 3303 2713 3373 perfectionem
2745 3303 2977 3358 ducitur.
3004 3300 3162 3363 Nam,
3199 3300 3288 3368 qui
3314 3298 3396 3353 vel
3434 3313 3525 3351 so-

1961 3399 2043 3452 los
2075 3412 2275 3461 mores,
2309 3397 2394 3449 vel
2428 3396 2598 3450 solam
2630 3396 2929 3449 doctrinam
2982 3391 3255 3447 consecuti
3286 3400 3433 3453 sunt,
3464 3389 3533 3442 ab

1958 3489 2126 3542 altera
2158 3502 2288 3542 vero
2327 3488 2670 3550 deseruntur,
2696 3486 2729 3539 ii
2753 3487 2878 3539 mihi
2904 3484 3038 3539 nihil
3068 3500 3097 3538 a
3124 3482 3286 3537 luscis
3318 3478 3535 3534 differre

1955 3582 2228 3646 videntur,
2265 3580 2462 3650 quibus
2476 3594 2596 3633 cum
2629 3592 2880 3645 magnum
2913 3575 3292 3631 detrimentum
3307 3575 3394 3638 sit,
3426 3584 3534 3627 tum

1958 3687 2086 3728 vero
2114 3672 2287 3741 major
2329 3672 2628 3743 turpitudo,
2686 3671 2802 3725 sive
2839 3669 2973 3723 alios
3024 3677 3266 3736 cernant,
3308 3668 3421 3722 sive
3467 3666 3534 3719 ab

1956 3764 2076 3818 aliis
2107 3773 2419 3817 cernantur.
2453 3763 2524 3815 At
2552 3761 2746 3830 quibus
2786 3770 3016 3827 utraque
3054 3758 3212 3814 laude
3249 3756 3532 3819 excellere,

1955 3872 2020 3910 ac
2048 3855 2190 3911 velut
2221 3853 2574 3910 ambidextris
2616 3867 2734 3907 esse
2756 3852 3002 3921 contigit,
3038 3851 3091 3905 hi
3122 3850 3374 3904 nimirum
3424 3863 3535 3902 om-

1957 3945 2115 4000 nibus
2164 3945 2406 4000 numeris
2440 3943 2673 3999 absoluti
2707 3951 2854 4009 sunt,
2888 3957 2952 3996 ac
2993 3956 3115 3995 cum
3158 3940 3381 3994 alterius
3409 3938 3534 3991 vita:

1954 4036 2290 4091 beatitudine
2332 4037 2495 4089 vitam
2541 4044 2728 4104 agunt.
2767 4022 3173 4102 Quod-quidem
3208 4030 3303 4095 illi,
3340 4038 3397 4082 ut
3433 4043 3534 4096 par

1954 4135 2092 4190 erat,
2129 4125 2378 4195 contigit,
2410 4126 2609 4194 quippe
2642 4122 2735 4192 qui
2778 4121 3131 4177 domesticum
3166 4118 3386 4173 haberet
3414 4118 3529 4171 vir-

1957 4218 2089 4273 tutis
2113 4218 2413 4287 exemplar,
2443 4217 2496 4271 in
2527 4216 2669 4285 quod
2716 4215 2994 4269 oculorum
3033 4213 3201 4267 aciem
3230 4212 3529 4275 intendens,

1956 4307 2139 4360 statim
2199 4308 2437 4375 optimus
2475 4313 2610 4359 erat.
2659 4303 2726 4358 Et
2775 4301 3222 4372 quemadmodum
3269 4314 3529 4370 equorum

1959 4397 2160 4467 pullos,
2192 4412 2257 4452 ac
2285 4378 2507 4461 vitulos,
2534 4395 2695 4451 simul
2722 4405 2881 4463 atque
2916 4396 2967 4447 iu
2996 4394 3164 4448 lucem
3195 4393 3529 4462 prodierunt,

268 4499 399 4547 των,
433 4485 494 4536 οὐ
532 4485 820 4555 παραπολὺ
850 4486 1167 4557 λειπόμενος
1190 4504 1205 4518 ·
1246 4491 1293 4541 εἰ
1327 4487 1507 4557 βούλει
1538 4488 1617 4553 δὲ,
1649 4490 1750 4542 κάν
1778 4493 1843 4562 τῇ

1966 4492 2215 4548 matribus
2264 4492 2377 4547 suis
2428 4490 2692 4545 assultare
2737 4488 3131 4553 videmus;sic
3180 4486 3268 4541 ille
3319 4496 3526 4556 patrem

347 4592 394 4623 ”
412 4592 553 4647 Psal.
584 4610 848 4664 cxxxvut,
880 4597 968 4651 16.

344 4744 905 4822 (16)Πεποιημένοι.
956 4747 1085 4819 Reg.
1150 4752 1204 4815 d,
1260 4749 1639 4822 ποιησάμενοι,
1690 4759 1747 4806 et
1781 4752 1847 4807 ad

270 4832 445 4881 marg.
473 4827 531 4869 ut
566 4818 615 4869 in
653 4820 739 4870 ed.

346 4887 476 4961 (l7)__
501 4886 578 4939 Τὰ
604 4888 731 4940 κατ’
761 4889 977 4961 αὐτόν.Δ
1000 4906 1020 4938 ‹
1054 4887 1202 4943 Hanc
1226 4891 1383 4958 hujus
1405 4890 1529 4946 vitae
1560 4901 1792 4961 partem,
1825 4911 1843 4944 ι

272 4971 395 5027 quze
442 4957 653 5031 litteras
696 4957 1139 5031 etAeruditionetn
1187 4957 1413 5029 spectat,
1451 4978 1471 5013 ι
1514 4957 1847 5031 contemple-

273 5026 416 5082 Iitur.
441 5048 468 5096 ν»
506 5026 711 5096 Etenim
745 5027 813 5081 de
839 5028 923 5081 his
942 5028 1030 5096 hic
1062 5026 1254 5096 agitur.

346 5095 458 5170 (l8)
483 5093 739 5170 Πλάο-ιν.
768 5096 925 5170 Juxta
962 5093 1223 5170 Nicet'am,
1258 5116 1352 5168 per
1372 5100 1503 5155 illud
1539 5100 1847 5170 ﬁgmentum

273 5166 608 5241 intelligitur:
643 5168 930 5241 baptisma,
983 5168 1067 5222 vel
1124 5166 1299 5241 potius
1352 5166 1759 5241 mores;'quod
1795 5170 1849 5223 ti-

272 5247 550 5308 gmentum
577 5235 742 5308 David
779 5252 1148 5308 psacxuyttt,
1175 5238 1263 5302 16,
1298 5257 1318 5289 ι
1343 5240 1590 5295 diurnum
1616 5235 1650 5291 ι’
1671 5249 1843 5305 vocat,

273 5305 461 5361 dicens
494 5320 508 5355 :
549 5324 569 5356 ι
602 5305 715 5369 Die,
751 5325 769 5356 ι
803 5307 889 5359 vel
920 5325 938 5357 ‹
982 5323 1074 5375 per
1103 5310 1264 5375 diem,
1305 5329 1324 5360 ι
1357 5310 1439 5363 vel
1468 5328 1487 5361 ι
1530 5312 1581 5363 in
1612 5311 1697 5365 die
1740 5311 1848 5362 lor-

273 5376 586 5430 mabuntur.
615 5392 634 5425 ›
664 5375 755 5449 §ic
771 5376 913 5449 enim
938 5377 1218 5449 legendum
1241 5394 1307 5433 ex
1327 5379 1515 5449 Graeco
1533 5390 1699 5449 textu,
1722 5380 1850 5449 ἡμέ-

273 5458 608 5517 ραςβηηοηβ
649 5446 764 5499 dies
794 5444 1188 5517 formabuntur,
1234 5466 1251 5498 ι
1281 5459 1338 5501 ut
1363 5449 1416 5501 iu
1458 5448 1703 5517 Vulgata.

347 5512 858 5585 (19)Κένταυρον.
886 5515 1090 5569 Chiron
1129 5516 1450 5583 Centaurus,
1496 5512 1757 5574 Achillem
1792 5519 1848 5572 in

272 5583 614 5655 disciplinam
657 5593 960 5655 acceptum,
1024 5595 1080 5638 et
1137 5588 1347 5655 equinae
1413 5603 1522 5642 sua:
1562 5590 1698 5653 parti
1746 5589 1849 5641 im-

271 5651 530 5721 positum,
550 5651 799 5720 iaculari,
835 5668 897 5707 ac
938 5656 1146 5719 lepores
1177 5651 1231 5710 et
1264 5657 1510 5711 hiunulos
1553 5651 1719 5713 ferire
1749 5658 1846 5712 do-

271 5720 449 5776 cebat.
488 5721 621 5775 Eum
650 5723 804 5777 lactis
833 5723 972 5790 loco,
998 5739 1280 5779 cervorum
1313 5741 1377 5779 ac
1400 5729 1610 5781 leonum
1641 5728 1846 5782 medul-

273 5791 339 5847 lis
385 5793 691 5861 nutriebat;
752 5792 893 5851 unde
951 5794 1127 5851 dictus
1165 5806 1249 5852 est
1295 5814 1314 5848 ι
1355 5796 1608 5863 Achilles,
1650 5814 1667 5850 ο
1710 5799 1852 5866 quod

1953 4752 2254 4874 fomtuunis
2304 4758 2358 4806 et
2394 4749 2576 4805 usitati
2614 4749 2741 4814 cibi,
2770 4750 2862 4819 qui
2896 4747 3055 4819 χιλόςι
3089 4747 3301 4815 dicitur,
3332 4762 3526 4817 expers

1978 4832 2135 4874 uertt.

1978 4823 2135 4877 inerit.

2018 4891 2130 4961 (2b)
2158 4891 2297 4947 Κατ’
2328 4892 2535 4944 αὐτόν.
2590 4888 2680 4961 Sic
2717 4889 2883 4961 Regg.
2914 4888 3023 4961 b_m,
3067 4887 3157 4956 ph,
3201 4886 3305 4941 duo
3333 4885 3522 4951 Coisl.,

1948 4958 2038 5016 Or.
2061 4961 2114 5024 2,
2150 4961 2298 5024 Par.,
2323 4970 2429 5017 etc.
2462 4961 2517 5013 In
2541 4960 2649 5023 ed.,
2679 4959 2800 5012 κατ’
2826 4958 3023 5011 αὐτῶν.

2018 5030 2130 5101 (21)
2171 5033 2236 5085 Ἦ
2273 5032 2419 5096 βίον
2454 5030 2664 5101 μόνον.
2715 5030 2873 5084 Deest
2925 5028 3080 5097 μόνον
3131 5027 3183 5080 in
3237 5025 3432 5099 Chrys.
3465 5025 3523 5081 In

1946 5099 2333 5171 Pass.‘desunt
2368 5101 2402 5171 ἦ
2427 5111 2481 5171 et
2507 5099 2685 5171 μόνον.

2019 5171 2131 5241 (22)
2171 5168 2401 5241 Δοκεῖν.
2426 5169 2598 5241 Pass.,
2620 5168 2785 5241 69er.

2167 5240 2401 5303 Τούτοις
2453 5238 2549 5310 καὶ
2604 5238 2667 5291 τὸ
2704 5234 2878 5310 εἶναι,
2917 5244 3020 5310 etc.
3052 5254 3070 5286 ι
3115 5234 3213 5310 Qui
3241 5243 3524 5310 utramque

1948 5305 2180 5373 laudem,
2214 5326 2233 5359 ι
2268 5310 2442 5377 inquit
2464 5307 2701 5369 Nicetas,
2739 5329 2755 5356 ι
2791 5306 3050 5359 doctrinae
3077 5305 3283 5377 scilicet
3325 5316 3381 5357 et
3403 5307 3524 5377 vita:

1949 5389 2031 5434 est
2052 5376 2355 5445 assecutus,
2404 5380 2448 5431 is
2497 5377 2767 5445 perfectus
2804 5385 2906 5445 rest
2946 5389 3074 5445 :ac
3122 5376 3372 5445 deinceps
3410 5376 3521 5441 jam

1948 5464 2069 5502 cum
2104 5448 2325 5501 alterius
2365 5444 2545 5501 saeculi
2578 5444 2908 5499 beatitudine
2942 5444 3106 5497 vitam
3138 5444 3389 5509 traducit,
3417 5458 3522 5514 qua

1947 5520 2183 5588 puritate
2212 5526 2264 5588 e_t
2294 5515 2745 5588 contemplatione
2776 5514 2957 5588 pollet.
2994 5532 3013 5565 ι

2021 5586 2132 5658 (24)
2170 5583 2258 5641 Εὖ
2314 5578 2547 5658 nomini.
2577 5584 2656 5658 rlu_
2698 5578 2988 5650 nonnullis,
3048 5578 3107 5658 εὖ
3164 5585 3359 5658 ποιεῖν,
3409 5593 3519 5658 etc.

1950 5676 1983 5783 lt)
2020 5654 2244 5711 Virtutis
2273 5657 2547 5728 exemplar
2575 5654 2794 5719 habens,
2824 5669 2929 5725 quo
2959 5656 3103 5712 domi
3134 5656 3389 5725 praeclare
3416 5655 3519 5711 im-

1990 5736 2224 5783 ucrctur.
2258 5745 2276 5779 ι

1990 5736 2224 5784 ucrctur.
2258 5745 2276 5779 ι
