3902 6218
272 3630 287 3641 .
370 3595 581 3659 stianis,
622 3594 782 3647 etiam
839 3601 963 3646 ante
1012 3591 1199 3645 initum
1255 3590 1660 3656 sacerdotium;

367 298 465 354 5H

1527 297 1586 355 S.
1627 295 1956 354 GREGORII
1993 296 2339 354 THEOLOGI

3498 301 3611 356 512

365 427 486 464 cum
514 410 712 480 equino
734 418 789 465 et
816 411 1296 481 generosoimpetu
1319 425 1349 466 e
1378 412 1680 482 propinquo
1709 408 1931 464 alfecta-

2046 411 2375 482 πκιαγραφίᾳ
2400 410 2461 464 τὸ
2492 410 2679 483 μέλλον
2701 412 2798 482 τῆς
2822 408 3022 481 ἀρετῆς
3048 409 3160 481 (‘25)
3188 410 3382 477 κάλλος
3407 413 3615 488 ὑποση-

364 504 542 565 batur,
594 517 694 556 nec
736 517 764 557 a
805 503 1032 557 summis
1075 503 1291 558 virtutis
1348 503 1494 559 illius
1546 501 1932 573 agitationibus

362 593 520 664 longo
568 576 848 649 intervallo
895 594 1159 660 distabat;
1193 604 1307 661 aut,
1353 597 1399 650 si
1454 595 1647 661 mavis,
1715 595 1769 648 in
1816 593 1928 659 ipsa

2039 498 2278 571 μαίνων,
2311 501 2404 553 καὶ
2434 500 2540 572 πρὸ
2575 500 2671 554 τοῦ
2709 500 2901 572 καιροῦ
2935 499 3034 572 τῆς
3077 500 3383 572 ἀκριϐείας,
3408 501 3476 555 τὰ
3505 504 3614 569 ﬁt;

2036 590 2321 662 ἀκριϐείας
2351 592 2874 662 προχαραττόμενος.

364 702 577 755 quoque
643 688 856 744 virtutis
925 688 1357 755 adumbratione,
1406 689 1597 745 futurae
1651 687 1872 743 virtutis
1916 685 2364 757 pulchritudinem
2416 686 2810 751 subindicabat,
2887 695 3049 755 atque
3093 687 3443 745 accuratioris
3489 690 3619 745 vitae

369 787 525 831 notas
553 789 677 832 ante
699 779 1050 834 accuratioris
1084 779 1208 833 vita:
1240 789 1448 848 tempus
1479 779 1816 850 pra-ferebat.

446 868 581 923 XIII.
610 868 722 923 Illic
751 883 911 937 porro
944 887 1066 925 cum
1093 871 1226 925 satis
1256 875 1474 927 uberem
1501 872 1800 927 doctrinam
1830 870 1910 924 col

370 959 603 1027 legisset,
634 975 734 1013 nec
756 959 834 1013 rei
857 959 1175 1027 cujusquam
1206 961 1446 1015 honestae
1482 961 1727 1028 ignarum
1767 967 1821 1012 et
1847 973 1942 1012 ex-

375 1060 577 1119 pertem
611 1064 733 1104 eum
770 1065 892 1105 esse
923 1060 1219 1121 oporteret,
1253 1067 1351 1106 nec
1375 1052 1444 1106 ab
1471 1051 1702 1121 apicula,
1725 1065 1846 1120 qua:
1875 1064 1938 1102 ex

370 1141 696 1208 quibuslibet
736 1140 954 1196 ﬂoribus
1001 1142 1286 1197 utilissima
1315 1158 1540 1211 quasque
1567 1142 1824 1212 decerpit,
1860 1141 1947 1211 la:

370 1230 499 1285 bore
545 1246 608 1285 ac
655 1232 937 1302 diligentia
980 1230 1243 1302 sn'perari,
1274 1232 1598 1298 Cmsaream,
1626 1242 1684 1287 ut
1724 1232 1941 1287 schola-

373 1337 490 1374 rum
531 1320 681 1376 urbis
717 1323 857 1377 illius
891 1325 1158 1393 particeps
1206 1335 1372 1388 esset,
1423 1324 1734 1389 contendit;
1778 1325 1937 1384 hanc,

2108 865 2209 917 Il".
2250 863 2399 917 Ἐπεὶ
2419 863 2475 917 δὲ
2508 862 2707 926 ἱκανῶς
2733 858 2847 934 εἶχε
2875 864 2973 936 τῆς
3003 865 3235 918 ἐνταῦθα
3257 865 3615 929 παιδεύσεως,

2036 956 2143 1009 ἔδει
2174 955 2219 1008 δ’
2248 955 2407 1007 αὐτὸν
2442 954 2606 1024 μηδὲν
2651 954 2758 1013 τῶν
2791 954 2969 1007 καλῶν
3007 955 3320 1026 διαφυγεῖν,
3357 956 3490 1026 μηδὲ
3535 956 3619 1027 τῷ

2040 1048 2315 1119 φιλοπόνῳ
2357 1047 2457 1113 τῆς
2490 1046 2752 1118 μελίσσης
2789 1046 3215 1116 ἀπολειφθῆναι,
3251 1047 3617 1119 συλλεγούσης

2045 1142 2108 1192 ὲκ
2138 1138 2336 1200 παντὸς
2369 1136 2562 1200 ἄνθους
2595 1137 2662 1189 τά
2701 1135 3122 1208 χρησιμώτατα,
3155 1138 3246 1191 ἐπὶ
3275 1138 3372 1210 τὴν
3404 1140 3620 1193 Καισα-

2041 1230 2177 1303 ρέων
2206 1227 2358 1281 πόλιν
2386 1228 2496 1299 (26)
2519 1228 2817 1296 ἐπείγεται,
2843 1229 2950 1282 τῶν
2974 1229 3099 1300 τῇδε
3127 1229 3364 1300 μεθέξων
3393 1230 3621 1283 παιδευ-

2038 1320 2240 1390 τηρίων
2260 1335 2274 1349 ·
2310 1318 2513 1388 ταύτην
2546 1320 2602 1372 δὲ
2646 1318 2790 1388 λέγω
2822 1321 2920 1391 τὴν
2953 1320 3223 1392 περιφανῆ
3253 1339 3313 1374 τε
3345 1321 3438 1374 καὶ
3476 1324 3621 1392 ἡμε-

373 1413 612 1478 inquam,
644 1411 908 1467 illustrem
934 1414 1229 1479 civitatem,
1260 1422 1317 1468 et
1345 1424 1584 1467 nostram
1606 1412 1750 1482 (nam
1791 1427 1937 1466 meo-

2046 1411 2200 1481 ιέραν
2229 1409 2392 1481 (ἐπεὶ
2430 1411 2524 1463 καὶ
2566 1409 2676 1463 τῶν
2715 1409 2865 1479 ἐμῶν
2890 1411 3063 1478 λόγων
3098 1410 3237 1484 αὕτη
3282 1412 3616 1485 καθηγεμὼν

371 1518 488 1556 rum
520 1518 732 1573 quoque
776 1507 1074 1563 studioran
1123 1508 1228 1559 dux
1286 1514 1337 1559 et
1385 1507 1637 1574 magistra
1685 1503 1937 1571 exstitit),

375 1609 480 1646 non
517 1594 693 1648 minus
749 1594 1052 1648 litterarum
1105 1605 1271 1663 atque
1324 1595 1600 1659 doctrinae,
1627 1609 1787 1663 qnam
1844 1609 1938 1647 ur-

372 1685 541 1748 bium,
580 1685 744 1754 780
768 1685 962 1754 quibus
991 1686 1245 1755 praecellit
1280 1697 1335 1740 et
1369 1687 1696 1747 dominatur,
1746 1694 1939 1739 metro-

2037 1503 2130 1556 καὶ
2155 1501 2527 1570 διδάσκαλος),
2555 1501 2655 1572 τὴν
2682 1503 2779 1572 οὐχ
2804 1499 2966 1575 ἦττον
2994 1502 3167 1571 λόγων
3196 1503 3548 1575 μητρόπολιν,
3578 1504 3614 1576 ἢ

2034 1593 2144 1647 τῶν
2167 1593 2375 1647 πόλεων
2403 1586 2477 1646 ὧν
2501 1592 2844 1664 ὑπέρκειται,
2877 1595 2969 1647 καὶ
2998 1595 3121 1649 καθ’
3149 1587 3224 1649 ὧν
3255 1594 3367 1666 ἕχει
3394 1596 3493 1666 τὴν
3524 1596 3619 1649 δυ-

2038 1685 2325 1738 ναστείαν·
2362 1685 2429 1756 ἣν
2467 1685 2630 1750 εἴτις
2661 1685 2754 1738 τοῦ
2796 1686 2854 1738 ὲν
2889 1685 3070 1754 λόγοις
3116 1687 3350 1757 κράτους
3383 1688 3617 1741 ἀποστε-

373 1775 570 1842 polim;
606 1790 765 1844 quam
818 1776 861 1828 si
906 1777 1026 1845 quis
1079 1778 1339 1831 doctrinae
1379 1777 1551 1846 palma
1605 1776 1936 1844 spoliaverit,

2047 1778 2281 1847 ρήσειεν.
2318 1749 2619 1848 ἀφῃρηκὼς
2661 1775 2811 1829 ἔσται
2846 1749 2977 1830 αὐτό
3018 1778 3078 1830 τὸ
3117 1749 3400 1832 κάλλιστόν
3430 1796 3487 1831 τε
3521 1780 3619 1832 καὶ

374 1881 485 1916 rem
522 1867 759 1919 omnium
797 1868 1214 1935 pulcherrimam
1272 1871 1485 1937 ipsique
1540 1871 1771 1922 maxime
1819 1885 1942 1937 pro-

372 1960 544 2026 priam
578 1960 854 2027 eripuerit.
892 1956 1025 2013 Nam
1060 1975 1180 2013 cum
1213 1962 1330 2012 alia:
1371 1960 1618 2013 civitates
1648 1958 1767 2013 aliis
1785 1973 1944 2013 orna-

375 2050 595 2116 tuentis,
636 2049 719 2103 vel
771 2050 1025 2119 antiquis,
1081 2051 1162 2104 vel
1211 2054 1364 2102 novis
1408 2048 1722 2117 glorientur,
1760 2055 1941 2116 prout,

374 2142 586 2208 Opinor,
641 2140 721 2193 vel
762 2141 1026 2203 historiis,
1056 2140 1137 2192 ve!
1174 2141 1330 2193 rebus
1361 2139 1677 2208 quibusdam
1707 2139 1942 2192 visendis

372 2241 578 2283 ornatre
614 2239 768 2295 sunt;
800 2230 937 2283 hanc
970 2239 1180 2291 contra,
1222 2238 1279 2281 ut
1323 2245 1471 2281 arma
1527 2229 1608 2283 vel
1654 2229 1942 2298 tragtrdias

375 2332 518 2375 nota:
547 2320 788 2390 quaedam
821 2329 982 2390 atque
1022 2320 1275 2389 insignia,
1314 2320 1391 2374 sic
1439 2321 1736 2375 litterarum
1776 2320 1939 2390 gloria

374 2409 638 2473 nobilitat,
664 2409 1033 2477 illustremque
1067 2409 1262 2462 reddit.
1295 2407 1413 2462 Jam
1457 2425 1578 2479 quae
1623 2419 1940 2479 sequuntur,

373 2501 408 2553 ii
440 2510 728 2568 exponant,
759 2499 849 2567 qui
881 2509 936 2553 et
961 2514 1082 2553 eum
1130 2501 1270 2567 apud
1300 2516 1359 2555 se
1390 2501 1721 2566 erudierunt,
1750 2508 1805 2555 et
1826 2499 1940 2553 fru-

373 2602 518 2646 ctum
548 2606 612 2644 ex
652 2592 819 2658 ipsius
858 2591 1163 2645 eruditione
1217 2601 1502 2660 ceperunt;
1545 2602 1775 2660 quantus
1797 2592 1942 2645 vide-

380 2685 506 2737 licet
537 2683 827 2753 magistris,
864 2690 1099 2751 quantus
1124 2683 1415 2751 atqualibus
1446 2693 1606 2748 esset,
1640 2684 1760 2737 illos
1785 2683 1943 2737 nimi-

376 2790 496 2828 rum
533 2789 771 2842 aequatis,
812 2774 910 2826 bos
939 2772 1084 2826 omni
1130 2773 1389 2826 doctrinae
1410 2788 1605 2842 genere
1633 2788 1896 2842 superans
1923 2789 1937 2835 ;

372 2877 628 2932 quantam
670 2863 806 2933 apud
837 2878 1024 2918 omnes
1067 2873 1176 2917 tum
1227 2865 1483 2933 plebeios,
1539 2877 1650 2918 tum
1706 2865 1942 2919 civitatis

370 2958 654 3027 primarius
688 2957 912 3026 gloriam
954 2955 1103 3010 brevi
1153 2964 1395 3024 tempore
1442 2968 1719 3009 assecutus
1749 2956 1938 3020 fuerit;

371 3049 631 3118 majorem
667 3048 881 3117 quidem
917 3059 1078 3114 quam
1115 3046 1202 3099 illa
1237 3056 1369 3100 tetas
1423 3046 1651 3110 ferebat,
1678 3047 1939 3100 eruditio-
1969 3081 2011 3137 ϐ

371 3155 516 3202 nem,
554 3137 809 3206 majorem
866 3153 1052 3192 rursus
1082 3137 1385 3191 eruditione
1433 3150 1637 3189 morum
1690 3145 1940 3189 constan-

371 3236 497 3283 tiam
525 3239 580 3284 et
617 3232 933 3300 gravitatem
998 3228 1319 3293 ostendens;
1360 3228 1544 3281 rhetor
1591 3230 1726 3283 inter
1768 3230 1937 3283 rheto-

371 3338 481 3382 res.
518 3323 680 3376 etiam
745 3330 871 3375 ante
919 3319 1266 3388 sophisticam
1315 3319 1643 3386 exhedram;
1704 3320 1941 3390 philoso-

370 3413 508 3482 phus
545 3417 684 3466 inter
740 3411 1103 3482 philosophos,
1166 3411 1328 3464 etiam
1401 3419 1524 3462 ante
1582 3410 1937 3478 philosopbite

371 3512 587 3558 decreta
622 3521 637 3558 :
672 3512 747 3567 et,
789 3503 931 3572 quod
991 3500 1288 3554 maximum
1339 3511 1442 3563 est,
1479 3503 1733 3553 sacerdos
1786 3500 1944 3553 (Ebri-

1735 3600 1941 3644 tantum

371 3685 468 3751 ipsi
523 3700 710 3738 omnes
766 3683 818 3736 in
876 3681 1125 3735 omnibus
1174 3682 1332 3733 rebus
1378 3681 1765 3734 concedebant.
1836 3679 1938 3747 ipsi

372 3789 530 3840 porro
559 3772 876 3841 eloquentiae
922 3769 1178 3831 studium,
1214 3768 1538 3822 accessionis
1569 3770 1848 3830 duntaxat,
1882 3783 1945 3823 ac

370 3864 519 3918 velut
567 3861 835 3917 corollarii
889 3861 1167 3929 cujusdam
1217 3859 1481 3912 rationem
1541 3858 1794 3923 habebat,
1842 3861 1943 3915 hoc

369 3964 576 4008 tantum
610 3954 818 4009 scilicet
841 3968 906 4007 ex
941 3953 1053 4020 ipsa
1080 3950 1285 4005 fruetus
1327 3949 1941 4018 decerpenti,‘quantum

369 4046 579 4110 auxilii,
612 4054 671 4099 ut
700 4060 761 4100 ea
815 4045 880 4099 ad
940 4050 1179 4096 nostram
1222 4039 1617 4121 philosophiam
1663 4051 1941 4108 uteretur;

370 4138 800 4205 quandoquidem
841 4135 907 4190 ad
949 4133 1266 4205 explicanda
1296 4133 1459 4186 animi
1484 4124 1640 4205 se'nsa
1672 4134 1838 4200 ipsius
1866 4135 1945 4189 vis

2047 1866 2358 1921 ίδικώτατον
2391 1867 2524 1937 (27).
2556 1867 2748 1921 Ἀλλαι
2777 1869 2875 1937 μὲν
2914 1867 3022 1939 γὰρ
3058 1870 3165 1925 τῶν
3192 1870 3396 1924 πόλεων
3436 1870 3617 1934 ἄλλοις

2043 1957 2365 2026 ἀγάλλονται
2391 1957 2856 2028 καλλωπίσμασιν,
2883 1958 2916 2028 ἢ
2942 1959 3207 2023 παλαιοῖς,
3231 1960 3441 2030 ἢνέοις,
3468 1962 3618 2024 ὅπως

2045 2045 2111 2100 ἂν
2137 2042 2314 2116 οἶμαι,
2351 2046 2459 2100 τῶν
2479 2047 2834 2118 διηγημάτων
2858 2047 3075 2118 ἔχωσιν,
3103 2049 3137 2121 ἢ
3173 2050 3280 2105 τῶν
3299 2051 3614 2122 ὁρωμένων·

2042 2140 2106 2208 τῇ
2144 2138 2221 2201 δὲ,
2251 2136 2397 2206 λόγοι
2431 2138 2490 2190 τὸ
2534 2138 2843 2210 γνώρισμα,
2876 2140 3064 2214 ὥσπερ
3108 2144 3166 2196 ὲν
3197 2145 3309 2206 τοῖς
3347 2144 3535 2208 ὅπλοις
3580 2146 3615 2218 ἢ

2043 2230 2153 2290 τοῖς
2183 2227 2420 2298 δράμασι
2462 2226 2532 2280 τὰ
2577 2229 2844 2299 ἐπίσημα.
2879 2229 2961 2283 Τά
2989 2230 3045 2282 δὲ
3077 2230 3205 2301 ἑξῆς
3233 2231 3385 2285 αὐτοὶ
3404 2232 3615 2302 διηγεί-

2045 2319 2290 2384 σθωσαν,
2347 2321 2396 2372 οἱ
2442 2320 2534 2373 καὶ
2579 2320 2960 2386 παιδεύσαντες
2994 2322 3086 2375 τὸν
3117 2324 3283 2395 ἄνδρα
3326 2328 3456 2397 παρ’
3487 2328 3616 2380 ἑαυ-

2041 2413 2170 2473 τοῖς,
2199 2411 2294 2463 κα¹ι
2321 2411 2419 2481 τῆς
2445 2410 2779 2475 παιδεύσεως
2804 2411 3209 2478 ἀπολαύσαντες
3228 2433 3241 2446 ·
3269 2417 3392 2479 ὅσος
3420 2416 3518 2487 μὲν
3548 2413 3619 2488 ἦν

2042 2500 2400 2568 διδασκάλοις,
2433 2503 2556 2567 ὅσος
2581 2503 2635 2556 δὲ
2655 2502 2816 2571 ἥλιξι,
2848 2506 2957 2569 τοῖς
2984 2505 3082 2575 μὲν
3103 2509 3618 2579 παρεκτεινόμενος,

2043 2594 2167 2655 τοὺς
2192 2592 2247 2646 δὲ
2274 2594 2586 2664 ὑπεραίρων
2613 2594 2754 2648 κατὰ
2784 2596 2891 2648 πᾶν
2917 2593 3055 2659 εἶδος
3085 2596 3421 2663 παιδεύσεως
3443 2617 3457 2629 ·
3492 2600 3618 2654 ὅσον

2044 2682 2198 2746 κλέος
2233 2683 2382 2746 ἐντὸς
2403 2682 2581 2752 ὀλίγου
2617 2684 2809 2754 χρόνου
2834 2685 2983 2756 ποιρά
3012 2688 3175 2739 πᾶσιν
3199 2688 3486 2758 ἠνέγκατο,
3523 2690 3621 2744 καὶ

2043 2779 2152 2839 τοῖς
2186 2778 2249 2828 ἐκ
2286 2775 2380 2829 τοῦ
2417 2776 2623 2847 δήμου,
2664 2777 2756 2829 καὶ
2798 2779 2910 2841 τοῖς
2953 2777 3190 2848 πρώτοις
3232 2779 3333 2849 τῆς
3369 2780 3614 2843 πόλεως·

2046 2866 2217 2936 μείζω
2260 2866 2356 2936 μὲν
2381 2867 2480 2938 τῆς
2517 2866 2728 2938 ἡλικίας
2772 2868 2868 2940 τὴν
2898 2869 3199 2933 παίδευσιν,
3233 2868 3404 2940 μείζω
3430 2870 3487 2924 δὲ
3516 2870 3621 2940 τῆς

2045 2956 2377 3020 παιδεύσεως
2425 2957 2524 3029 τὴν
2578 2958 2670 3011 τοῦ
2715 2959 2879 3029 ἤθους
2927 2962 3089 3031 πῆξιν
3137 2961 3617 3033 ἐπιδεικνύμενος·

2047 3051 2227 3121 ῥήτωρ
2247 3051 2304 3101 ὲν
2337 3050 2582 3120 ῥήτορσι,
2616 3050 2711 3103 καὶ
2740 3051 2843 3122 πρὸ
2870 3052 2977 3104 τῶν
3006 3053 3116 3122 (28)
3143 3054 3472 3122 σοφιστικῶν
3503 3055 3623 3127 θρό-

2044 3160 2148 3195 νων
2169 3159 2185 3173 ·
2216 3141 2498 3210 φιλόσοφος
2524 3145 2581 3194 ἐν
2608 3141 2934 3212 φιλοσόφοις,
2975 3145 3068 3198 καὶ
3099 3145 3204 3216 πρὸ
3233 3145 3340 3197 τῶν
3383 3149 3440 3200 ὲν
3469 3147 3623 3216 φιλο-

2047 3232 2205 3303 σοφίᾳ
2241 3232 2555 3301 δογμάτων·
2598 3232 2658 3285 τὸ
2708 3235 2982 3303 μέγιστον,
3023 3238 3200 3309 ἱερεὺς
3234 3238 3619 3309 Χριστιανοίς,

2037 3324 2130 3377 καὶ
2159 3321 2262 3393 πρὸ
2288 3321 2385 3392 τῆς
2423 3321 2755 3393 ἱερωσύνης·
2794 3325 3046 3377 τοσοῦτον
3080 3321 3146 3398 ἦν
3175 3326 3324 3397 αὐτῷ
3361 3328 3423 3382 τὸ
3465 3330 3620 3401 παρά

2038 3414 2257 3467 πάντων
2294 3415 2716 3486 συγκεχωρηκὸς
2760 3417 2818 3469 ὲν
2857 3418 3078 3474 ἅπασιν.
3114 3420 3202 3491 Τῷ
3246 3421 3303 3474 δὲ
3335 3422 3482 3490 λόγοι
3519 3423 3622 3492 μὲν

2036 3504 2097 3557 τὸ
2139 3506 2421 3575 πάρεργον
2463 3502 2623 3575 ἦσαν,
2673 3508 2928 3563 τοσοῦτον
2969 3511 3027 3576 ἐξ
3064 3513 3244 3565 αὐτῶν
3277 3514 3616 3586 δρεπομένῳ,

2040 3596 2165 3647 ὅσον
2206 3597 2286 3658 είς
2317 3597 2415 3666 τὴν
2443 3598 2564 3650 καθ’
2595 3601 2626 3668 ἡ
2638 3602 2744 3669 μᾶς
2775 3601 3089 3671 φιλοσοφίαν
3131 3608 3425 3677 συνεργοὺς
3450 3606 3616 3677 ἔχειν·

2041 3684 2226 3754 ἐπειδὴ
2249 3685 2329 3737 δεῖ
2349 3686 2444 3739 καὶ
2466 3689 2563 3758 τῆς
2588 3690 2646 3741 ὲν
2671 3689 2880 3753 τούτοις
2912 3688 3193 3762 δυνάμεως
3223 3695 3358 3764 πρὸς
3385 3695 3481 3767 τὴν
3509 3696 3620 3749 τῶν

2042 3774 2348 3844 νοουμένων
2390 3775 2655 3847 δήλωσιν·
2706 3778 2910 3850 κίνημα
2965 3782 3072 3853 γὰρ
3134 3782 3456 3853 ναρκώντων
3505 3785 3618 3855 (‘29)

2041 3865 2180 3919 ἐστὶ.
2213 3866 2337 3930 νοῦς
2366 3867 2744 3941 ἀνεκλάλητος.
2779 3873 3067 3943 Φιλοσοφία
3093 3873 3208 3945 est,
3247 3876 3445 3944 σπουδὴ
3479 3877 3617 3949 (30),

2041 3956 2134 4008 καὶ
2166 3956 2226 4010 τὸ
2270 3960 2499 4029 ῥαγῆναι
2531 3962 2755 4032 κόσμου,
2786 3966 2879 4017 καὶ
2909 3967 3046 4033 μετά
3067 3966 3201 4019 Θεοῦ
3229 3968 3478 4036 γενέσθαι
3507 3972 3621 4032 τοῖς

2040 4046 2192 4099 κάτω
2221 4046 2289 4100 τὰ
2328 4047 2440 4101 ἄνω
2486 4055 3026 4124 πραγματευόμενοι),
3071 4056 3166 4109 καὶ
3211 4059 3322 4119 τοῖς
3365 4058 3620 4122 ἀστατοις

2041 4139 2135 4190 καὶ
2159 4137 2341 4209 ῥέουσι
2361 4140 2430 4193 τὰ
2446 4142 2656 4196 ἑστῶτα
2680 4145 2771 4197 καὶ
2793 4146 3023 4215 μένοντα
3045 4148 3295 4202 κατακτὼ
3303 4167 3460 4221 μενον
3480 4151 3616 4221 (51).

368 4250 432 4289 ac
496 4233 722 4289 facultas
763 4230 1075 4301 requiritur.
1126 4226 1277 4283 Mens
1316 4227 1481 4293 enim,
1523 4204 1642 4295 q'ute
1683 4228 1757 4290 id.
1802 4228 1945 4297 quod
1983 4233 2164 4298 sentit,
2228 4235 2407 4289 verbis
2477 4239 2781 4307 exprimere
2826 4240 3028 4307 nequit,
3082 4204 3356 4295 hominum
3405 4204 3623 4311 torpore

369 4324 729 4379 laborantium
778 4323 1008 4378 incessui
1056 4322 1469 4392 haudquaquam
1518 4322 1792 4378 dissimilis
1826 4332 1926 4379 est.
1966 4324 2034 4378 At
2069 4342 2194 4380 vero
2229 4329 2428 4383 serium
2504 4340 2558 4384 et
2632 4332 2957 4400 prmeipuum
3008 4332 3151 4388 illius
3196 4334 3431 4390 studium
3468 4336 3520 4389 in
3552 4354 3622 4392 eo

367 4423 705 4487 versabatur,
735 4430 792 4476 ιιι
823 4438 966 4478 verae
1011 4421 1367 4491 philosophiae
1427 4435 1646 4490 operam
1721 4422 1894 4485 daret,
1962 4437 2190 4491 seseque
2249 4440 2278 4478 a
2337 4426 2520 4479 mundi
2587 4428 2906 4497 contagione
2968 4428 3353 4497 abrumperet,
3401 4429 3621 4498 Deoque

368 4514 700 4582 adjungeret,
739 4529 802 4568 ac
835 4528 930 4584 per
979 4524 1214 4583 terrena,
1257 4530 1448 4586 supera
1498 4517 1815 4582 lucraretur,
1868 4527 1921 4572 et
1958 4532 2054 4587 per
2122 4519 2259 4573 fluxa
2328 4532 2384 4576 et
2422 4521 2650 4593 fragilia,
2679 4537 2769 4589 ea,
2807 4537 2927 4592 qua:
2963 4523 3114 4577 firma
3157 4533 3211 4578 et
3244 4536 3439 4579 (eterna
3472 4535 3617 4595 sunt,

364 4625 552 4679 campa
564 4627 617 4663 ra
627 4617 725 4665 ret.

439 4787 549 4865 es.)
602 4787 716 4865 etc
744 4788 985 4865 ἀρετῆς-
1017 4790 1318 4865 Pass-.571;
1354 4795 1585 4865 μορφῆς,
1616 4812 1634 4845 ι
1670 4791 1872 4865 romae.
1911 4813 1931 4847 ›

2115 4794 2225 4863 (2'7)
2268 4793 2650 4848 ’Ῑδικώτατον.
2682 4792 2816 4863 Reg.
2847 4795 2879 4847 d
2913 4804 2968 4848 et
3003 4792 3097 4849 Or.
3135 4793 3170 4847 2
3199 4794 3265 4847 ad
3294 4809 3483 4861 marg,
3523 4795 3621 4850 ιδι-

338 4910 341 4911 ν
436 4858 574 4935 (‘26)__
596 4860 943 4935 Καισαρέων
968 4861 1165 4935 πόλιν.
1204 4858 1386 4935 Billiu's
1419 4858 1484 4935 ad
1520 4858 1684 4933 Marg.
1714 4883 1733 4915 ι
1760 4864 1937 4919 Cresa-

2046 4858 2283 4935 αίτατον.
2316 4865 2528 4919 Nicetas
2558 4866 2701 4935 hunc
2725 4858 2896 4917 locum
2923 4865 2999 4917 sic
3024 4866 3155 4935 legit
3179 4881 3193 4916 :
3219 4864 3370 4918 ἔσται
3393 4858 3620 4921 τδκάλ-

365 4944 511 5005 reain
543 4929 838 5005 Palaestina
870 4930 1139 5005 intelligit.
1172 4950 1191 4983 ι
1236 4929 1934 5005 Ιιιιμοιιιιιᾱοιιιᾲεέιιιθηιίοιη

2046 4934 2217 4988 λιστον
2250 4935 2422 5005 αὐτῆς
2457 4951 2517 4986 τε
2543 4934 2967 5005 καὶᾏίδιαίτατον.

302 5024 307 5031 ~
366 4998 592 5071 inclinat
613 4998 1005 5071 Tillemontius.
1050 5001 1243 5054 Verum
1274 5002 1490 5056 Nicetas
1512 5003 1709 5071 aliique
1736 5005 1929 5057 eruditi

368 5067 724 5141 ¢_C:esaream
749 5068 1097 5141 Cappadocim
1127 5089 1144 5119 ι
1183 5071 1502 5139 intelligunt.
1536 5067 1640 5126 Pro
1670 5073 1786 5141 ista
1815 5073 1931 5141 opi-

367 5137 527 5210 nione
568 5148 806 5210 pugnant
833 5137 1019 5210 etiam
1068 5137 1363 5195 novissimi
1398 5157 1616 5210 operum
1659 5140 1716 5195 S.
1758 5137 1934 5197 Basilii

365 5208 624 5280 editores,
652 5222 715 5280 ac
750 5207 992 5280 pluribus
1024 5218 1078 5263 et
1100 5207 1786 5280 firmissimisargumentis
1806 5226 1934 5278 pro-

368 5276 516 5340 bant,
551 5276 800 5331 Basiliam
842 5287 895 5332 et
919 5278 1260 5346 Gregorium,
1288 5276 1587 5334 studiorum
1616 5276 1933 5346 causa—pri-

365 5362 510 5416 mum
544 5365 563 5398 ι
596 5347 894 5401 ϐωεετεειηι
930 5347 1280 5416 Cappadociae
1312 5369 1331 5401 ι
1377 5350 1676 5405 advenisse.
1710 5352 1932 5415 Deinde,

357 5412 511 5488 juxta
533 5416 748 5471 eosdem
760 5412 1033 5488 editores,
1060 5417 1285 5488 Basilius
1312 5440 1333 5471 ‹
1366 5420 1885 5488 Constantinopolim
1910 5412 1927 5471 ι

367 5485 620 5547 mittitur,
656 5495 722 5555 et,
746 5485 1037 5555 Gregorius
1074 5506 1092 5538 ι
1136 5487 1433 5544 Czesaream
1481 5485 1809 5553 Palestina),
1865 5493 1934 5545 ob

364 5554 781 5627 artis‘oratorize
798 5554 1063 5627 amorem,
1101 5576 1119 5608 ι
1155 5568 1213 5611 ιιι
1235 5559 1347 5627 ipse
1370 5559 1621 5624 loquitur,
1648 5574 1728 5613 or.
1753 5575 1849 5623 vu,
1877 5576 1932 5613 ιι.

364 5620 419 5674 6.
454 5620 586 5677 Vide
620 5622 806 5676 Basilii
834 5626 1012 5686 vitam.
1038 5631 1124 5681 ed.
1156 5620 1274 5684 Par‘.
1299 5646 1384 5683 an.
1417 5620 1573 5692 1750,
1605 5620 1732 5683 tom.
1758 5620 1845 5687 ΙΙΙ,
1876 5647 1929 5682 ιι.

364 5704 440 5756 vt,
456 5707 572 5763 pag.
585 5691 674 5761 40,
690 5694 774 5748 ubi
788 5696 1010 5764 quaestio
1025 5698 1135 5754 haec
1158 5699 1354 5768 optimc
1369 5691 1691 5769 pertracjtata
1706 5702 1939 5756 videtur.

2112 5006 2223 5074 ('28)
2260 5002 2388 5058 Καί
2415 5005 2527 5071 πρὸ
2579 5003 2719 5068 τῶν,
2748 5014 2851 5059 etc.
2900 5007 3049 5056 Sam.
3090 5004 3249 5058 Petit.
3287 5002 3490 5061 Miseel.
3521 5007 3614 5062 lib.

2038 5091 2110 5131 tv.
2141 5091 2204 5146 _c.
2252 5081 2301 5139 I,
2340 5090 2392 5140 p.
2435 5075 2522 5136 10,
2558 5077 2637 5146 s_ic
2689 5076 2856 5146 legit;
2898 5075 3109 5146 Ῥήτωρ
3142 5076 3200 5126 ὲν
3242 5075 3488 5146 ῥήτορσι,
3522 5080 3616 5130 καὶ

2040 5144 2272 5216 πρώτων
2297 5144 2644 5216 »σοφιστικῶν
2691 5145 2925 5216 θρόνων·
2967 5143 3253 5216 φιλόσοφος
3297 5143 3355 5197 ἐν
3381 5143 3620 5213 ’φιλοσό-

2039 5212 2180 5282 φὸις,
2224 5214 2319 5267 καὶ
2357 5212 2588 5284 πρώτων
2630 5214 2689 5265 ὲν
2728 5212 3015 5283 φιλοσοφίᾳ
3057 5212 3377 5284 δογμάτων·
3419 5212 3490 5269 τὸ
3523 5216 3621 5284 μέ-

2037 5301 2245 5352 γιστον,
2301 5282 2475 5353 ἱερεὺς
2519 5284 2577 5335 ὲν
2605 5284 2968 5354 Χριστιανοῖς,
2994 5282 3103 5336 καὶ
3138 5282 3358 5354 πρώτης
3387 5282 3620 5356 ἱερωσύ-

2041 5371 2157 5424 νης.

2112 5424 2223 5489 (29)
2258 5422 2643 5491 Ναρκιὶηετων.
2678 5421 2766 5477 Sic
2792 5421 2954 5478 Coisl.
2981 5421 3035 5485 2,
3064 5420 3264 5485 Nicel.,
3297 5421 3442 5489 Bas.,
3463 5422 3619 5478 Com-

2040 5494 2147 5547 hcf.
2182 5496 2237 5547 In
2264 5496 2374 5553 ed.,
2408 5492 2734 5564 ναρκόντων.

2114 5564 2226 5634 (50)
2264 5561 2527 5634 Σπουδῆ.
2561 5561 2982 5634 Νίοθιηνάρετή,
3020 5564 3258 5634 rvirtus.
3284 5582 3304 5614 ι

2115 5631 2228 5705 (3|)
2254 5633 2732 5704 Κατίικτώμενρν.
2766 5631 2935 5699 Pass,
2953 5631 3261 5703 κτώμενον.
