3902 6218
265 233 379 289 515

1085 226 1349 283 ORATIO
1390 225 1574 280 XLIII.
1617 256 1686 265 —
1722 224 1789 279 IN
1830 223 2116 281 unum:
2157 204 2677 302 assumtaacm.

3425 232 3531 289 5M

345 343 444 398 SA'.
488 341 766 396 Ἐντεῦθεν
799 343 893 393 επί
926 340 986 392 τὸ
1015 339 1340 402 Βυζάντιον,
1370 340 1470 407 τὴν
1513 336 1850 408 προκαθεζψ
1882 375 1891 396 Α

2023 336 2164 392 XIV.
2197 336 2329 390 Hinc
2355 335 2699 407 Byzantimn,
2726 337 2908 390 urbem
2939 339 3103 392 totius
3131 338 3367 396 Orientis
3394 346 3511 412 prin

275 431 453 503 μένην
477 430 577 500 τῆς
599 428 774 499 Ἐῲας
803 427 1088 502 πόλιν(καὶ
1121 428 1231 498 γάρ
1263 427 1545 499 ηὐδοκίμει
1583 426 1852 495 σοφιστῶν

266 538 336 574 τε
382 522 477 575 καὶ
526 520 831 590 φιλοσόφων
872 522 984 582 τοῖς
1027 519 1401 583 τελεωτάτοις,
1449 511 1523 571 ὧν
1570 520 1627 572 ὲν
1664 517 1855 588 βραχεῖ

274 620 455 682 χρόνῳ
482 610 551 664 τὰ
593 611 859 682 κράτιστα
900 610 1218 674 συνελέξατο
1248 610 1403 679 τάχει
1446 624 1506 661 τε
1547 610 1642 662 καὶ
1694 607 1856 678 μεγέ-

274 700 361 755 θει
394 700 506 773 (52)
536 699 804 770 φύσεως)’
828 700 1098 763 ἐντεῦθεν,
1130 701 1222 752 ἐπὶ
1248 698 1309 751 τὸ
1334 697 1440 750 τῶν
1461 697 1634 765 λόγων
1663 696 1856 765 ἔδαφος

273 790 380 855 τὰς
419 789 648 857 Ἀθήνας
673 788 779 842 ὑπὸ
807 788 902 842 τοῦ
932 787 1068 841 Θεοῦ
1096 787 1406 858 πέμπεται,
1436 786 1530 840 καὶ
1558 787 1658 857 τῆς
1686 785 1857 857 καλῆς

278 882 413 952 περὶ
441 882 545 952 τὴν
574 880 856 935 παίδευσιν
887 878 1221 951 ἀπληστίας·
1267 877 1497 951 Ἀθήνας
1523 877 1623 941 τὰς
1651 878 1858 949 χρυσᾶς

277 975 452 1036 ὅντως
489 973 632 1044 ἐμοὶ,
673 970 904 1025 καὶτῶν
950 970 1130 1025 καλῶν
1164 969 1480 1042 προξένους,
1528 969 1687 1039 εἴπερ
1728 969 1854 1021 τινί.

292 1062 529 1114 Ἐκεῖναι
568 1059 680 1132 γάρ
731 1076 819 1130 μοι
855 1059 947 1112 τὸν
994 1058 1161 1130 ἄνδρα
1201 1058 1392 1112 τοῦτον
1436 1057 1738 1129 ἐγνώρισαν
1771 1074 1861 1110 τε-

278 1152 564 1223 λεώτερον,
590 1151 710 1205 οὐδὲ
745 1151 876 1223 πρὶν
903 1149 1268 1220 ἀγνοούμενον
1291 1167 1305 1180 ι
1332 1149 1426 1203 καὶ
1447 1148 1639 1217 λόγους
1665 1149 1859 1217 ἐπιζη-

279 1243 411 1307 τῶν,
466 1241 810 1313 εὐδαιμονίαν
849 1242 1224 1312 ἐκομισάμηνο
1273 1240 1370 1295 κα)¹
1421 1239 1621 1312 τρόπον
1676 1239 1860 1310 ἕτερον

280 1332 452 1386 ταυτδ
489 1333 598 1404 (55)
630 1331 877 1386 πέπονθα
907 1332 985 1402 τῷ
1024 1332 1218 1397 Σαοὺλ,
1251 1332 1312 1395 ὃς
1337 1331 1438 1395 τὰς
1465 1331 1617 1395 ὅνους
1640 1328 1734 1384 τοῦ
1760 1347 1863 1384 πα-

280 1425 413 1497 τρὸς
460 1423 768 1495 ἐπιζητῶν,
810 1422 1087 1493 βασιλείαν
1130 1423 1329 1494 εῦρατο
1374 1422 1511 1495 (34),
1546 1424 1728 1494 μεῖζον
1766 1421 1860 1475 τοῦ

283 1517 451 1588 ἔργου
468 1516 529 1569 τὸ
555 1518 830 1587 πάρεργον
856 1514 1359 1586 ἐμπορευσάμενος.
1387 1514 1461 1567 Τὸ
1489 1514 1586 1585 μὲν
1611 1512 1676 1585 δὴ
1702 1513 1863 1583 μέχρι

281 1609 490 1661 τούτων
519 1608 629 1675 (55)
684 1605 945 1679 εὔδρομος
995 1607 1128 1677 ἡμῖν
1165 1605 1275 1678 (56)
1326 1607 1355 1658 ό
1398 1604 1591 1672 λόγος,
1644 1603 1739 1656 καὶ
1778 1601 1865 1655 διὰ

1956 431 2191 496 t-ipatnm
2223 437 2520 490 tenentem,
2547 430 2690 482 venit
2720 428 3215 498 (excellentissimis
3238 433 3380 485 enim
3409 449 3533 487 ora»

1959 520 2160 574 toribus
2188 520 2624 588 pbilosophisque
2643 520 2890 587 ﬂorebat,
2929 537 3159 592 quorum
3206 524 3353 577 brevi
3388 525 3530 593 opti-

1957 625 2040 663 ma
2078 624 2305 679 qumque
2338 609 2534 679 ingenii
2564 611 2846 664 celeritate
2871 625 2935 665 ac
2977 612 3347 682 magnitudine
3372 614 3533 669 colle-

1957 700 2086 770 git);
2127 707 2289 767 atque
2334 699 2458 752 inde
2497 699 2757 763 Athenas,
2810 701 2910 754 hoc
2961 712 3064 763 est.
3108 703 3408 759 litterarum
3445 722 3535 759 se-

1957 792 2077 846 dem
2113 805 2176 846 ac
2200 790 2550 857 domicilium,
2582 806 2611 843 a
2663 792 2795 855 Deo,
2832 802 2993 862 atque
3038 793 3342 865 inexplebili
3374 798 3533 851 simul

1958 891 2013 935 et
2035 880 2291 950 praeclara
2322 880 2584 935 doctrina:
2635 881 2930 951 cupiditate
2967 882 3234 950 mittitur;
3266 886 3531 951 Athenas,

1960 974 2200 1041 inquam,
2227 972 2359 1026 mihi
2400 986 2526 1027 vere
2561 987 2756 1027 aureas
2816 988 2901 1036 ac,
2926 975 2972 1028 si
3005 976 3253 1043 cuiquam
3296 977 3410 1042 alii,
3442 982 3536 1032 bo-

1961 1079 2149 1117 norum
2174 1064 2595 1133 procuratrices.
2627 1062 2760 1117 Nam
2802 1064 2905 1118 illae
2933 1066 3069 1133 mihi
3102 1067 3396 1134 hominem,
3432 1086 3536 1123 non

1961 1151 2110 1205 illum
2145 1151 2359 1222 quidem
2391 1164 2516 1207 ante
2567 1152 2953 1221 ignotum,~sed
2985 1164 3158 1210 tamen
3191 1156 3399 1226 plenius
3442 1176 3537 1214 no-

1962 1243 2217 1296 scendum
2271 1244 2617 1312 praebuerunt
2666 1259 2680 1296 :
2734 1258 2795 1301 ac
2849 1244 3147 1300 doctrinam
3212 1251 3537 1317 exquirens,

1962 1333 2349 1387 beatitudinem
2404 1336 2609 1401 reperi;
2652 1336 2896 1407 mihique
2943 1336 3141 1406 dispari
3184 1344 3341 1395 modo
3390 1343 3529 1397 idem

1963 1426 2104 1495 quod
2157 1424 2306 1479 Sauli
2368 1425 2525 1495 781
2562 1427 2779 1491 accidit,
2820 1428 2910 1497 qui
2945 1430 3113 1497 patris
3159 1432 3340 1487 asinas
3392 1449 3540 1504 quaa-

1966 1527 2110 1576 rens,
2145 1528 2369 1578 regnum
2403 1514 2697 1580 invenit",
2728 1515 2955 1586 plusque
3017 1518 3068 1573 in
3116 1534 3176 1574 ea
3239 1537 3314 1586 re,
3368 1540 3531 1593 quam

1966 1602 2141 1656 oliiter
2167 1604 2380 1673 agebat,
2411 1619 2570 1672 quam
2598 1605 2650 1658 in
2678 1620 2761 1669 ea,
2793 1622 2914 1676 quae
2966 1612 3235 1680 pnecipue
3269 1614 3368 1683 ipsi
3396 1598 3540 1670 cura:

282 1700 435 1763 λείας
469 1699 570 1769 τῆς
607 1698 726 1752 ὁδοῦ
754 1697 961 1768 φέρων,
998 1698 1093 1750 καὶ
1119 1697 1258 1764 ἄγαν
1284 1694 1550 1766 εὐπόρου,
1589 1694 1682 1747 καὶ
1716 1690 1866 1762 βασι-

1975 1704 2107 1756 erat,
2134 1692 2416 1748 lucrifecit.
2447 1692 2564 1747 1am
2601 1697 2754 1750 nobis
2800 1698 3015 1766 quidem
3065 1702 3322 1759 hactenus
3359 1705 3537 1775 plana,

282 1789 447 1860 λικῆς
477 1789 646 1852 ὅντως
677 1787 795 1865 τῶν.
820 1786 914 1841 τοῦ
951 1784 1062 1858 (57)
1100 1784 1292 1857 ἀνδρὸς
1342 1782 1668 1854 ἐγκωμίων·
1718 1781 1780 1833 τὸ
1820 1779 1865 1832 δ’

282 1881 560 1945 ἐντεῦθεν,
598 1881 696 1934 ούκ
729 1874 826 1933 οἷδ’
867 1879 895 1933 ὃ
930 1896 982 1931 τι
1010 1876 1089 1948 τῷ
1124 1876 1268 1947 λόγῳ
1305 1876 1619 1946 χρήσωμαι,
1655 1873 1748 1926 καὶ
1777 1872 1869 1923 ποῖ

283 1973 585 2044 τράπωμαι
612 1970 746 2043 (58)’
779 1970 891 2040 εχει
918 1968 1026 2040 γάρ
1051 1985 1105 2021 τι
1131 1966 1226 2021 καὶ
1255 1966 1554 2037 πρόσαντες
1578 1966 1706 2035 ἡμῖν
1730 1966 1758 2016 ό
1783 1962 1869 2015 λό-

285 2083 405 2134 γος.
436 2063 592 2119 Ποθῶ
622 2063 720 2134 μὲν
744 2063 853 2133 γὰρ
873 2060 1104 2114 ἐνταῦθα
1129 2057 1228 2112 τοῦ
1255 2059 1415 2127 λόγου
1435 2058 1746 2128 γενόμενος,
1775 2054 1870 2109 καὶ

284 2156 385 2210 τοῦ
425 2155 617 2228 καιροῦ
643 2154 833 2208 τούτου
862 2153 1178 2223 λαϐόμενος,
1217 2151 1312 2203 καὶ
1346 2148 1454 2203 τῶν
1489 2151 1606 2202 κατ’
1636 2147 1872 2218 ἐμαυτόν

286 2268 344 2303 τι
369 2248 682 2323 προσθεῖναι
701 2250 813 2312 τοῖς
837 2246 1169 2318 εἰρημένοις,
1195 2244 1289 2296 καὶ
1319 2240 1513 2312 μικρόν
1533 2257 1587 2293 τι
1614 2239 1871 2311 προσδια-

286 2342 481 2416 τρίψαι
521 2341 601 2413 τῷ
641 2341 973 2411 διηγήματι,
1011 2337 1134 2392 ὅθεν
1164 2352 1224 2389 τε
1270 2336 1365 2389 καὶ
1398 2335 1546 2396 ὅπως
1577 2333 1729 2403 ἡμῖν,
1765 2332 1873 2385 κάκ

288 2433 437 2497 τίνος
462 2432 563 2502 τῆς
590 2432 765 2502 ἀρχῆς
796 2429 1025 2498 συνέστη
1058 2427 1121 2480 τὸ
1149 2426 1248 2497 τῆς
1274 2424 1455 2495 φιλίας
1474 2461 1489 2487 ,
1518 2421 1696 2475 εῐτουν
1730 2437 1872 2492 συμ-

290 2527 485 2589 πνοίας
509 2526 604 2579 καὶ
636 2523 932 2596 συμφυΐας,
964 2522 1013 2573 εἰ
1043 2520 1151 2591 χρὴ
1182 2516 1498 2589 προσειπεῖν
1524 2514 1868 2585 οἰκειότερον.

288 2617 443 2672 Φιλεῖ
467 2615 576 2688 γὰρ
606 2613 730 2668 οὔτε
757 2614 879 2683 ὄψις
920 2610 1118 2684 ῥᾳδίως
1147 2610 1447 2679 ἀναχωρεῖν
1485 2605 1593 2660 τῶν
1624 2604 1874 2676 τερπνῶν

291 2706 606 2779 θεαμάτων,
633 2705 736 2759 κᾶν
756 2703 965 2776 ἀφέλκῃ
988 2719 1072 2765 τις
1102 2700 1214 2771 βίᾳ,
1243 2699 1377 2767 πρὸς
1406 2694 1546 2751 αὐτὰ
1571 2694 1681 2767 (59)
1713 2695 1875 2749 πάλιν

293 2798 591 2871 φέρεσθαι·
628 2795 749 2850 οὔτε
777 2795 933 2863 λόγος
960 2793 1068 2845 τῶν
1105 2790 1338 2862 ἡδίστων
1363 2788 1736 2860 διηγημάτων.
1774 2786 1874 2839 Δέ-

291 2895 452 2947 δοικα
481 2891 539 2945 δὲ
570 2890 632 2943 τὺ
672 2888 930 2958 φορτικὸν
966 2886 1067 2956 τῆς
1117 2883 1501 2954 ἐγχειρήσεως.
1539 2880 1876 2951 Πειράσομαι

298 2982 402 3053 μὲν
427 2977 542 3043 οῦν,
567 2980 643 3043 ὡς
668 2974 778 3033 οἷόν
800 2993 860 3031 τε
889 2976 1144 3048 μετρίως,
1168 2973 1328 3027 τοῦτο
1355 2973 1548 3025 ποιεῖν.
1578 2972 1675 3024 "Av
1696 2970 1742 3023 δ’
1770 2971 1877 3041 ἄρα

1967 1793 2021 1837 et
2047 1784 2188 1837 facili
2218 1800 2280 1839 ac
2309 1800 2434 1839 vere
2479 1787 2624 1856 regia
2661 1790 2875 1843 landum
2919 1792 3061 1847 illius
3098 1793 3181 1847 via
3224 1811 3538 1868 prosperum

1968 1888 2183 1927 cursum
2220 1875 2397 1929 oratio
2456 1879 2625 1930 tenuit
2656 1891 2667 1924 :
2699 1892 2844 1932 nunc
2886 1890 3063 1934 autem
3105 1897 3264 1947 quam
3322 1886 3537 1941 dicendi

1970 1965 2232 2020 rationem
2261 1980 2478 2033 sequar,
2512 1977 2626 2028 aut,
2656 1984 2763 2036 quo
2803 1985 2887 2024 me
2935 1982 3162 2037 vertam,
3193 1976 3411 2042 nescio;
3444 1980 3536 2033 ha-

1971 2055 2060 2111 bet
2083 2058 2224 2109 enim
2256 2058 2384 2110 mihi
2410 2058 2635 2111 arduum
2671 2060 2871 2128 aliquid
2905 2063 2990 2116 hic
3016 2078 3214 2119 sermo.
3259 2066 3372 2121 Huc
3400 2072 3542 2123 enim

1970 2148 2214 2202 oratione
2251 2163 2601 2219 progressus,
2653 2164 2816 2222 atque
2873 2155 3011 2209 hanc
3066 2160 3408 2215 occasionem
3446 2178 3542 2216 na-

1972 2234 2114 2327 ctus,
2142 2253 2321 2293 rerum
2362 2241 2525 2294 etiam
2565 2258 2810 2297 mearum
2847 2247 3045 2315 aliquid
3071 2248 3382 2321 adjungcre,
3417 2270 3549 2323 pau-

1974 2327 2249 2397 lulumque
2275 2331 2327 2382 in
2359 2331 2457 2384 hac
2486 2333 2797 2387 narratione
2832 2334 3106 2390 immorari
3155 2340 3350 2409 gestio,
3382 2354 3544 2411 atque

1973 2423 2138 2487 unde,
2162 2430 2344 2489 etquo
2375 2423 2551 2484 modo,
2584 2438 2646 2476 ac
2678 2425 2872 2493 quibus
2899 2440 2961 2479 ex
2998 2429 3168 2483 initiis
3189 2432 3415 2485 conﬂata
3450 2434 3532 2488 iu-

1977 2521 2057 2567 ter
2082 2528 2180 2566 nos
2203 2513 2464 2577 amicitia,
2499 2514 2633 2580 sive,
2670 2518 2728 2568 ut
2751 2520 3136 2585 congruentius
3180 2520 3390 2591 loquar,
3427 2526 3547 2578 ani-

1977 2620 2185 2658 morum
2217 2605 2548 2673 conspiratio
2576 2615 2631 2660 et
2662 2616 2868 2661 naturze
2905 2609 3216 2679 conjunctio
3243 2612 3423 2679 fuerit,
3449 2630 3549 2670 ex-

1976 2694 2196 2765 plicare.
2230 2695 2695 2760 Quemadmodum
2721 2698 2866 2751 euim
2901 2700 3041 2753 oculi
3086 2716 3118 2755 a
3142 2700 3394 2771 jucundis
3429 2721 3550 2774 Spe-

1977 2786 2203 2841 ctaculis
2225 2802 2328 2841 non
2361 2786 2517 2841 facile
2548 2789 2827 2854 recedunt,
2851 2804 2914 2843 ac
2948 2792 2992 2844 si
3043 2793 3164 2861 quis
3192 2809 3287 2863 per
3324 2795 3426 2849 vim
3458 2812 3552 2853 eos

1980 2878 2240 2944 retrahat,
2271 2878 2459 2932 eodem
2490 2893 2679 2934 rursus
2714 2879 2989 2949 feruntur;
3017 2884 3098 2937 sic
3158 2900 3257 2939 nec
3304 2901 3483 2941 sermo
3519 2906 3550 2943 a

1981 2982 2163 3022 rerum
2189 2969 2632 3023 suavissimarum
2669 2974 3201 3028 commemoratione.
3236 2975 3340 3030 Sed
3371 2977 3421 3030 in
3451 2980 3550 3034 hoc

294 3046 353 3127 τι
378 3074 473 3127 καὶ
501 3068 814 3142 βιαζώμεθα
840 3046 947 3122 ὑπὸ
970 3046 1063 3120 τοῦ
1098 3064 1285 3128 πόθου,
1318 3062 1619 3132 συγγνώμη
1650 3060 1728 3132 τῷ
1764 3061 1873 3115 πά-

1981 3068 2177 3114 conatu
2232 3063 2573 3115 metuendam
2622 3060 2753 3114 mihi
2796 3062 3158 3118 diﬂicultatezn
3187 3080 3306 3120 esse
3333 3082 3553 3135 censa:-

297 3165 399 3230 θει,
432 3165 648 3217 πάντων
670 3161 856 3215 παθῶν
877 3161 990 3212 ὄντι
1020 3155 1366 3226 δικαιοτάτῳ,
1393 3155 1489 3208 καὶ
1519 3153 1548 3207 ὃ
1580 3154 1654 3225 μὴ
1678 3152 1871 3207 παθεῖν

297 3257 334 3328 ἡ
371 3254 543 3325 ζημία
567 3253 679 3317 τοῖς
718 3268 780 3320 γε
807 3249 932 3304 νοῦν
962 3248 1195 3318 ἔχουσιν.

1983 3151 2088 3205 cio.
2118 3150 2343 3204 Adnitar
2374 3151 2572 3220 itaque,
2618 3162 2697 3216 ut,
2727 3167 2889 3222 quam
2921 3155 3234 3225 parcissime
3267 3168 3469 3228 potero,
3504 3162 3555 3214 id

1979 3240 2199 3297 faciam.
2243 3240 2396 3308 Quod
2456 3243 2500 3295 si
2559 3257 2655 3296 nos
2700 3243 2837 3298 forte
2894 3245 3093 3299 amoris
3138 3256 3192 3301 et
3242 3250 3556 3318 cupiditatis

297 3358 471 3402 aestus
510 3346 731 3400 modum
774 3342 1033 3398 excedere
1083 3336 1339 3407 coegerit,
1394 3333 1605 3389 aﬂectui
1660 3343 1867 3397 nostro,
1909 3346 2113 3399 quaeso,
2188 3331 2476 3401 ignoscite,
2548 3329 2835 3387 aﬂ'cctuum
2877 3335 3115 3387 omnium
3151 3336 3472 3403 iustissimo,
3504 3348 3556 3393 et

300 3454 413 3510 quo
465 3453 570 3493 non
624 3434 783 3500 aﬂici,
816 3434 1068 3489 damnum
1120 3445 1187 3485 ac
1240 3429 1625 3484 detrimentum
1675 3434 1782 3489 est,
1810 3424 1876 3477 iis
1913 3423 2130 3492 quidem
2160 3432 2329 3488 certe,
2358 3424 2448 3491 qui
2479 3438 2609 3477 sana
2636 3432 2796 3491 atque
2823 3425 3032 3494 integra
3063 3438 3243 3481 mente
3265 3439 3412 3483 sunt.

374 3552 477 3605 IE'.
506 3543 665 3619 Εἶχον
702 3547 851 3619 ἡμᾶς
895 3544 1134 3610 Ἀθῆναι,
1153 3542 1404 3613 καθάπερ
1424 3559 1477 3595 τι
1515 3540 1691 3614 ῥεῦμα
1722 3540 1885 3594 ποτά-

307 3661 453 3715 μιον,
478 3640 586 3695 ἀπὸ
623 3641 752 3711 μιᾶς
794 3636 1111 3708 σχισθέντας
1144 3635 1326 3706 πηγῆς
1355 3633 1455 3705 τῆς
1488 3632 1767 3704 πατρίδος,
1807 3631 1887 3693 εἰς

302 3736 561 3807 διάφορον
586 3731 882 3804 ὑπερορίαν
913 3730 1031 3784 κατ’
1064 3729 1242 3801 ἔρωτα
1261 3728 1360 3800 τῆς
1399 3725 1752 3791 παιδεύσεως,
1793 3723 1888 3777 καὶ

305 3827 471 3881 πάλιν
496 3828 575 3889 εἰς
610 3824 672 3878 τὸ
702 3823 834 3880 αὐτὸ
868 3822 978 3894 (40)
1006 3819 1374 3885 συνελθόντας,
1410 3817 1599 3889 ὥσπερ
1627 3815 1734 3869 ἀπὸ
1764 3832 1887 3867 συν-

304 3919 571 3990 ϐήματος,
606 3916 748 3970 οὕτω
770 3912 906 3968 Θεοῦ
936 3914 1274 3985 κινήσαντος.
1309 3906 1469 3981 Εἶχον
1492 3909 1548 3962 δὲ
1571 3906 1750 3979 μικρῷ
1777 3904 1889 3975 (Μ)

309 4010 412 4082 μὲν
442 4010 542 4080 ἐμὲ
576 4007 870 4080 πρότερον·
905 4005 995 4059 τὸν
1015 4004 1058 4057 δ’
1093 4001 1253 4066 εὐθὺς
1284 4002 1401 4073 μετ’
1435 4000 1556 4072 ἐμὲ,
1592 3998 1731 4071 μετὰ
1766 3997 1892 4050 πολ-

298 4096 408 4173 λῆς
436 4099 832 4173 προσδεχθέντα
864 4097 974 4169 (42)
1011 4098 1106 4152 καὶ
1149 4091 1482 4166 περιφανοῦς
1520 4093 1618 4163 τῆς
1657 4089 1886 4153 ἐλπίδος.

2052 3536 2168 3595 XV.
2195 3536 2473 3591 Habebaut
2494 3553 2585 3592 nus
2609 3538 3004 3603 Athenavelut
3024 3540 3224 3595 ﬂuxum
3271 3546 3559 3612 quemdam

1981 3627 2250 3695 ﬂuminis,
2288 3643 2355 3683 ex
2386 3628 2576 3683 eodem
2610 3629 2796 3697 patria:
2826 3628 2976 3685 fonte
3014 3632 3066 3685 iu
3098 3632 3344 3689 diversas
3387 3641 3560 3707 regio.

1985 3735 2081 3775 nes
2111 3720 2369 3775 doctrinae
2397 3720 2689 3790 cupiditate
2716 3722 3005 3787 dissectos,
3039 3740 3385 3796 rursumque,
3415 3731 3561 3784 velut

1986 3826 2053 3864 ex
2089 3811 2388 3881 composito
2409 3850 2424 3874 ,
2475 3810 2586 3865 Deo
2614 3811 2861 3868 videlicet
2895 3816 2965 3869 ita
2999 3815 3335 3885 impellente,
3366 3835 3550 3876 coeun-

1988 3909 2092 3957 tes.
2117 3903 2195 3956 Ac
2232 3916 2318 3956 me
2349 3902 2564 3971 quidem
2591 3903 2868 3973 aliquanto
2901 3915 3028 3961 ante
3059 3906 3363 3974 habebant;
3412 3911 3561 3966 illum

1987 4004 2166 4048 autem
2193 3993 2335 4047 haud
2366 3993 2534 4047 multo
2567 4004 2689 4064 post
2711 4034 2729 4059 ,
2760 4006 2812 4050 et
2844 3995 3058 4065 quidem
3103 4012 3223 4052 cum
3254 4000 3477 4054 miriﬁca
3508 4012 3562 4055 et

1988 4084 2257 4141 luculenta
2301 4101 2397 4155 spe
2449 4095 2842 4158 exspectatum.
2892 4088 3105 4143 Etenim
3157 4090 3210 4144 in
3270 4092 3563 4148 multorum

305 4195 421 4249 Καὶ
443 4193 551 4264 γὰρ
574 4193 631 4246 ὲν
659 4191 869 4245 πολλῶν
893 4188 1167 4260 γλώσσαις
1190 4188 1367 4241 ἔκειτο
1390 4184 1519 4259 πρὶν
1542 4185 1735 4254 ἐπιστῇ
1758 4199 1772 4213 ο
1797 4182 1890 4235 καὶ

1989 4174 2182 4245 linguis
2214 4177 2563 4243 versabatur,
2595 4185 2884 4246 antequam
2912 4178 3257 4246 advenisset;
3292 4195 3390 4235 nec
3416 4182 3564 4250 quis-

311 4284 458 4357 μέγα
492 4282 741 4345 ἑκάστοις
770 4278 838 4354 ἦν
877 4278 1310 4353 προκαταλαϐεῖν
1338 4276 1400 4331 τὸ
1430 4272 1881 4344 σπουδαζόμενον.

1987 4280 2148 4335 quam
2184 4275 2338 4331 erat,
2387 4267 2477 4335 qui
2523 4281 2627 4321 non
2660 4267 2914 4334 praeclare
2955 4282 3139 4321 secum
3192 4270 3273 4339 agi
3314 4282 3564 4340 putaret,

308 4339 479 4430 ὺύδὲν
509 4375 567 4429 δὲ
593 4339 832 4428 οἷον-καὶ
858 4339 1076 4444 ἥδυσμά
1110 4387 1162 4425 τι
1192 4369 1503 4442 προσθεῖναι
1534 4364 1611 4437 τῷ
1634 4339 1777 4435 λόγῳ
1805 4382 1888 4436 μι-

1993 4357 2036 4411 si
2068 4357 2154 4423 id,
2176 4359 2317 4426 quod
2348 4370 2560 4412 summo
2593 4358 2773 4413 studio
2802 4359 3124 4427 expetebat,
3156 4339 3565 4430 priorioccupa-

309 4468 443 4539 κρὸν
471 4467 761 4538 ἀφήγημα,
787 4469 899 4530 τοῖς
940 4466 1037 4536 μὲν
1077 4463 1292 4526 εἰδόσιν,
1320 4460 1647 4531 ὑπόμνησιν,
1684 4460 1797 4521 τοῖς
1830 4456 1886 4510 δὲ

1994 4455 2095 4503 ret.
2134 4446 2247 4503 Nec
2280 4462 2409 4502 vero
2451 4448 2684 4502 alienum
2726 4448 2830 4503 erit
2866 4449 3323 4505 narratiunculam
3366 4468 3524 4505 unam
3551 4492 3567 4513 ,

309 4537 585 4626 ἀγνοοῦσι,
640 4537 1005 4610 διδασκαλίαν.
1066 4551 1559 4622 Σοφιστομανοῦσιν
1627 4546 1884 4619 Ἀθήνῃσι

1991 4537 2323 4595 condimenti
2344 4537 2620 4605 cujusdam
2644 4540 2759 4593 vice
2784 4578 2800 4605 ,
2843 4539 3075 4593 orationi
3121 4541 3415 4611 adiungere
3442 4582 3457 4607 ,
3511 4554 3568 4601 ut

308 4649 420 4703 τῶν
482 4649 615 4703 νέων
673 4650 722 4702 οἱ
783 4647 1023 4701 πλεῖστοι
1079 4644 1171 4701 καὶ
1221 4643 1608 4715 ἀφρονέστεροι
1634 4655 1648 4669 ⁶
1692 4640 1753 4692 ού
1782 4638 1891 4691 τῶν

1993 4630 2285 4685 scientibus
2312 4632 2527 4699 quidem
2562 4630 2880 4685 memoriam
2911 4641 3165 4696 renovet.
3198 4634 3570 4704 ignorantibus

311 4737 557 4807 ἀγεννῶν
592 4739 752 4809 μόνον
785 4736 1009 4791 καὶτῶν
1035 4733 1354 4804 ἀνωνύμων,
1382 4730 1499 4784 ἀλλ’
1525 4729 1624 4800 ἤδη
1655 4726 1750 4781 καὶ
1785 4725 1891 4779 τῶν

1996 4730 2180 4776 autem
2226 4722 2551 4776 documento
2585 4722 2681 4777 sit.
2715 4719 2910 4775 Insano
2943 4723 3173 4791 quodam
3206 4738 3336 4794 erga
3383 4726 3571 4794 sophi-

310 4827 374 4886 εὖ
393 4831 696 4901 γεγονότων
725 4832 821 4885 καὶ
849 4827 1344 4903 περιφανεστέρων,
1378 4822 1474 4878 ἅτε
1507 4820 1709 4893 πλῆθος
1754 4819 1891 4890 σύμ-

1995 4821 2112 4869 stas
2146 4813 2326 4869 studio
2356 4811 2589 4868 Athenis
2617 4821 2867 4868 tenentur
2893 4827 3056 4882 quam
3085 4813 3301 4882 plurimi
3334 4824 3389 4869 et
3417 4817 3570 4869 stoli—

315 4937 508 4992 μικτον
569 4920 744 4984 ὄντες,
805 4920 901 4974 καὶ
958 4918 1092 4983 νέοι,
1140 4916 1236 4970 καὶ
1267 4911 1625 4968 δυσκάθεκτοι
1654 4910 1776 4972 ταῖς
1803 4909 1891 4992 όρ-

1999 4905 2208 4960 dissimi
2234 4904 2639 4972 adolescentes;
2676 4919 2778 4959 non
2811 4906 2971 4960 modo
3000 4906 3261 4975 ignobiles
3285 4915 3341 4961 et
3372 4908 3570 4961 obscu-

314 4988 448 5084 μαῖς
477 5009 611 5081 (45).
643 5011 823 5082 Ὅπερ
847 5005 939 5064 οὖν
962 5008 1270 5078 πάσχοντας
1294 5002 1442 5057 ἐστιν
1468 4999 1616 5069 ἰδεῖν,
1647 4998 1776 5072 περὶ
1794 4988 1891 5061 τὰς

1999 4996 2085 5066 ri,
2122 4999 2216 5057 sed
2239 5000 2449 5058 nobiles
2480 4999 2645 5057 etiam
2669 5007 2724 5054 et
2756 4995 2996 5053 illustres
3017 5037 3032 5064 ,
3074 5007 3134 5053 ut
3176 4998 3269 5068 qui
3300 4998 3569 5055 miscella-

386 5126 434 5159 ⁸³
461 5125 485 5180 l
519 5125 653 5193 Reg.
682 5140 760 5189 1.x,
786 5123 823 5179 ὅ
848 5140 972 5194 sqq.

411 5235 502 5304 52)
544 5235 805 5304 Μετέθει.
830 5233 966 5302 Reg.
1003 5233 1072 5302 pb
1097 5238 1168 5304 Aet
1195 5229 1288 5285 0r.
1321 5226 1376 5304 ἓ.
1417 5223 1644 5297 μεγέθη.

542 5297 747 5360 Ταύτό.
779 5297 943 5373 Βατεᾳῖ
973 5297 1024 5373 c:.
1060 5302 1155 5371 ph,
1190 5297 1404 5373 ταυτὸν.

414 5365 784 5443 54)-Εὔρατο.
825 5365 960 5428 Tres
994 5365 1155 5441 Re'gg.
1190 5380 1245 5443 et
1272 5369 1363 5421 Or.
1398 5365 1455 5432 2,
1485 5365 1697 5436 εὒρετο.

416 5439 507 5515 53)
550 5439 797 5515 Tatium.
839 5443 971 5515 Reg.
1011 5439 1321 5515 ρῂίτούτου

415 5511 506 5586 56)
554 5514 737 5584 Ἡμῖν.
771 5511 938 5586 Deest
958 5514 1025 5586 in_
1043 5511 1174 5586 Reg.
1204 5526 1252 5563 a.

417 5573 510 5652 57')
541 5573 766 5648 "()th
789 5583 908 5637 τῶν
920 5580 1047 5635 τοῦ.
1069 5573 1160 5634 Sic
1182 5591 1409 5651 quatuor
1434 5581 1624 5652 Regg.,
1650 5573 1816 5632 Coisl.
1842 5575 1893 5641 ι,

320 5653 423 5717 οτι
452 5654 510 5727 2,
537 5662 645 5714 etc.
668 5655 828 5712 Deest
855 5653 962 5708 τῶν
986 5653 1043 5707 in
1074 5653 1140 5705 ed

2068 5219 2181 5288 (38)
2213 5218 2552 5288 Χρήσωμαι.
2588 5256 2602 5270 .
2639 5255 2656 5274 .
2696 5218 3021 5288 τράπωμαι.
3052 5216 3146 5274 Or.
3195 5216 3232 5271 2
3262 5210 3317 5273 ἐι
3355 5216 3572 5284 Comb.,

1996 5292 2293 5363 κρήσρμαιέ
2321 5327 2335 5341 ο
2362 5329 2385 5363 ς
2417 5289 2717 5363 Ἓράπομαι.

2093 5357 2186 5429 39)
2214 5357 2396 5429 Αὐτά.
2435 5357 2564 5429 lleg.
2582 5357 2691 5427 'ph,
2718 5358 2906 5410 ἑαυτά.

2217 5428 2287 5502 Τὸ
2306 5427 2639 5502 αὐξόιιὶθδ.
2673 5429 2763 5497 ph,
2792 5427 3009 5502 ταυτόν.

2069 5442 2162 5499 μυ
2217 5442 2287 5483 'l'o
2306 5442 2474 5481 αῡτο.
2510 5442 2584 5481 ne
2624 5466 2639 5481 .
2673 5442 2763 5497 μη,
2792 5444 2902 5480 ταυι

2069 5442 2182 5570 (Η)
2210 5492 2431 5570 Μικρῷ.
2465 5495 2560 5570 Or.
2587 5442 2645 5558 ἓ,
2690 5496 2902 5570 μικρόν.

2075 5565 2188 5642 (42)
2220 5565 2702 5642 Προσδεχθένταέ
2726 5565 2856 5642 Reg.
2888 5582 2939 5634 c,
2971 5565 3335 5642 εἰσδεχθέντα.

2078 5636 2191 5712 (45)
2235 5638 2368 5703 Ταῖς
2395 5636 2619 5708 ὁρμαῖς.
2657 5637 2787 5709 Reg.
2818 5638 3001 5709 Cypr.,
3039 5636 3138 5708 τὴν
3165 5637 3361 5707 ὁρμήν.
