3902 6218
401 239 507 293 515

1606 235 1661 288 S.
1703 233 2032 291 GREGORII
2073 235 2417 292 THEOLOGI

3548 241 3656 296 516

396 366 497 406 nea
534 351 777 421 quaedam
816 349 1105 405 multitudo
1132 348 1273 412 sint,
1314 356 1369 402 et
1402 349 1659 418 juvenes,
1690 358 1744 402 et
1777 351 1848 402 ita
1888 350 1967 405 ef-

2080 350 2377 414 ἀντιθέτους
2406 350 2784 421 ἱπποδρομίας,
2823 352 2948 415 τοὺς
2971 352 3265 421 φιλίππους
3291 371 3349 407 τε
3378 356 3473 409 καὶ
3498 357 3656 425 φιλο-

398 441 543 502 l'ecti,
563 452 619 495 ut
638 457 822 496 eorum
842 442 1071 509 impetus
1095 439 1185 492 vix
1201 439 1419 506 reprimi
1450 438 1674 507 possint.
1700 438 1969 508 Quodigi-

395 543 485 585 tur
508 534 562 589 in
587 523 927 603 equestribus
948 531 1332 587 certaminibus
1357 531 1422 584 iis
1438 531 1682 585 accidere
1699 532 1965 595 videmus,

396 627 486 693 qui
514 626 666 693 equis
699 634 751 679 et
781 625 941 695 782
976 622 1295 691 spectaculis
1320 622 1688 687 obiectantur;
1715 623 1970 677 exsiliunt

394 718 561 783 enim,
589 716 843 780 clamant,
881 716 1151 784 pulverem
1184 715 1236 769 in
1262 714 1456 768 caelum
1490 715 1743 780 mittunt,
1780 716 1968 769 seden-

397 817 479 863 tes
522 809 760 863 habenas
802 808 1148 861 moderantur
1171 847 1186 871 ,
1222 821 1401 860 aerem
1433 807 1760 867 verberant,
1800 820 1969 874 equos

397 900 616 969 digitis,
661 898 811 968 quasi
855 898 1116 961 scuttcis,
1164 898 1216 950 in
1264 898 1492 950 alterum
1537 904 1699 964 atque
1740 895 1967 949 alterum

398 990 536 1044 latus
568 990 792 1044 subinde
816 988 1070 1058 jungunt,
1101 1003 1222 1041 cum
1251 986 1383 1041 nihil
1417 988 1610 1041 horum
1649 988 1701 1040 in
1732 988 1967 1054 ipsorum

396 1090 665 1147 potestate
693 1081 854 1135 situm
888 1080 959 1132 sit
993 1097 1006 1132 :
1043 1079 1201 1134 facile
1235 1079 1373 1132 inter
1399 1092 1457 1133 se
1483 1080 1700 1148 aurigas
1722 1117 1738 1142 ,
1768 1093 1968 1148 equos,

396 1185 657 1237 equorum
712 1170 1006 1229 stationes,
1056 1169 1368 1222 certaminis
1415 1170 1580 1223 duces
1629 1179 1967 1238 permutant;

396 1260 557 1327 idque
596 1260 815 1328 quinam
856 1259 1109 1313 tandem?
1146 1259 1421 1327 Panperes
1457 1260 1775 1329 plerumque
1811 1271 1971 1329 atque

396 1351 575 1419 inopia
621 1349 930 1404 laborantes
957 1390 970 1411 ,
1011 1358 1065 1404 et
1109 1349 1306 1417 quibus
1348 1366 1415 1405 ne
1462 1352 1515 1403 in
1552 1367 1717 1405 unum
1755 1352 1969 1419 quidem

397 1439 536 1492 diem
569 1439 744 1492 victus
768 1439 1041 1508 suppetit:
1083 1438 1185 1492 hoc
1224 1439 1354 1508 ipsis
1383 1454 1598 1508 quoque
1646 1440 1801 1508 plane
1828 1441 1969 1494 circa

397 1539 754 1599 praeceptores
788 1543 951 1592 suos,
1004 1528 1244 1597 aliosque
1290 1529 1532 1598 ejusdem
1585 1532 1718 1585 artis
1761 1531 1971 1599 profes-

398 1635 551 1674 sores
575 1657 594 1685 ,
627 1634 920 1688 eorumque
954 1618 1178 1674 aemulos
1214 1621 1449 1686 accidit;
1492 1622 1542 1674 in
1580 1622 1683 1675 hoc
1719 1622 1970 1676 nimirum

2070 441 2337 511 θεάμονας
2359 458 2371 471 ’
2409 441 2637 510 πηδῶσι,
2668 441 2885 511 βοῶσιν,
2913 444 3127 514 οὐρανῷ
3169 445 3449 515 πέμπουσι
3478 448 3655 513 κόνιν,

2071 532 2337 601 ἡνιοχοῦσι
2366 532 2686 603 καθήμενοι,
2723 534 2943 587 παίουσι
2973 534 3064 588 τὸν
3089 536 3228 607 ἀέρα
3255 536 3392 607 (44),
3418 540 3546 603 τοὺς
3569 541 3654 593 ἴπ-

2071 641 2203 686 πους
2235 623 2297 693 δὴ
2331 626 2440 686 τοῖς
2472 622 2773 687 δακτύλοις,
2818 625 2895 687 ὡς
2945 625 3163 694 μάστιξι
3196 629 3329 699 (45),
3363 628 3655 698 ζευγνύου-

2071 733 2145 776 σι,
2173 715 2675 785 μεταζευγνύουσιν,
2709 715 2920 778 οὐδενὸς
2934 716 3085 781 ὄντες
3115 718 3291 790 κύριοι
3315 736 3328 749 ·
3353 722 3653 776 ἀντιδιδόα-

2072 822 2156 857 σιν
2182 803 2430 872 ἀλλήλοις
2488 802 2681 874 ῥᾳδίως
2707 803 2975 872 ἡνιόχους,
3009 804 3229 867 ἵππους,
3264 807 3653 871 ίπποστασίας,

2074 894 2430 965 στρατηγούς.
2467 894 2577 947 Καὶ
2606 894 2779 947 ταῦτα
2816 896 2991 960 τίνες;
3024 896 3086 948 Οἱ
3125 898 3356 967 πένητες
3390 899 3653 964 πολλάκις

2072 987 2164 1040 καὶ
2198 986 2412 1056 ἄποροι,
2447 986 2541 1039 καὶ
2572 986 2696 1056 μηδ’
2726 985 2793 1039 ἂν
2817 989 2895 1049 εἰς
2928 986 3053 1056 μίαν
3092 988 3302 1057 ἡμέραν
3330 990 3538 1060 τροφῆς
3562 991 3655 1044 εύ-

2073 1076 2413 1146 πορήσαντες
2441 1075 2549 1145 (46)
2566 1092 2579 1104 ”
2604 1073 2762 1127 τοῦτο
2778 1076 2871 1128 καὶ
2897 1076 3050 1128 αὐτοὶ
3080 1078 3381 1147 πάσχουσιν
3409 1080 3656 1149 ἀτέχνως

2073 1165 2200 1235 περὶ
2250 1162 2375 1225 τοὺς
2423 1162 2632 1216 ἑαυτῶν
2673 1164 3059 1230 διδασκάλους,
3123 1169 3216 1219 καὶ
3283 1168 3650 1239 ἀντιτέχνους,

2072 1258 2218 1319 ὅπως
2247 1256 2461 1318 πλείους
2483 1272 2543 1307 τε
2567 1249 2700 1307 ὦσιν
2728 1255 2902 1318 αὐτοὶ,
2934 1256 3217 1321 κάκείνους
3241 1259 3657 1331 εὐπορωτέρους

2074 1349 2267 1402 ποιῶσι
2307 1348 2371 1434 δι’
2398 1346 2606 1400 ἑαυτῶν
2634 1347 2870 1419 σπουδὴν
2899 1346 3114 1416 ἔχοντες
3133 1364 3146 1376 ·
3185 1350 3279 1401 καὶ
3309 1349 3372 1402 τὸ
3415 1353 3655 1423 πρᾶγμά

2075 1443 2219 1493 ἐστιν
2240 1439 2497 1501 ἐπιεικῶς
2526 1439 2723 1492 ἄτοπον
2750 1440 2843 1491 καὶ
2870 1438 3164 1509 δαιμόνιον.
3185 1440 3656 1513 Προκαταλαμὸά-

2075 1548 2251 1584 νονται
2282 1530 2484 1593 πόλεις,
2509 1530 2637 1591 ὁδοὶ,
2661 1529 2902 1599 λιμένες,
2927 1531 3068 1601 ὀρῶν
3099 1533 3262 1604 ἄκρα,
3285 1533 3462 1598 πεδία,
3482 1536 3654 1604 ἐσχα-

2076 1622 2207 1684 τιαὶ,
2254 1622 2405 1675 οὐδὲν
2436 1623 2465 1675 ὃ
2498 1639 2550 1675 τι
2594 1622 2667 1692 μὴ
2696 1622 2793 1692 τῆς
2837 1622 3085 1693 Ἀττικῆς
3119 1624 3303 1695 μέρος,
3332 1626 3364 1696 ἢ
3393 1628 3492 1696 τῆς
3535 1626 3654 1679 λοι-

398 1709 834 1772 elaborantibus,
865 1718 922 1761 ut
950 1718 1005 1762 et
1040 1708 1219 1777 plures
1255 1710 1356 1779 ipsi
1382 1712 1491 1765 sint
1523 1751 1537 1775 ,
1570 1720 1624 1767 et
1662 1712 1782 1767 illos
1812 1727 1972 1780 opera

2080 1712 2187 1781 πῆς
2217 1711 2488 1774 Ἑλλάδος,
2510 1712 2689 1765 αὐτῶν
2710 1712 2819 1765 τῶν
2849 1711 2959 1783 (47)
2985 1714 3281 1784 οἰκητόρων
3306 1717 3354 1766 οἱ
3375 1714 3651 1767 πλεῖστοιο

398 1816 494 1853 sna
520 1801 897 1871 locupletiores
919 1800 1174 1854 eliiciant.
1206 1800 1383 1870 Atque
1418 1818 1480 1857 ea
1512 1819 1600 1857 res
1630 1803 1975 1858 vehementer

399 1892 631 1946 absurda
678 1902 731 1946 et
777 1892 1082 1961 prodigiosa
1121 1901 1224 1947 est.
1272 1892 1727 1963 Praeoccupantur
1769 1897 1931 1949 urbes
1957 1935 1972 1957 ,

2080 1805 2174 1857 καὶ
2205 1803 2314 1875 γὰρ
2340 1803 2562 1867 τούτους
2596 1805 3031 1875 μεμερισμένους
3063 1809 3183 1868 ταῖς
3216 1806 3471 1869 σπουδαῖς
3498 1806 3657 1877 ἔχου-

2081 1912 2186 1947 σιν.

399 1982 532 2046 νίω,
574 1990 795 2048 portus,
839 1981 1099 2048 montium
1134 1984 1451 2049 cacumina,
1489 1986 1694 2053 campi,
1729 1985 2074 2050 solitudines,
2114 2001 2299 2040 omnes
2333 1986 2563 2056 denique
2624 1988 2812 2040 Atticae
2876 2001 2939 2042 ac
2997 1988 3219 2057 reliqua:
3263 1988 3487 2045 Graeciae
3515 2004 3655 2059 par-

401 2084 481 2129 tes
503 2116 518 2139 ,
567 2083 728 2143 atque
779 2074 911 2127 adeo
953 2074 1245 2129 incolarum
1286 2073 1520 2125 maxima
1551 2087 1673 2140 pars
1697 2113 1712 2136 ,
1760 2088 1882 2127 nam
1920 2085 1973 2127 et
2012 2075 2128 2140 illos
2156 2075 2208 2127 in
2239 2086 2419 2141 partes
2453 2091 2515 2129 ac
2537 2076 2716 2129 studia
2744 2076 3033 2132 distractos
3062 2080 3279 2134 habent.

465 2169 607 2224 XVI.
658 2169 793 2223 Cum
838 2178 1016 2222 autem
1060 2168 1275 2236 juvenis
1323 2167 1592 2235 quispiam
1639 2169 1970 2231 accesserit,

400 2273 563 2332 atque
602 2263 654 2315 in
694 2277 883 2315 eorum
915 2302 930 2325 ,
972 2276 1000 2314 a
1048 2260 1247 2328 quibus
1290 2268 1479 2327 captus
1525 2269 1646 2322 est,
1696 2274 1887 2314 manus
1925 2271 1978 2313 et

398 2362 717 2422 potestatem
764 2356 967 2405 venerit
1014 2351 1198 2421 (venit
1226 2360 1438 2413 autem,
1475 2352 1555 2403 vel
1610 2361 1798 2418 sponte
1827 2391 1842 2412 ,
1891 2352 1971 2404 vel

399 2444 694 2515 coactus);
739 2454 849 2498 tum
890 2443 1063 2497 Attica
1098 2445 1214 2498 haec
1240 2443 1346 2496 illis
1373 2443 1708 2497 consuetudo
1738 2454 1819 2497 est
1842 2485 1859 2509 ,
1894 2443 1976 2496 lu-

401 2538 610 2607 dusque
648 2539 722 2592 rei
762 2537 921 2591 seria:
944 2536 1207 2589 admistus
1238 2553 1252 2589 :
1286 2533 1567 2598 Primum,
1608 2534 1746 2602 apud
1792 2549 1977 2588 eorum

400 2629 674 2697 aliquem,
715 2628 805 2698 qui
847 2628 1059 2695 priores
1103 2626 1278 2695 ipsum
1330 2623 1695 2695 arripuerint,
1740 2625 1975 2692 hospitio

2150 2169 2267 2236 1C1".
2320 2170 2470 2222 Ἐπεὶ
2500 2168 2543 2221 δ’
2568 2170 2636 2223 ἂν
2667 2164 2759 2223 οὖν
2806 2187 2892 2234 τις
2924 2171 3115 2241 ἐπιστῇ
3147 2169 3256 2222 τῶν
3279 2171 3437 2233 νέων,
3467 2172 3562 2224 καὶ
3592 2172 3657 2228 ὲν

2075 2262 2231 2331 χερσὶ
2276 2262 2500 2330 γένηται
2534 2261 2644 2313 τῶν
2684 2260 2910 2314 ἑλόντων
2939 2261 3052 2332 (48)
3085 2262 3311 2331 (γίνεται
3352 2261 3432 2324 δὲ,
3474 2262 3508 2332 ἦ
3533 2263 3656 2332 βια-

2079 2350 2246 2413 σθεὶς,
2302 2351 2335 2420 ἢ
2390 2349 2575 2419 ἑκὼν),
2624 2350 2785 2420 νόμος
2836 2346 2992 2412 οὗτός
3040 2351 3185 2402 ἐστιν
3237 2351 3420 2413 αὐτοῖς
3478 2351 3655 2404 Ἀττι-

2076 2441 2170 2503 κὸς
2193 2441 2324 2513 (49),
2353 2442 2446 2495 καὶ
2483 2441 2667 2494 παιδιὰ
2692 2441 2893 2511 σπουδῇ
2930 2441 3267 2511 σύμμικτος*
3293 2442 3517 2512 Πρῶτον
3551 2442 3655 2512 μὲν

2078 2530 2382 2599 ξεναγείται
2412 2532 2562 2601 παρά
2584 2549 2690 2584 τινι
2720 2531 2830 2584 τῶν
2865 2532 3290 2602 προειληφότων,
3317 2532 3352 2602 ἢ
3391 2533 3583 2602 φίλων,
3614 2533 3654 2604 ἢ

2081 2620 2379 2688 συγγενῶν,
2408 2620 2442 2691 ἢ
2468 2620 2577 2672 τῶν
2604 2622 2668 2673 ὲκ
2698 2620 2798 2689 τῆς
2832 2620 3001 2690 αὐτῆς
3028 2620 3304 2690 πατρίδος,
3330 2620 3364 2690 ἢ
3393 2620 3507 2673 τῶν
3537 2622 3659 2675 ὅσοι

402 2720 700 2789 accipitur,
739 2719 823 2773 vel
875 2720 1209 2783 amicorum,
1261 2716 1343 2769 vel
1379 2717 1800 2785 propinquorum
1827 2758 1842 2781 ,
1901 2717 1972 2769 vel

2082 2712 2325 2781 περιττοὶ
2353 2711 2421 2764 τὰ
2447 2711 2753 2779 σοφιστικὰ,
2779 2712 2873 2764 καὶ
2900 2712 3247 2782 προσαγωγοὶ
3284 2710 3393 2764 τῶν
3429 2711 3495 2782 λη
3505 2712 3657 2782 μμά-

400 2813 492 2882 qni
517 2812 758 2881 ejusdem
794 2820 919 2865 sunt
966 2810 1187 2880 patriar,
1214 2808 1297 2863 vel
1338 2810 1428 2877 qui
1453 2808 1781 2876 sophistices
1811 2817 1972 2861 artem

2080 2819 2207 2866 των,
2235 2800 2529 2854 κάντεῦθεν
2560 2803 2789 2872 μάλιστα
2815 2801 2905 2854 διὰ
2928 2802 3092 2872 τιμῆς
3121 2800 3379 2865 ἐκείνοις·
3414 2802 3539 2855 ἐπεὶ
3559 2803 3656 2856 καὶ

401 2903 642 2973 apprime
698 2902 940 2966 callent,
1009 2916 1073 2956 ac
1120 2900 1268 2954 lucra
1322 2899 1595 2967 magistris
1641 2898 1978 2961 conciliant,

2078 2894 2235 2947 τοῦτο
2270 2892 2456 2963 μισθός
2490 2896 2636 2947 ἐστιν
2683 2894 2864 2956 αὐτοῖς
2903 2893 3009 2945 τῶν
3057 2892 3405 2947 σπουδαστῶν
3445 2894 3655 2964 τυγχά-

400 3009 572 3065 eoque
609 2995 826 3049 nomine
867 2992 1006 3062 apud
1065 3007 1158 3047 eos
1212 3005 1425 3044 summo
1474 2991 1676 3044 honore
1714 3003 1777 3043 ac
1814 2989 1972 3057 pretic

2083 3003 2192 3038 νειν
2227 2985 2359 3055 (50).
2394 2986 2623 3037 Ἔπειτα
2668 2983 3033 3054 ὲρεσχελεῖται
3072 2984 3223 3054 παρὰ
3258 2983 3353 3037 τοῦ
3396 2983 3656 3055 βουλομέ-

402 3094 564 3152 sunt;
598 3084 1029 3154 quandoquidem
1056 3081 1164 3135 illis
1192 3080 1459 3136 mercedis
1491 3080 1608 3134 loco
1641 3089 1746 3143 est,
1779 3078 1978 3133 habere

402 3179 492 3247 qui
523 3178 759 3247 ipsorum
792 3176 1087 3231 commodis
1129 3174 1401 3228 studeant.
1448 3172 1686 3235 Deinde,
1729 3187 1757 3224 a
1803 3171 1980 3241 quoli-

400 3271 493 3326 bet
530 3269 740 3325 cavillis
768 3268 1091 3329 lacessitur;
1134 3265 1279 3335 quod
1309 3264 1561 3332 quidem,
1599 3263 1652 3316 ni
1685 3261 1875 3325 fallor,
1914 3277 1980 3314 eo

403 3360 646 3425 faciunt,
689 3368 749 3413 ut
779 3374 966 3413 eorum
995 3397 1011 3423 ,
1052 3358 1144 3426 qni
1187 3370 1358 3423 nuper
1386 3355 1754 3415 advenerunt,
1783 3352 1976 3405 fastum

402 3450 743 3519 reprimant,
793 3456 954 3517 atque
1000 3460 1031 3499 a
1091 3443 1354 3514 principio
1404 3442 1553 3511 ipsos
1603 3441 1655 3493 in
1712 3447 1977 3510 potestate

404 3539 671 3607 redigant.
719 3538 1029 3592 Lacessitur
1072 3545 1248 3590 autem
1290 3555 1301 3589 :
1354 3532 1423 3587 ab
1472 3533 1631 3598 aliis,
1679 3531 1974 3596 audacius;

402 3631 471 3685 ab
499 3630 619 3683 aliis
642 3668 657 3692 ,
690 3629 947 3683 urbanius
969 3669 985 3691 ,
1014 3638 1172 3696 prout
1203 3627 1290 3682 ille
1312 3668 1327 3692 ,
1356 3627 1439 3682 vel
1466 3625 1682 3680 rusticis
1705 3630 1759 3677 et
1781 3623 1978 3692 ineptis

403 3731 488 3777 est
541 3722 823 3784 moribus,
876 3720 958 3773 vel
1013 3719 1322 3773 urbanitate
1376 3716 1652 3787 praeditus.
1698 3715 1874 3783 Atque
1926 3712 1977 3765 id

404 3812 608 3883 ignaris
653 3810 871 3881 quidem
916 3809 1245 3864 horrendum
1317 3808 1467 3862 valde
1522 3815 1578 3860 et
1625 3804 1975 3858 inhumanum

402 3903 648 3966 videtur,
695 3900 761 3955 iis
801 3908 979 3953 autem
1026 3912 1288 3966 perquam
1334 3896 1634 3966 jucundum
1681 3901 1735 3945 et
1778 3905 1974 3953 suave,

404 3994 496 4063 qui
522 3993 625 4049 hoc
654 3993 803 4061 prius
833 3999 1045 4045 norunt.
1083 3988 1326 4057 Amplior
1364 3989 1507 4043 enim
1535 3996 1618 4042 est
1650 3987 1766 4040 haec
1805 3985 1977 4038 mina-

404 4099 525 4139 rum
558 4084 869 4149 ostentatio,
896 4096 1055 4149 quam
1082 4080 1244 4150 783
1268 4094 1353 4136 res
1376 4078 1660 4149 ipsa.Tum
1692 4092 1784 4146 per
1800 4076 1975 4131 forum

405 4176 471 4227 ad
496 4174 744 4229 balneum
767 4188 886 4227 cum
914 4186 1105 4241 pompa
1130 4171 1430 4226 deducitur.
1449 4170 1644 4238 Pompa
1675 4179 1852 4222 autem
1876 4166 1978 4221 hoc

405 4264 566 4316 modo
622 4279 680 4317 se
728 4262 891 4316 habet
933 4275 947 4314 :
991 4259 1092 4325 Qui
1139 4259 1433 4313 deducendi
1481 4256 1695 4324 juvenis
1757 4269 1978 4309 munere

406 4352 743 4422 funguntur,
789 4351 979 4405 ordine
1019 4348 1307 4409 collocati,
1362 4357 1522 4415 atque
1568 4346 1737 4415 aequis
1789 4344 1977 4413 spatiis

2084 3095 2173 3132 νου
2220 3077 2451 3140 παντός·
2486 3076 2732 3148 βούλεται
2791 3078 2849 3130 δὲ
2895 3079 3096 3140 αὐτοῖς,
3139 3071 3318 3146 οἶμαι,
3357 3076 3517 3129 τοῦτο
3543 3076 3655 3130 τῶν

2079 3168 2348 3239 νεηλύδων
2387 3167 2691 3221 συστέλλειν
2715 3167 2827 3237 (51)
2847 3167 2921 3220 τὸ
2940 3169 3211 3238 φρόνημα,
3237 3169 3331 3221 καὶ
3359 3148 3464 3220 ὑπδ
3495 3169 3658 3239 χεῖρα

2082 3258 2231 3328 σφῶν
2275 3260 2369 3311 ἀπ’
2402 3259 2576 3329 ἀρχῆς
2606 3257 2777 3326 ἄγειν.
2818 3257 3210 3328 Ἐρεσχελεῖται
3247 3256 3325 3323 δὲ,
3360 3257 3515 3327 παρὰ
3555 3257 3656 3326 μὲν

2078 3350 2207 3412 τῶν,
2245 3346 2605 3418 θρασύτερον·
2651 3345 2801 3417 παρὰ
2843 3344 2900 3397 δὲ
2934 3344 3064 3409 τῶν,
3095 3344 3477 3417 λογικώτερον,
3504 3347 3655 3410 ὅπως

2078 3438 2143 3493 ἂν
2185 3437 2489 3509 ἀγροικίας,
2531 3437 2563 3507 ἢ
2612 3437 2959 3506 ὰστειότητος
2992 3436 3111 3508 ἔχῃ.
3158 3436 3268 3489 Καὶ
3298 3436 3360 3489 τὸ
3395 3440 3651 3507 πρᾶγμα,

2077 3531 2189 3592 τοῖς
2225 3529 2322 3597 μὲν
2358 3527 2607 3596 ἀγνοοῦσι
2646 3526 2764 3579 λίαν
2795 3526 3025 3597 φοϐερὸν
3071 3526 3183 3596 (52)
3226 3526 3322 3578 καὶ
3356 3527 3651 3597 ἀνήμερον,

2078 3622 2188 3682 τοῖς
2219 3620 2277 3671 δὲ
2308 3618 2578 3690 προειδόσι
2628 3618 2723 3671 καὶ
2766 3616 2909 3687 μάλα
2958 3618 3055 3688 ἡδὺ
3110 3618 3204 3670 καὶ
3249 3616 3649 3688 φιλάνθρωπον.

2078 3708 2283 3761 Πλείων
2313 3708 2420 3778 γάρ
2448 3708 2592 3760 ἐστιν
2635 3706 2668 3776 ἡ
2697 3704 2938 3771 ἔνδειξις,
2985 3704 3017 3774 ἢ
3052 3704 3113 3757 τὸ
3147 3704 3307 3776 ἔργον
3344 3703 3450 3757 τῶν
3493 3704 3654 3755 ἀπει-

2077 3799 2369 3870 λουμένων.
2409 3799 2637 3851 Ἔπειτα
2659 3796 2929 3867 πομπεύει
2953 3795 3040 3849 διὰ
3072 3797 3170 3866 τῆς
3198 3797 3424 3866 ἀγορᾶς,
3462 3795 3556 3847 ἐπὶ
3586 3794 3650 3846 τὸ

2077 3890 2298 3961 λουτρὸν
2359 3888 2747 3963 προαγόμενος.
2812 3888 2878 3940 Ἦ
2918 3887 3110 3958 πομπὴ
3159 3887 3248 3939 δέ·
3288 3886 3654 3951 Διατάξαντες

2079 3983 2304 4044 ἑαυτοὺς
2334 3979 2613 4050 στοιχηδὸν
2638 3977 2777 4031 κατὰ
2810 3977 3071 4045 συζυγίαν
3100 3978 3163 4029 ὲκ
3192 3977 3575 4047 διαστήματος,
3601 3977 3652 4029 οί

2077 4072 2353 4135 τελοῦντες
2387 4069 2464 4141 τῷ
2497 4070 2602 4140 νέῳ
2639 4068 2735 4140 τὴν
2771 4068 3014 4140 πρόοδον,
3045 4068 3137 4120 ὲπ).
3168 4068 3229 4119 τὸ
3261 4066 3480 4136 λουτρὸν
3512 4083 3653 4137 προ-

2079 4164 2402 4233 πέμπουσιν.
2451 4160 2697 4214 Ἐπειδὰν
2754 4160 2812 4212 δὲ
2864 4159 3206 4229 πλησιάσωσι
3255 4158 3388 4228 (55),
3435 4156 3531 4227 βοῇ
3588 4174 3653 4210 τε

2078 4249 2244 4319 πολλῇ
2268 4249 2361 4302 καὶ
2387 4247 2648 4318 ὲξέιλμασι
2673 4246 2965 4317 χρώμενοι,
2992 4245 3242 4317 καθάπερ
3267 4245 3652 4309 ἐνθουσιῶντες

2079 4340 2311 4412 (κελεύει
2347 4340 2403 4392 δὲ
2442 4342 2474 4410 ἡ
2507 4338 2626 4409 βοὴ,
2668 4340 2742 4408 μὴ
2773 4337 3102 4408 προϐαίνειν,
3131 4337 3246 4390 ἀλλ’
3273 4336 3546 4401 ἵστασθαι,
3574 4337 3652 4402 ὼς

480 4529 592 4603 (id)
618 4529 870 4603 Παίουσι
902 4526 1014 4603 ζὼς
1042 4527 1217 4603 ἀέρα,
1245 4532 1351 4603 etc.
1382 4520 1598 4603 l‘iicetas
1631 4520 1773 4603 hnpc
1797 4518 1970 4602 locu‘m

2080 4584 2106 4603 θ
2308 4516 2618 4603 Evicit-noli».
2651 4512 2742 4603 §ic
2770 4512 2935 4581 Regg.
2969 4527 3020 4577 a,
3043 4527 3094 4575 c,
3127 4513 3182 4575 d,
3218 4511 3324 4565 duo
3353 4509 3645 4574 Coisl.,or.

407 4589 739 4668 sic‘eiponit
783 4613 860 4668 ac!
893 4589 1245 4668 dis_ting_dit_:_
1292 4592 1449 4668 Ἀντί.
1482 4590 1575 4643 τοῦ
1621 4589 1804 4668 παίειν
1846 4589 1969 4668 τους

406 4657 607 4732 ἵππους
638 4670 754 4730 ταῖς
794 4664 1034 4737 μάστιξι,
1064 4657 1153 4717 τὸν
1180 4662 1321 4737 ᾁὲρα
1352 4662 1599 4714 παίουσιν
1632 4661 1744 4721 τοῖς
1776 4657 1970 4736 δακτύ-

406 4741 551 4803 λοις’
587 4757 606 4789 ‹
645 4734 837 4791 Aerem
874 4737 1057 4805 digitis
1084 4734 1391 4805 verberant,
1421 4746 1548 4805 cuin
1563 4744 1728 4797 equos
1750 4734 1968 4805 scuticis

409 4795 692 4864 verberare
716 4821 818 4859 non
850 4795 1075 4875 possint.
1110 4822 1129 4854 ι
1178 4802 1233 4875 Id
1270 4810 1436 4854 totum
1468 4795 1717 4861 refertur,
1751 4795 1967 4875 nonuad

409 4888 710 4939 certantes,
740 4876 835 4929 sed
852 4865 935 4928 'ad
978 4874 1332 4929 certaminum
1378 4879 1704 4936 spectatores
1726 4904 1740 4928 ,
1776 4865 1970 4939 quibus

408 4964 531 5005 cum
560 4964 662 5002 non
700 4938 859 4999 liceat
890 4959 1056 5012 equos
1077 4939 1299 5012 scuticis
1339 4940 1786 5012 verberarepaut
1806 4938 1969 4987 babe-

410 5004 511 5073 nas
541 5017 830 5076 moderari,
860 5004 1033 5068 tamen
1066 5012 1149 5065 vel
1177 5009 1483 5069 clamando,
1528 5007 1608 5060 vel
1640 5004 1841 5071 digitis,
1874 5017 1969 5057 seu

408 5088 653 5140 manibus
677 5084 996 5152 plaudendo,
1020 5095 1158 5146 serpe
1181 5079 1491 5152 aurigarum
1515 5084 1735 5152 conatus
1767 5088 1830 5152 ac
1858 5087 1971 5152 mo-

409 5156 624 5209 litiones
664 5142 938 5222 frangunt,
981 5142 1037 5222 et
1066 5142 1334 5222 (διίησι-ιιιιῖ
1365 5150 1621 5222 impetum
1648 5142 1966 5222 gemment.

479 5225 591 5310 μβ)
648 5225 745 5310 39¢
787 5210 1588 5310 ’ὶιάέῖὲιὲιο.-ἓίὶῖἓὶ-ἓῐι.ἐέίίξ;ν
1627 5210 1973 5310 ηίὶῖρίὶεὲἐὲξ

413 5312 434 5346 ι
472 5282 736 5356 Stimulis,
792 5282 813 5343 ἶ
861 5282 1020 5360 quam
1075 5282 1571 5360 interpretationem
1626 5282 1730 5337 no'n
1780 5282 1973 5360 probat

408 5353 782 5423 Coinbeiisius,
812 5353 952 5428 quod
1003 5359 1071 5428 ad
1116 5353 1487 5427 metaphoram
1527 5358 1703 5424 inepta
1746 5353 1840 5416 sit,
1876 5364 1973 5404 nec

408 5434 523 5487 voci
558 5433 758 5488 Graeca:
787 5427 1118 5497 respondeat.

482 5502 590 5571 (46)
617 5489 1092 5567 Εὐπορήὸναντες.
1129 5496 1295 5569 Regg.
1329 5497 1440 5562 bm,
1468 5494 1558 5567 pb.
1586 5500 1639 5548 et
1662 5489 1754 5547 0r.
1792 5489 1847 5556 2,
1878 5490 1968 5542 εὐ-

409 5586 755 5643 πορπσοντε-ς.

482 5636 596 5711 (67)
641 5637 780 5694 Τῶν.
817 5637 977 5695 Deest
1000 5636 1053 5693 in
1084 5637 1212 5705 Reg.
1241 5651 1291 5691 a.

184 6084 435 6180 Δ

2073 4584 2109 4637 ‘2
2135 4595 2188 4638 el
2209 4588 2397 4640 Comi».
2431 4585 2483 4637 ln
2510 4587 2621 4645 ed.,
2657 4584 2904 4652 ἐχόντων.

2146 4655 2257 4721 (49)
2307 4655 2574 4718 Ἀττικός.
2609 4649 2756 4721 Par],
2796 4653 3078 4713 Ἀττικοῖς.
3113 4649 3276 4721 Moris
3302 4649 3465 4721 Attici
3489 4664 3645 4703 men-

2066 4724 2267 4845 gonem
2294 4724 2500 4804 faciunt
2521 4724 2692 4792 Cyrus
2718 4720 3054 4784 Theodorus,
3079 4731 3133 4774 et
3153 4720 3426 4788 Eunapius
3452 4720 3646 4789 ingvita

2113 4808 2376 4845 romrcsn.

2054 4885 2093 4943 ι-
2140 4862 2251 4943 (ὄρ)
2283 4858 2687 4943 Σπουδαςτῶγ
2705 4859 3046 4943 τυγχᾴνειν.
3074 4857 3133 4912 In
3157 4856 3450 4922 nonnullis,
3480 4874 3647 4910 σπου-

2064 4931 2271 4985 δαστῶν
2296 4934 2423 5001 περὶ
2451 4931 2622 4982 ταῦτα

2139 5003 2253 5071 (51)
2325 4995 2710 5071 Σὺστέλλειν.
2756 4995 2885 5067 Reg.
2933 5016 3018 5071 (ι,Δ
3064 4995 3463 5051 καταστέλλειν.
3522 4996 3643 5052 Bill.

2074 5090 2093 5124 ι
2135 5067 2194 5123 tit
2226 5067 2546 5123 novitiorutn
2580 5070 2787 5123 animos
2814 5067 3154 5123 contrahant.
3188 5085 3207 5116 ι

2143 5140 2258 5209 (52)
2299 5141 2449 5192 Δίαν
2475 5139 2762 5207 φοϐερόν,
2793 5149 2900 5191 etc.
2940 5138 3112 5209 Cyrus
3138 5134 3453 5209 Theodorus
3479 5135 3560 5190 sic
3587 5136 3645 5209 in

2076 5204 2708 5264 hanc'c0ttsuettttltttettt
2760 5210 2886 5262 lusit
2934 5225 2947 5260 :
2986 5204 3118 5269 Ναὶ,
3178 5208 3287 5267 ναὶ,
3322 5205 3383 5257 τὸ
3421 5204 3646 5274 λουτρὸν

2070 5282 2184 5353 τοῖς
2231 5277 2720 5353 Ἀθήνῃησιήξένοις,
2763 5279 2839 5339 ὼς
2881 5275 3186 5353 πλῆκτρονῐ
3231 5275 3306 5353 ὡς
3342 5274 3642 5353 φόβητρονί

2070 5350 2147 5412 ὼς
2182 5345 2502 5419 καινῆσέαι
2540 5367 2558 5398 ι
2609 5346 2862 5419 Balneum
2893 5346 3132 5419 profecto
3157 5345 3297 5419 apud
3345 5346 3644 5419 Athenien-

2069 5434 2178 5482 ses,
2206 5412 2370 5487 quat'n
2414 5417 2783 5482 metuendum,
2821 5412 2980 5483 quam
3020 5412 3423 5467 formidolosum
3454 5412 3640 5479 hospi-

2069 5489 2235 5536 tibus.
2267 5503 2429 5536 ouam
2460 5501 2657 5536 novum
2684 5485 3044 5536 snectaculum
3073 5484 3085 5535 !
3123 5502 3141 5534 ι

2069 5489 2235 5549 tibus,
2267 5503 2429 5554 quam
2460 5501 2657 5539 novum
2684 5489 3044 5556 spectaculum
3073 5489 3085 5535 ι
3123 5502 3141 5534 ι

2138 5558 2251 5630 (55)
2283 5550 2695 5625 Πλησιάῖγωσι.
2729 5558 2819 5612 Sic
2846 5554 2941 5609 Or.
2972 5553 3027 5608 2.
3084 5554 3137 5609 In
3175 5552 3286 5618 ed.,
3336 5550 3645 5623 πλησιάζω-

2102 5644 2138 5682 ι.

2649 4931 3010 4999 ἐντυγχάνειν.

2066 5643 2097 5693 9'
