3902 6218
309 222 418 279 517

1130 224 1388 279 ORATIO
1426 223 1611 280 XLIII.
1652 256 1721 266 —
1761 225 1827 279 IN
1866 224 2148 281 LAUDEM
2186 227 2431 283 BASILII
2468 230 2710 317 MAGNI.

3450 239 3556 295 518

307 334 406 387 τοῦ
432 335 657 406 λουτροῦ
697 338 835 404 σφᾶς
876 337 936 389 οὐ
981 336 1466 406 παραδεχομένου)
1496 338 1588 390 καὶ
1626 338 1740 409 ἅμα
1782 338 1922 400 τῶν,

2010 339 2269 406 listincti,
2312 342 2421 396 bini
2459 358 2581 397 eum
2631 346 2697 397 ad
2744 343 2991 399 balneum
3034 347 3375 402 antecedunt.
3422 349 3562 406 Cum

311 425 494 496 θυρῶν
543 427 951 497 ἀρασσομένων,
993 428 1222 498 πατάγῳ
1247 429 1337 482 τὸν
1372 430 1492 481 νέον
1532 429 1889 500 φοϐήσαντες,

311 515 433 572 εἶτα
489 519 590 588 τὴν
635 518 838 573 εἴσοδον
886 520 1365 591 συγχωρήσαντες,
1419 519 1593 584 οὕτως
1643 522 1746 593 ἤδη
1794 523 1894 594 τὴν

311 608 626 679 ἐλευθερίαν
644 609 894 673 διδόασιν,
919 614 1177 681 ὁμότιμον
1205 612 1270 663 ἐκ
1298 610 1392 664 τοῦ
1416 611 1663 681 λουτροῦ,
1695 612 1788 665 καὶ
1818 613 1894 676 ὡς

311 695 495 750 αὐτῶν
519 697 613 749 ἕνα
641 696 922 768 δεχόμενοι
944 718 955 728 ·
985 700 1078 752 καὶ
1106 699 1260 752 τοῦτό
1294 700 1442 753 ἐστιν
1476 700 1659 763 αὐτοῖς
1688 701 1785 771 τῆς
1805 718 1894 754 τε·

311 783 474 854 λετ-ῆς
521 784 635 855 (54)
677 786 737 838 τὸ
768 786 1154 856 τερπνότατον,
1191 789 1224 856 ἡ
1262 787 1488 858 ταχίστη
1523 789 1630 841 τῶν
1664 788 1895 843 λυπούν-

310 889 420 926 των
456 872 759 947 γάπαλλαγὴ
799 876 895 929 καὶ
936 876 1247 940 κατάλυσις.
1290 876 1423 929 Τότε
1455 877 1634 931 τοίνυν
1664 876 1774 947 ἐγὼ
1804 880 1895 932 τὸν

309 946 592 1035 subi/(55)
627 965 721 1018 καὶ
749 966 922 1036 μέγαν
959 967 1257 1033 Βασίλειον,
1289 969 1401 1020 οὐκ·
1421 968 1583 1033 αὐτὸς
1618 969 1684 1022 δι’
1715 970 1894 1034 αἰδοῦς

309 1049 448 1125 ἦγον
479 1055 639 1125 μόνον
675 1055 805 1127 (56),
830 1057 891 1109 τό
917 1074 977 1109 τε
1003 1056 1096 1110 τοῦ
1136 1057 1300 1128 ἤθους
1334 1058 1597 1128 στάσιμον
1622 1059 1891 1130 καθορῶν,

311 1146 407 1197 καὶ
439 1146 499 1198 τὸ
531 1148 589 1199 ἐν
616 1145 795 1215 λόγοις
823 1147 1055 1219 καίριον,
1086 1148 1221 1202 ἀλλὰ
1248 1148 1342 1202 καὶ
1378 1151 1503 1213 τοὺς
1530 1150 1721 1214 ἄλλους
1749 1150 1896 1204 ἕπει-

310 1236 404 1290 θον
442 1239 645 1306 ὁμοιως
670 1237 834 1308 ἔχειν,
866 1242 978 1294 ὅσοι
1011 1240 1119 1293 τῶν
1159 1241 1293 1295 νέων
1317 1240 1638 1309 ἀγνοοῦντες
1678 1243 1769 1295 τὸν
1797 1243 1892 1297 ἅν-

307 1328 411 1400 δρα
436 1329 751 1400 ἐτύγχανον.
777 1333 902 1397 Τοῖς
932 1333 1039 1406 γὰρ
1069 1332 1280 1396 πολλοῖς
1303 1331 1466 1395 εὐθὺς
1495 1333 1772 1405 αἰδέσιμος
1802 1330 1890 1405 ἦν,

310 1422 448 1491 ἀκοῇ
480 1421 1025 1495 προκατειλημμένος
1055 1426 1191 1495 (57).
1229 1426 1318 1493 Ἐξ
1338 1420 1399 1481 οὗ
1425 1427 1477 1481 τί
1504 1428 1710 1497 γίνεται
1739 1447 1753 1495 ;
1783 1430 1896 1483 Μό-

309 1527 400 1573 νος
424 1512 611 1581 σχεδὸν
649 1512 761 1585 (58)
782 1514 892 1567 τῶν
918 1516 1347 1587 ἐπιδημούντων,
1386 1519 1479 1573 τὸν
1506 1521 1684 1574 κοινὸν
1712 1522 1895 1591 διέφυ-

236 1613 240 1616 ‘
308 1618 374 1670 γε
399 1602 585 1673 νόμον,
614 1604 919 1676 κρείττονος
941 1608 975 1679 ἢ
1004 1609 1143 1663 κατὰ
1169 1609 1361 1678 νέηλυν
1387 1608 1637 1675 ἀξιωθεὶς
1659 1613 1756 1683 τῆς
1781 1612 1891 1683 (59)

308 1710 498 1765 τιμης.

1994 449 2172 488 autem
2219 437 2441 505 propius
2486 437 2857 501 accesserint,
2900 438 3050 506 quasi
3102 438 3339 494 fanatico
3385 439 3571 496 furore

1995 514 2265 594 correpti.
2300 525 2589 580 clamorem
2634 526 2904 595 ingentem
2942 543 3060 581 cum
3094 528 3422 584 saltitatione
3468 532 3571 585 tol-

1995 616 2169 671 lentes
2203 616 2334 687 (hic
2375 628 2553 671 autem
2593 617 2830 683 clamor,
2867 634 2934 672 ne
2968 619 3192 673 ulterius
3226 621 3575 689 progredian-

1999 716 2116 770 tur,
2147 718 2331 772 vetat;
2367 709 2459 761 sed
2493 718 2550 760 ιιι
2585 708 2869 775 insistant,
2910 718 3162 778 tanquam
3198 726 3292 765 eos
3322 711 3570 766 balneum

1996 798 2218 852 minime
2255 797 2548 864 admittat)
2576 816 2591 865 ;
2627 799 2897 867 simulque
2929 801 3153 869 pulsatis
3180 799 3364 869 januis
3388 843 3403 867 ,
3447 818 3569 856 cum

1995 904 2091 958 per
2148 891 2433 959 strepitum
2479 890 2661 959 juveni
2712 901 2912 944 metum
2960 893 3290 947 incusserint
3327 933 3343 957 ,
3392 905 3572 964 postea

1996 992 2253 1033 concesso
2299 980 2578 1049 ingressu,
2625 979 2697 1033 ita
2745 981 2958 1035 demum
2997 996 3118 1036 eum
3170 982 3221 1035 in
3268 982 3573 1039 libertatem

1995 1079 2280 1133 aSseruut;
2329 1081 2491 1138 atque
2538 1086 2567 1124 a
2608 1072 2793 1125 balneo
2848 1073 3158 1126 redeuntem
3210 1074 3467 1141 deinceps
3518 1085 3577 1128 ut

1996 1160 2259 1228 aequalem
2292 1175 2359 1214 ac
2395 1161 2630 1215 sodalem
2672 1161 2981 1230 accipiunt;
3017 1173 3175 1231 atque
3210 1162 3313 1217 hoc
3337 1163 3467 1232 ipsis
3494 1174 3576 1218 est

1999 1253 2160 1307 totius
2188 1254 2410 1323 hujusce
2443 1255 2778 1308 czeremonia:
2805 1254 3279 1321 jucundissimum,
3310 1254 3568 1308 nimirum

1996 1341 2278 1399 celerrima
2328 1345 2637 1397 vexantium
2686 1344 2946 1399 discessio
3001 1359 3066 1399 ac
3115 1354 3292 1399 coetus
3343 1344 3570 1402 solutio.

1998 1430 2149 1485 Tunc
2177 1433 2339 1502 igitur
2368 1448 2546 1486 meum
2588 1449 2951 1504 magnumque
2990 1433 3279 1500 Basilium,
3316 1447 3421 1488 non
3457 1434 3573 1502 ipse

1995 1528 2169 1579 solum
2198 1528 2544 1582 veneratione
2571 1529 2968 1598 prosequebar,
3010 1529 3152 1597 quod
3184 1526 3327 1582 illius
3363 1535 3474 1580 tum
3516 1527 3570 1580 in

1998 1617 2238 1671 moribus
2275 1618 2624 1685 gravitatem,
2667 1627 2776 1671 tum
2818 1619 2872 1672 in
2911 1620 3253 1673 sermonibus
3289 1619 3572 1672 maturita-

1999 1714 2101 1759 tem
2138 1716 2193 1760 et
2230 1708 2568 1776 prudentiam
2616 1709 3016 1778 conspicerem;
3069 1710 3163 1763 sed
3205 1708 3327 1765 aliis
3369 1710 3570 1773 etiam,

308 1790 509 1857 quibus
549 1805 652 1844 non
702 1793 925 1861 perinde
965 1795 1215 1871 cognitus
1258 1804 1409 1859 erat,
1454 1806 1513 1851 ut
1558 1775 1697 1852 idem
1750 1798 2026 1869 facerent,
2065 1803 2476 1871 pers’uadebam.
2535 1803 2669 1857 Nam
2737 1775 2875 1870 apud
2913 1804 3111 1858 multos
3177 1805 3359 1858 statim
3392 1803 3447 1858 in
3491 1819 3575 1858 ve-

309 1885 596 1937 neratione
632 1892 789 1951 erat,
824 1895 883 1943 ut
917 1887 1007 1957 qui
1038 1885 1182 1942 fama
1215 1898 1270 1943 et
1307 1889 1584 1945 auditione
1624 1891 1731 1959 jam
1762 1908 1884 1947 eum
1921 1896 2318 1966 praecepissent.
2356 1898 2432 1951 Ex
2458 1913 2563 1967 quo
2620 1898 2749 1968 quid
2811 1898 3071 1966 contigit?
3116 1896 3233 1967 Ipse
3265 1899 3413 1954 solus
3459 1899 3575 1955 fere

308 1986 379 2026 ex
422 1974 713 2041 omnibus,
757 1979 848 2047 qui
883 1979 1183 2034 studiorum
1235 1997 1396 2035 causa
1466 1984 1710 2039 Athenas
1754 1986 2080 2057 veniebant,
2145 1991 2418 2044 communi
2470 1991 2588 2061 lege
2643 1990 2848 2045 solutus
2909 2002 2994 2046 est
3021 2029 3039 2053 ,ε
3088 1984 3348 2046 maiorem
3393 1994 3577 2063 utique

309 2068 606 2134 honorem,
656 2084 816 2139 quam
858 2072 1052 2128 tironis
1093 2075 1334 2129 conditio
1384 2076 1526 2131 ferre
1562 2079 1885 2148 videbatur,
1925 2092 2271 2138 consecutus.

381 2181 483 2235 IZ'.
516 2180 688 2235 Τοῦτο
726 2186 853 2254 ὑμῖν
881 2183 981 2255 τῆς
1014 2183 1195 2254 φιλίας
1230 2184 1513 2255 προοίμιον
1536 2204 1549 2217 ·
1575 2187 1824 2241 ἐντεῦθεν
1865 2188 1895 2240 ὁ

306 2270 413 2340 τῆς
448 2273 739 2340 συναφείας
777 2276 1031 2347 σπινθήρ·
1061 2274 1234 2340 οὕτως
1265 2276 1352 2330 ἐπ’
1377 2277 1626 2349 ἀλλήλοις
1653 2278 1894 2350 ἐτρώθη-

312 2382 436 2436 μεν.
469 2367 700 2421 Ἔπειτα
732 2371 1031 2442 συνηνέχθη
1076 2387 1129 2423 τι
1174 2372 1268 2425 καὶ
1300 2372 1537 2425 τοιοῦτον
1562 2390 1575 2403 ·
1621 2372 1741 2426 ούδὲ
1785 2371 1894 2444 γὰρ

271 2496 285 2509 .
306 2458 472 2512 τοῦτο
499 2460 830 2530 παραλιπεῖν
868 2461 1016 2529 ἄξιον
1035 2480 1049 2495 ο
1089 2464 1201 2535 Οὐχ
1241 2463 1444 2517 ἁπλοῦν
1473 2465 1628 2532 γένος
1657 2465 1896 2535 εὑρίσκω

308 2550 441 2613 τοὺς
477 2551 810 2622 Ἀρμενίους,
843 2553 980 2607 ἀλλὰ
1022 2558 1116 2608 καὶ
1154 2555 1273 2609 λίαν
1304 2556 1547 2627 κρυπτόν
1583 2574 1635 2609 τι
1669 2556 1763 2609 καὶ
1793 2554 1895 2625 ὕφ-

2068 2190 2232 2245 XVII.
2269 2191 2381 2246 Iloc
2418 2192 2572 2246 nobis
2620 2192 2873 2246 amicitiae
2912 2193 3264 2262 praeludium:
3309 2195 3437 2249 hinc
3479 2209 3577 2250 ne-

2000 2282 2343 2336 cessitudinis
2402 2280 2665 2349 igniculus
2711 2298 2725 2334 :
2778 2283 2857 2336 sic
2896 2293 3088 2347 mutuo
3122 2299 3308 2337 amore
3350 2285 3576 2338 sauciati

2001 2387 2205 2427 sumus.
2245 2372 2439 2427 Postea
2479 2372 2783 2441 huiusmodi
2814 2390 3028 2443 quoque
3065 2376 3320 2443 quiddam
3346 2377 3574 2442 accidit;

2001 2476 2125 2515 nam
2166 2476 2231 2515 ne
2279 2462 2380 2517 hoc
2421 2463 2635 2530 quidem
2680 2464 3020 2543 praetermitti
3044 2464 3236 2519 debet:
3267 2464 3416 2519 Haud
3448 2467 3578 2521 sim-

1999 2551 2190 2622 plicem
2220 2563 2272 2607 et
2302 2566 2542 2623 apertam
2573 2555 2841 2609 nationem
2868 2554 3155 2611 Armenios
3183 2571 3304 2611 esse
3339 2557 3575 2622 invenio,

310 2637 461 2693 αλον.
499 2641 633 2694 Τότε
660 2642 839 2697 τοίνυν
864 2642 974 2696 τῶν
992 2645 1056 2696 ἐκ
1085 2645 1327 2709 πλείονος
1353 2644 1500 2716 αὐτῷ
1531 2645 1777 2717 συνήθων
1805 2644 1899 2700 καὶ

2010 2649 2121 2717 prin
2154 2648 2366 2715 potius,
2404 2644 2691 2700 admodum
2738 2655 2933 2702 tectam
2977 2657 3033 2701 et
3068 2647 3395 2701 simulatam.
3435 2648 3570 2703 Tum

309 2731 485 2799 φίλων
519 2733 685 2800 τινὲς,
713 2734 790 2788 ἐτ’
824 2736 888 2789 ἐκ
919 2736 1013 2790 τοῦ
1044 2737 1249 2808 πατρὸς
1281 2737 1390 2807 (60)
1423 2737 1517 2792 καὶ
1553 2738 1650 2808 τῆς
1694 2738 1898 2793 ἄνωθεν

2010 2752 2124 2803 ergo
2174 2736 2414 2790 nonnulli
2458 2737 2569 2806 jam
2612 2737 2739 2792 olim
2770 2754 2891 2793 cum
2945 2739 3059 2808 ipso
3103 2739 3473 2797 familiaritate
3519 2753 3577 2797 et

263 2887 271 2895 _
314 2824 569 2895 ἑταιρίας
628 2826 763 2895 (καὶ
823 2827 934 2900 γὰρ
985 2829 1201 2901 ἐκείνης
1261 2830 1362 2901 τῆς
1414 2830 1696 2902 διατριϐῆς
1749 2830 1899 2896 ὄντες

2010 2828 2229 2882 tmicitia
2275 2827 2580 2897 conjuncti,
2625 2839 2736 2885 tum
2788 2831 2963 2884 adhuc
3007 2847 3072 2885 ex
3116 2840 3303 2901 patre,
3349 2845 3460 2886 tum
3506 2850 3572 2889 ex

311 2915 656 2988 ἐτύγχανον),
701 2919 1016 2990 προσιόντες
1043 2919 1191 2990 αὐτῷ
1221 2920 1357 2990 μετὰ
1390 2920 1602 2989 φιλικοῦ
1645 2921 1899 2991 πλάσμα-

2010 2917 2163 2970 veteri
2199 2916 2448 2971 sodalitio
2500 2917 2668 2989 (nam
2714 2919 2767 2973 in
2818 2918 2904 2972 illa
2949 2919 3133 2974 schola
3187 2921 3415 2975 instituti
3465 2921 3578 2976 fne-

308 3024 408 3071 τος
438 3008 652 3079 (φθόνος
693 3011 750 3064 δὲ
777 3007 866 3083 ἦν,
900 3012 1001 3066 οὐκ
1031 3012 1212 3066 εὔνοια
1244 3013 1305 3066 τὸ
1334 3012 1654 3085 προσάγον),
1679 3013 1896 3086 ἐπηρώ-

2010 3007 2185 3077 rant),
2231 3008 2297 3063 ad
2331 3009 2504 3077 ipsum
2550 3024 2645 3078 per
2688 3010 2938 3063 amicitiae
2979 3012 3212 3079 speciem
3256 3013 3575 3068 accedentes

309 3115 426 3152 των
477 3117 537 3153 τε
591 3101 773 3168 αὐτὸν,
834 3102 1152 3171 φιλονείκως
1208 3102 1408 3174 μᾶλλον
1454 3096 1768 3175 ἢλογικῶς.
1804 3105 1899 3160 καὶ

2010 3095 2243 3168 [invidia
2288 3109 2504 3163 autem,
2560 3115 2665 3153 non
2712 3100 3086 3156 benevolentia
3141 3102 3516 3172 ducebantur)
3559 3143 3575 3167 ,

312 3189 628 3245 ὁποκλίνειν
656 3192 870 3256 ἑαυτοῖς
901 3193 1203 3265 ἐπειρῶντο
1231 3193 1318 3248 διὰ
1369 3195 1469 3265 τῆς
1519 3192 1741 3265 πρώτης
1782 3195 1901 3249 ἐπι-

2010 3189 2348 3243 :ontentiosis
2369 3189 2566 3258 potius,
2594 3204 2756 3259 quam
2788 3190 2960 3244 doctis
2990 3199 3045 3244 et
3078 3192 3284 3260 argutis
3314 3194 3575 3261 quaestio-

312 3280 642 3352 χειρήσεως,
666 3283 764 3352 τήν
781 3299 842 3335 τε
869 3283 1074 3337 ἄνωθεν
1097 3280 1192 3336 τοῦ
1214 3283 1406 3355 ἀνδρὸς
1432 3285 1657 3355 εὐφυΐαν
1680 3287 1898 3349 εἰδότες,

2010 3279 2157 3333 nibus
2198 3294 2320 3334 eum
2358 3282 2656 3349 urgebant,
2699 3294 2763 3334 ae
2810 3281 2981 3347 primo
3015 3281 3215 3350 impetu
3261 3281 3361 3335 sibi
3405 3282 3578 3351 sabji-

311 3371 414 3425 καὶ
446 3371 555 3451 ,τὴν
599 3373 721 3426 τότε
765 3373 929 3445 τιμὴν
956 3375 1016 3428 οὐ
1042 3376 1314 3448 φέροντες.
1339 3376 1522 3429 Δεινὸν
1547 3376 1656 3448 (61)
1690 3377 1798 3449 γὰρ
1826 3372 1903 3430 εἴ·

2010 3384 2124 3425 cere
2160 3370 2529 3435 conabantur,
2565 3380 2676 3423 tum
2710 3376 2852 3440 quod
2906 3373 3172 3441 egregiam
3214 3372 3382 3442 ipsius
3416 3372 3575 3427 indo-

313 3481 429 3528 ναι,
450 3465 509 3535 ,εί
544 3464 935 3537 προειληφότες
957 3467 1086 3530 τοὺς
1117 3466 1410 3538 τρίϐωνας,
1449 3468 1542 3521 καὶ
1572 3468 1683 3538 (62)
1710 3468 1904 3540 λαρυγ-

2010 3461 2104 3515 lem
2139 3459 2460 3530 jampridem
2508 3470 2760 3541 nossent,
2809 3471 2919 3515 tum
2957 3463 3101 3532 quod
3137 3462 3398 3517 honorem
3452 3474 3580 3519 tunc

313 3557 495 3626 γίζειν
529 3556 640 3629 (65)
674 3557 1199 3628 προμελετήσαντες,
1248 3558 1321 3629 μὴ
1379 3558 1541 3611 πλέον
1590 3558 1761 3629 ἔχοιεν
1806 3556 1900 3613 τοῦ

315 3649 477 3716 ξένου
517 3665 578 3702 τε
620 3648 714 3702 καὶ
753 3648 1024 3719 νεήλυδος.
1077 3648 1218 3717 Ἐγὼ
1252 3649 1309 3702 δὲ
1343 3650 1372 3701 ὁ
1420 3648 1769 3720 φιλαθήναιος
1810 3649 1904 3702 καὶ

319 3740 554 3813 μάταιος
587 3739 669 3811 (οὐ
709 3740 819 3812 γὰρ
845 3739 1092 3811 ᾐσθόμην
1120 3739 1214 3793 τοῦ
1247 3739 1466 3809 φθόνου,
1504 3739 1775 3792 πιστεύων
1825 3738 1902 3810 τῷ

315 3830 647 3902 πλάσματι),
682 3830 784 3902 ἤδη
814 3830 1146 3900 κλινομένων
1182 3829 1382 3894 αὐτῶν,
1418 3830 1511 3884 καὶ
1539 3829 1608 3882 τὰ
1639 3829 1783 3883 νῶτα
1817 3847 1905 3901 με·

317 3922 694 3977 ταϐαλλόντων
735 3922 853 3993 (κα)⁴
898 3922 1005 3993 γὰρ
1037 3918 1399 3993 ἐζηλοτύπουν
1423 3922 1485 3975 τὸ
1511 3921 1620 3976 τῶν
1661 3922 1903 3994 Ἀθηνῶν

321 4013 482 4078 κλέος
510 4015 569 4067 ἐν
598 4015 828 4078 ἐκείνοις
851 4013 1357 4086 καταλυθῆναι,ηκαὶ
1384 4014 1614 4086 τάχιστα
1642 4031 1906 4087 περιφρο-

320 4105 598 4177 νηθῆναι),
630 4106 919 4179 ὑπήρειδόν
954 4124 1013 4160 τε
1061 4106 1187 4171 τοὺς
1231 4105 1443 4169 νεανίας
1483 4106 1771 4175 ἐπανάγων
1811 4106 1904 4161 τὸν

319 4198 502 4266 λόγον,
532 4197 628 4251 καὶ
650 4197 750 4269 τὴν
779 4199 908 4269 παρ’
932 4196 1172 4268 ἐμαυτοῦ
1206 4196 1377 4267 ῥοπὴν
1407 4197 1763 4270 χαριζόμενος
1799 4198 1905 4269 (δύο
1942 4250 1945 4251 ,

319 4303 480 4345 ναται
514 4287 573 4341 δὲ
600 4289 695 4341 καὶ
718 4289 752 4359 ἡ
781 4287 954 4359 μικρὰ
978 4287 1260 4359 προσθήκη
1294 4286 1356 4339 τὸ
1382 4288 1492 4339 πᾶν
1518 4289 1576 4341 ἐν
1601 4287 1902 4359 τοιούτοις),

2001 3553 2103 3622 ipsi
2134 3553 2433 3622 prtestitum
2466 3553 2788 3621 permoleste
2824 3552 3048 3612 ferrent.
3083 3556 3258 3611 Grave
3295 3562 3437 3610 enim
3474 3558 3578 3610 mi-

2003 3643 2255 3712 nimeque
2288 3643 2567 3698 ferendum
2599 3659 2720 3699 esse
2745 3643 3055 3713 iudicabant
3077 3686 3091 3710 ,
3124 3661 3246 3707 eos,
3280 3647 3368 3716 qui
3402 3647 3577 3716 philo-

2002 3736 2223 3805 sophica
2250 3735 2407 3806 pallia
2432 3736 2641 3803 priores
2671 3738 2990 3803 induissent,
3012 3748 3173 3807 atque
3197 3739 3363 3811 ’184
3383 3740 3433 3793 in
3456 3740 3580 3792 I'un-

2002 3827 2240 3882 ditandis
2259 3827 2438 3883 verbis
2463 3842 2683 3896 operam
2712 3838 2837 3883 ante
2856 3831 3181 3899 posuissent,
3213 3841 3401 3885 extero
3431 3839 3484 3884 et
3513 3831 3582 3884 ti-

2004 3921 2120 3976 roni
2156 3935 2495 3991 nequaquam
2540 3919 2819 3976 anteferri.
2866 3920 2979 3992 Ego
3019 3932 3236 3986 autem,
3287 3921 3375 3977 ille
3414 3923 3581 3977 Athe-

2004 4027 2195 4067 narum
2227 4026 2419 4065 amans
2455 4026 2519 4065 ac
2562 4012 2761 4067 stultus
2803 4011 2942 4085 (non
2985 4014 3127 4067 enim
3160 4014 3414 4068 invidiam
3457 4030 3582 4070 sen-

2006 4118 2181 4158 seram
2208 4143 2223 4168 ,
2261 4103 2457 4157 frontis
2486 4103 2764 4159 involucro
2795 4104 2952 4159 ﬁdem
2985 4105 3211 4169 habens,
3240 4105 3579 4161 Athenarum

2006 4195 2230 4264 gloriam
2277 4195 2333 4248 in
2382 4194 2515 4263 ipsis
2562 4208 2875 4262 oppressam
2925 4205 2980 4249 et
3024 4195 3306 4249 celerrime
3338 4207 3583 4251 conteru-

2010 4295 2154 4356 ptam
2180 4284 2400 4355 indigno
2420 4286 2603 4339 animo
2623 4284 2845 4357 ferens),
2875 4286 3284 4341 succumbentes
3304 4285 3415 4356 jam
3447 4286 3580 4339 ado-

328 4380 474 4444 ἴσας
501 4348 1326 4449 ὑσμίνῃ’(θ1)’τὰςικεφάλι;ις,
1349 4377 1409 4431 τὸ
1440 4372 1534 4432 τοῦ
1569 4379 1749 4448 λόγου,

2011 4348 2310 4443 Iescentes,
2336 4386 2389 4431 et
2417 4385 2567 4448 terga
2608 4386 2883 4432 vertentes
2907 4416 2923 4443 ,
2968 4376 3187 4433 reducta
3219 4378 3583 4446 disputatione

321 4473 553 4542 έστησα.
596 4471 685 4534 Ὧς
722 4472 780 4524 δὲ
811 4471 872 4525 τὸ
902 4474 999 4543 τῆς
1038 4470 1324 4537 διαλέξεως
1356 4469 1530 4539 ἔγνων
1570 4472 1902 4545 ἀπόρρητον,

319 4563 449 4616 ούδέ
479 4560 745 4615 καθεκτὸν
772 4560 852 4614 ἔτι
879 4561 1164 4632 τυγχάνον,
1195 4560 1331 4615 ἀλλὰ
1361 4561 1548 4631 σαφῶς
1581 4562 1680 4634 ἤδη
1723 4579 1903 4633 παρα⁶

403 4809 519 4882 (54)
564 4808 836 4882 Τεᾷετῆς.
869 4807 960 4882 Sic
997 4806 1165 4882 Regg.
1200 4823 1250 4882 a,
1282 4823 1333 4882 c_,
1373 4808 1428 4874 d,
1468 4805 1631 4862 Coisl.
1668 4807 1725 4871 2,
1757 4805 1909 4863 Pass.

329 4889 389 4938 et
409 4878 597 4936 Camb.
630 4881 689 4935 In
721 4882 832 4942 ed.,
860 4878 1135 4947 τελευτῆς,
1165 4895 1185 4929 ‹
1221 4879 1362 4945 ﬁnis,
1392 4892 1559 4931 mors.
1603 4896 1621 4929 ι

401 4950 517 5022 (55)
550 4950 662 5022 Τὸν
695 4948 860 5019 ἐμόν.
894 4944 1083 5022 Begg;
1112 4964 1163 5012 a,
1205 4964 1255 5012 c,
1284 4944 1353 5022 (1,
1371 4947 1531 5002 Coisl.
1573 4947 1629 5011 2,
1662 4944 1754 5001 Or.
1791 4945 1827 4999 2
1856 4955 1910 5000 et

326 5018 741 5083 Pass—addunt,
775 5018 937 5088 σοφόν
966 5035 1063 5088 τε,
1095 5035 1116 5070 ‹
1151 5028 1205 5072 et
1233 5018 1554 5088 sapientem.
1599 5035 1619 5068 ι

402 5091 516 5157 (56)
541 5090 763 5143 Μόνον.
794 5087 969 5153 Pass.,
1001 5087 1178 5157 μόνος.

403 5092 493 5156 (56
541 5092 763 5143 Μόνον.
794 5092 969 5153 Pass.,
1001 5092 1178 5157 μόνος.

403 5092 1153 5282 Ίΐξῖλιῐξῗὲξθιὲὶιἴξιλημμένος.
1193 5156 1324 5227 Reg.
1363 5157 1452 5211 bm
1482 5165 1537 5211 et
1568 5155 1742 5223 Pass.,
1771 5174 1903 5228 προ-

328 5229 809 5300 κατειλημμένοις.

403 5300 516 5371 (58)
546 5294 1035 5371 agamagam.
1076 5295 1280 5371 Eadem
1336 5294 1416 5371 s_ic
1465 5303 1699 5371 testatur
1734 5294 1909 5371 erus

330 5364 669 5439 Theodorus,
695 5388 708 5422 :
757 5364 896 5421 Ἀλλ’
928 5366 1264 5439 ἄχρι-ταῦτα
1290 5364 1384 5439 τοῦ
1432 5364 1601 5439 σοφοῦ
1609 5364 1906 5439 ’Βασιλείου

334 5441 501 5510 μόνου
532 5438 795 5510 φυγόντος
812 5434 1247 5510 τοὺςνὲηλύδων
1268 5435 1493 5510 νόμους·
1525 5454 1547 5510 t_
1587 5434 1710 5488 Ilaec
1739 5450 1908 5510 usque

330 5505 402 5563 ad
459 5505 756 5576 sapientem
812 5505 1104 5572 Basiliam,
1157 5507 1249 5576 qui
1298 5505 1445 5560 solus
1509 5505 1745 5559 tironum
1793 5505 1911 5575 lege

333 5577 595 5633 liberatus
628 5577 745 5630 fuit.
798 5596 817 5629 ι
1278 5636 1281 5637 ν

405 5648 516 5720 (59)
566 5646 851 5714 Ἀ’ξιωθεὶτι
882 5646 1009 5715 τῆς,
1048 5657 1151 5704 etc.
1184 5646 1273 5703 Sic
1300 5644 1465 5717 Regg.
1495 5659 1545 5711 a,
1579 5660 1631 5708 c,
1667 5645 1720 5712 d,
1747 5643 1842 5701 0r.
1873 5643 1912 5701 2

2012 4469 2422 4534 suifulciebam,
2470 4476 2632 4537 atque
2673 4469 2858 4523 auxilii
2907 4469 3014 4523 mei
3065 4478 3397 4525 momentum
3450 4469 3582 4538 ipsis

2014 4558 2249 4629 largiens
2289 4558 2387 4627 (in
2427 4557 2736 4627 bujusmodi
2778 4573 2940 4628 porro
2970 4560 3130 4614 rebus
3167 4558 3249 4613 vel
3293 4558 3580 4629 perexigua

2013 4817 2066 4863 et
2088 4808 2280 4879 Comb.
2313 4808 2471 4879 Deest
2498 4809 2598 4879 τῆς
2635 4807 2689 4861 in
2718 4810 2784 4862 ed

2081 4878 2193 4949 (60)
2243 4879 2360 4949 Ἔτ’
2396 4878 2465 4931 ὲκ
2498 4874 2605 4949 τοῦ
2647 4877 2890 4949 πατρός.
2942 4876 3124 4949 C_oisl.~
3155 4876 3208 4949 1,
3240 4876 3344 4949 εἴτ’
3373 4874 3578 4949 ἐκλτοῦ

2008 4946 2234 5019 πατρός.
2262 4948 2458 5011 Nicet.,
2494 4948 2559 5001 ἔκ
2586 4964 2646 5019 τε
2679 4947 2772 5019 τοῦ
2819 4947 3044 5019 πατρός.
3082 4965 3103 4998 ι
3151 4946 3252 5012 Qui
3280 4946 3577 5019 quondam,

2008 4964 2234 5019 πατρός.
2263 4964 2458 5011 Νιεριη
2494 4964 2559 5001 εκ
2586 4964 2646 5001 τε
2679 4965 2772 5000 του
2819 4964 3044 5069 πατρος.
3082 4965 3103 4998 ι
3151 4964 3252 5012 QII!
3287 4964 3575 5014 quonuattt,

2006 5019 2057 5071 in
2078 5020 2258 5087 ipsius
2283 5019 2449 5087 patris
2480 5018 2684 5083 schola,
2709 5018 2889 5072 Basilii
2945 5015 3524 5083 uerantcondiscipuli.
3556 5035 3575 5068 ι

2075 5089 2185 5143 (61)
2220 5088 2446 5142 Δεινόν.
2478 5087 2568 5142 Sic
2600 5088 2767 5143 Item.
2800 5103 2828 5140 a
2854 5095 2907 5141 et
2936 5087 3048 5140 bm.
3074 5085 3129 5139 In
3161 5086 3269 5143 ed..
3299 5085 3508 5141 δεινῶν.

2118 5096 2185 5142 ill
2220 5096 2446 5142 Δεινόν.
2478 5096 2568 5142 διο
2600 5096 2767 5142 Item.
2800 5103 2828 5140 a
2854 5096 2907 5141 et
2936 5096 3048 5140 Dm.
3074 5096 3129 5139 In
3161 5096 3269 5142 θα..
3299 5096 3508 5141 δεινων.

2099 5089 2185 5158 61)
2220 5089 2446 5142 Δεινόν.
2478 5089 2568 5142 Sic
2600 5089 2767 5157 Ilegg.
2800 5103 2828 5140 a
2854 5095 2907 5141 et
2936 5089 3048 5140 bm.
3074 5089 3129 5139 In
3161 5089 3269 5150 ed.,
3299 5089 3508 5141 δεινῶν.

2070 5089 2183 5230 (62)
2231 5158 2539 5230 Τριϐωνᾳς,
2579 5157 2700 5230 πιιιιΪ
2734 5157 2824 5213 Sic
2860 5164 3089 5225 quatuor
3121 5155 3314 5224 Regg.,
3341 5156 3434 5211 0r.
3461 5155 3498 5209 2
3527 5161 3585 5217 et;

2005 5226 2193 5283 Comb.
2231 5229 2285 5281 In
2314 5231 2399 5283 ed.
2432 5229 2584 5282 deest
2607 5226 2719 5279 καί.

2078 5297 2190 5367 (65)
2223 5297 2625 5367 Λαρυγνγίζειν.
2661 5296 2874 5351 Nicetas
2905 5295 3047 5349 hanc
3086 5308 3273 5350 vocem
3308 5293 3528 5364 exponit
3560 5312 3576 5349 :

2006 5367 2231 5439 κομψῶς
2255 5367 2432 5436 λέγειν
2452 5383 2464 5395 ·
2502 5387 2519 5418 ι
2539 5376 2749 5439 ,οτηειῑθ
2771 5367 2972 5439 dicere.
3010 5383 3029 5415 ι

2076 5433 2190 5510 (σό)
2217 5433 2379 5503 Ἴσάς
2398 5437 2648 5506 ὑσμίνῃ,
2669 5445 2772 5492 etc.
2797 5434 3027 5510 Istudex
3050 5433 3301 5499 Homero,
3318 5433 3478 5488 Iliad.
3503 5449 3581 5497 XI,

2007 5504 2283 5572 vers.'7t,
2316 5504 2680 5576 desumptum,
2710 5515 2770 5562 ut
2795 5504 3062 5575 signiticet
3097 5523 3116 5559 ‹
3156 5519 3367 5577 aequam
3401 5514 3456 5562 et
3485 5520 3586 5561 an-

2011 5578 2225 5649 cipitem
2259 5593 2511 5649 pugnam.
2552 5596 2571 5628 ι
