3902 6218
368 252 474 309 519

1562 255 1620 312 S.
1660 256 1893 314 GREGO
1902 257 1994 312 Rll
2033 256 2379 315 THEOLOGI

3511 257 3615 313 520

368 371 607 426 accessio
643 372 856 441 quidvis
901 380 1079 441 potest
1116 372 1134 442 )
1170 411 1185 436 ,
1234 374 1463 443 arquau‘a
1491 412 1504 435 ,
1554 382 1611 427 nt
1652 374 1742 428 ille
1766 375 1842 428 ait
1871 374 1932 440 ⁸⁸,

2046 374 2437 446 γυμνούμενον,
2468 373 2727 443 ἐξαίφνης
2766 373 3103 444 μεταϐαλὼν,
3130 372 3380 445 πρύμναν
3417 392 3475 427 τε
3500 375 3614 445 (65)

364 464 538 535 praelii
577 466 758 534 capita
803 464 1077 518 constitui.
1122 464 1191 518 At
1226 465 1312 517 ubi
1362 463 1745 533 disputationis
1784 478 1938 518 arca—

366 573 493 611 num
532 558 806 618 intellexi,
839 557 983 626 quod
1020 556 1132 626 jam
1169 570 1234 609 ne
1277 556 1541 610 contineri
1585 555 1800 623 quidem
1840 569 1939 625 po-

367 657 534 712 terat,
573 647 666 702 sed
703 649 982 716 perspicue
1010 661 1127 702 sese
1156 646 1445 716 prodebat,
1492 656 1710 713 repente
1755 655 1929 698 mnta-

368 748 452 793 tus
479 779 494 801 ,
535 738 938 808 remigationem
981 737 1046 792 ad
1094 737 1315 806 puppim
1349 736 1622 799 converti,
1676 734 1745 790 ab
1800 736 1942 790 illius

363 831 607 897 partibus
676 839 825 884 stans
854 871 869 895 ,
918 826 1333 897 ambiguamqne
1363 826 1655 882 victoriam
1709 825 1936 881 reddidi.

364 919 476 986 Qua
504 935 567 974 ex
606 933 662 973 re
696 918 909 990 (uterat
934 918 1149 986 ingenio
1173 917 1225 971 in
1250 918 1436 986 primis
1460 917 1642 989 acuto)
1688 934 1936 988 magnam

365 1009 546 1062 Statim
574 1008 901 1076 voluptatem
932 1007 1105 1077 cepit,
1138 1019 1300 1078 atque
1326 1008 1610 1064 alacritate
1639 1008 1886 1078 perfusus
1917 1049 1932 1073 ,

365 1110 423 1151 ut
475 1114 597 1152 cum
642 1098 940 1155 Homericis
974 1098 1151 1154 verbis
1173 1100 1393 1154 omnino
1422 1100 1761 1164 describam,
1802 1110 1937 1154 stre-

364 1205 497 1244 nuos
528 1190 643 1244 illos
668 1190 893 1260 juvenes
915 1190 1281 1260 disputatione
1315 1194 1658 1260 perturbatos
1694 1193 1920 1247 insecta-

362 1281 551 1348 batur;
575 1298 673 1336 nec
703 1291 828 1336 ante
862 1283 1424 1351 argumentationibus
1451 1297 1546 1337 eos
1571 1282 1736 1337 ferire
1761 1282 1928 1336 desti-

2036 464 2405 536 ἐκρουσάμην,
2438 464 2631 534 ἐκείνῳ
2661 463 2906 535 θέμενος,
2936 465 3029 518 καὶ
3073 463 3369 535 ἑτεραλκέα
3410 464 3509 535 τὴν
3533 464 3617 518 νί-

2036 571 2139 626 κην
2161 552 2273 624 (66)
2310 554 2561 625 ἐποίησα.
2609 556 2668 607 '0
2700 555 2758 608 δέ
2790 555 2932 626 ἥσθη
2957 554 3066 625 (67)
3101 572 3161 607 τε
3191 555 3386 608 αὐτίκα
3413 555 3490 627 τῷ
3518 573 3617 623 γει

2036 644 2244 715 νομένῳ
2270 645 2386 711 (καὶ
2412 645 2521 717 γὰρ
2560 640 2629 715 ἦν
2660 646 2932 716 ἀγχίνους,
2963 648 3011 698 εί
3045 646 3139 699 καί
3162 663 3246 709 τις
3286 645 3485 718 ἄλλος),
3516 648 3617 701 καὶ

2037 737 2346 807 προθυμίας
2377 736 2657 807 πλησθεὶς,
2691 737 2779 790 ἵνα
2804 737 3004 800 τελέως
3038 736 3146 805 (68)
3177 737 3336 791 αὐτὸν
3362 737 3615 808 καθομη-

2038 826 2194 897 ρίσω,
2243 827 2411 896 ἔφεπε
2458 827 2689 881 κλονέων
2730 827 2808 899 τῷ
2843 828 2985 898 λόγῳ
3014 829 3140 891 τοὺς
3167 828 3425 897 γεννάδας
3468 828 3620 882 ἐκεί-

2036 937 2180 983 νους,
2208 920 2304 972 καὶ
2333 920 2507 973 παίων
2534 920 2934 990 συλλογισμοῖς,
2961 921 3022 972 οὐ
3048 920 3178 993 πρὶν
3207 921 3425 991 ἀνῆκεν,
3453 921 3487 993 ἢ
3522 938 3620 974 τε-

2035 1011 2170 1071 λέως
2217 1010 2540 1082 τρέψασθαι,
2599 1011 2694 1064 καὶ
2744 1010 2806 1065 τδ
2852 1011 3051 1081 κράτος
3112 1010 3367 1082 καθαρῶς
3418 1012 3618 1084 ἀναδή-

2038 1100 2256 1156 σασθαι.
2315 1094 2488 1164 Οὗτος
2517 1100 2766 1173 δεύτερος
2815 1102 2944 1172 ἡμῖν
2991 1101 3092 1171 τῆς
3142 1102 3344 1171 φιλίας,
3381 1102 3481 1156 οὐκ
3531 1103 3617 1156 ἔτι

2039 1190 2293 1262 σπινθὴρ,
2333 1191 2445 1244 ἀλλ’
2473 1191 2572 1263 ἤδη
2606 1191 2812 1262 πυρσὸς
2849 1191 3146 1245 ἀνάπτεται
3180 1194 3485 1264 περιφανὴς
3516 1195 3618 1247 καὶ

2035 1282 2237 1353 ἀέριος.

361 1373 445 1441 tit,
478 1389 636 1443 quam
669 1388 886 1442 prorsus
911 1373 962 1427 in
993 1372 1169 1442 fugam
1195 1374 1583 1434 convertisset,
1611 1370 1999 1438 victoriamque
2033 1370 2173 1423 haud
2208 1369 2422 1424 dubiam
2483 1371 2707 1439 adeptus
2740 1369 2950 1428 fuisset.
3016 1370 3144 1427 Haec
3211 1373 3381 1428 altera
3454 1373 3618 1428 nobis

362 1470 610 1523 amicitia:
630 1509 645 1534 ,
677 1484 781 1522 non
801 1468 911 1539 jam
942 1467 1173 1523 scintilla
1197 1507 1211 1531 ,
1245 1466 1343 1522 sed
1373 1465 1460 1520 fax
1498 1466 1640 1521 clara
1672 1473 1729 1520 et
1761 1465 2008 1519 sublimis
2035 1465 2369 1520 accenditur.

432 1563 615 1618 XVIII.
641 1565 813 1631 Atque
836 1563 907 1615 illi
932 1562 1146 1631 quidem
1172 1561 1253 1616 sic
1281 1559 1477 1615 infecto
1499 1565 1713 1628 negotio
1742 1570 1932 1614 disces-

2114 1561 2220 1613 ΠΡ.
2249 1561 2312 1614 Oi
2359 1559 2457 1630 μέν
2488 1554 2582 1612 οὖν
2625 1558 2799 1624 οὓτως
2828 1561 3065 1632 ἀπῆλθον
3109 1563 3399 1633 ἄπρακτοι,
3442 1563 3618 1616 πολλὰ

361 1668 575 1720 serunt,
611 1667 721 1711 tum
752 1673 904 1711 suam
940 1656 1299 1712 temeritatem
1334 1655 1559 1710 multum
1591 1655 1933 1718 incusantes,

362 1760 474 1804 tum
504 1749 817 1802 insidiarum
848 1748 1062 1802 nomine
1086 1755 1285 1801 tantam
1316 1745 1370 1800 in
1405 1760 1491 1801 me
1520 1744 1936 1815 indignationem

362 1841 763 1909 concipientcs,
797 1840 1041 1894 utetiam
1077 1848 1291 1907 apertas
1326 1836 1455 1890 mihi
1500 1836 1815 1890 inimicitias
1855 1836 1938 1890 in-

360 1933 649 1995 dicerent,
696 1946 761 1985 ac
816 1932 1175 2000 proditionem
1225 1930 1566 1999 objicerent,
1619 1942 1724 1982 non
1780 1929 1937 1983 modo

362 2038 569 2087 corum,
603 2022 697 2076 sed
733 2022 970 2089 ipsarum
1017 2032 1235 2088 quoque
1279 2018 1651 2080 Athenarum;
1682 2018 1934 2087 quoniam

360 2118 535 2186 primo
560 2116 759 2184 impetu
799 2117 864 2169 ab
898 2129 1006 2167 uno
1038 2113 1261 2168 homine
1304 2112 1562 2166 confutati
1597 2120 1757 2182 atque
1791 2113 1937 2182 igno-

362 2207 531 2262 minia
564 2205 736 2261 allecti
768 2204 1020 2269 fuerant,
1066 2216 1119 2258 et
1146 2203 1364 2274 quidem
1394 2203 1694 2271 ejusmodi,
1739 2202 1829 2271 qui
1869 2218 1935 2256 ne

363 2300 572 2355 fiducia:
609 2299 769 2353 etiam
808 2308 1012 2367 tempus
1047 2296 1297 2351 habebat.
1326 2296 1443 2365 Ipse
1474 2306 1662 2350 contra
1708 2296 1726 2364 (
1747 2295 1937 2349 huma-

363 2407 466 2446 nus
514 2391 655 2446 enim
712 2389 936 2444 allectus
976 2397 1098 2454 est,
1146 2403 1310 2449 cum,
1366 2388 1572 2457 magnis
1618 2388 1933 2455 quibusdam

334 2484 524 2539 ‘rehus
549 2497 643 2552 spe
669 2482 941 2547 conceptis
963 2519 981 2545 ,
1016 2482 1069 2535 in
1106 2495 1201 2535 eas
1239 2479 1419 2534 subito
1454 2479 1743 2533 incidimus
1765 2519 1782 2545 ,
1820 2477 1937 2546 opi-

364 2574 526 2629 nione
571 2582 754 2627 nostra
798 2571 1084 2626 inferiores
1120 2584 1214 2625 eas
1248 2569 1504 2636 videre),
1546 2570 1664 2639 ipse
1693 2570 1934 2639 ejusdem

363 2681 576 2735 quoque
607 2663 829 2719 atfcctns
857 2663 1151 2731 periculum
1182 2661 1415 2726 faciens,
1444 2662 1710 2715 maerebat
1729 2699 1745 2722 .
1772 2675 1937 2731 ange-

362 2757 549 2820 batur,
596 2772 699 2810 nou
731 2757 962 2810 habebat
991 2754 1132 2825 quod
1172 2754 1275 2808 sibi
1309 2753 1375 2807 de
1413 2754 1642 2807 adventu
1677 2767 1776 2807 suo
1809 2767 1935 2822 gra-

364 2850 633 2903 tularetur.
687 2848 971 2915 Quaerebat
1006 2846 1149 2916 quod
1190 2859 1284 2915 spe
1320 2845 1421 2900 sibi
1462 2842 1774 2911 efﬂuxerat;
1819 2844 1934 2898 ina-

2040 1650 2138 1721 μὲν
2170 1651 2269 1714 τῆς
2300 1649 2632 1723 προπετείας
2673 1652 2887 1716 ἑαυτοῖς
2939 1652 3051 1722 (ϐυ)
3096 1653 3613 1725 καταμεμψάμενοι,

2037 1741 2207 1795 πολλὰ
2229 1742 2285 1795 δὲ
2310 1743 2411 1813 τῆς
2441 1741 2735 1812 ἐπιϐουλῆς
2772 1744 2894 1814 ἐμοὶ
2930 1744 3377 1817 δυσχεράναντες,
3411 1746 3486 1810 ὡς
3517 1748 3617 1801 καὶ

2037 1833 2277 1904 φανερὰν
2336 1832 2535 1905 ἔχθραν
2574 1834 2925 1905 ὁμολογῆσαι,
2974 1836 3066 1887 καὶ
3096 1835 3386 1905 προδοσίαν
3415 1839 3615 1891 ἐπικα-

2035 1923 2167 1987 λεῖν,
2203 1926 2304 1978 οὐκ
2329 1924 2552 1978 ἐκείνων
2592 1925 2751 1996 μόνον
2786 1924 2919 1997 (70),
2947 1926 3081 1980 ἀλλὰ
3110 1928 3200 1980 καὶ
3231 1928 3409 1981 αὐτῶν
3454 1929 3619 2000 Ἀθη-

2035 2014 2176 2069 νῶν·
2216 2016 2292 2079 ὼς
2333 2015 2420 2069 διὰ
2455 2017 2553 2086 τῆς
2586 2014 2809 2087 πρώτης
2846 2018 3040 2089 πείρας
3074 2019 3468 2091 ἐληλεγμένων,
3516 2021 3617 2073 καί¹

2033 2106 2394 2178 ᾐσχυμμένων
2442 2108 2531 2176 ὑφ’
2571 2111 2689 2172 ἐνὸς
2725 2109 2931 2177 ἀνδρὸς,
2977 2110 3073 2163 καὶ
3120 2111 3293 2165 ταῦτα
3341 2112 3609 2182 μηδέτοῦ

2034 2199 2258 2271 θαρρεῖν
2288 2200 2479 2272 καιρὸν
2505 2200 2739 2271 ἔχοντος.
2782 2188 2844 2255 ’ό
2885 2202 2944 2256 δὲ
2988 2203 3240 2275 (καὶγὰρ
3273 2204 3617 2275 ἀνθρώπινον

2034 2292 2096 2344 τὺ
2126 2292 2318 2357 πάθος,
2346 2294 2475 2346 ὅταν
2497 2295 2710 2364 μεγάλα
2736 2294 3056 2360 ἐλπίσαντες
3087 2296 3297 2368 ἀθρόως
3322 2301 3434 2361 τοῖς
3460 2298 3617 2351 ἐλπι-

2037 2383 2240 2438 σθεῖσιν
2270 2385 2383 2455 (71)
2409 2386 2740 2457 ἐντύχωμεν,
2769 2386 2977 2440 ἐλάττω
3013 2387 3116 2458 τῆς
3145 2387 3303 2461 δόξης
3334 2391 3466 2460 ὁρᾷν
3498 2389 3614 2459 (72)

2034 2473 2105 2528 τὰ
2128 2476 2470 2546 φαινόμενα),
2493 2476 2653 2531 τοῦτο
2675 2479 2770 2531 καὶ
2795 2478 2957 2543 αὐτὸς
2981 2482 3223 2551 πάσχων,
3255 2480 3617 2552 ἐσκυθρώπα-

2036 2566 2147 2631 ζεν,
2182 2568 2485 2641 ἐδυσφόρει,
2529 2571 2628 2641 τῆς
2658 2570 2952 2641 ἐπιδημίας
2991 2571 3182 2625 ἐαυτὸν
3231 2575 3471 2627 ἐπαινεῖν
3511 2573 3615 2626 οὐκ

2036 2654 2199 2728 εἶχεν.
2271 2660 2483 2730 Ἐζήτει
2538 2661 2598 2714 τὸ
2646 2661 2933 2715 ἐλπισθὲν·
2983 2663 3143 2735 κενὴν
3203 2664 3475 2735 μακαρίαν
3512 2663 3615 2726 τὰς

2049 2749 2277 2819 Ἀθήνας
2308 2750 2609 2821 ὠνόμαζεν.
2649 2752 2709 2807 '0
2731 2754 2828 2824 μὲν
2855 2754 2918 2827 δὴ
2948 2753 3149 2808 ταῦτα’
3186 2753 3297 2823 ἐγὼ
3326 2755 3382 2807 δέ
3402 2754 3500 2825 τῆς
3520 2753 3615 2807 λύ-

2037 2856 2144 2911 πης
2170 2842 2414 2913 ἀφῄρουν
2438 2843 2499 2895 τὸ
2522 2842 2791 2909 πλεῖστον,
2826 2846 2919 2898 καὶ
2942 2845 3172 2914 λογικῶς
3200 2846 3610 2916 συγγινόμενος,

364 2952 484 2991 nem
527 2910 837 2991 felicitatem
883 2910 1123 2989 Athenas
1171 2910 1502 2989 nominabat.
1549 2931 1675 2988 Haec
1717 2934 1929 3003 quidem

2039 2934 2129 2987 καὶ
2151 2910 2470 3006 κατεπᾴδων
2500 2940 2614 3000 τοῖς
2641 2936 2923 3009 λογισμοῖς
2939 2955 2956 2970 ο
2980 2910 3096 3002 καὶ,
3126 2939 3263 3008 ὅπερ
3279 2910 3364 3010 ’ἦν
3386 2910 3614 3008 ἀληθὲς,

363 3026 495 3081 ille:
539 3041 642 3094 ego
683 3035 859 3078 autem
909 3024 1201 3077 maximam
1257 3023 1508 3077 mteroris
1568 3032 1774 3091 partem
1831 3021 1931 3093 ipsi

2039 3024 2161 3078 οὔτε
2192 3021 2326 3097 ἦθος
2356 3026 2548 3099 ἀνδρὸς
2578 3027 2738 3093 εὐθὺς
2765 3030 2967 3083 ἁλωτὸν
3000 3026 3157 3096 εἶναι,
3184 3030 3376 3100 λέγων,
3416 3031 3498 3084 δτι
3531 3033 3614 3104 μὴ

362 3115 684 3176 adimebam,
718 3124 831 3167 tum
859 3113 1188 3182 argumentis
1214 3112 1587 3180 congrediens,
1623 3123 1731 3166 tum
1764 3115 1932 3167 ratio-

2039 3118 2215 3189 χρόνῳ
2242 3117 2421 3190 πολλῷ
2446 3121 2539 3173 καὶ
2566 3121 2821 3193 συνουσίᾳ
2844 3122 3147 3193 τελεωτέρα
3171 3123 3306 3191 (75),
3337 3121 3459 3175 οὔτε
3484 3124 3618 3175 παι-

362 3206 519 3257 uilius
545 3218 667 3257 eum
695 3201 967 3265 mulcens;
1000 3216 1123 3256 cum
1146 3239 1160 3265 ,
1194 3209 1253 3254 ut
1276 3214 1365 3254 res
1392 3208 1541 3265 erat,
1577 3216 1675 3255 nec
1700 3202 1932 3258 hominis

2039 3208 2211 3262 Βευσιν
2252 3213 2365 3273 τοῖς
2399 3212 2785 3281 πειρωμένοις,
2836 3212 2895 3276 ἐξ
2944 3212 3139 3281 ὀλίγων
3186 3229 3244 3266 τε
3288 3214 3382 3266 καὶ
3419 3215 3477 3265 ἐν
3502 3215 3618 3266 ὀλί-

360 3311 539 3349 mores
562 3296 766 3359 statim,
783 3292 946 3363 785
966 3294 1059 3348 sed
1082 3294 1332 3348 diuturno
1350 3300 1612 3361 tempore,
1638 3308 1701 3347 ac
1723 3292 1932 3360 perfec-

2039 3316 2112 3371 γῳ
2157 3300 2268 3372 (74)
2311 3302 2689 3374 γνωρίζεσθαι,
2733 3305 2896 3357 Ὅθεν
2938 3305 3211 3374 ἐπανῆγον
3248 3305 3409 3359 αὑτὸν
3444 3307 3615 3370 εῐςτὸ

361 3388 573 3441 tissima
601 3385 990 3449 familiaritate,
1010 3385 1238 3453 vitazqne
1267 3383 1650 3437 consuetudine
1671 3424 1684 3448 ,
1707 3385 1931 3453 percipi,

2039 3389 2286 3460 εὔθυμον,
2334 3392 2428 3444 καὶ¹
2476 3394 2668 3463 πεῖραν
2715 3391 2889 3455 διδους
2941 3393 3032 3445 καὶ
3082 3392 3394 3463 λαμϐάνων,
3445 3392 3614 3446 πλέον

361 3493 460 3533 nec
490 3477 843 3531 eruditionem
873 3476 970 3543 iis,
1018 3477 1109 3545 qui
1138 3475 1435 3544 periculum
1480 3475 1647 3542 ipsius
1683 3473 1886 3529 faciunt
1915 3515 1930 3540 ,

2039 3478 2256 3549 ἐμαυτῷ
2290 3479 2578 3549 συνέδησα.

357 3589 423 3626 ex
472 3573 656 3640 paucis
698 3571 1030 3641 argumentis
1076 3584 1142 3625 ac
1215 3569 1366 3624 brevi
1416 3570 1675 3639 agnosci,
1744 3571 1999 3627 dicerem.
2043 3571 2180 3627 lliuc
2224 3588 2345 3626 eum
2394 3573 2460 3627 ad
2502 3572 2669 3627 animi
2721 3572 3166 3641 tranquillitatem
3218 3571 3503 3636 revocavi,
3544 3588 3613 3628 ac

361 3661 746 3718 benevolentia:
774 3661 1043 3730 specimen
1067 3659 1227 3715 simul
1253 3660 1498 3728 praebens
1529 3669 1584 3714 et
1615 3661 1887 3731 accipiens
1906 3700 1921 3726 ,
1964 3663 2287 3718 arctioribus
2311 3662 2541 3718 vinculis
2573 3677 2783 3717 mecum
2814 3663 3066 3717 aStrinxi.

432 3773 572 3829 XIX.
631 3772 703 3829 Ut
750 3782 927 3828 autem
975 3775 1233 3843 temporis
1268 3787 1558 3844 progressu
1611 3772 1932 3829 desiderium

2105 3773 2208 3827 18'.
2248 3775 2337 3839 Ὠς
2368 3774 2446 3840 δὲ,
2481 3774 2761 3846 ’προῖόντοι⁵
2793 3774 2885 3828 τοῦ
2919 3774 3111 3846 χρόνου
3132 3816 3146 3839 ,
3182 3775 3275 3828 τὸν
3307 3774 3469 3829 πόθον
3510 3777 3611 3831 ἁλ-

361 3878 604 3923 nostrum
636 3874 820 3921 mutuo
853 3864 991 3918 inter
1016 3880 1114 3920 nos
1139 3864 1373 3920 confessi
1400 3879 1607 3931 suums,
1664 3881 1729 3920 ac
1764 3866 1932 3935 philo-

2039 3866 2216 3937 λήλοις
2238 3866 2797 3939 καθωμολογήσαμεν,
2832 3869 2927 3921 καὶ
2967 3867 3283 3937 φιλοσοφίαν
3325 3867 3435 3939 (75)
3466 3865 3612 3933 εἶναι

360 3960 604 4029 sophiam
657 3959 711 4013 id
762 3973 881 4013 esse
932 3958 1075 4027 quod
1124 3972 1154 4010 a
1201 3956 1355 4010 nobis
1403 3965 1771 4024 expeteretur,
1825 3966 1932 4011 tum

2039 3954 2095 4007 τὸ
2127 3954 2580 4026 σπουδαζόμενον,
2614 3956 2915 4026 τηνικαῦτα
2960 3956 3059 4028 ἤδη
3115 3957 3183 4010 τά
3232 3956 3409 4011 πάντα
3462 3953 3612 4029 ἦμεν

360 4067 489 4107 vero
513 4052 623 4123 jam
656 4059 882 4120 uterque
916 4048 1070 4103 alteri
1107 4046 1319 4116 quidvis
1352 4060 1590 4109 eramus,
1645 4046 1932 4101 contuber-

2039 4045 2305 4117 ἀλλήλοις,
2363 4046 2669 4117 ὁμόστεγοι,
2729 4047 3047 4118 ὁμοδίαιτοι,
3092 4052 3381 4118 συμφυεῖς,
3433 4048 3493 4101 τὸ
3548 4049 3611 4101 ἓν

363 4143 537 4211 nales,
575 4142 933 4205 convictores,
967 4139 1284 4204 concordes,
1316 4152 1479 4192 unum
1508 4136 1760 4206 idemque
1805 4153 1932 4207 spe-

2039 4136 2349 4207 βλέποντες,
2384 4139 2473 4193 ἀεὶ
2499 4138 2590 4192 τὸν
2623 4137 2789 4192 πόθον
2818 4138 3066 4209 ἀλλήλοις
3102 4139 3457 4204 συναύξοντες
3491 4140 3609 4206 (76)

360 4245 596 4298 ctantes,
649 4232 942 4289 ferventius
979 4229 1223 4301 quotidie
1270 4244 1334 4282 ac
1368 4227 1573 4282 firmius
1607 4227 1930 4283 desiderium

2039 4228 2364 4299 θερμότερόν
2400 4246 2460 4282 τε
2508 4231 2604 4283 καὶ
2656 4229 2999 4301 βεϐαιότερον
3034 4230 3165 4299 (77).
3225 4232 3287 4283 υἱ
3342 4230 3441 4301 μὲν
3494 4231 3610 4301 γὰρ

362 4327 519 4382 nobis
560 4326 789 4380 invicem
835 4323 1169 4393 colligentes.
1208 4319 1416 4374 Etenim
1452 4332 1740 4387 corporum
1780 4334 1932 4374 amo-

2039 4319 2146 4373 τῶν
2194 4321 2462 4375 σωμάτων
2519 4321 2754 4391 ἔρωτες,
2811 4321 2997 4391 ἐπειδὴ
3046 4322 3276 4392 ῥεόντων
3314 4322 3452 4385 εἰσὶ,
3510 4323 3611 4374 καὶ

428 4486 477 4520 ’δ
512 4483 667 4539 Hom.
703 4481 868 4537 Iliad.
898 4496 951 4535 ιι
973 4522 989 4547 ,
1023 4495 1165 4536 vers.
1191 4478 1281 4533 72.

429 4616 543 4690 (65)
573 4615 858 4690 Πρύμναν
878 4628 965 4690 τε,
996 4608 1478 4690 etc_.__l‘roverbinm
1504 4606 1569 4661 de
1598 4605 1664 4659 iis
1682 4606 1771 4690 qui
1804 4621 1930 4690 cur:

2101 4607 2212 4690 (ΖΨ
2245 4609 2466 4690 tisi?“-
2489 4606 2631 4690 Pss-
2658 4606 2947 4690 θημὸνωντ

361 4675 478 4743 sum
508 4675 809 4746 reﬂectunt,
837 4683 925 4749 qui
950 4681 1228 4735 consilium
1255 4678 1308 4749 in
1335 4678 1601 4730 diversum
1629 4675 1858 4744 mutant,
1876 4684 1929 4731 et

2260 4675 2691 4749 ῘΕλίτισΟεῖσικ.
2725 4675 2816 4749 Sic
2852 4678 3006 4730 could.
3041 4675 3241 4749 Ingetl.,
3272 4676 3600 4731 ἐπισθεῖσιν.

362 4678 478 4743 sum
508 4678 809 4746 reﬂectunt,
837 4683 925 4749 qui
950 4681 1228 4735 consilium
1255 4678 1308 4730 in
1335 4678 1601 4730 diversum
1629 4685 1858 4744 mutant,
1876 4684 1929 4731 et

362 4768 561 4828 partes,
581 4770 730 4828 quas
760 4753 906 4828 prius
939 4752 1247 4828 tuebantur,
1280 4747 1554 4828 deserunt.
1664 4823 1699 4828 Α
1770 4813 1829 4828 ψ

2101 4678 2185 4745 (⁵71
2262 4678 2691 4730 Ἐλπισθεῖσιν.
2725 4678 2816 4730 Sic
2852 4678 3006 4730 codd.
3041 4678 3094 4729 In
3129 4678 3241 4740 ed.,
3272 4678 3600 4731 ἐπισθεῖσιν.

2039 4816 2049 4828 ¹
2101 4678 2215 4828 (72)
2258 4744 2453 4828 ξορᾷν.
2505 4747 2596 4800 Sic
2628 4745 2868 4815 plerique
2911 4763 2975 4800 ac
3015 4748 3230 4813 optimae
3264 4759 3407 4801 uota:
3439 4750 3601 4803 codd.

430 4813 560 4898 (66),
579 4813 927 4898 ’ἑτεραλκέα
1093 4818 1291 4898 ζίκην,
1326 4825 1433 4870 etc.
1466 4815 1557 4898 Sic
1586 4823 1740 4898 recte
1768 4813 1928 4867 Nice-

2039 4816 2085 4871 ιιι
2103 4813 2219 4898 ειυς,
2248 4816 2503 4898 apem.-

2097 4887 2211 4957 (75)
2245 4881 2593 4957 Τὲλεωτέρᾳ.
2768 4884 2824 4957 2,
2870 4881 3600 4957 Par.,_Pass.,§ekswt&1n.

2027 5026 2085 5079 ὲν
2098 4952 2360 5080 (ἍιέάἜν
2393 4954 2594 5022 ὀλίγῳ.
2640 4953 2731 5008 Sic
2787 4952 2881 5010 0r.
2912 4955 2970 5019 2,
3010 4953 3131 5008 Par.
3166 4964 3221 5009 et
3256 4954 3410 5009 Pass.
3445 4952 3608 5011 Deest.

2099 5093 2211 5167 (75)
2239 5094 2768 5167 Καὶ.ςιοιροοόερίιινἑ
2784 5092 3028 5167 Coisl._l,
3051 5093 3144 5146 ml.
3167 5093 3231 5167 τὸ
3260 5093 3600 5164 φιλοσοφίαν.

2027 5161 2248 5245 Nicetas
2274 5161 2414 5245 :ljtﬂv
2440 5161 2672 5233 ἄσκησιν
2687 5161 2809 5245 ,τῶν
2835 5162 3103 5245 καλῶν-,ιι
3152 5161 3413 5217 virtutum
3449 5161 3602 5245 ἐξω

2032 5253 2052 5285 ι
2080 5234 2205 5288 vita:
2235 5232 2495 5301 religiosa:
2519 5232 2960 5287 etercitationem
2997 5253 3017 5284 ι
3048 5233 3456 5298 interpretatur.
3480 5232 3601 5298 Qua

2026 5304 2339 5371 acceptione
2394 5302 2685 5372 Gregorius
2725 5317 2746 5353 ι
2782 5313 2993 5357 ascetas
3031 5320 3051 5353 ι
3105 5302 3455 5372 philosophos
3502 5317 3601 5369 ap-

2026 5373 2208 5511 pezgali)
2243 5439 2678 5508 Συναύξοντες.
2734 5440 2793 5496 1η
2845 5439 3199 5511 quibusdam,
3236 5439 3600 5507 συναυξάνον-

2022 5526 2135 5575 τες.
2170 5512 2313 5576 Bas.,
2348 5513 2690 5579 συνάγοντες.

2100 5581 2208 5652 (77)
2238 5578 2637 5650 Βεϐαιότέρον.
2670 5580 2803 5652 Reg.
2839 5596 2890 5647 c,
2929 5578 3227 5648 βιαιότερον

361 4884 449 4951 tas
473 4884 732 4963 εὴ)οηίιῖ
766 4911 785 4944 ‹
823 4902 881 4947 ιιι
904 4890 971 4963 ad
996 4884 1249 4942 Basilium
1262 4897 1523 4963 jergeret
1548 4884 1775 4937 victoria
1807 4899 1928 4963 meo

360 4951 616 5034 suﬂ'ragio
646 4962 887 5034 citet-iui
925 4959 1073 5034 Hauc
1107 4970 1226 5011 esse
1257 4951 1503 5034 Gregorii
1537 4963 1771 5034 mentem
1795 4951 1929 5034 “Bu-

360 5020 506 5090 διευς
529 5020 797 5103 agnoscit.
828 5028 959 5103 cum
991 5028 1131 5081 enim
1157 5039 1255 5094 pro
1286 5020 1536 5103 Armeniis
1573 5022 1768 5103 stando
1791 5020 1925 5077 Gre-

360 5105 546 5176 gorius
569 5090 831 5176 équalem
860 5098 1077 5176 fecisset
1105 5090 1294 5176 pugnae
1323 5094 1499 5176 capita
1521 5090 1923 5176 ;_ubir.pt'itu.um

364 5162 392 5226 ἵ
432 5187 552 5230 sese
589 5162 786 5227 Basilio
810 5162 1925 5240 adiunxit,'i_Oépevo;.abzqi,'v'ictoriam

360 5227 721 5313 ipsi'tribnit,
752 5227 913 5309 quam
951 5227 1203 5291 Armenis
1242 5227 1472 5287 favendo
1508 5227 1798 5300 ancipitem
1841 5227 1923 5283 fe-

391 5328 480 5367 era
489 5322 527 5366 ῑ.

358 5328 543 5449 alii)
581 5381 646 5434 'o
690 5376 758 5449 δέ
790 5377 971 5449 ἥσθη.
1013 5392 1034 5425 ‹
1058 5373 1304 5449 tam“
1337 5379 1508 5449 εει-³
1529 5369 1674 5449 -θυθ
1729 5366 1923 5437 Μεθ’*

400 5385 543 5504 οδω)
581 5385 646 5434 'O
690 5385 758 5431 δὲ
790 5385 971 5446 ἥσθη.
1013 5392 1034 5425 ι
1072 5385 1304 5429 metatus
1337 5385 1441 5425 est.
1490 5388 1508 5421 ι
1562 5385 1674 5424 uno
1731 5385 1923 5437 uegg.,

358 5450 393 5523 ᾗ
464 5468 535 5522 η,
566 5461 624 5506 et
660 5448 725 5502 ad
773 5448 933 5502 unius
974 5444 1176 5501 codicis
1216 5456 1409 5511 marg.,
1452 5439 1687 5511 ᾔσθετο,
1727 5455 1748 5490 ι
1797 5451 1924 5509 per.

360 5531 551 5576 sensu.
584 5539 604 5572 ι

432 5589 543 5663 (66)
575 5585 821 5663 ζ’ξνῖιέωςζ
852 5583 981 5663 Reg.
1012 5583 1103 5663 ph,
1131 5579 1367 5663 τελείως.
1452 5646 1465 5663 ο

431 5651 541 5730 (69)
590 5654 867 5721 Ἐαυτοῖς.
907 5651 1028 5711 Duo
1054 5652 1242 5722 Regg.,
1279 5651 1524 5713 ἑαυτούς.
