3902 6218
284 249 390 305 εει

1104 239 1362 296 ORATIO
1400 238 1587 295 XLIII.
1629 269 1698 281 —
1734 237 1804 293 IN
1842 234 2127 291 LAUDEM
2165 234 2413 291 BASILII
2452 234 2687 292 MAGNI.

3426 239 3536 294 522

281 361 505 437 ῥέουσιν
538 358 630 411 ἴσα
654 355 749 410 καὶ
773 356 980 426 ἠρινοῖς
1000 332 1237 408 ἄνθεσιν.
1276 352 1415 408 Οὔτε
1446 354 1556 425 γὰρ
1600 352 1732 423 φλὸξ
1767 353 1861 424 μέ-
1890 402 1893 411 ,

1984 366 2074 415 'es,
2107 352 2230 421 quia
2272 367 2453 408 rerum
2483 351 2747 404 ﬂuxarum
2784 362 2928 417 sunt,
2958 351 3133 407 ﬂuunt
3156 366 3370 424 quoque
3410 357 3534 426 ipsi,

280 469 392 517 νει,
415 450 512 521 τῆς
540 447 673 518 ὕλης
696 444 1097 515 δαπανηθείσης
1127 446 1262 514 (78).
1289 445 1424 498 ἀλλὰ
1459 444 1537 514 τῷ
1568 444 1858 497 ἁνάπτοντι

284 542 710 611 συναπέρχεται,
734 537 858 591 οὕτε
895 537 1057 601 πόθος
1104 537 1396 605 ὑφίσταται
1427 535 1563 607 (79),
1601 551 1860 606 μαραινο-

286 633 454 705 μένου
503 629 597 683 τοῦ
634 627 1079 697 ὑπεκκαύματος.
1120 628 1185 679 Οἱ
1232 626 1288 679 δὲ
1318 626 1461 680 κατὰ
1507 625 1639 679 Θεόν
1680 643 1738 679 τε
1767 626 1862 679 καὶ

284 724 589 794 σώφρονες.
626 719 816 789 ἐπειδὴ
844 718 1168 790 πράγματος
1192 718 1566 781 ὲστῶτόςείσι,
1591 717 1679 771 διὰ
1705 717 1864 770 τοῦτο

282 815 383 868 καὶ⁹
416 810 799 885 μονιμώτεραι,
827 811 921 863 καὶ
945 812 1054 881 ὅσῳ
1095 809 1257 862 πλέον
1297 809 1409 880 (80)
1443 810 1624 874 αὐτοῖς
1645 810 1706 863 τὸ
1735 809 1865 864 κάλ-

280 907 376 969 λος
406 904 758 974 φαντάζεται,
793 902 1032 973 τοσούτῳ
1085 902 1284 973 μᾶλλον
1332 900 1509 973 ἑαυτῷ
1543 920 1602 955 τε
1646 904 1740 956 καὶ
1773 901 1865 956 ἀλ-

284 995 471 1067 λήλοις
513 991 693 1046 συνδεῖ
730 993 856 1054 τοὺς
888 991 996 1044 τῶν
1038 989 1219 1044 αὐτῶν
1261 989 1516 1062 ἐραστάς.
1563 983 1729 1053 Οὗτος
1769 988 1862 1042 τοῦ

285 1087 434 1157 ὑπὲρ
465 1087 613 1156 ἡμᾶς
642 1084 847 1155 ἔρωτος
900 1083 1044 1153 -όμος
1078 1082 1211 1153 (81).
1248 1082 1586 1153 Αἰσθάνομαι
1617 1082 1717 1151 μὲν
1771 1079 1866 1136 οὖν

285 1177 397 1242 ἔξω
427 1174 523 1228 τοῦ
550 1173 743 1246 καιροῦ
774 1174 868 1229 καὶ
906 1172 1001 1226 τοῦ
1050 1172 1249 1243 μέτρου
1296 1172 1613 1242 φερόμενος,
1641 1171 1734 1225 καὶ
1766 1173 1866 1226 οὐκ

284 1264 384 1322 οἷδ’
414 1269 659 1331 ὄπωςείς
687 1267 912 1328 τούτους
943 1266 1203 1336 ἐμπίπτω
1223 1264 1350 1328 τοὺς
1379 1264 1592 1334 λόγους,
1627 1265 1728 1317 οὑκ
1758 1264 1866 1334 ἔχω

283 1359 336 1412 δ’
362 1361 512 1422 ὅπως
560 1357 795 1430 ἐμαυτὸν
833 1358 1043 1429 ὲπίσχω
1079 1356 1174 1410 τοῦ
1206 1357 1562 1428 διηγήματος.
1605 1357 1715 1409 Ἀεὶ
1756 1356 1867 1426 γάρ

288 1464 385 1517 μοι
418 1446 479 1499 τὸ
513 1447 747 1519 παρεθὲν
801 1449 1095 1514 ἀναγκαῖον
1146 1447 1438 1517 φαίνεται,
1486 1446 1579 1500 καὶ
1620 1448 1867 1520 κρεῖττον

283 1536 384 1591 τοῦ
443 1537 867 1609 προληφθέντος.
923 1538 1041 1591 Κᾶν
1077 1538 1147 1608 μέ
1178 1554 1261 1601 τις
1311 1536 1499 1608 ἀπάγῃ
1540 1535 1635 1589 τοῦ
1682 1536 1868 1607 πρόσω

284 1626 651 1696 τυραννικῶς,
676 1626 736 1679 τὸ
761 1625 871 1679 τῶν
901 1626 1218 1680 πολυπόδων
1239 1626 1521 1696 πείσομαι,
1550 1618 1624 1679 ὧν
1652 1625 1750 1697 τῆς
1773 1623 1872 1679 θαι

1965 460 2069 499 non
2105 459 2260 498 secus
2300 459 2363 498 ac
2394 444 2538 499 veris
2570 444 2749 499 ﬂores.
2799 444 2933 498 Nam
2983 458 3083 499 nec
3125 444 3365 511 ﬁamma,
3410 462 3539 502 con-

1963 546 2173 604 sumpta
2208 537 2454 600 materia,
2492 545 2752 602 remanet,
2802 535 2895 591 sed
2940 550 3052 589 una
3079 549 3200 590 cum
3234 552 3298 592 ea
3335 539 3540 593 exsﬁn-

1962 628 2160 698 guitur,
2191 642 2290 682 nec
2316 627 2640 682 desiderium
2671 670 2685 694 ,
2718 634 3094 682 marcescente
3128 625 3336 692 fomite,
3365 628 3543 682 subsi-

1964 718 2080 774 stit.
2115 718 2383 786 Atpudici
2419 729 2469 773 et
2506 718 2614 773 Deo
2649 719 2787 787 grati
2832 732 3067 785 amores,
3104 718 3537 788 quandoquidem

1964 811 2042 865 rei
2083 812 2291 866 stabilis
2323 822 2375 865 et
2412 811 2581 866 ﬁrmae
2629 820 2776 875 sunt,
2830 820 3115 879 propterea
3172 810 3541 865 diuturniores

1964 899 2127 955 etiam
2152 911 2315 968 sunt;
2344 912 2651 972 quantoque
2684 901 2856 970 major
2882 902 3301 971 pulchritudinis
3330 904 3538 972 species

1966 995 2096 1066 ipsis
2131 993 2403 1063 objicitur,
2460 1004 2608 1048 tanto
2651 996 2815 1049 etiam
2853 995 3078 1056 arctius.
3126 1003 3183 1050 et
3232 1010 3436 1061 secum,
3486 1004 3541 1051 et

1965 1087 2109 1141 inter
2159 1101 2237 1150 se,
2290 1086 2598 1140 earumdem
2650 1101 2828 1140 rerum
2875 1096 3148 1142 amatores
3207 1088 3538 1143 devinciunt.

1966 1177 2091 1233 Hazc
2121 1180 2319 1247 quippe
2347 1178 2561 1246 superni
2596 1180 2795 1233 amoris
2844 1178 2926 1232 lex
2973 1187 3078 1233 est.
3125 1178 3385 1248 Equidem
3433 1196 3537 1244 me,

1966 1280 2116 1325 extra
2169 1280 2400 1339 tempus,
2456 1256 2516 1324 et)
2565 1281 2719 1325 extra
2766 1270 3004 1336 modum,
3044 1270 3371 1339 praecipitem
3411 1269 3539 1325 ferri

1967 1363 2169 1429 sentio;
2215 1376 2314 1417 nec
2360 1376 2594 1432 quonam
2639 1362 2797 1415 modo
2856 1362 2906 1415 in
2956 1363 3054 1416 bos
3092 1376 3371 1417 sermones
3409 1362 3544 1417 inci-

1969 1453 2090 1508 dam
2128 1454 2275 1518 scio;
2334 1466 2432 1507 nec
2487 1467 2673 1507 rursus
2719 1467 2950 1521 quonam
2993 1464 3148 1522 pacto
3179 1455 3440 1522 meipsum
3475 1453 3543 1507 ab

1969 1545 2278 1614 huiusmodi
2310 1544 2620 1600 narratione
2654 1545 2948 1612 reprimere
2977 1558 3191 1613 queam.
3223 1544 3349 1599 Mihi
3376 1545 3543 1611 enim,

1971 1633 2023 1687 id
2064 1634 2206 1703 quod
2260 1636 2681 1705 praetermissum
2741 1642 2853 1694 est.
2907 1635 3272 1690 necessarium
3331 1649 3546 1704 semper

284 1716 473 1789 λάμης
505 1717 906 1789 ἑξελκομένων,
956 1716 1310 1789 προσέξονται
1354 1721 1476 1781 ταῖς
1525 1716 1775 1781 κοτύλαις
1813 1717 1870 1770 αἱ

1984 1727 2206 1790 videtur,
2264 1704 2719 1796 praeStantiusque
2773 1741 2837 1780 eo
2904 1725 3045 1794 quod
3119 1726 3265 1794 prius
3319 1726 3544 1794 arripui.

285 1810 511 1883 πέτραι,
546 1810 640 1865 καὶ
673 1810 734 1863 οὑ
764 1811 894 1882 πρὶν
942 1808 1329 1880 ἀφεθήσονται,
1362 1806 1396 1878 ἢ
1438 1809 1569 1880 παρ’
1620 1807 1866 1879 ἀλλήλων

282 1921 344 1957 τι
398 1901 724 1973 προσλαϐεῖν
772 1903 837 1955 ὲκ
865 1902 963 1972 τῆς
1010 1900 1151 1971 βίας.
1196 1902 1259 1954 Εἰ
1310 1900 1407 1971 μὲν
1453 1895 1546 1953 οὖν
1580 1901 1867 1971 συγχωρή-

288 2012 379 2049 σοι
409 1995 521 2063 (82)
555 2011 675 2059 τις,
724 1992 833 2065 ἔχω
872 1995 933 2048 τὸ
978 1992 1342 2065 ζητούμενον’
1399 1993 1447 2043 εί
1490 1991 1546 2045 δὲ
1592 1991 1690 2062 μὴ,
1736 1991 1868 2063 παρ’

285 2087 531 2159 ἐμαυτοῦ
557 2087 818 2158 λήψομαι.

1971 1815 2123 1883 Quod
2159 1818 2203 1872 si
2254 1818 2376 1887 quis
2410 1833 2496 1871 me
2547 1819 2598 1871 vi
2643 1817 2911 1871 abducere
2959 1826 3151 1883 tentet,
3210 1833 3277 1872 ne
3326 1817 3548 1873 ulterius

1971 1907 2307 1976 progrediar,
2339 1908 2478 1961 idem
2517 1907 2667 1971 mihi,
2695 1907 2836 1977 quod
2880 1906 3106 1977 polypis,
3142 1906 3367 1974 accidet,
3404 1922 3542 1976 quo-

1974 2012 2090 2050 rum
2119 1999 2433 2063 acetabnlis,
2464 2013 2584 2053 cum
2613 2015 2644 2053 e
2671 1998 2940 2052 cubilibus
2971 1998 3346 2062 extrahuntur,
3376 2010 3545 2067 petra:

1979 2086 2375 2150 adhaerescunt,
2407 2101 2506 2142 nec
2537 2092 2683 2156 prius
2713 2087 3059 2152 divelluntur,
3091 2103 3250 2157 quam
3283 2101 3349 2142 ex
3382 2088 3470 2141 illa
3498 2089 3550 2143 vi

287 2182 567 2249 quidpiam
607 2181 860 2246 utrinque
890 2177 1218 2247 acceperint.
1251 2174 1483 2230 Proinde
1538 2174 1584 2229 si
1617 2174 1739 2244 quis
1807 2174 1938 2229 mihi
1978 2175 2082 2230 hoc
2122 2177 2472 2241 concesserit,
2521 2178 2695 2233 habeo
2739 2180 2880 2248 quod
2916 2195 3128 2250 quam);
3184 2181 3267 2235 sin
3291 2180 3490 2247 minus,
3520 2195 3553 2236 a

263 2276 506 2339 .nieipso
532 2272 814 2339 accipiam.

366 2363 450 2416 ΚΕ
488 2362 643 2417 Οὕτω
664 2360 729 2433 δὴ
750 2362 819 2415 τὰ
853 2359 990 2431 πρὸς
1020 2358 1280 2431 ἀλλήλους
1303 2359 1541 2430 ἔχοντες,
1570 2358 1666 2412 καὶ
1692 2357 1874 2413 τοιαύ-

285 2471 395 2517 τας
424 2454 827 2524 ὑποστήσαντες
853 2453 1088 2522 εὐτειχεῖ
1113 2451 1222 2522 (85)
1248 2450 1472 2523 θαλάμῳ
1497 2450 1733 2523 χρυσέας
1758 2450 1874 2504 κίο-

287 2561 397 2605 νας
445 2542 576 2613 (84),
626 2542 655 2595 ὄ
707 2559 841 2613 φησι
892 2541 1175 2611 Πίνδαρος,
1223 2539 1396 2604 οὕτως
1450 2540 1644 2611 ᾕειμεν
1691 2541 1768 2603 εἰς
1815 2539 1876 2593 τὸ

292 2634 508 2705 πρόσω,
540 2633 660 2705 Θεῷ
692 2634 786 2687 καὶ
815 2632 964 2704 πόοῳ
995 2633 1277 2704 συνεργοῖς
1309 2630 1604 2703 χρώμενοι.
1636 2631 1732 2684 Ὠῑ
1759 2630 1875 2694 πῶς

290 2727 566 2796 ἀδακρυτὶ
614 2725 713 2798 τὴν
769 2723 976 2778 τούτων
1040 2725 1250 2793 ἐνέγκω
1294 2725 1549 2795 μνήμηνς
1599 2723 1742 2777 "Io-at
1777 2723 1876 2793 μὲν

291 2817 517 2880 ἐλπίδες
537 2811 672 2888 ἦγον
701 2818 869 2887 ἡμᾶς,
913 2816 1241 2888 πράγματος
1269 2815 1732 2886 ἐπιφθονωτάτου,
1766 2813 1874 2866 τῶν

289 2906 510 2974 λόγων·
564 2904 754 2974 φθόνος
809 2906 867 2960 δὲ
916 2907 1065 2976 ἀπῆν
1097 2944 1113 2973 ,
1177 2906 1338 2977 ζῆλος
1385 2905 1443 2958 δὲ
1490 2903 1870 2969 ἐσπουδάζετο.

2043 2355 2165 2412 XX.
2215 2356 2348 2413 Cum
2404 2356 2568 2428 igitur
2609 2356 2714 2412 hoc
2756 2357 2898 2413 inter
2943 2374 3041 2414 nos
3080 2374 3260 2415 ammo
3304 2376 3549 2418 essemus

1980 2452 2219 2519 talesque
2246 2449 2422 2505 valido
2468 2450 2721 2509 thalamo.
2761 2460 2818 2504 ut
2848 2461 2931 2505 est
2968 2454 3107 2521 apud
3154 2452 3444 2508 Pindarum
3475 2454 3547 2518 ”,

1975 2555 2168 2597 aureas
2194 2541 2471 2596 columnas
2519 2541 2957 2609 subjecissemus,
3012 2543 3083 2598 ita
3124 2544 3338 2598 demum
3387 2560 3552 2613 porro

1975 2633 2468 2704 progrediebamur,
2551 2633 2660 2688 Deo
2741 2643 2796 2690 et
2880 2635 3144 2690 desiderio
3218 2635 3552 2704 adjutoribus

1982 2734 2213 2780 utentes.
2270 2723 2430 2779 Heu!-
2472 2724 2748 2792 Quomodo
2775 2726 2964 2780 harum
3004 2740 3182 2781 rerum
3225 2729 3550 2782 mentionem

1983 2815 2148 2886 786
2176 2815 2292 2870 sine
2316 2814 2570 2886 lacrymis
2601 2814 2832 2871 faciam?
2862 2817 2965 2871 Par
2989 2831 3111 2886 spes
3136 2819 3422 2883 doctrinae,
3449 2820 3555 2875 hoc

1980 2914 2085 2970 est,
2141 2906 2219 2959 rei
2259 2906 2497 2960 omnium
2549 2906 3015 2974 invidiosissime,
3058 2923 3154 2963 nos
3194 2910 3454 2978 ducebat;
3500 2919 3556 2965 et

306 2995 489 3065 Ἀγὼν
519 2997 575 3050 δὲ
608 2997 961 3069 ἀμφοτέροις,
1012 2996 1109 3067 οὐχ
1137 2996 1286 3060 ὅστις
1324 2995 1487 3059 αὐτὸς
1519 2995 1580 3048 τὺ
1611 2996 1876 3065 πρωτεῖον

1984 3003 2160 3049 tamen
2203 2982 2389 3051 aberat
2440 2995 2662 3060 invidia,
2710 2997 2981 3052 aemulatio
3037 3008 3215 3054 autem
3270 2999 3324 3052 in
3381 3000 3554 3069 pretio

295 3088 416 3161 ἔχοι
431 3087 564 3159 (85),
586 3088 703 3141 ἀλλ’
732 3090 879 3151 ὅπως
897 3088 976 3159 τῷ
1005 3088 1175 3160 ἑτέρῳ
1189 3086 1376 3140 τούτου
1402 3087 1704 3159 παραχωρή
1714 3101 1875 3141 σειεν’

293 3183 364 3235 τὸ
418 3182 526 3252 γὰρ
558 3181 805 3251 ἀλλήλων
859 3181 1147 3251 εὐδόκιμον
1203 3179 1335 3233 ἴδιον
1379 3177 1728 3250 ἐποιούμεθα.
1763 3176 1880 3231 Μία

299 3276 407 3346 μὲν
437 3273 766 3344 ἀμφοτέροις
797 3273 970 3327 ἐδόκει
1007 3271 1176 3344 ψυχὴ,
1215 3271 1308 3325 δύο
1344 3270 1573 3343 σώματα
1619 3271 1876 3342 φέρουσα.

295 3356 419 3422 Καὶ
448 3368 495 3419 εί
535 3366 596 3419 τὸ
627 3365 808 3419 πάντα
841 3367 898 3419 ὲν
931 3367 1067 3420 πᾶσι
1105 3365 1339 3430 κεῖσθαι,
1373 3364 1449 3436 μὴ
1480 3364 1728 3418 πειστέον
1768 3360 1879 3433 (86)

294 3461 419 3522 τοῖς
450 3457 695 3526 λέγουσιν
718 3473 732 3487 ·
785 3457 903 3512 ἀλλ’
931 3458 1064 3528 ἡμῖν
1115 3473 1179 3526 γε
1210 3456 1459 3511 πειστέον
1507 3455 1639 3525 (87),
1696 3455 1771 3518 ὡς
1821 3454 1880 3509 ὲν

300 3550 581 3621 ἀλλήλοις,
614 3550 707 3604 καὶ
729 3549 858 3621 παρ’
889 3548 1139 3621 ἀλλήλοις
1168 3547 1447 3619 ἐκείμεθα.
1477 3546 1573 3599 ’Ἑν
1609 3546 1653 3599 δ’
1700 3547 1880 3615 ἀμφο-

298 3641 487 3713 τέροις
508 3640 689 3713 ἔργον,
719 3641 752 3711 ἡ
777 3641 967 3712 ἀρετὴ,
997 3639 1092 3692 καὶ
1131 3638 1190 3692 τὸ
1217 3639 1315 3710 ζῇν
1343 3638 1478 3709 πρὸς
1518 3637 1619 3701 τὰς
1652 3635 1881 3708 μελλού-

303 3751 411 3796 σας
442 3733 681 3799 ὲλπίδας,
720 3733 848 3804 πρὶν
887 3730 1097 3785 ἐνθένδε
1146 3731 1435 3793 ἀπελθεῖν,
1490 3729 1698 3783 ἐνθένδε
1750 3727 1881 3799 μεθ-

305 3822 643 3891 ισταμένοις.
685 3823 828 3894 Πρὸς
854 3821 882 3875 ὃ
924 3820 1229 3892 βλέποντες,
1263 3822 1357 3875 καὶ
1389 3820 1502 3890 βίον
1542 3819 1637 3873 καὶ
1685 3818 1884 3889 πρᾶξιν

304 3915 528 3969 ἃπασαν
570 3912 989 3984 ἀπηυθύνομεν,
1024 3912 1176 3984 παρά
1219 3929 1280 3966 τε
1325 3912 1425 3983 τῆς
1456 3909 1675 3981 ἐντολῆς
1713 3907 1885 3972 οὕτως

303 4007 592 4074 ἀγόμενοι,
611 4005 705 4059 καὶ
726 4005 972 4076 ἀλλήλοις
988 4004 1085 4076 τὴν
1103 4004 1301 4077 ἀρετὴν
1321 4001 1755 4074 παραθήγοντες·
1770 4001 1883 4066 καὶ,

306 4099 357 4149 εἰ
393 4096 467 4166 μὴ
494 4093 635 4166 μέγα
661 4097 784 4166 ἐμοὶ
802 4095 959 4149 τοῦτο
980 4097 1174 4157 εἰπεῖν,
1208 4094 1432 4156 κανόνες
1462 4092 1613 4155 ὄντες
1637 4090 1886 4162 ἀλλήλοις

306 4187 411 4241 καὶ
443 4186 700 4257 στάθμαι,
737 4181 819 4249 οἷς
863 4186 924 4240 τὸ
956 4185 1112 4248 εὑθὲς
1155 4183 1288 4255 (88),
1335 4183 1431 4236 καὶ
1479 4182 1575 4254 μὴ,
1609 4181 1884 4252 διακρίνε-

306 4296 423 4332 ται.
463 4276 724 4348 Ἐταίρων
764 4295 824 4330 τε
863 4277 971 4349 γὰρ
1003 4276 1335 4347 ὼμιλοῦμεν,
1383 4274 1442 4327 οὐ
1501 4276 1613 4337 τοῖς
1658 4273 1884 4342 ἀσελγεο

311 4370 555 4433 στάτοις,
580 4369 716 4423 ἀλλὰ
736 4371 847 4432 τοῖς
876 4369 1341 4441 σωφρονεστάτοις
1366 4384 1379 4397 ο
1411 4365 1534 4419 οὐδὲ
1566 4367 1681 4428 τοῖς
1725 4383 1887 4436 μαχι-

316 4461 610 4532 μωτάτοις,
652 4459 791 4513 ἀλλὰ
829 4462 939 4523 τοῖς
976 4457 1440 4531 είρηνικωτάτοις,
1473 4456 1567 4508 κα)¹
1598 4450 1680 4519 οἷς
1710 4457 1889 4509 συνεῖ-

312 4570 404 4607 ναι
432 4550 873 4604 λυσιτελέστατον
895 4566 910 4580 ο
952 4550 1173 4613 εἰδότες,
1206 4551 1288 4604 ὅτι
1331 4546 1531 4610 κακίας
1560 4548 1689 4618 ῥᾷον
1731 4564 1892 4618 μετα-

388 4691 435 4724 ⁹³
465 4690 624 4744 Pind.
667 4687 899 4760 Olymp.,
933 4687 1021 4741 od.
1059 4701 1132 4751 vr,
1176 4698 1316 4737 vers.
1356 4683 1407 4736 1.

387 4822 504 4891 (78)
539 4822 1006 4888 Δαπανηθείσης.
1040 4818 1174 4891 Reg.
1210 4833 1260 4891 c__,
1293 4813 1709 4885 δαπανωμένης.

388 4888 506 4961 (79)
541 4893 901 4961 Ὑρία-σταται.
935 4891 1071 4961 Reg.
1106 4889 1198 4956 ph,
1229 4888 1463 4961 ἵσταται.

390 4953 506 5030 (80)
545 4953 655 5016 Κὶιὶ
690 4960 814 5027 ὅσῳ
849 4953 1058 5023 πλέονῖ,
1101 4953 1208 5030 etc.
1261 4975 1288 5030 ιΔ
1319 4956 1531 5021 Quanto
1571 4953 1742 5030 inagis
1774 4953 1890 5030 pul-

315 5024 572 5088 chritudo
603 5032 767 5086 menti
784 5024 1062 5098 'objicitur.
1100 5046 1119 5079 ι
1152 5026 1416 5083 Nimirum
1448 5042 1466 5074 ι
1498 5024 1677 5078 anima
1706 5033 1761 5078 et
1789 5024 1894 5077 vir-

319 5115 430 5163 tus,
467 5122 485 5153 ι
526 5113 577 5153 ut
607 5101 824 5167 exponit
853 5101 1085 5167 Nicetas.

390 5161 505 5241 (8I)
548 5161 736 5236 Οὗτός
771 5170 877 5223 τοῦ
909 5166 1069 5241 ὑπὲρ
1106 5164 1513 5241 ἠμξὶςμὲρωτος
1552 5163 1755 5241 τόμος,
1797 5161 1892 5241 Ni:

319 5231 455 5303 cct‘.,
488 5231 548 5295 ³0
585 5241 678 5293 τοῦ
701 5231 1079 5313 *πνευματικοῦ
1120 5231 1218 5291 καὶ
1243 5231 1527 5313 θήμετέρου
1562 5232 1761 5313 ἔρωτος
1807 5231 1895 5313 γό-

322 5302 447 5380 μος,
487 5331 505 5362 ι
546 5310 747 5363 amoris
777 5302 1072 5380 spiritualis
1102 5317 1157 5361 et
1197 5302 1364 5361 nostri
1388 5302 1494 5371 lex,
1531 5322 1551 5354 ι
1587 5302 1739 5371 quasi
1770 5302 1891 5370 phi-

318 5377 583 5449 Iosopbici
610 5390 662 5433 et
697 5377 1015 5449 Christiani:

401 5443 516 5522 (82)
549 5447 955 5522 Συγχωρῑὶσιζις
990 5447 1120 5522 [Ecs-
1155 5445 1247 5516 ph,
1285 5443 1646 5522 συγχωρήσει·
1734 5511 1748 5522 _
1820 5511 1831 5522 ,

394 5511 508 5591 (85)
540 5511 840 5591 ᾼΕὺὶὲὲιὶξεῖ.
890 5517 981 5591 εἰς
1013 5511 1180 5591 Ιὶιξεςῖ
1209 5532 1264 5591 _a,
1308 5511 1455 5591 eid,
1491 5511 1599 5591 b_tn_,
1636 5511 1890 5591 undecim

319 5581 500 5654 Coib,
538 5581 782 5655 Pindari,
817 5598 923 5644 etc.
951 5588 1009 5641 In
1035 5581 1415 5656 οαῖζεὺτυχεί,
1452 5602 1469 5636 ι
1509 5582 1681 5650 felici,
1725 5581 1894 5637 fortu‘

322 5675 473 5720 nato.
521 5680 541 5714 ι

561 5749 834 5816 Puncta
870 5752 985 5815 Gr.
1028 5745 1325 5811 XXXVI.

1983 3084 2300 3140 habebatur.
2329 3086 2444 3142 Hoc
2481 3088 2696 3157 utrique
2726 3097 3026 3156 certamen,
3060 3104 3167 3144 non
3199 3099 3319 3144 uter
3346 3091 3555 3160 primas

1982 3174 2169 3241 ferret,
2201 3178 2292 3231 sed
2318 3186 2438 3231 uter
2468 3176 2623 3231 alteri
2651 3192 2745 3233 eas
2777 3180 3132 3242 concederet;
3166 3189 3390 3249 uterque
3411 3180 3557 3235 enim

1984 3268 2212 3322 alterius
2243 3267 2468 3338 gloriam
2499 3282 2599 3338 pro
2631 3282 2728 3322 sua
2753 3270 3001 3326 ducebat.
3045 3269 3157 3325 Una
3189 3271 3401 3340 utrique
3427 3272 3549 3327 ani-

1983 3374 2069 3414 ma
2097 3359 2401 3425 videbatur,
2432 3361 2538 3415 duo
2563 3374 2791 3431 corpora
2825 3361 3026 3418 ferens.
3050 3362 3204 3430 Quod
3243 3365 3287 3418 si
3316 3364 3448 3420 ﬁdes
3487 3364 3554 3420 iis

1982 3451 2205 3507 minime
2229 3451 2471 3507 habenda
2488 3463 2592 3520 est,
2618 3454 2709 3523 qui
2737 3454 2916 3508 omnia
2946 3455 2998 3509 in
3028 3456 3280 3510 omnibus
3303 3456 3405 3510 sita
3433 3470 3549 3514 esse

1984 3541 2203 3607 dicunt;
2235 3551 2290 3594 at
2317 3541 2474 3596 nobis
2505 3551 2653 3595 certe
2684 3542 3015 3597 credendum
3039 3554 3142 3606 est,
3162 3547 3302 3613 quod
3333 3556 3557 3615 uterque

1985 3630 2039 3684 in
2069 3629 2240 3686 altero
2264 3641 2321 3684 et
2360 3634 2498 3699 apud
2527 3632 2755 3686 alterum
2795 3633 2884 3687 siti
2914 3649 3150 3690 eramus.
3204 3635 3375 3691 Unum
3421 3638 3559 3691 utri-

1985 3736 2091 3790 que
2111 3735 2252 3788 opus
2280 3732 2334 3775 et
2368 3722 2629 3788 studium,
2656 3723 2828 3777 virtus
2858 3733 2996 3789 erat,
3025 3732 3079 3779 et
3098 3724 3165 3779 ad
3197 3723 3406 3781 futuras
3438 3742 3562 3795 spes

1985 3814 2188 3879 vivere,
2239 3828 2446 3883 nosque
2488 3814 2561 3867 ita
2597 3828 2933 3883 comparare,
2980 3823 3058 3881 ut,
3095 3827 3225 3874 ante
3265 3815 3559 3872 discessum

1986 3918 2055 3957 ex
2084 3903 2186 3958 bac
2218 3904 2350 3969 vita,
2393 3904 2518 3959 hinc
2544 3905 2923 3976 migraremus.
2957 3905 3111 3974 Quod
3139 3906 3353 3977 quidem
3403 3909 3559 3962 nobis

1986 3994 2054 4049 ob
2075 3994 2260 4050 oculos
2275 4009 2558 4065 ponentes,
2575 3998 2743 4051 vitam
2764 3999 3112 4069 actionesque
3134 4012 3322 4053 omnes
3343 4008 3558 4052 nostras

1988 4082 2366 4151 dirigebamus,
2412 4093 2522 4138 tum
2571 4086 2736 4140 divini
2775 4088 3024 4156 praecepti
3065 4087 3283 4142 ductum
3330 4101 3562 4156 sequen-

1991 4184 2094 4237 tes,
2126 4185 2233 4228 tum
2294 4175 2429 4230 alter
2474 4177 2629 4233 alteri
2671 4179 2888 4235 virtutis
2923 4179 3159 4233 studium
3194 4191 3557 4246 exacuentes;

1991 4279 2181 4336 atque,
2204 4273 2306 4329 ιιιεὶ
2360 4271 2460 4325 hoc
2492 4272 2835 4342 arrogantius
2872 4270 3052 4325 dicere
3089 4269 3297 4335 videar,
3333 4279 3561 4349 uterque

1994 4365 2144 4420 alteri
2196 4380 2382 4419 norma
2436 4377 2490 4418 et
2550 4364 2780 4418 amussis
2834 4378 3074 4429 eramus,
3122 4377 3226 4433 qua
3280 4373 3484 4419 rectum
3529 4378 3562 4417 a

1994 4470 2164 4525 pravo
2192 4456 2536 4509 discernitur.
2565 4454 2679 4509 Non
2710 4455 2853 4509 enim
2883 4468 3002 4507 cum
3031 4453 3293 4509 sodalium
3341 4465 3563 4509 nostro--

1996 4562 2117 4601 rum
2174 4547 2618 4617 petulantissimis
2669 4554 2724 4602 et
2777 4545 3235 4615 impudicissimis,
3287 4547 3381 4601 sed
3438 4561 3563 4601 cum

2067 4810 2179 4882 (84)
2202 4810 2475 4882 Χρυσέας
2495 4810 2720 4882 κίονας.
2752 4810 2843 4882 Sic
2864 4809 3169 4882 tres‘llegg.
3198 4818 3254 4863 et
3278 4819 3392 4882 tres
3409 4807 3560 4882 Colh.

1996 4883 2058 4954 In
2075 4877 2192 4946 edi,
2241 4877 2486 4954 χρυσέως
2521 4881 2727 4954 κίονας.
2771 4879 2940 4954 Juxta
2971 4877 3297 4954 Pindarum,
3332 4877 3561 4954 _Olg_mpr

1996 4953 2085 5007 od.
2110 4967 2186 5018 vt,
2218 4949 2455 5005 (aurea:
2479 4951 2757 5014 columnae
2781 4950 3026 5019 praeclari
3047 4949 3307 5018 cujusque
3332 4949 3561 5001 instituti

1998 5024 2149 5077 initia
2177 5031 2318 5076 sunt.
2352 5039 2370 5071 ι

2070 5092 2183 5162 (85)
2217 5093 2406 5162 Ἔχοι.
2442 5088 2499 5142 In
2533 5089 2874 5162 quibusdam,
2902 5087 3035 5162 εχει.

2068 5154 2179 5231 (86)
2218 5154 2640 5229 Μνῆπειστέον.
2673 5158 2808 5228 Reg.
2839 5154 2963 5221 but,
2984 5158 3058 5228 μὴ
3094 5162 3330 5231 πιστέον.
3367 5154 3569 5231 Grego-

2000 5227 2116 5284 rius
2145 5227 2232 5283 bic
2264 5227 2438 5297 carpit
2463 5227 2871 5298 Anaxagoram,
2908 5227 2998 5298 qui
3030 5227 3054 5278 r
3080 5229 3259 5280 omnia
3291 5229 3343 5279 in
3386 5227 3565 5278 onm—

1997 5301 2097 5354 bus
2121 5314 2240 5354 esse
2272 5320 2289 5350 ι
2319 5296 2533 5364 decuit;
2563 5301 2644 5351 cui
2663 5296 2798 5352 licet
2824 5299 2953 5351 ﬁdes
2985 5296 3234 5350 habenda
3264 5311 3369 5350 non
3402 5305 3566 5364 esset,

1999 5371 2100 5424 sibi
2140 5382 2316 5423 tamen
2352 5363 2644 5437 Gregoi-ius
2672 5367 2786 5420 vult
2820 5367 3026 5437 haberi,
3070 5382 3189 5419 cum
3230 5381 3289 5420 se
3326 5367 3378 5419 in
3418 5363 3567 5417 Basis

2003 5439 2101 5501 lio,
2130 5450 2183 5493 et
2223 5435 2482 5493 Basiliuni
2515 5441 2566 5492 in
2604 5452 2661 5491 se
2687 5451 2828 5499 esse,
2861 5435 3161 5503 proﬁtetur.

2074 5510 2184 5578 (87)
2215 5507 2519 5578 Πειστέον.
2554 5509 2684 5576 Reg.
2721 5507 2807 5578 bin
2835 5516 2904 5578 _et
2936 5504 3152 5572 Comb.,
3187 5504 3429 5562 πιστέον.

2075 5573 2185 5650 (88)
2213 5577 2423 5644 Εὐθές.
2456 5579 2618 5634 Coisl.
2638 5573 2691 5647 ἰ,
2722 5573 2872 5631 εὐθύ.

3182 5728 3257 5791 17
