3902 6218
415 262 519 322 Ξῖτῖ
1611 259 1670 317 S.
1711 260 2041 318 GREGORII
2081 262 2432 320 THEOLOGI
3582 262 3704 320 524i»

412 385 735 442 castissimis
786 384 1225 442 consuetudinem
1285 383 1661 446 habebamus;
1709 399 1814 439 nec
1868 401 1964 439 cun

2098 385 2303 450 λαϐεῖν,
2339 387 2371 457 ἢ
2400 386 2602 457 ἀρετῆς
2633 382 2993 457 μεταδοῦναν
3036 383 3159 439 ἐπεὶ
3196 385 3294 439 καὶ
3330 385 3488 440 νόσου
3525 401 3705 457 μετα-

412 479 845 549 pugnacissimis,
891 479 985 532 sed
1037 492 1158 530 cum
1199 475 1581 544 pacatissimis,
1622 476 1812 545 iisque,
1857 492 1964 544 quo

2102 482 2251 549 σχεῖν
2284 479 2503 549 μᾶλλον,
2538 478 2571 549 ἢ
2629 480 2845 547 ὑγίειαν
2880 478 2989 551 (89)
3021 478 3373 551 χαρίσασθαι.
3412 477 3700 550 Μαθημά-

412 585 532 625 rum
580 571 913 625 consuetudo
963 569 1227 623 maximos
1270 567 1479 622 fructus
1513 567 1809 634 afferebat;
1863 570 1964 622 illm

2099 586 2207 623 των
2255 570 2312 624 δὲ
2354 572 2415 624 οὐ
2459 573 2573 635 τοῖς
2618 570 2858 641 ἡδίστοις
2907 570 3105 635 πλέον,
3154 572 3188 641 ἢ
3223 573 3338 634 τοῖς
3378 570 3702 633 καλλίστοις

411 663 666 717 nimirum
711 662 1047 732 exploratum
1085 662 1366 724 habentes,
1411 658 1620 715 facilius
1649 674 1769 715 esse
1802 661 1964 714 vitinn

2100 661 2425 733 ὲχαίρομεψ
2469 662 2659 735 ἐπειδὴ
2703 660 2999 716 κάντεῦθεν
3032 660 3202 723 ἔστιν,
3245 661 3278 733 ἢ
3319 661 3458 733 πρὸς
3487 660 3701 733 ἀρετὴν

411 755 757 817 contrahere,
791 767 951 822 quam
986 753 1233 805 virtutem
1288 751 1551 821 impertiri
1581 769 1599 810 ;
1643 753 1964 821 quemadmo

2099 752 2402 807 τυποῦσθαι
2434 754 2561 818 τοὺς
2589 753 2764 820 νέους,
2789 754 2824 825 ἢ
2865 754 3004 825 πρὸς
3032 753 3255 809 κακίαν.

410 850 537 903 dum
570 850 731 904 etiam
769 848 977 903 facilius
1010 861 1131 901 esse
1160 847 1348 900 morbo
1380 847 1556 902 alieno
1604 848 1770 915 inﬁci,
1822 864 1980 918 quam
2016 850 2306 904 sanitatem
2357 850 2563 920 largiri.
2598 850 2909 920 Disciplinis
2969 864 3150 919 porro,
3201 863 3306 902 non
3349 857 3457 901 tam
3488 846 3696 915 jucun-

410 944 842 1012 dissimis,quam
868 943 1087 1013 optimis
1108 944 1543 1013 oblectabamur;
1567 962 1691 1001 nam
1720 948 1845 1002 hinc
1862 962 2095 1017 quoque,
2122 947 2206 1002 vel
2232 949 2299 1002 ad
2327 948 2604 1012 virtutem,
2622 948 2703 1003 vel
2727 949 2794 1002 ad
2821 947 3031 1011 vitium,
3043 945 3272 1017 juvenes
3299 944 3687 999 informantur.

481 1033 619 1087 XXI.
667 1034 793 1090 Duae
846 1036 1004 1090 nobis
1045 1035 1148 1090 via:
1187 1044 1324 1091 notae
1363 1044 1562 1091 erant:
1596 1037 1767 1092 altera
1811 1039 1989 1107 prima

406 1137 461 1178 et
493 1126 874 1195 praastantior;
916 1126 1150 1181 secunda
1173 1126 1362 1192 altera,
1391 1137 1446 1182 et
1471 1127 1744 1182 inferioris
1782 1129 1935 1198 pretii
1969 1147 1983 1182 :

405 1219 494 1273 illa
521 1220 737 1288 quidem
773 1220 839 1274 ad
872 1234 1056 1275 sacras
1081 1220 1222 1274 aedes
1260 1230 1495 1284 nostras,
1529 1229 1584 1274 et
1623 1221 1689 1274 ad
1717 1220 1985 1285 doctores,

404 1311 495 1380 qui
541 1311 650 1365 illic
695 1318 874 1376 erant,
918 1309 1156 1377 ferebat;
1210 1311 1324 1365 hazc
1372 1321 1551 1366 autem
1611 1313 1679 1366 ad
1732 1320 1987 1367 externos

403 1411 779 1473 prmccptores.
812 1401 1049 1458 Caeteras
1081 1417 1292 1469 omnes,
1336 1417 1455 1471 qua:
1479 1403 1545 1456 ad
1581 1402 1739 1469 festa,
1773 1413 1985 1473 specta-

403 1496 540 1561 cula,
569 1496 812 1550 celebres
840 1504 1155 1561 conventus,
1194 1497 1400 1566 epulas,
1427 1495 1714 1562 ducebant,
1741 1511 1896 1567 aequo
1920 1512 1984 1552 ac

2159 1039 2291 1092 KA'.
2327 1037 2432 1091 Δύο
2462 1040 2559 1109 μὲν
2581 1038 2939 1110 ὲγνωρίξοντο
2973 1040 3108 1110 ἡμῖν
3144 1037 3284 1092 ὁδοί·
3328 1038 3361 1107 ἡ
3395 1036 3496 1108 μὲν
3523 1036 3690 1109 πρώ-

2087 1148 2155 1197 τη
2176 1131 2270 1184 καὶ
2299 1132 2681 1204 τιμιωτέρα,ή
2717 1132 2775 1186 δὲ
2811 1131 3041 1204 δευτέρα
3082 1132 3179 1185 καὶ
3206 1132 3266 1184 οὺ
3297 1130 3390 1184 τοῦ
3442 1130 3558 1183 ῐσου
3594 1128 3690 1183 λό-

2086 1240 2184 1291 γου
2205 1241 2217 1253 ο
2246 1224 2374 1294 ἥητε
2409 1224 2549 1295 πρὸς
2584 1225 2712 1289 τοὺς
2748 1223 2927 1296 ἱεροὺς
2976 1222 3135 1295 ἡμῶν
3168 1222 3371 1289 οἴκους,
3407 1222 3504 1275 καὶ
3547 1222 3683 1287 τοὺς

2086 1310 2265 1361 ἐκεῖσε
2298 1310 2652 1374 διδασκάλους
2691 1311 2954 1384 φέρουσα,
2986 1311 3083 1365 καὶ
3117 1311 3151 1382 ἡ
3192 1311 3329 1383 πρὸς
3362 1313 3492 1376 τοὺς
3540 1310 3687 1377 ἔξω·

2091 1400 2181 1453 θεν
2211 1401 2523 1465 παιδευτάς.
2556 1402 2669 1467 Τὰς
2698 1402 2865 1466 ἄλλας
2896 1402 2954 1457 δὲ
2986 1406 3100 1466 τοῖς
3147 1403 3492 1475 βουλομένοις
3537 1421 3688 1476 παρ-

2099 1492 2333 1564 ὴκαμεν,
2369 1495 2581 1567 ἑορτὰς,
2604 1494 2827 1568 θέατρα,
2860 1495 3221 1567 πανηγύρεις,
3250 1498 3551 1567 συμπόσια.
3574 1498 3687 1551 Οὖ-

402 1587 588 1643 libenti
622 1589 802 1643 animo
845 1590 966 1653 aliis
1006 1590 1417 1660 reliqueramus.
1457 1589 1600 1644 Nihil
1645 1590 1816 1654 enim,
1864 1605 1964 1643 me:

2091 1586 2180 1639 δὲν
2212 1586 2342 1658 γὰρ,
2389 1587 2562 1658 οἶμαι,
2599 1588 2800 1659 τίμιον,
2856 1588 2885 1641 ὃ
2933 1588 3009 1659 μὴ
3053 1587 3190 1659 πρὸς
3240 1588 3442 1659 ἀρετὴν
3493 1589 3682 1659 φέρει,

402 1682 618 1750 quidem
650 1682 947 1746 sententia,
991 1658 1172 1751 magni
1212 1682 1516 1738 faciendum
1572 1692 1687 1746 est,
1733 1685 1875 1754 quod
1915 1700 1961 1738 at

2087 1677 2223 1747 μηδὲ
2255 1681 2397 1731 ποιεῖ
2428 1658 2671 1749 βελτίους
2701 1681 2828 1745 τοὺς
2872 1658 3005 1752 περι
3025 1658 3158 1733 αὐτὸ
3200 1658 3313 1753 (90)
3347 1658 3685 1746 σπουδάζον-

402 1786 549 1830 recte
598 1776 935 1846 honesteque
986 1775 1271 1830 vivendum
1324 1776 1456 1830 nihil
1512 1774 1689 1841 aﬁ‘ert,
1748 1792 1847 1833 nec
1898 1777 1980 1831 sui

401 1868 674 1922 studiosos
711 1868 957 1922 meliores
999 1867 1194 1921 reddit.
1232 1866 1351 1921 Jam
1380 1882 1501 1921 cum
1546 1866 1665 1922 aliis
1700 1867 1803 1922 alia
1835 1884 1982 1938 qua:-

401 1960 525 2014 dam
558 1968 914 2029 cognomenta
940 1959 1073 2023 sint,
1100 1957 1182 2011 vel
1221 1972 1250 2011 a
1282 1958 1595 2026 parentibus
1620 1967 1861 2027 accepta,
1892 1960 1978 2015 vel

398 2065 464 2103 ex
489 2050 702 2119 seipsis,
735 2050 833 2104 hoc
856 2057 958 2114 est,
1007 2062 1072 2103 ex
1109 2047 1342 2117 propriis
1380 2048 1503 2102 vita).
1545 2048 1739 2102 studiis
1766 2048 1980 2103 institu-

398 2145 577 2212 tisque
627 2155 936 2213 comparata
970 2163 982 2197 :
1013 2142 1168 2196 nobis
1220 2150 1452 2207 contra,
1523 2158 1714 2211 magna
1783 2159 1872 2198 res
1921 2150 1976 2197 et

397 2250 652 2306 maguum
693 2251 889 2289 nomen
924 2243 1061 2298 erat,
1090 2233 1427 2288 Christianos
1466 2242 1521 2289 et
1552 2249 1692 2297 esse,
1722 2244 1777 2290 et.
1810 2237 1976 2289 nomi-

397 2328 555 2392 nari;
594 2336 757 2395 atque
793 2342 856 2381 ea
879 2342 938 2381 re
964 2323 1135 2394 magis
1172 2324 1551 2393 ell'erebamur,
1588 2341 1751 2397 quam
1800 2326 1975 2398 Gyges

394 2418 531 2488 palm
559 2421 740 2474 annuli
769 2420 1143 2485 conversione,
1195 2421 1240 2475 si
1269 2421 1483 2489 quidem
1521 2420 1624 2472 hoc
1666 2419 1971 2474 fabulosum

397 2528 500 2566 non
542 2521 707 2579 esset,
750 2528 845 2581 per
871 2528 1031 2582 quam
1087 2511 1376 2585 Lydiorum
1430 2513 1769 2584 tyrannidem
1806 2514 1970 2584 787

391 2605 719 2673 occupavit:
754 2613 846 2658 aut
890 2604 1063 2659 Midas
1108 2620 1272 2669 auro,
1329 2606 1471 2675 quod
1536 2604 1638 2671 ipsi
1691 2605 1968 2659 interitum

396 2695 701 2762 accersivit,
733 2710 852 2750 eum
879 2695 988 2750 voti
1024 2696 1105 2750 sui
1131 2710 1351 2764 compos
1382 2694 1579 2758 factus,
1615 2695 1743 2749 nihil
1776 2705 1970 2764 praeter

391 2800 582 2839 aurum
609 2785 935 2853 possideret;
986 2799 1106 2855 qua:
1145 2794 1199 2839 et
1235 2784 1345 2852 ipsa
1380 2784 1612 2856 Phrygia
1651 2794 1733 2839 est
1765 2785 1964 2842 rabula.

391 2875 526 2931 Nam
568 2876 694 2946 quid
723 2874 1053 2947 Hyperborei
1099 2875 1350 2929 Abaridis
1384 2880 1659 2943 sagittam,
1692 2885 1779 2930 aut
1814 2876 1966 2945 Argi-

2081 1784 2197 1830 τας.
2238 1768 2450 1833 Ἀλλοις
2475 1771 2575 1840 μὲν
2607 1765 2700 1824 οὖν
2735 1770 2891 1826 ἄλλαι
2922 1772 3286 1844 προσηγορίαι
3329 1773 3477 1836 τινές
3511 1775 3679 1838 εἰσιν,

2081 1856 2115 1927 ἢ
2166 1858 2457 1930 πατρόθεν,
2503 1860 2536 1932 ἢ
2582 1861 2815 1926 οἴκοθεν,
2852 1865 2917 1918 ἐκ
2958 1864 3065 1917 τῶν
3116 1865 3263 1919 ἰδίων
3298 1864 3679 1936 ἐπιτηδευμά-

2080 1965 2208 2013 των,
2235 1944 2267 2020 ἢ
2303 1950 2555 2022 πράξεων
2589 1951 2698 2024 (91)
2723 1970 2737 1984 ·
2774 1955 2906 2025 ἡμῖν
2935 1954 2993 2007 δὲ
3018 1955 3079 2008 τὸ
3116 1956 3258 2027 μέγα
3290 1959 3527 2027 πρᾶγμα
3574 1955 3682 2011 καὶ

2081 2042 2275 2114 ὄνομα,
2300 2045 2664 2115 Χριστιανοὺς
2691 2045 2803 2116 (92)
2835 2047 2932 2102 καὶ
2962 2042 3126 2111 εἶναι,
3155 2049 3250 2102 καὶ
3280 2048 3677 2119 ὀνομάζεσθαι⁸

2076 2126 2122 2201 ᾦ
2154 2136 2317 2189 πλέον
2355 2136 2712 2209 ὲφρονοῦμεν,
2758 2138 2791 2209 ἢ
2833 2140 2899 2209 τῇ
2947 2143 3151 2212 στροφῇ
3183 2141 3283 2211 τῆς
3316 2140 3613 2212 σφενδόνης
3645 2141 3679 2195 ὁ

2078 2226 2262 2298 Γύγης
2291 2227 2425 2299 (95),
2458 2229 2618 2300 εἰπερ
2663 2228 2739 2300 μὴ
2792 2229 2961 2301 μῦθος
3004 2227 3094 2302 ἦν,
3125 2230 3185 2296 eg
3228 2226 3293 2304 ἦς
3327 2231 3514 2286 Λυδῶν
3542 2235 3676 2285 ὲτυ-

2078 2317 2346 2390 ράννησεν
2367 2336 2381 2349 ·
2413 2318 2446 2390 ἦ
2483 2318 2559 2391 τῷ
2584 2319 2770 2393 χρυσῷ
2811 2338 2942 2374 ποτε
2993 2320 3167 2386 Μίδας
3200 2323 3333 2395 (94),
3364 2324 3430 2377 δι’
3464 2324 3525 2377 ὃν
3555 2323 3674 2395 (95)

2075 2414 2327 2468 ἀπώλετο
2363 2414 2636 2487 ἐπιτυχὼν
2683 2419 2780 2489 τῆς
2836 2417 3019 2488 εὓχῆς,
3086 2420 3182 2474 καὶ
3236 2422 3414 2475 πάντα
3463 2420 3674 2492 χρυσὸν

2075 2508 2452 2579 κτησάμενος*
2515 2509 2673 2573 ἄλλος
2703 2504 2856 2574 οὗτος
2905 2512 3141 2583 Φρύγιος
3193 2512 3380 2584 μῦθος.
3417 2514 3523 2567 Τὸν
3556 2512 3673 2585 γὰρ

2087 2600 2370 2671 Ἀϐἀριδος
2408 2600 2589 2655 όῖστὺν
2624 2599 2736 2673 (96)
2775 2600 2827 2655 τί
2868 2601 2935 2655 ἂν
2978 2602 3193 2674 λέγοιμι
3233 2604 3329 2657 τοῦ
3392 2604 3670 2675 Ὑπερϐο-

2076 2690 2220 2762 ρέου,
2246 2690 2279 2762 ἦ
2305 2692 2395 2745 τὸν
2434 2692 2681 2764 Ἀργεῖον
2716 2693 2976 2762 Πήγασον
3014 2694 3149 2762 (97),
3190 2688 3272 2759 οἷς
3302 2695 3364 2748 ού
3404 2693 3670 2748 τοσοῦτον

2069 2776 2138 2852 ἦν
2159 2782 2219 2835 τὸ
2248 2782 2315 2835 δι’
2358 2782 2521 2854 ἀέρος
2566 2782 2851 2854 φέρεσθαι,
2908 2784 3034 2837 ὅσον
3090 2787 3223 2856 ἡμῖν
3256 2786 3318 2838 τὸ
3351 2786 3458 2859 πρὸ
3470 2805 3487 2848 ς
3520 2785 3667 2839 Θεὸν

2069 2873 2319 2947 αἴρεσθαι
2353 2876 2419 2929 δι’
2472 2875 2738 2947 ἀλλήλων,
2784 2878 2878 2931 καὶ
2929 2879 3027 2932 σὺν
3079 2878 3363 2951 emam;
3419 2879 3574 2932 Εἴπω
3607 2896 3670 2934 τι

389 2983 515 3022 vum
546 2966 808 3037 Pegasum
852 2967 1050 3032 dicam,
1091 2967 1289 3035 quibus
1335 2981 1439 3020 non
1483 2974 1688 3020 tantum
1722 2978 1839 3022 erat
1873 2982 1964 3036 per

2077 2968 2485 3041 συντομώτερον
2504 2986 2516 2998 ’
2556 2969 2830 3043 Βλαὸεραὶ
2860 2970 2973 3042 (98)
3015 2972 3113 3042 μὲν
3141 2976 3255 3036 τοῖς
3283 2972 3465 3037 ἄλλοις
3495 2972 3669 3043 Ἀθῆ-

391 3074 571 3113 aerem
598 3059 746 3123 ferri,
787 3069 1047 3128 quantum
1085 3058 1239 3113 nobis
1290 3069 1473 3113 mutua
1508 3074 1671 3129 opera
1706 3069 1759 3113 et
1804 3058 1963 3114 simul

389 3152 457 3204 ad
505 3151 672 3205 Deum
715 3149 923 3204 attolli?
973 3148 1169 3217 Atque,
1218 3157 1419 3203 utrem
1458 3148 1510 3202 in
1542 3163 1710 3217 pauca
1746 3159 1963 3202 contra-

388 3243 537 3306 ham,
583 3240 854 3312 pestifera:
899 3238 1114 3310 quidem
1158 3238 1296 3303 aliis,
1333 3250 1595 3308 quantum
1653 3238 1717 3292 ad
1772 3239 1964 3292 anima:

388 3333 615 3387 salutem
659 3331 874 3396 attinet,
917 3330 1140 3385 Athenae
1174 3338 1300 3383 sunt
1345 3330 1479 3392 (nec
1507 3328 1650 3383 enim
1679 3327 1732 3383 id
1782 3343 1811 3381 a
1860 3329 1963 3396 piis

388 3422 520 3476 viris
557 3430 759 3475 temere
803 3419 1214 3486 existimatur);
1267 3417 1423 3473 malis
1470 3432 1703 3486 namque
1747 3417 1962 3485 opibus,

390 3515 494 3568 hoc
539 3522 641 3576 est,
697 3512 874 3575 idolis,
911 3527 1070 3580 supra
1114 3510 1373 3579 reliquam
1422 3525 1637 3564 omnem
1698 3508 1961 3565 Grmciam

386 3601 636 3667 alﬂuunt,
666 3602 983 3671 diﬂieileque
1024 3602 1165 3656 factu
1195 3613 1297 3666 est,
1320 3616 1422 3656 non
1443 3601 1601 3655 simul
1625 3617 1747 3656 cum
1776 3617 1965 3656 eorum

386 3694 755 3749 laudatoribus
787 3703 840 3749 et
883 3694 1123 3763 patronis
1170 3694 1222 3747 in
1266 3708 1505 3748 errorem
1552 3692 1762 3762 abripi;
1812 3694 1970 3747 nobis

386 3800 566 3843 autem
624 3786 757 3841 nihil
810 3786 1118 3841 detrimenti
1148 3786 1215 3840 ab
1246 3786 1313 3839 iis
1348 3786 1567 3839 allatum
1615 3796 1728 3850 est,
1784 3795 1968 3855 utpote

382 3881 475 3951 qui
493 3877 999 3935 auimocommuniti
1027 3887 1080 3932 et
1096 3877 1303 3947 obsepti
1327 3892 1562 3932 eramus.
1595 3875 1731 3944 Quin
1760 3877 1958 3946 potius,

381 3971 528 4043 quod
581 3972 667 4027 vix
717 3971 976 4027 credibile
1024 3979 1126 4034 est,
1169 3970 1296 4025 hinc
1328 3970 1394 4023 ad
1449 3970 1604 4024 ﬁdem
1656 3969 1958 4023 conﬁrmati

382 4080 592 4132 sumus,
635 4065 874 4135 ipsorum
917 4062 1160 4118 fraudein
1194 4072 1248 4117 et
1274 4063 1619 4129 imposturam
1658 4076 1959 4132 agnoscen-

386 4169 484 4226 tes,
512 4168 674 4227 atque
700 4158 808 4212 illic
837 4156 1107 4212 dannoues
1147 4164 1587 4216 contemnentes.
1636 4155 1723 4208 ubi
1759 4154 1956 4207 damm-

380 4265 478 4304 nes
522 4249 875 4303 admiratione
918 4245 1237 4301 alliciuntur.
1275 4244 1427 4312 Quod
1471 4246 1514 4299 si
1555 4246 1675 4314 quis
1703 4254 1807 4308 est,
1858 4252 1953 4299 aut

2070 3076 2179 3124 ναι,
2202 3060 2270 3114 τὰ
2291 3062 2369 3125 εἰς
2394 3061 2571 3133 ψυχὴν
2613 3062 2714 3133 (ού
2748 3063 2857 3134 γὰρ
2891 3062 3110 3134 φαύλως
3150 3064 3306 3118 τοῦτο
3335 3064 3669 3135 ὑπολαμϐά-

2070 3170 2219 3205 νεται
2268 3157 2380 3216 τοῖς
2419 3154 2894 3227 εύσε6εστέροις)’
2932 3158 3025 3211 καὶ
3076 3156 3185 3230 γὰρ
3244 3156 3532 3210 πλουτοῦσι
3564 3157 3667 3210 τὸν

2071 3243 2241 3297 κακὸν
2273 3243 2526 3311 πλοῦτον,
2557 3245 2751 3300 εἴδωλα
2787 3248 2922 3317 (99),
2961 3248 3161 3319 μᾶλλον
3192 3249 3293 3319 τῆς
3333 3248 3501 3318 ἄλλης
3540 3247 3667 3303 Ἐλ-

2069 3333 2247 3400 λάδος,
2291 3334 2385 3389 καὶ
2427 3335 2662 3407 χαλεπὸν
2708 3336 2784 3409 μὴ
2824 3337 3272 3410 συναρπασθῆναι
3300 3341 3413 3402 τοῖς
3449 3338 3665 3391 τούτων

2069 3424 2385 3489 ἐπαινέταις
2429 3427 2524 3480 καὶ
2574 3428 2928 3498 συνηγόροις·
2979 3430 3110 3499 ἡμῖν
3155 3428 3201 3482 δ’
3241 3428 3468 3500 οὐδεμία
3501 3429 3663 3499 παρὰ

2068 3516 2270 3570 τούτων
2294 3516 2487 3588 ζημία,
2519 3519 2619 3589 τὴν
2650 3518 2886 3573 διάνοιαν
2923 3521 3368 3591 πεπυκνωμένοις
3413 3521 3506 3573 καὶ
3549 3536 3661 3571 πε-

2065 3606 2418 3678 φραγμένοις.
2456 3609 2779 3665 Τούναντίον
2811 3611 2911 3681 μὲν
2954 3607 3070 3675 οὖν,
3110 3610 3164 3663 εἴ
3186 3628 3238 3664 τι
3265 3609 3369 3682 χρὴ
3403 3610 3499 3663 κα).
3544 3628 3663 3662 πα-

2069 3697 2286 3771 ράδοξον
2311 3700 2506 3763 εἰπεῖν,
2555 3702 2635 3765 εἰς
2681 3701 2779 3772 τὴν
2824 3702 3006 3755 πίστιν
3039 3699 3291 3754 ἐντεῦθεν
3319 3699 3659 3772 ἐϐεϐαιώθη-

2069 3807 2188 3862 μεν,
2244 3790 2655 3863 καταμαθόντες
2692 3792 2873 3847 αὐτῶν
2915 3792 2978 3846 τὸ
3008 3792 3287 3865 ἀπατηλὸν
3332 3792 3428 3845 καὶ
3461 3792 3658 3864 κίϐδη-

2066 3881 2181 3944 λον,
2216 3882 2449 3937 ἐνταῦθα
2470 3883 2741 3955 δαιμόνων
2773 3885 3307 3957 καταφρονήσαντες,
3340 3878 3402 3937 οὗ
3427 3883 3651 3955 θαυμά-

2065 3972 2248 4037 ζονται
2299 3973 2572 4045 δαίμονες.
2636 3976 2748 4029 Καὶ
2794 3976 2849 4029 εῐ
2890 3976 2972 4039 τίς
3017 3977 3187 4040 ἐστιν,
3236 3977 3271 4047 ἦ
3323 3974 3645 4030 πιστεύεται

2066 4064 2307 4128 ποταμὸς
2337 4064 2434 4135 (1),
2458 4066 2525 4119 δι’
2560 4066 2739 4138 ἅλμης
2774 4069 2911 4139 ῥέων
2938 4067 3163 4137 γλυκὺς,
3195 4068 3228 4139 ἢ
3254 4066 3392 4132 ζῶον
3422 4071 3480 4122 ὲν
3512 4070 3651 4140 πυρὶ

2068 4157 2288 4226 σκαῖρον
2344 4154 2444 4227 (‘2),
2489 4151 2534 4226 ᾧ
2592 4158 2661 4212 τὰ
2708 4159 2887 4213 πάντα
2930 4160 3236 4226 ἁλίσκεται,
3280 4159 3440 4215 τοῦτο
3499 4158 3651 4234 ἦμεν

2065 4249 2226 4319 ἡμεῖς
2260 4251 2317 4302 ὲν
2357 4251 2489 4304 πᾶσι
2508 4253 2621 4315 τοῖς
2650 4250 2814 4322 ἥλιξι.

379 4357 501 4403 esse
538 4346 796 4410 creditur,
843 4344 1059 4406 ﬂuvius,
1096 4359 1191 4411 per
1245 4358 1394 4395 mare
1430 4340 1601 4395 dulcis
1643 4338 1835 4401 ﬂuens.
1892 4349 1984 4395 aut
2030 4344 2230 4398 animal
2277 4346 2332 4399 in
2379 4345 2522 4415 igne,
2574 4362 2681 4416 quo
2720 4349 2901 4402 omnia
2961 4359 3372 4416 consumuntur,
3417 4349 3645 4417 saliens,

381 4441 484 4493 hoc
514 4438 611 4491 insi
646 4438 784 4490 inter
813 4450 1001 4491 omnes
1034 4434 1270 4504 aequales
1295 4448 1359 4487 ac
1381 4441 1682 4488 coaetaneos
1718 4448 1950 4487 eramus.

448 4580 559 4650 (89)
604 4581 883 4649 'Y‘q'lelar.
911 4580 1043 4650 Reg.
1093 4581 1203 4641 hm,
1247 4578 1453 4650 ὑγείαν.

444 4647 561 4721 (90)
598 4647 737 4717 Περὶ
773 4651 939 4721 αὐτό.
971 4647 1148 4721 Pa_ss.,
1179 4649 1315 4721 πρὸς
1341 4648 1401 4700 τὸ
1430 4647 1580 4721 αύτό.

446 4718 561 4789 (91)
597 4722 673 4774 ’Ἡ
699 4720 993 4786 πράξεων.
1029 4718 1204 4775 Pass..
1224 4718 1333 4772 ’καὶ
1361 4718 1632 4789 πράξεων.

449 4786 562 4860 (9‘2)
592 4791 1003 4858 Χριστιανούς.
1039 4791 1153 4844 Duo
1184 4791 1377 4861 Regg.,
1406 4786 1576 4843 'Coisl.
1610 4790 1644 4841 2
1684 4795 1738 4842 et
1775 4786 1953 4851 Pass,

374 4862 420 4914 Χ
430 4862 742 4933 ριστιανοίς.

449 4930 561 5002 (95)
595 4932 816 5001 Γύγης.
871 4928 1024 5002 Plato
1072 4927 1147 4983 De
1194 4927 1393 5002 republ.
1437 4944 1503 5002 _n,
1550 4936 1604 4980 et
1649 4927 1839 5002 Cicero
1886 4925 1959 4980 De

376 4995 522 5070 ofﬁc.
542 4995 637 5065 'm,
665 4995 909 5064 narrant,
939 5018 959 5049 ‹
986 4998 1188 5070 Gygem
1220 4995 1542 5051 {invenisse
1559 4995 1838 5070 annulum,
1862 5012 1958 5070 cu;-

371 5067 460 5140 jus
491 5072 665 5139 palam
692 5086 813 5124 cum
846 5072 912 5123 ad
941 5084 1002 5123 se
1020 5067 1393 5140 _c0aiverteret,
1420 5082 1447 5119 a
1473 5067 1685 5121 nemine
1707 5067 1945 5134 conspici

377 5138 608 5211 peierat,
640 5155 816 5211 eaque
857 5149 985 5211 arte,
1018 5138 1310 5209 Lydiorum
1357 5153 1579 5207 regnum
1625 5151 1941 5211 occupasse.

450 5211 561 5280 (94)
596 5207 807 5276 Μίδας.
838 5228 856 5261 ι
886 5207 1103 5263 Midas}
1138 5225 1257 5261 cum
1288 5216 1556 5280 optasset,
1594 5207 1943 5280 utquidquid

377 5277 656 5349 tangeret,
708 5282 760 5334 in
812 5295 1000 5332 aurum
1044 5287 1377 5343 verteretur,
1424 5277 1539 5342 ejus
1572 5277 1677 5330 voti
1723 5291 1944 5345 compos

376 5352 571 5432 factus,
602 5352 741 5403 fame
766 5350 947 5419 periit,
985 5352 1126 5418 quod
1160 5350 1262 5402 cibi
1298 5364 1490 5402 omnes
1523 5362 1659 5417 quos
1686 5355 1943 5401 attrecta-

378 5432 481 5481 ret,
515 5428 566 5473 in
591 5434 778 5472 aurum
807 5428 1288 5473 commutarentur.

450 5490 560 5559 (95)
586 5491 663 5541 Δι’
698 5489 787 5559 όν.
810 5488 911 5559 δίε
936 5504 1124 5542 omnes
1160 5490 1315 5559 codd.
1347 5488 1404 5542 In
1436 5487 1545 5549 ed,
1570 5486 1641 5559 6d
1662 5481 1758 5539 ὧν.

448 5553 560 5632 (96)
597 5558 900 5632 ’ᾼϐάριδος
926 5560 1151 5632 ὀϊστόν.
1181 5558 1412 5632 Narrant
1439 5566 1605 5632 poclm
1631 5558 1775 5610 hunc
1804 5553 1949 5632 Aba-

374 5627 549 5685 ridem
578 5629 644 5682 ab
667 5629 930 5697 Apolline,
952 5631 1034 5684 cui
1067 5630 1349 5694 servierat,
1375 5628 1626 5695 sagittam
1654 5627 1946 5697 accepisse,

372 5699 531 5770 Cujus
551 5696 728 5771 operai
745 5699 1007 5757 Graeciam
1042 5702 1382 5771 peragrabat,
1405 5714 1467 5754 ac
1496 5696 1713 5754 oracula
1734 5697 1948 5754 edebat.

2129 4576 2240 4646 (97)
2272 4573 2523 4645 Ἀργεῖον
2545 4574 2852 4644 Πήγασον.
2879 4594 2897 4627 ι
2915 4575 3173 4646 Argivum
3197 4573 3483 4646 Pegasum.
3506 4590 3526 4625 ι
3549 4572 3644 4629 Sic

2058 4644 2235 4699 dictus
2265 4644 2457 4713 equus,
2484 4647 2573 4713 qui
2606 4650 2780 4699 alatus
2810 4644 3048 4715 ﬁngitur,
3074 4655 3128 4698 et
3151 4646 3204 4698 in
3227 4644 3483 4715 Helicona
3510 4658 3643 4696 evo-

2054 4716 2192 4781 lans,
2223 4723 2278 4769 et
2302 4714 2495 4784 ungula
2528 4724 2729 4784 terram
2765 4714 2993 4779 feriens,
3031 4716 3381 4784 Hypocrenen
3435 4714 3640 4767 fontem

2056 4788 2288 4855 aperuit.
2326 4782 2458 4839 cam
2489 4782 2922 4855 ei_Belleropbon
2955 4782 3215 4847 insidens,
3243 4786 3407 4840 vellet
3434 4787 3494 4855 in_
3519 4797 3634 4855 cu:-

2056 4854 2163 4907 lum
2194 4855 2508 4918 ascendere,
2541 4852 2798 4920 Pegasus,
2828 4869 3060 4910 excusso
3093 4869 3326 4919 sessore,
3379 4852 3616 4911 evolavit

2056 4936 2109 4979 et
2141 4926 2279 4977 inter
2311 4924 2489 4978 sidera
2521 4923 2813 4980 collocatus
2841 4937 2942 4977 est.

2125 4994 2237 5069 (98)
2259 4993 2574 5069 _l_2.1a6qul.
2611 4993 2701 5069 Sic
2745 4998 2851 5049 duo
2883 4993 3072 5069 CpisL,
3109 5002 3214 5049 etc.
3242 4992 3310 5069 _In
3338 4995 3453 5069 eds,
3507 4997 3639 5069 βλα-

2053 5062 2211 5189 ἓερά.
2257 5064 2379 5118 Mox
2420 5062 2880 5134 ὑπολαμϐάνεται.
2929 5064 3098 5135 Ιὶθες.
3142 5081 3196 5129 a,
3242 5065 3353 5129 bm,
3392 5062 3639 5138 ὑπολαμ-

2090 5151 2324 5189 ανονται.

2090 5138 2324 5190 ἀνονται.

2125 5206 2236 5275 (99)
2264 5202 2518 5258 Εἴδωλα.
2554 5201 2646 5258 Sic
2672 5204 2910 5259 melioris
2939 5213 3077 5258 nota:
3120 5204 3275 5259 codd.
3309 5203 3367 5259 In
3398 5206 3512 5271 ed.,
3562 5206 3636 5263 τὰ

2051 5276 2267 5329 εἴδωλα.

2121 5347 2196 5411 (1)
2228 5344 2515 5415 Πςταμός.
2550 5363 2570 5397 ι
2603 5344 2837 5415 Alpheus
2866 5363 2884 5395 ι
2919 5344 3161 5398 Arcadia:
3190 5343 3380 5415 ﬂuvius

2120 5416 2195 5486 (2)
2227 5413 2392 5486 Ζῶρν
2515 5416 2655 5483 πυρὶ
2674 5413 2972 5486 ήσκᾳῖρον,
3001 5432 3020 5465 ι
3061 5415 3273 5486 Animal
3305 5414 3357 5467 iu
3390 5414 3512 5484 igne
3540 5430 3631 5469 sa.

2049 5484 2204 5540 lieus.
2241 5504 2290 5556 »ξ
2322 5484 2507 5540 Schol.
2547 5503 2575 5556 Δε
2629 5486 2661 5556 ἡ
2702 5484 3089 5555 σαλαμάνδρα·
3126 5503 3144 5534 ι
3191 5484 3568 5556 salamandra,
3606 5503 3626 5556 ρ

2048 5571 2169 5625 qme
2200 5557 2251 5609 in
2279 5554 2467 5625 ignem
2488 5553 2705 5621 injecta,
2736 5553 2857 5608 uon‘
2878 5553 3080 5607 tantum
3129 5569 3230 5625 non
3265 5555 3497 5625 luditur,
3534 5553 3635 5625 sed

2052 5623 2223 5693 ipsum
2261 5625 2422 5696 etiam
2459 5624 3005 5696 ignem‘exstinguit,
3040 5625 3082 5680 si
3126 5624 3301 5679 Plinio
3349 5624 3483 5681 ﬁdes
3533 5623 3627 5679 ha-

2050 5696 2260 5764 beatur,
2290 5693 2383 5750 lib.
2416 5693 2555 5764 x,'c.
2599 5693 2683 5750 66.
