3902 6218
236 260 353 320 525
1029 288 1036 294 -
1067 254 1331 313 ORATIO
1363 253 1549 309 XLIII.
1588 283 1659 294 -—
1696 251 1764 306 IN
1802 249 2088 308 LAUDEM
2125 247 2370 305 BASILII
2409 247 2647 304 MAGNI.
3396 250 3503 306 59.6

318 375 448 428 ΚΒ.
478 373 591 428 Καὶ
619 372 681 426 τὸ
708 371 1013 434 κάλλιστον,
1046 373 1129 425 ὅτι
1158 372 1252 425 καὶ
1285 369 1526 444 φρατρία
1563 387 1648 434 τις
1698 370 1825 441 περὶ

2003 365 2165 421 XXII.
2198 366 2334 420 Illud
2392 374 2571 419 autem
2615 363 3127 434 prmclarisstmum,
3173 366 3315 437 quod
3361 367 3508 420 circa

242 467 397 539 ἡμᾶς
424 465 526 519 οὑκ
559 464 793 536 ἀγεννὴς
829 460 919 535 ἦν,
960 463 1053 516 ὑπ’
1085 463 1281 533 ἐκείνῳ
1311 461 1650 531 καθηγεμόνι
1699 478 1828 513 παι-

1959 475 2032 514 nos
2057 459 2327 529 quoddam
2361 472 2469 512 non
2502 456 2735 525 ignobile
2769 456 3075 512 sodalitium
3110 466 3259 523 erat,
3303 470 3508 527 praece-

241 553 510 628 δευομένη
541 555 635 608 καὶ
668 554 936 627 ἀγομένη,
966 554 1061 606 καὶ
1088 556 1201 617 τοῖς
1226 554 1409 616 αὑτοῖς
1444 552 1708 623 χαίρουσα
1732 566 1747 581 ⁸
1782 553 1831 605 εἰ

1959 564 2141 608 dorem
2170 553 2316 607 illum
2344 550 2573 615 habens,
2613 565 2677 604 ac
2707 549 2896 606 ducem
2922 564 3179 621 sequens,
3214 551 3512 618 iisdemque

244 648 344 702 καὶ
363 646 520 711 πεζοὶ
548 644 701 716 παρὰ
739 644 932 698 Λύδιον
970 643 1123 714 ἅρμα
1169 643 1245 713 (5)
1281 641 1526 712 ὲθέομεν,
1559 641 1652 696 τόν
1684 642 1834 695 ὲκεί-

1959 647 2097 701 ἐΙιιιε
2140 646 2412 715 gaudens;
2446 642 2697 713 quamvis
2732 641 2927 711 alioqui
2980 642 3211 711 pedites,
3255 650 3314 696 ut
3358 651 3511 696 vetus

244 750 342 789 νου
393 735 597 807 δρόμον
644 734 739 787 καὶ
789 733 992 808 τρόπον
1016 749 1030 764 ’
1073 732 1134 798 ἐξ
1161 726 1237 787 ὧν
1267 733 1514 805 ὑπῆρχεν
1545 733 1678 804 ἡμῖν
1713 735 1836 785 ἐπι-

248 828 450 898 σήμοις
498 827 597 898 μὲν
635 821 775 880 εῖναι
821 826 973 897 παρὰ
1016 827 1129 889 τοῖς
1187 825 1480 897 ἡμετέροις
1517 825 1835 888 παιδευταῖς

246 920 351 974 καὶ
380 921 854 992 συμπράκτορσιν,
906 920 1201 990 ἐπισήμοις
1248 919 1306 972 δὲ
1342 918 1495 990 παρὰ
1516 920 1584 989 τῇ
1625 917 1835 972 Ἐλλάδι

248 1006 429 1084 πασῃ,
484 1010 578 1063 καὶ
637 1000 842 1080 ταύτης
898 1007 1134 1079 μάλιστα
1198 1009 1312 1071 τοῖς
1366 1008 1833 1077 γνωριμωτάτοις.

253 1100 398 1171 Ἤδη
425 1100 482 1153 δὲ
509 1100 604 1153 καὶ
660 1099 823 1171 μέχρι
867 1098 966 1171 τῆς
1019 1099 1316 1171 ὑπερορίας
1345 1099 1712 1171 προήλθομεν,
1762 1101 1838 1164 ὡς

250 1194 429 1262 σαφὲς
458 1191 680 1262 γέγονεν
707 1195 772 1246 ἐκ
798 1193 1057 1246 πλειόνων
1102 1192 1210 1246 τῶν
1240 1191 1414 1248 ταῦτα
1445 1193 1837 1265 διηγουμένων.

252 1285 419 1356 Παρὰ
445 1281 720 1347 τοσούτοις
746 1285 844 1356 μὲν
873 1284 983 1357 γὰρ
1013 1287 1062 1338 οἱ
1090 1285 1345 1357 ἡμέτεροι
1375 1285 1679 1351 παιδευταὶ,
1708 1287 1838 1357 παρ’

253 1376 404 1441 ὅσοις
448 1376 668 1446 Ἀθῆναι
698 1376 772 1447 (4)
794 1394 807 1408 ·
839 1377 992 1450 παρὰ
1013 1376 1288 1441 τοσούτοις
1316 1376 1393 1450 (5)
1427 1377 1484 1430 δὲ
1505 1380 1691 1448 ἡμεῖς,
1709 1378 1841 1448 παρ’

254 1472 407 1535 ὅσοις
436 1471 486 1524 oi
520 1469 824 1536 ttat65u'cat‘t,
865 1469 1286 1542 συνακουόμενοί
1341 1487 1403 1523 τε
1453 1470 1703 1542 ἀλλήλοις
1747 1471 1844 1525 καὶ

258 1562 524 1618 συλλαλού
533 1580 703 1635 μενοι,
730 1563 826 1617 καὶ
844 1561 1078 1634 ξυνωρὶς
1108 1563 1209 1617 οὑκ
1240 1561 1545 1635 ἀνώνυμος,
1572 1563 1668 1618 καὶ
1693 1563 1843 1627 ὄντες

1935 734 2099 789 habet
2133 732 2499 803 proverbium,
2550 732 2616 786 ad
2673 730 2900 801 Lydium
2952 746 3209 798 currum,
3253 732 3356 786 hoc
3407 739 3510 796 est,

1937 826 2081 880 illius
2123 839 2340 880 cursum
2384 832 2441 878 et
2488 836 2705 891 mores,
2749 837 3125 889 curreremus;
3180 838 3246 878 ex
3294 837 3399 891 quo
3460 822 3515 876 id

1940 918 2095 974 nobis
2120 917 2375 987 contigit,
2418 923 2498 981 ut,
2534 931 2640 969 non
2677 913 2847 970 solum
2893 916 3033 983 apud
3065 926 3421 985 praeceptores
3461 924 3518 970 et

1940 1012 2140 1077 socios,
2187 1009 2283 1064 sed
2336 1007 2497 1063 etiam
2553 1008 2692 1077 apud
2742 1006 3048 1061 universam
3111 1005 3396 1073 Grteciam,
3452 1020 3515 1061 ac

1940 1101 2240 1174 praesertim
2275 1099 2608 1155 clarissimos
2633 1111 2878 1169 quosque
2906 1097 3129 1153 Graecia:
3161 1099 3339 1162 viros,
3384 1097 3515 1151 clari

1943 1204 2103 1265 atque
2133 1194 2370 1248 illustres
2402 1206 2663 1247 essemus.
2707 1189 2846 1257 Quin
2881 1189 3079 1254 etiam,
3122 1190 3261 1243 ultra
3297 1188 3519 1243 Graeciaa

1945 1285 2079 1340 ﬁnes
2105 1284 2495 1354 processimus,
2538 1289 2598 1335 ut
2626 1295 2694 1335 ex
2727 1280 2910 1335 multis
2942 1279 3057 1334 haec
3085 1293 3518 1333 commemoran—

1942 1376 2087 1430 tibus
2130 1373 2473 1444 perspicuum
2527 1370 2727 1425 factum
2779 1378 2884 1425 est.
2968 1368 3101 1424 Nam
3161 1379 3520 1441 praeceptores

1944 1466 2160 1536 quidem
2212 1465 2380 1519 nostri
2427 1465 2566 1534 apud
2619 1471 2698 1517 tot
2749 1461 2998 1516 homines
3048 1462 3291 1518 celebres
3342 1474 3519 1528 erant,

1946 1561 2086 1627 apud
2121 1556 2495 1627 quotAthenaz
2520 1580 2533 1612 :
2558 1573 2619 1613 ac
2653 1575 2749 1614 nos
2775 1559 2927 1624 item,
2959 1558 3098 1628 apud
3123 1566 3253 1627 quot
3278 1555 3523 1611 homines

257 1659 396 1730 παρ’
426 1657 629 1720 αὐτοῖς,
680 1656 776 1710 καὶ
824 1655 1136 1721 ἀκούοντες.
1171 1655 1336 1710 Οὐδὲν
1363 1657 1606 1710 τοιοῦτον
1661 1657 1844 1721 αὑτοῖς

1959 1652 2014 1705 de
2057 1650 2477 1719 praeceptoribus
2521 1651 2754 1716 nostris,
2801 1651 2940 1721 apud
2987 1652 3207 1706 totidem
3254 1647 3322 1702 de
3367 1647 3525 1701 nobis

254 1749 309 1801 οἱ
345 1715 707 1818 ζυρέσταιᾙὶ)
744 1746 838 1800 καὶ
873 1747 923 1799 οἱ
965 1715 1237 1801 Πυλάδαι·
1285 1748 1438 1801 οὐδὲν
1480 1749 1530 1800 οἱ
1585 1715 1839 1802 Μολιονίί

1959 1744 2145 1808 etiam,
2199 1754 2256 1797 et
2317 1742 2661 1809 audiebatur,
2713 1754 2767 1798 et
2826 1743 3252 1811 pradicabatur,
3320 1752 3384 1792 ac
3428 1751 3525 1806 par

254 1838 349 1892 δαι
381 1838 480 1909 (7),
512 1838 611 1909 τῆς
650 1837 953 1908 Ὁμηρικῆς
978 1836 1161 1890 δέλτου
1188 1837 1249 1889 τὸ
1279 1837 1481 1908 θαῦμα,
1516 1838 1610 1901 οὓς
1648 1855 1840 1892 κοινωο

255 1930 355 1985 via.
379 1929 673 2001 συμφορῶν
725 1927 1009 2001 ἐγνώρισε,
1044 1931 1141 1984 καὶ
1171 1931 1232 1983 τὸ
1278 1929 1458 1993 καλῶς
1486 1930 1640 2000 ἅρμα
1686 1929 1848 1983 έλαύ-

255 2037 397 2083 νειν,
443 2018 835 2091 μεριζομένους
870 2021 930 2073 ὲν
961 2020 1145 2092 ταυτῷ
1189 2021 1346 2093 ἡνίας
1400 2022 1494 2076 καί
1554 2022 1846 2093 μάστιγας.

273 2112 442 2166 Ἀλλὰ
483 2113 596 2184 γὰρ
644 2112 834 2167 ἔλαθον
887 2114 1160 2185 ἐμαυτὸν,
1213 2118 1298 2179 εἰς
1359 2117 1485 2179 τοὺς
1528 2117 1697 2186 ἐμοὺς
1748 2115 1853 2167 ὑπ-

260 2203 455 2274 αχθεὶς
490 2202 566 2275 (8)
596 2203 873 2268 ἐπαίνους,
907 2207 935 2258 ό
965 2205 1103 2277 μηδὲ
1138 2205 1270 2278 παρ’
1295 2205 1482 2277 ἑτέρου
1530 2207 1659 2259 ποτὲ
1691 2206 1852 2261 τοῦτο

260 2294 560 2365 δεξάμενος
607 2294 706 2366 (9).
745 2296 858 2348 Καὶ
901 2295 1224 2366 Θαυμαστὸν
1256 2297 1428 2358 οὐδὲν,
1477 2299 1527 2350 εἱ
1573 2297 1854 2352 κάνταῦθα

259 2387 367 2458 τῆς
400 2386 609 2440 ἐκείνου
657 2385 840 2455 φιλίας
882 2404 936 2440 τι
972 2388 1394 2459 παραπέλαυσα,
1433 2388 1621 2461 ὥσπερ
1652 2389 1856 2454 ζῶντος

260 2479 348 2541 εἰς
376 2476 597 2549 ἀρετὴν,
626 2476 771 2531 οὑτω
818 2478 1182 2548 μεταστάντος
1241 2482 1321 2542 εἰς
1370 2481 1668 2551 εὐφημίαν.
1713 2480 1857 2534 Ἀλλ’

262 2570 363 2623 ἐπὶ
391 2568 490 2642 τὴν
520 2569 723 2624 νύσσαν
767 2570 881 2642 (10)
924 2571 1285 2641 ἐπαναγέσθω
1317 2571 1480 2627 πάλιν
1513 2575 1647 2644 ἡμῖν
1697 2575 1727 2627 ό
1762 2572 1855 2626 λό-

264 2677 393 2731 γος.

1949 1834 2219 1905 quoddam
2284 1849 2389 1889 non
2448 1832 2736 1890 obscur'nm
2788 1843 2844 1890 et
2898 1833 3170 1889 incelehre
3224 1830 3362 1900 apud
3406 1842 3522 1892 608.

1948 1928 2115 1999 788
2142 1938 2196 1983 et
2223 1942 2462 1995 eramus,
2479 1935 2534 1983 et
2562 1926 2898 1983 dicebantur.
2925 1926 3033 1982 Nec
3066 1938 3199 1980 vero
3230 1923 3526 1993 quidquam

1947 2021 2206 2089 ejusmodi
2240 2021 2381 2090 apud
2425 2035 2518 2075 eos
2548 2030 2703 2075 erant
2745 2020 2968 2075 Orestes
3016 2027 3070 2073 et
3120 2015 3377 2087 Pylades,
3428 2031 3529 2070 nec

1948 2113 2253 2168 Molionida:
2284 2113 2382 2178 illi,
2419 2112 2706 2168 Homerico
2729 2127 2890 2167 versu
2919 2110 3200 2176 celebrati,
3224 2123 3362 2179 quos
3385 2109 3529 2164 cala-

1949 2207 2197 2261 mitatum
2229 2205 2483 2268 societas,
2519 2214 2683 2274 atque
2711 2219 2802 2258 ars
2825 2203 3040 2273 egregie
3072 2202 3351 2271 aurigandi
3379 2201 3531 2258 nobi-

1947 2297 2144 2364 litavit,
2179 2298 2370 2353 eodem
2404 2306 2645 2367 tempore
2688 2296 2930 2350 habenas
2956 2304 3009 2351 et
3035 2296 3260 2365 ﬂagrum
3305 2296 3448 2349 inter
3470 2310 3532 2348 se

1948 2391 2265 2460 partientes.
2295 2391 2366 2444 At
2398 2389 2542 2445 enim
2590 2388 2903 2459 imprudens
2931 2387 3044 2457 ipse
3074 2388 3126 2441 in
3169 2400 3318 2441 meas
3346 2386 3532 2441 laudes

1948 2482 2232 2553 prolapsus
2273 2497 2417 2548 sum,
2467 2495 2602 2550 quas
2652 2494 2721 2534 ne
2772 2478 2841 2533 ah
2871 2478 2978 2533 alio
3019 2479 3235 2547 quidem
3288 2494 3529 2547 unquam

1950 2573 2232 2644 przedicari
2261 2572 2513 2645 sustinui.
2545 2570 2657 2627 Nec
2686 2571 2881 2625 mirum
2920 2570 3088 2624 videri
3126 2569 3316 2636 debet,
3355 2569 3400 2624 si
3444 2571 3534 2625 hic

1949 2678 2166 2735 quoque
2219 2663 2455 2719 fructum
2510 2663 2741 2732 aliquem
2787 2675 2853 2715 ex
2896 2660 3040 2715 illius
3081 2660 3317 2716 amicitia
3354 2662 3532 2718 obiter

265 2759 427 2826 cepi;
468 2774 590 2812 nam
640 2757 1128 2827 quemadmodum,
1171 2770 1291 2810 cum
1357 2757 1598 2823 viveret,
1638 2759 1704 2812 ad
1742 2758 2022 2821 virtutem,
2054 2758 2151 2821 ita,
2174 2772 2296 2811 cum
2328 2757 2437 2811 vita
2465 2760 2718 2826 excessit,
2759 2755 2829 2811 ad
2895 2755 3105 2810 Iaudem
3170 2764 3223 2810 et
3259 2772 3534 2813 commen-

268 2851 545 2904 dationem
592 2851 719 2904 mihi
761 2851 999 2919 prodest.
1045 2846 1246 2901 Verum
1286 2847 1355 2901 ad
1399 2859 1596 2903 metam
1645 2864 1859 2904 rursum
1899 2847 2054 2903 nobis
2082 2848 2382 2902 reducenda
2407 2858 2492 2903 est
2518 2851 2713 2911 oratio.

344 2965 477 3018 KI'".
502 2964 598 3027 Τίς
640 2963 740 3035 μὲν
785 2962 929 3016 οὑτω
976 2963 1160 3028 πολιὸς
1204 2958 1273 3032 ἦν
1320 2963 1420 3034 τὴν
1454 2963 1668 3017 σύνεσιν
1710 2964 1845 3034 (11),

2031 2962 2220 3019 XXIII.
2262 2963 2396 3030 Quis
2430 2965 2711 3034 prudentia
2742 2966 2963 3034 perinde
2990 2983 3163 3025 canus
3195 2979 3333 3036 erat,
3368 2970 3534 3026 etiam

268 3056 371 3112 καὶ
396 3056 505 3127 πρὸ
536 3056 634 3126 τῆς
656 3055 877 3121 πολιᾶς;
902 3055 1087 3128 ἐπειδὴ
1108 3055 1283 3127 τούτῳ
1315 3056 1426 3127 (12)
1454 3057 1548 3110 καὶ
1597 3056 1852 3128 Σολομὼν

266 3145 335 3199 τὸ
378 3147 555 3215 γῆρας
610 3142 871 3215 ὁρίζεται.
908 3143 1005 3208 Τίς
1041 3144 1099 3197 δὲ
1131 3144 1303 3208 οὑτως
1333 3143 1632 3215 αἰδέσιμος,
1664 3143 1697 3215 ἢ
1745 3162 1853 3198 πα-

268 3235 465 3299 λαιοῖς,
500 3233 534 3304 ἢ
566 3232 741 3299 νέοις,
795 3233 870 3305 μὴ
919 3235 1000 3288 ὅτι
1045 3233 1155 3287 τῶν
1203 3232 1347 3287 κατὰ
1376 3233 1468 3288 τὸν
1506 3234 1669 3288 αὑτὸν
1722 3236 1854 3306 ἡμῖν

268 3327 490 3402 χρόνον,
527 3326 665 3380 ἀλλὰ
708 3325 941 3380 καὶτῶν
995 3324 1247 3378 πλεῖστον
1290 3323 1736 3396 προειληφότων;
1768 3324 1855 3388 τίς

273 3417 382 3489 μὲν
404 3412 567 3488 ἦττον
591 3416 763 3469 ἐδεῖτο
791 3414 968 3484 λόγων
991 3413 1128 3484 (15),
1157 3411 1246 3467 διὰ
1274 3413 1364 3467 τὸν
1404 3413 1641 3484 τρόπον;
1678 3411 1763 3477 τίς
1800 3411 1859 3465 δὲ

275 3508 483 3583 μᾶλλον
539 3508 768 3579 μετέσχε
801 3507 983 3576 λόγου,
1019 3507 1114 3560 καὶ
1142 3504 1282 3577 μετὰ
1310 3503 1406 3558 τοῦ
1431 3503 1674 3574 τρόπου;
1702 3505 1857 3557 ποῖον

276 3602 384 3675 μὲν
410 3598 548 3664 εἶδος
572 3601 674 3654 οὑκ
706 3599 912 3668 ἐπῆλθε
945 3597 1310 3663 παιδεύσεως;
1347 3595 1548 3668 μᾶλλον
1580 3595 1657 3660 δὲ,
1704 3596 1858 3647 ποῖον

272 3695 340 3750 οὑ
378 3694 498 3766 μεθ’
522 3693 829 3766 ὑπερϐολῆς
858 3693 935 3756 ὡς
957 3693 1152 3764 μόνον;
1188 3690 1346 3746 Οὕτω
1371 3691 1470 3762 μὲν
1499 3690 1612 3763 (14)
1642 3689 1859 3744 ἅπαντα

274 3784 526 3851 διελθὼν,
554 3785 631 3850 ὡς
668 3785 844 3847 οὐδεὶς
886 3784 979 3838 ἔν’
1014 3782 1159 3837 οὑτω
1190 3782 1247 3836 δὲ
1278 3783 1359 3845 εἰς
1388 3782 1558 3856 ἄκρον
1603 3782 1857 3844 ἕκαστον,

273 3877 359 3943 ὡς
384 3877 492 3931 τῶν
520 3875 696 3931 ἄλλων
751 3874 929 3929 οὐδέν.
965 3874 1176 3945 Σπουδὴ
1221 3872 1331 3946 γὰρ
1362 3873 1560 3947 εὐφυΐᾳ
1608 3874 1863 3946 συνέδρα-

282 3988 409 4043 μεν,
446 3968 507 4034 ἑξ
535 3962 610 4023 ὧν
652 3968 953 4039 ἐπιστῆμαι
1002 3966 1101 4020 καὶ
1157 3966 1343 4037 τέχναι
1373 3966 1440 4021 τὸ
1473 3967 1673 4039 κράτος
1704 3966 1863 4038 έχου-

280 4079 369 4117 σιν
400 4061 535 4132 (15).
576 4061 814 4114 Ἤκιστα
849 4059 947 4129 μὲν
974 4057 1175 4129 τάχους
1203 4056 1420 4127 φύσεως
1445 4057 1535 4111 διὰ
1570 4058 1721 4112 τόνον
1749 4058 1862 4130 (16)

277 4152 562 4224 δεόμενος,
591 4151 792 4222 ἥκιστα
821 4149 880 4204 δὲ
911 4150 1066 4204 τόνου
1104 4148 1194 4203 διὰ
1226 4149 1392 4221 τάχος
1435 4149 1547 4222 (17)
1570 4165 1585 4182 ο
1632 4148 1774 4204 οὑτω
1817 4150 1864 4205 δ’

357 4311 409 4345 ⁸⁸
439 4311 567 4379 Sap.
603 4325 678 4371 tv,
708 4304 765 4362 8.

1961 3065 2089 3111 ante
2117 3056 2413 3110 canitiem?
2463 3056 2910 3127 Quandoquidem
2950 3060 3054 3116 hac
3098 3076 3157 3117 re
3202 3071 3533 3118 senectutem

1963 3145 2217 3201 Salomon
2245 3160 2457 3216 quoque
2493 3147 2735 3202 delinivit
2759 3148 2827 3202 ".
2867 3149 3016 3217 Quis,
3055 3152 3140 3207 vel
3169 3153 3411 3221 senibus,
3449 3155 3536 3210 vel

1953 3237 2242 3308 juvenibus
2270 3254 2424 3309 aeque
2450 3241 2790 3308 venerabilis,
2831 3257 2936 3298 non
2980 3243 3047 3300 de
3088 3255 3286 3301 nostrae
3327 3256 3538 3302 tantum

1964 3329 2241 3383 memoriae
2270 3329 2403 3384 viris
2433 3329 2645 3399 loquor,
2697 3332 2791 3388 sed
2827 3335 2893 3389 de
2924 3334 2989 3388 iis
3017 3335 3210 3401 etiam,
3254 3337 3343 3405 qui
3382 3337 3542 3408 longo

1965 3429 2094 3475 ante
2116 3428 2358 3490 tempore
2381 3422 2672 3477 vixerunt?
2694 3424 2825 3491 Quis
2853 3426 3095 3482 doctrina
3127 3439 3347 3498 propter
3363 3444 3541 3484 mores

1965 3512 2146 3567 minus
2173 3512 2352 3582 eguit?
2377 3511 2508 3579 Quis
2538 3521 2716 3568 tamen
2742 3515 3049 3571 uberiorem
3090 3516 3393 3573 doctrinam
3416 3534 3540 3572 cum

1966 3603 2210 3659 moribus
2238 3603 2556 3672 conjunxit?
2601 3605 2755 3673 Quod
2800 3607 3094 3678 disciplinae
3137 3624 3309 3680 genus
3338 3618 3440 3676 est,
3486 3611 3542 3664 in

1967 3709 2076 3765 quo
2113 3704 2362 3751 versatus
2408 3712 2515 3751 non
2562 3698 2665 3764 sit,
2709 3706 2872 3767 atque
2917 3700 2992 3755 ita
3031 3702 3229 3757 eximie
3270 3712 3539 3761 versatus.

1959 3783 2115 3853 quasi
2156 3783 2210 3839 in
2255 3799 2321 3841 eo
2353 3785 2471 3842 solo
2498 3787 2873 3845 elaborasset?
2927 3789 3019 3846 Sic
3065 3792 3317 3846 nimirum
3359 3793 3543 3848 omnia

1959 3875 2295 3945 complexus,
2338 3885 2399 3932 ut
2431 3893 2498 3933 ne
2518 3895 2681 3934 unum
2714 3880 2931 3950 quidem
2961 3882 3246 3952 quisquam
3270 3923 3286 3950 ,
3328 3883 3543 3950 singula

1959 3980 2147 4021 rursus
2190 3967 2263 4021 ita
2304 3969 2372 4023 ad
2412 3985 2710 4037 summum,
2743 3973 2901 4044 quasi
2928 3973 3063 4028 nihil
3091 3974 3235 4030 aliud
3276 3985 3540 4045 praeterea

1960 4057 2263 4115 didicisset.
2296 4061 2380 4116 Ad
2420 4064 2618 4134 ingenii
2646 4065 2791 4119 enim
2818 4065 3093 4121 solertiam
3120 4066 3355 4121 studium
3385 4083 3543 4124 acce-

1962 4151 2165 4220 debat,
2217 4168 2283 4211 ex
2335 4156 2532 4224 quibus
2584 4157 2868 4227 imperium
2922 4158 3165 4215 scientiis
3223 4168 3280 4214 et
3331 4159 3541 4216 artibus

358 4467 436 4540 (3)
490 4463 658 4540 Παρᾲ
706 4462 929 4540 ᾼύδιον
978 4462 1155 4540 ἅρμα.
1196 4460 1367 4540 Tanta
1406 4469 1527 4516 erat
1562 4458 1863 4540 _Lydiornm
1896 4460 1941 4515 D
1969 4466 2025 4538 et
2075 4456 2416 4540 Ephialtem,
2453 4462 2588 4517 duos
2640 4477 2845 4532 magnae
2895 4465 3239 4534 proceritatis
3296 4469 3544 4539 gigantes

281 4529 542 4596 curruum
573 4529 841 4600 celeritas,
867 4545 924 4587 ut
951 4529 1096 4588 nullo
1128 4534 1287 4587 modo
1311 4529 1577 4585 anteverti
1617 4529 1857 4600 possent.

285 4611 426 4666 IIinc
454 4599 834 4675 proverbium,
895 4618 1011 4675 quo
1043 4612 1319 4667 notantur,
1375 4602 1467 4671 qui
1523 4615 1647 4655 cum
1692 4599 1861 4656 multo

284 4674 757 4750 prastantioribus
783 4674 1140 4729 contendunt.

359 4771 438 4839 (4)
477 4766 731 4837 Ἀθῆναι.
781 4765 933 4821 Pass.
969 4765 1138 4827 addit,
1176 4762 1459 4833 ἠκούοντο,
1499 4780 1519 4812 ι
1566 4759 1856 4815 audiebam

286 4853 396 4897 tur.
435 4859 455 4891 ι

384 4931 439 5001 5)
486 4929 816 5001 Τοσούτοις.
843 4926 935 5001 Sic
969 4925 1149 5001 plures
1175 4926 1366 5001 Ilegg.,
1396 4925 1502 4979 duo
1540 4922 1737 4989 Coisl.,
1768 4921 1863 4977 Or.

282 5004 343 5072 2,
368 4994 518 5066 Pan,
546 5000 725 5063 Pass.,
756 5008 860 5052 etc.
905 4994 979 5050 In
1001 4997 1113 5059 ed.,
1138 4994 1422 5057 τοιούτοις.

360 5096 526 5165 (6)οι
567 5091 858 5162 Ὀρέσται,
882 5098 989 5165 etc.
1026 5107 1043 5165 ι
1077 5086 1296 5143 Orestes
1321 5097 1375 5141 et
1395 5086 1624 5156 Pylades
1636 5105 1678 5165 ’ρ
1716 5094 1865 5165 tanto

285 5155 478 5221 amore
516 5155 653 5218 inter
686 5177 747 5216 se
779 5159 1044 5228 complexi
1083 5168 1231 5221 sum,
1272 5166 1352 5220 ut,
1395 5155 1603 5210 mortuo
1634 5155 1858 5226 Pylade.

289 5254 398 5291 una
430 5250 553 5291 cum
584 5248 650 5288 eo
681 5231 904 5286 Orestes
933 5231 986 5283 in
1019 5229 1288 5281 infernum
1318 5228 1676 5282 descenderit.

361 5328 442 5401 (7)
485 5322 866 5401 M01!0‘V[506._
912 5341 931 5373 ι
990 5319 1303 5401 hlolionidte
1348 5336 1367 5369 ι
1418 5317 1615 5401 gemini
1654 5317 1867 5399 fratres

288 5387 447 5452 erant
482 5406 593 5450 tum
635 5392 953 5462 corporibus
975 5431 991 5456 ,
1024 5399 1136 5443 tum
1183 5388 1409 5462 artibus.
1443 5387 1865 5462 Gregoriu'_s_eos

285 5483 324 5527 a
350 5476 524 5522 matre
552 5482 572 5516 ι
607 5457 921 5518 Molionidas
957 5481 978 5513 ι
1007 5469 1199 5523 vocat;
1230 5458 1490 5512 Homerus
1520 5473 1668 5521 vero,
1696 5457 1859 5511 Iliad.

289 5556 369 5603 χι,
406 5552 550 5591 vers.
581 5534 705 5597 749,
729 5543 785 5588 et
818 5547 978 5603 xxut,
1004 5545 1146 5585 vers.
1177 5528 1302 5603 b58,
1334 5543 1364 5581 a
1395 5536 1547 5603 patre
1576 5527 1864 5603 _Ac_t_oridas

291 5597 548 5678 appellat.
582 5604 737 5678 Quod
766 5602 980 5678 errandi
1016 5598 1616 5678 occasiunetnprmbnit
1644 5597 1856 5678 Nomio,

289 5666 406 5749 qui,
435 5666 629 5735 contra
652 5674 896 5746 Gregorii
923 5679 1177 5735 mentem,
1207 5685 1302 5739 per
1336 5667 1673 5734 Molionidas,
1695 5666 1855 5725 Otum

1970 4529 2255 4583 intellexit.

2163 4620 2486 4696 Ὺξιᾳχθεις.
2649 4624 2705 4688 2,
2739 4625 3014 4696 ἐπαχθείς.

2043 4691 2699 4768 (9)-λΔεξξᾴμενοςζΡιιεδη
2731 4691 3186 4768 καταδεξάμενος.

2048 4761 2160 4832 (10)
2188 4765 2465 4820 Νύσσαν.
2495 4763 2586 4818 Sic
2612 4767 2717 4820 duo
2741 4761 3071 4830 Coisluvetc.
3092 4761 3158 4823 In'
3178 4784 3290 4836 eu.,
3315 4771 3541 4842 νήσσαν.

2046 4854 2159 4924 (11)
2184 4855 2287 4929 Τις
2305 4856 2434 4929 μὲν-
2449 4857 2602 4929 οὕτω
2619 4858 2847 4929 *πολιὸς
2874 4855 2953 4929 ἦν
2978 4860 3092 4929 τὴν
3129 4863 3404 4916 σύνεσιν.
3453 4863 3544 4918 Sic

1973 4923 2156 5046 plures
2181 4923 2372 4995 Regg.,
2401 4926 2494 4982 Or.
2525 4928 2581 4991 2,
2618 4927 2767 4995 Par.,
2792 4923 2907 4985 etc.
2928 4931 2982 4984 In
3004 4923 3113 4997 ed.,
3145 4931 3240 4995 Τίς
3271 4931 3411 4986 οὑτω
3448 4951 3544 4987 πο-

2009 4992 2082 5046 ιὸς
2119 4995 2217 5046 μὲν
2245 4996 2343 5046 τὴν
2377 4997 2609 5046 σύνεσιν.

2009 4992 2082 5058 ιὸς
2118 4995 2217 5065 μὲν
2245 4992 2343 5067 τῆν
2377 4997 2609 5052 σύνεσιν.

2045 5087 2159 5159 (12)
2204 5089 2415 5159 Τούτῳ.
2448 5088 2634 5159 Plures
2674 5089 2845 5158 Regg.
2882 5101 2937 5146 et
2965 5090 3178 5159 Comb.,
3219 5093 3400 5148 τοῦτο.

2043 5157 2156 5228 (15)
2195 5158 2420 5228 Λόγων.
2453 5158 2643 5228 ,Pass.,
2677 5157 2856 5228 λόγου.

2042 5227 2155 5298 (14)
2197 5227 2361 5281 Οὕτω
2384 5227 2519 5298 μέν.
2550 5230 2644 5283 Or.
2670 5231 2706 5283 2
2728 5227 2782 5284 et
2809 5232 2956 5284 Pass.
2985 5232 3207 5297 addunt,
3236 5228 3349 5287 οὖν.

2041 5297 2155 5374 (15)
2192 5297 2262 5374 Τό
2300 5297 2517 5374 separet;
2550 5299 2781 5368 ἔχουσι.
2802 5301 3045 5374 _N_i_cetas
3075 5301 3573 5374 :KazopOoﬁvmty

1968 5368 2063 5421 καὶ
2094 5368 2193 5440 τὴν
2235 5369 2385 5438 ἰσχὺν
2430 5368 2674 5438 ἔχουσιν
2718 5387 2737 5419 ι
2790 5371 2994 5436 Quibus
3035 5368 3357 5430 scientiat'et
3386 5384 3536 5431 artes

1948 5445 2370 5506 comparantur,
2403 5455 2467 5493 ac
2508 5440 2615 5493 vim
2643 5440 2906 5494 obtinent.

2037 5529 2148 5598 (16)
2183 5529 2385 5598 Τόνον.
2427 5527 2521 5584 0r.
2552 5529 2589 5584 Ξ).
2625 5539 2680 5584 et
2707 5529 2884 5598 Pass.,
2910 5530 3000 5584 τὸν
3030 5531 3205 5588 τόνον,

2036 5597 2150 5672 (17)
2190 5597 2396 5669 Τάχος.
2430 5601 2527 5657 0r.
2572 5600 2608 5655 2
2642 5609 2697 5657 et
2726 5597 2904 5670 Pass.,
2941 5601 3004 5655 τὸ
3034 5602 3221 5675 τάχος.
