3902 6218
420 329 523 385 Ξῖ27

1625 326 1683 382 S.
1723 326 2050 382 GREGORII
2091 325 2436 383 'l‘llEOLOGi

3567 336 3685 394 59.3

416 449 782 512 comparatur.
831 440 932 508 Qui
993 456 1116 496 cum
1184 440 1461 497 celeritate
1527 450 1734 497 natura:
1783 454 1984 513 proptet

2103 445 2390 516 ἀμφότερα
2418 443 2719 509 συλλαϐὼν,
2753 446 2847 498 καὶ
2887 447 2966 511 είς
2996 445 3056 501 ἓν
3094 447 3337 517 ἀγαγὼν,
3372 449 3514 503 ὥστε
3543 452 3687 525 ἄδη-

417 538 654 594 lahorcm
713 549 767 592 et
820 538 1219 592 contentionem
1265 537 1485 591 minime
1548 552 1683 607 Opus
1738 537 1991 602 haberet,

417 630 871 699 quemadmodum
898 644 997 683 nec
1039 628 1219 683 labore
1246 639 1467 699 propter
1496 630 1696 699 ingenii
1726 633 1993 701 magnitu-

417 722 627 785 dinem;
679 720 757 774 sic
811 729 988 775 tamen
1044 730 1333 788 utrumque
1370 717 1742 787 conjunxerat,
1782 730 1840 773 ut
1886 736 1990 775 non

415 814 551 867 satis
576 811 828 880 liqueret,
861 822 984 864 utro
1014 812 1231 866 nomine
1260 810 1635 865 admirabilior
1666 823 1829 865 esset.
1862 812 1995 877 Quis

414 904 470 958 iu
499 905 791 968 rhetorica,
835 904 947 968 illa,
986 904 1226 972 inquam,
1260 904 1367 956 vim
1409 904 1547 974 ignis
1578 903 1836 973 spirante,
1869 920 1992 958 cum

409 1012 478 1050 eo
522 996 937 1063 comparandus,
972 996 1188 1050 tametsi
1238 995 1381 1050 illius
1423 1009 1601 1050 mores
1646 1011 1674 1048 a
1717 996 1991 1049 rhetorum

413 1089 655 1144 moribus
685 1087 1038 1142 dissiderent?
1076 1087 1205 1153 Quis
1234 1088 1285 1141 in
1329 1087 1706 1156 grammatica,
1745 1102 1868 1157 quae
1895 1086 1994 1140 lin—

412 1198 567 1251 gnam
599 1182 665 1235 ad
693 1181 1045 1236 Graecismum
1078 1179 1301 1243 format,
1334 1180 1588 1235 historias
1617 1180 1843 1249 colligit,
1877 1195 1993 1234 me-

415 1273 513 1326 tris
553 1281 773 1341 praeest,
811 1271 1145 1326 carminibus
1195 1273 1339 1340 leges
1380 1271 1712 1341 praescribit?
1767 1272 1897 1337 Quis
1939 1272 1992 1323 in

412 1364 782 1432 philosophia,
826 1363 1040 1417 excelsa
1078 1362 1435 1433 proculdubio
1485 1361 1742 1426 scientia,
1783 1372 1835 1415 et
1875 1376 1994 1415 sur-

411 1468 529 1508 Stltll
580 1454 878 1523 gradiente,
935 1455 1050 1509 sive
1087 1467 1205 1506 eam
1256 1464 1463 1521 partem
1510 1461 1752 1522 Spectas,
1782 1466 1901 1519 quae
1936 1451 1990 1504 in

412 1548 623 1598 actione
650 1554 703 1597 et
728 1542 1094 1611 speculatione
1116 1541 1295 1610 posita
1325 1550 1428 1604 est,
1465 1540 1581 1594 sive
1609 1554 1752 1604 eam,
1786 1552 1904 1606 quze
1934 1538 1987 1588 in

412 1637 599 1708 logicis
652 1634 1211 1691 demonstratiouibus
1278 1645 1371 1688 aut
1438 1632 1869 1702 oppositiouibus
1939 1640 1994 1683 et

412 1728 907 1784 concertationibus
945 1727 1114 1798 789
1146 1736 1414 1793 versatur,
1446 1739 1607 1794 quam
1646 1723 1988 1777 Dialecticam

2097 535 2187 589 λον
2228 532 2388 603 εἶναι,
2449 535 2666 607 ποτέρῳ
2689 536 2894 590 τούτων
2946 541 3151 603 ἐκεῖνος
3199 540 3685 615 θαυμασιώτερος.

2097 624 2194 688 Τίς
2222 627 2321 696 μὲν
2347 626 2643 697 ῥητορικὴν
2669 627 2940 691 τοσοῦτος,
2966 629 3066 700 τὴν
3105 630 3276 702 πυρὸς
3301 631 3462 701 μένος
3495 634 3688 687 πνέου-

2098 735 2196 772 σαν
2226 719 2357 789 (18),
2381 721 2429 773 εἰ
2460 718 2555 772 καὶ
2582 719 2642 772 τὸ
2677 716 2808 792 ἦθος
2833 720 2982 791 αὐτῷ
3006 722 3080 793 μὴ
3122 722 3263 775 κατὰ
3296 726 3531 796 ῥήτορας
3556 721 3629 798 ἦν
3662 744 3685 795 ;

2095 808 2179 871 τίς
2199 809 2254 861 δὲ
2286 809 2703 881 γραμματικὴν,
2719 810 2756 881 ἢ
2777 809 3028 879 γλῶσσαν
3053 811 3404 884 ὲξελληνίζει,
3423 815 3517 868 καὶ
3537 817 3687 869 ίστο-

2099 898 2220 969 ρίαν
2236 900 2345 970 (l9)
2363 900 2604 968 συνάγει,
2624 900 2717 952 καὶ
2742 899 2960 970 μέτροις
2976 902 3275 965 ἐπιστατεῖ,
3289 904 3382 956 καὶ
3398 905 3689 975 νομοθετεῖ

2096 993 2417 1059 ποιήμασιν;
2439 990 2523 1054 τίς
2538 990 2595 1043 δὲ
2617 990 2955 1059 φιλοσοφίαν,
2975 991 3074 1062 τὴν
3095 992 3264 1057 ὅντως
3282 994 3491 1067 ὑψηλήν
3506 1014 3566 1049 τε
3584 1000 3688 1052 καὶ

2096 1081 2210 1135 ἄνω
2239 1082 2548 1153 βαίνουσαν,
2576 1084 2674 1156 ὅση
2710 1102 2769 1137 τε
2803 1085 3079 1157 πρακτικὴ
3104 1086 3552 1159 κανθεωρητικὴ,
3574 1091 3682 1162 ὅση

2098 1189 2159 1224 τε
2217 1174 2345 1244 περὶ
2402 1173 2501 1237 τὰς
2556 1174 2782 1243 λογικὰς
2841 1175 3143 1240 ἀποδείξεις
3217 1178 3313 1230 καὶ
3371 1180 3683 1245 ἀντιθέσεις

2095 1262 2207 1333 ἔχει
2253 1264 2365 1335 (20)
2400 1266 2494 1318 καὶ
2519 1266 2587 1319 τὰ
2632 1265 3002 1337 παλαίσματα,
3036 1267 3103 1339 ἣν
3136 1267 3199 1339 δὴ
3248 1268 3360 1339 (21)
3404 1270 3687 1327 διαλεκτι-

2095 1356 2198 1424 κὴν
2229 1356 2585 1425 ὀνομάζουσιν
2608 1374 2622 1389 ’
2646 1358 2721 1422 ὡς
2744 1360 2874 1429 ρᾷον
2892 1354 3170 1423 εἶναιτοὺς
3187 1360 3546 1432 λαϐυρίνθους
3561 1364 3658 1436 (22

2093 1447 2463 1519 διεξελθεῖν,ἢ
2506 1449 2605 1513 τὰς
2650 1451 2858 1504 ἐκείνου
2892 1450 3001 1503 τῶν
3046 1451 3219 1520 λόγων
3261 1453 3434 1523 ἄρκυς
3477 1455 3679 1526 διαφυ-

2095 1542 2229 1607 γεῖν,
2257 1543 2303 1593 εί
2329 1540 2519 1594 τούτου
2547 1543 2820 1613 δεήσειεν;
2863 1543 3258 1616 Ἀστρονομίας
3293 1548 3370 1609 δὲ,
3409 1550 3501 1601 καὶ
3531 1566 3682 1617 γεω-

2097 1631 2344 1701 μετρίας,
2390 1633 2486 1686 καὶ
2531 1632 2783 1704 ἀριθμῶν
2840 1634 3131 1705 ἀναλογίας
3165 1636 3417 1691 τοσοῦτον
3468 1638 3681 1705 λαϐὼν,

2093 1725 2216 1778 ὅσον
2268 1723 2342 1795 μὴ
2378 1724 2682 1778 κλονεῖσθαι
2740 1727 2853 1789 τοῖς
2910 1725 3039 1797 περὶ
3088 1726 3261 1781 ταῦτα
3295 1729 3525 1800 κομψοῖς
3548 1750 3562 1764 ο
3617 1734 3685 1787 τὸ

410 1828 634 1885 vocant;
676 1821 729 1874 in
777 1835 881 1888 qua
915 1820 1052 1873 adeo
1078 1818 1349 1882 excelluit,
1390 1827 1450 1870 ut
1490 1816 1578 1881 iis,
1631 1818 1720 1884 qui
1766 1830 1886 1869 cum
1929 1828 1984 1868 eo

2097 1815 2348 1885 περιττὸν
2376 1814 2683 1881 διέπτυσεν,
2719 1814 2794 1879 ὡς
2825 1816 3097 1887 ἄχρηστον
3126 1821 3240 1882 τοῖς
3264 1820 3507 1873 εὐσεϐεῖν
3553 1822 3681 1876 ἑθέ-

410 1912 778 1981 disputabant,
808 1911 1017 1966 facilius
1045 1920 1190 1965 esset
1242 1924 1274 1965 e
1315 1907 1635 1976 lahyrinthis
1671 1922 1791 1961 sese
1827 1905 1995 1960 extri-

412 2017 556 2066 care,
579 2017 739 2072 quam
770 2012 1215 2071 argumentorum
1259 2000 1380 2069 ejus
1409 2000 1630 2068 laqueos
1657 1995 1915 2067 effugere,
1946 1996 1990 2049 si

412 2097 630 2167 quando
667 2113 753 2151 res
787 2099 858 2150 ita
885 2095 1223 2165 postularet?
1260 2094 1379 2150 Jam
1408 2108 1539 2148 vero
1580 2091 1988 2153 astronomiam,

412 2187 797 2255 geometriam,
869 2200 1216 2240 numerorum
1280 2184 1657 2253 proportiones
1731 2182 1991 2235 hactenus

412 2281 667 2335 didicisse
693 2288 1003 2342 contentus,
1034 2288 1093 2330 ut
1116 2291 1220 2331 nou
1251 2276 1318 2330 ab
1353 2276 1440 2340 iis,
1476 2275 1568 2345 qui
1599 2274 1651 2327 in
1686 2272 1989 2343 huiusmodi

414 2375 573 2428 rebus
612 2372 732 2427 sciti
780 2380 835 2426 et
865 2369 1065 2424 eruditi
1107 2377 1234 2423 sunt
1277 2367 1674 2437 exagitaretur;
1728 2364 1989 2434 quidquid

411 2472 714 2534 supererat,
750 2473 808 2516 ut
834 2462 1050 2532 pietatis
1081 2460 1381 2515 cultoribus
1417 2458 1816 2528 infrugit'erum,
1862 2472 1990 2510 con-

413 2550 664 2617 tempsit,
694 2548 830 2603 adeo
863 2558 939 2611 ut,
973 2556 1026 2603 et
1050 2550 1192 2618 quod
1225 2545 1406 2616 elegit,
1438 2547 1611 2617 magis
1645 2546 1899 2600 admirari
1927 2560 1990 2599 ac

411 2641 705 2711 praedicare
730 2641 908 2705 liccat,
933 2655 1096 2709 quam
1133 2639 1276 2710 quod
1307 2639 1556 2709 reliquit,
1603 2647 1658 2692 et
1695 2652 1902 2703 rursus,
1935 2637 1989 2691 id

410 2732 555 2800 quod
610 2731 850 2801 reliquit,
907 2730 1098 2798 maiori
1155 2729 1314 2784 laude
1369 2729 1598 2793 eli‘erre,
1639 2744 1799 2797 quam
1843 2729 1987 2797 quod

410 2825 591 2895 elegit.
634 2823 766 2876 Nam
799 2822 1145 2886 medicinam,
1180 2836 1300 2890 quae
1324 2820 1678 2891 philosophia:
1706 2829 1759 2875 et
1790 2819 1988 2874 laboris

410 2927 573 2985 atque
608 2914 885 2969 industria:
918 2913 1126 2969 fructus
1176 2922 1288 2980 est,
1335 2914 1579 2982 corporis
1622 2913 1873 2978 morbus,
1924 2924 1989 2964 ac

412 3008 585 3062 morbi
633 3006 870 3071 curatio,
921 3005 1280 3061 necessariam
1323 3005 1423 3074 ipsi
1466 3003 1809 3068 reddiderat;
1848 3002 1989 3056 unde

408 3114 657 3162 exorsus,
707 3098 773 3152 ad
823 3097 957 3152 artis
1006 3096 1247 3151 habitum
1287 3095 1501 3148 tandem
1551 3092 1813 3163 pervenit.
1853 3092 1983 3147 Eam

2095 1904 2275 1958 λουσιν
2295 1921 2309 1935 ο
2341 1903 2481 1958 ὥστε
2508 1904 2707 1976 μᾶλλον
2748 1905 2846 1975 μὲν
2885 1905 2947 1958 τὸ
2976 1908 3193 1977 αἱρεθὲν
3214 1908 3308 1961 τοῦ
3340 1911 3682 1982 παρεθέντος

2095 1997 2295 2064 ἐξεῖναι
2360 1997 2683 2068 θαυμάζειν,
2741 1996 2941 2067 μᾶλλον
2988 1997 3045 2050 δὲ
3101 1998 3196 2052 τοῦ
3251 2001 3563 2071 αἱρεθέντος
3614 2004 3686 2058 τὸ

2096 2088 2355 2158 παρεθέν.
2393 2088 2668 2160 ’ἰατρικὴν
2704 2089 2803 2159 μὲν
2836 2091 2946 2160 γὰρ
2982 2090 3076 2143 καὶ
3108 2092 3141 2161 ἡ
3172 2090 3268 2145 τοῦ
3301 2093 3548 2165 σώματος
3576 2097 3685 2167 dp.

2096 2184 2322 2255 ρωστία,
2362 2182 2456 2237 καὶ
2509 2184 2802 2253 νοσοκομία
2842 2183 2977 2253 (25),
3014 2185 3335 2254 φιλοσοφίας
3380 2189 3474 2240 καὶ
3523 2190 3683 2259 φιλο-

2094 2274 2284 2337 πονίας
2308 2269 2475 2326 οὖσαν
2502 2276 2735 2345 καρπὸν,
2760 2276 3065 2344 ἀναγκαίαν
3094 2277 3243 2348 αὐτῷ
3277 2282 3676 2352 πεποιήκασιν·

2093 2364 2214 2420 ὅθεν
2248 2364 2553 2437 ἀρξάμενος
2580 2404 2597 2429 ,
2633 2367 2713 2429 εἰς
2762 2365 2875 2430 ἕξιν
2908 2367 3009 2438 τῆς
3039 2368 3235 2440 τέχνης
3280 2372 3505 2441 ἀφίκετο
3528 2390 3543 2404 ⁸
3576 2375 3682 2428 καὶ

2091 2456 2315 2526 ταύτης,
2344 2457 2441 2528 οὐχ
2473 2457 2573 2527 ὅση
2627 2458 2757 2529 περ)⁷
2806 2458 2867 2511 τὸ
2900 2458 3223 2531 φαινόμενον
3274 2463 3385 2534 ἔχει
3418 2466 3513 2518 καὶ
3567 2467 3679 2520 κά-

2092 2563 2168 2599 τω
2199 2546 2311 2617 (2ί)
2347 2547 2619 2617 κείμενον,
2658 2547 2774 2600 ἀλλ’
2806 2547 2932 2600 ὅσον
2959 2549 3288 2620 δογματικδν
3328 2553 3422 2604 καὶ
3452 2552 3676 2621 φιλόσο-

2092 2656 2209 2709 φον.
2246 2638 2406 2691 Ἀλλὰ
2434 2639 2485 2692 τί
2516 2638 2711 2702 ταῦτα,
2734 2640 2937 2711 καίπερ
2966 2640 3272 2710 τηλικαῦτα
3292 2636 3675 2714 τυγχάνοντα,

2091 2729 2227 2799 πρὸς
2252 2728 2349 2799 τὴν
2389 2731 2448 2783 ὲν
2480 2728 2557 2800 τῷ
2601 2729 2721 2800 ἤθει
2767 2730 2861 2783 τοῦ
2903 2731 3095 2801 ἀνδρὸς
3128 2731 3445 2798 παίδευσιν;
3491 2734 3678 2804 Λῆρος

2089 2824 2199 2885 τοῖς
2226 2820 2320 2874 τοῦ
2346 2822 2541 2893 ἀνδρὸς
2578 2823 3008 2893 πεπειραμένοις
3032 2825 3060 2876 ὁ
3088 2822 3270 2888 Μίνως
3299 2824 3412 2893 (25)
3440 2826 3678 2891 ἐκεῖνος,

2090 2912 2183 2966 καὶ
2215 2914 2244 2965 ὁ
2277 2913 2654 2984 Ῥαδάμανθυς
2680 2954 2696 2977 ,
2744 2914 2837 2978 οὓς
2892 2914 3201 2984 ἁσιροδελῶν
3238 2915 3520 2988 λειμώνων
3571 2921 3679 2974 καὶ

2101 3005 2364 3059 Ἦλυσίων
2392 3006 2507 3077 (26)
2552 3006 2750 3060 πεδίων
2782 3006 3023 3076 ἠξίωσαν
3045 3006 3328 3077 Ἕλληνες,
3358 3010 3416 3061 ὲν
3463 3027 3678 3078 φαντα-

2090 3096 2181 3168 σίᾳ
2224 3097 2319 3150 τοῦ
2373 3098 2495 3152 καθ’
2528 3101 2675 3169 ἡμᾶς
2704 3100 3032 3171 παραδείσου
3082 3100 3385 3170 γενόμενοι,
3441 3102 3506 3155 ὲκ
3557 3103 3681 3158 τῶν

409 3205 573 3260 porro
593 3191 728 3245 artis
750 3200 961 3259 partem
989 3188 1246 3257 intelligo,
1272 3201 1378 3241 non
1401 3202 1522 3256 qua:
1542 3187 1683 3241 circa
1703 3185 1984 3256 perspicua

2096 3190 2420 3255 Μωσαῖκῶν,
2454 3185 2630 3260 οἶμαι,
2667 3190 2886 3260 βιϐλίων
2930 3188 3045 3261 (27)
3102 3190 3197 3261 κα).
3250 3193 3559 3263 ἡμετέρων,
3611 3196 3670 3248 ει

408 3282 685 3352 oculisque
711 3281 952 3351 subjecta
990 3291 1042 3336 et
1065 3280 1286 3335 humilia
1318 3291 1589 3344 versatur,
1630 3280 1725 3335 sed
1764 3293 1883 3349 quae
1927 3279 1980 3332 in

410 3373 652 3426 doctrina
704 3380 759 3426 et
813 3371 1150 3440 philosophia
1197 3370 1465 3425 consistit.
1522 3370 1627 3423 Sed
1669 3371 1797 3438 quid
1844 3370 1981 3435 haec,

2086 3281 2182 3334 καὶ
2213 3280 2341 3351 περὶ
2373 3281 2472 3351 τὴν
2506 3282 2696 3351 κλῆσίν
2733 3300 2785 3335 τι
2814 3282 3208 3356 διηνέχθησαν,
3246 3284 3306 3337 ὲν
3342 3284 3522 3350 ἄλλοις
3552 3287 3679 3339 ὀνό-

2092 3388 2225 3442 μασι
2252 3371 2408 3425 τοῦτο
2446 3372 2957 3444 παραδηλιῖωαντες.

411 3464 621 3516 tametsi
672 3478 862 3532 magna
902 3477 955 3516 et
999 3462 1279 3530 praeclara,
1333 3462 1379 3517 si
1416 3476 1540 3515 cum
1582 3476 1793 3515 morum
1844 3460 1987 3515 illius
2024 3464 2270 3517 doctrina
2301 3463 2688 3519 conferantur?
2716 3466 2815 3533 Qui
2854 3465 3068 3519 virtutis
3129 3465 3301 3534 ipsius
3363 3468 3669 3538 periculum

408 3551 676 3613 fecerunt,
744 3552 973 3607 Minoem
1030 3553 1178 3606 illum
1230 3568 1295 3608 ac
1352 3553 1822 3607 Rhadamanthum
1884 3567 1983 3621 pro
2053 3555 2207 3622 nugis

2289 3555 2516 3623 habent,
2566 3572 2702 3625 quos
2753 3561 2920 3628 pratis
2973 3562 3267 3630 asphodelo
3318 3563 3553 3627 refertis,
3610 3574 3673 3619 et

409 3647 612 3712 eampis
646 3646 840 3711 Elysiis
866 3646 1039 3701 Graeci
1072 3644 1352 3699 donandus
1388 3644 1683 3707 duxerunt,
1729 3644 1964 3712 paradisi
2006 3645 2255 3700 videlicet
2297 3648 2469 3701 nostri
2532 3648 2765 3716 speciem
2830 3652 3118 3718 quamdam
3156 3654 3336 3705 animo
3367 3652 3668 3717 intuentes,

411 3753 575 3811 atque
621 3758 685 3797 ex
738 3741 1009 3811 Mosaicis,
1065 3752 1123 3796 ut
1181 3742 1391 3811 opinor,
1444 3741 1755 3811 nostrisque
1800 3740 1972 3808 libris,
2016 3742 2228 3797 tametsi
2276 3743 2330 3796 in
2375 3743 2592 3798 nomine
2622 3743 2862 3797 nonnihil
2918 3743 3301 3813 discreparint,
3335 3744 3457 3798 aliis
3482 3754 3667 3799 tamen

408 3831 688 3885 voeabulis
710 3833 810 3885 hoc
840 3831 1012 3900 ipsum
1043 3829 1361 3884 indicantes.

482 3923 676 3978 XXIV.
706 3923 885 3993 Atque
924 3922 1039 3976 haec
1074 3923 1144 3975 ita
1179 3936 1236 3976 se
1275 3920 1570 3984 habebant,
1617 3929 1843 3990 eratque
1881 3920 1978 3973 do-

408 4018 598 4070 ctrinae
642 4015 918 4069 mercibus
963 4022 1158 4068 onusta
1207 4010 1395 4073 navis,
1448 4020 1709 4078 quantum
1763 4009 1978 4078 quidem

411 4110 660 4161 humana:
689 4115 894 4160 natura:
926 4105 1140 4173 assequi
1191 4104 1377 4170 datur;
1427 4117 1599 4170 neque
1648 4101 1789 4155 enim
1840 4099 1977 4153 ultra

408 4198 586 4254 Gades
624 4205 954 4252 transmeare
982 4195 1232 4263 cuiquam
1264 4208 1580 4247 concessum
1610 4200 1729 4255 est;
1781 4206 1843 4244 ac
1865 4191 1978 4257 jam

410 4287 714 4340 faciendum
756 4287 911 4341 uobis
965 4296 1121 4349 erat,
1154 4294 1213 4336 ut
1255 4285 1306 4337 in
1359 4284 1587 4353 patriam
1642 4283 1976 4342 rediremus,

411 4372 806 4446 perfectiusque
859 4377 984 4431 vitae
1026 4390 1193 4446 genus
1245 4376 1585 4439 ordiremur,
1639 4388 1835 4439 resque
1882 4386 1978 4441 spe

2153 3919 2278 3971 ΚΝ.
2309 3911 2438 3987 Εἶχε
2484 3915 2584 3985 μὲν
2624 3910 2718 3968 οὖν
2748 3914 2862 3984 (28)
2900 3914 3043 3969 οὕτω
3084 3914 3279 3980 ταῦτα,
3316 3916 3412 3968 καὶ
3447 3915 3672 3987 πλήρης

2083 4008 2474 4078 παιδεύσεωςὴ
2511 4006 2697 4077 φορτὶς
2739 4006 2875 4075 (29),
2902 4006 2980 4070 ὼς
3017 4005 3149 4074 γοῦν
3201 4008 3422 4075 ἐφικτὸν
3455 4008 3671 4079 ἀνθρω-

2084 4100 2213 4170 πίνῃ
2236 4099 2393 4167 φύσει
2425 4097 2506 4165 (τὸ
2529 4096 2639 4169 γὰρ
2662 4097 2920 4151 ἐπέκεινα
2951 4097 3223 4169 Γαδείρων
3256 4098 3367 4167 (50)
3405 4099 3470 4151 οὐ
3494 4116 3671 4171 περα-

2084 4189 2197 4245 τόν)
2220 4205 2231 4219 ·
2257 4187 2363 4241 ἔδει
2403 4188 2459 4241 δὲ
2495 4187 2680 4243 λοιπὸν
2729 4188 2991 4242 ἐπανόδου
3024 4188 3120 4243 καὶ
3165 4189 3280 4260 βίου
3311 4189 3668 4263 τελειοτέρου,

2086 4279 2178 4332 καὶ
2207 4277 2302 4330 τοῦ
2334 4277 2593 4331 λαϐέσθαι
2619 4278 2727 4333 τῶν
2766 4277 3135 4349 ἐλπιζομένων
3161 4281 3294 4350 ἡμῖν
3323 4280 3419 4332 καὶ
3443 4297 3670 4349 συγκει-

2089 4368 2283 4439 μένων.
2313 4367 2501 4441 Παρῆν
2545 4370 2580 4438 ή
2621 4368 2723 4438 τῆς
2763 4368 3028 4439 ἐκδημίας
3051 4368 3253 4441 ἡμέρα,
3294 4370 3390 4423 καὶ
3434 4371 3537 4424 ὅσα
3563 4371 3667 4442 τῆς

478 4609 958 4687 (18)-Πνέουσαχ,
1003 4608 1243 4687 Quatuor
1280 4607 1526 4687 ReggLeAt
1556 4607 1651 4687 0r.
1682 4604 1984 4687 2,.rrvatou-
2014 4604 2059 4659 D
2089 4603 2250 4687 telligi
2279 4604 2347 4687 de
2368 4604 2694 4671 leprosorum
2714 4605 2891 4687 domo,
2910 4617 3069 4674 quam
3092 4604 3352 4662 Casareze
3379 4616 3668 4665 exstruxe-

412 4675 531 4735 σαν.
577 4679 1050 4759 ll_om_erus_lliad.
1093 4694 1166 4739 vi,
1226 4675 1545 4759 versfilBQ,
1597 4675 1974 4759 de_Chim:era

406 4754 571 4834 verba
606 4750 833 4834 iaciens,
863 4749 946 4830 his
977 4749 1145 4802 utitur
1175 4747 1375 4811 verbis,
1410 4762 1529 4815 qua:
1556 4750 1621 4800 ad
1646 4746 1971 4800 rhetoricam

410 4823 643 4874 traduxit
678 4823 992 4889 Gregorius.

476 4892 586 4960 (19)
633 4891 947 4960 Ἱστορίαν.
979 4887 1032 4940 In
1065 4887 1351 4960 nonnullis,
1389 4885 1653 4955 ἱστορίας.

405 5029 431 5082 ἔ
477 4953 589 5031 (20)
619 4961 750 5017 Καὶ.
784 4953 802 5013 ξ
836 4998 849 5010 .
885 4958 1030 5027 ἔχει.
1064 4957 1231 5026 liegg.
1256 4960 1312 5020 d,
1339 4962 1449 5022 hui,
1480 4953 1548 5025 pit
1578 4970 1632 5010 et
1659 4954 1836 5019 Puss.,

434 5049 536 5082 γοι.

433 5049 591 5176 xii!)
628 5099 856 5176 “Hyan,
895 5096 1084 5176 pomh-
1132 5094 1493 5176 τρεοςιίιδήκ
1606 5163 1616 5176 -
1803 5164 1815 5176 ·
1937 5163 1949 5175 ·

474 5163 587 5239 (22)
626 5163 1049 5247 Λαϐιιρίνθους.
1098 5185 1117 5247 ε
1152 5168 1207 5219 lit
1260 5167 1418 5219 Creta
1448 5163 1456 5165 ἡ
1482 5163 1688 5247 insula,
1725 5182 1745 5215 ι
1803 5163 1977 5247 inquit

403 5235 649 5309 Nonnus,
689 5257 708 5291 ι
738 5235 893 5293 mons
943 5246 1046 5298 εει,
1100 5235 1154 5289 in
1203 5250 1375 5304 eoque
1419 5243 1631 5288 antrum
1680 5235 1972 5303 quoddam,

406 5309 559 5384 cujus
594 5310 861 5384 adituset
900 5308 1077 5384 exitus
1099 5305 1415 5384 __a_dmodum
1448 5303 1676 5384 dillicilis
1703 5313 1973 5384 atqnerar-

404 5374 543 5454 duos
590 5390 741 5444 erat,
788 5380 842 5432 in
898 5378 1065 5454 quod.
1099 5375 1427 5454 Minotaurus
1475 5374 1702 5454 injectus

404 5448 667 5513 Quoniam
712 5443 841 5517 ergo
868 5443 935 5502 ei
971 5447 1277 5517 labyrintho
1316 5459 1435 5499 sese
1467 5445 1733 5498 cxtricare
1757 5443 1974 5497 diiiicile

404 5529 509 5566 est.
560 5518 761 5566 idcirco
810 5520 948 5566 hanc
992 5531 1174 5566 vocem
1227 5519 1293 5566 ad
1345 5529 1437 5566 eas
1477 5516 1800 5566 uttasliones
1839 5513 1974 5566 Gre-

404 5529 509 5582 est,
560 5518 761 5572 idcirco
810 5520 948 5572 hanc
992 5531 1174 5571 vocem
1227 5519 1293 5569 ad
1345 5529 1437 5567 eas
1477 5518 1800 5583 quaestiones
1839 5518 1974 5566 Gre-

404 5591 586 5667 gorius
619 5588 1078 5654 accommodavit,
1121 5603 1152 5642 e
1187 5587 1382 5656 quibus
1419 5584 1667 5638 elabendi
1713 5583 1860 5636 nulla
1892 5589 1975 5637 est

404 5668 585 5798 “2%)
612 5675 987 5799 .Noaoxoplu.
1027 5728 1160 5799 Reg.
1206 5743 1257 5795 c,
1286 5724 1627 5795 νοσοκομεῖα.
1667 5721 1849 5779 Potest
1891 5721 1975 5778 in-

2089 4686 2170 4727 rat
2196 4676 2441 4727 Basilius.

2156 4743 2269 4813 (24)
2307 4742 2495 4797 Κάτω.
2526 4742 2660 4812 Reg.
2693 4744 2785 4813 ph,
2820 4744 2951 4810 ἀνω,
2996 4762 3016 4796 t
3049 4759 3282 4799 sursum.
3315 4763 3335 4797 ι

2155 4814 2268 4885 (25)
2319 4814 2383 4866 '0
2418 4814 2635 4885 Μίνως,
2660 4823 2767 4867 etc.
2800 4832 2820 4866 ι
2849 4814 3019 4885 Minos
3040 4833 3059 4866 ι
3093 4830 3189 4869 rex
3213 4816 3408 4878 Crette,
3431 4826 3487 4871 et
3513 4817 3665 4873 Rha-

2084 4884 2406 4955 damanthus
2432 4884 2610 4955 Lycia:
2664 4884 2892 4955 τοξικοῦ
2939 4884 3266 4954 singularem
3305 4885 3573 4955 justitiam
3629 4905 3660 4941 a

2081 4952 2310 5008 Plutone
2364 4951 2659 5007 inferorum
2706 4952 2919 5021 judices
2969 4951 3274 5021 constituti,
3307 4951 3382 5010 ἰιι
3431 4969 3664 5012 narrant

2118 5036 2274 5077 oeten.

2083 5039 2629 5167 νοῗὲἔῖᾞλυσίωοτ.
2686 5092 2873 5167 Dictus
2929 5102 3016 5148 est
3064 5092 3154 5167 hic
3209 5091 3359 5167 locus
3408 5094 3661 5167 Elysius,

2074 5162 2496 5235 ψιθείάλύσιος,
2533 5163 2637 5224 vel,
2661 5164 2997 5235 --ἀπολύσιος
3028 5162 3129 5232 τῆς
3182 5162 3491 5231 κολάσεως,
3514 5162 3662 5235 quod

2079 5230 2105 5284 ί
2140 5247 2169 5285 a
2205 5248 2360 5302 poena
2387 5234 2578 5287 solvat.
2604 5251 2622 5284 ι
2658 5230 2786 5287 Ilazc
2808 5235 2927 5304 fuit,
2953 5230 3107 5304 justa
3132 5245 3345 5303 poetas,
3375 5230 3662 5293 beatorum

2074 5306 2289 5372 requies
2318 5313 2371 5356 et
2398 5304 2676 5356 habitatio.

2166 5373 2257 5446 Ξῖ)
2297 5373 2567 5446 meum.
2602 5374 2842 5446 Quatuor
2875 5371 3043 5445 Regg.
3085 5382 3141 5430 et
3168 5374 3261 5446 0r.
3285 5376 3340 5441 2,
3370 5375 3592 5446 βίϐλων.

2167 5438 2256 5513 28)
2302 5438 2443 5497 Οὖν.
2462 5445 2640 5513 ,Βθᾲρδι
2664 5444 2716 5496 in
2742 5442 2873 5513 Reg.
2907 5438 3079 5499 bnTet
3100 5447 3193 5499 Or.
3222 5445 3276 5498 2.

2144 5511 2254 5585 (‘29)
2293 5512 2523 5585 Φορτίς.
2542 5511 2677 5583 Reg.
2701 5513 2794 5585 ph.
2819 5511 3057 5585 ᾠροντίς,
3086 5534 3103 5566 ι
3128 5529 3277 5581 cura,
3296 5514 3654 5570 sollicitudo.»

2143 5582 2254 5652 (ὅθ)
2295 5582 2670 5651 Γαδείρων-ί(
2700 5582 2878 5637 Gades
2907 5603 2924 5634 ι
2967 5585 3117 5639 locus
3161 5596 3245 5638 est.
3284 5587 3426 5639 inter
3458 5586 3656 5653 Hispa-

2074 5655 2215 5709 niam
2246 5663 2301 5708 et
2327 5653 2587 5725 Africam,
2622 5654 2714 5707 ubi
2745 5667 2893 5707 mare
2922 5655 3250 5725 permeabile
3283 5670 3402 5709 esse
3430 5656 3662 5725 negavit

2074 5726 2381 5784 antiuuitas.
2414 5722 2565 5779 Unde
2594 5727 2810 5779 ductum
2837 5737 2919 5779 εει
2942 5723 3082 5780 istud
3113 5724 3383 5796 adagium.
