3902 6218
293 208 407 265 529

1116 208 1376 266 ORATIO
1416 211 1601 268 XLIII.
1640 242 1712 253 -—-
1749 215 1814 269 IN
1855 213 2139 271 LAUDEM
2179 217 2427 274 BASILII
2468 218 2705 276 MAGNI.

3461 228 3571 285 530

290 323 592 394 ἐκδημίας,
629 323 892 393 ὲξιτήριοι
920 324 1090 394 λόγοι,
1140 326 1502 397 προπόμπιοι,
1545 327 1891 400 ἀνακλήσεις,

2014 344 2305 403 :onceptas,
2342 346 2504 404 atque
2528 336 2669 389 inter
2694 349 2789 388 uos
2820 347 3147 403 compactas,
3173 341 3564 408 arriperemus.

289 414 557 484 οἰμωγαὶ,
596 414 948 485 περιπλοκαὶ,
989 416 1219 488 δάκρυα.
1260 418 1425 470 Οὐδὲν
1472 416 1583 489 γὰρ
1607 417 1779 482 οὕτως
1800 423 1893 473 οὑ-

292 507 410 560 δενὶ
439 505 557 577 (51)
584 505 850 578 λυπηρὸν,
880 507 955 571 ὡς
995 511 1110 571 τοῖς
1158 510 1337 560 ἐκεῖσε
1382 509 1690 580 συννόμοις,
1738 511 1895 582 Ἀθή-

293 597 430 660 νῶν,
478 597 573 649 καὶ
612 595 857 669 ἀλλήλων
905 597 1201 668 τέμνεσθαι
1244 596 1379 668 (52).
1435 597 1650 652 Γίνεται
1682 600 1746 671 δὴ
1771 600 1894 653 τότε

297 685 487 757 θέαμά
524 704 578 740 τι
632 686 865 740 ἐλεεινὸν
905 687 998 741 καὶ
1049 686 1290 758 ἱστορίας
1327 684 1496 750 ἄξιον.
1534 687 1897 757 Περιστάντες

299 781 456 852 ἡμᾶς
483 780 513 832 6
547 780 657 834 τῶν
689 780 925 852 ἑταίρων
968 780 1063 833 καὶ⁹
1107 779 1310 850 ήλίκων
1355 778 1535 851 χορὸς,
1581 779 1696 833 ἔστι
1737 780 1795 833 δὲ
1821 774 1895 833 ὧν

297 873 398 925 καὶ
426 872 782 937 διδασκάλων,
835 872 947 927 οὐδ’
1006 871 1096 938 ἂν,
1153 871 1208 925 εἴ
1253 889 1308 926 τι
1351 873 1583 940 γένοιτο,
1640 873 1896 943 μεθήσειν

297 964 563 1034 ἔφασκον,
609 964 1020 1028 ἀντιϐολοῦντες
1044 1003 1059 1027 ,
1107 960 1448 1034 βιαζόμενοι,
1496 961 1800 1027 πείθοντες·
1844 965 1895 1018 τί

297 1060 414 1132 γὰρ
440 1061 503 1113 οὑ
546 1060 830 1129 λέγοντες;
858 1059 910 1113 τί
952 1059 1000 1113 δ’
1041 1059 1103 1113 οὑ
1134 1058 1487 1132 πράττοντες,
1518 1051 1592 1111 ὧν
1625 1060 1753 1122 τοὺς
1784 1058 1894 1129 (55)

294 1151 607 1220 ἀλγοῦντας
634 1152 820 1217 εἰκός;
851 1150 1118 1204 Ἐνταῦθα
1138 1167 1191 1203 τι
1214 1150 1579 1223 κατηγορήσω
1607 1150 1706 1221 μὲν
1729 1153 1899 1221 ἐμαυ-

294 1241 424 1309 τοῦ,
453 1244 818 1315 κατηγορήσω
841 1243 898 1296 δὲ
925 1243 1024 1314 τῆς
1072 1242 1223 1307 θείας
1266 1242 1485 1311 ἐκείνης
1516 1243 1610 1296 καὶ
1651 1243 1892 1314 ἀλήπτου

295 1334 508 1405 ψυχῆς,
544 1336 592 1387 εί
640 1335 736 1388 καὶ
781 1334 1076 1406 τολμηρόν.
1129 1335 1190 1387 '0
1243 1334 1344 1406 μὲν
1391 1335 1521 1406 γὰρ,
1574 1334 1674 1399 τὰς
1717 1337 1897 1401 αἰτίας

299 1428 478 1482 εἰπὼν
500 1428 599 1499 τῆς
636 1428 764 1500 περὶ
809 1427 908 1499 τὴν
948 1427 1209 1481 ἐπάνοδον
1250 1426 1601 1496 φιλονεικίας,
1635 1426 1897 1499 κρείττων

300 1517 465 1588 ὤφθη
491 1517 600 1570 τῶν
626 1517 963 1588 κατεχόντων
983 1535 999 1551 ·
1039 1518 1134 1572 καὶ
1183 1517 1275 1588 βίᾳ
1308 1518 1429 1588 μὲν,
1476 1517 1826 1588 συνεχωρήθη
1852 1517 1896 1569 δ’

298 1602 403 1661 οὖν
432 1607 581 1678 ὅμως
618 1606 717 1678 τὴν
761 1606 1047 1678 ἐκδημίαν.
1090 1605 1231 1677 Ἐγὼ
1282 1607 1339 1659 δὲ
1381 1604 1709 1676 ὑπελείφθην
1743 1606 1900 1678 Ἀθή-

1997 425 2196 477 Aderat
2250 425 2522 480 discessus
2573 427 2709 490 dies,
2759 434 2815 480 et
2851 427 3110 497 quidquid
3147 431 3213 483 ad
3265 431 3561 488 discessum

1996 514 2344 583 pertinebat,
2382 529 2638 572 extreuue
2693 518 3047 574 allocutiones
3077 560 3093 585 ,
3136 525 3569 589 prosecutioues,

2000 610 2404 675 revocationes,
2438 611 2690 679 gemitus,
2736 612 3070 680 complexus,
3120 613 3394 683 lacrymze.
3428 614 3570 669 Nihil

1996 701 2139 756 enim
2183 703 2434 772 cuiquam
2465 703 2686 771 perinde
2721 704 3003 759 molestum
3052 715 3109 760 et
3165 711 3420 761 acerbum
3467 722 3574 778 est,

1998 800 2055 845 ut
2088 792 2172 858 iis,
2201 793 2291 861 qui
2324 792 2436 847 illic
2462 793 2622 848 simul
2651 796 2862 849 educati
2894 805 3043 861 sunt,
3070 807 3124 852 et
3166 800 3235 854 ab
3257 800 3491 856 Athenis
3520 811 3576 855 et

2000 883 2141 937 inter
2169 899 2226 938 se
2255 883 2456 938 divelli.
2496 883 2630 938 Tum
2678 885 2841 955 igitur
2895 888 3049 942 triste
3095 898 3149 942 et
3199 891 3458 946 miserum
3508 906 3574 948 ac

1999 974 2515 1029 commemoratione
2587 974 2805 1044 dignum
2903 979 3272 1046 spectaculum
3351 982 3569 1035 accidit.

1999 1063 2368 1119 Circumstare
2417 1079 2517 1118 nos
2548 1064 2813 1118 sodalium
2842 1074 2898 1120 et
2940 1066 3250 1134 aequalium,
3281 1067 3572 1121 nonnullo-

2000 1169 2227 1224 rumque
2256 1154 2420 1208 etiam
2454 1156 2836 1226 magistrorum
2867 1155 3087 1220 chorus,
3127 1168 3350 1224 prorsus
3373 1173 3573 1224 negare

1999 1261 2059 1301 se
2088 1248 2243 1302 nobis
2292 1247 2520 1301 abeundi
2574 1256 2898 1313 potestatem
2943 1247 3219 1315 facturos,
3251 1250 3568 1314 obsecrare,

2000 1352 2212 1406 cogere,
2239 1338 2466 1403 hortari,
2503 1338 2666 1409 790
2687 1341 2868 1393 omnia
2900 1330 3132 1408 denique
3164 1353 3229 1394 ea
3264 1348 3376 1393 tum
3426 1339 3575 1394 face-

2000 1443 2079 1494 re,
2113 1437 2222 1481 tum
2247 1429 2587 1499 diccre,quze
2610 1430 2907 1483 verisimile
2932 1438 3015 1484 est
3037 1445 3150 1491 eos.
3179 1431 3269 1498 qui
3303 1431 3355 1484 in
3385 1431 3573 1485 dolore

2000 1530 2309 1572 versantur.
2346 1518 2460 1573 Hoc
2494 1519 2613 1573 loco
2653 1518 2870 1585 faciam,
2907 1528 2964 1573 ut
3007 1529 3063 1574 et
3115 1520 3376 1591 meipsum
3404 1530 3458 1577 et
3491 1523 3576 1574 di-

2000 1611 2179 1665 vinam
2216 1611 2358 1665 illam
2381 1626 2445 1665 ac
2473 1612 3001 1683 irrepreltensibilcm
3034 1615 3291 1678 animam,
3322 1613 3447 1667 licet
3470 1613 3573 1667 hoc

300 1711 436 1769 νῃσι
455 1713 467 1725 ·
495 1695 557 1749 τὸ
582 1696 681 1767 μέν
702 1713 755 1749 τι
789 1695 1148 1767 μαλακισθεὶς
1171 1696 1474 1769 (εἰρήσεται
1501 1695 1610 1767 γὰρ
1623 1696 1900 1767 τάληθὲς),

2012 1699 2266 1755 audacius
2296 1700 2571 1770 aliquanto
2597 1701 2766 1756 videri
2796 1702 2996 1773 possit,
3028 1702 3275 1756 nonnihil
3302 1687 3572 1756 accusem.

299 1790 372 1843 τὸ
413 1788 471 1842 δέ
531 1806 584 1841 τι
636 1787 919 1859 προδοθεὶς
972 1791 1102 1861 παρ’
1152 1789 1394 1851 ἐκείνου,
1444 1788 1758 1851 πεισθέντος
1788 1788 1898 1861 (54)

299 1881 529 1949 ἀφεῖναι
563 1880 639 1951 μὴ
668 1880 919 1949 ἀφιέντα,
953 1881 1051 1935 καὶ
1081 1880 1483 1953 παραχωρῆσαι
1521 1883 1634 1944 τοῖς
1663 1880 1896 1933 ἕλκουσι.

302 1973 577 2044 Πρᾶγμα,
612 1972 742 2043 πρὶν
787 1971 1064 2041 γενέσθαι,
1114 1973 1190 2045 μὴ
1234 1973 1648 2044 πιστευόμενονο
1693 1971 1902 2041 γίνεται

299 2065 423 2137 γὰρ
448 2064 641 2138 ὥσπερ
667 2064 786 2128 ἑνὸς
813 2062 1064 2136 σώματος
1094 2067 1175 2126 εἰς
1199 2065 1294 2118 δύο
1333 2065 1498 2137 τομή,
1529 2064 1625 2119 καὶ
1663 2048 1903 2135 ἀμφοτέ-

305 2172 428 2226 ρων
462 2154 728 2226 νέκρωσις
753 2171 767 2184 ο
805 2153 838 2226 ἢ
876 2153 1091 2224 μόσχων
1133 2153 1449 2226 συντρόφων
1493 2155 1588 2207 καὶ
1619 2154 1903 2225 ὁμοζὺγων

302 2245 606 2313 διάζευξις,
636 2247 828 2319 γοερὸν
858 2246 970 2318 (55)
1005 2247 1347 2320 μυκωμένων
1392 2248 1479 2301 ἐπ’
1505 2248 1773 2319 ἀλλήλοις,
1811 2248 1905 2302 καὶ

302 2341 378 2394 οὗ
410 2339 682 2410 φερόντων
726 2339 825 2412 τὴν
856 2339 1248 2413 άλλοτρίωσιν.
1290 2341 1364 2394 Οὑ
1419 2341 1524 2412 μὴν
1570 2341 1905 2413 μακρότερόν

308 2449 411 2505 μοι
436 2432 547 2500 (56)
577 2431 639 2484 τὸ
664 2433 767 2502 τῆς
794 2430 998 2504 ζημίας
1017 2450 1030 2463 ·
1062 2434 1124 2486 οὑ
1170 2433 1279 2504 γὰρ
1314 2433 1610 2504 ἠνειχόμην
1643 2433 1755 2504 (57)
1784 2434 1905 2486 ἐπι-

304 2521 504 2575 πλεῖον
529 2522 763 2586 ἐλεεινὸς
803 2523 1055 2594 ὁρᾶσθαι,
1089 2526 1185 2578 καὶ
1208 2526 1343 2577 πᾶσι
1377 2524 1532 2594 λόγον
1559 2525 1783 2596 ὑπέχειν
1808 2526 1908 2596 τῆς

304 2613 652 2677 διαστάσεως
676 2630 690 2644 ·
728 2614 844 2668 ἀλλ’
871 2616 1231 2686 ἐπιμείναντά
1258 2634 1324 2689 με
1355 2620 1474 2683 ταῖς
1511 2617 1762 2690 Ἀθήναις
1785 2619 1910 2690 χρόα

308 2722 408 2760 νον
440 2706 561 2777 οὐχὶ
606 2707 816 2778 συχνὸν,
855 2711 1003 2762 ποιεῖ
1042 2709 1136 2764 τὸν
1186 2710 1484 2781 Ὁμηρικὸν
1536 2711 1700 2764 ἵππον
1739 2710 1846 2783 (58)
1880 2711 1909 2763 6

310 2797 486 2862 πόθος
509 2813 524 2827 ο
568 2798 663 2852 καὶ
701 2798 773 2853 τά
816 2799 992 2871 δεσμά
1038 2800 1209 2873 ῥήξας
1250 2802 1361 2873 (59)
1406 2802 1513 2856 τῶν
1551 2803 1906 2873 κατεχόντων,

310 2890 563 2961 κροαίνω
608 2890 753 2944 κατὰ
789 2892 1009 2957 πεδίων,
1043 2892 1138 2945 καὶ¹
1182 2893 1318 2964 πρὸς
1360 2893 1452 2947 τὸν
1491 2893 1750 2966 σύννομον
1785 2895 1911 2963 ἐφε-

314 2980 519 3053 ρόμην-

2002 1790 2095 1846 llle
2127 1793 2271 1847 enim
2298 1831 2314 1857 ,
2351 1807 2473 1846 cum
2509 1806 2702 1847 causas
2747 1793 3129 1861 exposuisset,
3168 1808 3265 1846 cur
3298 1794 3363 1846 de
3401 1794 3574 1845 reditu

2001 1899 2102 1941 suo
2134 1895 2242 1941 tam
2269 1886 2466 1941 obnixe
2507 1884 2900 1951 contenderet,
2932 1884 3032 1950 iis,
3059 1885 3148 1954 qui
3180 1899 3300 1937 eum
3344 1883 3577 1938 retinere

2004 1978 2359 2045 conabantur,
2396 1978 2645 2049 superior
2686 1977 2926 2044 exstitit;
2973 1987 3027 2031 et
3069 1990 3377 2045 quanquam
3411 1989 3576 2045 azgre,

2005 2071 2235 2126 abeundi
2270 2080 2449 2126 tamen
2502 2070 2819 2124 facultatem
2879 2069 3205 2137 impetravit.
3251 2068 3361 2137 Ego
3394 2080 3574 2122 autem

2002 2162 2233 2218 Athenis
2255 2161 2474 2216 relictus
2495 2176 2649 2227 sum;
2680 2161 2898 2230 partim,
2935 2171 2990 2214 ut
3011 2176 3136 2214 vere
3183 2160 3395 2228 loquar,
3426 2160 3563 2213 ami-

2006 2268 2192 2308 corum
2241 2251 2493 2321 precibus
2517 2250 2819 2316 emollitus;
2868 2250 3062 2319 partim
3105 2249 3172 2304 ab
3208 2250 3324 2317 ipso
3348 2250 3577 2318 quadam

2007 2359 2072 2397 ex
2103 2351 2259 2414 parte
2282 2341 2551 2412 proditus,
2585 2350 2641 2396 ut
2681 2341 2773 2410 qui
2803 2356 2870 2395 eo
2913 2354 2972 2395 se
3023 2341 3216 2394 adduci
3246 2355 3438 2408 passus
3485 2340 3580 2399 sit,

2008 2447 2067 2490 ut
2130 2436 2428 2491 dimitteret
2482 2450 2592 2489 non
2644 2433 3043 2497 dimittentem,
3081 2433 3275 2502 iisque,
3314 2448 3343 2485 a
3381 2432 3581 2501 quibus

2006 2529 2283 2594 trahebar,
2334 2543 2526 2582 manus
2570 2526 2744 2581 daret.
2799 2524 2906 2579 Res
2967 2524 3248 2594 profeCIo,
3289 2532 3581 2593 antequam

2008 2621 2360 2690 contigisset,
2391 2617 2756 2674 incredibilis!
2794 2615 2879 2670 Fit
2903 2616 3046 2668 enim
3078 2614 3426 2683 quasi'unius
3454 2628 3581 2668 cor-

2010 2714 2156 2784 poris
2183 2713 2236 2768 in
2288 2713 2422 2767 duas
2451 2720 2637 2781 partes
2662 2709 2852 2774 sectio,
2890 2718 3053 2774 atque
3095 2707 3376 2776 utriusque
3415 2706 3584 2761 inter-

2010 2807 2243 2877 emptio;
2293 2813 2388 2860 aut
2450 2804 2634 2868 boum,
2676 2802 2769 2873 qui
2819 2800 2980 2855 simul
3011 2800 3201 2855 nutriti
3234 2807 3392 2865 sunt,
3419 2808 3583 2866 atque

2012 2899 2153 2953 idem
2182 2897 2368 2968 iugum
2399 2904 2703 2961 traxerunt,
2737 2892 3044 2962 disiunctio,
3072 2892 3294 2962 lugubre
3322 2891 3582 2960 quiddam

2014 2982 2295 3057 utriusque
2324 3001 2489 3042 causa
2538 2984 2918 3056 mugientium,
2955 2981 3346 3048 dissidiumque
3371 2993 3583 3046 permo-

311 3072 460 3127 leste
489 3071 798 3129 ferentium.
830 3072 941 3129 Nec
976 3083 1154 3129 tamen
1194 3076 1248 3131 in
1282 3077 1497 3145 longum
1532 3079 1663 3133 mihi
1731 3080 1995 3149 producta
2064 3089 2148 3134 est
2198 3080 2314 3135 hac
2365 3078 2677 3145 calamitas;
2747 3091 2918 3145 neque
2960 3072 3102 3127 enim
3167 3070 3368 3125 diutius
3419 3068 3585 3122 miser

310 3168 588 3236 conspici,
624 3178 930 3237 nostraeque
959 3169 1337 3237 disjunctiouis
1367 3173 1631 3229 rationem
1662 3174 1916 3229 omnibus
1957 3174 2182 3229 reddere
2219 3174 2484 3239 sustinui;
2526 3173 2623 3230 sed
2654 3187 2763 3226 non
2827 3171 2902 3224 ita
2936 3168 3105 3222 multo
3133 3174 3373 3232 tempore
3412 3164 3574 3216 Athe-

314 3261 410 3314 nis
471 3270 655 3329 postea
706 3270 1116 3335 commoratus,
1145 3274 1207 3318 ut
1261 3280 1371 3334 pra:
1417 3264 1585 3318 animi
1632 3264 1901 3319 desiderio
1937 3278 2134 3333 equum
2210 3263 2356 3319 illum
2410 3263 2752 3318 Homericum
2802 3260 3007 3322 imitor,
3057 3254 3446 3327 perfractisque
3492 3267 3584 3306 eo-

315 3374 485 3422 rum,
551 3373 578 3409 a
636 3358 835 3426 quibus
890 3357 1189 3423 retinebar,
1265 3354 1494 3410 vinculis
1584 3369 1806 3424 campos
1884 3354 2113 3425 pedibus
2161 3355 2336 3424 pulso,
2397 3364 2558 3424 atque
2603 3354 2670 3409 ad
2715 3350 2951 3409 sodalem
3020 3361 3202 3404 meum
3253 3345 3451 3412 impetu
3501 3343 3583 3398 fe-

315 3469 440 3510 ΙὊΓο

397 3546 526 3601 ΚΕ’.
570 3546 660 3609 Ὠς
681 3544 725 3596 δ’
756 3537 848 3597 οῦν
875 3542 1232 3615 ὲπανήκαμεν
1259 3541 1392 3614 (40),
1422 3540 1594 3614 μικρὰ
1616 3540 1694 3610 τῷ
1724 3540 1913 3612 κόσμῳ

2087 3538 2252 3595 XXV.
2284 3538 2510 3592 Domum
2541 3543 2720 3590 autem
2754 3547 2978 3596 reversr,
3006 3546 3127 3586 cum
3159 3528 3356 3583 mundo
3380 3542 3442 3580 ac
3464 3542 3586 3580 sce-

317 3639 423 3698 καὶ
440 3643 507 3712 τῇ
534 3643 708 3711 σκηνῇ
734 3639 1114 3710 χαρισάμενοι,
1153 3637 1247 3689 καὶ
1274 3636 1396 3689 ὅσον
1434 3634 1525 3687 τὸν
1564 3635 1672 3687 τῶν
1700 3632 1910 3686 πολλῶν

320 3731 493 3786 πόθον
523 3728 934 3799 ἀφοσιώσασθαι
981 3728 1093 3797 (41)
1134 3728 1216 3795 (οὑ
1247 3726 1355 3798 γὰρ
1379 3726 1531 3780 αὐτοί
1573 3742 1637 3795 γε
1693 3725 1910 3796 εἴχομεν

320 3820 652 3893 θεατρικῶς,
665 3820 772 3875 οὐδ’
797 3818 1218 3889 ἐπιδεικτικῶς),
1233 3818 1464 3888 τάχιστα
1479 3816 1777 3888 ἐγενόμεθα
1801 3815 1911 3887 (42)

318 3919 357 3988 ἡ
368 3916 484 3987 μῶν
512 3913 715 3979 αὐτῶν,
747 3914 843 3971 καὶ
880 3912 1142 3982 τελοῦμεν
1177 3914 1257 3975 είς
1286 3911 1483 3982 ἄνδρας
1525 3911 1584 3974 ἐξ
1630 3910 1909 3979 ἀγενείων,

321 4005 730 4078 ἀνδρικώτερον
774 4008 840 4076 τῇ
887 4004 1176 4075 φιλοσοφίᾳ
1222 4002 1641 4075 προσϐαίνοντες
1668 4019 1681 4032 ·
1719 4002 1780 4055 οὑ
1817 4002 1913 4055 σὺν

321 4098 579 4168 ἀλλήλοις
637 4096 736 4167 μὲν
800 4095 880 4149 ἔτι
935 4096 1016 4163 (οὑ
1071 4095 1180 4165 γὰρ
1237 4094 1449 4164 ἀφῆκεν
1488 4094 1516 4145 6
1554 4089 1791 4161 φθόνος),
1837 4089 1913 4160 τῷ

323 4190 484 4260 πόθῳ
525 4189 582 4242 δὲ
623 4190 719 4242 σὺν
764 4188 1036 4259 ἀλλήλοις.
1086 4187 1191 4239 Τὸν
1237 4187 1335 4255 μὲν
1378 4184 1488 4256 γάρ
1521 4186 1554 4256 ἡ
1591 4183 1914 4254 Καισαρέων

323 4281 549 4352 κατέχει
584 4280 697 4353 (45)
725 4279 897 4343 πόλις,
927 4278 1002 4339 ὥς
1034 4294 1156 4331 τινα
1184 4275 1436 4347 δεύτερον
1462 4276 1703 4346 οἰκιστήν
1736 4292 1795 4326 τε
1820 4273 1912 4327 καὶ

323 4372 614 4444 πολιοῦχον
637 4391 651 4405 ο
684 4372 875 4425 ἔπειτα
927 4370 1185 4440 ὲκδημίαι
1230 4368 1392 4432 τινὲς,
1445 4367 1629 4438 ἐπειδή
1664 4383 1727 4434 γε
1765 4366 1912 4436 ἡμᾶς

323 4466 432 4520 οὑκ
468 4459 606 4535 εἶχε,
658 4462 768 4516 τῶν
811 4461 1125 4531 ἀναγκαίων
1174 4457 1633 4529 ὑπολαμϐάνουσι,
1682 4458 1775 4510 καὶ
1816 4458 1917 4510 οὑκ

323 4555 441 4612 ἀπὸ
489 4553 691 4609 σκοποῦ
749 4554 849 4626 τῆς
897 4551 1267 4624 προκειμένης
1311 4549 1645 4620 φιλοσοφίας.
1689 4548 1819 4618 Ἐμὲ
1860 4548 1918 4601 δὲ

2019 3646 2099 3685 me
2159 3626 2403 3683 nonnihil
2441 3625 2901 3686 inserviissemus,
2950 3622 3210 3675 hactenus
3265 3617 3491 3678 scilicet,
3529 3625 3587 3669 ut

2021 3721 2408 3792 pcrmultorum
2466 3716 2734 3773 desiderio
2783 3724 3075 3781 utcunque'
3108 3709 3583 3773 satisfaceremus;

2020 3829 2143 3866 nam
2185 3812 2283 3881 ipsi
2318 3810 2535 3880 quidem
2570 3809 2637 3864 ab
2674 3807 2969 3861 ambitione
2994 3819 3059 3859 ac
3091 3801 3355 3857 theatrica
3384 3798 3587 3867 ingenii

2020 3905 2380 3958 ostentatione
2410 3899 2871 3965 abhorrebamus;
2914 3897 3053 3965 juris
3096 3895 3265 3949 nostri
3306 3890 3586 3962 quampri—

2022 4011 2164 4052 mum
2208 3993 2492 4057 ellicimur,
2538 4002 2703 4061 atque
2753 4006 2820 4044 ex
2881 3988 3214 4043 imberbibus
3267 3985 3407 4038 inter
3438 3981 3588 4036 viros

2021 4102 2335 4153 censemur,
2370 4085 2565 4140 fortius
2596 4099 2659 4138 ac
2691 4082 2898 4137 virilius
2929 4081 2996 4135 ad
3023 4075 3414 4147 philosophiam
3436 4087 3589 4128 acce-

2020 4182 2211 4235 dentes
2229 4217 2244 4244 ,
2274 4194 2380 4231 non
2405 4176 2619 4245 quidem
2640 4175 2751 4241 jam
2775 4184 3001 4241 corpore
3025 4168 3189 4239 {haud
3212 4168 3353 4221 enim
3377 4164 3590 4219 sinebat

2018 4272 2205 4342 livor),
2237 4271 2331 4327 sed
2363 4268 2631 4324 desiderio
2664 4274 2719 4320 et
2765 4278 2950 4318 amore
2985 4260 3279 4331 conjuncti.
3317 4258 3407 4312 Ille
3440 4258 3588 4311 enim

2021 4380 2063 4418 a‘
2082 4361 2400 4419 Caesariensi
2426 4359 2642 4414 civitate
2663 4394 2679 4420 ,
2712 4365 2769 4409 ut
2806 4354 2941 4408 alter
2967 4353 3231 4424 quispiam
3264 4350 3510 4405 conditor
3535 4358 3591 4403 et

2022 4463 2389 4517 conservator,
2441 4450 2742 4513 retinetur;
2805 4461 2866 4500 ac
2922 4446 3136 4510 deinde,
3196 4443 3449 4512 quoniam
3502 4456 3591 4493 nte

2024 4547 2265 4609 carebat,
2308 4524 2648 4599 necessarias
2673 4540 2934 4609 quasdam
2988 4536 3469 4607 peregrinationes,
3496 4533 3591 4584 mi-

326 4647 588 4717 πατέρων
617 4622 891 4707 εὐλάϐεια,
927 4622 1020 4699 καὶ
1057 4643 1366 4715 γηροκομία
1418 4641 1548 4711 (Η),
1585 4640 1678 4694 καὶ
1714 4657 1920 4710 συμφο-

2027 4640 2276 4705 nimeque
2324 4651 2353 4689 a
2388 4633 2672 4703 proposita:
2711 4631 2812 4685 sibi
2857 4628 3207 4697 philosophia:
3244 4640 3406 4691 scopo
3453 4622 3586 4674 alie—

332 4737 448 4811 ρῶν
476 4710 843 4800 ἐπανάστασις
870 4710 1241 4806 κατασχοῦσα,
1262 4710 1356 4786 τοῦ
1381 4710 1571 4802 ἀνδρὸς
1607 4731 1910 4802 ἀπήγαγενο

2022 4744 2139 4794 nas,
2167 4726 2302 4781 iniit.
2332 4724 2399 4778 At
2435 4739 2542 4788 me,
2573 4731 2627 4773 ct
2661 4721 2829 4789 pietas
2863 4735 2988 4787 erga
3019 4726 3292 4786 parentes,
3325 4721 3379 4768 et
3401 4710 3586 4766 senilis

561 4896 819 4977 deerl.‘
838 4895 970 4977 Reg.
996 4896 1088 4965 plt,
1109 4894 1355 4977 066:__évi.

559 4966 900 5057 Ζξμνεσᾲαι.
920 4960 1311 5057 Zn'no'ntiitllii,
1337 4960 1748 5057 σνντέμγεσθαιί

404 5029 520 5103 (55)
559 5029 675 5091 τόν
710 5037 874 5102 τούς.
920 5038 1009 5089 Sic
1048 5036 1225 5104 plures
1268 5035 1462 5105 Ἆρες..
1502 5029 1684 5099 plures
1735 5029 1913 5093 Colb.,

326 5107 501 5161 Coisl.
540 5106 595 5168 1,
633 5119 738 5161 etc.
769 5106 823 5159 lu
852 5106 963 5168 cd.,
997 5105 1072 5168 ὡς
1098 5103 1247 5168 τούς.

997 5143 1376 5243 ’ἴῃῖἶίἶιαιιο
1421 5173 1611 5238 Regg.,
1663 5170 1911 5224 undecim

405 5246 515 5297 νὺ..
550 5246 716 5297 Coisl.
757 5247 807 5297 Ι.
843 5248 1056 5297 (λιι-νε..
1090 5245 1183 5297 0r.
1224 5244 1279 5297 2.
1317 5244 1465 5297 PaL.
1511 5243 1691 5297 Pass..
1717 5250 1822 5296 etc.
1856 5238 1911 5291 In

327 5238 515 5309 CoIb.,
550 5246 716 5317 Coisl.
757 5247 807 5311 Ι,
843 5238 1056 5317 Chrys.,
1090 5238 1183 5298 Or'.
1224 5238 1465 5307 2,'Par.,
1511 5243 1691 5307 Pass.,
1717 5250 1822 5296 etc.
1856 5238 1911 5291 lu

329 5320 420 5369 ed.
433 5356 448 5375 .
483 5316 781 5379 πείθοντος.

406 5385 519 5459 (ἓξ)
559 5389 802 5459 {cepam
827 5384 1040 5459 Camb-,2
1074 5384 1301 5459 γρερῷς-

406 5451 522 5525 (56)
561 5451 696 5512 Mai.
734 5457 863 5523 ηομ.
907 5470 957 5518 c,
1005 5451 1231 5510 (ἰοὶειίί
1270 5464 1325 5507 et
1349 5452 1499 5507 Pass.
1542 5451 1763 5515 addunt,
1792 5466 1914 5503 συν-

332 5524 518 5596 é6q,_t
555 5526 682 5596 mihi
714 5528 928 5580 accidit.
965 5544 999 5596 ε
1180 5595 1185 5596 ί
1368 5592 1381 5596 _
1485 5591 1496 5596 _
1689 5588 1720 5596 ﬁ
1759 5588 1791 5596 __

407 5588 523 5664 (57)
559 5595 941 5667 ,Ἡνειχόμηπ
971 5594 1136 5667 Regg.
1176 5595 1287 5662 Iun,
1331 5592 1429 5663 ph,
1465 5591 1649 5646 decem
1682 5588 1832 5645 Colb.
1867 5597 1924 5644 et

332 5662 412 5721 Pa
420 5662 520 5732 $3.,
550 5662 877 5737 ἠνεσχόμὴν.

2093 4886 2205 4970 (55)
2256 4881 2573 4954 Ὁμηρικὸν
2596 4881 2805 4935 ἵππον.
2832 4878 2965 4934 Vide
2988 4875 3206 4930 Homer.
3232 4870 3394 4927 Iliad.
3417 4869 3511 4925 lib.
3529 4886 3584 4925 γι

2023 4961 2127 5011 sub
2154 4961 2335 5009 linem.

2094 5026 2208 5094 (59)
2258 5023 2489 5094 Ῥήξας.
2528 5021 2663 5089 Reg.
2696 5020 2754 5094 d_,_
2788 5016 2952 5094 Cois].
2987 5016 3043 5080 2,
3077 5012 3399 5094 διαρρήξας.

2094 5081 2205 5164 (40)
2256 5081 2683 5160 Ἐάάνῆκαμὲιθ.
2722 5081 2885 5159 Regg.
2909 5087 3018 5153 bm,
3052 5087 3121 5154 plt
3151 5081 3318 5139 «ξιον.
3340 5081 3394 5142 ‘2,
3425 5081 3593 5131 ἐπαν-

2024 5168 2752 5303 ἡκῗιιμίῗν’Ἂερςοο-ιώονιισνθαι.
2787 5227 2877 5281 Sic
2909 5224 3064 5282 codd.
3100 5224 3152 5277 in
3195 5221 3305 5288 cd.,
3334 5217 3592 5289 ἀφωσιώ-

2021 5305 2509 5441 “(grumam
2550 5367 2898 5441 ἐγενόμεθα,
2944 5374 3050 5420 etc.
3085 5361 3301 5441 Nicetas
3331 5358 3588 5427 exponit,

2027 5466 2046 5497 ι
2085 5433 2200 5497 «ita;
2225 5433 2455 5509 quiéiem
2486 5451 2539 5494 et
2567 5433 2910 5509 tranquillum
2953 5433 3410 5509 recuperavintus.
3449 5447 3475 5481 ι

2093 5516 2205 5581 (65)
2244 5506 2511 5577 Κατέχει.
2558 5510 2688 5575 Reg.
2722 5507 2810 5581 ph,
2847 5506 3089 5573 κατεῖχε.

2056 5616 2059 5619 »
2095 5570 2204 5656 (44)
2242 5570 2599 5651 Γηροόὶομία.
2635 5570 2801 5644 Uria,
2831 5570 3172 5647 γηρωκομία.
