3902 6218
354 306 456 363 531

1560 294 1616 351 S.
1660 288 1994 351 GREGORII
2028 286 2381 345 THEOLOGI

3528 280 3670 339 553

355 425 532 480 aetatis
587 438 717 479 cura
777 430 832 477 et
883 420 1224 475 incursantes
1275 417 1655 483 calamitates,
1688 416 1756 471 ab
1793 415 1935 470 illius

2070 412 2098 464 ὑ
2128 410 2312 473 καλῶς
2348 409 2446 480 μὲν
2492 408 2643 474 ἴσως,
2691 406 2816 460 οὐδὲ
2856 404 3101 471 δικαίως,
3147 404 3403 476 ἀπήγαγε
3447 402 3494 457 δ’
3524 397 3675 460 οὖν.

356 515 636 571 consortio
670 518 1000 569 abstractum
1035 518 1355 573 tenuerunt;
1394 508 1535 563 hami
1564 517 1711 562 recte
1740 507 1793 561 id
1817 506 1940 575 qui-

355 604 477 659 dem
512 603 764 668 fortasse,
804 614 903 654 nec
930 598 1096 668 juste,
1130 598 1225 653 sed
1268 608 1447 652 tamen
1492 605 1801 652 tenuerunt.
1836 598 1939 650 At-

354 710 462 764 que
510 694 654 748 haud
706 693 843 757 scio,
883 708 950 745 an
988 691 1120 745 mihi
1168 690 1294 744 hinc
1324 704 1539 758 quoque
1587 688 1765 742 omnis
1814 688 1939 742 vitae

357 785 650 840 difficultas
694 784 1067 853 asperitasque
1115 791 1233 837 orta
1278 781 1370 847 sit,
1397 780 1827 834 aesalcbrosum
1872 779 1940 835 ad

357 876 761 948 philosophiam
808 876 912 929 iter
959 874 1144 939 fuerit,
1177 888 1277 928 nec
1311 871 1607 942 cupiditate
1631 870 1788 942 791
1821 884 1942 924 mea

358 980 412 1026 et
460 970 625 1023 animi
678 969 923 1022 instituto
976 968 1125 1029 satis,
1160 966 1403 1032 dignum.
1441 965 1548 1019 Sed
1601 981 1688 1018 res
1723 964 1940 1035 quidem

356 1072 584 1130 nostrae,
621 1070 679 1115 ut
730 1060 823 1115 Dei
870 1060 1120 1114 voluntas
1175 1059 1395 1126 tulerit,
1442 1058 1725 1121 ferantur;
1780 1064 1943 1124 atque

297 1181 303 1187 -
359 1154 560 1206 utinam
619 1166 717 1221 per
758 1150 901 1204 illius
940 1150 1383 1219 deprecationem
1441 1148 1634 1202 melius
1673 1147 1938 1201 ferantur.

359 1246 516 1300 Hunc
540 1259 694 1311 vero,
735 1242 1014 1312 multiplex
1065 1242 1159 1297 Dei
1213 1243 1558 1312 benignitas,
1595 1252 1760 1311 atque
1815 1251 1943 1308 erga

359 1355 530 1408 genus
567 1352 810 1397 nostrum
850 1356 981 1396 cura
1013 1349 1069 1395 et
1107 1340 1465 1410 dispensatio,
1510 1337 1565 1390 in
1602 1334 1783 1390 multis
1814 1342 1946 1386 ante

360 1434 684 1488 muneribus
714 1434 1056 1503 exploratum
1079 1472 1095 1500 ,
1133 1448 1198 1489 ac
1227 1431 1469 1503 quotidie
1511 1428 1795 1483 clariorem
1820 1425 1945 1480 illu-

360 1525 725 1595 strioremque
753 1533 1090 1596 compertum
1114 1567 1130 1591 ,
1158 1525 1213 1580 in
1245 1539 1459 1581 sacrum
1484 1522 1692 1577 interea
1722 1519 1948 1590 presby-

359 1625 603 1671 terorum
635 1618 880 1674 ordinem
922 1617 1178 1684 ascribit,
1221 1633 1286 1673 ac
1314 1616 1652 1687 splendidam
1707 1624 1764 1668 et
1807 1611 1948 1667 cele-

360 1707 512 1764 brem
548 1708 808 1767 Ecclesiae
863 1711 1037 1767 facem
1092 1710 1385 1782 proponit,
1417 1720 1579 1779 atque
1604 1748 1620 1773 ,
1652 1721 1749 1778 per
1782 1719 1946 1760 unam

2041 504 2237 559 Σκοπῶ
2275 504 2353 567 δὲ,
2410 505 2458 555 εί
2508 502 2582 574 μὴ
2632 500 2926 554 κάντεῦθέν
2983 517 3072 570 μοι
3113 499 3264 552 πᾶσα
3310 500 3342 569 ἡ
3392 497 3521 568 περὶ
3548 497 3673 549 τὸν

2044 596 2157 667 βίον
2191 593 2479 665 ἀνωμαλία
2508 592 2603 645 καὶ
2644 590 2901 644 δυσκολία
2945 589 3234 650 συνέπεσε,
3276 588 3370 639 καὶ
3410 586 3472 639 τὸ
3500 584 3673 656 πρὸς

2039 690 2141 760 τὴν
2189 687 2301 759 (45)
2353 683 2671 756 φιλοσοφίαν
2735 683 2836 734 ούκ
2883 678 3099 740 εὔοδον,
3143 678 3263 731 οὐδὲ
3307 677 3405 747 τῆς
3451 675 3670 728 ἐπιθυ-

2045 782 2175 853 μίας
2215 778 2325 846 (46)
2367 778 2462 830 καὶ
2517 776 2616 846 τῆς
2668 773 2979 835 ὑποθέσεως
3041 770 3210 835 ἄξιον.
3265 768 3347 821 Τά
3396 767 3497 838 μὲν
3547 760 3670 822 οὖν

2041 871 2306 945 ἡμέτερα,
2341 871 2449 940 ὅπη
2482 866 2562 938 τῷ
2587 866 2705 937 Θεῷ
2729 865 2901 936 φίλον,
2936 863 3182 932 ἀγέσθωσ
3213 861 3400 930 ἀγοιτο
3426 859 3485 913 δὲ
3517 859 3667 922 ταῖς

2043 965 2255 1018 ἐκείνου
2298 960 2616 1033 πρεσϐείαις
2658 960 2899 1029 ἄμεινον.
2952 956 3057 1009 Τὸν
3102 955 3177 1020 δὲ,
3222 956 3256 1025 ἠ
3298 951 3663 1023 πολύτροπος

2042 1058 2137 1110 τοῦ
2164 1055 2299 1108 Θεοῦ
2328 1050 2730 1124 φιλανθρωπία,
2774 1049 2867 1102 καὶ
2908 1047 3038 1118 περὶ
3070 1046 3131 1099 τὸ
3175 1043 3443 1114 ἡμέτερον
3480 1041 3659 1111 γένος⁹

2043 1147 2346 1218 οἰκονομία,
2371 1144 2460 1199 διὰ
2492 1141 2703 1196 πολλῶν
2737 1140 2850 1213 (47)
2877 1137 2986 1192 τῶν
3016 1139 3074 1191 ὲν
3111 1135 3261 1208 μέσῳ
3297 1135 3655 1205 γνωρίσασα,

2044 1237 2141 1290 καὶ
2196 1236 2283 1288 ἀεὶ
2336 1233 2714 1304 λαμπρότερον
2768 1227 3099 1293 ἀποδείξασα
3152 1222 3288 1295 (48),
3338 1220 3658 1291 λαμπτῆρα

2044 1330 2143 1400 τῆς
2189 1326 2516 1394 Ἐκκλησίας
2565 1322 2857 1394 προτίθησι
2905 1316 3181 1391 περιφανῆ
3232 1330 3293 1367 τε
3335 1314 3430 1367 καὶ
3483 1328 3659 1383 περι-

2047 1422 2263 1492 ὅόητον,
2282 1422 2393 1482 τοῖς
2418 1418 2583 1488 ἱεροῖς
2610 1414 2701 1468 τοῦ
2727 1410 3123 1486 πρεσϐυτερίου
3141 1408 3354 1479 θρόνοις
3369 1405 3505 1469 τέως
3524 1403 3649 1475 (49)

2047 1513 2479 1584 ὲγκαταλέξασα,
2510 1510 2625 1577 καὶ,
2652 1509 2738 1562 διὰ
2772 1510 2901 1579 μιᾶς
2933 1505 3035 1576 τῆς
3060 1501 3387 1574 Καισαρέων
3407 1497 3645 1561 πόλεως,

2047 1613 2112 1680 τῇ
2136 1605 2432 1677 οἰκουμένῃ
2468 1603 2618 1673 πάσῃ
2647 1598 2999 1672 πυρσεύουσα
3043 1594 3178 1666 (50).
3220 1592 3330 1645 Καὶ
3368 1589 3491 1643 τίνα
3515 1587 3649 1680 τρο-

2051 1678 2185 1767 πον;
2213 1700 2287 1752 Ού
2323 1695 2655 1768 σχεδιάσασα
2681 1693 2774 1747 τὸν
2813 1689 3038 1762 βαθμὸν,
3071 1686 3194 1741 οὐδὲ
3241 1681 3379 1755 ὁμοῦ
3408 1699 3469 1735 τε
3506 1678 3651 1733 πλύ-

362 1800 755 1859 Caesariensem
807 1805 1125 1871 civitatem,
1171 1803 1427 1858 universo
1491 1811 1759 1855 terrarum
1821 1795 1940 1851 orbi

2070 1810 2191 1847 ρασα
2213 1792 2328 1861 (51)
2355 1791 2451 1844 καὶ
2481 1787 2773 1858 σοφίσασα,
2812 1783 2952 1837 κατά
2984 1781 3109 1844 τοὺς
3158 1776 3386 1839 πολλοὺς
3413 1774 3523 1827 τῶν
3544 1772 3649 1826 νῦν

363 1894 640 1964 praelucet.
669 1898 913 1964 Quonam
940 1907 1120 1952 autem
1170 1898 1223 1951 id
1266 1898 1427 1951 modo
1455 1896 1479 1948 ?
1518 1892 1610 1949 Sic
1644 1904 1857 1960 nempe,
1887 1897 1947 1944 ut

363 2002 487 2041 eum
530 2003 636 2042 non
670 1990 850 2046 subito
889 1990 954 2044 ad
1000 1991 1142 2046 hunc
1189 1990 1415 2060 gradum
1469 1986 1817 2048 subveheret,
1851 1995 1952 2038 nec

2053 1889 2151 1957 τῆς
2199 1882 2536 1957 προστασίας
2590 1878 2929 1949 ἐφιεμένων*
2971 1873 3108 1927 ἀλλά
3150 1868 3298 1935 τάξει
3349 1868 3445 1921 καὶ
3489 1865 3651 1936 νόμῳ

2057 1977 2435 2050 πνευματικῆς
2469 1972 2804 2036 ἀναϐάσεως,
2838 1968 2939 2040 τῆς
2962 1967 3129 2037 τιμῆς
3158 1962 3440 2030 ἀξιώσασα

362 2078 529 2136 simul
581 2097 706 2137 eum
763 2092 817 2136 et
867 2083 1108 2141 ablueret
1170 2050 1226 2140 et
1280 2083 1543 2154 sapientia
1597 2082 1933 2144 instrueret,
1973 2074 2426 2145 quemadmodum
2491 2071 2777 2141 plerosque
2818 2079 3005 2119 eorum
3062 2060 3153 2130 qui
3219 2073 3361 2112 nunc
3419 2050 3649 2154 antisti-

363 2183 478 2226 tum
540 2189 738 2229 munus
784 2187 1073 2245 appetunt;
1139 2151 1360 2231 verum-
1403 2176 1630 2241 ordine,
1681 2188 1746 2228 ac
1808 2168 2109 2242 spiritualis
2171 2165 2568 2237 progressionis
2624 2163 2782 2231 lege,
2843 2159 2944 2211 hoc
2997 2168 3122 2209 eum
3197 2151 3404 2206 honore

366 2271 470 2319 ret.

442 2381 632 2438 XXVI.
665 2381 778 2439 Nec
806 2384 948 2440 enim
989 2383 1120 2439 mihi
1145 2382 1479 2453 perturbatio
1510 2380 1597 2437 illa
1638 2379 1943 2436 temeritas-

367 2491 473 2545 que
514 2477 796 2545 probatur,
852 2492 973 2547 quae
1022 2477 1167 2547 apud
1219 2491 1318 2531 nos
1370 2488 1757 2544 nonnunquam
1789 2483 1845 2527 et
1889 2472 1944 2526 in

3461 2143 3651 2199 δαίσο-

2113 2370 2260 2436 ΚΕΓ.
2313 2365 2427 2419 Οὐκ
2476 2359 2682 2416 ὲπαινῶ
2720 2358 2831 2430 γάρ
2870 2354 2984 2426 ἐγὼ
3026 2354 3126 2426 τὴν
3167 2349 3299 2423 παρ’
3340 2350 3475 2421 ἡμῖν
3510 2346 3652 2401 ἀτα-

2047 2463 2164 2530 ξίαν
2195 2459 2287 2513 καὶ
2314 2455 2585 2526 ἀκοσμίαν
2609 2490 2625 2517 ,
2658 2452 2803 2505 ἐστιν
2834 2451 2924 2505 ὅτε
2950 2448 3046 2502 καὶ
3068 2448 3154 2517 ἐφ’
3188 2439 3263 2500 ὧν
3290 2442 3652 2514 προεδρευόν-

369 2568 642 2623 nonnullis
704 2538 962 2624 Ecclesiae
1012 2538 1331 2638 praesidibus
1365 2538 1748 2622 exsistit.-Non
1799 2562 1946 2618 enim

2070 2573 2153 2609 των
2179 2556 2237 2606 ὲν
2266 2550 2528 2621 βήμασιν.
2561 2546 2637 2599 Ού
2673 2546 2783 2618 γὰρ
2823 2543 3080 2597 ἁπάντων
3122 2538 3378 2609 τολμήσω
3401 2551 3649 2605 κατηγο-

371 2674 438 2715 eo
467 2659 707 2715 audaciae
752 2661 1085 2730 progrediar,
1128 2670 1188 2715 ut
1214 2674 1404 2715 omnes
1450 2673 1737 2723 accusem;
1768 2656 1951 2726 inique

369 2753 515 2807 enim
559 2751 817 2809 facerem.
851 2754 1049 2809 Verum
1084 2753 1355 2807 nauticam
1407 2752 1579 2823 legem
1617 2749 1797 2814 laudo,
1832 2763 1954 2817 quae

371 2847 723 2916 gubernatori
757 2845 939 2901 futuro
967 2849 1198 2915 primum
1227 2860 1405 2901 remos
1432 2845 1631 2910 tradit,
1658 2843 1853 2899 deinde
1886 2842 1955 2897 ad

376 2952 596 3007 proram
645 2952 767 2992 eum
818 2936 1071 3003 collocat,
1097 2937 1285 3007 sicque
1335 2937 1612 3006 prioribus
1641 2934 1957 2989 muneribus

375 3029 476 3097 ipsi
506 3030 827 3093 commissis.
861 3033 1080 3086 tandem
1106 3045 1265 3097 eum,
1297 3038 1421 3099 post
1450 3030 1757 3083 diuturnam
1790 3012 1955 3079 remi-

376 3122 647 3191 gationem
683 3137 747 3177 ac
777 3132 1062 3177 ventorum
1096 3122 1556 3188 observationem,
1582 3120 1651 3174 ad
1698 3119 1959 3190 guberna-

376 3212 498 3266 cula
539 3211 840 3268 constituit.
864 3212 1065 3267 Eadem
1099 3213 1176 3268 rei
1211 3212 1462 3268 militaris
1486 3220 1570 3267 est
1595 3210 1735 3266 ratio
1764 3228 1779 3265 :
1805 3209 1960 3264 miles

378 3306 634 3375 primum,
659 3307 853 3363 deinde
878 3307 1157 3371 centurio,
1188 3316 1298 3359 tum
1342 3307 1655 3376 imperator.
1694 3302 1793 3358 Hic
1821 3303 1962 3371 optia

378 3413 501 3452 mus
529 3399 662 3453 ordo
685 3405 791 3465 est,
821 3399 1014 3469 iisque,
1043 3400 1132 3469 qui
1165 3399 1414 3460 subsunt,
1456 3399 1506 3450 in
1533 3397 1721 3466 primis
1758 3396 1962 3449 condu-

379 3491 578 3545 cibilis.
616 3489 791 3557 Quam
832 3491 1091 3560 praeclare
1124 3489 1409 3544 nobiscum
1443 3499 1718 3559 ageretur,
1739 3487 1784 3542 si
1818 3486 1958 3541 idem

381 3590 525 3635 esset
580 3595 762 3635 rerum
796 3590 1111 3637 nostrarum
1149 3582 1352 3636 status!
1403 3579 1558 3635 Nunc
1601 3590 1780 3633 autem
1817 3578 1962 3649 peri-

380 3672 568 3727 culum
608 3682 712 3738 est,
746 3688 813 3728 ne
838 3674 972 3728 ordo
1009 3674 1254 3727 omnium
1302 3673 1698 3739 sanctissimus,
1728 3674 1799 3728 sit
1830 3686 1964 3742 quo-

383 3777 492 3832 que
539 3763 782 3817 omnium
815 3763 1054 3818 maxime
1106 3763 1390 3819 ridiculus.
1422 3763 1537 3819 Non
1583 3764 1729 3818 enim
1763 3763 1965 3818 virtute

383 3856 579 3928 magis,
601 3872 766 3928 quam
806 3854 1071 3911 maleficio
1099 3864 1152 3911 et
1185 3856 1429 3923 scelere,
1464 3856 1828 3912 sacerdotium
1863 3871 1966 3926 pa-

386 3958 576 4015 ratur;
629 3964 731 4004 nec
793 3949 1138 4021 digniorum,
1187 3951 1281 4005 sed
1324 3950 1734 4019 potentiorum,
1784 3949 1963 4004 throni

385 4054 533 4099 sunt.
568 4043 788 4098 Samuel
822 4044 967 4099 inter
1011 4045 1327 4115 prophetas,
1360 4042 1470 4108 ille,
1504 4044 1745 4112 inquam,
1789 4041 1968 4096 futura

386 4136 758 4205 prospiciens;
799 4138 895 4190 sed
931 4144 986 4189 et
1025 4135 1155 4189 Sanl
1189 4174 1203 4199 ,
1240 4133 1362 4188 vilis
1408 4133 1497 4187 ille
1525 4142 1579 4188 et
1617 4132 1966 4200 rejiciendus.

386 4224 631 4280 Roboam
663 4225 975 4281 Salomonis
1022 4227 1166 4281 ﬁlius
1220 4225 1363 4280 inter
1398 4240 1585 4296 reges;
1610 4224 1703 4279 sed
1738 4232 1793 4278 et
1821 4222 1973 4279 Jero-

385 4319 545 4374 boam
578 4358 594 4382 ,
629 4334 819 4374 servus
854 4329 908 4374 et
957 4327 1223 4388 apostata.
1285 4318 1528 4387 Cumque
1575 4332 1677 4373 nec
1732 4316 1968 4383 medici,

2053 2650 2184 2719 ρεῖν,
2212 2643 2332 2696 οὐδὲ
2363 2640 2590 2694 δίκαιον.
2628 2634 2867 2689 Ἐπαινῶ
2899 2632 2992 2685 τὸν
3018 2630 3211 2701 νηίτην
3243 2628 3427 2698 νόμον,
3458 2626 3517 2689 ὃς
3545 2623 3651 2695 τὴν

2052 2716 2245 2806 κώπην
2285 2731 2550 2804 πρότερον
2584 2726 2895 2797 ἐγχειρίσας
2920 2721 3031 2794 (52)
3064 2720 3143 2791 τῷ
3182 2719 3276 2773 νῦν
3312 2716 3650 2806 κυϐερνήτῃ,

2053 2803 2308 2882 κάκεῖθεν
2330 2803 2424 2875 ἐπὶ
2452 2820 2554 2891 τὴν
2591 2816 2818 2889 πρώραν
2850 2812 3095 2882 ἀγαγὼν,
3121 2810 3216 2864 κα)⁸
3253 2804 3551 2867 πιστεύσας
3577 2803 3654 2856 τὰ

2054 2914 2386 2992 ἔμπροσθεν,
2413 2912 2587 2975 οὕτως
2617 2908 2709 2962 ἐπὶ
2738 2905 2848 2961 τῶν
2877 2905 3079 2959 οἰάκων
3117 2900 3351 2965 καθίζει,
3380 2896 3520 2969 μετά
3549 2894 3657 2966 τὴν

2057 2987 2255 3081 πολλὴν
2282 3007 2395 3079 (55)
2421 3002 2718 3073 τυφθείσαν
2774 2998 3073 3059 θάλασσαν,
3118 2994 3212 3048 και
3248 2992 3348 3065 τὴν
3377 2990 3486 3043 τῶν
3502 2987 3663 3081 eve-

1984 3094 2027 3152 C
2064 3113 2181 3169 μων
2213 3077 2542 3161 διάσκεψιν.
2580 3090 2675 3154 Ὣς
2722 3088 2779 3143 δὲ
2831 3088 2933 3140 κάν
2979 3087 3091 3148 τοῖς
3141 3081 3456 3152 πολεμικοῖς
3498 3077 3654 3148 ἔχει·

2063 3185 2420 3260 στρατιώτης,
2465 3182 2789 3253 ταξίαρχος,
2847 3177 3171 3250 στρατηγός.
3222 3174 3372 3243 Αὕτη
3411 3174 3446 3243 ἡ
3494 3169 3658 3235 τάξις

2060 3280 2255 3353 ἀρίστη
2311 3278 2403 3330 καὶ
2451 3274 2868 3343 λυσιτελεστάτη
2923 3273 3035 3334 τοῖς
3090 3267 3433 3341 ἀρχομένοις.
3478 3264 3554 3317 Τὸ
3604 3262 3659 3316 δ’

2061 3372 2351 3445 ἡμέτερον,
2384 3367 2579 3423 πολλοῦ
2622 3367 2688 3420 ἂν
2716 3361 2785 3437 ἦν
2824 3362 2993 3431 ἄξιον,
3022 3364 3071 3415 εί
3094 3361 3269 3424 οὕτως
3293 3354 3425 3429 εἶχε.
3456 3355 3571 3410 Νῦν
3594 3354 3661 3408 δὲ

2063 3464 2383 3532 κινδυνεύει,
2425 3462 2487 3516 τὸ
2538 3462 2756 3515 πάντων
2798 3457 3099 3528 ἁγιώτατον
3142 3455 3349 3525 τάγμα,
3377 3450 3485 3505 τῶν
3523 3449 3661 3519 παρ’

2062 3561 2196 3633 ἡμῖν
2254 3559 2472 3611 πάντων
2518 3551 2657 3608 εἶναι
2709 3549 3266 3620 καταγελαστότατον.
3322 3544 3398 3598 Οὐ
3436 3542 3546 3613 γὰρ
3597 3540 3663 3606 ἐξ

2064 3632 2266 3727 ἀρετῆς
2297 3649 2518 3723 μᾶλλον,
2557 3647 2591 3719 ἢ
2622 3643 2977 3717 κακουργίας,
3013 3643 3046 3713 ή
3076 3633 3503 3727 προεδρία
3538 3632 3666 3727 οὐδὲ

2064 3746 2173 3800 τῶν
2220 3741 2551 3813 ἀξιωτέρων,
2606 3736 2746 3791 ἀλλά
2780 3736 2888 3790 τῶν
2932 3730 3342 3803 δυνατωτέρων,
3372 3729 3420 3782 οί
3453 3726 3661 3798 θρόνοι.

2066 3836 2320 3909 Σαμουὴλ
2369 3839 2426 3889 ἐν
2471 3833 2818 3905 προφήταις,
2858 3832 2886 3884 δ
2924 3826 2994 3882 τά
3042 3823 3353 3898 ἔμπροσθεν
3404 3818 3660 3891 βλέπων·

2067 3931 2206 3987 ἀλλά
2230 3929 2325 3984 καὶ
2345 3926 2540 3989 Σαοὺλ,
2561 3928 2589 3979 ὁ
2618 3923 2941 3994 ἀπόϐλητος.
2972 3918 3209 3987 Ῥοϐοάμ
3238 3918 3295 3969 έν
3324 3910 3663 3985 βασιλεῦσιν,

2067 4028 2096 4080 ὁ
2120 4022 2464 4095 Σολομῶντος
2489 4037 2502 4051 ·
2534 4019 2670 4073 ἀλλὰ
2690 4018 2783 4071 καὶ¹
2809 4013 3111 4085 Ἰεροὸοάμ,
3136 4013 3164 4064 ὁ
3183 4008 3366 4072 δοῦλος
3397 4006 3491 4059 καὶ
3519 4005 3665 4058 ἀπο-

2072 4116 2295 4187 στάτης.
2327 4113 2437 4168 Καὶ
2464 4110 2645 4182 ἰατρὸς
2677 4110 2774 4180 μὲν
2804 4107 2996 4169 οὐδεὶς,
3027 4103 3148 4157 οὐδὲ
3176 4100 3486 4171 ζωγράφος,
3510 4096 3669 4160 ὅστις

2069 4209 2129 4262 ού
2153 4209 2342 4278 φύσεις
2358 4202 2809 4277 ἀρρωστημάτων
2828 4199 3098 4268 ἐσκέψατο
3128 4190 3463 4267 πρότερον,ἦ
3488 4188 3670 4243 πολλά

2071 4299 2338 4374 χρώματα
2379 4296 2758 4367 συνεκέρασεν,
2794 4292 2827 4363 ἢ
2860 4291 3179 4362 ὲμόρφωσεν
3202 4303 3217 4317 ·
3258 4288 3287 4341 ὁ
3317 4284 3373 4338 δὲ
3402 4282 3669 4355 πρόεδρος

389 4427 493 4467 nec
538 4412 760 4480 pictoris
804 4427 1002 4468 nomen
1036 4415 1323 4483 quisquam
1364 4412 1629 4478 obtineat,
1667 4411 1770 4466 nisi
1819 4411 1956 4480 prius

2072 4395 2385 4468 εὑρίσκεται
2415 4390 2630 4463 ῥᾳδίως,
2665 4388 2740 4459 μὴ
2779 4382 3052 4455 πονηθεὶς,
3089 4380 3184 4433 καὶ
3222 4377 3548 4484 πρόσφατος.
3565 4375 3670 4446 τὴν

391 4502 704 4559 morborum
741 4514 967 4559 naturas
996 4500 1375 4569 considerarit,
1404 4511 1500 4557 aut
1537 4501 1733 4557 multos
1755 4502 1956 4557 colores

2082 4487 2261 4554 ἀξίαν,
2298 4484 2435 4557 ὁμοῦ
2486 4501 2545 4537 τε
2597 4480 2825 4552 σπαρεὶς
2867 4474 2978 4547 (55)

390 4592 700 4656 miscuerit,
734 4594 1023 4662 variasque
1076 4592 1282 4647 formas
1319 4591 1574 4662 penicillo
1603 4590 1969 4660 expresserit;

326 4704 332 4709 ·
391 4686 620 4741 antistes
673 4692 862 4738 contra
905 4683 1068 4739 facile
1114 4682 1409 4749 invenitur,
1460 4696 1567 4737 non
1614 4679 1970 4744 elaboratus,

460 4913 575 4976 (45)
620 4911 759 4978 Τήν.
804 4911 963 4965 Deest
984 4910 1037 4965 in
1062 4908 1351 4964 nonnullis.

457 4983 573 5126 (46)
622 4984 991 5061 Ἐπιθυμίιξᾳ
1021 4981 1186 5036 Coisl.
1218 4981 1271 5042 1,
1308 4978 1635 5052 προθυμίας.

459 5056 548 5126 (47
608 5054 713 5108 Διὰ
744 5056 1015 5126 πρλλων,
1058 5061 1160 5126 etc.
1183 5052 1370 5126 _Becte
1404 5049 1625 5126 _Nicetas
1651 5067 1665 5103 :
1691 5045 1791 5116 γνιῖ

459 5049 572 5127 (47)
608 5054 713 5108 Διὰ
744 5049 1015 5127 πρζυῶν,
1058 5061 1160 5127 etc_.
1182 5049 1370 5127 _Becte
1403 5049 1625 5127 μίσθιος.
1651 5067 1665 5103 :
1691 5049 1968 5127 γνώριμον

388 5118 685 5198 ποὶήσασα.
727 5144 746 5176 ι
775 5123 907 5179 Cum
943 5138 1010 5177 ex
1043 5121 1226 5177 multis
1259 5122 1472 5177 interim
1498 5137 1620 5174 eum
1658 5118 1971 5172 muneribus

390 5208 571 5251 notmn
598 5196 836 5251 fecisset.
874 5210 936 5248 ac
959 5194 1305 5248 illustriorem
1336 5192 1676 5246 reddidisset.
1713 5209 1732 5241 ι

390 5208 571 5254 notmn
598 5207 836 5259 fecisset,
874 5210 936 5248 ac
959 5207 1305 5248 illustriorem
1336 5207 1676 5246 reddidisset.
1713 5209 1732 5241 ι

394 5338 406 5340 _
461 5269 571 5340 (48)
624 5265 1046 5331 Ἀποδείξασα.
1102 5262 1235 5334 Reg.
1276 5263 1309 5318 d
1350 5272 1407 5319 et
1450 5259 1613 5317 Coisl.
1657 5260 1712 5327 2,
1761 5257 1973 5314 ἀναδεί-

388 5338 578 5481 adﬁgi)
625 5408 880 5481 Téwg._r
907 5406 1138 5481 Tanain,
1189 5405 1416 5460 interea.
1458 5422 1477 5456 ι
1518 5401 1680 5458 Deest
1733 5402 1785 5455 in
1826 5401 1981 5471 Reg,

388 5478 576 5551 Cypra,
608 5495 708 5534 nec
737 5479 969 5551 reddidit
996 5478 1202 5551 Billius.

461 5541 572 5619 (50)
619 5549 1039 5618 Πυρσεύουσα.
1082 5548 1249 5620 Regg.
1290 5562 1339 5614 c,
1392 5546 1447 5614 d,
1479 5543 1644 5600 Coisl.
1676 5543 1732 5611 2,
1777 5541 1872 5596 0r.
1922 5541 1979 5606 2,

388 5620 541 5682 Pan,
578 5622 753 5677 Pnss..
786 5620 1163 5691 πυρσεύσασα.

466 5692 576 5762 (51)
615 5684 926 5745 Πλύι-ασὶι.
973 5690 1062 5747 Sic
1120 5689 1369 5746 undecim
1419 5686 1593 5755 σουλ,
1628 5697 1732 5743 etc.
1769 5684 1825 5740 ln
1867 5684 1976 5751 ed.,

392 5760 663 5835 πλήνασα.

3030 4473 3127 4528 καὶ
3173 4469 3469 4533 ἀναδοθεὶς,
3517 4466 3597 4530 ὼς
3639 4469 3671 4520 ὁ

2084 4578 2252 4651 μῦθος
2312 4556 2423 4647 (56)
2477 4574 2619 4628 ποιεῖ
2667 4572 2796 4633 τοὺς
2843 4568 3126 4637 γίγαντας.
3168 4561 3481 4628 Πλάττομεν
3528 4556 3668 4651 αὐθ-

2077 4649 2284 4746 σημερὸν
2303 4670 2431 4732 τοὺς
2461 4667 2670 4737 ἁγίους,
2695 4664 2791 4718 καὶ
2820 4661 3014 4730 σοφοὺς
3042 4652 3181 4711 εἶναι
3216 4653 3509 4723 κελεύομεν
3537 4649 3667 4714 τοὺς

2151 4899 2265 4971 (52)
2317 4894 2712 4971 Ἐγχειρίοςᾳᾳ
2753 4889 2984 4971 Chrys.,_
3007 4887 3351 4971 ὲγχξιρηξαῗ

2299 4949 2574 5040 ιῇίλίὶήῖρ.
2595 4949 2845 5040 Βθξςέβ,
2865 4949 2986 5040 12,}!
3018 4949 3191 5040 cI'Or'.
3217 4949 3277 5038 Ξ,
3309 4949 3502 5040 πολλάὲ

2168 4974 2257 5040 55)
2299 4974 2567 5033 Πολλὴν.
2596 4974 2761 5032 ﬂegg.
2793 4976 2845 5023 a,
2871 4980 2920 5023 ιτ,
2954 4974 2986 5011 tl
3018 4974 3072 5010 el.
3097 4974 3191 5011 ur.
3222 4974 3277 5019 Ζ,
3309 4974 3502 5004 ποΑΛα.

2143 4974 2261 5111 (54)
2310 5040 2370 5092 Ἡ
2399 5034 2700 5105 προεδρία.
2731 5031 2822 5087 Sic
2849 5030 3006 5083 codd.
3040 5029 3209 5081 Prave
3253 5028 3304 5078 in
3332 5019 3500 5092 ειι.,ἢ
3541 5036 3672 5091 προ-

2075 5113 2246 5184 εδρία,
2284 5128 2302 5161 ‹
2333 5111 2436 5184 vel,
2469 5127 2486 5155 ι
2511 5116 2630 5184 etc:

2299 5161 2578 5246 Σπάρείς.
2603 5176 2695 5229 Sic
2719 5174 2905 5227 decem
2935 5172 3108 5234 Coll»,
3135 5167 3310 5229 Pass.,
3342 5172 3447 5217 etc.
3478 5161 3532 5215 In
3553 5175 3670 5227 eu.,

2077 5271 2295 5309 παοεις.

2317 5322 2477 5394 10ch
2498 5318 2708 5389 μῦθος,
2732 5301 3671 5394 etczfinxer‘untpoetaelgadniurn

2088 5375 2351 5466 Agenoris
2379 5375 2576 5466 filiuni,
2605 5375 2745 5466 apud
2795 5375 3014 5464 Thebas
3042 5375 3671 5466 BtBObiEBJllIDfillzfi‘IB-

2089 5447 2295 5522 $5M
2324 5480 2383 5518 se
2407 5447 2675 5516 interfecii
2691 5464 2880 5511 dentes
2905 5455 3128 5522 sevisse,
3149 5457 3310 5516 atque
3339 5447 3465 5522 hinc
3496 5447 3637 5522 ειειί
3661 5471 3669 5483 -

2090 5513 2240 5592 tis-se-
2267 5513 2546 5604 “Gigantes,
2600 5529 2848 5604 homines
2894 5540 2929 5604 εξ
2971 5513 3152 5604 capite
3202 5513 3371 5604 iisque
3398 5513 3668 5604 adAfeuiur

2087 5592 2368 5670 armatos:
2390 5606 2477 5673 qui
2520 5592 2706 5673 eodem
2741 5597 2864 5673 _die,
2915 5594 3050 5673 inito
3090 5592 3298 5662 prailio,
3336 5598 3525 5640 omnes
3545 5595 3670 5673 sese

2086 5679 2271 5733 statim
2302 5664 2499 5729 niut'uis
2530 5668 2839 5725 vulneribus
2864 5664 3234 5727 confecerunt,
3271 5670 3466 5731 praeter
3502 5666 3664 5724 quin-

2085 5765 2191 5821 que
2229 5747 2319 5819 qui
2349 5762 2406 5802 se
2431 5743 2636 5800 Cadmo
2662 5739 3020 5809 associarunt.
