3902 6218
320 270 427 327 555

1522 256 1578 311 S.
1618 253 1944 312 GREGORII
1985 249 2325 307 THEOLOGI

3469 246 3581 307 536

326 381 643 456 hujusmodi
678 394 842 435 renus
890 392 1183 431 maxunum
1213 373 1449 429 studium
1483 384 1644 443 atque
1673 387 1892 442 operam
1923 434 1924 438 η

2034 374 2228 443 τρᾶγμα
2270 367 2541 439 τολμῶσιν
2588 366 3074 421 ἐπικινδυνότατον.
3124 367 3449 423 Ἀπόστασιν
3491 373 3582 423 ἐον-

320 482 618 546 ponentes;
650 471 741 540 qui
772 483 895 522 cum
930 482 1092 533 grave
1137 474 1299 534 atque
1327 464 1604 534 indignum
1644 479 1765 518 esse
1795 464 1888 515 du-

321 571 552 633 xissent,
586 566 721 636 pati,
754 574 815 618 ut
838 564 904 630 is,
939 563 1029 629 qui
1072 559 1433 629 principatum
1464 559 1605 612 inter
1632 572 1727 613 eos
1754 556 1897 612 obti-

325 663 509 725 nebat,
545 658 868 714 contumelia
900 665 955 711 et
986 654 1185 724 probro
1225 649 1528 706 afﬁceretur
1558 659 1613 705 et
1646 651 1899 717 rejicere—

329 766 435 818 tur,
462 749 978 821 periculosissimum
1007 743 1224 798 facinus
1258 742 1666 812 aggrediuntur.
1701 743 1747 795 A
1783 756 1899 795 ma-

328 859 434 915 gno
461 852 517 899 et
546 858 575 896 a
608 841 874 897 seditione
904 837 1079 891 alieno
1110 835 1361 891 Ecclesia
1385 848 1615 902 corpore
1641 831 1895 898 deﬁcere,

328 949 554 1003 seseque
583 936 906 1000 abrumpere
947 929 1320 991 constituunt,
1348 941 1452 981 non
1479 926 1733 995 exiguam
1762 940 1899 994 quo-

265 1092 269 1096 ,
329 1047 434 1101 que
487 1030 659 1100 plebis
719 1036 926 1095 partem
992 1031 1373 1093 amputantes,
1411 1030 1517 1076 tam
1556 1033 1778 1083 eorum,
1806 1017 1898 1088 qui

330 1119 606 1175 inferioris
636 1117 844 1172 ordinis
873 1123 1051 1178 erant,
1086 1128 1248 1183 quam
1282 1111 1375 1181 qui
1427 1109 1718 1179 dignitates
1742 1124 1896 1180 gere-

330 1211 483 1265 bant.
514 1209 570 1263 ld
603 1217 781 1264 autem
813 1207 987 1261 tribus
1020 1205 1085 1259 de
1119 1203 1320 1266 causis,
1350 1202 1521 1271 iisque
1555 1199 1901 1263 ﬁrmissimis,

2002 463 2180 519 νοοῦσι
2210 462 2303 515 καὶ
2333 460 2485 533 ῥῆξιν
2526 460 2621 513 τοῦ
2671 460 2907 530 μεγάλου
2950 460 3045 513 καὶ
3093 462 3459 515 ἀστασιάστου
3480 462 3582 532 τῆς

2016 555 2342 626 Ἐκκλησίας
2372 553 2645 624 σώματος,
2683 553 2784 607 οὐκ
2819 554 3007 624 ὀλίγην
3040 556 3132 607 κα)⁸
3163 555 3258 608 τοῦ
3293 554 3424 608 λαοῦ
3460 558 3585 625 μοῖ-

2007 638 2104 719 ραν
2139 647 2597 717 παρατεμόμενοι,
2628 647 2728 717 ὅση
2773 663 2831 698 τε
2858 648 2966 699 τῶν
3012 647 3182 709 κάτω,
3222 648 3315 700 καὶ
3343 648 3443 718 ὅση
3473 646 3588 700 τῶν

2002 739 2088 791 ἐπ’
2127 738 2305 805 ἀξίαις
2334 738 2465 809 (68).
2502 739 2724 809 Ῥᾷστον
2751 738 2809 791 δὲ
2856 737 3012 792 τοῦτο
3061 734 3129 810 ἦν
3169 739 3235 791 ἐκ
3273 737 3439 808 τριῶν
3474 738 3588 791 τῶν

2008 830 2393 900 ἰσχυροτάτων.
2426 830 2494 881 Ὅ
2526 845 2585 881 τε
2618 828 2727 899 γὰρ
2766 826 2903 900 ἀνὴρ
2932 828 3227 897 αἰδέσιμος,
3261 828 3337 891 ὡς
3366 828 3466 880 οὐκ
3487 824 3588 881 οἷδ’

2004 920 2170 983 είοτις
2201 918 2358 983 ἄλλος
2386 918 2495 972 τῶν
2528 919 2648 972 καθ’
2696 921 2842 989 ἡμᾶς
2892 919 3215 988 φιλοσόφων,
3263 921 3357 973 καὶ
3402 920 3592 983 ἱκανὸς

2005 1011 2205 1084 θάρσος
2260 1014 2584 1082 παρασχεῖν,
2636 1011 2793 1083 εἴπερ
2846 1011 3116 1076 ἐὸούλετο,
3168 1011 3248 1082 τῷ
3301 1012 3594 1082 συστήμαι

2004 1124 2057 1159 τι
2090 1104 2222 1176 (69).
2262 1104 2365 1157 Τόν
2393 1120 2453 1156 τε
2484 1102 2756 1157 λυποῦντα
2799 1102 2866 1155 δι’
2906 1102 3142 1172 ὑποψίας
3173 1098 3318 1173 εἶχεν
3344 1104 3377 1174 ἡ
3409 1103 3588 1169 πόλις,

2007 1198 2071 1250 ἐκ
2105 1196 2206 1265 τῆς
2245 1194 2374 1266 περὶ
2407 1194 2510 1264 τὴν
2554 1192 2889 1247 κατάστασιν
2938 1193 3202 1263 ταραχῆς,
3244 1192 3321 1256 ὠς
3356 1193 3458 1246 οὐκ
3505 1192 3597 1246 ἔν-

330 1300 588 1371 perl‘acile
616 1308 757 1353 erat.
793 1296 1037 1351 Primum
1068 1295 1213 1348 enim
1274 1292 1505 1347 Basilius
1558 1299 1709 1344 tanta
1761 1291 1901 1359 apud

2034 1305 2190 1359 νομον,
2230 1287 2351 1340 οὐδὲ
2401 1286 2699 1349 κανονικῶς
2752 1284 2969 1355 μᾶλλον,
3024 1285 3056 1355 ἢ
3105 1285 3443 1353 τυραννικῶς
3491 1286 3595 1357 τὴν

331 1402 520 1443 omnes
540 1387 891 1441 veneratione
922 1393 1056 1447 erat,
1095 1392 1297 1451 quanta
1340 1382 1478 1435 haud
1514 1380 1627 1435 scio
1654 1395 1721 1433 an
1753 1380 1905 1448 quis-

2034 1380 2345 1450 προστασίαν
2391 1378 2704 1450 δεξάμενον.
2762 1378 2874 1431 Καὶ
2914 1379 3169 1449 παρῆσαν
3215 1378 3325 1431 τῶν
3356 1380 3595 1432 δυτικῶν

332 1493 494 1549 quam
552 1487 750 1533 nostra:
792 1478 967 1531 zelatis
1024 1473 1485 1545 philosophorum,
1527 1485 1756 1541 eamque
1792 1471 1900 1524 vim

2034 1471 2312 1543 ιρχιερὲων
2349 1471 2495 1535 τινὲς
2528 1471 2661 1541 (70),
2698 1470 3049 1541 μεθέλκοντες
3078 1471 3213 1542 πρὸς
3242 1472 3468 1536 ἑαυτοὺς
3494 1473 3597 1542 τῆς

333 1569 587 1637 habebat,
621 1580 678 1623 ut
703 1568 1048 1623 tumultuanti
1085 1565 1259 1635 parti,
1290 1566 1335 1620 si
1372 1565 1655 1632 voluisset,
1686 1564 1904 1618 animos

2034 1562 2345 1632 Ἐκκλησίας
2372 1563 2496 1615 ὅσον
2516 1560 2816 1633 ὀρθόδοξον.

334 1677 400 1716 ac
433 1662 683 1717 ﬁduciam
716 1660 908 1717 aﬂ’errc
922 1662 1205 1731 potuisset.
1265 1661 1489 1724 Deinde,
1545 1659 1639 1728 qui
1683 1658 1983 1713 molestiam
2024 1659 2124 1728 ipsi
2181 1659 2496 1722 exhibebat,
2547 1660 2618 1714 ob
2672 1671 2796 1712 eum
2824 1656 3112 1712 tumultum
3141 1696 3158 1722 ,
3200 1659 3289 1726 qui
3323 1657 3376 1712 in
3416 1658 3596 1728 ipsius

335 1752 601 1807 electione
636 1753 928 1819 acciderat,
990 1753 1195 1807 civitati
1265 1760 1548 1819 suspectus
1573 1760 1712 1817 erat,
1766 1760 1827 1805 ut
1875 1751 1967 1819 qui
2005 1765 2113 1805 non
2173 1760 2282 1804 tam
2337 1749 2580 1820 legitime
2627 1758 2794 1819 atque
2855 1764 2924 1804 ex
3000 1763 3271 1805 canonum
3332 1752 3590 1818 praescri-

335 1853 454 1913 pto,
501 1858 662 1912 quam
712 1860 810 1913 per
878 1844 987 1897 vim
1037 1843 1419 1914 praefecturam
1476 1843 1799 1913 accepisset.
1876 1844 2158 1899 Postremo
2238 1843 2468 1898 aderant
2536 1843 2771 1913 episcOpi
2830 1843 3048 1912 quidam
3119 1858 3190 1898 ex
3251 1843 3546 1900 Occidente
3577 1867 3595 1892 ν

337 1936 427 2006 qui
480 1938 810 1993 orthodoxos
849 1954 1037 1995 omnes
1096 1938 1164 1993 ad
1222 1952 1346 1993 suas
1396 1948 1577 2008 partes
1630 1938 2030 2007 pertrahebant.

409 2027 599 2084 XXIX.
638 2030 777 2096 Quid
800 2031 964 2100 igitur
985 2034 1233 2104 egregius
1263 2033 1354 2087 ille
1381 2035 1483 2101 vir,
1508 2042 1564 2088 et
1591 2033 1801 2102 paciﬁci
1841 2034 1916 2089 di-

2086 2032 2217 2087 KO’.
2257 2032 2323 2086 Τί
2350 2027 2444 2087 οὖν
2465 2035 2495 2087 ό
2520 2033 2784 2102 γεννάδας
2816 2034 3042 2099 ἐκεῖνος,
3070 2035 3165 2088 καὶ
3192 2033 3286 2088 τοῦ
3317 2035 3599 2109 εἰρηνικοῦ

339 2120 583 2190 scipulus
609 2122 863 2193 °'?(Nec
915 2121 1058 2180 enim
1112 2126 1196 2189 iis,
1241 2126 1332 2196 qui
1382 2126 1705 2180 contumelia
1741 2128 1917 2195 ipsum

340 2211 655 2273 atl‘ecerant.
677 2224 771 2268 aut
788 2214 881 2284 qui
908 2215 1008 2285 ipsi
1035 2216 1352 2280 studebant,
1375 2216 1642 2272 obluctari
1669 2226 1915 2286 poterat;

340 2318 443 2360 nec
460 2304 602 2359 illius
614 2313 732 2360 erat
755 2305 1035 2370 dimicare,
1058 2316 1151 2362 aut
1169 2306 1420 2362 Ecclesia:
1442 2321 1638 2377 corpus
1654 2307 1916 2374 lacerare,

342 2409 462 2461 quae
494 2395 656 2449 etiam
682 2395 880 2466 alioqui
913 2397 981 2451 ab
1021 2397 1312 2463 hatreticis,
1339 2398 1430 2468 qui
1474 2407 1586 2452 tum
1621 2399 1919 2468 potentiam

341 2494 505 2555 atque
537 2486 823 2555 imperium
845 2488 1180 2555 obtinebant,
1212 2490 1647 2560 oppugnabatur,
1685 2503 1749 2544 ac
1774 2486 1920 2558 peri-

344 2580 527 2637 culose
550 2576 742 2632 affecta
770 2579 951 2648 erat.)
987 2576 1163 2634 Simul
1221 2580 1384 2635 etiam
1428 2579 1586 2635 nobis
1626 2579 1727 2633 hac
1776 2579 1832 2632 in
1862 2595 1921 2635 re

343 2669 760 2735 consultoribus,
806 2685 870 2724 ac
902 2670 1130 2725 sinceris
1162 2671 1523 2726 monitoribus
1546 2686 1698 2735 usus,
1733 2671 1921 2726 nobis-

345 2773 469 2814 cum
512 2759 640 2815 hinc
670 2760 724 2814 in
753 2758 983 2816 Pontum
1009 2760 1264 2830 profugit,
1292 2776 1357 2815 ac
1378 2761 1595 2830 pietatis
1615 2762 1919 2831 gymnasia,

347 2866 466 2920 qua:
494 2851 605 2908 illic
633 2861 811 2920 erant,
861 2854 1207 2919 moderatur;
1239 2853 1489 2921 quodque
1523 2866 1920 2918 commemora-

352 2945 497 2999 tione
524 2945 746 3015 dignum
766 2953 875 3009 est,
899 2944 1014 3013 ipse
1043 2959 1162 2999 cum
1194 2944 1306 2998 Elia
1333 2953 1387 2998 et
1413 2942 1644 3007 Joanne,
1695 2944 1926 2999 summis

348 3036 707 3107 philosophis,
739 3035 1088 3092 solitudinem
1113 3035 1488 3103 amplectitur;
1524 3035 1926 3090 conducibilius

349 3131 406 3185 id
434 3130 538 3186 sibi
566 3143 688 3187 esse
728 3130 1069 3196 existimans,
1111 3144 1273 3197 quam
1326 3128 1382 3183 in
1420 3128 1675 3199 praesenti
1709 3127 1926 3196 neg0tio

352 3222 729 3294 cogitationem
783 3221 1071 3291 quamdam
1107 3220 1440 3291 phil030phia
1496 3234 1593 3275 sua
1644 3219 1926 3290 indignam

351 3315 648 3383 suscipere,
691 3328 757 3369 ac
785 3312 997 3369 consilii
1047 3320 1103 3367 et
1158 3311 1457 3381 prudentiae
1483 3309 1648 3384 794
1691 3311 1924 3375 clavum,

2022 2126 2270 2198 μαθητής
2296 2144 2311 2192 ;
2344 2125 2482 2180 Οὔτε
2505 2126 2616 2198 γὰρ
2639 2126 2958 2181 ἀντιτείνειν
2979 2122 3092 2198 εἶχε
3123 2128 3262 2198 πρὸς
3291 2130 3418 2191 τοὺς
3452 2130 3602 2200 ὑϐρι-

2021 2217 2172 2280 στάς,
2202 2217 2236 2286 ἢ
2259 2217 2387 2280 τοὺς
2414 2217 2771 2283 σπουδαστὰς,
2807 2217 2928 2270 οὐδὲ
2957 2217 3093 2289 πρὸς
3122 2219 3287 2273 αὐτοῦ
3330 2221 3392 2274 τὸ
3426 2222 3602 2293 μάχε-

2021 2306 2164 2370 σθαι,
2201 2308 2234 2380 ἢ
2264 2308 2498 2379 διασπᾷν
2528 2307 2590 2361 τδ
2614 2307 2775 2379 σῶμα
2793 2308 2893 2379 τῆς
2925 2309 3276 2381 Ἐκκλησίας,
3305 2312 3401 2365 καὶ
3423 2312 3603 2377 ἄλλως

2021 2398 2454 2471 πολεμουμένης,
2507 2401 2600 2453 καὶ
2653 2400 2937 2473 σφαλερῶς
2964 2402 3335 2474 διακειμένης,
3363 2404 3471 2457 ὑπὸ
3500 2406 3605 2476 τῆς

2021 2493 2144 2546 τότε
2180 2491 2283 2546 τῶν
2307 2492 2600 2563 αίρετικῶν
2628 2492 2964 2558 δυναστείας.
2991 2495 3101 2548 Καὶ
3122 2494 3239 2566 ἃμα
3273 2494 3604 2567 συμϐούλοις

2023 2586 2152 2655 ἡμῖν
2178 2587 2308 2657 περὶ
2328 2585 2519 2639 τούτου
2548 2586 2896 2657 χρησάμενος
2931 2586 3026 2640 καὶ
3068 2589 3425 2659 παραινέταις
3469 2607 3606 2660 γνη-

2025 2676 2180 2740 σίοις,
2222 2677 2403 2745 φυγὰς
2426 2677 2638 2731 ἐνθένδε
2668 2678 2764 2731 σὺν
2797 2679 2929 2749 ἡμῖν
2958 2677 3094 2750 πρὸς
3137 2679 3230 2732 τὸν
3270 2680 3470 2735 Πόντον
3503 2699 3607 2752 με·

2022 2768 2287 2837 ταχωρεϊ,
2338 2766 2434 2819 καὶ
2472 2768 2587 2829 τοῖς
2615 2768 2795 2819 ἐκεῖσε
2824 2765 3261 2838 φροντιστηρίοις
3289 2767 3603 2830 ἐπιστατεῖ,

2025 2858 2188 2922 αὐτὸς
2232 2858 2289 2912 δὲ
2336 2858 2449 2929 (Ἡ)
2481 2857 2718 2928 καθιστᾷ
2747 2876 2831 2910 τι.
2860 2859 3081 2929 μνήμης
3118 2858 3268 2927 ἄξιον
3295 2898 3310 2922 ,
3356 2860 3452 2913 καὶ
3504 2862 3608 2931 τὴν

2025 2948 2230 3020 ἔρημον
2260 2949 2373 3019 (72)
2420 2949 2724 3012 ἀσπάζεται
2774 2949 2913 3019 μετὰ
2954 2948 3136 3002 Ἠλίου
3182 2950 3276 3002 καὶ
3331 2950 3605 3013 Ἰωάννου,

2023 3037 2134 3091 τῶν
2158 3038 2299 3094 πάνυ
2322 3037 2627 3108 φιλοσόφων
2648 3055 2662 3068 ·
2689 3038 2849 3093 τοῦτο
2876 3037 3176 3092 λυσιτελεῖν
3211 3040 3359 3110 αὐτῴ
3403 3040 3610 3110 μᾶλλον

2026 3129 2349 3200 ἡγούμενος,
2377 3130 2412 3201 ἦ
2440 3147 2493 3183 τι
2515 3129 2863 3201 διανοηθῆναι
2892 3130 3021 3200 περὶ
3057 3129 3167 3183 τῶν
3192 3130 3477 3200 παρόντων
3507 3131 3611 3199 τῆς

2028 3221 2223 3277 ἐαυτοῦ
2252 3222 2365 3293 (75)
2396 3221 2716 3292 φιλοσοφίας
2752 3221 2997 3286 ἀνάξιον,
3041 3222 3136 3276 καὶ
3160 3221 3497 3293 διαφθείρειν
3549 3222 3610 3274 ἐν

2029 3315 2165 3386 ζάλῃ
2196 3316 2293 3386 τὴν
2323 3316 2380 3367 ἐν
2404 3313 2611 3385 γαλήνῃ
2651 3315 2760 3367 τῶν
2783 3313 3062 3383 λογισμῶν
3083 3312 3433 3384 κυϐέρνησιν.
3466 3312 3609 3365 Καί-

352 3421 511 3476 quem
540 3406 593 3461 in
620 3405 1006 3476 tranquillitate
1033 3412 1307 3467 tenuerat,
1354 3402 1407 3456 in
1446 3409 1768 3473 tempestate
1804 3416 1924 3471 per-

2034 3423 2136 3477 περ
2188 3405 2247 3459 δὲ
2293 3405 2437 3460 οὕτω
2480 3405 2770 3476 φιλοσόφου
2821 3407 2917 3460 καὶ
2952 3406 3261 3477 θαυμασίας
3311 3404 3479 3476 οὔσης
3510 3406 3609 3475 τῆς

356 3498 507 3552 dere.
538 3495 794 3563 Quamvis
824 3506 1006 3553 autem
1032 3497 1166 3551 adeo
1187 3494 1555 3566 philosophica
1598 3503 1653 3549 et
1701 3494 1929 3549 admira-

356 3587 481 3643 bilis
511 3587 654 3643 illius
686 3588 921 3643 secessio
971 3587 1154 3656 fuerit,
1185 3587 1613 3658 praestantiorem
1662 3594 1841 3641 tamen
1872 3596 1929 3641 et

359 3679 816 3734 admirabiliorem
861 3679 1031 3750 ipsius
1064 3679 1297 3734 reditum
1349 3677 1517 3732 fuisse
1571 3678 1925 3745 reperiemus.

361 3769 453 3826 Sic
478 3772 620 3826 enim
651 3786 710 3826 se
743 3772 949 3827 habuit.

433 3862 604 3918 XXX.
634 3866 766 3919 Cum
800 3866 852 3918 in
891 3864 976 3918 his
1002 3864 1196 3919 studiis
1221 3877 1587 3929 versaremur,
1622 3862 1819 3932 ingruit
1848 3877 1932 3917 su-

362 3956 475 4012 bito
503 3956 673 4010 nubes
697 3955 976 4027 grandinis
996 3955 1175 4025 plena,
1208 3963 1263 4008 et
1283 3953 1509 4009 exitiose
1535 3952 1790 4019 stridens,
1813 3967 1933 4024 quae

362 4049 579 4105 obtrivit
612 4048 880 4104 Ecclesias
911 4062 1124 4112 omnes,
1167 4046 1221 4099 iu
1250 4059 1386 4115 quas
1429 4043 1648 4107 cecidit,
1684 4053 1741 4097 et
1768 4058 1932 4112 quas-

367 4156 579 4213 cunque
640 4142 863 4207 invasit;
906 4142 1286 4209 imperatorem
1311 4136 1451 4198 dico,
1498 4134 1614 4187 auri
1670 4136 1931 4187 amantis-

368 4233 565 4288 simum
596 4241 651 4288 et
702 4233 904 4289 Christi
963 4230 1418 4294 inimicissimum,
1475 4240 1538 4279 ac
1598 4223 1808 4279 duobus
1850 4225 1935 4279 bis

440 4349 486 4381 ⁸⁷
518 4346 705 4401 Matth.
765 4363 842 4412 xl,
889 4345 979 4400 29.

2032 3499 2451 3571 ἀναχωρήσεως,
2485 3499 2718 3570 κρείττω
2756 3499 2853 3552 καὶ
2875 3487 3339 3568 ’θαυμασιωτέραν
3387 3498 3611 3569 εὑρήσο-

2037 3607 2136 3661 μεν
2164 3591 2264 3661 τὴν
2290 3589 2568 3646 ἐπάνοδον.
2596 3591 2762 3661 Ἔσχε
2789 3590 2899 3661 γὰρ
2920 3589 3092 3653 οὕτως
3117 3606 3132 3621 ο

2109 3861 2189 3915 Λ’.
2232 3860 2321 3913 Ἐν
2346 3858 2557 3923 τούτοις
2603 3860 2771 3913 ὄντων
2815 3860 2996 3931 ἡμῶν,
3034 3858 3294 3929 ἐξαίφνης
3326 3859 3615 3928 ἐφίσταται

2035 3953 2195 4022 νέφος
2244 3951 2487 4023 χαλάζης
2535 3953 2741 4023 πλῆρες
2784 3952 2879 4005 καὶ
2922 3950 3173 4022 τετριγὺς
3198 3950 3445 4020 ὀλέθριον
3471 3950 3613 4021 (74),

2038 4049 2220 4100 πᾶσαν
2248 4047 2510 4118 ὲκτρῖψαν
2554 4045 2907 4117 Ἐκκλησίαν,
2936 4044 3061 4098 καθ’
3091 4040 3161 4118 ἦς
3214 4044 3427 4115 ἐρρόιγη
3448 4084 3462 4101 .
3517 4042 3618 4097 καὶ

2038 4135 2170 4204 ὅσην
2213 4135 2445 4189 ἐπέλαϐε
2472 4153 2484 4166 ·
2538 4135 2790 4205 βασιλεὺς
2820 4137 2849 4189 ὁ
2894 4135 3367 4207 φιλοχρυσότατος,
3400 4135 3496 4187 καὶ
3526 4151 3620 4205 μι-

2041 4226 2473 4297 σοχριστότατος,
2502 4226 2713 4280 καὶδύο
2737 4226 2804 4279 τὰ
2823 4226 3056 4297 μέγιστα
3078 4225 3250 4280 ταῦτα
3276 4224 3389 4296 (75)
3418 4223 3616 4291 νοσῶν,

441 4475 552 4547 (68)
603 4474 986 4547 Ἐπ’ωὰξίαις.
1035 4473 1276 4539 Quatuor
1333 4472 1533 4544 Regg.,
1590 4470 1756 4526 Coisl.
1802 4468 1838 4522 2
1885 4477 1939 4523 et
1968 4466 2295 4547 Dmemoria
2352 4465 2653 4547 ᾱίβιιιιπιλ»
2687 4464 2936 4547 scilicet,
2988 4474 3047 4519 ut
3093 4463 3617 4547 exponit-Nicetas,

368 4543 543 4611 Pass,
566 4547 654 4599 ἐπ’
679 4543 856 4609 ἀξίας.

445 4607 554 4687 (69)
599 4613 682 4680 Τῷ
700 4607 1069 4687 συστήματι.
1111 4611 1229 4687 Bill.
1255 4626 1270 4664 :
1302 4630 1319 4661 ι
1356 4611 1576 4687 (Ζριιοι-ιί
1600 4626 1728 4665 suae.
1752 4628 1788 4687 )_
1809 4607 1941 4675 Quae

372 4681 749 4756 interpretatio
781 4684 1087 4756 signiﬁcare
1120 4682 1352 4756 videtur,
1385 4681 1639 4756 Basilium
1672 4681 1940 4756 excitasse

376 4749 533 4811 hunc:
564 4749 874 4817 tumultum,
922 4754 990 4807 de
1020 4767 1125 4821 quo
1165 4751 1360 4820 agitur,
1394 4751 1547 4820 cujus
1583 4751 1696 4821 ipse
1727 4749 1939 4806 occasio

372 4829 631 4880 duntaxat
657 4826 850 4878 fuerat.

445 4895 571 4967 (70)Δ
606 4893 950 4967 Ἀρχιιεζρέιιιέρ
987 4889 1163 4967 τι-κές.
1198 4909 1216 4942 ι
1255 4889 1500 4967 Episcopi
1543 4889 1779 4967 quidam:
1813 4908 1832 4940 ι
1871 4887 1937 4967 ili

372 4959 769 5020 erant'Lucife'r
795 4959 851 5018 et
891 4962 1155 5017 Eusebius
1206 4960 1515 5028 apostolicte
1559 4960 1703 5014 sedis
1754 4959 1936 5028 legati,

375 5036 465 5117 qui
488 5033 895 5156 eerccidente,
918 5031 985 5087 ad
1022 5031 1423 5100 componendos
1451 5037 1648 5096 motus,
1683 5029 1942 5085 Caesareae

376 5120 522 5156 IIIISSI
577 5113 785 5156 nerant.

376 5105 522 5160 missi
556 5105 785 5158 fuerant.

446 5174 567 5247 (71))
598 5173 788 5239 Αὐτὸς
811 5172 900 5247 δέ.
927 5183 1030 5247 etc.
1066 5191 1086 5224 ι
1115 5171 1233 5247 Ipse
1265 5168 1462 5247 aliquid
1495 5177 1711 5237 praestat
1735 5183 1941 5247 memo-

378 5239 496 5301 ratu
522 5239 759 5313 dignum.
800 5262 818 5295 ι
851 5243 1057 5312 Quippe
1086 5239 1177 5313 qui
1208 5254 1314 5313 non
1348 5240 1517 5313 solum
1549 5239 1826 5313 monachis
1854 5253 1929 5292 re-

380 5316 531 5386 gulus
561 5309 874 5386 tradiderat,
905 5309 1183 5386 sedebam
1220 5310 1332 5386 ipse
1370 5311 1534 5386 vitam
1590 5309 1938 5386 monasticam

380 5378 659 5452 amplexus
702 5383 894 5436 fuerat.
932 5382 1190 5448 Quamvis
1229 5378 1833 5452 bwelectioaccurata
1860 5378 1943 5429 vi-

382 5447 591 5517 deatur,
622 5452 803 5521 plures
831 5447 1008 5507 tamen
1046 5453 1211 5523 liegg.
1242 5459 1296 5504 et
1321 5448 1474 5502 Colb.
1499 5447 1697 5523 aliique
1725 5449 1943 5523 optima:

384 5533 525 5577 noue
560 5516 697 5575 hanc
722 5523 944 5575 alteram
972 5516 1251 5577 lectioiném
1289 5535 1396 5588 pra:
1425 5533 1483 5571 se
1512 5516 1731 5588 ferunt:
1761 5517 1944 5579 αὐτοῖς

381 5607 463 5655 τε,
495 5601 622 5653 etc.,
648 5600 808 5660 quam
827 5592 1105 5647 lectionem
1138 5592 1228 5660 qui
1259 5586 1473 5643 secutus
1502 5586 1684 5653 fuerit,
1716 5588 1793 5660 sic
1822 5588 1944 5660 red-

385 5663 517 5718 dere
546 5657 721 5731 pctc'st
752 5679 765 5715 :
807 5681 825 5715 ι
861 5664 1031 5732 lisque
1060 5657 1379 5733 (monachis)
1415 5665 1632 5727 praestat
1670 5657 1944 5727 quidpiam

2048 4538 2369 4589 monasticas
2408 4535 2555 4604 leges
2602 4533 3081 4604 ipsis_instituens:
3118 4536 3167 4588 in
3199 4537 3449 4589 asceticis
3477 4550 3622 4604 pra:-

2047 4607 2251 4669 sertim,
2287 4619 2407 4672 qua:
2449 4621 2476 4655 a
2515 4602 2694 4657 Niceta
2738 4602 2936 4659 Basilio
2986 4604 3321 4672 tribuuntur,
3368 4602 3622 4673 quamvis

2044 4673 2378 4743 Nicephorus
2412 4673 2693 4743 Eustathio
2734 4675 2996 4730 Sebastim
3026 4676 3279 4743 episcopo
3319 4675 3542 4729 tribuat.

2095 4745 2229 4830 '02)
2271 4742 2555 4811 "Epmwr.
2589 4742 2778 4799 Plures
2817 4743 2985 4814 Regg.
3019 4742 3075 4799 et
3112 4746 3288 4811 Colb.,
3321 4757 3450 4810 etc.,
3484 4746 3621 4816 ἐρη-

2047 4830 2227 4953 pm197,3)
2271 4881 2384 4954 Τῆς
2409 4882 2646 4935 ἑαυτοῦ.
2683 4881 2775 4954 Sic
2800 4881 2965 4954 Regg.
2991 4900 3042 4948 a,
3072 4899 3121 4951 c,
3154 4888 3208 4950 d,
3242 4886 3335 4954 pb,
3370 4886 3620 4941 undecim

2045 4954 2198 5008 Colb.
2234 4963 2288 5007 et
2308 4953 2458 5005 l'ass.
2493 4955 2650 5006 Deest
2682 4953 2952 5008 éatueoﬁiit
2984 4958 3071 5009 ed.

2119 5022 2228 5097 (.74)
2294 5021 2890 5097 Τετρςγὸςρλέθριρν.
2929 5024 3154 5097 SchoL:
3195 5025 3408 5097 Οὐάλην
3435 5024 3616 5094 λέγει·

2054 5114 2073 5146 ι
2101 5091 2928 5166 Valentemsigmﬁcat.[Aliud
2961 5094 3145 5166 schol.
3171 5114 3189 5166 7:
3224 5091 3415 5151 Ἔνθεν
3439 5091 3620 5166 δῆλον,

2046 5166 2127 5218 ὅτι
2157 5159 2351 5245 οὐκκῆιν
2380 5163 2408 5213 ὁ
2441 5159 2593 5245 ἅγιος
2621 5162 2897 5245 βασίλειος
2936 5165 3036 5245 ἐπὶ.
3065 5165 3352 5245 ςίουλιανοῦ
3400 5159 3624 5245 cuiu-coco;

2047 5246 2164 5301 πος,
2203 5233 2337 5286 ἀλλά
2370 5234 2505 5304 μετά
2533 5236 2593 5287 τὸ
2622 5234 2936 5304 βασιλεῦσαι
2971 5237 3184 5308 Οὐάλην
3218 5239 3623 5310 προχειρίζεται

2045 5306 2373 5368 ἐπίσκοπος·
2413 5322 2432 5354 ί
2468 5304 2601 5358 Hinc
2659 5317 2805 5368 patet
2846 5308 3100 5361 hsilium
3151 5311 3458 5368 episcopum
3512 5325 3620 5363 non

2048 5323 2373 5368 επισκοπος·
2413 5323 2432 5354 ί
2468 5323 2601 5358 ntnc
2658 5323 2805 5374 patet
2846 5323 3100 5361 ωειιιυιιι
3151 5325 3458 5378 episcopum
3512 5325 3620 5363 [1οη

2048 5376 2214 5450 fuisse
2245 5386 2483 5450 tempore
2505 5373 2731 5441 Juliani;
2769 5379 2862 5431 sed
2895 5389 3179 5447 postquam
3217 5379 3408 5435 Valens
3442 5381 3620 5450 impe-

2049 5448 2186 5499 rium
2209 5447 2430 5516 adeptus
2456 5455 2556 5516 est,
2589 5455 2716 5500 tunc
2752 5450 3035 5516 episcopus
3063 5461 3276 5503 creatus
3306 5450 3425 5503 fuit.
3459 5469 3478 5501 ι

2119 5515 2229 5590 (75)
2275 5513 2483 5590 Ταῦτα.
2526 5513 2685 5572 Deest
2729 5513 2800 5573 in
2827 5513 2998 5590 lteg'g.
3031 5535 3083 5589 a,
3121 5535 3173 5584 c,
3201 5521 3256 5585 (Ι,
3296 5520 3389 5590 pb.
3426 5534 3623 5576 novem

2049 5584 2200 5642 Colb.
2214 5583 2219 5587 ’
2234 5597 2287 5641 et
2316 5583 2466 5640 Pass.
