3902 6218
215 294 329 353 557

1043 291 1304 349 ORATIO
1344 292 1529 352 XLIII.
1570 325 1641 335 —
1676 293 1745 348 ΙΝ
1786 290 2071 349 LAUDEM
2112 293 2358 350 BASILll
2400 292 2637 350 MAGNI.

3390 294 3499 352 533

208 402 532 475 ἀπληστίαν
566 404 663 463 καὶ
708 402 1095 474 βλασφημίανο
1147 405 1176 457 ὁ
1217 405 1358 475 μετὰ
1408 404 1501 459 τὸν
1555 404 1805 478 διώκτην1

1918 408 2257 475 gravissimis
2289 407 2520 471 morbis,
2549 405 2853 475 inexplebili
2886 406 3138 461 nimirum
3187 411 3410 465 avaritia
3441 421 3498 468 et

210 495 480 565 διώκτης,
527 494 623 547 καί
660 493 799 564 μετὰ
846 494 939 547 τὸν
971 494 1308 568 ἀποστάτην,
1347 496 1450 550 οὐκ
1497 496 1813 566 ἀποστάτης

219 589 344 658 μὲν,
380 586 533 641 οὐδὲν
558 586 615 638 δὲ
641 586 881 657 ἀμείνων
913 587 1263 656 Χριστιανοῖς
1290 628 1306 653 ,
1345 586 1545 658 μᾶλλον
1569 586 1627 640 δὲ
1674 588 1814 658 Χρι-

216 677 458 732 στιανῶν
478 677 557 748 τῷ
581 677 957 749 εὐσεϐεστάτῳ
978 677 1155 749 μέρει,
1183 679 1281 732 καὶ
1302 679 1697 750 καθαρωτάτῳ,
1720 678 1814 731 καὶ

213 773 576 840 προσκυνητῇ
604 769 706 839 τῆς
726 769 976 841 Τριάδος,
1008 772 1076 841 ἢν
1104 770 1170 841 δὴ
1200 770 1368 842 μόνην
1388 769 1669 824 εὐσέϐειαν
1697 769 1810 840 (76)

215 860 334 931 ἐγὼ
366 861 538 926 καλῶ,
570 862 666 914 καὶ
701 860 859 926 δόξαν
888 864 1175 933 σωτήριον.
1210 863 1283 917 Οὐ
1312 862 1423 933 γὰρ
1453 862 1682 934 θεότητα
1715 879 1812 916 τα-

214 952 576 1024 λαντεύομεν,
602 953 725 1006 οὐδὲ
751 953 851 1025 τὴν
886 954 1017 1024 μίαν
1043 955 1139 1008 καὶ
1170 955 1466 1025 ἀπρόσιτον
1491 955 1652 1024 φύσιν
1682 956 1814 1008 ἀπο-

214 1045 485 1117 ξενοῦμεν
512 1047 737 1117 ἑαυτῆς,
762 1046 1021 1116 ὲκφύλοις
1050 1047 1477 1119 ἀλλοτριότησιν,
1504 1047 1625 1101 οὐδὲ
1651 1046 1810 1118 κακῷ

212 1137 280 1190 τὺ
301 1137 476 1192 κακὸν
515 1136 746 1208 ἰώμεθα,
800 1139 899 1209 τὴν
946 1138 1106 1192 ἄθεον
1151 1139 1443 1193 Σαϐελλίου
1498 1140 1808 1211 συναίρεσιν

215 1227 560 1299 ἀσεϐεστέρςι
611 1227 871 1298 διαιρέσει
932 1228 1029 1282 καὶ
1095 1231 1382 1300 κατατομῇ
1438 1228 1693 1292 λύοντεςο
1740 1229 1808 1300 ἢν

218 1318 444 1389 ’Δρειος
482 1319 736 1389 νοσήσας,
772 1321 801 1371 ὁ
847 1319 945 1390 τῆς
1006 1320 1205 1390 μανίας
1258 1320 1547 1391 ἐπώνυμος
1577 1321 1715 1392 (77),
1747 1321 1808 1374 τὸ

214 1407 357 1461 πολὺ
390 1409 492 1478 τῆς
537 1409 863 1480 Ἐκκλησίας
910 1410 1140 1464 διέσεισε
1175 1413 1269 1465 καί
1301 1412 1605 1483 διέφθειρεν
1635 1430 1650 1446 ·
1681 1411 1806 1467 οὕτε

209 1503 310 1557 τὸν
348 1502 569 1574 Πατέρα
598 1504 855 1575 τιμήσας,
890 1506 982 1558 καὶ
1012 1507 1286 1576 ἀτιμάσας
1307 1505 1377 1559 τὰ
1404 1504 1464 1571 ἐξ
1494 1506 1680 1573 αὑτοῦ,
1719 1507 1809 1562 διὰ

212 1594 329 1647 τῶν
360 1593 559 1647 ἀνίσων
590 1595 813 1666 βαθμῶν
863 1597 962 1668 τῆς
1009 1596 1293 1666 θεότητος.
1354 1597 1513 1651 Ἀλλά
1553 1601 1681 1669 μίαν
1709 1599 1807 1669 μὲν

210 1685 377 1751 δόξαν
409 1686 624 1758 Πατρὸς
652 1687 1016 1760 γινώσκομεν,
1039 1689 1140 1761 τὴν
1173 1690 1465 1761 όμοτιμίαν
1495 1689 1592 1743 τοῦ
1624 1692 1803 1744 Μονο-

208 1776 410 1845 γενοῦς
437 1794 449 1806 ·
483 1755 613 1848 μίαν
639 1755 700 1831 δὲ
729 1755 1016 1851 Υίοῦξτὴν
1054 1755 1149 1834 τοῦ
1177 1755 1516 1852 [ἰνεύματος.
1561 1782 1672 1836 Καὶ
1699 1782 1727 1834 ὅ
1753 1799 1805 1836 τι
1836 1755 1878 1809 Β

205 1861 280 1915 ἂν
309 1862 417 1916 τῶν
446 1863 616 1934 τριῶν
657 1866 808 1920 κάτω
841 1866 1055 1938 θῶμεν,
1100 1868 1164 1921 τὸ
1205 1870 1314 1923 πᾶν
1342 1869 1625 1941 καθαιρεῖν
1651 1871 1805 1941 νομίο

202 1951 407 2023 ζομεν·
447 1954 575 2026 τρία
613 1955 713 2027 μὲν
754 1960 878 2021 ταῖς
931 1959 1191 2029 ἰδιότησιν
1241 1960 1376 2032 (78),
1406 1960 1465 2014 ἓν
1494 1961 1552 2015 δὲ
1584 1965 1649 2033 τῇ
1679 1961 1798 2016 θεό-

200 2060 332 2115 τητι
365 2045 479 2116 (³79)
512 2047 761 2112 σέϐοντες
782 2050 878 2102 καὶ
892 2050 1274 2118 γινώσκοντες.
1294 2048 1395 2105 ’Ὧν
1423 2053 1575 2107 οὐδὲν
1602 2053 1798 2108 ἐννοῶν

200 2139 442 2205 ἐκεῖνος,
469 2142 593 2195 οὐδὲ
633 2142 746 2198 ἄνω
772 2144 990 2214 βλέπειν
1017 2147 1339 2218 δυνάμενος,
1391 2148 1507 2203 ἀλλ’
1556 2148 1662 2202 ὑπὸ
1687 2147 1797 2203 τῶν

200 2231 457 2300 ἀγόντων
513 2234 624 2305 (80)
673 2236 837 2289 αὐτὸν
881 2239 1307 2310 ταπεινούμενος
1331 2278 1347 2304 ,
1409 2240 1797 2294 συνταπεινοῦν

198 2324 512 2398 ἐτόλμησεν
530 2328 713 2399 ἑαυτῷ
741 2331 834 2382 καί⁸
864 2329 1024 2398 φύσιν
1044 2330 1322 2402 θεότητος·
1355 2333 1450 2385 καὶ
1479 2333 1685 2403 κτίσμα
1713 2332 1798 2401 γί-

197 2430 360 2468 νεται
381 2418 638 2489 πονηρὸν,
674 2421 754 2484 εἰς
780 2420 1024 2475 δουλείαν
1049 2423 1303 2491 κατάγων
1326 2423 1426 2494 τὴν
1447 2423 1788 2490 δεσποτείαν,

199 2505 304 2558 καὶ
340 2509 481 2577 μετὰ
500 2509 600 2579 τῆς
638 2510 870 2576 κτίσεως
903 2513 1073 2578 τιθεὶς
1095 2513 1192 2586 τὴν
1213 2514 1466 2569 άκτιστον
1499 2515 1659 2570 φύσιν
1698 2516 1795 2570 καὶ

196 2595 565 2670 ὕπέρχρονον.

1915 494 2275 564 blasphemia,
2329 494 2701 561 laborantem;
2753 496 2844 565 qni
2890 506 3013 564 post
3068 510 3494 568 persecutorem,

1913 594 2227 654 persecutor
2250 585 2477 649 exstitit,
2531 594 2654 653 post
2711 594 3054 654 apostatam,
3120 602 3239 647 non.
3277 592 3493 658 quidem

1916 685 2184 746 apostata,
2211 677 2303 729 sed
2350 675 2520 729 nihilo
2554 684 2733 729 tamen
2777 675 2964 730 melior
3006 676 3353 745 Christianis,
3390 681 3495 744 vel,

1914 781 1971 826 ut
2001 773 2203 826 rectius
2231 770 2448 839 loquar,
2483 769 2919 825 Christianorum
2952 770 3209 840 piissimae
3234 780 3288 824 et
3315 773 3494 838 puris-

1912 862 2064 915 sima:
2099 860 2265 928 parti,
2310 860 2694 915 acITrinitatis
2718 860 2951 925 cultrici,
2986 876 3144 929 quam
3169 863 3383 931 quidem
3408 877 3497 915 so-

1911 953 2017 1006 lam
2051 952 2303 1021 pietatem
2332 965 2396 1004 ac
2429 951 2719 1005 salutarem
2750 951 3052 1005 doctrinam
3098 949 3325 1018 appello.
3376 949 3492 1003 Non

1911 1043 2055 1097 enim
2093 1041 2431 1096 divinitatem
2468 1039 2615 1093 velut
2662 1040 2729 1093 ad
2761 1040 2950 1094 libram
2985 1041 3357 1108 expendimus,
3392 1055 3492 1094 nec

1911 1147 2071 1185 unam
2101 1140 2158 1185 et
2183 1129 2612 1185 inaccessibilem
2645 1139 2892 1184 naturam
2920 1145 3017 1200 per
3049 1130 3255 1183 alienas
3281 1129 3491 1199 disjun—

1909 1223 2118 1277 ctiones
2144 1236 2174 1274 a
2207 1231 2269 1276 ‘se
2298 1223 2417 1290 ipsa
2461 1234 2797 1290 separamus,
2831 1236 2930 1274 nec
2963 1220 3163 1274 malum
3200 1220 3341 1276 malo
3393 1237 3490 1276 cu-

1911 1327 2115 1376 ramus,
2147 1311 2367 1380 impiam
2419 1310 2644 1364 Sabellii
2703 1311 3125 1365 contractionem
3178 1326 3274 1380 per
3315 1326 3489 1383 magis

1909 1402 2128 1472 impiam
2162 1403 2480 1458 divisionem
2532 1410 2588 1455 et
2629 1404 2925 1457 sectionem
2958 1401 3345 1468 dissolventes;
3380 1418 3488 1471 quo

1909 1497 2099 1549 morbo
2126 1506 2408 1564 correptus
2442 1497 2550 1560 ille,
2588 1511 2617 1550 a
2644 1496 2826 1551 furore
2851 1510 3047 1550 nomen
3077 1497 3278 1550 habens
3299 1497 3485 1564 Arius,

1880 1584 2155 1659 'magnam
2191 1588 2450 1642 Ecclesiae
2477 1597 2683 1657 partem
2715 1589 2991 1643 concussit
3027 1599 3082 1644 et
3121 1588 3484 1646 labefactavit.

1907 1678 2041 1733 Nam
2071 1695 2171 1735 nec
2194 1679 2407 1734 Patrem
2448 1681 2758 1745 honoravit,
2786 1690 2836 1736 et
2860 1696 2945 1746 ea,
2970 1695 3088 1749 quze
3110 1696 3177 1737 ex
3201 1681 3314 1750 ipso
3335 1693 3482 1746 sunt,

1908 1770 2172 1824 dedecore
2209 1768 2410 1835 aﬂ'ecit,
2457 1771 2580 1826 dum
2613 1771 2906 1841 inazquales
2943 1773 3240 1827 divinitatis
3285 1773 3486 1844 gradus

1908 1862 2129 1915 invexit.
2173 1860 2369 1916 Verum
2401 1878 2562 1916 imam
2602 1863 2816 1931 quidem
2870 1861 3049 1918 Patris
3095 1863 3320 1934 gloriam
3364 1879 3485 1919 esse

1906 1956 2286 2022 agnoscimus,
2327 1953 2601 2024 Unigeniti
2649 1955 3014 2023 arqualitatem
3043 1995 3059 2021 ,
3088 1970 3247 2009 unam
3302 1966 3483 2011 autem

1908 2044 2054 2109 Filii,
2080 2046 2316 2115 Spiritus
2354 2048 2526 2100 sancti
2555 2046 3001 2115 aquuationem.
3034 2047 3112 2102 Ac
3149 2047 3191 2100 si
3226 2047 3355 2117 quid
3387 2050 3487 2103 ho-

1907 2154 2023 2191 rum
2054 2138 2217 2191 trium
2244 2138 2382 2191 infra
2411 2138 2766 2203 collocemus,
2797 2139 2872 2193 ita
2893 2138 3289 2204 existimamus,
3315 2148 3484 2194 totam

1900 2229 2274 2285 Trinitatema
2314 2229 2473 2285 nobis
2522 2230 2695 2285 everti
2726 2246 2791 2284 ac
2844 2230 3055 2298 deleri;
3111 2233 3210 2286 tria
3264 2232 3484 2302 q'uidem

1895 2323 2069 2393 quoad
2098 2323 2478 2393 proprietates,
2518 2338 2682 2376 unum
2709 2332 2888 2378 autem
2916 2324 3091 2391 quoad
3124 2325 3482 2388 divinitatem,

1893 2424 2213 2470 venerantes
2257 2424 2312 2467 et
2357 2423 2736 2484 agnoscentes.
2765 2414 3002 2481 Quorum
3049 2432 3170 2469 cum
3214 2416 3304 2470 iile
3347 2416 3484 2471 nihil

1894 2509 2375 2573 animadverteret,
2411 2523 2512 2578 nec
2556 2522 2769 2561 sursum
2807 2522 3032 2563 cernere
3058 2518 3264 2578 posset,
3292 2523 3482 2563 verum

1894 2606 1962 2659 ab
1988 2603 2075 2668 iis,
2101 2601 2190 2670 qui
2214 2613 2335 2652 eum
2361 2598 2650 2659 ducebant.
2676 2599 3089 2668 deprimeretnr,
3112 2615 3293 2656 secum
3315 2601 3480 2655 etiam

197 2692 511 2749 divinitatis
531 2705 776 2750 naturam
802 2698 1104 2767 deprimere
1129 2716 1234 2756 non
1266 2701 1572 2767 dubitavit,
1598 2708 1761 2771 atque
1790 2698 2088 2770 improbam
2117 2701 2423 2749 creaturam
2457 2705 2517 2745 se
2560 2692 2808 2759 praebuit,
2839 2693 3260 2749 dominationem
3285 2711 3481 2768 nempe

193 2786 259 2841 in
293 2787 611 2841 servitutem
640 2789 948 2853 detrahens,
982 2801 1340 2862 naturamque
1368 2793 1662 2848 increatam
1683 2803 1738 2848 et
1765 2803 2005 2862 tempore
2023 2786 2389 2843 sublimiorem
2407 2786 2551 2838 inter
2588 2798 2677 2838 res
2703 2794 2912 2840 creatas
2941 2788 3294 2844 constituens.

273 2877 404 2933 ΛΝ.
445 2877 503 2932 '0
526 2878 628 2950 μὲν
655 2875 750 2933 οὖν
777 2880 920 2936 οὕτω
947 2884 1182 2953 φρονῶν,
1219 2885 1318 2939 καὶ
1363 2885 1504 2955 μετὰ
1538 2886 1797 2959 τοιαύτης

1976 2881 2175 2939 XXXI.
2211 2880 2324 2944 Hoc
2355 2878 2445 2932 ille
2474 2879 2689 2948 quidem
2719 2878 2925 2944 animo,
2954 2889 3007 2933 et
3028 2880 3188 2951 795
3217 2897 3338 2936 cum
3380 2883 3480 2938 lm-

193 2967 339 3037 ἡμῖν
371 2968 751 3039 ἐπιστρατεύει
784 2972 885 3043 τῆς
914 2973 1191 3038 ἀσεϐείας.
1235 2975 1311 3028 Ού
1336 2974 1443 3047 γὰρ
1465 2975 1594 3029 ἄλλο
1643 2993 1718 3043 τι,
1755 2976 1789 3047 ἢ

196 3057 551 3130 βαρϐαρικὴν
604 3061 957 3134 καταδρομὴν
998 3063 1157 3118 τοῦτο
1199 3064 1564 3137 ὑποληπτέον,
1594 3067 1792 3121 καθαι-

195 3151 426 3224 ροῦσαν,
453 3153 513 3205 ού
545 3153 722 3225 τείχη,
759 3156 854 3208 καὶ
887 3154 1091 3219 πόλεις,
1115 3158 1210 3210 καὶ
1235 3158 1433 3222 οἰκίας,
1463 3158 1583 3212 οὑδέ
1610 3177 1663 3213 τι
1684 3160 1792 3214 τῶν

196 3242 419 3315 μικρῶν
455 3244 549 3298 καὶ
595 3248 1010 3318 χειροποιήτων,
1044 3249 1139 3301 καὶ
1166 3245 1320 3313 αὖθις
1353 3249 1788 3322 ἁνορθουμένων,

191 3333 339 3388 ἀλλὰ
367 3335 469 3397 τὰς
500 3335 679 3407 ψυχὰς
707 3337 881 3401 αὐτὰς
930 3339 1368 3410 κατασύρουσαν.
1412 3341 1791 3395 Συνεισϐάλλει

189 3425 254 3479 δὲ
285 3426 438 3498 αὐτῷ
457 3428 552 3480 καί¹
575 3431 806 3501 στρατὸς
828 3430 999 3498 ἄξιος,
1021 3434 1069 3485 oi
1103 3431 1265 3485 κακοὶ
1295 3432 1406 3486 τῶν
1445 3433 1788 3506 Ἐκκλησιῶν

193 3518 489 3588 ἡγεμόνες,
523 3520 573 3571 oi
602 3522 793 3590 πικροὶ
837 3522 1139 3595 τετράρχαι
1182 3522 1289 3593 τῆς
1330 3523 1423 3577 ὑπ’
1456 3524 1619 3577 αὐτὸν
1669 3524 1783 3596 (81)

192 3609 528 3678 οἰκουμένης
549 3626 562 3640 ·
595 3611 644 3663 οἳ
675 3611 737 3664 τὸ
768 3611 866 3681 μὲν
894 3612 1111 3683 ἔχοντες
1141 3614 1244 3685 ήδη
1274 3613 1385 3666 τῶν
1429 3613 1783 3686 Ἐκκλησιῶν,

190 3695 274 3766 τῷ
304 3696 364 3749 δὲ
392 3697 827 3768 προσϐάλλοντες
856 3700 998 3771 (82),
1026 3701 1087 3754 τὸ
1119 3701 1175 3755 δὲ
1214 3703 1526 3766 ἐλπίζοντες
1574 3704 1637 3755 ὲκ
1685 3703 1785 3774 τῆς

190 3786 289 3840 τοῦ
323 3786 591 3857 βασιλέως
620 3791 795 3860 ῥοπῆς
822 3793 916 3846 καὶ
936 3793 1137 3865 χειρὸς,
1169 3794 1269 3866 τῆς
1292 3794 1393 3865 μὲν
1408 3794 1780 3866 ὲπαγομένης,

188 3875 294 3944 τῆς
319 3875 376 3929 δὲ
426 3879 537 3948 (85)
566 3880 967 3954 ἀπειλουμένης
988 3923 1004 3949 ,
1059 3880 1193 3955 ἧκον
1248 3887 1343 3940 καὶ
1372 3885 1472 3957 τὴν
1505 3887 1783 3958 ἡμετέραν

189 3970 733 4041 καταστρεψόμενοι,
777 3973 952 4027 οὐδενὶ
1003 3974 1258 4031 τοσοῦτον
1296 3978 1519 4051 θαρρεῖν
1565 3979 1783 4050 ἔχοντες

186 4058 304 4111 τῶν
356 4061 631 4128 ἁπάντων,
664 4064 788 4119 ὅσον
819 4068 883 4137 τῇ
918 4065 1029 4120 τῶν
1071 4071 1486 4141 προειρημένων
1516 4071 1785 4143 μικροψυο

188 4150 308 4220 χίᾳ,
339 4151 435 4203 καὶ
456 4153 682 4225 ἀπειρίᾳ
706 4155 799 4207 τοῦ
821 4157 1122 4226 τηνικαῦτα
1153 4160 1309 4231 ἡμῶν
1336 4162 1777 4233 προεδρεύοντος,

1891 2974 2128 3049 jnsmodi
2158 2973 2454 3043 impietate,
2479 2972 2765 3026 adversum
2801 2986 2900 3026 nos
2931 2974 3325 3042 eXpeditionem
3356 2990 3478 3030 sns-

1894 3066 2046 3136 cipit.
2104 3063 2216 3119 Nec
2251 3063 2392 3118 enim
2430 3062 2573 3117 aliud
2602 3063 2856 3132 quiddam
2884 3077 2947 3116 ea
2978 3077 3065 3118 res
3115 3064 3480 3121 existimanda

1893 3167 1999 3224 est,
2035 3172 2197 3228 quam
2228 3154 2514 3211 barbarica
2556 3155 2817 3222 incursio,
2848 3170 2952 3209 non
2981 3171 3167 3211 muros
3199 3166 3473 3224 evertens,

1892 3268 1999 3307 non
2023 3252 2206 3314 urbes,
2247 3264 2354 3304 non
2393 3249 2606 3312 domos,
2657 3255 2752 3302 aut
2799 3248 2905 3302 alia
2936 3249 3181 3320 quaedam
3213 3264 3375 3319 parva
3422 3258 3479 3305 et

1899 3359 2060 3398 manu
2094 3343 2255 3407 facta,
2287 3351 2488 3412 etquae
2526 3357 2760 3396 rursum
2795 3340 2943 3397 reﬁci
2982 3351 3144 3411 atque
3175 3341 3474 3396 instaurari

1889 3435 2116 3505 possint,
2143 3435 2235 3489 sed
2262 3434 2473 3489 animas
2503 3433 2648 3502 ipsas
2676 3433 3012 3489 disturbans.
3045 3433 3308 3505 Impetum
3336 3451 3475 3502 quo-

1891 3537 1998 3590 que
2026 3536 2129 3575 una
2161 3536 2282 3576 cum
2324 3535 2388 3575 eo
2406 3519 2534 3575 facit
2559 3520 2837 3574 exercitus
2865 3521 2979 3589 ipso
2996 3520 3211 3591 dignus,
3240 3523 3471 3592 improbi

1888 3610 2252 3666 Ecclesiarum
2278 3610 2690 3681 gubernatores,
2716 3610 2841 3664 saevi
2859 3620 3023 3679 atque
3049 3612 3310 3666 immanes
3326 3612 3476 3668 orbis

1888 3704 2056 3770 illius,
2092 3703 2183 3773 qui
2231 3702 2408 3772 ipsius
2448 3704 2676 3772 imperio
2704 3714 2762 3759 et
2811 3704 2999 3759 ditioni
3030 3705 3306 3775 subjectus
3335 3715 3472 3770 erat,

1887 3796 2196 3850 tetrarchas.
2229 3794 2333 3861 Qui
2365 3810 2488 3850 cum
2521 3811 2586 3850 ex
2616 3795 2873 3850 Ecelesiis
2902 3796 3035 3851 alias
3057 3795 3168 3865 jam
3200 3807 3464 3864 tenerent,

1887 3888 2024 3943 alias
2056 3898 2451 3959 oppugnarent,
2509 3888 2644 3943 alias
2691 3886 2762 3942 ob
2813 3888 3156 3958 imperatoris
3187 3903 3341 3958 opem
3397 3904 3463 3943 ac

1884 3995 2123 4044 manum,
2147 3995 2268 4048 qua:
2295 3980 2492 4047 partim
2533 3979 2911 4044 adhibebatur,
2936 3980 3132 4048 partim
3170 3980 3466 4034 denuntia-

1882 4070 2062 4137 batur,
2091 4069 2145 4124 in
2170 4078 2495 4139 potestatem
2547 4081 2806 4125 venturas
2855 4079 3160 4140 sperarent,
3200 4070 3306 4125 huc
3336 4087 3472 4139 quo-

1885 4175 2011 4232 que,
2044 4171 2103 4216 ut
2132 4171 2374 4216 nostram
2410 4163 2462 4216 in
2508 4161 2766 4216 ditionem
2806 4177 2957 4216 suam
2994 4163 3323 4231 redigerent,
3375 4178 3473 4217 νε-

188 4243 291 4294 καὶ
323 4245 436 4304 τοῖς
459 4244 516 4295 ὲν
549 4245 681 4315 ἡμῖν
721 4225 1205 4318 ἀρρωστήμασιν.-.
1228 4250 1285 4303 '0
1335 4225 1435 4322 μέν
1487 4225 1580 4305 οὖν
1631 4225 1781 4319 mox}

1900 4225 2108 4316 ierunt,
2166 4252 2310 4306 nulla
2353 4266 2411 4306 re
2445 4252 2668 4321 perinde
2701 4250 2824 4306 freti
2881 4260 3043 4320 atque
3105 4225 3346 4314 subnixi,
3411 4262 3471 4306 ut

188 4332 393 4396 πολύς·
427 4334 460 4405 ἡ
491 4334 548 4387 δὲ
573 4336 851 4407 προθυμία
883 4338 992 4391 τῶν
1018 4340 1287 4394 πλείστων
1320 4342 1419 4396 οὐκ
1453 4343 1705 4414 ἀγεννὴς,
1744 4347 1778 4415 ἡ

186 4422 247 4476 δὲ
297 4425 602 4496 παράταξις
630 4426 882 4499 ἀσθενὴς,
907 4430 1006 4482 οὐκ
1030 4430 1228 4500 ἔχουσα
1254 4431 1343 4484 τὸν
1368 4432 1779 4504 προαγωνιστὴν

184 4678 372 4802 66533)
410 4678 759 4737 Εὐσέϐειαν.
811 4679 901 4736 Sic
958 4683 1111 4738 codd.
1163 4685 1217 4738 In
1260 4684 1388 4741 Par.
1435 4688 1554 4750 ed.,
1608 4686 1765 4741 εὐσέ-

223 4766 352 4802 ειον.

259 4820 372 4898 (77)
425 4817 487 4871 '0
535 4818 901 4898 tﬁq‘yarlac
934 4820 1265 4898 ξπώννμος.
1309 4823 1455 4898 Reg._
1486 4828 1577 4898 ph.
1614 4829 1642 4880 ὁ
1668 4827 1770 4898 τῆς

188 4888 440 4966 μανείας,
473 4888 901 4966 etc.__t)b_se_rvat
938 4888 1457 4966 Petavius,‘tom.'ll
1487 4888 1499 4896 ’
1523 4888 1769 4966 Τήεοιορξ

183 4960 387 5031 dogm.,
420 4973 539 5028 pag.
566 4959 657 5024 45,
690 4960 921 5016 Arianos
945 4963 1198 5031 pecaliari
1249 4979 1377 5017 voce
1407 4959 1772 5021 Ariomanitas

182 5043 309 5105 esse
339 5030 533 5105 dictos,
582 5044 690 5105 quo
746 5030 964 5105 nomine
1010 5048 1105 5105 eos
1137 5034 1484 5105 appellandos
1530 5038 1772 5105 praecipit

183 5098 417 5174 epistola
448 5113 542 5152 sua
585 5098 994 5174 Constantinus.
1025 5098 1281 5174 Gregorii
1331 5106 1493 5161 verba
1531 5098 1763 5174 profert,

1885 4357 2095 4408 eorum,
2127 4342 2195 4397 de
2217 4344 2414 4412 quibus
2465 4342 2622 4411 paulo
2652 4353 2778 4396 ante
2811 4341 2975 4395 locuti
3006 4357 3218 4408 sumus,
3275 4342 3466 4396 simul-

1889 4443 2018 4503 tate,
2055 4436 2409 4505 atqneillius,
2436 4436 2527 4503 qui
2566 4444 2675 4488 tum
2710 4433 2864 4489 nobis
2907 4433 3251 4503 praesidebat,
3302 4435 3470 4505 impe-

1873 4698 1953 4741 tes
1977 4686 2042 4740 ad
2068 4684 2568 4748 subsiStentias,seu
2596 4699 2873 4753 personas.
2900 4683 2992 4739 Sic
3012 4684 3281 4751 Christus,
3304 4687 3462 4747 Joan.

1873 4773 1934 4814 κ.
1957 4757 2046 4821 '50,
2089 4775 2107 4807 ι
2142 4756 2254 4824 Ego
2282 4766 2334 4810 et
2364 4755 2527 4809 Pater
2553 4772 2716 4808 unum
2759 4770 2962 4808 smnus.
3002 4755 3114 4820 Ego
3140 4766 3191 4810 et
3229 4756 3407 4823 Pater,
3441 4782 3460 4812 ι

1877 4829 1966 4894 qui
2009 4842 2195 4880 sumus
2224 4828 2351 4885 duo.
2392 4826 2565 4894 quoad
2617 4840 2902 4889 personas,
2937 4845 2955 4876 ι
2991 4842 3155 4880 unum
3191 4842 3401 4891 sumus,
3440 4850 3460 4881 ι

1883 4896 2060 4966 quoad
2089 4897 2447 4966 divinitatem.

1954 4966 2065 5037 (79)
2113 4964 2193 5033 Τῇ
2232 4967 2495 5037 θεότητιε
2537 4963 2628 5019 Sic
2664 4964 2901 5034 quinque
2957 4966 3162 5035 ﬁegg.,
3190 4964 3285 5020 Or.
3334 4973 3370 5020 2
3406 4978 3462 5023 et

1882 5035 2225 5090 Pass.'Deest
2253 5037 2318 5105 τῇ
2354 5037 2403 5087 in
2436 5036 2522 5088 ed.

1950 5104 2064 5176 (80)
2116 5103 2431 5174 Ἀγόντων.
2465 5103 2619 5176 «Qui
2657 5119 2778 5157 eum
2814 5104 3099 5176 ducebant.
3131 5125 3149 5157 ›
3181 5104 3464 5161 Βεειηοηρει

182 5165 276 5247 gini
312 5167 501 5247 ᾼνξξιιῐι
555 5179 715 5247 vocat
769 5170 968 5238 μανίας
1019 5165 1331 5247 ἐπῶνύμον,
1383 5191 1495 5247 (eo
1521 5165 1702 5240 sensu,
1743 5165 1762 5228 ὖ
1872 5165 2141 5247 intelligit,
2188 5165 2418 5247 quorum
2470 5165 2652 5247 amato
2689 5184 2885 5247 __atqu_e
2919 5175 3221 5247 ‘instinctu,
3266 5178 3469 5247 impius

186 5236 363 5304 inquit
395 5236 664 5315 Petavius,
699 5236 855 5315 ¢_non
899 5246 1041 5309 quod
1078 5236 1296 5315 ’Ἃρείος
1318 5236 1355 5298 ιι
1403 5245 1573 5300 Marte
1605 5236 1768 5302 voca-

185 5316 357 5377 retur,
391 5316 449 5358 ut
475 5310 688 5377 putavit
719 5309 1065 5377 interpres._i

254 5361 566 5461 mirga,
580 5376 698 5444 μὲν
728 5361 1166 5461 ταῖέὶὸιᾶησςι.
1200 5381 1311 5439 Sic.
1357 5384 1513 5461 codd.
1554 5384 1610 5437 In
1646 5385 1765 5461 ed.,

180 5445 308 5516 τρία
338 5445 438 5523 μὲν
465 5445 725 5523 ἰδιῶτησι.
770 5465 793 5523 t_
824 5448 959 5503 Tres
994 5445 1208 5518 quidem
1248 5456 1425 5522 quoad
1473 5445 1767 5523 preprietaQ

185 5515 348 5593 ἓξὲξ)
396 5515 588 5593 Patris.
617 5515 916 5593 proprietas
949 5515 1085 5593 ‘esl,
1127 5515 1283 5591 quod
1318 5525 1391 5578 sit
1447 5515 1718 5592 ingenitus
1748 5545 1761 5592 ;

183 5582 330 5647 Filii,
362 5586 506 5662 quod
544 5582 862 5662 sit’genitus
885 5582 1180 5662 ;_Spiritn's
1214 5593 1407 5657 sancti,
1433 5582 1573 5662 quod
1608 5612 1636 5647 a
1668 5582 1765 5648 Pa;

186 5663 268 5733 tre
302 5663 356 5707 et
394 5653 532 5733 Filio
567 5653 846 5733 procedat:
901 5653 1072 5733 (ξτιᾷεοί
1117 5662 1361 5733 scribunt
1396 5653 1553 5733 τρία,
1593 5666 1765 5731 respi-

181 5724 388 5780 cientes
418 5725 489 5780 ad
516 5724 799 5794 πρόσωπα.
828 5725 999 5782 Latini
1026 5744 1155 5786 vero
1184 5750 1204 5785 ι
1239 5732 1396 5799 Tres,
1430 5724 1452 5783 ἐ
1478 5724 1766 5804 respicien-

1868 5246 2120 5315 princeps
2152 5242 2432 5315 catholica:
2460 5243 2580 5315 fidei
2618 5242 2815 5315 bellum
2854 5242 3137 5315 inferebat.

1942 5311 2074 5380 (81)“
2104 5314 2235 5366 “Υπ’
2266 5312 2468 5365 αὐτόν.
2504 5311 2679 5376 Passa,
2712 5312 2805 5372 ὑπ’
2833 5313 3031 5368 αὐτῶν.

1943 5382 2184 5455 (ωδ-Τῷ
2227 5380 2295 5434 δὲ
2338 5381 2849 5455 προσϐάλλοντες.
2908 5384 3018 5455 Duo
3070 5385 3264 5454 Regg.,
3325 5384 3458 5453 Jes.,

1873 5450 2017 5576 gain.
2046 5453 2105 5506 τὸ
2138 5454 2194 5506 δὲ
2225 5450 2671 5523 προσϐάλλοντες.
2704 5451 2916 5520 Coinb.,
2960 5452 3022 5508 τὸ
3068 5455 3127 5508 δὲ
3154 5450 3458 5527 ῖπροσλαμὲ

1912 5541 2146 5576 ανοντες.
3186 5552 3204 5570 .

1912 5541 2146 5587 ανοντες.
3186 5552 3204 5570 .
3472 5564 3479 5588 ι

1946 5595 2056 5667 (θξ)
2102 5592 2216 5661 Τῆς
2243 5590 2580 5667 μένου-,τῆς
2607 5593 2691 5667 δέ·
2737 5592 2904 5667 Bssx-
2949 5609 3003 5667 a.
3049 5608 3099 5661 ο,
3141 5594 3451 5667 d-,Chrys-.

1874 5661 1965 5719 Or.
2000 5664 2366 5744 2,.flc.,.10't';
2393 5661 2558 5744 μὲν..τ
2597 5665 2709 5724 τοῖς
2745 5661 2883 5717 δέξὶ
2916 5666 3046 5723 Aliis
3078 5667 3185 5721 vim
3216 5661 3454 5724 inferet]?

1875 5745 2004 5800 tein,
2035 5734 2153 5789 aliis
2190 5734 2362 5788 minas
2392 5734 2764 5788 intentantem.
2793 5754 2812 5786 ι
