3902 6218
405 284 510 344 559

1614 287 1673 343 S.
1714 285 2042 343 GREGORII
2103 282 2449 340 THEOLOGI

3579 279 3691 340 5‘0

408 407 557 472 ritia,
589 419 651 460 ac
679 404 883 461 morbis
913 405 1100 471 etiam,
1136 405 1228 476 qui
1264 406 1404 477 apud
1452 420 1550 460 nos
1583 405 1988 476 grassabantur.

2110 404 2190 457 καὶ
2220 402 2470 474 τεχνίτην
2498 401 2817 473 ύπέρμαχον
2848 402 2907 454 ὲν
2926 400 3153 471 δυνάμει
3200 398 3359 467 λόγου
3389 400 3482 453 καὶ
3512 401 3693 454 Πνεύ-

408 497 664 568 Magnum
691 512 820 566 ergo
843 507 1126 552 certamen
1145 498 1478 568 propositum
1500 506 1617 551 erat
1641 514 1656 566 ;
1682 512 1786 553 non
1803 497 1991 568 ignava

402 601 587 645 tamen
635 590 929 645 multorum
981 590 1260 656 alacritas,
1293 590 1388 645 sed
1421 589 1633 644 inﬁrma
1660 597 1781 643 erat
1825 590 1991 654 acies,

407 690 592 750 utpote
622 697 743 750 quae
796 695 1217 753 propugnatore,
1271 699 1335 738 ac
1386 682 1563 755 perito
1604 682 1886 737 defensore
1938 682 1991 734 in

408 775 681 829 sermonis
708 783 763 827 et
793 774 1026 843 Spiritus
1051 777 1249 830 virtute
1280 784 1514 834 careret.
1544 775 1684 842 Quid
1718 775 1881 845 igitur
1903 789 1993 843 ge-

408 881 610 920 nerosa
648 865 738 919 illa
770 876 823 921 et
854 867 1068 921 excelsa
1094 867 1302 932 anima,
1324 867 1636 937 Christique
1659 881 1843 921 amore
1864 879 1992 920 vere

409 958 678 1027 praedita?
704 958 780 1012 Ne
811 959 991 1015 multis
1019 961 1238 1030 quidem
1261 960 1605 1015 sermonibus
1627 959 1695 1014 ad
1724 960 1827 1014 hoc
1856 972 1993 1029 opus

410 1049 625 1116 habuit,
663 1059 724 1104 ut
754 1051 912 1106 nobis
951 1062 1147 1122 praesto
1182 1061 1350 1114 esset.
1385 1068 1451 1108 ac
1484 1052 1758 1122 suppetias
1793 1050 1991 1115 ferret;

411 1154 602 1194 verum
644 1142 807 1197 simul
837 1151 999 1212 atque
1026 1158 1125 1198 nos
1188 1143 1511 1214 legationem
1570 1144 1832 1198 obeuntes
1860 1142 2000 1196 vidit

412 1232 564 1303 (erat
601 1236 745 1289 enim
802 1237 1019 1306 utrique
1047 1247 1294 1293 nostrum
1349 1250 1637 1292 commune
1687 1236 1791 1290 hoc
1825 1244 2003 1289 certa-

414 1339 562 1389 men,
603 1336 662 1381 ut
689 1328 778 1396 qui
807 1327 928 1383 ﬁdei
956 1340 1382 1401 propugnatores
1408 1328 1674 1398 designati
1696 1326 1998 1396 essemus),

412 1416 600 1469 statim
630 1415 883 1486 legationi
916 1420 1123 1486 cessit;
1169 1433 1233 1474 ac
1266 1417 1639 1490 spiritualibus
1700 1415 2001 1472 rationibus

416 1520 602 1561 secum
638 1509 842 1578 optime
879 1511 1396 1582 sapientissimequo
1443 1511 1807 1581 distinguens,
1860 1506 2003 1561 aliud

417 1599 714 1657 simultatis
751 1611 964 1674 tempus
996 1620 1118 1661 esse
1148 1605 1232 1676 (si
1261 1604 1389 1675 quid
1421 1605 1588 1659 etiam
1621 1601 1888 1673 ejusmodi
1918 1599 2005 1653 af-

2104 513 2292 566 ματος.
2342 492 2407 545 Τί
2463 490 2556 547 οὖν
2585 496 2619 565 ἡ
2674 493 2898 561 γενναία
2931 493 3026 547 καὶ
3083 491 3440 563 μεγαλόφρων
3498 493 3686 566 ἐκείνη

2098 586 2265 657 ψυχὴ,
2293 585 2387 639 κα)¹
2414 584 2582 648 ὅντως
2612 583 2993 656 φιλόχριστος;
3046 583 3184 636 Οὐδὲ
3229 581 3438 635 πολλῶν
3486 583 3686 655 ἐδεήθη

2099 677 2272 745 λόγων
2308 675 2445 746 πρὸς
2471 674 2532 727 τὸ
2558 676 2814 745 παρεῖναι
2844 673 2939 726 καὶ
2985 675 3294 744 συμμαχεῖν
3316 689 3332 705 ο
3380 671 3498 725 ἀλλ’
3546 672 3690 743 ομοῦ

2099 785 2160 820 τε
2187 764 2327 821 εἶδεν
2372 767 2523 838 ἡμᾶς
2545 765 2949 837 πρεσϐεύοντας
2980 764 3200 837 (κοινὸς
3230 764 3339 834 γὰρ
3382 759 3451 835 ἦν
3480 764 3509 817 ὁ
3538 762 3694 832 ἀγὼν

2102 859 2432 931 ἀμφοτέροις
2461 859 2537 922 ὡς
2557 858 2652 912 τοῦ
2683 858 2845 927 λόγου
2887 857 2999 928 (84)
3032 855 3565 929 προϐεϐλημένοις),
3598 856 3696 910 καὶ

2101 954 2201 1023 τῆς
2222 951 2516 1022 πρεσϐείας
2538 950 2750 1022 ἡττήθη
2767 968 2780 981 ’
2799 951 2894 1004 καὶ
2920 949 3110 1004 διελὼν
3131 950 3328 1020 ἄριστα
3355 949 3485 1018 παρ’
3511 947 3698 1018 ἑαυτῷ

2103 1047 2199 1100 καὶ
2232 1043 2647 1115 φιλοσοφώτατα
2697 1045 2812 1107 τοῖς
2863 1042 2959 1097 τοῦ
3015 1041 3335 1113 Πνεύματος
3381 1041 3696 1112 λογισμοῖς,

2103 1137 2262 1191 ἀλλον
2294 1137 2392 1208 μὲν
2415 1132 2555 1190 εἶναι
2581 1135 2944 1207 μικροψυχίας
2977 1134 3170 1206 καιρὸν
3199 1134 3353 1205 (εἴτι
3392 1133 3487 1187 καὶ
3516 1130 3701 1185 τοιοῦ-

2092 1246 2186 1282 τον
2214 1228 2322 1282 ἔδει
2351 1230 2543 1283 παθεῖν
2591 1230 2684 1283 τὸν
2711 1230 2812 1300 τῆς
2866 1226 3070 1299 ἀδείας)
3092 1267 3107 1291 ,
3141 1227 3302 1282 ἀλλον
3322 1225 3381 1280 δὲ
3418 1223 3702 1297 μακροθυ-

2103 1322 2253 1393 μίας,
2285 1319 2377 1374 τὸν
2401 1320 2502 1392 τῆς
2534 1320 2781 1390 ἀνάγκης
2799 1336 2814 1351 ο
2843 1320 3006 1384 εὐθὺς
3030 1318 3126 1373 τοῦ
3154 1319 3359 1380 Πόντου
3384 1318 3503 1388 μεθ’
3530 1316 3697 1387 ἡμῶν

2101 1413 2487 1478 ἀπανίσταται,
2522 1413 2617 1466 καὶ
2650 1412 2945 1484 ζηλοτυπεῖ
2981 1412 3082 1484 τὴν
3111 1411 3372 1481 ἀλήθειαν
3408 1406 3698 1463 κινδυνεύο

2101 1522 2298 1570 ουσαν,
2335 1506 2430 1561 καὶ
2466 1507 2678 1575 γίνεται
2713 1505 3001 1576 σύμμαχος
3024 1502 3329 1572 ἐθελοντὴς,
3357 1500 3452 1554 καὶ
3480 1502 3550 1571 τῇ
3580 1515 3693 1571 μη-

2088 1597 2193 1668 τρὶ
2224 1595 2407 1667 φέρων
2430 1596 2624 1650 ἑαυτὸν
2658 1597 2726 1667 τῇ
2771 1593 3066 1665 Ἐκκλησία
3098 1593 3330 1647 δίδωσιν.

416 1689 580 1747 fectui
636 1693 1023 1765 indulgendum
1084 1695 1289 1768 esset),
1344 1711 1539 1766 nempe
1588 1692 1897 1751 securitatis
1950 1698 2005 1746 et
2079 1687 2518 1758 tranquillitatis;
2589 1686 2734 1741 aliud
2785 1696 2968 1740 autem
3014 1685 3441 1757 longanimitatis
3495 1699 3560 1738 ac
3594 1696 3703 1752 pa-

417 1783 641 1852 tientiae,
674 1801 871 1858 nempe
901 1788 1242 1845 necessitatis
1268 1800 1323 1846 et
1362 1788 1725 1861 periculorum
1756 1796 1997 1858 tempus;
2038 1784 2424 1854 hoc,iuquam,
2485 1795 2670 1837 secum
2730 1790 3025 1850 reputans,
3096 1776 3386 1833 confestim
3441 1790 3473 1831 e
3515 1774 3699 1831 Ponto

418 1877 699 1934 nobiscum
731 1882 969 1947 excedit,
1011 1898 1075 1938 ac
1109 1899 1207 1954 pro
1240 1883 1581 1954 periclitante
1610 1882 1838 1937 veritate
1886 1879 2008 1936 zelo
2044 1879 2295 1941 adicitur,
2332 1877 2583 1945 ultroque
2644 1881 2700 1928 et
2759 1882 2953 1944 sponte
2978 1871 3100 1926 belli
3142 1871 3352 1927 socium
3379 1885 3438 1926 se
3465 1869 3696 1941 praebet,

421 1981 708 2041 totumque
738 1992 799 2032 se
823 1980 979 2032 matri
1011 1978 1264 2035 Ecclesiae
1287 1980 1474 2035 tradit.

492 2066 709 2123 XXXII.
762 2070 833 2123 At
882 2068 1114 2137 fortasse
1168 2070 1422 2125 alacriter
1471 2070 1686 2140 quidem
1719 2072 1858 2126 hanc
1888 2084 2003 2125 rem

2178 2064 2301 2118 AB'.
2327 2058 2454 2133 ’Ἆρ’
2475 2055 2570 2114 οὖν
2599 2058 2710 2130 (85)
2739 2056 3097 2129 προεθυμήθη
3136 2056 3234 2127 μὲν
3266 2055 3459 2119 οὕτως,
3490 2054 3697 2125 ἠγώνι-

420 2160 679 2229 suscepit,
712 2175 897 2215 verum
929 2177 1295 2231 nequaquam,
1331 2170 1389 2215 ut
1417 2161 1503 2216 illa
1535 2162 1700 2217 animi
1727 2163 2005 2218 alacritate

420 2250 642 2320 dignum
676 2260 813 2320 erat,
857 2253 1176 2307 dimicavit:
1234 2262 1327 2307 aut
1362 2264 1583 2309 strenue
1635 2254 1723 2308 ille
1779 2255 1999 2323 quidem

421 2341 725 2407 dimicavit,
751 2344 847 2397 sed
885 2359 991 2399 non
1027 2343 1273 2398 consulte
1317 2359 1381 2398 ac
1430 2343 1759 2413 prudenter:
1798 2354 1892 2396 aut
1932 2344 2005 2395 ita

420 2434 736 2504 prudenter,
768 2445 827 2488 ut
854 2445 1032 2491 tamen
1060 2436 1178 2491 sine
1199 2436 1439 2507 periculo
1475 2451 1489 2488 :
1533 2445 1625 2490 aut
1649 2438 1763 2490 haec
1788 2433 2006 2506 quidem

420 2529 600 2583 omnia
630 2528 893 2598 perfecte,
930 2543 993 2584 ac
1028 2542 1190 2598 supra
1214 2543 1376 2599 quam
1418 2528 1520 2583 dici
1548 2537 1736 2598 queat,
1791 2526 2007 2596 ιιι-ατειί-

422 2616 510 2682 tit,
540 2626 797 2671 caeterum
834 2616 887 2670 in
911 2616 1054 2672 illius
1083 2616 1265 2671 animo
1307 2618 1513 2673 veteris
1540 2617 1833 2671 simultatis
1880 2616 2010 2671 reli-

427 2711 571 2779 quia:
599 2712 843 2780 quaedam
874 2710 1221 2766 residebant?
1252 2710 1473 2765 Minime
1505 2711 1766 2779 gentium.
1814 2707 2007 2764 Omnia

424 2803 625 2872 quippe
678 2802 840 2857 simul
894 2810 1154 2872 praestat:
1210 2801 1526 2857 inimicitias
1576 2801 1815 2869 deponit,
1844 2800 2010 2872 796

427 2894 717 2948 consilium
749 2894 936 2964 agitat,
965 2895 1135 2949 aciem
1160 2894 1413 2961 instruit;
1444 2893 1701 2949 scandala
1752 2903 1809 2948 et
1840 2892 2008 2949 oll‘en-

426 2986 633 3051 dicula,
659 3001 779 3054 quae
809 2986 860 3039 in
901 2986 1078 3040 medio
1113 2992 1292 3050 erant,
1317 2999 1382 3039 ac
1409 2994 1603 3039 caetera
1640 2985 1847 3052 omnia,
1872 3000 2009 3053 quo-

425 3095 546 3134 rum
572 3079 788 3147 ﬁducia,
823 3079 898 3133 illi
929 3094 1028 3133 nos
1069 3078 1210 3133 bello
1256 3077 1608 3133 lacessendos
1661 3085 2005 3147 putaverant,

425 3171 726 3226 submovet.
751 3171 901 3225 Alios
928 3169 1173 3235 assumit,
1203 3168 1338 3224 alios
1369 3169 1583 3231 retinet.
1618 3168 1753 3223 alios
1787 3169 2010 3238 propul--

427 3273 535 3319 sat.
566 3264 702 3319 Aliis
729 3254 917 3319 mtirus
942 3263 1133 3317 ﬁrmus
1176 3270 1233 3316 et
1279 3260 1481 3316 vallum
1508 3261 1561 3294 ⁸⁸
1587 3259 1855 3329 eﬁicitnr;
1890 3262 2012 3317 aliis

425 3356 636 3411 securis
683 3364 895 3425 petram
931 3354 1185 3409 scindens
1223 3353 1294 3417 ”,
1329 3363 1424 3405 aut
1471 3351 1609 3421 ignis
1666 3352 1719 3406 in
1768 3353 1936 3421 spinis
1967 3354 2009 3419 ¹,

2111 2175 2233 2211 σται
2260 2157 2318 2210 δὲ
2344 2156 2447 2226 τῆς
2472 2152 2783 2226 προθυμίας
2818 2151 3068 2216 έλαττον;
3119 2151 3152 2221 ἢ
3178 2147 3563 2218 διαγωνίζεται
3595 2150 3700 2221 μὲν

2107 2248 2397 2321 ἀνδρικῶς,
2445 2248 2509 2300 οὐ
2566 2244 2802 2308 συνετῶς
2849 2243 3007 2316 δέςῆ
3044 2242 3497 2312 πεπαιδευμένως
3558 2241 3698 2311 μὲν,

2109 2340 2408 2403 ἀκινδύνως
2430 2338 2487 2392 δέ
2512 2355 2526 2403 ;
2557 2337 2591 2409 ἢ
2618 2337 2798 2392 πάντα
2833 2337 2932 2408 μὲν
2957 2334 3134 2390 ταῦτα
3171 2335 3394 2399 τελείως
3424 2335 3520 2388 καὶ
3552 2335 3700 2407 ὑπὲρ

2107 2433 2287 2502 λόγον,
2305 2430 2627 2485 ὑπελείπετο
2650 2429 2711 2482 δέ
2729 2445 2781 2481 τι
2797 2428 2897 2499 τῆς
2912 2426 3282 2499 μικροψυχίας
3309 2429 3365 2479 ὲν
3388 2426 3568 2498 ἑαυτῷ
3584 2427 3698 2498 (86)

2107 2522 2387 2592 λείψανον;
2422 2518 2709 2590 Οὐδαμῶς.
2748 2517 2889 2571 Ἀλλ’
2922 2515 3062 2588 ὁμοῦ
3095 2516 3166 2570 τὰ
3190 2517 3369 2571 πάντα
3390 2516 3700 2572 καταλλάτ-

2106 2632 2283 2678 τεται,
2316 2611 2646 2684 βουλεύεται,
2669 2610 3077 2682 παρατάττεται
3092 2627 3105 2640 ·
3128 2608 3246 2662 λύει
3269 2608 3341 2663 τά
3366 2610 3424 2662 ὲν
3443 2608 3521 2679 τῷ
3549 2610 3702 2680 μέσῳ

2074 2698 2077 2703 ’
2111 2705 2296 2760 σκῶλα
2324 2702 2418 2756 καὶ
2448 2698 2875 2773 προσκόμματα,
2904 2701 3001 2754 κα),
3025 2696 3110 2764 οἷς
3133 2702 3333 2753 ἐκεῖνοι
3366 2699 3703 2772 θαρροῦντες

2108 2796 2230 2851 καθ’
2257 2799 2291 2868 ή
2303 2796 2420 2867 μῶν
2445 2795 2882 2868 ἐστρατεύσαντο
2916 2794 3052 2864 (87).
3098 2794 3171 2846 Τὸ
3203 2786 3706 2866 μέν’προσλαμϐά-

2110 2907 2211 2954 νει,
2248 2889 2311 2943 τὸ
2330 2889 2387 2942 δὲ
2426 2889 2671 2959 κατέχει,
2703 2889 2767 2942 τὸ
2814 2889 2871 2942 δὲ
2892 2890 3283 2961 ἀποκρούεται.
3334 2889 3549 2941 Γίνεται
3587 2889 3705 2951 τοῖς

2113 2985 2213 3055 μὲν
2245 2986 2420 3054 τεῖχος
2441 2983 2638 3055 ὀχυρὸν
2670 2983 2765 3036 καὶ
2812 2981 3153 3053 χαράκωμα⁶
3205 2985 3320 3046 τοῖς
3365 2981 3420 3035 δὲ
3467 2981 3708 3044 πέλεκυς

2111 3078 2329 3131 κόπτων
2347 3077 2574 3148 πέτραν,
2600 3074 2633 3146 ἢ
2653 3075 2764 3146 πῦρ
2780 3076 2838 3128 ὲν
2859 3075 3145 3141 ἀκάνθαις,
3163 3075 3191 3128 ὃ
3217 3092 3380 3146 φησιν
3397 3077 3429 3146 ή
3448 3074 3570 3127 θεία
3588 3073 3705 3145 (88)

2112 3169 2326 3242 Γραφὴ,
2398 3170 2593 3241 ῥᾳδίως
2655 3167 2946 3223 ἀναλίσκον
3000 3169 3128 3232 τούς
3186 3166 3562 3238 φρυγανὼδεις
3605 3166 3710 3219 καὶ

2112 3262 2372 3333 ὑϐριστὰς
2404 3263 2505 3333 τῆς
2556 3261 2846 3332 Θεότητος.
2897 3260 2961 3314 Εἰ
3000 3260 3058 3314 δέ
3087 3278 3141 3313 τι
3195 3262 3291 3315 κα).
3328 3260 3636 3332 Βαρνάϐας,
3676 3262 3711 3315 ὁ

2114 3355 2288 3410 ταῦτα
2336 3355 2513 3424 λέγων
2559 3355 2656 3408 κα).
2706 3339 2955 3428 γράφων,
3017 3354 3221 3426 Παύλῳ
3268 3354 3705 3425 συνηγωνίσατο,

427 3459 488 3502 ιιι
524 3448 703 3501 divina
741 3446 1024 3515 Scriptura
1054 3444 1311 3514 loquitur,
1349 3444 1720 3500 sarmentitios
1745 3444 2005 3510 homines,

2118 3447 2317 3517 Παύλῳ
2344 3447 2504 3518 χάρις
2537 3446 2617 3517 τῷ
2654 3446 3023 3518 προελομένῳ,
3058 3447 3153 3501 καὶ
3184 3446 3444 3518 συνεργὸν
3468 3462 3707 3517 ποιησα-

427 3552 478 3597 et
510 3542 565 3596 in
598 3539 937 3594 divinitatem
997 3537 1441 3605 contumeliosos,
1490 3536 1650 3592 facile
1697 3539 2009 3593 absumens.

2122 3539 2270 3611 μένῳ
2297 3539 2391 3592 τοῦ
2401 3524 2821 3611 ’ἀγωνίσματος

427 3634 584 3703 Quod
622 3632 667 3688 si
701 3631 833 3701 quid
864 3631 1047 3686 auxilii
1068 3629 1369 3697 Barnabas,
1396 3629 1486 3701 qui
1519 3630 1633 3685 haec
1682 3629 1925 3700 loquitur
1986 3645 2050 3685 ac
2087 3633 2297 3698 scribit,
2341 3631 2510 3687 Paulo
2561 3632 2858 3687 decertanti
2913 3631 3057 3699 tulit,
3116 3631 3282 3687 Paulo
3335 3630 3579 3687 habenda
3618 3642 3710 3688 est

427 3724 624 3796 gratia,
656 3723 748 3791 qui
781 3721 927 3776 illum
955 3720 1158 3790 elegit,
1187 3733 1251 3774 ac
1271 3720 1585 3775 certaminis
1613 3718 1820 3774 socium
1850 3720 2116 3775 adhibuit.

497 3813 738 3871 XXXI“.
772 3814 948 3884 Atque
985 3813 1058 3867 illi
1082 3829 1212 3870 sane
1262 3816 1340 3870 sic
1373 3816 1590 3870 infectis
1620 3815 1779 3871 rebus
1804 3814 2010 3870 disces-

430 3914 643 3972 serunt,
673 3905 799 3960 mali
826 3904 967 3959 male
990 3914 1101 3961 tum
1126 3906 1360 3974 primum
1385 3907 1654 3978 pudefacti
1679 3917 1728 3963 et
1749 3907 2009 3978 superati,

430 4005 595 4064 atque
620 3993 794 4048 cdocti
816 4033 831 4057 ,
859 3993 1023 4048 etiam
1063 3994 1107 4048 si
1137 3994 1273 4049 alios
1324 4010 1514 4051 omnes
1548 3997 1794 4052 homines
1814 4036 1829 4062 ,
1867 3996 2010 4067 Cap-

428 4091 663 4160 padoces
690 4096 873 4142 tanton
918 4102 1026 4142 non
1061 4087 1134 4142 ita
1170 4097 1373 4144 temere
1421 4100 1769 4146 contemnere
1799 4105 1864 4146 ac
1912 4107 2012 4161 pro

429 4181 601 4237 nihilo
653 4188 877 4251 putare;
939 4194 1168 4249 quorum
1231 4180 1368 4235 nihil
1421 4192 1527 4236 tam
1580 4183 1861 4252 proprium
1906 4191 2011 4251 est,

430 4268 599 4344 quam
630 4275 753 4329 ﬁdei
810 4273 1062 4341 ﬁrmitas,
1120 4283 1284 4344 atque
1326 4289 1454 4346 erga
1510 4273 1829 4331 Trinitatem
1880 4276 2014 4334 ﬁdes

434 4368 709 4437 animique
738 4367 1061 4435 sinceritas;
1089 4366 1243 4434 cujus
1285 4367 1449 4423 etiam
1486 4369 1750 4425 beneﬁcio
1782 4371 1884 4426 hoc
1915 4371 2013 4425 ha-

433 4461 584 4526 bent,
613 4460 757 4531 quod
782 4460 978 4515 animis
1007 4460 1279 4530 conjuncti
1319 4469 1469 4526 sunt,
1492 4468 1656 4530 atque
1698 4464 2011 4528 concordes,

431 4554 749 4623 viribusque
771 4548 990 4622 pollent,
1020 4552 1210 4607 eadem
1231 4551 1483 4607 videlicet
1511 4552 1735 4619 auxilia,
1778 4569 1898 4624 qua:
1933 4556 2014 4609 di-

431 4644 642 4699 vinitati
667 4644 869 4710 ferunt,
905 4643 1253 4713 accipientes,
1286 4644 1416 4711 imo,
1460 4645 1628 4699 multo
1657 4645 1819 4699 etiam
1868 4660 2009 4716 prae-

430 4739 695 4794 stantiora
756 4746 814 4793 et
875 4738 1138 4792 ﬁrmiora.
1202 4736 1515 4793 Proximum
1570 4747 1750 4793 autem
1806 4739 2011 4794 Basilio

2191 3817 2314 3870 AI".
2345 3818 2409 3869 Οἱ
2436 3815 2536 3887 μὲν
2565 3811 2659 3869 οὖν
2682 3815 2853 3881 οὕτως
2876 3815 3118 3886 ἀπῆλθον
3146 3815 3441 3887 ἄπρακτοι,
3481 3816 3574 3869 καὶ
3612 3831 3712 3869 κα-

2118 3910 2204 3962 κοὶ
2232 3909 2418 3972 κακῶς
2446 3908 2569 3961 τότε
2591 3907 2807 3980 πρῶτον
2842 3906 3223 3978 αἰσχυνθέντες
3246 3908 3339 3959 καὶ
3354 3906 3705 3978 ἡττηθέντες,

2118 4003 2212 4054 καὶ
2240 4000 2503 4071 μαθόντες
2532 3999 2608 4071 μὴ
2641 4000 2841 4071 ῥᾳδίως
2879 3998 3266 4053 Καππαδοκῶν
3316 4000 3707 4069 καταφρονεῖν,

2117 4097 2166 4148 εί
2190 4095 2285 4148 καὶ
2318 4094 2536 4147 πάντων
2564 4091 2868 4163 ἀνθρώπων
2887 4108 2903 4124 ·
2929 4085 3005 4146 ὧν
3031 4091 3183 4145 οὐδὲν
3227 4091 3400 4155 οὕτως
3435 4091 3597 4157 ἴδιον,
3628 4092 3710 4155 ὡς

2109 4186 2172 4240 τὸ
2218 4185 2320 4256 τῆς
2373 4185 2609 4249 πίστεως
2643 4184 2908 4257 ἀῤῥαγὲς,
2944 4184 3037 4237 καὶ
3081 4183 3218 4255 πρὸς
3245 4183 3345 4255 τὴν
3381 4182 3588 4255 Τριάδα
3616 4201 3710 4236 πι-

2113 4275 2238 4329 στὸν
2263 4274 2372 4346 (89)
2409 4276 2505 4328 καὶ
2532 4276 2756 4346 γνήσιον
2775 4292 2788 4305 ·
2819 4273 2950 4347 παρ’
2982 4269 3052 4347 ἦς
3094 4274 3191 4327 καὶ
3240 4268 3301 4327 τὸ
3332 4272 3575 4344 ἡνῶσθαι
3609 4276 3709 4327 καὶ

2110 4367 2174 4420 τὸ
2229 4366 2434 4437 ἰσχύειν
2471 4366 2656 4430 αὐτοῖς
2712 4365 2846 4437 (90),
2899 4365 2935 4421 ἃ
2988 4365 3242 4436 βοηθοῦσι
3291 4364 3705 4437 βοηθουμένοις,

2114 4457 2316 4530 μᾶλλον
2346 4459 2423 4522 δὲ,
2455 4456 2637 4528 πολλῷ
2669 4457 2907 4529 κρείττω
2940 4460 3037 4513 καὶ
3073 4458 3420 4529 ἰσχυρότερα.
3447 4457 3539 4528 Τῷ
3566 4458 3627 4511 δέ
3653 4476 3709 4513 τι

2110 4551 2364 4623 δεύτερον
2391 4550 2550 4622 ἔργον
2589 4551 2682 4605 καὶ
2712 4551 3038 4623 σπούρασμα
3091 4552 3323 4622 γίνεται,
3375 4551 3707 4622 θεραπεύειν

2115 4642 2208 4697 τὸν
2236 4642 2522 4713 πρόεδρον,
2552 4640 2699 4695 λύειν
2724 4642 2822 4714 τὴν
2849 4644 3105 4714 ὑποψίαν,
3138 4644 3345 4700 πείθειν
3361 4647 3473 4717 (91)
3490 4648 3709 4714 πάντας

2118 4735 2457 4809 ἀνθρώπους,
2489 4735 2565 4799 ὡς
2587 4735 2624 4789 ἃ
2653 4735 2751 4806 μὲν
2780 4735 3071 4808 λελύπητο,
3100 4737 3269 4809 πεῖρά
3294 4755 3380 4802 τις
3404 4734 3472 4810 ἦν
3488 4739 3584 4792 τοῦ
3612 4758 3706 4795 πο-

430 4828 817 4899 negotium'ac
857 4827 1094 4883 studium
1145 4828 1250 4883 hoc
1313 4827 1431 4895 fuit,
1495 4831 1788 4884 antistitem
1834 4831 2005 4885 colere

2115 4828 2282 4898 νηροῦ
2323 4817 2428 4882 ’καὶ
2472 4828 2614 4900 πάλη
2667 4828 2778 4898 (92)
2827 4832 2949 4893 ταῖς
2986 4830 3067 4893 εἰς
3106 4831 3168 4882 τὸ
3210 4831 3373 4884 καλὸν
3421 4832 3707 4902 ὁμονοίαις

432 4931 597 4992 atque
621 4921 932 4986 observare,
968 4919 1331 4990 suspicionem
1358 4921 1727 4990 exstinguere,
1769 4923 2010 4977 mortali-

433 5015 536 5070 bus
560 5015 814 5071 omnibus
867 5012 1215 5086 persuadere,
1284 5014 1588 5068 molestiam
1648 5029 1768 5069 eam
1845 5029 2007 5069 quam

2118 4920 2534 4991 βασκαίνοντος’
2579 4921 2741 4985 αὐτὸς
2766 4921 2823 4975 δὲ
2848 4921 2963 4993 ᾔδει
2997 4922 3195 4992 νόμους
3244 4923 3559 4988 εὐπειθείας
3607 4928 3705 4980 καὶ

2117 5015 2494 5086 πνευματικῆς
2522 5013 2748 5079 τάξεως.
2763 5014 2861 5068 Διά
2880 5017 3038 5068 τοῦτο
3059 5018 3238 5089 παρῆν
3257 5017 3392 5089 (95),
3421 5018 3696 5088 ἐσόφιζεν,

501 5171 549 5205 ’⁸
596 5169 795 5224 Jerem.
843 5186 882 5233 I,
934 5170 1020 5223 13.
1095 5170 1139 5200 ⁹⁹
1171 5167 1375 5223 Jerem.
1421 5183 1574 5234 χχιιι,
1604 5169 1694 5224 29.
1750 5169 1791 5200 "
1821 5168 1962 5226 Psal.
1994 5185 2164 5234 cxvtt,
2206 5169 2289 5223 l2.

504 5329 618 5400 (84)
667 5331 762 5397 Ὠς
790 5329 898 5384 τοῦ
929 5329 1136 5399 λόγου.
1166 5326 1225 5383 Id
1251 5336 1355 5396 est,
1382 5327 1484 5399 τῆς
1515 5328 1770 5394 πίστεως,
1790 5347 1808 5381 ι
1830 5329 2006 5391 ﬁdei,»

431 5401 514 5456 vel
549 5419 567 5451 (
604 5403 856 5453 doctrina:
883 5400 1023 5453 ﬁdei.
1059 5418 1078 5450 ι

505 5470 616 5541 (85)
648 5466 769 5539 Ἆρ’
805 5466 941 5532 οὖν,
979 5478 1084 5523 etc.
1134 5467 1225 5522 Sic
1277 5468 1329 5522 in
1375 5468 1644 5538 plerisque
1688 5471 1843 5526 codd.
1895 5485 2015 5540 quae

432 5540 732 5609 Sequuntur
764 5542 1200 5609 interrogationis
1228 5549 1411 5593 notam
1448 5540 1762 5609 praeferunt.

508 5611 618 5682 (86)
671 5611 772 5664 Ἐν
799 5608 1008 5682 ἐαυτῷ.
1045 5611 1137 5665 Sic
1171 5610 1337 5680 Regg.
1379 5608 1513 5677 a,’c,
1541 5609 1694 5666 Pass.
1727 5622 1782 5665 et
1821 5610 2009 5666 Comh.

434 5679 492 5739 In
513 5679 622 5745 ea;
658 5682 716 5735 ὲν
745 5681 913 5752 αὐτῷ.

509 5753 620 5822 (87)
675 5751 1204 5823 Ἐστρατεύσαιτο.
1238 5751 1385 5808 Pass.
1398 5794 1411 5821 ,
1445 5753 1848 5823 ἐστρατεύοντο.

2190 5329 2299 5401 (88)
2341 5330 2495 5384 Θεία.
2527 5330 2685 5401 Deest
2718 5330 2768 5383 in
2797 5328 2930 5400 Reg.
2967 5331 3053 5401 bna
3085 5341 3133 5383 et
3164 5326 3256 5384 0r.
3287 5328 3341 5384 2.

2191 5402 2301 5470 (89)
2340 5402 2583 5455 Πιστόν.
2614 5400 2745 5469 Reg.
2780 5403 2871 5469 ph,
2897 5400 3086 5454 πιστόν
3110 5418 3189 5453 τε.

2192 5472 2300 5542 (90)
2331 5472 2563 5537 Αὐτοῖς.
2605 5472 2735 5537 Reg.
2779 5472 2849 5539 ph
2881 5472 3051 5537 addit,
3086 5472 3339 5543 ὐπάρχει.

2191 5545 2301 5613 (91)
2340 5544 2592 5613 Πείθειν.
2624 5542 2807 5613 ιὶρεε.
2832 5542 2917 5613 but
2958 5550 3014 5596 et
3052 5542 3142 5613 ph,
3180 5542 3388 5596 πείθειν
3412 5555 3494 5596 τε.

2193 5611 2303 5688 (9'2)
2343 5614 2530 5688 Πᾶλῃ.
2567 5612 2754 5688 B_asil.,
2788 5611 2993 5688 ἀπάτη,
3025 5630 3045 5662 ι
3083 5612 3249 5688 fraus.
3282 5631 3300 5688 ξ

2192 5680 2304 5759 (95)
2346 5684 2565 5755 Παρῆν.
2600 5681 2748 5751 Bas.,
2775 5680 3028 5753 παρῄνει,
3073 5702 3091 5735 ι
3126 5684 3462 5738 hortabatur.
3487 5695 3516 5736 I

2958 5860 3023 5870 με..
