3902 6218
210 304 313 361 5M

1038 298 1298 357 ORATIO
1334 299 1519 355 XLIII.
1559 326 1632 340 —
1666 300 1735 355 ΙΝ
1776 297 2063 358 LAUDEM
2111 299 2354 355 BASlLll
2391 296 2630 355 MAGNI.

3380 301 3489 358 542

207 415 534 488 ὁπήκουεν,
586 412 879 480 ἐνουθέτει,
929 412 1110 471 πάντα
1161 410 1233 487 ἦν
1288 414 1459 486 αὐτῷ,
1502 414 1804 486 σύμϐουλος

1909 424 2207 484 acceperat,
2241 415 2587 471 tentationem
2639 413 2927 482 quamdam
2978 421 3033 468 et
3080 412 3278 468 luctam
3338 416 3494 484 pravi

205 509 443 579 ἀγαθὸς,
476 507 832 579 παραστάτης
854 505 1046 573 δεξιὸς,
1062 506 1173 559 τῶν
1196 507 1357 560 θείων
1383 504 1676 577 ἐξηγητὴς,
1699 504 1809 558 τῶν

212 598 511 667 πρακτέων
536 596 857 668 καθηγητὴς
878 595 1014 667 (94),
1045 598 1232 667 γήρως
1256 596 1548 668 βακτηρία,
1574 595 1810 661 πίστεως

207 689 472 761 ἔρεισμα,
502 689 614 742 τῶν
637 689 784 741 ἔνδον
804 690 833 741 6
865 691 1189 751 πιστότατος
1214 727 1231 754 ,
1269 687 1379 742 τῶν
1410 689 1569 752 ἐκτὸς
1593 691 1622 742 6
1664 706 1809 760 πρα-

206 780 555 844 κτικώτατος
578 798 593 812 ·
629 781 711 834 έν).
742 779 907 851 λόγῳ,
933 779 1187 843 τοσοῦτος
1219 783 1300 845 είς
1320 779 1554 845 εὔνοιαν,
1586 783 1711 844 ὅσος
1727 784 1807 844 εἰς

208 876 421 948 ἔχθραν
447 876 509 928 τὸ
526 875 655 947 πρὶν
681 874 982 945 ἐνομίζετο.
1016 874 1295 929 Ἐντεῦθεν
1317 874 1466 945 αὐτῷ
1482 875 1804 946 nepti-M95)

209 968 312 1021 καὶ
344 966 407 1020 τὸ
438 966 638 1037 κράτος
662 966 766 1036 τῆς
802 965 1152 1036 Ἐκκλησίας,
1189 966 1240 1018 εί
1287 964 1503 1035 καὶτῆς
1537 963 1804 1035 καθέδρας

88 1112 89 1115 η
205 1054 327 1130 εἶχε
351 1057 421 1111 τὰ
446 1057 696 1129 δεύτερα.
726 1057 838 1128 Τὴν
868 1056 980 1128 γὰρ
1017 1054 1235 1111 εὔνοιαν
1259 1056 1531 1128 εἰσφέρων
1550 1097 1565 1121 ,
1586 1054 1686 1128 τὴν
1718 1054 1806 1122 ἐξ·

205 1153 404 1206 ουσίαν
433 1150 835 1222 άντελάμὸανεο
864 1150 961 1202 καὶ
986 1144 1057 1219 ἦν
1087 1147 1376 1220 θαυμαστή
1402 1150 1542 1220 τιςὴ
1578 1165 1803 1218 συμφωο

204 1244 321 1305 νία,
345 1243 442 1296 καὶ
478 1245 512 1314 ἡ
538 1241 712 1314 πλοκὴ
732 1240 826 1295 τοῦ
848 1239 1128 1295 δύνασθαι.
1163 1241 1223 1293 Ὁ
1253 1239 1353 1310 μὲν
1377 1240 1467 1293 τὸν
1488 1240 1617 1293 λαὸν
1643 1235 1799 1311 ἦγεν,

201 1334 322 1389 ὁλδὲ
358 1334 449 1388 τὸν
491 1335 722 1402 ἄγοντα·
753 1333 850 1386 καὶ⁹
874 1327 987 1386 οἷον
1014 1331 1371 1402 λεοντοκόμος
1396 1349 1482 1395 τις
1504 1326 1572 1402 ἦν
1589 1371 1604 1394 ,
1636 1331 1802 1404 τέχνῃ

202 1424 548 1479 τιθασσεύων
581 1425 671 1479 τὸν
701 1421 1117 1478 δυναστεύοντα.
1171 1422 1284 1476 Καὶ
1306 1421 1415 1493 γὰρ
1443 1420 1634 1485 ἐδεῖτο,
1668 1439 1802 1476 νεω-

204 1518 298 1571 στὶ
339 1518 440 1588 μὲν
464 1518 559 1571 ὲπὶ
588 1517 690 1588 τὴν
714 1515 986 1587 καθέδραν
1012 1514 1192 1578 τεθεὶς
1211 1553 1226 1579 ,
1266 1513 1348 1567 ἔτι
1380 1512 1436 1566 δὲ
1469 1512 1571 1582 τῆς
1604 1529 1802 1583 κοσμι-

1913 505 2053 561 illius
2071 505 2258 572 fuisse,
2284 507 2523 561 honestae
2546 522 2612 561 ac
2635 503 2889 559 laudabili
2913 505 3218 560 concordia:
3243 505 3497 560 inviden-

1912 598 2016 663 tis;
2052 607 2304 653 caeterum
2342 614 2446 652 non
2472 598 2719 668 ignarum
2754 613 2813 652 se
2838 611 2980 660 esse,
3022 597 3149 666 quid
3175 596 3498 655 obedientite

1907 689 2539 760 ordinisquespiritualis
2581 690 2727 760 leges
2755 689 3087 760 postularent
3116 706 3130 743 :
3166 704 3232 744 ac
3271 689 3497 757 proinde

1907 784 2119 848 adesse,
2149 785 2368 849 docere,
2403 785 2548 839 dicto
2582 785 2890 838 audientem
2944 798 3005 837 se
3056 783 3321 852 prwbere,
3372 798 3495 837 mo-

1905 889 2058 940 nere,
2090 875 2305 944 quidvis
2364 876 2596 945 denique
2654 875 2725 929 illi
2786 890 2931 942 esse,
2983 876 3219 929 monitor
3269 873 3490 944 probus,

1905 966 2204 1036 opitulator
2232 968 2569 1033 commodus,
2600 965 2909 1021 divinorum
2943 965 3284 1019 oraculorum
3316 966 3493 1018 inter-

1903 1071 2048 1123 pres,
2086 1072 2268 1113 rerum
2321 1058 2650 1127 agendarum
2681 1063 3147 1125 praemonstrator,
3196 1052 3491 1108 senectutis

1902 1149 2228 1215 subsidium,
2252 1149 2375 1205 ﬁdei
2401 1148 2811 1215 adminiculum,
2833 1145 3252 1202 domesticorum
3282 1142 3488 1198 ﬁdelis-

1901 1242 2095 1307 simus,
2150 1251 2499 1296 externorum
2555 1240 2625 1294 ad
2678 1254 2767 1294 res
2823 1237 3088 1308 gerendas
3138 1236 3487 1305 aptissimus;

1899 1333 2069 1390 verbo
2109 1333 2310 1401 dicam,
2376 1342 2558 1387 tantus
2617 1331 2685 1387 ad
2746 1328 3199 1392 benevolentiam,
3251 1338 3488 1397 quantus

1902 1426 2053 1496 prius
2076 1426 2144 1480 ad
2169 1426 2505 1480 inimicitiam
2531 1440 2652 1480 esse
2676 1425 2987 1493 putabatur.
3025 1423 3107 1476 Ex
3149 1436 3256 1490 quo
3281 1419 3486 1475 factum

1900 1527 2002 1582 est,
2041 1526 2119 1582 ut,
2171 1516 2388 1571 etiamsi
2435 1516 2693 1573 cathedra
2757 1515 2981 1570 inferior
3012 1523 3177 1578 esset,
3227 1512 3488 1567 Ecclesiae

198 1609 312 1679 κῆς
349 1609 483 1681 ῦλης
513 1627 567 1664 τι
592 1608 703 1681 (96)
736 1609 937 1673 πνέων,
988 1606 1143 1661 οῦπω
1177 1606 1236 1660 δὲ
1274 1607 1714 1679 κατηρτισμένος
1741 1605 1800 1658 ὲν

1906 1618 2082 1663 tamen
2108 1608 2394 1677 imperium
2416 1607 2706 1664 obtineret.
2732 1607 2943 1663 Etenim
2966 1621 3064 1677 pro
3084 1604 3484 1672 benevolentia,

195 1702 323 1765 τοῖς
359 1699 457 1754 τοῦ
490 1699 812 1771 Πνεύματος
859 1698 997 1771 (97),
1045 1695 1244 1752 πολλοῦ
1287 1696 1347 1751 δὲ
1396 1694 1492 1751 τοῦ
1531 1696 1800 1760 κλύδωνος

1906 1714 2061 1769 quam
2088 1698 2368 1767 aﬂ‘erebat,
2402 1701 2784 1755 auctoritatem
2818 1698 3140 1769 recipiebat;
3193 1710 3261 1751 ac
3311 1697 3485 1752 mirus

196 1789 575 1864 περιζέοντος,
589 1792 683 1846 καὶ
707 1791 815 1845 τῶν
839 1790 1205 1861 ἐπικειμένων
1219 1787 1321 1859 τῆς
1342 1787 1667 1860 Ἐκκλησίας
1683 1786 1794 1860 (98)

1906 1791 2117 1861 quidem
2142 1800 2262 1846 erat
2295 1802 2594 1847 concentus
2619 1805 2900 1862 nexusque
2926 1789 3231 1862 potestatis.
3251 1788 3343 1844 llle
3367 1788 3484 1858 ple-

192 1881 441 1955 ἐχθρῶν,
480 1882 575 1936 τοῦ
608 1880 1080 1954 χειραγὼγοῦντος
1111 1880 1206 1934 καὶ
1242 1877 1637 1949 ὑπερείδοντος.
1694 1877 1796 1932 Διὰ

1906 1887 2022 1941 bem
2055 1885 2308 1950 ducebat,
2341 1884 2430 1940 hic
2465 1886 2775 1950 ductorem;
2806 1898 2872 1938 ac
2901 1883 3046 1937 velut
3092 1882 3313 1951 quidam
3369 1880 3484 1936 leo-

190 1975 363 2029 τοῦτο
411 1976 506 2029 καὶ
537 1975 638 2047 τὴν
691 1971 1012 2045 συμμαχίαν
1041 1971 1230 2042 ἠγάπα
1258 2010 1274 2037 ,
1321 1971 1416 2025 καὶ
1467 1968 1794 2042 κρατοῦντος

1906 1989 2026 2029 num
2048 1985 2269 2029 curator
2298 1981 2442 2036 erat,
2466 1983 2589 2027 arte
2622 1971 2933 2027 demulcens
2961 1985 3107 2033 eum,
3138 1969 3232 2038 qui
3276 1966 3482 2038 princi-

190 2067 440 2130 ἐκείνου,
480 2069 701 2139 κρατεῖν
723 2067 889 2129 αὐτὸς
917 2063 1292 2134 ὑπελάμϐανε.

1906 2074 2077 2134 patum
2116 2064 2375 2129 tenebat;
2400 2066 2620 2134 quippe,
2654 2071 2713 2116 ut
2740 2078 2908 2131 nuper
2952 2061 3006 2116 in
3033 2059 3289 2115 cathedra
3316 2057 3485 2114 collo-

194 2173 383 2223 catus,
416 2173 483 2212 ac
514 2157 800 2213 mundanae
833 2157 1078 2211 materia:
1101 2154 1303 2223 aliquid
1333 2154 1508 2209 adhuc
1554 2168 1786 2223 spirans,
1830 2155 2176 2226 nondumque
2205 2155 2259 2210 in
2293 2155 2402 2226 his,
2462 2169 2584 2225 quae
2631 2151 2867 2223 Spiritus
2932 2162 3109 2219 erant,
3159 2152 3485 2207 instructus!

192 2265 265 2305 ac
330 2260 591 2321 praterea
657 2247 862 2321 ingenti
907 2256 1227 2316 tempestate
1278 2246 1514 2315 undique
1569 2256 1859 2312 aestuante,
1901 2245 2063 2317 797
2097 2256 2264 2316 atque
2296 2245 2705 2301 imminentibus
2743 2243 3001 2299 Ecclesia:
3046 2242 3315 2307 hostibus,
3345 2255 3483 2311 opus

192 2333 709 2407 habebat-homine,
741 2357 902 2412 aquo
921 2339 1068 2411 velut
1118 2345 1365 2408 porrecta
1426 2353 1590 2393 manu
1652 2338 1942 2394 duceretur
2002 2349 2060 2394 et
2120 2338 2423 2394 fulciretur.
2454 2338 2818 2406 Quamobrem
2867 2335 3039 2405 ipsius
3067 2334 3327 2390 auxilium
3358 2349 3484 2388 am-

190 2436 538 2505 plectebatur
565 2474 584 2501 ,
613 2451 787 2505 eoque
833 2440 1042 2500 victore
1061 2481 1075 2504 ,
1103 2455 1162 2496 se
1189 2439 1303 2511 ipse
1335 2440 1591 2496 victorem
1624 2441 1864 2512 putabat.

226 2574 235 2581 ε
265 2529 398 2583 ΛΝ·
430 2526 543 2598 Τῆς
569 2526 627 2580 δὲ
668 2530 796 2601 περὶ
820 2531 919 2602 τὴν
970 2532 1295 2603 Ἐκκλησίαν
1345 2532 1442 2585 τοῦ
1474 2532 1667 2603 ἀνδρὸς
1692 2550 1794 2604 κη-

186 2621 455 2691 δεμονίας
482 2621 580 2675 καὶ
608 2625 968 2692 προστασίας,
1022 2625 1193 2680 πολλὰ
1238 2625 1336 2697 μὲν
1368 2624 1462 2678 καὶ
1485 2625 1622 2679 ἄλλα
1652 2641 1794 2694 γνω-

192 2713 466 2783 ρίσματαο
506 2715 792 2786 παρρησία
832 2717 968 2787 πρὸς
1002 2718 1298 2789 ἄρχοντας,
1337 2716 1463 2781 τούς
1490 2735 1552 2770 τε
1577 2717 1789 2784 ἄλλους,

187 2805 454 2869 καὶτοὺς
487 2805 897 2872 δυνατωτάτους
949 2811 1049 2881 τῆς
1093 2808 1321 2873 πόλεως·
1376 2808 1649 2881 διαφορῶν
1695 2809 1790 2862 λύ-

189 2914 315 2961 σεις
340 2897 452 2967 (99)
489 2898 615 2951 οὐκ
645 2899 1066 2970 ἀπιστούμεναι,
1120 2900 1233 2954 ἀλλ’
1281 2898 1387 2954 ὑπὸ
1429 2900 1529 2971 τῆς
1578 2899 1789 2954 ἐκείνου

186 2991 384 3061 φωνῆς
416 2992 787 3063 τυπούμεναι,
845 2994 996 3065 νόμῳ
1048 2993 1128 3065 τῷ
1159 2994 1346 3066 τρόπῳ
1381 2992 1457 3063 (1)
1485 2991 1786 3064 χρώμεναιο

1974 2531 2212 2589 XXXIV.
2251 2531 2372 2588 Jam
2423 2546 2556 2589 vero
2598 2531 2767 2602 ipsius
2819 2545 2947 2600 erga
2991 2529 3287 2587 Ecclesiam
3333 2545 3483 2586 cura:

1890 2639 1962 2681 .ac
1998 2625 2256 2696 praesidii,
2294 2623 2461 2678 multa
2490 2623 2596 2677 alia
2629 2623 2847 2692 quidem
2884 2622 3079 2677 indicia
3127 2629 3296 2676 sunt:
3328 2620 3483 2677 nimi-

1901 2732 2046 2782 rum,
2068 2715 2279 2770 dicendi
2313 2715 2538 2770 libertas
2566 2714 2707 2782 apud
2734 2713 3011 2784 praesides,
3043 2728 3165 2768 cum
3182 2713 3339 2776 alios,
3366 2720 3479 2768 tuin

1897 2807 2306 2878 potentissimos
2364 2820 2610 2876 quosque
2663 2805 2932 2872 civitatis;
2985 2804 3479 2860 controversiarum

1899 2899 2290 2969 diremptiones
2325 2912 2667 2967 nequaquam
2690 2907 2974 2966 suspectae,
2999 2899 3094 2952 sed
3118 2898 3185 2951 ab
3207 2899 3323 2967 ejns
3349 2910 3484 2953 voce
3569 2927 3574 2933 -

1898 2989 2165 3053 formatae,
2193 2997 2248 3044 et
2277 2988 2489 3043 ratione
2525 2989 2701 3055 modi,
2753 2989 2931 3058 legum
2977 2990 3147 3044 instar
3186 2989 3478 3058 adhibitae;

186 3081 525 3150 προστασίαι
553 3082 663 3137 τῶν
709 3083 1014 3154 δεομένων,
1061 3085 1118 3136 αί
1157 3084 1257 3155 μὲν
1294 3082 1511 3146 πλείους
1546 3099 1792 3153 πνευμα-

1906 3080 2167 3151 egentium
2222 3081 2567 3149 patrocinia,
2629 3080 2783 3150 plura
2822 3081 3069 3151 'quidem
3137 3082 3477 3151 spiritualia,

180 3173 347 3226 τικαὶ
369 3215 387 3241 ,
444 3175 545 3228 οὐκ
585 3175 761 3245 ὀλίγαι
806 3176 865 3228 δὲ
899 3178 995 3230 καὶ
1056 3177 1364 3248 σωματικαὶ
1400 3175 1517 3246 (καὶ
1548 3173 1657 3247 γὰρ
1694 3175 1789 3228 καὶ

182 3265 355 3319 τοῦτο
393 3266 656 3331 πολλάκις
682 3270 762 3332 είς
800 3268 979 3339 ψυχὴν
1037 3268 1191 3339 φέρει
1222 3267 1291 3320 δι’
1325 3267 1539 3331 εὐνοίας
1568 3267 1789 3321 δουλού-

188 3374 357 3428 μενον
371 3356 498 3429 [2J)°
531 3358 958 3428 πτωχοτροφίαι,
990 3357 1304 3428 ξενοδοχίαι,
1334 3357 1785 3429 παρθενοκομίαιο
1836 3384 1843 3389 -

185 3449 510 3522 νομοθεσίαι
544 3449 826 3522 μοναστῶν
851 3451 949 3521 ('5),
1006 3449 1274 3521 ἔγγραφοι
1311 3468 1370 3503 τε
1401 3451 1495 3503 καὶ
1526 3449 1785 3521 ἄγραφοι*

185 3544 371 3615 εὐχῶν
393 3544 665 3610 διατάξεις
696 3546 792 3617 (4),
824 3547 1116 3617 εὐκοσμίαι
1146 3545 1241 3599 τοῦ
1261 3540 1520 3617 βήματος,
1561 3545 1629 3598 τὰ
1656 3545 1789 3599 ἄλλα

186 3626 275 3694 οἷς
306 3629 374 3684 ἂν
404 3633 434 3684 6
461 3630 680 3704 άληθῶς
720 3633 1007 3707 ἄνθρωπος
1038 3633 1133 3688 τοῦ
1158 3633 1293 3688 Θεοῦ
1314 3674 1331 3700 ,
1365 3635 1460 3688 καὶ
1492 3634 1630 3705 μετὰ
1652 3632 1786 3688 Θεοῦ

186 3721 549 3791 τεταγμένος,
591 3722 721 3776 λαὸν
750 3723 1108 3795 ὠφελήσειενο
1164 3723 1222 3778 ἒν
1254 3724 1331 3788 δὲ,
1366 3724 1395 3777 ὃ
1432 3724 1686 3795 μέγιστόν
1725 3741 1787 3777 τε

186 3814 287 3868 καὶ
318 3814 764 3885 γνωριμώτατον.
798 3816 969 3887 Λιμὸς
995 3811 1085 3888 ἦν,
1118 3816 1214 3870 καὶ
1252 3815 1362 3869 τῶν
1391 3814 1613 3870 πώποτε
1654 3835 1788 3889 μνη-

191 3907 578 3977 μονευομένων
605 3908 633 3960 ὁ
656 3907 1059 3978 χαλεπώτατος·
1095 3907 1303 3978 ἔκαμνε
1322 3907 1379 3961 δὲ
1403 3910 1436 3979 ή
1466 3908 1641 3973 πόλις,
1676 3910 1790 3964 ὲπι-

187 3998 391 4069 κουρία
412 3999 457 4051 δ’
490 3995 560 4070 ἦν
594 4000 917 4071 οὐδαμόθεν,
976 3999 1099 4053 οὐδέ
1124 4017 1177 4053 τι
1210 3999 1500 4071 φάρμακον
1546 4002 1648 4071 τῆς
1688 4017 1788 4054 κα-

188 4089 438 4155 κώσεως.
468 4093 535 4145 Αἱ
563 4091 663 4162 μὲν
695 4092 802 4164 γάρ
832 4091 1093 4164 παραλίαι
1138 4090 1228 4162 (5)
1259 4091 1358 4156 τὰς
1399 4089 1655 4163 τοιαύτας
1701 4091 1789 4145 ὲν-

186 4182 341 4246 δείας
382 4183 443 4237 οὐ
480 4182 734 4253 χαλεπῶς
762 4182 1095 4252 ἀναφέρουσι
1139 4181 1239 4252 (6),
1270 4180 1510 4235 διδοῦσαι
1539 4179 1609 4235 τά
1656 4180 1787 4252 παρ’

187 4274 437 4337 ἑαυτῶν.
469 4275 560 4328 καὶ
597 4274 665 4328 τά
712 4276 866 4344 παρὰ
903 4274 980 4346 ('7)
1025 4274 1123 4347 τῆς
1158 4272 1434 4342 θαλάσσης
1475 4272 1781 4343 δεχόμεναι·

185 4368 302 4431 τοῖς
323 4365 370 4420 δ’
404 4349 739 4439 ἠπειρώταις
770 4368 923 4439 ἡμῖν,
949 4365 1045 4419 καὶ
1069 4366 1130 4420 τὸ
1158 4364 1477 4438 περιττεῦον
1504 4364 1764 4437 ἀνόνητον

261 4551 379 4633 (ἓξ)
418 4553 791 4633 Memac-
826 4552 959 4633 “es
990 4554 1049 4633 (ἐν
1077 4551 1388 4633 immic-

262 4617 381 4695 (95)
420 4617 662 4695 Περιῆν.
707 4617 860 4695 Digest
909 4617 961 4677 in
996 4617 1270 4694 neggjd;
1302 4617 1411 4687 bm,
1442 4620 1512 4690 ph
1535 4627 1592 4677 et
1617 4617 1775 4675 Pass.

261 4694 374 4767 (ἐξῇ)
421 4698 499 4767 ῃ.
538 4694 697 4767 Deest
726 4694 778 4748 in
812 4694 963 4767 Pass.

260 4760 378 4838 ('91)
428 4765 526 4838 ξΕν
572 4762 697 4831 τοῖς
733 4764 841 4819 τοῦ
867 4765 1235 4834 Πνεύματος.
1270 4763 1329 4818 In
1349 4760 1695 4832 quibusdam,
1719 4760 1778 4813 ὲν

184 4833 281 4909 viii
298 4833 601 4909 nvem-=9:

261 4904 377 4979 (98)
407 4900 523 4979 Τῆς
563 4904 941 4979 Ἐκκλησίας.
993 4902 1152 4979 R_eg._
1178 4903 1396 4979 bm,_rﬁ
1455 4900 1776 4979 Ἐκκλησία.

188 4971 414 5049 Chrys,
567 4971 858 5049 ἀληθείας,
880 4993 901 5027 ι
938 4971 1206 5049 veritatis.
1241 4992 1260 5025 ι
1292 4971 1565 5028 δὶἁθιίτιηι
1607 4971 1773 5042 l{egg.

190 5063 243 5117 c,
270 5044 335 5109 (ἴς
362 5046 456 5099 sed
478 5044 544 5100 ad
568 5044 764 5117 marg”
795 5047 896 5116 τῆς
942 5044 1289 5117 Ἐκκλησίας.

263 5118 379 5189 (99)
415 5110 981 5189 Διαφορῶἦρῖύάεις,
1011 5110 1141 5189 etc;
1160 5113 1385 5189 Nicetes
1413 5112 1669 5189 sie-hunc
1700 5110 1777 5189 lo-

190 5182 319 5244 cum
348 5182 623 5254 expon'it':
662 5206 681 5239 ι
725 5188 904 5249 Ratio,
950 5202 1058 5253 qua
1092 5185 1323 5239 Basilius
1373 5184 1426 5236 in
1463 5182 1779 5254 dirimendis

192 5251 585 5313 controversiis
621 5258 892 5323 utebatur,
917 5251 1253 5325 nequaquam
1280 5254 1385 5308 [ide
1413 5251 1652 5325 carebat,
1686 5260 1781 5325 aut

191 5330 246 5384 in
277 5327 499 5381 dubium
541 5326 813 5394 veniebat,
844 5320 972 5396 quin
1002 5320 1148 5391 tecta
1183 5333 1349 5396 esset,
1381 5322 1476 5378 sed
1508 5320 1577 5375 ab
1613 5321 1779 5391 ipsius

191 5397 461 5452 sententia
495 5394 924 5452 constituebatur
965 5404 1020 5449 et
1063 5394 1522 5458 conﬁrmabatur;
1570 5407 1632 5446 ac
1664 5408 1779 5445 mo-

192 5472 294 5523 dus
323 5468 433 5533 ille,
474 5481 584 5536 quo
626 5467 849 5521 dissidia
892 5467 1291 5536 exstinguebat,
1332 5464 1465 5534 legis
1497 5462 1777 5536 vim_obti-

192 5540 352 5606 nuit;
382 5533 518 5592 adeo
561 5547 620 5591 ut
655 5538 911 5605 deinceps
945 5533 1251 5606 hujusmodi
1283 5533 1667 5606 controversia:
1675 5548 1779 5606 en-

192 5601 316 5663 dem
341 5601 510 5662 modo
538 5601 938 5663 dirimerent—ur.
982 5601 1208 5661 {Tanta
1228 5604 1493 5674 siquidem
1527 5611 1644 5657 erat
1675 5601 1778 5655 Ba-

193 5679 299 5753 silii
326 5678 625 5753 auctoritas
650 5677 714 5753 _in
739 5677 993 5753 solvenda
1031 5675 1212 5753 dubia,
1236 5674 1585 5753 quaestiones,
1623 5687 1781 5753 nego—

191 5748 297 5817 tia,
339 5763 462 5820 quae
504 5749 572 5806 ad
612 5747 734 5820 ejus
778 5748 1064 5805 arbitrium
1106 5746 1507 5811 deferebantur,
1558 5753 1616 5799 ut
1662 5746 1778 5812 ejus

1896 3174 1993 3229 sed
2054 3182 2236 3227 tamen
2291 3186 2555 3242 corporea
2599 3187 2704 3226 non
2747 3187 2914 3240 pauca
2950 3172 3113 3242 (nam
3171 3172 3222 3227 id
3263 3187 3481 3241 quoque

1896 3278 2270 3334 saepenumero
2301 3264 2368 3318 ad
2394 3264 2631 3317 animam
2664 3264 2855 3329 tendit,
2902 3279 2998 3332 per
3049 3263 3479 3319 benevolentiam

1899 3357 2174 3425 subigens,
2221 3369 2286 3409 ac
2335 3355 2482 3409 velut
2527 3354 2582 3409 in
2633 3355 2949 3409 servitutem
3008 3355 3292 3426 trahens);
3349 3370 3479 3424 erga

1895 3464 2162 3520 pauperes
2195 3448 2441 3512 alendus,
2487 3448 2730 3518 h05pites
2792 3448 3163 3517 excipiendos,
3205 3448 3482 3504 curandas

1897 3542 2133 3613 virgines
2209 3542 2480 3607 studium;
2544 3541 2963 3596 monasticarum
3028 3540 3203 3608 legum
3264 3542 3482 3596 institu-

1900 3634 2094 3696 tiones,
2151 3640 2265 3686 tum
2311 3632 2537 3699 scripto,
2603 3641 2715 3685 tum
2764 3647 2895 3687 voce
2946 3633 3192 3699 traditas;
3256 3649 3478 3703 precum

1896 3722 2306 3791 descriptiones,
2336 3723 2468 3777 cleri
2503 3723 2725 3778 ordines
2771 3732 2828 3778 et
2877 3723 3082 3789 cilicia,
3137 3739 3200 3778 ea
3247 3724 3482 3793 denique

1894 3815 2097 3879 omnia,
2150 3814 2347 3884 quibus
2403 3813 2667 3883 quispiam
2719 3828 2846 3869 vere
2893 3813 2988 3868 Dei
3025 3814 3207 3880 homo,
3272 3829 3337 3870 ac
3372 3813 3481 3867 Deo

1894 3903 2198 3972 adiunctus,
2231 3904 2370 3976 plebi
2401 3904 2662 3974 prodesse
2687 3913 2871 3973 queat.
2897 3905 3042 3960 istud
3092 3916 3274 3961 autent
3311 3921 3477 3959 unum

1895 3999 2188 4052 maximum
2241 4007 2326 4052 est
2370 4006 2428 4053 et
2470 3999 2907 4053 celeberrimum.
2963 3996 3169 4061 Fames
3219 4005 3359 4061 erat,
3423 4005 3479 4050 et

1895 4089 2113 4160 quidem
2149 4098 2270 4158 post
2294 4088 2577 4145 hominum
2606 4090 2921 4145 memoriam
2945 4089 3309 4146 atrocissima.
3341 4086 3480 4141 Lau-

1894 4182 2094 4251 guebat
2131 4181 2348 4246 civitas,
2378 4195 2478 4234 nec
2506 4181 2612 4235 ulla
2639 4196 2705 4235 ex
2739 4189 2893 4249 parte
2922 4177 3184 4232 auxilium
3213 4177 3479 4232 aﬂereba-

1897 4282 2004 4340 tur,
2030 4289 2128 4329 nec
2161 4273 2267 4328 ulla
2294 4281 2411 4328 erat
2440 4272 2766 4328 calamitatis
2793 4271 3081 4327 medicina.
3126 4270 3262 4325 Nam
3311 4271 3479 4326 mari-

1898 4366 2043 4422 tima:
2070 4365 2288 4437 quidem
2319 4366 2481 4422 urbes
2501 4363 2769 4435 ejusmodi
2795 4378 2978 4420 rerum
3004 4363 3287 4433 penuriam
3321 4364 3476 4420 facile

1809 4553 1856 4612 ι)
1877 4546 2080 4616 judicia
2118 4560 2217 4617 pro
2250 4545 2368 4616 lege
2392 4545 2746 4608 haberentur,
2796 4558 2859 4598 ac
2887 4542 3185 4598 etiamnum
3236 4542 3475 4599 habean-

1887 4629 1993 4672 tur.

1958 4689 2036 4754 (l)
2072 4686 2247 4755 Νόμῳ
2274 4684 2354 4751 τῷ
2386 4684 2602 4752 τρόπῳ,
2635 4695 2742 4739 etc.
2779 4702 2800 4737 ι
2840 4684 3044 4755 Quibus
3067 4700 3164 4754 pro
3195 4685 3307 4755 lege
3330 4694 3476 4739 esset

1887 4758 2019 4813 tanti
2057 4754 2165 4811 viri
2189 4754 2485 4809 auctoritas
2516 4768 2571 4807 et
2605 4755 2797 4810 virtus.
2836 4774 2856 4808 ι
2895 4754 3076 4809 Schol.
3109 4774 3122 4810 :
3159 4754 3332 4810 Πιστά
3358 4756 3474 4809 ἐ.δὸ-

1885 4846 1972 4882 κει
1995 4827 2082 4880 διὰ
2105 4826 2196 4881 τὸν
2218 4825 2429 4898 ,τρόπον
2450 4823 2545 4898 τοῦ
2575 4824 2829 4894 λέγοντος
2848 4843 2861 4856 ·
2907 4845 2925 4875 ι
2968 4826 3102 4881 Vera
3129 4827 3470 4889 videbantur,

1889 4902 1958 4956 ob
1990 4896 2275 4968 loquentis
2292 4896 2693 4968 auctoritatem.
2720 4914 2756 4968 ﬁ)

1958 4968 2036 5040 (2)
2061 4965 2515 5040 Ἀθυλούμενογ.
2543 4966 2677 5040 lieg.
2707 4967 2891 5040 (Σῖριν
2917 4965 3266 5040 δηλούμενον,
3299 4984 3319 5017 ι
3348 4980 3469 5020 cum

1883 5037 2432 5111 perglienevolentiam
2457 5037 2508 5111 id
2529 5037 2776 5105 obsequii
2802 5039 3105 5111 exhibetur.
3147 5055 3166 5087 ι

1959 5108 2037 5177 (5)
2081 5105 2435 5161 Μοναστῶν.
2460 5106 2642 5177 Pass,
2680 5106 2948 5177 μοναχῶν.
2980 5109 3050 5161 De
3078 5106 3324 5161 asceticis
3350 5121 3473 5175 pro-

1887 5175 2138 5237 cul'dubio
2174 5178 2412 5246 loquitur
2442 5175 2757 5246 Gregorius.

1958 5250 2035 5319 (4)
2074 5244 2292 5317 Εὐχῶν
2332 5244 2662 5319 διατάξεις.
2702 5266 2721 5298 ι
2768 5249 3038 5304 Ordinatus
3066 5262 3293 5319 preces,
3356 5256 3467 5300 tmn

1887 5316 2025 5383 alia},
2063 5337 2082 5370 ι
2124 5316 2300 5388 inquit
2327 5316 2563 5382 Nicetas,
2605 5335 2624 5367 ι
2666 5326 2774 5372 tum
2821 5320 3014 5372 divinae
3064 5316 3310 5388 litnrgim,
3348 5333 3469 5386 quae

1887 5400 1943 5445 et
1971 5387 2215 5453 exstant,
2242 5398 2299 5440 ut
2334 5402 2421 5441 res
2447 5402 2618 5441 sacra:
2655 5400 2894 5459 congrua
2918 5389 3148 5458 quadam
3184 5387 3467 5457 majestate

1886 5460 2069 5532 peragi
2111 5459 2334 5532 pessint.
2379 5477 2400 5510 ι

2073 5529 2385 5598 Παραλίαι.
2430 5527 2564 5598 Reg.
2598 5542 2653 5593 ε,
2697 5546 2747 5598 c,
2789 5530 2845 5589 d.
2881 5530 2953 5600 ph
2985 5539 3040 5586 et
3076 5529 3150 5586 0r

1959 5620 2048 5656 ιοι.
2576 5643 2579 5645 .

2077 5670 2489 5745 Ἀναφέρουσι.
2522 5670 2694 5745 052,
2723 5671 3061 5745 ἐπιφέρουσι.

1961 5742 2039 5816 (7)
2076 5743 2264 5813 Παρὰ.
2303 5745 2358 5798 ln
2393 5742 2683 5812 nonnullis,
2708 5744 2856 5815 περί.

3230 5531 3287 5599 2,
3327 5545 3445 5603 παρ
