3902 6218
412 292 520 350 345
1621 293 1679 349 S.
1726 292 2009 350 GltEGOR

2122 291 2449 349 [‘llEOLOGl
3343 291 3359 307 '
3586 292 3705 347 544

411 408 713 478 perferunt,
754 410 946 466 dantes
984 411 1239 466 nimirum
1276 426 1362 477 ea,
1406 412 1604 483 quibus
1632 412 1876 476 abluunt,
1931 428 1995 467 ac

2122 413 2192 466 ια).
2224 412 2286 465 τὸ
2313 410 2490 464 ἐνδέον
2521 408 2894 481 άνεπινόητον,
2915 408 3032 462 ⁸οῦκ
3055 407 3272 479 ἔχουσιν
3299 409 3469 477 ὅπως,
3514 411 3547 483 ἢ
3580 412 3711 464 δια-

413 499 652 554 vicissim
686 514 772 567 ea,
798 501 991 570 quibus
1023 512 1235 569 carent,
1293 519 1324 559 a
1368 505 1503 558 mari
1545 507 1907 575 accipientes;
1941 517 1995 561 at

2122 502 2322 574 ιώμεθά
2349 520 2404 556 τι
2436 500 2545 555 τῶν
2573 501 2763 567 ὄντων,
2804 502 2837 572 ἢ
2882 500 2993 553 τῶν
3036 501 3138 554 οὐκ
3185 501 3356 556 ὄντων
3381 503 3709 573 είσκομισόο

411 606 531 654 nos,
561 591 652 659 qui
679 593 864 661 procul
893 608 923 646 a
960 594 1097 647 mari
1132 596 1398 665 degimns,
1452 612 1550 651 nec
1576 612 1642 651 ex
1686 597 1773 662 iis,
1800 598 1997 667 quibus

2122 594 2239 647 ιεθα
2268 594 2368 665 (8)°
2398 594 2493 647 καὶ
2522 593 2551 645 ὃ
2580 591 2967 664 χαλεπώτατόν
3005 593 3154 647 ἐστιν
3184 595 3243 646 ἐν
3265 597 3379 658 τοῖς
3408 596 3709 661 τοιούτοις,

416 687 800 750 redundamus,
856 688 1143 743 utilitatem
1198 690 1363 744 ullam
1407 692 1676 760 capimus,
1741 707 1843 747 nec
1907 707 1996 759 ea,

2122 704 2131 757 ι
2178 685 2288 739 τῶν
2338 686 2572 755 ἐχόντων
2621 685 2927 755 ἀναλγησία
2976 684 3072 738 καὶ
3121 685 3418 756 ἀπληστία.
3451 687 3713 757 Τηροῦσι

412 777 612 845 quibus
675 793 916 849 egemus,
975 780 1081 834 ulla
1149 790 1270 835 arte
1321 796 1637 852 comparare
1688 798 1996 853 possumus,

2122 780 2206 850 ’ἀρ
2227 781 2355 844 τοὺς
2392 780 2641 849 καιροὺς,
2670 778 2766 832 καὶ
2805 778 3434 849 καταπραγματεύονται
3463 779 3565 849 τῆς
3620 781 3714 832 ὲν-

415 876 605 935 utpote
647 870 762 937 qui,
818 884 919 924 nec
964 885 1082 939 quae
1107 871 1396 937 habemus,
1439 883 1751 940 exportare,
1784 888 1882 928 nec
1911 889 1997 938 ea,

2122 873 2247 935 ἱείας
2276 874 2374 942 (9),
2431 873 2528 925 καὶ
2583 870 2894 943 γεωργοῦσι
2955 871 3054 934 τὰς
3079 870 3386 942 συμφοράς’
3436 870 3583 935 οῦτε,
3622 869 3716 941 τῷ

415 959 611 1027 quibus
641 975 915 1024 caremus,
964 962 1260 1032 importare
1297 978 1582 1033 queamus.
1631 963 1738 1020 Sed
1796 965 1850 1019 in
1897 967 1998 1021 hu-

2122 963 2294 1034 (upitp
2348 963 2615 1028 δανείζειν
2655 962 2747 1015 τὸν
2788 962 3044 1015 ἐλεοῦντα
3076 963 3347 1031 πτωχοὺς,
3384 961 3710 1025 ἀκούοντες·

413 1050 652 1120 jusmodi
686 1050 840 1106 malis
865 1052 1000 1107 nihil
1040 1054 1259 1123 gravius
1284 1063 1387 1118 est,
1423 1070 1583 1123 quam
1620 1055 1913 1112 crudelitas
1939 1072 2002 1113 ac

2122 1052 2210 1105 ὧδ’
2244 1054 2327 1105 ὅτι
2359 1055 2388 1106 ὁ
2452 1053 2696 1124 συνέχων
2752 1056 2897 1107 σῖτον
2926 1052 3397 1123 δημοκατάρατος·
3432 1052 3545 1108 οὔτ’
3570 1054 3717 1108 ἄλλο

418 1143 762 1212 inexplebilis
793 1159 1004 1212 eorum,
1030 1148 1121 1215 qui
1153 1146 1484 1203 frumentum
1522 1148 1745 1212 habent,
1797 1148 2009 1218 cupidi-

417 1244 522 1287 tas.
557 1233 859 1289 Observant
888 1237 1032 1290 enim
1077 1247 1377 1307 temporum
1412 1238 1780 1304 difﬁcultates,
1821 1249 1877 1294 et
1904 1255 2001 1309 pe-

417 1325 631 1379 nuriam
703 1327 756 1380 in
816 1337 1083 1397 quastqu
1143 1339 1387 1396 vertunt,
1442 1341 1608 1399 atque
1657 1347 1721 1387 ex
1777 1332 2004 1387 aliorum

359 1435 362 1439 λ
416 1415 821 1473 calamitatibus
850 1435 1083 1475 messem
1115 1420 1353 1488 faciunt;
1407 1436 1508 1477 nec
1551 1422 1678 1477 illud
1705 1424 2005 1491 audientes,

418 1522 565 1574 eum,
596 1509 688 1579 qui
718 1526 1012 1580 pauperum
1059 1513 1366 1578 miseretur,
1417 1514 1644 1571 Domino
1682 1514 1914 1570 fenerari
1945 1519 2005 1584 ’ς

423 1617 525 1658 nec
552 1619 741 1660 rursus
776 1606 926 1671 illud,
973 1620 1122 1671 eum,
1184 1608 1276 1677 qui
1323 1607 1656 1663 frumentum
1706 1610 2007 1676 abscondit,

2102 1144 2256 1197 οὐδὲν
2284 1142 2392 1195 τῶν
2427 1142 2461 1214 ἢ
2488 1146 2603 1207 τοῖς
2624 1141 3030 1213 φιλανθρώποις
3060 1142 3506 1213 ἐπηγγελμένων,
3531 1143 3564 1212 ἢ
3585 1146 3719 1207 τοῖς

2105 1233 2495 1305 ἀπανθρώπως
2549 1234 2958 1305 ὴπειλημένων.
3023 1233 3161 1286 Ἀλλ’
3195 1234 3303 1286 εἰσὶ
3334 1234 3429 1287 τοῦ
3488 1235 3574 1288 δές
3587 1251 3716 1298 ato;

2106 1328 2524 1399 άπληστότεροι,
2575 1327 2671 1381 καὶ
2700 1324 2959 1397 φρονοῦσι
2993 1326 3201 1390 κακῶς*
3233 1326 3464 1389 ἐκείνοις
3500 1328 3601 1398 μὲν
3635 1328 3717 1381 τὰ

2107 1418 2337 1483 ἐαυτῶν,
2362 1420 2577 1483 ἑαυτοῖς
2600 1418 2658 1472 δὲ
2684 1418 2752 1472 τὰ
2785 1418 2879 1472 τοῦ
2912 1417 3049 1471 Θεοῦ
3086 1417 3373 1488 σπλάγχνα
3402 1418 3710 1483 κλείοντες,

2107 1503 2169 1566 οῦ
2198 1513 2293 1566 καὶ
2322 1512 2523 1583 μᾶλλον
2546 1510 2841 1583 χρῄζοντες
2889 1511 3196 1579 ἀγνοοῦσιν,
3221 1511 3253 1583 ἢ
3290 1509 3470 1564 αὐτῶν
3498 1510 3709 1583 ἕτεροι.

2108 1604 2295 1660 Ταῦτα
2329 1605 2429 1677 μὲν
2474 1607 2524 1659 οἱ
2548 1604 2777 1659 σιτῶναι
2812 1605 2909 1657 καὶ
2943 1603 3316 1673 σιτοκάπηλοι,
3357 1603 3450 1656 καὶ
3474 1603 3612 1673 μήτε
3644 1602 3714 1657 τὸ

418 1694 563 1766 plebi
599 1698 986 1753 exsecrabilem
1027 1714 1148 1755 esse
1191 1700 1214 1732 ³
1252 1719 1266 1755 :
1301 1715 1400 1756 nec
1438 1701 1671 1770 denique
1716 1702 2009 1773 quidquam

2122 1699 2371 1769 συγγενὲς
2399 1698 2729 1769 αἰδούμενοι,
2765 1700 2903 1769 μήτε
2931 1698 3059 1770 περὶ
3082 1698 3144 1751 τὸ
3176 1697 3330 1749 Θεῖον
3364 1696 3709 1768 εὐχάριστσι,

420 1785 566 1842 aliud
595 1803 801 1852 eorum,
839 1805 960 1859 quae
983 1792 1068 1845 vel
1106 1792 1352 1861 benignis
1380 1808 1445 1847 ac
1505 1793 1806 1849 mansuetis
1840 1793 2011 1848 homi-

2122 1794 2244 1862 παρ’
2272 1786 2333 1847 οῦ
2359 1792 2422 1845 τὸ
2445 1791 2587 1862 ἔχειν
2614 1792 2797 1854 αὐτοῖς
2820 1791 2953 1862 (10),
2978 1791 3153 1844 ἄλλων
3173 1787 3531 1859 πιεζομένων.

418 1878 583 1934 nibus
616 1879 901 1950 pollicetur
936 1881 1240 1949 Scriptura,
1283 1882 1369 1938 vel
1398 1883 1551 1937 duris
1601 1891 1656 1939 et
1694 1883 2005 1939 inhumanis
2044 1882 2211 1954 798
2234 1882 2616 1937 comminatur.
2652 1880 2856 1936 Verum
2898 1881 2964 1935 ad
3040 1895 3151 1935 rem
3230 1880 3503 1934 avidiores
3549 1889 3706 1933 sunt.

420 1986 585 2043 quam
617 1989 715 2044 par
741 1974 832 2042 sit,
869 1977 1118 2046 maleque
1144 1976 1245 2032 sibi
1280 1978 1612 2045 consulunt;
1687 1978 2139 2047 quemadmodum
2203 1976 2409 2033 scilicet
2483 1976 2603 2031 aliis
2679 1989 2800 2038 sua,
2842 1976 2912 2027 ita
2944 1971 3182 2041 sibiipsis
3236 1971 3353 2034 Dei,
3401 1972 3558 2038 cujus
3599 1984 3707 2039 ope

424 2067 596 2134 magis
664 2082 724 2121 se
773 2068 1018 2137 indigere
1072 2069 1355 2135 nesciunt,
1429 2085 1592 2140 quam
1647 2071 1739 2126 alii
1799 2071 2043 2141 ipsorum
2117 2070 2321 2125 auxilio
2368 2078 2583 2138 egeant,
2637 2072 2847 2123 viscera
2896 2064 3314 2134 praecludentes.
3369 2063 3550 2133 Atque
3586 2063 3704 2117 hare

423 2161 643 2227 quidem
669 2161 925 2217 frumenti
959 2172 1235 2232 emptores
1274 2172 1614 2237 etcaupones
1650 2165 1878 2233 faciunt,
1907 2167 1999 2236 qui
2039 2180 2138 2220 nec
2176 2164 2514 2234 cognationis
2567 2163 2693 2233 jure
2758 2170 3196 2227 commoventur,
3229 2174 3328 2215 nec
3366 2158 3497 2224 Deo,
3545 2158 3706 2228 cujus

424 2250 694 2308 beneficio
746 2252 847 2322 ipsi
883 2251 1216 2308 frumentum
1264 2255 1486 2321 habent,
1532 2272 1653 2312 cum
1693 2256 1785 2312 alii
1821 2257 2217 2328 opprimantur,
2240 2256 2441 2326 gratias
2464 2253 2725 2309 referunt.

492 2344 713 2402 XXXV.
757 2346 827 2401 At
856 2346 1106 2414 Basilius,
1140 2361 1241 2403 nec
1266 2350 1520 2419 precibus
1555 2350 1772 2419 quidem
1814 2364 2010 2419 panem

423 2436 622 2493 ecmlo
652 2436 676 2469 ⁸
704 2436 954 2503 fundere,
979 2454 1080 2494 nec
1111 2438 1395 2510 fugitivum
1425 2441 1679 2512 populum
1710 2442 1764 2496 in
1794 2441 2010 2497 deserto

424 2528 570 2584 alere
607 2537 838 2599 poterat,
868 2546 968 2586 nec
1000 2531 1397 2587 indeﬁcientem
1432 2533 1742 2589 alimoniam
1764 2547 1795 2587 e
1821 2548 2012 2588 vascu-

425 2625 493 2680 lis
516 2624 559 2688 ',
599 2623 769 2679 fontis
817 2625 1012 2691 instar,
1054 2626 1342 2689 scaturire,
1376 2641 1517 2695 quae,
1543 2642 1631 2682 res
1654 2626 1820 2682 mira!
1865 2627 2012 2695 ipso-

426 2725 539 2772 met
568 2730 739 2771 vacuo
769 2716 1138 2786 replebantur,
1164 2726 1225 2771 ut
1257 2718 1518 2773 nutricem
1561 2734 1713 2774 suam
1743 2719 1798 2774 in
1832 2718 2015 2789 hospi-

431 2806 656 2863 talitatis
716 2809 997 2877 praemium
1057 2809 1254 2877 aleret;
1336 2825 1435 2865 nec
1502 2811 1717 2866 demum
1778 2811 2015 2881 quinque

433 2898 660 2967 panibus
690 2900 711 2931 ⁸
739 2899 903 2954 multa
945 2901 1223 2956 hominum
1267 2900 1433 2956 millia
1481 2915 1727 2973 pascere,
1784 2916 2013 2971 quorum

439 2989 678 3059 reliquiae
703 3006 920 3062 quoque
955 2993 1085 3062 ipsa:
1120 2993 1252 3048 tales
1296 3002 1474 3057 erant,
1528 3002 1588 3048 ut
1620 2993 1866 3064 pluribus
1895 2993 2015 3049 aliis

430 3083 636 3138 mensis
683 3082 1011 3139 sullicerent.
1073 3084 1199 3140 Haec
1255 3088 1400 3142 enim
1452 3086 1651 3158 Moysis
1710 3098 1900 3153 erant,
1961 3096 2017 3144 et

2180 2350 2305 2403 AE’.
2346 2349 2404 2403 Ὀ
2441 2348 2497 2402 δὲ
2531 2346 2646 2401 ὕειν
2677 2346 2775 2417 μὲν
2802 2346 2903 2399 οὐκ
2931 2340 3076 2416 εἶχεν
3102 2344 3266 2416 ἄρτον
3300 2342 3360 2409 ἐξ
3377 2342 3609 2414 ούρανοῦ
3636 2343 3691 2396 δι

2107 2441 2294 2513 εὐχῆς,
2349 2441 2446 2494 καὶ
2504 2440 2724 2510 τρέφειν
2764 2438 2822 2492 ἐν
2882 2437 3076 2509 ἐρήμῳ
3116 2436 3247 2491 λαὸν
3303 2434 3535 2505 φυγάδα,
3578 2434 3705 2487 οὐδὲ

2110 2533 2349 2604 πυθμέσι
2408 2530 2679 2603 πηγάζειν
2732 2530 2939 2602 τροφὴν
2998 2528 3273 2582 ἀδάπανον
3325 2527 3434 2598 (Η)
3477 2525 3708 2580 κενώσει

2111 2622 2530 2696 πληρουμένοις,
2563 2622 2592 2675 ὃ
2619 2622 2715 2675 καὶ
2744 2619 3065 2693 παράδοξον,
3093 2620 3179 2673 ἵνα
3206 2619 3382 2689 τρέφῃ
3399 2617 3710 2688 τρέφουσαν

2112 2722 2192 2783 εἰς
2221 2716 2525 2787 φιλοξενίας
2580 2714 2870 2768 ἀντίδοσιν*
2925 2712 3047 2766 οὐδὲ
3076 2711 3240 2765 πέντε
3289 2711 3475 2782 ἄρτοις
3520 2710 3709 2780 ἐστιᾷν

2116 2808 2383 2879 χιλιάδας,
2422 2801 2498 2861 ὧν
2520 2807 2616 2860 καὶ
2644 2806 2713 2860 τὰ
2754 2804 2984 2874 λείψανα
3010 2801 3220 2856 πολλῶν
3246 2799 3536 2872 τραπεζῶν
3568 2799 3710 2870 ἄλλη

2111 2900 2360 2971 δύναμις.
2404 2899 2591 2954 Ταῦτα
2636 2897 2747 2969 γὰρ
2779 2895 3060 2959 Μωῦσέως
3081 2890 3172 2966 ἦν,
3238 2895 3331 2947 καὶ
3370 2892 3578 2957 Ἡλίου,
3613 2892 3712 2945 καὶ

2111 2991 2206 3045 τοῦ
2241 2991 2376 3063 ἐμοῦ
2409 2991 2568 3055 Θεοῦ,
2595 2992 2723 3062 παρ’
2745 2980 2806 3042 οὗ
2833 2988 3108 3051 κάκείνοις
3129 2986 3191 3040 τὸ
3218 2984 3394 3038 ταῦτα.
3422 2983 3710 3037 δύνασθαι.

2120 3085 2280 3148 Ἴσως
2307 3084 2365 3137 δὲ
2402 3085 2498 3137 κα).
2525 3082 2635 3137 τῶν
2683 3081 2889 3153 καιρῶν
2917 3079 3163 3145 ἐκείνων,
3194 3078 3289 3133 καὶ
3338 3078 3438 3148 τῆς
3464 3077 3589 3129 τότε
3612 3094 3715 3129 κα-

428 3170 577 3234 Elim,
610 3179 666 3226 et
699 3173 789 3227 Dei
825 3174 950 3239 mei,
1000 3189 1029 3227 a
1078 3190 1186 3245 quo
1227 3177 1293 3230 ad
1321 3190 1414 3232 eos
1449 3148 1663 3247 quoque
1705 3148 2009 3247 hujusmodi

2122 3176 2446 3241 ταστάσεως·
2485 3176 2680 3246 ἐπειδὴ
2713 3174 2782 3228 τὰ
2812 3177 3014 3247 σημεῖα
3047 3175 3161 3237 τοῖς
3196 3170 3464 3235 ἀπίστοις,
3499 3172 3561 3222 οὐ
3595 3172 3715 3235 τοῖς

429 3272 674 3332 potestas
733 3275 1067 3320 manaverat.
1134 3266 1389 3323 Fortasse
1462 3268 1624 3322 etiam
1677 3271 2041 3341 temporibus-

431 3356 556 3420 illis,
589 3367 750 3426 atque
776 3357 902 3413 huic
927 3374 1109 3412 rerum
1133 3361 1297 3414 statui
1323 3363 1750 3430 conveniebant;
1777 3364 2012 3432 quando-

428 3448 646 3516 quidem
700 3449 853 3518 signa
902 3449 1229 3517 inﬁdelibus,
1288 3467 1392 3506 non
1439 3452 1685 3509 fidelibus
1732 3455 1927 3510 dantur
1955 3457 2000 3510 ⁷.

430 3537 630 3592 Verum
663 3554 783 3609 qua:
812 3539 898 3594 his
931 3550 1291 3597 consentanea
1341 3553 1490 3609 sunt,
1547 3554 1602 3600 et
1645 3546 1832 3601 eodem
1890 3555 2008 3602 ten-

430 3630 585 3697 dunt,
639 3646 704 3686 ea
751 3646 873 3686 cum
925 3633 1042 3703 pari
1096 3633 1201 3688 ﬁde
1235 3635 1494 3704 cogitavit
1555 3645 1715 3704 atque
1765 3638 2009 3707 perfecit.

428 3720 688 3790 Aperiens
723 3722 868 3776 enim
911 3723 1077 3777 verbo
1103 3732 1158 3778 et
1188 3726 1659 3783 cohortationibus
1697 3728 1808 3783 suis
1848 3728 2006 3783 locu-

433 3811 632 3880 pletum
661 3811 879 3880 horrea,
919 3810 1054 3868 facit
1081 3814 1223 3883 quod
1254 3824 1338 3871 est
1371 3815 1423 3869 in
1457 3814 1770 3886 Scriptura,
1830 3820 2008 3874 cibum

434 3893 801 3960 esurientibus
850 3902 1051 3976 frangit
1085 3905 1130 3975 ⁸,
1182 3908 1518 3978 panibusque
1552 3923 1818 3979 pauperes
1860 3921 2011 3966 satu-

432 3999 579 4061 rat',
599 3997 801 4068 alitque
821 4013 915 4053 eos
943 3998 997 4052 in
1028 3997 1174 4054 fame
1198 3999 1264 4066 '°,
1287 4009 1449 4069 atque
1476 4001 1778 4057 esurientes
1804 4003 2012 4057 animas

432 4088 621 4156 implet
662 4087 818 4144 bonis
851 4088 915 4143 “.
946 4087 1064 4155 Quo
1097 4088 1311 4143 tandem
1362 4088 1564 4144 modo?
1628 4089 1813 4159 Neque
1868 4092 2013 4146 enim

433 4181 535 4235 hoc
564 4180 630 4234 ad
654 4179 830 4235 laudis
860 4179 1131 4235 cumulum
1162 4180 1312 4248 parvi
1346 4170 1604 4234 momenti
1635 4195 1739 4234 esu.
1771 4181 1823 4233 In
1849 4197 2011 4234 unum

435 4271 638 4323 etenim
669 4282 888 4339 cogens,
922 4284 1057 4338 quos
1098 4268 1268 4323 fames
1304 4269 1580 4335 vulnerat,
1613 4266 1675 4324 'et
1726 4271 2013 4327 nonnullos

438 4360 627 4425 etiam,
650 4362 739 4430 qui
768 4361 1018 4430 spiritum
1046 4376 1189 4429 asgre
1220 4363 1531 4427 trahebant,
1565 4365 1733 4427 viros,
1766 4362 2011 4432 feminas,

2114 3264 2481 3319 πιστεύουσιν.
2516 3266 2586 3317 Ἀ
2632 3264 2691 3317 δὲ
2722 3263 2934 3327 τούτοις
2970 3263 3119 3317 ἐστὶν
3151 3259 3443 3324 ἀκόλουθα,
3477 3261 3573 3313 καὶ
3629 3262 3714 3324 είς

2110 3358 2308 3412 ταυτὸν
2337 3358 2515 3428 φέρει,
2546 3355 2718 3410 ταῦτα
2750 3355 2846 3409 καὶ
2882 3354 3129 3425 διενοήθη
3177 3353 3273 3407 καὶ
3324 3352 3718 3424 κατεπράξατο

2116 3449 2256 3521 μετά
2278 3451 2377 3520 τῆς
2420 3449 2591 3519 αὐτῆς
2638 3448 2896 3511 πίστεως.
2951 3447 3110 3517 Λόγῳ
3135 3445 3245 3517 γὰρ
3271 3444 3370 3508 τὰς
3408 3444 3516 3497 τῶν
3555 3446 3715 3514 ἐχόν-

2112 3559 2218 3595 των
2250 3540 2535 3612 ἀποθήκας
2566 3540 2783 3605 ἀνοίξας
2811 3541 2906 3593 καὶ
2936 3538 3310 3610 παραινέσεσι,
3345 3538 3489 3589 ποιεῖ
3515 3536 3579 3588 τὸ
3610 3536 3719 3604 τῆς

2111 3634 2355 3707 Γραφῆς·
2388 3633 2720 3704 Διαθρύπτει
2750 3631 2978 3685 πεινῶσι
3030 3629 3236 3700 τροφὴν
3261 3670 3275 3694 ,
3308 3629 3404 3682 καὶ
3455 3627 3716 3699 χορτάζει

2112 3726 2362 3794 πτωχοὺς
2394 3725 2574 3797 ἄρτων
2606 3724 2750 3796 (12),
2784 3724 2878 3777 καὶ
2907 3722 3187 3792 διατρέφει
3217 3723 3416 3785 αὐτοὺς
3449 3723 3506 3773 ἐν
3539 3720 3714 3792 λιμῷ,

2112 3817 2205 3870 καὶ
2232 3815 2408 3888 ψυχὰς
2440 3816 2713 3880 πεινώσας
2736 3815 3120 3886 ἐμπίμπλησιν
3173 3812 3412 3883 ἀγαθῶν.
3443 3814 3556 3866 Καὶ
3582 3813 3712 3866 τίνα

2110 3909 2346 3978 τρόπον;
2382 3909 2505 3962 οὐδέ
2534 3908 2644 3978 γάρ
2662 3907 2823 3961 τοῦτο
2852 3906 3047 3979 μικρὸν
3087 3908 3169 3971 είς
3198 3904 3544 3977 προσθήκην.
3576 3905 3717 3957 Συνυ

2112 4000 2334 4071 αγαγὼν
2358 4001 2467 4073 γὰρ
2502 4003 2559 4054 ἐν
2579 4000 2765 4071 ταυτῷ
2801 4001 2928 4062 τοὺς
2967 3997 3128 4069 λιμοῦ
3187 3996 3555 4067 τραυματίας,
3591 3995 3715 4050 ἐστι

2112 4095 2170 4148 δὲ
2221 4094 2316 4159 οὓς
2353 4095 2450 4148 καὶ
2516 4093 2711 4165 μικρὸν
2760 4091 3148 4153 ἁναπνέοντας,
3208 4089 3409 4161 ἄνδρας
3462 4089 3577 4158 (15)
3617 4092 3719 4144 καὶ

2114 4191 2402 4255 γυναῖκας,
2433 4187 2686 4257 νηπίους,
2715 4185 3009 4257 γέροντας,
3044 4185 3227 4237 πᾶσαν
3255 4183 3473 4254 ἡλικίαν
3540 4184 3718 4237 ἐλεει-

2114 4282 2232 4351 νὴν,
2265 4283 2373 4333 πᾶν
2407 4275 2548 4344 εἶδος
2571 4279 2783 4350 τροφῆς
2812 4277 3100 4349 ἐρανίζων,
3129 4278 3228 4347 ὅση
3263 4276 3524 4345 τυγχάνει
3550 4276 3717 4345 λιμοῦ

2118 4372 2358 4443 βοήθεια,
2386 4372 2572 4435 ἐτνους
2595 4371 2708 4443 (14)
2734 4388 2793 4424 τε
2825 4370 3054 4442 πλήρεις
3082 4369 3306 4439 προθεὶς
3335 4369 3595 4440 λέϐητας,
3621 4370 3719 4423 καὶ

433 4467 650 4521 pueros,
678 4467 855 4518 senes,
901 4452 1264 4509 miserabilem
1304 4468 1518 4508 omnem
1549 4465 1787 4517 aetatem,
1826 4455 2006 4508 omnia

2122 4462 2216 4516 τοῦ
2251 4461 2571 4535 ταριχευτοῦ
2609 4462 2739 4533 παρ’
2777 4463 2912 4532 ἡμῖν
2966 4458 3134 4529 ὕψου,
3165 4460 3260 4513 κα).
3321 4458 3558 4526 πένητας
3585 4460 3718 4530 τρέ-

435 4544 650 4598 interim
679 4545 923 4599 ciborum
951 4560 1171 4613 genera,
1200 4545 1397 4614 quibus
1437 4545 1608 4601 fames
1632 4545 1826 4615 depelli
1857 4545 2013 4611 solet,

434 4651 750 4707 corrogatis,
792 4645 953 4706 atque
987 4636 1125 4693 ollas
1157 4636 1511 4707 leguminum,
1544 4638 1780 4709 salsique
1803 4647 2016 4691 nostra-

436 4729 506 4782 tis
526 4728 761 4793 obsonii,
790 4735 844 4783 et
865 4729 931 4782 ad
959 4728 1235 4783 levandam
1262 4745 1556 4799 pauperum
1584 4729 1778 4784 famem
1803 4745 2015 4785 accom-

434 4823 662 4888 modati,
694 4825 880 4892 plenas
910 4837 1247 4891 proponens;
1296 4822 1408 4891 ipse
1440 4824 1632 4878 deinde
1669 4822 1891 4889 Christi,
1924 4823 2014 4892 qui

507 4918 528 4948 '
551 4916 711 4970 Prov.
749 4932 858 4978 xIx,
884 4915 971 4970 l7.
1079 4916 1100 4946 ³
1129 4913 1288 4969 Prov.
1326 4932 1406 4979 λι,
1438 4916 1529 4970 ‘26.

432 5004 546 5045 xlv.
584 4985 683 5046 t9;
721 4985 849 5040 Luc.
876 5003 952 5051 1x,
987 4985 1087 5051 16;
1143 4982 1301 5042 Joan.
1337 5003 1414 5053 νι,
1461 4987 1549 5041 11.

433 5073 606 5122 xxx",
643 5057 724 5113 l9.
800 5057 843 5088 “
874 5055 1004 5111 Luc.
1040 5056 1190 5119 1,55.

504 5149 580 5212 (8)
615 5150 1114 5217 Εισκομισόμεθα.
1153 5146 1283 5214 Reg.
1317 5162 1366 5210 (δ,
1391 5143 1717 5217 εἰσοίσομενἶ

503 5222 580 5290 (9)
628 5217 741 5286 Τῆς
769 5212 1021 5290 ἐὶεδείἁς.
1055 5218 1148 5290 Qr.
1180 5212 1632 5290 2,"'c_5tg‘é‘16_ela¢.
1677 5212 1893 5290 Nicelas
1942 5214 2019 5290 sic

433 5282 652 5360 exponit
680 5282 807 5360 είὈύ
852 5282 1216 5360 θεραπεύουσι
1267 5286 1350 5360 τ-δμ
1371 5285 1657 5360 ὑστέρημα
1675 5282 1797 5360 ⁸τῶν
1829 5284 2011 5360 δεομέ-

434 5378 560 5423 νων,
602 5359 716 5413 ἁλλ’
744 5354 1110 5431 ἐπιτρίϐουσι,
1133 5358 1225 5410 καὶ
1253 5355 1475 5431 αὔξουσι
1495 5354 1565 5431 ,τὸ
1592 5354 1760 5416 πάθος
1779 5369 1792 5382 ⁶
1831 5373 1849 5405 ι
1889 5356 2020 5422 Ege-

438 5446 630 5483 norum
669 5428 906 5498 inopiam
950 5445 1056 5483 non
1099 5429 1298 5489 levant,
1334 5430 1426 5481 sed
1457 5428 1710 5479 obteruut
1737 5434 1896 5493 atque
1924 5441 2020 5476 au-

437 5509 581 5569 gent.
621 5519 639 5551 ι
669 5500 790 5553 ιιῑιι.
820 5540 834 5564 ,
871 5518 891 5550 ι
932 5498 1126 5569 fantem
1148 5499 1515 5569 negotiantur.
1555 5515 1573 5547 ι

510 5568 623 5637 (10)
666 5571 872 5637 Ἕχειν
893 5567 1117 5633 αὐτοῖς.
1146 5564 1279 5634 Reg.
1310 5583 1362 5629 c,
1386 5567 1531 5636 ἔχειν
1568 5564 1715 5637 ὲστξιν
1752 5564 1952 5637 αῦτοίς,

1636 4915 1659 4947 ⁸
1683 4915 1852 4970 Exod.
1893 4931 2004 4980 xw,
2046 4921 2137 4981 15;
2173 4922 2313 4976 Psal.
2349 4937 2554 4984 Lxxvu,
2581 4920 2670 4975 24.

1647 4987 1667 5018 ⁷
1702 4986 1721 5040 l
1756 4986 1879 5042 Cor.
1924 5003 2032 5051 xw,
2057 4991 2148 5045 :12.

2119 4570 2329 4623 φοντος.
2371 4553 2601 4605 Ἔπειτα
2640 4552 2739 4621 τὴν
2783 4549 2879 4603 τοῦ
2919 4548 3158 4621 Χριστοῦ
3206 4548 3481 4602 διακονίαν
3516 4547 3721 4618 μιμού-

2123 4661 2304 4716 μενος,
2356 4645 2436 4707 ὃς,
2481 4645 2575 4697 καὶ
2617 4641 2810 4714 λεντίῳ
2867 4639 3319 4710 διαζωννύμενος,
3347 4640 3447 4692 οὐκ
3480 4639 3716 4708 ἀπηξίου

2119 4737 2329 4791 νίπτειν
2359 4739 2486 4801 τοὺς
2514 4737 2681 4800 πόδας
2729 4734 2838 4789 τῶν
2896 4732 3176 4805 μαθητῶν,
3215 4733 3309 4787 καὶ
3350 4733 3465 4795 τοῖς
3515 4733 3717 4785 ἑαυτοῦ

2124 4829 2334 4892 παισὶν,
2391 4830 2571 4883 είτουν
2628 4826 2955 4890 συνδούλοις,
3024 4825 3162 4897 πρὸς
3210 4822 3368 4878 τοῦτο
3428 4827 3717 4895 συνεργοῖς

2786 4919 2806 4950 ⁵
2841 4917 2903 4970 ΙΙΙ
2935 4918 3068 4985 Reg.
3108 4932 3240 4981 xvu,
3283 4916 3368 4969 14.
3478 4915 3713 4968 “Matth-

2258 4994 2279 5025 ⁸
2308 4994 2409 5048 lsa.
2447 5008 2600 5056 Lvnl,
2630 4990 2683 5046 7.
2797 4991 2817 5023 '
2845 4988 2988 5042 Psal.
3036 5002 3224 5051 cum,
3257 4987 3342 5041 lii.
3462 4986 3505 5017 ¹⁰
3566 4985 3711 5039 Psal-

2126 5148 2300 5219 χήραν
2327 5163 2340 5176 ·
2374 5167 2393 5200 ι
2430 5147 2544 5203 Hoc
2573 5147 2709 5219 dixit
2752 5147 2974 5217 pr0pter
3029 5147 3273 5218 hydrtam
3323 5146 3512 5202 farinae
3534 5150 3717 5207 vidua:

2128 5217 2503 5288 sarephtanm.
2533 5236 2552 5269 ›
2580 5217 2697 5270 Bill.
2729 5235 2798 5289 ενι
2832 5217 3120 5289 gratuitam
3157 5219 3486 5271 alimoniam.
3519 5239 3537 5271 ι

2207 5286 2320 5358 (l2)
2341 5290 2587 5358 Ἀρσων.
2616 5288 2706 5342 Sic
2729 5286 2907 5356 plures
2931 5286 3170 5358 Regg.et
3189 5289 3365 5352 Colb.,
3384 5289 3489 5343 duo
3517 5290 3715 5355 Coisl.,

2128 5357 2308 5430 Passa,
2335 5368 2439 5413 etc.
2467 5357 2524 5430 l_n
2551 5358 2872 5430 θάηγάρτον.

2202 5429 2314 5498 (15)
2357 5428 2851 5499 Ἂνδραςηιιιίθιι.
2882 5428 3127 5499 sequitur
3157 5446 3271 5493 και,
3305 5444 3445 5499 quoa
3471 5431 3713 5484 auctori-

2135 5508 2245 5551 tate
2275 5498 2518 5553 codicum
2550 5498 2786 5552 melioris
2811 5508 2950 5552 notae
2977 5498 3293 5553 delevimus.

2206 5568 2318 5639 (14)
2350 5570 2625 5639 ’Έτνουςκ
2653 5569 2743 5639 εἰς
2766 5583 2953 5639 omnes
2977 5568 3216 5639 melioris
3234 5576 3374 5623 nota:
3397 5569 3555 5624 codd.
3585 5578 3717 5624 ara-

512 5631 626 5709 (11)
661 5631 897 5709 Τρῦφὴν
935 5631 1285 5709 ἀδάπανον,
1313 5631 1495 5709 δοΙίόΙἒ
1530 5656 1541 5691 :
1577 5634 1749 5709 Τοῦτο
1774 5631 2012 5709 εἷπεᾼδιὲ

2136 5631 2224 5691 γε’
2245 5631 2440 5709 ἰιιὀ(1.,
2474 5631 2678 5701 ἔθνους,
2703 5637 2861 5709 Juxta
2898 5637 3140 5709 Nicctam
3165 5638 3314 5703 ἔτνος
3353 5658 3371 5692 ι
3402 5649 3488 5695 est
3523 5642 3714 5695 conci-

438 5704 542 5785 τὴν
585 5704 786 5783 ὑδρίαν⁷
825 5704 921 5764 τοῦ
964 5709 1194 5781 ἀλεύρου
1238 5708 1337 5781 τὴν
1370 5706 1511 5761 κατὰ
1552 5705 1653 5776 τὴν
1712 5704 2012 5776 Σαραφθίαπ

2136 5725 2251 5764 sum
2284 5707 2549 5779 legumen,
2591 5727 2611 5760 ι
2656 5708 2859 5764 scilicet
2895 5726 2919 5760 ι
2953 5707 3095 5764 faba.
3132 5725 3152 5759 ι
