3902 6218
194 296 308 351 ωδ
1034 286 1296 343 ORATIO
1335 287 1524 341 xun.
1565 315 1634 328 α-
1674 285 1739 339 IN
1785 287 2070 344 LAUDEM
2105 286 2350 343 BASILII
2392 288 2632 346 MAGNI.
3372 286 3483 345 διο

192 408 509 481 χρώμενος,
536 407 833 478 ἐθεράπευε
865 409 1060 478 μὲντὰ
1115 410 1346 481 σώματα
1379 410 1487 464 τῶν
1507 410 1777 482 δεομένων

1906 411 2071 466 linteo
2104 414 2447 481 praecinctus,
2500 413 2884 484 discipulorum
2922 416 3086 485 pedes
3112 416 3331 473 abluere
3376 420 3482 473 mi-

151 558 155 561 _
193 500 503 571 ὲθεράπευε
535 499 594 553 δὲ
619 499 718 563 τὰς
743 499 941 571 ψυχὰς,
977 501 1307 573 συμπλέκων
1332 505 1400 575 τῇ
1422 501 1583 575 χρείᾳ
1610 502 1673 555 τὸ
1697 505 1782 574 τῆς

1902 505 2051 558 nime
2079 519 2242 573 grave
2271 504 2522 568 duxerat,
2557 506 2914 561 ministerium
2944 508 3187 574 imitans,
3217 509 3482 580 simulque

192 593 392 663 τιμῆς,
420 591 515 646 καὶ
537 591 701 662 ῥᾴους
729 592 901 645 ποιῶν
935 593 1350 666 ἀμφοτέρωθεν.

1905 610 2216 665 puerorum,
2257 596 2372 651 sive
2396 610 2779 651 conservorum
2812 613 3055 660 suorum,
3107 601 3175 653 ad
3220 616 3338 652 eam
3368 615 3481 655 rem

193 697 367 751 Opera
395 694 573 747 utens,
607 698 901 753 pauperum
938 700 1163 756 corpora
1232 700 1287 742 et
1338 689 1549 744 animas
1614 689 1857 753 curabat,
1900 689 2160 744 honorem
2204 704 2395 760 nempe
2442 705 2564 745 cum
2616 691 2927 747 necessario
2973 690 3231 746 alimento
3281 706 3488 748 conue-

195 788 388 839 ctens,
431 785 591 844 atque
626 777 866 845 ipsorum
904 776 1266 832 calamitatem
1297 780 1551 850 utrinque
1590 782 1817 839 leniens.

267 870 415 936 AG".
446 869 697 934 Τοιοῦτος
714 867 784 941 ἦν
807 874 836 924 ό
863 871 981 936 νέος
1007 872 1453 945 σιτοδότηςήμῖν,
1482 876 1575 929 καὶ
1606 875 1793 928 δεύτε-

194 979 293 1033 ρος
342 964 563 1032 Ἰωσήφ·
594 963 732 1033 πλὴν
760 965 842 1017 ὅτι
877 965 971 1018 καὶ
998 965 1160 1019 πλέον
1188 983 1241 1018 τι
1269 966 1449 1034 λέγειν
1476 966 1694 1038 ἔχομεν.
1733 969 1792 1020 '0

193 1054 303 1120 μὲν
326 1052 438 1123 γὰρ
460 1055 1058 1125 καταπραγματεύεται
1095 1056 1191 1110 τοῦ
1228 1057 1412 1129 λιμοῦ,
1456 1061 1549 1113 καὶ
1571 1059 1671 1131 τὴν
1697 1061 1794 1113 Αί-

189 1160 408 1213 γυπτον
447 1145 723 1211 ἐξωνείται
749 1146 828 1218 τῷ
853 1147 1245 1221 φιλανθρώπῳ,
1282 1151 1375 1204 τὸν
1404 1152 1506 1222 τῆς
1532 1152 1791 1222 ἀφθονίας

191 1236 392 1307 καιρὸν
412 1239 493 1300 είς
510 1236 602 1291 τὸν
626 1238 719 1291 τοῦ
750 1238 909 1309 λιμοῦ
938 1239 1275 1312 διαθέμενος,
1325 1244 1421 1298 καὶ
1445 1247 1557 1308 τοῖς
1590 1246 1791 1316 ἐτέρων

191 1328 429 1399 ὀνείροις
462 1330 543 1392 είς
596 1329 756 1383 τοῦτο
790 1331 902 1403 (15)
929 1331 1370 1405 διαταττόμενος·
1418 1339 1447 1389 ὁ
1479 1337 1536 1390 δὲ
1582 1340 1787 1409 προῖκα

192 1417 438 1489 χρηστὸς
474 1414 562 1489 ἦν,
591 1421 686 1473 καὶ
721 1423 820 1493 τῆς
874 1424 1139 1487 σιτοδείας
1160 1425 1274 1494 (16)
1299 1426 1588 1499 ἐπίκουρος
1611 1430 1791 1501 ἀπρα-

190 1511 531 1581 γμάτευτος,
553 1511 692 1583 πρὸς
716 1511 776 1566 ἓν
811 1514 976 1585 ὁρῶν,
1003 1513 1083 1585 τῷ
1109 1516 1473 1589 φιλανθρώπῳ
1511 1518 1573 1572 τὸ
1604 1520 1791 1587 φιλάν-

191 1601 419 1673 θρωπον
466 1603 791 1674 κτήσασθαι,
827 1606 923 1659 καὶ
952 1606 1062 1660 τῶν
1094 1608 1304 1663 ἐκεῖθεν
1336 1614 1523 1681 τυχεῖν
1571 1612 1791 1681 ἀγαθῶν

1974 873 2217 930 XXXVI.
2269 874 2416 932 Talis
2453 886 2570 931 erat
2619 892 2792 933 novus
2823 885 3010 932 noster
3045 888 3382 946 procurator,
3430 889 3486 934 et

1898 967 2169 1021 secundus
2215 965 2410 1037 Josepb
2444 985 2459 1022 :
2493 969 2601 1023 imo
2650 970 2814 1023 etiam
2855 968 3021 1039 799
3058 970 3231 1040 majus
3280 971 3482 1039 aliquid

1900 1056 2084 1111 dicere
2141 1072 2447 1127 possumus.
2524 1058 2619 1112 llle
2674 1060 2821 1113 enim
2882 1075 2948 1113 cx
3010 1057 3153 1113 fame
3217 1070 3482 1128 qua-stum

1897 1159 2096 1218 captat,
2134 1165 2198 1204 ac
2232 1151 2561 1221 benignitate
2590 1151 2888 1221 Egyptum
2920 1152 3053 1206 emit
3099 1153 3163 1213 η,
3216 1152 3481 1208 ubertatis

1897 1249 2111 1309 tempus
2138 1241 2204 1295 ad
2233 1240 2389 1297 famis
2417 1253 2629 1311 tempus
2664 1245 2957 1311 disponens
2983 1256 3037 1296 et
3069 1244 3476 1307 administrans,

1896 1340 2056 1399 atque
2084 1330 2313 1386 aliorqu
2355 1334 2581 1387 somniis
2617 1333 2684 1387 ad
2719 1348 2836 1387 eam
2882 1348 2995 1387 rem
3042 1333 3341 1388 ordinatus.
3379 1332 3480 1388 Hie

1898 1432 2077 1474 autem
2129 1421 2362 1490 gratuito
2396 1423 2662 1491 benignus
2714 1433 2857 1488 erat,
2910 1438 3087 1493 neque
3139 1423 3192 1477 in
3234 1424 3337 1479 hoc
3380 1425 3478 1478 tri-

1897 1511 2092 1566 lmendi
2132 1499 2390 1567 frumenti
2431 1513 2635 1568 auxilio
2678 1514 2889 1569 lucrum
2922 1514 3087 1569 ullum
3119 1514 3393 1584 captabat,
3423 1515 3477 1569 id

1899 1617 2063 1655 unum
2101 1611 2377 1671 spectans,
2420 1611 2479 1656 ut
2503 1602 2874 1657 misericordia
2913 1603 3338 1658 misericordiam
3368 1605 3472 1660 sibi

187 1696 286 1751 διὰ
312 1698 412 1767 τῆς
449 1698 683 1751 ἐνταῦθα
739 1699 1110 1771 σιτομετρίας.
1170 1701 1356 1755 Ταῦτα
1382 1703 1521 1773 μετὰ
1551 1705 1654 1774 τῆς
1698 1706 1782 1759 τοί

1896 1699 2254 1761 compararet,
2306 1708 2371 1746 ac
2402 1693 2653 1762 prmsenti
2702 1707 2930 1748 annona:
2962 1694 3245 1763 largitione
3293 1693 3472 1749 futura

188 1788 359 1855 λόγου
386 1787 613 1858 τροφῆς,
668 1789 763 1842 καὶ
789 1790 889 1860 τῆς
938 1791 1274 1862 τελεωτέρας
1333 1794 1653 1866 εὐεργεσίας
1698 1797 1791 1849 καὶ

186 1876 509 1939 διαδόσεως,
562 1878 665 1947 τῆς
690 1878 865 1944 ὅντως
900 1880 1152 1951 οὐρανίου
1195 1883 1291 1936 κα)¹
1338 1884 1573 1955 ὑψηλῆς·
1629 1887 1786 1958 εἴπερ

186 1969 362 2039 ἄρτος
390 1968 640 2037 ἀγγέλων
682 1969 861 2038 λόγος,
890 1965 935 2038 ᾧ
971 1971 1138 2042 ψυχαὶ
1160 1974 1459 2046 τρέφονται
1506 1976 1600 2029 καὶ
1638 1978 1791 2029 ποτί-

186 2059 383 2124 ζονται
413 2060 548 2113 Θεὸν
580 2059 865 2128 πεινῶσαι,
891 2063 985 2116 καὶ
1014 2061 1274 2134 ξητοῦσαι
1305 2066 1514 2137 τροφὴν
1546 2068 1608 2119 οὐ
1644 2067 1792 2139 ρέου·

188 2169 319 2214 σαν,
349 2153 459 2206 οὐδ’
508 2152 810 2219 ἀπιοῦσαν,
844 2155 958 2207 ἀλλ’
982 2157 1069 2209 ἀεὶ
1106 2156 1218 2227 (17)
1253 2158 1541 2229 μένουσαν·
1597 2154 1665 2231 ἦς
1708 2177 1791 2213 σι-

185 2243 423 2314 τοδότης
451 2240 521 2315 ἦν
549 2248 776 2310 ἐκεῖνος,
820 2248 916 2300 καὶ
972 2248 1118 2317 μάλα
1151 2248 1424 2316 πλούσιος,
1470 2253 1498 2305 ὁ
1528 2252 1788 2306 πενέστα-

184 2350 289 2397 τος
313 2327 390 2388 ὧν
416 2334 574 2406 ίσμεν
603 2336 701 2389 καὶ
731 2336 1104 2409 ἀπορώτατος,
1149 2341 1211 2393 οὐ
1238 2340 1394 2412 λιμὸν
1419 2340 1621 2414 ἄρτων,
1665 2344 1786 2397 οὐδὲ

185 2424 356 2495 δίψαν
380 2426 572 2490 ὕδατος
608 2426 922 2498 ἐξιώμενος,
956 2428 1115 2497 λόγου
1138 2430 1194 2484 δὲ
1234 2431 1417 2497 πόθον,
1448 2433 1541 2487 τοῦ
1570 2434 1785 2506 ἀληθῶς

188 2515 432 2581 ζωτικοῦ
457 2518 551 2571 καὶ
576 2520 866 2591 τροφίμου,
889 2520 985 2574 καὶ
1014 2522 1094 2584 εἰς
1126 2520 1353 2593 αὔξησιν
1382 2524 1606 2593 ἄγοντος
1625 2543 1785 2581 πνευ-

188 2609 441 2680 ματικῆς
471 2610 688 2680 ἡλικίας
717 2611 809 2665 τὸν
837 2611 1016 2678 καλῶς
1044 2614 1396 2685 τρεφόμενον.

264 2878 391 2929 ΛΖ’.
437 2876 531 2929 Ἐκ
551 2876 615 2947 δὴ
648 2876 850 2930 τούτων
901 2876 996 2930 καὶ
1029 2876 1140 2931 τῶν
1163 2878 1419 2932 τοιούτων
1461 2878 1535 2952 (τί
1559 2878 1668 2951 γὰρ
1703 2879 1784 2933 δεῖ

189 2966 381 3020 πάντα
409 2966 638 3035 λέγοντα
663 2967 963 3039 διατρίϐειν
1021 2967 1136 3041 [18]
1160 2970 1205 3035 ς)
1243 2969 1368 3042 ἄρτι
1417 2971 1512 3024 τοῦ
1538 2970 1782 3041 φερωνύ-

1895 1784 2035 1837 bona
2080 1795 2525 1852 consequeretur.
2596 1785 2905 1839 Accedebat
2944 1785 3164 1855 insuper
3204 1786 3476 1842 sermonis

1897 1874 2177 1940 alimonia,
2214 1889 2267 1930 et
2298 1876 2591 1945 perfectius
2618 1878 2962 1943 beneficium,
2999 1893 3064 1933 ac
3097 1878 3307 1949 largitio
3345 1894 3474 1936 vere

1892 1968 2129 2024 caelestis
2185 1977 2241 2023 et
2289 1968 2574 2035 sublimis;
2637 1970 2906 2039 siquidem
2953 1971 3273 2040 angelorum
3319 1971 3477 2042 panis

1890 2075 2071 2115 sermo
2093 2069 2196 2126 est,
2237 2075 2344 2130 quo
2374 2059 2593 2115 aluntur
2619 2070 2784 2130 atque
2822 2061 3119 2131 irrigantur
3147 2062 3340 2117 animae
3381 2063 3474 2118 Dei

1892 2154 2033 2209 fame
2057 2152 2390 2217 laborantes,
2426 2167 2489 2208 ac
2526 2153 2733 2218 cibum,
2763 2168 2869 2227 non
2900 2152 3156 2208 ﬂuentem
3180 2162 3235 2209 et
3263 2156 3471 2210 abeun-

1893 2255 2022 2310 tem,
2073 2245 2169 2299 sed
2248 2236 2510 2313 perpetuo
2560 2254 2873 2299 manentem
2918 2255 3272 2313 expetentes;
3320 2246 3475 2317 cujus

1891 2334 2006 2402 ipse
2035 2334 2378 2403 dispensator
2415 2342 2554 2397 erat,
2589 2345 2643 2389 et
2664 2336 2880 2402 quidem
2905 2350 3167 2404 perquam
3211 2337 3472 2406 locuples,

1892 2426 2051 2479 homo
2079 2424 2284 2494 alioqui
2322 2424 2587 2489 omnium,
2633 2438 2770 2493 quos
2803 2426 2963 2492 novi,
3007 2429 3382 2496 pauperrimus
3417 2441 3473 2483 et

1887 2514 2294 2584 egentissimus,
2356 2527 2464 2567 non
2524 2513 2681 2582 panis
2731 2512 2928 2568 famem
2981 2523 3075 2569 aut
3126 2516 3270 2571 sitim
3316 2531 3471 2587 aqua:

1890 2619 2109 2670 sanans,
2140 2605 2235 2660 sed
2264 2603 2461 2659 famem
2490 2606 2641 2660 verbi
2674 2604 2837 2670 illius,
2861 2606 3003 2675 quod
3027 2620 3154 2662 vere
3183 2607 3340 2662 vitale
3363 2619 3467 2674 est,

1889 2713 1952 2752 ac
1989 2698 2094 2750 vim
2126 2696 2299 2751 alendi
2336 2695 2517 2763 habet,
2567 2711 2833 2766 eumque,
2880 2697 2971 2765 qui
3017 2707 3163 2752 recte
3209 2699 3466 2768 nutritur,

1854 2854 1855 2857 η
1888 2786 1955 2840 ad
1988 2785 2286 2855 spiritualis
2316 2785 2496 2840 :etatis
2525 2785 2916 2840 incrementum
2947 2787 3111 2840 ducit.

1959 2875 2220 2932 XXXVII.
2272 2876 2354 2932 0h
2408 2876 2524 2931 bare
2572 2877 2753 2948 igitur,
2809 2892 2874 2932 ac
2919 2886 3066 2932 tanta
3126 2878 3287 2949 (quid
3320 2882 3464 2941 enim

1887 2966 2067 3020 omnia
2106 2967 2436 3021 recensendo
2467 2967 2667 3022 diutius
2712 2967 2989 3023 immorari
3037 2983 3258 3025 necesse
3299 2970 3464 3042 est?)

190 3077 301 3130 μου
330 3060 430 3131 τῆς
458 3060 741 3124 εὐσεϐείας
774 3038 887 3133 (19)
925 3038 1331 3131 μετατεθέντος,
1371 3064 1466 3118 καὶ
1494 3038 1775 3127 ταῖς-ἐκεί·

1893 3058 2135 3123 Basilius,
2196 3072 2317 3112 cum
2379 3057 2449 3122 is,
2506 3059 2596 3128 qui
2654 3073 2848 3114 nomen
2895 3074 2925 3113 a
2972 3060 3173 3129 pietate
3222 3038 3466 3131 apposite

187 3168 289 3203 νου
318 3151 508 3223 χερσὶν
538 3151 708 3222 ἡδέως
740 3152 1199 3221 ἐναποψύξαντος,
1232 3155 1325 3208 ἐπὶ
1343 3154 1434 3209 τὸν
1461 3155 1663 3226 ὑψηλὸν
1687 3158 1786 3226 τῆς

187 3243 506 3315 ἐπισκοπῆς
532 3243 721 3316 θρόνον
749 3245 1034 3314 ἀνάγεται·
1085 3246 1185 3299 οὐκ
1218 3247 1456 3318 ἀμογητὶ
1487 3248 1606 3318 μὲν,
1662 3248 1784 3301 οὐδὲ

186 3335 326 3392 ἄνευ
366 3335 665 3405 βασκανίας
688 3337 780 3390 καὶ
815 3338 995 3409 πάλης
1025 3337 1136 3394 τῶν
1173 3356 1232 3393 τε
1260 3341 1359 3410 τῆς
1389 3341 1645 3412 πατρίδος
1669 3340 1783 3411 (20)

188 3429 657 3501 προεδρευόντων,
700 3432 795 3485 καὶ
850 3432 961 3487 τῶν
1018 3434 1402 3506 πονηροτάτων
1430 3435 1533 3505 τῆς
1576 3434 1785 3498 πόλεως

187 3518 430 3582 ἐκείνοις
452 3522 920 3593 συντεταγμένων.
940 3523 1089 3595 Πλὴν
1111 3523 1218 3577 ἔδει
1241 3526 1461 3595 νικῆσαι
1485 3524 1546 3577 τὸ
1558 3524 1783 3595 Πνεῦμα

188 3612 256 3665 τὸ
279 3612 455 3681 ἅγιον·
486 3615 583 3667 καὶ
614 3617 800 3686 μέντοι
827 3617 921 3670 καὶ
952 3619 1076 3688 νικᾷ
1103 3618 1215 3687 (21)
1251 3618 1417 3689 πολλῇ
1446 3619 1513 3689 τῇ
1557 3635 1778 3690 περιου-

192 3703 310 3771 σίᾳ..
340 3706 495 3757 Κινεῖ
512 3704 621 3777 γὰρ
644 3709 709 3760 ἐκ
733 3709 832 3778 τῆς
857 3709 1154 3780 ὑπερορίας
1179 3709 1290 3780 (22)
1312 3710 1438 3773 τοὺς
1465 3709 1774 3780 χρίσοντας,

188 3796 396 3865 ἄνδρας
429 3797 516 3849 ἐπ’
563 3798 814 3870 εὐσεϐείᾳ
875 3800 1187 3873 γνωρίμους
1244 3801 1339 3855 καὶ
1360 3797 1633 3872 ζηλωτὰς,
1685 3802 1779 3855 καὶ

193 3888 338 3957 μετὰ
364 3887 569 3942 τούτων
591 3889 682 3943 τὸν
708 3890 826 3945 νέον
864 3892 1116 3964 Ἀϐραὰμ
1146 3894 1241 3947 καὶ
1268 3892 1611 3963 πατριάρχην
1640 3893 1778 3963 ἡμέ-

188 3995 373 4050 τερον,
404 3980 496 4033 τὸν
525 3982 658 4052 ἐμὸν
712 3980 856 4050 λέγω
913 3984 1025 4054 (25)
1054 3985 1290 4057 πατέρα,
1330 3985 1459 4057 περ).
1493 3985 1552 4037 ὃν
1580 4002 1631 4038 τι
1685 3983 1779 4037 καὶ

190 4071 485 4141 συμϐαίνει
508 4072 828 4143 θαυμάσιον.
874 4074 946 4128 Οὐ
976 4076 1087 4147 γὰρ
1136 4075 1213 4147 τῷ
1242 4076 1435 4148 πλήθει
1485 4075 1590 4128 τῶν
1640 4074 1778 4127 ἐτῶν

193 4162 360 4233 μόνον
386 4162 715 4228 ἐκλελοιπὼς
742 4165 878 4233 (24),
905 4166 1041 4220 ἀλλά
1070 4167 1163 4220 καὶ
1184 4167 1324 4237 νόσῳ
1342 4166 1775 4237 τετρυχωμένος.

190 4255 289 4306 καὶ
331 4254 469 4325 πρὸς
524 4258 643 4319 ταῖς
696 4257 951 4328 ἐσχάταις
982 4261 1277 4323 ἀναπνοαῖς
1310 4258 1385 4312 ὢν
1404 4300 1418 4323 ,
1461 4258 1776 4329 κατατολμᾷ

1887 3150 2137 3214 ducebat,
2184 3163 2251 3202 ex
2311 3148 2410 3203 hac
2458 3150 2569 3203 vita
2630 3149 2939 3219 migrasset,
2991 3159 3154 3218 atque
3201 3151 3255 3204 in
3294 3151 3466 3220 ipsius

1886 3241 2135 3296 manibus
2171 3241 2408 3295 animam
2454 3242 2687 3296 libenter
2721 3240 3048 3307 exhalasset,
3094 3242 3160 3295 ad
3188 3241 3460 3296 excelsum

1885 3336 2226 3404 episcOpatus
2296 3332 2549 3388 thronum
2610 3334 2890 3400 evehitur;
2967 3348 3074 3389 non
3130 3334 3183 3388 id
3242 3335 3460 3404 quidem

1884 3428 2018 3481 citra
2057 3426 2320 3490 laborem,
2351 3442 2417 3482 ac
2455 3426 2593 3481 citra
2634 3426 2894 3481 invidiam
2930 3434 2987 3481 et
3030 3427 3457 3494 dimicationem,

1887 3530 1997 3573 tum
2034 3533 2246 3584 eorum,
2273 3520 2364 3589 qui
2389 3519 2577 3587 patriae
2610 3519 2995 3589 praesidebant,
3025 3528 3136 3573 tum
3162 3522 3463 3589 perditissi-

1885 3626 2095 3665 morum
2147 3625 2489 3680 quorumque
2541 3611 2691 3667 urbis
2735 3610 2954 3676 civium,
3005 3611 3099 3681 qui
3152 3615 3219 3666 ad
3273 3627 3459 3669 eorum

1884 3712 2064 3774 partes
2105 3717 2225 3758 sese
2274 3702 2652 3773 adiunxerant.
2709 3702 2906 3758 Verum
2962 3702 3079 3758 ﬁeri
3138 3704 3299 3758 aliter
3352 3719 3458 3760 non

1882 3806 2113 3866 poterat,
2146 3796 2275 3866 quin
2312 3797 2547 3866 Spiritus
2572 3804 2796 3851 sanctus
2833 3796 3107 3864 vinceret;
3132 3806 3295 3866 atque
3323 3799 3461 3852 adeo

1881 3870 2092 3942 abunde
2132 3888 2283 3941 vicit.
2318 3885 2451 3939 Nam
2487 3886 2554 3940 ad
2586 3902 2709 3942 enm
2749 3888 3053 3957 ungendum
3085 3887 3232 3943 viros
3259 3889 3457 3958 pietate

1880 3975 2056 4031 claros
2121 3991 2184 4032 ac
2247 3977 2363 4031 zelo
2408 3975 2728 4047 flagrantes,
2786 3976 2856 4033 ab
2900 3979 3101 4032 exteris
3145 3979 3457 4049 regionibus

1878 4070 2157 4134 excitavit,
2185 4079 2242 4123 et
2268 4084 2390 4124 cum
2420 4070 2485 4126 iis
2518 4084 2716 4124 novum
2744 4069 3105 4124 Abrahamnm
3135 4079 3189 4125 et
3221 4072 3454 4140 patriar-

1877 4162 2036 4216 cbam
2090 4172 2354 4227 nostrum,
2404 4162 3025 4231 parentem,.inquam,
3087 4178 3307 4227 meum,
3362 4163 3451 4217 cui

1879 4259 2122 4312 miranda
2153 4260 2315 4313 etiam
2352 4273 2439 4312 res
2466 4259 2710 4328 quaedam
2762 4258 2979 4312 accidit.
3031 4255 3163 4310 Nam
3204 4256 3455 4325 quamvis

187 4348 293 4416 τῆς
322 4346 466 4410 ὀδοῦ,
494 4346 774 4420 βοηθήσων
794 4352 858 4420 τῇ
899 4349 1084 4421 ψήφῳ,
1120 4351 1215 4404 καὶ
1254 4350 1536 4422 θαρσήσας
1560 4350 1673 4420 (25)
1695 4349 1774 4420 τῷ

1893 4368 1986 4406 non
2021 4351 2193 4407 solum
2239 4362 2519 4406 senectute
2564 4350 2865 4415 confectus,
2923 4350 3015 4404 sed
3049 4351 3211 4405 etiam
3264 4348 3455 4403 morbo

188 4439 494 4510 Πνεύματι.
523 4441 635 4494 Καί
657 4459 710 4494 τι
761 4440 1022 4512 σύντομον
1056 4442 1383 4513 φθέγξομαι,
1407 4440 1599 4513 νεκρὸς
1631 4442 1773 4494 ἐντε-

190 4534 309 4594 θεὶς
342 4533 419 4595 ὡς
447 4533 605 4603 τάφῳ
640 4534 747 4586 τινὶ
791 4533 870 4604 τῷ
896 4535 1099 4606 φορείῳ
1134 4535 1271 4606 (26),
1310 4534 1431 4597 νέος
1472 4533 1772 4595 ἐπάνεισιν,

189 4625 478 4696 εὐσθενὴς,
505 4624 619 4678 ἄνω
652 4622 885 4695 βλέπων,
926 4626 1154 4694 ῥωσθεὶς
1193 4628 1256 4679 ἐκ
1311 4625 1413 4696 τῆς
1440 4624 1621 4696 χειρὸς
1678 4626 1773 4677 καὶ

265 4782 310 4813 ¹’
346 4782 482 4836 Gen.
533 4797 640 4845 λιι,
693 4780 714 4833 1
760 4797 880 4851 sqq.

267 4939 385 5011 (15)
422 4940 526 5003 Είς
553 4937 750 5011 τοῦτο.
775 4935 949 5011 ροβε,
979 4935 1121 5011 πρὸς
1140 4933 1318 5011 τοῦτο.

263 5003 381 5081 (16)
421 5007 743 5081 Σιτοδείας.
771 5003 1301 5081 Ροειξηισιτοδοσίας.

423 5076 753 5153 ᾎιςίηοικςὲ.ὲ
777 5075 987 5153 είςᾼάεί.

261 5142 376 5219 (18)
422 5149 484 5201 Τί
515 5148 627 5219 γὰρ
657 5147 816 5219 δεῖν
848 5146 1188 5219 adeptam.
1241 5142 1333 5200 Sic
1369 5145 1548 5213 plures
1579 5144 1772 5216 Regg.,

187 5215 382 5304 (διεῖλε)
414 5215 531 5304 e11,
552 5218 604 5271 τί
626 5219 735 5304 γὰρ
934 5215 1220 5304 διατρίϐει,

261 5291 375 5361 (19)
446 5286 561 5357 Τῆς
601 5284 930 5361 εὖάεϐεἰαςε
969 5284 1170 5361 Alludit
1210 5285 1276 5341 ad
1313 5303 1332 5337 ι
1369 5284 1583 5361 Eusebii
1616 5301 1771 5361 rno-

187 5357 335 5424 men,
358 5357 508 5429 quod
544 5375 574 5413 a
612 5375 741 5413 vaec
769 5359 1037 5423 εὐσέϐεια,
1079 5358 1130 5411 id
1167 5368 1250 5411 est
1284 5374 1303 5407 ι
1337 5358 1530 5425 pietas,
1571 5376 1592 5408 ι
1623 5357 1769 5411 deri-

223 5445 313 5486 ai"
323 5448 365 5484 l'.

186 5448 376 5572 uigil.)
421 5499 544 5554 Τῶν
570 5515 635 5551 τε
668 5498 778 5566 τῆς
807 5496 1110 5572 πατρίδος,
1133 5506 1242 5572 etc.
1266 5494 1766 5572 Hicetasexpouit:

188 5566 490 5642 ἄρχοντας’
532 5589 550 5621 ι
596 5574 869 5636 βι-ιιιειιίοδ,
910 5589 928 5621 ι
974 5569 1118 5624 haud
1158 5567 1318 5623 dubie
1347 5566 1639 5636 provincia:
1656 5569 1769 5635 epi—

188 5655 383 5709 scopus
414 5656 477 5692 ac
499 5642 767 5705 praelatos.

262 5710 378 5781 (21)
413 5709 523 5763 Kal
547 5706 707 5775 νικᾷ.
747 5710 839 5765 Sic
877 5708 1058 5779 plures
1090 5707 1254 5778 Iiegg.
1292 5716 1345 5763 et
1389 5702 1484 5760 Or.
1525 5703 1578 5758 2.
1613 5705 1767 5761 Deest

1882 4445 2083 4499 fractus
2135 4460 2200 4500 ac
2254 4445 2563 4500 debilitatus
2614 4457 2796 4510 esset,
2859 4446 3206 4515 animamque
3244 4454 3451 4516 ageret,

1880 4536 1984 4590 iter
2028 4546 2204 4591 tamen
2244 4537 2459 4605 aggredi
2518 4552 2625 4591 non
2676 4537 2962 4602 dubitavit,
3012 4547 3073 4593 ut
3109 4536 3317 4591 calculo
3354 4551 3454 4590 suo

1878 4627 2193 4682 electionem
2247 4627 2496 4695 juvaret,
2550 4627 2786 4698 Spiritus
2836 4628 3081 4684 videlicet
3133 4643 3235 4698 ope
3286 4635 3449 4698 atque

1879 4940 2060 5082 “((2'2")
2082 4944 2463 5082 e'dfazepopfac.
2494 5015 2747 5079 lntelligit
2779 5014 3066 5070 Eusebium
3099 5015 3449 5070 Samosaten-

1872 5095 2008 5155 sem,
2035 5083 2126 5151 qui
2174 5099 2296 5137 cum
2329 5084 2610 5151 Gregorio,
2644 5086 2871 5155 theologi
2903 5086 3068 5139 nostri
3098 5098 3267 5155 patre,
3298 5085 3449 5139 Basi-

1873 5151 2001 5203 lium
2029 5155 2388 5227 consecravit.
2415 5155 2531 5210 Mox
2562 5151 2892 5227 γνωρίμοιῖς.
2938 5155 3028 5210 Sic
3066 5151 3219 5210 codd.
3252 5156 3307 5208 In
3333 5157 3444 5220 ed.,

1869 5221 2233 5292 γνωρισμούς.

1942 5292 2053 5367 (ἓξ)
2098 5292 2477 5367 Ἐμὸν-λέγως
2503 5292 2603 5367 βἰο
2634 5294 2815 5367 Regg.
2859 5310 2907 5361 c,
2954 5296 3006 5362 d,
3049 5297 3142 5367 pb,
3193 5294 3357 5351 Coisl.
3389 5328 3441 5356 ..,

1874 5359 1966 5414 οτι
2003 5362 2059 5425 2,
2096 5359 2245 5415 Pass.
2276 5359 2434 5433 Dee-st
2458 5363 2601 5433 λέγω
2632 5364 2683 5417 in
2713 5359 2798 5419 ed.

1946 5433 2057 5501 (24)
2092 5432 2502 5498 Ἐκλελοιπώς.
2534 5432 2710 5498 l’ass.,
2739 5433 3021 5499 λελοιπώς.

1945 5500 2061 5573 (9.5)
2098 5500 2439 5571 Θαρσήσιις.
2472 5503 2636 5575 Regg.
2704 5520 2751 5571 c,
2802 5509 2870 5575 pb
2910 5518 2966 5561 et
3004 5505 3095 5562 Ου’.
3148 5505 3203 5571 2,
3239 5504 3445 5576 0αρρή-

1876 5590 2057 5713 σαῖέϐ)
2092 5645 2328 5713 Φορειῳ.
2378 5659 2496 5716 .ieg.
2533 5647 2641 5710 bm,
2666 5644 2857 5716 φορίῳ.
