3902 6218
435 280 541 336 547

1630 273 1689 327 S.
1730 269 2061 328 GREGORII
2096 267 2188 323 ΤΗ
2197 264 2443 322 εοιοοι

3601 261 3718 317 5L8

434 393 635 449 auxilio
671 391 860 447 fretus.
905 391 1080 459 Atque
1132 399 1193 444 ut
1232 403 1346 443 rem
1387 387 1439 441 in
1494 402 1668 457 pauca
1714 390 2011 453 conferam,

2125 382 2215 454 τῆς
2238 382 2490 453 χρίσεως,
2523 379 2584 432 οὐ
2631 378 2764 432 πολὺ
2791 377 2847 430 δὲ
2875 379 3067 442 εἰπεῖν,
3102 376 3185 430 ὅτι
3213 377 3307 431 καὶ
3331 376 3431 447 τῆς
3462 378 3721 450 κεφαλῆς

432 483 700 546 veluculo,
733 498 837 536 non
873 496 1029 537 secus
1055 496 1119 536 ac
1147 492 1388 536 mortuus
1432 478 1631 535 feretro
1653 520 1668 543 ,
1706 479 2011 549 impositus,

428 576 645 649 juvenis
696 576 858 639 redit,
920 573 1106 627 firmus
1155 587 1220 628 ac
1287 572 1495 637 valens,
1550 570 1737 628 oculos
1798 579 2012 625 erectos

434 668 662 729 habens,
702 681 731 718 a
761 679 1011 718 manuum
1059 661 1227 731 800
1261 661 1603 731 impositione
1634 669 1690 715 et
1735 659 2011 724 unctione,

436 758 574 812 addo
624 757 810 818 etiam,
867 763 923 808 et
962 754 1029 807 ab
1077 754 1253 820 illius,
1308 753 1401 823 qui
1441 753 1766 821 ungebatur,
1811 752 2007 820 capite,

2119 475 2211 529 τοῦ
2258 473 2593 547 χρισθέντος.
2633 473 2804 526 Τοῦτο
2840 469 3184 543 προσκείσθω
3213 472 3327 556 τοῖς
3359 468 3611 528 παλαιοῖς
3638 469 3727 524 διο

2116 568 2417 637 ηγήμασιν,
2443 567 2525 619 ὅτι
2554 563 2714 628 πόνος
2742 563 2933 633 ὑγείαν
2965 561 3078 632 (‘27)
3106 561 3411 632 χαρίζεται,
3448 562 3545 615 καὶ
3571 579 3719 633 προ-

2118 660 2285 731 θυμία
2311 660 2539 730 νεκροὺς
2556 658 2833 712 ἀνίστησι.
2867 656 2959 710 καὶ
2980 655 3126 727 πηδᾷ
3157 655 3332 727 γῆρας
3353 655 3576 727 χρισθὲν
3596 656 3719 729 (28)

2118 753 2197 824 τῷ
2220 751 2358 808 Πνεύ
2368 770 2517 823 ματι.

435 849 739 903 roboratus.
790 845 901 899 Hoc
939 844 1101 915 igitur
1127 843 1193 898 ad
1223 847 1432 912 priscas
1478 844 1819 897 narrationes
1864 843 2107 906 accedat,
2169 844 2312 914 quod
2374 845 2526 899 labor
2587 842 2877 897 sanitatem
2921 839 3099 905 alfert,
3164 849 3218 894 et
3254 840 3418 894 animi
3451 840 3721 896 alacritas

434 950 675 995 mortuos
731 936 957 999 excitat,
1007 944 1063 989 et
1119 935 1297 989 exsilit
1350 944 1601 989 senectus
1649 933 1854 1001 Spiritu
1908 933 2168 989 delibuta.

508 1032 790 1088 XXXVIII.
837 1030 971 1085 Cum
1007 1037 1185 1084 autem
1214 1024 1483 1094 primariae
1517 1023 1661 1077 sedis
1701 1022 1905 1075 honore
1940 1022 2018 1075 ita

432 1123 660 1180 affectus
686 1123 897 1187 fuisset,
931 1128 989 1174 ut
1016 1136 1115 1190 par
1139 1126 1257 1172 erat
1298 1130 1391 1171 eos
1416 1157 1430 1181 ,
1480 1114 1569 1183 qui
1619 1114 1691 1166 ita
1741 1113 2015 1177 vixerant,

2184 1024 2313 1078 AH'.
2351 1021 2507 1076 Οὕτω
2532 1020 2593 1075 δὲ
2632 1019 2733 1089 τῆς
2778 1019 3072 1092 προεδρίας
3113 1019 3394 1087 ἀξιωθεὶς,
3429 1021 3536 1088 ὡς,
3583 1033 3723 1085 τους

2112 1116 2385 1179 τοιούτους
2419 1115 2518 1185 μὲν
2547 1112 2867 1182 γεγονότας,
2909 1113 3167 1184 τοιαύτης
3196 1113 3254 1166 δὲ
3289 1113 3511 1187 χάριτος
3549 1124 3721 1167 τετυ-

433 1230 661 1285 eamque
689 1213 917 1284 gratiam
962 1209 1241 1265 consecuti
1277 1209 1512 1269 fuerant,
1557 1219 1621 1258 ac
1666 1204 1827 1258 talem
1875 1201 2011 1271 apud

2125 1210 2372 1281 χηκότας,
2404 1207 2547 1261 οὕτω
2579 1207 2637 1260 δὲ
2666 1205 3128 1277 ὑπειλημμένους,
3156 1204 3324 1269 εἰκός
3354 1205 3415 1258 οὐ
3431 1204 3723 1277 κατῄσχυ-

432 1302 679 1356 homiues
703 1299 1161 1356 existimationem
1191 1297 1551 1359 obtinebant;
1613 1294 1833 1346 minime
1867 1308 2017 1345 cout-

435 1393 605 1458 misit,
654 1400 713 1446 ut
743 1391 847 1445 ulla
886 1392 937 1444 in
978 1405 1035 1443 re
1083 1398 1306 1460 postea,
1346 1387 1428 1441 vel
1476 1384 1827 1456 philosophia:
1879 1399 2012 1448 suae,

431 1484 516 1538 vel
543 1499 753 1548 eorum,
789 1483 883 1553 qui
929 1484 1029 1537 hoc
1064 1496 1262 1536 munus
1301 1480 1402 1551 ipsi
1449 1479 1821 1541 crediderant,
1876 1475 2012 1546 spei,

432 1574 679 1628 dedecori
723 1582 889 1627 esset.
927 1571 1065 1638 Quin
1106 1570 1321 1639 potius,
1357 1578 1616 1636 quantum
1662 1566 1798 1620 alios
1842 1567 2013 1635 prius,

434 1675 643 1719 tantum
681 1664 921 1734 quotidie
964 1664 1199 1730 seipsum
1252 1660 1535 1722 vincebat,
1588 1659 1792 1725 optime
1828 1657 2014 1726 utique

2113 1320 2202 1357 νεν
2225 1300 2400 1355 οὐδενὶ
2435 1299 2545 1354 τῶν
2574 1298 2722 1371 ἑξῆς,
2747 1299 2781 1369 ἢ
2820 1296 2918 1369 τὴν
2950 1297 3144 1352 ἑαυτοῦ
3176 1297 3514 1367 φιλοσοφίαν,
3546 1298 3582 1370 ἢ
3613 1298 3723 1362 τὰς

2117 1392 2226 1447 τῶν
2265 1391 2709 1446 πεπιστευκότων
2750 1390 2995 1453 ἐλπίδας·
3046 1388 3182 1444 ἀλλὰ
3230 1389 3480 1444 τοσοῦτον
3514 1390 3721 1444 ἑαυτὸν

2120 1484 2472 1557 ὑπερϐάλλων
2504 1483 2612 1544 ἀεὶ,
2666 1483 2789 1535 ὅσον
2814 1480 2920 1553 πρὸ
2943 1480 3133 1534 τούτου
3179 1482 3309 1546 τοὺς
3349 1481 3542 1545 ἄλλους
3572 1481 3720 1535 ἑδείο

2118 1592 2302 1639 κνυτο,
2335 1572 2596 1628 κάλλιστά
2647 1590 2697 1627 τε
2731 1572 2824 1626 καὶ
2878 1571 3289 1642 φιλοσοφώτατα
3327 1574 3454 1645 περὶ
3500 1575 3717 1627 τούτων

2118 1666 2518 1737 διανοούμενος.
2556 1665 2771 1733 Ἥγεῖτο
2798 1663 2928 1736 γὰρ,
2959 1664 3169 1718 ἰδιώτου
3203 1664 3303 1735 μὲν
3319 1664 3518 1737 ἀρετὴν
3542 1660 3718 1731 εἷναι,

431 1772 496 1811 ac
545 1756 943 1827 sapientissime
974 1760 1041 1808 de
1085 1754 1170 1807 his
1214 1751 1375 1805 rebus
1424 1750 1690 1804 sentiens.
1739 1749 1829 1804 Sic
1877 1750 2011 1805 enim

2125 1761 2181 1814 τὸ
2210 1761 2284 1832 μὴ
2303 1759 2472 1814 κακὸν
2502 1755 2662 1823 εἶναι,
2692 1760 2726 1829 ἧ
2763 1776 2818 1812 τι
2846 1760 2942 1813 καὶ
2992 1758 3175 1823 ποσῶς
3207 1759 3433 1828 ἀγαθόν.
3479 1761 3722 1830 ’Ἄρχον-

430 1849 797 1913 existimabat,
827 1847 1022 1915 privati
1057 1846 1270 1915 quidem
1306 1844 1540 1898 hominis
1570 1842 1822 1895 virtutem
1868 1841 1922 1895 in
1947 1857 2014 1896 eo

433 1939 757 2001 consistere,
781 1947 840 1992 ut
866 1937 995 1991 vitio
1027 1944 1230 2000 careat,
1268 1943 1360 1988 aut
1394 1947 1611 2003 quoquo
1643 1932 1803 1986 modo
1828 1931 2013 2002 probi-

434 2041 601 2085 tatem
655 2030 830 2094 colat;
882 2029 1175 2097 principem
1233 2035 1412 2079 autem
1466 2035 1522 2079 et
1575 2023 1896 2087 antistitem,
1949 2038 2015 2078 ac

438 2121 742 2192 praesertim
774 2119 1076 2186 bujusmodi
1119 2118 1402 2184 imperium
1432 2125 1730 2186 gerentem,
1763 2114 2015 2185 improbi-

433 2216 562 2270 tatis
593 2222 772 2267 nolam
804 2210 1038 2280 effugere
1063 2213 1168 2263 non
1199 2222 1387 2277 posse,
1435 2206 1537 2262 nisi
1581 2206 1807 2260 multum
1859 2217 2012 2260 ante-

433 2307 616 2372 cellat,
655 2321 718 2360 ac
762 2305 952 2359 melior
986 2304 1037 2357 in
1066 2303 1180 2358 dies
1210 2301 1457 2365 exsistat,
1504 2315 1804 2370 paremque
1835 2301 2012 2371 digni-

435 2401 530 2453 tati
562 2414 670 2455 sum
701 2413 763 2453 ac
798 2398 993 2452 throno
1028 2396 1279 2449 virtutem
1311 2393 1519 2448 afferat.
1552 2394 1651 2448 Vix
1686 2396 1829 2448 enim
1868 2409 2010 2458 esse,

356 2480 357 2483 “
433 2500 492 2544 ut
521 2491 572 2544 in
604 2505 813 2544 summo
841 2489 1066 2559 positus,
1121 2486 1355 2541 medium
1404 2496 1747 2554 assequatur,
1806 2501 1869 2541 ac
1919 2502 2014 2556 per

432 2582 814 2636 exuberanlem
848 2579 1061 2633 virtutis
1105 2576 1537 2645 amplitudinem,
1572 2577 1765 2646 vulgus
1798 2577 1863 2630 ad
1898 2593 2014 2631 me-

433 2673 771 2727 diocritatem
805 2672 1105 2738 pertrahat.
1147 2668 1258 2722 Imo
1287 2684 1440 2732 vero,
1481 2678 1540 2722 ut
1581 2670 1780 2723 rectius
1823 2670 1888 2722 de
1929 2669 2013 2722 his

433 2763 595 2817 rebus
645 2761 928 2827 disseram,
974 2760 1114 2830 quod
1160 2776 1260 2830 ego
1306 2758 1359 2813 in
1426 2758 1707 2814 Salvatore
1744 2761 2012 2829 prospicio

433 2853 616 2925 (atque
641 2853 824 2915 etiam,
857 2862 918 2906 ut
942 2852 1558 2921 opinor,sapientiorum
1599 2852 1867 2921 quilibet),
1905 2867 2012 2922 quo

436 2958 680 3018 tempore
712 2946 993 3000 nobiscum
1015 2943 1244 3009 exstitit,
1267 2944 1562 2999 secundum
1593 2945 1644 2999 id
1675 2944 1818 3013 quod
1850 2959 2010 3013 supra

434 3055 557 3102 nos.
617 3047 672 3093 et
719 3051 960 3092 nostrum
997 3046 1137 3100 erat,
1188 3036 1480 3103 formatus,
1543 3038 1644 3091 hoc
1677 3051 1894 3106 quoque
1927 3038 2013 3091 hic

2119 1867 2209 1915 τος
2233 1850 2290 1903 δὲ
2314 1850 2408 1903 καὶ
2436 1848 2742 1920 προστάτου
2771 1848 2991 1917 κακίαν,
3023 1849 3118 1902 καὶ
3144 1848 3378 1920 μάλιστα
3401 1848 3498 1920 τὴν
3524 1850 3717 1902 τοιαύο

2118 1958 2219 2012 την
2240 1942 2436 2012 ἀρχὴν,
2463 1941 2524 1994 τὸ
2575 1941 2649 2011 μὴ
2678 1940 2812 1994 πολὺ
2845 1941 2957 1995 τῶν
3018 1941 3230 1995 πολλῶν
3261 1942 3535 2013 προέχειν,
3573 1942 3715 2014 μηδὲ

2118 2035 2205 2088 ἀεὶ
2239 2034 2471 2106 κρείττω
2510 2034 2821 2102 φαίνεσθαι,
2855 2035 2991 2107 μηδὲ
3018 2039 3352 2107 συμμετρεῖν
3377 2039 3441 2106 τῇ
3470 2036 3593 2108 ἰξίᾳ
3615 2038 3715 2091 καὶ

2118 2127 2197 2197 τῷ
2266 2126 2440 2199 θρόνῳ
2488 2126 2587 2199 τὴν
2646 2128 2866 2198 ἀρετήν.
2924 2129 3100 2197 Μόγις
3143 2128 3256 2197 (99)
3290 2127 3398 2198 γὰρ
3450 2123 3590 2182 εἶναι
3630 2128 3713 2199 τῷ

2119 2218 2274 2291 ἄκρῳ
2294 2218 2389 2272 τοῦ
2417 2219 2580 2289 μέσου
2615 2219 3063 2289 κατατυγχάνειν,
3101 2220 3195 2273 καὶ
3221 2220 3300 2291 τῷ
3332 2221 3577 2291 περιόντι
3606 2222 3712 2291 τῆς

2120 2312 2319 2384 ἀρετῆς
2344 2312 2516 2379 ἕλξειν
2541 2313 2667 2375 τοὺς
2690 2312 2918 2377 πολλοὺς
2942 2316 3021 2377 εἰς
3044 2313 3104 2366 τὺ
3134 2314 3376 2385 μέτριον·
3401 2314 3600 2385 μᾶλλον
3626 2315 3706 2377 δὲ,

2119 2403 2205 2456 ἵνα
2241 2420 2293 2455 τι
2327 2403 2672 2473 φιλοσοφήσω
2700 2404 2831 2475 περὶ
2884 2403 3090 2458 τούτων
3143 2405 3398 2475 ἄμεινον,
3447 2405 3585 2475 ὅπερ
3612 2405 3710 2458 ἐπὶ

2117 2495 2212 2549 τοῦ
2246 2496 2496 2567 Σωτῆρος
2522 2495 2632 2564 ἐγὼ
2663 2495 2873 2568 θεωρῶ,
2907 2492 3060 2568 οἶμαι
3094 2496 3153 2550 δὲ
3198 2499 3293 2550 καί¹
3331 2497 3438 2550 τῶν
3469 2497 3711 2566 σοφιστέο-

2121 2604 2230 2658 ρων
2282 2586 2532 2651 ἕκαστος,
2585 2587 2749 2657 ἡνίκα
2796 2586 2912 2658 μεθ’
2955 2586 3114 2658 ἡμῶν
3162 2588 3378 2656 ἐγένετο
3402 2627 3418 2652 ,
3481 2605 3708 2659 μορφω-

2120 2677 2232 2741 θεὶς
2263 2676 2371 2747 (50)
2392 2678 2451 2730 τὺ
2481 2678 2622 2749 ὑπὲρ
2651 2678 2798 2749 ἡμᾶς
2821 2677 3217 2750 καὶήμέτερον,
3245 2680 3402 2733 τοῦτο
3423 2678 3709 2734 κάνταῦθα

2120 2766 2523 2838 συμϐεϐηκέναι
2547 2766 2852 2838 λογίζομαι.
2882 2768 3119 2832 Ἐκεῖνός
3148 2786 3207 2821 τε
3233 2769 3343 2841 γὰρ
3372 2770 3705 2841 προέκοπτε,

2122 2858 2311 2928 φησὶν,
2344 2856 2532 2929 ὥσπερ
2562 2857 2769 2928 ἡλικίᾳ,
2793 2855 2937 2910 οὕτω
2964 2857 3028 2928 δὴ
3061 2859 3153 2911 καὶ
3187 2859 3347 2932 σοφίᾳ
3374 2860 3469 2913 καὶ
3496 2862 3705 2930 χάριτι·

2117 2950 2179 3004 οὐ
2212 2948 2288 3020 τῷ
2312 2949 2485 3003 ταῦτα
2513 2950 2809 3021 λαμϐάνειν
2840 2949 3089 3020 αὔξησιν,
3120 2952 3193 3022 (τί
3214 2952 3321 3024 γὰρ
3343 2950 3438 3005 τοῦ
3473 2954 3570 3006 ἀπ’
3605 2954 3709 3023 ἁρ-

2118 3041 2220 3112 χῆς
2262 3041 2467 3094 τελείου
2521 3042 2717 3111 γένοιτ’
2754 3042 2821 3097 ἂν
2865 3043 3193 3115 τελεώτερον
3216 3044 3254 3116 ;)
3291 3044 3425 3098 ἀλλὰ
3458 3045 3537 3115 τῷ
3564 3045 3712 3100 κατὰ

433 3132 730 3202 contigisse
767 3130 1157 3184 animadverto.
1191 3128 1513 3184 Proliciebat
1539 3129 1702 3197 enim,
1732 3130 1925 3199 inquit,
1954 3136 2011 3182 ut

2125 3110 2315 3203 μικρὸν
2344 3131 2517 3185 ταῦτα
2538 3110 3038 3205 ίπαραγυμνοῦσθαι
3070 3110 3165 3189 καὶ
3206 3110 3707 3207 παρεκφαίνεσθαι.

433 3233 615 3286 aetate,
640 3224 709 3276 ita
734 3221 895 3276 etiam
917 3220 1174 3288 sapientia
1198 3228 1250 3274 et
1283 3221 1457 3290 gratia
1481 3221 1561 3286 u;
1590 3236 1698 3275 non
1728 3221 1870 3290 quod
1897 3221 2014 3277 haec

434 3314 489 3370 in
522 3313 609 3368 illo
637 3314 1029 3368 incrementum
1054 3321 1310 3382 caperent
1335 3329 1351 3378 ;
1377 3312 1504 3380 quid
1533 3313 1675 3367 enim
1701 3327 1786 3374 eo,
1824 3314 1963 3381 quod
1982 3328 2011 3366 a

2119 3223 2228 3294 Τήν
2252 3239 2313 3276 τε
2341 3222 2434 3276 τοῦ
2461 3223 2650 3294 ἀνδρὸς
2672 3226 2892 3296 ἀρετὴν,
2916 3226 3037 3296 οὐχὶ
3064 3226 3399 3299 προσθήκην,
3414 3228 3528 3281 ἀλλ’
3546 3229 3715 3300 ὲργα·

2121 3314 2241 3369 σίαν
2267 3310 2422 3385 οἶμαι
2474 3316 2648 3386 μείζω
2678 3318 2981 3388 τηνικαῦτα
3012 3319 3332 3391 λαμϐάνειν,
3367 3319 3469 3393 ὕλῃ
3498 3319 3715 3376 πλείονι

434 3406 698 3478 principio
724 3406 1014 3474 perfectum
1041 3417 1180 3472 erat,
1206 3404 1494 3477 perfectius
1521 3419 1642 3459 esse
1675 3404 1877 3474 possit?
1921 3405 2011 3461 sed

2125 3406 2188 3475 τῇ
2223 3401 2440 3475 ἐξουσίᾳ
2467 3405 2777 3479 χρωμένην.

434 3498 576 3567 quod
606 3498 717 3551 lucc
740 3497 991 3565 paulatim
1015 3498 1392 3566 detegerentur
1420 3504 1475 3550 et
1502 3495 1794 3550 elucerent.
1832 3494 2031 3551 Eodem
2065 3497 2222 3551 modo
2244 3494 2427 3550 Basilii
2457 3497 2713 3553 virtutem
2736 3514 2803 3555 eo
2834 3509 3093 3574 tempore,
3128 3517 3236 3557 non
3275 3503 3711 3571 incrementum,

435 3588 529 3646 sed
559 3585 812 3652 majorem
839 3591 1202 3656 operationem
1233 3590 1511 3658 accepisse
1545 3589 1803 3653 arbitror,
1827 3604 1948 3644 cum
1986 3588 2085 3660 ipsi
2111 3589 2363 3645 nimirum
2386 3600 2626 3653 potestas
2652 3593 2955 3649 uberiorem
3000 3596 3284 3650 materiam
3307 3598 3703 3666 suppeditaret.

506 3673 748 3728 XXXIX.
815 3678 897 3730 Ac
962 3676 1191 3743 primum
1262 3679 1477 3747 quidem
1545 3677 1672 3732 illud
1753 3679 2006 3733 omnibus

436 3765 779 3834 perspicumn
829 3766 979 3830 facit,
1030 3784 1227 3823 munus
1271 3769 1345 3833 id,
1396 3783 1504 3839 quo
1555 3766 1778 3822 affectus
1807 3768 2006 3835 fuerat,

440 3871 546 3913 non
574 3859 813 3911 humano
837 3857 1042 3923 favore,
1075 3859 1167 3914 sed
1197 3859 1379 3913 divino
1409 3858 1672 3914 beneficio
1703 3859 1801 3927 ipsi
1833 3857 2009 3913 conti-

439 3950 601 4018 gisse.
629 3947 686 4003 Id
714 3959 894 4005 autem
932 3966 997 4005 ex
1033 3951 1185 4006 nobis
1214 3966 1429 4021 quoque
1469 3951 1671 4021 liquido
1715 3950 2005 4005 constabit.

439 4041 628 4110 Qualia
660 4041 801 4095 enim
836 4055 1044 4097 mecum
1074 4040 1219 4096 circa
1252 4041 1382 4095 illud
1426 4050 1636 4111 tempus
1663 4040 2009 4111 phiI050pba-

441 4131 636 4187 batur?
675 4130 806 4185 Nam
840 4146 960 4186 cum
988 4132 1111 4187 aliis
1146 4132 1397 4186 omnibus
1435 4131 1654 4186 dubium
1699 4147 1803 4186 non
1852 4141 2014 4196 esset,

438 4225 591 4294 quin,
618 4240 740 4279 cum
769 4225 820 4279 id
850 4225 1196 4295 contigisset,
1230 4224 1412 4280 statim
1451 4224 1612 4295 801
1650 4239 2014 4288 accurrerem,

439 4318 785 4388 maximaque
824 4319 988 4373 animi
1021 4318 1294 4387 voluptate
1340 4316 1691 4387 perfunderer
1738 4317 1824 4387 (id
1871 4319 2014 4388 quod

438 4408 672 4471 fortasse
698 4408 833 4464 alius
868 4410 1135 4480 quispiam
1169 4408 1445 4481 fecisset),
1496 4423 1559 4463 ac
1598 4423 1718 4463 cum
1750 4424 1814 4463 eo
1841 4408 2012 4479 impe-

438 4501 580 4557 rium
617 4500 792 4570 potius
833 4502 1089 4570 partirer,
1113 4517 1272 4571 quam
1305 4516 1588 4571 supparem
1633 4502 2008 4557 auctoritatem

442 4608 506 4647 ac
549 4593 840 4662 potentiam
886 4593 1163 4659 haberem,
1213 4593 1374 4661 idque
1417 4608 1486 4646 ex
1535 4593 1773 4647 amicitia
1825 4602 2009 4649 nostra

440 4685 837 4754 conjectarent;
875 4698 974 4752 ego
1024 4694 1226 4750 tamen,
1280 4700 1402 4739 cum
1449 4684 1504 4737 in
1554 4684 1805 4739 omnibus
1848 4687 2010 4740 rebus

440 4775 761 4844 arrogantiae
793 4774 1172 4842 suspicionem,
1221 4785 1278 4830 ut
1310 4775 1352 4832 si
1399 4775 1524 4844 quis
1566 4776 1725 4842 alius,
1772 4777 2007 4847 fugiens,

513 4890 555 4921 "
584 4888 714 4944 Luc.
742 4905 804 4954 ll,
843 4889 930 4946 52.

509 5002 624 5073 (27)
669 5000 1047 5073 Tretaraor.
1069 5002 1126 5068 2,
1158 5002 1392 5072 ὑγιείαν.

510 5071 624 5142 (28)
653 5071 821 5147 uti”
859 5072 1057 5147 ,γῆρας
1095 5071 1649 5147 χρισθένξηῇοεηὺιη
1684 5090 1697 5126 :
1730 5073 1875 5146 πηδᾷ
1905 5075 2008 5147 γῆ-

443 5144 818 5222 ραςχρησθέν.
852 5145 943 5222 Sic
970 5148 1131 5222 etiam
1163 5146 1291 5210 legit
1318 5144 1508 5222 Dillius
1545 5145 1597 5222 in
1638 5144 2008 5222 vetustissimo

2192 3677 2315 3731 ΛΘ’.
2341 3679 2561 3749 Πρῶτον
2623 3680 2723 3752 μὲν
2770 3684 2947 3738 ἐκεῖνο
2998 3687 3130 3738 πᾶσι
3171 3687 3317 3739 ποιεί
3347 3687 3601 3758 φανερὸν,
3628 3689 3713 3753 ὡς

2123 3767 2222 3821 οὐκ
2255 3768 2601 3843 ἀνθρωπίνης
2633 3772 2856 3844 χάριτος
2895 3770 2964 3847 ἦν
2987 3775 3158 3848 αὐτῷ’
3188 3776 3370 3849 ἔργον,
3400 3778 3534 3832 ἀλλὰ
3565 3779 3710 3833 Θεοῦ

2123 3860 2293 3932 δῶρον
2321 3862 2380 3916 τὸ
2402 3862 2700 3934 δεδομένον·
2732 3865 2961 3937 δηλώσει
2992 3867 3051 3920 δὲ
3074 3869 3170 3922 καὶ
3197 3870 3259 3923 τὸ
3287 3870 3575 3942 ἡμέτερον.
3601 3866 3711 3929 Οἷα

2124 3952 2233 4024 γάρ
2280 3970 2372 4024 μοι
2401 3954 2778 4025 φιλοσοφοῦντι
2808 3959 2934 4030 περὶ
2968 3960 3061 4014 τὸν
3092 3961 3282 4033 καιρὸν
3327 3965 3532 4018 ἐκεῖνον
3581 3980 3713 4018 συν-

2124 4044 2468 4116 εφιλοσόφειί
2509 4047 2630 4102 Τῶν
2666 4048 2766 4121 γὰρ
2796 4050 2971 4105 ἄλλων
3003 4053 3257 4108 ἁπάντων
3303 4056 3569 4129 οἰομένων
3608 4058 3710 4112 καὶ

2117 4139 2579 4211 προσδραμεῖσθαί
2608 4158 2675 4212 με
2710 4143 2789 4214 τῷ
2814 4146 3081 4215 γεγονότι,
3115 4149 3210 4201 καὶ
3234 4151 3709 4223 περιχαρήσεσθαι

2117 4232 2274 4303 (ὅπερ
2306 4233 2494 4304 ἑτέρου
2525 4235 2640 4305 (51)
2672 4237 2768 4289 καὶ
2799 4238 2994 4293 παθεῖν
3041 4241 3173 4307 ἴσως
3197 4237 3311 4314 ἦν),
3358 4244 3452 4297 καὶ
3489 4245 3709 4299 συνδια-

2117 4323 2397 4394 νεμείσθαι
2429 4325 2540 4397 (52)
2567 4326 2667 4399 τὴν
2692 4328 2865 4401 ἀρχὴν
2898 4331 3150 4405 μᾶλλονῆ
3181 4335 3706 4407 παραδυναστεύειν,

2121 4414 2216 4468 καὶ
2237 4417 2303 4486 τῇ
2343 4416 2493 4489 φιλίᾳ
2521 4418 2680 4473 τοῦτο
2709 4424 3174 4494 τεκμαιρομένων·
3218 4427 3405 4498 ἐπειδὴ
3427 4427 3489 4481 τὸ
3511 4446 3708 4501 φορτι-

2121 4506 2217 4558 κὸν
2248 4507 2462 4576 φεύγων
2485 4509 2613 4578 ἐγὼ,
2630 4513 2723 4566 καὶ
2749 4513 2858 4586 γὰρ
2887 4516 2943 4568 ὲν
2968 4515 3194 4580 ἅπασιν,
3223 4518 3381 4590 εἷπερ
3406 4519 3565 4584 ἄλλος
3592 4539 3701 4588 τις,

2121 4598 2217 4652 καὶ
2242 4600 2358 4670 ἅμα
2377 4600 2472 4654 τοῦ
2494 4603 2688 4676 καιροῦ
2738 4606 2799 4659 τὸ
2823 4607 3131 4678 ἐπίφθονον,
3171 4610 3346 4675 ἄλλως
3372 4629 3434 4666 τε
3467 4617 3567 4667 καὶ
3594 4614 3707 4669 τῶν

2121 4690 2243 4741 κατ’
2285 4690 2444 4744 αὐτὸν
2489 4691 2600 4763 (55)
2647 4693 2946 4750 ώδινόντων
2987 4696 3067 4751 ἔτι
3101 4700 3195 4753 καὶ
3254 4703 3703 4773 ταρασσομένων,

2122 4779 2258 4836 οἶκοι
2287 4785 2603 4856 κατέμεινα,
2628 4786 2719 4859 βίᾳ
2752 4788 3057 4861 χαλινώσας
3082 4791 3173 4846 τὸν
3196 4792 3378 4848 πόθον.
3403 4794 3706 4865 Μέμφεται

2115 5020 2338 5080 Spiritu.
2370 5027 2711 5069 commenoo.
2746 5034 2764 5067 ι

2186 5080 2298 5222 (29ἷ
2324 5085 2529 5154 Μόγις.
2564 5084 2668 5138 Sex
2697 5085 2866 5158 Regg.
2911 5097 2965 5141 et
2989 5086 3084 5143 Or.
3111 5087 3167 5152 2,
3203 5088 3373 5159 μόλις.

2182 5153 2272 5222 (50
2328 5156 2688 5222 Μορφωθείς,
2721 5169 2825 5211 etc.
2863 5177 2881 5209 ι
2916 5157 3171 5212 Formam
3203 5161 3373 5211 Indutt

2182 5153 2293 5223 (5U)
2328 5153 2688 5223 Mopgpre‘t'c,
2721 5153 2840 5211 etc;
2863 5177 2881 5209 ι
2916 5157 3171 5212 Formam
3203 5153 3440 5219 indutus,
3487 5170 3610 5224 quae
3644 5166 3701 5210 et

438 5212 854 5297 codici-{quam
904 5214 1407 5297 lectionemprobat
1433 5212 1895 5297 Cotttbeﬁsi_us.__Si
1922 5218 2005 5270 cui
2112 5212 2286 5297 nobis,
2315 5212 2582 5297 superior,
2714 5239 2897 5283 nostra
2936 5240 3073 5282 erat.
3118 5247 3136 5281 ι
3169 5227 3223 5280 ld
3248 5239 3348 5290 est,
3386 5212 3445 5280 ui
3476 5212 3701 5297 e'xponit

440 5285 555 5338 haec
579 5285 736 5338 lectio
760 5284 1036 5354 placuerit.
1069 5285 1139 5336 ita
1169 5285 1391 5337 reddere
1418 5293 1622 5351 potest:
1658 5302 1676 5334 ι
1717 5285 1903 5338 Insilit
1923 5302 2009 5340 se-

439 5363 648 5414 nectus,
684 5370 805 5422 que:
847 5370 907 5407 se
941 5354 1162 5420 Spiritui
1193 5354 1443 5407 utendam
1476 5356 1782 5422 praebuerit.
1822 5375 1839 5406 ι
1889 5356 2011 5411 llaec

438 5431 522 5475 est
569 5426 709 5497 enim
756 5426 845 5497 vis
887 5425 1033 5477 verbi
1057 5423 1337 5497 __XtXpm.u,
1377 5424 1584 5497 χρῄζω,
1631 5442 1658 5497 γι
1704 5430 2007 5497 commodo,

439 5495 693 5561 utendum
722 5494 954 5561 przeben.
990 5511 1010 5544 ι
1046 5494 1184 5558 Quin
1232 5494 1425 5548 Schol.
1458 5496 1586 5561 lleg.
1630 5496 1716 5545 bm
1764 5496 1875 5548 lucc
1909 5500 2008 5548 ha-

437 5559 549 5633 bet,
575 5577 693 5633 «iuge
723 5559 774 5616 in
806 5578 902 5633 suo
933 5565 1118 5617 codice
1142 5566 1333 5633 legisse
1369 5559 1596 5619 teStatur
1628 5562 1814 5617 Billius
1846 5582 1861 5616 :
1900 5565 2009 5617 Kal.

438 5629 671 5706 ὀιλλᾳχοῦ
692 5634 721 5686 ὁ
752 5632 914 5706 αὐτος
936 5650 1097 5706 φησιν
1111 5650 1137 5706 Ἀ
1164 5629 1294 5686 Ἰδοὺ
1326 5634 1556 5706 κίχρημι
1581 5633 1680 5696 τὰς
1716 5636 1903 5705 χεῖρας
1930 5635 2008 5706 τῷ

438 5700 746 5772 Ποεύματι·
783 5723 802 5757 ι
837 5704 903 5758 Ει
950 5700 1084 5759 ιηιυὶ
1127 5704 1240 5775 ipse
1285 5700 1434 5759 ait
1466 5700 1606 5760 Ecce
1636 5700 1825 5761 manus
1862 5700 2008 5762 meas

2114 5289 2352 5375 Nicetes,
2381 5289 2573 5350 Similis
2601 5295 2774 5366 nobis,
2800 5299 3122 5369 iisdemque,
3154 5289 3348 5368 praeter
3380 5289 3691 5367 peccatum,

2115 5363 2401 5418 obnoxius.
2758 5363 2767 5366 ⁷
3010 5363 3033 5369 “
3107 5363 3115 5365 ’
3154 5363 3170 5368 “

2330 5433 2583 5510 Ἑτέρωυ.
2616 5437 2675 5491 In
2707 5439 2997 5510 nonnullis,
3026 5437 3216 5510 ἓτερον

2179 5503 2292 5577 (ϐξ)
2332 5504 2885 5576 Συνδιανεμεῖσθαι.
2913 5503 3163 5563 Nonnulli
3200 5507 3398 5562 addunt
3433 5523 3522 5577 με.

2178 5573 2290 5648 (ῥό)
2324 5577 2463 5648 Kag’
2494 5571 2697 5631 αὺτὸν.
2730 5579 2821 5648 Sic
2855 5581 3020 5647 Hegg.
3053 5579 3164 5639 bm.
3199 5580 3288 5648 ph,
3316 5571 3480 5635 Coisl.
3517 5575 3569 5643 1,
3595 5571 3694 5630 01³.

2103 5642 2159 5710 2,
2188 5642 2297 5703 .les.
2326 5654 2380 5700 et
2407 5644 2596 5705 Comi).
2631 5649 2683 5703 lu
2714 5647 2823 5706 ed..
2857 5642 3205 5705 κατ’ἀὺτῶνξ
