3902 6218
182 184 295 241 5.59
1024 181 1284 238 ORATIO
1323 181 1508 239 XLIII.
1549 214 1614 225 ——
1657 185 1726 241 IN
1764 185 2051 244 LAUDEM
2093 189 2336 247 BASILII
2376 193 2612 251 MAG-NI.

3351 204 3468 266 530

186 299 309 370 μὲν,
344 293 709 364 συγγινώσκει
732 295 809 349 δέ.
841 296 951 349 Καὶ
974 298 1114 368 μετά
1139 297 1296 352 τοῦτο
1325 300 1625 355 ἐπιστάντα
1662 304 1775 374 μὲν,

1889 320 1952 361 ac
1981 306 2143 361 simul
2179 312 2438 380 temporis
2467 313 2608 369 illius
2637 312 2893 368 invidiam
2932 315 3130 382 vitans,
3161 320 3461 387 praesertim

178 391 284 460 τὴν
308 389 365 442 δε
388 388 489 460 τῆς
526 388 795 460 καθέδρας
817 389 985 460 τιμὴν
1016 389 1093 442 οὐκ
1119 389 1431 461 δεξάμενον,
1481 393 1580 463 τῆς
1610 395 1775 466 αὐτῆς

1884 411 2003 451 cum
2061 413 2151 454 res
2198 400 2318 471 ejus
2372 404 2610 458 nondum
2665 414 2870 475 pacatas
2922 419 3128 474 essent,
3179 426 3245 466 ac
3289 414 3466 470 adhuc

181 479 374 532 ἕνεκεν
406 477 608 541 αἰτίας,
641 477 760 530 οὐδὲ
798 478 897 550 τὴν
942 477 1049 531 τῶν
1083 480 1474 552 πρεσϐυτέρων
1505 484 1775 556 προτιμη-

1884 489 2253 557 turbarentur,
2281 493 2556 550 desiderio
2596 512 2718 553 meo
2745 496 2958 554 frenum
2999 499 3177 569 injeci,
3207 503 3466 574 domique

185 588 294 630 σιν,
322 569 446 623 οὔτε
490 569 796 640 ἐμέμψατο,
859 570 953 623 καὶ
995 564 1440 644 σέροσεπῄνεσεν,
1491 570 1550 628 εὖ
1583 575 1775 628 ποιῶν·

181 662 359 732 τῦφον
406 661 858 733 κατηγορηθῆναι
910 663 1113 732 μᾶλλον
1145 663 1238 715 ὑπ’
1276 664 1473 733 ὀλίγων
1500 666 1775 738 ἑλόμενος,

181 755 295 808 τῶν
320 752 527 827 ταύτην
557 755 941 825 ἀγνοησάντων
979 756 1078 826 τὴν
1103 756 1437 825 οἰκονομίαν,
1478 757 1512 830 ἦ
1548 776 1600 812 τι
1641 764 1778 832 πρᾶ-

186 844 276 911 ξαι
306 845 384 917 τῷ
409 847 554 917 λόγῳ
590 847 686 900 καὶ
733 849 849 910 τοῖς
900 846 1067 901 αὑτοῦ
1112 847 1475 921 βουλεύμασιν
1510 852 1772 909 ἐναντίον.

181 937 404 1002 Καίτοι,
440 938 557 1001 πῶς
581 938 647 993 ἂν
681 938 880 1009 μᾶλλον
908 937 1109 1004 ἔδειξεν
1146 939 1432 1013 ἄνθρωπος
1469 943 1648 1015 πάσης
1682 942 1779 998 θω-

184 1029 353 1093 πείας
382 1030 477 1083 κα)¹
517 1029 805 1093 κολακείας
833 1031 1065 1103 κρείττω
1106 1032 1206 1104 τὴν
1260 1032 1438 1105 ψυχὴν
1477 1034 1636 1106 ἔχων,
1685 1037 1779 1090 καὶ

184 1118 328 1189 πρὸς
357 1118 414 1171 ἓν
440 1118 600 1188 μόνον
652 1118 885 1190 βλέπων,
913 1120 1007 1173 τὸν
1033 1120 1129 1174 τοῦ
1163 1122 1330 1176 καλοῦ
1360 1124 1544 1195 νόμον,
1579 1125 1612 1196 ἢ
1650 1129 1779 1197 περὶ

184 1209 349 1280 ήμῶν
371 1209 516 1263 οὕτω
561 1211 884 1283 διανοηθεὶς,
930 1210 1025 1278 οὒς
1065 1216 1123 1267 ἐν
1173 1213 1412 1286 πρώτοις
1436 1216 1546 1269 τῶν
1582 1216 1778 1270 ἑαυτοῦ

184 1303 360 1372 φίλων
393 1304 488 1357 καὶ
523 1304 769 1376 συνήθων
797 1302 1125 1375 ἐγνώρισενς

1883 596 1969 634 me
2000 584 2263 640 continui.
2296 587 2414 654 Quo
2446 589 2664 644 nomine
2686 606 2899 647 mecum
2928 594 3145 662 quidem
3183 596 3271 651 ille
3296 612 3465 667 expo-

1880 674 2125 741 stulavit,
2162 690 2414 735 caeterum
2441 683 2657 738 veniam
2687 684 2851 739 dedit.
2888 686 2966 741 Ac
2990 699 3198 757 poSIea,
3231 705 3354 744 cum
3397 692 3467 746 ad

1884 780 2005 820 eum
2060 769 2348 837 venissem,
2404 782 2568 842 atque
2618 777 2806 831 eadem
2862 777 2930 833 de
2979 794 3143 834 causa
3194 782 3468 838 cathedrae

1884 856 2174 922 honorem,
2201 859 2663 934 insignioremque
2695 866 2836 922 inter
2868 871 3214 940 presbyteros
3246 872 3468 928 honoris

1884 946 2058 1002 locum
2107 963 2466 1016 recusassem,
2516 970 2623 1011 non
2675 957 2834 1012 modo
2877 972 3058 1013 meum
3107 960 3210 1014 hoc
3261 960 3463 1014 factum

1883 1050 1991 1091 non
2032 1037 2324 1107 incusavit,
2356 1043 2451 1098 sed
2493 1044 2680 1109 etiam,
2718 1054 2777 1100 ut
2811 1046 3014 1114 debuit,
3047 1051 3462 1119 comprobavit;

1885 1134 2051 1196 atque
2079 1143 2108 1182 a
2142 1132 2437 1198 nonnullis,
2468 1135 2559 1204 qui
2597 1136 2824 1192 rationis
2858 1139 3028 1207 ipsius
3072 1140 3244 1208 ignari
3283 1151 3463 1206 erant,

1887 1216 2063 1275 fastus
2119 1221 2420 1280 insimulari
2482 1226 2711 1297 maluit,
2775 1245 2936 1299 quam
2998 1231 3201 1301 aliquid
3253 1232 3460 1299 facere,

1884 1313 2027 1380 quod
2086 1315 2285 1370 rationi
2339 1319 2691 1390 consiliisque
2752 1323 2865 1378 suis
2922 1323 3327 1380 adversaretur.
3394 1328 3469 1382 At

183 1403 361 1458 certe,
414 1408 651 1462 quonam
702 1396 861 1451 modo
921 1401 1242 1457 luculentius
1292 1403 1566 1473 specimen
1616 1405 1776 1459 edere
1813 1407 2076 1473 potuisset
2111 1411 2278 1467 animi
2342 1414 2408 1468 ab
2446 1416 2592 1469 omni
2636 1416 2948 1473 adulatione
3009 1428 3063 1474 et
3095 1422 3466 1476 assentatione

182 1484 375 1553 alieni,
406 1485 689 1556 solamque
714 1488 932 1545 honesti
975 1492 1148 1563 legem
1198 1495 1474 1558 intuentis,
1511 1509 1674 1563 quam
1706 1495 1778 1550 ita
1816 1496 1884 1551 de
1909 1499 2087 1566 nobis,
2125 1515 2262 1571 quos
2329 1503 2384 1558 in
2444 1506 2841 1576 praecipuorum
2877 1509 3177 1564 amicorum
3205 1519 3257 1565 et
3303 1510 3467 1565 fami-

182 1576 403 1632 liarium
446 1577 565 1633 loco
600 1595 935 1652 numeroque
966 1584 1179 1647 habuit,
1213 1586 1587 1640 constituens?

258 1674 351 1727 M'.
384 1671 649 1736 Ἔπειτα,
680 1676 740 1728 τὸ
772 1678 1063 1743 στασιάζον
1093 1679 1230 1747 πρὸς
1254 1679 1448 1733 ἑαυτὸν
1485 1678 1772 1750 μαλάσσει,

1946 1681 2061 1738 XL.
2104 1683 2328 1748 Deinde,
2353 1698 2469 1747 eos,
2494 1686 2584 1754 qui
2610 1689 2678 1741 ab
2708 1689 2825 1755 ipso
2865 1688 3215 1756 dissidebant,
3236 1691 3464 1757 emollit,

181 1766 283 1819 καὶ
311 1765 606 1837 θεραπεύει
632 1767 811 1836 λόγοις
836 1771 1086 1841 ἰατρικῆς
1111 1772 1534 1844 μεγαλόφρονος.
1567 1774 1640 1826 Οὐ
1671 1774 1780 1846 γὰρ

181 1856 567 1921 θωπευτικῶς,
590 1858 711 1911 οὐδὲ
738 1859 1108 1932 ἀνελευθέρως
1141 1861 1300 1915 τοῦτο
1326 1866 1489 1928 ποιεῖ,
1522 1864 1657 1917 ἀλλά
1688 1865 1781 1917 καὶ

180 1950 309 2004 λίαν
342 1949 606 2014 νεανικῶς
643 1951 739 2004 καὶ
782 1953 1246 2024 μεγαλοπρεπῶς,
1278 1955 1354 2020 ώς
1389 1956 1454 2010 ἄν
1498 1974 1583 2021 τις
1628 1957 1688 2010 οὐ
1720 1957 1782 2009 τὸ

178 2040 365 2112 παρὸν
391 2041 610 2095 σκοπῶν
635 2042 816 2113 μόνον,
847 2043 983 2097 ἀλλὰ
1016 2045 1110 2098 καὶ
1142 2045 1240 2115 τὴν
1271 2046 1569 2117 μέλλουσαν
1597 2047 1782 2101 εὐπεί-

178 2130 345 2184 Θειαν
389 2132 710 2202 οἰκονομῶν.
770 2132 942 2204 Ὁρῶν
984 2134 1092 2208 γὰρ
1142 2121 1257 2206 (ὄλ)
1303 2138 1367 2190 τὺ
1417 2139 1515 2208 μὲν
1549 2139 1778 2204 ἁπαλὸν,

177 2221 415 2277 ἔκλυτον
458 2223 553 2277 καὶ
593 2224 924 2294 μαλακίξον,
972 2226 1033 2279 τὸ
1079 2226 1135 2279 δὲ
1169 2228 1476 2300 αὐστηρὸν,
1511 2230 1781 2300 τραχῦνον

176 2317 283 2370 καὶ
320 2315 727 2381 ἀπαυθαδιάζον
761 2317 896 2386 (55),
922 2318 1258 2389 ἀμφοτέροις
1291 2318 1476 2391 βοηθεῖ
1504 2319 1571 2372 δι’
1617 2320 1780 2392 ἀλλή-

175 2410 324 2462 λων·
363 2408 638 2481 ἐπιεικείᾳ
689 2411 787 2481 μὲν
818 2411 876 2463 τὸ
904 2410 1228 2474 ἀντιτυπὲς,
1276 2411 1595 2482 στερρότητι
1635 2412 1691 2464 δὲ
1718 2413 1780 2466 τὸ

174 2502 397 2557 ἁπαλὸν
430 2502 842 2575 κερασάμενος·
872 2502 1030 2572 ὀλίγα
1066 2503 1165 2575 μὲν
1207 2503 1367 2573 λόγου
1401 2504 1778 2577 προσδεηθεὶς,

175 2594 336 2665 ἔργῳ
367 2594 424 2647 δὲ
464 2594 535 2648 τὰ
576 2595 747 2649 πλείω
778 2596 1027 2666 δυνηθεὶς
1057 2596 1195 2667 πρὸς
1229 2597 1327 2668 τὴν
1356 2596 1686 2669 θεραπείαν·
1719 2598 1779 2651 ού

175 2684 353 2756 τέχνῃ
395 2684 771 2756 δουλούμενος,
820 2685 936 2740 ἀλλ’
965 2686 1150 2758 εὐνοίᾳ
1195 2687 1680 2759 σφετεριζόμενος·
1717 2688 1779 2741 οὐ

175 2775 480 2848 δυναστείᾳ
500 2778 610 2846 (36)
638 2776 1084 2850 προσχρώμενος,
1110 2778 1247 2832 ἀλλὰ
1270 2779 1348 2849 τῷ
1369 2779 1628 2833 δύνασθαι
1657 2779 1778 2850 μὲν,

176 2867 471 2938 φείδεσθαι
500 2868 557 2921 δὲ
587 2869 1018 2940 προσαγόμενος.
1052 2870 1125 2924 Τὸ
1156 2871 1212 2924 δὲ
1241 2871 1354 2942 (57)
1400 2872 1678 2940 μέγιστον,
1703 2869 1781 2940 τῷ

178 2956 404 3020 πάντας
431 2957 699 3027 ἡττᾶσθαι
729 2959 829 3031 τῆς
863 2959 1028 3013 αὐτοῦ
1061 2961 1321 3025 διανοίας,
1353 2959 1450 3015 καὶ
1482 2959 1777 3032 ἀπρόσιτον

173 3046 386 3102 εἰδέναι
412 3046 513 3118 τὴν
544 3049 746 3121 ἀρετήν
765 3066 779 3080 ·
810 3051 904 3104 καὶ
936 3050 1066 3122 μίαν
1093 3051 1194 3122 μὲν
1220 3052 1433 3117 ἑαυτοῖς
1462 3057 1573 3127 (58)
1604 3076 1778 3131 σωτη-
1804 3031 1847 3089 C

177 3138 310 3213 ρίαν
342 3138 635 3208 ἡγεῖσθαι,
668 3140 731 3194 τὸ
776 3142 894 3212 μετ’
942 3142 1151 3196 ἐκείνου
1189 3160 1251 3198 τε
1304 3146 1398 3199 καὶ
1438 3147 1530 3202 ὑπ’
1585 3151 1780 3222 ἐκείνῳ

173 3230 575 3301 τετάχθαι,ἒνα
597 3231 655 3285 δὲ
680 3233 945 3300 κίνδυνον,
972 3234 1031 3288 τὸ
1059 3236 1421 3308 προσκρούειν
1444 3240 1657 3313 ἐκείνῳ,
1687 3245 1781 3297 καὶ

176 3323 543 3395 ἀλλοτρίωσιν
568 3325 677 3378 ἀπὸ
706 3324 841 3379 Θεοῦ
882 3326 1125 3397 νομίζειν
1159 3328 1259 3399 τὴν
1292 3330 1390 3383 ἀπ’
1423 3331 1632 3385 ἐκείνου
1668 3332 1784 3388 διά-

179 3423 407 3490 στασιν·
443 3414 619 3480 οὕτως
650 3417 866 3481 ἑκόντες
900 3418 1263 3492 ὑπεχώρησαν
1286 3422 1397 3492 (³59)
1419 3426 1513 3478 καὶ
1543 3427 1782 3500 ἡττήθη-

180 3523 287 3560 σαν
330 3506 465 3577 (40),
507 3509 605 3562 καὶ
647 3508 725 3572 ὡς
756 3510 874 3581 ἤχῳ
914 3510 1146 3583 βροντῆς
1180 3514 1588 3589 ὑπεκλίθησαν,
1623 3518 1778 3583 ἄλλος

176 3597 345 3654 ἄλλον
386 3601 468 3663 είς
499 3599 796 3669 ἀπολογίαν
844 3602 1283 3674 προφθάνοντες,
1316 3608 1423 3661 καὶ
1470 3608 1533 3661 τὸ
1582 3609 1779 3682 μέτρον

176 3693 285 3762 τῆς
318 3692 619 3763 ἀπεχθείας
643 3695 724 3758 είς
756 3695 951 3766 μέτρον
979 3697 1397 3766 μετενεγκόντες
1424 3700 1658 3767 εὐνοίας,
1684 3703 1779 3756 καὶ

177 3783 288 3854 τῆς
316 3784 396 3846 εἰς
427 3786 631 3856 άρετὴν
675 3786 994 3850 ἐπιδόσεως,
1046 3787 1111 3859 ῆν
1151 3787 1216 3860 δὴ
1269 3789 1437 3861 μόνην
1481 3791 1777 3862 ἀπολογίαν

126 3904 133 3909 -
183 3876 554 3949 ἰσχυροτάτην
576 3876 840 3949 ηὕρισκον
870 3877 1016 3949 (41)·
1051 3879 1190 3951 πλὴν
1217 3878 1271 3932 εῐ
1294 3897 1378 3944 τις
1411 3881 1522 3953 (42)
1557 3882 1646 3937 διὰ
1678 3900 1778 3936 καο

179 3968 314 4021 κίαν
344 3968 563 4023 ἀνίατον
590 3969 839 4043 ἠμελήθη
874 3971 969 4024 καὶ
997 3971 1313 4044 παρερρίφη
1350 3972 1483 4043 (45),
1513 3974 1581 4026 ἵν’
1613 3974 1778 4038 αὐτὸς

180 4060 245 4111 ὲν
275 4058 456 4129 ἑαυτῷ
486 4061 744 4133 συντριϐῇ
776 4063 871 4116 καὶ
898 4062 1277 4135 καταναλωθῇ,
1308 4064 1560 4137 καθάπερ
1590 4065 1665 4130 ἰὸς
1696 4083 1777 4119 σι-

178 4150 248 4221 δή
260 4168 340 4222 ρῳ
366 4152 873 4224 συνδαπανώμενος.

1882 1789 1945 1826 ac
1978 1773 2226 1830 sublimis
2273 1784 2329 1828 et
2358 1775 2584 1830 excelsae
2620 1779 2900 1832 medicina?
2949 1779 3245 1835 rationibus
3286 1791 3463 1836 curat.

1882 1864 1997 1918 Non
2029 1866 2172 1919 enim
2206 1865 2508 1922 adulatorie
2537 1882 2604 1922 ac
2632 1869 2925 1932 serviliter,
2957 1870 3049 1924 sed
3076 1885 3331 1939 perquam
3356 1873 3469 1925 for-

1889 1957 2016 2010 titer
2046 1965 2098 2008 et
2127 1954 2410 2025 magniﬁce
2457 1956 2561 2011 hoc
2614 1957 2777 2024 facit,
2818 1969 2875 2012 ut
2905 1959 2995 2028 qui
3033 1975 3138 2014 non
3182 1964 3469 2030 praesentis

1886 2047 2060 2102 solum
2098 2047 2359 2116 temporis
2399 2048 2665 2103 rationem
2700 2050 2957 2117 haberet,
2993 2052 3086 2107 sed
3120 2052 3284 2107 etiam
3317 2053 3466 2106 futu-

1881 2151 1996 2190 ram
2031 2136 2393 2190 obedientiam
2429 2148 2768 2207 procuraret.
2804 2139 2938 2195 Nam
2965 2157 3086 2195 cum
3115 2142 3466 2212 perspiceret,

1880 2231 2216 2286 subditorum
2255 2231 2469 2285 animos
2511 2231 2738 2288 mollitie
2771 2236 3052 2298 enervari,
3088 2245 3144 2289 et
3178 2236 3342 2290 nimia
3370 2251 3468 2290 au-

1880 2320 2126 2375 steritate
2168 2335 2391 2389 asperos
2433 2329 2597 2389 atque
2628 2329 2974 2377 contumaces
3013 2324 3205 2388 reddi,
3254 2327 3470 2396 utrique

1881 2410 2023 2465 malo
2054 2427 2150 2480 per
2175 2411 2404 2465 alterum
2437 2412 2713 2476 medetur,
2743 2413 2995 2468 duritiam
3029 2415 3281 2470 nimirum
3310 2434 3462 2474 man-

1891 2502 2176 2558 suetudine
2207 2510 2263 2556 et
2312 2500 2596 2564 facilitate,
2647 2501 2926 2556 mollitiem
2984 2515 3164 2560 autem
3198 2508 3469 2575 gravitate

1880 2604 2041 2663 atque
2087 2592 2255 2646 animi
2291 2591 2546 2646 firmitate
2579 2602 2925 2660 temperans;
2963 2608 3213 2649 sermone
3247 2598 3313 2652 ad
3342 2599 3467 2651 ani-

1881 2702 2090 2741 tnarum
2134 2687 2473 2740 curationem
2528 2685 2669 2738 haud
2715 2684 2939 2739 multum
2973 2686 3255 2757 indigens,
3304 2705 3468 2758 opere

1879 2794 2041 2849 quam
2086 2778 2320 2848 plurima
2351 2778 2674 2846 perlicicns;
2713 2792 2818 2831 non
2856 2777 3050 2832 callido
3090 2779 3321 2833 artiﬁcio
3369 2779 3466 2834 hoc

1880 2871 2052 2923 mines
2101 2868 2378 2937 subigens,
2428 2866 2521 2920 sed
2562 2865 2933 2921 benevolentia
2980 2867 3082 2922 sibi
3119 2869 3459 2931 concilians;

1881 2974 1984 3014 nec
2013 2956 2218 3028 imperii
2252 2963 2516 3026 potestate
2552 2966 2707 3009 utens
2728 2994 2744 3020 ,
2788 2957 2881 3011 sed
2911 2972 3006 3027 per
3037 2957 3423 3027 indulgentiam
3444 3000 3462 3024 ,

1881 3065 2041 3119 quam
2093 3050 2148 3103 in
2180 3058 2449 3118 potestate
2495 3047 2815 3116 adhibebat,
2864 3062 2958 3104 eos
3011 3048 3275 3105 alliciens.
3309 3049 3462 3116 Quod

1882 3151 2056 3197 autem
2082 3140 2298 3195 maximi
2332 3140 2585 3194 momenti
2625 3150 2729 3204 est,
2758 3154 2948 3194 omnes
2978 3141 3173 3195 mentis
3209 3141 3464 3196 acumine

1882 3234 1982 3304 ipsi
2013 3233 2295 3299 cedebant,
2328 3246 2558 3301 eamque
2588 3231 2756 3301 ipsius
2785 3231 3036 3285 virtutem
3077 3246 3197 3285 esse
3225 3243 3418 3286 norant
3443 3271 3463 3294 ,

1882 3337 1939 3379 ut
1964 3326 2030 3380 ad
2065 3340 2186 3380 eam
2217 3338 2378 3379 nemo
2405 3323 2651 3393 aspirare
2683 3333 2898 3392 posset;
2924 3332 3087 3392 atque
3119 3340 3278 3378 unam
3319 3325 3465 3382 hanc

1881 3420 2094 3471 demum
2116 3416 2220 3471 sibi
2248 3416 2473 3472 salutem
2501 3430 2622 3470 esse
2649 3414 3079 3482 arbitrabantur,
3104 3416 3147 3469 si
3173 3430 3294 3469 cum
3323 3417 3464 3484 ipso,

1879 3516 1934 3561 et
1967 3507 2066 3562 sub
2099 3506 2215 3576 ipso
2237 3543 2253 3570 ,
2288 3519 2409 3560 sese
2438 3504 2804 3570 collocarent,
2838 3519 3004 3558 unum
3040 3520 3167 3559 vero
3205 3505 3371 3576 802
3408 3517 3467 3561 et

1878 3597 2241 3652 certissimum
2267 3596 2590 3667 periculum,
2624 3596 2670 3651 si
2706 3595 2761 3649 in
2792 3577 2960 3666 ipsius
2989 3594 3339 3651 offensionem
3374 3598 3462 3652 in.

1879 3697 2198 3755 currerent;
2262 3688 2330 3743 ab
2377 3702 2442 3743 eo
2469 3688 2633 3742 etiam
2678 3686 2936 3756 disjungi,
2985 3688 3121 3742 nihil
3168 3688 3312 3742 aliud
3342 3704 3463 3745 esse

1871 3779 2221 3849 judicabant,
2255 3794 2416 3850 quam
2451 3794 2482 3833 a
2525 3779 2636 3834 Deo
2677 3778 2971 3834 abalienari
3004 3797 3018 3833 :
3048 3779 3127 3834 sic
3159 3779 3298 3833 ultro
3339 3793 3462 3835 ces-

1882 3880 2101 3938 serunt,
2140 3886 2206 3926 ac
2252 3886 2444 3926 manus
2497 3870 2793 3937 dederunt,
2827 3878 2883 3925 et
2915 3870 3070 3939 quasi
3122 3871 3189 3925 ad
3237 3871 3459 3925 tonitrui

1884 3980 2075 4020 sonum
2106 3978 2228 4019 sese
2257 3964 2621 4019 submiserunt
2641 4003 2657 4030 ,
2697 3961 2835 4017 alius
2877 3962 3042 4017 alium
3070 3963 3136 4017 ad
3165 3964 3262 4033 ipsi
3298 3964 3457 4019 satis-

1884 4055 2189 4113 faciendum
2235 4063 2651 4117 antevertentes,
2692 4064 3114 4124 cenceptamque
3161 4055 3310 4123 prius
3359 4055 3458 4108 ad-

1884 4165 2071 4206 versus
2097 4151 2270 4219 ipsum
2302 4148 2412 4203 odii
2447 4148 2577 4213 vim,
2620 4148 2672 4201 in
2704 4161 2810 4200 non
2842 4146 3105 4200 minorem
3130 4145 3458 4213 benevolen_

181 4247 277 4312 liae
332 4247 440 4300 vim
468 4286 483 4311 ,
538 4262 602 4302 ac
634 4248 845 4303 virtutis
893 4251 1283 4306 incrementum
1318 4250 1500 4324 (quam
1549 4252 1764 4322 quidem
1808 4262 1970 4302 unam
2004 4244 2367 4298 firmissimam
2436 4241 2537 4311 ipsi
2571 4237 2939 4296 satisfaciendi
3006 4238 3268 4293 rationem
3298 4239 3456 4293 inve—

179 4338 431 4406 niebant)
474 4347 901 4407 commutantes;
944 4351 1299 4412 praeterquam
1367 4343 1410 4399 si
1481 4344 1602 4413 quis
1667 4342 1736 4397 ob
1791 4339 2122 4407 deploratam
2177 4335 2570 4405 improbitatem
2617 4330 2890 4401 neglectus
2927 4343 2992 4383 ac
3039 4331 3307 4400 projectus
3351 4340 3456 4396 est,

180 4445 247 4488 ut
270 4435 386 4503 ipse
413 4433 468 4487 in
508 4433 692 4499 seipse
725 4441 1095 4491 contereretur
1150 4440 1315 4502 atque
1363 4443 1797 4496 consumeretur,
1838 4445 1944 4484 non
2008 4440 2166 4483 secus
2228 4439 2295 4480 ac
2355 4422 2546 4491 rubigo
2575 4419 2734 4477 simul
2767 4433 2888 4473 cum
2912 4418 3055 4473 lerro
3089 4419 3334 4474 consumi
3363 4435 3457 4473 so-

183 4529 285 4583 let.

257 4627 397 4682 MA'.
437 4623 590 4678 Ἐπεὶ
618 4624 676 4677 δὲ
703 4622 772 4678 τὰ
799 4624 935 4678 οἴκοι
966 4640 1106 4679 κατα
1133 4620 1258 4676 νοῦν
1290 4616 1435 4691 εἶχεν
1467 4617 1636 4689 αὐτῷ,
1674 4616 1770 4670 καὶ

1944 4610 2081 4666 XLI.
2122 4609 2413 4679 Postquam
2464 4617 2643 4665 autem
2680 4622 2771 4666 res
2815 4610 2984 4680 ipsius
3031 4611 3341 4668 domestica:
3385 4625 3454 4668 ex

178 4715 265 4781 ὡς
291 4717 394 4768 οὐκ
420 4716 484 4770 ἄν
506 4733 589 4778 τις
614 4714 768 4785 ᾠήθη
802 4715 908 4767 τῶν
944 4714 1187 4767 ἀπίστων
1220 4713 1474 4766 κάκεῖνον
1507 4706 1773 4779 ἠγνοηκό-

258 4986 371 5057 (54)
394 4984 597 5057 ,Ὁρῶν
636 4984 766 5055 γάρ,
806 4995 909 5041 etc.
944 4986 1157 5041 Nicetas
1188 5002 1252 5040 ex
1291 4987 1646 5041 Demosthene
1673 5002 1761 5041 re.-

184 5056 312 5121 fert,
355 5056 641 5124 plerosque
678 5057 729 5109 in
761 5058 1171 5111 mansuetudine
1208 5056 1424 5125 quidem
1457 5057 1684 5110 humiles
1711 5068 1764 5111 et

181 5129 447 5194 abiectos,
480 5126 533 5197 in
555 5126 821 5197 gravitate
854 5137 1033 5180 autem
1064 5135 1382 5197 arrogantes
1410 5135 1465 5180 et
1489 5137 1764 5180 contuma-

181 5214 275 5251 ces
306 5195 515 5250 haberi.
560 5196 707 5250 llanc
752 5196 1126 5251 Demosthenis
1154 5195 1477 5252 séntentiam
1508 5197 1560 5250 in
1592 5197 1760 5250 inter-

181 5267 489 5335 pretatione
544 5280 644 5319 sua
691 5268 1031 5335 amplectitur
1067 5267 1272 5321 Billius.
1321 5265 1542 5319 Fatetur
1583 5276 1756 5320 tamen

180 5336 431 5405 Gregorii
471 5338 630 5388 verba
664 5351 770 5389 non
814 5337 1152 5391 incommode
1180 5352 1337 5405 posse
1362 5337 1639 5391 transitive
1669 5351 1758 5391 ac-

178 5408 313 5475 cipi.
337 5405 601 5459 Adilimtts
619 5416 671 5458 et
695 5407 1002 5475 accipienda
1038 5422 1179 5460 esse.

255 5475 369 5546 (35)
417 5474 903 5546 ’Azavaadtdfor.
939 5475 1125 5530 Plures
1153 5477 1320 5544 Regg.
1345 5491 1409 5531 ac
1433 5474 1606 5542 Colb.,
1634 5474 1764 5528 αὐθ-

178 5543 429 5609 αδιὰζον.
464 5544 627 5614 Ιὶρεε.
666 5547 752 5599 bm
787 5556 838 5600 et
864 5545 1038 5611 Pass.,
1066 5546 1371 5609 αὑθαδίζον.

254 5615 371 5686 (56)
405 5615 760 5683 Δυναστείᾳ.
809 5615 944 5687 Reg.
984 5619 1076 5688 ph,
1103 5616 1197 5674 Or.
1223 5618 1261 5670 *ὲ
1306 5626 1356 5672 et
1390 5617 1565 5680 I’ass.,
1602 5616 1763 5670 5m-

1861 5544 2073 5609 Cottth.,
2108 5547 2157 5597 εί

1885 4704 2050 4759 animi
2085 4703 2350 4759 sententia
2377 4702 2681 4758 constituta:
2728 4712 2874 4770 sunt,
2915 4712 2971 4760 et
3003 4705 3452 4774 quemadmodum

1866 4986 2097 5049 στείαις.

1935 5048 2065 5125 (57)
2087 5055 2157 5109 Τὸ
2183 5052 2270 5106 δέ.
2321 5051 2412 5107 Sic
2452 5052 2620 5123 Regg.
2653 5067 2705 5118 a,
2734 5054 2850 5117 bm,
2875 5052 2967 5120 ph,
2999 5048 3093 5104 Or.
3119 5050 3173 5116 :2,
3205 5059 3307 5101 etc.
3347 5048 3447 5102 De-

1861 5138 1942 5182 est
1964 5126 2021 5179 δέ
2050 5127 2101 5178 in
2135 5126 2223 5179 ed.

1935 5196 2048 5263 ('58)
2084 5191 2369 5259 'Eavtoi'q.
2399 5193 2531 5245 Tres
2559 5192 2750 5263 Regg.,
2778 5191 2988 5253 αὐτοῖς.

1932 5259 2045 5336 (59)
2100 5263 2534 5336 Ὑπεχώρησαν.
2566 5259 2756 5336 Cojttb.
2790 5262 2937 5336 addit
2963 5259 3162 5336 καλῶς.

1936 5329 2049 5405 (40)
2077 5333 2190 5388 Καὶ
2230 5329 2599 5405 ἦττήθησαν.
2640 5330 2763 5405 Ilaec
2791 5333 2976 5405 desunt
3009 5346 3056 5381 In
3093 5329 3222 5398 ιιι-ε.
3259 5344 3308 5381 c.

1936 5399 2048 5471 (41)
2074 5405 2398 5471 Ηῦρισκον.
2439 5404 2604 5470 licgg,
2630 5418 2679 5466 c,
2716 5401 2768 5465 d,
2803 5402 2893 5469 pit,
2919 5399 3192 5471 εύρισκον.

1935 5466 2045 5546 (42)
2083 5466 2259 5546 Πνὶἲιν
2311 5474 2368 5526 εἴ
2410 5466 2733 5540 τιςῘΒοες.
2767 5466 2817 5535 c,
2851 5472 2904 5533 d,
2937 5466 3155 5540 Chrys.,
3191 5470 3283 5522 Or.
3316 5466 3352 5525 9..
3389 5473 3447 5523 et

2190 5545 2263 5614 μή
2292 5562 2396 5607 τις.

1938 5615 2050 5687 (45)
2089 5609 2446 5684 Πιιρεῥρίφη.
2477 5615 2609 5687 Reg.
2635 5630 2684 5679 c,
2716 5609 3015 5682 ἀπερρίφη.
