3902 6218
438 250 542 310 ἒιὸι

1682 246 1739 301 5.
1781 243 2109 303 GREGORII
2150 243 2496 301 TIIEOLOGI

3602 244 3741 301 552

438 380 601 422 nemo
626 367 729 421 tide
755 378 970 430 carens,
997 362 1323 431 virtutisque
1348 360 1492 415 illius
1517 360 1757 431 ignarus,
1784 374 2020 429 unquam

2135 376 2254 423 των,
2285 361 2529 430 περινοεῖ
2558 376 2611 412 τι
2647 356 2760 429 (44)
2793 360 2861 429 τῇ
2902 356 3117 429 διανοίᾳ
3155 355 3344 428 μεῖζον
3375 358 3472 410 καὶ
3505 357 3738 429 ὑψηλό-

439 460 739 514 arbitralus
774 465 937 522 esset,
969 455 1148 525 majus
1192 455 1467 524 quidpiam
1496 462 1550 507 et
1596 452 1878 506 sublimius
1905 452 2023 506 ani-

439 568 531 607 mo
559 553 766 621 agitare
799 550 1007 619 incipit.
1037 547 1169 602 Nam
1211 563 1333 601 cum
1364 546 1453 599 alii
1480 560 1672 599 omnes
1698 544 1750 596 id
1784 552 2021 597 tantum-

440 644 622 708 modo,
668 643 811 713 quod
857 650 983 695 ante
1006 641 1170 711 pedes
1195 653 1315 702 εει,
1349 637 1602 702 videant,
1629 649 1832 705 suaque
1880 645 1934 689 ut
1966 634 2020 688 in

438 742 561 788 tuto
589 735 730 799 sint,
782 735 1029 788 laborent
1066 730 1132 803 (si
1166 740 1350 785 tamen
1400 729 1452 783 id
1501 729 1635 783 satis
1687 737 1858 781 tutum
1902 740 2023 781 esse

441 824 678 895 potest),
706 840 804 879 nec
838 824 1065 879 ulterius
1099 823 1538 892 progrediantur,
1578 834 1679 874 nec
1716 818 1895 889 magni
1924 818 2025 872 ali-

440 916 571 985 quid
605 924 660 971 et
695 915 941 980 strenui,
972 914 1057 968 vel
1085 913 1413 983 cogitatione
1455 909 1761 980 complecti,
1796 908 1878 962 vel
1911 906 2023 963 elli-

441 1024 566 1073 cere
601 1017 829 1078 queant;
858 1008 972 1077 ipse
999 1015 1185 1062 contra
1215 1044 1230 1068 ,
1267 1004 1479 1058 tametsi
1520 1000 1733 1056 caeteris
1769 1000 1822 1054 in
1855 1000 2020 1055 rebus

437 1102 750 1155 moderatus
770 1108 935 1164 esset,
960 1099 1013 1153 in
1044 1097 1129 1151 his
1156 1107 1334 1149 tamen
1359 1094 1573 1148 modum
1605 1092 2021 1160 haudquaquam

439 1201 622 1259 tenet;
659 1207 843 1246 verum
891 1191 1105 1245 sublato
1161 1189 1214 1241 in
1262 1187 1429 1241 altum
1464 1184 1676 1253 capite,
1714 1184 2018 1252 mentisque

438 1284 614 1339 oculis
645 1296 1080 1352 quoquoversum
1111 1279 1353 1349 jactatis,
1386 1291 1577 1330 omnes
1609 1289 1703 1328 eas
1728 1273 1875 1328 orbis
1900 1289 2024 1342 par-

440 1388 545 1438 tes,
579 1391 715 1445 quas
757 1373 1035 1430 salutifera
1067 1371 1266 1427 Christi
1301 1371 1543 1424 doctrina
1576 1376 1864 1438 pervagata
1901 1376 2020 1432 est,

439 1465 874 1535 comprehcndit.
909 1463 1047 1517 Cum
1097 1473 1277 1515 autem
1317 1460 1548 1525 videret,
1590 1474 1838 1529 magnam
1876 1457 2022 1511 illam

440 1557 537 1612 Dei
570 1556 964 1621 haereditatem,
1008 1554 1289 1624 ipsiusque
1322 1551 1563 1605 doctrina
1589 1560 1645 1604 et
1685 1550 1913 1618 legibus,
1942 1558 2025 1602 at-

440 1664 547 1718 que
580 1648 913 1705 cruciatibus
944 1647 1271 1716 acquisitam
1291 1684 1307 1710 ,
1330 1652 1544 1714 gentem
1578 1643 1723 1697 illam
1755 1652 2019 1711 sanctam,

2121 470 2298 524 τερον.
2338 450 2460 505 Τῶν
2504 451 2614 523 γὰρ
2660 451 2837 505 ἄλλων
2875 450 3133 505 ἀπάντων
3172 450 3233 503 τὸ
3274 451 3331 503 ἐν
3370 450 3501 504 ποσὶ
3554 451 3745 522 μόνον

2120 542 2393 614 ὁρώντων,
2419 544 2514 597 καὶ
2536 542 2597 594 τὸ
2623 541 2744 595 κατ’
2768 542 2969 607 αὐτοὺς
2999 542 3111 610 (65')
3136 542 3284 604 ὅπως
3312 541 3578 609 ἀσφαλῶς
3603 542 3743 608 ἕξει

2121 631 2508 704 λογιζομένων,
2544 633 2703 705 εἴπερ
2733 630 2894 686 τοῦτο
2922 632 3193 700 ἀσφαλὲς,
3226 633 3537 704 περαιτέρω
3570 632 3617 684 δ’
3658 631 3741 685 οὐ

2123 725 2442 796 προϊόντων,
2472 726 2596 779 οὐδέ
2639 742 2691 779 τι
2728 725 2873 794 μέγα
2901 725 2996 779 καὶ
3025 724 3304 789 νεανικὸν,
3348 724 3382 796 ἢ
3431 724 3740 794 ἐννοῆσαι,

2122 816 2156 888 ἢ
2190 817 2647 889 καταπράξασθαι
2678 817 2992 888 δυναμένων
3016 834 3029 847 ·
3073 816 3250 869 καίτοι
3277 816 3448 870 τᾶλλα
3490 816 3746 888 μέτριος

2122 907 2219 973 ὢν,
2251 910 2309 962 ἐν
2335 909 2547 973 τούτοις
2574 910 2633 962 οὐ
2669 908 2951 980 μετριάζει
2972 925 2986 939 ο
3019 907 3134 962 ἀλλ’
3168 908 3305 977 ὑψοῦ
3337 908 3437 979 τὴν
3472 908 3746 980 κεφαλὴν

2121 1001 2335 1065 διάρας,
2378 1002 2473 1055 καὶ
2506 1000 2692 1071 κύκλῳ
2718 1001 2781 1054 τὸ
2803 1001 2905 1070 τῆς
2937 1000 3119 1071 ψυχῆς
3148 1000 3303 1071 ὄμμα
3333 1000 3742 1073 περιαγαγὼν,

2124 1091 2304 1143 πᾶσαν
2338 1088 2471 1142 εἴσω
2506 1092 2743 1143 ποιεῖται
2784 1089 2886 1160 τὴν
2920 1090 3269 1163 οἰκουμένην,
3299 1091 3431 1163 ὅσην
3474 1093 3504 1144 ὁ
3540 1093 3749 1163 σωτή-

2128 1198 2241 1250 ριος
2266 1179 2423 1250 λόγος
2448 1181 2781 1254 ἐπέδραμεν.
2824 1180 2997 1254 Ὀρῶν
3027 1182 3086 1236 δέ
3119 1182 3211 1236 τὸν
3244 1182 3421 1254 μέγαν
3450 1182 3545 1236 τοῦ
3580 1182 3743 1236 Θεοῦ

2123 1272 2345 1344 κλῆρον,
2389 1274 2485 1326 καὶ
2513 1276 2627 1335 τοῖς
2660 1272 2826 1327 αὑτοῦ
2866 1272 3078 1342 λόγοις,
3105 1273 3202 1327 καὶ
3240 1273 3447 1345 νόμοις,
3476 1276 3575 1329 καὶ
3610 1277 3743 1330 πά-

2125 1362 2243 1416 θεσι
2272 1362 2716 1434 περιποιηθέντα,
2749 1362 2811 1414 τὸ
2849 1360 3005 1429 ἅγιον
3040 1361 3219 1429 ἔθνος,
3251 1362 3314 1416 τὸ
3340 1361 3614 1432 βασίλειον
3640 1364 3743 1416 ἱε-

2127 1456 2395 1526 ράτευμα,
2433 1453 2622 1517 κακῶς
2666 1453 3045 1524 διακείμενον,
3090 1454 3173 1518 εἷς
3218 1471 3278 1507 τε
3324 1454 3524 1526 μυρίας
3560 1454 3745 1520 δόξας

2125 1549 2223 1601 καὶ
2252 1546 2461 1610 πλάνας
2486 1546 2886 1618 διεσπασμένον
2915 1545 3027 1618 (46)
3054 1563 3068 1577 ⁸
3098 1547 3195 1600 καὶ
3222 1547 3323 1618 τὴν
3354 1547 3414 1611 ἐξ
3438 1545 3743 1614 Αἰγύπτου

2130 1639 2484 1711 μετηρμένην
2511 1640 2606 1693 καὶ
2642 1639 3201 1711 μεταπεφυτευμένην
3228 1639 3493 1710 ἀμπελον,
3523 1641 3591 1693 ἐκ
3622 1640 3743 1709 τῆς

438 1742 649 1811 regium
684 1740 813 1795 illud
841 1739 1200 1795 sacerdotiqu
1231 1737 1295 1801 “,
1327 1738 1465 1791 male
1504 1750 1561 1790 se
1591 1736 1828 1797 habere,
1858 1728 2021 1805 atque

2135 1730 2291 1785 ἀθέου
2332 1731 2429 1784 καὶ
2470 1732 2754 1802 σκοτεινῇ
2784 1731 3009 1801 ἀγνοίας
3044 1732 3126 1795 εἰς
3167 1730 3367 1795 κάλλος
3394 1749 3455 1817 τε
3486 1735 3586 1785 καὶ
3626 1733 3746 1803 μὲ-

439 1834 495 1888 in
528 1840 809 1886 sexcentas
840 1830 1121 1899 opiniones
1149 1839 1202 1882 et
1238 1842 1454 1882 errores
1486 1828 1804 1881 distractum
1836 1841 1957 1882 esse
1993 1845 2008 1882 :

439 1932 602 1991 atque
633 1921 841 1974 vincam
882 1920 1026 1973 illam
1046 1957 1061 1983 ,
1113 1933 1234 1987 quae
1278 1933 1345 1971 ex
1373 1917 1641 1989 Egypto,
1686 1917 1788 1971 hoc
1818 1927 1923 1984 est,
1954 1932 2023 1972 ex

440 2012 604 2081 impia
658 2021 713 2066 et
754 2012 1047 2079 caliginosa
1081 2010 1409 2080 ignorantia,
1442 2010 1709 2063 translata
1746 2018 1801 2062 et
1840 2018 2022 2062 trans-

438 2107 678 2176 plantata
698 2104 877 2159 fuerat
900 2105 967 2169 ”,
989 2117 1213 2172 qumque
1227 2103 1292 2155 ad
1312 2112 1417 2156 tam
1437 2102 1754 2156 iunnensam
1782 2099 2022 2169 pulchri-

2126 1823 2288 1894 γεθος
2325 1823 2554 1894 ἄπειρον
2592 1822 2986 1895 προελθοῦσαν,
3020 1822 3097 1888 ὡς
3136 1824 3374 1896 καλύψαι
3406 1827 3591 1881 πᾶσαν
3623 1825 3746 1899 τὴν

2126 1917 2253 1988 γῆν,
2294 1917 2389 1969 καὶ
2438 1916 2580 1988 ὀρῶν
2622 1916 2716 1969 καὶ
2756 1916 2965 1988 κέδρων
3019 1916 3536 1989 ὑπερεκτείνεσθαι·
3584 1918 3742 1972 ταύ-

2125 2024 2226 2079 την
2271 2008 2383 2079 (47)
2430 2008 2657 2080 πονηρῷ
2694 2009 2790 2063 καὶ
2823 2008 3001 2081 ἀγρίῳ
3031 2009 3139 2073 συῒ,
3168 2011 3248 2082 τῷ
3279 2012 3532 2085 διαϐόλῳ,
3568 2012 3740 2067 λελυ-

2130 2100 2419 2172 μασμένην
2439 2117 2453 2130 '
2478 2102 2579 2155 οὐκ
2600 2100 2873 2173 αὔταρκες
2897 2101 3271 2174 ὑπολαμϐάνει
3296 2103 3515 2177 θρηνεῖν
3541 2105 3735 2177 ἡσυχῆ

442 2199 684 2253 tudinem
736 2205 793 2250 et
846 2195 1273 2265 magnitudinem
1322 2202 1680 2262 pervenerat,
1713 2202 1771 2245 ut
1823 2201 2021 2246 terram

2135 2190 2192 2243 τὸ
2242 2191 2435 2258 πάθος,
2480 2192 2576 2246 καὶ
2633 2192 2770 2264 πρὸς
2824 2192 2958 2246 Θεὸν
3009 2192 3171 2264 μόνον
3221 2193 3399 2265 αἴρειν
3456 2192 3571 2265 (48)
3625 2194 3736 2257 τὰς

439 2290 748 2343 universam
790 2288 1055 2357 operiret,
1081 2299 1147 2337 ac
1176 2299 1339 2353 supra
1377 2293 1588 2337 montes
1619 2293 1673 2336 et
1704 2282 1898 2336 cedrus
1929 2297 2021 2337 as-

2135 2288 2343 2356 χεῖρας,
2367 2284 2463 2337 καὶ
2495 2284 2627 2355 παρ’
2657 2285 2871 2337 ἐκείνου
2894 2283 3006 2338 τῶν
3034 2285 3375 2357 κατεχόντων
3407 2286 3598 2340 κακῶν
3628 2285 3732 2338 λύο

439 2387 725 2447 surgeret;
764 2376 925 2442 hanc,
952 2374 1197 2442 inquam,
1227 2388 1256 2425 a
1285 2386 1453 2441 pravo
1483 2380 1537 2426 et
1568 2376 1767 2441 agresti
1791 2387 1944 2441 apro,
1971 2371 2021 2427 id

2135 2392 2217 2430 σιν
2251 2377 2455 2448 ζητεῖν,
2482 2376 2645 2441 αὐτὸς
2675 2377 2735 2429 δέ
2763 2376 3047 2432 καθεύδειν
3065 2393 3080 2407 ⁸
3109 2378 3249 2432 ἀλλά
3272 2396 3325 2432 τι
3351 2379 3447 2433 καὶ
3477 2377 3729 2450 βοηθεῖν,

439 2478 548 2534 est,
612 2483 642 2522 a
693 2466 931 2530 diabolo,
983 2464 1365 2519 labefactatam
1418 2473 1472 2517 et
1528 2472 1894 2532 pervastatam
1941 2463 2021 2530 “;

2135 2465 2227 2519 καὶ
2257 2466 2388 2538 παρ’
2422 2464 2614 2519 ἑαυτοῦ
2650 2466 3026 2539 συνεισφέρειν
3060 2468 3198 2541 ῷετο
3228 2469 3361 2525 δεῖν.

440 2566 859 2634 haudquaquam
907 2563 1040 2616 satis
1104 2574 1226 2615 esse
1260 2559 1560 2628 judicavit,
1632 2561 1675 2613 si
1740 2558 1882 2615 hanc
1920 2560 2284 2616 calamitatem
2337 2566 2498 2617 tacite
2542 2562 2887 2633 deploraret,
2924 2578 3224 2634 manusque
3264 2564 3332 2618 ad
3376 2564 3543 2620 Deum
3576 2566 3733 2620 dun-

441 2668 592 2715 taxat
622 2658 877 2724 tolleret,
906 2657 975 2712 ab
1015 2652 1209 2725 eoque,
1238 2665 1296 2709 ut
1323 2656 1581 2727 urgentia
1620 2655 1762 2710 mala
1796 2655 2108 2725 depelleret,
2172 2658 2421 2727 precibus
2488 2659 2863 2725 contenderet,
2935 2659 3051 2728 ipse
3093 2675 3224 2714 vero
3256 2660 3466 2715 interea
3517 2661 3735 2717 dormi-

438 2764 558 2819 ret;
588 2768 775 2806 verum
810 2751 1119 2805 faciendum
1152 2749 1255 2804 sibi
1281 2764 1500 2820 quoque
1524 2750 1753 2818 putavit,
1782 2759 1844 2804 ut
1866 2764 2024 2819 opem
2064 2755 2352 2821 quamdam
2380 2750 2617 2819 aﬂerret,
2646 2768 2711 2808 ac
2739 2754 2808 2809 de
2841 2769 2940 2809 suo
2967 2752 3169 2824 aliquid
3197 2763 3475 2824 erogaret.

507 2845 671 2904 XLII.
713 2847 851 2913 Quid
906 2846 1051 2899 enim
1107 2845 1209 2900 hac
1269 2845 1579 2900 calamitate
1613 2845 1843 2911 tristius,
1898 2861 2020 2900 cum

2194 2849 2329 2902 MB'.
2365 2850 2432 2903 Τί
2467 2849 2579 2922 γὰρ
2619 2845 2761 2905 εἶναι
2791 2852 2891 2924 τῆς
2924 2854 3212 2924 συμφορᾶς
3246 2852 3455 2923 ταύτης
3498 2851 3737 2924 ἀνιαρό-

442 2941 614 2999 satius
646 2946 810 3004 esset,
843 2946 903 2991 ut
935 2937 981 2991 is
1002 2976 1016 3001 ,
1050 2938 1141 3006 qui
1188 2952 1403 2991 sursum
1440 2944 1673 3007 spectat,
1697 2937 1863 3008 803
1897 2952 2027 3006 ope-

440 3049 557 3089 ram
593 3033 643 3086 in
683 3046 794 3085 rem
840 3030 1110 3099 publicam
1164 3029 1475 3084 conferret?
1521 3027 1642 3084 Uno
1690 3031 1887 3084 etenim
1921 3030 2025 3085 bo-

443 3127 588 3179 mine
627 3135 776 3179 recte
815 3134 909 3176 aut
958 3123 1099 3177 male
1134 3137 1192 3177 se
1225 3132 1471 3188 gerente,
1504 3123 1638 3176 nihil
1689 3123 1815 3179 hinc
1849 3124 2029 3192 reipu-

438 3218 594 3274 blicae
622 3215 901 3289 portendi;
953 3224 1011 3269 at
1036 3214 1311 3283 republica
1356 3214 1460 3269 hoc
1502 3224 1594 3269 aut
1637 3215 1728 3269 illo
1757 3218 1919 3271 modo
1964 3231 2025 3272 se

442 3312 705 3376 habente,
738 3305 981 3376 singulos
1012 3306 1176 3358 etiam
1219 3305 1408 3359 eodem
1453 3307 1613 3359 modo
1637 3305 1777 3361 afﬁci
1808 3322 2028 3363 necesse

440 3417 583 3457 esse.
620 3400 743 3454 Il;ec
779 3400 944 3467 igitur
991 3398 1081 3451 ille
1134 3396 1337 3465 publici
1376 3398 1645 3451 commodi
1705 3411 2027 3468 procurator

440 3505 499 3548 et
559 3494 787 3547 antistes
843 3506 1027 3545 secum
1103 3499 1363 3558 reputans
1442 3498 1606 3559 atque
1686 3493 2028 3558 perpendens

442 3584 902 3659 (quandoquidem
945 3583 1087 3635 tinea
1120 3581 1322 3635 ossium
1368 3587 1453 3634 est
1498 3596 1595 3635 cor
1620 3595 1781 3635 sensu
1831 3583 2027 3651 praedl-

442 3688 581 3741 tum,
616 3687 676 3732 ut
701 3675 976 3730 Salomoni
1010 3674 1052 3705 "
1083 3685 1138 3728 et
1163 3674 1378 3728 veritati
1414 3672 1626 3742 placet;
1661 3683 1827 3744 atque
1859 3682 1917 3727 ut
1939 3675 2025 3728 in-

442 3769 679 3826 dolentia
714 3768 834 3822 lzeta
873 3776 957 3821 est
986 3777 1043 3819 et
1068 3765 1281 3831 hilaris,
1313 3766 1387 3819 ita
1419 3766 1825 3820 commiseratio
1855 3766 2027 3823 tristis

441 3861 727 3925 etacerba,
754 3868 1050 3929 pectusque
1069 3857 1286 3913 conticit
1309 3858 1560 3911 diuturna
1586 3857 1865 3928 cogitatio)
1895 3875 1909 3924 ;
1941 3859 2014 3913 id-

443 3955 592 4008 circo
629 3950 929 4015 tiimrebat,
961 3949 1286 4018 angebatur,
1325 3948 1845 4013 convulnerabatur,
1884 3948 2024 4003 idem

444 4046 569 4115 ipsi,
596 4045 740 4114 quod
765 4041 1004 4106 Jonas“,
1044 4040 1185 4110 quod
1225 4040 1434 4105 Davidi,
1478 4055 1575 4094 usu
1604 4040 1876 4106 veniebat,
1906 4045 2027 4096 ani-

442 4154 593 4194 mum
620 4133 1012 4204 despondebat,
1041 4147 1162 4197 nec,
1184 4141 1279 4185 aut
1296 4146 1545 4184 somnum
1568 4129 1763 4193 oculis,
1785 4140 1881 4185 aut
1902 4131 2026 4185 dor-

444 4228 785 4283 mitationem
814 4222 1086 4295 palpebris
1124 4221 1455 4277 concedebat
1484 4222 1525 4255 ¹⁹
1556 4239 1570 4275 :
1615 4221 1877 4291 quidquid
1901 4238 2023 4276 car-
2060 4210 2102 4263 Ι)

444 4323 591 4377 nium
634 4326 935 4390 supererat,
963 4317 1108 4372 curis
1138 4315 1476 4379 absumebat,
1501 4314 1678 4384 quoad
1724 4315 1848 4369 huic
1875 4314 2017 4371 malo

444 4412 744 4467 remedium
781 4410 1108 4472 invenisset;
1141 4406 1379 4462 divinam
1418 4417 1473 4460 et
1500 4406 1794 4460 humanam
1820 4421 1976 4476 opem
2001 4447 2017 4470 ,

444 4520 564 4575 quae
591 4503 862 4574 publicum
907 4501 1214 4557 incendium
1247 4500 1651 4567 comprimeret,
1684 4496 2019 4570 oﬂ‘usamque

445 4595 603 4652 uobis
624 4593 912 4664 caliginem
952 4593 1274 4656 discuteret,
1310 4589 1654 4659 implorabat.

511 4687 695 4745 XLIII.
728 4688 905 4755 Atque
955 4685 1088 4738 illud
1122 4684 1341 4752 quidem
1390 4697 1555 4735 unum
1590 4681 1747 4738 valde
1781 4681 2019 4738 salutife-

443 4794 563 4835 rum
596 4777 889 4848 excogitat.
932 4774 1066 4829 Nam
1098 4788 1221 4829 cum
1280 4773 1541 4842 seipsum,
1589 4782 1847 4841 quantum
1903 4773 2019 4830 ﬁeri

2127 2957 2315 3012 τερον,
2351 2942 2494 3013 ὑπὲρ
2536 2942 2594 2997 δὲ
2632 2942 2729 2996 τοῦ
2771 2944 2954 2999 κοινοῦ
2994 2945 3195 3017 χρῆναι
3248 2946 3450 3016 μᾶλλον
3483 2945 3735 3001 σπουδά-

2129 3030 2243 3096 ζειν
2279 3032 2390 3104 (49)
2422 3032 2515 3087 τὸν
2549 3033 2663 3088 ἄνω
2700 3034 2995 3106 βλέποντα;
3040 3037 3191 3102 Ἐνὸς
3226 3038 3326 3108 μὲν
3376 3038 3487 3110 γὰρ
3515 3038 3633 3109 (50)
3663 3034 3732 3093 εὖ

2129 3123 2482 3195 πράττοντος,
2516 3127 2550 3196 ἢ
2582 3126 2797 3192 κακῶς,
2828 3129 2984 3183 οὐδὲν
3021 3129 3100 3201 τῷ
3136 3131 3302 3203 κοινῷ
3330 3131 3488 3186 τοῦτο
3526 3134 3735 3205 ἐπιση-

2132 3216 2347 3286 μαίνειν
2367 3233 2382 3248 ο
2409 3216 2505 3269 τοῦ
2531 3217 2713 3271 κοινοῦ
2742 3219 2799 3272 δέ
2828 3219 3005 3284 οὕτως
3036 3220 3070 3292 ἢ
3100 3222 3326 3285 ἐκείνως
3355 3222 3592 3294 ἔχοντος,
3626 3225 3735 3281 καὶ

2127 3305 2218 3357 τὸν
2244 3305 2365 3358 καθ’
2392 3305 2622 3359 ἕκαστον
2644 3307 2846 3379 ὁμοίως
2872 3307 3038 3379 ἔχειν,
3068 3310 3251 3363 πᾶσαν
3278 3305 3418 3363 εἶναι
3444 3310 3724 3384 ἀνάγκην.

2129 3395 2296 3448 Ταῦτ’
2340 3393 2433 3451 οὖν
2479 3396 2676 3453 ἐννοῶν
2719 3400 2815 3451 καὶ
2850 3398 3072 3452 σκοπῶν
3120 3400 3330 3463 ἐκεῖνος
3369 3400 3504 3471 (51),
3556 3402 3586 3454 ὁ
3622 3398 3732 3456 τοῦ

2129 3487 2307 3541 κοινοῦ
2348 3487 2603 3561 κηδεμὼν
2635 3490 2733 3544 καὶ
2774 3490 3088 3561 προστάτης
3122 3490 3354 3562 (ἐπειδὴ
3388 3492 3489 3562 σὴς
3515 3492 3733 3549 ὀστέων

2129 3580 2326 3652 καρδία
2354 3581 2668 3653 αἰσθητικὴ,
2702 3582 2779 3645 ὡς
2810 3581 3119 3654 Σολομῶντι
3153 3585 3249 3637 καὶ
3277 3587 3346 3656 τῇ
3373 3585 3601 3657 ἀληθείᾳ
3634 3585 3732 3641 δοε-

2128 3674 2247 3725 κεῖ·
2290 3672 2474 3727 καὶτὸ
2510 3673 2609 3744 μὲν
2645 3673 2972 3746 ἀνάλγητον,
3001 3674 3273 3747 εὔθυμον
3315 3677 3381 3731 τὸ
3403 3677 3459 3731 δὲ
3499 3695 3732 3749 συμπα-

2129 3762 2240 3826 θὲς,
2267 3763 2512 3836 λυπηρόν
2529 3781 2545 3795 ·
2570 3765 2666 3819 καὶ
2693 3765 2850 3838 τῆξις
2879 3767 3129 3838 καρδίας,
3146 3768 3386 3840 ἔμμονος
3412 3769 3726 3844 λογισμὸς),

2127 3856 2219 3910 διὰ
2279 3857 2438 3912 τοῦτο
2508 3860 2845 3929 ἐσφάδαζεν,
2922 3863 3142 3933 ἠνιᾶτο,
3214 3866 3726 3936 κατετιτρώσκετο,

2126 3951 2335 4022 ἔπασχε
2360 3952 2422 4005 τὸ
2458 3953 2631 4014 Ἰωνᾶ,
2659 3953 2721 4007 τὺ
2741 3955 2925 4021 Δαὸιδ,
2951 3955 3250 4025 ἀπελέγετο
3269 3957 3368 4029 τὴν
3388 3958 3588 4031 ψυχὴν,
3616 3960 3728 4016 οὐκ

2127 4044 2298 4097 ἐδίδου
2347 4043 2516 4099 ὕπνον
2556 4050 2670 4110 τοῖς
2715 4048 3046 4120 ὀφθαλμοῖς,
3079 4050 3203 4103 οὐδὲ
3245 4052 3556 4123 νυσταγμὸν
3604 4056 3728 4119 τοῖς

2131 4135 2455 4208 βλεφάροις·
2489 4139 2877 4210 προσεδαπάνα
2908 4141 2971 4195 τὺ
3002 4142 3322 4214 λειπόμενον
3352 4144 3461 4198 τῶν
3497 4146 3726 4218 σαρκῶν

2131 4228 2251 4289 ταῖς
2276 4228 2574 4298 φροντίσιν,
2608 4229 2712 4294 ἕως
2740 4229 2879 4305 εὕρῃ
2908 4232 3002 4285 τοῦ
3042 4233 3215 4287 κακοῦ
3251 4233 3403 4287 λύσιν
3422 4251 3437 4265 ·
3470 4236 3728 4308 ἐπιζητεῖ

2134 4316 2285 4370 θείαν
2321 4318 2594 4390 βοήθειαν,
2625 4320 2658 4391 ἢ
2706 4321 3052 4396 ἀνθρωπίνην
3084 4323 3219 4396 (5‘2),
3253 4326 3376 4395 ἥτις
3404 4326 3597 4396 στήσει
3626 4328 3725 4383 τὸν

2134 4412 2310 4462 κοινὸν
2338 4411 2687 4484 ἐμπρησμὸν,
2725 4416 2821 4468 καὶ
2852 4415 2952 4489 τὴν
2992 4417 3293 4489 ἐπέχουσαν
3341 4419 3490 4490 ἡμᾶς
3529 4421 3725 4474 σκοτό-

2135 4516 2349 4571 μαιναν.

2198 4685 2297 4738 ΜΓ
2298 4692 2331 4738 ’.
2374 4687 2470 4739 Ἕν
2512 4689 2610 4758 μὲν
2654 4684 2748 4743 οὖν
2790 4692 2969 4744 ἐκεῖνο
3010 4693 3219 4746 ἐπινοεῖ
3252 4693 3345 4746 καὶ
3381 4693 3502 4748 λίαν
3538 4699 3722 4769 σωτή-

2133 4792 2275 4845 ριονο
2310 4777 2645 4847 Συναγαγὼν
2694 4780 2920 4846 ἐαυτὸν,
2958 4781 3035 4844 ὡς
3075 4775 3186 4833 οἷόν
3218 4799 3278 4835 τε
3309 4778 3401 4853 ἦν,
3436 4785 3533 4837 καὶ
3580 4801 3718 4855 συγ-

515 4894 562 4927 ¹⁴
585 4894 603 4948 l
628 4891 775 4948 Petr.
809 4906 871 4953 ll,
901 4888 955 4944 9.
1033 4888 1077 4921 ¹⁸
1105 4887 1249 4943 Psal.
1279 4901 1445 4942 LXXI!
1496 4883 1550 4940 9.
1629 4884 1672 4915 “
1702 4885 1832 4939 ibid.
1859 4885 1947 4941 Η.

2135 4894 2261 4947 ’rov.
2300 4908 2409 4960 ιιν,
2435 4894 2524 4949 30.
2605 4895 2648 4926 ¹⁸
2678 4894 2801 4951 Jon.
2840 4910 2929 4961 tv,
2959 4895 3014 4951 9.
3083 4896 3126 4930 ”
3148 4896 3289 4952 Psal.
3314 4913 3473 4953 cum
3495 4939 3514 4966 ,
3551 4900 3611 4956 4.

515 5059 629 5128 (44)
673 5060 753 5111 Τι.
784 5054 840 5128 In
874 5054 1168 5128 nonnullis,
1192 5054 1292 5128 ἔτι.

668 5127 806 5182 Κατ’
843 5125 1085 5191 αὐτούς.
1118 5127 1208 5179 Sic
1250 5126 1427 5195 plures
1468 5121 1622 5177 codd.
1661 5121 1717 5175 In
1761 5121 1871 5188 ed.,
1900 5123 2020 5176 καθ’

446 5218 1143 5344 ιΞωῗῗέῗᾊιεσπασμένον.
1176 5264 1351 5344 Pass,
1383 5260 1795 5344 διεσπαρμένον.

517 5334 630 5412 (47)
674 5334 1007 5407 Ταύτην.’1ιι
1036 5340 1122 5392 ed.
1151 5338 1393 5405 sequitur
1422 5335 1499 5399 δέ,
1530 5336 1670 5401 quod
1697 5334 2017 5388 auctoritate

442 5413 600 5468 codd.
630 5412 945 5465 delevimns.

482 5482 625 5566 w(48)
664 5480 865 5566 ᾒξόνον
884 5478 1094 5546 αἴρειν.
1124 5474 1214 5531 Sic
1243 5475 1411 5545 Regg.
1436 5491 1487 5543 a,
1512 5475 1602 5530 bm
1626 5486 1681 5531 et
1705 5476 1793 5532 0h.
1828 5473 1881 5527 In
1903 5476 2013 5542 ed.,

442 5550 618 5621 αἴρειν
640 5550 819 5621 μόνον.

513 5620 623 5689 (49)
670 5621 730 5674 Ὑ
728 5619 836 5688 πὲρ
864 5618 931 5672 δὲ
952 5616 1058 5672 τοῦ
1089 5616 1292 5671 κοινοῦ
1315 5614 1801 5689 χρῆταιᾼμᾶᾼλον
1828 5629 2018 5689 (ἶπον-

443 5684 659 5752 adem.
693 5689 785 5747 Sic
799 5684 981 5762 'llcgg.
1008 5704 1061 5755 a,
1089 5691 1144 5758 d,
1169 5689 1274 5744 duo
1307 5686 1497 5751 Coisl.,
1524 5684 1620 5743 Or.
1646 5686 1702 5755 2,
1728 5697 1783 5743 et
1822 5686 2011 5743 Comb.

2123 5054 2181 5127 In
2209 5055 2295 5110 ed.
2324 5071 2338 5107 :
2368 5055 2509 5125 ὑπὲρ
2533 5054 2590 5107 δὲ
2619 5051 2714 5107 τοῦ
2739 5052 2938 5127 μᾶλλον
2963 5053 3163 5125 χρῆναι
3187 5053 3507 5118 σπουδάζειν
3525 5094 3542 5119 ,
3568 5059 3713 5127 quod

2123 5126 2219 5199 sic
2248 5129 2410 5179 vertit
2439 5127 2625 5199 Billius
2659 5141 2732 5199 :_¢
2761 5125 2868 5180 Aut
2911 5141 3007 5194 pro
3043 5141 3148 5193 qua
3179 5127 3391 5199 tandem
3426 5142 3487 5182 re
3540 5125 3714 5199 magis

2123 5196 2508 5249 elaborandum
2535 5196 2581 5250 ei
2605 5194 2697 5261 qui
2727 5211 2938 5249 sursum
2973 5195 3219 5261 spectat?
3261 5214 3281 5247 ι

2359 5265 2522 5344 ’β-νὸς
2553 5264 2672 5344 μὲν
2857 5264 3024 5343 G:Ibr_.
3056 5265 3439 5344 iltl_lIIl~&V6p6€n.

2205 5338 2315 5407 (51)
2369 5334 2627 5407 Ἐννοῶν
2678 5337 2776 5389 καὶ
2824 5334 3071 5390 σκοπῶν
3094 5334 3354 5407 ἐκεῖνος.
3404 5335 3493 5389 Sic
3530 5350 3712 5402 p.urcs

2133 5404 2306 5487 Rggg.
2340 5418 2411 5460 ‘et
2459 5406 2551 5460 υτ.
2588 5406 2643 5463 2.
2700 5407 2757 5460 lu
2802 5408 2911 5471 ed.,
2959 5405 3156 5460 ἐννοῶν
3200 5407 3423 5470 ἐκεῖνος,
3463 5407 3558 5458 καὶ
3586 5423 3713 5461 σκο-

2136 5494 2253 5528 πων
2260 5517 2274 5530 .

2206 5546 2316 5617 (52)
2356 5549 2431 5601 ’Ἡ
2451 5562 2852 5615 ανσρωπνην.
2909 5546 3042 5614 Reg.
3087 5548 3157 5602 hu
3196 5554 3254 5610 ct
3308 5545 3457 5613 Pan,
3487 5562 3587 5599 ουκ
3620 5561 3707 5601 αν-

2134 5618 2431 5689 θρωπίνην.
2459 5617 2514 5671 ln
2541 5618 2813 5674 nonnullis
2840 5617 2990 5673 deest
3011 5619 3065 5689 ἦ.
