3902 6218
237 244 353 301 553

1093 235 1351 306 ORATIO
1390 237 1576 306 XLI".
1617 276 1686 294 -ι-
1722 250 1792 306 IN
1828 238 2112 309 LAUDEM
2150 247 2397 310 BASILII
2435 255 2671 314 MAGNI.

3404 259 3503 323 554

235 356 466 421 κλείσας
492 352 571 429 τῷ
603 357 914 430 πνεύματι,
948 361 1047 415 καὶ
1075 361 1283 427 πάντας
1324 364 1424 435 μὲν
1455 364 1829 436 ἀνθρωπίνους

1932 377 2163 437 pcterat,
2219 368 2548 440 collegisset,
2601 380 2655 427 ct
2715 386 2837 427 cum
2877 373 3069 442 spiritu
3126 374 3504 446 conclusisset,

233 446 539 518 λογισμοὺς
578 449 832 519 κινήσας,
866 451 976 504 πᾶν
1017 450 1076 505 δὲ
1106 452 1217 506 τῶν
1248 454 1484 526 Γραφῶν
1522 456 1631 527 (55)
1667 456 1831 527 βάθος

230 539 670 611 ἀναλεξάμενος,
704 540 1045 613 λογογραφετ»
1070 543 1169 616 τὴν
1210 545 1517 613 εὐσέϐειαν,
1561 549 1651 601 καὶ
1681 549 1832 603 ἀντι-

233 629 420 695 θέτοις
460 631 662 696 πάλαις
704 633 799 686 καλ⁵
835 634 1039 705 μάχαις
1085 636 1148 689 τὺ
1196 637 1331 691 πολὺ
1385 638 1492 691 τῶν
1535 639 1830 710 αἱρετικῶν

232 722 608 795 ἀποκρούεται
635 724 836 795 θράσος
859 743 872 756 ·
906 729 1033 791 τοὺς
1064 728 1161 799 μὲν
1184 731 1281 783 καὶ
1306 732 1386 793 είς
1408 734 1598 801 χεῖρας
1627 734 1825 798 ἰόντας,

229 816 572 887 ἀγχεμάχοις
601 817 785 880 ὅπλοις
817 821 931 884 τοῖς
959 820 1068 873 ἀπὸ
1095 820 1348 892 γλώσσης
1378 827 1829 898 καταστρεφόμε-

230 924 324 971 νος
349 924 367 939 ο
405 910 534 973 τοὺς
564 909 622 962 δέ
660 910 976 983 πόρρωθεν,
1012 912 1222 982 βάλλων
1269 913 1568 987 τοξεύμασι
1613 921 1727 983 τοῖς
1760 922 1826 973 ἐκ

235 1003 470 1074 μέλανος
491 1047 505 1069 ,
539 1004 697 1059 οὐδὲν
727 1004 1054 1076 ἀτιμοτέρου
1094 1004 1207 1076 (54)
1243 1005 1354 1060 τῶν
1400 1009 1460 1059 ἐν
1501 1013 1621 1073 ταῖς
1660 1009 1827 1076 πλαξὶ

229 1096 609 1167 χαραγμάτων
628 1111 642 1126 ⁸
677 1095 800 1150 ούδέ
843 1096 926 1150 ἐνὶ
952 1097 1053 1167 τῆς
1104 1097 1365 1161 Ἰουδαίας
1405 1099 1548 1153 ἔθνει
1568 1141 1583 1169 ,
1612 1102 1707 1155 καὶ
1736 1120 1825 1174 μι-

230 1185 356 1258 κρῷ
383 1186 581 1256 τούτῳ,
612 1186 1035 1258 νομοθετοῦντος
1062 1187 1194 1260 περὶ
1228 1188 1551 1261 βρωμάτων,
1585 1192 1679 1245 καὶ
1710 1204 1825 1247 πω-

237 1278 452 1349 μάτων,
482 1279 579 1332 καὶ
621 1280 973 1351 προσκαίρων
1007 1280 1231 1341 θυσιῶν.
1264 1282 1358 1334 καὶ
1389 1283 1589 1351 σαρκὸς
1617 1284 1824 1356 καθαρ-

232 1370 403 1426 σίων·
440 1369 577 1423 ἀλλά
602 1371 767 1424 παντὶ
793 1369 907 1441 (55)
946 1371 1094 1439 γένει
1126 1372 1222 1425 καὶ
1251 1371 1408 1444 μέρει
1436 1373 1536 1445 τῆς
1567 1376 1821 1446 οἰκουμέ-

229 1478 354 1531 νης,
382 1463 511 1533 περὶ
537 1460 633 1515 τοῦ
671 1462 833 1531 λόγου
873 1461 972 1534 τῆς
1004 1461 1282 1535 ἀληθείας,
1315 1463 1376 1528 ἐξ
1416 1457 1477 1518 οὗ
1504 1467 1600 1518 καὶ
1628 1467 1689 1520 τὸ
1716 1466 1821 1519 σώ-

229 1545 426 1612 ζεσθαι
468 1549 835 1619 περιγίνεται.
879 1548 1144 1620 Δεύτερον
1179 1551 1238 1604 δὲ
1291 1549 1427 1623 (καὶ
1461 1552 1571 1626 γὰρ
1617 1554 1820 1625 ὁμοίως

227 1640 423 1703 ἀτελὲς
456 1640 651 1710 ἄλογος
683 1641 905 1714 πρᾶξις,
934 1642 1031 1695 καὶ
1074 1641 1233 1712 λόγος
1270 1642 1553 1717 ἄπρακτος
1572 1645 1615 1718 ),
1646 1664 1818 1717 προσ-

1931 469 2091 528 atque
2121 468 2176 513 et
2202 474 2393 515 omnes
2434 461 2702 518 humanos
2742 478 2937 522 sensus
2967 467 3276 533 excitasset,
3322 480 3376 525 et
3423 471 3504 525 al-

1934 550 2140 604 tissima
2183 563 2407 621 quaeque
2447 553 2740 623 Scripturae
2789 555 2903 611 loca
2938 558 3325 628 pervolvissct,
3357 563 3501 630 piam

1931 640 2231 696 doctrinam
2277 643 2473 699 litteris
2517 646 2798 716 consignat
2822 692 2837 715 ,
2872 649 3304 721 adversariisque
3332 651 3504 706 collu-

1927 732 2256 788 ctationibus
2288 742 2344 789 et
2387 737 2586 805 prmliis
2615 739 2882 807 ingentem
2924 740 3303 797 haereticorum
3335 743 3504 797 auda-

1927 823 2065 878 ciam
2094 824 2297 894 frangit
2336 840 2400 880 ac
2429 828 2744 896 propulsat;
2781 845 2874 885 eos
2900 833 3116 900 quidem
3143 874 3159 898 ,
3191 834 3280 901 qui
3311 850 3503 890 manus

1927 907 2172 965 conferre
2222 909 2339 966 ausi
2376 910 2628 979 fuerant,
2661 913 2829 970 armis
2860 915 3059 984 lingua:
3085 917 3330 972 cominus
3373 932 3505 972 con-

1926 1002 2192 1067 tundens;
2227 1016 2322 1059 eos
2360 1013 2562 1064 autem.
2593 1007 2681 1075 qui
2716 1007 2902 1075 procul
2933 1007 3000 1062 ab
3021 1023 3085 1063 eo
3112 1008 3282 1064 dissiti
3309 1019 3464 1063 erant
3484 1048 3502 1075 ,

1923 1093 2136 1164 sagittis
2160 1108 2225 1148 ex
2261 1104 2570 1151 atramento
2609 1096 2867 1152 confectis
2911 1097 3128 1163 feriens,
3163 1099 3328 1153 nihilo
3364 1100 3501 1154 infe-

1923 1185 2068 1240 riore
2118 1185 2185 1241 iis
2220 1184 2449 1252 litteris,
2498 1203 2619 1256 quae
2666 1189 2716 1242 in
2765 1190 2962 1244 tabulis
3008 1190 3289 1259 insculptas
3329 1199 3496 1247 sunt:

1922 1291 2023 1333 nec
2049 1278 2138 1333 uni
2172 1286 2381 1333 tantum
2416 1289 2470 1334 et
2503 1280 2713 1350 exiguae
2748 1280 3050 1337 Judaaorum
3086 1285 3285 1338 nationi
3320 1285 3386 1339 de
3417 1286 3500 1340 εἰσ·

1923 1370 2005 1425 bis
2048 1379 2103 1424 et
2149 1370 2481 1440 potionibus,
2528 1384 2586 1427 et
2625 1373 2847 1428 caducis
2879 1373 3181 1438 sacriﬁciis,
3211 1376 3500 1443 carnisque

1918 1457 2437 1528 purgationibus";
2492 1459 2586 1514 sed
2646 1462 2897 1517 omnibus
2948 1462 3291 1530 hominibus,
3336 1474 3499 1534 atque

1917 1547 2171 1604 onmibus
2197 1548 2347 1605 orbis
2390 1552 2673 1621 partibus,
2712 1553 2781 1608 de
2815 1556 3056 1609 veritatis
3111 1557 3356 1612 doctrina
3379 1599 3397 1624 ,
3429 1574 3498 1614 ex

1917 1652 2025 1708 qua
2078 1639 2224 1696 salus
2268 1651 2635 1712 comparatur,
2695 1644 2842 1714 leges
2898 1655 3186 1701 statuente.
3248 1646 3494 1715 Deinde,

226 1730 402 1783 ετίθει
430 1730 509 1802 τῷ
534 1731 677 1804 λόγῳ
701 1733 798 1786 καὶ
829 1733 929 1805 τὴν
956 1734 1024 1787 ἐκ
1051 1733 1146 1788 τοῦ
1181 1735 1444 1806 πράττειν
1470 1737 1812 1810 ἐπικουρίαν*

1926 1730 2169 1801 quoniam
2191 1746 2342 1804 aeque
2371 1731 2684 1804 imperfecta
2716 1749 2803 1790 res
2832 1745 2932 1798 est,
2959 1737 3103 1792 actio
3130 1753 3381 1796 sermone
3404 1741 3497 1794 de-

224 1826 345 1888 τοῖς
387 1824 486 1895 μὲν
515 1826 833 1898 ἐπιδημῶν,
878 1827 1017 1899 πρὸς
1051 1828 1110 1882 δέ
1138 1829 1270 1894 τοὺς
1301 1829 1620 1902 πρεσϐεύων
1640 1869 1655 1894 ,
1689 1830 1817 1895 τοὺς

223 1916 289 1970 δὲ
317 1917 498 1971 καλῶν
532 1917 667 1991 (56),
708 1917 1012 1987 νουθετῶν,
1043 1919 1304 1991 ἐλέγχων,
1335 1921 1626 1993 ἐπιτιμῶν,
1662 1922 1820 1977 ἀπει-

224 2006 371 2070 λῶν,
406 2007 677 2073 ὀνειδίζων
698 2049 712 2072 ,
748 2007 1113 2082 προπολεμῶν
1154 2010 1324 2065 ἐθνῶν
1345 2051 1360 2079 ,
1403 2010 1612 2067 πόλεων
1631 2054 1647 2078 ,
1708 2012 1819 2066 τῶν

225 2100 358 2155 καθ’
383 2101 635 2167 ἕκαστον,
665 2103 774 2155 πᾶν
797 2096 937 2167 εἶδος
962 2101 1195 2157 ἐπινοῶν
1224 2102 1522 2175 σωτηρίας,
1548 2106 1821 2176 πανταχό-

226 2190 329 2245 θεν
379 2191 609 2262 ίώμενος
629 2209 643 2223 ·
668 2195 699 2247 ὁ
725 2192 994 2264 Βεσελεὴλ
1023 2194 1252 2259 ἐκεῖνος,
1280 2196 1310 2248 ὁ
1349 2196 1452 2267 τῆς
1480 2194 1633 2260 θείας
1662 2196 1821 2268 ἀρχι-

223 2281 441 2335 τέκτων
478 2283 707 2354 σκηνῆς,
745 2285 894 2358 πάσῃ
940 2283 1077 2356 πρὸς
1105 2285 1167 2338 τὸ
1196 2284 1357 2355 ἔργον
1393 2283 1495 2357 ὕλῃ
1527 2287 1621 2339 καὶ
1653 2287 1819 2360 τέχνῃ

222 2370 549 2445 χρώμενος,
596 2374 694 2427 καὶ
729 2374 906 2429 πάντα
934 2374 1149 2431 πλέκων
1190 2377 1272 2441 είς
1309 2374 1543 2443 κάλλους
1568 2374 1689 2441 ἐνὸς
1721 2395 1818 2430 πε-

227 2467 480 2538 ριουσίαν
521 2469 616 2521 καὶ
643 2466 929 2539 ἁρμονίαν.

1916 1821 2126 1887 stituta,
2164 1831 2221 1877 et
2269 1837 2450 1878 sermo
2502 1823 2571 1878 ab
2603 1827 2818 1880 actione
2854 1837 3114 1893 remotus,
3155 1826 3358 1884 idcirco
3402 1845 3497 1885 ac-

1917 1910 2078 1970 tionis
2106 1913 2403 1971 subsidium
2433 1917 2670 1972 sermoui
2703 1916 3051 1988 adjungehat,
3080 1918 3214 1974 alios
3238 1921 3494 1977 nimirum

1915 2003 2122 2072 adiens,
2177 2004 2245 2058 ad
2292 2004 2428 2060 alios
2455 2004 2780 2075 legationem
2821 2008 3079 2074 mittens;
3128 2009 3265 2066 alios
3295 2025 3490 2067 accer-

1914 2109 2063 2160 sens,
2087 2095 2409 2159 admonens,
2438 2111 2692 2168 arguens,
2724 2098 3010 2169 increpans
3045 2102 3112 2167 ²¹,
3150 2103 3313 2158 minis
3347 2103 3496 2160 inse-

1914 2194 2089 2252 ctans,
2127 2185 2340 2255 probris
2362 2186 2659 2254 incessens,
2692 2203 2791 2259 pro
2819 2191 3087 2260 gentibus,
3120 2206 3218 2261 pro
3250 2194 3492 2259 urbibus,

1913 2291 2013 2347 pro
2033 2277 2261 2346 singulis
2302 2279 2467 2334 etiam
2499 2280 2810 2335 hominibus
2847 2292 3125 2338 certamen
3155 2286 3454 2355 suscipiens
3474 2323 3495 2354 ,

1912 2384 2073 2426 omne
2099 2370 2292 2427 salutis
2315 2386 2486 2442 genus
2507 2372 2843 2443 excogitans,
2885 2376 3241 2450 undecunque
3272 2383 3495 2438 medici-

1912 2477 2038 2519 nam
2071 2464 2259 2520 morbo
2294 2464 2588 2532 adhibens;
2630 2463 2869 2521 Beseleel
2910 2467 3032 2534 ille,
3065 2470 3153 2525 ille
3177 2510 3193 2536 ,
3239 2472 3482 2543 inquam,

226 2558 402 2612 divini
453 2558 749 2615 fabricator
796 2558 1125 2616 tabernaculi
1150 2559 1219 2628 ²¹,
1265 2559 1549 2615 materiam
1591 2572 1806 2615 omnem
1843 2565 1901 2614 et
1962 2565 2134 2612 artem
2175 2557 2246 2611 ad
2289 2556 2562 2625 opiﬁcium
2637 2560 3089 2625 accommodans,
3131 2562 3298 2635 804
3334 2577 3494 2635 atque

225 2650 417 2704 omnia
449 2660 744 2706 contexens
768 2689 783 2715 ,
817 2651 883 2705 ad
915 2649 1170 2706 eximiam
1199 2647 1491 2720 quamdam
1517 2649 1677 2704 unius
1700 2646 1880 2716 operis
1902 2643 2354 2717 pulchritudinem
2384 2652 2442 2701 et
2469 2647 2910 2708 concinnitatem.

300 2738 434 2794 MA’.
486 2741 553 2793 Τί
604 2741 773 2796 τᾶλλα
828 2741 934 2813 χρὴ
983 2742 1198 2812 λέγειν;
1268 2741 1412 2796 Ἀλλ’
1462 2735 1600 2814 ἧκεν
1658 2736 1818 2804 αὖθις

1993 2735 2178 2792 XLIV.
2219 2736 2357 2805 Quid
2387 2737 2493 2792 alia
2512 2737 2693 2794 dicere
2713 2755 2935 2800 necesse
2955 2746 3072 2801 est?
3098 2748 3296 2803 Verum
3323 2751 3493 2807 enim-

220 2833 368 2903 ήμῖν
394 2831 504 2903 (57)
549 2835 578 2886 ό
609 2835 972 2906 χριστομάχος
1010 2826 1282 2906 βασιλεὺς,
1314 2832 1411 2888 καὶ
1440 2832 1539 2905 τῆς
1577 2832 1816 2895 πίστεως

1926 2843 2051 2885 vero
2090 2827 2291 2884 Christi
2337 2826 2510 2885 hostis
2556 2828 2870 2900 imperator,
2922 2842 2978 2890 et
3024 2835 3148 2891 ﬁdei
3202 2850 3487 2909 tyrannus,

222 2923 514 2996 τύραννος,
548 2924 687 2995 μετά
716 2926 960 2990 πλείονος
1005 2927 1102 2997 τῆς
1133 2923 1389 2989 ἀσεϐείας
1419 2924 1515 2979 καὶ
1552 2916 1814 2996 θερμοτέ-

1926 2935 2043 2976 cum
2083 2919 2273 2990 majori
2322 2917 2618 2989 impietate,
2666 2935 2730 2975 ac
2780 2921 3092 2979 ferventiori
3125 2926 3266 2995 acie,
3310 2936 3493 2999 utpote

227 3033 337 3088 ρας
369 3017 469 3088 τῆς
496 3017 889 3088 παρατάξεως,
921 3019 999 3081 ὡς
1034 3017 1175 3089 πρὸς
1218 3016 1631 3086 ἀνταγωνιστὴν
1663 3017 1814 3085 ίσχυ-

224 3108 456 3181 ράτερον
487 3108 640 3173 ὄντος
679 3108 830 3180 αὐτῷ
856 3109 952 3163 τοῦ
989 3109 1174 3178 λόγου,
1215 3109 1358 3165 κατὰ
1400 3108 1461 3161 τὸ
1503 3105 1815 3178 ἀκάθαρτον

224 3202 409 3254 ἐκεῖνο
446 3199 666 3272 πνεῦμα
697 3203 793 3255 καὶ
824 3201 1061 3274 πονηρὸν
1081 3238 1096 3267 ,
1124 3202 1153 3254 ὃ
1191 3200 1286 3254 τοῦ
1321 3200 1610 3271 ἀνθρώπου
1654 3196 1817 3252 λυθὲν

226 3292 329 3344 καὶ
359 3291 796 3364 περιπλανηθέν,
832 3293 972 3364 πρὸς
1011 3291 1105 3346 τὸν
1130 3292 1294 3345 αὑτὸν
1326 3288 1656 3361 ἀναστρέφει
1701 3285 1815 3358 (58)

230 3383 378 3456 μετά
398 3383 661 3438 πλειόνων
688 3385 1015 3456 πνευμάτων
1038 3381 1573 3452 είσοικισθησόμενον
1588 3419 1604 3446 ,
1626 3378 1816 3452 ὥσπερ

225 3477 290 3530 ἐν
324 3479 440 3540 τοῖς
478 3477 832 3546 Εύαγγελίοις
870 3476 1208 3548 ἠκούσαμεν.
1238 3474 1445 3529 Τούτου
1470 3473 1683 3543 γίνεται
1720 3488 1814 3543 μι-

228 3568 414 3641 μητὴς
449 3568 561 3640 (59)
607 3571 852 3635 ἐκεῖνος,
891 3569 1028 3640 ὁμοῦ
1076 3585 1137 3622 τε
1178 3567 1279 3639 τὴν
1323 3564 1597 3639 προτέραν
1643 3556 1815 3636 ἧτταν

226 3662 726 3734 ἁνακαλεσόμενος,
756 3662 852 3714 καὶ
877 3660 1205 3733 προσθήσων
1225 3676 1281 3713 τι
1300 3660 1415 3722 τοῖς
1435 3655 1674 3727 πρώτοις
1701 3654 1814 3727 (60)

226 3754 598 3826 παλαίσμασι.
626 3754 810 3808 Δεινδν
835 3752 942 3825 γὰρ
971 3749 1110 3807 εἶναι
1136 3753 1233 3806 καὶ
1259 3751 1502 3821 σχέτλιον
1530 3748 1662 3821 (61),
1684 3747 1816 3801 πολ-

222 3847 340 3900 λῶν
372 3848 469 3917 μὲν
502 3845 671 3900 ἐθνῶν
698 3845 1029 3917 ἐπάρχοντα,
1052 3843 1257 3915 πολλῆς
1290 3843 1349 3896 δὲ
1380 3840 1539 3913 δόξης
1585 3839 1816 3911 ἠξιωμέ-

225 3954 345 4000 νον,
373 3938 578 4001 πάντας
603 3937 661 3990 δὲ
683 3938 809 3999 τοὺς
829 3935 1014 4007 κύκλῳ
1041 3932 1562 4004 καταστρεψάμενον
1583 3929 1661 4001 τῷ
1688 3931 1816 4002 κρά-

224 4046 317 4087 τει
349 4031 450 4102 τῆς
475 4030 752 4095 ἀσεϐείας,
776 4030 871 4082 καὶ
894 4026 1296 4099 χειρωσάμενον
1328 4024 1436 4077 πᾶν
1466 4021 1530 4075 τὸ
1575 4038 1813 4093 προστυ-

225 4124 349 4196 χὸν,
384 4120 505 4185 ἐνὸς
532 4123 744 4193 ἀνδρὸς,
782 4120 877 4174 καὶ
909 4120 1036 4190 μιᾶς
1069 4118 1277 4180 πόλεως
1307 4117 1457 4187 ⁴ίίιττω
1494 4112 1606 4186 (62)
1643 4112 1814 4183 ὀφθῆ-

225 4231 345 4279 ναι,
376 4213 471 4266 καὶ
496 4213 712 4282 γέλωτα
739 4210 947 4279 ὃφλειν,
989 4209 1050 4261 ού
1085 4209 1201 4271 τοῖς
1235 4207 1428 4275 ἄγουσι
1460 4205 1620 4276 μόνον
1649 4203 1813 4258 αὑτὸν

1917 3024 2039 3064 cum
2073 3007 2364 3079 potentiori
2408 3008 2720 3066 adversario
2769 3024 2885 3066 rem
2934 3012 3243 3083 habiturus,
3273 3020 3343 3074 ad
3392 3036 3492 3076 nos

1917 3102 2115 3157 iterum
2150 3100 2317 3166 venit,
2350 3100 2543 3170 impuri
2571 3115 2635 3155 ac
2671 3104 2824 3172 pravi
2853 3103 2999 3160 illius
3027 3108 3248 3175 spiritus
3284 3110 3338 3165 in
3369 3093 3484 3168 mo—

1919 3196 2071 3257 dum,
2097 3191 2189 3263 qui
2230 3205 2299 3246 ex
2325 3191 2563 3248 hominis
2593 3206 2822 3261 corpore
2850 3195 3053 3264 pulsus,
3097 3199 3297 3269 diuque
3323 3217 3492 3273 vaga-

1920 3296 2010 3341 tus
2031 3324 2048 3351 ,
2078 3285 2145 3339 ad
2174 3284 2421 3340 eumdem
2451 3298 2642 3341 rursus
2678 3300 2802 3342 cum
2847 3286 3037 3356 majori
3077 3291 3362 3358 spirituum
3399 3309 3491 3364 ag-

1918 3380 2068 3436 mine
2099 3378 2440 3436 babitaturus
2475 3379 2639 3445 redit,
2677 3380 3126 3451 quemadmodum
3169 3383 3221 3438 in
3252 3385 3495 3457 Evange-

1917 3470 1993 3526 lio
2034 3469 2269 3527 habetur
2289 3470 2356 3523 I'.
2385 3469 2555 3540 Hujus
2578 3469 2672 3526 ille
2692 3471 3016 3527 imitatorem
3046 3488 3105 3528 se
3133 3476 3354 3544 praebet,
3379 3485 3493 3532 tum

1917 3570 1977 3617 ut
2005 3562 2214 3618 cladem
2243 3562 2394 3632 prius
2417 3569 2694 3631 acceptam
2719 3562 2968 3630 sarciret,
3002 3577 3110 3619 tum
3139 3578 3198 3622 ut
3224 3571 3495 3639 prioribus

1914 3655 2185 3726 palaestris
2207 3654 2407 3724 aliquid
2423 3654 2666 3710 adderet.
2686 3653 2966 3725 Indignum
2990 3660 3134 3714 enim
3158 3672 3212 3717 et
3233 3662 3493 3719 miserum

1915 3761 2040 3804 esse
2064 3746 2447 3813 existimabat,
2475 3762 2597 3802 cum
2642 3748 2838 3804 multas
2871 3759 3057 3820 gentes
3092 3753 3318 3822 imperio
3343 3764 3495 3812 tene-

1917 3847 2025 3904 ret,
2059 3852 2423 3909 magnamque
2462 3838 2687 3908 gloriam
2722 3852 3045 3897 consecutus
3076 3853 3242 3909 esset,
3275 3860 3340 3901 ac
3378 3847 3493 3903 fini-

1920 3933 2080 3988 timos
2115 3946 2303 3987 omnes
2346 3930 2641 4001 impietatis
2688 3932 2880 3989 robore
2917 3942 3080 4004 atque
3121 3939 3358 4004 potentia
3390 3940 3490 3993 do-

1916 4022 2173 4087 muisset,
2207 4022 2506 4093 ditionique
2543 4035 2689 4086 sum,
2722 4022 2982 4092 quidquid
3022 4026 3241 4080 obvium
3279 4025 3487 4081 habue-

1916 4121 2033 4178 rat,
2080 4113 2433 4183 subjecisset,
2466 4113 2534 4167 ab
2587 4127 2695 4168 uno
2725 4113 2976 4182 homine,
3010 4129 3227 4185 unaque
3273 4116 3494 4173 civitate

1916 4203 2202 4275 superari,
2232 4221 2335 4259 nec
2360 4205 2532 4260 solum
2577 4204 2869 4274 impietatis
2917 4206 3195 4272 patronis,
3228 4221 3258 4261 a
3293 4210 3496 4277 quibus

225 4306 569 4377 προστάταις
596 4307 697 4376 τῆς
727 4302 946 4369 ἀθεῖας,
980 4301 1115 4356 ἀλλά
1150 4300 1243 4354 καὶ
1287 4299 1455 4353 πᾶσιν
1484 4294 1811 4367 ἀνθρώποις,

1926 4296 2239 4362 ducebatur,
2268 4297 2364 4353 sed
2402 4297 2564 4352 etiam
2593 4296 2844 4352 omnibus
2865 4296 3204 4364 mortalibus,
3241 4309 3300 4353 ιιι
3322 4301 3493 4372 ipsius

225 4399 308 4463 ὡς
337 4396 715 4467 ὑπελάμϐανε.

301 4490 438 4545 ΜΕ’.
485 4489 589 4542 Τὸν
618 4489 718 4560 μὲν
759 4487 823 4559 δὴ
860 4486 1087 4558 Περσῶν
1123 4482 1348 4555 βασιλέα
1386 4483 1571 4551 φασὶν,
1620 4479 1808 4550 ἐπειδή

224 4599 365 4636 me
403 4579 548 4636 κατά
588 4581 689 4651 τῆς
741 4579 992 4642 Ἑλλάδος
1031 4576 1326 4646 ἐστράτευε
1379 4572 1512 4646 (65),
1563 4575 1671 4627 πᾶν
1713 4569 1812 4642 μὲν

227 4675 391 4744 γένος
414 4671 717 4745 ἀνθρώπων
748 4673 835 4724 ἐπ’
872 4670 1069 4734 αὐτοὺς
1096 4666 1366 4732 ἐλαύνων,
1398 4666 1561 4718 παντὶ
1589 4665 1647 4719 δὲ
1676 4662 1812 4728 ζέων

230 4763 392 4837 θυμῷ
433 4764 529 4819 καὶ
559 4764 901 4835 φρονήματι,
930 4762 989 4814 οὐ
1026 4760 1203 4834 ταύτῃ
1257 4761 1415 4830 μόνον
1467 4754 1812 4828 ἐπαίρεσθαι,

239 4936 246 4943 η
306 4880 355 4911 ¹⁰
387 4878 550 4934 Hebr.
575 4893 652 4944 ts,
679 4877 733 4932 9.
809 4878 853 4909 ²¹
886 4876 933 4931 ll
957 4876 1099 4932 Tim.
1129 4891 1204 4943 tv,
1231 4875 1288 4929 2.
1366 4876 1411 4906 ²²
1442 4872 1616 4929 Exod.
1661 4888 1815 4940 xxxi,
1858 4871 1895 4925 9.
1924 4886 2045 4943 sqq.

306 4989 422 5062 (53)
461 4988 591 5045 Πᾶν
642 4988 710 5042 δὲ
749 4987 869 5062 τῷν
913 4985 1193 5062 Γραφῶν,
1224 4994 1328 5040 etc.
1366 5003 1385 5037 ι
1425 4984 1559 5039 Cum
1599 4998 1815 5037 omnem

234 5059 650 5134 Scripturarurn
694 5059 1115 5134 profunditatem
1157 5065 1429 5134 scrutatus
1476 5062 1661 5134 esset:
1691 5069 1816 5107 cum

234 5127 377 5186 altos
403 5145 593 5184 omnes
618 5127 1017 5195 Seripturarum
1049 5140 1241 5182 sensus
1267 5127 1646 5195 (lecerpsisset.
1683 5142 1702 5173 ι

307 5200 422 5272 (54)
474 5192 852 5270 Ἀτιμοτέρου.
900 5197 1043 5268 Reg.
1102 5211 1133 5250 c
1186 5206 1240 5250 ct
1294 5193 1509 5257 Comb.,
1561 5192 1818 5264 ἀτιμοτέ-

238 5287 425 5412 ροῖξέῦ)
473 5336 652 5412 ᾎελτῑὰ
676 5337 872 5412 παντί.
898 5336 993 5412 _Sic
1020 5345 1130 5391 tres
1151 5335 1342 5407 Regg.,
1366 5331 1460 5389 Or.
1491 5332 1527 5386 2
1550 5342 1603 5388 et
1622 5331 1804 5392 Comb.

235 5411 295 5467 In
321 5407 433 5474 ed.,
465 5408 601 5463 ἀλλὰ
628 5408 725 5461 καὶ
750 5407 929 5461 παντί.
1298 5424 1303 5427 '

309 5481 426 5550 (56)
462 5477 704 5550 K9167.
722 5477 901 5550 Passa,
917 5475 1279 5550 (παρακαλῶν.

310 5540 425 5624 (57)
463 5544 647 5612 Αὖθις
674 5548 837 5617 ἡμῖν.
870 5540 961 5603 Sic
995 5540 1105 5602 tres
1132 5543 1300 5617 Regg.
1328 5544 1385 5599 ln
1421 5544 1532 5609 ed.,
1563 5542 1695 5615 ἡμῖν
1718 5540 1819 5600 αὗ-

238 5620 422 5763 θιῖὲθ
475 5687 869 5757 Ἀναστρέφει.
901 5687 1032 5757 Reg.
1059 5687 1153 5757 pit,
1180 5678 1627 5759 ἀντεπιστρέφει.ι

557 5782 830 5843 Parnm.
877 5783 996 5843 (is.
1046 5780 1342 5844 XXXVI.

1915 4387 2100 4459 opinio
2122 4389 2353 4455 ferebaz,
2378 4388 2513 4444 risui
2540 4403 2679 4444 esse.

1993 4479 2151 4535 XLV.
2194 4478 2479 4535 Persarum
2503 4480 2716 4551 quidem
2749 4495 2932 4551 regem
2972 4492 3214 4548 narrant,
3257 4499 3379 4537 cum
3412 4485 3493 4538 in-

1920 4572 2129 4627 finitam
2162 4571 2433 4642 quondam
2468 4572 3015 4642 hominum‘cujusvis
3055 4576 3290 4629 nationis
3308 4575 3493 4629 multi-

1919 4664 2159 4717 tudinem
2199 4676 2379 4717 secum
2411 4661 2633 4728 ducens,
2667 4673 2831 4731 atque
2869 4665 3143 4719 iracundia
3174 4675 3228 4718 et
3266 4665 3489 4719 audacia

1921 4756 2136 4810 fervens
2161 4795 2178 4822 ,
2210 4755 2262 4809 in
2291 4754 2557 4811 Graeciam
2587 4756 2984 4824 expeditionem
3025 4755 3247 4823 faceret,
3292 4772 3394 4810 non
3423 4771 3488 4811 eo

2122 4868 2171 4902 ”
2195 4867 2327 4926 Luc.
2357 4885 2438 4938 at,
2459 4868 2529 4924 24
2551 4884 2674 4941 sqq.

1985 4980 2098 5053 (59)
2136 4980 2431 5053 Μιμητής.
2461 4997 2481 5032 t
2514 4976 2776 5053 imitator.
2813 5000 2831 5032 ι
2866 4981 2955 5053 Si_c
2981 4995 3169 5053 omnes
3193 4979 3303 5035 fere
3330 4982 3486 5053 codd.

1914 5051 1972 5105 ln
2004 5050 2116 5113 ed.,
2147 5050 2471 5122 pdﬁ‘q‘rﬁg}
2508 5051 2817 5122 discipulus.
2851 5070 2870 5103 ι
2915 5050 3068 5122 Pass.
3097 5051 3162 5102 ad
3193 5065 3362 5120 marg.
3388 5052 3487 5105 ha-

1914 5123 2005 5176 bet
2036 5139 2048 5174 :
2080 5119 2360 5175 υῦάλεντα
2381 5119 2559 5189 λέγω·
2595 5120 2901 5175 «Valentem
2938 5121 3076 5173 dico.
3117 5138 3136 5172 ι

1988 5190 2100 5261 (60)
2138 5191 2414 5259 Πρώτοις.
2444 5189 2603 5245 Deest
2622 5192 2675 5245 in
2710 5192 2842 5260 Reg.
2887 5191 2980 5260 ph.
3029 5191 3084 5243 In
3129 5188 3269 5252 aliis,
3300 5188 3490 5259 προτέο

1952 5279 2053 5316 οις.

1919 5279 2101 5404 902%!)
2141 5328 2662 5404 ZZéZJtOV._SEhQL
2702 5330 2835 5400 Res-
2870 5329 2979 5397 δαὶ,
3020 5327 3276 5400 καλεπόν’
3311 5349 3329 5381 ⁸
3364 5328 3493 5384 Per.

1917 5399 2220 5467 nic'ios'um,
2238 5416 2420 5469 grave.
2446 5399 2677 5455 difﬁcile.
2708 5420 2726 5452 ι

1991 5470 2101 5542 (62)
2141 5468 2352 5525 "Herm.
2384 5469 2476 5526 Sic
2505 5471 2805 5540 legendum,
2843 5470 2922 5542 vel
2952 5471 3174 5541 ἥττονα,
3212 5482 3268 5524 ιιι
3310 5470 3363 5524 in
3395 5468 3492 5525 0r.

1916 5542 1972 5596 2.
2005 5540 2066 5595 In
2096 5542 2183 5596 ed.
2216 5552 2270 5597 et
2290 5543 2344 5595 in
2380 5542 2648 5596 nonnullis
2679 5542 2859 5605 codd.,
2889 5540 3090 5608 ἥττων.

1990 5612 2104 5682 (65)
2155 5610 2523 5682 Ἐστράτευε.
2556 5609 2743 5668 Plures
2768 5611 2933 5684 Regg.
2959 5622 3012 5666 ct
3038 5611 3203 5668 Coisl.
3225 5611 3280 5678 2,
3305 5609 3494 5683 ἐστρά-

1920 5692 2101 5736 τευσε.

3114 5776 3188 5837 18
