3902 6218
371 278 478 336 555

1567 263 1623 319 S.
1665 259 1998 318 GREGORII
2035 256 2391 315 THEOLOGI

3524 250 3647 307 556

371 403 581 453 tantum
609 389 828 448 nomine
864 385 1116 458 superbia
1155 386 1353 440 elatum
1384 390 1440 437 et
1471 381 1523 435 in
1560 380 1722 434 minis
1750 378 1943 432 immo-
1970 441 1974 448 ι

2083 380 2138 433 αὶ
2168 378 2407 448 ἄμετρον
2434 367 2572 426 εἶναι
2602 372 2725 435 ταῖς
2751 369 3008 433 ἀπειλαῖς
3030 384 3045 397 ·
3080 366 3195 422 ἀλλ’
3222 365 3299 430 ὡς
3324 365 3393 420 ἂν
3429 365 3651 436 μᾶλλον

373 490 554 544 dicum
605 483 806 548 fuisse;
837 480 929 537 sed
950 518 967 544 ,
990 487 1050 533 ut
1077 477 1334 545 majorem
1376 474 1480 528 illis
1514 480 1775 527 terrorem
1808 470 1951 524 incu-

376 586 549 642 teret,
591 590 690 646 per
736 588 798 629 ea
828 572 1028 638 etiam,
1057 584 1176 639 quae
1222 581 1359 622 novo
1390 574 1446 619 et
1493 563 1749 616 inusitato
1795 560 1952 614 modo

375 671 637 726 adversus
686 667 952 723 elementa
1003 661 1338 730 designabat,
1385 653 1776 710 formidabilem
1834 666 1953 707 sese

377 762 692 818 reddidisse.
728 757 873 812 Nova
905 755 1149 824 quaedam
1195 762 1338 805 terra
1369 757 1424 803 et
1460 762 1655 801 novum
1685 760 1833 799 mare
1857 760 1955 797 au-

379 852 629 906 diebatur
677 849 800 903 novi
847 846 988 900 illius
1030 841 1241 913 opificis
1267 880 1283 905 ,
1314 848 1367 893 et
1394 838 1663 893 exercitus
1697 836 1753 890 in
1783 834 1955 888 conti-

380 943 530 999 nenti
560 941 840 1009 navigans,
870 953 934 992 ac
961 950 1174 991 rursum
1204 933 1428 1001 pedibus
1463 943 1613 983 mare
1641 940 1953 997 peragrans,

381 1035 616 1103 abrepta
662 1031 789 1085 item
825 1027 1051 1090 insulae,
1093 1033 1147 1080 et
1184 1036 1337 1077 mare
1386 1020 1696 1074 verberibus
1723 1030 1955 1082 caesum,

382 1134 687 1193 caeteraque
726 1121 940 1185 omnia,
995 1132 1115 1186 quae
1154 1115 1336 1170 vesani
1389 1098 1661 1168 exercitus
1700 1108 1959 1176 ducisque

384 1217 529 1272 haud
568 1215 786 1271 dubium
818 1219 1192 1282 argumentum
1222 1214 1416 1269 erant,
1447 1202 1814 1273 ignavioribus
1842 1200 1961 1269 qui-

2051 471 2245 533 αὺτοὺς
2275 464 2665 537 καταπλήξειε,
2699 462 2928 535 φοϐερὸν
2957 460 3150 515 ἐαυτὸν
3176 460 3373 520 ποιεῖν,
3394 458 3490 511 xui.
3510 460 3653 520 ταῖς

2053 561 2193 615 κατὰ
2218 561 2330 627 (64)
2354 558 2462 611 τῶν
2488 547 2764 626 στοιχείων
2785 553 3175 624 καινοτομίαις.
3201 550 3280 622 Γῆ
3297 567 3382 613 τις
3402 549 3654 619 ἠκούετο

2054 652 2209 722 ξένη,
2236 652 2330 704 xui.
2357 649 2601 702 Θάλασσα
2645 646 2739 699 τοῦ
2774 646 2894 699 νέου
2921 642 3255 716 δημιουργοῦ
3277 682 3291 707 ,
3327 639 3425 695 καὶ
3465 657 3655 712 στρα-

2052 741 2143 805 τὸς
2174 742 2398 811 ἤπειρον
2430 738 2607 791 πλέων
2627 778 2642 800 ,
2688 737 2783 789 xui.
2810 734 3054 800 πεζεύων
3091 734 3349 803 πέλαγος,
3390 730 3545 803 νῆσοί
3577 747 3652 784 τε

2055 831 2466 904 ἁρπαζόμεναι,
2525 828 2619 881 xui.
2654 827 2896 880 θάλασσα
2952 822 3360 895 μαστιζομένη,
3407 821 3504 874 καὶ
3536 821 3654 875 ὅσα.

2055 921 2156 991 τῆς
2194 921 2511 990 ἐμπλήκτου
2551 916 2736 985 σαφῶς
2769 911 2838 986 ἦν
2865 915 3126 984 στρατιᾶς
3152 914 3248 966 καὶ
3281 909 3649 983 στρατηγίας,

2058 1011 2395 1082 κατάπληξις
2433 1012 2530 1080 μὲν
2577 1012 2690 1070 τοῖς
2742 1006 3173 1077 ἀγεννεστέροις,
3220 1005 3394 1073 γέλως
3429 1002 3487 1055 δέ
3526 1004 3654 1063 τοῖς

2061 1105 2475 1179 ἀνδρικωτέροις
2518 1104 2612 1156 καί
2660 1100 3035 1171 στερῤοτέροις
3077 1098 3139 1151 τὸ
3170 1097 3444 1168 φρόνημα.
3487 1094 3548 1148 '0
3584 1092 3652 1145 δὲ

2058 1198 2301 1253 τοιούτου
2340 1196 2438 1267 μὲν
2466 1194 2679 1256 οὐδενὸς
2713 1192 2884 1245 ἐδεῖτο
2922 1190 3045 1243 καθ’
3079 1187 3239 1260 ἡμῶν
3289 1185 3608 1258 στρατεύων
3628 1200 3647 1215 ⁸

385 1313 508 1364 dem
563 1277 948 1367 formidabili'a,
1010 1300 1324 1357 fortioribus
1374 1306 1555 1350 autem
1608 1309 1674 1348 ac
1735 1291 1960 1347 firmiori

2083 1291 2090 1341 i
2140 1289 2197 1341 δὲ
2253 1284 2322 1360 ἦν
2375 1285 2595 1340 ἐκείνων
2646 1286 2827 1355 χεῖρον
2884 1283 2980 1336 xui.
3039 1280 3445 1352 βλαϐερώτερον
3504 1277 3645 1351 (65),

386 1402 568 1456 animo
601 1398 842 1469 praeditis
882 1396 1042 1450 stulta
1089 1404 1143 1449 et
1190 1389 1436 1445 ridicula.
1488 1388 1587 1442 llic
1628 1399 1757 1440 vero
1782 1422 1797 1448 ,
1828 1381 1961 1437 nihil

2083 1379 2221 1433 τοῦτο
2246 1377 2358 1450 (66)
2382 1376 2551 1429 ποιῶν
2598 1374 2693 1428 xui.
2716 1374 2892 1442 λέγων
2922 1372 3174 1442 ἠκούετο.
3210 1372 3406 1426 Ἔθετο
3444 1371 3527 1434 εἰς
3553 1370 3652 1423 ού-

388 1459 615 1561 ῳιὶἀθιιί
639 1488 749 1543 ulla
782 1483 1088 1557 huiusmodi
1132 1496 1190 1537 re
1229 1495 1366 1550 Opus
1408 1477 1665 1541 habebat,
1696 1489 1816 1529 cum
1850 1473 1962 1526 bel-

2083 1469 2228 1523 auvbv
2259 1468 2319 1520 τὸ
2369 1466 2544 1537 στόμα
2589 1463 2788 1527 αὑτοῦ,
2842 1462 3189 1534 βλασφημίαν
3236 1461 3415 1517 λαλῶν
3454 1463 3536 1526 εἰς
3584 1459 3652 1512 τὸ

388 1584 501 1639 lum
551 1582 837 1637 adversum
878 1592 976 1632 nos
1018 1582 1398 1642 compararet;
1444 1582 1652 1630 verum,
1688 1563 1832 1635 quod
1881 1562 1965 1617 bis

2083 1561 2221 1631 ὂψος,
2262 1560 2358 1613 xui.
2384 1560 2417 1629 ἡ
2446 1558 2668 1626 γλῶσσα
2692 1556 2857 1610 αὑτοῦ
2886 1554 3101 1627 διῆλθεν
3132 1554 3228 1607 ἐπὶ
3251 1553 3353 1624 τῆς
3374 1553 3498 1622 γῆς.
3528 1552 3652 1605 Κα-

389 1674 543 1746 pejus
569 1681 626 1728 et
654 1670 1010 1743 perniciosius
1037 1675 1186 1731 erat,
1219 1666 1319 1719 hoc
1348 1703 1363 1726 ,
1393 1672 1445 1717 et
1482 1660 1677 1723 facere,
1710 1667 1762 1711 et
1787 1656 1966 1712 dicere

2083 1651 2173 1715 uix;
2206 1649 2313 1720 γὰρ
2345 1649 2505 1703 αὐτὸν
2533 1648 2562 1700 ὁ
2599 1647 2740 1711 θεῖος
2769 1646 2934 1700 Δαϐὶδ
2970 1645 3071 1716 πρὸ
3095 1644 3253 1716 ἡμῶν
3275 1644 3649 1713 ἐστηλίτευσε,

393 1766 692 1822 ferebatur.
720 1763 906 1818 Posuit
928 1762 982 1815 in
1010 1759 1207 1814 caelum
1248 1772 1310 1811 os
1348 1769 1501 1809 suum
1527 1794 1543 1817 ,
1575 1747 1965 1818 blasphemiam

2083 1743 2155 1796 τὸν
2202 1739 2428 1814 οὐρανὸν
2479 1741 2560 1802 εἰς
2613 1738 2717 1809 γῆν
2757 1737 3015 1791 κλίναντα
3055 1736 3190 1808 (67),
3232 1736 3327 1789 xui.
3362 1734 3505 1806 μετὰ
3542 1735 3654 1805 τῆς

395 1859 449 1914 in
494 1857 765 1914 excelsum
821 1856 1064 1925 loquens,
1113 1859 1167 1905 et
1220 1849 1398 1918 lingua
1451 1846 1567 1915 ejus
1625 1841 1871 1895 transivit
1905 1839 1958 1892 in

2083 1830 2295 1895 ιτίσεως
2319 1827 2656 1901 ἁριθμοῦντα
2680 1827 2841 1897 φύσιν
2869 1825 2967 1897 τὴν
3000 1824 3389 1896 ὑπερκόσμιον,
3424 1825 3492 1894 ἣν
3523 1824 3654 1877 οὐδὲ

396 1960 543 2007 terra
563 1953 631 2004 “.
652 1947 883 2004 Pulchre
905 1946 1047 2001 enim
1073 1942 1238 1998 David
1271 1954 1393 1995 eum
1429 1947 1555 1991 ante
1584 1950 1682 1990 nos
1709 1931 1966 1995 confixit;

2083 1923 2264 1994 χωρεῖν
2292 1923 2326 1991 ἡ
2354 1919 2531 1983 κτίσις
2562 1919 2807 1982 δύναται,
2839 1916 2941 1971 κᾶν
2976 1914 3095 1987 μεθ’
3131 1914 3290 1986 ἡμῶν
3332 1931 3386 1968 τι
3413 1913 3524 1985 (68)
3549 1914 3656 1983 γέν

400 2041 572 2107 illum,
594 2038 948 2107 inquam,;qni
970 2035 1165 2091 caelum
1195 2029 1424 2102 i11805
1444 2038 1642 2083 terram
1663 2024 1972 2083 inclinabat,

2083 2028 2229 2081 νηται
2254 2009 2396 2080 λόγῳ
2421 2008 2847 2079 φιλανθρωπίας,
2873 2007 2938 2061 ἶν’
2961 2009 3111 2079 ἡμᾶς
3138 2006 3341 2082 ἑλκύσῃ
3366 2007 3478 2079 (69)
3508 2007 3655 2078 πρὸς

396 2148 464 2187 ac
491 2131 544 2186 in
588 2145 768 2185 rerum
796 2136 1103 2183 creatarum
1139 2136 1419 2179 numerum
1459 2118 1683 2189 cogebat
1732 2124 1974 2168 naturam

2083 2104 2274 2176 ἑαυτὴν
2299 2103 2473 2173 χαμαὶ
2496 2101 2802 2172 κειμένους.

397 2223 600 2278 mundo
641 2220 1047 2282 sublimiorem,
1078 2231 1237 2285 quam
1283 2229 1350 2268 ne
1394 2225 1589 2281 capere
1628 2207 1841 2279 quidem
1888 2217 1973 2258 res
2009 2199 2324 2275 ullarcreata
2373 2202 2568 2263 potest,
2633 2191 2881 2256 tametsi,
2911 2191 2981 2246 ob
3042 2193 3212 2245 nostri
3242 2205 3515 2254 amorem,
3545 2189 3659 2243 ali-

401 2316 716 2388 quantisper
755 2313 1031 2368 nobiscum
1055 2319 1268 2365 versata
1298 2308 1388 2372 sit,
1418 2315 1475 2361 ut
1505 2320 1600 2360 nos
1627 2302 1773 2358 humi
1792 2300 2033 2369 iacentes
2059 2295 2125 2348 ad
2160 2293 2387 2360 seipsam
2415 2289 2736 2343 attraheret.

468 2407 656 2464 XLVI.
692 2405 862 2461 Porro
907 2419 1028 2459 cum
1072 2402 1302 2457 illustria
1352 2400 1570 2470 quidem
1617 2398 1790 2468 prima
1825 2394 1967 2448 illius

401 2498 642 2553 facinora
666 2494 886 2561 fuerint,
918 2504 1028 2547 tum
1071 2506 1198 2546 vero
1235 2490 1529 2544 illustriora
1560 2489 1710 2542 fuere
1748 2501 1812 2541 ea
1840 2500 1964 2539 cer-

402 2587 627 2649 tamina,
664 2599 784 2654 quae
821 2592 1093 2654 postrema
1120 2582 1406 2635 adversum
1447 2593 1545 2632 nos
1577 2577 1783 2631 habuit.
1811 2574 1969 2641 Qua:-

402 2693 529 2734 nam
583 2687 762 2731 autem
813 2676 985 2745 prima
1018 2672 1181 2728 dico?
1222 2670 1442 2737 Exsilia,
1490 2669 1661 2736 fugae,
1712 2669 1972 2722 bonorum

401 2766 845 2837 proscriptiones,
863 2763 1088 2830 insidize,
1115 2772 1220 2816 tam
1253 2772 1473 2830 apertae,
1493 2774 1655 2829 quam
1683 2759 1927 2812 obscurae
1955 2772 1969 2822 ;

405 2874 715 2917 sermonum
756 2858 1039 2921 illecebrae,
1077 2856 1165 2911 ubi
1195 2854 1407 2909 occasio
1439 2867 1498 2907 se
1530 2850 1820 2912 offerebat;
1865 2849 1969 2914 vis,

2145 2386 2290 2453 ΜΨ.
2323 2385 2433 2438 Καὶ
2474 2384 2538 2455 δὴ
2579 2381 2809 2453 λαμπρά
2843 2382 2941 2452 μὲν
2981 2381 3147 2434 αὐτοῦ
3192 2382 3263 2433 τά
3303 2380 3495 2452 πρῶτα
3526 2397 3660 2433 νεα-

2072 2475 2355 2546 νιεύματα,
2385 2471 2740 2543 λαμπρότερα
2783 2468 2938 2522 δὲτὰ
2981 2468 3269 2521 τελευταῖα
3313 2467 3436 2521 καθ’
3492 2469 3659 2539 ἡμῶν

2074 2567 2449 2637 ἀγωνίσματα.
2491 2563 2622 2615 Τίνα
2671 2562 2735 2633 δὴ
2769 2561 2914 2629 λέγω
2960 2560 3028 2614 τὰ
3084 2560 3279 2632 πρῶτα
3307 2559 3460 2630 (70);
3533 2557 3660 2624 Ἐξ..

2076 2658 2244 2725 ορίαι,
2274 2655 2462 2724 φυγαὶ,
2497 2652 2810 2724 δημεύσεις,
2843 2653 3128 2706 ἐπιϐουλαὶ
3175 2652 3287 2722 (71)
3313 2651 3545 2722 φανεραί
3590 2669 3659 2705 τι

2079 2750 2174 2803 xui.
2199 2749 2423 2817 ἀφανεῖς
2441 2762 2455 2775 ⁸
2476 2746 2537 2798 τὸ
2567 2746 2793 2808 πείθειν,
2822 2737 2883 2798 οὗ
2904 2744 3094 2814 καιρὸς
3119 2740 3185 2814 ἦν
3206 2758 3219 2772 ⁸
3253 2743 3315 2796 τὸ
3344 2741 3656 2811 βιάζεσθαι,

2075 2841 2169 2895 τοῦ
2229 2840 2438 2893 πείθειν
2482 2840 2583 2892 οὐκ
2626 2837 2797 2901 ὖντος.
2858 2839 2921 2891 Οἱ
2976 2838 3072 2907 μὲν
3126 2835 3486 2906 ἐξωθούμενοι
3542 2834 3662 2888 τῶν

404 2954 495 3008 ubi
529 2952 814 3007 verborum
840 2948 1110 3003 blanditiis
1141 2947 1287 3000 locus
1324 2960 1427 2998 non
1452 2952 1590 2998 erat.
1623 2942 1724 2994 Alii
1756 2940 1971 3009 quidem

2087 2931 2441 3003 Ἐκκλησιῶν,
2503 2931 2617 2984 ὅσοι
2665 2929 2758 2984 τοῦ
2819 2929 2979 3002 ὀρθοῦ
3033 2930 3190 2997 λόγου
3244 2929 3339 2983 xui.
3374 2927 3469 2981 τοῦ
3526 2927 3635 2981 καθ

406 3045 474 3100 ab
508 3041 764 3097 Ecclesiis
803 3037 1250 3098 extrudebantur,
1301 3033 1395 3102 qui
1423 3030 1630 3087 scilicet
1666 3029 1826 3081 Iidem
1884 3040 1973 3080 or-

409 3136 700 3192 thodoxam
765 3146 829 3186 ac
872 3137 1116 3184 nostram
1169 3126 1582 3196 profitebantur.
1634 3122 1739 3176 Alii
1795 3128 1975 3174 autem

409 3227 911 3287 introducebantur,
957 3234 1149 3287 nempe
1195 3220 1287 3288 qui
1331 3216 1642 3287 pestiferam
1691 3224 1744 3267 et
1783 3213 1976 3267 exitia-

408 3321 514 3375 lem
549 3318 892 3389 imperatoris
927 3315 1224 3370 doctrinam
1270 3311 1544 3373 tenebant,
1594 3307 1685 3377 qui
1724 3305 1975 3375 impieta-

411 3413 480 3465 tis
517 3407 876 3478 chirographa
909 3404 1214 3474 exigebant,
1245 3400 1334 3469 qui
1384 3400 1467 3453 his
1512 3398 1689 3452 adhuc
1726 3396 1976 3464 graviora

411 3499 739 3556 scribebant.
785 3492 1111 3564 Presbyteri
1166 3491 1219 3544 in
1275 3488 1451 3543 medio
1493 3486 1626 3539 mari
1679 3483 1976 3547 combusti;

413 3588 562 3657 impii
588 3586 709 3641 belli
743 3586 923 3647 duces,
961 3599 1063 3638 non
1101 3582 1290 3636 Persas
1322 3584 1657 3647 superantes,
1710 3590 1813 3629 non
1849 3574 1980 3643 Scy-
2010 3565 2019 3577 ’

413 3681 534 3734 thas
563 3679 619 3732 in
646 3686 966 3745 potestatem
994 3674 1317 3743 redigentes,
1352 3682 1458 3722 non
1492 3666 1650 3720 aliam
1687 3662 1979 3733 quamdam

410 3770 753 3826 barbaricam
800 3777 1011 3837 gentem
1063 3762 1430 3825 debellantes;
1478 3772 1665 3813 verum
1719 3755 1981 3810 Ecclesiis

414 3860 610 3916 bellum
644 3858 956 3923 inferentes,
990 3857 1039 3908 in
1066 3852 1324 3907 altaribus
1351 3850 1672 3909 saltitantes,
1704 3847 1981 3900 hominum

415 3935 471 4006 ei
497 3950 837 4005 victimarum
870 3946 1128 4015 sanguine
1159 3945 1441 3996 incruenta
1497 3937 1761 3993 sacrificia
1796 3946 1985 3989 conta-

415 4046 708 4107 minantes,
742 4055 807 4095 ac
837 4039 1100 4107 virginum
1139 4035 1393 4104 pudorem
1427 4033 1624 4099 probro
1665 4028 1982 4083 allicientes.

415 4136 580 4203 quue
618 4146 776 4202 quam
813 4130 1027 4185 tandem
1065 4129 1135 4181 ob
1173 4122 1428 4179 causam?
1471 4120 1758 4181 Nimirum,
1794 4126 1851 4171 ut
1895 4116 1987 4172 Ja-

416 4223 518 4277 cob
549 4220 852 4290 patriarcha
884 4216 1265 4287 expelleretur,
1301 4213 1510 4282 ipsique
1535 4209 1677 4263 Esau
1711 4208 1817 4272 ille,
1858 4215 1985 4263 ante

505 4397 552 4430 “
583 4396 727 4453 Psal.
754 4411 922 4461 Lxxn,
946 4394 1000 4449 9.

493 4576 605 4718 (64)
643 4573 824 4630 Kurd.
854 4573 1015 4628 Deest
1046 4576 1098 4628 in
1126 4573 1280 4628 Pass.

493 4647 583 4718 (6A5
639 4641 1106 4712 Βλαϐερώτερον.
1135 4645 1265 4712 Reg.

491 4637 602 4719 (65)
639 4641 1106 4712 Βλαϐερώτερον.
1135 4645 1265 4712 Reg.
1297 4657 1345 4706 c,
1372 4641 1465 4698 Or.
1493 4641 1528 4694 2
1551 4648 1604 4695 et
1622 4638 1833 4702 Comb.,
1865 4637 1987 4708 βλα-

425 4716 746 4770 ϐεοώτατον.

460 4731 850 4857 εῗὲιῖαῗέῧτο.
891 4784 1060 4857 Beggh.
1087 4796 1136 4845 c,
1173 4783 1243 4857 ἀ,
1262 4782 1463 4857 addunt
1491 4797 1599 4833 και.

496 4846 606 4928 (67)
644 4846 1192 4922 Κλίνανταῖῖἶθες.
1235 4855 1360 4918 bm,
1415 4852 1485 4920 ph
1535 4862 1588 4903 et
1641 4848 1831 4913 Pass.,
1880 4846 1990 4899 κλί-

647 4993 776 5065 Κᾷν
800 4995 945 5066 με(ξῇ
970 4990 1140 5061 ἡμῶν
1176 5008 1250 5053 τι,
1296 4999 1379 5044 etc
1406 5008 1440 5066 _¢
1467 4987 1696 5066 Tametsi
1729 5001 1789 5065 se
1835 4985 1987 5040 nobis

425 5058 1100 5130 inclinaveritfnobiscum
1131 5059 1517 5130 commercium
1542 5058 1808 5130 habuerit,
1833 5073 1850 5106 ι
1894 5072 1986 5107 no-

427 5146 596 5218 stram
640 5126 843 5189 scilicet
872 5140 1120 5186 naturam
1154 5143 1455 5184 assumens.
1485 5126 1645 5180 Deest
1673 5142 1725 5177 τι
1756 5127 1807 5179 in
1858 5139 1990 5179 non-

426 5207 609 5347 ιιυέἓῶ
659 5273 950 5347 Ἑλκύρῖῃ,
1101 5269 1155 5334 2,
1185 5267 1338 5347 ξλκῃ.

499 5334 792 5468 (ἸοὶὴΤίν-ιι
834 5334 926 5409 Mf
956 5338 1110 5409 λέγω
1149 5338 1225 5392 τὰ
1267 5334 1496 5405 πρώτω
1539 5334 1665 5390 llzec
1711 5336 1904 5389 desunt
1937 5334 1989 5386 in

479 5430 538 5468 ea
669 5448 682 5464 .

500 5428 1016 5619 (ἦίῖηῆἰπιϐουλαί.
1045 5477 1205 5533 Deest
1234 5477 1288 5530 in
1322 5475 1485 5545 Regg.
1511 5492 1563 5540 a,
1589 5477 1642 5537 d,
1678 5475 1788 5534 hm,
1823 5471 1921 5539 ph.

500 5553 590 5619 (⁷2
664 5549 1060 5618 Ἐμπρησμοί,
1099 5550 1201 5603 etc.
1233 5547 1528 5619 Alludirad
1572 5546 1840 5619 octoginta
1874 5557 1921 5619 pr

500 5546 611 5623 (72)
664 5549 1060 5623 Ἐμπρῃρνμοί,
1096 5550 1201 5623 etc.
1233 5547 1528 5623 Aliud-irati
1572 5546 1840 5623 octoginta
1874 5556 1989 5623 pre-

427 5611 697 5690 sbiteros,
723 5611 824 5688 qui
857 5611 1217 5690 Nicomediam
1258 5617 1320 5690 ad
1359 5616 1630 5690 Valentem
1679 5613 1826 5665 missi
1873 5611 1987 5665 fue-

430 5683 572 5757 rant,
602 5683 800 5760 quique
834 5690 1059 5746 navibus
1088 5688 1318 5742 incensis
1359 5683 1611 5754 impositi,
1658 5691 1828 5737 morte
1859 5695 1983 5736 cru-

2074 3028 2222 3098 ἡμᾶς
2246 3043 2259 3055 ”
2295 3026 2344 3077 οἱ
2385 3024 2443 3077 δὲ
2480 3024 2846 3094 εἰσαγόμενοι,
2889 3024 3005 3076 ὅσοι
3059 3024 3158 3094 τῆς
3193 3021 3482 3092 βασιλικῆς
3544 3021 3661 3074 ἀπ-

2075 3117 2269 3180 ωλείας
2316 3115 2642 3186 ἐτύγχανον,
2689 3116 2737 3168 οἱ
2762 3114 2831 3168 τὰ
2858 3114 3203 3185 χειρόγραφα
3254 3113 3353 3184 τῆς
3399 3112 3661 3176 ἀσεϐείας

2077 3206 2453 3271 ἀπαιτοῦντες,
2480 3211 2527 3260 οἱ
2553 3208 2858 3278 γράφοντες
2904 3206 2973 3260 τά
3016 3205 3222 3258 τούτων
3266 3204 3347 3257 ἔτι
3400 3204 3660 3275 χαλεπώ-

2076 3317 2231 3371 τερα.
2306 3298 2697 3371 Πρεσϐυτὲρων
2765 3298 3086 3370 ἐμπρησμοὶ
3143 3296 3253 3369 (72)
3315 3295 3588 3350 θαλάττιοι
3639 3312 3657 3327 ο

2081 3392 2375 3462 στρατηγοὶ
2404 3390 2724 3454 δυσσεϐεῖς,
2771 3391 2832 3443 οὐ
2886 3390 3112 3462 Περσῶν
3161 3389 3492 3460 κρατοῦντες
3520 3430 3534 3454 ,
3591 3391 3660 3444 οὐ

2079 3481 2288 3542 Σκύθας
2333 3481 2707 3551 χειρούμενοι,
2743 3481 2842 3534 οὐκ
2886 3481 3014 3535 ἄλλο
3055 3497 3107 3533 τι
3143 3480 3473 3552 βαρϐαρικὸν
3506 3480 3663 3545 ἔθνος

2082 3573 2537 3645 ἀνακαθαίροντες
2563 3592 2577 3606 υ
2646 3574 2760 3629 ἀλλ’
2833 3574 3182 3644 Ἐκκλησίαις
3237 3574 3663 3644 ἐπιστρατεύονος

2082 3683 2171 3729 τες
2194 3664 2325 3736 (75),
2356 3665 2450 3718 καὶ
2491 3665 2892 3737 θυσιαστηρίων
2922 3666 3032 3736 (74)
3062 3665 3513 3737 κατορχούμενοι,
3561 3667 3662 3720 καὶ

2082 3757 2178 3820 τάς
2224 3756 2593 3826 ἀναιμάκτους
2635 3755 2825 3819 θυσίας
2869 3755 3169 3826 ἀνθρώπιον
3196 3757 3291 3810 xui.
3330 3755 3533 3810 θυσιῶν
3567 3758 3663 3811 αῖ-

2088 3865 2220 3919 μασι
2250 3848 2560 3919 χραίνοντες
2587 3888 2603 3911 ,
2641 3849 2736 3902 xu‘t
2782 3849 3067 3920 παρθένων
3116 3848 3250 3901 αἰδῶ
3302 3847 3664 3920 καθυϐρίζον-

2083 3957 2193 4002 τες.
2224 3941 2340 3994 ’Ίνα
2363 3941 2417 4017 τί
2449 3939 2708 4011 γένηταις
2745 3940 2843 3993 ⁹Ἰν’
2877 3939 3086 4011 ἐξωσθῇ
3120 3940 3221 4010 μὲν
3258 3937 3453 3993 Ἰακὼϐ
3483 3940 3599 4010 (75)
3632 3943 3667 3994 ὁ

2086 4034 2449 4103 πατριάρχης,
2504 4031 2828 4102 ἀντεισαχθῇ
2867 4032 2925 4085 δέ
2970 4031 3164 4098 Ἡσαῦ,
3214 4033 3243 4085 ὁ
3287 4031 3665 4102 μεμισημένος

2086 4124 2180 4175 xui.
2209 4122 2313 4193 πρὸ
2354 4122 2637 4191 γενέσεως.
2682 4123 2866 4176 Ταῦτα
2910 4122 3018 4176 τῶν
3066 4122 3298 4194 πρώτων
3340 4121 3505 4175 αὑτοῦ
3533 4138 3666 4176 νεα-

2089 4214 2391 4282 νιευμάτων
2416 4211 2485 4264 τὰ
2503 4212 2838 4284 διηγήματα,
2876 4212 2913 4267 ἀ
2940 4215 3036 4268 xui.
3071 4213 3230 4285 μέχρι
3272 4211 3366 4266 τοῦ
3391 4211 3489 4267 νῦν
3518 4216 3666 4268 κινεῖ

2015 4576 2060 4630 D
2089 4569 2356 4624 delissima
2387 4568 2724 4623 interierunt.
2761 4567 2879 4622 Bill.
2920 4587 2939 4619 ι
2971 4567 3189 4621 Marium
3221 4566 3664 4637 presbyterorum

2088 4650 2415 4693 exustIOIIt-s.
2441 4658 2457 4688 ι

2157 4709 2269 4776 (75)
2320 4707 2697 4775 Ἐκκλησίαις
2731 4707 3273 4774 ἐπιστρατεύοντες.
3322 4703 3498 4776 Pass,
3541 4706 3665 4760 ’Ex-

2087 4774 2311 4849 κλησίας
2362 4774 3269 4849 uvuxuOuipovrsq.Sebastianus,
3326 4774 3664 4849 Manichteus

2087 4844 2189 4900 dun
2223 4849 2509 4909 exercitus,
2553 4844 2778 4901 accensa
2812 4847 3152 4901 Alexandriae.
3187 4859 3339 4913 pyra,
3368 4844 3434 4896 ad
3481 4845 3665 4914 ignem

2088 4918 2406 4996 denudatas__
2439 4917 2687 4996 virgines
2726 4918 2969 4996 admotas
3029 4914 3433 4996 _compellehat,
3492 4923 3552 4968 ut
3607 4931 3667 4969 se

2087 4987 2315 5041 Arianas
2357 4983 2616 5041 dicerent.
2652 4986 2855 5039 Deinde
2900 4984 3260 5053 quadraginta
3314 4983 3459 5035 viros
3506 4998 3665 5038 acer-

2086 5057 2307 5110 bissime
2356 5056 2636 5110 cruciavit.
2678 5056 2759 5108 Ad
2809 5055 2945 5108 hanc
3001 5053 3374 5108 crudelitatem
3429 5053 3667 5107 accessit

2086 5125 2346 5193 sacrilega
2389 5126 2751 5179 adolescentis
2782 5125 3058 5193 cujusdam
3095 5121 3417 5193 petulantia,
3462 5122 3556 5191 qui
3585 5124 3667 5177 alo

2088 5204 2204 5247 tare
2237 5192 2619 5259 cunscendens,
2652 5196 2701 5246 in
2730 5208 2797 5246 eo
2822 5192 3057 5247 saltavit.

2158 5264 2269 5332 (74)
2308 5263 2417 5317 Καὶ
2451 5258 2916 5331 θυσιαστηρίων,
2958 5272 3061 5316 etc.
3113 5279 3133 5312 ι
3162 5258 3441 5332 Altaribtts
3487 5259 3663 5332 insul-

2088 5329 2302 5387 tantes:
2340 5336 2390 5386 in
2423 5349 2606 5388 eorum
2652 5329 3032 5387 contumeliam
3065 5340 3117 5385 et
3162 5329 3512 5398 opprobrium
3546 5330 3657 5384 sal-

2099 5413 2291 5456 tantes.
2314 5422 2332 5454 ι
2372 5403 2615 5471 Budzeus,
2646 5420 2665 5454 ι
2696 5404 2942 5471 tripudiis
2971 5402 3402 5471 dehonestantes.
3429 5416 3449 5448 ι

2167 5472 2279 5539 (75)
2332 5470 2542 5532 Ἰακώϐ,
2568 5483 2673 5525 etc.
2719 5467 2820 5524 Per
2862 5490 2880 5522 ι
2906 5472 3092 5535 Jacob,
3135 5467 3667 5539 Athanasiumrtia-

2094 5537 2302 5610 teliigit.
2342 5542 2445 5596 Per
2493 5540 2696 5612 gEsau,
2731 5540 3045 5610 Georgium,
3071 5559 3090 5591 ι
3113 5540 3248 5612 Δ(ιιιὶ,
3283 5537 3455 5604 eiecto
3490 5537 3666 5592 Atha-

2091 5606 2264 5681 nasio,
2305 5613 2359 5668 in
2396 5606 2720 5682 ejus'locum
2756 5606 3077 5680 subrogatus
3106 5606 3302 5664 fuerat.
