3902 6218
392 250 507 316 359
1607 243 1665 298 S.
1704 241 2034 299 GBEGORll
2074 238 2421 297 TllEOLOGl
3559 238 3709 295 560.

397 376 531 432 satis
565 374 723 445 digna
765 368 1009 424 oratione
1049 363 1419 433 complectar?
1459 362 1590 428 Qua:
1622 371 1714 414 tua
1762 372 1861 427 est,
1899 364 1983 417 in-

2098 360 2203 415 πὼν
2235 358 2418 432 (οὔπω
2456 357 2565 430 γὰρ
2597 356 2894 412 ἐπίσκοπον
2925 356 3081 428 ἠξίου
3112 355 3367 426 καλεῖν),
3411 356 3479 410 τὸ
3512 359 3694 412 κατὰ

397 468 536 539 quit,
565 466 733 532 ratio,
761 463 889 516 heus
926 470 1004 524 tu,
1035 457 1256 514 nomine
1279 455 1433 509 illum
1456 454 1790 521 compellans
1818 453 1977 525 (nou-

2098 454 2375 506 τοσούτου
2402 451 2657 519 κράτους
2687 447 2937 519 τολμᾷν,
2974 448 3073 503 καὶ
3102 450 3295 519 μόνον
3315 447 3435 504 τῶν
3460 449 3698 505 ἄλλων

401 559 527 612 dum
592 555 735 611 enim
784 567 906 607 eum
975 549 1284 618 episcopum
1352 560 1552 599 vocare
1603 544 1978 614 dignabatur);

2098 542 2665 607 ὶπαυθαδιάζεσθαι;
2718 542 2828 596 Τοῦ
2875 540 3090 611 χάριν,
3143 542 3172 594 ὁ
3202 541 3465 609 γεννάδας
3510 540 3692 612 φησι,

400 658 457 703 ut
483 655 629 701 tanto
646 642 954 711 imperatori
980 640 1228 692 obsistere
1246 637 1468 700 audeas,
1485 636 1730 706 solusque
1749 636 1982 689 omnium

2098 636 2182 689 ιιαὶ
2229 637 2322 701 τίς
2359 637 2397 703 ἡ
2444 635 2739 698 (inorata;
2788 634 2963 687 Οὔπω
2996 634 3108 702 γὰρ
3159 632 3277 702 ἔχω
3328 632 3690 703 γινώσκειν.

401 738 783 794 contumaciter
833 746 881 788 te
920 731 1111 804 geras?
1159 730 1447 796 Quorsum,
1501 729 1779 799 respondit
1829 727 1985 782 Basi-

400 831 524 897 lius,
557 829 667 884 ἠως
690 827 860 881 oratio
890 832 1110 890 spectat,
1149 832 1197 874 et
1227 835 1469 890 quamam
1507 821 1620 874 hac
1653 818 1985 872 contumacia

401 931 452 977 et
490 920 839 990 arrogantia?
875 916 1124 969 Nondum
1145 915 1282 967 enim
1315 913 1369 965 id
1400 912 1531 965 satis
1558 911 1816 979 intelligo.
1846 911 1986 975 Quo-

401 1016 567 1079 niam,
597 1011 772 1080 inquit
800 1010 908 1073 ille,
957 1007 1287 1075 imperatoris
1320 1006 1621 1075 religionem
1651 1005 1867 1058 minime
1894 1020 1985 1057 co—

402 1106 490 1170 lis,
534 1103 774 1157 omnibus
821 1100 942 1152 aliis
974 1099 1091 1168 jam
1130 1097 1399 1149 inclinatis
1447 1112 1508 1149 ac
1544 1095 1826 1161 superatis.
1859 1094 1986 1148 Non

402 1194 561 1258 enim,
599 1189 772 1259 inquit
807 1187 1060 1253 Basilius,
1090 1186 1200 1239 hac
1230 1185 1335 1239 uult
1371 1186 1656 1251 imperator
1695 1201 1863 1249 meus,
1894 1200 1987 1238 nec

403 1298 511 1336 rem
554 1280 723 1335 ullam
771 1288 1001 1333 creatam
1043 1278 1269 1329 adorare
1301 1276 1555 1341 sustineo,
1584 1275 1749 1345 807
1780 1292 1897 1329 cum
1936 1284 1988 1327 et

403 1374 512 1438 ipse
557 1388 589 1425 a
636 1370 740 1424 Deo
789 1377 998 1423 creatus
1042 1370 1161 1429 sim,
1212 1378 1259 1419 et
1309 1367 1436 1419 deus
1479 1383 1589 1421 esse
1626 1367 1840 1436 jubear.
1873 1364 1987 1419 Nos

403 1480 548 1531 vero,
592 1463 772 1530 inquit
804 1459 922 1523 ille,
955 1459 1079 1530 quid
1105 1458 1317 1511 tandem
1345 1457 1437 1510 tibi
1467 1457 1700 1510 uidemur
1721 1457 1747 1508 ?
1773 1454 1990 1508 Nihilne

404 1571 586 1608 sumus
619 1554 708 1623 qui
740 1550 1141 1620 hazcjubemus?
1177 1547 1317 1613 Quid
1349 1548 1552 1619 igitur?
1585 1546 1708 1600 Non
1738 1563 1990 1616 magnum

2087 726 2216 779 Ὅτι
2242 725 2329 794 μὴ
2359 724 2431 778 τὰ
2449 722 2757 789 βασιλέως
2787 723 3161 792 θρησκεύεις,
3207 723 3363 793 φησὶ,
3390 722 3512 776 τῶν
3560 722 3695 775 ἆλ-

2085 824 2212 875 λων
2240 820 2525 876 ἁπάντων
2561 819 3011 874 ὑποκλιθέντων
3055 817 3152 871 καὶ
3186 816 3552 886 ἡττημένων.
3588 819 3696 871 Οὐ

2086 912 2198 981 γὰρ
2221 912 2429 973 ταῦτα,
2462 910 2590 980 ἔφή,
2606 909 2911 975 βασιλεὺς
2944 912 2977 962 ὁ
2994 908 3136 978 ἐμὸς
3161 909 3453 973 βούλεται
3472 926 3486 939 ’
3527 907 3698 963 οὐδὲ

2088 1002 2314 1071 κτίσμα
2345 1020 2401 1056 τι
2433 1001 2808 1069 προσκυνεῖν
2828 999 3139 1069 ἀνέχομαι,
3172 999 3320 1053 Θεοῦ
3348 1017 3412 1053 τε
3448 1000 3698 1069 κτίσμα

2088 1091 2425 1162 τυγχάνων,
2452 1091 2550 1145 καὶ
2580 1092 2715 1157 θεὸς
2734 1087 2889 1145 εἷναι
2928 1090 3431 1159 κεκελευσμένος.
3482 1090 3699 1160 Ἡμεῖς

2087 1184 2156 1237 δὲ
2198 1184 2254 1237 τί
2282 1198 2383 1237 σοι
2422 1182 2747 1252 δοκοῦμεν;
2785 1184 2856 1237 Ἢ
2889 1182 3072 1238 οὐδὲν
3114 1183 3245 1252 (90),
3287 1182 3428 1253 ἔφη,
3483 1182 3696 1236 ταῦτα

2091 1274 2608 1342 προστάττοντεςς
2648 1275 2710 1328 Τί
2731 1274 2831 1327 δαί
2850 1291 2869 1339 ;
2903 1276 2975 1329 οὐ
3004 1274 3159 1344 μέγα
3197 1290 3297 1328 σοι
3330 1273 3400 1327 τὸ
3437 1273 3569 1342 μεθ’
3610 1274 3696 1341 ή-

2084 1365 2218 1436 μῶν
2238 1364 2537 1435 τετάχθαι,
2565 1365 2665 1420 xal
2695 1366 3021 1432 κοινωνοὺς
3036 1366 3201 1433 ἔχειν
3224 1364 3418 1434 apag,-
3446 1365 3469 1383 "
3484 1366 3694 1433 Υπαρ-

2090 1475 2185 1528 χοι
2210 1457 2347 1526 μὲν,
2393 1459 2580 1527 φησὶν,
2644 1458 2837 1527 ὑμεῖς,
2892 1457 2991 1510 καὶ
3032 1456 3155 1510 τῶν
3180 1456 3512 1526 ἐπιφανῶν,
3564 1457 3693 1509 οὐκ

2089 1548 2431 1618 ἀρνήσομαι
2464 1567 2477 1580 ·
2520 1551 2687 1603 οὔπω
2735 1549 2804 1602 δὲ
2852 1549 3001 1604 Θεοῦ
3054 1548 3399 1617 τιμιώτεροι.
3458 1547 3574 1601 Καὶ
3612 1545 3689 1601 τὸ

405 1658 452 1700 et
487 1643 836 1712 honoriﬁcum
861 1641 1130 1695 existimas
1173 1640 1240 1693 ad
1277 1648 1484 1693 nostras
1528 1648 1701 1706 partes
1741 1639 1985 1707 adjungi,

2098 1640 2421 1706 κοινωνοὺς
2435 1640 2619 1710 ἔχειν,
2643 1640 2800 1710 μέγα
2822 1641 2942 1709 μὲν
2965 1638 3114 1706 (πῶς
3137 1639 3251 1708 γὰρ
3278 1639 3388 1702 οὔ;
3416 1638 3691 1707 πλάσμα

407 1739 680 1808 sociosque
735 1751 829 1789 nos
876 1734 1064 1786 habere
1087 1732 1113 1785 ?
1148 1732 1224 1784 Ad
1272 1731 1387 1786 base
1417 1730 1645 1785 Basilius
1674 1748 1688 1784 :
1741 1730 1842 1784 Vos
1870 1730 1984 1797 qui-

2098 1730 2238 1786 Θεοῦ
2293 1732 2393 1785 καὶ
2440 1731 2668 1803 ὑμεῖς),
2700 1732 2839 1786 ἀλλ’
2884 1731 3031 1785 ὡσεί
3071 1748 3238 1797 τινας
3282 1731 3516 1797 ἄλλους
3556 1727 3691 1783 τῶν

405 1833 526 1885 'dem
556 1828 789 1898 prtefecti
838 1826 983 1887 estis,
1012 1834 1061 1876 et
1097 1822 1305 1891 quidem
1337 1822 1593 1883 illustres,
1628 1837 1734 1875 non
1776 1822 1985 1891 inﬁcias

2098 1823 2195 1894 ὑφ’
2222 1824 2365 1895 ἡμῖν
2391 1825 2501 1895 (9i)
2534 1824 2926 1894 τεταγμένων.
2945 1825 3029 1878 Οὐ
3057 1827 3169 1895 γὰρ
3196 1822 3544 1891 προσώποις
3570 1822 3693 1876 τὸν

408 1936 507 1985 eo;
552 1917 766 1971 minime
801 1926 975 1968 tamen
1010 1911 1119 1966 Deo
1154 1913 1572 1981 prwstantiores.
1614 1910 1797 1967 Socios
1818 1922 1988 1969 autem

2098 1916 2587 1986 Χριστιανισμὸν,
2614 1915 2777 1969 ἀλλὰ
2808 1916 3009 1969 πίστει
3051 1913 3607 1984 χαρακτηρίζεσθαι.

410 2029 496 2066 vos
551 2010 741 2065 habere
794 2007 926 2062 mihi
984 2005 1198 2077 quidem
1249 2004 1479 2072 amplum
1537 2013 1585 2059 et
1646 2005 1991 2074 honoriﬁcum
2030 2006 2187 2075 fuerit
2215 2007 2419 2077 (quidni
2454 2009 2761 2078 enim?ipsi
2796 2024 2998 2078 quoque
3057 2010 3150 2064 Dei
3216 2019 3468 2066 creatura
3501 2009 3685 2075 estis);

410 2110 500 2166 sed
524 2118 577 2162 ut
615 2108 750 2161 alios
778 2104 1033 2173 quosdam
1062 2118 1126 2156 ea:
1154 2100 1255 2165 his,
1290 2099 1379 2169 qui
1412 2099 1559 2152 nobis
1597 2098 1817 2167 subjecti
1837 2109 1980 2156 sunt.
2026 2097 2148 2154 Non
2183 2104 2323 2157 enim
2372 2120 2720 2174 personarum
2783 2103 3057 2173 dignitate,
3134 2106 3219 2159 sed
3255 2105 3360 2174 [ide
3408 2103 3690 2159 Christia—

413 2203 614 2258 nistnus
642 2199 952 2269 insignitur.

488 2293 670 2349 XLIX.
700 2293 814 2347 llac
841 2291 1088 2346 oratione
1122 2297 1423 2343 commotus
1452 2287 1759 2356 praefectus,
1790 2303 1854 2345 ac
1882 2304 1994 2343 ma-

408 2387 514 2458 jori
540 2386 623 2441 ira
645 2397 963 2448 succensus,
986 2381 1054 2436 de
1078 2380 1332 2435 subsellio
1361 2382 1618 2447 surrexit,
1646 2388 1809 2450 atque
1830 2396 1988 2449 aspe-

415 2477 649 2531 rioribus
680 2474 859 2528 verbis
885 2489 1006 2528 cum
1059 2488 1124 2527 eo
1167 2486 1331 2541 agere
1372 2472 1630 2539 perrexit.
1666 2472 1849 2538 Quid?
1887 2472 1990 2527 Ρο-

410 2578 649 2622 testatem
678 2569 812 2620 hanc
841 2580 945 2619 non
973 2564 1292 2633 pertimescis
1310 2563 1336 2616 .9
1372 2561 1482 2616 Cur
1512 2580 1632 2618 vero
1659 2565 1989 2639 pertimesce-

415 2674 543 2722 rent,
586 2657 760 2727 inquit
784 2655 1052 2709 Basilius?
1090 2654 1228 2719 Quid
1254 2654 1385 2722 ﬁet?
1412 2653 1552 2719 Quid
1581 2656 1799 2719 patiar?
1845 2655 1986 2720 Quid

414 2749 652 2817 patieris,
677 2745 854 2800 intulit
879 2745 1007 2797 ille?
1053 2742 1229 2797 Unum
1262 2760 1291 2798 e
1330 2753 1440 2797 tam
1484 2742 1688 2808 multis,
1718 2760 1837 2814 qua:
1864 2761 1993 2799 mea:

416 2850 539 2895 sunt
578 2838 874 2909 potestatis.
912 2835 1171 2901 Quianam
1212 2836 1344 2900 ha'c,
1393 2834 1668 2904 subiungit
1722 2835 1997 2892 Basilius?

421 2931 535 2987 Fac
562 2934 700 2986 enim
741 2929 1113 2999 intelligamus.
1157 2925 1449 2992 Bonorum,
1498 2928 1673 2997 inquit
1714 2928 1824 2993 ille,
1871 2943 1997 2997 pro-

2173 2282 2299 2339 ΜΘ.
2334 2283 2468 2337 Τότε
2515 2282 2579 2354 δὴ
2616 2282 2907 2353 κινηθέντα
2956 2281 3046 2334 τὸν
3099 2279 3363 2350 ὕπαρχον,
3419 2277 3575 2341 ζέσαι
3620 2293 3688 2329 τε

2097 2378 2261 2431 πλέον
2278 2376 2357 2447 τῷ
2400 2374 2575 2447 θυμῷ,
2608 2376 2702 2428 καὶ
2732 2374 2829 2445 τῆς
2861 2372 3128 2444 καθέδρας
3176 2369 3552 2438 ἐξαναστῆναι,
3579 2368 3689 2422 καὶ

2096 2468 2453 2541 τραχυτέροις
2485 2466 2621 2538 πρὸς
2649 2465 2812 2518 αὐτὸν
2838 2462 3145 2537 χρήσασθαι
3183 2459 3381 2528 λόγοις.
3428 2459 3487 2512 Tl
3522 2457 3629 2511 δαί
3662 2460 3688 2519 ξ

2095 2564 2167 2614 οὐ
2201 2557 2356 2628 φοϐῇ
2384 2558 2499 2625 τὴν
2516 2556 2829 2621 ἐξουσίαν,
2886 2552 3085 2623 φησίν;
3136 2550 3231 2618 Μὴ
3270 2550 3330 2602 τί
3381 2547 3628 2619 γένηται
3665 2564 3688 2609 ;

2087 2654 2174 2724 μὴ
2205 2652 2273 2707 δὲ
2300 2654 2358 2706 τί
2384 2650 2579 2714 πάθω;
2606 2650 2703 2718 Μὴ
2722 2650 2777 2702 τί
2790 2664 2808 2712 ;
2847 2646 2969 2701 Τῶν
2993 2643 3240 2699 πολλῶν
3257 2642 3347 2706 ἓν,
3366 2640 3405 2695 ἆ
3428 2639 3539 2709 τῆς
3562 2638 3685 2712 (9‘2)

2090 2746 2243 2816 ἐμῆς
2271 2743 2632 2808 δυναστείας
2660 2741 2851 2795 ἐστίν.
2884 2740 3024 2793 Τίνα
3050 2737 3276 2798 causa;
3310 2732 3690 2806 γνωριζέσθω

2094 2838 2204 2909 γὰρ
2238 2836 2403 2907 ἡμῖν.
2445 2835 2768 2905 Δήμευσιν,
2800 2832 3063 2899 ἑξορίαν,
3102 2828 3458 2895 βασάνους,
3496 2825 3690 2881 θάνα-

2092 2948 2220 2983 τον.
2251 2929 2323 2981 Εἴ
2349 2947 2403 2982 τι
2424 2927 2599 2993 ἄλλο,
2633 2927 2817 2996 φησὶν,
2845 2924 3081 2977 ἀπείλει
3103 2940 3118 2953 ’
3148 2923 3380 2976 τούτων
3430 2920 3543 2990 γὰρ
3575 2921 3687 2975 οὐ-

415 3025 771 3091 scriptionem,
813 3020 1078 3080 exsilium,
1112 3020 1401 3082 cruciatus,
1439 3029 1677 3072 mortem.
1717 3019 1853 3074 Tum
1889 3020 1991 3075 Bs-

2098 3022 2200 3075 δὲν
2225 3020 2399 3091 ἡμῶν
2430 3018 2693 3074 ἅπτεται.
2726 3017 2836 3070 Καὶ
2867 3004 2959 3070 τὸν
2981 3016 3157 3069 εἰπεῖν
3176 3031 3190 3045 ·
3226 3012 3361 3079 Πῶς
3399 3012 3498 3066 καὶ
3542 3012 3690 3064 τίνα

419 3115 569 3168 silius
595 3130 608 3166 :
639 3111 698 3167 Si
721 3113 847 3181 quid
878 3108 1025 3162 aliud
1052 3109 1229 3171 habes,
1253 3110 1306 3163 id
1332 3109 1477 3161 nobis
1505 3110 1772 3163 minitare.
1788 3113 1991 3165 Horum

417 3205 575 3270 enim,
603 3219 719 3273 qua:
746 3205 918 3255 adhuc
957 3201 1398 3264 commemorasti,
1433 3200 1568 3253 nihil
1612 3216 1705 3254 nos
1761 3202 1991 3271 attingit.

421 3297 666 3362 Quonam
709 3295 884 3360 modo,
920 3292 1095 3362 inquit
1145 3291 1281 3346 ille?
1308 3290 1595 3356 Quoniam,
1630 3292 1806 3362 inquit
1842 3293 1996 3348 Basi-

419 3391 549 3453 lius,
602 3389 855 3441 bonorum
894 3383 1266 3449 proscriptioni
1311 3384 1566 3437 obnoxius
1614 3400 1718 3437 non
1759 3394 1857 3449 est,
1900 3386 1995 3453 qui

420 3480 550 3534 nihil
571 3478 759 3540 habet;
787 3477 888 3528 nisi
922 3477 1055 3544 forte
1076 3472 1265 3526 laceris
1288 3483 1335 3526 et
1378 3472 1586 3526 detritis
1619 3474 1761 3527 hisce
1805 3472 1995 3542 pannis

420 3573 621 3639 indiges
660 3585 722 3621 ac
762 3569 944 3636 paucis
989 3564 1198 3628 libellis,
1224 3566 1277 3618 in
1317 3566 1503 3635 quibus
1530 3580 1707 3619 omnes
1744 3564 1873 3619 mihi
1912 3567 1997 3633 fa-

421 3661 638 3715 cultates
654 3668 701 3712 et
721 3660 882 3726 copia:
910 3670 1051 3710 sunt.
1070 3655 1329 3711 Exsilium
1351 3667 1525 3711 autem
1545 3658 1688 3710 haud
1717 3672 1994 3725 cognosco,

420 3752 511 3820 qui
544 3750 687 3803 nullo
714 3751 827 3802 loco
861 3748 1283 3817 circumscriptus
1319 3764 1473 3810 sum;
1504 3763 1567 3800 ac
1601 3763 1763 3815 neque
1797 3756 1996 3801 terram

422 3849 578 3909 hanc,
605 3859 762 3913 quam
794 3858 927 3894 nunc
952 3842 1328 3905 incolo,meam
1355 3841 1538 3904 habeo,
1556 3849 1605 3894 et
1634 3857 1748 3893 eam
1769 3857 1994 3905 omnem,

422 3938 477 3989 in
514 3950 670 4006 quam
726 3933 990 4002 projectus
1038 3932 1208 3999 fuero,
1252 3945 1346 3997 pro
1397 3946 1510 3984 mea
1557 3931 1725 3991 duco;
1769 3932 1897 3997 into,
1939 3942 1996 3985 ut

424 4028 613 4082 rectius
643 4026 850 4095 loquar,
883 4024 1182 4077 universam
1207 4032 1400 4075 terram
1434 4020 1528 4074 Dei
1552 4038 1662 4075 esse
1691 4023 1996 4091 scio,cujus

422 4120 625 4173 advena
659 4134 751 4187 ego
783 4132 899 4171 sunt
945 4124 995 4169 et
1043 4114 1364 4185 peregrinus.
1408 4114 1531 4167 Jam
1571 4125 1832 4169 tormenta
1869 4118 1996 4186 quid

426 4214 657 4281 accipere
682 4219 897 4281 queant,
926 4225 1044 4262 cum
1077 4224 1264 4272 corpus
1292 4208 1443 4271 desit,
1481 4206 1584 4260 nisi
1613 4207 1746 4275 forte
1771 4211 1998 4275 primam

2099 3112 2321 3180 τρόπον
2332 3126 2351 3174 ;
2384 3111 2511 3163 Ὅτι
2536 3125 2644 3173 τοι,
2680 3107 2803 3179 ἔφη,
2831 3106 3117 3175 δημεύσει
3136 3104 3254 3175 μὲν
3282 3106 3396 3174 οὐχ
3424 3104 3685 3167 ἀλωτὸς,

2097 3208 2131 3258 ὁ
2163 3202 2357 3273 μηδὲν
2385 3202 2564 3271 ἔχων,
2593 3200 2760 3269 πλὴν
2787 3202 2840 3253 εὶ
2870 3201 3098 3253 τούτων
3132 3198 3380 3268 χρήσεις
3421 3196 3530 3266 (95)
3558 3193 3692 3248 τῶν

2097 3295 2393 3364 τρυχίνων
2435 3311 2555 3362 μου
2597 3293 2847 3361 ῥακίων,
2901 3291 3001 3345 καὶ
3033 3292 3291 3356 βιϐλίων
3336 3291 3578 3359 ὀλίγων,
3605 3287 3689 3341 ἐν

2096 3382 2187 3452 οἷς
2217 3389 2250 3439 ὀ
2279 3384 2397 3451 πᾶς
2424 3385 2551 3454 ἐμοὶ
2570 3386 2735 3450 βίος.
2792 3385 3069 3451 Ἐξορίαν
3100 3383 3169 3437 δὲ
3202 3386 3276 3438 οὐ
3317 3382 3610 3453 γινώσκω,
3646 3384 3687 3434 ό

2098 3477 2306 3547 μηδενὶ
2333 3480 2497 3544 τόπῳ
2516 3478 2937 3547 περίγραπτος,
2966 3475 3065 3530 καὶ
3084 3474 3238 3545 μήτε
3266 3476 3493 3542 ταύτην
3515 3473 3686 3541 ἔχων

2096 3569 2271 3639 ἐμὴν,
2308 3568 2390 3637 ἣν
2426 3567 2571 3623 οἰκῶ
2607 3570 2745 3633 νῦν,
2776 3568 2875 3623 καὶ
2902 3568 3111 3623 πᾶσαν
3134 3567 3307 3638 ἐμὴν,
3344 3569 3433 3632 είς
3480 3564 3562 3633 ἣν
3599 3565 3685 3618 ἂν

2093 3661 2246 3731 ριφῶ
2265 3680 2278 3690 '
2302 3660 2543 3732 μᾶλλον
2571 3660 2660 3724 δὲ,
2690 3662 2796 3715 τοῦ
2829 3661 2981 3716 Θεοῦ
3010 3660 3122 3729 (94)
3153 3659 3381 3724 πᾶσαν,
3421 3653 3494 3714 οὗ
3527 3656 3687 3725 πάρ-

2097 3772 2258 3820 οικος
2284 3753 2400 3823 ἐγὼ
2430 3754 2528 3807 καὶ
2563 3753 2992 3825 παρεπίδημος.
3015 3750 3370 3817 Αἱβάσανοι
3404 3749 3492 3815 δὲ,
3525 3749 3583 3802 τί
3602 3748 3688 3801 ἂν

2096 3845 2363 3912 λάϐοιεν,
2391 3847 2504 3901 οὐκ
2535 3846 2709 3913 ὄντος
2731 3845 3024 3916 σώματος,
3046 3845 3214 3913 πλὴν
3225 3847 3279 3899 εί
3299 3844 3415 3912 τὴν
3434 3841 3687 3911 πρώτην

2095 3938 2297 4008 λέγοις
2312 3937 2591 4008 acturust;
2626 3939 2851 4005 Ταύτης
2874 3937 2985 4006 γὰρ
3004 3937 3085 3991 σὺ
3096 3940 3291 4007 μόνης
3314 3936 3426 4006 (95)
3448 3936 3682 4002 κύριος.

2110 4028 2163 4082 Ὁ
2192 4025 2261 4079 δὲ
2287 4026 2542 4094 θάνατος
2566 4026 2899 4095 εὐεργέτης.
2933 4027 3043 4081 Καὶ
3071 4026 3184 4097 γὰρ
3211 4026 3426 4080 θᾶττον
3454 4023 3684 4093 πέμψει

2091 4136 2169 4189 με
2200 4119 2350 4187 πρὸς
2381 4120 2550 4186 Θεὸν,
2604 4113 2653 4186 ᾧ
2702 4118 2794 4182 ζῶ,
2846 4120 2945 4173 καὶ
2994 4123 3377 4188 πολιτεύομαι
3405 4116 3542 4189 (96),
3579 4115 3685 4169 καὶ

2096 4211 2176 4277 τῷ
2201 4212 2468 4279 πλείστῳ
2499 4211 2633 4284 (97),
2664 4210 2939 4281 τέθνηκα,
2968 4212 3067 4265 καὶ
3120 4212 3270 4279 πρὸς
3318 4210 3391 4263 ὃν
3436 4209 3684 4279 ἐπείγο-

424 4304 634 4372 plagam
664 4301 904 4354 diaeris?
932 4298 1107 4368 Hujus
1124 4299 1259 4351 enim
1289 4298 1451 4351 solius
1473 4314 1626 4361 penes
1646 4306 1693 4351 te
1717 4299 1991 4351 arbitrium

2098 4321 2198 4372 μαι
2230 4306 2554 4373 πόρρωθεν.

424 4404 473 4447 et
511 4404 736 4462 potestas
778 4400 875 4445 est.
909 4389 1054 4444 Mors
1088 4405 1243 4455 porro
1273 4389 1509 4455 bene/icii
1558 4389 1687 4441 mihi
1719 4389 1833 4444 loco
1855 4392 1989 4456 erit;
2024 4394 2178 4449 citius
2210 4398 2346 4449 enim
2388 4413 2468 4451 me
2503 4398 2573 4450 ad
2610 4396 2778 4451 Deum
2805 4400 3145 4466 transmittet,
3171 4399 3256 4451 cui
3288 4398 3398 4451 vivo
3456 4407 3506 4450 et
3568 4412 3688 4449 ser-

424 4491 525 4552 vio,
561 4487 894 4554 maximaque
930 4499 994 4536 ex
1032 4492 1180 4551 parte
1223 4489 1442 4534 mortem
1480 4479 1609 4544 obii,
1658 4491 1707 4534 et
1743 4483 1812 4535 ad
1848 4500 2001 4551 quem
2032 4486 2350 4555 jampridem
2373 4505 2613 4556 prapero.

494 4581 553 4636 L.
592 4580 707 4645 Quo
733 4591 980 4632 sermone
1012 4574 1415 4642 obstupefactus
1436 4573 1722 4642 praefectus
1753 4593 1769 4629 :
1802 4575 1991 4642 Nemo,

2170 4580 2253 4633 N'.
2285 4580 2505 4645 Τούτοις
2538 4581 2956 4649 καταπλαγέντα
2989 4579 3081 4632 τὸν
3123 4579 3390 4649 ὕπαρχον,
3442 4579 3677 4646 Οὐδεὶς,

425 4674 619 4745 inquit,
672 4687 753 4723 me
802 4670 1129 4740 (nomenque
1184 4681 1342 4721 suum
1398 4666 1679 4736 adjungit),
1734 4668 1804 4720 ad
1856 4668 1991 4722 hunc

2098 4670 2276 4739 φάναι,
2303 4669 2480 4740 μέχρι
2504 4671 2611 4725 τοῦ
2639 4672 2755 4725 νῦν
2785 4671 2975 4735 οὕτως
3015 4670 3145 4738 ἐμοὶ
3197 4668 3542 4733 διείλεκται,
3577 4671 3680 4724 καὶ

422 4781 584 4835 usque
624 4765 785 4824 diem,
844 4761 942 4823 ita,
995 4775 1085 4812 nec
1128 4759 1244 4827 pari
1292 4759 1565 4811 verborum
1614 4758 1865 4823 libertate,
1918 4770 1994 4813 est

423 4855 703 4909 allocutus.
739 4850 920 4920 Neque
952 4850 1110 4914 enim,
1141 4850 1216 4903 ait
1250 4846 1498 4916 Basilius,
1537 4849 1759 4917 fortasse
1792 4850 1849 4903 in
1880 4853 1990 4918 epi-

497 5050 610 5122 (90)
649 5046 950 5122 Ἡξοὺδέν,
997 5056 1123 5122 el_c._
1170 5045 1290 5122 Bill.
1357 5044 1560 5122 t_ni_liil
1614 5062 1765 5113 sane,
1815 5051 1990 5120 inquit

428 5117 677 5184 BaSilius,
719 5120 846 5173 dum
894 5121 1008 5172 hinc
1049 5117 1269 5184 jubetis.
1319 5134 1337 5168 ι
1390 5117 1496 5169 Sed
1546 5132 1826 5185 perperam
1879 5117 1991 5175 Ιίιιξο

426 5192 588 5245 verba
634 5188 831 5245 Basilio
874 5187 1083 5241 tribuit.
1114 5185 1345 5240 Codices
1394 5189 1480 5240 Iun
1514 5197 1570 5240 et
1620 5193 1689 5256 ph
1744 5191 1993 5245 iudicant

428 5264 542 5317 haec
576 5262 736 5315 verba
769 5273 889 5313 esse
922 5256 1179 5326 praefecti.
1212 5257 1292 5310 Ad
1318 5256 1528 5310 illorum
1563 5261 1706 5311 enim
1741 5261 1986 5316 codicum

425 5346 579 5386 oram
605 5331 838 5399 legitur:
874 5329 1180 5399 eloquente
1213 5328 1465 5399 praelecto
1505 5326 1791 5399 :_Nihilne,
1825 5348 1842 5380 s
1881 5339 1984 5384 etc.

499 5401 609 5472 (91)
647 5394 776 5472 ίὟίφΪ
820 5396 985 5467 ἡμῖν.
1020 5395 1268 5472 Coisl._l,
1314 5395 1463 5472 Puta,
1506 5394 1649 5472 _.les.,
1691 5399 1780 5469 ὑφ’
1812 5399 1993 5470 ὑμῶν.

426 5466 603 5533 Pass;
635 5469 725 5538 ὑφ’
756 5466 1085 5538 ὑμῖν-ι-αυί
1116 5468 1269 5538 vobis
1294 5466 1519 5538 subjecti
1545 5478 1689 5538 sunt.
1728 5466 1749 5522 ἰ

499 5540 611 5611 (92)
644 5535 740 5606 Μὴ
775 5535 1317 5611 τίλΤῶηπολλῶν
1352 5536 1424 5611 έν
1446 5535 1505 5611 ,(2
1533 5537 1691 5611 τῆςη
1715 5549 1821 5596 etc.
1857 5539 1993 5608 Reg.

424 5605 611 5681 Cypri,
632 5605 797 5681 Mira;
832 5608 940 5662 τῶν
975 5606 1190 5681 πολλῶν
1215 5605 1506 5681 ἒν-κάμψῃ
1552 5605 1633 5671 σε,
1669 5607 1706 5662 ἃ
1734 5611 1854 5681 τῆς,
1886 5605 1993 5665 etc.

428 5677 601 5747 nium
629 5677 913 5737 lectionem
942 5679 1133 5751 probat
1151 5677 1528 5746 CombeliSius,
1549 5688 1607 5736 et
1628 5677 1800 5737 vertit
1824 5699 1837 5735 :
1870 5699 1889 5733 ι
1919 5681 1996 5737 Ne

2087 4765 2235 4830 μετὰ
2292 4763 2589 4831 τοσαύτης
2614 4763 2725 4830 τῆς
2771 4762 3135 4831 παρρησίας,
3194 4760 3256 4813 τὸ
3306 4758 3503 4813 ἑαυτοῦ
3553 4760 3669 4831 (98)

2098 4853 2356 4924 προσθεὶς
2376 4855 2566 4925 ὄνομα.
2598 4854 2751 4910 Οὐδὲ
2787 4854 2899 4923 γὰρ
2956 4853 3273 4919 ἐπισκόπφ
3348 4852 3520 4918 ἴσως,
3567 4869 3679 4923 φη-

2088 5063 2251 5102 unum
2279 5064 2309 5103 e
2341 5050 2553 5115 multis,
2588 5067 2708 5122 quin
2751 5067 2885 5107 mete
2928 5059 3056 5108 sunt
3106 5047 3417 5122 potestatis,
3461 5046 3680 5120 frangat

2089 5127 2164 5183 te,
2189 5122 2335 5174 etde
2370 5124 2640 5179 sententia
2680 5125 2972 5177 dimoveat.
3014 5139 3041 5172 s

2163 5188 2276 5266 (ξιξ)
2306 5191 2763 5266 {ipsimae-Par»
2793 5192 3039 5266 maias.

2161 5257 2273 5329 (94)
2315 5257 2427 5333 Τοῦ
2475 5262 2644 5317 Θεοῦ.
2683 5262 2773 5318 Sic
2795 5257 2899 5319 sui
2936 5264 3104 5333 Begg.
3148 5268 3210 5315 et
3236 5257 3334 5315 0r.
3370 5258 3429 5316 2.
3474 5260 3535 5316 In
3577 5261 3667 5318 ed.

2091 5329 2264 5392 deest,
2302 5330 2420 5383 τοῦ.

2166 5400 2274 5469 (95)
2300 5405 2525 5474 Mor-nc.
2549 5402 2723 5466 Pass.,
2750 5403 2929 5474 μόνος.

2164 5465 2274 5539 (96)
2308 5471 2418 5525 Καὶ
2446 5465 2848 5543 πολιτεύομαι.
2880 5465 3032 5530 Pass.
3062 5475 3157 5527 καὶ
3183 5465 3229 5542 ᾧ
3258 5471 3603 5543 πολίτευμαι.

2308 5543 2825 5623 Ιέλείστῳκυιιτγε.
2856 5556 2913 5597 et
2936 5544 3090 5623 Pais.
3127 5548 3351 5623 addunt,
3372 5544 3563 5623 μέρει.

2169 5611 2283 5682 (98)
2322 5611 2392 5666 Τὸ
2417 5613 2686 5687 ἑαυτοῦεμ
2727 5611 2914 5669 Suum.
2956 5634 2974 5667 ι
3007 5615 3140 5687 Reg.
3167 5631 3217 5679 (ε,
3245 5613 3305 5666 τὸ
3327 5611 3515 5680 αὑτοῦ,
3548 5633 3567 5665 ι
3606 5612 3668 5667 il-

2102 5682 2223 5751 lius,
2268 5702 2286 5736 ι
2331 5698 2546 5753 netnpe,
2586 5703 2603 5736 ι
2640 5684 2839 5740 Basilii.
2879 5704 2900 5737 ι
