3902 6218
206 280 307 338 561

1065 289 1327 345 ORATIO
1366 291 1549 349 XLIII.
1590 324 1661 333 —-
1698 295 1769 351 ΙΝ
1803 299 2091 357 LAUDEM
2130 296 2371 354 BASILII
2414 295 2650 353 MAGNI.

3368 293 3497 353 50‘2-

210 401 297 454 σὶν
334 399 470 473 (99),
521 400 842 472 ἐνέτυχες·
881 402 922 472 ἢ
978 402 1216 470 πάντως
1261 404 1338 459 ἂν
1384 406 1602 462 τοῦτον
1659 409 1798 465 διει-

1901 430 2111 482 scopum
2153 414 2407 468 incidisti.
2457 411 2671 480 Alioqui
2712 414 2808 465 hoc
2845 427 3061 480 prorsus
3113 411 3266 466 modo
3312 413 3478 467 disse-

203 492 399 561 λέχθη
424 482 535 545 τὸν
563 494 806 561 τρόπον,
834 492 989 561 ὑπὲρ
1015 496 1303 549 τοιούτων
1344 496 1790 568 ἀγωνιζόμενος.

210 584 419 639 Τᾶλλα
452 582 571 654 μὲν
632 584 744 654 γὰρ
794 584 1077 653 ἐπιεικεῖς
1121 586 1335 656 ἡμεῖς,
1376 588 1649 659 ὕπαρχε,
1693 594 1793 647 καὶ

205 674 439 741 παντὸς
460 674 656 729 ἄλλου
700 678 1130 745 ταπεινότεροι,
1164 678 1342 732 τοῦτο
1384 680 1497 747 τῆς
1536 682 1795 751 ἐντολῆς

205 767 623 835 κελευούσης-ο
660 767 868 837 καὶμὴ
899 767 990 822 ὅτι
1040 770 1311 836 τοσούτῳ
1362 772 1586 840 κράτει,
1634 775 1795 830 ἀλλὰ

197 858 364 928 μηδὲ
420 856 540 912 τῶν
595 859 909 928 τυχόντων
959 861 1051 915 ἐνὶ
1087 862 1164 933 (1)
1198 862 1315 931 τὴν
1352 865 1545 934 ὀφρὺν
1594 867 1795 936 αἴρον-

201 966 331 1017 τες.
370 946 453 1005 Οὗ
487 950 557 1004 δὲ
600 951 747 1016 Θεὸς
775 950 844 1005 τὸ
874 953 1387 1024 κινδυνευόμενον
1432 957 1533 1011 καὶ
1558 960 1795 1027 προκεί-

195 1061 417 1113 μενον,
459 1043 658 1097 τᾶλλα
712 1047 1237 1114 περιφρονοῦντες,
1296 1048 1447 1117 πρὸς
1500 1050 1690 1103 αὑτὸν
1717 1051 1792 1121 (2)

197 1135 750 1206 μόνονβλέπομεν.
789 1136 920 1206 Πῦρ
951 1136 1040 1202 δὲ,
1079 1139 1179 1193 καὶ
1223 1139 1418 1208 ξίφος,
1457 1141 1557 1194 καὶ
1595 1139 1791 1210 θῆρες,

204 1225 313 1279 καὶ
365 1229 421 1280 οἱ
473 1226 583 1294 τὰς
635 1228 872 1295 σάρκας
924 1227 1246 1299 τέμνοντες
1299 1230 1538 1300 ὄνυχες,
1597 1232 1792 1302 τρυφὴ

201 1315 452 1386 μᾶλλον
473 1317 619 1386 ἡμῖν
655 1320 838 1385 εἰσιν,
875 1317 915 1387 ἢ
953 1319 1352 1389 κατάπληξις.
1399 1321 1555 1389 Πρὸς
1607 1322 1795 1377 ταῦτα

207 1406 424 1475 ὕϐριζε,
461 1410 717 1470 ἀπείλει,
750 1409 907 1463 ποίει
931 1409 1056 1465 πᾶν
1080 1411 1115 1464 ὅ
1144 1428 1199 1464 τι
1226 1407 1342 1466 οὖν
1374 1411 1452 1465 ἂν
1477 1408 1520 1484 ᾖ
1548 1413 1626 1483 (5)
1652 1414 1796 1477 ,βου-

206 1500 448 1569 λομένῳ
496 1515 619 1566 σοι,
670 1500 784 1569 τῆς
833 1500 1123 1568 ἐξουσίας
1180 1503 1474 1557 ἀπόλαυε.
1514 1503 1841 1558 Ἁκουέτωε

204 1590 402 1649 ταῦτα
429 1593 527 1646 καὶ
550 1593 889 1660 ,βασιλεύς-
935 1594 1018 1660 ὡς
1065 1593 1226 1664 ἡμᾶς
1256 1613 1323 1665 γε
1348 1598 1461 1667 οὐχ
1498 1596 1790 1665 αἱρήσεις,

198 1681 354 1736 οὐδὲ
381 1683 635 1749 πείσεις,
678 1682 1016 1738 συνθέσθαι
1048 1682 1123 1752 τῇ
1166 1684 1434 1753 ἀσεϐείᾳ,
1480 1685 1599 1739 κᾶν
1628 1686 1795 1740 ἀπει-

199 1778 245 1829 λ
257 1775 332 1845 ῆς
368 1774 778 1846 χαλεπώτερα.

274 2041 412 2105 NA’.
478 2041 696 2111 Ἐπειδὴ
728 2040 805 2110 (4)
831 2039 1007 2094 ταῦτα
1040 2041 1216 2097 εἰπεῖν
1271 2040 1369 2094 καὶ
1417 2040 1649 2095 ἀκοῦσαι
1705 2043 1799 2095 τὸν

202 2136 483 2207 ὕπαρχον,
519 2136 613 2188 καὶ
645 2134 748 2205 τὴν
770 2133 1017 2187 ἔνστασιν
1043 2133 1234 2204 μαθεῖν
1256 2133 1352 2186 τοῦ
1379 2133 1595 2205 ἀνδρὸς,
1622 2133 1796 2199 οὕτως

196 2227 629 2299 ἀκατάπληκτον
676 2227 771 2279 καὶ
820 2227 1112 2297 ἀήττητον,
1155 2225 1251 2279 τὸν
1296 2227 1396 2296 μὲν
1436 2226 1542 2291 ἔξω
1579 2226 1795 2298 πέμψαι

197 2323 302 2378 καὶ
330 2320 793 2394 μεταστήσασθαι,
826 2321 926 2374 οὐκ
950 2320 1031 2374 ἔτι
1061 2320 1199 2392 μετὰ
1223 2320 1322 2391 τῆς
1346 2320 1518 2391 αὐτῆς
1545 2321 1793 2392 ἀπειλῆς,

197 2414 345 2468 ἀλλά
375 2431 520 2478 τινος
563 2412 747 2476 αἰδοῦς
792 2412 886 2467 καὶ
930 2412 1354 2484 ὑποχωρήσεως.
1401 2410 1576 2465 Αὐτὸν
1613 2411 1672 2464 δὲ
1715 2410 1794 2482 τῷ

202 2507 424 2580 βασιλεῖ
461 2503 857 2578 προσελθόντα,
891 2503 968 2566 ὡς
1013 2498 1130 2575 εἶχε
1176 2503 1406 2574 τάχους,
1463 2503 1792 2573 Ηττήμεθα,

193 2599 498 2667 βασιλεῦ,
528 2600 726 2662 εἰπεῖν,
771 2597 878 2652 τοῦ
920 2595 1114 2667 τῆσδε
1145 2596 1637 2665 προϐεϐλημένου
1679 2594 1794 2664 τῆς

212 2691 617 2761 Ἐκκλησίας.
657 2691 956 2759 Κρείττων
983 2687 1251 2742 ἀπειλῶν
1291 2690 1326 2742 ό
1377 2687 1566 2756 ἀνὴρ,
1595 2687 1795 2757 λόγων

197 2787 598 2855 στερρότερος
622 2823 636 2848 ,
685 2782 930 2848 πειθοῦς
987 2781 1392 2850 ἰσχυρότερος.
1436 2782 1656 2836 Ἄλλον
1704 2779 1802 2834 δεῖ

195 2895 341 2933 τινα
366 2876 581 2946 πειρᾷν
621 2875 743 2929 τῶν
787 2873 1196 2946 ἀγενεστέρων
1240 2874 1316 2943 (5)
1334 2889 1348 2904 ⁶
1382 2873 1598 2928 τοῦτον
1629 2872 1717 2940 δὲ,
1750 2874 1791 2943 ἢ

189 2968 515 3036 ,βιάζεσθαι
548 2965 841 3038 φανερῶς,
880 2966 920 3033 ἢ
956 2965 1043 3035 μὴ
1075 2963 1428 3034 προσδοκᾷν
1453 2964 1642 3029 εἴξειν
1663 2964 1795 3030 ταῖς

196 3060 503 3128 ἀπειλαῖς.
550 3060 667 3129 Ἐφ’
694 3055 795 3124 οἷς,
831 3057 1027 3111 ἑαυτοῦ
1051 3056 1393 3125 καταγνόντα
1419 3055 1512 3109 τὸν
1542 3056 1789 3126 βασιλέα,

1902 507 2118 571 ruisset,
2155 522 2254 574 pro
2297 503 2606 575 hujusmodi
2647 503 2799 557 rebus
2836 505 2894 559 in
2936 513 3198 559 certamen
3247 504 3473 561 veniens.

1903 595 2045 649 Nam
2078 596 2284 650 ctcteris
2319 597 2528 665 quidem
2569 599 2626 650 in
2682 595 2857 660 rebus,
2921 612 2951 648 o
2990 595 3276 666 prtcfecte,
3321 612 3476 650 man-

1899 689 2033 741 sueti
2081 703 2130 741 et
2171 687 2369 757 placidi
2399 704 2601 752 sumus,
2650 697 2808 758 atque
2838 688 3007 759 808
3056 689 3288 743 onmium
3332 689 3479 758 abje-

1899 781 2137 845 ctissimi,
2175 782 2613 850 quemadmodum
2651 782 2748 835 hoc
2785 782 2935 835 nobis
2980 782 3088 850 lege
3118 783 3479 851 praescriptum

1897 882 2015 939 est;
2056 890 2119 927 ac
2156 890 2259 927 non
2312 875 2488 927 dicam
2534 874 2785 928 adversus
2823 881 3028 930 tantum
3088 874 3477 941 imperatorem,

1898 965 1989 1019 sed
2024 983 2085 1020 ne
2119 966 2368 1019 adversus
2413 964 2670 1033 plebeium
2702 964 2914 1035 quidem
2956 979 3267 1034 quemquam
3309 970 3358 1014 et
3390 962 3478 1014 in-

1896 1058 2009 1125 ﬁmi
2044 1058 2243 1112 ordinis
2274 1059 2536 1111 hominem
2571 1056 2907 1126 supercilium
2938 1052 3243 1109 attollimus.
3286 1050 3479 1109 Verum

1897 1150 1988 1202 ubi
2032 1148 2175 1203 Deus
2215 1149 2362 1203 nobis
2406 1150 2757 1219 periclitatur,
2788 1164 2848 1202 ac
2880 1147 3210 1216 proponitur,
3245 1155 3353 1197 tum
3381 1146 3476 1197 de-

1898 1258 2040 1294 mum
2087 1241 2195 1294 alia
2234 1242 2411 1295 omnia
2453 1258 2548 1309 pro
2592 1240 2754 1294 nihilo
2798 1251 3061 1308 putantes,
3108 1240 3273 1304 ipsum
3309 1236 3479 1290 solum

1896 1332 2184 1384 intuemur.
2218 1328 2368 1400 Ignis
2407 1340 2604 1391 autem,
2645 1341 2691 1382 et
2731 1328 2961 1398 gladius,
2992 1335 3042 1381 et
3071 1328 3265 1388 bestiae,
3295 1335 3345 1377 et
3378 1342 3477 1379 un-

1896 1422 2034 1490 gula:
2071 1438 2279 1475 carnem
2318 1423 2633 1486 lacerantes,
2683 1420 2935 1487 voluptati
2983 1418 3129 1473 nobis
3175 1434 3237 1471 ac
3273 1417 3476 1470 deliciis

1895 1512 2067 1580 potius
2103 1524 2247 1579 sunt,
2283 1530 2442 1579 quam
2481 1514 2692 1566 terrori.
2746 1509 2980 1563 Proinde
3009 1509 3338 1563 contumeliis
3383 1524 3477 1560 nos

1896 1602 2060 1671 aﬂ‘ice,
2114 1604 2458 1670 comminare,
2504 1602 2590 1671 fac
2633 1603 2795 1670 igitur
2843 1601 3098 1672 quidquid
3157 1599 3475 1661 collibuerit,

1895 1701 2146 1758 potestate
2173 1704 2264 1745 tua
2305 1693 2501 1760 fruere.
2556 1693 2749 1746 Audiat
2796 1692 2906 1744 ha’c
2942 1691 3099 1743 etiam
3148 1688 3477 1757 imperator;

1825 1802 1868 1857 Β
1896 1799 2223 1853 nequaquam
2258 1784 2491 1852 profecto
2532 1800 2624 1837 nos
2677 1784 2869 1845 vinces,
2913 1799 3003 1837 nec
3056 1783 3260 1851 efficies,
3291 1791 3342 1833 ut
3376 1781 3478 1833 im-

1897 1873 2001 1941 piae
2042 1872 2297 1927 doctrina:
2324 1875 2696 1938 assentiamur,
2721 1890 2783 1927 ne
2807 1874 2854 1927 si
2882 1873 2961 1926 Itis
2987 1873 3190 1944 quidem
3220 1871 3476 1925 atrociora

1898 1964 2178 2019 miniteris.

1977 2053 2065 2109 LI.
2095 2053 2223 2113 Haec
2251 2063 2537 2127 postquam
2566 2052 2856 2125 praefectus
2885 2053 3042 2120 dixit,
3082 2060 3243 2122 atque
3281 2051 3475 2117 audiit,

1899 2146 2176 2218 ipsiusque
2228 2149 2630 2204 contentionem
2686 2148 2849 2201 animi
2893 2161 3013 2202 eam
3043 2160 3164 2201 esse
3206 2145 3477 2216 cognovit,

1903 2249 1965 2292 ut
1992 2237 2135 2293 nulla
2169 2238 2254 2294 vis
2291 2253 2415 2294 eum
2442 2237 2874 2309 perterrefacere
2902 2253 2966 2292 ac
2994 2251 3255 2306 superare
3276 2246 3480 2307 posset,

1898 2329 2075 2399 ipsum
2105 2328 2320 2396 quidem
2348 2327 2496 2383 foras
2522 2329 2691 2396 misit,
2726 2336 2888 2397 atque
2918 2327 3207 2398 ablegavit,
3240 2342 3344 2381 non
3366 2327 3477 2398 jam

1898 2433 2020 2475 cum
2048 2418 2237 2474 iisdem
2275 2419 2461 2486 minis,
2495 2419 2588 2475 sed
2633 2434 2753 2474 cum
2800 2420 3033 2488 quadam
3076 2419 3385 2475 reverentia
3423 2427 3480 2474 et

1899 2510 2307 2569 summissione.
2350 2511 2468 2580 Ipse
2502 2518 2704 2574 autem,
2734 2524 2894 2579 quam
2947 2509 3232 2564 celerrime
3283 2512 3477 2580 potuit,

1899 2604 2281 2674 imperatorem
2321 2602 2511 2657 adiens
2556 2619 2570 2654 :
2623 2599 2940 2669 Imperator,
2981 2600 3177 2670 inquit,
3220 2601 3282 2654 ab
3316 2599 3478 2669 hujus

1897 2694 2151 2750 Ecclesia
2186 2688 2419 2749 antistite
2465 2694 2587 2748 victi
2629 2709 2829 2747 sumus.
2881 2691 3043 2745 Minis
3088 2694 3329 2761 superior
3376 2703 3476 2758 est,

1896 2788 2221 2841 sermonibus
2241 2788 2463 2854 firmior,
2493 2787 2761 2840 verborum
2780 2785 3045 2838 blanditiis
3079 2784 3287 2853 fortior.
3314 2783 3477 2854 Igna-

1896 2881 2098 2933 viorum
2151 2879 2289 2933 alius
2333 2879 2590 2948 quispiam
2634 2877 2915 2932 tentandus
2954 2886 3075 2939 est;
3119 2877 3242 2931 huic
3276 2887 3471 2942 autem,

1896 2982 1987 3027 aut
2012 2975 2088 3028 vis
2117 2985 2297 3042 aperte
2338 2973 2635 3042 inferenda,
2672 2985 2762 3025 aut
2806 2989 2909 3027 non
2953 2974 3384 3041 exspectandum,
3416 2984 3474 3026 ut

1898 3067 2055 3121 minis
2084 3067 2253 3123 cedat.
2285 3065 2401 3134 Qua
2436 3067 2501 3121 de
2526 3081 2713 3130 causa,
2744 3065 2946 3120 factum
2980 3081 3137 3120 suum
3160 3067 3474 3135 improbans

195 3154 304 3208 καὶ
326 3154 436 3207 τῶν
465 3151 760 3222 ἐγκωμίων
794 3149 888 3203 τοῦ
926 3148 1121 3218 ἀνδρὸς
1155 3146 1457 3218 ἡττηθέντα
1483 3147 1791 3220 (θαυμάζει

1901 3156 2210 3225 imperator,
2240 3156 2536 3227 Basiliique
2581 3157 2832 3212 laudibus
2880 3158 3057 3212 victus
3089 3157 3284 3228 (virtus
3328 3158 3473 3212 enim

194 3244 314 3316 γὰρ
346 3243 539 3314 ἀνδρὸς
568 3243 771 3314 ἀρετὴν
821 3242 915 3294 καὶ
969 3239 1287 3311 πολέμιος),
1324 3241 1462 3313 μήτε
1507 3238 1790 3309 βιάζεσθαι

195 3335 501 3390 κελεῦσαι·
531 3336 627 3389 καὶ
652 3335 849 3387 ταυτὸν
876 3332 955 3404 τῷ
987 3332 1191 3404 σιδήρῳ
1228 3330 1441 3398 παθεῖν,
1479 3332 1540 3395 ὃς
1577 3333 1790 3403 μαλάσ-

195 3446 358 3483 σεται
376 3428 475 3499 μὲν
489 3426 569 3498 τῷ
588 3426 738 3498 πυρὶ,
763 3425 913 3496 μένει
924 3425 979 3478 δὲ
992 3426 1141 3495 ὅμως
1153 3423 1271 3495 σίδη
1279 3440 1391 3496 ροςο
1409 3423 1505 3477 καὶ
1516 3423 1794 3494 τρέψαντα

197 3522 283 3584 εἰς
330 3518 519 3590 θαῦμα
563 3518 663 3588 τὴν
691 3516 943 3588 ἀπειλὴν,
1000 3516 1101 3586 τὴν
1150 3516 1250 3586 μὲν
1304 3516 1590 3570 κοινωνίαν
1619 3516 1692 3587 (6)
1729 3516 1788 3569 οὐ

194 3610 484 3679 δέξασθαι,
521 3609 621 3680 τὴν
683 3608 975 3680 μετάθεσιν
1025 3607 1436 3679 αἰσχυνόμενον,
1497 3606 1680 3679 ζητεῖν
1732 3609 1790 3662 δὲ

196 3704 521 3773 ἀπολογίαν,
546 3704 667 3774 ἧτις
694 3701 1117 3774 εὐπρεπεστάτη
1138 3717 1151 3730 ·
1181 3699 1413 3771 δηλώσει
1446 3702 1502 3754 δὲ
1536 3703 1630 3755 καὶ
1652 3701 1789 3756 ταύ-

192 3814 300 3868 την
332 3799 362 3850 ὁ
382 3796 562 3864 λόγος.

268 3999 398 4057 NB'.
436 3996 533 4062 Εἰς
566 3996 676 4069 γὰρ
702 3995 762 4049 τὸ
796 3995 939 4067 ἱερὸν
986 3993 1244 4048 εἰσελθὼν
1294 3995 1433 4066 μετὰ
1478 3996 1660 4066 πάσης
1690 3995 1789 4067 τῆς

194 4091 333 4165 περὶ
383 4088 546 4143 αὐτὸν
578 4088 905 4160 δορυφορίας
948 4081 1052 4157 (ἦν
1096 4086 1154 4139 δὲ
1198 4085 1384 4165 ἡμέρα
1418 4086 1524 4139 τῶν
1559 4087 1789 4154 Ἐπιφα-

191 4164 351 4251 τίων,
387 4188 484 4240 καὶ
517 4186 838 4256 ἀθροίσιμος
871 4181 1018 4255 [7]),
1065 4182 1161 4235 καὶ
1191 4164 1288 4234 “tofi
1322 4180 1453 4235 λαοῦ
1501 4181 1666 4253 μέρος
1697 4198 1790 4250 γε·-

190 4278 447 4348 νόμενος,
478 4276 654 4338 οὕτως
699 4272 1021 4343 ἀφοσιοῦται
1076 4271 1176 4343 τὴν
1213 4270 1431 4325 ἕνωσιν.
1484 4270 1669 4335 ’Ἄξιον
1725 4270 1784 4322 δὲ

197 4371 340 4451 μηδὲ
371 4370 531 4423 τοῦτο
558 4349 955 4439 παραδραμεῖν.
998 4366 1217 4438 Ἐπειδὴ
1244 4367 1354 4437 γὰρ
1379 4365 1525 4421 ἔνδον
1545 4364 1784 4433 ἐγένετο,

1898 3249 2037 3302 hosti
2091 3263 2310 3318 quoque
2358 3248 2709 3304 admirationi
2743 3246 2874 3321 est),
2922 3249 3033 3303 vim
3085 3249 3187 3319 ipsi
3227 3248 3474 3305 adhiberi

1894 3339 2111 3393 vetuit:
2152 3339 2411 3409 idemque
2465 3340 2568 3410 ipsi
2629 3341 2848 3409 accidit,
2910 3341 3053 3411 quod
3113 3340 3260 3397 ferro
3313 3340 3471 3404 solet,

1895 3431 2037 3499 quod
2065 3431 2316 3499 quamvis
2348 3431 2457 3502 igni
2486 3431 2817 3498 emolliatur,
2842 3431 2974 3487 ferri
3009 3443 3187 3486 tamen
3221 3441 3472 3486 naturam

1894 3522 2131 3587 retinet;
2163 3522 2436 3590 minisque
2461 3522 2515 3575 in
2547 3521 2970 3577 admirationem
2997 3522 3300 3586 conversis,
3330 3521 3473 3575 illius

1892 3612 2113 3683 quidem
2171 3613 2492 3668 societatem
2543 3613 2958 3684 haudquaquam
3022 3615 3303 3682 amplexus
3365 3624 3472 3677 est,

1892 3706 2035 3772 quod
2073 3706 2425 3761 mutationem
2464 3704 2834 3771 erubesceret,
2891 3714 3146 3763 caeterum
3206 3706 3472 3761 rationem

1891 3794 2163 3862 quaesivit,
2195 3809 2303 3864 qua
2343 3795 2728 3852 honestissime
2761 3795 2865 3869 ipsi
2909 3795 3470 3867 satisfacerettquam

1891 3887 2052 3940 etiam
2082 3889 2257 3942 oratio
2283 3886 2602 3945 declarabit.

1961 4000 2070 4057 Lll.
2108 4000 2345 4066 Etenim,
2372 4015 2493 4054 cum
2514 4001 2567 4054 in
2589 3999 2867 4069 templum,
2893 4000 3144 4056 universa
3175 3999 3469 4055 satellitum

1890 4108 2055 4147 manu
2104 4091 2360 4160 stipatus,
2394 4089 2669 4158 ingressus
2706 4088 2903 4153 fuisset
2927 4088 3066 4160 (erat
3111 4098 3291 4143 autem
3341 4089 3470 4159 Epi-

1889 4184 2102 4254 phania:
2119 4184 2257 4249 dies,
2288 4193 2569 4253 coitusque
2596 4181 3018 4252 amplissimus),
3053 4195 3118 4236 ac
3137 4182 3277 4235 inter
3301 4181 3467 4239 laico:

1889 4275 2066 4335 locum
2109 4273 2410 4338 habuisset,
2441 4273 2515 4328 ita
2546 4285 2608 4327 se
2633 4272 2823 4343 gessit,
2843 4280 2903 4326 ut
2935 4273 3108 4341 ipsius
3131 4273 3472 4328 communio-

1891 4367 1973 4422 nis
2006 4365 2405 4437 quodammodo
2457 4364 2726 4434 particeps
2754 4378 2875 4419 esse
2899 4365 3190 4422 videretur.
3218 4366 3289 4420 At
3318 4380 3388 4421 ne
3414 4366 3467 4421 id

193 4464 294 4519 καὶ
327 4462 428 4534 τὴν
464 4459 632 4532 ἀκοὴν
660 4458 1044 4532 προσϐαλούσῃ
1074 4461 1139 4531 τῇ
1168 4457 1461 4529 ψαλμῳδία
1491 4455 1787 4527 κατεϐρον-

1901 4462 2107 4532 quidem
2136 4458 2653 4533 praetermittendum
2697 4469 2801 4513 εει.
2840 4456 3135 4527 Postquam
3192 4460 3338 4514 enim
3384 4459 3469 4513 in-

190 4554 362 4625 τήθη,
390 4550 483 4606 τοῦ
518 4568 579 4603 τε
612 4549 742 4604 λαοῦ
772 4550 835 4603 τὸ
880 4551 1117 4621 πέλαγος
1171 4546 1297 4616 εἶδε,
1335 4549 1430 4603 καὶ
1473 4550 1655 4602 πᾶσαν
1687 4548 1787 4620 τὴν

1901 4562 1980 4606 tus
2017 4549 2151 4616 fuit,
2170 4557 2333 4618 atque
2364 4547 2533 4619 ipsius
2566 4562 2727 4602 aures
2766 4546 3094 4618 psalmorum
3137 4557 3320 4618 cantu,
3358 4564 3464 4603 non

192 4648 522 4721 εὐκοσμίαν,
554 4647 655 4716 ὅση
694 4662 755 4698 τε
783 4644 914 4714 περ)⁵
942 4644 1005 4698 τὸ
1039 4643 1191 4715 βῆμα
1220 4643 1319 4714 (8),
1353 4644 1451 4696 καὶ
1501 4643 1602 4712 ὅση
1646 4642 1785 4713 πλη-

196 4742 341 4804 σίον,
364 4738 663 4810 ἀγγελικὴν
699 4735 900 4808 μᾶλλον
933 4736 967 4806 ἢ
1011 4735 1359 4807 ἀνθρωπίνην
1385 4750 1398 4763 ⁸
1427 4733 1518 4786 τὸν
1551 4733 1649 4805 μὲν
1687 4730 1783 4786 τοῦ

192 4832 331 4889 λαοῦ
367 4829 811 4904 προτεταγμένον
846 4828 925 4899 (9)
951 4826 1153 4899 ὄρθιον,
1188 4821 1300 4880 οἷον
1339 4825 1432 4879 τὸν
1477 4823 1729 4898 Σαμουὴλ
1755 4826 1784 4878 ό

192 4925 360 4994 λόγος
390 4924 614 4994 γράφει,
663 4920 861 4991 ἀκλινῆ
913 4919 1008 4973 καὶ
1048 4918 1111 4972 τὸ
1140 4917 1320 4989 σῶμα,
1353 4919 1447 4971 καὶ
1487 4917 1597 4991 τὴν.
1616 4916 1738 4987 ὄψιν
1767 4956 1782 4982 ,

194 5017 294 5076 καὶ
324 5015 422 5087 τὴν
447 5015 707 5082 διάνοιαν,
737 5012 930 5083 ὥσπερ
961 5010 1176 5075 οὐδενὸς
1230 5009 1431 5073 καινοῦ,
1447 5009 1732 5077 γεγονότος
1764 5049 1780 5077 ,

292 5258 386 5330 99)
419 5259 611 5325 Ἴσως,
642 5257 977 5330 φησίνκδὶο
1004 5255 1172 5330 codd,
1200 5255 1398 5320 ln.ed.,
1433 5255 1598 5325 φησὶν
1628 5251 1780 5318 ἴσως.

295 5335 348 5399 1)
365 5325 375 5330 ’
391 5330 539 5385 Ἐνί.
573 5330 629 5384 In
645 5325 954 5399 nonnullis,
983 5325 1111 5399 τινί.

291 5394 349 5469 2)
375 5400 535 5469 Πρὸς
561 5399 771 5469 αὐτόν.
800 5398 890 5452 Sic
919 5397 1077 5469 c_odd.
1118 5394 1186 5469 Iq
1204 5394 1318 5469 ed.,
1346 5394 1483 5469 πρὸς
1508 5394 1721 5469 ἑαυτόν.

290 5460 349 5533 ὅ)
378 5460 544 5526 Halat
570 5468 695 5525 πᾶν
725 5467 761 5522 ὅ
792 5485 847 5521 τι
888 5462 1004 5523 οὖν
1028 5464 1106 5537 ἂν
1141 5460 1331 5537 ﬂ.Sic
1363 5460 1628 5537 Regg._a,
1671 5467 1782 5533 bin,

191 5527 289 5618 pb:
307 5527 485 5618 Δφεμ-2
507 5542 730 5618 el_P_as§:
754 5538 810 5592 lu
834 5540 954 5618 ed.,.
976 5527 1265 5618 amiciad»
1297 5536 1327 5588 ὃ
1354 5552 1409 5588 τι
1440 5527 1506 5588 ἂν

292 5614 353 5679 ό)
387 5609 652 5677 Ἐπειδὴ.
686 5610 819 5679 Reg.
858 5624 911 5672 c,
936 5606 1062 5661 ἐπεὶ
1087 5606 1168 5679 δέ.

292 5617 327 5666 ι
387 5617 652 5677 Ἐπειδὴ.
687 5617 819 5679 Reg.
858 5624 911 5672 c,
936 5617 1062 5661 επεὶ
1087 5617 1168 5659 δε.

269 5617 353 5755 (εἰ)
385 5679 834 5755 Ἁγενεστέρωῃ
869 5679 1109 5755 Ωυιιιυρι·
1138 5674 1784 5755 Βθεςῃᾲγεννεστέρων.

269 5745 349 5828 (6)
370 5745 722 5809 Κόινωνίαν.
753 5769 771 5804 ι
793 5745 1745 5817 Cotunmnioneui,’ﬁdeisocietatem.
1760 5765 1778 5801 ι

329 5615 353 5827 l

1892 4656 2050 4698 secus
2086 4656 2150 4697 ac
2195 4640 2436 4696 lonitruo
2462 4638 2698 4709 quodam
2727 4652 3151 4709 personuerunt,
3186 4642 3466 4711 plebisque

1891 4732 2110 4804 pelagus
2146 4732 2302 4800 vidit,
2353 4743 2685 4800 omnemque
2722 4729 2967 4784 ordinem
3016 4738 3073 4785 et
3127 4730 3467 4785 concinnita-

1890 4832 2022 4887 tem,
2061 4837 2179 4893 quse
2220 4831 2328 4876 tam
2360 4821 2414 4875 in
2451 4818 2713 4888 sacrario,
2762 4819 2931 4891 309
2965 4834 3127 4891 quam
3158 4833 3327 4889 prope
3371 4833 3465 4874 sa-

1890 4916 2127 4973 crarium
2171 4922 2314 4981 erat,
2357 4913 2657 4982 angelicam
2702 4914 2883 4983 potius
2933 4928 3095 4982 quam
3140 4914 3461 4991 humanam,

1891 5022 2053 5080 atque
2094 5010 2268 5079 ipsum
2320 5008 2536 5080 quidem
2591 5016 2717 5063 ante
2741 5005 2995 5076 p0pulum
3049 5011 3198 5059 recto
3234 5016 3463 5072 corpore

1954 5256 2030 5327 (7)
2076 5257 2473 5327 Ἆθροίσιμος.)
2489 5254 2649 5327 Regi
2671 5256 2750 5327 hu
2776 5252 3018 5327 etqgoisl.
3041 5253 3087 5327 _l
3099 5295 3114 5319 ,
3143 5252 3457 5327 ᾁθροίσμος.

1956 5323 2032 5399 (8)
2056 5323 2221 5399 βὈση
2249 5323 2482 5399 τεπερι
2514 5326 2582 5377 τὸ
2608 5323 2811 5399 ,βῆμαΔ
2835 5324 3111 5399 δίεοοόιι.
3142 5323 3459 5399 Οοιιώίειά-

1881 5392 1980 5461 dit,
2008 5392 2255 5461 τέτακτο,
2281 5398 2384 5460 vel,
2407 5392 2683 5449 τέτακται.
2718 5413 2737 5444 ι
2771 5393 2902 5465 Tam
2928 5392 2979 5448 in
3010 5395 3272 5465 sacrario,
3297 5411 3457 5465 quam

1883 5483 2051 5536 prope
2092 5468 2296 5523 clerum
2343 5477 2398 5520 et
2446 5468 2762 5522 monachos.
2806 5482 2827 5517 ι
2871 5463 3045 5518 Prave
3078 5465 3133 5521 in
3178 5463 3458 5535 Pan—ed.,

1881 5538 1980 5608 ὅση
2016 5555 2076 5592 τε
2108 5538 2237 5609 περὶ
2261 5537 2323 5593 τὸ
2350 5536 2551 5609 βόημα.

1956 5604 2032 5679 (⁷9)
2086 5604 2593 5679 Προτεταγμένον.
2657 5606 2749 5680 Sic
2797 5612 3031 5674 quatuor
3081 5604 3282 5680 39.33.,
3353 5608 3461 5666 duo

1886 5674 2050 5738 Cois].
2083 5674 2520 5756 et'plures’Colb.
2554 5680 2611 5735 In
2641 5679 2752 5747 ed.,
2785 5674 3210 5752 προπταμένον.
