3898 6222
447 295 554 352 563

1569 349 1575 356 .
1640 296 1698 354 S.
1738 296 2063 355 GltEGORII
2101 295 2448 354 THEOLOG’I

3570 287 3706 351 56-5

431 417 689 471 stantem,
718 408 929 479 qualem
968 409 1245 479 Scriptura
1285 409 1591 466 Samuelem
1620 413 1879 468 describit
1913 415 1996 480 ",
2031 462 2033 475 ,

2145 413 2215 466 λλ’
2244 411 2355 484 (10)
2383 410 2782 481 ἐστηλωμένον,
2814 410 2881 464 ἵν’
2917 408 3092 473 οὕτως
3133 407 3294 471 εἴπω,
3323 404 3444 477 Θεῷ
3474 406 3571 459 καὶ
3602 403 3707 471 τῷ

434 512 534 553 nec
563 512 813 567 corpore,
842 515 943 555 nec
974 501 1167 566 oculis,
1214 516 1315 556 nec
1363 502 1567 565 animo,
1599 503 1820 569 perinde
1862 517 1927 556 ac
1955 503 2000 557 si

434 588 571 641 nihil
604 588 723 644 novi
769 590 1104 661 contigisset,
1156 591 1321 646 ullam
1361 591 1416 647 iu
1444 602 1650 661 partem
1678 607 1738 648 se
1775 608 2000 647 moven-

2109 503 2311 575 βήματι
2339 521 2354 536 ο
2379 503 2506 565 τοὺς
2535 501 2592 555 δὲ
2619 502 2748 573 περὶ
2780 500 2941 555 αὑτὸν
2982 499 3280 570 ἑστηκότας
3303 500 3362 552 ὲν
3393 498 3546 568 φόϐῳ
3574 499 3709 551 τινὶ

2108 593 2203 647 καὶ
2249 592 2581 663 σεϐάσματι·
2614 591 2799 663 ἐπειδὴ
2831 592 3003 646 ταῦτα
3035 588 3142 646 εἶδε
3162 629 3177 655 ,
3211 591 3305 644 καὶ
3337 588 3476 661 πρὸς
3531 588 3710 642 οὐδὲν

437 690 572 745 tem,
621 681 738 745 sed,
780 679 834 735 in
885 681 1024 750 cippi
1064 681 1298 744 modum,
1332 691 1391 735 ut
1436 681 1510 735 ita
1567 682 1764 749 dicam,
1795 681 1908 737 Deo
1953 690 2011 736 et

2145 684 2455 757 αράδειγμα
2488 684 2720 754 ἠδύνατο
2743 684 2855 755 (11)
2889 683 3112 755 θεωρεῖν
3139 683 3208 736 τὰ
3235 680 3510 753 ὁρώμενα,
3548 681 3711 737 ἐπα-

438 770 599 825 altari
638 772 900 839 allixum;
947 786 1042 826 eos
1091 779 1292 836 autem,
1332 787 1362 826 a
1417 773 1616 842 quibus
1667 774 2006 844 cingebatur,

436 878 565 917 cum
618 863 812 917 timore
849 863 1083 933 quodam
1132 878 1193 917 ac
1230 865 1531 918 reverentia
1585 873 1788 922 stantes
1820 884 1841 919 ε.
1872 866 2010 933 haec,

440 954 683 1022 inquam,
739 952 900 1007 simul
939 961 1103 1023 atque
1158 954 1433 1022 perspexit
1472 954 1593 1026 (nec
1647 956 1790 1009 enim
1836 956 2013 1011 simile

437 1043 734 1113 quidquam
789 1057 1028 1111 unquam
1086 1043 1353 1114 viderat),
1402 1045 1694 1099 humanum
1759 1047 2014 1115 quiddam

441 1149 634 1204 passus
668 1141 773 1200 est,
814 1132 1039 1205 ejusque
1062 1134 1199 1189 oculi
1226 1144 1281 1189 et
1322 1135 1500 1190 anima
1531 1135 1793 1203 vertigine
1829 1150 1895 1190 ac
1926 1147 2019 1193 te-.—

445 1222 630 1278 nebris
664 1238 775 1293 prae
820 1224 1012 1280 timore
1049 1224 1348 1294 replentur.
1403 1226 1583 1295 Atque
1633 1226 1685 1279 id
1743 1224 2017 1294 plerisque

2108 774 2168 828 θέ
2189 793 2246 829 τι
2274 776 2636 849 ἀνθρώπινον,
2689 776 2882 831 σκότου
2931 775 3025 830 καὶ
3057 775 3205 847 δίνης
3239 774 3543 845 πληροῦται
3584 772 3707 843 τὴν

2108 866 2229 934 ὄψιν
2284 867 2378 920 καὶ
2403 866 2505 938 τὴν
2527 867 2704 938 ψυχὴν
2747 868 2817 925 ἐκ
2855 866 2949 921 τοῦ
2979 866 3241 936 θάμϐους.
3274 866 3383 918 Καὶ
3425 864 3587 917 τοῦτο
3615 859 3705 934 ἦν

2109 959 2220 1021 τοῖς
2249 957 2461 1021 πολλοῖς
2494 958 2687 1029 ἄδηλον
2712 957 2813 1012 ἔτι.
2852 957 3006 1011 Ἐπεὶ
3046 957 3103 1010 δὲ
3130 956 3200 1010 τὰ
3248 956 3398 1027 δῶρα
3454 954 3567 1027 (12)
3617 957 3709 1026 τῇ

2113 1044 2236 1117 θείᾳ.
2260 1046 2509 1119 τραπέζῃ
2540 1050 2928 1119 προσενεγκεῖν
2964 1048 3071 1101 ἔδει
3090 1088 3106 1113 ,
3138 1041 3213 1101 ὧν
3266 1046 3568 1118 αὐτουργὸς
3593 1042 3707 1116 ἦν,

2115 1135 2511 1199 συνεπελάϐετο
2529 1136 2577 1188 δ’
2594 1138 2789 1202 οὐδεὶς,
2811 1138 2959 1192 ὥσπε
2969 1156 3000 1211 ρ
3039 1135 3106 1210 ἦν
3137 1138 3281 1208 ἔθος,
3309 1138 3504 1210 ἄδηλον
3528 1137 3613 1204 ὃν,
3641 1139 3712 1192 ει

2112 1223 2445 1294 προσήσεται
2480 1224 2615 1297 (15),
2662 1225 2967 1297 τηνικαῦτα
3009 1226 3071 1280 τὸ
3115 1227 3288 1292 πάθος
3335 1229 3707 1300 γνωρίζεται,

447 1313 622 1369 adhuc
666 1315 957 1369 obscurum
1004 1324 1122 1369 erat
1164 1324 1219 1369 et
1266 1314 1616 1382 incognitum.
1654 1312 1854 1369 Verum
1896 1330 2016 1368 cum

2145 1315 2448 1385 Ιεριτρέπει
2472 1317 2585 1387 (14)
2614 1319 2743 1389 γὰρ.
2773 1318 2870 1372 καὶ
2904 1319 2954 1371 εἰ
3002 1320 3077 1390 μή
3116 1336 3200 1383 τις
3234 1319 3341 1373 τῶν
3366 1319 3431 1373 ὲκ
3460 1318 3558 1373 τοῦ
3596 1319 3715 1390 βή-

448 1405 613 1470 dona,
647 1419 876 1473 quorum
922 1405 1146 1474 ipsemet
1170 1402 1349 1474 Opifex
1390 1413 1526 1468 erat,
1576 1404 1769 1459 divinae
1820 1417 2020 1457 mensa:

2145 1421 2286 1473 ιατος
2314 1406 2569 1477 ὑποσχὼν
2592 1409 2691 1479 τὴν
2720 1413 2898 1481 χεῖρα,
2945 1409 3053 1482 τὴν,
3091 1411 3425 1483 περιτροπὴν
3470 1410 3717 1482 ἔστησεν,

449 1496 725 1552 otferenda
765 1505 968 1562 essent,
1012 1511 1112 1550 nec
1158 1496 1473 1567 quisquam,
1514 1505 1573 1550 ut
1625 1510 1743 1550 mos
1791 1494 2022 1558 ferebat,

2145 1496 2221 1551 ιᾶν
2253 1498 2561 1575 κατηνέχθη
2590 1501 2792 1573 πτῶμα
2823 1501 3075 1574 δακρύων
3099 1502 3269 1567 ἄξιον.
3303 1499 3428 1557 Εἶεν
3456 1502 3594 1573 (15).

449 1587 610 1643 simul
642 1604 704 1644 ea
757 1598 997 1660 caperet,
1039 1599 1224 1661 utpote
1259 1591 1545 1655 incertum,
1597 1604 1664 1642 an
1713 1604 1774 1643 ea
1805 1588 2035 1655 Basilius
2068 1600 2384 1660 accepturus
2448 1603 2610 1658 esset,
2649 1605 2759 1649 tum
2808 1595 3097 1652 manifeste
3137 1611 3195 1651 se
3243 1594 3469 1651 aﬂ‘ectus
3507 1594 3710 1665 prodi-

451 1681 548 1735 tlit.
588 1679 665 1735 Ita
705 1682 847 1736 enim
894 1681 1128 1736 titubare
1180 1680 1366 1750 coepit,
1416 1689 1471 1733 ut
1506 1680 1606 1734 nisi
1650 1679 1918 1749 quispiam
1970 1695 2033 1734 ex
2111 1680 2341 1752 sacrarii
2387 1683 2648 1753 ministris
2681 1684 3323 1757 vacillantem‘supposita
3357 1700 3521 1746 manu
3562 1685 3714 1740 reti-

453 1776 676 1844 nuisset,
710 1776 906 1830 misere
936 1774 1122 1845 utique
1148 1784 1203 1830 et
1252 1775 1495 1829 luctuose
1536 1772 1886 1843 prolapsurus
1913 1772 2096 1829 fuerit.
2121 1779 2297 1845 Atque
2333 1779 2447 1833 haec
2481 1778 2578 1832 ita.

523 1866 656 1922 LIII.
703 1865 821 1921 .Iam
848 1881 977 1921 vero
1028 1881 1146 1935 qum
1195 1866 1261 1919 ad
1309 1866 1484 1935 ipsum
1539 1866 1941 1932 imperatorem,
1973 1874 2025 1920 et

2194 1870 2331 1926 Nl".
2386 1871 2453 1923 'A
2475 1870 2533 1923 δὲ
2570 1868 2721 1940 αὐτῷ
2749 1868 3041 1939 διείλεκται
3067 1867 3146 1939 τῷ
3179 1868 3405 1939 βασιλεῖ,
3453 1868 3550 1922 καὶ
3577 1852 3721 1939 μεθ’

457 1970 656 2026 quanta
690 1974 810 2013 cum
837 1959 1099 2027 sapientia
1148 1955 1456 2025 prolocutus
1493 1965 1579 2010 est
1620 1956 1766 2024 (cum
1807 1957 2023 2024 quidem

459 2052 569 2117 ille,
599 2050 784 2106 nescio
824 2066 931 2120 quo
981 2061 1158 2120 pacto,
1191 2065 1379 2105 rursus
1436 2047 1712 2103 nobiscum
1756 2049 1810 2102 in
1855 2048 2027 2103 eccle-

457 2150 594 2199 siam
628 2160 686 2199 se
710 2142 1049 2207 contulisset,
1099 2153 1154 2198 et
1190 2143 1332 2196 intra
1375 2142 1550 2203 velum
1590 2141 1909 2209 exstitisset,
1946 2148 2028 2195 at-

457 2248 564 2306 que
593 2235 647 2289 in
684 2234 827 2290 illius
857 2244 1202 2305 conspectum
1234 2234 1686 2305 colloquiumque,
1723 2234 1863 2303 quod
1881 2232 2027 2301 jam-

457 2327 666 2396 pridem
734 2326 1055 2396 expetebat,
1102 2324 1393 2396 venisset);
1441 2325 1697 2395 quidnam
1752 2323 1899 2379 aliud
1946 2323 2030 2377 di-

460 2418 688 2476 cendum
717 2428 819 2482 est,
851 2418 953 2473 nisi
991 2418 1081 2471 Dei
1112 2432 1271 2472 voces
1299 2432 1392 2472 eas
1426 2416 1623 2487 fuisse,
1648 2431 1802 2485 quas,
1834 2423 1889 2469 et
1938 2415 2028 2481 qui

459 2528 583 2568 cum
622 2513 947 2581 imperatore
988 2520 1166 2576 erant,
1203 2519 1259 2564 et
1292 2525 1411 2576 nos,
1446 2510 1537 2580 qui
1591 2509 1750 2563 simul
1804 2508 2028 2579 ingressi

461 2603 754 2666 fueramus,
803 2600 1143 2655 audivimus?
1185 2598 1311 2655 llaec
1362 2609 1450 2655 est
1500 2598 1856 2670 imperatoria:
1903 2612 2030 2667 erga

464 2708 564 2748 nos
590 2692 943 2747 humanitatis
962 2694 1134 2762 origo,
1156 2707 1218 2746 ae
1248 2691 1419 2760 prima
1457 2707 1634 2746 rerum
1670 2692 1723 2743 in
1757 2688 2031 2753 meliorem

463 2794 667 2838 statum
695 2782 1048 2853 compositio;
1099 2783 1213 2838 hare
1243 2781 1458 2837 occasio
1491 2781 1779 2834 maximam
1810 2781 2035 2848 impres-

463 2877 630 2932 sionis
661 2876 825 2940 illius,
878 2890 985 2945 qua
1020 2887 1129 2928 tum
1154 2874 1506 2939 vexabamur,
1539 2886 1769 2943 partem,
1806 2887 1910 2927 non
1942 2886 2035 2931 εστ

465 2980 561 3021 cus
589 2981 651 3020 ac
687 2963 879 3020 ﬂuctus
908 2965 1190 3034 quosdam,
1223 2964 1380 3031 l’regit
1409 2978 1474 3018 ac
1523 2962 1787 3019 dissolvit.

534 3054 668 3110 LIV.
711 3041 964 3126 Sequitur
993 3053 1096 3107 alia
1136 3053 1394 3119 narratio,
1446 3053 1814 3120 superioribus
1861 3051 2039 3111 haud:

464 3162 734 3218 quaquam
771 3145 1019 3213 inferior.
1041 3145 1337 3200 Vincebant
1371 3145 1618 3213 improbi,
1651 3154 1812 3214 atque
1847 3144 2035 3198 adver-

2124 1961 2256 2030 ὃσης
2286 1963 2385 2032 τῆς
2414 1961 2733 2031 φιλοσοφίας
2779 1961 2985 2031 (ἐπειδή
3035 1977 3099 2029 γε
3144 1956 3298 2024 αὖθις
3341 1961 3544 2033 τρόπον
3576 1960 3717 2026 τινὰ

2128 2053 2593 2125 συνεκκλησιάσας
2650 2055 2822 2124 ἡμῖν,
2874 2053 3006 2105 εῐσω
3058 2050 3151 2105 τοῦ
3200 2053 3711 2124 παραπετάσματος

2127 2142 2316 2201 ἑαυτὸν
2347 2144 2394 2212 (1
2411 2143 2462 2213 θ)
2495 2126 2785 2214 ἐποιήσατο
2803 2180 2819 2206 ,
2851 2143 2933 2205 εἷς
2953 2158 3012 2195 τε
3034 2141 3154 2213 ὄψιν
3177 2137 3306 2212 ἦλθε
3353 2142 3445 2195 καὶ
3487 2141 3717 2217 λόγους,

2129 2235 2310 2297 ποθῶν
2333 2237 2397 2289 ὲκ
2418 2236 2717 2306 πλείονος),
2744 2235 2796 2288 τί
2822 2236 2928 2307 χρὴ
2955 2236 3049 2289 καὶ
3071 2235 3248 2306 λέγειν
3270 2236 3405 2307 (17),
3427 2236 3480 2289 τί
3504 2237 3550 2290 δ’
3574 2235 3721 2312 ἄλλο.

2127 2343 2190 2395 γε
2212 2366 2227 2390 ,
2258 2327 2296 2397 ἢ
2324 2325 2457 2379 Θεοῦ
2492 2326 2710 2396 φωνὰς,
2757 2325 2813 2379 αἳ
2839 2329 2954 2399 τοῖς
3004 2327 3133 2397 περ).
3172 2326 3264 2397 τὸν
3312 2324 3562 2396 βασιλέα,
3609 2326 3715 2393 καὶ

2130 2420 2260 2489 ἡμῖν
2304 2420 2416 2479 τοῖς
2460 2415 2888 2470 συνεισελθοῦσιν
2941 2415 3074 2487 (18),
3124 2414 3507 2487 ἠκούσθησανς
3552 2415 3710 2486 Αὕτη

2129 2509 2348 2579 γίνεται⁵
2370 2507 2470 2576 τῆς
2509 2506 2602 2560 τοῦ
2649 2506 2912 2576 βασιλέως
2954 2507 3082 2578 περὶ
3119 2508 3269 2578 ἡμᾶς
3298 2500 3721 2578 φιλανθρωπίας

2132 2599 2275 2672 ἁρχὴ
2299 2638 2314 2662 ,
2363 2600 2455 2652 καὶ
2485 2599 2816 2663 κατάστασις
2853 2598 3045 2672 πρώτη
3095 2600 3245 2671 (19)·
3290 2600 3449 2654 τοῦτο
3475 2599 3540 2653 τὸ
3562 2599 3712 2671 λῆμ-

2135 2710 2211 2763 μα
2239 2693 2351 2761 (20)
2395 2692 2495 2763 τῆς
2523 2692 2643 2745 τότε
2682 2690 2995 2763 διοχλούσης
3023 2692 3289 2766 ἐπηρείας
3328 2690 3392 2746 τὸ
3413 2690 3713 2765 πλεῖστον,

2131 2783 2319 2856 ὥσπερ
2344 2801 2395 2836 τι
2424 2781 2621 2854 ῥεῦμα,
2648 2781 2895 2856 διέλυσεν,

2204 3051 2340 3103 ΝΔ’.
2393 3050 2621 3123 Ἕτερον
2674 3049 2732 3103 δὲ
2780 3048 2899 3107 τῶν
2948 3049 3263 3122 εἰρημένων
3300 3048 3409 3103 οὐκ.
3447 3047 3711 3119 ἔλαττον.-

2148 3140 2373 3193 Ἐνίκων
2396 3142 2445 3192 οἱ
2484 3141 2745 3211 πονηροὶ,
2796 3139 2892 3193 καὶ
2922 3139 3183 3210 κυροῦται
3209 3138 3350 3194 κατὰ
3381 3138 3477 3192 τοῦ
3518 3138 3721 3209 ἀνδρὸς

469 3259 562 3297 sus
614 3240 871 3294 Basilium
904 3239 1148 3301 exsilium
1196 3237 1534 3304 decernitur;
1595 3252 1692 3291 nec
1745 3236 2033 3306 quidquam

2145 3228 2322 3298 ὲξορία
2343 3245 2357 3259 ο
2386 3228 2481 3282 καὶ
2506 3229 2656 3281 οὐδὲν
2683 3229 2829 3299 ἀπῆν
2856 3229 2965 3280 τῶν
2991 3230 3070 3291 εἰς
3095 3227 3254 3282 τοῦτο
3293 3227 3586 3300 φερόντων.
3649 3228 3725 3281 Ἠ

467 3349 676 3399 eorum,
727 3347 845 3402 qua:
902 3333 969 3386 ad
1022 3346 1138 3384 eam
1176 3345 1287 3384 rem
1327 3330 1643 3396 attinebant,
1698 3329 2040 3383 desiderabao

476 3435 585 3479 tur.
617 3421 732 3477 Nox
769 3422 978 3486 aderat,
1006 3421 1061 3475 in
1092 3427 1338 3489 promptu
1378 3434 1588 3483 currus,
1641 3419 1694 3473 in
1739 3418 1925 3489 plausu
1952 3418 2044 3473 bo-

471 3524 601 3578 stcs,
637 3513 691 3566 in
721 3512 865 3566 luctu
912 3511 1006 3580 pii,
1042 3522 1142 3565 nos
1173 3509 1346 3579 parati
1382 3517 1543 3579 atque
1577 3510 1775 3565 alacris
1816 3507 2041 3562 viatoris

472 3603 615 3658 latus
653 3601 1038 3673 cingebamus;
1088 3599 1219 3655 nihil
1251 3598 1504 3669 denique,
1536 3600 1676 3669 quod
1710 3601 1775 3652 ad
1814 3599 2040 3668 praecla-

476 3710 595 3748 ram
627 3693 977 3762 ignominiam
1004 3701 1293 3763 spectaret,
1330 3692 1723 3762 requirebatur.
1777 3688 1882 3757 Sed
1915 3690 2043 3759 quid

474 3784 702 3838 accidit?
751 3772 941 3839 Exsilii
976 3783 1250 3838 decretum
1284 3783 1423 3838 Deus
1453 3782 1729 3839 rescindit.
1781 3780 1915 3835 Nam
1949 3780 2042 3851 qul

476 3874 720 3947 Egypti,
757 3876 1016 3930 adversus
1043 3875 1311 3930 Israelitas
1341 3875 1629 3940 saevientis,
1658 3873 2045 3943 primogenitos

474 3968 642 4040 810
678 3978 1024 4039 percusserat
1062 3969 1128 4033 ³⁷,
1167 3967 1308 4022 idem
1351 3965 1693 4036 imperatoris
1730 3980 1943 4037 quoque
1982 3965 2047 4018 ﬁ-

477 4062 610 4117 lium
646 4062 816 4117 morbi
851 4060 1002 4132 plaga
1031 4059 1218 4128 allicit.
1242 4060 1306 4115 Et
1329 4061 1544 4129 quidem
1578 4075 1682 4129 qua
1732 4058 2007 4113 celeritate
2023 4056 2045 4128 ι,

478 4151 629 4207 Illinc
655 4151 830 4207 exsilii
864 4151 1079 4215 tabulae,
1106 4150 1234 4205 hinc
1277 4150 1450 4205 morbi
1486 4149 1795 4213 decretum;
1838 4161 1902 4200 ac
1930 4158 2048 4200 sce-

478 4239 635 4295 lerati
668 4240 949 4311 scriptoris
979 4256 1167 4294 manus
1209 4239 1514 4302 inhibetur,
1545 4248 1601 4293 et
1635 4246 1853 4291 sanctus
1907 4235 2049 4304 peri-

481 4334 602 4387 cqu
638 4333 918 4396 liberatur,
957 4332 1123 4399 ﬁtque
1166 4333 1250 4385 vir
1280 4332 1397 4402 pius
1445 4330 1611 4385 febris
1657 4330 1855 4382 donum
1881 4365 1897 4393 ,
1944 4340 2047 4396 qua

481 4428 825 4496 imperatoris
859 4427 1081 4480 audacia
1134 4435 1432 4479 coercetur.
1467 4422 1603 4502 Quid
1637 4420 1739 4475 hoc
1773 4418 1863 4474 Dei
1902 4417 2048 4487 judi-

484 4519 590 4584 cio,
656 4518 738 4573 vel
789 4518 1015 4588 aquius,
1068 4516 1150 4570 vel
1206 4515 1436 4571 celerius
1486 4510 1779 4581 excogitari
1845 4509 2051 4578 potest?

2139 3321 2235 3387 νὺξ
2261 3322 2465 3393 παρῆν,
2489 3323 2517 3373 ὁ
2541 3322 2731 3395 δίφρος
2755 3322 3025 3393 εὐτρεπὴς
3045 3362 3059 3387 ,
3098 3324 3148 3374 οἱ
3182 3320 3468 3392 μισοῦντες
3498 3322 3558 3375 ὲν
3584 3321 3726 3392 κρό-

2140 3431 2274 3479 τοις,
2309 3417 2365 3468 ὲν
2399 3414 2606 3485 ἀθυμίᾳ
2630 3415 2689 3467 τὸ
2719 3415 2958 3478 εὐσεϐὲς,
2992 3414 3120 3486 περὶ
3138 3414 3229 3467 τὸν
3256 3414 3533 3486 πρόθυμον
3572 3413 3722 3468 680t-

2142 3507 2306 3576 πόρον
2333 3508 2491 3576 ἡμεῖς
2513 3546 2527 3572 ,
2558 3505 2726 3558 τᾶλλα
2763 3506 2867 3558 ὅσα
2917 3506 3018 3575 τῆς
3050 3505 3220 3577 καλῆς
3275 3492 3496 3575 ἀτιμίας
3536 3506 3725 3559 πάντα

2144 3595 2495 3667 πεπλήρωται
2524 3595 2659 3666 (τι).
2688 3594 2753 3653 Τί
2778 3591 2907 3661 οὖν;
2938 3595 3068 3648 Λύει
3099 3594 3304 3667 ταύτην
3328 3576 3480 3657 Θεός.
3522 3593 3583 3648 Ὁ
3606 3594 3723 3668 γὰρ

2143 3689 2390 3754 πατάξας
2443 3688 2719 3757 Αἰγύπτου
2775 3687 2845 3742 τὰ
2893 3688 3252 3760 πρωτότοκα,
3307 3687 3726 3765 τραχυνομένης

2143 3778 2285 3832 κατὰ
2325 3777 2419 3830 τοῦ
2452 3778 2666 3850 Ἰσραὴλ
2682 3816 2697 3842 ,
2721 3772 2877 3841 οὗτος
2899 3778 2994 3831 καὶ
3017 3777 3109 3831 τὸν
3137 3777 3303 3831 παῖδα
3328 3777 3420 3831 τοῦ
3451 3776 3725 3847 βασιλέως

2145 3869 2336 3941 θραύει
2361 3869 2516 3922 νόσου
2544 3870 2726 3941 πληγῇ
2747 3886 2760 3900 ·
2793 3870 2888 3924 καὶ
2911 3868 2972 3923 τὸ
2997 3869 3158 3940 τάχος
3182 3869 3304 3923 ὅσον
3329 3869 3343 3922 1
3391 3868 3630 3930 Ἐκεῖθεν
3659 3868 3727 3922 τὸ

2145 3962 2380 4033 γράμμα
2401 3960 2503 4024 τῆς
2544 3960 2759 4032 ἐξορίας
2780 4003 2797 4027 ,
2828 3960 3074 4016 ἐντεῦθεν
3097 3960 3160 4014 τὸ
3197 3960 3376 4031 δόγμα
3413 3961 3511 4031 τῆς
3533 3961 3726 4032 ἀρρω-

2149 4051 2301 4114 στίας
2324 4068 2338 4081 ·
2384 4052 2481 4118 καὶ
2512 4052 2547 4123 ἡ
2578 4052 2700 4123 χεὶρ
2749 4052 3009 4122 ὲπέχεται
3038 4050 3133 4105 τοῦ
3173 4049 3410 4122 πονηροῦ
3439 4050 3725 4126 γραφέως,

2147 4143 2241 4196 καὶ
2268 4144 2297 4195 ὁ
2325 4142 2477 4213 ἆγιος
2506 4140 2844 4206 ἀνασώζεται
2869 4186 2886 4210 ,
2917 4143 3010 4196 καὶ
3040 4142 3250 4212 γίνεται
3286 4141 3522 4214 πυρετοῦ
3548 4141 3733 4214 δῶρον

2147 4233 2285 4305 ἀνὴρ
2324 4234 2572 4305 εὐσεϐὴς,
2616 4233 2840 4304 βασιλέα
2898 4234 3104 4306 θρασὺν
3150 4233 3589 4307 σωφρονίζοντος.
3658 4231 3731 4289 Τί

2147 4325 2352 4381 τούτων
2386 4325 2770 4397 ἐνδικώτερον,
2822 4325 2856 4397 ἢ
2899 4325 3228 4396 ταχύτερον;
3288 4320 3369 4378 Τὰ
3411 4324 3470 4378 δὲ
3516 4325 3731 4381 τούτων

2149 4416 2304 4486 ἑξῆς·
2332 4417 2608 4487 Ἕκαμνεν
2633 4419 2661 4470 ὁ
2695 4420 2823 4480 παῖς
2851 4414 2928 4486 τῷ
2958 4414 3187 4486 βασιλεῖ,
3211 4415 3306 4469 καὶ
3337 4415 3590 4486 πονηρῶς
3610 4414 3731 4486 εἶχε

2150 4510 2242 4564 τοῦ
2289 4508 2567 4580 σώματος’
2601 4509 2905 4579 συνέκαμνε
2942 4507 2998 4560 δὲ
3026 4507 3281 4578 ὀπατὴρ,
3317 4508 3431 4571 (καὶ
3450 4508 3503 4560 τί
3546 4490 3658 4579 γὰρ
3702 4511 3734 4562 ὁ

486 4610 690 4667 Deinde
714 4609 1055 4680 imperatoris
1082 4608 1225 4663 filius
1261 4607 1577 4677 aegrotabat,
1604 4603 1904 4673 alllietoque
1932 4615 2033 4669 cor.

2157 4602 2343 4673 πατήρ
2376 4601 2552 4673 (22);)
2605 4599 2942 4672 πανταχόθεν
2981 4598 3263 4672 ἐπιζητῶν,
3306 4599 3628 4670 ἐπικουρίαν
3652 4598 3735 4671 τῷ

559 4767 607 4800 ’⁸
629 4767 650 4821 I
673 4765 806 4838 Reg.
841 4780 955 4830 nx,
976 4764 1070 4820 20.
1170 4762 1214 4797 ³⁷
1247 4762 1411 4819 Exod.
1439 4775 1538 4826 xu,
1566 4757 1658 4818 29.

561 4879 676 4952 (I0)
713 4880 887 4952 Ἀλλ’.
921 4880 1078 4952 Deest
1101 4878 1154 4931 in
1181 4876 1275 4952 Or,
1299 4877 1355 4930 ‘2.

561 4941 671 5022 (11)
726 4949 1025 5022 ᾘδύνατο.
1066 4950 1191 5018 lleg.
1227 4951 1296 5016 ph
1332 4956 1385 5001 et
1430 4943 1702 5022 Δ(Ζοῑεικῇ,
1746 4941 1985 4996 εδύνατο.

562 5013 676 5093 (12)
707 5018 889 5093 Δῷρα.
929 5019 1127 5093 t_Vasa
1146 5013 1337 5082 aurea,
1378 5035 1397 5069 ι
1430 5016 1601 5085 inquit
1625 5013 1857 5077 Nicetas,
1885 5031 1904 5064 ι
1940 5024 2065 5065 oua:

494 5089 609 5163 ipse
626 5089 920 5163 fabricatus
949 5089 1146 5163 fuerat2

565 5162 677 5229 (15)
702 5158 1105 5226 Προσήσεται.
1133 5156 1316 5211 Schol.
1348 5174 1360 5210 :
1400 5152 1737 5222 ’Δναδέξεται
1760 5150 2056 5214 Βασίλειος’

501 5250 520 5284 ί
553 5231 782 5285 Basilius
819 5231 1128 5296 acciperet,
1161 5245 1179 5278 ι

564 5301 676 5372 (14)
708 5290 1063 5368 Περιτρέπει.
1102 5295 1317 5361 Comb.,
1354 5293 1764 5366 περιτρέπεται,
1796 5309 1815 5343 t
1848 5290 2058 5356 titubat,

499 5373 904 5434 circumagitur.
947 5389 966 5420 ι

2227 4865 2341 4933 (18)
2395 4863 2920 4919 Συνεισελθοῦσιν.
2976 4861 3072 4921 Or.
3114 4862 3150 4916 2
3194 4871 3248 4918 et
3296 4860 3485 4925 Pass.,
3545 4860 3737 4915 συνελ-

2157 4938 2358 4992 θοῦσιν.

2228 5007 2340 5078 (19)
2387 5002 2770 5078 ξατὰστασις
2820 5004 3039 5073 πρώτη.
3076 5001 3199 5078 [Iace
3237 5016 3266 5055 a
3306 4999 3462 5078 Billio
3489 5010 3737 5078 Praeter:

2158 5069 2345 5132 missa.
2391 5075 2618 5129 Budaeus
2665 5071 2680 5128 ξ
2723 5069 2756 5125 ί
2789 5069 2959 5140 prima
3008 5074 3233 5126 sedatio.
3279 5089 3298 5122 ι
3350 5072 3450 5123 Ista
3483 5069 3735 5138 Gregorii

2157 5146 2324 5201 verba
2366 5144 2681 5199 doctissimo
2729 5143 3075 5197 Tillemontio
3102 5141 3284 5194 fucum
3322 5140 3516 5198 fecere,
3544 5150 3603 5191 ut
3627 5141 3731 5192 eh-

2163 5223 2347 5270 servat
2384 5214 2519 5268 Viue
2545 5212 2737 5267 Basilii
2769 5224 2977 5277 auctor,
3014 5223 3144 5267 tom.
3179 5210 3245 5265 Ill
3277 5209 3584 5263 novissimae
3618 5210 3736 5264 edi-

2160 5286 2340 5342 tionis.
2368 5284 2419 5339 iu
2441 5285 2556 5351 ejus
2588 5280 2709 5337 Vita
2745 5298 2797 5337 c.
2827 5282 2920 5347 20,
2959 5282 3013 5337 ti.
3037 5282 3091 5345 8,
3133 5298 3254 5351 pag.
3287 5279 3411 5333 101.

2232 5354 2344 5426 (20)
2380 5346 2617 5423 Λῆμμα.
2656 5370 2675 5404 ι
2720 5354 2902 5408 Animi
2944 5346 3270 5418 constantia,
3302 5363 3363 5403 ut
3388 5347 3612 5417 exponit
3638 5346 3738 5402 Ni-

574 5442 591 5507 (
602 5442 683 5501 15)
710 5429 871 5494 Εἶεν.
908 5440 964 5494 Id
1003 5447 1107 5501 est,
1139 5444 1197 5507 ut
1224 5441 1473 5507 observat
1507 5434 1720 5507 Nicetas
1742 5430 1971 5507 ,_raﬁra
1994 5429 2033 5507 _6

2161 5435 2329 5507 cetas.

498 5501 702 5572 οὕτως·
734 5526 756 5560 α
790 5510 964 5579 Atque
1007 5508 1120 5562 haec
1150 5506 1251 5559 ita.
1282 5524 1300 5555 ι
1338 5505 1461 5558 Ha-c
1482 5514 1565 5558 est
1594 5505 1675 5579 vis
1703 5501 2065 5579 huj_t_ts_.vocis,

500 5593 554 5635 et
583 5571 1166 5644 cotumoda'transitio,
1212 5590 1378 5644 quam
1404 5574 1749 5641 praetermisit
1782 5571 1988 5627 Billius.

570 5646 680 5718 (I6)
724 5648 996 5718 'Eavtdr.
1015 5643 1240 5708 Cornix,"
1256 5643 1435 5718 αὐτόν.

572 5711 686 5792 (17)
726 5722 952 5791 Λέγειν.
982 5717 1150 5789 chg.
1179 5729 1232 5783 a,
1262 5730 1311 5784 c,
1341 5714 1434 5769 καὶ
1463 5711 1659 5782 λέγειν.

2234 5495 2344 5565 (21)
2388 5491 2799 5562 Πεπλήρωται.
2837 5490 2953 5546 Duo
3009 5488 3176 5573 Begg.
3203 5499 3259 5545 et
3294 5487 3390 5544 0r.
3428 5488 3486 5555 2,
3519 5486 3734 5557 πεπλή-

2165 5582 2350 5702 ρωῧὲέ)
2383 5633 2445 5688 Τί
2468 5632 2578 5703 γὰρ
2605 5634 2638 5688 ὁ
2675 5631 2888 5701 πατήρ.
2916 5629 3154 5700 Quatuor
3182 5630 3350 5701 ἣρω.
3381 5639 3437 5685 et
3466 5625 3559 5684 Or.
3591 5627 3651 5693 2,
3680 5625 3737 5679 τί

2164 5703 2269 5787 γὰρ
2300 5704 2333 5775 ἦ
2372 5705 2570 5776 πατὴρ.
