3898 6222
241 235 356 294 565

1116 239 1376 298 ORATIO
1416 232 1600 298 XLIII.
1641 274 1700 284 —
1752 243 1821 298 IN
1862 242 2147 299 LAUDEM
2179 242 2424 299 BASILII
2465 242 2709 301 MAGNI.

3421 246 3527 301 566

241 350 415 407 πάθει
436 390 452 415 ,
501 352 596 406 καὶ
625 350 827 425 ἰατρῶν
855 352 982 414 τοὺς
1011 352 1271 424 ἀρίστους
1300 357 1662 428 ἐκλεγόμενος
1681 397 1694 421 ,
1751 360 1847 412 καὶ
1875 409 1880 420 ,

1977 373 2078 413 tore
2108 368 2260 422 erat;
2305 367 2461 428 pater
2511 356 2695 421 etiam,
2747 364 2930 426 utpote
2965 364 3133 427 pater,
3167 355 3325 409 simul
3380 373 3527 426 aegro

242 441 428 507 λιταῖς
471 443 869 515 προσκείμενος
894 482 909 509 ,
962 445 1120 518 εἴπερ
1150 446 1338 501 ἄλλοτέ
1364 465 1494 501 ποτε
1517 489 1531 512 ,
1573 448 1665 502 καὶ
1698 447 1841 502 κατὰ

245 535 359 604 γῆς
390 535 745 607 ἐρριμμένος.
792 536 947 591 Ποιεῖ
977 536 1088 610 γὰρ
1132 538 1229 592 καὶ
1273 539 1529 610 βασιλέας
1553 540 1841 603 ταπεινοὺς

246 625 463 690 πάθος·
515 628 609 681 καὶ
641 627 954 697 θαυμαστὸν
996 630 1157 684 οὐδὲν
1178 670 1192 695 ,
1235 631 1358 684 ἐπεὶ
1398 633 1493 684 καὶ
1519 631 1682 685 Δαϐὶδ
1706 631 1842 703 πρό-

244 734 412 791 τερον
460 718 627 772 ταυτὸ
678 718 788 790 (25)
828 718 1032 791 ἐπὶντῷ
1077 722 1229 776 παιδὶ
1275 721 1560 786 πεπονθὼς
1585 764 1600 788 ,
1652 723 1846 792 ἀναγὲ-

246 825 519 881 γραπται.
586 808 676 874 Ὠς
706 809 763 862 δὲ
787 810 942 865 οὐδὲν
980 811 1232 884 εὕρισκεν
1266 813 1381 886 (24)
1407 814 1704 886 οὐδαμόθεν
1749 815 1843 869 τοῦ

249 898 433 952 κακοῦ
474 899 767 972 φάρμακον
791 940 808 967 ,
858 902 954 956 ἐπὶ
986 904 1085 975 τὴν
1111 905 1294 959 πίστιν
1318 904 1412 958 τοῦ
1446 906 1637 976 ἀνδρὸς
1678 922 1855 960 κατα-.

250 991 490 1061 φεύγει·
544 992 641 1046 καὶ
688 992 757 1047 δι’
790 993 986 1048 ἑαυτοῦ
1035 996 1133 1068 μὲν
1180 997 1282 1050 οὑκ
1313 997 1589 1063 εἰσκαλεῖ,
1638 997 1698 1050 τὸ
1746 998 1848 1068 τῆς

253 1083 477 1158 ὕϐρεως
501 1086 768 1154 ὑπόγυιον
798 1087 914 1159 (25)
943 1089 1332 1161 αἰσχυνόμενος
1353 1131 1368 1155 ,
1423 1091 1633 1163 ἐτέροις
1665 1090 1727 1151 δὲ
1748 1090 1847 1162 τὴν

252 1176 558 1249 πρεσϐείαν
605 1179 891 1252 ἐπιτρέπει
941 1179 1051 1233 τῶν
1118 1182 1466 1236 οἰκειοτάτων
1525 1183 1704 1254 ἑαυτῷ
1751 1185 1848 1238 καὶ

255 1271 554 1341 φιλτάτων.
641 1275 755 1335 Καὶ
796 1274 857 1338 ὃς
906 1273 1017 1346 (26)
1047 1275 1250 1346 παρῆν,
1311 1275 1460 1328 οὐδὲν
1486 1274 1681 1338 ἀναδὺς
1713 1272 1846 1343 (27),

255 1365 383 1418 οὑδὲ
414 1364 508 1418 τοῦ
540 1365 735 1437 καιροῦ
761 1365 1190 1432 κατεξαναστὰς,
1221 1366 1409 1439 ὥσπερ
1433 1366 1590 1431 ἄλλος
1613 1383 1727 1430 τις,
1755 1364 1850 1419 καὶ

257 1456 398 1527 ὁμοῦ
452 1458 521 1529 τῇ
570 1458 845 1530 παρουσίᾳ
881 1460 1027 1530 ῥᾴων
1054 1460 1084 1529 ἡ
1118 1459 1272 1522 νόσος
1299 1459 1508 1529 γίνεται
1536 1501 1550 1525 ,
1583 1458 1676 1511 καὶ
1716 1474 1850 1528 χρη-

260 1549 533 1620 στοτέρων
553 1551 581 1602 ό
604 1549 788 1621 πατὴρ
816 1549 925 1603 τῶν
949 1550 1206 1605 ἐλπίδων·
1240 1550 1336 1604 καὶ
1358 1553 1407 1604 εί
1445 1551 1518 1621 μὴ
1545 1550 1647 1622 τὴν
1673 1549 1850 1620 ἅλμην

256 1637 342 1709 τῷ
373 1638 592 1711 ποτίμῳ
622 1638 778 1693 ὕδατι
806 1640 1187 1711 συνεκέρασεν,
1213 1640 1346 1712 ὁμοῦ
1368 1658 1427 1694 τε
1449 1640 1638 1695 τοῦτον
1668 1643 1852 1697 εἰσκατ

1949 450 2131 504 animo
2184 452 2516 518 urgebatur,
2558 449 2857 503 remedium
2928 450 3281 517 undecunque
3341 450 3528 504 morbo

1949 542 2299 610 conquirens,
2334 552 2497 609 atque
2551 540 2787 609 optimos
2820 521 3066 609 quosque
3122 541 3357 595 medicos
3403 540 3530 594 seli-

1951 647 2100 701 gens,
2131 646 2195 685 ac
2227 633 2496 705 precibus,
2537 641 2595 685 ut
2628 633 2673 685 si
2708 631 2842 685 alias
2894 647 3155 702 unquam,
3188 633 3527 696 incumbens,

1952 723 2210 791 humique
2239 721 2572 791 provolutus.
2610 720 2742 773 Nam
2784 736 2937 791 rcges
2970 736 3183 792 quoque
3217 721 3447 776 lnnniles
3476 730 3532 776 et

1953 815 2193 883 abjectos
2228 814 2403 868 reddit
2448 813 2730 867 calamitas
2772 831 2785 866 :
2834 828 2935 867 nec
2965 813 3180 878 mirum,
3231 829 3356 868 cum
3424 813 3530 867 Da-

1952 908 2128 964 videm
2159 910 2319 963 etiam
2375 907 2524 977 prius
2572 907 2643 962 ob
2702 907 2796 961 lilii
2843 906 3087 960 morbum
3145 906 3334 961 eodem
3374 909 3533 962 modo

1954 998 2203 1055 affectum
2247 1001 2410 1055 fuisse
2460 1000 2737 1070 Scriptura
2776 1010 3001 1054 testetur
3028 998 3092 1054 ³⁸.
3155 997 3290 1055 Cum
3351 1009 3533 1053 autem

1956 1091 2082 1145 huic
2113 1090 2254 1144 malo
2284 1089 2607 1144 medicinam
2652 1089 2851 1143 nullam
2907 1088 3189 1154 inveniret,
3230 1088 3295 1142 ad
3349 1086 3534 1141 Basilii

1957 1183 2114 1237 fidem
2146 1181 2387 1252 confugit
2434 1192 2538 1237 :ct
2593 1182 2870 1252 quoniam,
2902 1180 2970 1235 ob
3022 1180 3400 1234 contumeliam
3448 1195 3536 1234 re-

1957 1292 2085 1330 cens
2122 1275 2223 1345 ipsi
2276 1277 2504 1341 illatam,
2533 1290 2653 1329 emn
2695 1290 2792 1329 suo
2840 1274 3057 1328 nomine
3091 1286 3370 1326 accersere
3422 1287 3533 1339 pne

1956 1369 2163 1436 pudore
2197 1385 2300 1421 non
2328 1368 2571 1429 auderet,
2601 1366 2743 1428 aliis,
2779 1381 2911 1434 quos
2958 1365 3259 1418 arctissima
3305 1364 3535 1417 familia-

1958 1461 2120 1515 ritate
2147 1470 2202 1515 et
2227 1459 2600 1514 benevolentia
2635 1459 2917 1512 devinctos
2970 1456 3224 1520 habebat,
3278 1455 3417 1509 hanc
3463 1455 3539 1510 le-

1960 1551 2235 1621 gationem
2276 1550 2585 1605 committit.
2619 1549 2714 1603 Ille
2748 1563 2877 1603 vero
2905 1547 3037 1602 nihil
3063 1556 3368 1614 cunctatus,
3415 1562 3536 1611 nec,

1960 1642 2103 1712 quod
2147 1642 2379 1696 fortasse
2412 1641 2550 1694 alius
2592 1639 2827 1705 fecisset,
2882 1640 3140 1693 adversus
3185 1647 3397 1708 tempus
3453 1637 3539 1691 in-

255 1730 448 1796 λέσας,
472 1733 698 1796 καὶτοῖς
717 1731 1048 1805 ἑτεροδόξοις
1069 1732 1387 1796 πιστεύσας,
1411 1732 1513 1787 κᾶν
1530 1732 1719 1802 ὑγείας
1739 1731 1853 1798 (28)

1977 1733 2186 1800 ιυιιτηιε,
2243 1733 2524 1787 confestim
2566 1729 2772 1797 adfuit,
2808 1743 2968 1801 atque
2996 1731 3061 1784 ad
3091 1730 3205 1800 ejus
3254 1733 3540 1785 adventum

256 1822 446 1894 τυχὼν
498 1825 529 1877 ό
587 1826 719 1888 παῖς
767 1826 889 1887 ταῖς
934 1822 1029 1876 τοῦ
1064 1824 1269 1895 πατρὸς
1327 1825 1514 1896 χερσὶν
1567 1822 1848 1893 ἀπεσώθη.

257 1915 377 1971 Καὶ
437 1915 596 1970 τοῦτο
652 1915 969 1969 ἐπιστεύετο
1026 1914 1137 1987 (29)
1188 1916 1340 1987 παρὰ
1388 1914 1499 1969 τῶν
1547 1912 1854 1986 τηνικαῦτα

261 2009 572 2082 ⁴πιιαρόντων,
602 2009 695 2063 καὶ
725 2008 1125 2063 κοινωνούντων
1154 2008 1249 2062 τοῦ
1279 2008 1507 2072 πάθους.

1961 1825 2145 1879 statim
2189 1823 2360 1878 levior
2389 1823 2447 1877 Iit
2481 1824 2725 1886 morbus,
2753 1837 2816 1876 ac
2870 1820 3145 1876 meliorem
3184 1835 3336 1889 spem
3391 1831 3543 1890 pater

1963 1914 2145 1970 animo
2173 1915 2440 1985 concipit;
2496 1922 2550 1968 et
2579 1924 2746 1978 certe,
2776 1914 2877 1967 nisi
2912 1914 3107 1969 salsam
3149 1927 3344 1982 aquam
3397 1913 3543 1967 dulci

1965 2011 2369 2074 admiscuisset,‘
2402 2008 2559 2062 simul
2585 2007 2833 2062 videlicet
2861 2014 2914 2061 et
2958 2007 3133 2075 ipsum
3165 2007 3458 2071 advocans,
3486 2016 3544 2061 et

267 2100 547 2157 hatreticis
581 2101 830 2167 credens,
897 2115 1088 2155 sanum
1117 2116 1333 2173 quoque
1379 2110 1435 2156 et
1469 2103 1792 2158 incolumem
1832 2103 2002 2157 filium
2044 2103 2279 2158 fortasse
2351 2102 2664 2172 recepisset.
2723 2100 2778 2155 Id
2848 2114 3084 2171 namque
3108 2114 3229 2170 ψιο
3285 2110 3435 2156 certo
3488 2105 3545 2158 et

280 2190 587 2248 indubitate
628 2192 919 2256 habebant,
947 2192 1041 2262 qui
1075 2203 1204 2246 tunc
1252 2195 1501 2256 aderant.
1534 2193 1974 2264 calamitatisque
2005 2194 2300 2264 participes
2329 2202 2506 2247 erant.

334 2289 481 2345 NE'.
546 2289 621 2342 Τὸ
647 2288 705 2342 δὲ
730 2288 864 2342 αὑτὸ
896 2290 991 2344 καὶ
1017 2288 1096 2361 τῷ
1125 2289 1356 2362 ὑπάρχῳ
1402 2292 1598 2364 μικρὸν
1632 2291 1858 2363 ὕστερόν

264 2397 400 2451 φασι
446 2379 741 2452 συμϐῆναι.
795 2381 1056 2452 Κάμπτει
1086 2381 1183 2436 καὶ
1210 2382 1399 2437 τοῦτον
1424 2386 1542 2448 ταῖς
1576 2385 1671 2438 τοῦ
1701 2385 1859 2454 ἁγίου

264 2489 427 2545 χερσι
446 2461 508 2526 συ
516 2472 802 2544 μπεσοῦσά
812 2490 895 2537 τις
914 2473 1212 2545 ἀρρωστία.
1234 2475 1345 2528 Καὶ
1364 2476 1534 2540 ὅντως
1548 2475 1729 2548 πληγὴ
1748 2479 1862 2541 τοῖς

263 2557 328 2618 εὖ
360 2562 619 2635 φρονοῦσι
657 2563 935 2635 παίδευμα
958 2565 1189 2634 γίνεται,
1231 2566 1327 2620 καὶ
1357 2567 1621 2638 κρείττων
1660 2569 1862 2640 εὑημε-

269 2656 395 2729 ρίας
444 2655 706 2720 πολλάκις
764 2656 1124 2712 κακοπάθεια.
1192 2658 1471 2727 Ἔκαμνεν
1496 2700 1511 2724 ,
1571 2659 1853 2732 ἐδάκρυεν,

266 2744 579 2818 ἐδυσφόρει,
612 2745 1009 2817 προσέπεμπεν
1033 2744 1171 2816 (50),
1197 2747 1489 2815 ἠντιϐόλει.
1556 2748 1677 2815 Τὴν
1705 2749 1856 2802 ἁπο-

267 2841 492 2910 .ῑογίαν
520 2839 680 2909 ἔχεις
709 2879 723 2904 ,
760 2838 891 2892 ἐϐόα
914 2878 931 2903 ,
966 2838 1073 2905 δὸς
1107 2840 1428 2908 σωτηρίαν.
1494 2841 1607 2894 Καὶ¹
1648 2841 1747 2911 μέν
1775 2858 1858 2894 τοι

269 2936 370 2990 καὶ
401 2934 658 3006 τυγχάνει
686 2933 910 3005 ταύτης,
942 2932 1019 2998 ὡς
1041 2933 1205 2996 αὑτός
1224 2950 1285 2986 τε
1314 2934 1426 3004 (51)
1454 2934 1742 3005 ὡμολόγει,
1765 2936 1860 2988 καὶ

271 3026 506 3091 πολλοὺς
539 3024 723 3079 ἔπειθε
751 3024 860 3078 τῶν
885 3025 987 3077 οὐκ
1021 3024 1241 3085 εἰδότων
1260 3043 1274 3055 ·
1305 3025 1366 3078 οὐ
1393 3025 1502 3096 γὰρ
1528 3026 1767 3080 ἐπαύετο
1791 3026 1858 3081 τὰ

2038 2292 2150 2349 LV.
2184 2294 2329 2349 Idem
2359 2301 2539 2347 autem
2574 2303 2629 2348 et
2669 2292 2770 2363 ipsi
2804 2292 3057 2363 pra-Icelo
3092 2309 3197 2351 non
3231 2293 3399 2348 multo
3424 2302 3546 2361 post

1968 2386 2235 2441 accidisse
2265 2394 2512 2439 narrant.
2549 2384 2683 2438 Nam
2718 2385 2858 2439 hunc
2889 2400 3103 2456 quoque
3132 2385 3350 2440 morbus
3393 2387 3549 2454 quis.

1967 2476 2112 2545 piam
2168 2474 2541 2538 obortus,viri
2575 2474 2747 2528 sancti
2807 2476 3056 2531 manibus
3110 2475 3427 2531 substernit.
3481 2474 3550 2530 Et

1966 2567 2187 2637 quidem
2217 2568 2463 2637 profecm
2491 2567 2644 2637 plaga
2680 2568 2916 2622 eordatis
2952 2566 3260 2621 hominibus
3304 2566 3549 2622 doctrina

1976 2659 2222 2725 edicitur,
2253 2675 2317 2714 ac
2338 2660 2654 2729 plerumque
2678 2673 2934 2730 prospero
2964 2673 3144 2713 rerum
3169 2673 3423 2714 successu
3452 2674 3549 2727 po.

1978 2753 2083 2808 tior
2116 2768 2180 2807 ac
2213 2752 2570 2822 praestabilior
2599 2760 2681 2807 est
2707 2749 2944 2805 afﬂictio.
2965 2748 3135 2819 JEgro
3163 2764 3389 2818 corpore
3410 2758 3548 2813 erat,

1976 2844 2375 2914 illacrymabat,
2431 2844 2888 2911 distorqnebatur,
2917 2841 3175 2897 Basilium
3217 2843 3549 2910 accersebat,

1975 2938 2320 2993 obsecrabat.
2340 2935 2768 3005 Sutisfactionem
2799 2935 2975 3000 habes,
3004 2932 3290 2998 clamabat,
3317 2934 3386 2988 da
3401 2936 3551 2987 salu-

1978 3040 2101 3087 tem.
2124 3030 2189 3084 Et
2222 3030 2436 3098 quidem
2473 3030 2614 3084 hanc
2643 3038 2964 3083 consecutus
2988 3036 3090 3093 est,
3127 3035 3255 3082 utet
3283 3028 3395 3097 ipse
3417 3027 3552 3081 fate-

269 3120 488 3180 ἐκείνου
514 3119 611 3173 καὶ
643 3117 941 3189 θαυμάζων
981 3120 1076 3172 καὶ
1098 3117 1476 3191 διηγούμενος.
1524 3116 1649 3191 Ἆρ’
1676 3116 1770 3175 οὖν
1792 3122 1865 3179 τὰ

1977 3124 2149 3189 batur,
2180 3131 2234 3177 et
2258 3122 2441 3176 multis
2474 3120 2631 3190 hujus
2664 3122 2744 3175 rei
2791 3121 2995 3191 ignaris
3027 3120 3423 3189 persuadebat;
3452 3135 3549 3174 ne-

276 3210 382 3287 μὲν
406 3208 546 3281 πρὸς
574 3208 820 3271 ἐκείνους
845 3206 995 3278 αὑτῷ
1018 3207 1264 3271 τοιαῦτα,
1299 3209 1393 3262 καὶ
1421 3211 1503 3274 εἰς
1526 3209 1671 3269 τοῦθ’
1703 3211 1867 3282 ⁴ἧκον·-

272 3319 346 3365 τα
374 3300 565 3363 τέλους
602 3298 737 3371 (52).
798 3299 881 3353 Τά
901 3316 961 3352 τε
1001 3298 1139 3372 πρὸς
1165 3299 1384 3373 ἐτέρους
1418 3300 1621 3371 ἑτέρως
1638 3344 1653 3366 ,
1679 3301 1715 3373 ἢ
1741 3303 1869 3374 περὶ

276 3392 518 3467 μικρῶν,
552 3392 586 3463 ἢ
620 3390 796 3464 μικρὰ
827 3391 1224 3464 πεπολέμηται,
1250 3391 1283 3462 ἢ
1319 3392 1556 3464 μετρίως
1583 3393 1871 3463 πεφιλοσά..

276 3502 453 3558 φηται
485 3483 640 3557 (55),
671 3483 704 3555 ἢ
737 3484 897 3555 σιγῆς
944 3482 1145 3551 ἀξίως,
1194 3484 1227 3555 ἢ
1276 3485 1336 3538 οὑ
1369 3484 1488 3538 λίαν
1536 3485 1881 3553 ἐπαινετῶυ,

276 3576 596 3649 Οὐμενοῦνο
651 3576 767 3631 ἀλλ’
800 3576 839 3631 όν
874 3577 1104 3645 κινήσας
1146 3575 1278 3629 ποτὲ
1321 3575 1401 3647 τῷ
1460 3576 1675 3650 Ἰσραὴλ
1707 3578 1889 3652 ’Δδερί

275 3670 376 3734 τὸν
403 3669 683 3742 ἀλιτήριον
700 3709 716 3734 ,
749 3661 906 3732 οὗτος
930 3667 1199 3725 κινεῖ,κα“ι
1223 3667 1400 3739 τούτῳ
1428 3669 1519 3722 τὸν
1551 3670 1649 3740 τῆς
1680 3671 1871 3725 Ποντι-

276 3761 390 3833 κῆς
428 3762 624 3834 μοίρας
678 3760 925 3834 ὕπαρχον
954 3760 1064 3832 (55)
1087 3777 1102 3792 ο
1153 3761 1425 3833 προφάσει
1465 3762 1576 3832 (55)
1609 3763 1746 3834 μὲν,
1795 3763 1871 3827 ὡς

280 3856 429 3927 ὑπὲρ
454 3854 679 3924 γυναίου
710 3854 854 3920 τινὸς
886 3853 1333 3923 ἀγανακτοῦντα,
1380 3854 1441 3907 τὸ
1469 3853 1514 3907 δ’
1545 3853 1742 3926 ἀληθὲς
1774 3855 1872 3926 τῆς

280 3950 543 4014 ἀσεϐείας
589 3947 1050 4021 ὑπερμαχοῦντα,
1103 3948 1199 4002 καὶ
1250 3947 1393 4003 κατὰ
1440 3950 1540 4025 τῆς
1591 3948 1871 4011 εὐσεϐείας

286 4041 603 4112 ἱστάμενον.
663 4039 769 4094 Ἐῶ
817 4039 984 4094 τᾶλλα
1015 4040 1116 4093 ὅσα
1169 4038 1280 4107 (56)
1323 4040 1418 4093 καὶ
1483 4033 1572 4092 οἷα
1605 4039 1745 4093 κατὰ
1777 4039 1870 4093 τοῦ

281 4132 482 4204 ἀνδρὸς
510 4131 817 4204 ἐξύϐρισεν,
847 4130 961 4185 ἴσον
993 4130 1050 4184 δὲ
1076 4133 1249 4184 εἰπεῖν
1268 4171 1283 4194 ,
1306 4130 1401 4184 κα)⁵
1423 4130 1568 4184 κατὰ
1596 4130 1688 4184 τοῦ
1710 4131 1875 4197 Θεοῦ,

282 4225 430 4297 πρὸς
461 4224 542 4287 ὃν,
576 4224 671 4277 καὶ
692 4223 757 4277 δι’
791 4221 850 4275 ὃν
883 4224 912 4276 ό
942 4221 1179 4293 πόλεμος
1202 4238 1217 4252 ⁸
1256 4221 1285 4274 ὂ
1319 4220 1377 4274 δὲ
1411 4222 1645 4293 μάλιστα
1669 4223 1872 4277 καὶτὸν

283 4315 555 4388 ὑϐριστὴν
584 4314 788 4386 ᾔσχυνε
810 4352 825 4376 ,
860 4312 1072 4366 καὶτὸν
1103 4311 1405 4381 ἀγωνιστὴν
1436 4310 1648 4379 ὕψωσεν
1672 4351 1686 4375 ,
1715 4311 1872 4384 εἴπερ

282 4427 342 4472 τι
373 4408 522 4481 μέγα
555 4407 648 4461 καὶ
677 4404 887 4477 ὑψηλὸν
912 4407 946 4476 ἡ
980 4403 1268 4474 φιλοσοφία
1290 4445 1305 4470 ,
1353 4403 1445 4457 καὶ
1475 4403 1534 4456 τὸ
1571 4404 1874 4474 κρατοῦντα

1969 3228 2076 3283 que
2112 3214 2257 3268 enim
2289 3211 2432 3266 illius
2462 3213 2689 3266 virtutes
2729 3211 2988 3269 admirari
3021 3226 3085 3265 ac
3132 3210 3429 3280 prmdicare
3456 3210 3553 3265 de-

1975 3303 2206 3358 sinebat.
2240 3304 2308 3355 At
2338 3302 2645 3368 hujusmodi
2677 3301 2894 3370 quidem
2925 3300 3154 3355 fortasse
3179 3314 3265 3365 ea,
3289 3314 3408 3369 qua:
3430 3314 3551 3353 cum

1972 3396 2078 3450 illis
2103 3396 2237 3463 egit,
2273 3395 2511 3460 fuerunt,
2544 3407 2777 3462 eumque
2802 3393 2962 3448 tinem
2996 3394 3297 3448 habuerunt
3327 3408 3345 3460 ;
3395 3400 3557 3448 caete-

1974 3503 2091 3541 rum
2127 3488 2292 3562 811
2333 3502 2463 3541 vero
2506 3502 2628 3541 cum
2653 3486 2775 3540 aliis
2807 3483 2913 3539 alio
2950 3486 3110 3538 modo
3141 3499 3200 3540 se
3247 3483 3434 3556 gessit,
3464 3493 3557 3537 aut

1978 3581 2161 3650 parvis
2193 3581 2261 3634 de
2294 3579 2477 3643 rebus,
2515 3588 2607 3632 aut
2640 3592 2829 3647 parum
2886 3577 3099 3646 egregie
3137 3576 3431 3639 dimicavit,
3462 3584 3557 3628 aut

1975 3687 2081 3726 non
2110 3673 2185 3726 ita
2217 3685 2473 3741 magnam
2495 3670 2742 3724 exhibuit
2769 3669 3148 3734 constantiam,
3173 3682 3276 3723 nec
3297 3677 3357 3722 ut
3380 3669 3558 3723 homi-

1976 3779 2103 3819 num
2163 3763 2764 3826 commemorationem,
2801 3769 2894 3815 aut
2941 3770 3089 3815 certe
3133 3760 3398 3828 insignem
3442 3758 3556 3813 lau-

1974 3859 2121 3921 dem,
2166 3854 2504 3911 mereretur?
2556 3853 2774 3908 Minime
2806 3869 2955 3910 sane.
2982 3852 3184 3907 Verum
3238 3852 3306 3917 is,
3338 3851 3429 3922 qui
3468 3866 3559 3907 ne-

1975 3949 2176 4004 farium
2213 3948 2360 4003 illum
2387 3947 2539 4002 Adad
2567 3947 2826 4001 adversus
2851 3944 3104 4001 Israelem
3138 3945 3264 4000 olim
3297 3958 3558 4012 provoca-

1975 4040 2142 4104 vit",
2181 4040 2323 4093 idem
2349 4047 2539 4093 contra
2586 4037 2728 4093 hunc
2757 4051 2970 4107 quoque
2997 4035 3227 4090 Ponticae
3266 4034 3556 4105 provinciae

1976 4129 2287 4200 praefectum
2332 4129 2620 4194 excitavit;
2682 4129 2785 4184 hoc
2822 4128 3036 4198 quidem
3086 4134 3369 4197 praetextu,
3400 4126 3556 4196 quasi

1977 4222 2307 4277 mulierculae
2338 4221 2618 4289 cujusdam
2653 4236 2814 4275 causa
2862 4220 3317 4284 stomacharetur,
3351 4219 3443 4273 sed
3497 4234 3558 4273 re

1980 4330 2105 4369 vera
2152 4315 2444 4383 impietatis
2480 4315 2850 4368 defensionem
2898 4313 3222 4379 suscipiens,
3265 4326 3329 4366 ac
3383 4312 3558 4381 pieta-

1980 4417 2086 4461 tem
2145 4421 2484 4476 oppugnatis.
2546 4406 2699 4459 Mitto
2758 4405 2893 4459 alias
2939 4418 3131 4459 omnes
3180 4403 3555 4465 contumelias,

286 4503 402 4557 τῶν
442 4499 654 4554 πολλῶν
690 4497 865 4570 ταύτῃ
906 4496 1189 4567 φαίνεσθαι
1214 4535 1231 4563 ,
1275 4494 1434 4550 τοῦτο
1468 4493 1623 4549 δώσω
1672 4496 1752 4567 τῷ
1785 4497 1874 4552 λό-

1981 4500 2180 4566 quibus
2224 4498 2481 4552 Basilium
2512 4498 2746 4563 vexavit,
2798 4498 2939 4567 quod
2986 4495 3207 4564 perinde
3245 4506 3350 4561 est,
3393 4510 3458 4550 ac
3511 4498 3557 4549 si

288 4612 375 4667 γῳ
401 4593 541 4665 (57).

380 4686 431 4719 ⁸⁸
460 4687 501 4740 ll
534 4685 673 4754 Reg.
715 4700 812 4747 xu,
840 4682 929 4737 16.
1005 4684 1050 4716 ³⁸
1078 4680 1141 4735 III
1182 4681 1312 4751 Reg.
1354 4698 1430 4746 xu,
1462 4682 1551 4738 M.

372 4783 485 4853 (25)
523 4781 729 4853 Ίϊιυτό.
776 4778 833 4832 In
877 4777 1214 4853 _tio_nnttllis,_
1251 4776 1466 4830 ταυτόν.
1536 4778 1694 4853 Idem
1751 4779 1883 4834 olim

292 4847 490 4914 θενὶάῖ
515 4851 811 4920 contigisse
841 4850 910 4920 ob
939 4849 1033 4902 ﬁlii
1079 4847 1324 4920 morimur
1359 4857 1545 4920 narrat
1578 4848 1876 4916 Scriptura.

370 4923 486 4995 (24)
526 4915 844 4995 εῧριξῃιεν.
872 4918 1040 4995 Coisl.
1073 4917 1109 4971 2
1134 4926 1189 4970 et
1220 4916 1396 4995 11:153.,
1428 4915 1710 4995 ηὕρισκεν.

371 4985 487 5066 (25)
552 4985 895 5063 ’Ῠπόγυιονκ
936 4990 1178 5054 Quatuor
1211 4985 1394 5057 .Regg.
1418 4985 1473 5041 et
1506 4985 1606 5042 Or.
1640 4989 1709 5053 2,
1747 4988 1880 5041 ὑπό-

369 5081 450 5119 ον.

518 5130 630 5204 Καὶ
659 5130 746 5204 εἷς.
773 5130 944 5204 Cois].
975 5130 1012 5182 2
1042 5135 1098 5182 et
1117 5127 1600 5204 goutquxa‘tt’bg.

373 5196 807 5326 g7)£’Ara615c.
836 5201 1087 5268 Quinque
1117 5198 1312 5268 Regg.,
1346 5196 1514 5251 Coisl.
1547 5202 1583 5252 2
1611 5209 1665 5253 et
1707 5197 1884 5263 Pass.,

437 5292 498 5326 υε
524 5291 573 5326 ς.

297 5276 573 5332 ἀναδυείς.

399 5291 774 5413 gitimam.
814 5341 870 5397 In
904 5336 1246 5413 quibusdam,
1260 5335 1506 5413 ὑγιείας.

399 5348 491 5401 28)
534 5348 774 5413 Ὑγείας.
814 5348 870 5397 In
904 5348 1246 5408 quibusnam,
1273 5348 1506 5404 ὑγιείας.

374 5348 493 5488 (29)
542 5413 944 5488 ξΕπιστεύετο.
994 5408 1086 5488 _Sic
1114 5407 1220 5461 duo
1251 5406 1419 5463 Coisl.
1451 5408 1507 5462 In
1531 5408 1627 5464 Or.
1670 5407 1725 5474 2,
1761 5408 1885 5463 ἐπί-

298 5481 517 5544 nem.
542 5483 601 5537 In
635 5486 747 5546 ed.,
791 5481 1130 5536 ἐπιστεύετε.

377 5556 490 5627 (50)
518 5553 975 5623 Προσέπεμπεν.
1012 5552 1179 5619 ﬂegg.
1210 5547 1244 5602 d
1268 5554 1324 5601 et
1360 5548 1454 5619 pb,
1485 5549 1883 5623 προσέπιπτεν,

302 5645 331 5686 ί
363 5627 694 5698 procidebat.
729 5642 750 5675 ι

376 5690 494 5769 (Si)
532 5695 724 5763 Αὐτός
757 5711 858 5755 τε.
882 5692 1015 5766 Reg.
1052 5708 1104 5763 c,
1136 5690 1297 5760 αὑτός
1339 5706 1423 5764 γε.

1984 4592 2152 4647 Deum
2179 4592 2439 4658 dicerem,
2471 4592 2727 4647 adversus
2756 4605 2938 4660 quem,
2983 4599 3036 4644 et
3066 4589 3221 4661 cujus
3255 4603 3416 4645 causa
3445 4588 3560 4642 bel-

2055 4779 2165 4847 (52)
2202 4779 2439 4846 Τέλους.
2481 4778 2652 4847 chg.
2689 4792 2717 4830 a
2750 4785 2809 4831 et
2841 4777 2931 4844 ph,
2958 4776 3130 4839 τέλος.

2202 4850 2279 4904 Ἢ
2299 4844 2546 4918 μετρίως
2567 4844 3065 4921 πεφιλοσόφηται.
3102 4865 3121 4897 ι
3151 4844 3259 4898 Aul
3282 4859 3387 4898 non
3410 4860 3557 4921 egre-

1988 4917 2075 4989 gie
2106 4917 2513 4989 philosdplmtus
2553 4929 2636 4973 est
2672 4937 2685 4973 :
2721 4929 2813 4972 aut
2855 4934 2960 4971 non
3000 4918 3073 4989 _it_a
3118 4929 3368 4989 magnam
3397 4917 3554 4989 exhi-

1989 4986 2505 5045 buit'constantiam.
2553 5006 2571 5039 ι
2605 4989 2805 5057 Αείιυιή
2829 4990 2970 5040 enim
3000 4987 3091 5040 hic
3124 5000 3227 5039 non
3253 4986 3553 5057 deverbis,

1989 5062 2083 5114 sed
2116 5062 2183 5113 de
2214 5061 2378 5112 animi
2408 5052 2729 5112 constantia.
2764 5056 2918 5112 Unde
2948 5071 3054 5111 non
3087 5064 3232 5110 recte
3254 5052 3377 5108 Bill.
3407 5070 3427 5104 ι
3464 5066 3557 5110 aut

1990 5146 2093 5187 non
2121 5132 2392 5198 sapienter
2422 5128 2694 5198 disseruit.
2732 5145 2752 5179 ι

2060 5200 2170 5269 (54)
2187 5193 2531 5267 ”Ύπαρχον.
2548 5198 2606 5269 ίΙε
2632 5197 2787 5269 Ponti
2816 5196 3101 5269 prmfectus
3122 5202 3240 5251 erat
3268 5193 3555 5260 Eusebius,

1986 5271 2073 5339 qui
2102 5271 2401 5339 calumniis
2424 5268 2675 5339 Basiliutn
2708 5268 2975 5339 inurebat.

2053 5337 2165 5409 (35)
2200 5336 2522 5409 Hpqgcciqet.
2559 5337 2727 5409 Regg.
2752 5338 2863 5409 but,
2888 5339 2957 5406 ph
2976 5346 3037 5409 et
3062 5335 3155 5409 0r.
3179 5334 3554 5409 2,1:péfpctcty.

2056 5405 2166 5482 (56)
2219 5405 2354 5482 Ἐῶ-
2378 5407 2780 5482 t&.1_.1a‘_60'q_._
2818 5405 2910 5461 Sic
2931 5408 3061 5482 _d_t_to
3106 5405 3317 5473 CoisI.,’_
3346 5405 3441 5460 0r.
3496 5405 3553 5469 2,

1983 5476 2161 5544 Pass.,
2194 5490 2299 5532 etc.
2342 5480 2395 5531 In
2426 5479 2536 5541 ed.,
2567 5477 2641 5530 ἐῶ
2668 5477 2835 5532 τᾶλλα
2861 5476 2954 5531 καὶ
2987 5477 3107 5541 ὅσα,
3134 5484 3240 5532 etc.

1985 5622 2018 5678 ὁ
2207 5548 2386 5675 Tauro
2415 5548 2585 5605 δώσω
2620 5546 2701 5614 τῷ
2742 5548 2919 5619 λόγῳ.
2962 5546 3087 5603 Ilaec
3111 5548 3305 5604 desunt
3339 5542 3393 5601 in
3418 5542 3560 5613 Reg.

2028 5635 2077 5677 re
2171 5636 2212 5676 r.
2920 5646 2926 5651 .

2028 5631 2098 5677 ,eI
2118 5631 2212 5676 υτ.
2243 5631 2298 5675 2.
2920 5646 2926 5651 ’
