3898 6222
396 247 502 305 567
1602 245 1663 303 S.
1698 241 2030 300 GREGORII
2063 237 2408 299 THEOLOGI
3531 235 3677 294 568

399 364 506 422 lum
537 364 838 434 gerebatur.
880 362 1033 434 Quod
1065 373 1262 428 autem,
1297 368 1353 419 et
1393 377 1537 427 eum,
1570 363 1662 433 qui
1696 361 2078 421 contumeliam
2116 360 2402 428 inferebat,
2438 358 2671 415 maxima
2723 356 3016 429 ignominia
3086 354 3291 422 aﬂ'ecit,
3357 367 3413 412 et
3483 373 3671 430 ριιεῃ-

403 456 508 511 lem
540 462 784 511 nostrum
827 470 1166 525 summopere
1199 454 1388 510 extulit
1422 454 1488 524 (si
1536 453 1694 509 modo
1723 469 1973 523 magnum
2012 453 2264 524 quiddam
2291 461 2345 509 et
2375 450 2647 508 excelsum
2677 448 3095 505 existimandum
3151 456 3237 505 est
3275 448 3666 519 phil050phia.

401 557 458 604 et
488 546 649 617 hujus
688 546 846 601 laude
885 545 1075 616 vulgus
1126 544 1374 617 anteire),
1429 546 1480 599 id
1511 546 1756 600 oratione
1789 560 2101 615 prosequar.

471 638 608 695 LVI.
645 638 855 693 Mulieri
891 639 1103 693 cuidam
1136 637 1465 706 amplissimo
1505 638 1621 691 loco
1673 646 1834 700 natae,
1872 652 1968 693 cu-

2141 637 2251 703 NC.’
2268 641 2297 688 '.
2351 633 2593 688 Γυναῖκα
2634 651 2756 687 τινα
2802 632 2910 687 τῶν
2945 631 3241 701 ,ἐπιφανῶν
3276 630 3335 698 ἐξ
3363 631 3558 703 ἀνδρὸς
3587 630 3669 700 αὖ

394 732 483 801 jus
518 731 744 785 maritus
778 730 918 784 haud
949 730 1155 799 pridem
1184 739 1427 784 extremo
1460 732 1583 784 vitae
1622 729 1707 783 die
1754 728 1967 784 functus

2090 727 2175 799 τρὸ
2222 725 2415 779 πολλοῦ
2449 725 2542 779 τὸν
2580 724 2693 795 βίον
2736 723 3126 785 ἀπολιπόντος,
3175 721 3204 773 ὁ
3239 719 3333 774 τοῦ
3388 717 3669 774 δικαστοῦ

403 833 543 890 erat,
571 822 769 894 judicis
815 836 1055 876 assessor
1084 822 1193 875 vim
1239 814 1515 884 afferebat,
1546 821 1872 888 invitamque
1900 820 1970 875 ad

2090 815 2322 886 πύνεδρος
2354 813 2638 878 ἐϐιάζετο,
2687 812 2823 884 πρὸς
2863 812 3040 881 γάμον
3072 810 3245 864 ἕλκων
3291 808 3666 874 ἀπαξιοῦσαν.

403 901 618 984 ηυρῖἰειε
654 914 1019 983 pertrahebat.
1046 911 1137 967 Illa
1169 921 1366 975 autem,
1402 928 1520 967 cum
1565 911 1707 967 nulla
1761 911 1971 966 ratione

402 1003 545 1058 hanc
573 1004 681 1057 vim
722 1001 953 1072 eﬁ‘ugere
985 1011 1185 1070 posset,
1211 1001 1490 1056 consilium
1535 1001 1697 1070 capit,
1727 1015 1833 1054 non
1860 1014 1973 1057 ma-

399 1093 537 1163 joris
571 1093 825 1155 audaciae,
859 1106 1020 1161 quam
1066 1090 1360 1159 prudentiae
1388 1089 1621 1158 plenum.
1647 1091 1727 1145 Ad
1759 1105 1970 1148 sacram

405 1184 606 1239 etenim
634 1197 875 1237 mensam
909 1181 1167 1252 confugit,
1225 1180 1503 1251 Deumque
1532 1181 1789 1235 adversus
1835 1183 1974 1236 hanc

405 1274 655 1345 injuriam
682 1282 1134 1345 prepugnatorem
1182 1273 1281 1327 sibi
1324 1273 1562 1342 adoptat.
1622 1271 1757 1339 Quid
1792 1273 1972 1343 igitur,

402 1383 502 1439 per
545 1366 865 1421 Trinitatem
898 1366 1102 1435 ipsam!
1163 1373 1222 1419 ut
1263 1365 1463 1419 forensi
1508 1378 1719 1435 quoque
1765 1363 1975 1418 dicendi

403 1472 602 1529 genere
640 1457 885 1512 nonnihil
917 1458 1057 1512 inter
1081 1457 1265 1511 laudes
1307 1465 1447 1522 utar,
1497 1453 1797 1508 faciendum
1855 1451 1974 1518 fuit,

405 1567 515 1607 non
547 1551 668 1606 dico
712 1549 902 1620 Magno
959 1549 1182 1612 Basilio,
1237 1548 1328 1617 qui
1378 1548 1462 1603 his
1517 1549 1582 1603 de
1621 1547 1779 1602 rebus
1835 1547 1978 1614 leges

405 1655 623 1711 quoque
667 1640 919 1696 omnibus
987 1647 1269 1704 statuerat,
1301 1638 1392 1693 sed
1422 1638 1509 1693 alii
1555 1639 1786 1708 cuipiam
1826 1638 1980 1708 longe

406 1733 499 1797 illo
532 1731 798 1797 inferiori,
844 1730 1002 1786 modo
1043 1736 1223 1786 tamen
1258 1729 1330 1787 sit
1355 1729 1656 1784 sacerdotio
1686 1729 1980 1797 praeditus?

406 1823 545 1890 Quid
573 1822 738 1887 aliud,
772 1821 959 1876 nisiut
1010 1834 1128 1875 eam
1164 1828 1451 1884 assereret,
1509 1820 1785 1885 retineret,
1835 1819 1979 1875 omni

407 1929 539 1970 cura
573 1922 834 1977 tueretur,
860 1911 952 1966 Dei
981 1910 1300 1977 clementiae,
1335 1920 1390 1966 et
1411 1911 1538 1980 legi,
1577 1926 1695 1979 quae
1722 1910 1981 1967 altaribus

407 2005 670 2060 honorem
703 2002 886 2058 haberi
946 2002 1118 2071 jubet,
1162 2016 1381 2057 manum
1430 2003 1749 2072 porrigeret,
1793 2002 1975 2058 omnia
2005 1990 2049 2045 Β

410 2095 643 2164 denique
669 2094 817 2164 prius
850 2091 1048 2148 faceret
1075 2100 1156 2149 .et
1178 2099 1472 2163 pateretur,
1513 2107 1674 2162 quam
1708 2100 1769 2148 ut
1813 2094 1975 2149 inhu-

409 2186 627 2243 manius
654 2185 819 2239 ullum
856 2188 1114 2241 adversus
1158 2199 1277 2239 eam
1319 2184 1600 2240 consilium
1637 2185 1817 2253 iniret,
1873 2186 1977 2242 sic-

410 2292 517 2348 que
558 2286 613 2334 et
651 2290 894 2332 mensam
929 2283 1350 2342 sacrosanctam,
1408 2285 1461 2330 et
1493 2275 1648 2331 fidem
1694 2277 1854 2332 etiam
1909 2275 1977 2331 il-

409 2370 546 2432 lam,
573 2383 695 2424 cum
747 2382 852 2438 qua
902 2367 1122 2437 supplex
1160 2374 1297 2433 erat,
1353 2365 1674 2421 contumelia
1707 2366 1979 2422 alliceret?

336 2478 337 2481 ‘
417 2459 787 2532 Nequaquam,
820 2460 991 2530 inquit
1016 2457 1489 2528 superbnsjudex;
1534 2458 1623 2512 sed
1662 2473 1834 2511 omnes
1873 2459 1977 2510 int-

410 2551 557 2618 perio
593 2566 706 2605 meo
742 2550 942 2616 cedere,
974 2566 1036 2604 ac
1073 2548 1398 2605 Christianos
1430 2548 1563 2618 leges
1595 2565 1719 2602 suos
1760 2548 1979 2616 prodere

414 2648 638 2705 oportet.
680 2639 771 2694 ille
803 2640 964 2710 igitur
995 2639 1285 2709 supplicem
1316 2638 1666 2709 deposcebat;
1711 2638 1798 2692 hic
1832 2638 1975 2692 omni

412 2732 466 2785 vi
508 2731 794 2786 retinebat.
830 2731 923 2786 ille
964 2746 1177 2786 rursum
1210 2729 1390 2784 furore
1420 2729 1740 2793 concitatur,
1767 2741 1831 2782 ac
1864 2742 1982 2781 ma-

416 2822 677 2893 gistratus
731 2823 991 2892 quosdam
1047 2820 1229 2884 mittit,
1269 2819 1360 2889 qui
1399 2819 1570 2874 sancti
1614 2817 1716 2873 viri
1762 2818 1983 2872 cubicu-

417 2913 531 2967 lum
570 2920 1057 2984 perscrutarentur,
1082 2910 1388 2981 ignominiis
1418 2923 1583 2965 causa
1609 2907 1785 2978 potius
1815 2906 1867 2962 id
1895 2906 1980 2960 fa-

415 3004 590 3068 ciens,
620 3018 778 3072 quam
812 3002 953 3072 quod
982 3001 1239 3072 ejusmodi
1291 3000 1581 3069 quidquam
1627 3010 1847 3052 necesse
1894 3009 1982 3050 es-

415 3103 520 3150 set.
554 3093 690 3161 Quid
718 3093 830 3148 ais?
874 3093 1171 3148 Domumne
1207 3090 1370 3156 illius,
1413 3087 1507 3158 qui
1553 3088 1621 3143 ab
1665 3085 1810 3141 omni
1860 3083 1980 3139 libi-

416 3188 560 3243 dinis
588 3195 734 3243 motu
756 3187 893 3241 liber
914 3194 1014 3252 est,
1032 3200 1190 3254 quem
1222 3182 1393 3254 angeli
1419 3181 1585 3252 812
1614 3178 1980 3248 complectun-

418 3290 534 3344 tur,
561 3286 718 3350 quem
753 3276 838 3332 vel
885 3276 1055 3331 solum
1087 3273 1282 3328 intueri
1324 3271 1538 3326 feminae
1592 3266 1980 3324 reformidant?

2083 909 2149 961 Ἡ
2183 908 2241 965 δὲ
2270 908 2370 960 οὐκ
2422 905 2623 977 ἔχουσα
2647 947 2660 971 ,
2716 905 2865 968 ὅπως
2913 903 3152 975 διαφύγῃ
3193 901 3290 973 τὴν
3331 902 3667 973 τυραννίδα,

2075 996 2268 1068 βουλὴν
2304 994 2639 1067 βουλεύεται,
2685 994 2745 1047 οὐ
2778 991 3058 1063 τολμηρὰν
3090 990 3290 1062 μᾶλλον
3329 989 3362 1060 ἦ
3397 992 3667 1060 συνετὴν.

2072 1089 2150 1159 Τῇ
2191 1088 2312 1157 ίερᾷ
2362 1084 2611 1163 τραπέζῃ
2666 1082 3000 1154 προσφεύγει
3023 1121 3038 1146 ,
3092 1082 3187 1135 καὶ
3237 1080 3370 1135 Θεὸν
3414 1082 3668 1133 ποιεῖται

2074 1180 2385 1251 προστάτην
2430 1175 2573 1230 κατὰ
2608 1176 2709 1246 τῆς
2741 1175 3008 1246 ἐπηρείας
3053 1171 3186 1243 (38).
3279 1172 3343 1224 Τί
3393 1166 3488 1224 οὖν
3542 1169 3668 1224 ἔδει

2075 1270 2248 1321 ποιεῖν
2267 1306 2282 1329 ,
2310 1260 2355 1319 ὧ
2386 1263 2521 1336 πρὸς
2553 1264 2655 1333 τῆς
2683 1262 2912 1334 Τριάδος
2958 1262 3127 1330 αὐτῆς
3173 1260 3272 1332 (ἵν’
3302 1261 3439 1312 εἴπω
3469 1277 3522 1314 τι
3554 1259 3666 1313 καὶ

2075 1357 2368 1423 δικανικῶς
2419 1355 2620 1427 μεταξὺ
2644 1354 2755 1407 τῶν
2781 1350 3074 1422 ἐπαίνων)ἰ
3114 1352 3189 1423 μὴ
3235 1352 3317 1405 ὅτι
3358 1351 3446 1405 τὸν
3475 1349 3663 1420 μέγαν

2076 1450 2355 1504 Βασίλειον
2377 1487 2390 1512 ,
2427 1447 2519 1500 καὶ
2554 1445 2663 1499 τῶν
2701 1443 2954 1498 τοιούτων
2986 1443 3158 1496 ἅπασι
3186 1442 3483 1512 νομοθέτην
3502 1481 3519 1506 ,
3553 1439 3663 1495 ἄλ-

2077 1542 2167 1596 λον
2198 1541 2253 1595 δέ
2286 1556 2406 1594 τινα
2432 1538 2540 1592 τῶν
2570 1535 2701 1591 πολὺ
2739 1535 2855 1610 μετ’
2885 1536 3110 1599 ἐκεῖνον,
3167 1533 3318 1604 ἱερέα
3359 1532 3417 1585 δὲ
3465 1532 3660 1602 ὃμως;

2080 1635 2195 1687 Οὐκ
2218 1628 2627 1695 ἀντιποιεῖσθαι,
2651 1626 2917 1696 κατέχειν,
2939 1624 3230 1695 κήδεσθαι,
3260 1626 3416 1694 χεῖρα
3437 1621 3661 1693 ὀρέγειν

2081 1724 2214 1779 Θεοῦ
2245 1718 2620 1793 φιλανθρωπίᾳ
2644 1758 2658 1783 ,
2684 1717 2780 1771 καὶ
2824 1715 2973 1786 νόμῳ
3010 1713 3088 1784 τῷ
3123 1714 3437 1784 τετιμηκότι
3460 1711 3661 1764 θυσια-

2084 1818 2314 1888 στήρια;
2345 1814 2405 1867 ού
2436 1812 2615 1865 πάντα
2641 1809 2834 1881 δρᾶσαι
2882 1806 2977 1860 καὶ
3014 1806 3205 1860 παθεῖν
3230 1803 3488 1874 ἐθελῆσαι
3515 1802 3659 1874 πρό-

2083 1926 2262 1981 τερον,
2288 1907 2324 1979 ἦ
2369 1923 2423 1959 τι
2474 1900 2862 1975 βουλεύσασθαι
2888 1899 3008 1951 κατ’
3053 1898 3220 1967 αὐτῆς
3263 1895 3661 1967 ἀπάνθρωπον,

2080 2001 2176 2056 καὶ
2199 1996 2528 2068 καθυϐρίσαι
2558 1993 2656 2065 μὲν
2684 1992 2783 2062 τὴν
2807 1989 2957 2060 ἱερὰν
2992 1986 3294 2059 τράπεζαν,
3324 1983 3664 2056 καθυϐρίσαι

2080 2092 2138 2147 δὲ
2165 2091 2264 2163 τὴν
2313 2088 2495 2142 πίστιν
2544 2085 2661 2157 μεθ’
2694 2076 2762 2154 ἧς
2820 2080 3057 2135 ἱκέτευεν
3088 2079 3233 2149 (59);
3286 2079 3403 2142 Οὐ,
3437 2077 3607 2147 φησὶν
3631 2077 3664 2130 ὁ

2081 2183 2236 2248 κενὸς
2280 2180 2393 2252 (40)
2446 2177 2728 2247 δικαστής
2815 2173 2950 2227 ἀλλ’
3002 2168 3293 2240 ἡττᾶσθαι
3339 2168 3456 2238 χρὴ
3502 2168 3666 2221 πάν-

2080 2293 2190 2340 τας
2238 2274 2350 2345 (41)
2408 2268 2519 2339 τῆς
2548 2267 2698 2338 ἐμῆς
2747 2263 3107 2328 δυναστείας
3132 2301 3149 2325 ,
3204 2260 3301 2313 καὶ
3357 2257 3668 2327 προδότας

2083 2367 2361 2439 γενέσθαι
2415 2359 2809 2432 Χριστιανοὺς
2865 2356 2985 2411 τῶν
3041 2354 3272 2407 οἰκείων
3307 2350 3527 2419 νόμων.
3598 2350 3665 2403 'O

2086 2459 2185 2529 μὲν
2214 2456 2393 2526 ἐζήτει
2418 2454 2517 2523 τὴν
2555 2451 2755 2503 ἱκέτιν’
2808 2449 2835 2501 ὁ
2892 2444 2936 2499 δ’
2984 2446 3161 2516 εἴχετο
3186 2440 3549 2512 κατακράτος.
3599 2439 3665 2491 '0

2083 2547 2127 2600 δ’
2156 2542 2491 2614 ἐξεμαίνετο,
2538 2538 2633 2593 καὶ
2658 2537 2811 2599 τέλος
2837 2534 3044 2604 πέμπει
3083 2530 3233 2594 τινὰς
3259 2530 3366 2583 τῶν
3392 2528 3480 2581 ἐπ’
3503 2528 3663 2594 ὲξουυ

2087 2636 2229 2700 σίας,
2274 2633 2366 2687 τὸν
2391 2630 2486 2685 τοῦ
2532 2628 2687 2698 ἁγίου
2716 2624 3065 2681 κοιτωνίσκον
3088 2620 3560 2691 ἐξερευνήσοντας,
3592 2617 3662 2671 οὐ

2084 2727 2226 2782 κατὰ
2266 2724 2455 2797 χρείαν
2493 2719 2723 2793 μᾶλλον,
2754 2716 2789 2789 ἢ
2819 2716 3064 2787 ἀτιμίαν.
3131 2712 3198 2766 Τί
3226 2711 3438 2780 λέγεις;
3491 2704 3664 2797 Οῐκοχ

2084 2788 2415 2873 ὲκείνούπτοῦ
2446 2788 2720 2876 ἀπαθοῦς,
2742 2788 2800 2862 ὃν
2825 2806 2936 2879 (42)
2957 2802 3306 2876 περιέπουσιν
3340 2797 3579 2867 ἄγγελοι,
3610 2788 3663 2865 ᾧ

2085 2906 2179 2963 καὶ
2217 2902 2577 2977 προσϐλέπειν
2612 2899 2826 2952 ϐκνουσι
2854 2894 2966 2966 (43)
2992 2891 3247 2962 γυναῖκες
3270 2904 3286 2954 ;
3316 2886 3427 2977 Καὶ
3454 2885 3514 2937 ού
3539 2882 3668 2977 τοῦ-

2083 3016 2147 3053 το
2180 2972 2339 3069 μόνον
2356 3033 2371 3060 ,
2403 2991 2539 3046 ἀλλὰ
2567 2988 2662 3043 καὶ
2694 2985 2858 3041 αὑτὸν
2880 2983 3131 3055 παρεῖναι
3153 2977 3251 3032 καὶ
3270 2972 3665 3041 ἀπολογεῖσθαι

2085 3062 2324 3142 κελεύειο
2381 3084 2501 3136 οὐδὲ
2534 3080 2755 3153 ἡμέρως
2793 3076 2887 3130 καὶ
2938 3068 3335 3143 φιλανθρώπως
3362 3108 3376 3133 ,
3414 3063 3530 3118 ἀλλ’
3580 3062 3669 3125 ὡς

2086 3179 2182 3233 ἕνα
2228 3175 2337 3230 τῶν
2388 3172 2755 3244 κατακρίτων.
2827 3165 2939 3221 Καὶ
2988 3167 3016 3217 ὀ
3071 3162 3169 3234 μὲν
3212 3158 3323 3231 (44)
3352 3155 3537 3227 παρῆν
3561 3170 3574 3184 ·
3632 3154 3669 3205 ὁ

2086 3269 2144 3323 δὲ
2174 3266 2289 3341 (65)
2323 3262 2673 3337 προυκάθητο
2694 3302 2709 3328 ,
2740 3259 2928 3330 γέμων
2961 3252 3133 3326 θυμοῦ
3165 3250 3260 3305 καὶ
3291 3247 3666 3341 φρονήματος.

417 3371 529 3428 Nec
568 3386 634 3426 eo
663 3361 971 3434 contentus,
1006 3368 1180 3438 ipsum
1236 3364 1453 3433 insuper
1506 3362 1712 3427 adesse,
1745 3369 1804 3415 et
1852 3371 1981 3415 cau-

2090 3336 2340 3431 Εἱστήκει
2372 3336 2428 3410 δὲ
2448 3396 2462 3423 ,
2498 3350 2608 3408 οἷον
2640 3356 2668 3407 ὁ
2701 3351 2830 3423 ἐμὸς
2870 3346 3076 3419 Ἰησοῦς
3099 3385 3114 3409 ,
3165 3341 3401 3400 Πιλάτου
3441 3336 3666 3413 κρίνον-

420 3478 536 3518 sam
571 3433 1152 3528 dicerejubet,neque
1180 3456 1232 3511 id
1258 3454 1468 3525 placide
1508 3461 1564 3508 et
1612 3453 1867 3516 humane,
1896 3451 1982 3507 sed

2090 3470 2197 3516 τος.
2224 3451 2289 3504 Οἱ
2320 3446 2576 3520 κεραυνοὶ
2605 3446 2663 3498 δὲ
2686 3444 2940 3515 ἠμέλουν,
2967 3442 3001 3512 ἡ
3033 3440 3091 3492 δὲ
3122 3435 3219 3491 τοῦ
3245 3434 3381 3490 Θεοῦ
3416 3433 3669 3504 μάχαιρα

419 3552 575 3623 quasi
615 3520 788 3606 unum.
807 3566 873 3604 ex
904 3520 993 3612 iis,
1020 3520 1110 3618 qui
1143 3520 1336 3615 capitis
1366 3543 1610 3599 damnati
1637 3552 1783 3598 sunt.
1814 3541 1982 3609 Atque

2090 3539 2402 3595 ὲστιλϐοὖτο
2447 3536 2529 3590 ἔτι
2567 3534 2675 3607 (46)
2697 3575 2711 3599 ,
2759 3533 2853 3587 καὶ
2897 3528 3217 3585 ἀνεϐάλλετο
3239 3545 3252 3556 ·
3299 3525 3394 3580 καὶ
3419 3524 3482 3576 τὸ
3507 3520 3670 3585 τόξον

421 3611 539 3713 ipse
577 3640 791 3711 quidem
820 3611 1051 3693 aderat.-
1078 3635 1172 3689 Ille
1211 3611 1401 3689 autem
1456 3631 1536 3686 ira
1574 3640 1631 3686 et
1685 3630 1982 3701 arrogantia

2094 3632 2389 3688 ὲνετείνετο
2420 3629 2551 3702 μὲν,
2598 3626 2882 3696 κατείχετο
2916 3623 2973 3689 δὲ
2999 3663 3014 3687 ,
3061 3623 3127 3692 τῇ
3182 3617 3439 3692 μετανοίᾳ
3471 3611 3669 3686 καιρὸν

422 3708 616 3803 plenus
643 3746 742 3801 pro
771 3728 1024 3785 tribunali
1055 3728 1293 3782 sedebat.
1323 3724 1515 3780 Stabat
1541 3721 1788 3788 Basilius,
1808 3736 1982 3791 quem

2098 3721 2410 3786 ὐπανοῖγον.
2463 3718 2651 3778 Ὅστις
2678 3713 2789 3785 (47)
2820 3713 2884 3783 δὴ
2916 3710 3009 3764 τοῦ
3040 3709 3175 3763 Θεοῦ
3208 3708 3391 3778 νόμος.

426 3791 714 3879 admodum
771 3820 927 3876 Iesus
990 3833 1159 3883 meus,
1195 3817 1363 3872 Pilato
1419 3815 1714 3883 judicante.
1773 3812 2180 3868 Cunctabantur
2211 3825 2373 3882 porro
2399 3808 2642 3877 fulmina,
2677 3806 2881 3876 Deique
2909 3805 3117 3876 gladius
3144 3801 3324 3855 adhuc
3371 3791 3673 3854 exacueba-

428 3928 536 3983 tur,
598 3923 655 3970 et
685 3912 1069 3976 diﬂ'erebatur;
1122 3924 1284 3964 arcus
1343 3921 1560 3977 quoque
1627 3908 1703 3961 ita
1749 3904 2198 3969 contendebatur,
2257 3912 2317 3957 ut
2380 3911 2560 3956 tamen
2620 3898 2968 3961 retineretur,
3026 3892 3353 3962 poenitentia:
3402 3886 3660 3942 videlicet

426 4020 641 4079 tempus
670 4022 733 4061 ac
779 4005 950 4060 locum
979 4003 1247 4074 aperiens.
1286 4000 1396 4057 lloc
1449 4001 1590 4055 enim
1648 3999 1788 4067 apud
1842 3996 2012 4051 Deum
2049 3996 2107 4051 in
2138 4009 2289 4050 more
2317 4004 2481 4063 atque
2509 4007 2611 4047 usu
2655 3990 2891 4062 positum
2946 3995 3047 4042 est.

500 4120 657 4178 LVli.
695 4119 807 4190 Age
841 4132 989 4183 vero,
1022 4115 1245 4170 alterum
1281 4113 1643 4185 persecutoris
1685 4122 1742 4167 et
1789 4109 1982 4165 athleta

2166 4108 2303 4163 NZ'.
2384 4105 2574 4178 Ἀθρει
2634 4105 2698 4176 δὴ
2754 4103 2932 4174 πάλην
2984 4099 3175 4173 ἑτέραν
3231 4093 3529 4167 ἀγωνιστοῦ
3575 4094 3676 4148 καὶ

427 4226 705 4272 certamen
751 4189 966 4281 specta.
1005 4209 1096 4263 Ille
1147 4208 1367 4279 pallium
1422 4205 1630 4261 detrahi
1682 4211 1737 4259 et
1775 4203 1982 4258 lacerar

2097 4198 2344 4254 διὼκτου.
2387 4199 2462 4252 Τὸ
2490 4197 2864 4271 περιαυχένιον
2888 4194 3052 4267 ῥάκος
3084 4189 3469 4261 σφενδονᾶσθαι
3498 4204 3676 4259 προσ-

426 4309 690 4378 jubebat;
731 4279 873 4360 iste:
911 4302 1116 4357 Exuam
1164 4311 1433 4369 praterea,
1482 4298 1528 4351 si
1561 4299 1637 4350 ita
1661 4295 1818 4358 lubet,
1849 4293 1982 4375 etian

2103 4291 2323 4347 έταττεν
2342 4309 2356 4321 ο
2403 4293 2432 4345 ὁ
2460 4291 2539 4357 δὲ,
2601 4284 3150 4359 Προσαποδύσομαί
3178 4282 3288 4354 (48)
3319 4296 3416 4334 σοι
3437 4320 3451 4341 ,
3482 4279 3674 4349 φησὶν,

432 4400 687 4453 tunicam.
730 4395 824 4449 ille
855 4410 997 4457 cum,
1031 4392 1119 4460 qui
1158 4390 1338 4445 carnis
1366 4402 1558 4458 expers
1588 4394 1726 4451 erat,
1749 4367 1982 4439 verbera

2100 4384 2152 4437 εί
2183 4383 2401 4449 βούλει
2427 4423 2442 4447 ,
2481 4382 2579 4437 καὶ
2608 4381 2675 4435 τὸ
2709 4381 2999 4451 χιτώνιον.
3076 4374 3310 4429 Τύπτειν
3336 4371 3549 4443 ἠπείλει
3580 4370 3675 4424 τὸν

436 4498 620 4546 turum
653 4503 712 4543 se
738 4486 1043 4541 minabatur
1075 4501 1089 4537 :
1135 4483 1236 4537 iste
1258 4496 1454 4552 corpus
1477 4479 1843 4535 submittebat.
1893 4475 1982 4529 Ille

2101 4474 2340 4546 ἄσαρκον
2365 4490 2378 4505 ·
2414 4476 2442 4527 ὁ
2478 4473 2535 4526 δὲ
2572 4471 2872 4525 ὑπέκυπτε.
2925 4468 3077 4521 Ξέειν
3106 4466 3217 4536 (49)
3255 4467 3368 4528 τοῖς
3400 4461 3612 4526 δνυξινο
3646 4465 3677 4515 ὁ

432 4599 494 4640 se
525 4581 738 4652 ungulis
766 4581 1159 4642 laceraturnm;
1193 4583 1247 4627 at
1265 4575 1363 4628 iste
1388 4592 1400 4627 :
1425 4571 1741 4641 Hujusmodi
1758 4567 1982 4625 laniatio

2101 4566 2178 4631 δὲ,
2212 4564 2553 4633 Ἰατρεύεις,
2592 4561 2754 4633 φησὶ,
2789 4560 2855 4614 τὸ
2884 4554 3067 4630 ἧπαρ,
3108 4554 3252 4625 ὁρᾷς
3280 4554 3438 4619 ὅπως
3460 4571 3538 4622 με
3569 4571 3678 4607 παρ

436 4689 523 4745 ne,
546 4673 741 4742 inquit,
784 4669 1094 4725 medicinam
1140 4667 1314 4734 nepoti
1349 4664 1558 4734 afferes,
1585 4675 1914 4733 magnopere,
1951 4675 1982 4713 u

2104 4657 2400 4727 τατρύχον
2444 4656 2572 4722 τοῖς
2617 4655 2903 4718 τοιούτοις
2938 4649 3276 4719 θεραπεύιιηρ
3300 4645 3410 4717 (50)
3440 4644 3677 4714 σπαρά-

509 4891 622 4965 (58)
661 4889 995 4965 Ἐπηρξίαςο
1020 4887 1110 4942 δίε
1136 4888 1315 4958 plures
1336 4886 1527 4955 nega.
1555 4880 1650 4936 οτι
1674 4879 1710 4933 ε
1732 4889 1786 4936 ει
1808 4878 1999 4935 οοωδ·
2026 4842 2080 4905 θ
2172 4877 2286 4965 iii?
2310 4875 2479 4965 ἔξεις
2502 4870 2760 4965 sese
2785 4870 2928 4965 LW;
2950 4866 3246 4965 Fig.9.“?
3271 4861 3604 4965 ﬁi‘.i'1‘-’“.i'°

509 4930 622 4965 μιν]
677 4930 995 4958 μηνιαίων-ις.-
1021 4930 1110 4942 -υιν
1137 4930 1315 4958 ιι-ι--ν-ι
1340 4930 1527 4955 ·“νυυ·ν
1564 4930 1650 4936 --ν
1678 4930 1709 4933 -
1738 4930 1784 4936 ν-
1818 4930 1971 4935 νηη-

435 4965 493 5021 ln
524 4965 635 5026 ed.,
663 4960 957 5030 ὲπειρείας.
1022 5027 1050 5030 _
1270 5027 1281 5030 _
1335 5026 1345 5030 _

2141 4930 2287 5030 με)
2323 4948 2376 4998 Ὀ
2405 4930 2616 5030 δείξειε
2644 4930 2973 5030 ιτςῗιιὶεξςλ
2998 4935 3163 4991 Coisl.
3188 4934 3246 4998 ε,
3275 4934 3496 5002 Cbrys.,
3524 4930 3675 4997 Pan,

513 5009 635 5101 (ἐξ)ν
1184 5042 1233 5093 c,
1269 5026 1561 5101 ἱκέτευσεν.
1797 5092 1814 5101 _
1920 5091 1933 5101 _

2103 5009 2411 5101 etmfra-v'e
2442 5012 2637 5101 in'ed.,
2668 5009 2810 5101 oOLSé:

513 5076 626 5188 (iis
665 5076 1436 5188 1253;:vasisqrsa
1462 5076 1629 5163 Βέες.
1671 5108 1720 5158 c,
1763 5092 1868 5162 ph,
1902 5091 1982 5144 duc

2175 5087 2288 5158 (66)
2331 5087 2482 5138 Ἔτι.
2510 5082 2642 5152 Reg.
2686 5081 2752 5148 ph
2794 5076 2958 5141 addit,
2988 5092 3071 5129 τε.

2178 5156 2291 5188 n-n
2337 5156 2543 5188 νηηφη.
2620 5150 2729 5188 κρυ
2795 5149 2882 5188 hm
2926 5155 2980 5188 ρι
3010 5146 3071 5188 n.

446 5166 635 5235 Coislﬁ,
674 5183 776 5225 etc.
816 5168 875 5223 1n
918 5169 1030 5230 ed.,
1070 5166 1272 5230 καινός,
1306 5183 1325 5216 ε
1363 5180 1553 5235 novus.
1595 5182 1614 5215 ι

518 5229 633 5317 (ιι)
654 5242 785 5317 ξερῂ
826 5229 1076 5317 πιέν-ξας.
1124 5229 1243 5317 Sic:
1279 5236 1444 5317 [ωδε.
1495 5234 1604 5317 brn,
1631 5232 1745 5317 'ph,
1785 5229 2004 5317 Chrys?

447 5301 627 5373 Coisl.’
648 5301 722 5372 2:
748 5301 842 5367 Or.
881 5310 937 5369 2,
967 5301 1086 5362 Par.
1116 5317 1165 5360 et
1204 5301 1548 5359 Pass—Deest
1574 5302 1793 5373 πάντας
1830 5301 1892 5373 in_
1919 5301 2005 5352 ed.

518 5385 630 5454 (li)
677 5369 981 5444 Ἆπαθοῦς,
1010 5379 1100 5431 ὅν.
1136 5376 1226 5431 Sic
1254 5376 1410 5430 codd.
1443 5375 1612 5429 I’ruve
1639 5377 1691 5427 in
1732 5371 1842 5433 ed.,
1870 5369 2011 5422 ἀπα-

445 5455 590 5520 θοῦς,
625 5455 673 5507 ὅ.

515 5505 982 5597 (ﬁl-"anneum.
1041 5536 1071 5597 χ
1107 5518 1416 5597 γένωμαι-,Α
1443 5529 1546 5597 non
1589 5512 1806 5597 audent.
1831 5526 1871 5597 ’ξ
1922 5505 2014 5561 Sic

444 5578 749 5666 malum,
782 5593 874 5666 pa,
908 5591 1012 5666 duo
1033 5587 1222 5666 Goisll,
1260 5585 1355 5641 Or.
1380 5578 1622 5666 '_2,rsr.,
1649 5580 1781 5651 Jes.,
1830 5578 2009 5641 Pass.,

354 5728 359 5733 ,
444 5654 657 5732 εοιῖῗυη
686 5654 795 5719 etc:
828 5660 883 5717 lu
915 5662 1026 5729 ed.,
1057 5657 1286 5718 οἰκοῦσι,
1333 5675 1351 5709 ι
1385 5654 1647 5710 habitant.
1680 5670 1697 5703 ι

2337 5156 2563 5228 Ἴλστις.
2592 5139 2750 5219 Ἦρξε.
2793 5149 2882 5202 bm
2926 5139 2981 5201 et
3010 5146 3104 5201 0r.
3143 5142 3201 5207 2,
3251 5141 3483 5210 Ὂσπερ.
3548 5139 3673 5204 Alii,

2103 5225 2292 5298 ὥσπερ
2319 5238 2376 5298 et
2397 5225 2552 5293 ὅπερ.

2176 5277 2288 5363 (Ᾰὲ)
2324 5277 2888 5361 Προσὰποδύσομαι.
2939 5284 2995 5339 ln
3037 5281 3327 5344 nonnullis,
3374 5277 3676 5335 συναποδύ-

2108 5384 2293 5503 col-(1:3)
2324 5432 2507 5487 Ξέειν.
2534 5429 2628 5503 Or.
2656 5429 2692 5483 2
2714 5436 2777 5503 et
2800 5423 3014 5503 Comi);
3040 5420 3189 5503 ξύειν

2177 5486 2291 5575 (εἶὸῇ
2316 5486 2683 5570 Θεραπεύων.
2713 5499 2898 5553 Plures
2922 5486 3113 5564 Regg.,
3139 5492 3233 5549 Or.
3250 5492 3306 5558 2,
3323 5490 3473 5548 Palu.
3497 5486 3676 5552 Pass”

2110 5575 2486 5648 θεραπεύσεις.
