  <div class='ocr_page' id='page_1' title='image "/cluster/home/n/w/nwhite01/storage/ocr_20150623/36/nnc1.0022377409/318.png"; bbox 0 0 3898 6222; ppageno 0'>
   <div class='ocr_carea' id='block_1_1' title="bbox 250 552 1838 659">
    <p class='ocr_par' dir='ltr' id='par_1_1' title="bbox 250 552 1838 659">
     <span class='ocr_line' id='line_1_1' title="bbox 250 552 1838 659; baseline 0.025 -57"><span class='ocrx_word' id='word_1_1' title='bbox 250 552 503 606; x_wconf 79' lang='grc' dir='ltr'><strong>κινδύνου</strong></span> <span class='ocrx_word' id='word_1_2' title='bbox 552 557 816 626; x_wconf 84' lang='grc' dir='ltr'>(κίνδυνον</span> <span class='ocrx_word' id='word_1_3' title='bbox 869 563 979 637; x_wconf 83' lang='grc' dir='ltr'>γὰρ</span> <span class='ocrx_word' id='word_1_4' title='bbox 1019 569 1252 637; x_wconf 76' lang='grc' dir='ltr'>ἕκαστος</span> <span class='ocrx_word' id='word_1_5' title='bbox 1298 577 1495 632; x_wconf 79' lang='grc' dir='ltr'>ἑαυτοῦ</span> <span class='ocrx_word' id='word_1_6' title='bbox 1549 583 1652 653; x_wconf 80' lang='grc' dir='ltr'><strong>τὴν</strong></span> <span class='ocrx_word' id='word_1_7' title='bbox 1682 584 1838 659; x_wconf 77' lang='grc' dir='ltr'>ὓϐριν</span> 
     </span>
    </p>
   </div>
   <div class='ocr_carea' id='block_1_2' title="bbox 246 641 1838 731">
    <p class='ocr_par' dir='ltr' id='par_1_2' title="bbox 246 641 1838 731">
     <span class='ocr_line' id='line_1_2' title="bbox 246 641 1838 731; baseline 0.026 -38"><span class='ocrx_word' id='word_1_8' title='bbox 246 641 459 714; x_wconf 81' lang='grc' dir='ltr'>ταύτην</span> <span class='ocrx_word' id='word_1_9' title='bbox 483 646 596 718; x_wconf 69' lang='grc'>(52)</span> <span class='ocrx_word' id='word_1_10' title='bbox 620 649 888 725; x_wconf 78' lang='grc' dir='ltr'>ἐνόμιζεν)</span> <span class='ocrx_word' id='word_1_11' title='bbox 910 696 924 721; x_wconf 90' lang='grc'><strong>,</strong></span> <span class='ocrx_word' id='word_1_12' title='bbox 952 659 1274 730; x_wconf 79' lang='grc' dir='ltr'>ἐκμαίνεται</span> <span class='ocrx_word' id='word_1_13' title='bbox 1303 670 1455 724; x_wconf 83' lang='grc' dir='ltr'>πᾶσα</span> <span class='ocrx_word' id='word_1_14' title='bbox 1482 674 1575 726; x_wconf 73' lang='grc' dir='ltr'>καὶ</span> <span class='ocrx_word' id='word_1_15' title='bbox 1600 641 1838 731; x_wconf 52' lang='grc' dir='ltr'>όινάπτεέ-</span> 
     </span>
    </p>
   </div>
   <div class='ocr_carea' id='block_1_3' title="bbox 246 741 1838 834">
    <p class='ocr_par' dir='ltr' id='par_1_3' title="bbox 246 741 1838 834">
     <span class='ocr_line' id='line_1_3' title="bbox 246 741 1838 834; baseline 0.023 -47"><span class='ocrx_word' id='word_1_16' title='bbox 555 741 633 805; x_wconf 89' lang='grc' dir='ltr'>ὡς</span> <span class='ocrx_word' id='word_1_17' title='bbox 662 747 867 800; x_wconf 80' lang='grc' dir='ltr'><strong>καπνοῦ</strong></span> <span class='ocrx_word' id='word_1_18' title='bbox 916 753 1121 824; x_wconf 84' lang='grc' dir='ltr'>σμῆνος</span> <span class='ocrx_word' id='word_1_19' title='bbox 1144 757 1255 829; x_wconf 78' lang='grc'>(55)</span> <span class='ocrx_word' id='word_1_20' title='bbox 1283 762 1636 833; x_wconf 84' lang='grc' dir='ltr'><strong>κινήσαντος,</strong></span> <span class='ocrx_word' id='word_1_21' title='bbox 1683 768 1838 834; x_wconf 85' lang='grc' dir='ltr'>ἄλλος</span> 
     </span>
    </p>
   </div>
   <div class='ocr_carea' id='block_1_4' title="bbox 248 829 1838 925">
    <p class='ocr_par' dir='ltr' id='par_1_4' title="bbox 248 829 1838 925">
     <span class='ocr_line' id='line_1_4' title="bbox 248 829 1838 925; baseline 0.022 -46"><span class='ocrx_word' id='word_1_22' title='bbox 248 829 343 880; x_wconf 75' lang='grc' dir='ltr'><strong>ἐπ’</strong></span> <span class='ocrx_word' id='word_1_23' title='bbox 384 831 535 903; x_wconf 82' lang='grc' dir='ltr'>ἄλλῳ</span> <span class='ocrx_word' id='word_1_24' title='bbox 555 834 881 908; x_wconf 87' lang='grc' dir='ltr'>διεγείρεται</span> <span class='ocrx_word' id='word_1_25' title='bbox 910 844 1007 897; x_wconf 75' lang='grc' dir='ltr'>καὶ</span> <span class='ocrx_word' id='word_1_26' title='bbox 1037 846 1343 916; x_wconf 86' lang='grc' dir='ltr'>ἀνίσταται,</span> <span class='ocrx_word' id='word_1_27' title='bbox 1366 829 1522 922; x_wconf 83' lang='grc' dir='ltr'>γένος</span> <span class='ocrx_word' id='word_1_28' title='bbox 1545 829 1711 925; x_wconf 77' lang='grc' dir='ltr'>ἅπαν,</span> <span class='ocrx_word' id='word_1_29' title='bbox 1742 829 1838 916; x_wconf 53' lang='grc' dir='ltr'>καί</span> 
     </span>
    </p>
   </div>
   <div class='ocr_carea' id='block_1_5' title="bbox 245 921 1836 1019">
    <p class='ocr_par' dir='ltr' id='par_1_5' title="bbox 245 921 1836 1019">
     <span class='ocr_line' id='line_1_5' title="bbox 245 921 1836 1019; baseline 0.022 -47"><span class='ocrx_word' id='word_1_30' title='bbox 245 921 626 991; x_wconf 79' lang='grc' dir='ltr'>ἡλικίαπᾶσα,</span> <span class='ocrx_word' id='word_1_31' title='bbox 650 929 699 982; x_wconf 76' lang='grc' dir='ltr'>οἳ</span> <span class='ocrx_word' id='word_1_32' title='bbox 721 933 849 1002; x_wconf 78' lang='grc' dir='ltr'>περὶ</span> <span class='ocrx_word' id='word_1_33' title='bbox 869 932 967 1005; x_wconf 80' lang='grc' dir='ltr'>τὴν</span> <span class='ocrx_word' id='word_1_34' title='bbox 989 921 1417 1015; x_wconf 75' lang='grc' dir='ltr'>ὁπλοποιητικῆν</span> <span class='ocrx_word' id='word_1_35' title='bbox 1443 949 1537 1001; x_wconf 77' lang='grc' dir='ltr'><strong>καὶ</strong></span> <span class='ocrx_word' id='word_1_36' title='bbox 1567 921 1836 1019; x_wconf 85' lang='grc' dir='ltr'>βασίλειον</span> 
     </span>
    </p>
   </div>
   <div class='ocr_carea' id='block_1_6' title="bbox 247 1014 1838 1110">
    <p class='ocr_par' dir='ltr' id='par_1_6' title="bbox 247 1014 1838 1110">
     <span class='ocr_line' id='line_1_6' title="bbox 247 1014 1838 1110; baseline 0.02 -43"><span class='ocrx_word' id='word_1_37' title='bbox 247 1014 605 1088; x_wconf 81' lang='grc' dir='ltr'>ίστουργικὴν</span> <span class='ocrx_word' id='word_1_38' title='bbox 649 1021 886 1090; x_wconf 88' lang='grc' dir='ltr'>μάλιστα</span> <span class='ocrx_word' id='word_1_39' title='bbox 962 1027 1076 1081; x_wconf 81' lang='lat' dir='ltr'><strong>Kal.</strong></span> <span class='ocrx_word' id='word_1_40' title='bbox 1109 1031 1217 1105; x_wconf 89' lang='grc' dir='ltr'><strong>γάρ</strong></span> <span class='ocrx_word' id='word_1_41' title='bbox 1241 1036 1347 1087; x_wconf 73' lang='grc' dir='ltr'>εἱσι</span> <span class='ocrx_word' id='word_1_42' title='bbox 1380 1039 1507 1110; x_wconf 80' lang='grc' dir='ltr'>περὶ</span> <span class='ocrx_word' id='word_1_43' title='bbox 1543 1014 1610 1094; x_wconf 78' lang='grc' dir='ltr'>τὰ</span> <span class='ocrx_word' id='word_1_44' title='bbox 1653 1044 1838 1098; x_wconf 79' lang='grc' dir='ltr'>τοιαῦ-</span> 
     </span>
    </p>
   </div>
   <div class='ocr_carea' id='block_1_7' title="bbox 243 1107 1837 1206">
    <p class='ocr_par' dir='ltr' id='par_1_7' title="bbox 243 1107 1837 1206">
     <span class='ocr_line' id='line_1_7' title="bbox 243 1107 1837 1206; baseline 0.019 -49"><span class='ocrx_word' id='word_1_45' title='bbox 243 1122 320 1206; x_wconf 74' lang='grc' dir='ltr'><strong>τα</strong></span> <span class='ocrx_word' id='word_1_46' title='bbox 352 1107 464 1206; x_wconf 45' lang='lat'><strong>(56)</strong></span> <span class='ocrx_word' id='word_1_47' title='bbox 492 1109 845 1206; x_wconf 82' lang='grc' dir='ltr'>θερμότεροι,</span> <span class='ocrx_word' id='word_1_48' title='bbox 897 1117 1083 1206; x_wconf 21' lang='grc' dir='ltr'><strong>καὶῗτὸ</strong></span> <span class='ocrx_word' id='word_1_49' title='bbox 1127 1122 1334 1196; x_wconf 81' lang='grc' dir='ltr'>τολμᾷν</span> <span class='ocrx_word' id='word_1_50' title='bbox 1373 1107 1579 1201; x_wconf 24' lang='grc' dir='ltr'>έκττῆς</span> <span class='ocrx_word' id='word_1_51' title='bbox 1623 1136 1837 1206; x_wconf 73' lang='grc' dir='ltr'>παρρη-</span> 
     </span>
    </p>
   </div>
   <div class='ocr_carea' id='block_1_8' title="bbox 246 1196 1836 1295">
    <p class='ocr_par' dir='ltr' id='par_1_8' title="bbox 246 1196 1836 1295">
     <span class='ocr_line' id='line_1_8' title="bbox 246 1196 1836 1295; baseline 0.019 -47"><span class='ocrx_word' id='word_1_52' title='bbox 246 1196 377 1260; x_wconf 84' lang='grc' dir='ltr'>σίας</span> <span class='ocrx_word' id='word_1_53' title='bbox 410 1198 645 1269; x_wconf 78' lang='grc' dir='ltr'>ἔχοντες.</span> <span class='ocrx_word' id='word_1_54' title='bbox 699 1204 810 1256; x_wconf 79' lang='grc' dir='ltr'><strong>Καὶ</strong></span> <span class='ocrx_word' id='word_1_55' title='bbox 839 1208 948 1261; x_wconf 84' lang='grc' dir='ltr'>πᾶν</span> <span class='ocrx_word' id='word_1_56' title='bbox 988 1205 1056 1280; x_wconf 81' lang='grc' dir='ltr'>ἦν</span> <span class='ocrx_word' id='word_1_57' title='bbox 1090 1210 1253 1266; x_wconf 86' lang='grc' dir='ltr'>ὅπλον</span> <span class='ocrx_word' id='word_1_58' title='bbox 1294 1196 1546 1290; x_wconf 64' lang='grc' dir='ltr'>ἑκάστῳ,</span> <span class='ocrx_word' id='word_1_59' title='bbox 1575 1222 1637 1274; x_wconf 91' lang='grc' dir='ltr'>τὸ</span> <span class='ocrx_word' id='word_1_60' title='bbox 1660 1196 1836 1295; x_wconf 71' lang='grc' dir='ltr'>παρόν</span> 
     </span>
    </p>
   </div>
   <div class='ocr_carea' id='block_1_9' title="bbox 244 1292 1833 1387">
    <p class='ocr_par' dir='ltr' id='par_1_9' title="bbox 244 1292 1833 1387">
     <span class='ocr_line' id='line_1_9' title="bbox 244 1292 1833 1387; baseline 0.02 -45"><span class='ocrx_word' id='word_1_61' title='bbox 244 1292 315 1343; x_wconf 85' lang='grc' dir='ltr'><strong>ἐκ</strong></span> <span class='ocrx_word' id='word_1_62' title='bbox 344 1292 446 1362; x_wconf 83' lang='grc' dir='ltr'><strong>τῆς</strong></span> <span class='ocrx_word' id='word_1_63' title='bbox 472 1294 686 1366; x_wconf 76' lang='grc' dir='ltr'>τέχνης,</span> <span class='ocrx_word' id='word_1_64' title='bbox 718 1300 828 1352; x_wconf 80' lang='grc' dir='ltr'>εἴτε</span> <span class='ocrx_word' id='word_1_65' title='bbox 870 1319 924 1354; x_wconf 91' lang='grc' dir='ltr'><strong>τι</strong></span> <span class='ocrx_word' id='word_1_66' title='bbox 963 1302 1091 1358; x_wconf 83' lang='grc' dir='ltr'>ἄλλο</span> <span class='ocrx_word' id='word_1_67' title='bbox 1114 1307 1191 1378; x_wconf 81' lang='grc' dir='ltr'>τῷ</span> <span class='ocrx_word' id='word_1_68' title='bbox 1223 1311 1402 1381; x_wconf 84' lang='grc' dir='ltr'>καιρῷ</span> <span class='ocrx_word' id='word_1_69' title='bbox 1430 1313 1582 1385; x_wconf 82' lang='grc' dir='ltr'>τύχοι</span> <span class='ocrx_word' id='word_1_70' title='bbox 1615 1292 1833 1387; x_wconf 74' lang='grc' dir='ltr'>σχεδια-</span> 
     </span>
    </p>
   </div>
   <div class='ocr_carea' id='block_1_10' title="bbox 248 1383 1835 1479">
    <p class='ocr_par' dir='ltr' id='par_1_10' title="bbox 248 1383 1835 1479">
     <span class='ocr_line' id='line_1_10' title="bbox 248 1383 1835 1479; baseline 0.02 -45"><span class='ocrx_word' id='word_1_71' title='bbox 248 1383 403 1438; x_wconf 86' lang='grc' dir='ltr'>σθέν.</span> <span class='ocrx_word' id='word_1_72' title='bbox 430 1386 496 1438; x_wconf 75' lang='lat' dir='ltr'><strong>Ai</strong></span> <span class='ocrx_word' id='word_1_73' title='bbox 530 1387 684 1459; x_wconf 80' lang='grc' dir='ltr'><strong>δᾷδες</strong></span> <span class='ocrx_word' id='word_1_74' title='bbox 708 1390 767 1445; x_wconf 85' lang='grc' dir='ltr'>ὲν</span> <span class='ocrx_word' id='word_1_75' title='bbox 787 1393 976 1464; x_wconf 80' lang='grc' dir='ltr'>χερσὶν</span> <span class='ocrx_word' id='word_1_76' title='bbox 994 1434 1011 1461; x_wconf 91' lang='grc'><strong>,</strong></span> <span class='ocrx_word' id='word_1_77' title='bbox 1036 1399 1088 1451; x_wconf 83' lang='grc' dir='ltr'>οἱ</span> <span class='ocrx_word' id='word_1_78' title='bbox 1120 1398 1260 1455; x_wconf 80' lang='grc' dir='ltr'>λίθοι</span> <span class='ocrx_word' id='word_1_79' title='bbox 1285 1383 1739 1479; x_wconf 81' lang='grc' dir='ltr'>προϐεϐλημένοι,</span> <span class='ocrx_word' id='word_1_80' title='bbox 1766 1412 1835 1466; x_wconf 84' lang='grc' dir='ltr'><strong>τὰ</strong></span> 
     </span>
    </p>
   </div>
   <div class='ocr_carea' id='block_1_11' title="bbox 246 1477 1833 1575">
    <p class='ocr_par' dir='ltr' id='par_1_11' title="bbox 246 1477 1833 1575">
     <span class='ocr_line' id='line_1_11' title="bbox 246 1477 1833 1575; baseline 0.019 -47"><span class='ocrx_word' id='word_1_81' title='bbox 246 1477 465 1575; x_wconf 64' lang='grc' dir='ltr'>ρόπαλα</span> <span class='ocrx_word' id='word_1_82' title='bbox 491 1480 752 1555; x_wconf 83' lang='grc' dir='ltr'><strong>εὐτρεπῆ,</strong></span> <span class='ocrx_word' id='word_1_83' title='bbox 784 1486 986 1558; x_wconf 80' lang='grc' dir='ltr'>δρόμος</span> <span class='ocrx_word' id='word_1_84' title='bbox 1007 1492 1264 1553; x_wconf 75' lang='grc' dir='ltr'>ἁπάντων</span> <span class='ocrx_word' id='word_1_85' title='bbox 1291 1492 1392 1561; x_wconf 72' lang='grc' dir='ltr'>εἷς,</span> <span class='ocrx_word' id='word_1_86' title='bbox 1422 1497 1519 1572; x_wconf 80' lang='grc' dir='ltr'><strong>βοὴ</strong></span> <span class='ocrx_word' id='word_1_87' title='bbox 1549 1477 1672 1572; x_wconf 82' lang='grc' dir='ltr'>μία,</span> <span class='ocrx_word' id='word_1_88' title='bbox 1707 1521 1833 1575; x_wconf 87' lang='grc' dir='ltr'>προ-</span> 
     </span>
    </p>
   </div>
   <div class='ocr_carea' id='block_1_12' title="bbox 245 1567 1834 1666">
    <p class='ocr_par' dir='ltr' id='par_1_12' title="bbox 245 1567 1834 1666">
     <span class='ocr_line' id='line_1_12' title="bbox 245 1567 1834 1666; baseline 0.018 -45"><span class='ocrx_word' id='word_1_89' title='bbox 245 1567 419 1641; x_wconf 87' lang='grc' dir='ltr'>θυμία</span> <span class='ocrx_word' id='word_1_90' title='bbox 442 1575 620 1644; x_wconf 85' lang='grc' dir='ltr'>κοινή.</span> <span class='ocrx_word' id='word_1_91' title='bbox 655 1575 839 1648; x_wconf 84' lang='grc' dir='ltr'>Θυμὸς</span> <span class='ocrx_word' id='word_1_92' title='bbox 858 1618 873 1643; x_wconf 93' lang='grc'><strong>,</strong></span> <span class='ocrx_word' id='word_1_93' title='bbox 918 1581 947 1633; x_wconf 99' lang='lat'><strong>6</strong></span> <span class='ocrx_word' id='word_1_94' title='bbox 980 1581 1152 1649; x_wconf 88' lang='grc' dir='ltr'>δεινὸς</span> <span class='ocrx_word' id='word_1_95' title='bbox 1179 1567 1438 1659; x_wconf 86' lang='grc' dir='ltr'>ὁπλίτης,</span> <span class='ocrx_word' id='word_1_96' title='bbox 1468 1567 1640 1664; x_wconf 41' lang='grc' dir='ltr'>ἢ”(55)</span> <span class='ocrx_word' id='word_1_97' title='bbox 1666 1567 1834 1666; x_wconf 80' lang='grc' dir='ltr'>στρα-</span> 
     </span>
    </p>
   </div>
   <div class='ocr_carea' id='block_1_13' title="bbox 240 1663 1831 1751">
    <p class='ocr_par' dir='ltr' id='par_1_13' title="bbox 240 1663 1831 1751">
     <span class='ocr_line' id='line_1_13' title="bbox 240 1663 1831 1751; baseline 0.018 -38"><span class='ocrx_word' id='word_1_98' title='bbox 240 1663 435 1732; x_wconf 85' lang='grc' dir='ltr'>τηγός.</span> <span class='ocrx_word' id='word_1_99' title='bbox 505 1666 639 1720; x_wconf 84' lang='grc' dir='ltr'><strong>Οὐδὲ</strong></span> <span class='ocrx_word' id='word_1_100' title='bbox 671 1673 932 1736; x_wconf 85' lang='grc' dir='ltr'>γυναῖκες</span> <span class='ocrx_word' id='word_1_101' title='bbox 973 1674 1165 1729; x_wconf 81' lang='grc' dir='ltr'>ἄοπλοι</span> <span class='ocrx_word' id='word_1_102' title='bbox 1194 1683 1496 1751; x_wconf 82' lang='grc' dir='ltr'>τηνικαῦτα</span> <span class='ocrx_word' id='word_1_103' title='bbox 1519 1663 1547 1750; x_wconf 13' lang='grc' dir='ltr'><strong>,ί</strong></span> <span class='ocrx_word' id='word_1_104' title='bbox 1579 1686 1674 1740; x_wconf 83' lang='grc' dir='ltr'><strong>τοῦ</strong></span> <span class='ocrx_word' id='word_1_105' title='bbox 1707 1663 1831 1741; x_wconf 79' lang='grc' dir='ltr'>και-</span> 
     </span>
    </p>
   </div>
   <div class='ocr_carea' id='block_1_14' title="bbox 1944 602 3521 679">
    <p class='ocr_par' dir='ltr' id='par_1_14' title="bbox 1944 602 3521 679">
     <span class='ocr_line' id='line_1_14' title="bbox 1944 602 3521 679; baseline 0.015 -33"><span class='ocrx_word' id='word_1_106' title='bbox 1944 606 2232 652; x_wconf 89' lang='lat' dir='ltr'><strong>commune</strong></span> <span class='ocrx_word' id='word_1_107' title='bbox 2261 602 2558 666; x_wconf 88' lang='lat' dir='ltr'><strong>periculum</strong></span> <span class='ocrx_word' id='word_1_108' title='bbox 2595 608 2815 661; x_wconf 89' lang='lat' dir='ltr'><strong>rescivit</strong></span> <span class='ocrx_word' id='word_1_109' title='bbox 2845 608 3165 679; x_wconf 88' lang='lat' dir='ltr'><strong>(periculum</strong></span> <span class='ocrx_word' id='word_1_110' title='bbox 3191 616 3332 668; x_wconf 86' lang='lat' dir='ltr'><strong>enim</strong></span> <span class='ocrx_word' id='word_1_111' title='bbox 3363 631 3521 671; x_wconf 87' lang='lat' dir='ltr'><strong>suum</strong></span> 
     </span>
    </p>
   </div>
   <div class='ocr_carea' id='block_1_15' title="bbox 1941 687 3518 777">
    <p class='ocr_par' dir='ltr' id='par_1_15' title="bbox 1941 687 3518 777">
     <span class='ocr_line' id='line_1_15' title="bbox 1941 687 3518 777; baseline 0.015 -38"><span class='ocrx_word' id='word_1_112' title='bbox 1941 687 2172 757; x_wconf 90' lang='lat' dir='ltr'><strong>quisque</strong></span> <span class='ocrx_word' id='word_1_113' title='bbox 2199 691 2368 759; x_wconf 86' lang='lat' dir='ltr'><strong>ipsius</strong></span> <span class='ocrx_word' id='word_1_114' title='bbox 2400 698 2785 754; x_wconf 86' lang='lat' dir='ltr'><strong>contumeliam</strong></span> <span class='ocrx_word' id='word_1_115' title='bbox 2821 716 2943 756; x_wconf 84' lang='lat' dir='ltr'><strong>esse</strong></span> <span class='ocrx_word' id='word_1_116' title='bbox 2985 705 3372 777; x_wconf 74' lang='lat' dir='ltr'><strong>existimabat),</strong></span> <span class='ocrx_word' id='word_1_117' title='bbox 3409 717 3518 762; x_wconf 88' lang='lat' dir='ltr'><strong>tota</strong></span> 
     </span>
    </p>
   </div>
   <div class='ocr_carea' id='block_1_16' title="bbox 1939 775 3517 861">
    <p class='ocr_par' dir='ltr' id='par_1_16' title="bbox 1939 775 3517 861">
     <span class='ocr_line' id='line_1_16' title="bbox 1939 775 3517 861; baseline 0.014 -30"><span class='ocrx_word' id='word_1_118' title='bbox 1939 775 2123 833; x_wconf 82' lang='lat' dir='ltr'><strong>furore</strong></span> <span class='ocrx_word' id='word_1_119' title='bbox 2169 784 2479 851; x_wconf 84' lang='lat' dir='ltr'><strong>corripitur,</strong></span> <span class='ocrx_word' id='word_1_120' title='bbox 2528 800 2689 860; x_wconf 86' lang='lat' dir='ltr'><strong>atque</strong></span> <span class='ocrx_word' id='word_1_121' title='bbox 2729 793 3067 861; x_wconf 80' lang='lat' dir='ltr'><strong>incenditur;</strong></span> <span class='ocrx_word' id='word_1_122' title='bbox 3124 812 3208 860; x_wconf 89' lang='lat' dir='ltr'><strong>ac,</strong></span> <span class='ocrx_word' id='word_1_123' title='bbox 3239 800 3388 852; x_wconf 88' lang='lat' dir='ltr'><strong>velut</strong></span> <span class='ocrx_word' id='word_1_124' title='bbox 3432 800 3517 852; x_wconf 79' lang='lat' dir='ltr'><strong>fu-</strong></span> 
     </span>
    </p>
   </div>
   <div class='ocr_carea' id='block_1_17' title="bbox 1940 883 3521 961">
    <p class='ocr_par' dir='ltr' id='par_1_17' title="bbox 1940 883 3521 961">
     <span class='ocr_line' id='line_1_17' title="bbox 1940 883 3521 961; baseline 0.016 -39"><span class='ocrx_word' id='word_1_125' title='bbox 1940 883 2029 924; x_wconf 91' lang='lat' dir='ltr'><strong>mo</strong></span> <span class='ocrx_word' id='word_1_126' title='bbox 2070 884 2230 940; x_wconf 89' lang='lat' dir='ltr'><strong>apum</strong></span> <span class='ocrx_word' id='word_1_127' title='bbox 2263 890 2486 932; x_wconf 81' lang='lat' dir='ltr'><strong>examen</strong></span> <span class='ocrx_word' id='word_1_128' title='bbox 2526 892 2790 949; x_wconf 82' lang='lat' dir='ltr'><strong>movente,</strong></span> <span class='ocrx_word' id='word_1_129' title='bbox 2825 888 3068 941; x_wconf 85' lang='lat' dir='ltr'><strong>certatim</strong></span> <span class='ocrx_word' id='word_1_130' title='bbox 3118 905 3308 945; x_wconf 92' lang='lat' dir='ltr'><strong>omnes</strong></span> <span class='ocrx_word' id='word_1_131' title='bbox 3344 895 3521 961; x_wconf 88' lang='lat' dir='ltr'><strong>cujus-</strong></span> 
     </span>
    </p>
   </div>
   <div class='ocr_carea' id='block_1_18' title="bbox 1937 962 3516 1053">
    <p class='ocr_par' dir='ltr' id='par_1_18' title="bbox 1937 962 3516 1053">
     <span class='ocr_line' id='line_1_18' title="bbox 1937 962 3516 1053; baseline 0.013 -36"><span class='ocrx_word' id='word_1_132' title='bbox 1937 962 2067 1019; x_wconf 85' lang='lat' dir='ltr'><strong>libet</strong></span> <span class='ocrx_word' id='word_1_133' title='bbox 2118 967 2332 1035; x_wconf 75' lang='lat' dir='ltr'><strong>generis</strong></span> <span class='ocrx_word' id='word_1_134' title='bbox 2356 978 2521 1038; x_wconf 77' lang='lat' dir='ltr'><strong>atque</strong></span> <span class='ocrx_word' id='word_1_135' title='bbox 2556 976 2731 1030; x_wconf 71' lang='lat' dir='ltr'><strong>aetatis</strong></span> <span class='ocrx_word' id='word_1_136' title='bbox 2755 977 3059 1032; x_wconf 83' lang='lat' dir='ltr'><strong>excitantur</strong></span> <span class='ocrx_word' id='word_1_137' title='bbox 3096 990 3151 1033; x_wconf 91' lang='lat' dir='ltr'><strong>et</strong></span> <span class='ocrx_word' id='word_1_138' title='bbox 3195 995 3516 1053; x_wconf 83' lang='lat' dir='ltr'><strong>exsurgunt,</strong></span> 
     </span>
    </p>
   </div>
   <div class='ocr_carea' id='block_1_19' title="bbox 1935 1058 3517 1143">
    <p class='ocr_par' dir='ltr' id='par_1_19' title="bbox 1935 1058 3517 1143">
     <span class='ocr_line' id='line_1_19' title="bbox 1935 1058 3517 1143; baseline 0.011 -34"><span class='ocrx_word' id='word_1_139' title='bbox 1935 1069 2002 1110; x_wconf 87' lang='lat' dir='ltr'><strong>ac</strong></span> <span class='ocrx_word' id='word_1_140' title='bbox 2041 1058 2339 1125; x_wconf 64' lang='lat' dir='ltr'><strong>praesertim</strong></span> <span class='ocrx_word' id='word_1_141' title='bbox 2379 1078 2652 1120; x_wconf 82' lang='lat' dir='ltr'><strong>armorum</strong></span> <span class='ocrx_word' id='word_1_142' title='bbox 2677 1068 2921 1135; x_wconf 89' lang='lat' dir='ltr'><strong>opitices,</strong></span> <span class='ocrx_word' id='word_1_143' title='bbox 2944 1071 3383 1143; x_wconf 86' lang='lat' dir='ltr'><strong>imperatoriique</strong></span> <span class='ocrx_word' id='word_1_144' title='bbox 3410 1085 3517 1129; x_wconf 81' lang='lat' dir='ltr'><strong>tex-</strong></span> 
     </span>
    </p>
   </div>
   <div class='ocr_carea' id='block_1_20' title="bbox 1938 1150 3513 1233">
    <p class='ocr_par' dir='ltr' id='par_1_20' title="bbox 1938 1150 3513 1233">
     <span class='ocr_line' id='line_1_20' title="bbox 1938 1150 3513 1233; baseline 0.011 -30"><span class='ocrx_word' id='word_1_145' title='bbox 1938 1155 2103 1205; x_wconf 83' lang='lat' dir='ltr'><strong>tores.</strong></span> <span class='ocrx_word' id='word_1_146' title='bbox 2132 1150 2265 1206; x_wconf 85' lang='lat' dir='ltr'><strong>Nam</strong></span> <span class='ocrx_word' id='word_1_147' title='bbox 2292 1154 2345 1208; x_wconf 91' lang='lat' dir='ltr'><strong>bi</strong></span> <span class='ocrx_word' id='word_1_148' title='bbox 2378 1155 2428 1208; x_wconf 92' lang='lat' dir='ltr'><strong>in</strong></span> <span class='ocrx_word' id='word_1_149' title='bbox 2456 1156 2757 1226; x_wconf 77' lang='lat' dir='ltr'><strong>liujusmodi</strong></span> <span class='ocrx_word' id='word_1_150' title='bbox 2785 1161 2946 1215; x_wconf 89' lang='lat' dir='ltr'><strong>rebus</strong></span> <span class='ocrx_word' id='word_1_151' title='bbox 2975 1162 3327 1220; x_wconf 82' lang='lat' dir='ltr'><strong>ferventiores</strong></span> <span class='ocrx_word' id='word_1_152' title='bbox 3363 1177 3513 1233; x_wconf 93' lang='lat' dir='ltr'><strong>sunt,</strong></span> 
     </span>
    </p>
   </div>
   <div class='ocr_carea' id='block_1_21' title="bbox 1937 1240 3514 1321">
    <p class='ocr_par' dir='ltr' id='par_1_21' title="bbox 1937 1240 3514 1321">
     <span class='ocr_line' id='line_1_21' title="bbox 1937 1240 3514 1321; baseline 0.011 -29"><span class='ocrx_word' id='word_1_153' title='bbox 1937 1248 2121 1308; x_wconf 87' lang='lat' dir='ltr'><strong>atque,</strong></span> <span class='ocrx_word' id='word_1_154' title='bbox 2150 1240 2219 1295; x_wconf 88' lang='lat' dir='ltr'><strong>ob</strong></span> <span class='ocrx_word' id='word_1_155' title='bbox 2252 1243 2555 1300; x_wconf 86' lang='lat' dir='ltr'><strong>libertatem</strong></span> <span class='ocrx_word' id='word_1_156' title='bbox 2590 1262 2653 1302; x_wconf 90' lang='lat' dir='ltr'><strong>ac</strong></span> <span class='ocrx_word' id='word_1_157' title='bbox 2685 1249 2955 1305; x_wconf 83' lang='lat' dir='ltr'><strong>licentiam</strong></span> <span class='ocrx_word' id='word_1_158' title='bbox 2989 1267 3094 1321; x_wconf 92' lang='lat' dir='ltr'><strong>qua</strong></span> <span class='ocrx_word' id='word_1_159' title='bbox 3143 1254 3413 1320; x_wconf 79' lang='lat' dir='ltr'><strong>fruuntur,</strong></span> <span class='ocrx_word' id='word_1_160' title='bbox 3445 1256 3514 1310; x_wconf 88' lang='lat' dir='ltr'><strong>ad</strong></span> 
     </span>
    </p>
   </div>
   <div class='ocr_carea' id='block_1_22' title="bbox 1937 1331 3512 1412">
    <p class='ocr_par' dir='ltr' id='par_1_22' title="bbox 1937 1331 3512 1412">
     <span class='ocr_line' id='line_1_22' title="bbox 1937 1331 3512 1412; baseline 0.012 -29"><span class='ocrx_word' id='word_1_161' title='bbox 1937 1331 2243 1388; x_wconf 88' lang='lat' dir='ltr'><strong>audendum</strong></span> <span class='ocrx_word' id='word_1_162' title='bbox 2306 1339 2631 1406; x_wconf 84' lang='lat' dir='ltr'><strong>paratiores.</strong></span> <span class='ocrx_word' id='word_1_163' title='bbox 2682 1341 2983 1411; x_wconf 84' lang='lat' dir='ltr'><strong>Unicuique</strong></span> <span class='ocrx_word' id='word_1_164' title='bbox 3032 1360 3190 1412; x_wconf 85' lang='lat' dir='ltr'><strong>porro</strong></span> <span class='ocrx_word' id='word_1_165' title='bbox 3248 1347 3337 1400; x_wconf 85' lang='lat' dir='ltr'><strong>teli</strong></span> <span class='ocrx_word' id='word_1_166' title='bbox 3396 1348 3512 1402; x_wconf 87' lang='lat' dir='ltr'><strong>loco</strong></span> 
     </span>
    </p>
   </div>
   <div class='ocr_carea' id='block_1_23' title="bbox 1935 1422 3512 1506">
    <p class='ocr_par' dir='ltr' id='par_1_23' title="bbox 1935 1422 3512 1506">
     <span class='ocr_line' id='line_1_23' title="bbox 1935 1422 3512 1506; baseline 0.011 -30"><span class='ocrx_word' id='word_1_167' title='bbox 1935 1432 2074 1487; x_wconf 89' lang='lat' dir='ltr'><strong>erat,</strong></span> <span class='ocrx_word' id='word_1_168' title='bbox 2116 1422 2202 1478; x_wconf 89' lang='lat' dir='ltr'><strong>vel</strong></span> <span class='ocrx_word' id='word_1_169' title='bbox 2248 1428 2390 1495; x_wconf 88' lang='lat' dir='ltr'><strong>quod</strong></span> <span class='ocrx_word' id='word_1_170' title='bbox 2427 1427 2516 1485; x_wconf 84' lang='lat' dir='ltr'><strong>ars</strong></span> <span class='ocrx_word' id='word_1_171' title='bbox 2565 1431 2842 1498; x_wconf 79' lang='lat' dir='ltr'><strong>olierebat,</strong></span> <span class='ocrx_word' id='word_1_172' title='bbox 2875 1435 2954 1489; x_wconf 78' lang='lat' dir='ltr'><strong>vel</strong></span> <span class='ocrx_word' id='word_1_173' title='bbox 2992 1438 3129 1504; x_wconf 88' lang='lat' dir='ltr'><strong>quod</strong></span> <span class='ocrx_word' id='word_1_174' title='bbox 3187 1439 3236 1490; x_wconf 91' lang='lat' dir='ltr'><strong>in</strong></span> <span class='ocrx_word' id='word_1_175' title='bbox 3286 1454 3341 1492; x_wconf 92' lang='lat' dir='ltr'><strong>re</strong></span> <span class='ocrx_word' id='word_1_176' title='bbox 3375 1453 3512 1506; x_wconf 70' lang='lat' dir='ltr'><strong>pra:-</strong></span> 
     </span>
    </p>
   </div>
   <div class='ocr_carea' id='block_1_24' title="bbox 1935 1512 3508 1592">
    <p class='ocr_par' dir='ltr' id='par_1_24' title="bbox 1935 1512 3508 1592">
     <span class='ocr_line' id='line_1_24' title="bbox 1935 1512 3508 1592; baseline 0.013 -29"><span class='ocrx_word' id='word_1_177' title='bbox 1935 1512 2076 1566; x_wconf 85' lang='lat' dir='ltr'><strong>seuti</strong></span> <span class='ocrx_word' id='word_1_178' title='bbox 2130 1516 2476 1573; x_wconf 84' lang='lat' dir='ltr'><strong>tumultuarie</strong></span> <span class='ocrx_word' id='word_1_179' title='bbox 2533 1522 2863 1578; x_wconf 80' lang='lat' dir='ltr'><strong>confecerat.</strong></span> <span class='ocrx_word' id='word_1_180' title='bbox 2922 1524 3094 1581; x_wconf 78' lang='lat' dir='ltr'><strong>Faces</strong></span> <span class='ocrx_word' id='word_1_181' title='bbox 3128 1527 3180 1579; x_wconf 88' lang='lat' dir='ltr'><strong>iu</strong></span> <span class='ocrx_word' id='word_1_182' title='bbox 3240 1529 3508 1592; x_wconf 85' lang='lat' dir='ltr'><strong>manibus,</strong></span> 
     </span>
    </p>
   </div>
   <div class='ocr_carea' id='block_1_25' title="bbox 1934 1605 3507 1684">
    <p class='ocr_par' dir='ltr' id='par_1_25' title="bbox 1934 1605 3507 1684">
     <span class='ocr_line' id='line_1_25' title="bbox 1934 1605 3507 1684; baseline 0.01 -26"><span class='ocrx_word' id='word_1_183' title='bbox 1934 1617 2089 1668; x_wconf 80' lang='lat' dir='ltr'><strong>saxa,</strong></span> <span class='ocrx_word' id='word_1_184' title='bbox 2146 1605 2313 1662; x_wconf 78' lang='lat' dir='ltr'><strong>fustes</strong></span> <span class='ocrx_word' id='word_1_185' title='bbox 2373 1611 2426 1665; x_wconf 90' lang='lat' dir='ltr'><strong>iu</strong></span> <span class='ocrx_word' id='word_1_186' title='bbox 2488 1622 2758 1683; x_wconf 89' lang='lat' dir='ltr'><strong>promptu,</strong></span> <span class='ocrx_word' id='word_1_187' title='bbox 2806 1631 2944 1670; x_wconf 89' lang='lat' dir='ltr'><strong>unus</strong></span> <span class='ocrx_word' id='word_1_188' title='bbox 3003 1619 3242 1670; x_wconf 88' lang='lat' dir='ltr'><strong>omnium</strong></span> <span class='ocrx_word' id='word_1_189' title='bbox 3296 1634 3507 1684; x_wconf 80' lang='lat' dir='ltr'><strong>cursus,</strong></span> 
     </span>
    </p>
   </div>
   <div class='ocr_carea' id='block_1_26' title="bbox 1938 1698 3513 1765">
    <p class='ocr_par' dir='ltr' id='par_1_26' title="bbox 1938 1698 3513 1765">
     <span class='ocr_line' id='line_1_26' title="bbox 1938 1698 3513 1765; baseline 0.009 -15"><span class='ocrx_word' id='word_1_190' title='bbox 1938 1711 2076 1753; x_wconf 90' lang='lat' dir='ltr'><strong>unus</strong></span> <span class='ocrx_word' id='word_1_191' title='bbox 2103 1698 2329 1763; x_wconf 88' lang='lat' dir='ltr'><strong>clamor,</strong></span> <span class='ocrx_word' id='word_1_192' title='bbox 2363 1704 2671 1759; x_wconf 89' lang='lat' dir='ltr'><strong>communis</strong></span> <span class='ocrx_word' id='word_1_193' title='bbox 2721 1705 3023 1760; x_wconf 85' lang='lat' dir='ltr'><strong>animorum</strong></span> <span class='ocrx_word' id='word_1_194' title='bbox 3079 1709 3329 1763; x_wconf 84' lang='lat' dir='ltr'><strong>alacritas</strong></span> <span class='ocrx_word' id='word_1_195' title='bbox 3368 1726 3383 1763; x_wconf 91' lang='lat'><strong>:</strong></span> <span class='ocrx_word' id='word_1_196' title='bbox 3428 1709 3513 1765; x_wconf 81' lang='lat' dir='ltr'><strong>fu-</strong></span> 
     </span>
    </p>
   </div>
   <div class='ocr_carea' id='block_1_27' title="bbox 242 1754 1819 1863">
    <p class='ocr_par' dir='ltr' id='par_1_27' title="bbox 242 1754 1819 1849">
     <span class='ocr_line' id='line_1_27' title="bbox 242 1754 1819 1849; baseline 0.018 -43"><span class='ocrx_word' id='word_1_197' title='bbox 242 1754 346 1825; x_wconf 86' lang='grc' dir='ltr'>ροῦ</span> <span class='ocrx_word' id='word_1_198' title='bbox 376 1754 635 1826; x_wconf 82' lang='grc' dir='ltr'><strong>θήγοντος</strong></span> <span class='ocrx_word' id='word_1_199' title='bbox 653 1777 667 1792; x_wconf 73' lang='grc' dir='ltr'><strong>ο</strong></span> <span class='ocrx_word' id='word_1_200' title='bbox 698 1763 882 1833; x_wconf 83' lang='grc' dir='ltr'><strong>μελίαι</strong></span> <span class='ocrx_word' id='word_1_201' title='bbox 908 1766 953 1819; x_wconf 92' lang='grc' dir='ltr'>δ’</span> <span class='ocrx_word' id='word_1_202' title='bbox 974 1764 1116 1839; x_wconf 85' lang='grc' dir='ltr'>ἦσαν</span> <span class='ocrx_word' id='word_1_203' title='bbox 1142 1771 1334 1837; x_wconf 85' lang='grc' dir='ltr'>αὐταῖς</span> <span class='ocrx_word' id='word_1_204' title='bbox 1375 1777 1430 1827; x_wconf 86' lang='grc' dir='ltr'><strong>αί</strong></span> <span class='ocrx_word' id='word_1_205' title='bbox 1457 1778 1706 1849; x_wconf 86' lang='grc' dir='ltr'>κερκίδες</span> <span class='ocrx_word' id='word_1_206' title='bbox 1729 1797 1742 1811; x_wconf 78' lang='grc' dir='ltr'><strong><em>ο</em></strong></span> <span class='ocrx_word' id='word_1_207' title='bbox 1769 1782 1819 1835; x_wconf 72' lang='grc' dir='ltr'>αἲ</span> 
     </span>
    </p>
   </div>
   <div class='ocr_carea' id='block_1_28' title="bbox 1929 1754 3510 1863">
    <p class='ocr_par' dir='ltr' id='par_1_28' title="bbox 1936 1791 3510 1863">
     <span class='ocr_line' id='line_1_28' title="bbox 1936 1791 3510 1863; baseline 0.008 -20"><span class='ocrx_word' id='word_1_208' title='bbox 1936 1803 2050 1856; x_wconf 90' lang='lat' dir='ltr'><strong>ror,</strong></span> <span class='ocrx_word' id='word_1_209' title='bbox 2082 1791 2236 1845; x_wconf 88' lang='lat' dir='ltr'><strong>miles</strong></span> <span class='ocrx_word' id='word_1_210' title='bbox 2301 1794 2614 1863; x_wconf 90' lang='lat' dir='ltr'><strong>vehemens,</strong></span> <span class='ocrx_word' id='word_1_211' title='bbox 2648 1797 2758 1852; x_wconf 90' lang='lat' dir='ltr'><strong>imo</strong></span> <span class='ocrx_word' id='word_1_212' title='bbox 2804 1798 2925 1853; x_wconf 91' lang='lat' dir='ltr'><strong>belli</strong></span> <span class='ocrx_word' id='word_1_213' title='bbox 2963 1800 3088 1854; x_wconf 81' lang='lat' dir='ltr'><strong>dux.</strong></span> <span class='ocrx_word' id='word_1_214' title='bbox 3145 1800 3222 1855; x_wconf 83' lang='lat' dir='ltr'><strong>Ne</strong></span> <span class='ocrx_word' id='word_1_215' title='bbox 3254 1802 3510 1857; x_wconf 89' lang='lat' dir='ltr'><strong>mulieres</strong></span> 
     </span>
    </p>
   </div>
   <div class='ocr_carea' id='block_1_29' title="bbox 238 1847 1827 1937">
    <p class='ocr_par' dir='ltr' id='par_1_29' title="bbox 238 1847 1827 1937">
     <span class='ocr_line' id='line_1_29' title="bbox 238 1847 1827 1937; baseline 0.017 -38"><span class='ocrx_word' id='word_1_216' title='bbox 238 1847 367 1901; x_wconf 84' lang='grc' dir='ltr'>οὐδὲ</span> <span class='ocrx_word' id='word_1_217' title='bbox 398 1854 655 1919; x_wconf 81' lang='grc' dir='ltr'>γυναῖκες</span> <span class='ocrx_word' id='word_1_218' title='bbox 684 1854 876 1926; x_wconf 82' lang='grc' dir='ltr'>ἔμενον</span> <span class='ocrx_word' id='word_1_219' title='bbox 903 1857 982 1912; x_wconf 79' lang='grc' dir='ltr'>ἔτι</span> <span class='ocrx_word' id='word_1_220' title='bbox 1004 1901 1021 1927; x_wconf 97' lang='grc'><strong>,</strong></span> <span class='ocrx_word' id='word_1_221' title='bbox 1065 1860 1145 1931; x_wconf 83' lang='grc' dir='ltr'>τῷ</span> <span class='ocrx_word' id='word_1_222' title='bbox 1182 1859 1328 1933; x_wconf 82' lang='grc' dir='ltr'><strong>ζήλῳ</strong></span> <span class='ocrx_word' id='word_1_223' title='bbox 1361 1847 1695 1937; x_wconf 77' lang='grc' dir='ltr'>ῥωσθεῖσαι,</span> <span class='ocrx_word' id='word_1_224' title='bbox 1730 1873 1827 1925; x_wconf 76' lang='grc' dir='ltr'><strong>καὶ</strong></span> 
     </span>
    </p>
   </div>
   <div class='ocr_carea' id='block_1_30' title="bbox 239 1940 1829 2032">
    <p class='ocr_par' dir='ltr' id='par_1_30' title="bbox 239 1940 1829 2032">
     <span class='ocr_line' id='line_1_30' title="bbox 239 1940 1829 2032; baseline 0.016 -41"><span class='ocrx_word' id='word_1_225' title='bbox 239 1940 327 2003; x_wconf 82' lang='grc' dir='ltr'><strong>είς</strong></span> <span class='ocrx_word' id='word_1_226' title='bbox 358 1941 572 2032; x_wconf 74' lang='grc' dir='ltr'>ἀνδρῶν</span> <span class='ocrx_word' id='word_1_227' title='bbox 604 1944 718 2019; x_wconf 90' lang='grc'>(56)</span> <span class='ocrx_word' id='word_1_228' title='bbox 753 1947 953 2019; x_wconf 80' lang='grc' dir='ltr'><strong>θάρσος</strong></span> <span class='ocrx_word' id='word_1_229' title='bbox 986 1951 1095 2023; x_wconf 87' lang='grc'>(57)</span> <span class='ocrx_word' id='word_1_230' title='bbox 1136 1956 1653 2028; x_wconf 84' lang='grc' dir='ltr'>μεταλλαττόμεναι.</span> <span class='ocrx_word' id='word_1_231' title='bbox 1687 1962 1829 2032; x_wconf 90' lang='grc' dir='ltr'>Βρα-</span> 
     </span>
    </p>
   </div>
   <div class='ocr_carea' id='block_1_31' title="bbox 238 2030 1825 2119">
    <p class='ocr_par' dir='ltr' id='par_1_31' title="bbox 238 2030 1825 2119">
     <span class='ocr_line' id='line_1_31' title="bbox 238 2030 1825 2119; baseline 0.017 -40"><span class='ocrx_word' id='word_1_232' title='bbox 238 2030 346 2100; x_wconf 75' lang='grc' dir='ltr'>χὺς</span> <span class='ocrx_word' id='word_1_233' title='bbox 394 2031 424 2082; x_wconf 85' lang='lat'><strong>6</strong></span> <span class='ocrx_word' id='word_1_234' title='bbox 460 2030 616 2100; x_wconf 84' lang='grc' dir='ltr'>λόγος</span> <span class='ocrx_word' id='word_1_235' title='bbox 636 2051 650 2064; x_wconf 74' lang='grc' dir='ltr'><strong>ο</strong></span> <span class='ocrx_word' id='word_1_236' title='bbox 712 2036 1036 2108; x_wconf 74' lang='grc' dir='ltr'>μερίζεσθαι</span> <span class='ocrx_word' id='word_1_237' title='bbox 1069 2043 1168 2112; x_wconf 84' lang='grc' dir='ltr'><strong>τὴν</strong></span> <span class='ocrx_word' id='word_1_238' title='bbox 1202 2044 1483 2100; x_wconf 83' lang='grc' dir='ltr'>εὐσέϐειαν</span> <span class='ocrx_word' id='word_1_239' title='bbox 1515 2030 1745 2119; x_wconf 28' lang='grc' dir='ltr'>ᾤοντο(</span> <span class='ocrx_word' id='word_1_240' title='bbox 1776 2054 1825 2106; x_wconf 88' lang='grc' dir='ltr'><strong>εί</strong></span> 
     </span>
    </p>
   </div>
   <div class='ocr_carea' id='block_1_32' title="bbox 238 2120 1822 2217">
    <p class='ocr_par' dir='ltr' id='par_1_32' title="bbox 238 2120 1822 2217">
     <span class='ocr_line' id='line_1_32' title="bbox 238 2120 1822 2217; baseline 0.017 -45"><span class='ocrx_word' id='word_1_241' title='bbox 238 2120 432 2176; x_wconf 84' lang='grc' dir='ltr'>τοῦτον</span> <span class='ocrx_word' id='word_1_242' title='bbox 460 2123 750 2181; x_wconf 87' lang='grc' dir='ltr'>διέλοιντο·</span> <span class='ocrx_word' id='word_1_243' title='bbox 781 2130 878 2183; x_wconf 80' lang='grc' dir='ltr'><strong>καὶ</strong></span> <span class='ocrx_word' id='word_1_244' title='bbox 909 2127 1062 2197; x_wconf 75' lang='grc' dir='ltr'>οὗτος</span> <span class='ocrx_word' id='word_1_245' title='bbox 1093 2136 1278 2201; x_wconf 87' lang='grc' dir='ltr'>αὐτοῖς</span> <span class='ocrx_word' id='word_1_246' title='bbox 1313 2139 1699 2214; x_wconf 81' lang='grc' dir='ltr'>εὐσεϐέστερος</span> <span class='ocrx_word' id='word_1_247' title='bbox 1732 2139 1822 2217; x_wconf 79' lang='grc' dir='ltr'>ἦν,</span> 
     </span>
    </p>
   </div>
   <div class='ocr_carea' id='block_1_33' title="bbox 237 2212 1821 2302">
    <p class='ocr_par' dir='ltr' id='par_1_33' title="bbox 237 2212 1821 2302">
     <span class='ocr_line' id='line_1_33' title="bbox 237 2212 1821 2302; baseline 0.017 -38"><span class='ocrx_word' id='word_1_248' title='bbox 237 2212 300 2277; x_wconf 77' lang='grc' dir='ltr'>ὃς</span> <span class='ocrx_word' id='word_1_249' title='bbox 328 2214 550 2302; x_wconf 84' lang='grc' dir='ltr'>πρῶτος</span> <span class='ocrx_word' id='word_1_250' title='bbox 571 2219 819 2274; x_wconf 83' lang='grc' dir='ltr'>ὲπιϐαλεῖ</span> <span class='ocrx_word' id='word_1_251' title='bbox 840 2226 996 2295; x_wconf 90' lang='grc' dir='ltr'>χεῖρα</span> <span class='ocrx_word' id='word_1_252' title='bbox 1022 2224 1100 2297; x_wconf 83' lang='grc' dir='ltr'>τῷ</span> <span class='ocrx_word' id='word_1_253' title='bbox 1125 2227 1367 2302; x_wconf 84' lang='grc' dir='ltr'>τολμητῇ</span> <span class='ocrx_word' id='word_1_254' title='bbox 1399 2231 1507 2286; x_wconf 85' lang='grc' dir='ltr'>τῶν</span> <span class='ocrx_word' id='word_1_255' title='bbox 1541 2212 1821 2292; x_wconf 74' lang='grc' dir='ltr'>τοιούτιόν.</span> 
     </span>
    </p>
   </div>
   <div class='ocr_carea' id='block_1_34' title="bbox 237 2301 1823 2399">
    <p class='ocr_par' dir='ltr' id='par_1_34' title="bbox 237 2301 1823 2399">
     <span class='ocr_line' id='line_1_34' title="bbox 237 2301 1823 2399; baseline 0.016 -42"><span class='ocrx_word' id='word_1_256' title='bbox 237 2304 307 2358; x_wconf 85' lang='grc' dir='ltr'>Τί</span> <span class='ocrx_word' id='word_1_257' title='bbox 334 2301 429 2360; x_wconf 80' lang='grc' dir='ltr'>οὖν</span> <span class='ocrx_word' id='word_1_258' title='bbox 452 2308 480 2363; x_wconf 87' lang='lat'><strong>6</strong></span> <span class='ocrx_word' id='word_1_259' title='bbox 512 2310 744 2383; x_wconf 83' lang='grc' dir='ltr'>σοϐαρὸς</span> <span class='ocrx_word' id='word_1_260' title='bbox 777 2312 891 2385; x_wconf 87' lang='grc'>(58)</span> <span class='ocrx_word' id='word_1_261' title='bbox 921 2316 1129 2381; x_wconf 81' lang='grc' dir='ltr'>ἐκεῖνος</span> <span class='ocrx_word' id='word_1_262' title='bbox 1156 2319 1253 2371; x_wconf 81' lang='grc' dir='ltr'>καὶ</span> <span class='ocrx_word' id='word_1_263' title='bbox 1291 2301 1496 2392; x_wconf 85' lang='grc' dir='ltr'>θρασὺς</span> <span class='ocrx_word' id='word_1_264' title='bbox 1527 2324 1823 2399; x_wconf 73' lang='grc' dir='ltr'>δικαστήςς</span> 
     </span>
    </p>
   </div>
   <div class='ocr_carea' id='block_1_35' title="bbox 248 2396 1821 2490">
    <p class='ocr_par' dir='ltr' id='par_1_35' title="bbox 248 2396 1821 2490">
     <span class='ocr_line' id='line_1_35' title="bbox 248 2396 1821 2490; baseline 0.015 -40"><span class='ocrx_word' id='word_1_265' title='bbox 248 2397 462 2471; x_wconf 80' lang='grc' dir='ltr'>Ἱκέτης</span> <span class='ocrx_word' id='word_1_266' title='bbox 488 2396 577 2473; x_wconf 81' lang='grc' dir='ltr'>ἦν,</span> <span class='ocrx_word' id='word_1_267' title='bbox 606 2403 859 2471; x_wconf 76' lang='grc' dir='ltr'>ἐλεεινὸς,</span> <span class='ocrx_word' id='word_1_268' title='bbox 893 2408 1095 2477; x_wconf 77' lang='grc' dir='ltr'>ἄθλιος,</span> <span class='ocrx_word' id='word_1_269' title='bbox 1146 2413 1289 2479; x_wconf 87' lang='grc' dir='ltr'>τίνος</span> <span class='ocrx_word' id='word_1_270' title='bbox 1315 2414 1374 2467; x_wconf 82' lang='grc' dir='ltr'>οὐ</span> <span class='ocrx_word' id='word_1_271' title='bbox 1403 2396 1821 2490; x_wconf 82' lang='grc' dir='ltr'>ταπεινότερός;</span> 
     </span>
    </p>
   </div>
   <div class='ocr_carea' id='block_1_36' title="bbox 235 2490 1825 2586">
    <p class='ocr_par' dir='ltr' id='par_1_36' title="bbox 235 2490 1825 2586">
     <span class='ocr_line' id='line_1_36' title="bbox 235 2490 1825 2586; baseline 0.016 -43"><span class='ocrx_word' id='word_1_272' title='bbox 235 2490 344 2557; x_wconf 66' lang='grc' dir='ltr'><strong>ἕως</strong></span> <span class='ocrx_word' id='word_1_273' title='bbox 378 2494 664 2562; x_wconf 70' lang='grc' dir='ltr'>ἐπιφανεὶς</span> <span class='ocrx_word' id='word_1_274' title='bbox 694 2500 723 2551; x_wconf 94' lang='lat'><strong>6</strong></span> <span class='ocrx_word' id='word_1_275' title='bbox 753 2500 923 2572; x_wconf 82' lang='grc' dir='ltr'>χωρὶς</span> <span class='ocrx_word' id='word_1_276' title='bbox 965 2503 1194 2573; x_wconf 86' lang='grc' dir='ltr'>αἵματος</span> <span class='ocrx_word' id='word_1_277' title='bbox 1235 2507 1447 2579; x_wconf 83' lang='grc' dir='ltr'>μάρτυς</span> <span class='ocrx_word' id='word_1_278' title='bbox 1467 2549 1484 2572; x_wconf 86' lang='grc'><strong>,</strong></span> <span class='ocrx_word' id='word_1_279' title='bbox 1526 2513 1622 2565; x_wconf 76' lang='grc' dir='ltr'>καὶ</span> <span class='ocrx_word' id='word_1_280' title='bbox 1652 2514 1825 2586; x_wconf 80' lang='grc' dir='ltr'>χωρὶς</span> 
     </span>
    </p>
   </div>
   <div class='ocr_carea' id='block_1_37' title="bbox 236 2583 1823 2677">
    <p class='ocr_par' dir='ltr' id='par_1_37' title="bbox 236 2583 1823 2677">
     <span class='ocr_line' id='line_1_37' title="bbox 236 2583 1823 2677; baseline 0.016 -41"><span class='ocrx_word' id='word_1_281' title='bbox 236 2583 465 2654; x_wconf 83' lang='grc' dir='ltr'><strong>πληγῶν</strong></span> <span class='ocrx_word' id='word_1_282' title='bbox 524 2591 849 2663; x_wconf 79' lang='grc' dir='ltr'>στεφανίτης</span> <span class='ocrx_word' id='word_1_283' title='bbox 871 2633 887 2657; x_wconf 91' lang='grc'><strong>,</strong></span> <span class='ocrx_word' id='word_1_284' title='bbox 942 2595 1039 2648; x_wconf 75' lang='grc' dir='ltr'>καὶ</span> <span class='ocrx_word' id='word_1_285' title='bbox 1074 2595 1168 2669; x_wconf 78' lang='grc' dir='ltr'>βίᾳ</span> <span class='ocrx_word' id='word_1_286' title='bbox 1220 2598 1313 2653; x_wconf 83' lang='grc' dir='ltr'>τὸν</span> <span class='ocrx_word' id='word_1_287' title='bbox 1351 2600 1476 2657; x_wconf 80' lang='grc' dir='ltr'>λαὸν</span> <span class='ocrx_word' id='word_1_288' title='bbox 1529 2583 1823 2677; x_wconf 76' lang='grc' dir='ltr'>κατασχὼν</span> 
     </span>
    </p>
   </div>
   <div class='ocr_carea' id='block_1_38' title="bbox 236 2677 1821 2773">
    <p class='ocr_par' dir='ltr' id='par_1_38' title="bbox 236 2677 1821 2773">
     <span class='ocr_line' id='line_1_38' title="bbox 236 2677 1821 2773; baseline 0.015 -43"><span class='ocrx_word' id='word_1_289' title='bbox 236 2677 379 2732; x_wconf 73' lang='grc' dir='ltr'>αἰδοῖ</span> <span class='ocrx_word' id='word_1_290' title='bbox 411 2681 784 2752; x_wconf 80' lang='grc' dir='ltr'>κρατηθέντα,</span> <span class='ocrx_word' id='word_1_291' title='bbox 822 2686 913 2739; x_wconf 86' lang='grc' dir='ltr'>τὸν</span> <span class='ocrx_word' id='word_1_292' title='bbox 944 2689 1128 2763; x_wconf 76' lang='grc' dir='ltr'>ἱκέτην</span> <span class='ocrx_word' id='word_1_293' title='bbox 1162 2691 1358 2748; x_wconf 76' lang='grc' dir='ltr'>ἑαυτοῦ</span> <span class='ocrx_word' id='word_1_294' title='bbox 1392 2695 1506 2767; x_wconf 84' lang='grc'>(59)</span> <span class='ocrx_word' id='word_1_295' title='bbox 1532 2699 1626 2752; x_wconf 83' lang='grc' dir='ltr'>καὶ</span> <span class='ocrx_word' id='word_1_296' title='bbox 1664 2700 1821 2773; x_wconf 72' lang='grc' dir='ltr'>ὑϐρισ</span> 
     </span>
    </p>
   </div>
   <div class='ocr_carea' id='block_1_39' title="bbox 236 2771 1821 2857">
    <p class='ocr_par' dir='ltr' id='par_1_39' title="bbox 236 2771 1821 2857">
     <span class='ocr_line' id='line_1_39' title="bbox 236 2771 1821 2857; baseline 0.016 -35"><span class='ocrx_word' id='word_1_297' title='bbox 236 2771 374 2843; x_wconf 79' lang='grc' dir='ltr'>στὴν</span> <span class='ocrx_word' id='word_1_298' title='bbox 400 2772 713 2830; x_wconf 83' lang='grc' dir='ltr'>διεσώσατο.</span> <span class='ocrx_word' id='word_1_299' title='bbox 799 2779 983 2835; x_wconf 81' lang='grc' dir='ltr'>Ταῦτα</span> <span class='ocrx_word' id='word_1_300' title='bbox 1007 2784 1036 2835; x_wconf 88' lang='lat'><strong>6</strong></span> <span class='ocrx_word' id='word_1_301' title='bbox 1059 2782 1169 2838; x_wconf 86' lang='grc' dir='ltr'><strong>τῶν</strong></span> <span class='ocrx_word' id='word_1_302' title='bbox 1200 2785 1372 2854; x_wconf 80' lang='grc' dir='ltr'>ἁγίων</span> <span class='ocrx_word' id='word_1_303' title='bbox 1399 2787 1565 2857; x_wconf 84' lang='grc' dir='ltr'>Θεὸς,</span> <span class='ocrx_word' id='word_1_304' title='bbox 1593 2793 1623 2845; x_wconf 91' lang='lat'><strong>6</strong></span> <span class='ocrx_word' id='word_1_305' title='bbox 1651 2771 1821 2848; x_wconf 79' lang='grc' dir='ltr'>ποιῶν</span> 
     </span>
    </p>
   </div>
   <div class='ocr_carea' id='block_1_40' title="bbox 233 2865 1822 2950">
    <p class='ocr_par' dir='ltr' id='par_1_40' title="bbox 233 2865 1822 2950">
     <span class='ocr_line' id='line_1_40' title="bbox 233 2865 1822 2950; baseline 0.013 -33"><span class='ocrx_word' id='word_1_306' title='bbox 233 2865 418 2919; x_wconf 74' lang='grc' dir='ltr'>πάντα</span> <span class='ocrx_word' id='word_1_307' title='bbox 468 2869 563 2923; x_wconf 79' lang='grc' dir='ltr'>καὶ</span> <span class='ocrx_word' id='word_1_308' title='bbox 615 2873 1036 2940; x_wconf 78' lang='grc' dir='ltr'>μετασκευάζων</span> <span class='ocrx_word' id='word_1_309' title='bbox 1085 2877 1180 2930; x_wconf 77' lang='grc' dir='ltr'><strong>ἐπὶ</strong></span> <span class='ocrx_word' id='word_1_310' title='bbox 1222 2879 1284 2933; x_wconf 86' lang='grc' dir='ltr'>τὸ</span> <span class='ocrx_word' id='word_1_311' title='bbox 1329 2878 1576 2950; x_wconf 80' lang='grc' dir='ltr'>βέλτιον,</span> <span class='ocrx_word' id='word_1_312' title='bbox 1629 2886 1660 2938; x_wconf 94' lang='lat'><strong>6</strong></span> <span class='ocrx_word' id='word_1_313' title='bbox 1706 2887 1822 2950; x_wconf 80' lang='grc' dir='ltr'>τοῖς</span> 
     </span>
    </p>
   </div>
   <div class='ocr_carea' id='block_1_41' title="bbox 232 2958 1823 3048">
    <p class='ocr_par' dir='ltr' id='par_1_41' title="bbox 232 2958 1823 3048">
     <span class='ocr_line' id='line_1_41' title="bbox 232 2958 1823 3048; baseline 0.016 -37"><span class='ocrx_word' id='word_1_314' title='bbox 232 2958 610 3031; x_wconf 81' lang='grc' dir='ltr'>ὑπερηφάνοις</span> <span class='ocrx_word' id='word_1_315' title='bbox 637 2965 1115 3038; x_wconf 83' lang='grc' dir='ltr'>ἀντιτασσόμενος,</span> <span class='ocrx_word' id='word_1_316' title='bbox 1141 2976 1417 3037; x_wconf 81' lang='grc' dir='ltr'>ταπεινοῖς</span> <span class='ocrx_word' id='word_1_317' title='bbox 1442 2975 1499 3028; x_wconf 81' lang='grc' dir='ltr'>δὲ</span> <span class='ocrx_word' id='word_1_318' title='bbox 1528 2976 1687 3048; x_wconf 84' lang='grc' dir='ltr'>χάριν</span> <span class='ocrx_word' id='word_1_319' title='bbox 1707 2982 1823 3036; x_wconf 83' lang='grc' dir='ltr'><strong>ἐπι-</strong></span> 
     </span>
    </p>
   </div>
   <div class='ocr_carea' id='block_1_42' title="bbox 235 3050 1819 3137">
    <p class='ocr_par' dir='ltr' id='par_1_42' title="bbox 235 3050 1819 3137">
     <span class='ocr_line' id='line_1_42' title="bbox 235 3050 1819 3137; baseline 0.017 -37"><span class='ocrx_word' id='word_1_320' title='bbox 235 3050 479 3120; x_wconf 82' lang='grc' dir='ltr'>μετρῶν.</span> <span class='ocrx_word' id='word_1_321' title='bbox 534 3052 601 3104; x_wconf 85' lang='grc' dir='ltr'>Τί</span> <span class='ocrx_word' id='word_1_322' title='bbox 631 3054 688 3106; x_wconf 91' lang='grc' dir='ltr'>δὲ</span> <span class='ocrx_word' id='word_1_323' title='bbox 716 3055 816 3109; x_wconf 81' lang='grc' dir='ltr'>οὐκ</span> <span class='ocrx_word' id='word_1_324' title='bbox 845 3056 1071 3128; x_wconf 81' lang='grc' dir='ltr'>ἔμελλεν</span> <span class='ocrx_word' id='word_1_325' title='bbox 1097 3062 1126 3112; x_wconf 88' lang='lat'><strong>6</strong></span> <span class='ocrx_word' id='word_1_326' title='bbox 1153 3061 1336 3133; x_wconf 87' lang='grc' dir='ltr'>τεμὼν</span> <span class='ocrx_word' id='word_1_327' title='bbox 1368 3064 1642 3124; x_wconf 87' lang='grc' dir='ltr'>θάλασσαν</span> <span class='ocrx_word' id='word_1_328' title='bbox 1659 3109 1676 3137; x_wconf 90' lang='grc'><strong>,</strong></span> <span class='ocrx_word' id='word_1_329' title='bbox 1721 3074 1819 3128; x_wconf 80' lang='grc' dir='ltr'>καὶ</span> 
     </span>
    </p>
   </div>
   <div class='ocr_carea' id='block_1_43' title="bbox 233 3143 1822 3232">
    <p class='ocr_par' dir='ltr' id='par_1_43' title="bbox 233 3143 1822 3232">
     <span class='ocr_line' id='line_1_43' title="bbox 233 3143 1822 3232; baseline 0.016 -39"><span class='ocrx_word' id='word_1_330' title='bbox 233 3143 481 3213; x_wconf 78' lang='grc' dir='ltr'>ποταμὸν</span> <span class='ocrx_word' id='word_1_331' title='bbox 511 3144 790 3216; x_wconf 81' lang='grc' dir='ltr'>ἀνακύψας</span> <span class='ocrx_word' id='word_1_332' title='bbox 814 3191 829 3215; x_wconf 88' lang='grc'><strong>,</strong></span> <span class='ocrx_word' id='word_1_333' title='bbox 882 3150 977 3203; x_wconf 78' lang='grc' dir='ltr'>καὶ</span> <span class='ocrx_word' id='word_1_334' title='bbox 1007 3157 1251 3224; x_wconf 83' lang='grc' dir='ltr'>στοιχεῖα</span> <span class='ocrx_word' id='word_1_335' title='bbox 1293 3160 1673 3232; x_wconf 82' lang='grc' dir='ltr'>τυραννήσας,</span> <span class='ocrx_word' id='word_1_336' title='bbox 1727 3166 1822 3218; x_wconf 83' lang='grc' dir='ltr'><strong>καὶ</strong></span> 
     </span>
    </p>
   </div>
   <div class='ocr_carea' id='block_1_44' title="bbox 230 3237 1822 3326">
    <p class='ocr_par' dir='ltr' id='par_1_44' title="bbox 230 3237 1822 3326">
     <span class='ocr_line' id='line_1_44' title="bbox 230 3237 1822 3326; baseline 0.014 -38"><span class='ocrx_word' id='word_1_337' title='bbox 230 3237 438 3309; x_wconf 83' lang='grc' dir='ltr'>χειρῶν</span> <span class='ocrx_word' id='word_1_338' title='bbox 466 3239 687 3293; x_wconf 81' lang='grc' dir='ltr'>ἐκτάσει</span> <span class='ocrx_word' id='word_1_339' title='bbox 734 3242 971 3312; x_wconf 85' lang='grc' dir='ltr'>τρόπαια</span> <span class='ocrx_word' id='word_1_340' title='bbox 1016 3248 1254 3319; x_wconf 78' lang='grc' dir='ltr'>στήσας,</span> <span class='ocrx_word' id='word_1_341' title='bbox 1291 3250 1380 3303; x_wconf 76' lang='grc' dir='ltr'>ἴνα</span> <span class='ocrx_word' id='word_1_342' title='bbox 1405 3250 1647 3326; x_wconf 80' lang='grc' dir='ltr'>διασώσῃ</span> <span class='ocrx_word' id='word_1_343' title='bbox 1693 3255 1822 3311; x_wconf 80' lang='grc' dir='ltr'>λαὸν</span> 
     </span>
    </p>
   </div>
   <div class='ocr_carea' id='block_1_45' title="bbox 231 3331 1700 3416">
    <p class='ocr_par' dir='ltr' id='par_1_45' title="bbox 231 3331 1700 3416">
     <span class='ocr_line' id='line_1_45' title="bbox 231 3331 1700 3416; baseline 0.014 -33"><span class='ocrx_word' id='word_1_344' title='bbox 231 3331 471 3400; x_wconf 80' lang='grc' dir='ltr'>φυγάδα,</span> <span class='ocrx_word' id='word_1_345' title='bbox 501 3336 596 3387; x_wconf 81' lang='grc' dir='ltr'>καὶ</span> <span class='ocrx_word' id='word_1_346' title='bbox 626 3333 817 3390; x_wconf 80' lang='grc' dir='ltr'>τοῦτον</span> <span class='ocrx_word' id='word_1_347' title='bbox 849 3337 1237 3410; x_wconf 81' lang='grc' dir='ltr'>ἐξαιρήσεσθαι</span> <span class='ocrx_word' id='word_1_348' title='bbox 1261 3342 1372 3398; x_wconf 82' lang='grc' dir='ltr'><strong>τῶν</strong></span> <span class='ocrx_word' id='word_1_349' title='bbox 1402 3346 1700 3416; x_wconf 87' lang='grc' dir='ltr'>κινδύνων;</span> 
     </span>
    </p>
   </div>
   <div class='ocr_carea' id='block_1_46' title="bbox 1937 1881 3509 1957">
    <p class='ocr_par' dir='ltr' id='par_1_46' title="bbox 1937 1881 3509 1957">
     <span class='ocr_line' id='line_1_46' title="bbox 1937 1881 3509 1957; baseline 0.01 -23"><span class='ocrx_word' id='word_1_350' title='bbox 1937 1881 2158 1951; x_wconf 85' lang='lat' dir='ltr'><strong>quidem</strong></span> <span class='ocrx_word' id='word_1_351' title='bbox 2195 1894 2321 1940; x_wconf 87' lang='lat' dir='ltr'><strong>tunc</strong></span> <span class='ocrx_word' id='word_1_352' title='bbox 2356 1889 2615 1957; x_wconf 89' lang='lat' dir='ltr'><strong>temporis</strong></span> <span class='ocrx_word' id='word_1_353' title='bbox 2646 1889 2880 1946; x_wconf 87' lang='lat' dir='ltr'><strong>inermes</strong></span> <span class='ocrx_word' id='word_1_354' title='bbox 2918 1901 3091 1953; x_wconf 89' lang='lat' dir='ltr'><strong>erant,</strong></span> <span class='ocrx_word' id='word_1_355' title='bbox 3126 1891 3225 1946; x_wconf 89' lang='lat' dir='ltr'><strong>hac</strong></span> <span class='ocrx_word' id='word_1_356' title='bbox 3253 1894 3509 1949; x_wconf 85' lang='lat' dir='ltr'><strong>nimirum</strong></span> 
     </span>
    </p>
   </div>
   <div class='ocr_carea' id='block_1_47' title="bbox 1934 1974 3506 2054">
    <p class='ocr_par' dir='ltr' id='par_1_47' title="bbox 1934 1974 3506 2054">
     <span class='ocr_line' id='line_1_47' title="bbox 1934 1974 3506 2054; baseline 0.006 -29"><span class='ocrx_word' id='word_1_357' title='bbox 1934 1974 2222 2030; x_wconf 87' lang='lat' dir='ltr'><strong>occasione</strong></span> <span class='ocrx_word' id='word_1_358' title='bbox 2264 1976 2477 2031; x_wconf 89' lang='lat' dir='ltr'><strong>animos</strong></span> <span class='ocrx_word' id='word_1_359' title='bbox 2530 1992 2719 2033; x_wconf 89' lang='lat' dir='ltr'><strong>earum</strong></span> <span class='ocrx_word' id='word_1_360' title='bbox 2772 1992 3095 2048; x_wconf 83' lang='lat' dir='ltr'><strong>exacuente;</strong></span> <span class='ocrx_word' id='word_1_361' title='bbox 3155 1982 3289 2036; x_wconf 87' lang='lat' dir='ltr'><strong>radii</strong></span> <span class='ocrx_word' id='word_1_362' title='bbox 3327 1994 3506 2054; x_wconf 71' lang='lat' dir='ltr'><strong>autem</strong></span> 
     </span>
    </p>
   </div>
   <div class='ocr_carea' id='block_1_48' title="bbox 1933 2063 3507 2141">
    <p class='ocr_par' dir='ltr' id='par_1_48' title="bbox 1933 2063 3507 2141">
     <span class='ocr_line' id='line_1_48' title="bbox 1933 2063 3507 2141; baseline 0.006 -25"><span class='ocrx_word' id='word_1_363' title='bbox 1933 2063 2065 2132; x_wconf 88' lang='lat' dir='ltr'><strong>ipsis</strong></span> <span class='ocrx_word' id='word_1_364' title='bbox 2101 2066 2384 2122; x_wconf 87' lang='lat' dir='ltr'><strong>hastarum</strong></span> <span class='ocrx_word' id='word_1_365' title='bbox 2416 2068 2537 2124; x_wconf 92' lang='lat' dir='ltr'><strong>loco</strong></span> <span class='ocrx_word' id='word_1_366' title='bbox 2573 2078 2762 2139; x_wconf 86' lang='lat' dir='ltr'><strong>erant;</strong></span> <span class='ocrx_word' id='word_1_367' title='bbox 2806 2075 2936 2139; x_wconf 89' lang='lat' dir='ltr'><strong>imo,</strong></span> <span class='ocrx_word' id='word_1_368' title='bbox 2977 2088 3079 2126; x_wconf 92' lang='lat' dir='ltr'><strong>nec</strong></span> <span class='ocrx_word' id='word_1_369' title='bbox 3111 2073 3360 2127; x_wconf 85' lang='lat' dir='ltr'><strong>mulieres</strong></span> <span class='ocrx_word' id='word_1_370' title='bbox 3396 2075 3507 2141; x_wconf 84' lang='lat' dir='ltr'><strong>jam</strong></span> 
     </span>
    </p>
   </div>
   <div class='ocr_carea' id='block_1_49' title="bbox 1933 2159 3507 2233">
    <p class='ocr_par' dir='ltr' id='par_1_49' title="bbox 1933 2159 3507 2233">
     <span class='ocr_line' id='line_1_49' title="bbox 1933 2159 3507 2233; baseline 0.004 -21"><span class='ocrx_word' id='word_1_371' title='bbox 1933 2159 2249 2223; x_wconf 84' lang='lat' dir='ltr'><strong>manebant,</strong></span> <span class='ocrx_word' id='word_1_372' title='bbox 2284 2161 2483 2230; x_wconf 89' lang='lat' dir='ltr'><strong>quippe</strong></span> <span class='ocrx_word' id='word_1_373' title='bbox 2508 2176 2644 2231; x_wconf 91' lang='lat' dir='ltr'><strong>quas</strong></span> <span class='ocrx_word' id='word_1_374' title='bbox 2673 2164 2821 2218; x_wconf 87' lang='lat' dir='ltr'><strong>zelus</strong></span> <span class='ocrx_word' id='word_1_375' title='bbox 2852 2165 3181 2229; x_wconf 84' lang='lat' dir='ltr'><strong>roborasset,</strong></span> <span class='ocrx_word' id='word_1_376' title='bbox 3226 2175 3390 2233; x_wconf 87' lang='lat' dir='ltr'><strong>atque</strong></span> <span class='ocrx_word' id='word_1_377' title='bbox 3437 2166 3507 2219; x_wconf 88' lang='lat' dir='ltr'><strong>ad</strong></span> 
     </span>
    </p>
   </div>
   <div class='ocr_carea' id='block_1_50' title="bbox 1929 2256 3507 2330">
    <p class='ocr_par' dir='ltr' id='par_1_50' title="bbox 1929 2256 3507 2330">
     <span class='ocr_line' id='line_1_50' title="bbox 1929 2256 3507 2330; baseline 0.003 -19"><span class='ocrx_word' id='word_1_378' title='bbox 1929 2256 2137 2312; x_wconf 82' lang='lat' dir='ltr'><strong>virilem</strong></span> <span class='ocrx_word' id='word_1_379' title='bbox 2202 2258 2571 2315; x_wconf 80' lang='lat' dir='ltr'><strong>fortitudinem</strong></span> <span class='ocrx_word' id='word_1_380' title='bbox 2626 2260 2903 2330; x_wconf 90' lang='lat' dir='ltr'><strong>animique</strong></span> <span class='ocrx_word' id='word_1_381' title='bbox 2939 2261 3360 2330; x_wconf 85' lang='lat' dir='ltr'><strong>magnitudinem</strong></span> <span class='ocrx_word' id='word_1_382' title='bbox 3403 2270 3507 2316; x_wconf 80' lang='lat' dir='ltr'><strong>tra-</strong></span> 
     </span>
    </p>
   </div>
   <div class='ocr_carea' id='block_1_51' title="bbox 1929 2348 3505 2421">
    <p class='ocr_par' dir='ltr' id='par_1_51' title="bbox 1929 2348 3505 2421">
     <span class='ocr_line' id='line_1_51' title="bbox 1929 2348 3505 2421; baseline 0.001 -17"><span class='ocrx_word' id='word_1_383' title='bbox 1929 2348 2191 2404; x_wconf 84' lang='lat' dir='ltr'><strong>duxisset.</strong></span> <span class='ocrx_word' id='word_1_384' title='bbox 2223 2348 2361 2417; x_wconf 86' lang='lat' dir='ltr'><strong>Quid</strong></span> <span class='ocrx_word' id='word_1_385' title='bbox 2397 2349 2601 2421; x_wconf 86' lang='lat' dir='ltr'><strong>plura?</strong></span> <span class='ocrx_word' id='word_1_386' title='bbox 2645 2351 2906 2407; x_wconf 79' lang='lat' dir='ltr'><strong>Pietatem</strong></span> <span class='ocrx_word' id='word_1_387' title='bbox 2943 2368 3131 2407; x_wconf 86' lang='lat' dir='ltr'><strong>omnes</strong></span> <span class='ocrx_word' id='word_1_388' title='bbox 3180 2354 3252 2406; x_wconf 82' lang='lat' dir='ltr'><strong>ita</strong></span> <span class='ocrx_word' id='word_1_389' title='bbox 3289 2353 3505 2406; x_wconf 89' lang='lat' dir='ltr'><strong>demum</strong></span> 
     </span>
    </p>
   </div>
   <div class='ocr_carea' id='block_1_52' title="bbox 1929 2438 3507 2515">
    <p class='ocr_par' dir='ltr' id='par_1_52' title="bbox 1929 2438 3507 2515">
     <span class='ocr_line' id='line_1_52' title="bbox 1929 2438 3507 2515; baseline 0.001 -19"><span class='ocrx_word' id='word_1_390' title='bbox 1929 2441 2072 2497; x_wconf 89' lang='lat' dir='ltr'><strong>inter</strong></span> <span class='ocrx_word' id='word_1_391' title='bbox 2103 2455 2163 2496; x_wconf 91' lang='lat' dir='ltr'><strong>se</strong></span> <span class='ocrx_word' id='word_1_392' title='bbox 2198 2443 2496 2511; x_wconf 89' lang='lat' dir='ltr'><strong>partituros</strong></span> <span class='ocrx_word' id='word_1_393' title='bbox 2526 2438 2844 2513; x_wconf 81' lang='lat' dir='ltr'><strong>censebant,</strong></span> <span class='ocrx_word' id='word_1_394' title='bbox 2895 2446 2940 2500; x_wconf 92' lang='lat' dir='ltr'><strong>si</strong></span> <span class='ocrx_word' id='word_1_395' title='bbox 2984 2447 3159 2515; x_wconf 90' lang='lat' dir='ltr'><strong>ipsum</strong></span> <span class='ocrx_word' id='word_1_396' title='bbox 3205 2446 3507 2501; x_wconf 82' lang='lat' dir='ltr'><strong>dividerent</strong></span> 
     </span>
    </p>
   </div>
   <div class='ocr_carea' id='block_1_53' title="bbox 1928 2529 3505 2605">
    <p class='ocr_par' dir='ltr' id='par_1_53' title="bbox 1928 2529 3505 2605">
     <span class='ocr_line' id='line_1_53' title="bbox 1928 2529 3505 2605; baseline -0.001 -19"><span class='ocrx_word' id='word_1_397' title='bbox 1928 2544 1994 2586; x_wconf 89' lang='lat' dir='ltr'><strong>ac</strong></span> <span class='ocrx_word' id='word_1_398' title='bbox 2022 2529 2428 2601; x_wconf 86' lang='lat' dir='ltr'><strong>discerperent;</strong></span> <span class='ocrx_word' id='word_1_399' title='bbox 2478 2543 2643 2605; x_wconf 90' lang='lat' dir='ltr'><strong>atque</strong></span> <span class='ocrx_word' id='word_1_400' title='bbox 2687 2535 2732 2590; x_wconf 91' lang='lat' dir='ltr'><strong>is</strong></span> <span class='ocrx_word' id='word_1_401' title='bbox 2787 2535 3044 2605; x_wconf 86' lang='lat' dir='ltr'><strong>majorem</strong></span> <span class='ocrx_word' id='word_1_402' title='bbox 3082 2535 3221 2602; x_wconf 87' lang='lat' dir='ltr'><strong>apud</strong></span> <span class='ocrx_word' id='word_1_403' title='bbox 3269 2550 3363 2589; x_wconf 78' lang='lat' dir='ltr'><strong>eos</strong></span> <span class='ocrx_word' id='word_1_404' title='bbox 3391 2534 3505 2602; x_wconf 87' lang='lat' dir='ltr'><strong>pie-</strong></span> 
     </span>
    </p>
   </div>
   <div class='ocr_carea' id='block_1_54' title="bbox 1929 2621 3499 2694">
    <p class='ocr_par' dir='ltr' id='par_1_54' title="bbox 1929 2621 3499 2694">
     <span class='ocr_line' id='line_1_54' title="bbox 1929 2621 3499 2694; baseline 0.001 -18"><span class='ocrx_word' id='word_1_405' title='bbox 1929 2621 2061 2676; x_wconf 88' lang='lat' dir='ltr'><strong>tatis</strong></span> <span class='ocrx_word' id='word_1_406' title='bbox 2110 2621 2325 2677; x_wconf 88' lang='lat' dir='ltr'><strong>laudem</strong></span> <span class='ocrx_word' id='word_1_407' title='bbox 2382 2624 2661 2680; x_wconf 87' lang='lat' dir='ltr'><strong>habiturus</strong></span> <span class='ocrx_word' id='word_1_408' title='bbox 2713 2625 3018 2690; x_wconf 82' lang='lat' dir='ltr'><strong>videbatur,</strong></span> <span class='ocrx_word' id='word_1_409' title='bbox 3051 2626 3139 2693; x_wconf 93' lang='lat' dir='ltr'><strong>qui</strong></span> <span class='ocrx_word' id='word_1_410' title='bbox 3190 2625 3395 2694; x_wconf 90' lang='lat' dir='ltr'><strong>primus</strong></span> <span class='ocrx_word' id='word_1_411' title='bbox 3442 2623 3499 2678; x_wconf 84' lang='lat' dir='ltr'><strong>in</strong></span> 
     </span>
    </p>
   </div>
   <div class='ocr_carea' id='block_1_55' title="bbox 1926 2715 3500 2790">
    <p class='ocr_par' dir='ltr' id='par_1_55' title="bbox 1926 2715 3500 2790">
     <span class='ocr_line' id='line_1_55' title="bbox 1926 2715 3500 2790; baseline -0.001 -21"><span class='ocrx_word' id='word_1_412' title='bbox 1926 2728 2074 2790; x_wconf 64' lang='lat' dir='ltr'><strong>eum,</strong></span> <span class='ocrx_word' id='word_1_413' title='bbox 2104 2715 2198 2785; x_wconf 87' lang='lat' dir='ltr'><strong>qui</strong></span> <span class='ocrx_word' id='word_1_414' title='bbox 2238 2724 2444 2771; x_wconf 89' lang='lat' dir='ltr'><strong>tantum</strong></span> <span class='ocrx_word' id='word_1_415' title='bbox 2509 2715 2721 2771; x_wconf 75' lang='lat' dir='ltr'><strong>facinus</strong></span> <span class='ocrx_word' id='word_1_416' title='bbox 2756 2731 3041 2786; x_wconf 78' lang='lat' dir='ltr'><strong>aggressus</strong></span> <span class='ocrx_word' id='word_1_417' title='bbox 3074 2724 3234 2781; x_wconf 89' lang='lat' dir='ltr'><strong>esset,</strong></span> <span class='ocrx_word' id='word_1_418' title='bbox 3280 2729 3500 2769; x_wconf 86' lang='lat' dir='ltr'><strong>manum</strong></span> 
     </span>
    </p>
   </div>
   <div class='ocr_carea' id='block_1_56' title="bbox 1926 2807 3501 2881">
    <p class='ocr_par' dir='ltr' id='par_1_56' title="bbox 1926 2807 3501 2881">
     <span class='ocr_line' id='line_1_56' title="bbox 1926 2807 3501 2881; baseline 0.001 -20"><span class='ocrx_word' id='word_1_419' title='bbox 1926 2807 2220 2877; x_wconf 74' lang='lat' dir='ltr'><strong>iniecisset.</strong></span> <span class='ocrx_word' id='word_1_420' title='bbox 2240 2807 2378 2875; x_wconf 83' lang='lat' dir='ltr'><strong>Quid</strong></span> <span class='ocrx_word' id='word_1_421' title='bbox 2400 2809 2563 2880; x_wconf 80' lang='lat' dir='ltr'><strong>igitur</strong></span> <span class='ocrx_word' id='word_1_422' title='bbox 2586 2810 2751 2881; x_wconf 78' lang='lat'><strong>813</strong></span> <span class='ocrx_word' id='word_1_423' title='bbox 2775 2810 2947 2865; x_wconf 78' lang='lat' dir='ltr'><strong>audax</strong></span> <span class='ocrx_word' id='word_1_424' title='bbox 2979 2809 3067 2864; x_wconf 91' lang='lat' dir='ltr'><strong>ille</strong></span> <span class='ocrx_word' id='word_1_425' title='bbox 3088 2817 3141 2863; x_wconf 92' lang='lat' dir='ltr'><strong>et</strong></span> <span class='ocrx_word' id='word_1_426' title='bbox 3159 2809 3394 2864; x_wconf 90' lang='lat' dir='ltr'><strong>insolens</strong></span> <span class='ocrx_word' id='word_1_427' title='bbox 3415 2807 3501 2876; x_wconf 84' lang='lat' dir='ltr'><strong>ju-</strong></span> 
     </span>
    </p>
   </div>
   <div class='ocr_carea' id='block_1_57' title="bbox 1926 2897 3500 2970">
    <p class='ocr_par' dir='ltr' id='par_1_57' title="bbox 1926 2897 3500 2970">
     <span class='ocr_line' id='line_1_57' title="bbox 1926 2897 3500 2970; baseline 0.001 -18"><span class='ocrx_word' id='word_1_428' title='bbox 1926 2897 2070 2953; x_wconf 80' lang='lat' dir='ltr'><strong>dex?</strong></span> <span class='ocrx_word' id='word_1_429' title='bbox 2103 2898 2338 2970; x_wconf 80' lang='lat' dir='ltr'><strong>Supplex</strong></span> <span class='ocrx_word' id='word_1_430' title='bbox 2365 2911 2503 2967; x_wconf 87' lang='lat' dir='ltr'><strong>erat,</strong></span> <span class='ocrx_word' id='word_1_431' title='bbox 2538 2902 2882 2968; x_wconf 88' lang='lat' dir='ltr'><strong>miserabilis,</strong></span> <span class='ocrx_word' id='word_1_432' title='bbox 2913 2901 3280 2966; x_wconf 87' lang='lat' dir='ltr'><strong>calamitosus,</strong></span> <span class='ocrx_word' id='word_1_433' title='bbox 3309 2898 3500 2969; x_wconf 86' lang='lat' dir='ltr'><strong>quovis</strong></span> 
     </span>
    </p>
   </div>
   <div class='ocr_carea' id='block_1_58' title="bbox 1926 2987 3500 3061">
    <p class='ocr_par' dir='ltr' id='par_1_58' title="bbox 1926 2987 3500 3061">
     <span class='ocr_line' id='line_1_58' title="bbox 1926 2987 3500 3061; baseline 0 -17"><span class='ocrx_word' id='word_1_434' title='bbox 1926 2987 2147 3046; x_wconf 75' lang='lat' dir='ltr'><strong>homine</strong></span> <span class='ocrx_word' id='word_1_435' title='bbox 2190 2990 2469 3059; x_wconf 83' lang='lat' dir='ltr'><strong>dejectior,</strong></span> <span class='ocrx_word' id='word_1_436' title='bbox 2514 2993 2693 3061; x_wconf 87' lang='lat' dir='ltr'><strong>quoad</strong></span> <span class='ocrx_word' id='word_1_437' title='bbox 2741 2994 2792 3046; x_wconf 91' lang='lat' dir='ltr'><strong>in</strong></span> <span class='ocrx_word' id='word_1_438' title='bbox 2846 3002 3193 3060; x_wconf 89' lang='lat' dir='ltr'><strong>conspectum</strong></span> <span class='ocrx_word' id='word_1_439' title='bbox 3248 2992 3500 3061; x_wconf 89' lang='lat' dir='ltr'><strong>prodieus</strong></span> 
     </span>
    </p>
   </div>
   <div class='ocr_carea' id='block_1_59' title="bbox 1849 3079 3499 3174">
    <p class='ocr_par' dir='ltr' id='par_1_59' title="bbox 1849 3079 3499 3174">
     <span class='ocr_line' id='line_1_59' title="bbox 1849 3079 3499 3174; baseline 0.001 -41"><span class='ocrx_word' id='word_1_440' title='bbox 1849 3115 1892 3174; x_wconf 66' lang='grc' dir='ltr'>ο</span> <span class='ocrx_word' id='word_1_441' title='bbox 1926 3079 2016 3136; x_wconf 91' lang='lat' dir='ltr'><strong>ille</strong></span> <span class='ocrx_word' id='word_1_442' title='bbox 2038 3081 2353 3139; x_wconf 88' lang='lat' dir='ltr'><strong>incruentus</strong></span> <span class='ocrx_word' id='word_1_443' title='bbox 2380 3093 2607 3154; x_wconf 85' lang='lat' dir='ltr'><strong>martyr,</strong></span> <span class='ocrx_word' id='word_1_444' title='bbox 2634 3095 2688 3139; x_wconf 92' lang='lat' dir='ltr'><strong>et</strong></span> <span class='ocrx_word' id='word_1_445' title='bbox 2737 3085 2855 3139; x_wconf 88' lang='lat' dir='ltr'><strong>sine</strong></span> <span class='ocrx_word' id='word_1_446' title='bbox 2895 3083 3062 3153; x_wconf 77' lang='lat' dir='ltr'><strong>plagis</strong></span> <span class='ocrx_word' id='word_1_447' title='bbox 3095 3091 3406 3174; x_wconf 76' lang='lat' dir='ltr'><strong>coronatus,</strong></span> <span class='ocrx_word' id='word_1_448' title='bbox 3433 3093 3499 3135; x_wconf 74' lang='lat' dir='ltr'><strong>a3</strong></span> 
     </span>
    </p>
   </div>
   <div class='ocr_carea' id='block_1_60' title="bbox 1921 3172 3495 3244">
    <p class='ocr_par' dir='ltr' id='par_1_60' title="bbox 1921 3172 3495 3244">
     <span class='ocr_line' id='line_1_60' title="bbox 1921 3172 3495 3244; baseline -0.002 -17"><span class='ocrx_word' id='word_1_449' title='bbox 1921 3172 2178 3244; x_wconf 88' lang='lat' dir='ltr'><strong>populum</strong></span> <span class='ocrx_word' id='word_1_450' title='bbox 2233 3175 2438 3244; x_wconf 91' lang='lat' dir='ltr'><strong>pudore</strong></span> <span class='ocrx_word' id='word_1_451' title='bbox 2491 3176 2692 3230; x_wconf 88' lang='lat' dir='ltr'><strong>victum</strong></span> <span class='ocrx_word' id='word_1_452' title='bbox 2756 3176 2807 3229; x_wconf 91' lang='lat' dir='ltr'><strong>vi</strong></span> <span class='ocrx_word' id='word_1_453' title='bbox 2862 3176 3142 3240; x_wconf 88' lang='lat' dir='ltr'><strong>retinens,</strong></span> <span class='ocrx_word' id='word_1_454' title='bbox 3200 3172 3495 3243; x_wconf 86' lang='lat' dir='ltr'><strong>supplicem</strong></span> 
     </span>
    </p>
   </div>
   <div class='ocr_carea' id='block_1_61' title="bbox 1923 3264 3498 3336">
    <p class='ocr_par' dir='ltr' id='par_1_61' title="bbox 1923 3264 3498 3336">
     <span class='ocr_line' id='line_1_61' title="bbox 1923 3264 3498 3336; baseline -0.001 -17"><span class='ocrx_word' id='word_1_455' title='bbox 1923 3276 2082 3319; x_wconf 88' lang='lat' dir='ltr'><strong>suum</strong></span> <span class='ocrx_word' id='word_1_456' title='bbox 2109 3274 2165 3320; x_wconf 87' lang='lat' dir='ltr'><strong>et</strong></span> <span class='ocrx_word' id='word_1_457' title='bbox 2188 3278 2500 3322; x_wconf 80' lang='lat' dir='ltr'><strong>vexatorem</strong></span> <span class='ocrx_word' id='word_1_458' title='bbox 2526 3282 2556 3320; x_wconf 91' lang='lat' dir='ltr'><strong>a</strong></span> <span class='ocrx_word' id='word_1_459' title='bbox 2597 3266 2837 3336; x_wconf 79' lang='lat' dir='ltr'><strong>periculo</strong></span> <span class='ocrx_word' id='word_1_460' title='bbox 2864 3267 3173 3320; x_wconf 89' lang='lat' dir='ltr'><strong>vindicavit.</strong></span> <span class='ocrx_word' id='word_1_461' title='bbox 3210 3264 3334 3319; x_wconf 68' lang='lat' dir='ltr'><strong>Haec</strong></span> <span class='ocrx_word' id='word_1_462' title='bbox 3376 3278 3498 3319; x_wconf 65' lang='lat' dir='ltr'><strong>sane</strong></span> 
     </span>
    </p>
   </div>
   <div class='ocr_carea' id='block_1_62' title="bbox 1923 3357 3496 3429">
    <p class='ocr_par' dir='ltr' id='par_1_62' title="bbox 1923 3357 3496 3429">
     <span class='ocr_line' id='line_1_62' title="bbox 1923 3357 3496 3429; baseline -0.001 -19"><span class='ocrx_word' id='word_1_463' title='bbox 1923 3364 2139 3411; x_wconf 89' lang='lat' dir='ltr'><strong>ctorum</strong></span> <span class='ocrx_word' id='word_1_464' title='bbox 2169 3357 2333 3423; x_wconf 92' lang='lat' dir='ltr'><strong>Deus,</strong></span> <span class='ocrx_word' id='word_1_465' title='bbox 2355 3360 2446 3429; x_wconf 92' lang='lat' dir='ltr'><strong>qui</strong></span> <span class='ocrx_word' id='word_1_466' title='bbox 2467 3360 2648 3413; x_wconf 88' lang='lat' dir='ltr'><strong>omnia</strong></span> <span class='ocrx_word' id='word_1_467' title='bbox 2679 3359 2829 3424; x_wconf 76' lang='lat' dir='ltr'><strong>iacit,</strong></span> <span class='ocrx_word' id='word_1_468' title='bbox 2857 3366 3017 3427; x_wconf 89' lang='lat' dir='ltr'><strong>atque</strong></span> <span class='ocrx_word' id='word_1_469' title='bbox 3047 3359 3099 3411; x_wconf 88' lang='lat' dir='ltr'><strong>in</strong></span> <span class='ocrx_word' id='word_1_470' title='bbox 3129 3357 3320 3411; x_wconf 89' lang='lat' dir='ltr'><strong>melius</strong></span> <span class='ocrx_word' id='word_1_471' title='bbox 3342 3369 3496 3410; x_wconf 61' lang='lat' dir='ltr'><strong>como</strong></span> 
     </span>
    </p>
   </div>
   <div class='ocr_carea' id='block_1_63' title="bbox 232 3426 3495 3521">
    <p class='ocr_par' dir='ltr' id='par_1_63' title="bbox 232 3426 3495 3521">
     <span class='ocr_line' id='line_1_63' title="bbox 232 3426 3495 3521; baseline 0.008 -44"><span class='ocrx_word' id='word_1_472' title='bbox 232 3434 434 3492; x_wconf 86' lang='lat' dir='ltr'><strong>mutat,</strong></span> <span class='ocrx_word' id='word_1_473' title='bbox 468 3426 558 3494; x_wconf 90' lang='lat' dir='ltr'><strong>qui</strong></span> <span class='ocrx_word' id='word_1_474' title='bbox 593 3430 843 3497; x_wconf 79' lang='lat' dir='ltr'><strong>superbis</strong></span> <span class='ocrx_word' id='word_1_475' title='bbox 894 3433 1124 3500; x_wconf 88' lang='lat' dir='ltr'><strong>resistit,</strong></span> <span class='ocrx_word' id='word_1_476' title='bbox 1189 3445 1246 3492; x_wconf 91' lang='lat' dir='ltr'><strong>et</strong></span> <span class='ocrx_word' id='word_1_477' title='bbox 1278 3437 1573 3497; x_wconf 83' lang='lat' dir='ltr'><strong>humilibus</strong></span> <span class='ocrx_word' id='word_1_478' title='bbox 1622 3445 1851 3513; x_wconf 80' lang='lat' dir='ltr'><strong>gratiam</strong></span> <span class='ocrx_word' id='word_1_479' title='bbox 1890 3448 2231 3508; x_wconf 83' lang='lat' dir='ltr'><strong>abundanter</strong></span> <span class='ocrx_word' id='word_1_480' title='bbox 2269 3426 2458 3508; x_wconf 82' lang='lat' dir='ltr'><strong>tribuit</strong></span> <span class='ocrx_word' id='word_1_481' title='bbox 2490 3453 2554 3508; x_wconf 80' lang='lat'><strong>&#39;°.</strong></span> <span class='ocrx_word' id='word_1_482' title='bbox 2615 3452 2812 3521; x_wconf 87' lang='lat' dir='ltr'><strong>Quidni</strong></span> <span class='ocrx_word' id='word_1_483' title='bbox 2854 3426 3031 3508; x_wconf 81' lang='lat' dir='ltr'><strong>autem</strong></span> <span class='ocrx_word' id='word_1_484' title='bbox 3073 3454 3138 3517; x_wconf 91' lang='lat' dir='ltr'><strong>is,</strong></span> <span class='ocrx_word' id='word_1_485' title='bbox 3202 3451 3293 3520; x_wconf 91' lang='lat' dir='ltr'><strong>qui</strong></span> <span class='ocrx_word' id='word_1_486' title='bbox 3345 3462 3495 3503; x_wconf 89' lang='lat' dir='ltr'><strong>mare</strong></span> 
     </span>
    </p>
   </div>
   <div class='ocr_carea' id='block_1_64' title="bbox 229 3517 3495 3620">
    <p class='ocr_par' dir='ltr' id='par_1_64' title="bbox 229 3517 3495 3620">
     <span class='ocr_line' id='line_1_64' title="bbox 229 3517 3495 3620; baseline 0.009 -51"><span class='ocrx_word' id='word_1_487' title='bbox 229 3517 416 3583; x_wconf 79' lang='lat' dir='ltr'><strong>scidit,</strong></span> <span class='ocrx_word' id='word_1_488' title='bbox 448 3526 504 3573; x_wconf 89' lang='lat' dir='ltr'><strong>et</strong></span> <span class='ocrx_word' id='word_1_489' title='bbox 547 3519 787 3578; x_wconf 85' lang='lat' dir='ltr'><strong>ﬂuminis</strong></span> <span class='ocrx_word' id='word_1_490' title='bbox 839 3540 1062 3583; x_wconf 89' lang='lat' dir='ltr'><strong>cursum</strong></span> <span class='ocrx_word' id='word_1_491' title='bbox 1112 3529 1371 3598; x_wconf 89' lang='lat' dir='ltr'><strong>inhibuit,</strong></span> <span class='ocrx_word' id='word_1_492' title='bbox 1423 3543 1479 3590; x_wconf 89' lang='lat' dir='ltr'><strong>et</strong></span> <span class='ocrx_word' id='word_1_493' title='bbox 1534 3536 1818 3596; x_wconf 88' lang='lat' dir='ltr'><strong>elementis</strong></span> <span class='ocrx_word' id='word_1_494' title='bbox 1854 3542 1963 3599; x_wconf 86' lang='lat' dir='ltr'><strong>vim</strong></span> <span class='ocrx_word' id='word_1_495' title='bbox 1988 3547 2186 3614; x_wconf 90' lang='lat' dir='ltr'><strong>attulit,</strong></span> <span class='ocrx_word' id='word_1_496' title='bbox 2246 3560 2303 3606; x_wconf 91' lang='lat' dir='ltr'><strong>et</strong></span> <span class='ocrx_word' id='word_1_497' title='bbox 2330 3565 2584 3605; x_wconf 89' lang='lat' dir='ltr'><strong>manuum</strong></span> <span class='ocrx_word' id='word_1_498' title='bbox 2637 3550 3276 3620; x_wconf 72' lang='lat' dir='ltr'><strong>exlensionetrophaeum</strong></span> <span class='ocrx_word' id='word_1_499' title='bbox 3297 3547 3495 3611; x_wconf 76' lang='lat' dir='ltr'><strong>erexit,</strong></span> 
     </span>
    </p>
   </div>
   <div class='ocr_carea' id='block_1_65' title="bbox 231 3609 2332 3702">
    <p class='ocr_par' dir='ltr' id='par_1_65' title="bbox 231 3609 2332 3702">
     <span class='ocr_line' id='line_1_65' title="bbox 231 3609 2332 3702; baseline 0.016 -37"><span class='ocrx_word' id='word_1_500' title='bbox 231 3619 294 3665; x_wconf 87' lang='lat' dir='ltr'><strong>nt</strong></span> <span class='ocrx_word' id='word_1_501' title='bbox 333 3609 559 3680; x_wconf 81' lang='lat' dir='ltr'><strong>fugitivo</strong></span> <span class='ocrx_word' id='word_1_502' title='bbox 599 3615 796 3684; x_wconf 90' lang='lat' dir='ltr'><strong>populo</strong></span> <span class='ocrx_word' id='word_1_503' title='bbox 839 3618 1001 3674; x_wconf 88' lang='lat' dir='ltr'><strong>saluti</strong></span> <span class='ocrx_word' id='word_1_504' title='bbox 1037 3632 1200 3687; x_wconf 89' lang='lat' dir='ltr'><strong>esset,</strong></span> <span class='ocrx_word' id='word_1_505' title='bbox 1229 3623 1371 3680; x_wconf 86' lang='lat' dir='ltr'><strong>hunc</strong></span> <span class='ocrx_word' id='word_1_506' title='bbox 1409 3628 1574 3683; x_wconf 91' lang='lat' dir='ltr'><strong>etiam</strong></span> <span class='ocrx_word' id='word_1_507' title='bbox 1606 3644 1640 3685; x_wconf 87' lang='lat' dir='ltr'><strong>a</strong></span> <span class='ocrx_word' id='word_1_508' title='bbox 1683 3634 1939 3702; x_wconf 83' lang='lat' dir='ltr'><strong>periculis</strong></span> <span class='ocrx_word' id='word_1_509' title='bbox 1966 3609 2332 3698; x_wconf 76' lang='lat' dir='ltr'><strong>extraheret?</strong></span> 
     </span>
    </p>
   </div>
   <div class='ocr_carea' id='block_1_66' title="bbox 302 3702 1818 3787">
    <p class='ocr_par' dir='ltr' id='par_1_66' title="bbox 302 3702 1818 3787">
     <span class='ocr_line' id='line_1_66' title="bbox 302 3702 1818 3787; baseline 0.016 -32"><span class='ocrx_word' id='word_1_510' title='bbox 302 3702 436 3757; x_wconf 83' lang='lat' dir='ltr'><strong>NH&#39;.</strong></span> <span class='ocrx_word' id='word_1_511' title='bbox 491 3703 551 3757; x_wconf 74' lang='grc' dir='ltr'>ὐ</span> <span class='ocrx_word' id='word_1_512' title='bbox 583 3704 774 3777; x_wconf 66' lang='grc' dir='ltr'>μὲνδὴ</span> <span class='ocrx_word' id='word_1_513' title='bbox 812 3710 1079 3780; x_wconf 84' lang='grc' dir='ltr'>κοσμικὺς</span> <span class='ocrx_word' id='word_1_514' title='bbox 1128 3714 1367 3787; x_wconf 83' lang='grc' dir='ltr'>πόλεμος</span> <span class='ocrx_word' id='word_1_515' title='bbox 1410 3720 1647 3776; x_wconf 78' lang='grc' dir='ltr'>ἐνταῦθα</span> <span class='ocrx_word' id='word_1_516' title='bbox 1699 3725 1818 3778; x_wconf 82' lang='grc' dir='ltr'>ὲτε-</span> 
     </span>
    </p>
   </div>
   <div class='ocr_carea' id='block_1_67' title="bbox 227 3794 1818 3889">
    <p class='ocr_par' dir='ltr' id='par_1_67' title="bbox 227 3794 1818 3889">
     <span class='ocr_line' id='line_1_67' title="bbox 227 3794 1818 3889; baseline 0.015 -42"><span class='ocrx_word' id='word_1_517' title='bbox 227 3794 483 3867; x_wconf 85' lang='grc' dir='ltr'>λεύτησε,</span> <span class='ocrx_word' id='word_1_518' title='bbox 529 3798 625 3851; x_wconf 73' lang='grc' dir='ltr'><strong>καὶ</strong></span> <span class='ocrx_word' id='word_1_519' title='bbox 658 3798 836 3871; x_wconf 79' lang='grc' dir='ltr'>πέρας</span> <span class='ocrx_word' id='word_1_520' title='bbox 881 3797 1030 3874; x_wconf 77' lang='grc' dir='ltr'>εἶχεν</span> <span class='ocrx_word' id='word_1_521' title='bbox 1080 3805 1146 3887; x_wconf 86' lang='grc' dir='ltr'><strong>ὲκ</strong></span> <span class='ocrx_word' id='word_1_522' title='bbox 1191 3805 1328 3862; x_wconf 88' lang='grc' dir='ltr'><strong>Θεοῦ</strong></span> <span class='ocrx_word' id='word_1_523' title='bbox 1368 3809 1563 3881; x_wconf 83' lang='grc' dir='ltr'>δεξιὸν,</span> <span class='ocrx_word' id='word_1_524' title='bbox 1591 3814 1688 3869; x_wconf 71' lang='grc' dir='ltr'>καὶ</span> <span class='ocrx_word' id='word_1_525' title='bbox 1717 3818 1818 3889; x_wconf 78' lang='grc' dir='ltr'>τῆς</span> 
     </span>
    </p>
   </div>
   <div class='ocr_carea' id='block_1_68' title="bbox 228 3887 1815 3977">
    <p class='ocr_par' dir='ltr' id='par_1_68' title="bbox 228 3887 1815 3977">
     <span class='ocr_line' id='line_1_68' title="bbox 228 3887 1815 3977; baseline 0.014 -36"><span class='ocrx_word' id='word_1_526' title='bbox 228 3887 441 3942; x_wconf 71' lang='grc' dir='ltr'>ἐκείνου</span> <span class='ocrx_word' id='word_1_527' title='bbox 478 3889 716 3954; x_wconf 86' lang='grc' dir='ltr'>πίστεως</span> <span class='ocrx_word' id='word_1_528' title='bbox 755 3891 924 3957; x_wconf 79' lang='grc' dir='ltr'>ἄξιον.</span> <span class='ocrx_word' id='word_1_529' title='bbox 975 3896 1241 3968; x_wconf 79' lang='grc' dir='ltr'>’Δρχεται</span> <span class='ocrx_word' id='word_1_530' title='bbox 1293 3899 1352 3953; x_wconf 84' lang='grc' dir='ltr'>δὲ</span> <span class='ocrx_word' id='word_1_531' title='bbox 1403 3904 1431 3955; x_wconf 90' lang='lat'><strong>6</strong></span> <span class='ocrx_word' id='word_1_532' title='bbox 1466 3905 1699 3977; x_wconf 88' lang='grc' dir='ltr'>πόλεμος</span> <span class='ocrx_word' id='word_1_533' title='bbox 1725 3887 1815 3962; x_wconf 82' lang='grc' dir='ltr'><strong>ὲν-</strong></span> 
     </span>
    </p>
   </div>
   <div class='ocr_carea' id='block_1_69' title="bbox 228 3982 1816 4075">
    <p class='ocr_par' dir='ltr' id='par_1_69' title="bbox 228 3982 1816 4075">
     <span class='ocr_line' id='line_1_69' title="bbox 228 3982 1816 4075; baseline 0.014 -40"><span class='ocrx_word' id='word_1_534' title='bbox 228 3982 381 4036; x_wconf 83' lang='grc' dir='ltr'>θένδε</span> <span class='ocrx_word' id='word_1_535' title='bbox 406 3984 506 4056; x_wconf 74' lang='grc' dir='ltr'>ἤδη</span> <span class='ocrx_word' id='word_1_536' title='bbox 533 3985 643 4038; x_wconf 85' lang='grc' dir='ltr'>τῶν</span> <span class='ocrx_word' id='word_1_537' title='bbox 676 3988 1015 4057; x_wconf 75' lang='grc' dir='ltr'>ἐπισκόπων,</span> <span class='ocrx_word' id='word_1_538' title='bbox 1039 3993 1136 4047; x_wconf 80' lang='grc' dir='ltr'><strong>καὶ</strong></span> <span class='ocrx_word' id='word_1_539' title='bbox 1165 3993 1277 4049; x_wconf 85' lang='grc' dir='ltr'><strong>τῶν</strong></span> <span class='ocrx_word' id='word_1_540' title='bbox 1315 3996 1550 4063; x_wconf 82' lang='grc' dir='ltr'>ἐκείνοις</span> <span class='ocrx_word' id='word_1_541' title='bbox 1591 4004 1816 4075; x_wconf 86' lang='grc' dir='ltr'>συμμά-</span> 
     </span>
    </p>
   </div>
   <div class='ocr_carea' id='block_1_70' title="bbox 227 4070 1815 4167">
    <p class='ocr_par' dir='ltr' id='par_1_70' title="bbox 227 4070 1815 4167">
     <span class='ocr_line' id='line_1_70' title="bbox 227 4070 1815 4167; baseline 0.014 -40"><span class='ocrx_word' id='word_1_542' title='bbox 227 4092 341 4146; x_wconf 86' lang='grc' dir='ltr'>χων</span> <span class='ocrx_word' id='word_1_543' title='bbox 363 4090 379 4107; x_wconf 74' lang='grc' dir='ltr'><strong><em>ο</em></strong></span> <span class='ocrx_word' id='word_1_544' title='bbox 407 4070 468 4131; x_wconf 74' lang='grc' dir='ltr'><strong>οὗ</strong></span> <span class='ocrx_word' id='word_1_545' title='bbox 496 4078 633 4132; x_wconf 83' lang='grc' dir='ltr'>πολὺ</span> <span class='ocrx_word' id='word_1_546' title='bbox 672 4080 772 4150; x_wconf 85' lang='grc' dir='ltr'>μὲν</span> <span class='ocrx_word' id='word_1_547' title='bbox 799 4081 860 4133; x_wconf 86' lang='grc' dir='ltr'>τὸ</span> <span class='ocrx_word' id='word_1_548' title='bbox 881 4080 1091 4150; x_wconf 80' lang='grc' dir='ltr'>ἄδοξον,</span> <span class='ocrx_word' id='word_1_549' title='bbox 1123 4086 1327 4142; x_wconf 85' lang='grc' dir='ltr'>πλείων</span> <span class='ocrx_word' id='word_1_550' title='bbox 1360 4088 1473 4159; x_wconf 87' lang='grc' dir='ltr'>(ϐυ)</span> <span class='ocrx_word' id='word_1_551' title='bbox 1504 4092 1611 4164; x_wconf 80' lang='grc' dir='ltr'>δὲὴ</span> <span class='ocrx_word' id='word_1_552' title='bbox 1643 4070 1815 4167; x_wconf 62' lang='grc' dir='ltr'>βλάϐη</span> 
     </span>
    </p>
   </div>
   <div class='ocr_carea' id='block_1_71' title="bbox 226 4168 1815 4258">
    <p class='ocr_par' dir='ltr' id='par_1_71' title="bbox 226 4168 1815 4258">
     <span class='ocr_line' id='line_1_71' title="bbox 226 4168 1815 4258; baseline 0.011 -36"><span class='ocrx_word' id='word_1_553' title='bbox 226 4170 342 4231; x_wconf 84' lang='grc' dir='ltr'>τοῖς</span> <span class='ocrx_word' id='word_1_554' title='bbox 380 4168 724 4241; x_wconf 79' lang='grc' dir='ltr'>ἀρχομένοις.</span> <span class='ocrx_word' id='word_1_555' title='bbox 753 4172 849 4236; x_wconf 84' lang='grc' dir='ltr'>Τίς</span> <span class='ocrx_word' id='word_1_556' title='bbox 874 4175 983 4245; x_wconf 78' lang='grc' dir='ltr'>γὰρ</span> <span class='ocrx_word' id='word_1_557' title='bbox 1012 4173 1080 4228; x_wconf 84' lang='grc' dir='ltr'>ἂν</span> <span class='ocrx_word' id='word_1_558' title='bbox 1110 4179 1238 4241; x_wconf 81' lang='grc' dir='ltr'>τοὺς</span> <span class='ocrx_word' id='word_1_559' title='bbox 1259 4177 1456 4245; x_wconf 84' lang='grc' dir='ltr'>ἄλλους</span> <span class='ocrx_word' id='word_1_560' title='bbox 1491 4184 1696 4238; x_wconf 80' lang='grc' dir='ltr'>πείσειε</span> <span class='ocrx_word' id='word_1_561' title='bbox 1720 4204 1815 4258; x_wconf 81' lang='grc' dir='ltr'>με·</span> 
     </span>
    </p>
   </div>
   <div class='ocr_carea' id='block_1_72' title="bbox 224 4261 1815 4349">
    <p class='ocr_par' dir='ltr' id='par_1_72' title="bbox 224 4261 1815 4349">
     <span class='ocr_line' id='line_1_72' title="bbox 224 4261 1815 4349; baseline 0.012 -35"><span class='ocrx_word' id='word_1_562' title='bbox 224 4261 493 4334; x_wconf 80' lang='grc' dir='ltr'>τριάζειν,</span> <span class='ocrx_word' id='word_1_563' title='bbox 527 4262 670 4317; x_wconf 71' lang='grc' dir='ltr'>οὕτω</span> <span class='ocrx_word' id='word_1_564' title='bbox 698 4263 807 4318; x_wconf 86' lang='grc' dir='ltr'><strong>τῶν</strong></span> <span class='ocrx_word' id='word_1_565' title='bbox 833 4268 1194 4336; x_wconf 86' lang='grc' dir='ltr'>προεστώτων</span> <span class='ocrx_word' id='word_1_566' title='bbox 1224 4271 1623 4346; x_wconf 83' lang='grc' dir='ltr'>διακειμένων;</span> <span class='ocrx_word' id='word_1_567' title='bbox 1652 4274 1815 4349; x_wconf 81' lang='grc' dir='ltr'>Εἶχον</span> 
     </span>
    </p>
   </div>
   <div class='ocr_carea' id='block_1_73' title="bbox 230 4351 1814 4441">
    <p class='ocr_par' dir='ltr' id='par_1_73' title="bbox 230 4351 1814 4441">
     <span class='ocr_line' id='line_1_73' title="bbox 230 4351 1814 4441; baseline 0.013 -38"><span class='ocrx_word' id='word_1_568' title='bbox 230 4351 333 4422; x_wconf 84' lang='grc' dir='ltr'>μὲν</span> <span class='ocrx_word' id='word_1_569' title='bbox 362 4352 473 4423; x_wconf 82' lang='grc' dir='ltr'>γὰρ</span> <span class='ocrx_word' id='word_1_570' title='bbox 489 4353 599 4406; x_wconf 81' lang='grc' dir='ltr'>οὐδ’</span> <span class='ocrx_word' id='word_1_571' title='bbox 615 4355 682 4407; x_wconf 83' lang='grc' dir='ltr'>ὲκ</span> <span class='ocrx_word' id='word_1_572' title='bbox 706 4355 950 4421; x_wconf 84' lang='grc' dir='ltr'>πλείονος</span> <span class='ocrx_word' id='word_1_573' title='bbox 982 4360 1245 4425; x_wconf 79' lang='grc' dir='ltr'>ἐπιεικῶς</span> <span class='ocrx_word' id='word_1_574' title='bbox 1273 4364 1411 4434; x_wconf 86' lang='grc' dir='ltr'>πρὸς</span> <span class='ocrx_word' id='word_1_575' title='bbox 1438 4366 1622 4433; x_wconf 79' lang='grc' dir='ltr'>αὐτὸν,</span> <span class='ocrx_word' id='word_1_576' title='bbox 1648 4369 1814 4441; x_wconf 87' lang='grc' dir='ltr'>τριῶν</span> 
     </span>
    </p>
   </div>
   <div class='ocr_carea' id='block_1_74' title="bbox 225 4443 1815 4533">
    <p class='ocr_par' dir='ltr' id='par_1_74' title="bbox 225 4443 1815 4533">
     <span class='ocr_line' id='line_1_74' title="bbox 225 4443 1815 4533; baseline 0.011 -35"><span class='ocrx_word' id='word_1_577' title='bbox 225 4443 399 4500; x_wconf 80' lang='grc' dir='ltr'>ὅντων</span> <span class='ocrx_word' id='word_1_578' title='bbox 426 4445 534 4501; x_wconf 85' lang='grc' dir='ltr'><strong>τῶν</strong></span> <span class='ocrx_word' id='word_1_579' title='bbox 561 4449 848 4509; x_wconf 84' lang='grc' dir='ltr'>ὑπαιτίων.</span> <span class='ocrx_word' id='word_1_580' title='bbox 881 4449 1019 4505; x_wconf 73' lang='grc' dir='ltr'>Οὔτε</span> <span class='ocrx_word' id='word_1_581' title='bbox 1038 4453 1147 4526; x_wconf 83' lang='grc' dir='ltr'><strong>γὰρ</strong></span> <span class='ocrx_word' id='word_1_582' title='bbox 1173 4454 1251 4526; x_wconf 83' lang='grc' dir='ltr'>τῷ</span> <span class='ocrx_word' id='word_1_583' title='bbox 1285 4459 1385 4528; x_wconf 86' lang='grc' dir='ltr'>τῆς</span> <span class='ocrx_word' id='word_1_584' title='bbox 1411 4459 1648 4523; x_wconf 89' lang='grc' dir='ltr'>πίστεως</span> <span class='ocrx_word' id='word_1_585' title='bbox 1673 4459 1815 4533; x_wconf 81' lang='grc' dir='ltr'>λόγῳ</span> 
     </span>
    </p>
   </div>
   <div class='ocr_carea' id='block_1_75' title="bbox 228 4539 1817 4627">
    <p class='ocr_par' dir='ltr' id='par_1_75' title="bbox 228 4539 1817 4627">
     <span class='ocr_line' id='line_1_75' title="bbox 228 4539 1817 4627; baseline 0.011 -34"><span class='ocrx_word' id='word_1_586' title='bbox 228 4539 566 4609; x_wconf 83' lang='grc' dir='ltr'>συνέϐαινον,</span> <span class='ocrx_word' id='word_1_587' title='bbox 596 4543 680 4597; x_wconf 82' lang='grc' dir='ltr'>ὅτι</span> <span class='ocrx_word' id='word_1_588' title='bbox 721 4545 796 4615; x_wconf 86' lang='grc' dir='ltr'><strong>μὴ</strong></span> <span class='ocrx_word' id='word_1_589' title='bbox 835 4547 991 4602; x_wconf 87' lang='grc' dir='ltr'>πᾶσα</span> <span class='ocrx_word' id='word_1_590' title='bbox 1023 4548 1237 4621; x_wconf 83' lang='grc' dir='ltr'>ἀνάγκη</span> <span class='ocrx_word' id='word_1_591' title='bbox 1283 4554 1398 4616; x_wconf 83' lang='grc' dir='ltr'>τοῖς</span> <span class='ocrx_word' id='word_1_592' title='bbox 1437 4553 1665 4627; x_wconf 78' lang='grc' dir='ltr'>πλήθεσι</span> <span class='ocrx_word' id='word_1_593' title='bbox 1695 4556 1817 4625; x_wconf 81' lang='grc' dir='ltr'>βια-</span> 
     </span>
    </p>
   </div>
   <div class='ocr_carea' id='block_1_76' title="bbox 225 4630 1814 4719">
    <p class='ocr_par' dir='ltr' id='par_1_76' title="bbox 225 4630 1814 4719">
     <span class='ocr_line' id='line_1_76' title="bbox 225 4630 1814 4719; baseline 0.011 -34"><span class='ocrx_word' id='word_1_594' title='bbox 225 4630 468 4703; x_wconf 78' lang='grc' dir='ltr'>ζόμενοι·</span> <span class='ocrx_word' id='word_1_595' title='bbox 496 4633 620 4687; x_wconf 80' lang='grc' dir='ltr'>οὔτε</span> <span class='ocrx_word' id='word_1_596' title='bbox 652 4636 753 4707; x_wconf 82' lang='grc' dir='ltr'>τὴν</span> <span class='ocrx_word' id='word_1_597' title='bbox 780 4637 873 4692; x_wconf 78' lang='grc' dir='ltr'><strong>ἐπὶ</strong></span> <span class='ocrx_word' id='word_1_598' title='bbox 898 4641 964 4710; x_wconf 80' lang='grc' dir='ltr'><strong>τῇ</strong></span> <span class='ocrx_word' id='word_1_599' title='bbox 984 4642 1288 4716; x_wconf 81' lang='grc' dir='ltr'>χειροτονίᾳ</span> <span class='ocrx_word' id='word_1_600' title='bbox 1309 4644 1420 4714; x_wconf 92' lang='grc'>(61)</span> <span class='ocrx_word' id='word_1_601' title='bbox 1451 4646 1814 4719; x_wconf 78' lang='grc' dir='ltr'>μικροψυχίαν</span> 
     </span>
    </p>
   </div>
   <div class='ocr_carea' id='block_1_77' title="bbox 222 4722 1816 4811">
    <p class='ocr_par' dir='ltr' id='par_1_77' title="bbox 222 4722 1816 4811">
     <span class='ocr_line' id='line_1_77' title="bbox 222 4722 1816 4811; baseline 0.011 -35"><span class='ocrx_word' id='word_1_602' title='bbox 222 4722 430 4789; x_wconf 85' lang='grc' dir='ltr'>τελέως</span> <span class='ocrx_word' id='word_1_603' title='bbox 470 4726 907 4783; x_wconf 87' lang='grc' dir='ltr'>καταλελύκασιν</span> <span class='ocrx_word' id='word_1_604' title='bbox 940 4730 1053 4803; x_wconf 76' lang='grc'>(62)</span> <span class='ocrx_word' id='word_1_605' title='bbox 1075 4747 1091 4763; x_wconf 69' lang='grc'><strong><em>⁸</em></strong></span> <span class='ocrx_word' id='word_1_606' title='bbox 1145 4734 1243 4787; x_wconf 74' lang='grc' dir='ltr'>καὶ</span> <span class='ocrx_word' id='word_1_607' title='bbox 1273 4736 1336 4789; x_wconf 85' lang='grc' dir='ltr'>τὸ</span> <span class='ocrx_word' id='word_1_608' title='bbox 1368 4738 1522 4809; x_wconf 85' lang='grc' dir='ltr'>παρὰ</span> <span class='ocrx_word' id='word_1_609' title='bbox 1554 4738 1690 4793; x_wconf 87' lang='grc' dir='ltr'>πολὺ</span> <span class='ocrx_word' id='word_1_610' title='bbox 1714 4740 1816 4811; x_wconf 86' lang='grc' dir='ltr'>τῆς</span> 
     </span>
    </p>
   </div>
   <div class='ocr_carea' id='block_1_78' title="bbox 1994 3730 3485 3807">
    <p class='ocr_par' dir='ltr' id='par_1_78' title="bbox 1994 3730 3485 3807">
     <span class='ocr_line' id='line_1_78' title="bbox 1994 3730 3485 3807; baseline 0.004 -21"><span class='ocrx_word' id='word_1_611' title='bbox 1994 3730 2177 3789; x_wconf 83' lang='lat' dir='ltr'><strong>LVIII.</strong></span> <span class='ocrx_word' id='word_1_612' title='bbox 2244 3734 2345 3792; x_wconf 84' lang='lat' dir='ltr'><strong>Hic</strong></span> <span class='ocrx_word' id='word_1_613' title='bbox 2402 3737 2619 3807; x_wconf 87' lang='lat' dir='ltr'><strong>quidem</strong></span> <span class='ocrx_word' id='word_1_614' title='bbox 2680 3738 3010 3792; x_wconf 89' lang='lat' dir='ltr'><strong>mundanum</strong></span> <span class='ocrx_word' id='word_1_615' title='bbox 3067 3734 3266 3790; x_wconf 88' lang='lat' dir='ltr'><strong>bellum</strong></span> <span class='ocrx_word' id='word_1_616' title='bbox 3326 3736 3485 3791; x_wconf 85' lang='lat' dir='ltr'><strong>tinem</strong></span> 
     </span>
    </p>
   </div>
   <div class='ocr_carea' id='block_1_79' title="bbox 1913 3825 3487 3898">
    <p class='ocr_par' dir='ltr' id='par_1_79' title="bbox 1913 3825 3487 3898">
     <span class='ocr_line' id='line_1_79' title="bbox 1913 3825 3487 3898; baseline 0.001 -19"><span class='ocrx_word' id='word_1_617' title='bbox 1913 3825 2144 3895; x_wconf 87' lang='lat' dir='ltr'><strong>accepit,</strong></span> <span class='ocrx_word' id='word_1_618' title='bbox 2199 3826 2510 3898; x_wconf 81' lang='lat' dir='ltr'><strong>exitumque</strong></span> <span class='ocrx_word' id='word_1_619' title='bbox 2571 3828 2778 3895; x_wconf 87' lang='lat' dir='ltr'><strong>habuit,</strong></span> <span class='ocrx_word' id='word_1_620' title='bbox 2826 3828 2936 3883; x_wconf 89' lang='lat' dir='ltr'><strong>Deo</strong></span> <span class='ocrx_word' id='word_1_621' title='bbox 3002 3826 3250 3894; x_wconf 79' lang='lat' dir='ltr'><strong>favente,</strong></span> <span class='ocrx_word' id='word_1_622' title='bbox 3306 3826 3487 3881; x_wconf 63' lang='lat' dir='ltr'><strong>letum</strong></span> 
     </span>
    </p>
   </div>
   <div class='ocr_carea' id='block_1_80' title="bbox 1912 3917 3484 3990">
    <p class='ocr_par' dir='ltr' id='par_1_80' title="bbox 1912 3917 3484 3990">
     <span class='ocr_line' id='line_1_80' title="bbox 1912 3917 3484 3990; baseline 0.003 -20"><span class='ocrx_word' id='word_1_623' title='bbox 1912 3926 2076 3986; x_wconf 89' lang='lat' dir='ltr'><strong>atque</strong></span> <span class='ocrx_word' id='word_1_624' title='bbox 2120 3917 2357 3987; x_wconf 83' lang='lat' dir='ltr'><strong>felicem,</strong></span> <span class='ocrx_word' id='word_1_625' title='bbox 2419 3919 2740 3990; x_wconf 87' lang='lat' dir='ltr'><strong>qualemque</strong></span> <span class='ocrx_word' id='word_1_626' title='bbox 2790 3920 2933 3975; x_wconf 89' lang='lat' dir='ltr'><strong>illius</strong></span> <span class='ocrx_word' id='word_1_627' title='bbox 2981 3920 3112 3974; x_wconf 77' lang='lat' dir='ltr'><strong>fides</strong></span> <span class='ocrx_word' id='word_1_628' title='bbox 3156 3919 3484 3974; x_wconf 89' lang='lat' dir='ltr'><strong>merebatur.</strong></span> 
     </span>
    </p>
   </div>
   <div class='ocr_carea' id='block_1_81' title="bbox 1911 4004 3485 4077">
    <p class='ocr_par' dir='ltr' id='par_1_81' title="bbox 1911 4004 3485 4077">
     <span class='ocr_line' id='line_1_81' title="bbox 1911 4004 3485 4077; baseline 0.001 -16"><span class='ocrx_word' id='word_1_629' title='bbox 1911 4004 2051 4061; x_wconf 80' lang='lat' dir='ltr'><strong>Hinc</strong></span> <span class='ocrx_word' id='word_1_630' title='bbox 2115 4021 2250 4063; x_wconf 89' lang='lat' dir='ltr'><strong>vero</strong></span> <span class='ocrx_word' id='word_1_631' title='bbox 2317 4006 2431 4075; x_wconf 89' lang='lat' dir='ltr'><strong>jam</strong></span> <span class='ocrx_word' id='word_1_632' title='bbox 2484 4009 2699 4063; x_wconf 90' lang='lat' dir='ltr'><strong>initium</strong></span> <span class='ocrx_word' id='word_1_633' title='bbox 2760 4010 2925 4064; x_wconf 87' lang='lat' dir='ltr'><strong>sumit</strong></span> <span class='ocrx_word' id='word_1_634' title='bbox 2975 4009 3369 4077; x_wconf 83' lang='lat' dir='ltr'><strong>episcoporum,</strong></span> <span class='ocrx_word' id='word_1_635' title='bbox 3427 4013 3485 4063; x_wconf 89' lang='lat' dir='ltr'><strong>et</strong></span> 
     </span>
    </p>
   </div>
   <div class='ocr_carea' id='block_1_82' title="bbox 1912 4097 3485 4169">
    <p class='ocr_par' dir='ltr' id='par_1_82' title="bbox 1912 4097 3485 4169">
     <span class='ocr_line' id='line_1_82' title="bbox 1912 4097 3485 4169; baseline -0.001 -17"><span class='ocrx_word' id='word_1_636' title='bbox 1912 4111 2121 4162; x_wconf 90' lang='lat' dir='ltr'><strong>eorum,</strong></span> <span class='ocrx_word' id='word_1_637' title='bbox 2156 4098 2250 4169; x_wconf 89' lang='lat' dir='ltr'><strong>qui</strong></span> <span class='ocrx_word' id='word_1_638' title='bbox 2287 4101 2467 4157; x_wconf 88' lang='lat' dir='ltr'><strong>socios</strong></span> <span class='ocrx_word' id='word_1_639' title='bbox 2525 4115 2585 4155; x_wconf 90' lang='lat' dir='ltr'><strong>se</strong></span> <span class='ocrx_word' id='word_1_640' title='bbox 2640 4098 2771 4169; x_wconf 89' lang='lat' dir='ltr'><strong>ipsis</strong></span> <span class='ocrx_word' id='word_1_641' title='bbox 2810 4100 3189 4168; x_wconf 84' lang='lat' dir='ltr'><strong>adjunxeraut,</strong></span> <span class='ocrx_word' id='word_1_642' title='bbox 3242 4097 3485 4166; x_wconf 83' lang='lat' dir='ltr'><strong>bellum;</strong></span> 
     </span>
    </p>
   </div>
   <div class='ocr_carea' id='block_1_83' title="bbox 1912 4190 3490 4262">
    <p class='ocr_par' dir='ltr' id='par_1_83' title="bbox 1912 4190 3490 4262">
     <span class='ocr_line' id='line_1_83' title="bbox 1912 4190 3490 4262; baseline -0.001 -17"><span class='ocrx_word' id='word_1_643' title='bbox 1912 4190 2137 4256; x_wconf 89' lang='lat' dir='ltr'><strong>bellum,</strong></span> <span class='ocrx_word' id='word_1_644' title='bbox 2194 4192 2438 4261; x_wconf 89' lang='lat' dir='ltr'><strong>inquam,</strong></span> <span class='ocrx_word' id='word_1_645' title='bbox 2484 4200 2599 4247; x_wconf 89' lang='lat' dir='ltr'><strong>tum</strong></span> <span class='ocrx_word' id='word_1_646' title='bbox 2650 4207 2748 4262; x_wconf 88' lang='lat' dir='ltr'><strong>per</strong></span> <span class='ocrx_word' id='word_1_647' title='bbox 2807 4207 2866 4247; x_wconf 88' lang='lat' dir='ltr'><strong>se</strong></span> <span class='ocrx_word' id='word_1_648' title='bbox 2915 4192 3199 4245; x_wconf 90' lang='lat' dir='ltr'><strong>admodum</strong></span> <span class='ocrx_word' id='word_1_649' title='bbox 3252 4198 3409 4260; x_wconf 88' lang='lat' dir='ltr'><strong>turpe</strong></span> <span class='ocrx_word' id='word_1_650' title='bbox 3433 4198 3490 4244; x_wconf 90' lang='lat' dir='ltr'><strong>et</strong></span> 
     </span>
    </p>
   </div>
   <div class='ocr_carea' id='block_1_84' title="bbox 1912 4281 3488 4353">
    <p class='ocr_par' dir='ltr' id='par_1_84' title="bbox 1912 4281 3488 4353">
     <span class='ocr_line' id='line_1_84' title="bbox 1912 4281 3488 4353; baseline -0.001 -17"><span class='ocrx_word' id='word_1_651' title='bbox 1912 4281 2352 4352; x_wconf 87' lang='lat' dir='ltr'><strong>ignominiosum,</strong></span> <span class='ocrx_word' id='word_1_652' title='bbox 2414 4294 2525 4339; x_wconf 92' lang='lat' dir='ltr'><strong>tum</strong></span> <span class='ocrx_word' id='word_1_653' title='bbox 2583 4283 2812 4340; x_wconf 87' lang='lat' dir='ltr'><strong>subditis</strong></span> <span class='ocrx_word' id='word_1_654' title='bbox 2841 4284 2971 4352; x_wconf 91' lang='lat' dir='ltr'><strong>ipsis</strong></span> <span class='ocrx_word' id='word_1_655' title='bbox 3023 4283 3195 4353; x_wconf 84' lang='lat' dir='ltr'><strong>magis</strong></span> <span class='ocrx_word' id='word_1_656' title='bbox 3219 4281 3488 4352; x_wconf 89' lang='lat' dir='ltr'><strong>pernicio-</strong></span> 
     </span>
    </p>
   </div>
   <div class='ocr_carea' id='block_1_85' title="bbox 1914 4374 3487 4445">
    <p class='ocr_par' dir='ltr' id='par_1_85' title="bbox 1914 4374 3487 4445">
     <span class='ocr_line' id='line_1_85' title="bbox 1914 4374 3487 4445; baseline 0 -17"><span class='ocrx_word' id='word_1_657' title='bbox 1914 4389 2057 4430; x_wconf 90' lang='lat' dir='ltr'><strong>sum.</strong></span> <span class='ocrx_word' id='word_1_658' title='bbox 2093 4374 2225 4441; x_wconf 88' lang='lat' dir='ltr'><strong>Quis</strong></span> <span class='ocrx_word' id='word_1_659' title='bbox 2257 4378 2403 4433; x_wconf 85' lang='lat' dir='ltr'><strong>enim</strong></span> <span class='ocrx_word' id='word_1_660' title='bbox 2427 4378 2565 4432; x_wconf 88' lang='lat' dir='ltr'><strong>alios</strong></span> <span class='ocrx_word' id='word_1_661' title='bbox 2589 4378 2655 4431; x_wconf 89' lang='lat' dir='ltr'><strong>ad</strong></span> <span class='ocrx_word' id='word_1_662' title='bbox 2689 4374 3281 4432; x_wconf 85' lang='lat' dir='ltr'><strong>modestiaminducere</strong></span> <span class='ocrx_word' id='word_1_663' title='bbox 3303 4384 3487 4445; x_wconf 87' lang='lat' dir='ltr'><strong>queat,</strong></span> 
     </span>
    </p>
   </div>
   <div class='ocr_carea' id='block_1_86' title="bbox 1914 4467 3485 4538">
    <p class='ocr_par' dir='ltr' id='par_1_86' title="bbox 1914 4467 3485 4538">
     <span class='ocr_line' id='line_1_86' title="bbox 1914 4467 3485 4538; baseline 0.001 -17"><span class='ocrx_word' id='word_1_664' title='bbox 1914 4483 2036 4522; x_wconf 91' lang='lat' dir='ltr'><strong>cum</strong></span> <span class='ocrx_word' id='word_1_665' title='bbox 2071 4468 2176 4538; x_wconf 90' lang='lat' dir='ltr'><strong>ipsi</strong></span> <span class='ocrx_word' id='word_1_666' title='bbox 2198 4469 2455 4538; x_wconf 64' lang='lat' dir='ltr'><strong>praesules</strong></span> <span class='ocrx_word' id='word_1_667' title='bbox 2479 4471 2560 4525; x_wconf 90' lang='lat' dir='ltr'><strong>sic</strong></span> <span class='ocrx_word' id='word_1_668' title='bbox 2589 4484 2650 4526; x_wconf 90' lang='lat' dir='ltr'><strong>se</strong></span> <span class='ocrx_word' id='word_1_669' title='bbox 2683 4467 2905 4523; x_wconf 72' lang='lat' dir='ltr'><strong>affectos</strong></span> <span class='ocrx_word' id='word_1_670' title='bbox 2933 4467 3247 4538; x_wconf 67' lang='lat' dir='ltr'><strong>praebeant?</strong></span> <span class='ocrx_word' id='word_1_671' title='bbox 3275 4469 3350 4521; x_wconf 88' lang='lat' dir='ltr'><strong>Ac</strong></span> <span class='ocrx_word' id='word_1_672' title='bbox 3376 4477 3485 4522; x_wconf 89' lang='lat' dir='ltr'><strong>tres</strong></span> 
     </span>
    </p>
   </div>
   <div class='ocr_carea' id='block_1_87' title="bbox 1914 4559 3483 4631">
    <p class='ocr_par' dir='ltr' id='par_1_87' title="bbox 1914 4559 3483 4631">
     <span class='ocr_line' id='line_1_87' title="bbox 1914 4559 3483 4631; baseline 0 -19"><span class='ocrx_word' id='word_1_673' title='bbox 1914 4559 2130 4627; x_wconf 89' lang='lat' dir='ltr'><strong>quidem</strong></span> <span class='ocrx_word' id='word_1_674' title='bbox 2168 4569 2326 4616; x_wconf 88' lang='lat' dir='ltr'><strong>erant</strong></span> <span class='ocrx_word' id='word_1_675' title='bbox 2355 4576 2550 4627; x_wconf 70' lang='lat' dir='ltr'><strong>causae,</strong></span> <span class='ocrx_word' id='word_1_676' title='bbox 2571 4576 2668 4615; x_wconf 91' lang='lat' dir='ltr'><strong>cur</strong></span> <span class='ocrx_word' id='word_1_677' title='bbox 2685 4561 2837 4615; x_wconf 91' lang='lat' dir='ltr'><strong>multi</strong></span> <span class='ocrx_word' id='word_1_678' title='bbox 2868 4563 3029 4616; x_wconf 89' lang='lat' dir='ltr'><strong>etiam</strong></span> <span class='ocrx_word' id='word_1_679' title='bbox 3055 4560 3261 4631; x_wconf 89' lang='lat' dir='ltr'><strong>pridem</strong></span> <span class='ocrx_word' id='word_1_680' title='bbox 3294 4573 3483 4627; x_wconf 85' lang='lat' dir='ltr'><strong>parum</strong></span> 
     </span>
    </p>
   </div>
   <div class='ocr_carea' id='block_1_88' title="bbox 1912 4632 3482 4721">
    <p class='ocr_par' dir='ltr' id='par_1_88' title="bbox 1912 4632 3482 4721">
     <span class='ocr_line' id='line_1_88' title="bbox 1912 4632 3482 4721; baseline 0.003 -21"><span class='ocrx_word' id='word_1_681' title='bbox 1912 4647 2020 4704; x_wconf 90' lang='lat' dir='ltr'><strong>leni</strong></span> <span class='ocrx_word' id='word_1_682' title='bbox 2052 4665 2181 4720; x_wconf 84' lang='lat' dir='ltr'><strong>erga</strong></span> <span class='ocrx_word' id='word_1_683' title='bbox 2207 4665 2330 4705; x_wconf 93' lang='lat' dir='ltr'><strong>eum</strong></span> <span class='ocrx_word' id='word_1_684' title='bbox 2377 4653 2560 4708; x_wconf 89' lang='lat' dir='ltr'><strong>animo</strong></span> <span class='ocrx_word' id='word_1_685' title='bbox 2595 4660 2797 4708; x_wconf 90' lang='lat' dir='ltr'><strong>essent.</strong></span> <span class='ocrx_word' id='word_1_686' title='bbox 2841 4651 3048 4718; x_wconf 87' lang='lat' dir='ltr'><strong>Prima,</strong></span> <span class='ocrx_word' id='word_1_687' title='bbox 3086 4651 3229 4721; x_wconf 90' lang='lat' dir='ltr'><strong>quod</strong></span> <span class='ocrx_word' id='word_1_688' title='bbox 3271 4632 3327 4703; x_wconf 78' lang='lat' dir='ltr'><strong>in</strong></span> <span class='ocrx_word' id='word_1_689' title='bbox 3358 4649 3482 4704; x_wconf 81' lang='lat' dir='ltr'><strong>ﬁdei</strong></span> 
     </span>
    </p>
   </div>
   <div class='ocr_carea' id='block_1_89' title="bbox 1909 4741 3485 4810">
    <p class='ocr_par' dir='ltr' id='par_1_89' title="bbox 1909 4741 3485 4810">
     <span class='ocr_line' id='line_1_89' title="bbox 1909 4741 3485 4810; baseline -0.001 -17"><span class='ocrx_word' id='word_1_690' title='bbox 1909 4741 2126 4810; x_wconf 78' lang='lat' dir='ltr'><strong>negotio</strong></span> <span class='ocrx_word' id='word_1_691' title='bbox 2158 4756 2279 4796; x_wconf 88' lang='lat' dir='ltr'><strong>cum</strong></span> <span class='ocrx_word' id='word_1_692' title='bbox 2311 4754 2377 4797; x_wconf 82' lang='lat' dir='ltr'><strong>eo</strong></span> <span class='ocrx_word' id='word_1_693' title='bbox 2430 4742 2652 4797; x_wconf 87' lang='lat' dir='ltr'><strong>minime</strong></span> <span class='ocrx_word' id='word_1_694' title='bbox 2705 4743 3136 4806; x_wconf 88' lang='lat' dir='ltr'><strong>consentiebant,</strong></span> <span class='ocrx_word' id='word_1_695' title='bbox 3182 4741 3284 4795; x_wconf 88' lang='lat' dir='ltr'><strong>nisi</strong></span> <span class='ocrx_word' id='word_1_696' title='bbox 3312 4754 3485 4808; x_wconf 88' lang='lat' dir='ltr'><strong>quan-</strong></span> 
     </span>
    </p>
   </div>
   <div class='ocr_carea' id='block_1_90' title="bbox 222 4815 1819 4906">
    <p class='ocr_par' dir='ltr' id='par_1_90' title="bbox 222 4815 1808 4902">
     <span class='ocr_line' id='line_1_90' title="bbox 222 4815 1808 4902; baseline 0.011 -33"><span class='ocrx_word' id='word_1_697' title='bbox 222 4815 384 4889; x_wconf 80' lang='grc' dir='ltr'>δόξης</span> <span class='ocrx_word' id='word_1_698' title='bbox 415 4819 761 4890; x_wconf 83' lang='grc' dir='ltr'>κρατεῖσθαι,</span> <span class='ocrx_word' id='word_1_699' title='bbox 813 4821 1032 4877; x_wconf 76' lang='grc' dir='ltr'>πάντων</span> <span class='ocrx_word' id='word_1_700' title='bbox 1068 4822 1367 4900; x_wconf 81' lang='grc' dir='ltr'>βαρύτατον</span> <span class='ocrx_word' id='word_1_701' title='bbox 1392 4822 1460 4902; x_wconf 79' lang='grc' dir='ltr'>ἦν</span> <span class='ocrx_word' id='word_1_702' title='bbox 1510 4830 1713 4897; x_wconf 82' lang='grc' dir='ltr'>αὐτοῖς,</span> <span class='ocrx_word' id='word_1_703' title='bbox 1759 4832 1808 4885; x_wconf 82' lang='grc' dir='ltr'><strong>εί</strong></span> 
     </span>
    </p>
   </div>
   <div class='ocr_carea' id='block_1_91' title="bbox 1929 4815 3485 4906">
    <p class='ocr_par' dir='ltr' id='par_1_91' title="bbox 1929 4831 3485 4906">
     <span class='ocr_line' id='line_1_91' title="bbox 1929 4831 3485 4906; baseline 0.001 -22"><span class='ocrx_word' id='word_1_704' title='bbox 1929 4847 2024 4888; x_wconf 87' lang='lat' dir='ltr'><strong>.um</strong></span> <span class='ocrx_word' id='word_1_705' title='bbox 2072 4834 2124 4888; x_wconf 91' lang='lat' dir='ltr'><strong>id</strong></span> <span class='ocrx_word' id='word_1_706' title='bbox 2179 4835 2332 4905; x_wconf 88' lang='lat' dir='ltr'><strong>ipsis,</strong></span> <span class='ocrx_word' id='word_1_707' title='bbox 2371 4845 2598 4906; x_wconf 81' lang='lat' dir='ltr'><strong>cogente</strong></span> <span class='ocrx_word' id='word_1_708' title='bbox 2649 4835 3011 4902; x_wconf 86' lang='lat' dir='ltr'><strong>multitudine,</strong></span> <span class='ocrx_word' id='word_1_709' title='bbox 3054 4834 3359 4890; x_wconf 87' lang='lat' dir='ltr'><strong>necessario</strong></span> <span class='ocrx_word' id='word_1_710' title='bbox 3404 4831 3485 4886; x_wconf 62' lang='lat' dir='ltr'><strong>fac</strong></span> 
     </span>
    </p>
   </div>
   <div class='ocr_carea' id='block_1_92' title="bbox 312 4956 696 5026">
    <p class='ocr_par' dir='ltr' id='par_1_92' title="bbox 312 4956 696 5026">
     <span class='ocr_line' id='line_1_92' title="bbox 312 4956 696 5026; baseline 0.003 -13"><span class='ocrx_word' id='word_1_711' title='bbox 312 4958 360 4990; x_wconf 79' lang='grc'>³⁸</span> <span class='ocrx_word' id='word_1_712' title='bbox 390 4956 508 5019; x_wconf 86' lang='lat' dir='ltr'><strong>Jac.</strong></span> <span class='ocrx_word' id='word_1_713' title='bbox 541 4973 617 5026; x_wconf 83' lang='lat' dir='ltr'><strong>tv,</strong></span> <span class='ocrx_word' id='word_1_714' title='bbox 642 4957 696 5014; x_wconf 87' lang='lat'><em>6.</em></span> 
     </span>
    </p>
   </div>
   <div class='ocr_carea' id='block_1_93' title="bbox 295 5093 1804 5168">
    <p class='ocr_par' dir='ltr' id='par_1_93' title="bbox 295 5093 1804 5168">
     <span class='ocr_line' id='line_1_93' title="bbox 295 5093 1804 5168; baseline 0.005 -21"><span class='ocrx_word' id='word_1_715' title='bbox 295 5094 417 5168; x_wconf 66' lang='grc'>(51)</span> <span class='ocrx_word' id='word_1_716' title='bbox 464 5093 845 5168; x_wconf 43' lang='grc' dir='ltr'>Ὠςῇσθετοη</span> <span class='ocrx_word' id='word_1_717' title='bbox 883 5093 975 5168; x_wconf 82' lang='lat' dir='ltr'><strong>Sic</strong></span> <span class='ocrx_word' id='word_1_718' title='bbox 1007 5095 1179 5168; x_wconf 69' lang='lat' dir='ltr'><strong>Begg.</strong></span> <span class='ocrx_word' id='word_1_719' title='bbox 1213 5095 1303 5168; x_wconf 81' lang='lat' dir='ltr'><strong>bm</strong></span> <span class='ocrx_word' id='word_1_720' title='bbox 1341 5105 1395 5152; x_wconf 88' lang='lat' dir='ltr'><strong>et</strong></span> <span class='ocrx_word' id='word_1_721' title='bbox 1436 5098 1525 5168; x_wconf 86' lang='lat' dir='ltr'><strong>ph.</strong></span> <span class='ocrx_word' id='word_1_722' title='bbox 1567 5099 1623 5153; x_wconf 92' lang='lat' dir='ltr'><strong>In</strong></span> <span class='ocrx_word' id='word_1_723' title='bbox 1662 5098 1804 5163; x_wconf 89' lang='lat' dir='ltr'><strong>aliis,</strong></span> 
     </span>
    </p>
   </div>
   <div class='ocr_carea' id='block_1_94' title="bbox 222 5164 1808 5250">
    <p class='ocr_par' dir='ltr' id='par_1_94' title="bbox 222 5164 1808 5250">
     <span class='ocr_line' id='line_1_94' title="bbox 222 5164 1808 5250; baseline 0.003 -33"><span class='ocrx_word' id='word_1_724' title='bbox 222 5164 572 5250; x_wconf 54' lang='grc' dir='ltr'>ιῖξςῇσθοντο.</span> <span class='ocrx_word' id='word_1_725' title='bbox 610 5164 893 5250; x_wconf 44' lang='lat' dir='ltr'><strong>Passum;</strong></span> <span class='ocrx_word' id='word_1_726' title='bbox 927 5164 1241 5250; x_wconf 45' lang='grc' dir='ltr'>ᾔσθετο-ξτοῢ</span> <span class='ocrx_word' id='word_1_727' title='bbox 1268 5164 1560 5250; x_wconf 74' lang='grc' dir='ltr'>κακοῦτὴν</span> <span class='ocrx_word' id='word_1_728' title='bbox 1587 5170 1808 5250; x_wconf 72' lang='grc' dir='ltr'>ἐπιϐου-</span> 
     </span>
    </p>
   </div>
   <div class='ocr_carea' id='block_1_95' title="bbox 220 5233 1805 5325">
    <p class='ocr_par' dir='ltr' id='par_1_95' title="bbox 220 5233 1805 5325">
     <span class='ocr_line' id='line_1_95' title="bbox 220 5233 1805 5325; baseline 0.004 -37"><span class='ocrx_word' id='word_1_729' title='bbox 220 5233 503 5325; x_wconf 43' lang='grc' dir='ltr'>λῂνξλκαί,</span> <span class='ocrx_word' id='word_1_730' title='bbox 535 5246 668 5325; x_wconf 73' lang='lat' dir='ltr'><strong>etc.,</strong></span> <span class='ocrx_word' id='word_1_731' title='bbox 702 5254 722 5289; x_wconf 82' lang='grc' dir='ltr'><strong>ι</strong></span> <span class='ocrx_word' id='word_1_732' title='bbox 755 5244 813 5292; x_wconf 93' lang='lat' dir='ltr'><strong>ut</strong></span> <span class='ocrx_word' id='word_1_733' title='bbox 835 5233 965 5291; x_wconf 85' lang='lat' dir='ltr'><strong>mali</strong></span> <span class='ocrx_word' id='word_1_734' title='bbox 995 5237 1220 5293; x_wconf 88' lang='lat' dir='ltr'><strong>insidias</strong></span> <span class='ocrx_word' id='word_1_735' title='bbox 1242 5233 1528 5308; x_wconf 71' lang='lat' dir='ltr'><strong>persensit,</strong></span> <span class='ocrx_word' id='word_1_736' title='bbox 1560 5259 1582 5292; x_wconf 74' lang='grc' dir='ltr'><strong>ι</strong></span> <span class='ocrx_word' id='word_1_737' title='bbox 1609 5249 1713 5295; x_wconf 88' lang='lat' dir='ltr'><strong>etc.</strong></span> <span class='ocrx_word' id='word_1_738' title='bbox 1746 5239 1805 5295; x_wconf 89' lang='lat' dir='ltr'><strong>In</strong></span> 
     </span>
    </p>
   </div>
   <div class='ocr_carea' id='block_1_96' title="bbox 293 5309 1799 5449">
    <p class='ocr_par' dir='ltr' id='par_1_96' title="bbox 293 5309 1799 5449">
     <span class='ocr_line' id='line_1_96' title="bbox 293 5309 1799 5449; baseline 0.003 -18"><span class='ocrx_word' id='word_1_739' title='bbox 293 5309 668 5449; x_wconf 57' lang='grc' dir='ltr'>ζείᾶῖθῗῖἕέἱν</span> <span class='ocrx_word' id='word_1_740' title='bbox 720 5378 971 5449; x_wconf 78' lang='grc' dir='ltr'>ταύτην.</span> <span class='ocrx_word' id='word_1_741' title='bbox 1027 5376 1121 5435; x_wconf 88' lang='lat' dir='ltr'><strong>Sic</strong></span> <span class='ocrx_word' id='word_1_742' title='bbox 1172 5392 1268 5435; x_wconf 77' lang='lat' dir='ltr'><strong>sex</strong></span> <span class='ocrx_word' id='word_1_743' title='bbox 1316 5378 1484 5449; x_wconf 79' lang='lat' dir='ltr'><strong>Regg.</strong></span> <span class='ocrx_word' id='word_1_744' title='bbox 1540 5389 1597 5435; x_wconf 92' lang='lat' dir='ltr'><strong>et</strong></span> <span class='ocrx_word' id='word_1_745' title='bbox 1643 5379 1799 5437; x_wconf 88' lang='lat' dir='ltr'><strong>Pass.</strong></span> 
     </span>
    </p>
   </div>
   <div class='ocr_carea' id='block_1_97' title="bbox 222 5446 878 5517">
    <p class='ocr_par' dir='ltr' id='par_1_97' title="bbox 222 5446 878 5517">
     <span class='ocr_line' id='line_1_97' title="bbox 222 5446 878 5517; baseline 0.002 -15"><span class='ocrx_word' id='word_1_746' title='bbox 222 5446 384 5502; x_wconf 84' lang='lat' dir='ltr'><strong>Deest</strong></span> <span class='ocrx_word' id='word_1_747' title='bbox 422 5447 630 5517; x_wconf 82' lang='grc' dir='ltr'>ταύτην</span> <span class='ocrx_word' id='word_1_748' title='bbox 655 5448 706 5502; x_wconf 94' lang='lat' dir='ltr'><strong>in</strong></span> <span class='ocrx_word' id='word_1_749' title='bbox 743 5448 878 5503; x_wconf 86' lang='lat' dir='ltr'><strong>edit.</strong></span> 
     </span>
    </p>
   </div>
   <div class='ocr_carea' id='block_1_98' title="bbox 299 5517 1802 5592">
    <p class='ocr_par' dir='ltr' id='par_1_98' title="bbox 299 5517 1802 5592">
     <span class='ocr_line' id='line_1_98' title="bbox 299 5517 1802 5592; baseline 0.003 -21"><span class='ocrx_word' id='word_1_750' title='bbox 299 5517 427 5592; x_wconf 76' lang='lat'><strong>(53)_</strong></span> <span class='ocrx_word' id='word_1_751' title='bbox 443 5517 852 5592; x_wconf 64' lang='lat' dir='ltr'><strong>Eyﬁroc._Sic</strong></span> <span class='ocrx_word' id='word_1_752' title='bbox 882 5527 1117 5589; x_wconf 90' lang='lat' dir='ltr'><strong>quatuor</strong></span> <span class='ocrx_word' id='word_1_753' title='bbox 1152 5519 1349 5592; x_wconf 85' lang='lat' dir='ltr'><strong>Regg.,</strong></span> <span class='ocrx_word' id='word_1_754' title='bbox 1396 5521 1500 5577; x_wconf 86' lang='lat' dir='ltr'><strong>duo</strong></span> <span class='ocrx_word' id='word_1_755' title='bbox 1538 5518 1702 5576; x_wconf 88' lang='lat' dir='ltr'><strong>Coisl.</strong></span> <span class='ocrx_word' id='word_1_756' title='bbox 1747 5530 1802 5578; x_wconf 91' lang='lat' dir='ltr'><strong>et</strong></span> 
     </span>
    </p>
   </div>
   <div class='ocr_carea' id='block_1_99' title="bbox 218 5586 867 5659">
    <p class='ocr_par' dir='ltr' id='par_1_99' title="bbox 218 5586 867 5659">
     <span class='ocr_line' id='line_1_99' title="bbox 218 5586 867 5659; baseline -0.002 -15"><span class='ocrx_word' id='word_1_757' title='bbox 218 5586 377 5659; x_wconf 76' lang='lat' dir='ltr'><strong>Pass.</strong></span> <span class='ocrx_word' id='word_1_758' title='bbox 392 5586 464 5659; x_wconf 84' lang='lat' dir='ltr'><strong>_ln</strong></span> <span class='ocrx_word' id='word_1_759' title='bbox 497 5586 613 5659; x_wconf 59' lang='lat' dir='ltr'><strong>ed},</strong></span> <span class='ocrx_word' id='word_1_760' title='bbox 650 5588 867 5659; x_wconf 86' lang='grc' dir='ltr'>σκῆνος.</span> 
     </span>
    </p>
   </div>
   <div class='ocr_carea' id='block_1_100' title="bbox 1981 5098 3129 5175">
    <p class='ocr_par' dir='ltr' id='par_1_100' title="bbox 1981 5098 3129 5175">
     <span class='ocr_line' id='line_1_100' title="bbox 1981 5098 3129 5175; baseline 0.002 -22"><span class='ocrx_word' id='word_1_761' title='bbox 1981 5101 2095 5175; x_wconf 71' lang='grc'>(55)</span> <span class='ocrx_word' id='word_1_762' title='bbox 2133 5101 2538 5175; x_wconf 42' lang='grc' dir='ltr'><strong>Ῐοπᾼίζηςηῆ.</strong></span> <span class='ocrx_word' id='word_1_763' title='bbox 2573 5102 2667 5158; x_wconf 91' lang='lat' dir='ltr'><strong>0r.</strong></span> <span class='ocrx_word' id='word_1_764' title='bbox 2703 5101 2759 5165; x_wconf 74' lang='lat'><strong>2,</strong></span> <span class='ocrx_word' id='word_1_765' title='bbox 2787 5102 3012 5175; x_wconf 74' lang='grc' dir='ltr'>όπλίτης</span> <span class='ocrx_word' id='word_1_766' title='bbox 3040 5098 3129 5175; x_wconf 82' lang='grc' dir='ltr'>ἦν.</span> 
     </span>
    </p>
   </div>
   <div class='ocr_carea' id='block_1_101' title="bbox 1980 5170 2942 5243">
    <p class='ocr_par' dir='ltr' id='par_1_101' title="bbox 1980 5170 2942 5243">
     <span class='ocr_line' id='line_1_101' title="bbox 1980 5170 2942 5243; baseline 0 -17"><span class='ocrx_word' id='word_1_767' title='bbox 1980 5170 2092 5243; x_wconf 88' lang='grc'>(56)</span> <span class='ocrx_word' id='word_1_768' title='bbox 2132 5170 2408 5243; x_wconf 68' lang='grc' dir='ltr'><strong>Ἀνδρῶν.</strong></span> <span class='ocrx_word' id='word_1_769' title='bbox 2428 5170 2699 5243; x_wconf 35' lang='grc' dir='ltr'><strong>Βεεζριι,</strong></span> <span class='ocrx_word' id='word_1_770' title='bbox 2727 5173 2942 5243; x_wconf 87' lang='grc' dir='ltr'>ἀνδρός.</span> 
     </span>
    </p>
   </div>
   <div class='ocr_carea' id='block_1_102' title="bbox 1975 5241 3017 5313">
    <p class='ocr_par' dir='ltr' id='par_1_102' title="bbox 1975 5241 3017 5313">
     <span class='ocr_line' id='line_1_102' title="bbox 1975 5241 3017 5313; baseline -0.001 -17"><span class='ocrx_word' id='word_1_771' title='bbox 1975 5241 2089 5313; x_wconf 85' lang='grc'>(57)</span> <span class='ocrx_word' id='word_1_772' title='bbox 2127 5241 2380 5309; x_wconf 85' lang='grc' dir='ltr'>Θάρσος.</span> <span class='ocrx_word' id='word_1_773' title='bbox 2423 5241 2765 5311; x_wconf 27' lang='grc' dir='ltr'>Ηυοίῐὶθεςη</span> <span class='ocrx_word' id='word_1_774' title='bbox 2798 5241 3017 5313; x_wconf 87' lang='grc' dir='ltr'>θράσος.</span> 
     </span>
    </p>
   </div>
   <div class='ocr_carea' id='block_1_103' title="bbox 1998 5312 3046 5402">
    <p class='ocr_par' dir='ltr' id='par_1_103' title="bbox 1998 5312 3046 5402">
     <span class='ocr_line' id='line_1_103' title="bbox 1998 5312 3046 5402; baseline 0 0"><span class='ocrx_word' id='word_1_775' title='bbox 1998 5312 2086 5402; x_wconf 65' lang='grc' dir='ltr'><strong>ἕξ)</strong></span> <span class='ocrx_word' id='word_1_776' title='bbox 2121 5313 2412 5402; x_wconf 54' lang='grc' dir='ltr'><strong>,ξρδαρέθ</strong></span> <span class='ocrx_word' id='word_1_777' title='bbox 2435 5312 3046 5402; x_wconf 45' lang='grc' dir='ltr'><strong>,κῗεοειιὶ¹1ν,,εἷφ⁶ξξ²⁶ς;</strong></span> 
     </span>
    </p>
   </div>
   <div class='ocr_carea' id='block_1_104' title="bbox 1999 5379 3072 5454">
    <p class='ocr_par' dir='ltr' id='par_1_104' title="bbox 1999 5379 3072 5454">
     <span class='ocr_line' id='line_1_104' title="bbox 1999 5379 3072 5454; baseline 0.001 -17"><span class='ocrx_word' id='word_1_778' title='bbox 1999 5379 2086 5454; x_wconf 83' lang='grc'>59)</span> <span class='ocrx_word' id='word_1_779' title='bbox 2121 5379 2490 5454; x_wconf 59' lang='grc' dir='ltr'>Ἔάυτοῦ.-Ιιι</span> <span class='ocrx_word' id='word_1_780' title='bbox 2514 5379 2856 5454; x_wconf 81' lang='lat' dir='ltr'><strong>quibusdam,</strong></span> <span class='ocrx_word' id='word_1_781' title='bbox 2883 5379 3072 5439; x_wconf 74' lang='grc' dir='ltr'>αὐτοῦ.</span> 
     </span>
    </p>
   </div>
   <div class='ocr_carea' id='block_1_105' title="bbox 1972 5450 2913 5525">
    <p class='ocr_par' dir='ltr' id='par_1_105' title="bbox 1972 5450 2913 5525">
     <span class='ocr_line' id='line_1_105' title="bbox 1972 5450 2913 5525; baseline 0.001 -19"><span class='ocrx_word' id='word_1_782' title='bbox 2105 5453 2361 5525; x_wconf 55' lang='grc' dir='ltr'><strong>Πυξείων.</strong></span> <span class='ocrx_word' id='word_1_783' title='bbox 2396 5451 2531 5525; x_wconf 80' lang='lat' dir='ltr'><strong>Reg.</strong></span> <span class='ocrx_word' id='word_1_784' title='bbox 2558 5467 2613 5525; x_wconf 81' lang='lat' dir='ltr'><strong>a,</strong></span> <span class='ocrx_word' id='word_1_785' title='bbox 2642 5450 2913 5525; x_wconf 88' lang='grc' dir='ltr'>πλεῖστον.</span> 
     </span>
    </p>
   </div>
   <div class='ocr_carea' id='block_1_106' title="bbox 1996 5521 3174 5593">
    <p class='ocr_par' dir='ltr' id='par_1_106' title="bbox 1996 5521 3174 5593">
     <span class='ocr_line' id='line_1_106' title="bbox 1996 5521 3174 5593; baseline -0.001 -15"><span class='ocrx_word' id='word_1_786' title='bbox 1996 5521 2085 5590; x_wconf 74' lang='grc'><strong>61)</strong></span> <span class='ocrx_word' id='word_1_787' title='bbox 2112 5521 2194 5592; x_wconf 75' lang='grc' dir='ltr'><strong><em>Τῇ</em></strong></span> <span class='ocrx_word' id='word_1_788' title='bbox 2218 5523 2571 5593; x_wconf 79' lang='grc' dir='ltr'>χειροτονίᾳ.</span> <span class='ocrx_word' id='word_1_789' title='bbox 2595 5524 2754 5577; x_wconf 88' lang='lat' dir='ltr'><strong>Deest</strong></span> <span class='ocrx_word' id='word_1_790' title='bbox 2784 5525 2859 5593; x_wconf 74' lang='grc' dir='ltr'>τῇ</span> <span class='ocrx_word' id='word_1_791' title='bbox 2884 5524 2936 5577; x_wconf 92' lang='lat' dir='ltr'><strong>in</strong></span> <span class='ocrx_word' id='word_1_792' title='bbox 2961 5523 3091 5593; x_wconf 75' lang='lat' dir='ltr'><strong>Reg.</strong></span> <span class='ocrx_word' id='word_1_793' title='bbox 3122 5538 3174 5577; x_wconf 88' lang='lat' dir='ltr'><strong>a.</strong></span> 
     </span>
    </p>
   </div>
   <div class='ocr_carea' id='block_1_107' title="bbox 1971 5526 3474 5666">
    <p class='ocr_par' dir='ltr' id='par_1_107' title="bbox 1971 5526 3474 5666">
     <span class='ocr_line' id='line_1_107' title="bbox 1996 5526 3174 5593; baseline -0.001 -15"><span class='ocrx_word' id='word_1_794' title='bbox 1996 5526 2085 5590; x_wconf 74' lang='grc'><strong>61)</strong></span> <span class='ocrx_word' id='word_1_795' title='bbox 2112 5526 2194 5592; x_wconf 76' lang='grc' dir='ltr'><strong><em>Τῇ</em></strong></span> <span class='ocrx_word' id='word_1_796' title='bbox 2218 5526 2571 5593; x_wconf 79' lang='grc' dir='ltr'>χειροτονίᾳ.</span> <span class='ocrx_word' id='word_1_797' title='bbox 2595 5526 2754 5577; x_wconf 89' lang='lat' dir='ltr'><strong>Deest</strong></span> <span class='ocrx_word' id='word_1_798' title='bbox 2784 5526 2859 5593; x_wconf 74' lang='grc' dir='ltr'>τῇ</span> <span class='ocrx_word' id='word_1_799' title='bbox 2884 5526 2936 5577; x_wconf 92' lang='lat' dir='ltr'><strong>in</strong></span> <span class='ocrx_word' id='word_1_800' title='bbox 2961 5526 3091 5593; x_wconf 76' lang='lat' dir='ltr'><strong>Reg.</strong></span> <span class='ocrx_word' id='word_1_801' title='bbox 3122 5538 3174 5577; x_wconf 88' lang='lat' dir='ltr'><strong>a.</strong></span> 
     </span>
     <span class='ocr_line' id='line_1_108' title="bbox 1971 5526 3474 5666; baseline 0.004 -19"><span class='ocrx_word' id='word_1_802' title='bbox 1971 5526 2085 5666; x_wconf 59' lang='grc'>(62)</span> <span class='ocrx_word' id='word_1_803' title='bbox 2109 5593 2622 5653; x_wconf 68' lang='grc' dir='ltr'>Καταλελύκασιν.</span> <span class='ocrx_word' id='word_1_804' title='bbox 2688 5593 2745 5650; x_wconf 87' lang='lat' dir='ltr'><strong>lu</strong></span> <span class='ocrx_word' id='word_1_805' title='bbox 2775 5593 3063 5662; x_wconf 87' lang='lat' dir='ltr'><strong>nonnullis,</strong></span> <span class='ocrx_word' id='word_1_806' title='bbox 3120 5590 3474 5653; x_wconf 71' lang='grc' dir='ltr'>καταλελύκεο</span> 
     </span>
    </p>
   </div>
   <div class='ocr_carea' id='block_1_108' title="bbox 316 5656 1999 5735">
    <p class='ocr_par' dir='ltr' id='par_1_108' title="bbox 316 5656 1999 5735">
     <span class='ocr_line' id='line_1_109' title="bbox 316 5656 1999 5735; baseline 0.005 -24"><span class='ocrx_word' id='word_1_807' title='bbox 316 5656 582 5735; x_wconf 75' lang='lat' dir='ltr'><strong>§t)11_spt</strong></span> <span class='ocrx_word' id='word_1_808' title='bbox 621 5659 695 5735; x_wconf 66' lang='grc' dir='ltr'>τὰ</span> <span class='ocrx_word' id='word_1_809' title='bbox 732 5656 999 5735; x_wconf 67' lang='grc' dir='ltr'>τοιαῦτα.</span> <span class='ocrx_word' id='word_1_810' title='bbox 1041 5660 1130 5718; x_wconf 90' lang='lat' dir='ltr'><strong>Sic</strong></span> <span class='ocrx_word' id='word_1_811' title='bbox 1175 5672 1381 5733; x_wconf 83' lang='lat' dir='ltr'><strong>septem</strong></span> <span class='ocrx_word' id='word_1_812' title='bbox 1417 5660 1609 5735; x_wconf 78' lang='lat' dir='ltr'><strong>Regg.,</strong></span> <span class='ocrx_word' id='word_1_813' title='bbox 1637 5661 1731 5719; x_wconf 92' lang='lat' dir='ltr'><strong>Or.</strong></span> <span class='ocrx_word' id='word_1_814' title='bbox 1763 5662 1799 5716; x_wconf 73' lang='grc'>2</span> <span class='ocrx_word' id='word_1_815' title='bbox 1901 5656 1999 5720; x_wconf 73' lang='grc' dir='ltr'><strong>σαν</strong></span> 
     </span>
    </p>
   </div>
   <div class='ocr_carea' id='block_1_109' title="bbox 220 5727 1076 5802">
    <p class='ocr_par' dir='ltr' id='par_1_109' title="bbox 220 5727 1076 5802">
     <span class='ocr_line' id='line_1_110' title="bbox 220 5727 1076 5802; baseline -0.001 -17"><span class='ocrx_word' id='word_1_816' title='bbox 220 5736 277 5785; x_wconf 87' lang='lat' dir='ltr'><strong>et</strong></span> <span class='ocrx_word' id='word_1_817' title='bbox 305 5727 461 5786; x_wconf 83' lang='lat' dir='ltr'><strong>Pass.</strong></span> <span class='ocrx_word' id='word_1_818' title='bbox 491 5727 549 5785; x_wconf 86' lang='lat' dir='ltr'><strong>lit</strong></span> <span class='ocrx_word' id='word_1_819' title='bbox 577 5733 689 5798; x_wconf 86' lang='lat' dir='ltr'><strong>ed.,</strong></span> <span class='ocrx_word' id='word_1_820' title='bbox 719 5731 848 5802; x_wconf 74' lang='grc' dir='ltr'>περὶ</span> <span class='ocrx_word' id='word_1_821' title='bbox 884 5730 1076 5790; x_wconf 76' lang='grc' dir='ltr'>ταῦτα.</span> 
     </span>
    </p>
   </div>
  </div>
