3898 6222
328 296 442 355 573

1148 303 1412 361 ORATIO
1448 303 1636 360 Xhﬂl.
1674 335 1744 345 —
1779 305 1851 361 IN
1888 305 2173 362 LAUDEM
2217 305 2465 363 BASlLll
2506 306 2742 363 MAGNI.

3482 310 3592 369 574

330 416 572 481 κνὼσας.
603 415 677 485 EE
711 411 771 474 ὄυ
796 416 848 471 τί
862 417 1113 491 γίνεταιε
1143 421 1282 495 Τρία
1307 420 1377 475 τᾶ
1400 421 1661 475 κάλλιστα
1683 440 1698 455 ο
1722 421 1912 494 ψυχῶν

2024 427 2388 483 calamitatem
2429 440 2591 497 quam
2640 422 3000 495 pulcherrime
3053 422 3354 490 constituit,
3411 429 3588 495 patris

332 505 627 578 ἐπιμέλεια
660 507 882 562 πλείων.
938 526 1035 564 και
1070 508 1133 565 τὸ
1164 509 1320 565 πόλιν
1347 512 1584 584 ἐκάστην
1611 510 1682 565 τὰ
1715 513 1915 582 ἑαυτῆς

332 597 505 670 ἔχειν.
533 599 703 654 καὶτὸ
725 600 949 672 λυθῆναι
972 601 1148 677 ταύτῃ
1175 603 1267 658 τὸν
1286 604 1543 675 πόλεμον.
1575 605 1791 676 Ταύτης
1812 604 1914 675 τῆς

331 690 579 757 ἐπινοίας
608 691 841 758 δέδοικα,
871 692 948 765 μὴ
981 694 1075 748 καὶ
1113 694 1277 758 αὐτὸς
1313 695 1580 766 ἐγενόμην
1612 695 1911 767 πάρεργον.

335 784 410 839 Ἦ
437 786 539 838 οὐκ
560 779 659 837 οἷδ’
690 785 719 838 ὂ
740 801 794 838 τι
822 786 917 839 καὶ
937 787 1111 839 εἰπεῖν
1139 787 1405 858 εὐτρεπὲς
1434 787 1547 859 (78)
1582 787 1912 858 χρή.Πάντα

331 877 449 949 γὰρ
471 875 567 930 τοῦ
620 876 811 948 ἀνδρὸς
865 877 1182 950 θαυμάζων,
1213 877 1474 950 οὐμενοῦν
1509 879 1703 932 ὁπόσον
1737 880 1911 933 είπεῖν

329 969 584 1034 δυνατὸν,
622 969 682 1023 ἓν
707 969 866 1024 τοῦτο
890 970 1132 1025 ἐπαινεῖν
1155 970 1256 1024 οὐκ
1289 969 1398 1041 ἔχω
1424 971 1540 1035 (καὶ
1564 970 1673 1041 γὰρ
1721 970 1912 1040 ὁμολο-

328 1063 492 1134 γήσω
535 1061 598 1115 τὺ
629 1060 842 1132 πάθος),
873 1061 993 1115 οὐδὲ
1023 1060 1197 1125 ἄλλως
1227 1063 1340 1125 τοῖς
1371 1061 1584 1124 πολλοῖς
1616 1060 1914 1131 ἀγνοούμε-

329 1170 446 1216 νον,
484 1154 585 1225 τὴν
629 1152 759 1223 περὶ
798 1154 946 1224 ἡμᾶς
975 1153 1326 1224 καινοτομίαν
1358 1154 1451 1206 καὶ
1484 1152 1740 1206 ἀπιστίαν
1773 1151 1908 1221 (79),

327 1238 401 1316 ἧς
426 1243 545 1297 οὐδὲ
572 1245 601 1297 ό
628 1243 819 1316 χρόνος
848 1242 945 1313 τὴν
985 1242 1163 1315 λύπην
1187 1242 1485 1297 ἀνάλωσεν.
1528 1243 1764 1297 Ἐκεῖθεν
1800 1244 1910 1313 γάρ

333 1350 428 1406 μοι
467 1333 618 1387 πᾶσα
669 1333 968 1387 συνέπεσεν
1008 1334 1048 1404 ή
1081 1331 1210 1402 περὶ
1236 1332 1327 1385 τὸν
1357 1332 1471 1403 βίον
1504 1332 1787 1403 ἀνωμαλία
1816 1335 1910 1386 καὶ

331 1423 619 1494 σύγχυσις,
647 1423 742 1478 καὶ
770 1423 832 1478 τὸ
860 1424 1169 1495 φιλοσοφεῖν
1195 1422 1269 1495 μὴ
1297 1424 1613 1495 δυνηθῆναι,
1644 1426 1675 1495 ἢ
1716 1425 1793 1496 μὴ
1827 1442 1912 1478 νο-

331 1512 610 1586 μίζεσθαι,
658 1515 705 1566 εί
734 1515 829 1568 καὶ
877 1514 1083 1586 βραχὺς
1111 1513 1205 1568 τοῦ
1241 1514 1495 1584 δευτέρου
1530 1513 1688 1583 λόγος
1712 1534 1726 1547 ο
1773 1516 1910 1587 πλὴν

326 1605 385 1659 et
405 1623 491 1668 τις
537 1607 713 1659 ἐκεῖνο
759 1604 969 1672 δέξαιτο
987 1648 1001 1671 ,
1051 1604 1211 1676 ἡμῶν
1238 1605 1332 1658 τοῦ
1360 1605 1551 1677 ἀνδρὸς
1578 1606 1912 1678 ὑπεραπολο-

326 1696 636 1767 γουμένων,
694 1695 776 1750 ὅτι
814 1693 984 1765 μείζω
1032 1693 1281 1765 φρονῶν,
1320 1694 1352 1765 ἦ
1399 1694 1542 1748 κατά
1579 1693 1645 1747 τὰ
1694 1693 1908 1764 ἀνθρὼ-

2018 519 2272 573 nimirum
2330 518 2575 588 pluribus
2628 513 2895 585 episcopis
2941 514 3292 570 commuuita.
3353 514 3432 571 Ex
3479 531 3590 589 quo

2017 620 2126 665 tres
2142 608 2569 679 praeclarissima:
2595 619 2684 660 res
2717 611 2918 660 secuta:
2947 612 3095 659 sunt.
3135 602 3272 659 Nam
3306 613 3361 660 et
3383 607 3590 663 anima-

2013 715 2132 755 rum
2164 714 2294 753 cura
2321 697 2490 766 major
2550 705 2799 765 suscepta
2840 704 2924 748 est
2955 712 2968 749 :
2995 704 3051 748 et
3097 694 3350 764 quaelibet
3398 696 3589 754 civitas

2013 798 2305 860 proventus
2351 802 2478 843 suos
2529 786 2719 842 habuit
2773 803 2788 841 :
2847 793 2903 839 et
2951 785 3152 840 bellum
3210 785 3312 840 hac
3372 787 3586 843 ratione

2019 893 2388 946 compressum
2420 886 2473 930 et
2491 876 2816 929 exstinctum
2839 882 2942 929 est.
2964 873 3132 940 Hujus
3158 874 3368 930 consilii
3397 890 3590 933 vereor

2016 985 2083 1025 ne
2138 966 2287 1023 velut
2344 967 2620 1036 appendix.
2669 966 2911 1034 qumdam
2966 965 3082 1031 ipse
3133 964 3349 1020 fuerim.
3404 965 3592 1037 Neque

2013 1062 2156 1115 enim
2191 1058 2471 1114 honestius
2500 1072 2565 1113 ac
2597 1057 2893 1126 speciosius
2926 1058 3175 1123 verbum,
3197 1072 3305 1126 quo
3327 1066 3468 1122 utar,
3493 1073 3590 1114 oc-

2011 1153 2203 1210 currit.
2231 1150 2363 1205 Nam
2388 1166 2510 1204 cum
2541 1161 2735 1204 caetera
2763 1148 2945 1203 omnia
2971 1147 3129 1215 hujus
3160 1149 3259 1202 viri
3304 1148 3468 1214 facta,
3497 1164 3592 1205 su-

2014 1259 2109 1314 pra
2134 1257 2294 1312 quam
2358 1241 2460 1295 dici
2511 1248 2696 1309 queat,
2729 1238 2983 1303 admirer,
3015 1253 3178 1292 unum
3226 1237 3328 1293 hoc
3369 1239 3593 1296 laudaro

2014 1346 2223 1401 nequeo
2254 1329 2514 1391 (dolorem
2547 1329 2691 1383 enim
2742 1326 3057 1392 confitebor,
3100 1327 3296 1396 alioqui
3328 1343 3430 1385 nec
3451 1329 3593 1385 mul-

2015 1423 2084 1477 tis
2135 1421 2510 1491 incognitum),
2565 1434 2684 1473 eam
2741 1418 3202 1488 nimirum,quam
3237 1421 3290 1474 iu
3316 1436 3415 1476 nos
3436 1422 3590 1477 adhi-

2013 1513 2147 1578 buit,
2176 1512 2521 1566 novationem
2575 1525 2639 1564 ac
2686 1509 2991 1578 perfidiam.
3027 1511 3177 1578 cujus
3215 1527 3499 1569 mt'erorem
3523 1528 3591 1570 ne

2016 1614 2226 1669 tempus
2270 1604 2485 1671 quidem
2537 1602 2713 1655 adhuc
2749 1600 3038 1655 exhaurire
3072 1603 3264 1670 potuit.
3293 1603 3426 1658 Hinc
3446 1606 3590 1660 enim

2014 1696 2145 1750 mihi
2172 1696 2348 1751 omnis
2366 1696 2487 1748 vitae
2511 1693 2869 1748 inconstantia
2891 1703 2946 1746 et
2969 1694 3303 1761 perturbatio
3328 1697 3586 1760 manavit,

328 1803 465 1841 πινα
499 1787 634 1856 (80),
666 1785 889 1841 καὶτῶν
919 1785 1130 1839 ἐνθένδε
1153 1785 1283 1857 πρὶν
1312 1784 1615 1839 ἀποϐιῶναι
1673 1802 1910 1856 μετανα-

2022 1790 2268 1859 quodque
2295 1786 2663 1857 phil050phari
2709 1783 2881 1855 815
2921 1783 3274 1853 nequiverim,
3305 1794 3400 1839 aut
3442 1798 3592 1841 certe

328 1877 486 1941 στὰς,
519 1877 696 1932 πάντα
729 1873 966 1931 ἐποῦεῖτο
992 1876 1085 1930 τοῦ
1111 1875 1427 1948 Πνεῦματος
1447 1895 1461 1919 τ
1494 1878 1587 1933 καὶ
1616 1877 1795 1947 φιλίαν
1822 1878 1905 1931 αι-

324 1969 537 2031 δεῖσθαι
576 1969 755 2034 εἰδὼς,
787 1968 1020 2023 ἐνταῦθα
1062 1970 1220 2040 μόνον
1248 1966 1539 2040 ἠτίμαζεν,
1565 1964 1626 2024 οὗ
1647 1970 1779 2024 Θεὸν
1803 1970 1911 2025 ἔδει

325 2062 773 2134 προτιμηθῆναι,
823 2061 919 2115 καὶ
969 2059 1154 2115 πλεῖον
1193 2060 1305 2135 (81)
1354 2061 1496 2133 ἐχειν
1553 2060 1663 2116 τῶν
1716 2062 1914 2135 λυομέ-

325 2174 439 2212 νων
467 2156 578 2229 (82)
605 2156 677 2211 τὰ
711 2156 1063 2230 ἐλπιζόμενα.

2010 1895 2117 1935 non
2143 1880 2439 1947 existimer,
2467 1878 2678 1933 tametsi
2706 1878 2773 1932 de
2800 1875 3082 1943 posteriori
3126 1891 3231 1931 non
3260 1892 3591 1947 magnopere

2010 1968 2290 2038 laborem;
2328 1971 2429 2024 nisi
2469 1971 2594 2039 quis
2629 1979 2805 2022 tamen
2852 1966 3006 2022 boca
3042 1982 3129 2022 me
3162 1982 3260 2037 pro
3292 1967 3434 2023 illius
3463 1984 3591 2039 apo-

2010 2061 2150 2131 logia
2204 2061 2453 2131 accipiat,
2488 2061 2630 2130 quod
2671 2059 3007 2124 sublimiora,
3031 2073 3192 2127 quam
3231 2073 3330 2128 pro
3356 2059 3589 2115 hominis

2009 2154 2340 2220 conditione,
2377 2154 2638 2220 sentiens,
2690 2163 2852 2223 atque
2877 2153 3024 2219 hinc,
3060 2153 3211 2220 prius
3229 2152 3393 2206 etiam
3420 2168 3586 2223 quam

325 2246 442 2300 vita
471 2247 778 2313 excederet,
803 2249 1100 2319 digressus,
1122 2250 1303 2304 omnia
1358 2250 1423 2305 ad
1452 2250 1711 2320 Spiritum
1773 2247 2077 2316 referebat;
2122 2258 2286 2320 atque
2328 2249 2579 2303 amicitize
2610 2247 2809 2313 uﬂicia,
2841 2260 2961 2316 qua:
3010 2246 3211 2313 alioqui
3264 2258 3448 2301 sancte
3503 2262 3590 2303 co-

327 2334 499 2404 lebat,
535 2336 625 2391 hie
655 2337 827 2392 solum
865 2337 1277 2407 aspernabatur,
1302 2339 1391 2394 ubi
1417 2340 1584 2395 Deum
1620 2340 1897 2409 anteponi,
1939 2350 2100 2412 atque
2122 2354 2211 2395 res
2255 2338 2310 2394 in
2345 2353 2442 2409 spe
2497 2340 2725 2409 positas,
2791 2351 2955 2407 quam
2987 2336 3208 2408 fragiles
3245 2349 3300 2395 et
3331 2342 3588 2407 caducas,

326 2430 504 2500 pluris
527 2429 709 2487 facere
728 2433 1031 2500 Oportebat.

397 2540 474 2596 Ξ¹.
502 2541 725 2598 Δέδοικα
757 2545 857 2616 μὲν
894 2542 1007 2612 οὖν,
1059 2547 1135 2621 μὴ
1170 2547 1442 2622 ῥᾳθυμίας
1473 2549 1730 2622 ἔγκλημα
1780 2549 1913 2620 φεύ-

324 2647 465 2700 γων,
494 2633 645 2706 παρὰ
677 2638 790 2707 τοῖς
812 2637 882 2691 τὰ
910 2639 1119 2695 ἐκείνου
1145 2640 1323 2698 πάντα
1351 2639 1720 2711 ἐπιζητοῦσιν,
1746 2640 1912 2712 ἀπλη-

328 2723 487 2788 στίας
515 2727 799 2796 περιπέσω
822 2732 1029 2800 γραφῇ,
1069 2731 1220 2802 παρά
1247 2734 1360 2795 τοῖς
1416 2731 1698 2786 ἐπαινοῦσι
1721 2732 1782 2784 τὸ
1816 2732 1913 2803 μέ-

325 2832 501 2887 τριον,
526 2816 556 2869 ὃ
590 2818 726 2889 μηδὲ
754 2821 958 2884 ἐκεῖνος
990 2821 1247 2893 ἠτίμαζε,
1295 2821 1365 2876 Τὸ
1391 2820 1516 2885 πᾶν
1541 2822 1763 2891 μέτρον
1791 2822 1906 2892 (85)

2048 2540 2196 2627 .LX.
2232 2541 2493 2613 Equidem
2526 2543 2657 2598 mihi
2681 2544 2969 2599 verendum
2994 2560 3117 2602 esse
3144 2546 3320 2612 video,
3348 2560 3416 2601 ne
3460 2546 3586 2601 dum

2008 2639 2149 2706 apud
2173 2649 2288 2701 eos,
2312 2636 2405 2706 qui
2430 2649 2620 2690 omnes
2666 2633 2808 2690 illius
2855 2635 3041 2690 laudes
3090 2637 3391 2705 requirunt,
3421 2636 3591 2705 negli-

2008 2729 2203 2799 gentia:
2234 2727 2444 2799 culpam
2475 2728 2651 2782 vitare
2673 2727 2851 2798 cupio,
2885 2728 2936 2782 in
2964 2728 3265 2784 immodica:
3300 2729 3584 2799 prolixita-

2011 2822 2080 2877 tis
2128 2820 2335 2877 crimen
2385 2821 2523 2890 apud
2576 2834 2670 2875 eos
2714 2820 2970 2885 incidam,
3019 2821 3109 2890 qui
3163 2821 3587 2876 mediocritatem

328 2908 602 2977 ἆριστον,
639 2913 696 2965 ἐν
725 2914 838 2975 τοῖς
866 2914 1101 2983 μάλιστα
1132 2915 1391 2981 ἐπαινῶν,
1422 2916 1517 2975 καὶ⁹
1543 2917 1694 2988 παρὰ
1734 2917 1909 2977 πάντα

2022 2913 2251 2977 laudant,
2296 2928 2457 2983 quam
2507 2928 2610 2968 nec
2662 2913 2751 2968 ille
2818 2914 3222 2979 contemnebat,
3254 2925 3438 2979 utpote
3494 2917 3586 2985 qui

325 2997 423 3052 τὸν
455 2999 650 3054 ἑαυτοῦ
678 3000 790 3072 βίον
819 3001 1279 3075 φυλάξας.”ομως
1306 3004 1363 3057 δέ
1385 3005 1727 3077 ἀμφοτέρους
1755 3021 1910 3076 περι-

2022 3004 2333 3058 sententiam
2388 3004 2547 3071 hanc,
2588 3002 2779 3058 Modus
2806 3004 2977 3058 omnis
3023 3006 3272 3074 optimus,
3313 3007 3366 3060 in
3399 3006 3592 3076 primis

329 3091 569 3163 φρονῶν,
630 3092 756 3156 τούς
815 3111 877 3148 τε
930 3092 1048 3147 λίαν
1100 3097 1417 3167 συντόμους,
1473 3097 1566 3150 καὶ
1608 3098 1735 3160 τοὺς
1767 3098 1935 3165 ἀγανι

2022 3095 2329 3159 mudaverit,
2363 3109 2427 3149 ac
2452 3110 2548 3165 per
2576 3109 2792 3149 omnem
2822 3096 2944 3151 vita:
2985 3111 3202 3151 cursum
3263 3098 3587 3154 observave-

328 3181 665 3255 ᾁπλήστους,
697 3183 793 3237 ὡδί
846 3202 958 3249 πως
982 3184 1062 3257 τῷ
1087 3185 1231 3256 λόγῳ
1272 3190 1567 3265 χρήσομαι.
1594 3188 1778 3241 Ἀλλοι
1808 3188 1908 3259 μὲν

2022 3185 2103 3241 ι·ἰι.
2158 3184 2267 3255 Ego
2316 3195 2519 3247 tamen,
2556 3185 2799 3255 utrisque
2837 3187 3139 3256 perpensis,
3176 3202 3369 3259 nempe
3395 3198 3452 3244 et
3496 3189 3587 3256 iis,

326 3269 424 3326 οὖν
448 3272 576 3328 ἄλλο
608 3292 660 3328 τι
710 3275 1088 3347 κατορθοῦσιν,
1118 3278 1166 3344 oi
1211 3277 1269 3330 δέ
1304 3295 1426 3331 τινα
1450 3279 1559 3335 τῶν
1587 3279 1686 3349 τῆς
1708 3281 1910 3352 ἀρετῆς

2022 3277 2098 3346 ιιιί
2129 3278 2409 3333 brevitatis
2442 3276 2695 3331 nimirum
2721 3278 2947 3335 studiosi
2980 3288 3124 3341 sunt,
3157 3279 3319 3344 etiis,
3344 3281 3437 3351 qui
3467 3281 3589 3335 nul-

329 3365 490 3419 εἱδῶν
517 3365 686 3420 ὄντων
714 3366 975 3422 πλειόνων
994 3386 1008 3400 ·
1038 3367 1253 3423 ἅπαντα
1271 3369 1326 3422 δέ
1348 3368 1522 3433 οὐδεὶς
1547 3370 1750 3440 ἐπῆλθε
1774 3370 1910 3442 πρὸς

2022 3370 2059 3424 la
2088 3372 2337 3424 oratione
2366 3368 2600 3425 saturari
2628 3381 2874 3440 possunt,
2905 3371 3048 3426 hunc
3077 3371 3192 3426 fere
3224 3373 3436 3428 dicendi
3467 3390 3585 3430 mo-

327 3457 394 3511 τὸ
430 3457 751 3530 ἀκρότατον,
780 3458 976 3520 οὔκουν
1005 3459 1111 3513 τῶν
1155 3460 1249 3514 νῦν
1296 3462 1425 3532 ἡμῖν
1455 3461 1872 3532 γινωσκομένων
1891 3478 1905 3493 ο

2022 3462 2397 3517 dum'tenebo.
2424 3462 2527 3516 Alii
2580 3464 2686 3518 alio
2744 3464 2980 3533 quodam
3025 3464 3237 3518 virtutis
3266 3463 3441 3520 oﬂicio
3465 3465 3588 3521 fun-

328 3550 448 3604 ἀλλ⁹
481 3545 635 3623 οὗτος
654 3551 873 3623 ἄριστος
912 3553 1067 3623 ἡμῖν,
1083 3551 1143 3616 ὃς
1165 3550 1231 3606 ἂν
1254 3552 1322 3606 τὰ
1341 3551 1509 3618 πλείω
1532 3553 1774 3625 τυγχάνῃ
1797 3552 1908 3623 (84)

2022 3562 2228 3623 guntur.
2259 3551 2514 3607 Nonnulli
2540 3554 2705 3608 etiam
2729 3568 2793 3609 ex
2824 3553 3066 3623 pluribus
3111 3555 3324 3610 virtutis
3372 3557 3590 3626 generi-

330 3642 739 3714 κατωρθωκὼς,
772 3643 805 3715 ἦ
830 3642 888 3713 ἐν
917 3645 998 3697 ὅτι
1032 3643 1284 3714 μάλιστα.
1326 3645 1386 3697 Ὀ
1415 3644 1473 3707 δὲ
1504 3643 1645 3698 οὕτω
1672 3644 1758 3698 διὰ
1782 3644 1913 3698 πάν-

331 3751 444 3788 των
498 3735 748 3803 ἀφίκετο,
775 3735 854 3800 ὡς
906 3731 1048 3791 εἶναι
1088 3735 1370 3806 φιλοτιμία
1394 3752 1478 3799 τις
1499 3735 1731 3805 φύσεως.
1772 3738 1910 3795 Σκο-

333 3828 530 3896 πῶμεν
559 3827 619 3881 δὲ
667 3827 871 3892 οὕτως·
918 3827 1211 3897 Ἀκτησίαν
1261 3827 1346 3891 τίς
1401 3828 1632 3897 ἐπαινεῖ,
1662 3830 1757 3882 καὶ
1797 3828 1911 3899 βίον

331 3920 569 3976 ἄσκευον
600 3918 742 3990 (85),
789 3919 885 3972 καὶ
912 3917 1236 3990 arrepta-sev;
1279 3917 1500 3989 Ἔκείνῳ
1548 3919 1626 3984 δὲ,
1672 3918 1722 3973 τί
1782 3937 1913 3991 ποτε

331 4005 403 4083 ἦν
428 4008 564 4080 (86),
596 4007 739 4081 πλὴν
766 4007 862 4062 τοῦ
898 4006 1170 4079 σώματος,
1202 4007 1295 4071 καὶ
1327 4006 1437 4065 τῶν
1468 4009 1779 4078 ἀναγκαίων
1810 4009 1913 4082 τῆς

334 4104 540 4175 σαρκὸς
565 4100 941 4174 καλυμμάτων
960 4118 975 4167 ;
1007 4100 1245 4165 Πλοῦτος
1266 4102 1343 4166 δὲ,
1365 4103 1427 4157 τὸ
1446 4102 1612 4177 μηδὲν
1639 4102 1801 4173 ἔχειν,
1819 4092 1913 4156 καὶ

330 4194 363 4248 ό
387 4193 639 4265 σταυρὸς,
667 4187 713 4262 ᾧ
739 4192 937 4266 συνέζῃ
962 4193 1125 4265 μόνῳ,
1152 4191 1211 4247 ὃν
1236 4193 1445 4247 πολλῶν
1478 4196 1774 4273 χρημάτων
1801 4193 1917 4248 ἐνό-

2010 3646 2111 3701 bus
2172 3643 2418 3714 quaedam
2481 3654 2860 3715 assequuntur.
2918 3644 3088 3700 Nemo
3124 3655 3305 3702 autem
3340 3656 3446 3712 est,
3493 3648 3586 3719 qui

2010 3750 2109 3805 per
2130 3736 2310 3791 omnia
2339 3735 2407 3790 ad
2434 3750 2703 3791 summum
2749 3751 2918 3808 usque
2962 3748 3243 3808 grassatus
3283 3740 3376 3807 sit,
3403 3754 3590 3795 eorum

2016 3828 2236 3899 quidem
2293 3836 2470 3895 certe,
2527 3827 2620 3897 qui
2689 3828 2842 3883 nobis
2900 3828 3018 3883 noti
3094 3839 3243 3885 sunt.
3293 3828 3495 3885 Verum
3542 3830 3592 3887 is

2014 3921 2153 3991 apud
2191 3935 2290 3975 nos
2335 3920 2817 3991 praestantissimus
2853 3928 2957 3987 est,
2982 3920 3097 3990 qui,
3124 3920 3206 3975 vel
3250 3921 3591 3992 quampluri-

2013 4028 2099 4069 ma
2130 4013 2461 4083 praestiterit,
2486 4013 2571 4067 vel
2598 4028 2763 4067 unum
2790 4027 2955 4083 quam
3000 4014 3232 4068 maxime
3254 4022 3308 4069 et
3329 4024 3593 4083 praestan-

2015 4102 2245 4164 tissime.
2275 4102 2347 4157 At
2394 4101 2625 4169 Basilius
2657 4102 2730 4156 ita
2769 4102 2950 4156 omnia
2995 4103 3322 4172 peragravit,
3354 4114 3411 4157 ut
3449 4103 3501 4157 in
3524 4118 3593 4159 eo

2013 4193 2198 4264 gloriae
2249 4194 2551 4261 materiam,
2576 4192 2896 4263 quaesivisse
2959 4203 3153 4247 natura
3213 4192 3480 4249 videatur.
3534 4194 3591 4251 Id

336 4285 495 4357 μιζεν
525 4283 706 4355 ἐαυτῷ
736 4283 1085 4358 τιμιώτερον.
1118 4285 1369 4341 Ἀπαντα
1417 4285 1515 4357 μὲν
1543 4286 1653 4357 γὰρ
1677 4286 1785 4338 οὐδ’
1822 4285 1911 4352 ἂν,

2022 4293 2192 4339 autem
2225 4285 2305 4341 sic
2347 4284 2763 4356 perspiciamus.
2808 4283 3016 4339 Laudat
3058 4284 3326 4355 quispiam
3368 4301 3589 4357 posses-

331 4378 383 4430 εἰ
439 4375 683 4447 βούλοιτό
710 4393 815 4442 τις,
848 4375 1075 4429 δυνατὸν
1122 4372 1261 4429 εἶναι
1309 4375 1650 4447 κτήσασθαι·
1694 4378 1912 4445 πάντων

2022 4377 2227 4441 sionum
2256 4377 2561 4448 penuriam,
2596 4376 2872 4446 vitamque
2904 4374 3253 4445 supellectilis
3288 4387 3588 4446 expertem,

329 4471 391 4526 δέ
416 4444 616 4525 εἰδέναι
646 4469 1030 4541 καταφρονεῖν,
1065 4468 1162 4523 καὶ
1187 4466 1332 4521 οὕτω
1376 4444 1608 4539 κρείττω
1632 4468 1741 4521 τῶν
1773 4469 1912 4527 πάν-

2022 4477 2070 4524 ει
2098 4444 2515 4538 supervacaneis
2540 4467 2702 4522 rebus
2740 4444 3007 4521 vacuam?
3043 4466 3123 4520 llli
3148 4480 3277 4523 vero
3328 4444 3455 4537 quid
3485 4444 3589 4523 un;

329 4580 444 4617 των
474 4560 785 4632 φαίνεσθαι.
818 4559 975 4614 Οὕτω
1005 4558 1062 4613 δὲ
1086 4559 1410 4631 διανοηθεὶς,
1431 4560 1525 4613 καὶ
1549 4557 1722 4623 οὕτως
1749 4557 1908 4630 ἔχων,

2022 4575 2178 4630 quam
2203 4558 2323 4626 fuit,
2350 4568 2545 4627 praeter
2560 4574 2779 4629 corpus,
2805 4573 2868 4613 ac
2895 4559 3205 4615 necessaria
3236 4560 3416 4616 carnis
3447 4560 3591 4617 inte-

335 4653 524 4726 βωμοῦ
575 4653 675 4725 μὲν
707 4654 809 4706 οὐκ
860 4651 1079 4724 ἐδεήθη,
1132 4650 1226 4707 καὶ
1268 4651 1368 4722 τῆς
1394 4651 1555 4721 κενῆς
1581 4650 1759 4721 δόξης,
1789 4651 1911 4704 οὐδὲ

2022 4653 2312 4724 gumenta?
2350 4652 2561 4708 Divitim
2588 4662 2768 4706 autem
2810 4651 2885 4706 illi
2924 4661 3081 4706 erant
3111 4652 3246 4706 nihil
3287 4652 3509 4718 habere,
3533 4661 3591 4709 et

330 4744 597 4818 δημοσίου
647 4743 1007 4818 κηρύγματος
1053 4742 1187 4817 τοῦ,
1231 4741 1467 4811 Κράτης
1501 4742 1613 4814 (87)
1639 4741 1914 4815 Κράτητα

2022 4761 2174 4812 crux,
2205 4760 2329 4801 cum
2364 4759 2470 4814 qua
2494 4742 2607 4800 sola
2640 4743 2810 4814 ipsius
2839 4742 2949 4797 vita
2981 4741 3319 4811 versabatur,
3346 4750 3403 4798 et
3425 4757 3587 4814 quam

408 4969 523 5043 (78)
551 4967 877 5038 Εὐτρεπές.
935 4950 1105 5037 neg'g.
1139 4965 1250 5030 bm.
1291 4967 1362 5037 pb
1391 4976 1447 5023 et
1471 4968 1684 5034 Comb.,
1709 4968 1911 5042 εὐπρε-

333 5040 526 5181 ⁴ιτέῗῆξλ)
566 5107 925 5181 Ἀπιστίανη
961 5123 982 5158 ι
1003 5106 1313 5181 Perfidiam,
1336 5124 1357 5158 ι
1383 5120 1455 5181 _a_c
1476 5107 1637 5165 veluti
1665 5109 1919 5167 amicitiae

332 5176 457 5254 jura
486 5176 743 5254 violasset.
788 5196 806 5232 :
842 5176 949 5244 vel,
970 5247 983 5254 _
1004 5186 1066 5254 ιιι
1113 5177 1331 5247 εχροιιὶι
1382 5176 1616 5254 Hicetas,
1643 5249 1654 5254 _
1683 5196 1702 5228 ι
1730 5196 1916 5246 parum

337 5246 609 5308 servatam
640 5250 799 5304 fidem
825 5264 881 5315 ;»
913 5246 1135 5303 minime
1168 5246 1318 5315 vero,
1357 5247 1768 5315 (difﬁdentiam,
1794 5268 1815 5301 ι
1859 5260 1920 5304 ιιι

335 5321 501 5376 vertit
533 5319 741 5376 Billius.

408 5392 522 5462 (80)
551 5389 717 5446 Κατὰ
742 5387 817 5444 τὰ
842 5386 1208 5458 ἀνθρώπινα.
1244 5387 1381 5457 Reg.
1404 5388 1478 5459 ph
1520 5398 1576 5445 et
1605 5388 1751 5456 Bas.,
1776 5391 1920 5463 κατά

334 5459 646 5533 ἄνθρωπον.

409 5532 524 5613 (gl
546 5528 789 5613 ῌλεῖοτ.
830 5527 1080 5613 Quinque
1111 5528 1305 5613 Reg!"
1319 5528 1518 5613 Λπλέον.

414 5598 529 5668 (82)
554 5600 898 5671 Λυομένων.
927 5598 1298 5669 Ιιιιιοηηιιιιῖε,
1317 5598 1687 5673 βλεπομένων,
1711 5619 1731 5654 ι
1754 5615 1917 5673 quam

337 5672 760 5744 qttaejidentur.
786 5688 807 5722 ι
860 5738 873 5744 _
1305 5740 1352 5744 __
1407 5741 1421 5744 _
1675 5742 1684 5744 A
1875 5741 1887 5744 _

414 5739 624 5815 i33in
648 5738 776 5799 πᾶν
796 5738 1040 5814 μέτρον,
1095 5748 1200 5801 etc.
1257 5740 1492 5802 «Modus
1542 5742 1720 5801 omnis
1777 5741 1918 5816 opti-

2018 4985 2160 5026 mus.
2179 4989 2199 5023 ι
2234 4969 2513 5027 Sententia
2534 4982 2618 5028 est
2644 4970 2908 5039 Cleobuli,
2938 4973 3096 5028 unius
3126 4986 3192 5026 ex
3215 4978 3418 5039 septem
3434 4968 3587 5025 Grae-

2015 5051 2113 5095 ctze
2145 5044 2493 5110 sapientibus.

2085 5108 2420 5180 (struxere
2448 5110 2737 5182 τυγχάνῃ.
2781 5109 2873 5166 Sic
2899 5110 3065 5182 chg.
3098 5115 3206 5176 bm,
3236 5108 3307 5179 ph
3334 5117 3389 5164 et
3416 5109 3586 5165 unde-

2014 5180 2132 5253 cim!
2149 5182 2303 5253 golb.
2330 5183 2383 5235 In
2409 5180 2765 5253 εόηπλείονα
2796 5180 3057 5253 τυγχάνῃ.

2086 5250 2197 5319 (85)
2226 5252 2547 5306 Ἀσκευον.
2586 5271 2604 5302 ι
2634 5252 2808 5305 Vitam
2840 5246 3076 5316 tenuem,
3101 5249 3420 5320 simplicem,
3446 5246 3589 5304 nullo

2017 5332 2232 5388 sumptu
2264 5331 2319 5374 et
2347 5332 2623 5390 apparatu.
2651 5340 2671 5379 ι

2090 5384 2198 5462 (86)
2225 5384 2496 5514 Ποτεην.
2551 5389 2641 5445 Sic
2676 5389 2912 5460 quinque
2957 5388 3148 5460 Regg.,
3210 5387 3304 5445 Or.
3330 5388 3367 5442 2
3394 5395 3448 5443 ει
3474 5384 3586 5442 Jes.

2092 5472 2170 5513 est
2194 5458 2263 5514 ἧν
2286 5478 2339 5514 ιιι
2370 5476 2421 5514 ει
2441 5498 2457 5514 .

2013 5458 2263 5533 Βεεβι-ἦν
2286 5462 2350 5533 in_
2370 5458 2457 5515 ed.

2086 5531 2197 5603 (87)
2218 5528 2484 5603 Κράτης.
2543 5548 2562 5581 ι
2591 5528 2798 5591 Crates.
2823 5530 3120 5603 Δ[ιιι-ιιιιιίἱε
3145 5530 3367 5603 relictis,
3397 5543 3590 5603 ascen-

2012 5598 2105 5656 dit
2131 5598 2187 5655 iu
2211 5598 2419 5657 editum
2442 5602 2636 5662 locum,
2665 5615 2729 5659 ac
2750 5598 2956 5669 publice
2976 5600 3322 5669 proclamavit
3355 5613 3371 5652 :
3408 5616 3428 5669 ι
3455 5598 3591 5654 Cra-

2018 5681 2100 5726 tes
2123 5672 2400 5746 Qratetem‘
2422 5670 2667 5746 libertate
2693 5668 2880 5725 denat.
2903 5688 2921 5721 ι
2950 5668 3005 5746 id
3032 5682 3137 5739 cst,
3172 5686 3202 5729 a
3236 5668 3589 5746 pecuniarum

2016 5742 2274 5808 servitute
2306 5754 2365 5800 se
2388 5742 2441 5801 iu
2481 5740 2781 5799 libertatem
2811 5741 3025 5801 asserit.
