3898 6222
351 294 459 351 575
1592 296 1654 350 S.
1701 294 1932 351 GREGO

2071 293 2417 350 THEOLOGI
3495 293 3628 350 576

354 420 546 489 majori
576 417 629 473 in
663 417 836 487 pretio
878 417 1134 483 habebat,
1175 431 1336 486 quam
1389 417 1633 487 ingentes
1688 419 1926 487 pecuniae

2045 414 2293 483 Θηϐαῖον
2322 413 2645 479 ἐλευθεροῖ.
2683 408 2835 465 Εἶναι
2864 410 2990 482 γὰρ,
3023 410 3082 462 οὑ
3105 410 3299 473 δοκεῖν,
3332 411 3625 463 ἐσπουδα-

350 526 593 568 acervos.
642 510 822 579 Neque
883 511 1027 564 enim
1080 523 1427 578 quemquam,
1485 509 1697 562 etiamsi
1749 510 1923 563 maxi-

2045 509 2113 568 ξεν
2147 505 2393 575 ἄριστος.
2445 503 2579 555 Οὐδὲ
2626 501 2780 555 πίθον
2836 500 2970 571 ᾤκει
3032 499 3143 570 (88)
3172 500 3266 552 καὶ
3300 500 3474 569 μέσην
3505 498 3631 570 τὴν

353 619 440 658 me
471 604 673 673 cupiat,
698 601 877 656 omnia
904 600 1123 669 adipisci
1159 614 1352 669 posse;
1398 613 1555 668 posse
1583 608 1763 652 autem
1805 614 1923 653 om-

352 695 443 750 nia
472 704 835 756 contemnere,
872 693 1055 761 sicque
1084 690 1332 746 omnibus
1379 691 1537 745 rebus
1586 694 1925 759 praestantio-

2023 596 2255 668 ἀγορὰν,
2275 594 2415 647 ὥστε
2441 596 2571 647 πᾶσι
2587 593 2947 664 παρατρυφᾷν
2970 589 3099 661 (89),
3124 588 3315 660 καινὴν
3343 590 3635 662 εὐπορίαν

2023 688 2085 741 τὸ
2117 689 2342 760 ἀπορεῖν
2378 689 2725 756 ποιούμενος·
2767 683 3086 754 ἀφιλότιμος
3112 681 3221 752 (90)
3251 681 3306 734 δὲ
3334 681 3504 752 πένης
3531 675 3629 749 ἦν

354 800 467 839 rem
509 800 567 838 se
595 786 852 851 prtebere.
880 781 992 836 llac
1027 796 1188 851 porro
1219 790 1399 835 mente
1444 781 1720 849 praeditus,
1761 792 1926 849 alque

2045 780 2122 833 ιαὶ
2158 780 2416 849 ἀνήροτος
2437 795 2450 808 ο
2481 778 2577 830 καὶ
2604 777 2819 829 πάντων
2844 774 3068 844 ἐκϐολὴν
3095 771 3338 843 στέρξας,
3360 766 3436 826 ὧν
3469 789 3623 824 ποτε

351 874 427 928 ita
464 883 824 943 comparatus,
870 887 963 927 ara
1010 872 1223 940 quidem
1252 886 1386 938 opus
1428 887 1532 925 non
1570 871 1776 932 habuit,
1826 885 1925 923 nec

2045 866 2159 941 ίῖχε,
2198 869 2414 938 κούφως
2442 868 2552 939 (91)
2580 867 2786 920 διέπλει
2808 866 2904 937 τὴν
2938 865 3030 917 τοῦ
3064 863 3177 935 βίου
3212 863 3508 917 Θάλασσαν.

353 967 498 1022 inani
524 966 711 1035 gloria,
747 979 842 1019 nec
874 963 1085 1032 publico
1116 961 1492 1033 illofpra‘c0ttio
1521 978 1536 1016 :
1568 962 1744 1015 Crates
1771 961 2028 1015 Cratetem
2054 961 2350 1015 Thebanum
2382 961 2615 1014 libertate
2638 960 2818 1012 donat.
2844 956 2957 1010 Nan
2982 958 3122 1009 enim
3147 957 3380 1024 optimus
3405 953 3613 1017 videri,

351 1062 445 1115 sed
504 1074 641 1123 esse,
674 1058 940 1113 studebat.
974 1056 1083 1110 Nec
1112 1072 1239 1111 vero
1275 1057 1328 1111 in
1363 1057 1526 1120 dolio,
1562 1063 1720 1122 atque
1755 1056 1808 1105 in
1846 1052 2020 1105 medio
2051 1050 2168 1106 foro
2224 1052 2517 1117 habitabat,
2559 1059 2616 1103 ut
2659 1050 2797 1118 apud
2842 1062 3028 1102 omnes
3069 1046 3255 1101 luxum
3287 1061 3350 1100 ac
3379 1045 3617 1101 delicias

351 1149 453 1203 sibi
510 1156 864 1215 compararet,
882 1146 1135 1214 'jnopiam
1164 1145 1331 1215 816
1382 1145 1435 1198 in
1486 1158 1664 1198 rerum
1706 1142 1913 1210 copiam
1939 1156 2077 1195 novo
2107 1145 2265 1196 modo
2289 1149 2638 1195 convertens:
2667 1154 2850 1192 verum
2888 1138 2956 1190 ab
2986 1139 3132 1190 mnui
3161 1138 3342 1206 gloriae
3377 1137 3606 1205 cupidi-

351 1247 462 1293 tate
495 1238 715 1297 alienus,
749 1251 953 1305 pauper
991 1247 1110 1291 erat
1146 1248 1200 1293 et
1225 1239 1458 1293 incultus
1484 1256 1498 1303 ;
1529 1247 1689 1307 atque
1722 1237 1972 1292 omnibus
2009 1234 2388 1305 facultatibus,
2427 1252 2559 1305 quas
2597 1251 2829 1305 unquam
2876 1236 3140 1289 habuerat
3171 1274 3189 1301 ,
3227 1249 3380 1303 aequo
3419 1235 3611 1288 animo

350 1328 624 1398 proiectis,
649 1328 834 1380 leviter
873 1325 1132 1394 facileque
1167 1328 1288 1381 vita:
1325 1329 1541 1397 pelagus
1580 1329 2001 1382 transmittebat.

425 1415 562 1471 LXI.
592 1415 920 1469 Admiranda
984 1431 1089 1479 res,
1136 1415 1487 1480 continentia,
1510 1425 1565 1470 et
1590 1430 1758 1485 parvo
1786 1429 1918 1470 con-

355 1519 558 1563 tentum
593 1507 791 1569 vivere,
831 1521 929 1560 nec
971 1522 999 1558 a
1035 1506 1395 1572 voluptatibus
1427 1508 1693 1574 superari,
1744 1524 1842 1562 nec
1890 1523 1927 1577 τι,

2091 1415 2209 1470 EA‘.
2244 1416 2565 1486 Θαυμαστὸν
2594 1418 2626 1486 ἡ
2655 1416 2968 1487 ἐγκράτεια,
3009 1416 3103 1467 καὶ
3119 1415 3435 1486 ὀλιγάρκεια
3466 1414 3606 1486 (92),

2030 1508 2130 1560 καὶ
2158 1508 2220 1560 τὸ
2254 1509 2328 1578 μὴ
2368 1509 2686 1579 κρατεῖσθαι
2714 1509 2819 1561 τῶν
2845 1507 3065 1579 ἡδονῶν,
3098 1508 3240 1578 μηδ’,
3276 1510 3350 1570 ὡς
3378 1507 3481 1560 ὑπὸ
3512 1526 3609 1560 ττι-

350 1612 557 1663 veutrc,
584 1609 837 1668 tanquam
863 1613 890 1651 a
921 1612 1062 1652 smvo
1090 1607 1145 1652 et
1189 1601 1406 1655 sordido
1443 1600 1681 1667 domino,
1717 1602 1917 1668 guber-

2045 1599 2173 1669 ιρᾶς
2204 1603 2298 1650 καὶ
2342 1598 2694 1670 ἀνελευθέρου
2728 1599 3030 1669 δεσποίνης,
3076 1598 3176 1667 τῆς
3205 1599 3437 1670 γαστρὸς
3479 1599 3610 1666 ἄγε-

352 1691 502 1744 nari!
558 1690 689 1756 Quis
732 1705 965 1759 unquam
1019 1697 1164 1743 tanta
1208 1690 1382 1744 inedia
1423 1689 1547 1754 fuit,
1576 1706 1710 1760 pene
1758 1692 1921 1746 etiam

354 1781 602 1843 dixerim,
627 1780 749 1849 quis
788 1790 894 1833 tam
929 1781 1109 1833 carnis
1147 1780 1377 1849 expers?
1418 1781 1551 1834 Nam
1598 1784 1924 1837 voracitates

352 1873 736 1927 etsaturitates
787 1874 853 1926 ad
912 1888 1004 1927 eos
1056 1873 1345 1942 abjecerat,
1398 1873 1487 1943 qui
1538 1874 1603 1927 ad
1642 1873 1923 1928 hrutorum

354 1976 599 2018 naturam
640 1965 860 2034 propius
900 1965 1182 2029 accedunt,
1212 1980 1545 2033 quorumque
1596 1967 1809 2022 servilis
1840 1976 1926 2020 at-

353 2071 460 2125 que
480 2056 532 2110 in
564 2066 757 2110 terram
796 2071 962 2126 prona
1021 2055 1128 2110 vita
1173 2066 1276 2111 est.
1316 2057 1432 2125 lpse
1459 2068 1635 2111 autem
1678 2058 1809 2114 nihil
1832 2073 1926 2113 eo-

356 2161 500 2211 rum,
533 2159 650 2213 quae
680 2154 799 2214 post
847 2155 1030 2216 guttur
1080 2148 1196 2216 pari
1240 2148 1494 2216 deinceps
1531 2150 1733 2203 honore
1774 2161 1920 2217 sunt,

355 2247 606 2302 magnum
639 2247 757 2288 esse
783 2237 1083 2299 censebat;
1120 2249 1308 2289 verum
1350 2238 1669 2292 necessariis
1718 2248 1922 2293 tantum

354 2323 511 2389 cibis,
559 2326 792 2393 quandiu
840 2325 1009 2393 licuit,
1045 2327 1209 2380 vitam
1269 2327 1549 2394 tolerabat,
1594 2338 1753 2399 atque
1782 2332 1928 2386 hunc

354 2420 525 2476 solum
550 2421 732 2476 luxum
761 2433 932 2486 norat,
969 2438 1159 2493 nempe
1196 2439 1226 2476 a
1254 2424 1377 2477 luxu
1402 2424 1693 2487 abstinere.
1733 2443 1832 2483 nec
1853 2429 1923 2484 ob

355 2526 474 2567 eam
506 2527 724 2568 causam
781 2514 1021 2581 pluribus
1073 2514 1233 2569 rebus
1287 2515 1560 2585 indigere;
1603 2519 1699 2572 sed
1730 2518 1838 2571 lilia
1872 2526 1927 2573 et

354 2619 502 2669 aves,
578 2605 771 2673 quibus
821 2605 1045 2674 simplex
1096 2613 1259 2675 atque
1299 2606 1514 2661 artiﬁcii
1554 2622 1748 2677 expers
1798 2607 1920 2676 pul-

359 2696 607 2749 ehritudo
660 2704 763 2759 est,
819 2705 869 2749 et
919 2696 1094 2751 victus
1148 2696 1326 2751 facilis
1374 2707 1534 2766 atque
1565 2713 1628 2752 ex
1679 2709 1923 2766 tempore

359 2783 636 2851 quaesitus,
665 2785 734 2837 oh
753 2783 938 2838 oculos
959 2784 1182 2849 habere,
1208 2787 1660 2853 quemadmodum
1680 2787 1924 2841 Christus

360 2883 510 2924 meus
580 2877 762 2923 monet
810 2868 879 2934 ³³,
924 2871 1015 2939 qui
1079 2874 1260 2927 carnis
1314 2885 1679 2942 paupertatem
1733 2886 1919 2930 nostra

360 2975 516 3014 causa
545 2962 730 3025 subiit,
768 2971 824 3015 ut
856 2977 954 3017 nos
987 2964 1155 3031 ipsius
1197 2965 1478 3019 divinitate
1521 2965 1921 3035 locupletemur.
1955 2992 1995 3049 ο

362 3051 587 3107 Hineilli
615 3054 788 3107 tunica
817 3070 945 3117 una,
968 3065 1024 3109 et
1047 3056 1262 3125 pallium
1290 3072 1477 3122 unum,
1512 3066 1567 3109 et
1594 3068 1767 3112 status
1787 3060 1933 3116 humi

362 3145 603 3210 lectulus,
633 3155 687 3199 et
730 3145 943 3215 vigiliae,
971 3156 1025 3200 et
1071 3147 1281 3201 illuvies
1341 3147 1453 3217 (illa
1498 3148 1617 3217 ejus
1664 3149 1854 3204 decora
1879 3159 1935 3205 et

363 3235 715 3307 ornamenta),
741 3246 795 3291 et
819 3237 1133 3291 suavissima
1172 3251 1329 3291 caena
1354 3247 1408 3292 et
1430 3241 1742 3304 obsonium,
1773 3243 1930 3310 panis

364 3332 416 3378 et
451 3325 551 3390 sal,
582 3341 799 3391 novum,
837 3328 1076 3395 inquam,
1113 3326 1243 3382 illud
1273 3329 1702 3393 condimentum,
1741 3339 1795 3384 et
1837 3347 1932 3400 po-

363 3416 437 3471 tio
474 3419 650 3473 sobria
687 3428 743 3472 et
773 3419 1068 3485 uberrima,
1111 3434 1276 3489 quam
1309 3420 1465 3475 nobis
1498 3422 1633 3475 nihil
1680 3422 1928 3477 laboran-

2028 1691 2171 1743 σθαι.
2200 1690 2296 1753 Τίς
2324 1690 2465 1744 οὕτω
2498 1691 2695 1761 μᾶλλον
2715 1693 2946 1762 ἄτροφος
2966 1688 3053 1763 ἦν,
3079 1693 3139 1743 οὐ
3170 1691 3302 1743 πολὺ
3320 1691 3374 1742 δὲ
3404 1692 3602 1754 εἰπεῖν,

2025 1781 2122 1834 καὶ
2154 1779 2426 1854 ἄσαρκος;
2462 1782 2573 1844 Τὰς
2599 1784 2698 1853 μὲν
2726 1783 2833 1854 γὰρ
2879 1782 3191 1852 πλησμονὰς
3222 1783 3315 1834 καὶ
3348 1783 3473 1844 τοὺς
3512 1780 3607 1834 κό-

2031 1891 2157 1944 ρους
2189 1876 2303 1937 τοῖς
2330 1850 2696 1946 θιλογωτέροις
2717 1875 3009 1947 ἀπέρριψε,
3033 1876 3126 1928 καὶ
3156 1869 3229 1926 ὧν
3257 1874 3604 1944 ἀνδραποδώ-

2025 1963 2122 2034 δης
2156 1964 2250 2017 καὶ
2278 1964 2429 2017 κάτω
2453 1963 2719 2028 νενευκὼς
2745 1966 2772 2015 ὁ
2803 1965 2934 2034 βίος.
2975 1966 3145 2028 Αὐτός
3199 1966 3256 2017 δὲ
3295 1965 3447 2017 οὐδὲν
3489 1965 3603 2034 (93)

2026 2055 2145 2125 ᾔδει
2180 2057 2324 2126 μέγα
2352 2055 2463 2109 τῶν
2493 2056 2630 2126 μετὰ
2657 2056 2747 2110 τὸν
2777 2056 2971 2126 λαιμὸν
3000 2058 3295 2127 ὁμοτίμων,
3329 2056 3467 2109 ἀλλὰ
3490 2059 3606 2120 τοῖς

2024 2148 2344 2216 ἀναγκαίοις
2396 2148 2546 2219 διέζη
2603 2150 2782 2220 μόνον,
2821 2150 2924 2214 ἕως
2969 2150 3118 2220 ἐξῆν,
3164 2153 3257 2203 καὶ
3290 2152 3457 2221 μόνην
3487 2150 3606 2221 ᾔδει

2026 2238 2261 2309 τρυφὴν,
2286 2239 2347 2291 τὸ
2373 2239 2448 2311 μὴ
2472 2238 2688 2310 τρυφῶν
2711 2239 2819 2311 (94)
2846 2240 3151 2309 φαίνεσθαι,
3177 2241 3309 2310 μηδὲ
3333 2240 3420 2293 διὰ
3444 2240 3607 2293 τοῦτο

2028 2329 2233 2382 δεῖσθαι
2268 2329 2527 2383 πλειόνων
2552 2349 2565 2360 ·
2609 2331 2746 2384 ἀλλὰ
2794 2332 2929 2402 ’πρὸς
2969 2332 3039 2384 τὰ
3070 2331 3232 2402 κρίνα
3261 2330 3478 2401 βλέπειν
3509 2333 3607 2384 καὶ

2030 2420 2098 2473 τὰ
2129 2420 2328 2490 πτηνὰ,
2348 2417 2429 2484 οἷς
2454 2420 2678 2491 ἄτεχνον
2703 2421 2765 2474 τὸ
2782 2422 2996 2489 κάλλος,
3014 2424 3107 2476 καὶ
3126 2423 3328 2493 axz-56w;
3347 2424 3381 2492 ἡ
3401 2423 3605 2492 τροφὴ,

2025 2515 2168 2567 κατὰ
2201 2513 2299 2584 τὴν
2325 2513 2565 2583 μεγάλην
2595 2514 2913 2586 παραίνεσιν
2944 2514 3037 2568 τοῦ
3070 2515 3203 2584 ἐμοῦ
3230 2513 3487 2586 Χριστοῦ,
3508 2515 3609 2577 καί

2031 2607 2211 2675 σάρκα
2237 2605 2346 2674 (95)
2376 2605 2443 2657 δι’
2472 2607 2621 2677 ἡμᾶς
2674 2607 3107 2677 πτωχεύσαντος,
3136 2606 3201 2659 ἵν’
3241 2609 3399 2676 ἡμεῖς
3433 2605 3606 2658 πλου-

2029 2698 2303 2768 τισθῶμεν
2338 2698 2587 2768 θεότητα.
2628 2698 2910 2752 Ἐνθεῦοεν
2954 2700 3102 2769 αὐτῷ
3133 2699 3193 2751 τὸ
3241 2698 3298 2750 ἓν
3330 2697 3608 2768 χιτώνιον,

2029 2789 2123 2839 καὶ
2143 2786 2447 2859 τριϐώνιον,
2469 2789 2562 2840 καὶ
2589 2790 2621 2858 ὴ
2650 2789 2918 2859 χαμευνία
2948 2788 3081 2859 (96).
3114 2790 3209 2851 καὶ
3243 2791 3275 2859 ἡ
3305 2789 3608 2859 ἀγρυπνία,

2028 2881 2123 2931 καὶ
2161 2882 2193 2950 ἡ
2247 2879 2496 2945 ἀλουσία,
2527 2880 2595 2932 τὰ
2629 2880 2838 2933 ἐκείνου
2895 2881 3366 2953 σεμνολογήματα,
3410 2884 3505 2934 καὶ
3544 2881 3610 2945 τὸ

2030 2970 2248 3040 ἥδιστον
2280 2972 2497 3023 δεῖπνον
2544 2972 2640 3024 καὶ
2692 2971 2842 3041 δῆμον,
2900 2975 2929 3025 ό
2980 2974 3143 3043 ἄρτος
3192 2974 3286 3026 καὶ
3313 2975 3361 3026 οἱ
3392 2974 3539 3036 ἅλες,
3573 2976 3610 3044 ἡ

2032 3060 2191 3132 καινὴ
2213 3061 2499 3131 καρυκεία,
2528 3063 2625 3115 καὶ
2657 3063 2819 3116 ποτὸν
2853 3064 3109 3133 νηφὰλιόν
3143 3081 3202 3119 τε
3236 3067 3329 3118 καὶ
3352 3065 3610 3133 ἄφθονον,

2031 3150 2059 3202 ὃ
2090 3152 2397 3219 γεωργοῦσι
2430 3152 2539 3222 (97)
2573 3155 2749 3222 πηγαὶ
2776 3153 2943 3224 μηδὲν
2972 3156 3344 3224 πονουμένοις.
3386 3156 3473 3222 Ἐξ
3506 3151 3611 3221 ὧν,

2030 3239 2063 3309 ἢ
2092 3238 2210 3305 μεθ’
2241 3236 2315 3291 ὧν
2348 3242 2660 3309 νοσοκομίαι
2712 3243 2805 3294 καὶ
2864 3243 3115 3314 ἰατρεῖαι,
3154 3245 3214 3297 τὸ
3244 3246 3418 3299 κοινὸν
3449 3246 3611 3316 ἡμῶν

2002 3331 2476 3402 ἐμφιλοσὸφημα.
2511 3334 2659 3385 Ἔδει
2705 3333 2817 3405 γάρ
2871 3353 2939 3406 με
2981 3337 3088 3389 τῶν
3128 3338 3364 3408 ἀνιαρῶν
3402 3338 3462 3391 τὸ
3493 3338 3611 3401 ἴσον

2031 3422 2201 3493 ἔχειν,
2238 3426 2349 3487 τοῖς
2384 3423 2562 3487 ἄλλοις
2598 3424 2935 3496 λειπόμενον.

366 3509 515 3563 tibus
565 3509 740 3564 fontes
788 3509 1138 3577 profundunt.
1174 3511 1255 3563 Ex
1278 3511 1493 3580 quibus,
1543 3512 1650 3566 imo
1673 3526 1793 3565 cum
1823 3512 2040 3582 quibus.
2081 3513 2386 3567 morborum
2442 3515 2748 3569 curationes
2813 3530 2878 3570 ac
2941 3516 3325 3575 medieationes
3388 3530 3610 3584 proma-

364 3607 577 3667 narunt,
604 3602 747 3669 quod
774 3616 1058 3655 commune
1095 3600 1376 3671 utriusque
1413 3608 1658 3656 nostrum
1691 3602 1926 3656 studium
1965 3600 2089 3658 fuit.
2117 3602 2410 3672 Oportebat
2435 3604 2575 3658 enim
2602 3618 2708 3670 me,
2749 3618 2872 3659 cum
2930 3607 2983 3661 in
3053 3604 3172 3661 aliis
3195 3606 3354 3660 rebus
3383 3606 3614 3663 inferior

364 3698 595 3767 essem;
615 3698 979 3751 calamitatum
1042 3696 1233 3752 saltem
1296 3711 1503 3767 aequam
1558 3706 1765 3766 partem
1820 3696 2039 3753 habere.

433 3786 592 3842 LXII.
632 3787 821 3858 Magna
869 3802 955 3842 res
1009 3787 1316 3857 virginitas,
1350 3797 1407 3841 et
1429 3787 1729 3846 caelibatus.
1773 3798 1939 3856 atque

367 3881 421 3935 in
451 3880 789 3950 angelorum,
823 3890 1134 3947 naturaeque
1162 3879 1451 3950 singularis
1486 3880 1673 3933 ordine
1710 3879 1939 3945 censeri,

368 3987 554 4029 vereor
599 3973 740 4027 enim
775 3974 953 4028 dicere
986 3971 1209 4037 Christi,
1256 3973 1369 4041 qui,
1414 3986 1537 4026 cum
1575 3981 1794 4041 propter
1845 3985 1942 4025 nos

367 4063 574 4132 genitos
610 4063 758 4117 nasci
804 4062 984 4123 vellet,
1016 4075 1082 4116 ex
1124 4060 1347 4131 Virgine
1368 4059 1625 4130 gignitur,
1663 4061 1940 4128 virginita-

370 4164 476 4208 tem
500 4154 646 4209 velut
665 4155 772 4207 lata
791 4154 905 4223 lege
927 4154 1196 4225 sanciens,
1238 4162 1295 4207 ut
1337 4153 1462 4207 hinc
1487 4152 1844 4206 abducentem
1873 4167 1937 4207 ac

2109 3787 2228 3841 EB'.
2262 3788 2424 3858 Μέγα
2448 3787 2735 3860 παρθενία,
2767 3790 2860 3842 καὶ
2906 3789 3123 3857 ἀζυγία,
3154 3791 3245 3841 καὶ
3274 3789 3334 3841 τὸ
3369 3789 3485 3859 μετ’
3508 3791 3613 3863 ἀγ-

2037 3880 2212 3948 γέλων
2241 3880 2522 3952 τετάχθαι,
2557 3881 2651 3933 καὶ
2702 3880 2799 3950 τῆς
2850 3880 3139 3950 μοναδικῆς
3193 3880 3437 3948 φύσεως·
3466 3881 3613 3933 ὀκνῶ

2037 3971 2147 4045 γὰρ
2176 3972 2350 4023 εἰπεῖν
2375 3969 2630 4041 Χριστοῦ,
2658 3970 2736 4035 ὃς,
2760 3971 2855 4023 καὶ
2885 3970 3210 4040 γεννηθῆναι
3242 3969 3469 4039 θελήσας
3495 3970 3609 4041 (98)

2037 4062 2127 4116 διὰ
2152 4062 2277 4126 τοὺς
2301 4063 2594 4133 γεννητοὺς
2617 4063 2784 4133 ἡμᾶς,
2804 4064 2867 4113 ὲκ
2889 4062 3165 4134 Παρθένου
3182 4063 3454 4129 γεννᾶται,
3479 4077 3616 4132 παρ-

2049 4154 2229 4208 θενίαν
2268 4153 2572 4222 νομοθετῶν
2622 4154 2755 4224 (99),
2783 4154 2857 4217 ὡς
2887 4154 3095 4207 ἐνθένδε
3132 4156 3491 4225 μετάγουσαν,
3517 4172 3616 4208 κα.

369 4250 622 4304 mundum
696 4248 1170 4313 consciudeutem;
1236 4246 1323 4300 vel
1390 4246 1588 4314 potius,
1674 4245 1932 4299 mundum

2045 4249 2244 4317 κόσμον
2274 4247 2696 4318 συντέμνουσαν,
2744 4247 2939 4318 μᾶλλον
2963 4247 3017 4299 δὲ
3048 4247 3250 4317 κόσμον
3290 4248 3479 4318 κόσμῳ
3510 4265 3618 4301 πα-

369 4340 435 4395 ad
483 4341 740 4395 mundum
796 4342 1248 4403 transmittentem
1295 4347 1616 4393 orassentem
1674 4337 1933 4392 nimirum

436 4460 482 4494 “
510 4458 701 4514 Matth.
733 4473 808 4525 vt,
841 4458 911 4512 26
940 4473 1063 4528 sqq.

441 4574 554 4645 (88)
583 4570 735 4645 Οὐδὲ
759 4572 939 4645 πίθον
964 4570 1122 4645 ῷκει.
1147 4571 1409 4639 Diogenes
1433 4566 1663 4645 Cynicus
1688 4568 1741 4623 in
1762 4570 1939 4645 media

372 4638 510 4699 urbe
536 4638 738 4698 dolium
793 4638 1089 4701 habitabat,
1138 4649 1198 4694 ut
1228 4638 1689 4709 paupertatemin
1722 4639 1943 4707 opulen-

371 4718 463 4770 tiae
497 4715 910 4767 instrumentum
957 4707 1314 4771 converteret,
1364 4717 1545 4776 atque,
1581 4707 1649 4761 ab
1692 4710 1942 4765 ouiuibus

370 4784 563 4850 Stipem
592 4782 881 4850 accipiens,
906 4781 1079 4849 ample
1100 4796 1181 4850 Aac
1202 4779 1419 4850 profuse
1449 4777 1672 4850 viveret.

465 4853 554 4923 89)
586 4846 746 4906 Πᾶοίι
769 4846 1183 4920 παρατρὺφᾷν.
1202 4846 1418 4905 Ὁσωὺ.
1479 4862 1501 4896 ι
1526 4854 1585 4898 ιιι
1609 4846 1823 4903 delicias
1847 4864 1945 4903 un-

373 4925 656 4991 dequaque
681 4929 962 4988 quaereret.
988 4940 1008 4974 ›

1032 4997 1156 5064 etc._
1174 5008 1192 5040 ι
1216 4985 1597 5064 Paupernulla
1623 4963 1960 5064 ambitione,

375 5056 510 5119 nihil
538 5056 786 5131 captans,
807 5079 826 5113 ›
865 5056 993 5115 'nec'
1013 5069 1071 5132 ut
1105 5056 1479 5132 _Cynici,_qui,
1530 5057 1785 5132 ementita
1815 5074 1950 5129 pau-

378 5128 622 5205 pertate,
643 5133 756 5205 suis
778 5131 1075 5205 corrunodis
1103 5128 1490 5205 inserviebam.

450 5199 561 5272 (91)
592 5202 854 5272 Κούςρῳς.
882 5199 1095 5272 Reg._tl,
1119 5198 1335 5272 κοῦφοςτ

449 5268 564 5337 (9⁸2)
605 5268 1076 5342 Ὀλιγάρκειακιριι
1100 5269 1387 5342 nonnullis,
1410 5269 1717 5342 ὀλιγαρχία.

451 5342 562 5413 (95)
593 5337 882 5413 ᾼὺτὸςδὲ
909 5338 1109 5413 οὐδέν,
1141 5349 1250 5413 etc.
1306 5337 1581 5413 lleinsiusj
1616 5339 1829 5413 exercit.
1861 5355 1944 5413 sq-

380 5408 493 5475 crd,
522 5408 575 5479 β.
611 5410 701 5474 51,
740 5414 816 5463 sic
840 5411 996 5463 vertit
1032 5427 1046 5463 :
1100 5426 1118 5458 ι
1146 5409 1263 5477 ipse
1287 5423 1415 5462 vero
1445 5410 1578 5464 nihil
1602 5425 1668 5464 ex
1697 5412 1762 5464 iis
1793 5408 1942 5463 testi-

380 5485 586 5550 mabat,
622 5494 743 5548 quae
765 5492 1049 5547 postquam
1101 5490 1282 5550 guttur
1315 5481 1655 5550 transierunt
1696 5479 1942 5550 ejusdem

385 5549 547 5623 pretii
574 5559 730 5613 sunt;
757 5564 879 5602 cum
900 5548 1244 5615 necessariis,
1262 5549 1507 5617 quandiu
1533 5549 1706 5616 licuit,
1728 5548 1795 5606 se
1826 5558 1946 5605 tan-

389 5630 501 5677 tum
523 5627 866 5678 sustentati-et.
889 5636 909 5669 ι

461 5672 572 5761 (οἱ)
604 5674 862 5758 Τρυφῶν.
891 5689 1035 5746 Unus
1064 5687 1218 5759 Reg,
1240 5690 1468 5762 τρυφᾷν.

2067 4338 2452 4409 απέμπουσαν.
2516 4338 2609 4390 τὸν
2663 4338 2933 4391 ἐνεστῶτα
2983 4337 3057 4409 (1)
3116 4337 3194 4390 τῶ
3224 4338 3487 4392 μέλλοντι.
3518 4338 3617 4402 Τίς

2115 4563 2224 4635 (95)
2260 4561 2609 4635 Kalodpxa.
2647 4561 2819 4635 Pass.,
2845 4560 2942 4635 τοῦ
2965 4561 3058 4613 καὶ
3098 4559 3298 4635 σάρκα.

2115 4629 2380 4706 (96)](αὶ
2410 4634 2446 4700 ἡ
2487 4632 2801 4706 χαμευνίᾳ.
2862 4630 3051 4706 (Nuda
3102 4629 3284 4706 humo
3316 4629 3565 4706 lectulus.
3590 4650 3615 4686 ι

2047 4700 2138 4762 Sic
2165 4700 2401 4772 quinque
2441 4706 2611 4772 liegg.
2640 4713 2694 4755 et
2731 4704 2826 4756 Or.
2862 4701 3108 4772 2._Deest
3138 4700 3249 4772 καί
3272 4701 3325 4753 in
3365 4702 3449 4754 ed.

2118 4768 2228 4844 (97)
2270 4768 2329 4844 Ὃ
2371 4768 2728 4844 γεωργοῦσι,
2765 4782 2868 4826 etc.
2919 4770 3151 4825 Budaeus
3209 4768 3526 4844 Comment”
3562 4788 3619 4841 p.

2046 4838 2441 4906 749,:4icltunc
2494 4838 2668 4894 locum
2721 4843 3101 4910 interpretatur
3154 4858 3168 4894 :
3223 4838 3621 4909 «Nequaquam

2045 4915 2323 4971 doloribus
2348 4913 2412 4965 iis
2440 4910 2824 4975 laborantibus,
2857 4928 2887 4966 e
2913 4910 3110 4980 quibus
3139 4911 3523 4964 medieationes
3563 4920 3622 4964 et

2049 4986 2648 5055 wgrorumcurationes
2675 4991 2812 5055 nata:
2848 4991 2992 5045 sunt,
3018 4982 3068 5033 in
3098 4980 3293 5055 quibus
3323 4981 3622 5050 disciplinis

2051 5051 2211 5119 vulgo
2237 5051 2695 5119 pltilosolihamur,
2728 5051 2831 5119 hoc
2855 5062 2957 5117 est,
2985 5051 3285 5103 studemus.
3312 5068 3332 5100 ι

2126 5118 2235 5193 (98)
2262 5118 2948 5193 Γεννηθῆναι-θελήσᾳς.
2986 5139 3015 5193 μ
3046 5119 3199 5193 Nasci
3224 5120 3425 5173 volens.
3454 5138 3484 5193 ιΔ
3501 5119 3622 5193 Plu.

2050 5188 2144 5250 res
2171 5192 2359 5261 Regg.,
2395 5206 2585 5243 novem
2612 5189 2788 5254 Colb.,
2851 5190 2944 5244 0r.
2978 5191 3034 5253 ‘2,
3095 5188 3268 5253 Pass,
3296 5189 3623 5261 γεννηθῆναι

2049 5267 2266 5336 δεήσας,
2302 5276 2464 5336 Leuit:
2490 5276 2613 5336 euut
2644 5262 2785 5313 nasci
2819 5270 3161 5336 oporteret.__i

2121 5328 2232 5406 (99)
2291 5329 2629 5406 Παρθεῂίαν
2655 5329 3038 5406 γομοβξτῶγ.
3104 5328 3360 5406 Testatur
3410 5332 3624 5388 Nicetas

2050 5400 2307 5459 BaSilium
2354 5402 2430 5453 De
2480 5400 2775 5470 virginitate
2803 5402 3023 5470 ilibrutu
3070 5403 3476 5470 conscripsisse.
3537 5406 3629 5457 Ait

2050 5475 2192 5530 enim
2227 5491 2242 5527 :
2275 5469 2624 5540 Λόγον-περὶ
2664 5469 2976 5540 παρθενίας
3029 5469 3420 5539 συνεγράψατο,
3465 5471 3630 5528 Com-

2050 5544 2276 5665 beﬁgius
2296 5540 2445 5610 legit,
2472 5538 2741 5612 ἀσαρκίαν
2760 5538 3089 5611 νομοθετῶν.
3137 5538 3518 5598 ῌῦιοιθριίοηί
3547 5542 3629 5595 fa-
3676 5570 3679 5571 ν

2054 5623 2143 5665 vet
2207 5627 2317 5665 ass.

2054 5623 2143 5670 vet
2168 5623 2317 5666 Pass.

2131 5684 2204 5755 (l)
2246 5679 2588 5736 ‘Erwrém.
2622 5683 2861 5750 Quatuor
2890 5680 3081 5751 “033.,
3112 5680 3336 5736 ἑστῶτα.
