  <div class='ocr_page' id='page_1' title='image "/cluster/home/n/w/nwhite01/storage/ocr_20150623/36/nnc1.0022377409/322.png"; bbox 0 0 3898 6222; ppageno 0'>
   <div class='ocr_carea' id='block_1_1' title="bbox 277 217 392 276">
    <p class='ocr_par' dir='ltr' id='par_1_1' title="bbox 277 217 392 276">
     <span class='ocr_line' id='line_1_1' title="bbox 277 217 392 276; baseline -0.017 0"><span class='ocrx_word' id='word_1_1' title='bbox 277 217 392 276; x_wconf 79' lang='grc'><strong>577</strong></span> 
     </span>
    </p>
   </div>
   <div class='ocr_carea' id='block_1_2' title="bbox 1092 220 2675 289">
    <p class='ocr_par' dir='ltr' id='par_1_2' title="bbox 1092 220 2675 289">
     <span class='ocr_line' id='line_1_2' title="bbox 1092 220 2675 289; baseline 0.007 -13"><span class='ocrx_word' id='word_1_2' title='bbox 1092 220 1347 278; x_wconf 75' lang='lat' dir='ltr'><strong>ORATIO</strong></span> <span class='ocrx_word' id='word_1_3' title='bbox 1388 221 1574 280; x_wconf 84' lang='lat' dir='ltr'>XLIII.</span> <span class='ocrx_word' id='word_1_4' title='bbox 1613 254 1682 267; x_wconf 85' lang='lat'><strong>—-</strong></span> <span class='ocrx_word' id='word_1_5' title='bbox 1719 224 1789 280; x_wconf 87' lang='lat' dir='ltr'>IN</span> <span class='ocrx_word' id='word_1_6' title='bbox 1826 225 2109 283; x_wconf 78' lang='lat' dir='ltr'><strong>LAUDEM</strong></span> <span class='ocrx_word' id='word_1_7' title='bbox 2146 228 2396 287; x_wconf 83' lang='lat' dir='ltr'>BASILII</span> <span class='ocrx_word' id='word_1_8' title='bbox 2437 232 2675 289; x_wconf 79' lang='lat' dir='ltr'><strong>MAGNI.</strong></span> 
     </span>
    </p>
   </div>
   <div class='ocr_carea' id='block_1_3' title="bbox 3423 237 3531 295">
    <p class='ocr_par' dir='ltr' id='par_1_3' title="bbox 3423 237 3531 295">
     <span class='ocr_line' id='line_1_3' title="bbox 3423 237 3531 295; baseline 0.009 -2"><span class='ocrx_word' id='word_1_9' title='bbox 3423 237 3531 295; x_wconf 81' lang='lat'><strong>578</strong></span> 
     </span>
    </p>
   </div>
   <div class='ocr_carea' id='block_1_4' title="bbox 278 334 1852 425">
    <p class='ocr_par' dir='ltr' id='par_1_4' title="bbox 278 334 1852 418">
     <span class='ocr_line' id='line_1_4' title="bbox 278 334 1852 418; baseline 0.004 -26"><span class='ocrx_word' id='word_1_10' title='bbox 278 334 379 393; x_wconf 71' lang='grc' dir='ltr'><strong>οὖν</strong></span> <span class='ocrx_word' id='word_1_11' title='bbox 431 339 641 393; x_wconf 68' lang='grc' dir='ltr'>ἐκείνου</span> <span class='ocrx_word' id='word_1_12' title='bbox 687 339 907 409; x_wconf 78' lang='grc' dir='ltr'>μᾶλλον,</span> <span class='ocrx_word' id='word_1_13' title='bbox 954 339 988 411; x_wconf 83' lang='grc' dir='ltr'>ἢ</span> <span class='ocrx_word' id='word_1_14' title='bbox 1043 341 1343 413; x_wconf 75' lang='grc' dir='ltr'>παρθενίαν</span> <span class='ocrx_word' id='word_1_15' title='bbox 1390 344 1468 413; x_wconf 74' lang='grc'>(2)</span> <span class='ocrx_word' id='word_1_16' title='bbox 1509 344 1852 418; x_wconf 84' lang='grc' dir='ltr'>ὲτίμησεν,ἢ</span> 
     </span>
    </p>
   </div>
   <div class='ocr_carea' id='block_1_5' title="bbox 1939 334 3533 425">
    <p class='ocr_par' dir='ltr' id='par_1_5' title="bbox 1961 349 3533 425">
     <span class='ocr_line' id='line_1_5' title="bbox 1961 349 3533 425; baseline 0.004 -23"><span class='ocrx_word' id='word_1_17' title='bbox 1961 352 2026 403; x_wconf 87' lang='lat' dir='ltr'><strong>ad</strong></span> <span class='ocrx_word' id='word_1_18' title='bbox 2050 350 2314 405; x_wconf 80' lang='lat' dir='ltr'><strong>futurum.</strong></span> <span class='ocrx_word' id='word_1_19' title='bbox 2353 350 2484 416; x_wconf 83' lang='lat' dir='ltr'><strong>Quis</strong></span> <span class='ocrx_word' id='word_1_20' title='bbox 2524 352 2688 420; x_wconf 74' lang='lat' dir='ltr'><strong>igitur</strong></span> <span class='ocrx_word' id='word_1_21' title='bbox 2727 349 2895 421; x_wconf 84' lang='lat' dir='ltr'><strong>magis</strong></span> <span class='ocrx_word' id='word_1_22' title='bbox 2915 364 3076 421; x_wconf 89' lang='lat' dir='ltr'><strong>quam</strong></span> <span class='ocrx_word' id='word_1_23' title='bbox 3106 352 3219 418; x_wconf 89' lang='lat' dir='ltr'><strong>ille,</strong></span> <span class='ocrx_word' id='word_1_24' title='bbox 3241 360 3334 407; x_wconf 91' lang='lat' dir='ltr'><strong>aut</strong></span> <span class='ocrx_word' id='word_1_25' title='bbox 3374 354 3533 425; x_wconf 73' lang='lat' dir='ltr'><strong>virgi-</strong></span> 
     </span>
    </p>
   </div>
   <div class='ocr_carea' id='block_1_6' title="bbox 278 429 1857 507">
    <p class='ocr_par' dir='ltr' id='par_1_6' title="bbox 278 429 1857 507">
     <span class='ocr_line' id='line_1_6' title="bbox 278 429 1857 507; baseline 0.004 -23"><span class='ocrx_word' id='word_1_26' title='bbox 278 429 449 502; x_wconf 71' lang='grc' dir='ltr'>σαρκὶ</span> <span class='ocrx_word' id='word_1_27' title='bbox 470 430 885 502; x_wconf 78' lang='grc' dir='ltr'><strong>ἐνομοθέτησεν,</strong></span> <span class='ocrx_word' id='word_1_28' title='bbox 909 433 971 485; x_wconf 84' lang='grc' dir='ltr'><strong>οὐ</strong></span> <span class='ocrx_word' id='word_1_29' title='bbox 1000 432 1079 502; x_wconf 84' lang='grc' dir='ltr'>τῷ</span> <span class='ocrx_word' id='word_1_30' title='bbox 1117 432 1239 485; x_wconf 86' lang='grc' dir='ltr'>καθ’</span> <span class='ocrx_word' id='word_1_31' title='bbox 1270 435 1464 488; x_wconf 80' lang='grc' dir='ltr'>ἑαυτὸν</span> <span class='ocrx_word' id='word_1_32' title='bbox 1495 436 1857 507; x_wconf 82' lang='grc' dir='ltr'><strong>ὑποδείγματι</strong></span> 
     </span>
    </p>
   </div>
   <div class='ocr_carea' id='block_1_7' title="bbox 278 517 1855 597">
    <p class='ocr_par' dir='ltr' id='par_1_7' title="bbox 278 517 1855 597">
     <span class='ocr_line' id='line_1_7' title="bbox 278 517 1855 597; baseline 0.004 -24"><span class='ocrx_word' id='word_1_33' title='bbox 278 520 467 590; x_wconf 83' lang='grc' dir='ltr'>μόνον,</span> <span class='ocrx_word' id='word_1_34' title='bbox 501 520 640 573; x_wconf 83' lang='grc' dir='ltr'><strong>ἀλλά</strong></span> <span class='ocrx_word' id='word_1_35' title='bbox 668 521 761 573; x_wconf 78' lang='grc' dir='ltr'><strong>καὶ</strong></span> <span class='ocrx_word' id='word_1_36' title='bbox 776 517 860 583; x_wconf 76' lang='grc' dir='ltr'>οἷς</span> <span class='ocrx_word' id='word_1_37' title='bbox 888 523 1187 576; x_wconf 79' lang='grc' dir='ltr'>ἐσπούδασε</span> <span class='ocrx_word' id='word_1_38' title='bbox 1204 541 1219 589; x_wconf 91' lang='grc'>;</span> <span class='ocrx_word' id='word_1_39' title='bbox 1239 524 1395 589; x_wconf 83' lang='grc' dir='ltr'>Τίνος</span> <span class='ocrx_word' id='word_1_40' title='bbox 1420 527 1469 578; x_wconf 78' lang='lat' dir='ltr'><strong>oi</strong></span> <span class='ocrx_word' id='word_1_41' title='bbox 1488 527 1855 597; x_wconf 79' lang='grc' dir='ltr'>παρθενῶνες,</span> 
     </span>
    </p>
   </div>
   <div class='ocr_carea' id='block_1_8' title="bbox 278 609 1855 688">
    <p class='ocr_par' dir='ltr' id='par_1_8' title="bbox 278 609 1855 688">
     <span class='ocr_line' id='line_1_8' title="bbox 278 609 1855 688; baseline 0.004 -26"><span class='ocrx_word' id='word_1_42' title='bbox 278 611 377 664; x_wconf 79' lang='grc' dir='ltr'><strong>καὶ</strong></span> <span class='ocrx_word' id='word_1_43' title='bbox 410 611 479 664; x_wconf 80' lang='grc' dir='ltr'>τὰ</span> <span class='ocrx_word' id='word_1_44' title='bbox 513 611 765 682; x_wconf 78' lang='grc' dir='ltr'>ἐγγραφα</span> <span class='ocrx_word' id='word_1_45' title='bbox 801 612 1166 683; x_wconf 78' lang='grc' dir='ltr'><strong>διατάγματα,</strong></span> <span class='ocrx_word' id='word_1_46' title='bbox 1206 609 1288 677; x_wconf 76' lang='grc' dir='ltr'><strong>οἷς</strong></span> <span class='ocrx_word' id='word_1_47' title='bbox 1320 616 1501 669; x_wconf 85' lang='grc' dir='ltr'>πᾶσαν</span> <span class='ocrx_word' id='word_1_48' title='bbox 1536 615 1635 686; x_wconf 84' lang='grc' dir='ltr'><strong>μὲν</strong></span> <span class='ocrx_word' id='word_1_49' title='bbox 1660 616 1855 688; x_wconf 77' lang='grc' dir='ltr'>αἴσθη-</span> 
     </span>
    </p>
   </div>
   <div class='ocr_carea' id='block_1_9' title="bbox 277 702 1855 777">
    <p class='ocr_par' dir='ltr' id='par_1_9' title="bbox 277 702 1855 777">
     <span class='ocr_line' id='line_1_9' title="bbox 277 702 1855 777; baseline 0.004 -24"><span class='ocrx_word' id='word_1_50' title='bbox 277 717 369 754; x_wconf 82' lang='grc' dir='ltr'><strong>σιν</strong></span> <span class='ocrx_word' id='word_1_51' title='bbox 394 702 743 773; x_wconf 79' lang='grc' dir='ltr'>ἐσωφρόνιζε,</span> <span class='ocrx_word' id='word_1_52' title='bbox 797 704 906 756; x_wconf 81' lang='grc' dir='ltr'>πᾶν</span> <span class='ocrx_word' id='word_1_53' title='bbox 935 704 993 756; x_wconf 84' lang='grc' dir='ltr'><strong>δὲ</strong></span> <span class='ocrx_word' id='word_1_54' title='bbox 1026 704 1187 774; x_wconf 82' lang='grc' dir='ltr'><strong>μέλος</strong></span> <span class='ocrx_word' id='word_1_55' title='bbox 1234 704 1517 777; x_wconf 79' lang='grc' dir='ltr'>ὲρύθμιζε,</span> <span class='ocrx_word' id='word_1_56' title='bbox 1560 707 1654 760; x_wconf 73' lang='grc' dir='ltr'>καὶ</span> <span class='ocrx_word' id='word_1_57' title='bbox 1686 707 1855 770; x_wconf 79' lang='grc' dir='ltr'>ὅντως</span> 
     </span>
    </p>
   </div>
   <div class='ocr_carea' id='block_1_10' title="bbox 277 797 1853 870">
    <p class='ocr_par' dir='ltr' id='par_1_10' title="bbox 277 797 1853 870">
     <span class='ocr_line' id='line_1_10' title="bbox 277 797 1853 870; baseline 0.003 -21"><span class='ocrx_word' id='word_1_58' title='bbox 277 798 633 868; x_wconf 80' lang='grc' dir='ltr'>παρθενεύειν</span> <span class='ocrx_word' id='word_1_59' title='bbox 654 798 887 862; x_wconf 82' lang='grc' dir='ltr'>ἔπειθεν,</span> <span class='ocrx_word' id='word_1_60' title='bbox 912 797 1042 851; x_wconf 76' lang='grc' dir='ltr'>εἴσω</span> <span class='ocrx_word' id='word_1_61' title='bbox 1063 799 1132 851; x_wconf 75' lang='grc' dir='ltr'>τὰ</span> <span class='ocrx_word' id='word_1_62' title='bbox 1156 799 1321 870; x_wconf 81' lang='grc' dir='ltr'>κάλλη</span> <span class='ocrx_word' id='word_1_63' title='bbox 1347 801 1597 870; x_wconf 80' lang='grc' dir='ltr'>στρέφων</span> <span class='ocrx_word' id='word_1_64' title='bbox 1622 800 1725 852; x_wconf 81' lang='grc' dir='ltr'><strong>ἀπὸ</strong></span> <span class='ocrx_word' id='word_1_65' title='bbox 1745 800 1853 853; x_wconf 87' lang='grc' dir='ltr'><strong>τῶν</strong></span> 
     </span>
    </p>
   </div>
   <div class='ocr_carea' id='block_1_11' title="bbox 271 887 1854 960">
    <p class='ocr_par' dir='ltr' id='par_1_11' title="bbox 271 887 1854 960">
     <span class='ocr_line' id='line_1_11' title="bbox 271 887 1854 960; baseline 0.001 -19"><span class='ocrx_word' id='word_1_66' title='bbox 271 889 569 960; x_wconf 82' lang='grc' dir='ltr'>ὁρωμένων</span> <span class='ocrx_word' id='word_1_67' title='bbox 595 889 688 941; x_wconf 76' lang='grc' dir='ltr'><strong>ἐπὶ</strong></span> <span class='ocrx_word' id='word_1_68' title='bbox 715 889 783 942; x_wconf 86' lang='grc' dir='ltr'>τὰ</span> <span class='ocrx_word' id='word_1_69' title='bbox 810 889 884 960; x_wconf 85' lang='grc' dir='ltr'>μὴ</span> <span class='ocrx_word' id='word_1_70' title='bbox 917 887 1221 958; x_wconf 88' lang='grc' dir='ltr'>βλεπόμενα</span> <span class='ocrx_word' id='word_1_71' title='bbox 1244 907 1256 919; x_wconf 90' lang='grc'><strong>·</strong></span> <span class='ocrx_word' id='word_1_72' title='bbox 1291 890 1464 943; x_wconf 76' lang='grc' dir='ltr'>καὶτὸ</span> <span class='ocrx_word' id='word_1_73' title='bbox 1491 890 1587 960; x_wconf 84' lang='grc' dir='ltr'><strong>μὲν</strong></span> <span class='ocrx_word' id='word_1_74' title='bbox 1619 891 1694 959; x_wconf 80' lang='grc'>(5)</span> <span class='ocrx_word' id='word_1_75' title='bbox 1723 889 1854 954; x_wconf 81' lang='grc' dir='ltr'>ἔξω-</span> 
     </span>
    </p>
   </div>
   <div class='ocr_carea' id='block_1_12' title="bbox 188 976 1853 1051">
    <p class='ocr_par' dir='ltr' id='par_1_12' title="bbox 188 976 1853 1051">
     <span class='ocr_line' id='line_1_12' title="bbox 188 976 1853 1051; baseline 0.002 -21"><span class='ocrx_word' id='word_1_76' title='bbox 188 976 199 987; x_wconf 71' lang='grc'><strong>“</strong></span> <span class='ocrx_word' id='word_1_77' title='bbox 270 978 370 1032; x_wconf 82' lang='grc' dir='ltr'><strong>θεν</strong></span> <span class='ocrx_word' id='word_1_78' title='bbox 401 979 821 1049; x_wconf 83' lang='grc' dir='ltr'>ἀπομαραίνων,</span> <span class='ocrx_word' id='word_1_79' title='bbox 864 980 958 1032; x_wconf 76' lang='grc' dir='ltr'><strong>καὶ</strong></span> <span class='ocrx_word' id='word_1_80' title='bbox 1006 979 1104 1050; x_wconf 82' lang='grc' dir='ltr'><strong>τὴν</strong></span> <span class='ocrx_word' id='word_1_81' title='bbox 1165 978 1296 1051; x_wconf 77' lang='grc' dir='ltr'>ὕλην</span> <span class='ocrx_word' id='word_1_82' title='bbox 1356 979 1613 1033; x_wconf 83' lang='grc' dir='ltr'>ὑποσπῶν</span> <span class='ocrx_word' id='word_1_83' title='bbox 1649 980 1724 1051; x_wconf 69' lang='grc'>(4)</span> <span class='ocrx_word' id='word_1_84' title='bbox 1754 982 1853 1051; x_wconf 82' lang='grc' dir='ltr'>τῆς</span> 
     </span>
    </p>
   </div>
   <div class='ocr_carea' id='block_1_13' title="bbox 271 1067 1851 1139">
    <p class='ocr_par' dir='ltr' id='par_1_13' title="bbox 271 1067 1851 1139">
     <span class='ocr_line' id='line_1_13' title="bbox 271 1067 1851 1139; baseline 0.001 -19"><span class='ocrx_word' id='word_1_85' title='bbox 271 1069 493 1137; x_wconf 78' lang='grc' dir='ltr'>φλογὸς,</span> <span class='ocrx_word' id='word_1_86' title='bbox 520 1068 580 1121; x_wconf 84' lang='grc' dir='ltr'>τὸ</span> <span class='ocrx_word' id='word_1_87' title='bbox 610 1069 666 1121; x_wconf 82' lang='grc' dir='ltr'><strong>δὲ</strong></span> <span class='ocrx_word' id='word_1_88' title='bbox 704 1069 945 1139; x_wconf 76' lang='grc' dir='ltr'>κρυπτὸν</span> <span class='ocrx_word' id='word_1_89' title='bbox 965 1067 1041 1138; x_wconf 79' lang='grc' dir='ltr'><strong>τῷ</strong></span> <span class='ocrx_word' id='word_1_90' title='bbox 1065 1069 1183 1138; x_wconf 85' lang='grc' dir='ltr'><strong>Θεῷ</strong></span> <span class='ocrx_word' id='word_1_91' title='bbox 1210 1068 1442 1132; x_wconf 83' lang='grc' dir='ltr'>δεικνὺς,</span> <span class='ocrx_word' id='word_1_92' title='bbox 1471 1068 1530 1132; x_wconf 81' lang='grc' dir='ltr'><strong>ὃς</strong></span> <span class='ocrx_word' id='word_1_93' title='bbox 1558 1069 1716 1139; x_wconf 84' lang='grc' dir='ltr'>μόνος</span> <span class='ocrx_word' id='word_1_94' title='bbox 1743 1069 1851 1123; x_wconf 88' lang='grc' dir='ltr'><strong>τῶν</strong></span> 
     </span>
    </p>
   </div>
   <div class='ocr_carea' id='block_1_14' title="bbox 268 1161 1851 1232">
    <p class='ocr_par' dir='ltr' id='par_1_14' title="bbox 268 1161 1851 1232">
     <span class='ocr_line' id='line_1_14' title="bbox 268 1161 1851 1232; baseline 0 -18"><span class='ocrx_word' id='word_1_95' title='bbox 268 1161 533 1232; x_wconf 80' lang='grc' dir='ltr'>καθαρῶν</span> <span class='ocrx_word' id='word_1_96' title='bbox 564 1161 752 1231; x_wconf 79' lang='grc' dir='ltr'>ψυχῶν</span> <span class='ocrx_word' id='word_1_97' title='bbox 800 1163 916 1215; x_wconf 79' lang='grc' dir='ltr'>ἐστι</span> <span class='ocrx_word' id='word_1_98' title='bbox 950 1162 1206 1232; x_wconf 75' lang='grc' dir='ltr'>νυμφίος,</span> <span class='ocrx_word' id='word_1_99' title='bbox 1256 1163 1351 1214; x_wconf 78' lang='grc' dir='ltr'><strong>καὶ</strong></span> <span class='ocrx_word' id='word_1_100' title='bbox 1400 1162 1498 1224; x_wconf 81' lang='grc' dir='ltr'><strong>τὰς</strong></span> <span class='ocrx_word' id='word_1_101' title='bbox 1540 1161 1851 1231; x_wconf 80' lang='grc' dir='ltr'>ἀγρύπνους</span> 
     </span>
    </p>
   </div>
   <div class='ocr_carea' id='block_1_15' title="bbox 269 1252 1848 1323">
    <p class='ocr_par' dir='ltr' id='par_1_15' title="bbox 269 1252 1848 1323">
     <span class='ocr_line' id='line_1_15' title="bbox 269 1252 1848 1323; baseline 0.001 -18"><span class='ocrx_word' id='word_1_102' title='bbox 269 1253 454 1322; x_wconf 77' lang='grc' dir='ltr'>ἑαυτῷ</span> <span class='ocrx_word' id='word_1_103' title='bbox 508 1252 816 1320; x_wconf 78' lang='grc' dir='ltr'>συνεισάγει</span> <span class='ocrx_word' id='word_1_104' title='bbox 861 1252 1058 1323; x_wconf 68' lang='grc' dir='ltr'>ψυχὰς,</span> <span class='ocrx_word' id='word_1_105' title='bbox 1111 1254 1205 1307; x_wconf 73' lang='grc' dir='ltr'>ἐὰν</span> <span class='ocrx_word' id='word_1_106' title='bbox 1260 1253 1395 1322; x_wconf 81' lang='grc' dir='ltr'>μετά</span> <span class='ocrx_word' id='word_1_107' title='bbox 1440 1252 1708 1323; x_wconf 81' lang='grc' dir='ltr'>λαμπρῶν</span> <span class='ocrx_word' id='word_1_108' title='bbox 1740 1252 1848 1306; x_wconf 89' lang='grc' dir='ltr'><strong>τῶν</strong></span> 
     </span>
    </p>
   </div>
   <div class='ocr_carea' id='block_1_16' title="bbox 268 1341 1848 1414">
    <p class='ocr_par' dir='ltr' id='par_1_16' title="bbox 268 1341 1848 1414">
     <span class='ocr_line' id='line_1_16' title="bbox 268 1341 1848 1414; baseline 0.002 -21"><span class='ocrx_word' id='word_1_109' title='bbox 268 1342 572 1413; x_wconf 79' lang='grc' dir='ltr'>λαμπάδων</span> <span class='ocrx_word' id='word_1_110' title='bbox 616 1341 767 1412; x_wconf 82' lang='grc' dir='ltr'>αὐτῷ</span> <span class='ocrx_word' id='word_1_111' title='bbox 799 1343 896 1414; x_wconf 77' lang='grc'>(5),</span> <span class='ocrx_word' id='word_1_112' title='bbox 931 1344 1025 1396; x_wconf 78' lang='grc' dir='ltr'><strong>καὶ</strong></span> <span class='ocrx_word' id='word_1_113' title='bbox 1064 1342 1322 1412; x_wconf 64' lang='grc' dir='ltr'>δαψιλούς</span> <span class='ocrx_word' id='word_1_114' title='bbox 1379 1343 1479 1413; x_wconf 83' lang='grc' dir='ltr'>τῆς</span> <span class='ocrx_word' id='word_1_115' title='bbox 1517 1344 1611 1396; x_wconf 82' lang='grc' dir='ltr'>τοῦ</span> <span class='ocrx_word' id='word_1_116' title='bbox 1666 1342 1848 1397; x_wconf 81' lang='grc' dir='ltr'>ἐλαίου</span> 
     </span>
    </p>
   </div>
   <div class='ocr_carea' id='block_1_17' title="bbox 267 1430 1849 1504">
    <p class='ocr_par' dir='ltr' id='par_1_17' title="bbox 267 1430 1849 1504">
     <span class='ocr_line' id='line_1_17' title="bbox 267 1430 1849 1504; baseline 0.003 -21"><span class='ocrx_word' id='word_1_117' title='bbox 267 1430 478 1501; x_wconf 78' lang='grc' dir='ltr'>τροφῆς</span> <span class='ocrx_word' id='word_1_118' title='bbox 502 1432 918 1502; x_wconf 72' lang='grc' dir='ltr'>ἀπαντήσωσινς</span> <span class='ocrx_word' id='word_1_119' title='bbox 947 1432 1053 1485; x_wconf 79' lang='grc' dir='ltr'><strong>Τοῦ</strong></span> <span class='ocrx_word' id='word_1_120' title='bbox 1082 1433 1261 1486; x_wconf 83' lang='grc' dir='ltr'>τοίνυν</span> <span class='ocrx_word' id='word_1_121' title='bbox 1293 1432 1559 1504; x_wconf 83' lang='grc' dir='ltr'>ὲρημικοῦ</span> <span class='ocrx_word' id='word_1_122' title='bbox 1590 1432 1723 1503; x_wconf 84' lang='grc' dir='ltr'>βίου,</span> <span class='ocrx_word' id='word_1_123' title='bbox 1752 1436 1849 1488; x_wconf 79' lang='grc' dir='ltr'><strong>καὶ</strong></span> 
     </span>
    </p>
   </div>
   <div class='ocr_carea' id='block_1_18' title="bbox 267 1521 1845 1596">
    <p class='ocr_par' dir='ltr' id='par_1_18' title="bbox 267 1521 1845 1596">
     <span class='ocr_line' id='line_1_18' title="bbox 267 1521 1845 1596; baseline 0.003 -21"><span class='ocrx_word' id='word_1_124' title='bbox 267 1521 367 1575; x_wconf 81' lang='grc' dir='ltr'>τοῦ</span> <span class='ocrx_word' id='word_1_125' title='bbox 397 1523 640 1592; x_wconf 83' lang='grc' dir='ltr'>μιγάδος,</span> <span class='ocrx_word' id='word_1_126' title='bbox 671 1525 991 1594; x_wconf 83' lang='grc' dir='ltr'>μαχομένων</span> <span class='ocrx_word' id='word_1_127' title='bbox 1015 1525 1152 1596; x_wconf 81' lang='grc' dir='ltr'>πρὸς</span> <span class='ocrx_word' id='word_1_128' title='bbox 1175 1525 1435 1596; x_wconf 74' lang='grc' dir='ltr'>ἀλλήλους</span> <span class='ocrx_word' id='word_1_129' title='bbox 1462 1526 1536 1587; x_wconf 82' lang='grc' dir='ltr'>ὡς</span> <span class='ocrx_word' id='word_1_130' title='bbox 1561 1525 1630 1579; x_wconf 82' lang='grc' dir='ltr'><strong>τὰ</strong></span> <span class='ocrx_word' id='word_1_131' title='bbox 1653 1526 1845 1592; x_wconf 85' lang='grc' dir='ltr'>πολλὰ,</span> 
     </span>
    </p>
   </div>
   <div class='ocr_carea' id='block_1_19' title="bbox 269 1614 1846 1689">
    <p class='ocr_par' dir='ltr' id='par_1_19' title="bbox 269 1614 1846 1689">
     <span class='ocr_line' id='line_1_19' title="bbox 269 1614 1846 1689; baseline 0.003 -22"><span class='ocrx_word' id='word_1_132' title='bbox 269 1616 368 1667; x_wconf 75' lang='grc' dir='ltr'><strong>καὶ</strong></span> <span class='ocrx_word' id='word_1_133' title='bbox 389 1614 771 1686; x_wconf 78' lang='grc' dir='ltr'>διισταμένων,</span> <span class='ocrx_word' id='word_1_134' title='bbox 802 1616 895 1669; x_wconf 71' lang='grc' dir='ltr'><strong>καὶ</strong></span> <span class='ocrx_word' id='word_1_135' title='bbox 919 1617 1207 1689; x_wconf 77' lang='grc' dir='ltr'>οὐδετέρου</span> <span class='ocrx_word' id='word_1_136' title='bbox 1245 1618 1316 1686; x_wconf 86' lang='grc'><strong>(6)</strong></span> <span class='ocrx_word' id='word_1_137' title='bbox 1352 1618 1569 1679; x_wconf 82' lang='grc' dir='ltr'>πάντως</span> <span class='ocrx_word' id='word_1_138' title='bbox 1663 1619 1723 1671; x_wconf 86' lang='grc' dir='ltr'>τὺ</span> <span class='ocrx_word' id='word_1_139' title='bbox 1745 1636 1846 1672; x_wconf 85' lang='grc' dir='ltr'>κα·-</span> 
     </span>
    </p>
   </div>
   <div class='ocr_carea' id='block_1_20' title="bbox 1960 441 3523 514">
    <p class='ocr_par' dir='ltr' id='par_1_20' title="bbox 1960 441 3523 514">
     <span class='ocr_line' id='line_1_20' title="bbox 1960 441 3523 514; baseline 0.003 -20"><span class='ocrx_word' id='word_1_140' title='bbox 1960 441 2181 495; x_wconf 88' lang='lat' dir='ltr'><strong>nitatem</strong></span> <span class='ocrx_word' id='word_1_141' title='bbox 2206 442 2260 495; x_wconf 92' lang='lat' dir='ltr'><strong>in</strong></span> <span class='ocrx_word' id='word_1_142' title='bbox 2288 445 2461 511; x_wconf 88' lang='lat' dir='ltr'><strong>pretio</strong></span> <span class='ocrx_word' id='word_1_143' title='bbox 2514 442 2724 507; x_wconf 87' lang='lat' dir='ltr'><strong>habuit,</strong></span> <span class='ocrx_word' id='word_1_144' title='bbox 2766 451 2861 497; x_wconf 90' lang='lat' dir='ltr'><strong>aut</strong></span> <span class='ocrx_word' id='word_1_145' title='bbox 2892 443 3041 497; x_wconf 89' lang='lat' dir='ltr'><strong>carni</strong></span> <span class='ocrx_word' id='word_1_146' title='bbox 3084 443 3523 514; x_wconf 81' lang='lat' dir='ltr'><strong>Iegesimposuit,</strong></span> 
     </span>
    </p>
   </div>
   <div class='ocr_carea' id='block_1_21' title="bbox 1957 531 3529 606">
    <p class='ocr_par' dir='ltr' id='par_1_21' title="bbox 1957 531 3529 606">
     <span class='ocr_line' id='line_1_21' title="bbox 1957 531 3529 606; baseline 0.004 -23"><span class='ocrx_word' id='word_1_147' title='bbox 1957 531 2135 601; x_wconf 87' lang='lat' dir='ltr'><strong>idque,</strong></span> <span class='ocrx_word' id='word_1_148' title='bbox 2167 547 2270 587; x_wconf 90' lang='lat' dir='ltr'><strong>non</strong></span> <span class='ocrx_word' id='word_1_149' title='bbox 2292 548 2390 588; x_wconf 89' lang='lat' dir='ltr'><strong>suo</strong></span> <span class='ocrx_word' id='word_1_150' title='bbox 2415 542 2619 586; x_wconf 86' lang='lat' dir='ltr'><strong>tantum</strong></span> <span class='ocrx_word' id='word_1_151' title='bbox 2644 533 2906 600; x_wconf 79' lang='lat' dir='ltr'><strong>exemplo,</strong></span> <span class='ocrx_word' id='word_1_152' title='bbox 2928 534 3092 603; x_wconf 75' lang='lat'><strong>317</strong></span> <span class='ocrx_word' id='word_1_153' title='bbox 3122 535 3215 588; x_wconf 87' lang='lat' dir='ltr'><strong>sed</strong></span> <span class='ocrx_word' id='word_1_154' title='bbox 3245 535 3404 589; x_wconf 90' lang='lat' dir='ltr'><strong>etiam</strong></span> <span class='ocrx_word' id='word_1_155' title='bbox 3434 550 3529 606; x_wconf 89' lang='lat' dir='ltr'><strong>per</strong></span> 
     </span>
    </p>
   </div>
   <div class='ocr_carea' id='block_1_22' title="bbox 1954 621 3521 693">
    <p class='ocr_par' dir='ltr' id='par_1_22' title="bbox 1954 621 3521 693">
     <span class='ocr_line' id='line_1_22' title="bbox 1954 621 3521 693; baseline 0.003 -18"><span class='ocrx_word' id='word_1_156' title='bbox 1954 636 2016 675; x_wconf 89' lang='lat' dir='ltr'><strong>ea</strong></span> <span class='ocrx_word' id='word_1_157' title='bbox 2043 623 2238 692; x_wconf 84' lang='lat' dir='ltr'><strong>quibus</strong></span> <span class='ocrx_word' id='word_1_158' title='bbox 2260 637 2477 691; x_wconf 83' lang='lat' dir='ltr'><strong>operam</strong></span> <span class='ocrx_word' id='word_1_159' title='bbox 2509 623 2695 676; x_wconf 86' lang='lat' dir='ltr'><strong>dedit?</strong></span> <span class='ocrx_word' id='word_1_160' title='bbox 2724 621 2890 692; x_wconf 89' lang='lat' dir='ltr'><strong>Cujus</strong></span> <span class='ocrx_word' id='word_1_161' title='bbox 2927 635 3051 677; x_wconf 87' lang='lat' dir='ltr'><strong>sunt</strong></span> <span class='ocrx_word' id='word_1_162' title='bbox 3096 625 3365 693; x_wconf 77' lang='lat' dir='ltr'><strong>virginum</strong></span> <span class='ocrx_word' id='word_1_163' title='bbox 3406 640 3521 680; x_wconf 78' lang='lat' dir='ltr'><strong>cte-</strong></span> 
     </span>
    </p>
   </div>
   <div class='ocr_carea' id='block_1_23' title="bbox 1954 712 3531 784">
    <p class='ocr_par' dir='ltr' id='par_1_23' title="bbox 1954 712 3531 784">
     <span class='ocr_line' id='line_1_23' title="bbox 1954 712 3531 784; baseline 0.002 -17"><span class='ocrx_word' id='word_1_164' title='bbox 1954 715 2139 778; x_wconf 88' lang='lat' dir='ltr'><strong>nobia,</strong></span> <span class='ocrx_word' id='word_1_165' title='bbox 2165 728 2227 767; x_wconf 91' lang='lat' dir='ltr'><strong>ac</strong></span> <span class='ocrx_word' id='word_1_166' title='bbox 2262 722 2527 783; x_wconf 70' lang='lat' dir='ltr'><strong>praecepta</strong></span> <span class='ocrx_word' id='word_1_167' title='bbox 2555 712 2641 766; x_wconf 90' lang='lat' dir='ltr'><strong>illa</strong></span> <span class='ocrx_word' id='word_1_168' title='bbox 2671 713 2872 769; x_wconf 73' lang='lat' dir='ltr'><strong>litteris</strong></span> <span class='ocrx_word' id='word_1_169' title='bbox 2903 714 3156 769; x_wconf 89' lang='lat' dir='ltr'><strong>mandata</strong></span> <span class='ocrx_word' id='word_1_170' title='bbox 3180 755 3195 778; x_wconf 89' lang='lat'><strong>,</strong></span> <span class='ocrx_word' id='word_1_171' title='bbox 3230 716 3427 784; x_wconf 89' lang='lat' dir='ltr'><strong>quibus</strong></span> <span class='ocrx_word' id='word_1_172' title='bbox 3474 724 3531 770; x_wconf 87' lang='lat' dir='ltr'><strong>et</strong></span> 
     </span>
    </p>
   </div>
   <div class='ocr_carea' id='block_1_24' title="bbox 1952 802 3518 871">
    <p class='ocr_par' dir='ltr' id='par_1_24' title="bbox 1952 802 3518 871">
     <span class='ocr_line' id='line_1_24' title="bbox 1952 802 3518 871; baseline 0.001 -14"><span class='ocrx_word' id='word_1_173' title='bbox 1952 817 2141 858; x_wconf 88' lang='lat' dir='ltr'><strong>omnes</strong></span> <span class='ocrx_word' id='word_1_174' title='bbox 2170 817 2362 856; x_wconf 89' lang='lat' dir='ltr'><strong>sensus</strong></span> <span class='ocrx_word' id='word_1_175' title='bbox 2398 802 2701 864; x_wconf 90' lang='lat' dir='ltr'><strong>coercebat,</strong></span> <span class='ocrx_word' id='word_1_176' title='bbox 2730 811 2783 855; x_wconf 91' lang='lat' dir='ltr'><strong>et</strong></span> <span class='ocrx_word' id='word_1_177' title='bbox 2814 804 3054 857; x_wconf 84' lang='lat' dir='ltr'><strong>membra</strong></span> <span class='ocrx_word' id='word_1_178' title='bbox 3082 804 3262 858; x_wconf 82' lang='lat' dir='ltr'><strong>omnia</strong></span> <span class='ocrx_word' id='word_1_179' title='bbox 3295 819 3518 871; x_wconf 86' lang='lat' dir='ltr'><strong>compo-</strong></span> 
     </span>
    </p>
   </div>
   <div class='ocr_carea' id='block_1_25' title="bbox 1953 888 3579 959">
    <p class='ocr_par' dir='ltr' id='par_1_25' title="bbox 1953 888 3579 959">
     <span class='ocr_line' id='line_1_25' title="bbox 1953 888 3579 959; baseline 0.003 -17"><span class='ocrx_word' id='word_1_180' title='bbox 1953 888 2135 953; x_wconf 88' lang='lat' dir='ltr'><strong>nebat,</strong></span> <span class='ocrx_word' id='word_1_181' title='bbox 2192 904 2255 942; x_wconf 89' lang='lat' dir='ltr'><strong>ac</strong></span> <span class='ocrx_word' id='word_1_182' title='bbox 2305 904 2432 943; x_wconf 86' lang='lat' dir='ltr'><strong>vere</strong></span> <span class='ocrx_word' id='word_1_183' title='bbox 2505 890 2866 958; x_wconf 80' lang='lat' dir='ltr'><strong>virginitatem</strong></span> <span class='ocrx_word' id='word_1_184' title='bbox 2929 891 3107 946; x_wconf 89' lang='lat' dir='ltr'><strong>colere</strong></span> <span class='ocrx_word' id='word_1_185' title='bbox 3177 893 3523 959; x_wconf 89' lang='lat' dir='ltr'><strong>admonebat,</strong></span> <span class='ocrx_word' id='word_1_186' title='bbox 3572 914 3579 921; x_wconf 92' lang='grc'><strong>·</strong></span> 
     </span>
    </p>
   </div>
   <div class='ocr_carea' id='block_1_26' title="bbox 1950 979 3526 1049">
    <p class='ocr_par' dir='ltr' id='par_1_26' title="bbox 1950 979 3526 1049">
     <span class='ocr_line' id='line_1_26' title="bbox 1950 979 3526 1049; baseline 0.003 -16"><span class='ocrx_word' id='word_1_187' title='bbox 1950 979 2425 1049; x_wconf 89' lang='lat' dir='ltr'><strong>pulchritudinem,</strong></span> <span class='ocrx_word' id='word_1_188' title='bbox 2453 980 2521 1032; x_wconf 90' lang='lat' dir='ltr'><strong>ah</strong></span> <span class='ocrx_word' id='word_1_189' title='bbox 2556 980 2621 1032; x_wconf 89' lang='lat' dir='ltr'><strong>iis</strong></span> <span class='ocrx_word' id='word_1_190' title='bbox 2653 981 2831 1044; x_wconf 84' lang='lat' dir='ltr'><strong>rebus,</strong></span> <span class='ocrx_word' id='word_1_191' title='bbox 2864 996 2982 1049; x_wconf 68' lang='lat' dir='ltr'><strong>qua:</strong></span> <span class='ocrx_word' id='word_1_192' title='bbox 3020 992 3235 1048; x_wconf 87' lang='lat' dir='ltr'><strong>aspectu</strong></span> <span class='ocrx_word' id='word_1_193' title='bbox 3281 985 3526 1037; x_wconf 86' lang='lat' dir='ltr'><strong>sentiun-</strong></span> 
     </span>
    </p>
   </div>
   <div class='ocr_carea' id='block_1_27' title="bbox 1953 1072 3520 1144">
    <p class='ocr_par' dir='ltr' id='par_1_27' title="bbox 1953 1072 3520 1144">
     <span class='ocr_line' id='line_1_27' title="bbox 1953 1072 3520 1144; baseline 0.004 -20"><span class='ocrx_word' id='word_1_194' title='bbox 1953 1081 2059 1138; x_wconf 86' lang='lat' dir='ltr'><strong>tur,</strong></span> <span class='ocrx_word' id='word_1_195' title='bbox 2089 1072 2156 1126; x_wconf 85' lang='lat' dir='ltr'><strong>ad</strong></span> <span class='ocrx_word' id='word_1_196' title='bbox 2183 1086 2268 1136; x_wconf 89' lang='lat' dir='ltr'><strong>ea,</strong></span> <span class='ocrx_word' id='word_1_197' title='bbox 2299 1087 2416 1140; x_wconf 84' lang='lat' dir='ltr'><strong>quae</strong></span> <span class='ocrx_word' id='word_1_198' title='bbox 2449 1073 2726 1126; x_wconf 89' lang='lat' dir='ltr'><strong>oculorum</strong></span> <span class='ocrx_word' id='word_1_199' title='bbox 2759 1073 3004 1127; x_wconf 89' lang='lat' dir='ltr'><strong>obtutum</strong></span> <span class='ocrx_word' id='word_1_200' title='bbox 3032 1074 3263 1144; x_wconf 82' lang='lat' dir='ltr'><strong>fugiunt,</strong></span> <span class='ocrx_word' id='word_1_201' title='bbox 3289 1091 3520 1130; x_wconf 86' lang='lat' dir='ltr'><strong>conver-</strong></span> 
     </span>
    </p>
   </div>
   <div class='ocr_carea' id='block_1_28' title="bbox 1948 1158 3523 1228">
    <p class='ocr_par' dir='ltr' id='par_1_28' title="bbox 1948 1158 3523 1228">
     <span class='ocr_line' id='line_1_28' title="bbox 1948 1158 3523 1228; baseline 0.002 -16"><span class='ocrx_word' id='word_1_202' title='bbox 1948 1165 2104 1225; x_wconf 87' lang='lat' dir='ltr'><strong>tens;</strong></span> <span class='ocrx_word' id='word_1_203' title='bbox 2130 1169 2290 1228; x_wconf 90' lang='lat' dir='ltr'><strong>atque</strong></span> <span class='ocrx_word' id='word_1_204' title='bbox 2341 1159 2392 1211; x_wconf 89' lang='lat' dir='ltr'><strong>id</strong></span> <span class='ocrx_word' id='word_1_205' title='bbox 2423 1158 2660 1226; x_wconf 88' lang='lat' dir='ltr'><strong>quidem,</strong></span> <span class='ocrx_word' id='word_1_206' title='bbox 2716 1161 2859 1226; x_wconf 83' lang='lat' dir='ltr'><strong>quod</strong></span> <span class='ocrx_word' id='word_1_207' title='bbox 2885 1169 3164 1213; x_wconf 78' lang='lat' dir='ltr'><strong>externum</strong></span> <span class='ocrx_word' id='word_1_208' title='bbox 3193 1170 3298 1227; x_wconf 80' lang='lat' dir='ltr'><strong>est,</strong></span> <span class='ocrx_word' id='word_1_209' title='bbox 3330 1162 3523 1216; x_wconf 88' lang='lat' dir='ltr'><strong>debili-</strong></span> 
     </span>
    </p>
   </div>
   <div class='ocr_carea' id='block_1_29' title="bbox 1953 1244 3517 1319">
    <p class='ocr_par' dir='ltr' id='par_1_29' title="bbox 1953 1244 3517 1319">
     <span class='ocr_line' id='line_1_29' title="bbox 1953 1244 3517 1319; baseline 0.004 -20"><span class='ocrx_word' id='word_1_210' title='bbox 1953 1256 2093 1309; x_wconf 88' lang='lat' dir='ltr'><strong>tans,</strong></span> <span class='ocrx_word' id='word_1_211' title='bbox 2120 1244 2457 1315; x_wconf 83' lang='lat' dir='ltr'><strong>ﬂammaeque</strong></span> <span class='ocrx_word' id='word_1_212' title='bbox 2482 1251 2763 1301; x_wconf 85' lang='lat' dir='ltr'><strong>materiam</strong></span> <span class='ocrx_word' id='word_1_213' title='bbox 2794 1248 3133 1314; x_wconf 90' lang='lat' dir='ltr'><strong>subtrahens,</strong></span> <span class='ocrx_word' id='word_1_214' title='bbox 3166 1252 3307 1319; x_wconf 90' lang='lat' dir='ltr'><strong>quod</strong></span> <span class='ocrx_word' id='word_1_215' title='bbox 3337 1263 3517 1306; x_wconf 77' lang='lat' dir='ltr'><strong>autem</strong></span> 
     </span>
    </p>
   </div>
   <div class='ocr_carea' id='block_1_30' title="bbox 1952 1340 3518 1412">
    <p class='ocr_par' dir='ltr' id='par_1_30' title="bbox 1952 1340 3518 1412">
     <span class='ocr_line' id='line_1_30' title="bbox 1952 1340 3518 1412; baseline 0.003 -19"><span class='ocrx_word' id='word_1_216' title='bbox 1952 1340 2220 1394; x_wconf 86' lang='lat' dir='ltr'><strong>internum</strong></span> <span class='ocrx_word' id='word_1_217' title='bbox 2248 1347 2303 1393; x_wconf 88' lang='lat' dir='ltr'><strong>et</strong></span> <span class='ocrx_word' id='word_1_218' title='bbox 2338 1340 2607 1394; x_wconf 90' lang='lat' dir='ltr'><strong>occultum</strong></span> <span class='ocrx_word' id='word_1_219' title='bbox 2633 1349 2736 1406; x_wconf 90' lang='lat' dir='ltr'><strong>est,</strong></span> <span class='ocrx_word' id='word_1_220' title='bbox 2790 1340 2920 1406; x_wconf 90' lang='lat' dir='ltr'><strong>Deo,</strong></span> <span class='ocrx_word' id='word_1_221' title='bbox 2952 1343 3042 1411; x_wconf 91' lang='lat' dir='ltr'><strong>qui</strong></span> <span class='ocrx_word' id='word_1_222' title='bbox 3075 1342 3222 1397; x_wconf 86' lang='lat' dir='ltr'><strong>solus</strong></span> <span class='ocrx_word' id='word_1_223' title='bbox 3244 1351 3328 1398; x_wconf 86' lang='lat' dir='ltr'><strong>est</strong></span> <span class='ocrx_word' id='word_1_224' title='bbox 3356 1359 3518 1412; x_wconf 87' lang='lat' dir='ltr'><strong>pura-</strong></span> 
     </span>
    </p>
   </div>
   <div class='ocr_carea' id='block_1_31' title="bbox 1949 1433 3516 1502">
    <p class='ocr_par' dir='ltr' id='par_1_31' title="bbox 1949 1433 3516 1502">
     <span class='ocr_line' id='line_1_31' title="bbox 1949 1433 3516 1502; baseline 0.002 -17"><span class='ocrx_word' id='word_1_225' title='bbox 1949 1448 2067 1486; x_wconf 88' lang='lat' dir='ltr'><strong>rum</strong></span> <span class='ocrx_word' id='word_1_226' title='bbox 2120 1433 2423 1487; x_wconf 88' lang='lat' dir='ltr'><strong>animarum</strong></span> <span class='ocrx_word' id='word_1_227' title='bbox 2467 1447 2722 1500; x_wconf 83' lang='lat' dir='ltr'><strong>sponsus,</strong></span> <span class='ocrx_word' id='word_1_228' title='bbox 2767 1441 2930 1502; x_wconf 89' lang='lat' dir='ltr'><strong>atque</strong></span> <span class='ocrx_word' id='word_1_229' title='bbox 2976 1435 3251 1490; x_wconf 84' lang='lat' dir='ltr'><strong>insomnes</strong></span> <span class='ocrx_word' id='word_1_230' title='bbox 3280 1438 3516 1502; x_wconf 90' lang='lat' dir='ltr'><strong>animas,</strong></span> 
     </span>
    </p>
   </div>
   <div class='ocr_carea' id='block_1_32' title="bbox 1948 1523 3520 1594">
    <p class='ocr_par' dir='ltr' id='par_1_32' title="bbox 1948 1523 3520 1594">
     <span class='ocr_line' id='line_1_32' title="bbox 1948 1523 3520 1594; baseline -0.001 -16"><span class='ocrx_word' id='word_1_231' title='bbox 1948 1523 1994 1578; x_wconf 87' lang='lat' dir='ltr'><strong>si</strong></span> <span class='ocrx_word' id='word_1_232' title='bbox 2030 1524 2185 1578; x_wconf 89' lang='lat' dir='ltr'><strong>modo</strong></span> <span class='ocrx_word' id='word_1_233' title='bbox 2215 1539 2335 1577; x_wconf 88' lang='lat' dir='ltr'><strong>cum</strong></span> <span class='ocrx_word' id='word_1_234' title='bbox 2385 1523 2547 1577; x_wconf 88' lang='lat' dir='ltr'><strong>claris</strong></span> <span class='ocrx_word' id='word_1_235' title='bbox 2602 1524 2936 1590; x_wconf 85' lang='lat' dir='ltr'><strong>lampadibus</strong></span> <span class='ocrx_word' id='word_1_236' title='bbox 2958 1534 3010 1577; x_wconf 91' lang='lat' dir='ltr'><strong>et</strong></span> <span class='ocrx_word' id='word_1_237' title='bbox 3035 1526 3250 1594; x_wconf 85' lang='lat' dir='ltr'><strong>copiosa</strong></span> <span class='ocrx_word' id='word_1_238' title='bbox 3280 1527 3383 1580; x_wconf 86' lang='lat' dir='ltr'><strong>olei</strong></span> <span class='ocrx_word' id='word_1_239' title='bbox 3419 1528 3520 1578; x_wconf 81' lang='lat' dir='ltr'><strong>ali-</strong></span> 
     </span>
    </p>
   </div>
   <div class='ocr_carea' id='block_1_33' title="bbox 1947 1613 3515 1681">
    <p class='ocr_par' dir='ltr' id='par_1_33' title="bbox 1947 1613 3515 1681">
     <span class='ocr_line' id='line_1_33' title="bbox 1947 1613 3515 1681; baseline 0 -13"><span class='ocrx_word' id='word_1_240' title='bbox 1947 1616 2124 1668; x_wconf 88' lang='lat' dir='ltr'><strong>monia</strong></span> <span class='ocrx_word' id='word_1_241' title='bbox 2177 1614 2388 1667; x_wconf 81' lang='lat' dir='ltr'><strong>obviam</strong></span> <span class='ocrx_word' id='word_1_242' title='bbox 2439 1613 2536 1681; x_wconf 90' lang='lat' dir='ltr'><strong>ipsi</strong></span> <span class='ocrx_word' id='word_1_243' title='bbox 2595 1615 2908 1681; x_wconf 85' lang='lat' dir='ltr'><strong>prodierint,</strong></span> <span class='ocrx_word' id='word_1_244' title='bbox 2962 1630 3146 1669; x_wconf 89' lang='lat' dir='ltr'><strong>secum</strong></span> <span class='ocrx_word' id='word_1_245' title='bbox 3200 1617 3515 1681; x_wconf 80' lang='lat' dir='ltr'><strong>introducit,</strong></span> 
     </span>
    </p>
   </div>
   <div class='ocr_carea' id='block_1_34' title="bbox 265 1696 1852 1780">
    <p class='ocr_par' dir='ltr' id='par_1_34' title="bbox 265 1707 1841 1780">
     <span class='ocr_line' id='line_1_34' title="bbox 265 1707 1841 1780; baseline 0.001 -20"><span class='ocrx_word' id='word_1_246' title='bbox 265 1707 386 1774; x_wconf 84' lang='grc' dir='ltr'>λὸν,</span> <span class='ocrx_word' id='word_1_247' title='bbox 410 1707 443 1777; x_wconf 86' lang='grc' dir='ltr'>ἢ</span> <span class='ocrx_word' id='word_1_248' title='bbox 466 1708 528 1760; x_wconf 88' lang='grc' dir='ltr'><strong>τὸ</strong></span> <span class='ocrx_word' id='word_1_249' title='bbox 557 1707 758 1777; x_wconf 81' lang='grc' dir='ltr'>φαῦλον</span> <span class='ocrx_word' id='word_1_250' title='bbox 784 1707 1144 1777; x_wconf 74' lang='grc' dir='ltr'>ἀνεπίμικτον</span> <span class='ocrx_word' id='word_1_251' title='bbox 1174 1709 1418 1779; x_wconf 75' lang='grc' dir='ltr'>ἔχοντοςο</span> <span class='ocrx_word' id='word_1_252' title='bbox 1444 1709 1579 1762; x_wconf 85' lang='grc' dir='ltr'><strong>ἀλλά</strong></span> <span class='ocrx_word' id='word_1_253' title='bbox 1602 1709 1696 1762; x_wconf 77' lang='grc' dir='ltr'>τοῦ</span> <span class='ocrx_word' id='word_1_254' title='bbox 1722 1710 1841 1780; x_wconf 84' lang='grc' dir='ltr'>μὲν,</span> 
     </span>
    </p>
   </div>
   <div class='ocr_carea' id='block_1_35' title="bbox 1939 1696 3518 1780">
    <p class='ocr_par' dir='ltr' id='par_1_35' title="bbox 1947 1704 3518 1776">
     <span class='ocr_line' id='line_1_35' title="bbox 1947 1704 3518 1776; baseline 0 -17"><span class='ocrx_word' id='word_1_255' title='bbox 1947 1706 2296 1774; x_wconf 89' lang='lat' dir='ltr'><strong>spectandum</strong></span> <span class='ocrx_word' id='word_1_256' title='bbox 2326 1704 2600 1761; x_wconf 83' lang='lat' dir='ltr'><strong>offerens?</strong></span> <span class='ocrx_word' id='word_1_257' title='bbox 2641 1705 2774 1759; x_wconf 85' lang='lat' dir='ltr'><strong>Cum</strong></span> <span class='ocrx_word' id='word_1_258' title='bbox 2821 1707 2982 1776; x_wconf 83' lang='lat' dir='ltr'><strong>igitur</strong></span> <span class='ocrx_word' id='word_1_259' title='bbox 3021 1707 3263 1761; x_wconf 87' lang='lat' dir='ltr'><strong>solitaria</strong></span> <span class='ocrx_word' id='word_1_260' title='bbox 3292 1708 3423 1773; x_wconf 82' lang='lat' dir='ltr'><strong>vita,</strong></span> <span class='ocrx_word' id='word_1_261' title='bbox 3462 1716 3518 1760; x_wconf 85' lang='lat' dir='ltr'><strong>et</strong></span> 
     </span>
    </p>
   </div>
   <div class='ocr_carea' id='block_1_36' title="bbox 264 1798 1844 1870">
    <p class='ocr_par' dir='ltr' id='par_1_36' title="bbox 264 1798 1844 1870">
     <span class='ocr_line' id='line_1_36' title="bbox 264 1798 1844 1870; baseline 0.001 -19"><span class='ocrx_word' id='word_1_262' title='bbox 264 1798 496 1869; x_wconf 80' lang='grc' dir='ltr'>ἡσυχίου</span> <span class='ocrx_word' id='word_1_263' title='bbox 549 1800 647 1868; x_wconf 84' lang='grc' dir='ltr'>μὲν</span> <span class='ocrx_word' id='word_1_264' title='bbox 680 1798 830 1861; x_wconf 80' lang='grc' dir='ltr'>ὄντος</span> <span class='ocrx_word' id='word_1_265' title='bbox 872 1798 1092 1868; x_wconf 84' lang='grc' dir='ltr'>μᾶλλον,</span> <span class='ocrx_word' id='word_1_266' title='bbox 1134 1801 1226 1852; x_wconf 73' lang='grc' dir='ltr'><strong>καὶ</strong></span> <span class='ocrx_word' id='word_1_267' title='bbox 1275 1798 1694 1870; x_wconf 83' lang='grc' dir='ltr'>καθεστηκότος,</span> <span class='ocrx_word' id='word_1_268' title='bbox 1746 1801 1844 1852; x_wconf 82' lang='grc' dir='ltr'>καὶ</span> 
     </span>
    </p>
   </div>
   <div class='ocr_carea' id='block_1_37' title="bbox 264 1887 1840 1961">
    <p class='ocr_par' dir='ltr' id='par_1_37' title="bbox 264 1887 1840 1961">
     <span class='ocr_line' id='line_1_37' title="bbox 264 1887 1840 1961; baseline 0.003 -24"><span class='ocrx_word' id='word_1_269' title='bbox 264 1888 392 1960; x_wconf 83' lang='grc' dir='ltr'><strong>Θεῷ</strong></span> <span class='ocrx_word' id='word_1_270' title='bbox 422 1889 765 1956; x_wconf 82' lang='grc' dir='ltr'>συνάγοντος,</span> <span class='ocrx_word' id='word_1_271' title='bbox 814 1888 916 1941; x_wconf 87' lang='grc' dir='ltr'><strong>οὐκ</strong></span> <span class='ocrx_word' id='word_1_272' title='bbox 962 1887 1168 1956; x_wconf 83' lang='grc' dir='ltr'>ἀτύφου</span> <span class='ocrx_word' id='word_1_273' title='bbox 1196 1889 1272 1952; x_wconf 80' lang='grc' dir='ltr'><strong>δὲ,</strong></span> <span class='ocrx_word' id='word_1_274' title='bbox 1317 1888 1405 1941; x_wconf 84' lang='grc' dir='ltr'>διὰ</span> <span class='ocrx_word' id='word_1_275' title='bbox 1431 1888 1491 1940; x_wconf 86' lang='grc' dir='ltr'><strong>τὸ</strong></span> <span class='ocrx_word' id='word_1_276' title='bbox 1514 1889 1613 1958; x_wconf 83' lang='grc' dir='ltr'><strong>τῆς</strong></span> <span class='ocrx_word' id='word_1_277' title='bbox 1639 1889 1840 1961; x_wconf 82' lang='grc' dir='ltr'>ἀρετῆς</span> 
     </span>
    </p>
   </div>
   <div class='ocr_carea' id='block_1_38' title="bbox 264 1976 1840 2050">
    <p class='ocr_par' dir='ltr' id='par_1_38' title="bbox 264 1976 1840 2050">
     <span class='ocr_line' id='line_1_38' title="bbox 264 1976 1840 2050; baseline 0.001 -19"><span class='ocrx_word' id='word_1_278' title='bbox 264 1977 629 2032; x_wconf 80' lang='grc' dir='ltr'>ἀϐασάνιστον</span> <span class='ocrx_word' id='word_1_279' title='bbox 656 1978 749 2029; x_wconf 80' lang='grc' dir='ltr'><strong>καὶ</strong></span> <span class='ocrx_word' id='word_1_280' title='bbox 773 1976 1101 2050; x_wconf 83' lang='grc' dir='ltr'>ἀσύγκριτον</span> <span class='ocrx_word' id='word_1_281' title='bbox 1126 1994 1139 2006; x_wconf 90' lang='grc'><strong>·</strong></span> <span class='ocrx_word' id='word_1_282' title='bbox 1171 1978 1264 2032; x_wconf 84' lang='grc' dir='ltr'>τοῦ</span> <span class='ocrx_word' id='word_1_283' title='bbox 1287 1978 1362 2044; x_wconf 85' lang='grc' dir='ltr'><strong>δὲ,</strong></span> <span class='ocrx_word' id='word_1_284' title='bbox 1389 1980 1840 2050; x_wconf 83' lang='grc' dir='ltr'>πρακτικωτέρου</span> 
     </span>
    </p>
   </div>
   <div class='ocr_carea' id='block_1_39' title="bbox 266 2068 1842 2143">
    <p class='ocr_par' dir='ltr' id='par_1_39' title="bbox 266 2068 1842 2143">
     <span class='ocr_line' id='line_1_39' title="bbox 266 2068 1842 2143; baseline 0.001 -20"><span class='ocrx_word' id='word_1_285' title='bbox 266 2070 373 2140; x_wconf 78' lang='grc' dir='ltr'>μὲν</span> <span class='ocrx_word' id='word_1_286' title='bbox 402 2068 601 2140; x_wconf 79' lang='grc' dir='ltr'>μᾶλλον</span> <span class='ocrx_word' id='word_1_287' title='bbox 633 2070 727 2121; x_wconf 68' lang='grc' dir='ltr'><strong>καὶ¹</strong></span> <span class='ocrx_word' id='word_1_288' title='bbox 779 2068 1218 2141; x_wconf 83' lang='grc' dir='ltr'>χρησιμωτέρου,</span> <span class='ocrx_word' id='word_1_289' title='bbox 1254 2070 1315 2123; x_wconf 79' lang='grc' dir='ltr'>τὸ</span> <span class='ocrx_word' id='word_1_290' title='bbox 1339 2070 1395 2122; x_wconf 84' lang='grc' dir='ltr'>δὲ</span> <span class='ocrx_word' id='word_1_291' title='bbox 1427 2072 1501 2142; x_wconf 90' lang='lat'><strong>(7)</strong></span> <span class='ocrx_word' id='word_1_292' title='bbox 1532 2071 1842 2143; x_wconf 72' lang='grc' dir='ltr'>θορυϐῶδες</span> 
     </span>
    </p>
   </div>
   <div class='ocr_carea' id='block_1_40' title="bbox 261 2159 1840 2233">
    <p class='ocr_par' dir='ltr' id='par_1_40' title="bbox 261 2159 1840 2233">
     <span class='ocr_line' id='line_1_40' title="bbox 261 2159 1840 2233; baseline 0.001 -19"><span class='ocrx_word' id='word_1_293' title='bbox 261 2162 333 2214; x_wconf 85' lang='grc' dir='ltr'><strong>οὐ</strong></span> <span class='ocrx_word' id='word_1_294' title='bbox 366 2160 657 2229; x_wconf 83' lang='grc' dir='ltr'>φεύγοντος</span> <span class='ocrx_word' id='word_1_295' title='bbox 709 2159 808 2229; x_wconf 72' lang='grc'>(8),</span> <span class='ocrx_word' id='word_1_296' title='bbox 856 2160 950 2212; x_wconf 72' lang='grc' dir='ltr'>καὶ</span> <span class='ocrx_word' id='word_1_297' title='bbox 982 2159 1203 2223; x_wconf 84' lang='grc' dir='ltr'>τούτους</span> <span class='ocrx_word' id='word_1_298' title='bbox 1255 2159 1454 2231; x_wconf 81' lang='grc' dir='ltr'>ἄριστα</span> <span class='ocrx_word' id='word_1_299' title='bbox 1503 2160 1840 2233; x_wconf 82' lang='grc' dir='ltr'>κατήλλαξεν</span> 
     </span>
    </p>
   </div>
   <div class='ocr_carea' id='block_1_41' title="bbox 265 2250 1840 2323">
    <p class='ocr_par' dir='ltr' id='par_1_41' title="bbox 265 2250 1840 2323">
     <span class='ocr_line' id='line_1_41' title="bbox 265 2250 1840 2323; baseline 0 -18"><span class='ocrx_word' id='word_1_300' title='bbox 265 2250 521 2321; x_wconf 81' lang='grc' dir='ltr'>ἀλλήλοις</span> <span class='ocrx_word' id='word_1_301' title='bbox 546 2250 639 2304; x_wconf 74' lang='grc' dir='ltr'>καὶ</span> <span class='ocrx_word' id='word_1_302' title='bbox 662 2250 1020 2321; x_wconf 82' lang='grc' dir='ltr'>συνεκέρασεν</span> <span class='ocrx_word' id='word_1_303' title='bbox 1044 2268 1058 2282; x_wconf 77' lang='grc' dir='ltr'><strong><em>ο</em></strong></span> <span class='ocrx_word' id='word_1_304' title='bbox 1109 2251 1421 2323; x_wconf 83' lang='grc' dir='ltr'>ἀσκητήρια</span> <span class='ocrx_word' id='word_1_305' title='bbox 1450 2253 1524 2323; x_wconf 88' lang='grc'><strong>(9)</strong></span> <span class='ocrx_word' id='word_1_306' title='bbox 1551 2254 1645 2306; x_wconf 73' lang='grc' dir='ltr'><strong>καὶ</strong></span> <span class='ocrx_word' id='word_1_307' title='bbox 1674 2268 1840 2323; x_wconf 90' lang='grc' dir='ltr'>μονα-</span> 
     </span>
    </p>
   </div>
   <div class='ocr_carea' id='block_1_42' title="bbox 264 2340 1843 2415">
    <p class='ocr_par' dir='ltr' id='par_1_42' title="bbox 264 2340 1843 2415">
     <span class='ocr_line' id='line_1_42' title="bbox 264 2340 1843 2415; baseline 0.001 -21"><span class='ocrx_word' id='word_1_308' title='bbox 264 2342 467 2413; x_wconf 87' lang='grc' dir='ltr'>στήρια</span> <span class='ocrx_word' id='word_1_309' title='bbox 508 2341 834 2412; x_wconf 84' lang='grc' dir='ltr'>δειμάμενος</span> <span class='ocrx_word' id='word_1_310' title='bbox 886 2340 1007 2412; x_wconf 82' lang='grc' dir='ltr'>μὲν,</span> <span class='ocrx_word' id='word_1_311' title='bbox 1049 2341 1110 2393; x_wconf 83' lang='grc' dir='ltr'><strong>οὐ</strong></span> <span class='ocrx_word' id='word_1_312' title='bbox 1142 2342 1335 2415; x_wconf 74' lang='grc' dir='ltr'>πόρρω</span> <span class='ocrx_word' id='word_1_313' title='bbox 1366 2343 1425 2395; x_wconf 77' lang='grc' dir='ltr'><strong>δὲ</strong></span> <span class='ocrx_word' id='word_1_314' title='bbox 1452 2342 1561 2396; x_wconf 89' lang='grc' dir='ltr'><strong>τῶν</strong></span> <span class='ocrx_word' id='word_1_315' title='bbox 1593 2360 1843 2396; x_wconf 87' lang='grc' dir='ltr'>κοινωνι-</span> 
     </span>
    </p>
   </div>
   <div class='ocr_carea' id='block_1_43' title="bbox 260 2431 1839 2504">
    <p class='ocr_par' dir='ltr' id='par_1_43' title="bbox 260 2431 1839 2504">
     <span class='ocr_line' id='line_1_43' title="bbox 260 2431 1839 2504; baseline -0.001 -19"><span class='ocrx_word' id='word_1_316' title='bbox 260 2433 382 2485; x_wconf 85' lang='grc' dir='ltr'><strong>κῶν</strong></span> <span class='ocrx_word' id='word_1_317' title='bbox 410 2432 505 2486; x_wconf 74' lang='grc' dir='ltr'><strong>καὶ</strong></span> <span class='ocrx_word' id='word_1_318' title='bbox 555 2433 796 2504; x_wconf 82' lang='grc' dir='ltr'>μιγάδων</span> <span class='ocrx_word' id='word_1_319' title='bbox 820 2473 835 2495; x_wconf 93' lang='grc'><strong>,</strong></span> <span class='ocrx_word' id='word_1_320' title='bbox 871 2431 1017 2495; x_wconf 78' lang='grc' dir='ltr'>οὐδὲ,</span> <span class='ocrx_word' id='word_1_321' title='bbox 1063 2432 1251 2504; x_wconf 80' lang='grc' dir='ltr'>ὥσπερ</span> <span class='ocrx_word' id='word_1_322' title='bbox 1295 2433 1485 2504; x_wconf 81' lang='grc' dir='ltr'>τειχίῳ</span> <span class='ocrx_word' id='word_1_323' title='bbox 1523 2434 1630 2487; x_wconf 72' lang='grc' dir='ltr'>τινὶ</span> <span class='ocrx_word' id='word_1_324' title='bbox 1664 2433 1839 2504; x_wconf 82' lang='grc' dir='ltr'>μέσῳ,</span> 
     </span>
    </p>
   </div>
   <div class='ocr_carea' id='block_1_44' title="bbox 260 2521 1841 2595">
    <p class='ocr_par' dir='ltr' id='par_1_44' title="bbox 260 2521 1841 2595">
     <span class='ocr_line' id='line_1_44' title="bbox 260 2521 1841 2595; baseline 0 -19"><span class='ocrx_word' id='word_1_325' title='bbox 260 2522 440 2577; x_wconf 80' lang='grc' dir='ltr'>ταῦτα</span> <span class='ocrx_word' id='word_1_326' title='bbox 469 2521 738 2575; x_wconf 80' lang='grc' dir='ltr'>διαλαϐὼν</span> <span class='ocrx_word' id='word_1_327' title='bbox 757 2522 852 2576; x_wconf 78' lang='grc' dir='ltr'><strong>καὶ</strong></span> <span class='ocrx_word' id='word_1_328' title='bbox 884 2524 979 2577; x_wconf 85' lang='grc' dir='ltr'><strong>ἀπ’</strong></span> <span class='ocrx_word' id='word_1_329' title='bbox 999 2523 1245 2592; x_wconf 85' lang='grc' dir='ltr'>ἀλλήλων</span> <span class='ocrx_word' id='word_1_330' title='bbox 1273 2524 1386 2595; x_wconf 80' lang='grc'>(10)</span> <span class='ocrx_word' id='word_1_331' title='bbox 1418 2525 1684 2595; x_wconf 85' lang='grc' dir='ltr'>χωρίσας,</span> <span class='ocrx_word' id='word_1_332' title='bbox 1703 2524 1841 2577; x_wconf 88' lang='grc' dir='ltr'><strong>ἀλλά</strong></span> 
     </span>
    </p>
   </div>
   <div class='ocr_carea' id='block_1_45' title="bbox 260 2611 1839 2685">
    <p class='ocr_par' dir='ltr' id='par_1_45' title="bbox 260 2611 1839 2685">
     <span class='ocr_line' id='line_1_45' title="bbox 260 2611 1839 2685; baseline 0.002 -19"><span class='ocrx_word' id='word_1_333' title='bbox 260 2612 495 2684; x_wconf 82' lang='grc' dir='ltr'>πλησίον</span> <span class='ocrx_word' id='word_1_334' title='bbox 522 2612 763 2682; x_wconf 78' lang='grc' dir='ltr'>συνάψας</span> <span class='ocrx_word' id='word_1_335' title='bbox 788 2611 881 2665; x_wconf 78' lang='grc' dir='ltr'><strong>καὶ</strong></span> <span class='ocrx_word' id='word_1_336' title='bbox 904 2612 1186 2677; x_wconf 79' lang='grc' dir='ltr'>διαζεύξας</span> <span class='ocrx_word' id='word_1_337' title='bbox 1204 2630 1218 2643; x_wconf 75' lang='grc' dir='ltr'><strong>ο</strong></span> <span class='ocrx_word' id='word_1_338' title='bbox 1259 2614 1347 2668; x_wconf 77' lang='grc' dir='ltr'><strong>ἵνα</strong></span> <span class='ocrx_word' id='word_1_339' title='bbox 1372 2615 1509 2685; x_wconf 83' lang='grc' dir='ltr'>μήτε</span> <span class='ocrx_word' id='word_1_340' title='bbox 1537 2614 1597 2666; x_wconf 82' lang='grc' dir='ltr'>τὸ</span> <span class='ocrx_word' id='word_1_341' title='bbox 1627 2614 1839 2684; x_wconf 84' lang='grc' dir='ltr'>φιλόσο-</span> 
     </span>
    </p>
   </div>
   <div class='ocr_carea' id='block_1_46' title="bbox 258 2699 1835 2776">
    <p class='ocr_par' dir='ltr' id='par_1_46' title="bbox 258 2699 1835 2776">
     <span class='ocr_line' id='line_1_46' title="bbox 258 2699 1835 2776; baseline 0.001 -19"><span class='ocrx_word' id='word_1_342' title='bbox 258 2721 366 2773; x_wconf 86' lang='grc' dir='ltr'><strong>φον</strong></span> <span class='ocrx_word' id='word_1_343' title='bbox 387 2703 747 2774; x_wconf 80' lang='grc' dir='ltr'>ἀκοινώνητον</span> <span class='ocrx_word' id='word_1_344' title='bbox 772 2699 830 2776; x_wconf 84' lang='grc' dir='ltr'>ᾗ,</span> <span class='ocrx_word' id='word_1_345' title='bbox 875 2704 1013 2774; x_wconf 86' lang='grc' dir='ltr'>μήτε</span> <span class='ocrx_word' id='word_1_346' title='bbox 1040 2704 1102 2756; x_wconf 87' lang='grc' dir='ltr'><strong>τὸ</strong></span> <span class='ocrx_word' id='word_1_347' title='bbox 1139 2704 1441 2774; x_wconf 83' lang='grc' dir='ltr'>πρακτικὸν</span> <span class='ocrx_word' id='word_1_348' title='bbox 1470 2703 1798 2773; x_wconf 82' lang='grc' dir='ltr'>ἀφιλόσοφον</span> <span class='ocrx_word' id='word_1_349' title='bbox 1820 2719 1835 2734; x_wconf 85' lang='grc'><strong><em>⁸</em></strong></span> 
     </span>
    </p>
   </div>
   <div class='ocr_carea' id='block_1_47' title="bbox 257 2794 1843 2868">
    <p class='ocr_par' dir='ltr' id='par_1_47' title="bbox 257 2794 1843 2868">
     <span class='ocr_line' id='line_1_47' title="bbox 257 2794 1843 2868; baseline 0 -19"><span class='ocrx_word' id='word_1_350' title='bbox 257 2796 456 2866; x_wconf 81' lang='grc' dir='ltr'>ὥσπερ</span> <span class='ocrx_word' id='word_1_351' title='bbox 475 2796 533 2847; x_wconf 80' lang='grc' dir='ltr'>δὲ</span> <span class='ocrx_word' id='word_1_352' title='bbox 560 2797 632 2866; x_wconf 80' lang='grc' dir='ltr'>γῆ</span> <span class='ocrx_word' id='word_1_353' title='bbox 654 2797 749 2849; x_wconf 71' lang='grc' dir='ltr'><strong>καὶ</strong></span> <span class='ocrx_word' id='word_1_354' title='bbox 785 2794 1047 2859; x_wconf 82' lang='grc' dir='ltr'>θάλασσα,</span> <span class='ocrx_word' id='word_1_355' title='bbox 1078 2794 1147 2848; x_wconf 76' lang='grc' dir='ltr'>τὰ</span> <span class='ocrx_word' id='word_1_356' title='bbox 1187 2796 1318 2867; x_wconf 84' lang='grc' dir='ltr'>παρ’</span> <span class='ocrx_word' id='word_1_357' title='bbox 1351 2796 1559 2850; x_wconf 83' lang='grc' dir='ltr'>ἑαυτῶν</span> <span class='ocrx_word' id='word_1_358' title='bbox 1588 2797 1843 2868; x_wconf 78' lang='grc' dir='ltr'>ἀλλήλοις</span> 
     </span>
    </p>
   </div>
   <div class='ocr_carea' id='block_1_48' title="bbox 256 2884 1639 2961">
    <p class='ocr_par' dir='ltr' id='par_1_48' title="bbox 256 2884 1639 2961">
     <span class='ocr_line' id='line_1_48' title="bbox 256 2884 1639 2961; baseline 0.001 -20"><span class='ocrx_word' id='word_1_359' title='bbox 256 2884 644 2951; x_wconf 79' lang='grc' dir='ltr'>ἀντιδιδόντες,</span> <span class='ocrx_word' id='word_1_360' title='bbox 679 2889 758 2950; x_wconf 86' lang='grc' dir='ltr'><strong>είς</strong></span> <span class='ocrx_word' id='word_1_361' title='bbox 793 2886 920 2957; x_wconf 90' lang='grc' dir='ltr'>μίαν</span> <span class='ocrx_word' id='word_1_362' title='bbox 940 2885 1096 2950; x_wconf 81' lang='grc' dir='ltr'>δόξαν</span> <span class='ocrx_word' id='word_1_363' title='bbox 1118 2887 1253 2940; x_wconf 86' lang='grc' dir='ltr'>Θεοῦ</span> <span class='ocrx_word' id='word_1_364' title='bbox 1285 2889 1639 2961; x_wconf 81' lang='grc' dir='ltr'>συντρέχωσι.</span> 
     </span>
    </p>
   </div>
   <div class='ocr_carea' id='block_1_49' title="bbox 1941 1794 3511 1864">
    <p class='ocr_par' dir='ltr' id='par_1_49' title="bbox 1941 1794 3511 1864">
     <span class='ocr_line' id='line_1_49' title="bbox 1941 1794 3511 1864; baseline 0.001 -14"><span class='ocrx_word' id='word_1_365' title='bbox 1941 1809 2025 1859; x_wconf 88' lang='lat' dir='ltr'><strong>ea,</strong></span> <span class='ocrx_word' id='word_1_366' title='bbox 2049 1810 2171 1864; x_wconf 63' lang='lat' dir='ltr'><strong>quae</strong></span> <span class='ocrx_word' id='word_1_367' title='bbox 2193 1794 2454 1850; x_wconf 85' lang='lat' dir='ltr'><strong>societate</strong></span> <span class='ocrx_word' id='word_1_368' title='bbox 2493 1796 2709 1864; x_wconf 79' lang='lat' dir='ltr'><strong>gaudet,</strong></span> <span class='ocrx_word' id='word_1_369' title='bbox 2737 1804 2796 1849; x_wconf 86' lang='lat' dir='ltr'><strong>ut</strong></span> <span class='ocrx_word' id='word_1_370' title='bbox 2827 1795 3116 1864; x_wconf 87' lang='lat' dir='ltr'><strong>plurimum</strong></span> <span class='ocrx_word' id='word_1_371' title='bbox 3150 1797 3288 1851; x_wconf 87' lang='lat' dir='ltr'><strong>inter</strong></span> <span class='ocrx_word' id='word_1_372' title='bbox 3312 1812 3372 1852; x_wconf 91' lang='lat' dir='ltr'><strong>se</strong></span> <span class='ocrx_word' id='word_1_373' title='bbox 3408 1798 3511 1851; x_wconf 80' lang='lat' dir='ltr'><strong>dis—</strong></span> 
     </span>
    </p>
   </div>
   <div class='ocr_carea' id='block_1_50' title="bbox 1939 1885 3517 1955">
    <p class='ocr_par' dir='ltr' id='par_1_50' title="bbox 1939 1885 3517 1955">
     <span class='ocr_line' id='line_1_50' title="bbox 1939 1885 3517 1955; baseline 0.002 -15"><span class='ocrx_word' id='word_1_374' title='bbox 1939 1885 2202 1949; x_wconf 87' lang='lat' dir='ltr'><strong>siderent,</strong></span> <span class='ocrx_word' id='word_1_375' title='bbox 2258 1899 2319 1941; x_wconf 88' lang='lat' dir='ltr'><strong>ac</strong></span> <span class='ocrx_word' id='word_1_376' title='bbox 2392 1895 2716 1955; x_wconf 83' lang='lat' dir='ltr'><strong>pugnarent,</strong></span> <span class='ocrx_word' id='word_1_377' title='bbox 2757 1896 3055 1955; x_wconf 88' lang='lat' dir='ltr'><strong>neutraque</strong></span> <span class='ocrx_word' id='word_1_378' title='bbox 3118 1888 3371 1954; x_wconf 92' lang='lat' dir='ltr'><strong>omnino,</strong></span> <span class='ocrx_word' id='word_1_379' title='bbox 3429 1888 3517 1944; x_wconf 87' lang='lat' dir='ltr'><strong>vel</strong></span> 
     </span>
    </p>
   </div>
   <div class='ocr_carea' id='block_1_51' title="bbox 1942 1976 3517 2045">
    <p class='ocr_par' dir='ltr' id='par_1_51' title="bbox 1942 1976 3517 2045">
     <span class='ocr_line' id='line_1_51' title="bbox 1942 1976 3517 2045; baseline 0 -12"><span class='ocrx_word' id='word_1_380' title='bbox 1942 1978 2256 2043; x_wconf 90' lang='lat' dir='ltr'><strong>commoda,</strong></span> <span class='ocrx_word' id='word_1_381' title='bbox 2288 1976 2372 2031; x_wconf 87' lang='lat' dir='ltr'><strong>vel</strong></span> <span class='ocrx_word' id='word_1_382' title='bbox 2412 1978 2748 2033; x_wconf 88' lang='lat' dir='ltr'><strong>incommoda</strong></span> <span class='ocrx_word' id='word_1_383' title='bbox 2793 1991 2889 2031; x_wconf 90' lang='lat' dir='ltr'><strong>sua</strong></span> <span class='ocrx_word' id='word_1_384' title='bbox 2913 1993 3047 2045; x_wconf 86' lang='lat' dir='ltr'><strong>pura</strong></span> <span class='ocrx_word' id='word_1_385' title='bbox 3069 1988 3122 2032; x_wconf 91' lang='lat' dir='ltr'><strong>et</strong></span> <span class='ocrx_word' id='word_1_386' title='bbox 3151 1978 3384 2035; x_wconf 88' lang='lat' dir='ltr'><strong>immista</strong></span> <span class='ocrx_word' id='word_1_387' title='bbox 3420 1981 3517 2034; x_wconf 86' lang='lat' dir='ltr'><strong>ha-</strong></span> 
     </span>
    </p>
   </div>
   <div class='ocr_carea' id='block_1_52' title="bbox 1937 2068 3514 2138">
    <p class='ocr_par' dir='ltr' id='par_1_52' title="bbox 1937 2068 3514 2138">
     <span class='ocr_line' id='line_1_52' title="bbox 1937 2068 3514 2138; baseline 0.002 -14"><span class='ocrx_word' id='word_1_388' title='bbox 1937 2069 2124 2136; x_wconf 84' lang='lat' dir='ltr'><strong>beret;</strong></span> <span class='ocrx_word' id='word_1_389' title='bbox 2152 2084 2339 2124; x_wconf 91' lang='lat' dir='ltr'><strong>verum</strong></span> <span class='ocrx_word' id='word_1_390' title='bbox 2366 2068 2452 2122; x_wconf 89' lang='lat' dir='ltr'><strong>illa</strong></span> <span class='ocrx_word' id='word_1_391' title='bbox 2495 2072 2665 2138; x_wconf 79' lang='lat' dir='ltr'><strong>magis</strong></span> <span class='ocrx_word' id='word_1_392' title='bbox 2699 2069 2916 2136; x_wconf 89' lang='lat' dir='ltr'><strong>quidem</strong></span> <span class='ocrx_word' id='word_1_393' title='bbox 2938 2069 3224 2138; x_wconf 86' lang='lat' dir='ltr'><strong>tranquilla</strong></span> <span class='ocrx_word' id='word_1_394' title='bbox 3247 2078 3303 2125; x_wconf 89' lang='lat' dir='ltr'><strong>et</strong></span> <span class='ocrx_word' id='word_1_395' title='bbox 3326 2073 3514 2127; x_wconf 83' lang='lat' dir='ltr'><strong>sedata</strong></span> 
     </span>
    </p>
   </div>
   <div class='ocr_carea' id='block_1_53' title="bbox 1936 2159 3510 2229">
    <p class='ocr_par' dir='ltr' id='par_1_53' title="bbox 1936 2159 3510 2229">
     <span class='ocr_line' id='line_1_53' title="bbox 1936 2159 3510 2229; baseline 0.001 -15"><span class='ocrx_word' id='word_1_396' title='bbox 1936 2168 2102 2224; x_wconf 87' lang='lat' dir='ltr'><strong>esset,</strong></span> <span class='ocrx_word' id='word_1_397' title='bbox 2141 2174 2208 2214; x_wconf 88' lang='lat' dir='ltr'><strong>ac</strong></span> <span class='ocrx_word' id='word_1_398' title='bbox 2256 2159 2366 2214; x_wconf 89' lang='lat' dir='ltr'><strong>Deo</strong></span> <span class='ocrx_word' id='word_1_399' title='bbox 2419 2159 2627 2215; x_wconf 89' lang='lat' dir='ltr'><strong>animos</strong></span> <span class='ocrx_word' id='word_1_400' title='bbox 2669 2160 2964 2229; x_wconf 90' lang='lat' dir='ltr'><strong>copularet,</strong></span> <span class='ocrx_word' id='word_1_401' title='bbox 3000 2172 3256 2216; x_wconf 69' lang='lat' dir='ltr'><strong>cancrum</strong></span> <span class='ocrx_word' id='word_1_402' title='bbox 3287 2164 3358 2218; x_wconf 92' lang='lat' dir='ltr'><strong>ob</strong></span> <span class='ocrx_word' id='word_1_403' title='bbox 3389 2177 3510 2218; x_wconf 90' lang='lat' dir='ltr'><strong>eam</strong></span> 
     </span>
    </p>
   </div>
   <div class='ocr_carea' id='block_1_54' title="bbox 1937 2251 3512 2323">
    <p class='ocr_par' dir='ltr' id='par_1_54' title="bbox 1937 2251 3512 2323">
     <span class='ocr_line' id='line_1_54' title="bbox 1937 2251 3512 2323; baseline 0.003 -17"><span class='ocrx_word' id='word_1_404' title='bbox 1937 2264 2157 2306; x_wconf 86' lang='lat' dir='ltr'><strong>causam</strong></span> <span class='ocrx_word' id='word_1_405' title='bbox 2189 2251 2334 2305; x_wconf 82' lang='lat' dir='ltr'><strong>fastu</strong></span> <span class='ocrx_word' id='word_1_406' title='bbox 2362 2265 2464 2305; x_wconf 88' lang='lat' dir='ltr'><strong>non</strong></span> <span class='ocrx_word' id='word_1_407' title='bbox 2492 2259 2726 2314; x_wconf 83' lang='lat' dir='ltr'><strong>careret,</strong></span> <span class='ocrx_word' id='word_1_408' title='bbox 2757 2252 2901 2319; x_wconf 90' lang='lat' dir='ltr'><strong>quod</strong></span> <span class='ocrx_word' id='word_1_409' title='bbox 2937 2253 3109 2307; x_wconf 86' lang='lat' dir='ltr'><strong>virtus</strong></span> <span class='ocrx_word' id='word_1_410' title='bbox 3134 2269 3240 2307; x_wconf 90' lang='lat' dir='ltr'><strong>non</strong></span> <span class='ocrx_word' id='word_1_411' title='bbox 3261 2255 3512 2323; x_wconf 84' lang='lat' dir='ltr'><strong>explora-</strong></span> 
     </span>
    </p>
   </div>
   <div class='ocr_carea' id='block_1_55' title="bbox 1934 2340 3508 2411">
    <p class='ocr_par' dir='ltr' id='par_1_55' title="bbox 1934 2340 3508 2411">
     <span class='ocr_line' id='line_1_55' title="bbox 1934 2340 3508 2411; baseline 0.001 -15"><span class='ocrx_word' id='word_1_412' title='bbox 1934 2351 2107 2404; x_wconf 87' lang='lat' dir='ltr'><strong>retur,</strong></span> <span class='ocrx_word' id='word_1_413' title='bbox 2150 2355 2251 2396; x_wconf 89' lang='lat' dir='ltr'><strong>nec</strong></span> <span class='ocrx_word' id='word_1_414' title='bbox 2292 2341 2345 2395; x_wconf 90' lang='lat' dir='ltr'><strong>in</strong></span> <span class='ocrx_word' id='word_1_415' title='bbox 2382 2340 2841 2410; x_wconf 89' lang='lat' dir='ltr'><strong>comparationem</strong></span> <span class='ocrx_word' id='word_1_416' title='bbox 2887 2343 3127 2411; x_wconf 88' lang='lat' dir='ltr'><strong>veniret;</strong></span> <span class='ocrx_word' id='word_1_417' title='bbox 3166 2345 3278 2400; x_wconf 67' lang='lat' dir='ltr'><strong>haec</strong></span> <span class='ocrx_word' id='word_1_418' title='bbox 3331 2356 3508 2400; x_wconf 90' lang='lat' dir='ltr'><strong>autem</strong></span> 
     </span>
    </p>
   </div>
   <div class='ocr_carea' id='block_1_56' title="bbox 1935 2431 3510 2501">
    <p class='ocr_par' dir='ltr' id='par_1_56' title="bbox 1935 2431 3510 2501">
     <span class='ocr_line' id='line_1_56' title="bbox 1935 2431 3510 2501; baseline 0.003 -16"><span class='ocrx_word' id='word_1_419' title='bbox 1935 2431 2108 2501; x_wconf 79' lang='lat' dir='ltr'><strong>magis</strong></span> <span class='ocrx_word' id='word_1_420' title='bbox 2138 2431 2356 2500; x_wconf 87' lang='lat' dir='ltr'><strong>quidem</strong></span> <span class='ocrx_word' id='word_1_421' title='bbox 2390 2442 2613 2487; x_wconf 88' lang='lat' dir='ltr'><strong>actuosa</strong></span> <span class='ocrx_word' id='word_1_422' title='bbox 2659 2441 2713 2486; x_wconf 90' lang='lat' dir='ltr'><strong>et</strong></span> <span class='ocrx_word' id='word_1_423' title='bbox 2746 2431 2891 2485; x_wconf 87' lang='lat' dir='ltr'><strong>utilis</strong></span> <span class='ocrx_word' id='word_1_424' title='bbox 2939 2442 3104 2499; x_wconf 89' lang='lat' dir='ltr'><strong>esset,</strong></span> <span class='ocrx_word' id='word_1_425' title='bbox 3129 2449 3314 2488; x_wconf 88' lang='lat' dir='ltr'><strong>verum</strong></span> <span class='ocrx_word' id='word_1_426' title='bbox 3342 2450 3373 2487; x_wconf 89' lang='lat' dir='ltr'><strong>a</strong></span> <span class='ocrx_word' id='word_1_427' title='bbox 3423 2444 3510 2489; x_wconf 89' lang='lat' dir='ltr'><strong>tu-</strong></span> 
     </span>
    </p>
   </div>
   <div class='ocr_carea' id='block_1_57' title="bbox 1936 2523 3506 2594">
    <p class='ocr_par' dir='ltr' id='par_1_57' title="bbox 1936 2523 3506 2594">
     <span class='ocr_line' id='line_1_57' title="bbox 1936 2523 3506 2594; baseline 0.004 -18"><span class='ocrx_word' id='word_1_428' title='bbox 1936 2523 2193 2579; x_wconf 89' lang='lat' dir='ltr'><strong>multibus</strong></span> <span class='ocrx_word' id='word_1_429' title='bbox 2217 2525 2396 2577; x_wconf 90' lang='lat' dir='ltr'><strong>minus</strong></span> <span class='ocrx_word' id='word_1_430' title='bbox 2420 2523 2589 2578; x_wconf 88' lang='lat' dir='ltr'><strong>libera</strong></span> <span class='ocrx_word' id='word_1_431' title='bbox 2614 2538 2744 2590; x_wconf 91' lang='lat' dir='ltr'><strong>;eas</strong></span> <span class='ocrx_word' id='word_1_432' title='bbox 2773 2524 3030 2594; x_wconf 84' lang='lat' dir='ltr'><strong>praeclare</strong></span> <span class='ocrx_word' id='word_1_433' title='bbox 3061 2525 3205 2581; x_wconf 88' lang='lat' dir='ltr'><strong>inter</strong></span> <span class='ocrx_word' id='word_1_434' title='bbox 3231 2541 3291 2580; x_wconf 91' lang='lat' dir='ltr'><strong>se</strong></span> <span class='ocrx_word' id='word_1_435' title='bbox 3316 2542 3506 2582; x_wconf 84' lang='lat' dir='ltr'><strong>recon-</strong></span> 
     </span>
    </p>
   </div>
   <div class='ocr_carea' id='block_1_58' title="bbox 1936 2612 3503 2686">
    <p class='ocr_par' dir='ltr' id='par_1_58' title="bbox 1936 2612 3503 2686">
     <span class='ocr_line' id='line_1_58' title="bbox 1936 2612 3503 2686; baseline 0.004 -20"><span class='ocrx_word' id='word_1_436' title='bbox 1936 2612 2230 2667; x_wconf 84' lang='lat' dir='ltr'><strong>ciliavitac</strong></span> <span class='ocrx_word' id='word_1_437' title='bbox 2266 2612 2610 2680; x_wconf 89' lang='lat' dir='ltr'><strong>permiscuit,</strong></span> <span class='ocrx_word' id='word_1_438' title='bbox 2644 2614 2860 2682; x_wconf 88' lang='lat' dir='ltr'><strong>pietatis</strong></span> <span class='ocrx_word' id='word_1_439' title='bbox 2912 2614 3169 2669; x_wconf 89' lang='lat' dir='ltr'><strong>nimirum</strong></span> <span class='ocrx_word' id='word_1_440' title='bbox 3222 2620 3503 2686; x_wconf 75' lang='lat' dir='ltr'><strong>gymnasia</strong></span> 
     </span>
    </p>
   </div>
   <div class='ocr_carea' id='block_1_59' title="bbox 1935 2704 3505 2774">
    <p class='ocr_par' dir='ltr' id='par_1_59' title="bbox 1935 2704 3505 2774">
     <span class='ocr_line' id='line_1_59' title="bbox 1935 2704 3505 2774; baseline 0.004 -16"><span class='ocrx_word' id='word_1_441' title='bbox 1935 2713 1990 2758; x_wconf 90' lang='lat' dir='ltr'><strong>et</strong></span> <span class='ocrx_word' id='word_1_442' title='bbox 2012 2704 2335 2758; x_wconf 86' lang='lat' dir='ltr'><strong>monasteria</strong></span> <span class='ocrx_word' id='word_1_443' title='bbox 2356 2712 2664 2772; x_wconf 80' lang='lat' dir='ltr'><strong>exstrueus,</strong></span> <span class='ocrx_word' id='word_1_444' title='bbox 2684 2719 2789 2758; x_wconf 92' lang='lat' dir='ltr'><strong>non</strong></span> <span class='ocrx_word' id='word_1_445' title='bbox 2821 2712 2999 2758; x_wconf 89' lang='lat' dir='ltr'><strong>tamen</strong></span> <span class='ocrx_word' id='word_1_446' title='bbox 3031 2705 3192 2774; x_wconf 84' lang='lat' dir='ltr'><strong>longo</strong></span> <span class='ocrx_word' id='word_1_447' title='bbox 3220 2706 3505 2765; x_wconf 89' lang='lat' dir='ltr'><strong>intervallo</strong></span> 
     </span>
    </p>
   </div>
   <div class='ocr_carea' id='block_1_60' title="bbox 1935 2794 3506 2864">
    <p class='ocr_par' dir='ltr' id='par_1_60' title="bbox 1935 2794 3506 2864">
     <span class='ocr_line' id='line_1_60' title="bbox 1935 2794 3506 2864; baseline 0.004 -15"><span class='ocrx_word' id='word_1_448' title='bbox 1935 2795 2003 2849; x_wconf 91' lang='lat' dir='ltr'><strong>ab</strong></span> <span class='ocrx_word' id='word_1_449' title='bbox 2023 2795 2109 2862; x_wconf 89' lang='lat' dir='ltr'><strong>iis,</strong></span> <span class='ocrx_word' id='word_1_450' title='bbox 2133 2794 2226 2864; x_wconf 87' lang='lat' dir='ltr'><strong>qui</strong></span> <span class='ocrx_word' id='word_1_451' title='bbox 2272 2795 2328 2848; x_wconf 90' lang='lat' dir='ltr'><strong>in</strong></span> <span class='ocrx_word' id='word_1_452' title='bbox 2376 2795 2624 2852; x_wconf 85' lang='lat' dir='ltr'><strong>sodalitio</strong></span> <span class='ocrx_word' id='word_1_453' title='bbox 2667 2797 2880 2860; x_wconf 83' lang='lat' dir='ltr'><strong>vivunt,</strong></span> <span class='ocrx_word' id='word_1_454' title='bbox 2922 2809 3151 2862; x_wconf 88' lang='lat' dir='ltr'><strong>remota,</strong></span> <span class='ocrx_word' id='word_1_455' title='bbox 3201 2815 3320 2864; x_wconf 90' lang='lat' dir='ltr'><strong>nec,</strong></span> <span class='ocrx_word' id='word_1_456' title='bbox 3360 2801 3506 2856; x_wconf 86' lang='lat' dir='ltr'><strong>velut</strong></span> 
     </span>
    </p>
   </div>
   <div class='ocr_carea' id='block_1_61' title="bbox 1936 2886 3504 2960">
    <p class='ocr_par' dir='ltr' id='par_1_61' title="bbox 1936 2886 3504 2960">
     <span class='ocr_line' id='line_1_61' title="bbox 1936 2886 3504 2960; baseline 0.003 -18"><span class='ocrx_word' id='word_1_457' title='bbox 1936 2902 2091 2942; x_wconf 90' lang='lat' dir='ltr'><strong>muro</strong></span> <span class='ocrx_word' id='word_1_458' title='bbox 2114 2886 2365 2955; x_wconf 89' lang='lat' dir='ltr'><strong>quopiam</strong></span> <span class='ocrx_word' id='word_1_459' title='bbox 2392 2886 2706 2956; x_wconf 89' lang='lat' dir='ltr'><strong>interjecto,</strong></span> <span class='ocrx_word' id='word_1_460' title='bbox 2750 2902 2817 2942; x_wconf 90' lang='lat' dir='ltr'><strong>ea</strong></span> <span class='ocrx_word' id='word_1_461' title='bbox 2838 2887 3171 2954; x_wconf 74' lang='lat' dir='ltr'><strong>distinguens</strong></span> <span class='ocrx_word' id='word_1_462' title='bbox 3199 2899 3360 2960; x_wconf 86' lang='lat' dir='ltr'><strong>atque</strong></span> <span class='ocrx_word' id='word_1_463' title='bbox 3383 2908 3413 2947; x_wconf 92' lang='lat' dir='ltr'><strong>a</strong></span> <span class='ocrx_word' id='word_1_464' title='bbox 3445 2908 3504 2947; x_wconf 90' lang='lat' dir='ltr'><strong>se</strong></span> 
     </span>
    </p>
   </div>
   <div class='ocr_carea' id='block_1_62' title="bbox 258 2975 3502 3049">
    <p class='ocr_par' dir='ltr' id='par_1_62' title="bbox 258 2975 3502 3049">
     <span class='ocr_line' id='line_1_62' title="bbox 258 2975 3502 3049; baseline 0.001 -14"><span class='ocrx_word' id='word_1_465' title='bbox 258 2980 495 3035; x_wconf 80' lang='lat' dir='ltr'><strong>invicem</strong></span> <span class='ocrx_word' id='word_1_466' title='bbox 536 2994 815 3049; x_wconf 86' lang='lat' dir='ltr'><strong>separans,</strong></span> <span class='ocrx_word' id='word_1_467' title='bbox 868 2994 1051 3033; x_wconf 84' lang='lat' dir='ltr'><strong>verum</strong></span> <span class='ocrx_word' id='word_1_468' title='bbox 1118 2993 1284 3048; x_wconf 87' lang='lat' dir='ltr'><strong>prope</strong></span> <span class='ocrx_word' id='word_1_469' title='bbox 1352 2977 1685 3049; x_wconf 78' lang='lat' dir='ltr'><strong>coniungens</strong></span> <span class='ocrx_word' id='word_1_470' title='bbox 1725 2992 1789 3033; x_wconf 91' lang='lat' dir='ltr'><strong>ac</strong></span> <span class='ocrx_word' id='word_1_471' title='bbox 1851 2975 2155 3031; x_wconf 88' lang='lat' dir='ltr'><strong>dirimens:</strong></span> <span class='ocrx_word' id='word_1_472' title='bbox 2223 2984 2283 3030; x_wconf 91' lang='lat' dir='ltr'><strong>ut</strong></span> <span class='ocrx_word' id='word_1_473' title='bbox 2313 2991 2415 3032; x_wconf 88' lang='lat' dir='ltr'><strong>nec</strong></span> <span class='ocrx_word' id='word_1_474' title='bbox 2447 2977 2827 3047; x_wconf 88' lang='lat' dir='ltr'><strong>contemplatio</strong></span> <span class='ocrx_word' id='word_1_475' title='bbox 2867 2979 3367 3037; x_wconf 85' lang='lat' dir='ltr'><strong>communicationis</strong></span> <span class='ocrx_word' id='word_1_476' title='bbox 3403 2997 3502 3036; x_wconf 81' lang='lat' dir='ltr'><strong>ex-</strong></span> 
     </span>
    </p>
   </div>
   <div class='ocr_carea' id='block_1_63' title="bbox 256 3068 3505 3143">
    <p class='ocr_par' dir='ltr' id='par_1_63' title="bbox 256 3068 3505 3143">
     <span class='ocr_line' id='line_1_63' title="bbox 256 3068 3505 3143; baseline 0.001 -17"><span class='ocrx_word' id='word_1_477' title='bbox 256 3088 392 3143; x_wconf 88' lang='lat' dir='ltr'><strong>pers</strong></span> <span class='ocrx_word' id='word_1_478' title='bbox 428 3083 590 3138; x_wconf 91' lang='lat' dir='ltr'><strong>esset,</strong></span> <span class='ocrx_word' id='word_1_479' title='bbox 622 3087 724 3127; x_wconf 88' lang='lat' dir='ltr'><strong>nec</strong></span> <span class='ocrx_word' id='word_1_480' title='bbox 771 3073 914 3127; x_wconf 90' lang='lat' dir='ltr'><strong>actio</strong></span> <span class='ocrx_word' id='word_1_481' title='bbox 965 3072 1421 3140; x_wconf 86' lang='lat' dir='ltr'><strong>contemplatione</strong></span> <span class='ocrx_word' id='word_1_482' title='bbox 1488 3079 1732 3138; x_wconf 87' lang='lat' dir='ltr'><strong>careret;</strong></span> <span class='ocrx_word' id='word_1_483' title='bbox 1804 3069 1899 3125; x_wconf 87' lang='lat' dir='ltr'><strong>sed</strong></span> <span class='ocrx_word' id='word_1_484' title='bbox 1936 3068 2385 3138; x_wconf 86' lang='lat' dir='ltr'><strong>quemadmodum</strong></span> <span class='ocrx_word' id='word_1_485' title='bbox 2435 3078 2579 3124; x_wconf 87' lang='lat' dir='ltr'><strong>terra</strong></span> <span class='ocrx_word' id='word_1_486' title='bbox 2616 3078 2673 3124; x_wconf 88' lang='lat' dir='ltr'><strong>et</strong></span> <span class='ocrx_word' id='word_1_487' title='bbox 2708 3083 2884 3136; x_wconf 88' lang='lat' dir='ltr'><strong>mare,</strong></span> <span class='ocrx_word' id='word_1_488' title='bbox 2938 3072 3014 3125; x_wconf 88' lang='lat' dir='ltr'><strong>ita</strong></span> <span class='ocrx_word' id='word_1_489' title='bbox 3044 3071 3207 3126; x_wconf 88' lang='lat' dir='ltr'><strong>etiam</strong></span> <span class='ocrx_word' id='word_1_490' title='bbox 3254 3075 3335 3128; x_wconf 67' lang='lat' dir='ltr'><strong>hae</strong></span> <span class='ocrx_word' id='word_1_491' title='bbox 3386 3076 3505 3131; x_wconf 68' lang='lat' dir='ltr'><strong>duas</strong></span> 
     </span>
    </p>
   </div>
   <div class='ocr_carea' id='block_1_64' title="bbox 255 3157 2710 3227">
    <p class='ocr_par' dir='ltr' id='par_1_64' title="bbox 255 3157 2710 3227">
     <span class='ocr_line' id='line_1_64' title="bbox 255 3157 2710 3227; baseline -0.002 -8"><span class='ocrx_word' id='word_1_492' title='bbox 255 3168 389 3220; x_wconf 69' lang='lat' dir='ltr'><strong>vita:</strong></span> <span class='ocrx_word' id='word_1_493' title='bbox 418 3167 697 3221; x_wconf 90' lang='lat' dir='ltr'><strong>commoda</strong></span> <span class='ocrx_word' id='word_1_494' title='bbox 718 3180 813 3219; x_wconf 88' lang='lat' dir='ltr'><strong>sua</strong></span> <span class='ocrx_word' id='word_1_495' title='bbox 838 3164 980 3217; x_wconf 90' lang='lat' dir='ltr'><strong>inter</strong></span> <span class='ocrx_word' id='word_1_496' title='bbox 1008 3177 1065 3218; x_wconf 86' lang='lat' dir='ltr'><strong>se</strong></span> <span class='ocrx_word' id='word_1_497' title='bbox 1104 3161 1587 3225; x_wconf 87' lang='lat' dir='ltr'><strong>communicantes,</strong></span> <span class='ocrx_word' id='word_1_498' title='bbox 1605 3161 1670 3216; x_wconf 90' lang='lat' dir='ltr'><strong>ad</strong></span> <span class='ocrx_word' id='word_1_499' title='bbox 1705 3157 2037 3221; x_wconf 88' lang='lat' dir='ltr'><strong>unicamDei</strong></span> <span class='ocrx_word' id='word_1_500' title='bbox 2060 3158 2284 3227; x_wconf 79' lang='lat' dir='ltr'><strong>gloriam</strong></span> <span class='ocrx_word' id='word_1_501' title='bbox 2308 3170 2710 3215; x_wconf 87' lang='lat' dir='ltr'><strong>concurrerent.</strong></span> 
     </span>
    </p>
   </div>
   <div class='ocr_carea' id='block_1_65' title="bbox 335 3248 1852 3329">
    <p class='ocr_par' dir='ltr' id='par_1_65' title="bbox 335 3252 1830 3326">
     <span class='ocr_line' id='line_1_65' title="bbox 335 3252 1830 3326; baseline -0.005 -15"><span class='ocrx_word' id='word_1_502' title='bbox 335 3257 455 3311; x_wconf 74' lang='lat' dir='ltr'><strong>EI&quot;.</strong></span> <span class='ocrx_word' id='word_1_503' title='bbox 483 3256 548 3310; x_wconf 93' lang='grc' dir='ltr'><strong>Τί</strong></span> <span class='ocrx_word' id='word_1_504' title='bbox 576 3256 692 3322; x_wconf 75' lang='grc' dir='ltr'>ἕτι;</span> <span class='ocrx_word' id='word_1_505' title='bbox 722 3257 904 3310; x_wconf 87' lang='grc' dir='ltr'>Καλὸν</span> <span class='ocrx_word' id='word_1_506' title='bbox 934 3252 1339 3326; x_wconf 82' lang='grc' dir='ltr'>φιλανθρωπία,</span> <span class='ocrx_word' id='word_1_507' title='bbox 1392 3252 1488 3306; x_wconf 77' lang='grc' dir='ltr'><strong>καὶ</strong></span> <span class='ocrx_word' id='word_1_508' title='bbox 1519 3268 1830 3322; x_wconf 80' lang='grc' dir='ltr'>πτωχοτρο-</span> 
     </span>
    </p>
   </div>
   <div class='ocr_carea' id='block_1_66' title="bbox 1939 3248 3504 3329">
    <p class='ocr_par' dir='ltr' id='par_1_66' title="bbox 2002 3248 3504 3329">
     <span class='ocr_line' id='line_1_66' title="bbox 2002 3248 3504 3329; baseline 0.008 -24"><span class='ocrx_word' id='word_1_509' title='bbox 2002 3248 2183 3305; x_wconf 82' lang='lat' dir='ltr'><strong>LXIII.</strong></span> <span class='ocrx_word' id='word_1_510' title='bbox 2220 3249 2358 3317; x_wconf 85' lang='lat' dir='ltr'><strong>Quid</strong></span> <span class='ocrx_word' id='word_1_511' title='bbox 2386 3252 2689 3320; x_wconf 67' lang='lat' dir='ltr'><strong>praeteran</strong></span> <span class='ocrx_word' id='word_1_512' title='bbox 2733 3253 2966 3311; x_wconf 87' lang='lat' dir='ltr'><strong>Pulchra</strong></span> <span class='ocrx_word' id='word_1_513' title='bbox 3014 3273 3121 3325; x_wconf 90' lang='lat' dir='ltr'><strong>res,</strong></span> <span class='ocrx_word' id='word_1_514' title='bbox 3170 3258 3504 3329; x_wconf 77' lang='lat' dir='ltr'><strong>benignitas,</strong></span> 
     </span>
    </p>
   </div>
   <div class='ocr_carea' id='block_1_67' title="bbox 257 3342 1831 3421">
    <p class='ocr_par' dir='ltr' id='par_1_67' title="bbox 257 3342 1831 3421">
     <span class='ocr_line' id='line_1_67' title="bbox 257 3342 1831 3421; baseline -0.004 -18"><span class='ocrx_word' id='word_1_515' title='bbox 257 3350 401 3421; x_wconf 82' lang='grc' dir='ltr'>φία,</span> <span class='ocrx_word' id='word_1_516' title='bbox 455 3348 547 3402; x_wconf 84' lang='grc' dir='ltr'><strong>καὶ</strong></span> <span class='ocrx_word' id='word_1_517' title='bbox 589 3348 651 3400; x_wconf 76' lang='grc' dir='ltr'>τὸ</span> <span class='ocrx_word' id='word_1_518' title='bbox 691 3348 793 3418; x_wconf 87' lang='grc' dir='ltr'>τῆς</span> <span class='ocrx_word' id='word_1_519' title='bbox 843 3345 1188 3417; x_wconf 82' lang='grc' dir='ltr'>ἀνθρωπίνης</span> <span class='ocrx_word' id='word_1_520' title='bbox 1240 3343 1525 3406; x_wconf 87' lang='grc' dir='ltr'>ἀσθενείας</span> <span class='ocrx_word' id='word_1_521' title='bbox 1557 3342 1831 3413; x_wconf 83' lang='grc' dir='ltr'>βοήθημα.</span> 
     </span>
    </p>
   </div>
   <div class='ocr_carea' id='block_1_68' title="bbox 258 3431 1834 3509">
    <p class='ocr_par' dir='ltr' id='par_1_68' title="bbox 258 3431 1834 3509">
     <span class='ocr_line' id='line_1_68' title="bbox 258 3431 1834 3509; baseline -0.007 -13"><span class='ocrx_word' id='word_1_522' title='bbox 258 3440 475 3496; x_wconf 77' lang='grc' dir='ltr'>Μικοὸν</span> <span class='ocrx_word' id='word_1_523' title='bbox 516 3440 627 3493; x_wconf 81' lang='grc' dir='ltr'><strong>ἀπὸ</strong></span> <span class='ocrx_word' id='word_1_524' title='bbox 672 3439 771 3509; x_wconf 86' lang='grc' dir='ltr'>τῆς</span> <span class='ocrx_word' id='word_1_525' title='bbox 817 3438 1024 3500; x_wconf 77' lang='grc' dir='ltr'>πόλεως</span> <span class='ocrx_word' id='word_1_526' title='bbox 1064 3435 1327 3507; x_wconf 84' lang='grc' dir='ltr'>πρόελθε,</span> <span class='ocrx_word' id='word_1_527' title='bbox 1366 3435 1461 3487; x_wconf 72' lang='grc' dir='ltr'><strong>καὶ</strong></span> <span class='ocrx_word' id='word_1_528' title='bbox 1510 3433 1702 3486; x_wconf 82' lang='grc' dir='ltr'>θέασαι</span> <span class='ocrx_word' id='word_1_529' title='bbox 1735 3431 1834 3504; x_wconf 82' lang='grc' dir='ltr'><strong>τὴν</strong></span> 
     </span>
    </p>
   </div>
   <div class='ocr_carea' id='block_1_69' title="bbox 256 3521 1836 3603">
    <p class='ocr_par' dir='ltr' id='par_1_69' title="bbox 256 3521 1836 3603">
     <span class='ocr_line' id='line_1_69' title="bbox 256 3521 1836 3603; baseline -0.006 -17"><span class='ocrx_word' id='word_1_530' title='bbox 256 3532 457 3603; x_wconf 78' lang='grc' dir='ltr'>καινὴν</span> <span class='ocrx_word' id='word_1_531' title='bbox 482 3532 637 3584; x_wconf 82' lang='grc' dir='ltr'>πόλιν</span> <span class='ocrx_word' id='word_1_532' title='bbox 666 3530 801 3601; x_wconf 74' lang='lat' dir='ltr'><strong>(II),</strong></span> <span class='ocrx_word' id='word_1_533' title='bbox 826 3529 889 3581; x_wconf 83' lang='grc' dir='ltr'><strong>τὸ</strong></span> <span class='ocrx_word' id='word_1_534' title='bbox 914 3528 1014 3599; x_wconf 81' lang='grc' dir='ltr'>τῆς</span> <span class='ocrx_word' id='word_1_535' title='bbox 1040 3526 1320 3588; x_wconf 75' lang='grc' dir='ltr'>εὐσεϐείας</span> <span class='ocrx_word' id='word_1_536' title='bbox 1348 3527 1575 3595; x_wconf 86' lang='grc' dir='ltr'>ταμεῖον</span> <span class='ocrx_word' id='word_1_537' title='bbox 1607 3521 1740 3594; x_wconf 77' lang='lat'><strong>(1‘2),</strong></span> <span class='ocrx_word' id='word_1_538' title='bbox 1774 3523 1836 3577; x_wconf 88' lang='grc' dir='ltr'><strong>τὸ</strong></span> 
     </span>
    </p>
   </div>
   <div class='ocr_carea' id='block_1_70' title="bbox 255 3615 1834 3693">
    <p class='ocr_par' dir='ltr' id='par_1_70' title="bbox 255 3615 1834 3693">
     <span class='ocr_line' id='line_1_70' title="bbox 255 3615 1834 3693; baseline -0.006 -14"><span class='ocrx_word' id='word_1_539' title='bbox 255 3624 443 3679; x_wconf 77' lang='grc' dir='ltr'>κοινὸν</span> <span class='ocrx_word' id='word_1_540' title='bbox 473 3622 580 3676; x_wconf 89' lang='grc' dir='ltr'><strong>τῶν</strong></span> <span class='ocrx_word' id='word_1_541' title='bbox 622 3622 855 3693; x_wconf 77' lang='grc' dir='ltr'>ἐχόντων</span> <span class='ocrx_word' id='word_1_542' title='bbox 887 3619 1272 3693; x_wconf 80' lang='grc' dir='ltr'>θησαύρισμα,</span> <span class='ocrx_word' id='word_1_543' title='bbox 1309 3620 1387 3681; x_wconf 85' lang='grc' dir='ltr'><strong>είς</strong></span> <span class='ocrx_word' id='word_1_544' title='bbox 1425 3618 1455 3670; x_wconf 85' lang='grc' dir='ltr'>ὃ</span> <span class='ocrx_word' id='word_1_545' title='bbox 1497 3618 1568 3672; x_wconf 78' lang='grc' dir='ltr'>τὰ</span> <span class='ocrx_word' id='word_1_546' title='bbox 1599 3615 1834 3688; x_wconf 86' lang='grc' dir='ltr'>περιττά</span> 
     </span>
    </p>
   </div>
   <div class='ocr_carea' id='block_1_71' title="bbox 254 3709 1832 3784">
    <p class='ocr_par' dir='ltr' id='par_1_71' title="bbox 254 3709 1832 3784">
     <span class='ocr_line' id='line_1_71' title="bbox 254 3709 1832 3784; baseline -0.005 -14"><span class='ocrx_word' id='word_1_547' title='bbox 254 3715 360 3770; x_wconf 80' lang='grc' dir='ltr'>τοῦ</span> <span class='ocrx_word' id='word_1_548' title='bbox 389 3714 647 3778; x_wconf 89' lang='grc' dir='ltr'>πλούτου,</span> <span class='ocrx_word' id='word_1_549' title='bbox 683 3713 786 3784; x_wconf 76' lang='grc' dir='ltr'><strong>ήδη</strong></span> <span class='ocrx_word' id='word_1_550' title='bbox 822 3711 880 3765; x_wconf 86' lang='grc' dir='ltr'><strong>δὲ</strong></span> <span class='ocrx_word' id='word_1_551' title='bbox 918 3712 1013 3765; x_wconf 75' lang='grc' dir='ltr'><strong>καὶ</strong></span> <span class='ocrx_word' id='word_1_552' title='bbox 1041 3710 1112 3763; x_wconf 84' lang='grc' dir='ltr'>τὰ</span> <span class='ocrx_word' id='word_1_553' title='bbox 1153 3711 1430 3779; x_wconf 89' lang='grc' dir='ltr'>ἀναγκαῖα</span> <span class='ocrx_word' id='word_1_554' title='bbox 1459 3713 1579 3772; x_wconf 82' lang='grc' dir='ltr'>ταῖς</span> <span class='ocrx_word' id='word_1_555' title='bbox 1624 3709 1832 3764; x_wconf 83' lang='grc' dir='ltr'>ἐκείνου</span> 
     </span>
    </p>
   </div>
   <div class='ocr_carea' id='block_1_72' title="bbox 254 3798 1832 3876">
    <p class='ocr_par' dir='ltr' id='par_1_72' title="bbox 254 3798 1832 3876">
     <span class='ocr_line' id='line_1_72' title="bbox 254 3798 1832 3876; baseline -0.006 -15"><span class='ocrx_word' id='word_1_556' title='bbox 254 3805 650 3876; x_wconf 74' lang='grc' dir='ltr'>παραινέσεσιν</span> <span class='ocrx_word' id='word_1_557' title='bbox 687 3803 1005 3858; x_wconf 86' lang='grc' dir='ltr'>ἀποτίθεται</span> <span class='ocrx_word' id='word_1_558' title='bbox 1038 3800 1184 3871; x_wconf 81' lang='grc'>(15),</span> <span class='ocrx_word' id='word_1_559' title='bbox 1227 3800 1398 3871; x_wconf 75' lang='grc' dir='ltr'>σῆτας</span> <span class='ocrx_word' id='word_1_560' title='bbox 1428 3798 1832 3870; x_wconf 85' lang='grc' dir='ltr'>ἀποσειόμενα,</span> 
     </span>
    </p>
   </div>
   <div class='ocr_carea' id='block_1_73' title="bbox 254 3890 1835 3965">
    <p class='ocr_par' dir='ltr' id='par_1_73' title="bbox 254 3890 1835 3965">
     <span class='ocr_line' id='line_1_73' title="bbox 254 3890 1835 3965; baseline -0.007 -11"><span class='ocrx_word' id='word_1_561' title='bbox 254 3901 356 3954; x_wconf 85' lang='grc' dir='ltr'><strong>καί</strong></span> <span class='ocrx_word' id='word_1_562' title='bbox 394 3898 634 3961; x_wconf 78' lang='grc' dir='ltr'>κλέπτας</span> <span class='ocrx_word' id='word_1_563' title='bbox 670 3897 774 3950; x_wconf 82' lang='grc' dir='ltr'><strong>οὐκ</strong></span> <span class='ocrx_word' id='word_1_564' title='bbox 818 3893 1215 3965; x_wconf 83' lang='grc' dir='ltr'>εὐφραίνοντα,</span> <span class='ocrx_word' id='word_1_565' title='bbox 1252 3892 1348 3944; x_wconf 76' lang='grc' dir='ltr'>καὶ</span> <span class='ocrx_word' id='word_1_566' title='bbox 1381 3890 1579 3959; x_wconf 79' lang='grc' dir='ltr'>φθόνου</span> <span class='ocrx_word' id='word_1_567' title='bbox 1623 3891 1835 3960; x_wconf 83' lang='grc' dir='ltr'>πάλην,</span> 
     </span>
    </p>
   </div>
   <div class='ocr_carea' id='block_1_74' title="bbox 256 3976 1833 4060">
    <p class='ocr_par' dir='ltr' id='par_1_74' title="bbox 256 3976 1833 4060">
     <span class='ocr_line' id='line_1_74' title="bbox 256 3976 1833 4060; baseline -0.006 -15"><span class='ocrx_word' id='word_1_568' title='bbox 256 3993 358 4046; x_wconf 78' lang='grc' dir='ltr'>καὶ</span> <span class='ocrx_word' id='word_1_569' title='bbox 402 3988 596 4060; x_wconf 81' lang='grc' dir='ltr'>καιροῦ</span> <span class='ocrx_word' id='word_1_570' title='bbox 647 3987 858 4059; x_wconf 79' lang='grc' dir='ltr'>φθορὰν</span> <span class='ocrx_word' id='word_1_571' title='bbox 906 3986 1018 4055; x_wconf 67' lang='grc'>(14)</span> <span class='ocrx_word' id='word_1_572' title='bbox 1061 3985 1427 4053; x_wconf 84' lang='grc' dir='ltr'>διαφεύγοντα</span> <span class='ocrx_word' id='word_1_573' title='bbox 1454 4001 1467 4013; x_wconf 87' lang='grc'><strong>·</strong></span> <span class='ocrx_word' id='word_1_574' title='bbox 1511 3985 1569 4035; x_wconf 84' lang='grc' dir='ltr'><strong>ὲν</strong></span> <span class='ocrx_word' id='word_1_575' title='bbox 1605 3976 1650 4051; x_wconf 83' lang='grc' dir='ltr'>ᾧ</span> <span class='ocrx_word' id='word_1_576' title='bbox 1680 3983 1833 4047; x_wconf 87' lang='grc' dir='ltr'>νόσος</span> 
     </span>
    </p>
   </div>
   <div class='ocr_carea' id='block_1_75' title="bbox 255 4074 1832 4152">
    <p class='ocr_par' dir='ltr' id='par_1_75' title="bbox 255 4074 1832 4152">
     <span class='ocr_line' id='line_1_75' title="bbox 255 4074 1832 4152; baseline -0.005 -17"><span class='ocrx_word' id='word_1_577' title='bbox 255 4083 661 4152; x_wconf 76' lang='grc' dir='ltr'>φιλοσοφεῖται,</span> <span class='ocrx_word' id='word_1_578' title='bbox 716 4080 810 4135; x_wconf 76' lang='grc' dir='ltr'><strong>καὶ</strong></span> <span class='ocrx_word' id='word_1_579' title='bbox 859 4077 1115 4149; x_wconf 86' lang='grc' dir='ltr'>συμφορά</span> <span class='ocrx_word' id='word_1_580' title='bbox 1175 4074 1572 4146; x_wconf 77' lang='grc' dir='ltr'>μακαρίζεται,</span> <span class='ocrx_word' id='word_1_581' title='bbox 1616 4074 1712 4128; x_wconf 75' lang='grc' dir='ltr'>καὶ</span> <span class='ocrx_word' id='word_1_582' title='bbox 1770 4075 1832 4127; x_wconf 86' lang='grc' dir='ltr'><strong>τὸ</strong></span> 
     </span>
    </p>
   </div>
   <div class='ocr_carea' id='block_1_76' title="bbox 254 4166 1832 4244">
    <p class='ocr_par' dir='ltr' id='par_1_76' title="bbox 254 4166 1832 4244">
     <span class='ocr_line' id='line_1_76' title="bbox 254 4166 1832 4244; baseline -0.005 -17"><span class='ocrx_word' id='word_1_583' title='bbox 254 4173 544 4244; x_wconf 82' lang='grc' dir='ltr'>συμπαθὲς</span> <span class='ocrx_word' id='word_1_584' title='bbox 580 4172 957 4243; x_wconf 77' lang='grc' dir='ltr'>δοκιμάζεται.</span> <span class='ocrx_word' id='word_1_585' title='bbox 998 4169 1063 4223; x_wconf 88' lang='grc' dir='ltr'><strong>Τί</strong></span> <span class='ocrx_word' id='word_1_586' title='bbox 1103 4186 1197 4240; x_wconf 92' lang='grc' dir='ltr'><strong>μοι</strong></span> <span class='ocrx_word' id='word_1_587' title='bbox 1237 4167 1348 4239; x_wconf 77' lang='lat' dir='ltr'><strong>(l5)</strong></span> <span class='ocrx_word' id='word_1_588' title='bbox 1390 4166 1526 4237; x_wconf 81' lang='grc' dir='ltr'>πρὸς</span> <span class='ocrx_word' id='word_1_589' title='bbox 1566 4166 1733 4220; x_wconf 80' lang='grc' dir='ltr'>τοῦτο</span> <span class='ocrx_word' id='word_1_590' title='bbox 1770 4166 1832 4219; x_wconf 87' lang='grc' dir='ltr'><strong>τὸ</strong></span> 
     </span>
    </p>
   </div>
   <div class='ocr_carea' id='block_1_77' title="bbox 351 4393 1314 4468">
    <p class='ocr_par' dir='ltr' id='par_1_77' title="bbox 351 4393 1314 4468">
     <span class='ocr_line' id='line_1_77' title="bbox 351 4393 1314 4468; baseline -0.004 -14"><span class='ocrx_word' id='word_1_591' title='bbox 351 4400 408 4454; x_wconf 70' lang='lat' dir='ltr'><strong>2i</strong></span> <span class='ocrx_word' id='word_1_592' title='bbox 442 4399 789 4468; x_wconf 59' lang='lat' dir='ltr'><strong>Napaei-(ar.</strong></span> <span class='ocrx_word' id='word_1_593' title='bbox 823 4394 1000 4460; x_wconf 85' lang='lat' dir='ltr'><strong>Pass.,</strong></span> <span class='ocrx_word' id='word_1_594' title='bbox 1019 4393 1314 4468; x_wconf 64' lang='grc' dir='ltr'>ἀσαρκίαν.</span> 
     </span>
    </p>
   </div>
   <div class='ocr_carea' id='block_1_78' title="bbox 328 4399 1822 4541">
    <p class='ocr_par' dir='ltr' id='par_1_78' title="bbox 328 4399 1822 4541">
     <span class='ocr_line' id='line_1_78' title="bbox 351 4399 1314 4468; baseline -0.004 -14"><span class='ocrx_word' id='word_1_595' title='bbox 351 4400 408 4454; x_wconf 70' lang='lat' dir='ltr'><strong>2i</strong></span> <span class='ocrx_word' id='word_1_596' title='bbox 442 4399 789 4468; x_wconf 75' lang='grc' dir='ltr'>Παρθενίαν.</span> <span class='ocrx_word' id='word_1_597' title='bbox 824 4399 1000 4460; x_wconf 85' lang='lat' dir='ltr'><strong>Pass.,</strong></span> <span class='ocrx_word' id='word_1_598' title='bbox 1025 4399 1314 4465; x_wconf 86' lang='grc' dir='ltr'>ἀσαρκίαν.</span> 
     </span>
     <span class='ocr_line' id='line_1_79' title="bbox 328 4399 1822 4541; baseline -0.006 -16"><span class='ocrx_word' id='word_1_599' title='bbox 328 4399 559 4541; x_wconf 45' lang='lat' dir='ltr'><strong>(micat</strong></span> <span class='ocrx_word' id='word_1_600' title='bbox 594 4469 663 4541; x_wconf 69' lang='grc' dir='ltr'><em>τρ</em></span> <span class='ocrx_word' id='word_1_601' title='bbox 702 4466 836 4536; x_wconf 80' lang='grc' dir='ltr'>μέν.</span> <span class='ocrx_word' id='word_1_602' title='bbox 886 4465 1148 4541; x_wconf 77' lang='lat' dir='ltr'><strong>Sic__Reg.</strong></span> <span class='ocrx_word' id='word_1_603' title='bbox 1174 4469 1285 4541; x_wconf 83' lang='lat' dir='ltr'><strong>bm,</strong></span> <span class='ocrx_word' id='word_1_604' title='bbox 1329 4464 1610 4541; x_wconf 69' lang='lat' dir='ltr'><strong>duodecim</strong></span> <span class='ocrx_word' id='word_1_605' title='bbox 1645 4462 1822 4541; x_wconf 59' lang='grc' dir='ltr'>σουλ,</span> 
     </span>
    </p>
   </div>
   <div class='ocr_carea' id='block_1_79' title="bbox 254 4534 1831 4604">
    <p class='ocr_par' dir='ltr' id='par_1_79' title="bbox 254 4534 1831 4604">
     <span class='ocr_line' id='line_1_80' title="bbox 254 4534 1831 4604; baseline -0.005 -7"><span class='ocrx_word' id='word_1_606' title='bbox 254 4534 368 4597; x_wconf 80' lang='lat' dir='ltr'><strong>duo</strong></span> <span class='ocrx_word' id='word_1_607' title='bbox 391 4534 582 4604; x_wconf 59' lang='lat' dir='ltr'><strong>&#39;Coisl.,</strong></span> <span class='ocrx_word' id='word_1_608' title='bbox 619 4534 792 4604; x_wconf 65' lang='lat' dir='ltr'><strong>Pass,</strong></span> <span class='ocrx_word' id='word_1_609' title='bbox 834 4547 943 4593; x_wconf 88' lang='lat' dir='ltr'><strong>etc.</strong></span> <span class='ocrx_word' id='word_1_610' title='bbox 972 4534 1228 4592; x_wconf 80' lang='lat' dir='ltr'><strong>Mendose</strong></span> <span class='ocrx_word' id='word_1_611' title='bbox 1256 4537 1312 4590; x_wconf 91' lang='lat' dir='ltr'><strong>in</strong></span> <span class='ocrx_word' id='word_1_612' title='bbox 1339 4535 1463 4589; x_wconf 91' lang='lat' dir='ltr'><strong>Par.</strong></span> <span class='ocrx_word' id='word_1_613' title='bbox 1500 4536 1611 4600; x_wconf 91' lang='lat' dir='ltr'><strong>ed.,</strong></span> <span class='ocrx_word' id='word_1_614' title='bbox 1650 4534 1831 4589; x_wconf 75' lang='grc' dir='ltr'>καὶτὸ</span> 
     </span>
    </p>
   </div>
   <div class='ocr_carea' id='block_1_80' title="bbox 254 4612 1526 4749">
    <p class='ocr_par' dir='ltr' id='par_1_80' title="bbox 254 4612 1526 4749">
     <span class='ocr_line' id='line_1_81' title="bbox 254 4612 1526 4749; baseline -0.02 2"><span class='ocrx_word' id='word_1_615' title='bbox 254 4612 408 4749; x_wconf 46' lang='lat' dir='ltr'><strong>Nil)</strong></span> <span class='ocrx_word' id='word_1_616' title='bbox 443 4677 773 4749; x_wconf 66' lang='grc' dir='ltr'><strong>Ὑποσπῶν.</strong></span> <span class='ocrx_word' id='word_1_617' title='bbox 795 4674 1220 4749; x_wconf 19' lang='grc' dir='ltr'>ἰηᾉῳῄὒυεᾴεω,</span> <span class='ocrx_word' id='word_1_618' title='bbox 1244 4674 1526 4749; x_wconf 56' lang='grc' dir='ltr'>ἀποσπῶν.</span> 
     </span>
    </p>
   </div>
   <div class='ocr_carea' id='block_1_81' title="bbox 326 4743 1831 4818">
    <p class='ocr_par' dir='ltr' id='par_1_81' title="bbox 326 4743 1831 4818">
     <span class='ocr_line' id='line_1_82' title="bbox 326 4743 1831 4818; baseline -0.005 -13"><span class='ocrx_word' id='word_1_619' title='bbox 326 4743 768 4818; x_wconf 69' lang='grc' dir='ltr'><strong>(5)Λαμπὰδων</strong></span> <span class='ocrx_word' id='word_1_620' title='bbox 809 4743 995 4818; x_wconf 60' lang='grc' dir='ltr'>αὐτῷ.</span> <span class='ocrx_word' id='word_1_621' title='bbox 1049 4745 1140 4818; x_wconf 76' lang='lat' dir='ltr'><strong>§ic</strong></span> <span class='ocrx_word' id='word_1_622' title='bbox 1194 4746 1431 4818; x_wconf 86' lang='lat' dir='ltr'><strong>quinque</strong></span> <span class='ocrx_word' id='word_1_623' title='bbox 1483 4743 1677 4818; x_wconf 60' lang='lat' dir='ltr'><strong>Regg.2</strong></span> <span class='ocrx_word' id='word_1_624' title='bbox 1722 4744 1831 4799; x_wconf 88' lang='lat' dir='ltr'><strong>duo</strong></span> 
     </span>
    </p>
   </div>
   <div class='ocr_carea' id='block_1_82' title="bbox 250 4814 1735 4885">
    <p class='ocr_par' dir='ltr' id='par_1_82' title="bbox 250 4814 1735 4885">
     <span class='ocr_line' id='line_1_83' title="bbox 250 4814 1735 4885; baseline 0.018 -9"><span class='ocrx_word' id='word_1_625' title='bbox 250 4814 421 4877; x_wconf 85' lang='lat' dir='ltr'><strong>Coisl.</strong></span> <span class='ocrx_word' id='word_1_626' title='bbox 462 4814 688 4873; x_wconf 52' lang='lat' dir='ltr'><strong>et&#39;Pass.</strong></span> <span class='ocrx_word' id='word_1_627' title='bbox 716 4815 777 4871; x_wconf 89' lang='lat' dir='ltr'><strong>In</strong></span> <span class='ocrx_word' id='word_1_628' title='bbox 802 4818 912 4879; x_wconf 91' lang='lat' dir='ltr'><strong>ed.,</strong></span> <span class='ocrx_word' id='word_1_629' title='bbox 937 4814 1084 4885; x_wconf 85' lang='grc' dir='ltr'>αὐτῷ</span> <span class='ocrx_word' id='word_1_630' title='bbox 1117 4817 1331 4885; x_wconf 66' lang='lat' dir='ltr'><strong>ponitur</strong></span> <span class='ocrx_word' id='word_1_631' title='bbox 1356 4824 1474 4885; x_wconf 75' lang='grc' dir='ltr'><strong>ροδι</strong></span> <span class='ocrx_word' id='word_1_632' title='bbox 1508 4814 1735 4885; x_wconf 66' lang='grc' dir='ltr'><strong>τροφῆςο</strong></span> 
     </span>
    </p>
   </div>
   <div class='ocr_carea' id='block_1_83' title="bbox 326 4881 1825 4959">
    <p class='ocr_par' dir='ltr' id='par_1_83' title="bbox 326 4881 1825 4959">
     <span class='ocr_line' id='line_1_84' title="bbox 326 4881 1825 4959; baseline -0.006 -15"><span class='ocrx_word' id='word_1_633' title='bbox 326 4891 405 4959; x_wconf 86' lang='grc'><strong>(6)</strong></span> <span class='ocrx_word' id='word_1_634' title='bbox 435 4886 780 4957; x_wconf 79' lang='grc' dir='ltr'>Οὑδετέρου.</span> <span class='ocrx_word' id='word_1_635' title='bbox 841 4886 973 4955; x_wconf 70' lang='lat' dir='ltr'><strong>Reg.</strong></span> <span class='ocrx_word' id='word_1_636' title='bbox 1012 4881 1130 4950; x_wconf 77' lang='lat' dir='ltr'><strong>hin,</strong></span> <span class='ocrx_word' id='word_1_637' title='bbox 1158 4884 1251 4939; x_wconf 91' lang='lat' dir='ltr'><strong>0r.</strong></span> <span class='ocrx_word' id='word_1_638' title='bbox 1279 4884 1316 4937; x_wconf 74' lang='grc'>2</span> <span class='ocrx_word' id='word_1_639' title='bbox 1343 4881 1396 4938; x_wconf 82' lang='lat' dir='ltr'><strong>et</strong></span> <span class='ocrx_word' id='word_1_640' title='bbox 1425 4881 1638 4948; x_wconf 77' lang='lat' dir='ltr'><strong>Conib.,</strong></span> <span class='ocrx_word' id='word_1_641' title='bbox 1667 4881 1825 4936; x_wconf 78' lang='grc' dir='ltr'>οὐθε-</span> 
     </span>
    </p>
   </div>
   <div class='ocr_carea' id='block_1_84' title="bbox 247 4960 434 5014">
    <p class='ocr_par' dir='ltr' id='par_1_84' title="bbox 247 4960 434 5014">
     <span class='ocr_line' id='line_1_85' title="bbox 247 4960 434 5014; baseline 0.011 -2"><span class='ocrx_word' id='word_1_642' title='bbox 247 4960 434 5014; x_wconf 78' lang='grc' dir='ltr'>τέοου.</span> 
     </span>
    </p>
   </div>
   <div class='ocr_carea' id='block_1_85' title="bbox 318 4976 1822 5099">
    <p class='ocr_par' dir='ltr' id='par_1_85' title="bbox 318 4976 1822 5099">
     <span class='ocr_line' id='line_1_86' title="bbox 318 4976 1822 5099; baseline -0.003 -18"><span class='ocrx_word' id='word_1_643' title='bbox 318 4976 508 5099; x_wconf 42' lang='lat' dir='ltr'><strong>(aha</strong></span> <span class='ocrx_word' id='word_1_644' title='bbox 534 5027 621 5099; x_wconf 71' lang='grc' dir='ltr'>δέ.</span> <span class='ocrx_word' id='word_1_645' title='bbox 653 5026 745 5099; x_wconf 88' lang='lat' dir='ltr'><strong>Sic</strong></span> <span class='ocrx_word' id='word_1_646' title='bbox 768 5025 1006 5096; x_wconf 87' lang='lat' dir='ltr'><strong>quinque</strong></span> <span class='ocrx_word' id='word_1_647' title='bbox 1036 5022 1228 5095; x_wconf 80' lang='lat' dir='ltr'><strong>Begg.,</strong></span> <span class='ocrx_word' id='word_1_648' title='bbox 1260 5024 1363 5079; x_wconf 90' lang='lat' dir='ltr'><strong>duo</strong></span> <span class='ocrx_word' id='word_1_649' title='bbox 1390 5022 1553 5079; x_wconf 87' lang='lat' dir='ltr'><strong>Coisl.</strong></span> <span class='ocrx_word' id='word_1_650' title='bbox 1585 5030 1640 5077; x_wconf 90' lang='lat' dir='ltr'><strong>et</strong></span> <span class='ocrx_word' id='word_1_651' title='bbox 1664 5020 1822 5077; x_wconf 90' lang='lat' dir='ltr'><strong>Pass.</strong></span> 
     </span>
    </p>
   </div>
   <div class='ocr_carea' id='block_1_86' title="bbox 251 5098 716 5154">
    <p class='ocr_par' dir='ltr' id='par_1_86' title="bbox 251 5098 716 5154">
     <span class='ocr_line' id='line_1_87' title="bbox 251 5098 716 5154; baseline -0.006 -1"><span class='ocrx_word' id='word_1_652' title='bbox 251 5098 419 5154; x_wconf 85' lang='lat' dir='ltr'><strong>Deest</strong></span> <span class='ocrx_word' id='word_1_653' title='bbox 449 5099 507 5150; x_wconf 81' lang='grc' dir='ltr'>δέ</span> <span class='ocrx_word' id='word_1_654' title='bbox 532 5098 587 5152; x_wconf 89' lang='lat' dir='ltr'><strong>in</strong></span> <span class='ocrx_word' id='word_1_655' title='bbox 625 5098 716 5151; x_wconf 90' lang='lat' dir='ltr'><strong>ed.</strong></span> 
     </span>
    </p>
   </div>
   <div class='ocr_carea' id='block_1_87' title="bbox 325 5160 1823 5239">
    <p class='ocr_par' dir='ltr' id='par_1_87' title="bbox 325 5160 1823 5239">
     <span class='ocr_line' id='line_1_88' title="bbox 325 5160 1823 5239; baseline -0.006 -16"><span class='ocrx_word' id='word_1_656' title='bbox 325 5168 404 5239; x_wconf 91' lang='lat'><strong>(8)</strong></span> <span class='ocrx_word' id='word_1_657' title='bbox 435 5168 789 5238; x_wconf 76' lang='grc' dir='ltr'>Φεύγοντος.</span> <span class='ocrx_word' id='word_1_658' title='bbox 827 5163 919 5220; x_wconf 85' lang='lat' dir='ltr'><strong>Sic</strong></span> <span class='ocrx_word' id='word_1_659' title='bbox 945 5162 1127 5233; x_wconf 87' lang='lat' dir='ltr'><strong>plures</strong></span> <span class='ocrx_word' id='word_1_660' title='bbox 1169 5162 1323 5219; x_wconf 86' lang='lat' dir='ltr'><strong>codd.</strong></span> <span class='ocrx_word' id='word_1_661' title='bbox 1353 5160 1415 5216; x_wconf 86' lang='lat' dir='ltr'><strong>In</strong></span> <span class='ocrx_word' id='word_1_662' title='bbox 1448 5163 1560 5227; x_wconf 91' lang='lat' dir='ltr'><strong>ed.,</strong></span> <span class='ocrx_word' id='word_1_663' title='bbox 1593 5161 1823 5230; x_wconf 81' lang='grc' dir='ltr'>φεύγον-</span> 
     </span>
    </p>
   </div>
   <div class='ocr_carea' id='block_1_88' title="bbox 245 5256 365 5295">
    <p class='ocr_par' dir='ltr' id='par_1_88' title="bbox 245 5256 365 5295">
     <span class='ocr_line' id='line_1_89' title="bbox 245 5256 365 5295; baseline -0.017 0"><span class='ocrx_word' id='word_1_664' title='bbox 245 5256 365 5295; x_wconf 81' lang='grc' dir='ltr'>τες.</span> 
     </span>
    </p>
   </div>
   <div class='ocr_carea' id='block_1_89' title="bbox 311 5256 1823 5380">
    <p class='ocr_par' dir='ltr' id='par_1_89' title="bbox 311 5256 1823 5380">
     <span class='ocr_line' id='line_1_90' title="bbox 311 5256 1823 5380; baseline -0.006 -16"><span class='ocrx_word' id='word_1_665' title='bbox 311 5256 399 5380; x_wconf 47' lang='lat' dir='ltr'><strong>(Et)</strong></span> <span class='ocrx_word' id='word_1_666' title='bbox 436 5308 817 5376; x_wconf 79' lang='grc' dir='ltr'>Ἀσκητήρια,</span> <span class='ocrx_word' id='word_1_667' title='bbox 849 5313 955 5380; x_wconf 78' lang='lat' dir='ltr'><strong>etc.</strong></span> <span class='ocrx_word' id='word_1_668' title='bbox 991 5297 1215 5380; x_wconf 52' lang='lat' dir='ltr'><strong>Xidetur</strong></span> <span class='ocrx_word' id='word_1_669' title='bbox 1239 5301 1530 5380; x_wconf 76' lang='lat' dir='ltr'><strong>Gregorius</strong></span> <span class='ocrx_word' id='word_1_670' title='bbox 1553 5301 1823 5380; x_wconf 41' lang='grc' dir='ltr'><strong>βακε-βιή-</strong></span> 
     </span>
    </p>
   </div>
   <div class='ocr_carea' id='block_1_90' title="bbox 244 5372 1817 5448">
    <p class='ocr_par' dir='ltr' id='par_1_90' title="bbox 244 5372 1817 5448">
     <span class='ocr_line' id='line_1_91' title="bbox 244 5372 1817 5448; baseline -0.005 -14"><span class='ocrx_word' id='word_1_671' title='bbox 244 5372 343 5436; x_wconf 75' lang='lat' dir='ltr'><strong>cté</strong></span> <span class='ocrx_word' id='word_1_672' title='bbox 364 5372 628 5448; x_wconf 75' lang='lat' dir='ltr'><strong>accipere,</strong></span> <span class='ocrx_word' id='word_1_673' title='bbox 687 5372 850 5442; x_wconf 84' lang='lat' dir='ltr'><strong>atque</strong></span> <span class='ocrx_word' id='word_1_674' title='bbox 880 5372 1176 5448; x_wconf 77' lang='lat' dir='ltr'><strong>intelligere</strong></span> <span class='ocrx_word' id='word_1_675' title='bbox 1222 5387 1335 5448; x_wconf 77' lang='lat' dir='ltr'><strong>eos,</strong></span> <span class='ocrx_word' id='word_1_676' title='bbox 1361 5372 1475 5448; x_wconf 88' lang='lat' dir='ltr'><strong>_qui</strong></span> <span class='ocrx_word' id='word_1_677' title='bbox 1504 5372 1714 5448; x_wconf 81' lang='lat' dir='ltr'><strong>_singuli</strong></span> <span class='ocrx_word' id='word_1_678' title='bbox 1764 5375 1817 5426; x_wconf 89' lang='lat' dir='ltr'><strong>in</strong></span> 
     </span>
    </p>
   </div>
   <div class='ocr_carea' id='block_1_91' title="bbox 243 5441 1821 5511">
    <p class='ocr_par' dir='ltr' id='par_1_91' title="bbox 243 5441 1821 5511">
     <span class='ocr_line' id='line_1_92' title="bbox 243 5441 1821 5511; baseline -0.006 -6"><span class='ocrx_word' id='word_1_679' title='bbox 243 5441 559 5511; x_wconf 80' lang='lat' dir='ltr'><strong>solitudine,</strong></span> <span class='ocrx_word' id='word_1_680' title='bbox 591 5441 815 5503; x_wconf 77' lang='lat' dir='ltr'><strong>semotis</strong></span> <span class='ocrx_word' id='word_1_681' title='bbox 840 5442 1085 5505; x_wconf 86' lang='lat' dir='ltr'><strong>arbitris,</strong></span> <span class='ocrx_word' id='word_1_682' title='bbox 1110 5442 1166 5494; x_wconf 89' lang='lat' dir='ltr'><strong>in</strong></span> <span class='ocrx_word' id='word_1_683' title='bbox 1187 5441 1405 5496; x_wconf 84' lang='lat' dir='ltr'><strong>virtutis</strong></span> <span class='ocrx_word' id='word_1_684' title='bbox 1433 5442 1679 5509; x_wconf 85' lang='lat' dir='ltr'><strong>palaestra</strong></span> <span class='ocrx_word' id='word_1_685' title='bbox 1699 5456 1821 5496; x_wconf 86' lang='lat' dir='ltr'><strong>sese</strong></span> 
     </span>
    </p>
   </div>
   <div class='ocr_carea' id='block_1_92' title="bbox 242 5510 1814 5573">
    <p class='ocr_par' dir='ltr' id='par_1_92' title="bbox 242 5510 1814 5573">
     <span class='ocr_line' id='line_1_93' title="bbox 242 5510 1814 5573; baseline -0.003 -1"><span class='ocrx_word' id='word_1_686' title='bbox 242 5510 551 5573; x_wconf 50' lang='lat' dir='ltr'><strong>exercent.</strong></span> <span class='ocrx_word' id='word_1_687' title='bbox 581 5517 667 5570; x_wconf 81' lang='lat' dir='ltr'><strong>Ad</strong></span> <span class='ocrx_word' id='word_1_688' title='bbox 695 5517 835 5569; x_wconf 91' lang='lat' dir='ltr'><strong>hanc</strong></span> <span class='ocrx_word' id='word_1_689' title='bbox 862 5512 1094 5567; x_wconf 79' lang='lat' dir='ltr'><strong>formam</strong></span> <span class='ocrx_word' id='word_1_690' title='bbox 1123 5512 1353 5568; x_wconf 89' lang='lat' dir='ltr'><strong>instituti</strong></span> <span class='ocrx_word' id='word_1_691' title='bbox 1388 5513 1634 5568; x_wconf 82' lang='lat' dir='ltr'><strong>videntur</strong></span> <span class='ocrx_word' id='word_1_692' title='bbox 1677 5510 1814 5567; x_wconf 83' lang='lat' dir='ltr'><strong>Car-</strong></span> 
     </span>
    </p>
   </div>
   <div class='ocr_carea' id='block_1_93' title="bbox 245 5583 1044 5643">
    <p class='ocr_par' dir='ltr' id='par_1_93' title="bbox 245 5583 1044 5643">
     <span class='ocr_line' id='line_1_94' title="bbox 245 5583 1044 5643; baseline -0.009 0"><span class='ocrx_word' id='word_1_693' title='bbox 245 5587 482 5643; x_wconf 86' lang='lat' dir='ltr'><strong>thusiani</strong></span> <span class='ocrx_word' id='word_1_694' title='bbox 508 5595 562 5642; x_wconf 91' lang='lat' dir='ltr'><strong>et</strong></span> <span class='ocrx_word' id='word_1_695' title='bbox 588 5583 1044 5643; x_wconf 82' lang='lat' dir='ltr'><strong>Camaldulenses.</strong></span> 
     </span>
    </p>
   </div>
   <div class='ocr_carea' id='block_1_94' title="bbox 318 5650 1815 5726">
    <p class='ocr_par' dir='ltr' id='par_1_94' title="bbox 318 5650 1815 5726">
     <span class='ocr_line' id='line_1_95' title="bbox 318 5650 1815 5726; baseline -0.003 -14"><span class='ocrx_word' id='word_1_696' title='bbox 318 5658 434 5726; x_wconf 67' lang='lat'><strong>(10)</strong></span> <span class='ocrx_word' id='word_1_697' title='bbox 475 5653 930 5721; x_wconf 67' lang='grc' dir='ltr'><strong>’Μ’ἀλλήλων.</strong></span> <span class='ocrx_word' id='word_1_698' title='bbox 987 5652 1076 5710; x_wconf 86' lang='lat' dir='ltr'><strong>Sic</strong></span> <span class='ocrx_word' id='word_1_699' title='bbox 1106 5651 1342 5725; x_wconf 86' lang='lat' dir='ltr'><strong>quinque</strong></span> <span class='ocrx_word' id='word_1_700' title='bbox 1375 5652 1565 5723; x_wconf 78' lang='lat' dir='ltr'><strong>Regg.,</strong></span> <span class='ocrx_word' id='word_1_701' title='bbox 1593 5661 1697 5709; x_wconf 90' lang='lat' dir='ltr'><strong>etc.</strong></span> <span class='ocrx_word' id='word_1_702' title='bbox 1755 5650 1815 5708; x_wconf 91' lang='lat' dir='ltr'><strong>In</strong></span> 
     </span>
    </p>
   </div>
   <div class='ocr_carea' id='block_1_95' title="bbox 1941 3343 3502 3420">
    <p class='ocr_par' dir='ltr' id='par_1_95' title="bbox 1941 3343 3502 3420">
     <span class='ocr_line' id='line_1_96' title="bbox 1941 3343 3502 3420; baseline 0.007 -22"><span class='ocrx_word' id='word_1_703' title='bbox 1941 3352 1999 3398; x_wconf 90' lang='lat' dir='ltr'><strong>et</strong></span> <span class='ocrx_word' id='word_1_704' title='bbox 2027 3357 2323 3412; x_wconf 89' lang='lat' dir='ltr'><strong>pauperum</strong></span> <span class='ocrx_word' id='word_1_705' title='bbox 2373 3343 2691 3400; x_wconf 87' lang='lat' dir='ltr'><strong>alendorum</strong></span> <span class='ocrx_word' id='word_1_706' title='bbox 2737 3350 2998 3411; x_wconf 88' lang='lat' dir='ltr'><strong>studium.</strong></span> <span class='ocrx_word' id='word_1_707' title='bbox 3041 3362 3205 3420; x_wconf 83' lang='lat' dir='ltr'><strong>atque</strong></span> <span class='ocrx_word' id='word_1_708' title='bbox 3253 3354 3502 3409; x_wconf 67' lang='lat' dir='ltr'><strong>humanae</strong></span> 
     </span>
    </p>
   </div>
   <div class='ocr_carea' id='block_1_96' title="bbox 1940 3430 3504 3501">
    <p class='ocr_par' dir='ltr' id='par_1_96' title="bbox 1940 3430 3504 3501">
     <span class='ocr_line' id='line_1_97' title="bbox 1940 3430 3504 3501; baseline 0.009 -16"><span class='ocrx_word' id='word_1_709' title='bbox 1940 3430 2237 3486; x_wconf 74' lang='lat' dir='ltr'><strong>inﬁrmitati</strong></span> <span class='ocrx_word' id='word_1_710' title='bbox 2277 3447 2435 3501; x_wconf 88' lang='lat' dir='ltr'><strong>opem</strong></span> <span class='ocrx_word' id='word_1_711' title='bbox 2483 3434 2653 3490; x_wconf 80' lang='lat' dir='ltr'><strong>ferre.</strong></span> <span class='ocrx_word' id='word_1_712' title='bbox 2702 3436 2985 3499; x_wconf 81' lang='lat' dir='ltr'><strong>Paululum</strong></span> <span class='ocrx_word' id='word_1_713' title='bbox 3032 3451 3185 3495; x_wconf 79' lang='lat' dir='ltr'><strong>extra</strong></span> <span class='ocrx_word' id='word_1_714' title='bbox 3231 3443 3504 3498; x_wconf 87' lang='lat' dir='ltr'><strong>civitatem</strong></span> 
     </span>
    </p>
   </div>
   <div class='ocr_carea' id='block_1_97' title="bbox 1939 3523 3507 3601">
    <p class='ocr_par' dir='ltr' id='par_1_97' title="bbox 1939 3523 3507 3601">
     <span class='ocr_line' id='line_1_98' title="bbox 1939 3523 3507 3601; baseline 0.006 -22"><span class='ocrx_word' id='word_1_715' title='bbox 1939 3524 2130 3593; x_wconf 88' lang='lat' dir='ltr'><strong>pedem</strong></span> <span class='ocrx_word' id='word_1_716' title='bbox 2156 3523 2309 3586; x_wconf 86' lang='lat' dir='ltr'><strong>ell&#39;er,</strong></span> <span class='ocrx_word' id='word_1_717' title='bbox 2348 3536 2413 3578; x_wconf 89' lang='lat' dir='ltr'><strong>ac</strong></span> <span class='ocrx_word' id='word_1_718' title='bbox 2461 3538 2657 3579; x_wconf 83' lang='lat' dir='ltr'><strong>novam</strong></span> <span class='ocrx_word' id='word_1_719' title='bbox 2711 3528 2988 3585; x_wconf 87' lang='lat' dir='ltr'><strong>civitatem</strong></span> <span class='ocrx_word' id='word_1_720' title='bbox 3042 3533 3319 3601; x_wconf 85' lang='lat' dir='ltr'><strong>conspiee,</strong></span> <span class='ocrx_word' id='word_1_721' title='bbox 3377 3534 3507 3589; x_wconf 89' lang='lat' dir='ltr'><strong>illud</strong></span> 
     </span>
    </p>
   </div>
   <div class='ocr_carea' id='block_1_98' title="bbox 1939 3612 3504 3692">
    <p class='ocr_par' dir='ltr' id='par_1_98' title="bbox 1939 3612 3504 3692">
     <span class='ocr_line' id='line_1_99' title="bbox 1939 3612 3504 3692; baseline 0.006 -25"><span class='ocrx_word' id='word_1_722' title='bbox 1939 3612 2156 3680; x_wconf 86' lang='lat' dir='ltr'><strong>pietatis</strong></span> <span class='ocrx_word' id='word_1_723' title='bbox 2180 3614 2632 3682; x_wconf 88' lang='lat' dir='ltr'><strong>promptuarium,</strong></span> <span class='ocrx_word' id='word_1_724' title='bbox 2664 3615 2796 3671; x_wconf 88' lang='lat' dir='ltr'><strong>illud</strong></span> <span class='ocrx_word' id='word_1_725' title='bbox 2843 3634 3129 3675; x_wconf 90' lang='lat' dir='ltr'><strong>commune</strong></span> <span class='ocrx_word' id='word_1_726' title='bbox 3176 3622 3504 3692; x_wconf 90' lang='lat' dir='ltr'><strong>locupletum</strong></span> 
     </span>
    </p>
   </div>
   <div class='ocr_carea' id='block_1_99' title="bbox 1938 3704 3509 3785">
    <p class='ocr_par' dir='ltr' id='par_1_99' title="bbox 1938 3704 3509 3785">
     <span class='ocr_line' id='line_1_100' title="bbox 1938 3704 3509 3785; baseline 0.006 -28"><span class='ocrx_word' id='word_1_727' title='bbox 1938 3704 2211 3770; x_wconf 66' lang='lat' dir='ltr'><strong>aerarium,</strong></span> <span class='ocrx_word' id='word_1_728' title='bbox 2244 3705 2297 3759; x_wconf 94' lang='lat' dir='ltr'><strong>in</strong></span> <span class='ocrx_word' id='word_1_729' title='bbox 2331 3706 2498 3774; x_wconf 90' lang='lat' dir='ltr'><strong>quod,</strong></span> <span class='ocrx_word' id='word_1_730' title='bbox 2524 3722 2628 3761; x_wconf 91' lang='lat' dir='ltr'><strong>non</strong></span> <span class='ocrx_word' id='word_1_731' title='bbox 2655 3709 2814 3764; x_wconf 92' lang='lat' dir='ltr'><strong>modo</strong></span> <span class='ocrx_word' id='word_1_732' title='bbox 2836 3711 3196 3769; x_wconf 85' lang='lat' dir='ltr'><strong>redundantes</strong></span> <span class='ocrx_word' id='word_1_733' title='bbox 3226 3729 3288 3767; x_wconf 89' lang='lat' dir='ltr'><strong>ac</strong></span> <span class='ocrx_word' id='word_1_734' title='bbox 3315 3729 3509 3785; x_wconf 86' lang='lat' dir='ltr'><strong>super-</strong></span> 
     </span>
    </p>
   </div>
   <div class='ocr_carea' id='block_1_100' title="bbox 1938 3794 3503 3872">
    <p class='ocr_par' dir='ltr' id='par_1_100' title="bbox 1938 3794 3503 3872">
     <span class='ocr_line' id='line_1_101' title="bbox 1938 3794 3503 3872; baseline 0.006 -23"><span class='ocrx_word' id='word_1_735' title='bbox 1938 3794 2059 3851; x_wconf 74' lang='lat' dir='ltr'><strong>ﬂuae</strong></span> <span class='ocrx_word' id='word_1_736' title='bbox 2089 3811 2241 3866; x_wconf 85' lang='lat' dir='ltr'><strong>opes,</strong></span> <span class='ocrx_word' id='word_1_737' title='bbox 2292 3799 2387 3855; x_wconf 86' lang='lat' dir='ltr'><strong>sed</strong></span> <span class='ocrx_word' id='word_1_738' title='bbox 2433 3797 2545 3865; x_wconf 84' lang='lat' dir='ltr'><strong>jam</strong></span> <span class='ocrx_word' id='word_1_739' title='bbox 2587 3803 2908 3856; x_wconf 73' lang='lat' dir='ltr'><strong>necessaria:</strong></span> <span class='ocrx_word' id='word_1_740' title='bbox 2941 3818 3156 3872; x_wconf 88' lang='lat' dir='ltr'><strong>quoque</strong></span> <span class='ocrx_word' id='word_1_741' title='bbox 3214 3802 3503 3859; x_wconf 78' lang='lat' dir='ltr'><strong>facultates</strong></span> 
     </span>
    </p>
   </div>
   <div class='ocr_carea' id='block_1_101' title="bbox 1941 3887 3503 3961">
    <p class='ocr_par' dir='ltr' id='par_1_101' title="bbox 1941 3887 3503 3961">
     <span class='ocr_line' id='line_1_102' title="bbox 1941 3887 3503 3961; baseline 0.005 -20"><span class='ocrx_word' id='word_1_742' title='bbox 1941 3902 2036 3956; x_wconf 89' lang='lat' dir='ltr'><strong>per</strong></span> <span class='ocrx_word' id='word_1_743' title='bbox 2071 3887 2213 3943; x_wconf 90' lang='lat' dir='ltr'><strong>illius</strong></span> <span class='ocrx_word' id='word_1_744' title='bbox 2245 3889 2646 3947; x_wconf 89' lang='lat' dir='ltr'><strong>cohortationes</strong></span> <span class='ocrx_word' id='word_1_745' title='bbox 2696 3894 3082 3961; x_wconf 88' lang='lat' dir='ltr'><strong>reconduntur,</strong></span> <span class='ocrx_word' id='word_1_746' title='bbox 3132 3898 3302 3949; x_wconf 91' lang='lat' dir='ltr'><strong>tineas</strong></span> <span class='ocrx_word' id='word_1_747' title='bbox 3336 3911 3503 3951; x_wconf 82' lang='lat' dir='ltr'><strong>excu-</strong></span> 
     </span>
    </p>
   </div>
   <div class='ocr_carea' id='block_1_102' title="bbox 1942 3979 3507 4051">
    <p class='ocr_par' dir='ltr' id='par_1_102' title="bbox 1942 3979 3507 4051">
     <span class='ocr_line' id='line_1_103' title="bbox 1942 3979 3507 4051; baseline 0.007 -20"><span class='ocrx_word' id='word_1_748' title='bbox 1942 3979 2155 4043; x_wconf 88' lang='lat' dir='ltr'><strong>tientes,</strong></span> <span class='ocrx_word' id='word_1_749' title='bbox 2184 3979 2333 4037; x_wconf 80' lang='lat' dir='ltr'><strong>fures</strong></span> <span class='ocrx_word' id='word_1_750' title='bbox 2360 3997 2468 4037; x_wconf 93' lang='lat' dir='ltr'><strong>non</strong></span> <span class='ocrx_word' id='word_1_751' title='bbox 2499 3982 2858 4050; x_wconf 87' lang='lat' dir='ltr'><strong>oblectantes,</strong></span> <span class='ocrx_word' id='word_1_752' title='bbox 2886 3986 3102 4041; x_wconf 86' lang='lat' dir='ltr'><strong>invidiae</strong></span> <span class='ocrx_word' id='word_1_753' title='bbox 3130 3998 3427 4051; x_wconf 86' lang='lat' dir='ltr'><strong>certamen,</strong></span> <span class='ocrx_word' id='word_1_754' title='bbox 3450 4000 3507 4042; x_wconf 86' lang='lat' dir='ltr'><strong>et</strong></span> 
     </span>
    </p>
   </div>
   <div class='ocr_carea' id='block_1_103' title="bbox 1941 4070 3505 4145">
    <p class='ocr_par' dir='ltr' id='par_1_103' title="bbox 1941 4070 3505 4145">
     <span class='ocr_line' id='line_1_104' title="bbox 1941 4070 3505 4145; baseline 0.006 -23"><span class='ocrx_word' id='word_1_755' title='bbox 1941 4070 2197 4139; x_wconf 87' lang='lat' dir='ltr'><strong>temporis</strong></span> <span class='ocrx_word' id='word_1_756' title='bbox 2221 4072 2621 4141; x_wconf 86' lang='lat' dir='ltr'><strong>corruptionem</strong></span> <span class='ocrx_word' id='word_1_757' title='bbox 2667 4072 3023 4145; x_wconf 69' lang='lat' dir='ltr'><strong>effugientes;</strong></span> <span class='ocrx_word' id='word_1_758' title='bbox 3053 4077 3107 4130; x_wconf 92' lang='lat' dir='ltr'><strong>in</strong></span> <span class='ocrx_word' id='word_1_759' title='bbox 3133 4092 3239 4145; x_wconf 91' lang='lat' dir='ltr'><strong>quo</strong></span> <span class='ocrx_word' id='word_1_760' title='bbox 3285 4078 3505 4132; x_wconf 84' lang='lat' dir='ltr'><strong>morbus</strong></span> 
     </span>
    </p>
   </div>
   <div class='ocr_carea' id='block_1_104' title="bbox 1936 4163 3501 4236">
    <p class='ocr_par' dir='ltr' id='par_1_104' title="bbox 1936 4163 3501 4236">
     <span class='ocr_line' id='line_1_105' title="bbox 1936 4163 3501 4236; baseline 0.003 -19"><span class='ocrx_word' id='word_1_761' title='bbox 1936 4177 2091 4233; x_wconf 73' lang='lat' dir='ltr'><strong>aequo</strong></span> <span class='ocrx_word' id='word_1_762' title='bbox 2119 4163 2303 4221; x_wconf 86' lang='lat' dir='ltr'><strong>animo</strong></span> <span class='ocrx_word' id='word_1_763' title='bbox 2333 4165 2614 4231; x_wconf 88' lang='lat' dir='ltr'><strong>toleratur,</strong></span> <span class='ocrx_word' id='word_1_764' title='bbox 2641 4176 2697 4221; x_wconf 88' lang='lat' dir='ltr'><strong>et</strong></span> <span class='ocrx_word' id='word_1_765' title='bbox 2725 4167 3001 4224; x_wconf 84' lang='lat' dir='ltr'><strong>calamitas</strong></span> <span class='ocrx_word' id='word_1_766' title='bbox 3041 4169 3195 4223; x_wconf 85' lang='lat' dir='ltr'><strong>beata</strong></span> <span class='ocrx_word' id='word_1_767' title='bbox 3228 4178 3501 4236; x_wconf 82' lang='lat' dir='ltr'><strong>censetur,</strong></span> 
     </span>
    </p>
   </div>
   <div class='ocr_carea' id='block_1_105' title="bbox 1856 4391 3498 4471">
    <p class='ocr_par' dir='ltr' id='par_1_105' title="bbox 1856 4391 3498 4471">
     <span class='ocr_line' id='line_1_106' title="bbox 1856 4391 3498 4471; baseline -0.005 -23"><span class='ocrx_word' id='word_1_768' title='bbox 1856 4394 2040 4462; x_wconf 81' lang='lat' dir='ltr'><strong>Ded.,</strong></span> <span class='ocrx_word' id='word_1_769' title='bbox 2102 4395 2189 4448; x_wconf 75' lang='grc' dir='ltr'>ἐπ’</span> <span class='ocrx_word' id='word_1_770' title='bbox 2235 4391 2496 4464; x_wconf 81' lang='grc' dir='ltr'>ἀλλήλων.</span> <span class='ocrx_word' id='word_1_771' title='bbox 2557 4392 2699 4459; x_wconf 83' lang='lat' dir='ltr'><strong>Mox,</strong></span> <span class='ocrx_word' id='word_1_772' title='bbox 2740 4394 3000 4464; x_wconf 89' lang='grc' dir='ltr'>χωρίσας,</span> <span class='ocrx_word' id='word_1_773' title='bbox 3056 4397 3146 4453; x_wconf 92' lang='lat' dir='ltr'><strong>0r.</strong></span> <span class='ocrx_word' id='word_1_774' title='bbox 3192 4395 3249 4462; x_wconf 79' lang='lat'><strong>2,</strong></span> <span class='ocrx_word' id='word_1_775' title='bbox 3312 4400 3498 4471; x_wconf 74' lang='grc' dir='ltr'>χωρή-</span> 
     </span>
    </p>
   </div>
   <div class='ocr_carea' id='block_1_106' title="bbox 1933 4482 3525 4606">
    <p class='ocr_par' dir='ltr' id='par_1_106' title="bbox 1933 4482 3525 4606">
     <span class='ocr_line' id='line_1_107' title="bbox 1933 4482 3525 4606; baseline -0.001 -19"><span class='ocrx_word' id='word_1_776' title='bbox 1933 4482 2111 4606; x_wconf 67' lang='grc' dir='ltr'>σαῗίι)</span> <span class='ocrx_word' id='word_1_777' title='bbox 2167 4533 2398 4606; x_wconf 61' lang='grc' dir='ltr'><strong>Καινὴν</strong></span> <span class='ocrx_word' id='word_1_778' title='bbox 2442 4512 2959 4606; x_wconf 40' lang='grc' dir='ltr'>πόλικηιηιειιὶεῖι</span> <span class='ocrx_word' id='word_1_779' title='bbox 3023 4535 3337 4606; x_wconf 84' lang='lat' dir='ltr'><strong>hospitalem</strong></span> <span class='ocrx_word' id='word_1_780' title='bbox 3399 4537 3525 4593; x_wconf 46' lang='grc' dir='ltr'><strong>(ιο-η</strong></span> 
     </span>
    </p>
   </div>
   <div class='ocr_carea' id='block_1_107' title="bbox 1930 4602 3500 4673">
    <p class='ocr_par' dir='ltr' id='par_1_107' title="bbox 1930 4602 3500 4673">
     <span class='ocr_line' id='line_1_108' title="bbox 1930 4602 3500 4673; baseline 0 -14"><span class='ocrx_word' id='word_1_781' title='bbox 1930 4602 2099 4668; x_wconf 81' lang='lat' dir='ltr'><strong>mum,</strong></span> <span class='ocrx_word' id='word_1_782' title='bbox 2155 4619 2315 4673; x_wconf 89' lang='lat' dir='ltr'><strong>quam</strong></span> <span class='ocrx_word' id='word_1_783' title='bbox 2352 4604 2600 4673; x_wconf 83' lang='lat' dir='ltr'><strong>Basilius,</strong></span> <span class='ocrx_word' id='word_1_784' title='bbox 2637 4602 2843 4656; x_wconf 88' lang='lat' dir='ltr'><strong>alendis</strong></span> <span class='ocrx_word' id='word_1_785' title='bbox 2887 4602 3214 4672; x_wconf 73' lang='lat' dir='ltr'><strong>pauperibus</strong></span> <span class='ocrx_word' id='word_1_786' title='bbox 3237 4616 3289 4659; x_wconf 89' lang='lat' dir='ltr'><strong>et</strong></span> <span class='ocrx_word' id='word_1_787' title='bbox 3315 4605 3500 4659; x_wconf 76' lang='lat' dir='ltr'><strong>foven-</strong></span> 
     </span>
    </p>
   </div>
   <div class='ocr_carea' id='block_1_108' title="bbox 1930 4671 3496 4743">
    <p class='ocr_par' dir='ltr' id='par_1_108' title="bbox 1930 4671 3496 4743">
     <span class='ocr_line' id='line_1_109' title="bbox 1930 4671 3496 4743; baseline 0.003 -18"><span class='ocrx_word' id='word_1_788' title='bbox 1930 4675 2014 4727; x_wconf 91' lang='lat' dir='ltr'><strong>dis</strong></span> <span class='ocrx_word' id='word_1_789' title='bbox 2052 4671 2285 4743; x_wconf 80' lang='lat' dir='ltr'><strong>aegrotis,</strong></span> <span class='ocrx_word' id='word_1_790' title='bbox 2324 4683 2475 4727; x_wconf 77' lang='lat' dir='ltr'><strong>extra</strong></span> <span class='ocrx_word' id='word_1_791' title='bbox 2528 4671 2832 4727; x_wconf 71' lang='lat' dir='ltr'><strong>Caesaream</strong></span> <span class='ocrx_word' id='word_1_792' title='bbox 2886 4671 3305 4731; x_wconf 69' lang='lat' dir='ltr'><strong>conetrueudam</strong></span> <span class='ocrx_word' id='word_1_793' title='bbox 3343 4692 3496 4729; x_wconf 86' lang='lat' dir='ltr'><strong>cura-</strong></span> 
     </span>
    </p>
   </div>
   <div class='ocr_carea' id='block_1_109' title="bbox 1926 4754 3492 4898">
    <p class='ocr_par' dir='ltr' id='par_1_109' title="bbox 1926 4754 3492 4898">
     <span class='ocr_line' id='line_1_110' title="bbox 1926 4754 3492 4898; baseline 0.001 -32"><span class='ocrx_word' id='word_1_794' title='bbox 1926 4754 2112 4898; x_wconf 56' lang='grc' dir='ltr'><strong>νθῖῗίῖ)</strong></span> <span class='ocrx_word' id='word_1_795' title='bbox 2147 4810 2408 4883; x_wconf 78' lang='grc' dir='ltr'>Ταμεῖον.</span> <span class='ocrx_word' id='word_1_796' title='bbox 2462 4810 2705 4875; x_wconf 89' lang='lat' dir='ltr'><strong>Quatuor</strong></span> <span class='ocrx_word' id='word_1_797' title='bbox 2736 4810 2928 4883; x_wconf 79' lang='lat' dir='ltr'><strong>Regg.,</strong></span> <span class='ocrx_word' id='word_1_798' title='bbox 2990 4813 3143 4869; x_wconf 84' lang='lat' dir='ltr'><strong>Pass.</strong></span> <span class='ocrx_word' id='word_1_799' title='bbox 3172 4823 3229 4867; x_wconf 91' lang='lat' dir='ltr'><strong>et</strong></span> <span class='ocrx_word' id='word_1_800' title='bbox 3280 4788 3492 4882; x_wconf 76' lang='lat' dir='ltr'><strong>Comb.,</strong></span> 
     </span>
    </p>
   </div>
   <div class='ocr_carea' id='block_1_110' title="bbox 1925 4899 3514 5023">
    <p class='ocr_par' dir='ltr' id='par_1_110' title="bbox 1925 4899 3514 5023">
     <span class='ocr_line' id='line_1_111' title="bbox 1925 4899 2187 4952; baseline -0.004 -18"><span class='ocrx_word' id='word_1_801' title='bbox 1925 4899 2187 4952; x_wconf 84' lang='grc' dir='ltr'>ταμιειον.</span> 
     </span>
     <span class='ocr_line' id='line_1_112' title="bbox 1998 4950 3514 5023; baseline -0.002 -17"><span class='ocrx_word' id='word_1_802' title='bbox 1998 4953 2108 5023; x_wconf 79' lang='grc'>(15)</span> <span class='ocrx_word' id='word_1_803' title='bbox 2153 4950 2687 5023; x_wconf 42' lang='grc' dir='ltr'>Ἀποτίθεταιηῐίρε.</span> <span class='ocrx_word' id='word_1_804' title='bbox 2712 4960 2805 5023; x_wconf 74' lang='lat' dir='ltr'><strong>ph,</strong></span> <span class='ocrx_word' id='word_1_805' title='bbox 2841 4950 3216 5023; x_wconf 84' lang='grc' dir='ltr'>ἀποτίθενται.</span> <span class='ocrx_word' id='word_1_806' title='bbox 3511 4970 3514 4975; x_wconf 54' lang='grc' dir='ltr'><strong>ν</strong></span> 
     </span>
    </p>
   </div>
   <div class='ocr_carea' id='block_1_111' title="bbox 1996 5020 3489 5094">
    <p class='ocr_par' dir='ltr' id='par_1_111' title="bbox 1996 5020 3489 5094">
     <span class='ocr_line' id='line_1_113' title="bbox 1996 5020 3489 5094; baseline 0.001 -19"><span class='ocrx_word' id='word_1_807' title='bbox 1996 5020 2108 5092; x_wconf 69' lang='grc'>(14)</span> <span class='ocrx_word' id='word_1_808' title='bbox 2152 5021 2401 5088; x_wconf 82' lang='grc' dir='ltr'>Φθοράν.</span> <span class='ocrx_word' id='word_1_809' title='bbox 2449 5020 2692 5089; x_wconf 77' lang='lat' dir='ltr'><strong>Quinque</strong></span> <span class='ocrx_word' id='word_1_810' title='bbox 2726 5020 2895 5091; x_wconf 73' lang='lat' dir='ltr'><strong>Regg.</strong></span> <span class='ocrx_word' id='word_1_811' title='bbox 2960 5032 3015 5076; x_wconf 91' lang='lat' dir='ltr'><strong>et</strong></span> <span class='ocrx_word' id='word_1_812' title='bbox 3069 5022 3243 5087; x_wconf 87' lang='lat' dir='ltr'><strong>Pass.,</strong></span> <span class='ocrx_word' id='word_1_813' title='bbox 3298 5023 3489 5094; x_wconf 86' lang='grc' dir='ltr'>φοράν,</span> 
     </span>
    </p>
   </div>
   <div class='ocr_carea' id='block_1_112' title="bbox 1932 5107 3488 5230">
    <p class='ocr_par' dir='ltr' id='par_1_112' title="bbox 1932 5107 3488 5230">
     <span class='ocr_line' id='line_1_114' title="bbox 1932 5107 3488 5230; baseline 0.001 -17"><span class='ocrx_word' id='word_1_814' title='bbox 1932 5107 2482 5230; x_wconf 42' lang='grc' dir='ltr'>ιῖιίὲῖῖίῗμοιωιο.</span> <span class='ocrx_word' id='word_1_815' title='bbox 2535 5156 2751 5228; x_wconf 90' lang='lat' dir='ltr'><strong>Septem</strong></span> <span class='ocrx_word' id='word_1_816' title='bbox 2814 5161 2995 5230; x_wconf 63' lang='lat' dir='ltr'><strong>mundi</strong></span> <span class='ocrx_word' id='word_1_817' title='bbox 3052 5160 3308 5230; x_wconf 82' lang='lat' dir='ltr'><strong>miracula</strong></span> <span class='ocrx_word' id='word_1_818' title='bbox 3337 5161 3425 5216; x_wconf 90' lang='lat' dir='ltr'><strong>hic</strong></span> <span class='ocrx_word' id='word_1_819' title='bbox 3459 5179 3488 5214; x_wconf 89' lang='lat' dir='ltr'><strong>a</strong></span> 
     </span>
    </p>
   </div>
   <div class='ocr_carea' id='block_1_113' title="bbox 1923 5228 3489 5299">
    <p class='ocr_par' dir='ltr' id='par_1_113' title="bbox 1923 5228 3489 5299">
     <span class='ocr_line' id='line_1_115' title="bbox 1923 5228 3489 5299; baseline 0 -14"><span class='ocrx_word' id='word_1_820' title='bbox 1923 5228 2185 5299; x_wconf 83' lang='lat' dir='ltr'><strong>Gregorio</strong></span> <span class='ocrx_word' id='word_1_821' title='bbox 2224 5228 2626 5299; x_wconf 77' lang='lat' dir='ltr'><strong>intelliguntur;</strong></span> <span class='ocrx_word' id='word_1_822' title='bbox 2669 5244 2882 5299; x_wconf 78' lang='lat' dir='ltr'><strong>nempe,</strong></span> <span class='ocrx_word' id='word_1_823' title='bbox 2935 5228 3133 5285; x_wconf 76' lang='lat' dir='ltr'><strong>Thebae</strong></span> <span class='ocrx_word' id='word_1_824' title='bbox 3181 5231 3232 5284; x_wconf 93' lang='lat' dir='ltr'><strong>in</strong></span> <span class='ocrx_word' id='word_1_825' title='bbox 3283 5229 3489 5286; x_wconf 69' lang='lat' dir='ltr'><strong>Boeotia</strong></span> 
     </span>
    </p>
   </div>
   <div class='ocr_carea' id='block_1_114' title="bbox 1921 5298 3490 5370">
    <p class='ocr_par' dir='ltr' id='par_1_114' title="bbox 1921 5298 3490 5370">
     <span class='ocr_line' id='line_1_116' title="bbox 1921 5298 3490 5370; baseline -0.001 -17"><span class='ocrx_word' id='word_1_826' title='bbox 1921 5298 2126 5368; x_wconf 84' lang='lat' dir='ltr'><strong>septem</strong></span> <span class='ocrx_word' id='word_1_827' title='bbox 2178 5309 2358 5367; x_wconf 91' lang='lat' dir='ltr'><strong>portas</strong></span> <span class='ocrx_word' id='word_1_828' title='bbox 2384 5298 2660 5361; x_wconf 85' lang='lat' dir='ltr'><strong>habentes,</strong></span> <span class='ocrx_word' id='word_1_829' title='bbox 2687 5308 2769 5370; x_wconf 81' lang='lat' dir='ltr'><strong>et_</strong></span> <span class='ocrx_word' id='word_1_830' title='bbox 2799 5298 3079 5370; x_wconf 72' lang='lat' dir='ltr'><strong>Thebzein</strong></span> <span class='ocrx_word' id='word_1_831' title='bbox 3109 5300 3490 5370; x_wconf 67' lang='lat' dir='ltr'><strong>Egyptocen-</strong></span> 
     </span>
    </p>
   </div>
   <div class='ocr_carea' id='block_1_115' title="bbox 1924 5368 3492 5438">
    <p class='ocr_par' dir='ltr' id='par_1_115' title="bbox 1924 5368 3492 5438">
     <span class='ocr_line' id='line_1_117' title="bbox 1924 5368 3492 5438; baseline 0.001 -14"><span class='ocrx_word' id='word_1_832' title='bbox 1924 5379 2032 5424; x_wconf 90' lang='lat' dir='ltr'><strong>tum</strong></span> <span class='ocrx_word' id='word_1_833' title='bbox 2067 5373 2234 5438; x_wconf 88' lang='lat' dir='ltr'><strong>portis</strong></span> <span class='ocrx_word' id='word_1_834' title='bbox 2277 5371 2495 5429; x_wconf 81' lang='lat' dir='ltr'><strong>cinctae;</strong></span> <span class='ocrx_word' id='word_1_835' title='bbox 2558 5369 2697 5420; x_wconf 88' lang='lat' dir='ltr'><strong>muri</strong></span> <span class='ocrx_word' id='word_1_836' title='bbox 2737 5368 3013 5438; x_wconf 81' lang='lat' dir='ltr'><strong>Babylonii</strong></span> <span class='ocrx_word' id='word_1_837' title='bbox 3054 5386 3093 5438; x_wconf 20' lang='grc' dir='ltr'><strong>,ιι</strong></span> <span class='ocrx_word' id='word_1_838' title='bbox 3137 5368 3492 5425; x_wconf 77' lang='lat' dir='ltr'><strong>Seiniramide</strong></span> 
     </span>
    </p>
   </div>
   <div class='ocr_carea' id='block_1_116' title="bbox 1920 5437 3487 5505">
    <p class='ocr_par' dir='ltr' id='par_1_116' title="bbox 1920 5437 3487 5505">
     <span class='ocr_line' id='line_1_118' title="bbox 1920 5437 3487 5505; baseline 0.001 -12"><span class='ocrx_word' id='word_1_839' title='bbox 1920 5437 2214 5505; x_wconf 86' lang='lat' dir='ltr'><strong>exstructi;</strong></span> <span class='ocrx_word' id='word_1_840' title='bbox 2252 5438 2470 5492; x_wconf 87' lang='lat' dir='ltr'><strong>Mausoli</strong></span> <span class='ocrx_word' id='word_1_841' title='bbox 2500 5439 2801 5505; x_wconf 88' lang='lat' dir='ltr'><strong>sepulcrum</strong></span> <span class='ocrx_word' id='word_1_842' title='bbox 2831 5439 2882 5489; x_wconf 94' lang='lat' dir='ltr'><strong>in</strong></span> <span class='ocrx_word' id='word_1_843' title='bbox 2915 5437 3077 5492; x_wconf 83' lang='lat' dir='ltr'><strong>Caria</strong></span> <span class='ocrx_word' id='word_1_844' title='bbox 3107 5442 3173 5494; x_wconf 83' lang='lat' dir='ltr'><strong>ab</strong></span> <span class='ocrx_word' id='word_1_845' title='bbox 3196 5439 3487 5494; x_wconf 87' lang='lat' dir='ltr'><strong>Artemisia</strong></span> 
     </span>
    </p>
   </div>
   <div class='ocr_carea' id='block_1_117' title="bbox 1920 5505 3490 5576">
    <p class='ocr_par' dir='ltr' id='par_1_117' title="bbox 1920 5505 3490 5576">
     <span class='ocr_line' id='line_1_119' title="bbox 1920 5505 3490 5576; baseline -0.001 -13"><span class='ocrx_word' id='word_1_846' title='bbox 1920 5523 2086 5565; x_wconf 78' lang='lat' dir='ltr'><strong>uxore</strong></span> <span class='ocrx_word' id='word_1_847' title='bbox 2110 5509 2413 5570; x_wconf 86' lang='lat' dir='ltr'><strong>conditum;</strong></span> <span class='ocrx_word' id='word_1_848' title='bbox 2446 5505 2663 5575; x_wconf 62' lang='lat' dir='ltr'><strong>[Egypti</strong></span> <span class='ocrx_word' id='word_1_849' title='bbox 2693 5508 3036 5576; x_wconf 85' lang='lat' dir='ltr'><strong>pyramides;</strong></span> <span class='ocrx_word' id='word_1_850' title='bbox 3074 5509 3315 5563; x_wconf 82' lang='lat' dir='ltr'><strong>colossus</strong></span> <span class='ocrx_word' id='word_1_851' title='bbox 3343 5509 3490 5563; x_wconf 80' lang='lat' dir='ltr'><strong>Rho-</strong></span> 
     </span>
    </p>
   </div>
   <div class='ocr_carea' id='block_1_118' title="bbox 1919 5576 3491 5650">
    <p class='ocr_par' dir='ltr' id='par_1_118' title="bbox 1919 5576 3491 5650">
     <span class='ocr_line' id='line_1_120' title="bbox 1919 5576 3491 5650; baseline 0.002 -18"><span class='ocrx_word' id='word_1_852' title='bbox 1919 5581 2071 5650; x_wconf 79' lang='lat' dir='ltr'><strong>dius;</strong></span> <span class='ocrx_word' id='word_1_853' title='bbox 2129 5578 2312 5636; x_wconf 74' lang='lat' dir='ltr'><strong>Romae</strong></span> <span class='ocrx_word' id='word_1_854' title='bbox 2346 5578 2708 5649; x_wconf 82' lang='lat' dir='ltr'><strong>Capitolium;</strong></span> <span class='ocrx_word' id='word_1_855' title='bbox 2758 5576 2982 5633; x_wconf 88' lang='lat' dir='ltr'><strong>Adriani</strong></span> <span class='ocrx_word' id='word_1_856' title='bbox 3031 5579 3289 5650; x_wconf 89' lang='lat' dir='ltr'><strong>templum</strong></span> <span class='ocrx_word' id='word_1_857' title='bbox 3344 5581 3491 5649; x_wconf 85' lang='lat' dir='ltr'><strong>apud</strong></span> 
     </span>
    </p>
   </div>
   <div class='ocr_carea' id='block_1_119' title="bbox 1919 5648 2229 5721">
    <p class='ocr_par' dir='ltr' id='par_1_119' title="bbox 1919 5648 2229 5721">
     <span class='ocr_line' id='line_1_121' title="bbox 1919 5648 2229 5721; baseline -0.006 -16"><span class='ocrx_word' id='word_1_858' title='bbox 1919 5648 2229 5721; x_wconf 78' lang='lat' dir='ltr'><strong>Cyzicenos.</strong></span> 
     </span>
    </p>
   </div>
  </div>
