3898 6222
364 279 471 338 579

1562 262 1624 319 S.
1665 254 1998 317 GREGORll
2035 245 2385 308 THEOLOGI

3512 228 3637 285 580

366 390 426 453 'et
479 389 849 449 misericordia
887 388 1059 460 818
1088 385 1427 456 exploratur.
1465 379 1606 447 Quid
1659 392 1781 433 cum
1835 375 1972 435 hoc,

2076 386 2233 443 ργον,
2264 359 2565 419 ἑπτάπυλοι
2591 355 2765 428 Θῆϐαι
2784 393 2800 419 ,
2829 351 2926 407 καὶ
2957 348 3254 419 Αἰγύπτιαι
3274 387 3286 407 .
3329 347 3424 401 καὶ
3462 347 3635 419 τείχη

365 500 532 554 onere
567 497 872 552 comparem
903 480 1117 536 Thebas
1139 484 1343 548 septem
1366 483 1548 544 portas
1574 471 1857 534 habentes,
1887 475 1946 522 et

365 577 655 651 Egyptias
680 575 822 638 illas,
851 583 909 628 et
935 586 1121 626 muros
1183 565 1563 638 Babylonicos,
1590 570 1646 617 et
1694 560 1944 615 Caricnm

369 649 597 727 Mausoli
632 667 962 736 sepulcrum,
991 672 1047 716 et
1074 659 1412 732 Pyramides,
1437 666 1491 710 et
1513 652 1720 709 Colossi
1741 662 1814 705 ms
1846 649 1948 702 im-

371 773 640 823 mensum,
693 763 748 811 et
776 753 998 808 delubra
1051 750 1187 804 mira
1244 745 1622 816 magnitudine
1646 750 1809 810 atque
1837 739 1949 792 ele-

372 848 520 921 gauli
548 856 665 902 arte
691 844 964 908 confecta,
995 841 1108 910 jam
1128 852 1318 894 eversa
1351 843 1406 890 et
1435 839 1733 904 prostrata,
1781 837 1947 885 cmte-

374 920 544 1010 raque
565 937 766 1003 omnia,
796 948 916 1005 quae
941 932 1187 987 homines
1206 927 1565 989 admirantur,
1593 933 1757 992 atque
1785 920 1952 976 histo-

374 1032 473 1090 riis
503 1028 895 1102 prodiderunt;
926 1037 993 1078 ex
1030 1020 1226 1089 quibus
1276 1017 1548 1080 omnibus,
1580 1023 1778 1083 praeter
1833 1012 1953 1066 ina-

373 1139 499 1180 nem
527 1118 820 1191 quamdam
877 1123 933 1170 et
963 1113 1212 1181 exiguam
1242 1108 1488 1179 gloriam,
1529 1104 1677 1160 nulla
1728 1117 1953 1174 prorsus

375 1215 583 1271 utilitas
609 1210 675 1266 ad
698 1214 1073 1265 exslructores
1130 1200 1328 1256 rediit?
1356 1199 1484 1254 Mihi
1518 1212 1647 1251 vero
1675 1194 1822 1251 nulla
1866 1208 1956 1248 res

376 1304 609 1378 perinde
662 1298 998 1356 admirabilis
1042 1295 1278 1357 videtur,
1332 1301 1494 1361 atque
1546 1284 1954 1357 compendiaria

379 1377 497 1451 haec
524 1392 594 1447 ad
635 1389 868 1447 salutem
894 1387 1003 1449 via,
1038 1384 1129 1438 hic
1154 1381 1328 1436 facilis
1351 1380 1404 1433 in
1435 1377 1630 1434 coelum
1671 1387 1951 1431 ascensus.

378 1485 497 1542 Non
523 1484 635 1554 iam
660 1481 835 1536 oculis
865 1477 1063 1533 nostris
1090 1475 1243 1530 triste
1270 1482 1327 1527 et
1351 1470 1715 1526 miserandum
1742 1475 1957 1536 specta-

380 1576 562 1634 culum
586 1572 927 1644 proponitur,
968 1566 1217 1622 homines
1253 1571 1381 1618 ante
1410 1572 1639 1616 niortem
1687 1559 1798 1613 vita
1845 1558 1963 1612 fun-

382 1668 483 1733 cti,
520 1682 584 1720 ac
602 1664 846 1735 pluribus
879 1659 1127 1729 corporis
1157 1655 1417 1711 membris
1458 1651 1681 1717 mortui,
1725 1649 1961 1705 civitati-

2045 438 2394 518 meum...
2428 453 2523 506 και
2555 447 2842 504 Μαυσόλου
2872 441 3119 514 Καρικὸς
3141 440 3349 509 τάφος,
3382 438 3480 493 καὶ
3507 439 3637 492 nu-

2051 549 2307 625 ραμίδες,
2363 544 2457 599 καὶ
2501 537 2778 595 Κολοσσοῦ
2831 533 3033 607 χαλκὸς
3084 533 3345 602 ἄμετρος,
3395 528 3428 599 ἧ
3478 527 3640 580 ναῶν

2050 619 2257 716 μεγέθη
2291 637 2385 693 καὶ
2416 633 2591 702 κάλλη
2619 629 2728 685 τῶν
2775 626 2972 699 μηκέτι
3004 622 3173 677 ὅντων
3193 660 3208 685 ,
3252 621 3389 676 ἀλλα
3422 634 3484 672 τε
3522 619 3641 671 ὅσα

2050 711 2422 805 θαυμάζουσιν
2456 726 2757 796 ἄνθρωποι,
2788 720 2884 774 καὶ
2912 715 3177 788 ἱστορίαις
3211 711 3322 784 (16)
3351 711 3598 765 διδόασιν
3619 726 3638 743 ⁶

2050 821 2127 882 ὧν
2157 804 2311 879 οὐδὲν
2341 823 2471 884 τοὺς
2504 821 2859 889 ἐγείραντας,
2892 811 3032 881 πλὴν
3067 808 3227 878 δόξης
3260 806 3448 877 ὀλίγης
3481 804 3645 875 ὢνη-

2053 935 2179 984 σεν;
2231 915 2386 987 Ἐμοὶ
2421 913 2480 966 δὲ
2510 905 2989 981 θαυμασιώτατον,
3022 903 3056 973 ἡ
3092 900 3359 969 σύντομος
3387 899 3488 970 τῆς
3521 914 3647 949 σω-

2049 1007 2245 1079 τηρίας
2284 1004 2400 1067 ὁδὸς
2421 1042 2436 1067 ,
2469 1003 2502 1073 ἡ
2536 1000 2708 1072 ῥᾴστη
2740 995 2876 1066 πρὸς
2905 990 3136 1064 οὐρανὸν
3173 988 3460 1050 ἀνάδασις.
3511 987 3645 1039 Οὐκ

2052 1072 2138 1156 ετῖ
2166 1100 2451 1172 πρόκειται
2474 1099 2588 1157 τοῖς
2618 1090 2919 1162 ὀφθαλμοῖς
2948 1085 3109 1157 ἡμῶν
3134 1082 3310 1153 θέαμα
3333 1072 3506 1134 δεινὸν
3533 1080 3646 1131 καὶ

2055 1169 2324 1256 ἐλεεινὸν,
2371 1187 2650 1257 ἀνθρωττοι
2684 1183 2795 1251 (17)
2839 1177 3026 1251 νεκροὶ
3071 1176 3178 1247 πρὸ
3221 1172 3486 1235 θανάτου,
3531 1169 3647 1224 καὶ

2053 1276 2511 1348 τετελευτηκότες
2534 1276 2649 1336 τοῖς
2676 1270 2951 1332 πλείστοις
2974 1265 3072 1321 τοῦ
3100 1264 3355 1335 σώματος
3386 1262 3643 1333 μέλεσιν,

2056 1371 2486 1441 ἀπελαυνόμενοι
2531 1365 2771 1427 πόλεων,
2818 1360 3042 1424 οἰκιῶν,
3090 1355 3342 1428 ἀγορῶν,
3388 1354 3643 1419 ὑδάτων,

2057 1465 2240 1523 αὐτῶν
2280 1464 2389 1517 τῶν
2432 1460 2740 1529 φιλτάτων,
2785 1455 3014 1525 ὀνόμασι
3061 1451 3295 1523 μᾶλλον,
3337 1448 3372 1521 ἢ
3416 1447 3649 1519 σώμασι

2058 1557 2453 1630 γνωριζόμενοι
2480 1569 2494 1583 ·
2525 1550 2646 1606 οὐδὲ
2669 1547 3019 1621 προτίθενται
3049 1543 3287 1606 συνόδοις
3310 1557 3370 1594 τε
3391 1541 3487 1594 καὶ
3516 1539 3653 1592 συλ⁸

2060 1650 2243 1720 λόγοις
2289 1646 2433 1701 κατά
2481 1642 2746 1712 συζυγίαν
2797 1650 2858 1692 τε
2907 1638 3003 1693 καὶ
3055 1635 3385 1699 συναυλίαν,
3439 1633 3649 1704 μηκέτ’

382 1713 996 1826 θύέξιίοῖιίθίιεῗίοτοξ
1048 1748 1229 1819 aquis,
1274 1744 1582 1801 hominibus
1629 1713 1796 1797 etiam
1853 1738 1955 1794 sibi

2074 1713 2377 1813 ἐλεούμενον,
2396 1737 2486 1792 διὰ
2503 1736 2602 1808 τὴν
2627 1735 2803 1800 νόσον,
2830 1731 2967 1786 ἀλλά
2996 1729 3313 1801 μισούμενοι
3332 1745 3346 1759 ο
3380 1727 3651 1797 σοφισταὶ

386 1847 728 1905 cbarissimis
752 1841 987 1913 expulsi,
1025 1839 1333 1895 nominibus
1367 1837 1546 1906 potius
1578 1849 1739 1906 quam
1767 1847 1961 1901 τοι-μοι

383 1956 506 1996 rum
540 1936 888 1993 lineamentis
915 1929 1280 2004 agnoscendi:
1311 1942 1410 1983 nec
1441 1926 1497 1981 in
1529 1925 1759 1996 publicis
1799 1923 1958 1977 emti-

386 2031 571 2087 buset
620 2026 978 2084 conventibus
1027 2037 1125 2092 per
1189 2019 1440 2076 sodalitia
1497 2027 1550 2072 et
1604 2013 1960 2072 contubernia

387 2121 705 2184 oﬂeruntur,
743 2132 848 2172 non
870 2116 976 2187 iam
1005 2111 1438 2168 misericordiam
1472 2108 1542 2165 ob
1569 2107 1838 2168 morbum,
1866 2104 1959 2159 sed

387 2215 573 2273 odium
625 2211 711 2268 sui
778 2209 1149 2270 concitantes;
1212 2200 1603 2257 miserabilium
1653 2199 1961 2253 cantionum

392 2308 652 2370 artiﬁces,
686 2304 730 2359 si
758 2301 954 2373 quibus
979 2298 1155 2352 tamen
1189 2309 1289 2349 vox
1325 2306 1540 2363 quoque
1562 2292 1676 2361 ipsa
1697 2298 1960 2359 superest.

391 2398 531 2466 Quid
553 2405 886 2452 res‘nostras
916 2405 1107 2447 omnes
1138 2387 1359 2458 tragicis
1403 2384 1585 2440 verbis
1640 2397 1961 2452 prosequar,

392 2504 519 2547 cum
544 2487 689 2543 nulla
715 2484 889 2541 oratio
915 2483 1040 2538 huic
1062 2477 1354 2535 calamitati
1378 2490 1475 2546 par
1503 2475 1733 2530 inveniri
1764 2472 1966 2543 queat?

393 2582 467 2636 At
496 2579 585 2635 ille
630 2577 872 2633 omnium
905 2573 1135 2628 maxime
1192 2570 1344 2625 nobis
1399 2569 1689 2637 persuasit,
1737 2576 1814 2630 ut,
1844 2581 1966 2619 cum

395 2673 647 2730 homines
674 2668 863 2732 simus,
896 2665 1143 2721 homines
1176 2676 1244 2716 ne
1275 2668 1708 2721 contemnamus,
1740 2672 1841 2712 nec
1874 2670 1969 2723 per

396 2775 642 2824 nostram
692 2764 748 2820 in
804 2761 922 2818 illos
986 2757 1383 2819 crudelitatem,
1441 2753 1741 2817 Christum,
1802 2766 1967 2803 unum

397 2856 638 2910 omnium
663 2860 844 2922 caput,
882 2849 1174 2918 ignominia
1209 2844 1536 2906 afﬁciamus;
1567 2845 1661 2898 sed
1695 2843 1745 2895 in
1778 2842 1969 2895 alienis

398 2947 796 3006 calamitatibus
828 2941 1118 3009 nobisipsis
1138 2940 1339 3008 optime
1358 2935 1722 2997 consulamus,
1751 2932 1968 3001 Deoque

2069 1836 2247 1908 μελῶν
2279 1830 2553 1891 ἐλεεινῶν,
2586 1829 2639 1882 εῐ
2664 1844 2775 1881 τισι
2804 1826 2897 1880 καὶ
2931 1824 3084 1894 φωνὴ
3121 1823 3371 1876 λείπεται
3404 1820 3539 1891 (18).
3572 1819 3651 1873 Τί

2066 1929 2134 1983 ἂν
2162 1927 2374 1981 ἅπαντα
2404 1922 2514 1996 (19)
2548 1917 2955 1992 ἐκτραγῳδοίην
2980 1914 3050 1970 τὰ
3083 1917 3363 1986 ἡμέτερα,
3395 1908 3496 1966 οὐκ
3534 1913 3648 1982 ἀρ·-

2067 2018 2290 2080 κοῦντος
2321 2013 2418 2069 τοῦ
2460 2008 2622 2081 λόγου
2653 2011 2730 2082 τῷ
2763 2008 2956 2073 πάθει;
3004 2006 3145 2060 Ἀλλ’
3182 2006 3392 2070 ἐκεῖνός
3425 2022 3490 2076 γε
3533 2006 3652 2076 μά-

2068 2112 2227 2165 λιστα
2258 2107 2477 2161 πάντων
2505 2104 2744 2165 ὅπεισεν,
2779 2100 3101 2171 ἀνθρώπους
3130 2098 3310 2163 ὄντας,
3338 2095 3654 2170 ἀνθρώπων

2074 2202 2149 2273 μὴ
2181 2199 2542 2271 καταφρονεῖν
2564 2237 2578 2259 ,
2625 2195 2747 2266 μηδ’
2790 2194 3077 2265 ἀτιμάζειν
3115 2192 3351 2264 Χριστὸν
3378 2192 3477 2262 τὴν
3512 2191 3654 2261 μίαν

2005 2332 2046 2370 ο
2072 2292 2292 2345 πάντων
2321 2287 2565 2358 κεφαλὴν
2588 2286 2677 2338 διὰ
2703 2286 2802 2356 τῆς
2832 2287 2911 2347 είς
2939 2282 3183 2346 ἐκείνους
3210 2280 3611 2353 ἀπανθρωπίας
3630 2293 3648 2308 ⁸

2070 2383 2186 2437 ἀλλ’
2222 2384 2280 2434 ἐν
2305 2384 2426 2444 ταῖς
2453 2379 2760 2450 ἀλλοτρίαις
2786 2377 2897 2447 (9.0)
2929 2378 3256 2447 συμφοραῖς,
3286 2373 3356 2427 τὰ
3379 2375 3555 2427 οίκεῖα
3581 2366 3650 2426 εὖ

2070 2472 2338 2533 τίθεσθαι,
2368 2471 2464 2524 καὶ
2484 2467 2749 2531 δανείζειν
2774 2467 2884 2537 (21)
2908 2464 3026 2535 Θεῷ
3045 2460 3136 2518 τὸν
3158 2463 3326 2527 ἔλεον,
3356 2463 3507 2515 ἐλέου
3531 2461 3651 2529 (22)

2073 2562 2393 2636 χρῄζοντας.
2438 2560 2536 2613 Διά
2580 2559 2771 2617 τοῦτο.
2819 2557 2941 2611 οὐδὲ
2980 2559 3093 2619 τοῖς
3134 2555 3369 2626 χείλεσιν
3412 2550 3652 2623 ἀπηξίου

2072 2657 2240 2725 τιμᾷν
2260 2654 2359 2723 τὴν
2386 2659 2563 2713 νόσον,
2595 2654 2623 2705 ό
2649 2651 2881 2721 εὐγενής
2904 2667 2962 2703 τε
2984 2649 3078 2702 καὶ
3104 2649 3211 2701 τῶν
3234 2645 3293 2701 εὖ
3322 2647 3653 2716 γεγονότων,

2074 2748 2170 2799 καὶ
2192 2746 2291 2816 τὴν
2319 2746 2479 2811 δόξαν
2504 2744 2920 2815 ύπέρλαμπρος,
2945 2742 3058 2796 ἀὲ.λ’
3083 2741 3158 2804 ὡς
3184 2739 3445 2808 ἀδελψοὺς
3469 2737 3655 2808 ἠσπά-

2075 2836 2221 2902 ζετο,
2256 2839 2355 2908 οὐχ
2387 2838 2524 2907 ὅπερ
2555 2837 2619 2891 ἄν
2650 2853 2734 2899 τις
2767 2832 3368 2898 ὑπολάϐοικενοδοξῶν,
3404 2831 3509 2895 (τίς
3540 2831 3655 2903 γὰρ

2075 2930 2326 2984 τοσοῦτον
2352 2931 2542 2999 ἀπεῖχε
2565 2927 2659 2981 τοῦ
2670 2926 2891 2993 ,πάθους
2909 2928 2948 2991 ;)
2982 2924 3118 2979 ἀλλά
3144 2925 3203 2977 τὸ
3229 2923 3513 2995 προσιέναι
3537 2926 3654 2987 rei;

402 3036 855 3098 misericordiam,
887 3046 993 3100 qua
1040 3030 1139 3101 ipsi
1173 3043 1411 3099 egemus,
1459 3026 1786 3081 l'enerenmr.
1823 3021 1966 3088 Quo-

2080 3023 2327 3092 σώμασιν
2370 3022 2463 3074 ἐπὶ
2510 3021 2778 3093 θεραπείᾳ
2820 3018 2910 3072 διὰ
2946 3019 3046 3089 τῆς
3091 3016 3285 3071 ἑαυτοῦ
3334 3015 3655 3086 φιλοσοφίας

403 3132 547 3186 circa
572 3144 641 3184 ne
664 3119 1046 3195 labra'quidem
1083 3121 1161 3175 vir
1186 3120 1400 3184 nobilis,
1428 3127 1483 3171 et
1507 3115 1773 3171 nobilibus
1798 3127 1971 3181 ortus,

405 3222 681 3294 gloriaque
703 3215 1057 3278 clarissimus,
1101 3211 1320 3281 a‘grotis
1368 3210 1657 3263 admovere
1714 3206 1977 3276 gravaba-

407 3321 534 3373 tur;
567 3304 757 3363 verum
795 3313 853 3359 ut
887 3302 1084 3356 fratres
1114 3298 1556 3367 amplectebatur,
1592 3312 1720 3359 non,
1750 3305 1802 3348 nt
1828 3298 1979 3364 quis-

405 3401 552 3473 piam
600 3396 836 3451 fortasse
882 3389 1293 3447 existimaverit,
1356 3389 1567 3441 inanem
1616 3387 1837 3453 gloriam
1889 3401 1982 3439 ca-

405 3502 569 3564 ptans
604 3487 751 3559 (quis
778 3484 921 3541 enim
955 3484 1023 3537 ab
1054 3482 1156 3536 hoc
1203 3479 1395 3535 allectu
1420 3478 1763 3547 remotior?),
1799 3493 1983 3531 verum

417 3598 519 3655 per
543 3578 942 3651 philosophiam
971 3589 1122 3630 suam
1155 3574 1256 3628 hoc
1278 3572 1399 3626 aliis
1421 3570 1796 3639 praescribens,
1828 3579 1887 3623 ut
1914 3569 1981 3624 ad

411 3686 679 3743 agrorum
710 3682 996 3738 corporum
1026 3663 1362 3718 curationem
1403 3660 1661 3716 accedere
1691 3675 1795 3712 non
1829 3673 1987 3713 vere-

416 3773 631 3820 rentur.
661 3761 763 3827 lta,
787 3774 894 3814 non
923 3756 1082 3811 modo
1107 3752 1393 3822 loquendo,
1419 3751 1708 3806 sed-etiam
1735 3752 1986 3814 tacendo,

417 3851 707 3910 monitoris
732 3859 915 3920 partes
939 3846 1144 3901 obibat.
1173 3842 1286 3898 Nec
1308 3858 1436 3898 vero
1460 3843 1651 3898 civitas
1677 3843 1895 3911 quidem
1923 3841 1988 3896 ad

413 3948 562 4005 hunc
581 3949 799 4004 modum
828 3961 887 4002 se
912 3946 1159 4016 gerebat,
1187 3942 1337 4012 regio
1365 3948 1544 3995 autem
1576 3950 1738 4007 atque
1764 3950 1989 3994 externa

413 4038 536 4096 loca
567 4053 676 4093 non
710 4038 879 4093 item:
918 4036 1052 4105 quin
1090 4036 1290 4103 potius,
1318 4032 1570 4086 omnibus
1615 4028 1793 4098 populi
1850 4043 1990 4098 prai-

2078 3116 2295 3177 τυπῶν,
2335 3116 2429 3168 καὶ
2464 3113 2810 3184 φθεγγομένη
2851 3112 2944 3164 καί
2992 3110 3255 3164 σιωπῶσα
3299 3109 3645 3179 παραίνεσις.

2076 3210 2186 3263 Καὶ
2209 3209 2307 3278 οὐχ
2336 3209 2369 3277 ἡ
2401 3207 2496 3276 μὲν
2524 3205 2678 3268 πόλις
2707 3203 2898 3267 οὕτως,
2929 3202 2962 3274 ἡ
2989 3202 3143 3273 χώρα
3170 3198 3226 3255 δέ
3255 3202 3347 3255 καὶ
3375 3200 3444 3253 τά
3470 3199 3651 3262 ἐκτὸς,

2037 3292 2047 3298 ’
2080 3302 2281 3374 ἑτέρως
2303 3317 2316 3331 ·
2353 3300 2490 3353 ἀλλά
2528 3298 2706 3352 κοινὸν
2742 3297 2944 3351 ἅπασιν
2985 3296 3172 3365 ἀγῶνα
3217 3294 3496 3366 προῦθηκε
3541 3296 3657 3356 τοῖς

2079 3394 2158 3464 τῷ
2188 3392 2303 3463 λαῷ
2349 3392 2460 3459 ι25)
2495 3391 2838 3462 προεστῶσι,
2867 3388 2964 3459 τὴν
2998 3391 3078 3451 είς
3118 3388 3312 3449 αὐτοὺς
3346 3383 3655 3454 φιλανθρω-

2086 3485 2237 3550 πίαν,
2267 3487 2363 3538 καὶ
2390 3484 2812 3555 μεγαλοψυχίαν.
2848 3482 2958 3536 Καὶ
2982 3481 3156 3535 ἄλλων
3188 3480 3287 3551 μὲν
3310 3480 3359 3532 οί
3386 3478 3652 3550 ὀψοποιοὶ,

2083 3576 2179 3628 καὶ
2211 3578 2266 3628 αί
2300 3574 2528 3645 λιπαραὶ
2560 3573 2854 3645 τράπεζαι,
2891 3572 2987 3627 καί
3019 3572 3088 3625 τὰ
3125 3574 3402 3643 μαγείρων
3437 3586 3655 3640 μαγγα-

2083 3664 2332 3736 νεύματα
2363 3667 2459 3718 καὶ
2490 3665 2877 3737 κομψεύματα,
2910 3666 3005 3719 καὶ
3033 3665 3082 3719 οἱ
3127 3663 3412 3732 φιλόκαλοι
3453 3661 3651 3733 δίφροι,

2084 3757 2180 3809 καὶ⁵
2222 3757 2322 3826 τῆς
2369 3756 2599 3826 ἐσθῆτος
2629 3757 2728 3825 ὅση
2768 3755 2987 3827 μαλακή
3033 3772 3090 3808 τε
3122 3758 3217 3807 καὶ
3247 3753 3649 3825 περιρῤἐουσα’

2085 3847 2369 3901 Βασιλείου
2404 3848 2489 3913 δὲ,
2520 3850 2570 3901 οἱ
2610 3848 2895 3911 νοσοῦντες
2915 3888 2929 3913 ,
2973 3849 3068 3901 καὶ
3098 3847 3167 3900 τὰ
3194 3846 3303 3901 τῶν
3328 3843 3657 3917 τραυμάτων

2087 3938 2218 4008 ἄκη,
2251 3940 2345 3992 καὶ
2372 3941 2405 4009 ἡ
2440 3938 2676 4010 Χριστοῦ
2717 3938 2970 4010 μίμησις,
3000 3938 3061 3992 οὐ
3088 3937 3233 4009 λόγῳ
3269 3937 3390 4008 μὲν,
3426 3936 3572 4006 ἔργῳ
3599 3933 3656 3988 δὲ

2086 4029 2294 4101 λέπραν
2324 4030 2700 4101 καθαίροντος.

417 4131 626 4186 sulibus
652 4143 940 4184 commune
969 4124 1313 4197 benignitatis
1338 4138 1465 4193 erga
1493 4136 1757 4193 pauperes
1814 4133 1869 4175 et
1926 4122 2311 4178 muniﬁcentiae
2357 4135 2634 4178 certamen
2688 4122 2988 4194 proposuit.
3056 4121 3120 4175 Et
3160 4121 3390 4176 aliorum
3438 4122 3655 4191 quidem

418 4221 601 4289 coqui,
627 4228 684 4276 et
715 4219 871 4274 lauta:
919 4233 1140 4284 mensze,
1168 4227 1224 4272 et
1254 4216 1686 4285 cupediariorum
1720 4214 1990 4269 lenocinia
2028 4224 2083 4269 et
2108 4217 2444 4281 scitamenta,
2471 4225 2525 4271 et
2584 4217 2855 4285 elegantes
2891 4230 3103 4278 currus,
3132 4225 3183 4268 et
3230 4226 3410 4269 vestes
3475 4215 3660 4269 molles

423 4317 637 4388 lateque
664 4313 1006 4371 dililuentes:
1036 4313 1217 4368 Basilii
1249 4320 1449 4375 autem,
1480 4309 1687 4377 πει-ού,
1710 4318 1764 4362 et
1795 4308 2075 4364 vulnerum
2100 4309 2270 4379 819
2302 4312 2630 4374 curationes,
2668 4319 2722 4365 et
2784 4310 2987 4364 Clu-isti
3059 4310 3308 4375 imitatio,
3373 4325 3479 4364 non
3542 4311 3661 4381 qui-

422 4415 544 4470 dem
572 4424 841 4476 sermone,
865 4409 958 4464 sed
988 4422 1150 4479 opere
1178 4409 1380 4478 lepram
1404 4406 1700 4476 purgantis.

492 4504 676 4562 LXIV.
712 4504 849 4572 Quid
872 4504 939 4557 ad
980 4503 1095 4556 haec
1124 4501 1281 4557 nobis
1328 4500 1526 4555 dicturi
1555 4510 1704 4564 sunt,
1739 4499 1831 4569 qui
1887 4499 1972 4553 Ιιοι

2158 4492 2270 4548 ΞΔἎ
2315 4493 2459 4565 Πρὸς
2487 4493 2657 4546 ταῦτα
2677 4533 2692 4557 ,
2723 4492 2776 4546 τί
2810 4494 3069 4564 φήσουσιν
3097 4496 3229 4565 ἡμῖν
3275 4495 3325 4548 οί
3372 4494 3461 4547 τὸν
3494 4494 3661 4563 τῦφον

422 4597 560 4653 mini
583 4595 784 4650 fastum
830 4594 1285 4663 superciliumque
1309 4590 1612 4660 objiciunt?
1646 4588 1818 4658 Iniqui
1849 4604 1981 4644 sane

428 4700 485 4746 et
514 4689 694 4745 acerbi
720 4703 901 4743 rerum
936 4685 1242 4756 hnjusmodi
1277 4685 1509 4755 judices,
1535 4698 1758 4752 eosque,
1785 4685 1877 4752 qui
1908 4697 1993 4736 re-

426 4783 567 4856 gula:
595 4797 701 4837 non
752 4788 901 4844 sunt,
930 4779 998 4833 ad
1031 4776 1270 4847 regulam
1308 4776 1678 4830 admoventes.
1732 4774 1814 4827 An
1864 4787 1995 4827 vero

427 4873 546 4929 ﬁeri
583 4876 780 4943 potest,
841 4879 901 4924 ut
949 4868 1041 4938 qui
1090 4867 1335 4936 leprosos
1393 4865 1763 4927 deosculetnr,
1800 4875 1856 4919 et
1891 4864 1998 4919 huc

428 4978 601 5036 usque
628 4977 689 5019 se
731 4960 1002 5022 demittat,
1036 4958 1295 5013 adversus
1332 4970 1496 5011 sanos
1522 4966 1577 5011 et
1600 5028 1601 5031 η
1628 4959 1869 5011 valentes
1905 4970 1999 5009 su-

508 5118 617 5189 (16)
652 5117 988 5188 Ἱστορίαις.
1010 5118 1183 5185 Pass.,
1206 5117 1458 5189 ἱστορίαι.

500 5182 616 5258 (173
645 5182 996 5258 Ἄνθρωποι,
1024 5200 1128 5244 etc.
1170 5182 1379 5243 ’(ὶοιιιί).
1422 5185 1568 5258 legit,
1609 5182 1884 5258 ἄνθρωποι
1912 5196 1998 5258 νε·

434 5252 559 5330 κρὸὶ
585 5252 680 5313 καὶ
716 5252 824 5330 προ
848 5258 1077 5313 θανάτου
1113 5252 1575 5330 τετελευτηκότες,
1610 5252 1740 5317 etc.,
1778 5270 1798 5330 μ
1830 5252 2001 5305 homi-

436 5324 535 5384 nes
560 5324 775 5395 mortui,
802 5337 857 5382 et
885 5342 1010 5385 ante
1034 5324 1553 5398 mortemplerisque
1579 5324 1823 5393 corporis
1838 5336 2002 5376 mem-

435 5397 551 5455 bris
574 5397 843 5453 exstincti.
863 5415 885 5451 θ

476 5407 551 5452 ris
574 5407 843 5453 exstincti.
863 5415 885 5451 ι

505 5467 617 5539 (18)
646 5468 944 5523 Λείπεται.
965 5465 1139 5539 Pass.,
1171 5465 1444 5539 λείπηται.

506 5531 618 5617 (ﬁt)
649 5539 939 5617 "inﬁmo:
964 5531 1214 5617 Quinque
1244 5531 1411 5617 negg.
1442 5542 1497 5617 et
1521 5533 1700 5617 Pass“
1728 5531 1928 5617 πάντα.

511 5603 624 5678 (20)
654 5606 808 5678 ⁸Ταῖς
862 5603 1224 5678 (illamque.
1285 5603 1382 5678 §ié
1437 5605 1682 5678 plerique
1740 5603 1930 5678 Κείς...
1952 5606 2009 5653 et

437 5668 617 5743 Coll»,
640 5668 858 5749 Chrys,
903 5680 1000 5752 ρι’.
1028 5668 1082 5742 Ξ,
1112 5668 1263 5744 Ρείτη
1293 5668 1472 5743 Ρειεεξ,
1495 5668 1613 5732 etc:
1636 5671 1798 5729 Deest
1821 5668 2008 5725 ’ἀλλο-

2090 4586 2451 4656 ἐγκαλοῦντες
2493 4585 2687 4655 ἐκείνῳ
2733 4587 2829 4638 καὶ
2870 4587 2969 4657 τὴν
3013 4586 3214 4659 ὀφρὺν,
3248 4588 3298 4639 οἱ
3338 4587 3526 4658 πικροὶ
3555 4587 3662 4640 τῶν

2090 4680 2424 4752 τηλικούτων
2463 4677 2678 4749 κριταὶ,
2715 4678 2809 4730 καὶ
2841 4678 2917 4749 τῷ
2949 4679 3138 4732 κανόνι
3172 4679 3284 4750 (24)
3315 4681 3443 4743 τοὺς
3474 4681 3534 4733 ού
3567 4698 3663 4733 κα-

2095 4774 2250 4835 νόνας
2281 4770 2679 4840 προσάγοντες;
2716 4769 2872 4823 Ἔστι
2905 4769 3140 4841 λεπροὺς
3174 4771 3274 4842 μὲν
3301 4771 3661 4836 ἀσπάζεσθαι,

2098 4865 2190 4917 καὶ
2217 4863 2382 4935 μέχρι
2409 4860 2602 4913 τούτου
2635 4862 3144 4926 συνταπεινοῦσοαι,
3175 4861 3286 4916 τῶν
3315 4863 3373 4917 δὲ
3400 4863 3660 4931 ὑγιαινόν-

2098 4970 2206 5007 των
2264 4949 2708 5022 κατοφρυᾶσθαι;
2755 4950 2867 5002 Καὶ
2910 4952 3100 5021 τήκειν
3153 4951 3251 5022 μὲν
3305 4952 3406 5016 τὰς
3460 4953 3664 5023 σάρκας

2094 5113 2275 5184 τρίαις
2312 5113 2364 5167 in
2393 5114 2477 5167 ed.

2171 5176 2283 5255 (2f)
2312 5180 2621 5255 Δανείζεινξ.
2654 5180 2744 5255 Sic
2774 5179 2930 5255 φειδ.
2959 5180 3013 5233 in
3034 5181 3143 5248 θύη
3171 5176 3423 5242 δανείζει.

2170 5249 2282 5324 (22)
2318 5252 2544 5324 Ἐλέου.
2575 5252 2669 5308 Or.
2690 5252 2746 5314 2,
2775 5249 2978 5324 ἐλέους.

2310 5322 2394 5388 Τῷ
2424 5321 2570 5387 λαῷ.
2596 5324 2784 5377 Plures
2812 5320 2993 5382 codd.,
3013 5319 3122 5373 τῶν
3149 5317 3315 5372 λαῶν.

2172 5385 2284 5462 (9.4)
2309 5385 2419 5446 Kh!
2449 5385 2530 5457 τῷ
2553 5391 2784 5456 κανόνι,
2803 5400 2920 5462 etc.
2977 5390 3069 5462 Sit;
3095 5390 3318 5462 exponit,
3343 5386 3565 5462 ςφςιις
3594 5385 3665 5438 in.

2102 5455 2311 5531 terpres
2346 5480 2359 5515 :
2389 5455 2704 5526 Κανονίζειν
2754 5459 2942 5531 αὐτὸν,
2981 5459 3077 5513 καὶ
3103 5455 3298 5530 ὀρθοῦν
3342 5456 3664 5531 βουλόμενοι,

2104 5527 2258 5604 αύτοὶ
2277 5532 2590 5604 ἀνόρθωτοι.
2618 5531 2673 5585 Id
2698 5539 2780 5604 est
2813 5546 2879 5604 ιι
2902 5527 3239 5604 Componere
3269 5527 3432 5604 atque
3463 5528 3662 5594 erigere

2104 5602 2254 5658 illum
2275 5596 2574 5672 cupientes.
2605 5615 2729 5658 cum
2762 5598 2863 5669 ipsi
2887 5596 3052 5668 pravi
3070 5606 3126 5655 et
3154 5598 3351 5655 obtorti
3372 5596 3502 5652 sint.
3534 5612 3554 5646 ι
