3898 6222
198 203 302 261 581

1012 198 1272 257 ORATIO
1307 199 1492 257 XLIII.
1533 220 1606 243 ιιι-
1644 199 1711 256 ΙΝ
1744 200 2030 259 LAUDEM
2069 201 2320 258 BASlLll
2359 201 2598 259 MAGNI.

3354 205 3463 262 582

195 316 267 370 δι’
295 310 644 387 ἐγκρατείας,
687 311 787 386 τὴν
814 312 995 385 ψυχὴν
1020 313 1077 367 δὲ
1101 313 1356 368 οἰδαίνειν
1415 313 1556 386 κενῷ
1608 313 1785 385 φρυά-

1890 313 2165 384 percilium
2191 313 2441 370 attollat?
2474 314 2575 381 Qui
2611 326 2808 370 carnes
2835 313 3169 371 continentia
3204 324 3260 371 et
3286 318 3463 376 inedia

194 407 529 480 γματιξΚαὶ
559 406 655 460 τοῦ
680 407 779 478 μὲν
801 407 1098 480 Φαρισαίου
1113 405 1568 477 καταγινώσκειν,
1593 407 1779 461 καὶδι-

192 499 452 571 ηγεῖσθαι
473 499 574 572 τὴν
590 499 652 566 ἐξ
666 500 832 570 ὄγκου
846 502 1198 566 ταπείνωσιν,
1222 503 1316 555 καὶ
1326 500 1559 574 Χριστὸν
1581 500 1776 554 εἰδέναι

200 593 368 665 μέχρι
422 592 612 646 δούλου
681 594 896 666 μορφῆς
953 594 1324 659 κατελθόντα,
1377 594 1472 647 καὶ
1518 592 1779 656 τελώναις

201 685 529 739 συνέσθοντα
564 685 706 755 (25),
755 687 852 740 καὶ
878 687 1135 740 νίπτοντα
1174 688 1302 751 τοὺς
1336 687 1504 750 πόδας
1527 686 1637 740 τῶν
1675 705 1780 757 μα-

197 777 403 848 θητῶν,
435 778 793 852 καὶ-σταυρδν
818 779 919 833 οὐκ
946 779 1305 846 ἀπαξιοῦντα,
1336 778 1424 832 ἴνα
1448 777 1778 850 προσηλώσῃ

196 869 299 940 τὴν
342 869 481 941 ἐμὴν
528 849 804 942 ἀμαρτίαν
858 870 1069 943 (καίτοι
1131 870 1185 924 τί
1232 870 1422 924 τούτου
1476 849 1778 942 παραδοξόο

196 980 385 1034 τερον,
414 963 546 1017 Θεὸν
579 958 980 1034 σταυροῦμενον
1025 963 1138 1035 (26)
1174 963 1425 1034 βλέπειν,
1455 964 1552 1016 καὶ
1587 962 1778 1016 τοῦτον

200 1051 342 1124 μετά
369 1053 583 1126 λῃστῶν
602 1091 618 1117 ,
649 1055 744 1107 καὶ
785 1053 892 1107 ὑπὸ
929 1053 1038 1109 τῶν
1078 1054 1389 1126 παριόντων
1429 1054 1739 1125 γελώμενον
1759 1096 1775 1120 ,

192 1142 288 1195 τὸν
311 1142 605 1206 ἀνάλωτον,
636 1142 730 1197 :tal
754 1141 848 1197 τοῦ
877 1144 1072 1199 παθεῖν
1102 1142 1457 1217 ὑψηλότερον)
1477 1163 1491 1176 °
1524 1146 1686 1200 αὐτὸν
1713 1146 1773 1200 δὲ

194 1233 554 1305 ὑπερνεφεῖν,
583 1235 679 1288 καὶ
722 1234 892 1307 μηδὲν
918 1234 1212 1305 γινώσκειν
1251 1237 1548 1308 ὁμότιμον,
1574 1237 1603 1291 ὂ
1631 1238 1781 1291 δοκεῖ

192 1326 308 1389 τοῖς
349 1324 547 1395 ἐκείνῳ
578 1324 992 1395 βασκαίνουσιν;
1032 1325 1171 1379 Ἀλλ’
1205 1322 1360 1397 οἶμαι
1393 1326 1451 1381 τὸ
1480 1327 1572 1381 τοῦ
1613 1327 1779 1399 ἤθους

193 1416 483 1482 εὐπαθὲς,
511 1419 605 1470 καὶ
632 1416 886 1489 βεϐηκὸς,
911 1418 1005 1472 καὶ
1041 1418 1432 1489 ἁπεξεσμένον,
1457 1419 1625 1488 τῦφον
1647 1418 1781 1472 ώνό-

199 1527 405 1581 μασαν.
448 1510 511 1562 Οἱ
549 1508 595 1562 δ’
622 1508 777 1563 αὐτοί
821 1526 913 1580 μοι
953 1509 1170 1563 δοκοῦσι
1212 1510 1413 1581 ῥᾳδίως
1453 1510 1519 1564 ἂν
1559 1511 1652 1564 καὶ
1686 1510 1778 1565 τὸν

193 1599 443 1671 ἀνδρεῖον
472 1599 700 1653 καλέσαι
723 1598 950 1671 θρασὺν,
986 1600 1082 1654 καὶ
1115 1600 1289 1654 δειλὸν
1315 1601 1405 1654 τὸν
1435 1616 1776 1672 περιεσκεμ-

1887 404 2156 472 conﬁciat,
2181 405 2329 460 inani
2355 404 2521 460 animi
2551 406 2692 461 fastu
2721 404 2982 460 inﬂetur?
3004 405 3105 473 Qui
3129 406 3460 464 Pbarisaauut

1885 495 2121 562 damnet,
2176 506 2339 566 atque
2368 495 2515 550 illius
2569 509 2636 549 ex
2689 495 2998 564 arrogantia
3058 495 3461 566 depressionem

1885 593 2296 653 commemoret,
2317 595 2372 640 et
2423 583 2699 639 Christum
2738 584 2876 639 sciat
2920 585 2988 638 ad
3032 583 3263 639 formam
3293 600 3464 654 usque

1885 676 2135 731 servilem
2164 690 2286 732 sese
2320 676 2624 744 demisisse,
2675 686 2731 731 et
2779 692 2901 732 cum
2936 678 3237 743 publicanis
3281 695 3466 736 come-

1886 769 2047 835 disse,
2071 779 2126 824 et
2181 769 2567 840 discipulorum
2611 770 2772 838 pedes
2811 770 3069 836 abluisse,
3104 786 3207 826 nec
3245 786 3461 828 crucem

1886 875 2192 927 recusasse,
2225 871 2285 914 ut
2336 872 2618 931 peccatum
2656 876 2836 916 meum
2869 860 3108 932 adigeret
3133 866 3459 934 (quanquam

1885 950 2013 1018 quid
2042 952 2146 1006 hoc
2176 950 2495 1014 mirabilius,
2522 950 2716 1015 Deum,
2737 951 2828 1020 qui
2847 953 2961 1020 capi
2991 961 3151 1022 atque
3166 954 3462 1024 expugnari

1884 1043 2103 1111 nequit,
2139 1057 2204 1096 ac
2240 1044 2587 1112 perpessione
2614 1043 2760 1097 omni
2784 1041 3063 1098 sublimior
3095 1053 3199 1107 est,
3226 1044 3463 1112 penden-

1887 1143 2015 1198 tem,
2050 1143 2107 1188 et
2134 1135 2350 1204 quidem
2390 1151 2511 1190 cum
2565 1135 2889 1202 latronibus,
2925 1150 2989 1190 ac
3017 1135 3460 1206 praetereuntium

1885 1225 2121 1281 lubibrio
2167 1226 2468 1296 expositum
2516 1224 2761 1297 intueri)
2800 1243 2815 1293 ;
2864 1226 3006 1282 idem
3062 1236 3241 1282 tamen
3299 1240 3462 1297 supra

1884 1319 2055 1373 nubes
2078 1332 2198 1373 sese
2217 1318 2425 1382 ell‘erat,
2455 1326 2616 1386 atque
2656 1319 2906 1374 omnibus
2927 1327 3238 1386 anteponat,
3269 1333 3463 1388 quem-

1887 1411 2172 1466 admodum
2227 1411 2295 1466 iis
2349 1411 2581 1476 videtur,
2616 1413 2706 1481 qui
2740 1412 2908 1482 ipsius
2937 1412 3123 1467 virtuti
3183 1410 3462 1467 invidenti

1892 1501 2088 1557 Verum
2122 1502 2198 1557 illi
2227 1502 2399 1557 fastus
2423 1518 2641 1566 nomen,
2666 1512 2725 1558 ut
2742 1505 2954 1572 opinor,
2980 1520 3189 1559 morum
3217 1504 3461 1561 [inuitati

1886 1603 1940 1648 et
1974 1593 2298 1649 innocentiae
2323 1593 2712 1664 imposuerunt.
2743 1596 2813 1649 At
2838 1595 3001 1650 iidem
3024 1596 3269 1654 homines
3303 1598 3462 1656 facile

197 1689 401 1761 μένον,
453 1689 549 1743 καὶ
598 1689 690 1742 τὸν
742 1688 997 1760 σώφρονα
1059 1689 1445 1761 μισάνθρωπον
1468 1731 1483 1756 ,
1532 1690 1626 1744 καὶ
1693 1691 1783 1745 τὸν

1890 1672 2099 1754 quoque
2130 1684 2259 1738 mibi
2283 1683 2478 1739 facturi
2507 1686 2778 1751 videntur,
2820 1695 2880 1741 ut
2903 1699 2957 1742 et
2977 1687 3197 1756 lortem,
3226 1699 3461 1745 temera-

192 1782 409 1835 δίκαιον
433 1778 812 1851 ἀκοινώνητον.
837 1779 948 1833 Kal
973 1779 1082 1853 γὰρ
1110 1780 1170 1833 οὐ
1202 1778 1423 1849 φαύλως
1449 1778 1611 1833 τοῦτό
1635 1796 1780 1844 τινες

188 1874 736 1945 πεφιλοσοφὴκασιν·
798 1873 922 1927 Ὅτι
978 1870 1448 1942 παραπεπήγασι
1489 1872 1601 1943 (27)
1654 1871 1784 1939 ταῖς

192 1963 443 2034 ἀρεταῖς
494 1968 553 2019 αἱ
582 1964 814 2032 κακίαι,
864 1963 964 2017 καὶ
988 1964 1111 2018 εισι
1141 1978 1261 2030 πως
1291 1964 1599 2033 ἁγχίθυροι
1625 1979 1640 1994 ο
1688 1962 1785 2016 καὶ

194 2057 422 2128 ῥᾷστον.
460 2056 588 2110 ἀλλο
618 2074 671 2110 τι
698 2055 831 2110 ὄντα
860 2055 1049 2125 ἕτερον
1083 2055 1406 2126 νομισθῆναι
1441 2057 1553 2118 τοῖς
1600 2053 1676 2126 μὴ
1709 2055 1779 2109 τὰ

192 2147 431 2203 τοιαῦτα
469 2148 942 2220 πεπαιδευμένοις.
988 2148 1085 2211 Τίς
1113 2147 1224 2219 γὰρ
1253 2148 1466 2201 ἐκείνου
1515 2147 1715 2217 μᾶλλον
1747 2146 1781 2218 ἦ

192 2240 409 2314 ἀρετὴν
455 2240 832 2313 ἐτίμησεν,.ῆ
881 2241 1082 2295 κακίαν
1130 2240 1423 2304 ἐκόλασεν,
1470 2239 1503 2311 ἦ
1551 2255 1785 2311 χρηστος

194 2336 366 2409 ὤφθη
392 2340 507 2401 τοῖς
538 2336 917 2410 κατορθοῦσιν,
947 2336 982 2409 ἢ
1015 2337 1128 2398 τοῖς
1155 2336 1563 2406 ἁμαρτάνουσιν
1593 2334 1786 2405 ἐμϐρι-

199 2427 312 2501 θής
337 2444 352 2460 ⁶
383 2423 445 2482 οὗ
490 2427 588 2481 καὶ
616 2427 678 2480 τὸ
723 2426 986 2499 μειδίαμα
1020 2425 1279 2490 πολλάκις
1314 2425 1535 2488 ἔπαινος
1566 2418 1657 2496 ἦν,
1691 2423 1787 2477 καὶ

196 2521 263 2575 τὸ
321 2522 535 2593 σιωπᾷν
578 2520 921 2590 ἐπιτίμησις,
976 2519 1162 2590 οἰκείῳ
1207 2517 1468 2571 συνειδότι
1513 2516 1573 2570 τὸ
1619 2515 1787 2570 κακὸν

201 2610 619 2683 βασανίζουσα;
652 2610 716 2663 Εἰ
742 2609 800 2662 δὲ
835 2609 910 2680 μὴ
956 2607 1238 2679 στωμύλος
1265 2624 1349 2670 τις
1376 2606 1487 2677 (28)
1517 2601 1606 2677 ἦν,
1651 2607 1788 2676 μηδὲ

198 2701 540 2773 γελοιαστὴς
561 2741 576 2766 ,
606 2701 702 2754 καὶ
728 2700 1019 2770 ἀγοραῖος,
1059 2697 1193 2769 μηδὲ
1250 2699 1365 2760 τοῖς
1408 2696 1623 2760 πολλοῖς
1663 2694 1791 2766 ἀρέ-

200 2809 381 2855 σκων,
416 2792 482 2843 ἐκ
505 2789 599 2843 τοῦ
638 2790 772 2842 πᾶσι
805 2789 984 2842 πάντα
1024 2784 1290 2855 γίνεσθαι,
1320 2785 1415 2838 καὶ
1447 2781 1787 2855 χαρίζεσθαι,

199 2885 255 2938 τί
287 2882 490 2946 τοῦτος
528 2882 642 2935 Οὐκ
674 2879 989 2942 ὲπαινετὲος
1027 2876 1226 2949 μᾶλλον
1261 2876 1293 2946 ἢ
1331 2874 1640 2946 μεμπτέος,
1677 2875 1788 2935 τοῖς

200 2992 272 3045 γε
308 2973 439 3029 νοῦν
474 2973 723 3044 ἐχουσιν;
754 2970 818 3024 Et
862 2970 936 3041 μὴ
969 2971 1064 3023 καὶ
1089 2969 1182 3022 τὸν
1213 2968 1403 3020 λέοντα
1434 2964 1656 3035 αίτιῷτό
1684 2981 1786 3029 τις,

198 3027 285 3122 ότι
321 3027 407 3139 ⁷μῆ
440 3027 723 3138 πιθήκειον
752 3027 963 3134 βλέπεί,
993 3060 1131 3115 ἀλλὰ
1159 3059 1419 3131 βλοσυρὸν
1452 3058 1545 3111 καὶ
1567 3027 1789 3127 ’βασιλιέ-
1816 3027 1858 3085 C

201 3160 307 3214 κδν
327 3198 345 3225 ,
375 3150 437 3212 οὗ
469 3159 564 3211 καὶ
595 3156 665 3211 τὰ
696 3156 1047 3228 σκιρτήματα
1074 3156 1317 3222 γενναῖα,
1353 3152 1448 3207 καὶ
1488 3150 1625 3222 μετά
1668 3149 1792 3204 θαύ-

206 3267 390 3322 ματος
434 3248 809 3318 ἀγαπώμενα’
859 3248 954 3301 καὶ
995 3245 1124 3309 τοὺς
1173 3245 1266 3297 ἐπὶ
1296 3245 1395 3314 τῆς
1429 3243 1539 3315 (29)
1584 3244 1791 3312 σκηνῆς

202 3341 512 3413 θαυμάζοι,
550 3341 626 3405 ὡς
659 3341 809 3412 ἡδεῖς
841 3357 902 3393 τε
945 3339 1038 3392 καὶ
1071 3335 1523 3407 φιλανθρώπους,
1550 3337 1632 3389 ὅτι
1678 3338 1790 3398 τοῖς

200 3437 405 3508 δήμοις
453 3434 802 3505 χαρίζονται,
859 3431 954 3485 καὶ
1010 3430 1221 3484 κινοῦσι
1270 3428 1484 3497 γέλωτα
1535 3430 1650 3491 τοῖς
1697 3427 1790 3480 ἐπὶ

202 3531 420 3602 κόρρης
458 3527 766 3599 ραπίσμασι
812 3526 909 3582 καὶ
939 3525 1228 3595 ψοφήμασι
1275 3520 1408 3594 (50).
1455 3521 1648 3574 Καίτοι
1687 3519 1790 3574 κάν

203 3625 253 3676 εί
304 3619 468 3676 τοῦτο
518 3619 846 3692 ζητοίημεν,
895 3616 981 3681 τίς
1035 3616 1132 3686 μὲν
1180 3613 1355 3677 οὕτως
1398 3613 1528 3684 ἡδὺς
1568 3614 1625 3664 ὲν
1669 3616 1791 3676 ταῖς

206 3711 556 3774 συνουσίαις,
593 3711 693 3764 ὅσα
728 3707 829 3781 ἐμὲ
859 3705 1150 3777 γινώσκειν
1183 3704 1276 3758 τὸν
1308 3703 1541 3775 μάλιστα
1581 3704 1789 3757 ἐκείνου

203 3802 646 3874 πεπειραμένοη
695 3801 779 3865 τίς
824 3798 939 3871 (51)
987 3794 1349 3868 διηγήσασθαι
1398 3794 1786 3867 χαριέστερος;

204 3898 294 3962 τίς
354 3897 452 3968 μὲν
489 3893 707 3964 σκῶψαι
757 3889 1154 3953 παιδευτικῶς;
1198 3887 1284 3951 τίς
1336 3886 1394 3939 δὲ
1441 3884 1790 3954 καθάψασθαι

209 3987 472 4054 ἀπαλῶς;
522 3986 632 4041 Καὶ
686 3986 824 4057 μήτε
873 3980 971 4053 τὴν
1021 3979 1341 4050 ἐπιτίμησιν
1395 3977 1595 4048 θράσος
1636 3977 1793 4047 ποιῆ-

209 4098 305 4136 σαι
343 4079 457 4151 (52)
478 4118 495 4142 ,
530 4079 667 4150 μήτε
692 4077 790 4144 τὴν
820 4074 1007 4128 ἄνεσιν
1038 4069 1282 4133 ἔκλυσιν,
1319 4067 1435 4121 ἀλλ’
1464 4067 1790 4139 ἀμφοτέρων

205 4172 310 4245 τὴν
330 4169 599 4242 ἀμετρίαν
619 4168 830 4236 φυγεῖν,
854 4162 1186 4235 ἀμφοτέροις
1210 4160 1307 4213 σὺν
1327 4158 1469 4225 λόγῳ
1488 4158 1585 4211 κα)⁹
1614 4157 1791 4229 καιρῷ

206 4262 533 4338 χρώμενον,
580 4258 724 4313 κατά
770 4257 897 4320 τοὺς
941 4253 1299 4324 Σαλομῶντος
1351 4251 1792 4338 νόμουςηπαντὶ

209 4325 722 4424 πράγματι-καιρὸν
754 4345 1107 4412 διατάξαντος
1132 4342 1269 4413 (⁸55).
1283 4374 1302 4421 ι
1316 4372 1349 4428 6
1514 4325 1665 4419 λη,
1692 4380 1709 4428 γ
1736 4402 1741 4409 ,

208 4443 492 4500 narrando
514 4437 935 4504 festivior?Quis
983 4438 1034 4490 in
1065 4435 1298 4505 jocando
1340 4432 1618 4500 argutior?

1886 1780 2024 1834 rium
2051 1779 2355 1849 appellent;
2386 1788 2443 1835 et
2469 1782 2783 1851 prudentem
2804 1796 2869 1837 ac
2899 1782 3367 1854 circumspectum,
3395 1785 3462 1839 ti-

1885 1870 2126 1937 midum;
2157 1880 2212 1925 et
2241 1880 2653 1940 temperantem,
2689 1884 2959 1943 agrestem
2989 1882 3044 1928 et
3070 1874 3459 1938 inhumanum:

1885 1960 2184 2030 etjustum,
2219 1962 2537 2019 illiberalem
2574 1975 2628 2018 et
2660 1965 2959 2020 sordidum.
2986 1965 3171 2036 Neque
3194 1968 3338 2022 enim
3360 1969 3462 2024 boc

1884 2055 2103 2125 quidam
2146 2054 2284 2109 male
2347 2057 2720 2112 tradiderunt:
2788 2055 3079 2111 Virtutibus
3140 2059 3362 2127 ﬁnitima
3412 2068 3464 2113 et

1884 2148 2273 2217 quodammodo
2301 2148 2470 2202 vicina
2502 2165 2612 2203 esse
2634 2151 2793 2215 vitia;
2819 2149 3058 2219 nihilque
3079 2150 3289 2206 facilius
3319 2166 3461 2217 esse,

1886 2256 2048 2310 quam
2079 2251 2137 2295 ut
2168 2242 2239 2296 ab
2271 2242 2396 2307 illis,
2425 2243 2516 2311 qui
2575 2241 2883 2311 hujusmodi
2952 2257 3131 2296 rerum
3182 2244 3462 2298 scientiam

1886 2349 1993 2388 non
2019 2344 2223 2401 tenent,
2256 2351 2343 2392 res
2377 2336 2621 2404 quaedam
2655 2335 2798 2389 aliud
2826 2350 2949 2389 esse
2979 2335 3270 2404 judicetur,
3299 2351 3461 2404 quam

1886 2442 2079 2482 revera
2104 2428 2195 2483 sit.
2233 2427 2367 2495 Quis
2393 2428 2538 2483 enim
2570 2429 2740 2495 magis
2760 2438 2852 2481 aut
2884 2429 3136 2482 virtutem
3162 2428 3346 2493 coluit,
3370 2437 3466 2482 aut

1887 2518 2077 2572 vitium
2111 2519 2372 2584 coercuit,
2403 2518 2487 2573 vel
2511 2519 2685 2573 oﬂicio
2741 2518 2906 2589 probe
2953 2520 3152 2576 functis
3183 2521 3465 2591 benignio-

1893 2625 2010 2667 rem
2044 2624 2109 2664 ac
2132 2611 2462 2675 suaviorem,
2513 2618 2602 2663 aut
2635 2609 2988 2678 peccantibus
3033 2610 3358 2665 severiorem
3404 2624 3465 2663 se

1889 2701 2155 2772 praebuit;
2192 2710 2378 2772 utpote
2408 2702 2561 2772 cujus
2589 2702 2671 2756 vel
2706 2704 2982 2772 pertenuis
3014 2705 3155 2757 risus
3180 2717 3322 2772 saepe
3348 2702 3466 2758 lau—

1891 2793 2038 2848 datio
2064 2801 2232 2856 esset,
2265 2802 2321 2847 et
2369 2793 2640 2848 silentium
2679 2794 2998 2865 increpatio,
3028 2794 3082 2849 in
3110 2796 3326 2866 propria
3375 2798 3464 2851 nio

1892 2883 2089 2938 mirum
2114 2885 2376 2955 cujusque
2425 2886 2755 2941 conscientia
2807 2887 3019 2956 culpam
3062 2887 3347 2956 explorans
3398 2904 3465 2943 ne

1890 2975 2158 3045 puniens?
2184 2974 2335 3041 Quod
2383 2976 2427 3031 si
2476 2991 2581 3029 non
2613 2977 2819 3046 lepidus
2869 2978 3134 3049 quispiam
3160 2986 3215 3033 et
3257 2980 3465 3035 facetos
3576 2968 3581 2971 ⁷

1891 3076 2033 3132 erat,
2067 3080 2168 3121 nec
2205 3066 2696 3132 circumforansns,
2727 3084 2826 3125 nec
2855 3085 2920 3124 ex
2943 3085 3008 3125 eo
3032 3072 3171 3138 quod
3215 3074 3466 3130 omnibus

1891 3157 2070 3212 omnia
2098 3156 2270 3221 ﬁeret,
2297 3157 2566 3229 plerisque
2586 3167 2773 3230 gratus
2792 3170 2845 3214 et
2863 3171 3134 3229 acceptus,
3157 3163 3285 3232 quid
3307 3174 3416 3218 tum
3439 3164 3465 3217 ?

1891 3248 2085 3303 Nonne
2117 3248 2328 3305 laudem
2377 3253 2560 3321 potius
2621 3267 2780 3322 quam
2835 3253 3308 3319 reprehensionem
3364 3257 3466 3312 hoc

1893 3341 2112 3415 nomine
2142 3350 2403 3407 meretur,
2429 3342 2620 3398 saltem
2652 3343 2795 3413 apud
2825 3356 3007 3400 mente
3032 3347 3323 3415 praeditos?
3353 3347 3465 3403 Nisi

1893 3412 2254 3502 qnismem
2288 3433 2454 3488 etiam
2488 3412 2850 3491 accusandum
2882 3412 3052 3504 putet,
3086 3439 3228 3507 quod
3255 3455 3359 3494 non
3394 3442 3468 3495 si-

1895 3526 2016 3578 mim
2042 3525 2273 3588 vultum,
2303 3525 2396 3579 sed
2425 3537 2637 3581 torvum
2669 3529 2952 3596 quemdam
2982 3539 3038 3584 et
3065 3531 3380 3585 horriﬁcum
3404 3547 3469 3586 ac

1894 3619 2100 3687 regium
2123 3617 2293 3688 820
2316 3619 2585 3685 praeferat,
2616 3621 2769 3692 cujus
2796 3623 2923 3692 ipsae
2964 3638 3179 3694 quoque
3219 3625 3469 3679 saltatio-

1893 3725 1989 3764 nes
2018 3708 2188 3764 fortes
2220 3720 2270 3765 et
2324 3726 2598 3780 generosa:
2651 3722 2797 3778 sunt,
2852 3723 3064 3770 etcum
3116 3716 3468 3771 admiratione

1887 3798 2177 3870 iucundae;
2206 3810 2369 3871 atque
2398 3803 2561 3857 etiam
2590 3805 2906 3871 histriones,
2938 3815 2997 3860 ut
3024 3822 3220 3863 suaves
3271 3819 3318 3861 et
3370 3808 3470 3861 hu-

1892 3891 2172 3946 manitatis
2197 3893 2404 3962 plenos,
2429 3894 2747 3959 admiretur,
2777 3898 3030 3965 quoniam
3084 3898 3262 3968 populi
3313 3898 3467 3953 voln-

1893 3983 2132 4052 ptatibus
2174 3980 2523 4049 inserviunt,
2581 3986 2942 4057 colapliosqne
2988 3989 3088 4043 sibi
3128 3990 3355 4044 invicem
3408 3988 3463 4043 iu

1895 4070 2090 4125 malam
2125 4072 2495 4143 impingendo,
2521 4076 2915 4145 strepitumque
2953 4079 3164 4144 ciendo,
3198 4080 3364 4133 risum
3415 4079 3466 4133 ei

1894 4172 2131 4216 movent.
2157 4163 2476 4235 Quanquam
2496 4167 2682 4233 etiam,
2719 4169 2765 4225 si
2787 4169 2891 4225 hoc
2920 4185 3243 4238 quaeramus,
3270 4172 3393 4240 quis
3414 4172 3465 4224 in

1893 4253 2127 4307 coetibus
2160 4255 2606 4323 adenjncundus.
2661 4268 2922 4328 quantum
2951 4261 3167 4329 quidem
3216 4260 3328 4329 ipse
3376 4276 3470 4314 co-

1895 4358 2117 4412 gnosco,
2140 4346 2234 4415 qui
2266 4346 2434 4415 ipsius
2461 4348 2695 4402 maxime
2720 4350 3019 4419 periculum
3054 4349 3197 4406 feci?
3247 4350 3380 4417 Quis
3414 4352 3469 4406 in

1707 4433 1787 4488 uis
1859 4434 1916 4490 in
1987 4437 2318 4508 objurgando
2366 4441 2563 4496 lenior.
2623 4440 2713 4497 Sic
2758 4453 2816 4499 ut
2869 4460 3043 4515 neque
3079 4446 3371 4516 increpatio
3417 4446 3469 4500 in

212 4539 603 4600 temeritatem,
657 4547 833 4604 neque
885 4531 1217 4600 indulgentia
1283 4527 1335 4581 in
1387 4527 1666 4581 mollitiem
1741 4529 2026 4598 recideret,
2082 4534 2177 4589 sed
2265 4534 2543 4604 utriusque
2599 4550 2888 4593 excessum
2946 4539 3176 4609 fugeret,
3242 4546 3472 4607 utroque

210 4641 580 4702 congruenter
607 4638 662 4684 et
696 4626 1014 4696 tempestive
1050 4634 1229 4684 utens,
1273 4620 1429 4689 juxta
1481 4619 1785 4677 Salomonis
1826 4623 1991 4695 leges,
2027 4628 2120 4696 qui
2152 4629 2404 4684 omnibus
2425 4630 2589 4686 rebus
2623 4640 2836 4698 tempus
2860 4629 3141 4684 constituit
3174 4628 3241 4683 ³¹.
3344 4668 3351 4675 .

286 4724 411 4779 ΞΕ¹.
460 4721 621 4776 Ἀλλά
643 4721 697 4774 τί
719 4721 893 4775 ταῦτα
914 4718 1052 4790 πρὸς
1074 4716 1172 4788 τὴν
1199 4717 1256 4767 ὲν
1277 4713 1460 4782 λόγοις
1483 4712 1578 4766 τοῦ
1597 4713 1796 4784 ἀνδρὸς

1971 4716 2132 4776 LXV.
2166 4720 2271 4776 Sed
2299 4722 2425 4791 quid
2462 4723 2566 4778 ista
2598 4731 2746 4786 sunt,
2803 4737 2913 4792 prae
2960 4721 3100 4775 illius
3143 4719 3354 4774 dicendi
3395 4718 3472 4773 [τις

215 4818 445 4892 ἀρετὴν,
474 4815 573 4871 καὶ
600 4814 662 4868 τὸ
692 4813 794 4885 τῆς
827 4809 1175 4873 διδασκαλίας
1211 4807 1322 4878 (54)
1352 4806 1555 4881 κράτος
1583 4806 1652 4860 τά
1693 4807 1795 4861 πέ-

218 4927 361 4990 ρατα
403 4905 806 4978 οἱκειούμενον;
849 4903 973 4959 Ἔτι
1016 4902 1145 4975 περὶ
1199 4902 1326 4964 τοὺς
1370 4899 1648 4973 πρόποδας
1697 4898 1793 4977 τοῦ

290 5041 341 5075 ³⁸
370 5039 551 5095 Eccle.
580 5053 668 5104 ιιι,
689 5037 742 5091 1.

313 5153 406 5223 25)
433 5150 834 5223 Eordaea-ta.
860 5148 919 5223 in
946 5148 1238 5223 nonnullis,
1264 5145 1632 5223 συνεσθίοντα.

316 5216 409 5294 26)
442 5221 591 5294 Θεὸν
615 5222 1088 5294 σταυρούμενον.
1131 5236 1149 5269 ι
1178 5218 1347 5272 Deum
1384 5216 1699 5271 cruciﬁxum
1731 5232 1790 5269 ε»

223 5291 431 5354 scilicet
454 5292 663 5346 ratione
695 5291 877 5347 carnis
906 5298 1213 5354 assumpta»

296 5364 411 5435 (27)
431 5359 922 5435 Παραπεπήγαᾳι,
951 5369 1065 5418 διο..
1083 5354 1372 5435 Menander
1391 5355 1525 5411 dixit
1552 5372 1567 5409 :
1600 5354 1797 5435 Ἐγγὺς

220 5427 415 5504 ἀγαθῷ
438 5427 605 5486 κακὸν
628 5427 993 5504 παραπέφυκε
1009 5445 1022 5457 ·
1055 5447 1074 5480 ι
1106 5429 1299 5504 Malum
1315 5436 1517 5504 natura
1539 5440 1635 5504 sua
1658 5427 1797 5504 bono

222 5495 584 5574 propinquum
607 5495 757 5556 estfi
786 5495 1188 5555 Et'Aristoteles
1215 5516 1228 5551 :
1263 5514 1282 5547 ι
1315 5496 1452 5552 Vitia
1483 5503 1611 5551 sunt
1635 5495 1795 5550 virtu-

225 5575 371 5623 tibus
391 5592 411 5623 ι
441 5570 729 5623 ἀγγίθυοα.
756 5572 807 5623 id
832 5582 937 5623 est.
970 5588 990 5622 ι
1019 5569 1212 5622 vicina.
1245 5586 1264 5617 ι

225 5573 371 5628 tibus
391 5592 411 5623 ι
441 5573 729 5642 ἀγχίθυρα,
756 5573 807 5626 id
832 5582 937 5634 est,
970 5588 990 5622 ι
1019 5573 1212 5622 vicina.
1245 5586 1264 5617 ι

288 5643 400 5716 (28)
423 5641 740 5711 Στωμύλος
776 5658 885 5706 τις.
913 5640 1072 5696 Deest
1089 5653 1173 5701 τις
1205 5638 1256 5691 in
1287 5634 1379 5691 0r.
1420 5634 1481 5692 2.’

1894 4810 2114 4874 cultate,
2180 4814 2466 4883 palmaque
2515 4813 2797 4876 doctrinm,
2852 4829 2959 4883 qua
3002 4823 3276 4868 extremas
3323 4810 3472 4864 orbis

1894 4911 2077 4972 partes
2123 4903 2262 4959 inter
2291 4919 2350 4960 se
2400 4905 2741 4960 conciliavit?
2769 4905 2959 4960 Adhuc
2992 4905 3046 4959 in
3083 4903 3284 4959 montis
3316 4902 3469 4957 radi-

1996 5144 2087 5211 29)
2117 5143 2254 5211 Τῆς.
2280 5142 2439 5198 Deest
2470 5143 2522 5196 in
2545 5142 2790 5211 pluribus
2824 5143 2979 5197 codd.

2003 5214 2091 5284 50)
2120 5211 2458 5284 Ψοφήμασι.
2492 5211 2669 5284 Pass.,
2704 5212 3018 5284 σοφίσμασι.

1999 5282 2088 5348 5|)
2124 5283 2238 5348 Τίς.
2273 5283 2459 5337 Plures
2485 5282 2641 5336 codd.
2673 5282 2897 5347 addunt,
2926 5283 3003 5335 δέ.

2001 5355 2092 5424 52)
2120 5351 2397 5424 Ποιῆσαι.
2431 5353 2602 5424 Pass.)
2626 5351 2914 5424 ποιεῖσθαι.

2125 5423 2538 5493 Διατάξαντος.
2570 5420 2626 5471 In
2663 5422 2947 5493 nonnullis.
2973 5421 3337 5493 διδάσκοντος,

1970 5491 2085 5563 (54)
2116 5493 2186 5548 Τὸ
2211 5492 2323 5561 τῆς
2351 5491 2766 5563 διδασκαλίας,
2792 5500 2896 5545 etc.
2939 5510 2957 5543 ι
2990 5492 3079 5547 Vis
3101 5494 3193 5548 illa
3221 5497 3480 5550 doctrinae

1904 5567 2051 5621 orbis
2076 5565 2211 5620 lines
2242 5562 2556 5619 concilians.
2583 5580 2602 5613 ι
