3898 6222
422 236 530 292 585

1623 230 1684 287 S.
1718 226 2045 286 GREGOR"
2084 227 2436 285 THEOLOGI

3586 228 3714 283 581»

424 355 581 408 cibus
605 365 906 416 versamur,
963 367 991 404 ιι
1052 350 1252 406 vertice
1304 348 1545 405 remoti:
1591 349 1769 404 adhuc
1814 346 2010 403 fretum

2133 345 2275 419 ἱρους
2316 343 2687 419 στρεφόμεθα,
2727 341 2828 415 τῆς
2864 343 3042 416 ἄκρας
3089 342 3514 416 ἀπολειπόμενοι
3562 343 3719 413 (5'5).

429 443 769 513 trajicitnus,
833 443 1026 499 relicto
1084 457 1280 513 magno
1333 450 1389 496 et
1442 439 1710 510 profundo
1766 438 2007 495 Oceano.

330 560 336 567 ε
434 533 706 589 Existimo
732 534 900 598 enim,
946 534 990 589 si
1016 548 1136 603 quae
1162 533 1535 602 unquamtuba
1567 532 1690 596 fuit,
1716 533 1801 586 vel
1826 530 2007 586 futura

427 639 530 689 εει,
567 627 621 681 in
649 640 828 681 aerem
855 640 1017 694 quam
1060 625 1371 695 longissime
1406 632 1719 693 penetrans,
1755 631 1851 676 aut
1896 636 2004 676 vox

431 720 525 775 Dei
581 725 750 773 totum
815 719 1002 772 orbem
1050 717 1547 785 comprehendens,
1604 728 1698 772 aut
1744 717 2012 771 universae

431 821 594 865 terrae
616 820 796 865 motus
831 825 972 863 novo
992 809 1223 876 quodam
1243 816 1297 862 et
1319 809 1566 863 mirando
1590 809 1749 863 modo
1769 820 2011 876 exortus,

431 903 548 955 haec
580 901 759 955 omnia
790 915 973 953 vocem
1006 900 1146 952 illius
1177 914 1242 954 ac
1274 910 1509 953 mentem
1554 900 1719 954 fuisse
1743 940 1758 965 ,
1804 909 2010 955 tantum

429 1006 619 1045 omnes
669 1006 694 1045 a
745 998 894 1058 tergo
931 990 1321 1059 relinquentem
1357 1000 1519 1061 atque
1565 990 1704 1046 infra
1745 1007 1806 1047 se
1846 993 2013 1048 collo-

432 1092 679 1146 cantetn,
724 1091 983 1152 quantum
1032 1099 1130 1136 nos
1166 1082 1447 1137 brutorum
1484 1093 1736 1137 naturam
1783 1098 2013 1152 supera-

432 1191 572 1229 mus.
611 1176 742 1242 Quis
783 1176 1019 1245 seipsum
1061 1178 1235 1245 magis
1280 1174 1502 1245 Spiritui
1536 1177 1818 1247 purgavit,
1853 1187 2018 1247 atque

434 1268 505 1319 ita
533 1281 592 1321 se
619 1267 985 1337 comparavit,
1028 1275 1086 1319 ut
1114 1268 1305 1336 dignus
1330 1276 1508 1332 esset,
1551 1270 1640 1335 qui
1673 1267 1890 1321 oracula
1923 1269 2005 1321 div

431 1359 555 1411 vina
587 1358 936 1427 explanaret?
969 1357 1102 1422 Quis
1136 1373 1352 1411 rursum
1399 1356 1589 1422 majori
1625 1357 1867 1412 scientia:
1895 1357 2016 1410 luce

432 1449 781 1504 collustratus
816 1460 919 1516 est,
948 1462 1107 1519 atque
1134 1451 1184 1503 in
1215 1450 1479 1518 profunda
1525 1450 1761 1520 Spiritus
1790 1465 2015 1521 prospe-

434 1541 550 1606 xit,
596 1555 659 1593 ac
690 1556 810 1594 cum
860 1542 998 1605 Deo,
1038 1557 1157 1608 qua:
1184 1541 1277 1595 Dei
1332 1548 1493 1608 sunt,
1521 1541 1854 1611 exquisivit?
1888 1542 2019 1609 Quis

434 1645 597 1698 porro
628 1644 930 1683 sermonem
980 1630 1169 1684 habuit
1214 1632 1378 1685 animi
1414 1646 1572 1686 sensa
1608 1632 1800 1686 melius
1848 1646 2017 1700 expo-

438 1730 653 1774 nentem
678 1762 692 1782 ,
727 1722 800 1774 ita
833 1730 891 1775 ut
920 1732 1108 1774 neutra
1138 1732 1313 1790 parte,
1346 1732 1403 1776 ut
1434 1723 1697 1792 plerique,
1741 1723 2015 1777 claudica-

437 1822 544 1877 ret,
574 1828 769 1881 nempe
790 1853 804 1877 ,
834 1813 921 1868 vel
954 1823 1134 1867 mente
1161 1828 1409 1867 sermone
1455 1814 1741 1880 destituta,
1779 1814 1861 1867 vel
1897 1828 2016 1869 ser—

439 1921 600 1961 mone
626 1906 716 1975 qui
766 1907 833 1960 ad
874 1906 1069 1960 mentis
1108 1905 1520 1974 intelligentiam
1573 1921 1678 1962 non
1722 1914 2013 1976 assurgat:

436 2010 627 2050 verum
655 2011 838 2064 parem
863 1996 915 2048 in
941 2006 1167 2065 utraque
1186 2011 1246 2050 re
1271 1996 1483 2051 laudem
1504 1996 1792 2059 obtineret,
1818 2010 2018 2065 parque

438 2090 555 2159 ipse
581 2090 680 2145 sibi
710 2089 853 2144 haud
886 2090 1048 2143 dubie
1086 2097 1249 2151 esset,
1286 2103 1349 2142 ac
1388 2103 1516 2142 vere
1562 2088 1767 2157 integer
1802 2097 1856 2142 et
1890 2103 2018 2157 per-

440 2179 636 2234 fectus.
682 2180 761 2233 Ac
793 2177 1035 2247 quaedam
1085 2176 1366 2246 Scriptura
1415 2177 1517 2230 hoc
1553 2176 1777 2244 Spiritui
1829 2185 2021 2232 sancto

442 2273 650 2339 tribuit,
674 2272 813 2341 quod
837 2271 1015 2325 omnia
1035 2278 1327 2336 scrutetur,
1350 2269 1514 2323 etiam
1542 2269 1807 2339 profunda
1835 2271 1926 2324 Dei
1951 2269 2019 2336 ³³,

440 2380 550 2419 non
594 2372 653 2417 ut
684 2363 962 2432 ignorans,
1001 2362 1095 2415 sed
1126 2368 1186 2414 ut
1224 2374 1291 2414 ex
1333 2373 1522 2414 eorum
1564 2360 2022 2430 contemplatione

438 2470 707 2510 summam
732 2454 1057 2523 voluptatem
1078 2450 1317 2520 capiens.
1343 2450 1574 2506 Basilius
1600 2461 1782 2505 autem
1805 2453 2015 2518 omnia,

2109 438 2191 492 ἔτι
2215 439 2463 511 πορθμὸν
2490 436 2864 509 διαπερῶμεν,
2894 437 3131 506 ἀφέντες
3160 436 3221 490 τὸ
3254 437 3398 509 μέγα
3424 437 3521 491 καὶ
3560 436 3720 508 βαθὺ

2111 532 2370 601 πέλαγος.
2415 526 2585 602 Οἴμαι
2631 529 2765 601 γάρ,
2809 528 2864 583 εῐ
2904 546 2989 593 τις
3034 527 3274 596 ἐγένετο,
3323 528 3357 600 ἦ
3408 529 3724 600 γενήσεται

2112 623 2350 692 σάλπιγξ
2380 624 2474 675 ἐπὶ
2506 620 2643 675 πολὺ
2671 620 2766 674 τοῦ
2795 619 2957 693 ἀέρος
2987 617 3288 688 φθάνουσα,
3320 618 3353 690 ἢ
3381 618 3519 673 Θεοῦ
3548 617 3724 689 φωνὴ

2112 713 2203 766 τὸν
2237 714 2447 785 κόσμον
2474 710 2993 784 περιλαμϐάνουσα,
3021 709 3056 782 ἢ
3106 711 3331 781 σεισμὸς
3369 710 3724 781 οἰκουμένης

2112 803 2177 859 ἐκ
2204 822 2350 868 τινος
2377 803 2732 875 καινοτομίας
2759 802 2856 855 καὶ
2889 799 3192 868 θαύματος,
3222 794 3399 854 ταῦτα
3432 796 3580 855 εἶναι
3606 800 3723 872 τὴν

2114 897 2329 949 ἐκείνου
2356 896 2540 967 φωνὴν
2571 894 2667 948 καὶ
2694 895 2959 959 διάνοιαν,
2992 893 3248 947 τοσοῦτον
3283 893 3537 958 ἅπαντας
3568 894 3726 948 ἀπο·-

2112 986 2411 1041 λείπουσαν
2447 988 2543 1041 καὶ
2575 986 2728 1040 κάτω
2753 985 3020 1049 τιθεῖσαν,
3055 986 3180 1039 ὅσον
3214 986 3315 1056 τὴν
3342 986 3453 1039 τῶν
3486 984 3722 1054 ἀλόγων

2115 1078 2282 1148 φύσιν
2323 1081 2508 1150 ἡμεῖς.
2558 1076 2656 1140 Τίς
2710 1078 2809 1148 μὲν
2847 1078 3044 1130 ἑαυτὸν
3088 1076 3328 1148 ἐκάθηρε
3376 1075 3584 1148 μᾶλλον
3628 1076 3724 1146 τῷ

2116 1171 2418 1241 Πνεύματι,
2472 1170 2568 1224 καὶ⁹
2614 1170 2765 1237 ἄξιον
2813 1169 2909 1222 τοῦ
2955 1169 3261 1241 διηγεῖσθαι
3288 1169 3358 1223 τὰ
3396 1169 3517 1223 θεῖα
3558 1178 3725 1241 τιαρ-

2119 1261 2385 1316 εσκεύασε
2402 1280 2417 1329 ;
2437 1262 2520 1324 τίς
2540 1262 2597 1315 δὲ
2630 1260 2831 1332 μᾶλλον
2857 1260 3131 1331 ἐφωτίσθη
3167 1259 3283 1329 φῶς
3309 1258 3590 1328 γνώσεως,
3612 1258 3723 1313 καὶ

2117 1355 2372 1423 διέκοψεν
2422 1358 2502 1419 εἰς
2548 1354 2619 1407 τὰ
2670 1353 2808 1425 βάθη
2859 1353 2956 1407 τοῦ
3014 1351 3368 1424 Πνεύματος,
3417 1351 3514 1405 καί⁵
3564 1352 3722 1422 μετὰ

2118 1444 2255 1498 Θεοῦ
2288 1443 2399 1514 (56)
2445 1444 2514 1497 τά
2559 1444 2687 1515 περὶ
2732 1442 2869 1496 Θεοῦ
2908 1443 3269 1513 διεσκέψατο;
3317 1442 3403 1507 τίς
3437 1441 3497 1496 δὲ
3546 1440 3722 1512 λόγον

2121 1538 2281 1607 ἔσχεν
2312 1537 2523 1606 ἀμείνω
2566 1536 2673 1588 τῶν
2706 1536 3007 1607 νοηθέντων
3044 1535 3423 1606 ὲρμηνευτὴν,
3467 1535 3544 1599 ὡς
3581 1535 3721 1606 μηδ’

2122 1629 2295 1700 ἑτέρῳ
2330 1629 2441 1699 (57)
2474 1627 2716 1694 σκάζειν,
2759 1628 2903 1681 κατὰ
2934 1628 3061 1691 τοὺς
3088 1628 3337 1693 πολλοὺς,
3373 1628 3407 1699 ἢ
3445 1623 3522 1699 νῷ
3549 1628 3722 1696 λόγον

2049 1700 2092 1755 Β
2120 1722 2224 1775 οὐκ
2273 1720 2484 1791 ἔχοντι,
2515 1721 2549 1791 ἢ
2584 1720 2728 1791 λόγῳ
2770 1721 2846 1793 μὴ
2886 1720 3032 1773 κατὰ
3074 1719 3198 1773 νοῦν
3240 1720 3531 1791 βεϐηκότι·
3592 1721 3722 1774 ἀλλ’

2115 1809 2512 1883 ἀμφοτέρωθεν
2570 1811 2778 1881 ὁμοίως
2833 1811 3174 1881 εὐδοκιμεῖν,
3230 1812 3325 1864 καὶ
3379 1811 3543 1865 αὐτὸν
3596 1811 3724 1865 ἴσον

2119 1900 2297 1956 ὲαυτῶ
2357 1902 2685 1971 φαίνεσθαι,
2732 1902 2829 1956 καὶ
2891 1902 3060 1967 ὅντως
3114 1902 3321 1976 ἄρτιον.
3367 1903 3555 1957 Πάντα
3611 1903 3724 1975 μὲν

2126 1995 2355 2065 ὲρευνᾷν
2381 2034 2395 2058 ,
2427 1993 2520 2047 καὶ
2551 1992 2621 2046 τὰ
2661 1993 2801 2065 βάθη
2834 1993 2927 2047 τοῦ
2959 1993 3128 2062 Θεοῦ,
3164 1994 3244 2065 τῷ
3281 1995 3566 2065 Πνέυματι
3616 2012 3724 2066 με-

2128 2084 2478 2158 μαρτύρηται
2497 2127 2511 2150 ,
2541 2087 2641 2157 οὐχ
2668 2085 2743 2148 ὡς
2774 2086 3059 2154 ἀγνοοῦντι
3079 2129 3093 2154 ,
3124 2086 3240 2140 ἀλλ’
3267 2088 3345 2151 ὡς
3372 2088 3722 2160 ὲντρυφῶντι

2121 2181 2189 2250 τῇ
2237 2179 2461 2250 θεωρίᾳ.
2518 2178 2704 2232 Πάντα
2749 2179 2807 2232 δὲ
2856 2178 3050 2249 ἐκείνῳ
3096 2178 3447 2251 διηρεύνηται
3492 2179 3565 2233 τὰ
3613 2178 3721 2233 τοῦ

2123 2270 2465 2340 Πνεῦματος,
2500 2269 2561 2334 ἐξ
2587 2264 2662 2323 ὧν
2695 2267 2828 2340 ἦθος
2854 2271 3000 2325 άπαν
3029 2271 3340 2335 ἐπαίδευσε,
3375 2272 3468 2325 καὶ
3498 2271 3722 2342 ὑψηγο-

2126 2363 2249 2434 ρίαν
2284 2362 2491 2428 ἐδίδαξε
2523 2363 2675 2432 (58),
2728 2363 2823 2417 καὶ
2868 2363 2977 2418 τῶν
3011 2364 3296 2435 παρόντων
3327 2364 3719 2436 άπανέστησε,

2117 2456 2215 2508 καὶ
2244 2453 2381 2526 πρὸς
2407 2454 2478 2507 τὰ
2514 2454 2778 2526 μέλλοντα
2808 2456 3212 2527 μετεσκεύασεν
3244 2454 3378 2528 (39).

438 2566 561 2621 qua:
587 2549 821 2619 Spiritus
844 2556 989 2609 sunt,
1013 2554 1383 2614 perscrutatus
1407 2553 1509 2609 est,
1538 2560 1604 2599 ex
1634 2560 1806 2615 eoque
1833 2561 2013 2602 mores
2051 2562 2239 2603 omnes
2267 2548 2536 2615 erudivit,
2604 2564 2670 2604 ac
2740 2549 3045 2606 sublimiter
3095 2551 3242 2621 loqui
3287 2551 3503 2617 docuit,
3534 2551 3722 2607 homi-

442 2655 678 2710 numque
707 2640 917 2695 animos
947 2639 1149 2709 821a
1195 2637 1356 2692 rebus
1386 2639 1744 2707 prmsentibus
1778 2641 2082 2694 abstractos
2119 2643 2185 2696 ad
2225 2641 2404 2696 futura
2436 2643 2696 2697 traduxit.

520 2733 701 2790 LXVI.
731 2734 1006 2787 Laudatur
1036 2733 1174 2803 apud
1211 2734 1462 2788 Davidem
1488 2733 1622 2787 solis
1648 2734 2016 2803 pulchritudo,

2192 2734 2329 2803 Eq’.
2365 2736 2547 2790 Ἡλίου
2573 2734 2673 2807 μὲν
2700 2738 3002 2789 ἐπαινεῖται
3029 2738 3182 2811 παρὰ
3199 2739 3278 2811 τῷ
3304 2740 3469 2795 Δαϐὶδ
3493 2740 3719 2807 κάλλος,

444 2838 502 2884 οι
525 2827 858 2897 magnitudo.
886 2834 941 2881 et
964 2841 1157 2880 cursus
1182 2825 1454 2891 celeritas,
1482 2836 1534 2877 et
1568 2825 1648 2880 vis
1673 2841 1737 2880 ac
1766 2824 2019 2891 facultas;

445 2922 643 2991 quippe
672 2919 762 2987 qui
795 2934 1052 2987 sponsum
1085 2917 1399 2986 splendore,
1435 2918 1706 2987 gigantem
1749 2917 2016 2986 magnitu-

444 3012 571 3066 dine
600 3008 884 3075 rel‘erat“,
924 3025 988 3063 ac
1015 3008 1172 3078 longe
1205 3008 1422 3077 lateque
1446 3008 1862 3077 progrediendo,
1899 3018 2022 3062 tan-

445 3112 556 3157 tam
588 3103 693 3156 vim
725 3102 948 3165 habeat,
978 3111 1037 3155 ut
1081 3103 1147 3155 ab
1174 3102 1437 3155 extremis
1460 3111 1701 3153 extrema
1733 3115 1886 3170 atque
1914 3100 2026 3155 col-

446 3196 667 3261 li'stret,
694 3208 793 3248 nec
816 3194 1056 3247 locorum
1083 3193 1382 3248 intervallis
1404 3193 1570 3261 ipsius
1600 3193 1746 3246 calor
1773 3192 1881 3246 ullo
1906 3207 2024 3247 mo-

448 3288 518 3342 do
565 3287 862 3341 minuatur.
921 3284 1118 3338 Basilio
1171 3294 1348 3337 autem
1408 3285 1798 3353 pulchritudo,
1854 3285 2024 3339 virtus

449 3378 592 3444 fuit;
628 3377 961 3448 magnitudo,
994 3376 1300 3445 theologia;
1331 3392 1545 3440 cursus,
1580 3386 1838 3445 perpetua
1866 3391 2023 3430 men-

451 3472 521 3525 tis
551 3470 797 3540 agitatio,
838 3484 934 3537 per
972 3468 1316 3537 quotidianus
1345 3481 1603 3522 ascensus
1636 3471 1702 3521 ad
1734 3468 1903 3523 Deum
1945 3467 2025 3522 fe-

449 3575 608 3627 rens;
645 3556 1192 3630 potentia,'doctrina2
1225 3572 1410 3614 semen
1450 3573 1513 3613 ac
1546 3558 1875 3613 distributio.
1916 3558 2025 3612 ita-

448 3664 557 3720 que
601 3666 668 3705 ne
711 3651 811 3704 hoc
844 3651 1059 3719 quidem
1094 3651 1225 3704 mihi
1277 3650 1457 3704 dicere
1495 3651 1788 3704 verendum
1841 3661 1944 3715 est,
1973 3650 2027 3704 in

452 3758 668 3797 omnem
724 3752 922 3795 terram
969 3757 1161 3795 sonum
1208 3741 1351 3796 illius
1382 3742 1604 3807 exiisse,
1624 3751 1783 3811 atque
1810 3742 1862 3795 in
1893 3742 2027 3797 ﬁnes

448 3828 598 3882 orbis
633 3838 790 3882 terrae
829 3830 933 3881 vim
973 3829 1115 3882 illius
1139 3830 1510 3897 verborum”,
1540 3830 1685 3900 quod
1721 3832 1787 3886 de
1812 3840 2030 3900 aposto-

453 3918 521 3973 lis
551 3917 749 3972 Paulus
781 3919 938 3987 dixit,
971 3935 1000 3973 a
1040 3920 1240 3976 Davide
1283 3934 1576 3976 mutuatus.
1612 3922 1868 3989 Quaenam
1926 3924 2030 3979 ho-

454 4012 543 4065 die
571 4012 674 4065 alia
712 4011 871 4066 ullius
913 4020 1215 4068 conventus
1257 4015 1480 4069 Iretitia?
1501 4016 1632 4083 Qua:
1659 4018 2029 4072 conviviorum

2132 2827 2225 2881 καὶ
2261 2827 2517 2899 μέγεθος,
2560 2829 2653 2881 καὶ
2690 2827 2891 2899 δρόμου
2922 2828 3109 2899 τάχος,
3141 2831 3235 2885 καὶ¹
3268 2830 3499 2901 δύναμις
3519 2848 3535 2862 ο
3565 2831 3724 2903 λάμο

2131 2936 2327 2983 ποντος
2353 2920 2429 2983 ὡς
2457 2920 2717 2989 νυμφίου,
2752 2920 3087 2990 εὐμεγέθους
3115 2922 3190 2985 ὡς
3214 2923 3491 2992 γίγαντος,
3524 2912 3585 2975 οὗ
3620 2923 3729 2977 καὶ

2132 3012 2192 3064 τὸ
2226 3011 2359 3065 πολὺ
2396 3011 2713 3074 διαϐαίνειν,
2760 3009 2873 3080 ἔχει
2908 3011 3138 3083 δύναμιν
3180 3012 3460 3080 τοσοῦτον,
3493 3013 3569 3079 ὡς
3620 3016 3726 3069 ἀπ’

2132 3103 2317 3174 ἄκρων
2357 3103 2426 3157 τά
2479 3105 2626 3175 ἄκρα
2663 3104 2921 3174 ἰσοτίμως
2955 3104 3379 3175 καταφωτίζειν,
3412 3107 3506 3161 καὶ
3546 3106 3727 3178 μηδὲν

2133 3195 2488 3250 ἐλαττοῦσθαι
2508 3197 2608 3267 τὴν
2632 3196 2839 3269 θερμὴν
2868 3199 2979 3261 τοῖς
2997 3198 3346 3269 διαστήμασι.
3381 3199 3488 3253 Τοῦ
3512 3199 3569 3253 δὲ
3590 3199 3725 3254 κάλ-

2133 3288 2224 3351 λος
2261 3288 2379 3358 μὲν,
2428 3289 2461 3358 ἡ
2499 3288 2701 3358 άρετήο
2740 3286 2968 3358 μέγεθος
3009 3286 3086 3353 δὲ,
3136 3289 3169 3359 ή
3205 3288 3483 3359 θεολογία*
3517 3291 3732 3362 δρόμος

2132 3381 2210 3445 δὲ,
2235 3380 2295 3433 τὸ
2322 3380 2653 3451 ἀεικίνητον,
2683 3381 2776 3433 καὶ
2804 3380 2966 3452 μέχρι
2998 3380 3135 3433 Θεοῦ
3171 3382 3334 3453 φέρον
3362 3384 3483 3446 ταῖς
3515 3383 3730 3438 ἀναϐά-

2138 3486 2254 3522 σεσι
2276 3486 2289 3499 ·
2316 3469 2546 3540 δύναμις
2590 3469 2683 3532 δὲ,
2714 3471 2746 3538 ἡ
2786 3469 2882 3522 τοῦ
2927 3469 3086 3538 λόγου
3118 3470 3300 3542 σπορὰ
3339 3472 3436 3525 καὶ
3463 3471 3725 3537 διάδοσις.

2137 3560 2299 3615 Ὥστε
2331 3562 2539 3633 ἔμοιγε,
2568 3562 2690 3615 οὐδὲ
2721 3560 2878 3614 τοῦτο
2905 3562 3080 3615 εἰπεῖν
3105 3562 3383 3633 ὀκνητέον,
3407 3562 3469 3617 τὸ
3500 3565 3581 3628 είς
3611 3567 3729 3619 πᾶ·-

2138 3669 2237 3706 σαν
2263 3653 2362 3724 τὴν
2395 3653 2499 3724 γῆν
2526 3652 2760 3718 ἐξελθεῖν
2798 3653 2889 3708 τὸν
2924 3654 3160 3724 φθόγγον
3194 3654 3359 3708 αὑτοῦ
3378 3696 3392 3719 ,
3422 3655 3518 3709 καὶ
3544 3656 3626 3718 εἰς
3657 3655 3731 3712 τὰ

2139 3747 2350 3816 πέρατα
2378 3747 2472 3816 τῆς
2516 3746 2839 3817 οἰκουμένης
2872 3747 2980 3800 τῶν
3009 3744 3272 3818 ῥημάτων
3310 3748 3410 3819 τὴν
3448 3748 3684 3821 δύναμιν
3711 3767 3727 3781 ο

2138 3838 2166 3890 ὃ
2198 3838 2326 3909 περὶ
2353 3836 2462 3890 τῶν
2496 3837 2808 3890 ἀποστόλων
2836 3838 2865 3891 ὁ
2894 3837 3105 3901 Παῦλος
3143 3838 3334 3911 ἔφησε,
3370 3839 3521 3911 παρὰ
3559 3841 3733 3896 saeta

2140 3929 2495 4000 ἐκδεξάμενος
2541 3929 2675 4001 (40).
2723 3930 2821 3992 Τίς
2861 3930 2959 4000 μὲν
3001 3930 3135 4000 ἄλλη
3185 3930 3442 3998 συλλόγου
3483 3931 3731 4004 σήμερον

2140 4021 2331 4092 χάρις;
2359 4021 2455 4084 Τίς
2485 4019 2543 4073 δὲ
2576 4022 2894 4092 συμποσίων
2927 4022 3124 4094 ἡδονή;
3153 4022 3250 4085 Τίς
3275 4022 3331 4075 δὲ
3360 4021 3605 4093 ἁγορῶν;
3629 4023 3732 4087 Τίς

450 4100 739 4169 voluptas?
763 4101 893 4168 Quae
918 4102 1054 4156 fori?
1078 4102 1209 4171 Quae
1249 4107 1644 4161 ecclesiarum?
1676 4108 1807 4173 Quae
1836 4109 2023 4178 princi-

2141 4116 2199 4169 δὲ
2243 4115 2577 4183 ἐκκλησιῶν;
2629 4115 2725 4178 Τίς
2750 4115 2858 4167 τῶν
2888 4117 2945 4167 ἐν
2970 4114 3136 4179 τέλει,
3171 4115 3267 4167 καὶ
3288 4114 3397 4166 τῶν
3427 4115 3543 4184 μετ’
3577 4115 3731 4168 ὲκείο

453 4208 578 4261 pum
602 4203 658 4248 et
681 4194 1012 4264 privatorum
1045 4196 1289 4252 delicia?
1317 4198 1446 4265 Quae
1492 4202 1905 4269 monachorum,
1942 4209 2034 4256 aut

451 4302 641 4340 eorum
695 4287 784 4356 qui
839 4289 1099 4344 societate
1130 4290 1401 4360 gaudent?
1432 4290 1562 4356 Quae
1598 4307 1812 4353 eorum.
1851 4293 1941 4363 qui
1971 4309 2033 4349 se

451 4393 482 4432 a
527 4378 758 4447 negotiis
804 4391 1168 4443 removerunt,
1198 4382 1284 4435 vel
1308 4397 1494 4436 eorum
1524 4383 1617 4450 qui
1646 4384 1697 4437 in
1726 4385 1889 4438 rebus
1929 4399 2026 4453 ge.-

453 4471 636 4525 rendis
663 4470 981 4525 versantur?
1019 4472 1150 4536 Quae
1182 4487 1371 4526 eorum
1404 4474 1493 4542 qui
1520 4474 1780 4543 profante.
1819 4474 1904 4529 vel
1933 4491 2027 4529 co-

454 4579 571 4617 rum
620 4562 711 4632 qui
767 4572 966 4618 nostra:
1028 4564 1329 4632 disciplina:
1392 4568 1628 4620 studium
1674 4566 2034 4635 proﬁtentur?

460 4655 594 4719 Una,
632 4665 686 4708 et
724 4671 819 4721 per
840 4657 1043 4720 omnia,
1074 4667 1126 4709 et
1150 4658 1383 4711 maxima
1415 4659 1732 4724 oblectatio,
1764 4659 1911 4714 illius
1944 4674 2036 4714 vo-

523 4791 568 4823 ³³
595 4792 610 4845 i
642 4793 765 4847 Cor.
799 4808 860 4860 Il,
904 4792 990 4846 10.
1066 4791 1111 4823 ³⁸
1144 4791 1287 4848 Psal.
1320 4809 1474 4859 xvm,
1502 4794 1556 4848 6.
1632 4793 1678 4826 ³⁸
1704 4793 1831 4848 ibid.
1856 4793 1923 4859 5;
1955 4793 2116 4850 Rom.

525 4954 639 5024 (35)
685 4954 817 5008 Ἔτι
844 4994 860 5009 .
880 4993 895 5008 .
918 4994 932 5008 .
966 4951 1452 5021 ἀπολειπόμενοι.
1513 4947 1637 5005 Haec
1666 4957 1722 5004 et
1752 4944 2032 5016 interiecta

454 5027 647 5081 desunt
671 5026 721 5077 iu
750 5025 1070 5089 quibusdam
1093 5025 1251 5077 codd.

525 5096 637 5165 (56)
665 5094 838 5165 Θεοῦ.
862 5093 955 5165 0r.
984 5093 1040 5156 ‘2,
1065 5093 1159 5165 τοῦ
1180 5090 1334 5165 Θεοῦ.

526 5161 638 5236 (57)
676 5164 901 5233 Ὲτέρῳ.
933 5164 1067 5236 licg.
1093 5161 1411 5236 ρΙιηξτέρῳς

528 5228 640 5304 (38)
669 5235 778 5289 Καὶ
794 5228 1145 5302 ῖὺψηγορίαν
1174 5228 1433 5296 ἐδίδαξε.
1483 5228 1583 5304 Ait
1602 5228 1859 5304 ABillius,
1879 5228 2034 5298 quasi

453 5299 749 5367 ex‘Niceta,
778 5299 1097 5370 Gregorium
1125 5305 1207 5356 his
1244 5304 1419 5355 verbis
1450 5299 1753 5370 signiﬁcare
1780 5300 2030 5359 voluisse.

455 5377 651 5431 librum
688 5376 760 5428 De
796 5374 1057 5428 Triuilate
1094 5390 1123 5426 a
1158 5372 1354 5425 Basilio
1391 5371 1558 5425 fuisse
1598 5371 1891 5438 scriptum;
1938 5370 2028 5438 qui

456 5447 593 5501 liber
629 5448 743 5515 jam
793 5460 898 5499 non
940 5452 1149 5515 exstat,
1194 5443 1295 5515 nisi
1324 5442 1461 5515 forte
1504 5455 1600 5515 per
1644 5439 2028 5515 hnnchbrum

456 5507 744 5572 Orationes
795 5518 861 5571 de
926 5514 1191 5583 theologia
1241 5507 1600 5581 intelligenda:
1653 5507 2030 5564 sint.'Verum

459 5584 864 5658 apu_d__Nicetam
886 5584 1017 5658 nihil
1049 5584 1433 5658 talepccurrit.

528 5654 641 5727 (39)
659 5656 1135 5713 Μετεσκεύασεν.
1160 5653 1289 5722 Reg.
1315 5653 1406 5723 ph,
1432 5651 1582 5711 Pass.
1603 5650 2028 5707 παρεσκεύασεν.

2143 4223 2267 4269 νους
2286 4206 2465 4277 τρυφή
2486 4224 2500 4271 ;
2523 4204 2620 4268 Τίς
2646 4204 2929 4275 μοναστῶν
2953 4205 3086 4274 (41),
3123 4205 3156 4275 ἢ
3190 4204 3460 4274 μιγάδων;
3491 4204 3589 4266 Τίς
3617 4205 3731 4257 τῶν

2139 4296 2534 4368 ἀπραγμόνων,
2570 4297 2602 4368 ἦ
2638 4294 2748 4348 τῶν
2782 4297 2840 4348 ἐν
2874 4295 3161 4367 πράγματι
3202 4294 3352 4367 (42);
3388 4295 3484 4358 Τίς
3511 4295 3623 4348 τῶν
3660 4297 3734 4351 τὰ

2139 4387 2339 4454 ἔξωθεν
2373 4387 2830 4458 φιλοσοφούντων,
2859 4387 2892 4457 ἢ
2926 4386 2996 4440 τά
3030 4386 3303 4458 ἡμέτερα;
3340 4387 3476 4453 Μία,
3515 4388 3612 4440 καὶ
3639 4387 3732 4442 διὰ

2140 4482 2380 4547 πάντων,
2418 4483 2513 4534 καὶ
2545 4483 2579 4551 ἡ
2634 4481 2891 4552 μεγίστη,
2940 4480 3008 4532 τὰ
3057 4480 3267 4533 ἐκείνου
3316 4481 3728 4553 συγγράμματα

2140 4574 2235 4628 καὶ
2263 4574 2571 4645 πονήματα.
2603 4574 2737 4626 Οὐδὲ
2765 4572 3070 4643 γραφεῦσιν
3100 4572 3210 4642 (45)
3236 4571 3467 4643 εὐπορία
3484 4588 3569 4634 τις
3591 4572 3728 4626 ἆλλτ·

2143 4664 2259 4736 μετ’
2288 4665 2517 4729 ἐκεῖνον,
2556 4663 2589 4734 ἢ
2620 4664 2689 4718 τά
2722 4664 2932 4716 ἐκείνου
2960 4663 3392 4735 συγγράμματα.
3442 4664 3730 4717 Σιωπᾶται

2139 4810 2195 4860 x,
2224 4794 2313 4851 18.

2212 4949 2324 5019 (40)
2358 4946 2809 5019 Ἔκδεξάμενος.
2831 4948 2922 5004 Sic
2938 4947 3279 5020 pluresRegg
3308 4947 3533 5020 ,plures
3563 4949 3721 5005 Culb.

2140 5030 2196 5073 et
2228 5025 2334 5074 duo
2357 5020 2524 5075 Coisl.
2561 5020 2618 5074 lu
2646 5022 2757 5086 ed.,
2793 5021 3173 5090 ἐκλεξάμενος,
3216 5038 3235 5071 ι
3259 5019 3530 5089 deligens,
3567 5024 3724 5073 colli-

2178 5106 2292 5143 ens.
2317 5109 2335 5142 ι

2141 5104 2335 5231 εθῖιῗίῖ
2369 5158 2721 5215 Μοναστῶν.
2768 5159 3009 5215 (Eorum
3059 5160 3148 5229 qui
3205 5158 3501 5214 solitariam
3553 5160 3723 5214 vitam

2144 5242 2336 5296 agunt;
2383 5249 2403 5283 ι
2441 5231 2474 5300 ἢ
2513 5231 2773 5300 μιγάδων,
2826 5251 2843 5282 ι
2871 5241 2962 5284 aut
2988 5245 3196 5292 eorum,
3228 5231 3317 5300 qui
3355 5232 3469 5298 pari
3512 5231 3727 5286 virtutis

2144 5301 2392 5368 palaestra
2426 5316 2547 5355 cum
2583 5302 2703 5355 aliis
2731 5305 3158 5355 communicant.
3198 5319 3218 5354 ι

2215 5370 2325 5441 (42)
2356 5369 2682 5440 Πράγματι.
2722 5372 2964 5437 Quatuor
2991 5370 3188 5441 Regg.,
3225 5370 3376 5424 Pass.
3412 5378 3467 5424 et
3499 5369 3717 5437 Comb.,

2140 5444 2452 5511 πράγμασι.
2466 5459 2486 5492 ι

2210 5509 2738 5585 μόλΓραφεῦσεν,
2779 5521 2895 5585 etc.
2963 5511 3153 5578 Savil.,
3209 5509 3593 5583 συγγραφεῦσι
3637 5526 3723 5578 τις

2139 5582 2274 5654 άλλη
2309 5581 2566 5654 εὐπορία.
2600 5603 2619 5634 ι
2726 5581 2729 5582 ⁷
2779 5581 2783 5585 ’
3360 5581 3369 5583 ἡ
3523 5604 3534 5610 -
