3898 6222
167 179 280 238 535
995 177 1256 236 oua-no
1294 175 1476 232 XLIII.
1519 205 1588 217 -
1621 175 1693 231 IN
1731 174 2016 232 LAUDEM
2057 177 2298 234 BASILII
2338 177 2580 240 MAGNI.
3337 188 3444 246 sse

156 298 234 352 (ιά
265 295 498 363 παλαιὰ,
537 295 638 351 ὃσα
682 294 829 359 τινὲς
861 311 974 358 τοις
1001 294 1167 358 θείοις
1207 292 1410 361 λογίοις
1435 290 1732 363 ἐνίδρωσαν
1751 307 1764 320 ’

1895 292 2074 346 umina
2106 301 2160 346 et
2201 293 2622 350 lucubrationes.
2673 294 2783 353 Nec
2821 298 3178 368 scriptoribus
3219 305 3446 360 materia

163 385 367 461 βοᾶται
394 387 463 442 τά
501 387 613 450 νέα,
647 385 742 442 καὶ
771 377 928 449 οὗτος
957 385 1180 458 ἄριστος
1219 387 1352 456 ἡμῖν
1383 383 1440 436 ἐν
1467 383 1666 452 λόγοις,
1704 383 1765 446 ὃς

1889 383 1966 438 Illa
2005 385 2110 439 alia
2145 397 2199 441 et
2237 389 2392 459 copia
2422 397 2540 458 post
2587 403 2734 456 eum,
2782 401 2978 461 praeter
3009 393 3178 462 ipsius
3222 395 3446 464 scripta,

163 479 235 534 ἂν
273 479 344 532 τά
379 475 594 532 ἐκείνου
638 478 876 550 μάλιστα
919 476 1165 550 τυγχάνῃ
1198 473 1506 545 γινώσκων,
1543 475 1637 528 κα),
1678 472 1766 528 διὰ

1894 480 2116 547 oppetit.
2153 479 2396 534 Silentur
2448 492 2651 546 vetera,
2687 497 3020 553 quaecunque
3049 483 3103 538 in
3139 485 3446 540 divinorum

163 568 426 640 γλώσσης
472 569 686 642 φέρων,
718 569 814 622 καὶ
850 567 1144 632 συνετίζων
1183 566 1284 630 τὰς
1327 565 1531 629 ἀκοάς·
1563 564 1764 636 ἤρκεσε

1889 567 2205 624 Iraculorum
2281 571 2663 640 explanatione
2707 589 2738 625 a
2786 573 3106 642 quibusdam
3169 575 3446 630 elaborata

162 661 279 732 γάρ
317 658 402 724 εἷς
429 661 550 714 ἀντὶ
580 661 799 736 πάντων
827 663 941 724 τοῖς
971 659 1413 720 σπουδαιοτέροις
1440 659 1520 720 είς
1549 655 1766 710 παίδευ-

1889 669 1991 714 Iunt
2023 679 2036 715 :
2077 677 2215 718 nova
2248 663 2648 732 praadicantur;
2681 674 2844 734 atque
2874 667 2916 718 is
2943 668 3083 736 apud
3121 682 3220 722 nos
3266 667 3450 720 erudi-

165 771 273 806 σιν,
1868 751 2106 807 tissimus
2153 754 2402 818 habetur,
2453 756 2544 823 qui
2587 755 2754 811 libros
2799 759 2967 826 ipsius
3016 773 3177 827 quam
3215 759 3450 813 maxime

165 841 447 910 intelligit,
516 857 579 895 ac
634 841 814 908 lingua
864 849 1062 905 versat,
1115 841 1445 908 auribusque
1515 835 1754 891 instillat.
1801 837 1952 894 Unus
1985 843 2150 908 enim,
2187 845 2428 898 omnium
2459 845 2600 912 loco,
2667 849 2920 903 studiosis
2959 849 3025 902 ad
3090 852 3447 908 eruditionem

164 933 597 1002 comparandam
627 932 842 987 sutIicit.

235 1029 356 1082 ΞΖ’.
402 1026 543 1096 Ἐγὼ
575 1027 734 1081 τοῦτο
775 1026 936 1098 μόνον
978 1021 1146 1078 αὐτοῦ
1189 1023 1562 1094 διηγήσομαι·
1602 1021 1772 1076 Ὅταν

162 1121 268 1192 τὴν
328 1119 703 1190 Ἑξαήμερσν
748 1118 916 1174 αὐτοῦ
980 1115 1474 1188 μεταχειρίζωμαι,
1529 1116 1626 1170 κα)⁹
1681 1115 1773 1170 διὰ

166 1211 430 1284 γλώσσης
465 1213 650 1284 φέρω,
707 1207 846 1282 μετὰ
889 1209 982 1263 τοῦ
1018 1210 1238 1263 κτίστου
1267 1207 1523 1279 γίνομαι,
1557 1209 1652 1261 κα).
1683 1225 1770 1276 γι-

165 1305 369 1360 νώσκω
413 1307 648 1368 κτίσεως
683 1302 911 1370 λόγους,
947 1301 1040 1354 καὶ
1093 1298 1360 1372 θαυμάζω
1407 1300 1500 1352 τὸν
1547 1300 1773 1371 κτίστην

168 1396 336 1450 πλέον
375 1395 408 1466 ἦ
442 1394 740 1466 πρότερον,
773 1393 894 1463 ὄψει
930 1391 1066 1464 μόνῃ
1104 1389 1412 1461 διδασκάλῳ
1465 1389 1768 1462 χρώμενος.

168 1486 343 1540 Ὅταν
369 1489 486 1549 τοῖς
518 1485 928 1556 ἀντιρῥητικοῖς
962 1484 1172 1553 ἐντύχω
1201 1482 1382 1548 λόγοις
1402 1521 1417 1547 ,
1449 1482 1511 1535 τὸ
1545 1481 1770 1552 Σοδομι-

1943 1018 2152 1074 LXVII.
2192 1019 2302 1076 Iloc
2334 1029 2540 1077 tantum
2564 1023 2631 1078 de
2659 1039 2724 1080 eo
2751 1025 2947 1082 dicam.
2981 1026 3115 1083 Cum
3153 1027 3449 1086 Hexaeme-

1873 1128 1966 1165 ron
1996 1112 2142 1167 illius
2175 1113 2229 1166 in
2266 1129 2458 1170 manus
2487 1131 2663 1183 sumo,
2708 1127 2869 1186 atque
2900 1121 2950 1173 in
2975 1137 3069 1174 ore
3105 1121 3296 1185 habeo,
3323 1138 3448 1179 cum

1869 1202 2126 1260 Creatore
2163 1199 2478 1275 conjungor,
2527 1223 2590 1261 ac
2630 1211 2924 1266 creatiouis
2973 1213 3208 1270 rationes
3251 1231 3450 1286 cogno-

1870 1311 1980 1362 sco,
2009 1296 2426 1368 Creatoremque
2457 1301 2627 1368 magis
2651 1301 2890 1357 admiror
2910 1319 2974 1358 ac
3005 1304 3259 1373 suspicio,
3284 1321 3446 1376 quam

1871 1389 2020 1456 prius
2059 1389 2318 1452 solebam,
2353 1405 2476 1444 cum
2513 1391 2629 1446 solo
2673 1403 2894 1462 aspectu
2935 1397 3194 1466 magistro
3243 1411 3442 1452 uterer.

1869 1478 2000 1534 Cum
2037 1479 2204 1535 libros
2218 1496 2332 1544 eos,
2359 1482 2560 1552 quibus
2590 1485 2964 1541 liarreticorum
2995 1490 3200 1560 scripta
3226 1488 3444 1555 refutat,

165 1579 321 1632 τικὸν
353 1579 466 1650 όρῶ
497 1576 629 1648 πῦρ,
762 1576 1090 1648 τεφροῦνται
1121 1575 1367 1644 γλῶσσαι
1410 1575 1646 1645 πονηραὶ
1675 1575 1766 1628 καὶ

1891 1587 2010 1642 ego,
2053 1571 2444 1630 Sodomiticum
2496 1577 2674 1646 ignem
2707 1592 2891 1646 cerno,
2935 1594 3042 1648 quo
3099 1581 3358 1652 improbae
3383 1599 3450 1638 ac

167 1671 518 1743 παράνομοι,
550 1669 584 1741 ἢ
615 1669 704 1723 τὸν
734 1669 991 1739 Χαλάνης
1026 1667 1234 1738 πύργον
1267 1664 1405 1738 (44),
1441 1665 1626 1730 κακῶς
1667 1667 1764 1738 μέν

163 1759 644 1832 οἰκοδομούμενον,
676 1759 858 1824 καλῶς
890 1759 948 1812 δὲ
981 1759 1264 1831 λυόμενον.
1299 1758 1470 1812 Ὅταν
1496 1761 1610 1820 τοῖς
1638 1759 1769 1828 περὶ

169 1852 516 1923 Πνεύματος,
555 1852 796 1923 εὑρίσκω
833 1851 1004 1916 Θεὸν,
1056 1851 1116 1906 ὃν
1160 1851 1290 1922 ἔχω,
1331 1852 1426 1904 καὶ
1452 1850 1768 1922 παρρησιά-

168 1943 338 2016 ζομαι
369 1945 470 2016 τὴν
515 1945 797 2018 ἀλήθειαν,
829 1943 1172 1998 ἐπιϐατεύων
1221 1945 1322 2014 τῆς
1352 1942 1562 1996 ἐκείνου
1600 1941 1772 1996 θεολο-

165 2037 299 2108 γίας
328 2037 424 2090 καὶ
451 2036 704 2108 θεωρίας.
743 2038 912 2091 Ὅταν
947 2045 1068 2100 ταῖς
1101 2036 1289 2098 ἄλλαις
1324 2035 1675 2106 ἐξηγήσεσιν,
1705 2033 1770 2098 ἃς

165 2132 288 2194 τοῖς
335 2127 509 2200 μικρά
548 2127 834 2198 βλέπουσιν
865 2126 1234 2190 ἀναπτύσσει,
1276 2124 1516 2196 τρισσῶς
1553 2123 1667 2190 (45)
1713 2127 1771 2178 ἐν

166 2226 296 2286 ταῖς
325 2223 579 2293 στερραῖς
603 2220 798 2274 ἑαυτοῦ
829 2219 937 2290 (46)
966 2219 1130 2284 πλαξὶ
1152 2219 1252 2288 τῆς
1281 2217 1510 2290 καρδίας
1537 2219 1773 2286 ἀπογρα-

167 2313 742 2386 ψάμενος,,πείθομαι
779 2311 852 2384 μὴ
901 2313 1062 2384 μέχρι
1105 2310 1200 2364 τοῦ
1243 2311 1573 2382 γράμματος
1619 2310 1772 2363 ἵστα-

171 2406 326 2471 σθαι,
356 2405 492 2476 μηδὲ
525 2404 742 2474 βλέπειν
773 2403 845 2456 τά
873 2404 984 2458 ἀνω
1013 2401 1124 2473 (47)
1160 2400 1342 2472 μόνον,
1377 2401 1514 2454 ἀλλά
1541 2401 1640 2454 καὶ
1675 2417 1774 2452 πε-

171 2497 418 2570 ραιτέρω
445 2495 764 2559 διαϐαίνειν,
797 2495 892 2548 καὶ
923 2496 1004 2558 είς
1047 2493 1209 2564 βάθος
1242 2493 1321 2546 ἔτι
1351 2497 1552 2564 χωρεῖν
1584 2495 1646 2546 ἐκ
1677 2492 1775 2562 βά-

171 2589 340 2654 θους,
384 2587 622 2642 ἄϐυσσον
652 2587 876 2657 ἀΰύσσῳ
927 2585 1443 2658 προσκαλούμενος,
1499 2585 1594 2638 καὶ
1633 2585 1773 2654 φωτὶ

171 2681 296 2751 φῶς
323 2681 616 2753 εὑρίσκων,
653 2681 848 2752 μέχρις
874 2677 940 2733 ἂν
969 2678 1164 2749 φθάσω
1192 2677 1332 2750 πρὸς
1363 2677 1424 2731 τὸ
1448 2677 1770 2749 ἀκρότατον.

173 2775 351 2830 Ὅταν
383 2772 635 2844 ἀθλητῶν
669 2772 968 2844 ἐγκωμίοις
1007 2771 1421 2844 προσομιλήσω,
1459 2769 1773 2842 περιφρονῶ

1873 1664 2148 1720 sceleratae
2177 1667 2376 1737 lingua;
2412 1668 2463 1722 in
2497 1669 2732 1724 cinerem
2772 1671 3176 1741 rediguntur“,
3202 1684 3290 1728 aut
3319 1676 3454 1730 Cha-

1872 1753 2006 1808 lante
2039 1757 2224 1810 turrim
2251 1757 2321 1822 ³⁷,
2347 1768 2406 1812 ut
2455 1759 2596 1814 male
2651 1771 3040 1826 constructam,
3073 1764 3146 1818 ita
3193 1775 3336 1820 recte
3377 1767 3454 1820 in-

1871 1856 2168 1916 terruptam
2211 1861 2371 1918 atque
2399 1851 2650 1906 deletam.
2687 1852 2818 1908 Cum
2848 1870 2932 1920 ea,
2962 1871 3084 1925 quae
3125 1859 3192 1912 de
3247 1857 3450 1928 Spiritu

1873 1947 2060 1993 sancto
2097 1941 2349 2008 scripsit,
2395 1943 2604 2010 evolvo,
2648 1945 2838 2012 Deum,
2884 1963 3040 2016 quem
3078 1950 3270 2016 habeo,
3317 1967 3453 2006 nan-

1876 2018 2070 2094 ciscor,
2097 2032 2378 2088 veritatem
2405 2033 2576 2088 libero
2598 2035 2765 2106 822
2790 2047 2846 2091 et
2887 2037 3072 2093 ﬁdenti
3103 2041 3285 2094 animo
3311 2057 3454 2110 pra:-

1875 2125 2017 2191 dico,
2051 2125 2193 2182 illius
2219 2127 2468 2184 videlicet
2510 2131 2794 2202 theologia:
2829 2143 2990 2204 atque
3011 2137 3452 2206 contemplationi

1876 2217 2153 2273 insistens.
2182 2219 2315 2274 Cum
2352 2221 2488 2275 alias
2509 2221 2626 2292 ejus
2649 2227 3024 2281 enarrationes
3048 2229 3286 2299 perlego,
3319 2247 3456 2300 quas

1875 2310 1964 2374 iis,
2001 2313 2088 2378 qui
2137 2311 2406 2366 Itebetiori
2454 2314 2668 2383 ingenio
2701 2327 2848 2380 sunt,
2881 2319 3134 2388 explicat,
3185 2322 3453 2376 trifariam

1876 2402 1929 2453 in
1961 2401 2150 2455 solidis
2179 2402 2360 2458 cordis
2388 2405 2471 2459 sui
2498 2405 2692 2462 tabulis
2733 2409 3067 2474 describens,
3104 2427 3168 2466 eo
3194 2414 3453 2481 adducor,

1877 2501 1934 2544 ut
1963 2507 2067 2544 non
2100 2493 2154 2545 in
2186 2502 2410 2548 externo
2447 2495 2645 2551 Iitlem
2695 2499 2896 2552 cortice
2927 2499 3114 2568 pedem
3146 2501 3327 2572 ﬁgam,
3357 2519 3457 2558 nec

1875 2582 2164 2635 verborum
2203 2593 2410 2636 tantum
2437 2587 2775 2653 superﬁciem
2802 2600 3062 2658 spectent,
3100 2593 3192 2646 sed
3231 2593 3456 2650 ulterius

1873 2671 2210 2741 progrediar,
2239 2681 2402 2741 atque
2428 2689 2493 2727 ex
2529 2676 2798 2743 profundo
2835 2677 2888 2731 in
2918 2680 3247 2748 profundum
3277 2692 3460 2740 trans-

1875 2780 2020 2833 eam,
2067 2765 2320 2836 abyssum
2390 2781 2486 2836 per
2546 2767 2802 2839 abyssum
2851 2769 3110 2826 invocans
3131 2773 3198 2837 ³⁸,
3251 2789 3316 2830 ac
3361 2791 3460 2846 per

170 2865 239 2920 τὸ
269 2864 450 2936 σῶμα,
486 2866 580 2918 καὶ
615 2863 832 2934 σύνειμι
870 2867 984 2927 τοῖς
1027 2863 1443 2935 ἐπαινουμένοις
1484 2863 1619 2932 (48),
1677 2862 1766 2915 καὶ

1889 2857 2058 2910 lumen
2111 2855 2290 2911 lumen
2344 2857 2642 2924 inveniens,
2699 2862 3052 2932 quoadusque
3091 2865 3157 2917 ad
3187 2879 3456 2920 summum

172 2957 320 3029 πρὸς
483 2956 710 3028 ἄθλησιν
747 2923 1110 3028 δΙιεγείρομαι.
1145 2923 1314 3010 Ὅταν
1351 2923 1766 3024 ὴθίκὸῖςιλόγοις

1889 2951 2099 3004 laudent
2133 2950 2409 3006 ‘verticem
2442 2965 2760 3021 pervenero.
2793 2951 2929 3008 Cum
2973 2967 3270 3027 martyrum
3301 2973 3452 3014 enco-

173 3049 275 3103 καὶ
309 3051 669 3121 πρακτικοῖς,
717 3047 1053 3118 καθαίρομαι
1081 3045 1260 3117 ψυχὴν
1312 3047 1406 3099 καὶ
1457 3046 1638 3116 σῶμα,
1679 3043 1766 3098 καὶ

1889 3041 2148 3112 mialego,
2177 3056 2374 3112 corpus
2406 3051 2719 3110 contemno,
2745 3052 2799 3098 et
2827 3061 2949 3098 cum
2977 3047 3063 3112 iis,
3089 3047 3180 3116 qui
3213 3047 3458 3103 laudibus

171 3141 310 3204 ναὸς
339 3138 474 3192 Θεοῦ
506 3139 730 3210 γίνομαι
758 3139 1026 3203 δεκτικὸς,
1063 3139 1158 3192 καὶ
1183 3138 1418 3209 ὄργανον
1449 3135 1766 3208 κρουόμενοκ

1889 3131 2197 3197 eil‘eruntur,
2233 3135 2417 3188 animo
2442 3149 2654 3200 versor,
2681 3143 2845 3206 atque
2883 3138 2950 3191 ad
2983 3148 3260 3196 certamen
3301 3143 3454 3195 excl-

172 3230 484 3304 Πνεύματι,
511 3231 606 3286 καὶ
631 3229 782 3294 θείας
809 3229 1058 3301 ὑμνῳδὸν
1083 3229 1242 3300 δόξης
1267 3246 1328 3282 τε
1353 3228 1448 3282 καὶ
1475 3227 1776 3298 δυνάμεως·

1879 3233 1981 3281 tor.
2017 3224 2152 3280 Cum
2197 3225 2470 3280 orationes
2511 3241 2626 3288 eas,
2657 3241 2793 3296 quas
2835 3227 2902 3283 de
2933 3230 3174 3286 moribus
3218 3247 3284 3287 ac
3322 3232 3460 3288 bene

171 3323 359 3395 τούτῳ
392 3323 504 3394 (49)
542 3321 981 3396 μεθαρμόζομαι,
1013 3323 1110 3376 καὶ
1133 3321 1488 3393 ρυθμίζομαι,
1511 3319 1605 3372 καὶ
1622 3317 1766 3382 ἄλλος

1889 3316 2089 3370 vivendi
2113 3315 2324 3371 ratione
2355 3318 2596 3387 scripsit,
2633 3318 2684 3372 in
2718 3334 2912 3374 manus
2937 3321 3163 3390 accipio,
3199 3323 3383 3378 animo
3407 3337 3461 3379 et

176 3415 243 3482 es
283 3415 448 3470 ἄλλου
491 3416 734 3487 γίνομαι,
758 3415 858 3487 τὴν
885 3415 1036 3468 θείαν
1065 3414 1350 3469 ἀλλοίωσιν
1375 3411 1776 3484 ἀλλοιούμενος.

177 3521 292 3578 que
338 3508 758 3562 instrumentum
812 3509 1074 3562 musicum
1131 3521 1160 3560 a
1209 3505 1414 3575 Spiritu
1475 3505 1770 3575 pulsatum,
1830 3501 2180 3572 divinautque
2245 3502 2472 3571 gloriam
2533 3513 2587 3558 et
2626 3505 2926 3570 potentiam
2973 3521 3207 3574 canens;

1879 3423 2103 3478 corpore
2143 3422 2364 3478 purgor,
2403 3409 2769 3480 templumque
2803 3411 2896 3466 Dei
2925 3427 3096 3483 capax
3122 3413 3344 3483 elﬁcior,
3379 3429 3455 3470 at-

3292 3509 3462 3580 ipsius

175 3598 369 3656 aﬂlatu
402 3600 647 3666 corrigor
673 3606 729 3653 et
753 3599 1074 3664 concinitur,
1103 3606 1268 3666 atque
1302 3597 1480 3652 divina
1527 3598 1760 3666 quadam
1801 3593 2175 3650 immutatione
2201 3594 2338 3648 alius
2365 3609 2429 3648 ex
2461 3593 2566 3648 alio
2595 3595 2818 3651 eﬁicior.

250 3691 380 3746 EH'.
424 3691 577 3744 Ἐπεὶ
601 3691 658 3744 δὲ
699 3690 980 3759 θεολογίας
1018 3690 1321 3762 ἐμνήσθην,
1373 3691 1467 3744 καὶ
1514 3689 1614 3760 τῆς
1648 3688 1778 3762 περὶ

1949 3685 2182 3740 LXVIII.
2237 3686 2501 3753 Quoniam
2552 3697 2732 3741 autem
2783 3688 3062 3759 theologia:
3131 3689 3460 3746 mentionem.

171 3783 344 3840 τοῦτο
366 3783 460 3836 τοῦ
485 3783 677 3854 ἀνδρὸς
710 3781 946 3852 μάλιστα
981 3779 1418 3852 μεγαλοφωνίας,
1448 3779 1528 3834 ἔτι
1557 3779 1766 3833 κάκεῖνε

1889 3776 2007 3844 ieci,
2047 3779 2271 3847 ejusque
2301 3778 2354 3830 in
2393 3777 2623 3833 dicendo
2652 3777 3020 3844 sublimitatis,
3052 3794 3160 3848 qua
3195 3780 3282 3836 ille
3313 3781 3368 3835 in
3395 3797 3462 3836 eo

172 3877 480 3950 προσθήσω
511 3881 625 3952 τοῖς
673 3875 1007 3948 εἰρημένοις.
1040 3871 1474 3946 Χρησιμὼτατον
1520 3871 1630 3942 γὰρ
1663 3873 1766 3934 τοῖς

1889 3871 2222 3938 potissimum
2265 3871 2570 3942 argumenti
2607 3885 2803 3940 genere
2841 3887 2969 3926 usus
3000 3880 3104 3937 est,
3155 3873 3258 3928 hac
3285 3875 3459 3928 adhuc

173 3971 422 4038 πολλοῖς,
455 3969 550 4024 τοῦ
586 3971 661 4042 μὴ
699 3969 1063 4041 βλάπτεσθαι,
1093 3967 1194 4040 τὴν
1231 3965 1400 4039 χείρω
1438 3964 1570 4036 περὶ
1607 3962 1766 4016 αὐτοῦ

1889 3958 2250 4026 superioribus
2313 3960 2628 4030 adjungam.
2661 3959 3010 4029 Simplicibus
3043 3961 3184 4014 enim
3215 3970 3270 4016 et
3295 3963 3464 4030 impe-

171 4061 340 4128 δόξαν
380 4061 622 4133 ἔχοντας.
659 4061 804 4132 Πρὸς
831 4060 888 4114 δέ
917 4061 1044 4124 τοὺς
1076 4059 1422 4130 κακούργους
1454 4059 1482 4108 ὁ
1511 4057 1688 4125 λόγος,
1721 4055 1766 4108 οἳ

1889 4050 2000 4103 ritis
2023 4049 2367 4104 utilissimum
2392 4061 2476 4105 est
2501 4051 2805 4120 providere,
2838 4067 2906 4105 ne
2921 4051 3119 4104 damno
3137 4051 3458 4118 alﬁciantur,

171 4156 294 4216 τοῖς
315 4152 524 4206 ἑαυτῶν
552 4154 744 4216 κακοῖς
773 4151 1059 4223 βοηθοῦσιν
1077 4190 1093 4215 ,
1125 4149 1184 4216 ἐξ
1215 4143 1290 4203 ὧν
1320 4149 1499 4212 ἄλλοις
1530 4147 1766 4220 ἐπηρεά-

1889 4141 2023 4196 male
2046 4150 2101 4196 et
2136 4142 2354 4196 sinistre
2388 4141 2456 4196 de
2492 4144 2606 4213 ipso
2646 4144 3041 4200 existimantes.
3079 4145 3204 4198 Mihi
3239 4161 3366 4201 vero
3392 4149 3458 4200 ad

171 4245 389 4310 ζουσιν.
435 4245 670 4309 Ἐκεῖνος
713 4243 855 4316 γὰρ,
895 4243 1060 4296 ἕνεκα
1111 4241 1224 4313 (50)
1267 4240 1362 4295 τοῦ
1408 4237 1572 4312 ὀρθοὖ
1615 4239 1766 4310 λόγου

1889 4235 2162 4301 improbos
2201 4244 2257 4289 et
2297 4235 2563 4305 malignos
2601 4237 2778 4292 oratio
2820 4245 2924 4302 est,
2963 4238 3053 4306 qui
3091 4254 3154 4293 ex
3204 4254 3269 4294 eo
3314 4243 3456 4310 quod

173 4336 278 4392 καί
311 4335 414 4406 τῆς
445 4335 588 4389 κατά
619 4335 716 4407 τὴν
749 4334 912 4403 ἀγίαν
945 4333 1152 4406 Τριάδα
1193 4332 1490 4402 συναφείας
1521 4329 1616 4384 καὶ
1649 4347 1766 4384 συν-

1889 4325 2022 4380 alios
2071 4325 2356 4380 calumniis
2395 4329 2694 4394 incessunt,
2753 4328 2898 4382 vitiis
2949 4329 3065 4384 suis
3122 4345 3276 4400 opem
3312 4330 3456 4386 ferre

172 4427 336 4490 θεῖας
362 4427 504 4498 (51),
527 4426 562 4498 ἢ
589 4427 690 4480 οὐκ
709 4423 806 4480 οἷδ’
832 4426 861 4480 ὃ
890 4443 945 4479 τι
978 4424 1314 4496 κυριώτερον
1340 4421 1446 4494 χρὴ
1471 4423 1644 4475 εἰπεῖν
1677 4421 1766 4475 καὶ

1889 4417 2197 4473 moliuntur.
2249 4417 2342 4473 Ille
2384 4421 2584 4474 etenim
2643 4435 2740 4490 pro
2801 4433 2948 4478 recta
3015 4423 3280 4490 doctrina,
3338 4439 3462 4478 san-

171 4519 520 4592 σαφέστερον
560 4517 709 4590 (52),
753 4517 829 4590 μὴ
859 4518 941 4571 ὅτι
979 4516 1188 4588 θρόνων
1222 4517 1498 4577 ἐκπεσεῖν,
1541 4507 1622 4576 οἷς
1651 4513 1774 4568 οὐδὲ

257 4710 306 4743 ³⁸
322 4707 460 4766 Gen.
483 4721 596 4772 nx,
635 4705 726 4760 24.
803 4704 848 4736 ³⁷
869 4703 1006 4760 Gen.
1033 4717 1110 4768 XI,
1135 4701 1170 4756 4
1194 4713 1317 4770 sqq.

259 4864 376 4940 (μ)
413 4860 716 4940 ζᾳλάνηό
740 4861 994 4940 πύργον.
1031 4857 1140 4940 _Sie
1184 4855 1534 4940 Septuaginta
1569 4861 1769 4940 vocant

179 4923 384 4993 ιιιιδι-ἰιίι
431 4935 610 5004 illam,
645 4923 771 5004 qua:
819 4923 990 4986 iurris
1031 4923 1528 5000 Babylonica—seu
1576 4923 1764 4988 Bab'el,

177 5003 559 5063 vocarisolel.
611 5003 678 5074 ς
795 5071 917 5074 _,_
977 5071 989 5074 Α
1205 5068 1256 5074 __
1651 5063 1662 5074 ,

257 5075 373 5148 (45)
410 5071 698 5142 Τρισσῶς.
749 5071 1152 5148 «Triariam,»
1309 5075 1418 5148 est,
1461 5065 1761 5148 pistor-ioc,

178 5135 491 5227 moraliter,
523 5154 578 5198 et
610 5135 928 5214 aitagogice,
960 5157 1057 5197 seu
1091 5135 1341 5210 mystice.
1370 5135 1510 5192 Male
1543 5137 1597 5190 in
1621 5135 1759 5202 Reg.

179 5234 240 5284 c,
259 5233 491 5286 τρανως.
1523 5275 1534 5286 _

257 5285 372 5358 (46)
402 5282 818 5358 Ἑαυτοῦκ-Ρῑο
849 5278 1112 5354 ἐμαυτοῦ,
1144 5281 1220 5336 ait
1249 5275 1625 5334 Combeﬁsms.
1669 5292 1688 5325 ι
1712 5271 1767 5326 III

177 5353 370 5415 cordis
407 5356 511 5408 mei
549 5353 804 5408 tabulis.»

255 5422 583 5495 (ΔηνΜηδὲ
618 5422 877 5495 βλέπειν
920 5421 993 5476 τὰ
1035 5420 1176 5495 ἄνῳ.
1232 5418 1476 5495 Exponit_
1503 5415 1720 5495 Nicetas
1753 5433 1766 5468 :

193 5486 456 5567 ’ίΐῂλῶς
495 5486 647 5567 ἀίοτά
706 5493 962 5567 θεωρεῖνο
1015 5491 1190 5567 tAIto
1212 5486 1428 5567 “sensu
1464 5486 1772 5567 intelligere

183 5559 522 5634 Scripturas.
557 5583 575 5614 ι
613 5563 767 5630 Quod
818 5559 894 5617 'ne
939 5562 1156 5634 quidem
1205 5559 1467 5634 Gregorio
1498 5559 1630 5610 satis
1657 5565 1770 5634 est,

182 5637 286 5694 sed
317 5630 557 5690 ulterius
593 5634 750 5702 jubet
791 5630 1060 5703 progredi,
1099 5639 1156 5684 ut
1195 5630 1429 5698 majores
1461 5639 1676 5696 semper
1709 5630 1766 5678 in

589 5729 869 5792 PATBOL.
916 5729 1036 5790 Gn.
1081 5727 1379 5790 XXXVI.

1393 4697 1439 4730 ³⁸
1459 4695 1608 4753 Psal.
1635 4711 1745 4764 xu,
1780 4694 1834 4752 8.

1883 4517 2093 4580 eaeque
2141 4510 2428 4568 Trinitatis
2469 4512 2851 4583 conjunctione
2903 4525 2958 4570 et
2997 4515 3326 4581 condeitate,
3369 4525 3462 4570 aut
3519 4577 3522 4582 ,

1878 4852 2284 4920 Scripturarum
2325 4850 2680 4920 intelligentia
2714 4849 2993 4918 profectus
3022 4849 3341 4920 habeamus.

1949 4919 2062 4994 (48)
2098 4919 2635 4994 _’E:ratrovpés:oac.
2695 4920 2787 4974 Sic
2839 4936 2933 4994 se}:
3003 4921 3194 4994 Ilegg._,
3263 4919 3456 4994 degerit

1869 4986 2056 5060 Colb.,
2087 4991 2180 5047 Or.
2215 4994 2270 5055 2,
2319 4986 2466 5057 Pati,
2499 4991 2678 5056 Pass.,
2712 4999 2818 5046 etc.
2858 4991 2949 5044 Sic
2979 4986 3142 5044 etiam
3175 4988 3303 5058 legit
3334 4986 3454 5040 Bill.

1871 5063 1931 5117 In
1963 5065 2071 5124 ed.,
2109 5062 2375 5124 ἐπαίνοις.

1949 5123 2294 5203 (49)Τούτφ.
2320 5123 2831 5203 1ίιΙθει,ᾼΠνεύμαςιι-τ
2861 5147 2880 5178 ι
2903 5127 3014 5182 Hoc
3028 5127 3251 5195 Spiritu,
3286 5143 3306 5178 ι
3351 5123 3458 5188 vel,

1881 5222 1899 5256 ι
1923 5200 2090 5270 ipsius
2127 5203 2406 5270 (Spiritus)
2449 5201 2646 5255 alllatu.
2672 5221 2688 5250 ι
2733 5200 2850 5254 Bill.
2887 5217 2900 5253 :
2939 5216 2958 5248 ι
2989 5215 3083 5268 per
3115 5213 3225 5252 eas.
3266 5214 3284 5250 ι

1946 5272 2060 5338 (50)
2099 5272 2340 5326 "Er-sxa.
2374 5271 2479 5325 Sex
2514 5273 2680 5338 Ilegg.
2725 5281 2777 5323 et
2811 5269 2960 5338 Pass.
3001 5270 3224 5330 addunt,
3263 5267 3362 5338 μέν

1946 5272 2060 5344 (50)
2099 5272 2340 5326 "Er-sxa.
2374 5272 2479 5325 Sex
2514 5273 2680 5339 Ilegg.
2725 5281 2777 5323 et
2811 5272 2960 5338 Pass.
3001 5272 3224 5330 addunt,
3263 5272 3383 5338 μέν.

1946 5343 2056 5413 (51)
2088 5343 2198 5396 Καὶ
2221 5343 2526 5406 συνθεΐας.
2558 5341 2722 5396 Coisl.
2752 5341 2805 5404 I,
2835 5339 2929 5392 καὶ
2954 5339 3250 5408 συμφυΐας,
3280 5355 3299 5388 ι
3326 5351 3461 5392 εοε-

1869 5415 2134 5470 ort‘etione.
2159 5431 2177 5464 ι

1947 5483 2076 5553 (52),
2101 5482 2498 5550 Σαμέστερον.
2544 5481 2710 5552 Bcgg.
2763 5481 2871 5546 bm,
2905 5479 2999 5546 pb,
3032 5477 3126 5532 0r.
3166 5476 3202 5530 2
3225 5487 3277 5532 et
3309 5479 3460 5544 Pan,

1870 5552 2178 5622 συναιρέστε
2185 5569 2298 5624 ρον.

3079 5707 3149 5766 19
