3898 6222
491 232 599 290 587

1687 227 1745 282 S.
1783 222 2112 283 GREGORII
2151 222 2499 281 THEOLOGI

3646 219 3784 277 588

491 347 677 404 nescio
698 362 804 417 quo
834 346 1001 416 magis
1040 344 1256 415 proprio
1294 352 1347 396 et
1374 343 1657 413 perspicuo
1689 344 1852 398 verbo
1881 358 1968 398 res
1990 357 2054 397 ea

2187 351 2254 394 er‘
2295 341 2469 413 ἀρχῆς
2508 339 2849 413 ἐπεπήδησεν
2904 338 3043 410 (55),
3087 338 3226 393 ἀλλὰ
3269 339 3362 392 καὶ
3394 339 3578 411 φυγὴν
3612 340 3775 411 (σε).

492 438 665 491 notari
700 444 899 504 potest,
932 451 1034 489 non
1076 434 1232 487 modo
1263 435 1327 488 de
1359 434 1572 496 throno,
1607 432 1675 486 ad
1718 448 1875 502 quem
1903 447 1969 486 ne
1992 433 2060 487 ab

493 529 649 584 initio
680 528 895 598 quidem
936 525 1127 595 cupide
1170 525 1419 594 prosiliit,
1464 524 1740 580 exturbari
1784 539 1846 577 ac
1879 522 2059 593 dejici,

493 620 587 674 sed
623 621 787 674 etiam
820 617 1037 681 exsilio,
1093 626 1147 670 et
1192 625 1396 681 morte,
1434 625 1596 685 atque
1646 624 1775 670 ante
1832 627 2063 670 mortem

491 712 658 765 variis
700 709 1027 765 cruciatibus
1069 707 1223 769 allici,
1258 717 1505 777 prompto
1555 706 1832 776 alacrique
1881 706 2064 760 animo

496 800 725 864 tulisset,
762 813 827 852 ac
862 797 1012 852 lucro
1040 797 1217 866 potius
1250 811 1409 865 quam
1448 795 1690 866 periculo
1735 796 2060 864 deputasset.

495 890 609 946 Hoc
644 906 769 945 vero
795 891 866 943 ita
904 903 1023 943 esse
1051 898 1236 956 aperte
1257 888 1529 943 declarant
1565 901 1629 943 ea
1678 902 1797 956 quae
1839 897 1894 941 et
1941 886 2066 941 fecit

494 986 550 1033 et
579 992 764 1046 passus
789 985 873 1031 est
900 992 914 1027 :
941 987 999 1029 ut
1028 976 1117 1045 qui
1149 977 1311 1029 etiam
1334 975 1405 1030 ob
1428 975 1675 1030 veritatis
1700 974 2065 1029 defensionem

494 1069 683 1122 exsilio
729 1068 1016 1132 multatus,
1075 1067 1207 1121 nihil
1269 1066 1413 1120 aliud
1477 1066 1675 1136 negotii
1729 1066 2061 1136 susceperit,

494 1176 656 1231 quam
703 1161 793 1214 uni
829 1177 893 1216 ex
934 1160 1176 1226 asseclis,
1221 1168 1280 1213 ut
1328 1174 1388 1214 se
1427 1159 1664 1229 acceptis
1716 1158 2067 1229 pugillaribus

494 1265 834 1324 sequeretur,
902 1254 1213 1322 imperaret.
1270 1254 1557 1315 Caeterum,
1605 1266 1882 1307 sermones
1944 1266 2066 1306 cum

495 1346 719 1416 iudiciO‘
741 1345 1104 1414 disponere”,
1138 1345 1204 1399 de
1246 1344 1467 1399 Davidis
1492 1345 1725 1399 consilio
1757 1353 1811 1398 et
1843 1352 2066 1398 senten-

497 1439 598 1503 tia,
637 1437 999 1492 necessarium
1050 1450 1170 1491 esse
1213 1434 1510 1505 judicabat,
1553 1449 1616 1487 ac
1658 1435 1780 1489 belli
1838 1443 2066 1502 tempus,

497 1539 553 1584 et
584 1530 955 1584 haereticorum
994 1528 1352 1599 principatum
1398 1526 1782 1597 aliquantisper
1802 1525 1967 1596 823
1996 1536 2070 1581 to-

496 1619 692 1686 lerare,
714 1620 887 1687 quoad
910 1617 1173 1672 libertatis
1203 1631 1263 1671 ac
1284 1616 1589 1671 serenitatis
1617 1626 1825 1685 tempus
1857 1629 2071 1670 succes-

2162 434 2258 487 καὶ
2286 434 2536 496 θάνατον,
2566 435 2661 487 καὶ
2690 433 2788 497 τὰς
2818 434 2923 504 πρὸ
2946 432 3039 487 τοῦ
3070 430 3304 486 θανάτου
3335 433 3592 496 κολάσεις
3616 450 3781 505 προ-

2163 526 2349 596 θύμως
2377 527 2594 592 ἐδέξατο
2623 525 2709 589 ἂν,
2749 525 2825 588 ὡς
2852 525 3061 595 κέρδος,
3094 525 3155 578 οὐ
3196 525 3460 580 κίνδυνον.
3503 525 3674 596 Δηλοῖ
3702 525 3777 577 δὲ

2163 613 2243 682 οἷς
2288 636 2349 671 τε
2394 619 2494 689 ἤδη
2528 618 2850 687 πεποίηκεν,
2882 614 2964 680 οἷς
3005 635 3065 670 τε
3107 618 3411 671 πέπονθεν·
3443 619 3502 681 ὃς
3538 634 3607 685 γε
3656 618 3781 670 καὶ

2165 709 2376 781 ἐξορίαν
2429 711 2568 781 ὑπὲρ
2596 709 2693 779 τῆς
2744 708 3000 778 ἀληθείας
3054 708 3433 779 κατακριθεὶς,
3498 706 3783 762 τοσοῦτον

2165 801 2655 871 ἐπραγματεύσατο
2689 800 2869 870 μόνον,
2896 801 3017 852 ὅσον
3050 800 3131 852 ἐν).
3160 800 3269 852 τῶν
3300 799 3611 853 ἀκολούθων.¹
3642 797 3780 869 (55)

2166 893 2357 954 εἰπεῖν,
2389 890 2649 961 ἀραμένῳ
2674 890 2734 943 τὸ
2761 888 2983 941 πυκτίον
3019 886 3129 958 (56)
3160 886 3491 941 ἀκολουθεῖν.
3529 886 3784 941 Οἰκονο-

2170 987 2289 1054 μεῖν
2322 982 2380 1036 δὲ
2413 982 2538 1045 τοὺς
2564 981 2758 1048 λόγους
2796 982 2854 1033 ἐν
2899 979 3100 1051 κρίσει,
3136 979 3245 1032 τῶν
3283 979 3600 1047 ἀναγκαίων
3643 977 3781 1047 (57)

2167 1073 2404 1144 ἐνόμιζε,
2432 1073 2511 1143 τῷ
2539 1072 2669 1142 θείῳ
2695 1070 2863 1125 Δαϐὶδ
2890 1070 3018 1141 περὶ
3046 1069 3235 1122 τούτου
3278 1068 3572 1140 συμϐούλῳ
3607 1068 3781 1139 χρώ-

2171 1184 2350 1239 μενος,
2381 1167 2475 1221 καὶ
2509 1165 2703 1236 μικρὸν
2729 1166 2853 1218 ὅσον
2882 1164 2971 1217 τὸν
3000 1163 3094 1217 τοῦ
3134 1163 3370 1234 πολέμου
3406 1162 3605 1234 καιρὸν
3637 1161 3783 1214 δια-

2168 1261 2376 1333 φέρειν,
2403 1258 2495 1311 καὶ⁸
2530 1258 2629 1328 τὴν
2653 1258 2760 1311 τῶν
2794 1255 3084 1327 αἱρετικῶν
3107 1256 3445 1318 δυναστείαν,
3470 1256 3580 1318 ἕως
3607 1255 3637 1306 ὁ
3658 1254 3785 1324 τῆς

2169 1350 2483 1422 ἐλευθερίας
2520 1349 2616 1402 καὶ
2662 1350 2760 1419 τῆς
2813 1348 3030 1420 αἰθρίας
3081 1346 3189 1419 (58)
3238 1347 3487 1401 ἐπιλάϐοι
3536 1347 3780 1419 καιρὸς,

2168 1441 2264 1495 καὶ
2301 1440 2377 1510 δῷ
2402 1442 2469 1511 τῇ
2500 1438 2719 1509 γλώσσῃ
2751 1439 2850 1508 τὴν
2887 1437 3220 1509 παρρησίαν.
3254 1439 3316 1490 Ui
3354 1437 3452 1507 μὲν
3480 1437 3594 1508 γὰρ
3642 1436 3781 1507 (59)

2170 1532 2393 1604 ἐζήτουν
2434 1530 2695 1584 λαϐέσθαι
2728 1529 2947 1599 γυμνῆς
2987 1530 3085 1599 τῆς
3133 1529 3260 1601 περὶ
3289 1529 3386 1582 τοῦ
3435 1527 3783 1598 Πνεύματος

2172 1622 2374 1692 φωνῆς,
2398 1620 2474 1683 ὡς
2503 1619 2590 1690 εἴη
2620 1619 2752 1682 Θεὸς
2775 1622 2791 1688 (
2806 1620 2943 1690 ὅπερ
2964 1617 3022 1672 ὃν
3052 1618 3271 1689 ἀληθὲς,
3300 1619 3495 1682 ἀσεϐὲς
3520 1618 3781 1682 ἐκείνοις

498 1712 680 1776 sisset,
719 1710 1019 1780 linguaeque
1050 1708 1357 1763 libertatem
1383 1723 1447 1763 ac
1478 1708 1751 1763 licentiam
1786 1705 2068 1761 attulisset.

2187 1711 2605 1782 ὅτι-ἐλαμϐάνετο,
2633 1711 2728 1764 καὶ
2753 1709 2830 1780 τῷ
2852 1711 3008 1782 κακῷ
3032 1711 3310 1782 προστάτῃ
3330 1710 3429 1779 τῆς
3453 1710 3777 1780 ἀσεϐείας)·

496 1803 577 1860 llli
616 1803 757 1857 enim
801 1804 995 1856 nudam
1024 1810 1077 1855 et
1113 1810 1352 1869 apertam
1383 1814 1570 1854 vocem
1595 1800 1660 1855 de
1702 1798 1902 1868 Spiritu
1944 1813 2071 1852 san-

500 1906 610 1962 cto,
651 1895 792 1964 quod
839 1894 980 1949 Deus
1027 1902 1192 1958 esset,
1244 1893 1485 1963 arripere
1541 1891 1829 1947 studebant
1903 1888 2070 1962 (quod

500 1983 737 2053 quidem,
776 1983 987 2036 tametsi
1018 1996 1202 2037 verum
1247 1991 1388 2046 erat,
1441 1982 1663 2051 impium
1717 1989 1892 2034 tamen
1945 1979 2071 2042 illis,

500 2083 663 2144 atque
696 2073 938 2143 improbo
989 2072 1282 2141 impietatis
1327 2072 1553 2126 antistiti
1610 2066 1947 2140 videbatur);
2015 2076 2074 2122 ut

500 2181 626 2222 eum
675 2165 889 2235 quidem
925 2178 1047 2218 cum
1096 2162 1395 2233 theologica
1438 2163 1616 2232 lingua
1660 2161 1881 2217 civitate
1909 2160 2074 2230 pelle-

501 2267 645 2322 rent,
695 2258 796 2328 ipsi
848 2266 1023 2311 autem
1075 2255 1374 2310 Ecclesiam
1438 2262 1799 2321 occuparent,
1846 2266 2074 2320 eamque

501 2348 724 2406 sceleris
763 2347 845 2402 sui
899 2345 1354 2417 propugnaculum
1398 2344 1690 2410 efﬁcerent,
1731 2352 1895 2409 atque
1950 2341 2074 2395 hinc

503 2440 716 2505 deinde,
743 2438 885 2492 velut
933 2452 995 2492 ex
1035 2451 1160 2492 arce
1190 2437 1444 2505 quadam,
1473 2435 1523 2489 id
1559 2448 1741 2495 omne,
1775 2433 1916 2501 quod
1944 2431 2072 2485 reli-

502 2547 665 2602 quum
711 2540 849 2593 erat,
899 2527 1300 2598 popularentur.
1334 2526 1402 2579 At
1440 2525 1545 2587 ille,
1575 2524 1627 2578 in
1680 2523 1801 2577 aliis
1856 2522 2072 2590 quidem

500 2624 724 2679 vocibus
751 2637 781 2676 e
823 2620 1097 2689 Scriptura
1132 2618 1333 2688 petitis,
1367 2616 1801 2683 teStimoniisqne
1853 2613 2075 2665 minime

504 2716 702 2779 dubiis,
728 2713 969 2768 eamdem
1011 2710 1118 2763 vim
1151 2707 1495 2770 habentibus,
1531 2704 1957 2772 necessariisque
1985 2717 2074 2755 ar-

504 2805 793 2880 gumentis,
840 2802 1180 2858 adversarios
1240 2801 1312 2854 ita
1360 2799 1766 2867 comprimebat,
1812 2807 1871 2851 ut
1930 2795 2075 2850 nullo

503 2900 665 2956 modo
710 2908 1007 2965 repugnare
1045 2907 1109 2946 ac
1139 2899 1326 2946 contra
1370 2890 1469 2944 niti
1520 2897 1761 2958 possent,
1808 2886 1924 2950 sed,
1957 2901 2077 2956 quae

505 2990 740 3047 maxima
782 2985 1047 3042 sermonis
1073 2984 1248 3036 virtus
1287 2991 1341 3036 et
1390 2981 1674 3051 prudentia
1705 2988 1807 3044 est,
1842 2978 2074 3048 propriis

500 3083 730 3139 .vocibus
758 3078 1276 3146 constringerentur.
1301 3074 1359 3127 ιι]
1378 3082 1557 3126 autem
1579 3070 1864 3140 perspicue
1893 3080 2075 3125 osten-

501 3176 598 3230 det
631 3172 678 3228 is
713 3171 865 3235 liber,
897 3183 1056 3234 quem
1112 3167 1213 3220 hoc
1270 3173 1589 3233 argumento
1636 3163 1824 3227 edidit,
1869 3162 1919 3214 in
1970 3176 2076 3230 quo

496 3264 770 3320 .calamum
808 3259 961 3329 quasi
1003 3271 1072 3312 ex
1120 3254 1354 3324 Spiritus
1384 3253 1578 3323 pyxide
1628 3260 1835 3317 movet;
1864 3251 2079 3304 interim

495 3350 994 3421 .tamenpropriam
1019 3361 1201 3400 vocem
1238 3358 1498 3413 usurpare
1532 3341 1837 3404 diﬂ'erehat,
1873 3350 1980 3395 tum
2013 3341 2080 3394 ab

508 3441 987 3515 ipsmnetSpiritu,
1022 3450 1132 3492 tum
1159 3452 1187 3490 a
1221 3435 1448 3492 sinceris
1472 3434 1639 3502 ipsius
1673 3431 2082 3503 pr0pugnatori-

508 3539 612 3591 bus
641 3534 769 3588 illud
803 3533 854 3586 in
880 3531 1065 3602 gratiae
1097 3529 1218 3583 loco
1246 3538 1456 3597 petens,
1486 3540 1553 3579 ne
1596 3525 1696 3578 hoc
1728 3538 1827 3578 suo
1855 3521 2082 3578 consilio

509 3627 943 3688 oﬁ‘enderentur;
978 3636 1075 3677 nec
1125 3620 1529 3676 committerent
1575 3625 1677 3681 ut,
1733 3616 1860 3669 dum
1916 3629 2078 3667 unam

510 3720 756 3775 voculam
823 3716 1095 3771 mordicus
1152 3713 1389 3768 retinere
1460 3716 1810 3774 conarentur,
1862 3716 2084 3777 propter

510 3809 888 3881 inexplebilem
923 3807 1270 3877 cupiditatem
1316 3804 1498 3858 omnia
1553 3802 1862 3871 perderent,
1895 3800 2082 3852 turbu-

508 3904 658 3958 lento
710 3900 963 3954 nimirum
1019 3907 1259 3967 tempore
1298 3895 1554 3950 convulsa
1597 3908 1659 3947 ac
1692 3891 1948 3945 distracta
1978 3891 2085 3959 pie-

512 4005 643 4051 tate.
696 3994 845 4063 Ipsos
900 3991 1040 4045 enim
1090 3987 1224 4043 nihil
1275 4002 1340 4041 ex
1374 4002 1440 4042 eo
1469 3983 1793 4040 incommodi
1824 3998 1888 4037 ac
1919 3982 2085 4036 detri-

512 4088 679 4144 menti
732 4095 1074 4153 accepturos,
1107 4081 1151 4135 si
1187 4077 1443 4134 vocabula
1499 4074 1776 4146 paululum
1832 4074 2085 4127 immuta—

2176 1801 2262 1854 ἵνα
2292 1802 2383 1855 τὸν
2415 1802 2513 1871 μὲν
2542 1801 2640 1870 τῆς
2683 1801 2893 1862 πόλεως
2925 1801 3064 1871 μετά
3094 1801 3193 1872 τῆς
3222 1800 3470 1869 θεολόγου
3501 1798 3782 1868 γλώσσης

2174 1891 2589 1962 ὑπερορίσωσιν,
2621 1890 2775 1943 αὐτοὶ⁸
2796 1891 2852 1943 δὲ
2882 1891 3244 1961 κατασχόντες
3270 1893 3368 1963 τὴν
3405 1889 3778 1960 Ἐκκλησίαν,

2173 1984 2268 2037 καὶ
2311 1985 2410 2054 τῆς
2462 1981 2671 2035 ἑαυτῶν
2730 1982 2928 2046 κακίας
2976 1984 3314 2054 ὁρμητήριον
3371 1984 3777 2054 ποιησάμενοι,

2173 2074 2421 2127 ἐντεῦθεν
2462 2074 2523 2127 τὸ
2557 2074 2877 2144 λειπόμενον
2910 2073 3074 2138 ἅπαν,
3122 2075 3198 2137 ὡς
3223 2074 3287 2128 ἐκ
3327 2093 3471 2139 τινος
3516 2076 3779 2145 ἀκροπό-

2173 2165 2328 2229 λεως,
2373 2166 2814 2237 καταδράμωσιν.
2874 2165 2932 2217 ὐ
2960 2165 3052 2230 δὲ,
3098 2167 3154 2219 ἐν
3185 2166 3370 2229 ἄλλαις
3406 2166 3504 2236 μὲν
3548 2169 3776 2235 φωναῖς

2174 2259 2504 2328 γραφικαῖς,
2557 2257 2652 2308 καὶ
2709 2256 3038 2327 μαρτυρίαις
3084 2257 3505 2327 ἀναμφιλέκτοις
3556 2259 3775 2311 ταυτὸν

2172 2350 2518 2420 δυναμέναις,
2547 2352 2641 2404 καὶ
2672 2354 2793 2414 ταῖς
2821 2353 2885 2404 ἐκ
2916 2350 3026 2404 τῶν
3074 2352 3184 2423 (60)
3218 2353 3593 2424 συλλογισμῶν
3624 2355 3774 2409 ἀνά-

2173 2446 2364 2511 γκαις,’
2393 2441 2567 2505 οὕτως
2596 2438 2734 2513 ἦρχε
2767 2444 2894 2506 τοὺς
2941 2443 3321 2511 ἀντιλέγοντας
3340 2485 3356 2506 ,
3384 2444 3525 2498 ὥστε
3560 2445 3640 2515 μὴ
3677 2449 3774 2499 ἀν⁹

2174 2531 2432 2585 τιϐαίνειν
2457 2532 2566 2601 (6|)
2598 2532 2765 2603 ἔχειν,
2793 2532 2906 2586 ἀλλ’
2930 2532 3156 2596 οἰκείαις
3190 2534 3491 2587 συνδεῖσθαι
3526 2538 3767 2603 φωναῖς,

2174 2624 2319 2696 ἥπερ
2340 2623 2402 2695 δὴ
2424 2625 2520 2677 καὶ
2555 2625 2783 2695 μεγίστη
2810 2625 2967 2694 λόγου
3000 2626 3227 2696 δύναμις
3258 2628 3354 2679 καὶ
3385 2627 3620 2690 σύνεσις.
3657 2632 3771 2699 Δη-

2175 2715 2337 2768 λώσει
2373 2715 2431 2768 δὲ
2474 2717 2568 2768 καὶ
2596 2718 2624 2768 ό
2665 2716 2856 2784 λόγος,
2905 2717 2963 2770 ὃν
3007 2718 3136 2789 περὶ
3183 2718 3376 2771 τούτου
3424 2719 3764 2790 συνέγραψε,

2176 2807 2338 2861 κινῶν
2371 2805 2467 2878 τὴν
2505 2807 2764 2877 γραφίδα,
2799 2807 2875 2870 ὡς
2918 2810 2981 2861 ἐκ
3026 2809 3243 2875 πυξίδος
3273 2809 3366 2862 τοῦ
3407 2809 3764 2880 Πνεύματος’

2142 2898 2271 2971 -τὴν
2311 2898 2367 2951 δέ
2404 2899 2599 2969 κυρίαν
2644 2900 2827 2969 φωνὴν
2863 2899 3000 2963 τέως
3040 2899 3390 2972 ὑπερετίθετο
3430 2901 3570 2971 (62),
3607 2902 3772 2972 παρά

2181 3008 2239 3043 τε
2286 2989 2379 3043 τοῦ
2421 2990 2737 3060 Πνεύματος
2784 2990 2984 3053 αὑτοῦ,
3018 2992 3111 3044 καὶ
3145 2991 3251 3044 τῶν
3295 2992 3534 3062 γνησίων
3565 2993 3770 3046 τούτου

2184 3082 2596 3151 συναγωκθιστῶν
2628 3085 2785 3154 χάριν
2820 3084 3005 3146 αἰτῶν,
3038 3087 3103 3154 τῇ
3144 3084 3424 3156 οἰκονομίᾳ
3459 3085 3533 3155 μὴ
3571 3085 3774 3155 δυσχε-

2177 3175 2379 3247 ραίνειν
2405 3175 2515 3243 (65)
2542 3192 2555 3205 ο
2588 3175 2720 3245 μηδὲ
2750 3177 2877 3246 μιᾶς
2904 3177 3298 3247 ἀντεχομένους
3320 3177 3527 3246 φωνῆς.
3556 3177 3618 3231 τὸ
3657 3181 3772 3232 πᾶν

2175 3263 2435 3319 ἀπολέσαι
2464 3264 2528 3316 δι’
2554 3264 2879 3336 ἀπληστίαν,
2904 3266 2982 3337 τῷ
3010 3267 3188 3338 καιρῷ
3219 3269 3632 3340 παρασυρείσης
3663 3270 3774 3340 τῆς

2175 3356 2480 3421 εὐσεϐείας.
2527 3360 2722 3420 Αὐτοῖς
2762 3359 2861 3428 μὲν
2910 3358 3020 3430 γὰρ
3059 3360 3314 3430 οὐδεμίαν
3353 3355 3493 3414 εἶναι
3533 3361 3770 3432 ζημίαν,

2179 3443 2671 3514 ὑπαλλαττομένων
2707 3448 2900 3518 μικρὸν
2932 3448 3039 3501 τῶν
3068 3448 3287 3511 λέξεων,
3314 3450 3408 3501 καὶ
3435 3453 3641 3517 φωναῖς
3677 3451 3776 3504 ἄλ-

2177 3534 2298 3597 λαις
2328 3534 2389 3586 τὸ
2429 3534 2541 3587 ἴσον
2575 3534 2981 3606 διδασκομένοις
3013 3536 3156 3606 (64)’
3188 3537 3309 3590 οὐδὲ
3340 3537 3449 3609 γὰρ
3483 3541 3540 3591 ἐν
3585 3542 3777 3610 ῥήμα-

2186 3643 2271 3678 σιν
2309 3628 2440 3696 ἡμῖν
2486 3615 2753 3696 εἶναιτὴν
2799 3629 3074 3700 σωτηρίαν
3112 3628 3312 3699 μᾶλλον
3349 3630 3383 3701 ἢ
3430 3631 3729 3701 πράγμασι
3757 3651 3770 3663 ·

2190 3715 2323 3786 μηδὲ
2359 3715 2466 3786 γὰρ
2510 3716 2572 3768 τὸ
2622 3717 2889 3770 Ἰουδαίων
2938 3718 3090 3781 ἔθνος
3121 3719 3414 3772 ἀπολαϐεῖν
3445 3721 3532 3781 ἂν,
3574 3724 3625 3774 εἰ
3672 3725 3776 3795 τὴν

2185 3807 2279 3860 τοῦ
2308 3808 2419 3878 (65)
2446 3809 2778 3879 ἡλειμμένου
2809 3811 3015 3880 φωνὴν,
3046 3812 3169 3864 ἀντὶ
3202 3812 3303 3882 τῆς
3340 3814 3600 3883 Χριστοῦ,
3632 3818 3777 3886 πρὸς

2184 3895 2362 3964 ὀλίγον
2380 3897 2786 3968 ἐπιζητοῦντες,
2808 3899 2991 3968 ἠξίουν
3011 3899 3127 3969 μεθ’
3144 3900 3302 3971 ἡμῶν
3319 3902 3608 3955 τάττεσθαι
3632 3903 3774 3974 (66)°

2185 3985 2264 4056 τῷ
2287 3987 2343 4039 δέ
2370 3986 2533 4058 κοινῷ
2567 3989 2830 4060 μεγίστην
2860 3989 2926 4043 ἂν
2958 3989 3161 4061 βλάϐην
3191 3992 3464 4060 γενέσθαι,
3502 3995 3606 4064 τῆς
3647 3995 3775 4048 Ἐκ·-

2188 4075 2417 4147 κλησίας
2450 4079 2896 4151 κατασχεθείσης.

509 4191 719 4243 rentur,
766 4178 924 4232 modo
974 4174 1094 4229 aliis
1131 4171 1309 4225 verbis
1376 4173 1560 4224 eadem
1629 4167 1981 4230 docerentur;
2055 4179 2228 4235 neque
2274 4170 2415 4222 enim
2450 4170 2677 4225 salutem
2728 4185 2970 4228 nostram
3046 4174 3100 4227 in
3158 4175 3340 4229 verbis
3374 4177 3575 4246 potius,
3604 4194 3771 4246 quam

512 4272 567 4326 in
600 4270 757 4324 rebus
804 4266 1135 4330 consistere;
1170 4263 1366 4332 quippe
1399 4274 1521 4315 cum
1553 4274 1620 4312 ne
1651 4259 1817 4312 Judaei
1884 4258 2100 4327 quidem
2140 4258 2416 4326 rejiciendi
2486 4264 2617 4328 sint,
2658 4265 2702 4319 si
2741 4264 2807 4319 ad
2858 4265 3073 4335 aliquod
3137 4276 3346 4336 tempus
3401 4284 3499 4336 ι)ιο
3560 4267 3771 4324 Christi

509 4380 669 4433 voce,
689 4378 873 4418 vocem
905 4358 1060 4415 Uncti
1102 4358 1204 4413 sibi
1246 4355 1467 4411 concedi
1509 4352 1861 4422 postulantes,
1927 4351 1981 4406 in
2049 4360 2293 4407 nostrum
2374 4372 2655 4412 numerum
2704 4369 2868 4426 atque
2914 4361 3158 4415 ordinem
3205 4363 3401 4418 ascribi
3469 4364 3687 4432 velint;
3720 4378 3778 4420 at

511 4460 817 4531 reipublicae
849 4472 953 4513 non
1002 4468 1160 4526 posse
1185 4451 1443 4522 majorem
1472 4448 1765 4521 perniciem
1800 4462 1865 4503 ac
1893 4456 2100 4518 pestem
2131 4447 2335 4519 afferri,
2398 4468 2559 4523 quam
2602 4455 2647 4509 si
2684 4453 2919 4509 Ecclesia
2966 4457 3033 4509 ab
3068 4456 3340 4513 haereticis
3386 4471 3772 4530 occuparetur.

586 4601 632 4632 ³⁸
656 4600 797 4656 Psal.
824 4615 932 4667 cat,
961 4600 1015 4655 5.

588 4716 699 4788 (55)
773 4713 1212 4784 Ἔπεπήδησεν.
1276 4708 1415 4775 Jes.,
1475 4708 1843 4781 ἐπεδήμησεν.
1908 4708 2086 4776 Pass.,
2120 4721 2165 4778 ι)

513 4786 889 4857 ἐπεχείρησεν.

587 4847 962 4926 (ὅθ’ᾦυγήν,
1020 4853 1109 4907 Sic
1160 4860 1268 4926 tres
1310 4848 1500 4919 Regg.,
1548 4848 1717 4904 Coisl.
1766 4849 1819 4915 l,
1862 4847 2083 4921 Chrys,

512 4924 650 4985 les},
678 4924 785 4978 etc.
817 4926 870 4976 In
897 4924 1005 4984 ed.,
1048 4924 1260 4991 φυγεῖν.

585 4996 700 5068 (55)
741 4994 1130 5068 ΪΑκολμούθων.
1157 4992 1249 5046 0r.
1280 4989 1335 5055 2,
1353 4987 1821 5068 ἀκολουθούντων.

587 5058 710 5136 (56)-
737 5064 1015 5119 Πυκτίον.
1058 5064 1225 5131 ltegg.
1265 5076 1317 5124 a,
1351 5062 1465 5123 but,
1494 5061 1564 5129 ph
1595 5069 1649 5112 et
1680 5066 1884 5127 septem
1908 5058 2089 5124 Colb.,

516 5134 851 5285 πῗῖἔῦίοῖὧν
872 5200 1231 5271 ἀναγκαίων.
1261 5198 1318 5253 ιη
1345 5197 1691 5269 quibusdam,
1714 5195 1823 5249 τῶν
1842 5195 2086 5262 δικαίων,

521 5295 539 5328 ⁸
561 5287 866 5415 ,ἱξὲῖιῖξοίί
894 5339 1005 5408 τῆς
1057 5338 1315 5415 αἰθρίας..-
1340 5355 1386 5415 __t
1409 5339 1472 5392 Et
1516 5337 1842 5415 serenitatis.
1865 5335 2084 5415 :__lla3c,

516 5407 635 5483 qua:
659 5407 709 5466 in
743 5412 901 5483 editis
931 5407 1171 5483 deerant,
1197 5407 1593 5483 addidimus“
1626 5407 1864 5477 quinque
1892 5407 2085 5477 llcgg.,

517 5476 700 5538 decem
731 5482 906 5545 Colb.,
938 5479 1100 5533 Coisl.
1132 5480 1187 5543 2,
1214 5477 1307 5532 0r.
1340 5479 1377 5530 2
1403 5487 1457 5531 et
1486 5476 1637 5530 Pass.

586 5547 1168 5623 (59)011t_errgip.-_Sic
1195 5547 1289 5623 9r.
1316 5547 1358 5623 ἓ
1370 5556 1429 5623 et
1451 5547 1575 5599 Par.
1606 5546 1766 5623 Deest
1794 5545 1902 5623 γάρ
1924 5546 2085 5623 in‘ed.

588 5615 700 5693 (60)
734 5615 842 5677 Καὶ
882 5615 1006 5686 ταῖς
1054 5619 1123 5674 ἐκ
1156 5618 1292 5674 τῶν.
1326 5617 1418 5673 Sic
1459 5626 1567 5672 tres
1615 5615 1807 5686 Regg.,
1840 5615 1934 5672 0r.
1972 5616 2008 5671 ‘2
2037 5625 2092 5672 et

2192 4707 2347 4763 Pass.
2375 4706 2537 4761 Deest
2563 4706 2628 4759 ἐκ
2666 4705 2719 4759 ἰη
2760 4706 2896 4761 edit.
3402 4750 3405 4765 ρ

2262 4777 2959 4846 (61)Ἀντιϐαίνειν.οι·.2,
2975 4776 3736 4846 ἀντιλέγειν,ιοοηινιιάἰοθτε.
3750 4802 3769 4834 ι
3858 4830 3861 4831 ν

2260 4847 2369 4921 (62)
2399 4847 2823 4921 ’Υέτερετίθετα
2849 4847 3148 4921 DuoBegg.
3168 4859 3222 4901 et
3244 4848 3418 4921 Pass.,
3447 4850 3770 4921 ὑπερέθετο.

2258 4915 2371 4987 (65)
2405 4915 2482 4984 Τῇ
2516 4917 2824 4986 οἰκονομίᾳ
2842 4916 2929 4986 μὴ
2964 4915 3406 4986 δυσχεραίνειν.
3446 4937 3465 4968 ι
3493 4915 3572 4974 Ne
3607 4924 3776 4978 indul-

2189 4988 2392 5056 gentia,
2419 5004 2437 5036 ›
2463 4987 2542 5038 vel
2572 5004 2591 5036 ‹
2621 4996 3073 5055 temperamento,
3118 4989 3538 5042 otl‘ondercntur.
3572 5008 3591 5040 ι
3620 4990 3775 5056 Quod

2190 5058 2398 5111 scilicet
2449 5059 2719 5123 expressis
2773 5057 2956 5111 verbis
2997 5058 3262 5126 Spiritum
3311 5069 3559 5112 sanctum
3605 5062 3773 5116 Deum

2191 5141 2298 5180 non
2355 5126 2593 5191 diceret;
2641 5127 2885 5194 quamvis
2932 5126 3053 5180 aliis
3102 5128 3342 5189 vocibus,
3377 5129 3622 5182 eamdem
3666 5132 3774 5186 vim

2194 5196 2541 5269 habentibus,
2577 5195 2693 5263 ejus
2729 5195 3064 5269 divinitatem
3103 5198 3443 5269 praedicaret.
3478 5198 3610 5264 Quae
3646 5203 3773 5269 qni-

2197 5266 2317 5341 dem
2349 5264 2531 5341 Basilii
2575 5265 2954 5341 agendi_r_atio
3005 5268 3074 5321 ab
3105 5264 3249 5321 aliis
3296 5267 3534 5335 culpata,
3577 5264 3775 5341 Magno

2195 5334 2492 5389 Athanasio
2523 5333 2743 5401 probata
2776 5333 2895 5388 fuit.

2267 5404 3073 5479 (64)_416aqxogér0tc.__Coisl.
3108 5406 3162 5474 1,
3189 5404 3248 5459 τὸ
3281 5404 3393 5459 ἴσον
3417 5405 3771 5479 δυναμέναις,

2200 5493 2220 5526 ι
2250 5475 2493 5530 eamdem
2527 5478 2633 5527 vim
2674 5474 3011 5529 habentibus.
3041 5494 3062 5527 ι

2267 5543 2378 5616 (65)
2411 5543 2531 5616 Τὴν
2554 5543 2682 5597 τοῦ.
2724 5544 2815 5616 Sic
2848 5544 3029 5614 plures
3070 5544 3235 5616 Begg.
3270 5544 3430 5600 Deest
3470 5546 3566 5601 τοῦ
3597 5550 3651 5606 in
3680 5550 3767 5606 ed.

2268 5612 2381 5687 (66)
2417 5612 2753 5670 Τάττεσθαι.
2788 5612 2861 5670 ιη’
2883 5612 3177 5684 nonnullis;
3196 5612 3481 5688 τετάχθαι.
