3898 6222
194 206 306 269 589

1061 205 1323 260 URA'l‘lU
1361 203 1551 259 XLIII.
1590 233 1661 244 —
1698 201 1766 258 IN
1807 202 2092 260 LAUDEM
2131 204 2378 261 BASILII
2418 201 2656 260 MAGNI.

3370 202 3479 260 S90

265 324 391 378 ΞΘ.
432 321 586 376 Ἐπεὶ
617 321 700 375 ὃτι
737 336 801 389 γε
843 318 1044 382 παντὸς
1077 318 1280 389 μᾶλλον
1317 318 1435 390 ᾔδει
1468 319 1528 372 τὸ
1560 315 1789 389 Πνεῦμα
1818 353 1830 381 Α

1963 318 2151 375 LXIX.
2189 318 2324 374 Nam
2356 322 2499 390 quod
2530 317 2732 389 alioqui
2756 316 2947 372 melius
2974 331 3136 387 quam
3157 317 3337 389 quivis
3362 319 3479 383 alii,

188 414 363 482 Θεὸν,
397 414 557 486 δῆλον
590 414 689 484 μὲν
726 411 785 478 ἐξ
815 404 891 466 ὧν
919 412 1015 465 καὶ
1062 410 1303 482 δημοσίᾳ
1335 409 1497 464 τοῦτο
1529 410 1795 474 πολλάκις

1901 408 2165 481 Spiritum
2218 422 2471 467 sanctum
2526 411 2696 468 Deum
2756 418 3097 481 agnosceret,
3136 425 3258 465 cum
3296 427 3361 467 ex
3413 428 3480 465 eo

192 506 501 578 ἐκήρυξεν,
530 506 585 559 et
618 520 749 557 ποτε
784 502 976 574 καιρὸς
1005 497 1095 573 ἦν,
1128 502 1224 556 καὶ
1261 500 1369 573 ἰδίᾳ
1402 504 1516 564 τοῖς
1543 499 1798 573 ἐρωτῶσι

1911 506 2187 575 perspicue
2225 514 2463 571 constat,
2497 508 2642 576 quod
2670 516 2724 558 et
2766 504 2871 559 hoc
2899 518 3042 574 saepe
3072 503 3271 574 palam,
3301 507 3481 576 quoad

194 598 500 672 προθύμως
546 594 938 666 ἁνωμολόγησε
960 610 976 625 ο
1020 592 1356 663 σαφέστερον
1396 591 1453 644 δὲ
1500 591 1799 660 πεποίηκεν

195 690 260 743 ἐν
296 691 413 752 τοῖς
442 686 581 756 πρὸς
627 687 727 757 ἐμὲ
761 685 964 753 λόγοις,
1009 683 1147 755 πρὸς
1185 683 1244 736 ὃν
1292 682 1445 735 οὐδὲν
1485 682 1798 754 άπόρῤητον

195 777 268 853 ἦν
296 780 449 851 αὐτῷ
481 780 609 849 περὶ
644 778 849 833 τούτων
889 775 1358 846 κοινολογουμένῳ
1380 788 1396 805 ο
1433 773 1568 844 μηδὲ
1614 771 1803 835 ἁπλῶς

196 873 362 927 τοῦτο
386 871 831 943 ἀποφηνάμενος,
858 868 973 922 ἀλλ’
998 868 1027 921 ὃ
1053 867 1283 939 μηδέπω
1309 866 1576 938 πρότερον
1604 863 1803 918 πολλά-

199 981 294 1029 κις
324 965 647 1033 πεποίηκεν,
673 959 1096 1032 ἐπαρασάμενος
1125 958 1305 1029 ἐαυτῷ
1332 958 1393 1011 τὸ
1423 957 1801 1027 φρικωδέστα-

198 1074 319 1119 τον,
347 1054 517 1111 αὐτοῦ
550 1055 645 1109 τοῦ
678 1054 1000 1124 Πνεύματος
1039 1053 1294 1105 ἐκπεσεῖν
1318 1091 1331 1111 ,
1372 1052 1421 1102 εί
1461 1048 1536 1121 μὴ
1566 1048 1713 1102 σέϐοι
1740 1050 1803 1101 τὸ

202 1150 435 1220 Πνεῦμα
479 1147 620 1220 μετὰ
651 1146 866 1218 Πατρὸς
908 1144 1004 1198 καὶ
1052 1141 1184 1197 Υἱοῦ
1219 1142 1370 1214 (67),
1403 1143 1481 1204 ὡς
1519 1139 1803 1211 όμοούσιον

203 1244 302 1297 καὶ
325 1242 609 1312 ὁμότιμον.
638 1240 702 1292 El
731 1237 789 1291 δέ
828 1235 896 1308 μέ
917 1254 1003 1300 τις
1036 1234 1250 1303 δέξαιτο
1300 1233 1559 1288 κοινωνὸν
1592 1233 1803 1287 ἐκείνου

203 1334 313 1388 κάν
338 1336 451 1396 τοῖς
479 1330 763 1395 τοιούτοις,
795 1326 1143 1399 ἐξαγορεύσω
1170 1344 1222 1380 τι
1256 1325 1352 1379 καὶ
1384 1324 1494 1378 τῶν
1525 1326 1638 1387 τοῖς
1677 1323 1805 1377 πολ-

203 1424 321 1488 ὶοῖς
351 1425 493 1487 τέως
536 1422 649 1495 (68)
681 1420 1096 1491 ἀγνοουμένωνο
1137 1421 1218 1473 ὅτι
1254 1417 1350 1472 τοῦ
1391 1417 1587 1490 καιροῦ
1621 1436 1805 1473 στενο-

203 1514 516 1589 χωροῦντος
547 1514 717 1586 ἡμᾶς,
752 1511 931 1583 ἐαυτῷ
961 1512 1059 1582 μὲν
1085 1510 1184 1582 τὴν
1226 1510 1540 1582 οἰκονομίαν
1574 1509 1806 1581 ἐπέτρε-

203 1609 310 1678 ψεν
346 1607 478 1678 (69),
506 1609 640 1678 ἡμῖν
669 1604 726 1658 δὲ
755 1604 855 1675 τὴν
887 1600 1200 1674 παρρησίαν
1223 1645 1237 1664 ,
1271 1600 1366 1666 οὓς
1399 1601 1575 1665 οὐδεὶς
1609 1599 1803 1671 ἐμελλε

1901 609 1999 664 per
2030 604 2242 664 tempus
2275 595 2495 660 licebat,
2552 596 2887 666 prazdicavit,
2932 604 2988 649 et
3037 596 3290 664 privatim
3342 595 3482 664 apud

1901 700 2014 748 eos,
2045 700 2074 738 a
2102 686 2303 754 quibus
2331 686 2800 757 interrogabatur,
2835 685 2977 740 haud
3014 694 3339 740 cunctanter
3361 700 3486 740 con-

1902 775 2078 831 fessus
2101 788 2216 844 est;
2250 788 2361 833 tum
2386 794 2515 834 vero
2544 781 2595 833 in
2618 779 2732 834 suis
2758 779 2823 832 ad
2845 795 2931 834 me
2965 778 3306 834 sermonibus
3333 790 3488 846 aper-

1906 868 2010 924 tius
2059 868 2113 923 id
2165 868 2557 923 demonstravit
2585 868 2789 940 (neque
2843 869 2985 923 enim
3043 867 3335 937 quidquam
3383 880 3486 919 un-

1903 974 2088 1030 quam,
2121 975 2244 1014 cum
2270 961 2336 1014 de
2361 960 2448 1016 his
2480 959 2641 1015 rebus
2672 975 2883 1016 mecum
2913 959 3338 1029 colloqueretur,
3372 958 3487 1011 ani-

1906 1067 1994 1105 mo
2032 1062 2230 1107 tectum
2261 1052 2432 1124 824
2458 1052 2839 1119 occultumque
2864 1051 3073 1119 habuit)
3099 1067 3115 1117 ;
3150 1065 3256 1105 non
3279 1047 3487 1119 simpli—

1906 1144 2045 1199 citer
2087 1145 2189 1200 hoc
2233 1144 2529 1210 afﬁrmans,
2566 1145 2684 1211 sed,
2719 1145 2860 1215 quod
2909 1153 3069 1197 antea
3117 1142 3216 1212 ipsi
3262 1154 3486 1211 perraro

1906 1238 2197 1304 acciderat,
2233 1237 2336 1293 sibi
2391 1252 2505 1293 rem
2571 1237 2814 1293 omnium
2868 1235 3104 1290 maxime
3158 1231 3484 1289 horrendam

1906 1329 2257 1399 imprecatus,
2301 1344 2515 1400 nempe,
2555 1338 2614 1383 ut
2661 1330 2728 1384 ab
2782 1330 2897 1399 ipso
2945 1327 3149 1397 Spiritu
3185 1326 3486 1388 excideret,

1908 1423 2010 1478 nisi
2041 1438 2162 1478 cum
2200 1422 2361 1478 Patre
2405 1433 2460 1478 et
2484 1423 2622 1478 Filio
2652 1422 2939 1492 Spiritum,
2962 1429 3021 1475 ut
3048 1419 3486 1474 consubstantia-

1907 1514 2013 1569 lem
2063 1524 2119 1570 et
2174 1515 2381 1571 honore
2425 1530 2635 1586 parem,
2672 1523 3041 1570 veneraretur.
3079 1512 3233 1580 Quod
3279 1511 3323 1565 si
3361 1509 3488 1580 quis

1908 1622 1997 1661 me
2024 1606 2078 1660 in
2106 1609 2268 1661 tantis
2298 1622 2514 1678 quoque
2570 1608 2734 1663 rebus
2768 1607 2914 1660 illius
2950 1605 3154 1660 socium
3183 1601 3487 1664 admiserit,

205 1700 450 1773 κρίνειν,
487 1698 611 1751 οὐδὲ
640 1696 970 1752 ἀποϐάλλειν
1000 1697 1101 1767 τῆς
1127 1693 1408 1765 πατρίδος,
1442 1693 1678 1764 ἀφανείᾳ
1712 1708 1804 1745 τε-

1911 1698 2135 1768 aliquid,
2164 1702 2307 1770 quod
2343 1700 2616 1770 plerisque
2657 1700 2995 1767 incognitum
3028 1706 3153 1751 ante
3184 1696 3303 1757 fuit,
3340 1694 3491 1750 evul-

203 1791 568 1863 τιμημένους,
601 1789 675 1853 ῶς
701 1788 761 1854 ἐξ
797 1788 1124 1860 ἀμφοτέρων
1161 1786 1380 1858 ἰσχυρὸν
1415 1781 1552 1839 εἷναι
1582 1784 1644 1838 τὸ
1680 1784 1803 1839 καθ’

205 1882 360 1953 ἡμᾶς
390 1878 743 1948 Εὐαγγέλιον.
780 1878 892 1931 Καὶ
933 1876 1106 1932 ταῦτα
1147 1874 1397 1946 διῆλθον,
1436 1875 1535 1944 οὐχ
1570 1874 1656 1927 ἵνα
1706 1874 1806 1944 τῆς

208 1973 423 2027 ἐκείνου
447 1970 605 2043 δόξης
628 1968 1208 2042 ὐπεραπολογήσωμαι
1250 1965 1539 2037 (κρείττων
1563 1964 1671 2037 γάρ
1698 1963 1807 2019 τῶν

211 2060 617 2133 ἐγκαλούντων,
648 2059 808 2132 εἴπερ
833 2060 977 2123 τινές
1006 2061 1165 2120 εἰσιν,
1198 2061 1225 2111 ὁ
1253 2055 1436 2128 ἀνὴρ),
1466 2054 1578 2108 ἀλλ’
1614 2055 1701 2109 ἵνα
1735 2054 1807 2125 μὴ

207 2155 405 2211 τοῦτον
444 2156 569 2226 ὅρον
599 2155 701 2226 τῆς
746 2152 1031 2216 εὐσεϐείας
1069 2149 1387 2223 νομίζοντες
1439 2150 1573 2222 (70),
1608 2150 1705 2214 τὰς
1750 2153 1807 2204 ἐν

208 2251 328 2313 τοῖς
351 2247 646 2320 γράμμασι
684 2245 853 2317 μόνας
888 2244 985 2298 τοῦ
1028 2244 1223 2315 ἀνδρὸς
1266 2242 1660 2315 εὐρισκομένας
1696 2260 1809 2312 φω-

211 2340 344 2405 νάς,
376 2337 775 2410 ἀσθενεστέραν
803 2336 903 2408 τὴν
942 2335 1126 2389 πίστιν
1160 2334 1326 2403 ἔχωσι
1346 2374 1364 2400 ,
1394 2333 1491 2386 καὶ
1536 2333 1809 2399 ἀπόδειξιν

209 2431 318 2504 τῆς
364 2430 577 2484 ἑαυτῶν
628 2428 987 2501 κακουργίας,
1022 2427 1121 2498 τὴν
1154 2424 1367 2479 ἐκείνου
1402 2424 1703 2492 θεολογίαν,
1743 2424 1811 2495 ἣν

210 2524 242 2578 ὃ
273 2524 467 2596 καιρὸς
503 2523 678 2578 ἐποίει
714 2520 854 2594 μετὰ
883 2518 978 2573 τοῦ
1013 2518 1361 2590 Πνεύματος·
1405 2515 1542 2570 ἀλλὰ
1582 2515 1675 2569 τὸν
1702 2514 1811 2569 τῶν

211 2615 623 2687 γεγραμμένων
650 2614 774 2668 νοῦν
805 2611 1212 2684 δοκιμάζοντες,
1240 2610 1336 2664 καὶ
1363 2610 1456 2663 τὸν
1488 2608 1689 2662 σκοπὸν
1716 2608 1809 2676 ἀφ’

209 2701 277 2764 οῦ
310 2708 483 2761 ταῦτα
530 2708 841 2780 ἐγράφετο,
907 2706 1109 2777 μᾶλλον
1152 2706 1220 2775 τῇ
1264 2722 1323 2757 τε
1367 2702 1596 2774 ἀληθείᾳ
1646 2718 1815 2773 προσ-

213 2802 484 2870 άγωνται,
504 2801 599 2853 καὶ
617 2801 744 2864 τοὺς
760 2798 1094 2860 ἀσεϐοῦντας
1124 2793 1571 2866 ἐπιστομίζωσιν.
1593 2793 1811 2863 Ἔμοιγ’

213 2889 314 2947 οὖν
345 2891 454 2963 εἴη,
492 2892 588 2946 καὶ
629 2893 778 2955 ὅστις
811 2892 936 2962 ἐμοὶ
967 2891 1157 2959 φίλος,
1206 2889 1241 2959 ἡ
1288 2887 1499 2940 ἐκείνου
1540 2884 1808 2952 θεολογία.

214 2986 333 3039 Καὶ
360 2984 614 3040 τοσοῦτον
645 2984 834 3056 θαρρῶ
860 2986 927 3055 τῇ
962 2984 1092 3055 περὶ
1123 2981 1186 3035 τὸ
1223 2982 1458 3054 πρᾶγμα
1489 2977 1585 3033 τοῦ
1621 2976 1813 3048 ἀνδρὸς

215 3077 577 3150 καθαρότητι,
637 3077 778 3131 ὥστε
833 3077 930 3131 καὶ
989 3074 1148 3129 τοῦτο
1210 3071 1623 3141 κοινοποιοῦμαι
1676 3068 1814 3140 πρὸς

217 3172 394 3226 ἅπασι
416 3186 431 3199 ο
459 3170 700 3241 κάκείνῳ
744 3170 841 3240 μὲν
870 3168 940 3222 τὰ
965 3167 1097 3239 ἐμὰ,
1134 3168 1261 3238 ἐμοὶ
1294 3165 1351 3219 δέ
1380 3163 1449 3217 τὰ
1482 3164 1693 3218 ἐκείνου
1729 3163 1818 3216 λο-

213 3262 430 3333 γίζοιτο
456 3262 609 3334 παρά
630 3277 690 3313 τε
727 3259 847 3331 Θεῴ
878 3260 972 3312 καὶ
1002 3258 1108 3313 τῶν
1136 3256 1439 3329 ἀνθρώπων
1470 3258 1583 3319 τοῖς
1615 3255 1819 3323 εὐγνω-

219 3354 593 3427 μονεστέροις.
631 3353 770 3406 Οὐδὲ
809 3352 917 3423 γὰρ
955 3352 1082 3415 τοὺς
1123 3348 1519 3418 εὐαγγελιστάς
1577 3346 1818 3419 φαίημεν

213 3447 286 3502 ἂν
310 3445 609 3500 ὑπεναντία
641 3445 816 3496 ποιεῖν
840 3441 1112 3511 ἀλληλοις,
1139 3442 1221 3494 ὅτι
1249 3443 1297 3493 οἱ
1332 3440 1432 3510 μὲν
1456 3438 1537 3508 τῷ
1568 3436 1818 3509 σαρκικῷ

215 3537 315 3592 τοῦ
354 3534 595 3607 Χριστοῦ
620 3534 782 3587 πλέον
807 3532 1268 3605 ἐνησχολήθησαν,
1302 3533 1352 3585 οί
1378 3531 1437 3585 δὲ
1468 3533 1534 3602 τῇ
1566 3529 1818 3600 θεολογίᾳ

218 3627 604 3702 προσέϐηοαν·
638 3627 731 3681 καὶ⁸
758 3627 806 3679 οἱ
851 3626 949 3698 μὲν
973 3627 1038 3679 ἐκ
1076 3625 1184 3678 τῶν
1222 3623 1343 3679 καθ’
1367 3624 1535 3693 ἡμᾶς,
1575 3624 1625 3674 οἱ
1660 3621 1716 3674 δὲ
1747 3621 1814 3674 ἐκ

214 3722 331 3776 τῶν
364 3721 506 3792 ὑπὲρ
539 3720 689 3791 ἡμᾶς
720 3719 1047 3788 ἐποιήσαντο
1073 3715 1171 3788 τὴν
1202 3717 1377 3788 ἀρχὴν
1396 3731 1409 3744 ·
1443 3713 1586 3767 οὔτω
1611 3713 1670 3765 τὲ.
1699 3712 1813 3783 (71)

217 3814 488 3885 κήρυγμα
524 3813 820 3883 διελόμενοι
845 3810 982 3881 πρὸς
1015 3809 1076 3862 τὸ
1109 3812 1377 3879 χρήσιμον
1409 3800 1564 3876 οἶμαι
1584 3805 1697 3867 τοῖς
1730 3802 1817 3855 δε-

1911 1790 2069 1859 gabo.
2101 1790 2233 1845 Nam
2284 1808 2405 1846 cum
2445 1803 2657 1861 tempus
2689 1791 2743 1845 in
2789 1804 3030 1845 summas
3074 1787 3354 1858 angustias
3392 1801 3492 1839 nos

1914 1883 2204 1954 redigeret,
2244 1882 2386 1938 hanc
2438 1884 2554 1953 ipse
2597 1882 2863 1937 rationem
2910 1881 3101 1943 inibat,
3138 1887 3196 1932 ut
3233 1877 3335 1932 sibi
3367 1876 3491 1946 qui-

1912 1975 2034 2029 dem
2072 1975 2550 2044 dispensationem,
2579 1974 2735 2030 nobis
2775 1984 2977 2039 autem,
3015 1986 3173 2042 quos,
3211 1972 3279 2026 ob
3318 1971 3495 2026 nomi-

1911 2068 1999 2122 nis
2046 2067 2458 2135 obscuritatem,
2512 2081 2674 2122 nemo
2727 2067 2780 2121 in
2823 2066 3082 2137 judicium
3137 2063 3490 2125 adducturus,

1910 2159 2194 2229 patriaque
2221 2160 2492 2231 ejecturus
2522 2168 2689 2225 esset,
2722 2159 2972 2228 loquendi
3002 2157 3310 2212 libertatem
3342 2170 3494 2210 com-

1915 2251 2179 2306 mitteret.
2218 2252 2393 2321 Alque
2428 2253 2500 2305 ita
2536 2250 2887 2320 Evangelium
2917 2259 3161 2305 nostrum
3194 2250 3408 2304 firmum
3441 2259 3495 2302 et

1916 2341 2152 2397 validum
2196 2354 2339 2409 erat,
2394 2342 2675 2411 utriusque
2721 2341 2977 2411 praesidio
3026 2340 3327 2396 suﬂultum.
3381 2339 3495 2394 Nec

1916 2448 2046 2488 vero
2079 2434 2196 2489 hate
2222 2448 2288 2489 eo
2323 2449 2353 2487 a
2387 2448 2472 2489 me
2507 2443 2931 2489 commemorata
2957 2443 3102 2501 sunt,
3128 2443 3187 2486 ut
3218 2432 3357 2486 illius
3376 2433 3494 2486 exi-

1916 2526 2281 2581 stimationem
2314 2527 2562 2582 oratione
2593 2541 2709 2580 mea
2738 2525 3115 2591 delenderem;
3151 2526 3497 2593 praeStantior

1915 2619 2061 2672 enim
2087 2625 2191 2682 est,
2215 2632 2377 2686 quam
2405 2627 2462 2669 ut
2487 2616 2917 2681 accusatoribus,
2942 2616 2987 2671 si
3008 2616 3100 2685 qui
3134 2625 3312 2670 tamen
3341 2626 3493 2681 sunt,

1918 2710 1975 2765 in
2004 2709 2171 2779 ipsius
2202 2709 2404 2763 famam
2445 2709 2740 2778 quidquam
2792 2709 2987 2774 liceat;
3019 2711 3111 2765 sed
3152 2723 3219 2764 ne
3251 2710 3495 2778 quidam,

1915 2803 2131 2875 pietatis
2177 2818 2423 2857 normam
2465 2818 2529 2856 ac
2563 2802 2802 2873 regulam
2845 2802 2989 2857 solas
3034 2816 3127 2856 eas
3160 2817 3342 2867 voces,
3375 2816 3497 2872 qua:

1918 2898 1970 2950 in
2005 2895 2151 2951 illius
2189 2895 2343 2950 libris
2393 2895 2758 2965 reperiuntur,
2794 2910 2916 2950 esse
2947 2894 3347 2959 existimantes,
3392 2896 3495 2948 im-

1917 2989 2250 3044 becilliorcm
2299 2988 2457 3043 ﬁdem
2512 2988 2769 3054 habeant,
2804 3001 3033 3057 eamque
3084 2987 3149 3042 de
3202 2987 3496 3041 Divinitate

1916 3081 2216 3135 disserendi
2246 3082 2532 3145 rationem,
2552 3095 2713 3149 quam
2749 3080 2797 3134 ei
2829 3089 3035 3146 tempus
3064 3079 3214 3145 illud,
3244 3094 3352 3133 non
3379 3078 3498 3133 sine

1918 3171 2153 3241 Spiritus
2188 3172 2433 3236 numine,
2471 3171 2749 3238 afferebat,
2778 3172 2831 3225 in
2864 3172 3148 3240 pravitatis
3200 3188 3313 3228 suae
3359 3188 3492 3229 con-

1917 3265 2283 3320 ﬁrmationem
2337 3266 2597 3330 trahant;
2657 3279 2842 3320 verum
2900 3280 3110 3332 eorum,
3151 3279 3271 3334 quae
3311 3264 3383 3320 ab
3431 3281 3498 3319 eo

1916 3358 2120 3428 scripta
2164 3366 2308 3421 sunt,
2341 3372 2561 3412 sensum
2607 3372 2671 3411 ac
2723 3371 2971 3427 scopum,
3009 3373 3168 3428 quem
3204 3358 3332 3425 sibi,
3366 3358 3496 3413 dum

1917 3448 2033 3503 haec
2080 3448 2367 3516 scriberet,
2422 3448 2778 3519 proponebat,
2833 3450 3218 3518 expendentes,
3264 3459 3376 3504 tum
3431 3452 3498 3505 ad

1914 3542 2202 3597 veritatem
2229 3543 2401 3614 magis
2435 3545 2716 3607 accedant,
2745 3552 2855 3595 tum
2891 3543 2977 3607 iis,
3010 3544 3101 3613 qui
3133 3545 3184 3598 in
3221 3545 3500 3615 impietate

1915 3643 2228 3698 versantur,
2263 3649 2325 3688 os
2354 3634 2654 3688 obstruant.
2685 3634 2815 3688 Mihi
2850 3635 3091 3703 quidem,
3118 3638 3500 3707 omnibusque,

1916 3726 2113 3795 quibus
2158 3726 2356 3780 charus
2399 3740 2542 3790 sum,
2572 3725 2778 3779 utinam
2825 3726 2964 3781 adsit
3015 3726 3162 3782 illius
3207 3728 3497 3798 theologia.

1916 3820 2094 3887 Atque
2147 3817 2304 3880 adeo,
2353 3816 2574 3886 hujusce
2626 3816 2751 3884 viri,
2801 3827 3066 3886 quantum
3115 3819 3181 3873 ad
3211 3820 3350 3875 hanc
3386 3836 3499 3874 rem

219 3903 495 3976 κομένοις,
532 3902 628 3956 καὶ
663 3899 808 3953 οὕτω
849 3898 1002 3970 παρὰ
1038 3895 1134 3950 τοῦ
1166 3898 1225 3948 ἐν
1265 3895 1454 3957 αὐτοῖς
1484 3890 1816 3962 τυπούμενοι

1921 3907 2136 3971 attinet,
2167 3905 2400 3970 puritati
2444 3906 2754 3974 usqueadeo
2784 3906 3017 3975 conﬁdo,
3050 3917 3128 3975 ut,
3162 3916 3358 3977 pra'ter
3394 3908 3504 3963 alia

220 3995 366 4050 Πνεύ
374 4012 564 4068 ματος.

1921 3999 2122 4063 omnia,
2169 3999 2272 4052 hoc
2315 4011 2531 4067 quoque
2587 4012 2709 4051 cum
2753 4012 2818 4053 eo
2855 4013 3141 4053 commune
3168 4000 3367 4054 habere
3393 4016 3499 4055 non

220 4121 506 4176 recusem;
538 4109 612 4163 ita
657 4116 719 4162 ut
762 4107 853 4163 ille
905 4120 1047 4172 mea,
1080 4103 1213 4158 mihi
1244 4101 1485 4156 vicissim
1516 4098 1663 4153 illius
1698 4096 1905 4162 omnia,
1941 4102 1996 4147 et
2030 4092 2173 4162 apud
2211 4090 2404 4157 Deum,
2468 4100 2521 4145 et
2551 4091 2690 4161 apud
2759 4092 3183 4148 candidissimos
3244 4108 3493 4164 quosque

220 4198 497 4266 homines,
526 4198 889 4254 ascribantur.
958 4193 1094 4248 Nam
1152 4206 1328 4262 neque
1396 4188 1756 4260 evangelistas
1809 4184 2014 4240 idcirco
2073 4183 2214 4237 inter
2281 4197 2340 4237 se
2384 4196 2625 4251 pugnare
2664 4181 2983 4248 dixerimus,
3018 4183 3273 4251 quoniam
3314 4184 3407 4239 alii
3442 4187 3497 4240 in

222 4289 548 4360 exponenda
607 4288 813 4344 Christi
878 4285 1219 4342 humanitate
1276 4282 1395 4349 plus
1427 4295 1606 4350 opera:
1670 4284 1991 4346 posuerunt,
2053 4274 2144 4329 alii
2217 4275 2285 4328 ad
2335 4275 2710 4344 explicandam
2750 4273 3060 4329 Divinitatis
3112 4276 3395 4331 materiam
3442 4296 3504 4333 se

221 4381 612 4443 contulerunt;
647 4388 814 4448 atque
844 4375 939 4430 alii
971 4374 1041 4428 ab
1081 4372 1166 4428 his
1196 4373 1379 4437 rebus,
1451 4384 1571 4438 qua:
1639 4369 1707 4423 ad
1736 4365 2146 4436 intelligentiam
2194 4375 2434 4419 nostram
2482 4380 2602 4422 sese
2685 4368 3117 4431 accommodant,
3169 4369 3258 4424 alii
3301 4371 3370 4427 ab
3409 4373 3499 4439 iis,

218 4490 346 4546 quae
367 4484 583 4542 captum
620 4479 870 4524 nostrum
921 4474 1202 4536 superant,
1248 4461 1508 4533 auspicati
1542 4468 1702 4526 sunt;
1773 4459 1853 4513 sic
1889 4456 2142 4513 videlicet
2211 4457 2647 4527 prazdicationem
2679 4457 2823 4512 inter
2863 4472 2922 4513 se
2970 4459 3257 4529 partiti,ut
3282 4477 3506 4552 eorum,

217 4568 315 4641 qui
343 4580 466 4623 eam
497 4562 858 4633 excipiebant,
894 4560 1101 4614 utilitas
1141 4556 1372 4624 ferebat,
1408 4565 1571 4625 atque
1619 4553 1695 4607 ita
1759 4551 2034 4607 informati
2099 4559 2155 4604 et
2187 4550 2364 4606 edocti
2431 4566 2460 4604 a
2499 4550 2854 4622 Spiritu,.qui
2896 4552 2948 4605 in
3018 4554 3256 4622 ipsorum
3294 4550 3494 4611 animis

214 4667 361 4718 erat.

290 4774 371 4828 θ’.
405 4771 543 4837 Φέρε
578 4769 663 4838 δὴ,
692 4764 902 4820 πολλῶν
944 4767 1002 4819 ἐν
1038 4767 1153 4828 τοῖς
1180 4765 1349 4818 πάλαι
1378 4764 1473 4820 καὶ
1505 4763 1601 4817 νῦν
1649 4780 1811 4833 γεγο-

1988 4756 2150 4813 LXX.
2188 4756 2300 4827 Age
2331 4755 2516 4821 igitur,
2545 4768 2668 4808 cum
2706 4754 2856 4807 multi
2896 4754 3018 4820 viri,
3060 4764 3171 4809 tum
3204 4757 3257 4811 in
3294 4757 3498 4819 Veteri,

216 4867 392 4922 νότων
430 4860 640 4932 ἀνδρῶν
687 4861 774 4912 ἐπ’
821 4856 1073 4928 εὐσεϐείᾳ
1118 4858 1445 4928 γνωρίμων,
1475 4855 1806 4927 νομοθετῶν,

1922 4859 2035 4905 tum
2066 4849 2118 4903 in
2146 4845 2296 4901 Novo
2334 4845 2680 4899 Testamento
2726 4845 2924 4913 pietate
2973 4846 3108 4899 clari
3159 4856 3215 4900 et
3264 4847 3502 4903 illustres

221 4952 547 5030 στρατηγῶν
570 4993 586 5019 ,
633 4948 950 5024 προφητῶν,
983 4947 1340 5012 διδασκάλων,
1388 4947 1499 5001 τῶν
1537 4945 1808 5019 ἀνδρικῶν

1922 4940 2139 5005 fuerint,
2204 4936 2558 5009 legislatores,
2616 4934 2879 4989 militares
2947 4936 3132 5001 duces,
3198 4937 3498 5008 propheta,

294 5174 410 5246 (67)
460 5173 572 5228 Καὶ
627 5172 783 5227 Υἱοῦ.
835 5172 972 5226 Tres
1024 5169 1193 5242 Regg.
1249 5178 1305 5223 et
1347 5169 1444 5224 0r.
1490 5168 1547 5235 2,
1592 5167 1815 5224 καὶτοῦ
1927 5167 2115 5246 caudae
2159 5165 2660 5246 veritatismodo,‘
2691 5174 2751 5218 ut
2805 5168 3225 5246 recte_expopit
3257 5162 3496 5246 Nicetas,

221 5235 521 5319 res;
656 5313 689 5319 _
843 5313 859 5319 Α
932 5310 967 5319 _
1110 5235 1169 5242 "

1925 5236 2343 5319 οἰκονομηθῇναι
2386 5235 2808 5319 τῆν’-ἀληθειαν,
2842 5238 3003 5304 quod,
3043 5236 3305 5319 probante
3330 5238 3497 5319 4th.»-

319 5314 412 5369 68)
451 5314 621 5378 Τέως.
656 5313 815 5367 Deest
843 5313 900 5365 in
930 5310 1068 5377 Reg.
1097 5326 1147 5363 a.
1924 5304 2252 5373 nasio,'sibi
2296 5304 2556 5378 permisit!
2590 5304 2846 5378 Basilius,
2886 5320 3205 5378 ne,»_ntaguo
3243 5306 3500 5363 Ecclesia:

319 5385 411 5454 69)
433 5385 553 5453 Τὴν
569 5375 914 5454 οἰκονομίαν
946 5375 1296 5454 ἐπέτρεψεν.
1329 5398 1347 5431 ι
1377 5381 1492 5437 Sibi
1527 5381 1812 5454 dispensa-

1917 5380 2138 5454 darnno,
2171 5393 2203 5454 e
2229 5393 2324 5454 suit
2356 5377 2482 5428 sede
2513 5376 2579 5454 ab
2613 5376 2883 5454 haereticis
2915 5375 3220 5454 pelleret-ur.

221 5442 429 5513 tionem
456 5442 1296 5524 permisit.{Billiusaddettd‘od
1320 5454 1523 5518 verbi,»
1546 5442 1686 5524 quod
1707 5451 1809 5524 de:
1988 5448 2102 5524 (Ῐο)
2130 5445 2501 5524 Νομίζοιττες.
2542 5445 2784 5510 Quatuor
2816 5444 3006 5513 Regg.,
3043 5445 3208 5499 Coisl.
3247 5448 3302 5511 1,
3334 5442 3430 5501 0r.
3463 5444 3500 5499 2

222 5514 478 5587 Ιθνὶωυεζ
520 5524 647 5578 huic
686 5523 806 5577 loco
847 5522 1100 5577 tenebras
1127 5520 1340 5584 oll‘udit,
1372 5514 1577 5576 nedum‘
1600 5519 1806 5587 aliquid
1916 5528 1971 5576 et
1998 5514 2189 5581 'Pass.,
2214 5514 2647 5587 γιγνώσκοντες,
2685 5533 2703 5564 ‹
2727 5525 3136 5587 agnoscentes.)

223 5595 366 5651 lucis
398 5583 636 5650 afferret.
686 5592 803 5646 Non
827 5592 971 5662 enim
1010 5591 1188 5662 agitur
1232 5591 1299 5644 de
1329 5583 1353 5643 ⁷.
1378 5592 1525 5646 verbi
1556 5583 1805 5662 ministe-
1985 5588 2099 5661 (Ἡ)
2144 5583 2248 5644 Τό,
2274 5583 2364 5643 Sic
2397 5601 2589 5643 omnes
2626 5586 2743 5641 fere
2771 5583 2935 5641 codd.
2966 5583 3022 5638 In
3048 5585 3158 5651 ed.,
3192 5583 3290 5656 τῷ.

222 5667 370 5735 rio,»
420 5679 516 5725 seu
569 5682 588 5717 ι
614 5661 1013 5734 praedicatione,
1041 5657 1072 5713 ἶ
1099 5662 1194 5717 sed
1233 5662 1298 5716 de
1326 5663 1557 5732 quodam
1599 5657 1797 5730 praedi-
