3898 6222
455 263 552 319 591
1237 261 1242 267 ’
1651 255 1706 312 S.
1748 253 2078 313 GREGOR“
2119 253 2470 312 THEOLOGI
3621 267 3748 324 593

453 381 724 449 doctores,
756 380 920 436 fortes
947 378 1112 450 825
1144 393 1314 448 usque
1347 381 1413 432 ad
1449 377 1727 448 sanguinis
1756 378 2024 446 profusio-

2155 379 2322 450 ιέχρις
2382 378 2646 450 αἵματος,
2707 381 2840 449 παρ’
2891 379 3120 445 ἐκείνοις
3174 381 3284 452 (72)
3345 382 3416 438 τὰ
3467 384 3748 458 ἡμέτερα

457 488 601 538 nem,
632 487 753 527 cum
789 472 896 525 illis
919 470 1176 524 Basilium
1203 479 1446 524 nostrum
1466 469 1832 530 conferamus,
1863 479 2026 538 atque

2155 472 2540 542 ιεωρήσαντες,
2598 471 2893 524 κάντεῦθεν
2951 472 3044 526 τον
3113 473 3280 545 ἄνδρα
3331 474 3743 546 γνωρίσωμεν.

455 563 604 626 hinc,
633 562 806 632 qualis
835 561 1015 624 fuerit,
1047 576 1415 630 agnoscamus.
1447 561 1616 613 Adam
1647 561 1735 614 Dei
1775 576 1932 614 manu
1957 561 2022 626 ‘°,

2155 561 2310 632 Αδέιμ
2335 560 2541 633 ἠξιώθη
2573 561 2708 615 Θεοῦ
2751 562 2956 633 χειρὸς,
2994 564 3088 616 καὶ
3121 565 3448 634 παραδείσου
3472 565 3743 636 τρυφῆς,

457 670 522 708 ac
560 654 871 708 deliciarum
939 653 1196 720 paradisi,
1224 661 1280 706 et
1325 652 1496 720 prima
1543 651 1656 722 lege
1704 653 1894 720 dignus
1933 653 2030 706 ha-

2155 652 2222 704 εαὶ
2251 649 2472 722 πρώτης
2493 652 2814 722 νομοθεσίας
2837 669 2850 683 ·
2875 653 3010 715 ἀλλ’,
3045 657 3094 707 εἰ
3125 657 3198 725 μή
3229 673 3282 707 τι
3307 655 3452 724 λέγω
3473 655 3750 726 βλάσφη-

460 748 604 802 bitus
647 755 765 809 est;
829 745 917 798 ille
979 753 1179 810 tamen,
1212 758 1280 797 ne
1317 743 1444 812 quid
1474 744 1667 798 debitae
1695 745 1900 814 parenti
1927 759 2026 798 no-

2155 761 2230 795 ιον
2269 744 2408 796 αἰδοῖ
2440 743 2534 796 τοῦ
2583 746 2948 818 προπάτορος.
2988 747 3086 818 τὴν
3119 747 3337 818 ἐντολὴν
3366 750 3466 801 οὐκ
3517 749 3748 817 ἐφύλα-

461 850 576 895 stro
610 838 923 892 reverentiae
966 835 1412 890 contumeliosum
1466 835 1662 899 dicam,
1704 851 2026 905 praeceptum

2155 835 2252 896 ξενο
2295 836 2324 886 ό
2366 835 2442 898 δέ,
2482 836 2574 888 καὶ
2605 836 2822 900 ἐδέξατο
2865 838 3107 910 ταύτην,
3139 840 3234 892 καὶ
3263 839 3594 907 διεσώσατο,
3635 841 3749 895 καὶ

461 929 684 983 minime
731 926 965 982 servavit
997 943 1011 977 ι
1049 925 1136 978 hic
1183 934 1384 989 autem,
1423 934 1480 978 et
1532 925 1661 979 illud
1713 926 1944 994 accepit,
1977 935 2030 980 et

2250 924 2389 995 ξύλῳ
2437 929 2535 996 τῆς
2573 926 2828 995 γνώσεως
2872 929 2972 981 οὐκ
3007 929 3234 1001 ἐϐλάϐη,
3277 932 3370 982 καὶ
3404 931 3501 1002 τὴν
3532 931 3750 1002 φλογί-

460 1021 713 1085 servavit,
756 1035 852 1074 nec
908 1035 972 1073 ex
1031 1018 1272 1072 scicntia:
1325 1017 1467 1088 ligno
1528 1019 1848 1072 incommodi
1876 1019 2033 1087 quid-

2155 1035 2228 1088 ιην
2258 1017 2370 1088 (75)
2419 1019 2694 1088 ῥομφαίαν
2743 1019 3059 1091 παρελθὼν,
3109 1017 3168 1074 εὖ
3203 1019 3352 1089 οἶδα,
3389 1024 3482 1076 τοῦ
3535 1042 3714 1097 παρα.

460 1127 619 1180 quam
663 1112 910 1180 accepit;
947 1126 1045 1164 nec
1069 1109 1273 1171 dubito,
1312 1113 1440 1178 quin
1465 1110 1768 1164 ﬂammeum
1798 1111 2028 1180 gladium

2155 1109 2306 1160 iaicou
2333 1109 2650 1179 τετύχηκεν.
2695 1109 2859 1174 Ἐνὼς
2881 1111 3075 1181 ἤλπισε
3103 1114 3316 1186 πρῶτος
3339 1115 3747 1169 ἐπικαλεῖσθαι

461 1213 893 1273 praetergressus,
929 1203 994 1254 ad
1030 1203 1337 1272 paradisum
1383 1203 1708 1272 pervenerit.
1743 1203 1884 1256 Enos
1917 1202 2029 1269 pri-

2155 1199 2224 1252 :bv
2266 1201 2468 1270 Κύριον
2495 1219 2506 1230 ·
2537 1203 2566 1254 ό
2593 1202 2670 1264 δὲ,
2716 1203 2809 1254 καὶ
2840 1203 3227 1274 ἐπικέκληται,
3260 1208 3354 1259 καὶ
3385 1209 3499 1270 τοῖς
3539 1207 3749 1270 ἄλλοις

463 1310 582 1347 llius
619 1307 714 1360 spe
751 1293 1011 1346 adductus
1055 1301 1158 1356 est,
1200 1302 1258 1346 ut
1300 1293 1586 1346 Dominum
1643 1291 2022 1346 invocaret“:

2155 1292 2419 1363 ικήρυξεν,
2438 1293 2466 1344 ὃ
2485 1293 2577 1346 τοῦ
2601 1294 2980 1348 ἐπικαλεῖσθαι
3005 1297 3138 1348 πολὺ
3160 1297 3384 1366 τιμιὼτε
3395 1315 3505 1370 ρον.
3548 1299 3746 1370 Ἑνὼχ

464 1386 552 1440 hic
583 1395 784 1448 autem,
816 1400 919 1439 non
954 1385 1124 1436 solum
1154 1385 1444 1449 invocavit,
1485 1387 1600 1446 sed,
1636 1385 1776 1452 quod
1809 1385 2031 1438 invoca-

2155 1384 2397 1454 ιετετέθη
2439 1385 2637 1455 μικρᾶς
2671 1385 2954 1450 εὐσεϐείας
2998 1386 3116 1453 (ἔτι
3165 1389 3274 1459 γὰρ
3309 1391 3365 1440 ἐν
3423 1393 3610 1454 σκιαῖς
3668 1386 3747 1460 ἦν

465 1476 610 1529 tione
643 1476 810 1529 multo
837 1477 1181 1543 praestantius
1207 1486 1308 1539 est,
1367 1477 1488 1530 aliis
1521 1492 1732 1546 quoque
1774 1477 2034 1545 prtedica-

2155 1476 2170 1543 ί)
2209 1475 2422 1541 πίστις)
2484 1471 2644 1528 ἆθλον
2673 1477 2971 1548 εὑράμενος
3000 1479 3111 1547 (74)
3148 1480 3246 1549 τὴν
3279 1481 3604 1550 μετάθεσιν,
3633 1485 3746 1536 καὶ

463 1568 558 1620 vit.
597 1567 779 1621 Enoch
813 1567 1104 1620 translatus
1160 1578 1242 1621 est
1263 1567 1328 1631 θ’,
1383 1569 1590 1638 exigua:
1645 1568 1860 1636 pietatis
1907 1581 2038 1638 prae-

2155 1567 2228 1620 :0'3
2269 1568 2395 1637 ἐξῆς
2428 1569 2542 1638 βίου
2575 1570 2665 1622 τὸν
2698 1570 2938 1624 κίνδυνον
2977 1571 3306 1642 διαπέφευγε
3327 1589 3338 1602 ·
3365 1574 3456 1626 τοῦ
3489 1576 3572 1638 δὲ,
3608 1577 3746 1638 ὅλος

463 1659 628 1712 mium
658 1656 812 1727 (ﬁdes
837 1659 978 1712 enim
1017 1658 1193 1712 adhuc
1230 1659 1280 1712 in
1312 1661 1518 1712 umbris
1540 1658 1705 1730 erat),
1737 1660 1839 1713 hac
1862 1668 2037 1711 trans-

2155 1656 2312 1727 iﬁio;
2367 1658 2654 1726 μετάθεσις
2684 1655 2772 1730 ἦν,
2817 1660 3040 1724 τελείως
3084 1665 3141 1714 ἐν
3189 1664 3286 1733 βίῳ
3333 1665 3522 1736 τελείῳ
3575 1666 3743 1720 δοκι-

466 1748 664 1803 latione
722 1757 1060 1814 consecutus,
1103 1750 1336 1818 vitaeque
1393 1750 1668 1817 sequentis
1725 1749 2024 1818 periculum

2155 1746 2454 1809 ιασθέντος.
2485 1747 2608 1800 Νῶε
2643 1749 2876 1802 κιϐωτὸν
2907 1751 3222 1822 ἐπιστεύθη,
3253 1755 3344 1806 καὶ
3368 1756 3578 1826 κόσμου
3608 1756 3745 1809 δευ-

463 1838 650 1909 eﬁ'ugit
677 1857 692 1896 :
722 1840 880 1910 hujus
919 1849 1098 1896 autem
1151 1841 1260 1895 vita
1318 1841 1494 1894 omnis
1527 1840 1658 1894 nihil
1693 1841 1836 1893 aliud
1866 1855 2026 1908 quam

2155 1839 2294 1910 τέρου
2325 1840 2619 1910 σπέρματα
2657 1839 2800 1910 ξύλῳ
2837 1842 3018 1913 μικρῷ
3061 1846 3435 1910 πιστευθέντα,
3472 1849 3571 1900 καὶ
3607 1848 3744 1902 καθ’

467 1931 748 1987 translatio
778 1945 914 1998 erat,
942 1933 1138 2002 quippe
1178 1933 1269 2001 qui
1301 1931 1541 2001 perfecte
1566 1932 1617 1984 in
1654 1933 1760 1984 vita
1793 1929 2031 1998 perfecta

2155 1931 2343 1985 δδάτων
2385 1931 2699 2001 σωζόμενα·
2744 1935 2772 1985 ὁ
2821 1933 2878 1985 δὲ
2937 1936 3318 2006 κατακλυσμὸν
3357 1938 3620 2003 ἀσεϐείας
3655 1940 3746 1994 δι-

466 2026 724 2092 probatus
756 2032 812 2077 et
841 2024 1152 2092 exploratus
1191 2023 1372 2077 fuerit.
1404 2021 1515 2077 Noe
1557 2037 1736 2076 arcam
1765 2022 1886 2076 ﬁdei
1923 2037 2033 2076 sua:

2155 2020 2338 2088 ἔφυγε,
2367 2021 2460 2073 καὶ
2487 2019 2720 2073 κιϐωτὸν
2765 2023 3038 2094 σωτηρίας
3065 2023 3160 2096 τὴν
3192 2027 3384 2080 ἑαυτοῦ
3429 2031 3744 2100 πεποίηται

466 2115 813 2171 commissam
859 2117 1159 2186 accepit”,
1213 2127 1267 2170 et
1323 2116 1543 2171 secundi
1601 2115 1782 2168 mundi
1825 2115 2032 2168 semina

2155 2111 2316 2174 πόλιν,
2356 2111 2574 2179 κούφως
2611 2111 2720 2164 τῶν
2766 2115 3059 2184 αίρετικῶν
3090 2117 3522 2188 ύπερπλέουσαν,
3559 2122 3623 2188 ἐξ
3670 2114 3743 2176 οὗ

467 2221 636 2274 parvo
671 2205 812 2274 ligno
843 2207 1070 2272 credita,
1096 2217 1260 2277 atque
1291 2207 1434 2262 inter
1463 2207 1637 2262 undas
1670 2217 1986 2260 conservata
2017 2223 2032 2260 :

2155 2205 2348 2274 κόσμον
2381 2207 2502 2258 ὅλον
2536 2205 2921 2260 ἀνεκαλέσατο.

469 2297 558 2353 hic
601 2306 777 2351 autem
826 2297 1118 2367 impietatis
1186 2298 1442 2352 diluvium
1501 2297 1710 2367 eﬂ‘ugit,
1767 2311 2032 2364 suamque
2071 2295 2344 2350 civitatem
2407 2312 2589 2349 arcam
2628 2296 2818 2348 salutis
2840 2296 3038 2364 cll'ecit,
3104 2297 3158 2351 in
3219 2299 3600 2357 haereticorum
3631 2320 3744 2357 un-

468 2390 552 2446 dis
583 2389 739 2444 facile
766 2397 822 2443 et
847 2387 1034 2442 leviter
1055 2398 1513 2458 supernatantem,
1533 2395 1695 2456 atque
1724 2404 1790 2442 ex
1819 2402 1884 2441 eo
1913 2389 2221 2440 universum
2256 2387 2443 2439 orbem
2479 2389 2839 2456 recuperavit.

465 2487 506 2552 ξ·
537 2483 721 2539 LXXI.
765 2485 984 2554 Magnus
1011 2483 1300 2546 Abraham,
1330 2491 1385 2536 et
1435 2482 1764 2552 patriarcha,
1796 2491 1851 2535 et
1883 2497 2036 2534 nova:

467 2574 701 2628 victima:
749 2582 1028 2636 macmtor,
1069 2587 1212 2634 eum,
1249 2586 1409 2640 quem
1451 2587 1515 2624 ex
1553 2571 1915 2640 promissione
1953 2585 2039 2620 ac-

469 2674 705 2732 ceperat,
737 2663 976 2718 heueﬁcii
1025 2664 1231 2717 auctori
1261 2661 1516 2724 oﬁ'erens,
1547 2661 1822 2714 victimam
1855 2676 2038 2729 prom-

471 2768 612 2825 ptam
641 2765 696 2812 et
720 2755 970 2810 alacrem.
1005 2764 1168 2823 atque
1215 2753 1282 2807 ad
1312 2754 1512 2806 caedem
1547 2762 1923 2820 properantem
1969 2751 2036 2804 δ”.

470 2847 540 2900 At
577 2861 677 2900 nec
711 2861 872 2915 parva
915 2843 1095 2896 Basilii
1129 2843 1242 2896 laus
1273 2851 1376 2905 est,
1421 2841 1510 2910 qui
1548 2843 1782 2910 seipsqu
1820 2842 1926 2894 Deo
1951 2841 2043 2893 ob-

475 2937 616 3001 tulit,
641 2952 740 2992 nec
767 2936 1057 3006 quidquam
1106 2935 1158 2987 in
1201 2934 1318 3004 ejus
1375 2934 1575 2996 locum,
1633 2941 1888 3000 tanquam
1945 2931 2041 2999 ipsi

2207 2481 2328 2534 OA'.
2358 2481 2545 2547 Μέγας
2567 2483 2595 2533 ὁ
2629 2481 2898 2550 Ἀϐραὰμ.
2925 2479 3018 2532 καὶ¹
3050 2481 3415 2553 πατριάρχης,
3442 2484 3741 2556 καὶθύτης

2137 2573 2327 2640 καινῆς
2362 2570 2570 2635 θυσίας,
2605 2571 2695 2623 τὸν
2729 2574 2791 2624 ἐκ
2821 2573 2919 2642 τῆς
2964 2572 3298 2641 ἐπαγγελίας
3343 2573 3421 2644 τῷ
3470 2575 3735 2630 δεδωκότι

2139 2661 2520 2732 προσαγαγὼν,
2559 2665 2752 2733 ἱερεῖον
2779 2664 3016 2734 ἕτοιμον,
3063 2665 3158 2718 καὶ
3213 2665 3346 2736 πρὸς
3381 2665 3479 2737 τὴν
3508 2668 3734 2738 σφαγὴν

2139 2752 2528 2821 ἐπειγόμενον·
2563 2751 2677 2804 ἀλλ’
2723 2753 2844 2805 οὐδέ
2892 2753 2953 2805 τὸ
2999 2753 3206 2806 ἐκείνου
3259 2756 3475 2824 μικρὸν,
3530 2757 3732 2810 ἑαυτὸν

2141 2843 2456 2912 προσήγαγε
2484 2841 2560 2910 τῷ
2585 2841 2732 2912 Θεῷ,
2765 2843 2857 2896 καὶ
2887 2843 3037 2901 οὐδὲν
3067 2844 3142 2906 ὡς
3174 2845 3411 2914 ἰσότιμον
3440 2847 3729 2918 ἀντεδόθη,

2141 2931 2224 2999 (τί
2264 2931 2373 3001 γὰρ
2419 2932 2511 2983 καὶ
2547 2927 2612 3003 ἦν
2637 2933 2690 3000 ;)
2718 2931 2858 2985 ὥστε
2898 2933 2992 2986 καὶ
3021 2933 3371 3004 τελειωθῆναι
3404 2935 3464 2988 τὸ
3508 2937 3733 2990 καλλιέ-

472 3043 596 3096 par,
631 3028 907 3097 (quidnam
951 3027 1094 3080 enim
1141 3025 1271 3080 illud
1309 3023 1510 3093 esset?)
1561 3023 1906 3076 substitutum
1941 3036 2043 3085 eat,

2155 3037 2320 3090 ρημα.
2353 3021 2538 3074 Ἰσαὰκ
2564 3021 2876 3093 ἐπηγγέλθη
2907 3023 3002 3074 καὶ
3032 3023 3137 3094 πρὸ
3159 3025 3424 3092 γενέσεως
3446 3041 3460 3054 ο
3484 3026 3513 3076 ό
3542 3025 3599 3077 δὲ
3631 3027 3734 3079 αὐ-

473 3119 565 3173 sed
595 3119 748 3181 plene
796 3118 1137 3187 perfecti-que
1191 3118 1422 3170 litatum.
1462 3114 1614 3170 Isaac
1656 3114 1842 3179 etiam,
1886 3126 2038 3168 aute-

475 3225 633 3278 quam
665 3209 716 3263 in
744 3211 912 3261 lucem
942 3208 1211 3265 ederetur,
1247 3206 1540 3274 promissus
1573 3215 1656 3257 est
1682 3205 1728 3235 "
1761 3220 1776 3259 :
1815 3205 1902 3256 hic
1937 3219 2040 3254 an-

476 3310 582 3355 tem
627 3309 818 3368 sponte
863 3299 1098 3368 seipsum
1147 3297 1414 3366 promisit,
1449 3311 1513 3350 ac
1559 3295 1888 3356 Reheccam,
1941 3293 2043 3346 hoc

475 3401 581 3456 est,
607 3390 926 3452 Ecclesium,
953 3404 1056 3442 non
1090 3387 1274 3457 procul
1309 3387 1612 3456 quaesitam,
1644 3384 1738 3440 sed
1763 3402 1792 3435 e
1818 3385 2040 3452 propin-

477 3497 583 3550 quo
614 3494 966 3549 assumptmn,
1016 3494 1238 3534 uxorem
1287 3479 1458 3538 duxit,
1490 3493 1587 3530 nec
1625 3463 1722 3546 per
1760 3491 2040 3531 servorum

479 3570 796 3640 legationem
831 3571 910 3636 ⁸⁸,
951 3570 1043 3624 sed
1088 3570 1268 3624 divino
1315 3567 1577 3640 beneﬁcio
1611 3582 1924 3621 concessam
1957 3575 2038 3620 at-

479 3675 584 3731 que
615 3659 986 3723 couunissam;
1023 3672 1119 3712 nec
1142 3659 1193 3711 in
1221 3629 1450 3710 ﬁlioruin
1475 3655 1784 3725 praelatioue
1807 3655 2042 3709 circum-

479 3761 672 3806 ventus
703 3761 803 3816 est,
837 3751 929 3806 sed
961 3751 1264 3820 unicuique,
1295 3750 1436 3820 quod
1467 3750 1892 3816 promerebatur,
1919 3761 2043 3801 cum

483 3842 715 3910 Spiritus
744 3840 946 3910 judicio
971 3849 1025 3893 et
1063 3839 1296 3903 delectu,
1337 3838 1454 3892 sine
1497 3837 1601 3890 ulla
1633 3837 1821 3889 fraude
1849 3852 1911 3889 ac
1935 3835 2043 3889 cir-

479 3933 920 4004 cumscriptione,
975 3931 1179 3984 tribuit.
1217 3929 1494 3984 Jam-vero
1538 3927 1723 3982 Jacobi
1757 3927 1956 3982 scalam
1991 3935 2047 3980 et

480 4026 784 4081 columnam
833 4037 952 4077 eam
1013 4021 1190 4086 laudo,
1223 4035 1384 4090 quam
1437 4019 1546 4072 Deo
1595 4017 1770 4081 unxit,
1825 4017 2048 4084 ejusque

481 4117 642 4173 etiam
687 4131 808 4171 cum
845 4129 910 4168 eo
939 4112 1371 4168 colluctationem
1410 4109 1492 4174 ιτ,
1543 4122 1877 4178 quaecunque
1927 4117 2048 4160 tan-

484 4212 603 4262 dem
639 4207 724 4260 illa
753 4214 903 4270 erat;
935 4212 1018 4257 est
1047 4203 1282 4271 quidem,
1325 4208 1383 4252 ut
1421 4199 1535 4269 ipse
1572 4198 1780 4264 Opinor,
1829 4193 2048 4250 humani

485 4298 684 4354 moduli
725 4313 846 4353 cum
887 4297 1064 4350 divina
1093 4294 1422 4350 sublimitate
1452 4287 1787 4356 comparatio
1813 4295 1870 4339 et
1916 4299 2050 4339 con-

2141 3111 2507 3179 τεπάγγελτος
2527 3107 2594 3182 ἦν
2625 3113 2760 3182 (75),
2792 3115 2884 3166 καὶ
2910 3115 3007 3183 τὴν
3035 3115 3350 3178 Ῥεϐέκκαν,
3369 3115 3510 3183 λέγω
3528 3116 3590 3186 δὴ
3611 3116 3730 3187 (76)

2141 3200 2240 3271 τὴν
2280 3201 2620 3270 Ἐκκλησίαν,
2651 3205 2710 3256 οὐ
2742 3204 3041 3275 πόρρωθεν,
3072 3204 3186 3258 ἀλλ’
3207 3205 3437 3272 ἐγγύθεν
3467 3207 3728 3274 ἠγάγετο,

2142 3295 2263 3347 οὐδέ
2290 3293 2376 3346 διὰ
2405 3294 2701 3364 πρεσϐείας
2727 3295 3023 3364 οἰκετικῆς,
3062 3296 3176 3348 ἀλλ’
3206 3298 3271 3348 ἐκ
3299 3296 3433 3349 Θεοῦ
3483 3297 3732 3351 δοθεῖσαν

2145 3387 2240 3438 καὶ
2273 3385 2654 3438 πιστευθεῖσαν
2677 3403 2690 3414 ·
2744 3387 2864 3438 οὐδὲ
2895 3387 3262 3457 κατεσοφίσθη
3293 3388 3422 3458 περὶ
3465 3387 3562 3458 τὴν
3617 3391 3732 3442 τῶν

2143 3477 2344 3528 τέκνων
2361 3477 2708 3546 προτίμησιν,
2738 3477 2851 3530 ἀλλ’
2869 3479 3083 3547 ἑκάστῳ
3100 3477 3168 3530 τὰ
3189 3477 3324 3547 πρὸς
3341 3477 3495 3542 ἀξίαν
3517 3479 3734 3552 ἀπαρα-

2145 3567 2406 3635 λογίστως
2439 3568 2598 3638 ἔνεμε
2659 3569 2772 3636 (77)
2813 3567 2953 3638 μετὰ
2982 3569 3084 3638 τῆς
3115 3567 3210 3620 τοῦ
3255 3569 3570 3638 Πνεύματος
3608 3571 3732 3642 κρί-

2149 3675 2308 3720 σεως.
2355 3658 2592 3711 Ἐπαινῶ
2642 3659 2744 3729 τὴν
2783 3657 2976 3711 Ἰακὼϐ
3009 3658 3274 3728 κλίμακα,
3327 3661 3420 3712 καὶ
3476 3659 3573 3730 τὴν
3596 3665 3727 3732 στή-

2145 3749 2242 3818 λην
2283 3748 2416 3820 (78),
2441 3749 2508 3818 ἣν
2537 3750 2722 3819 ἣλειψε
2747 3749 2823 3819 τῷ
2847 3748 2983 3819 Θεῷ,
3018 3749 3111 3802 καί¹
3148 3749 3245 3819 τὴν
3273 3749 3408 3819 πρὸς
3439 3750 3599 3802 αὐτὸν
3625 3753 3730 3806 πά-

2145 3840 2264 3911 λην,
2287 3841 2408 3910 ἥτις
2431 3843 2558 3893 ποτέ
2590 3839 2658 3911 ἦν
2681 3859 2694 3872 ·
2738 3836 2892 3910 οἶμαι
2923 3841 2980 3894 δέ
3027 3841 3121 3894 τοῦ
3151 3841 3492 3912 ἀνθρωπείου
3525 3843 3725 3914 μέτρου

2148 3933 2284 4002 πρὸς
2299 3933 2358 3986 τὺ
2374 3933 2515 3986 θεῖον
2539 3933 2671 4002 ὕψος
2691 3935 3172 4004 ἀντιπαρέκτασις,
3191 3935 3284 3986 καὶ
3305 3933 3572 3998 ἀντίθεσις
3593 3935 3722 4006 (79),

2146 4022 2269 4075 ὅθεν
2299 4024 2392 4075 καὶ
2421 4023 2546 4091 ἄγει
2583 4023 2694 4093 (80)
2723 4024 2794 4076 τὰ
2823 4024 3066 4096 σύμϐολα
3093 4024 3193 4094 τῆς
3231 4025 3548 4093 ἡττωμένης
3581 4027 3728 4092 γενέ-

2150 4128 2288 4176 σεως
2317 4113 2450 4184 (81),
2500 4113 2736 4166 Ἐπαινῶ
2764 4115 2860 4167 καὶ
2902 4114 2998 4185 τὴν
3037 4116 3165 4185 περὶ
3201 4115 3271 4167 τὰ
3311 4113 3604 4185 θρέμματα
3630 4115 3725 4169 τοῦ

2148 4206 2340 4276 ἀνδρὸς
2367 4207 2702 4276 εὐμηχανίαν
2735 4208 2829 4261 καὶ
2855 4208 3179 4278 εὐημερίαν,
3225 4211 3319 4262 καὶ
3360 4211 3486 4274 τούς
3523 4209 3726 4264 δώδεκα

2149 4295 2208 4362 ἐξ
2227 4297 2390 4350 αὐτοῦ
2423 4300 2784 4368 πατριάρχας,
2819 4301 2912 4352 καὶ
2934 4301 3026 4353 τὸν
3049 4299 3157 4354 τῶν
3182 4301 3442 4370 εὐλογιῶν
3465 4303 3727 4373 μερισμὸν

485 4393 676 4454 tentio,
709 4390 848 4443 umle
875 4388 1036 4441 etiam
1071 4394 1367 4454 procreatae
1391 4391 1595 4434 statura:
1633 4378 1860 4432 devictae
1890 4385 2043 4430 notas

2155 4389 2246 4442 σὺν
2262 4391 2361 4442 οὐκ
2383 4391 2597 4459 ἀγεννεῖ
2613 4395 2921 4465 προφητεία
2943 4393 3034 4448 τοῦ
3061 4393 3366 4464 μέλλοντος’
3390 4394 3506 4448 ἀλλ’
3527 4396 3728 4448 ἐπαινῶ

481 4491 650 4563 826
672 4490 829 4560 gerit.
859 4488 1009 4542 Illius
1049 4499 1262 4556 quoque
1293 4483 1436 4539 circa
1465 4479 1649 4535 ovium
1683 4490 1873 4548 greges
1905 4475 2047 4528 arti-

484 4582 665 4636 ticium
699 4591 754 4634 et
783 4579 1116 4640 felicitatem,
1151 4586 1208 4630 et
1240 4572 1522 4629 duodecim
1567 4583 1632 4624 ex
1670 4583 1736 4622 eo
1767 4575 1922 4620 natos
1952 4581 2047 4634 pa-

487 4670 772 4732 triarchas,
810 4678 860 4724 et
901 4667 1329 4722 benedictionum
1358 4659 1696 4731 partitionem
1728 4672 1848 4711 cum
1891 4670 2047 4724 egre-

485 4765 568 4835 gia
599 4762 900 4817 futurarum
947 4772 1126 4813 rerum
1153 4755 1500 4826 praedictione
1533 4747 1899 4818 conjunctam,
1934 4747 2053 4799 lau—

557 4902 603 4934 “'
641 4899 778 4954 Gen.
817 4913 859 4966 ι,
895 4896 964 4966 27
1015 4909 1138 4964 sqq.
1202 4889 1451 4966 _f‘_Gen.
1510 4902 1587 4952 IV,
1618 4884 1710 4966 g6.

584 5145 673 5230 75)
707 5145 1026 5230 timoris-nr.
1062 5145 1191 5230 “Erg.
1221 5145 1308 5230 ph,
1343 5145 1596 5230 πυρίνην.

526 5265 540 5282 -,
560 5216 675 5298 (74)
701 5216 1062 5298 ιξὺρᾶμεκος.
1086 5216 1277 5298 Oili,
1318 5216 1630 5298 εὑρόμενος.

593 5289 682 5369 τε)
720 5289 878 5369 Ἧνξ
897 5301 1053 5369 Deest
1085 5292 1158 5369 in‘
1177 5289 1446 5369 Reg._bm.

623 5359 676 5440 6)
705 5369 808 5433 Δή.
846 5367 1007 5440 Deest
1037 5359 1252 5440 inniteg.
1280 5361 1370 5424 ph.

561 5429 676 5516 (Π)
710 5429 946 5516 ζειεμε·
969 5433 1062 5516 0.!-
1086 5430 1149 5516 ,θ’
1180 5429 1382 5516 “alii:

563 5497 676 5582 (Ἱξ)
706 5497 1156 5582 Στήληνηγιιιε.
1191 5497 1537 5582 ιηῖιιιιίιιιιιειι

703 5559 1422 5654 ξςαὶνάὧιτίθεᾳιὲ.ῌξὶσξει
1473 5567 1662 5638 ltegg.,
1723 5563 1830 5622 duo
1859 5559 2052 5630 Coisl.,

495 5637 590 5708 Or‘.
619 5637 675 5714 2,
712 5648 858 5713 Pan,
893 5655 998 5700 etc.
1028 5643 1182 5696 Deest
1206 5641 1259 5692 in
1284 5637 1372 5692 ed.

581 5090 672 5160 7‘2)
709 5087 958 5156 Hap’éx.
986 5085 1155 5151 chg.
1187 5082 1239 5140 d,
1267 5079 1337 5148 ph
1366 5086 1421 5131 et
1455 5075 1628 5140 Pass.,
1652 5073 1780 5144 παρ’
1793 5072 2053 5136 ἐκείνους.

584 5161 673 5230 75)
707 5159 1026 5226 Φλοτίνην.
1062 5154 1191 5220 lteg.
1221 5151 1308 5217 ph,
1343 5145 1596 5216 πυρίνην.

585 5233 675 5298 74)
701 5227 1062 5296 Εὺράμενος.
1086 5219 1188 5302 _0r.
1221 5221 1277 5284 2,
1318 5216 1630 5288 εὑρόμενος.

593 5301 682 5369 τε)
720 5295 860 5354 Ἦν.
897 5301 1053 5349 Deest
1085 5306 1137 5344 tn
1177 5289 1306 5356 Reg.
1337 5289 1446 5342 bm.

623 5371 676 5440 6)
705 5369 808 5433 Δή.
846 5367 1010 5446 Deestt‘
1037 5359 1252 5446 inniteg.
1280 5361 1370 5424 ph.

1807 4883 1853 4915 "
1899 4882 2036 4960 Gen.
2064 4899 2116 4950 ν,
2141 4884 2203 4939 21
2238 4900 2360 4956 sqq.
2417 4885 2480 4960 ff
2513 4886 2648 4942 Gen.
2675 4903 2750 4954 vn,
2789 4888 2856 4942 l5
2879 4905 3000 4960 sqq.

486 4973 531 5006 “
555 4953 880 5033 Gentixvm',
907 4965 974 5022 10
1003 4953 1126 5034 ειιῖιῖ
1199 4961 1246 4994 ⁸⁵
1273 4960 1412 5016 Gen.
1443 4971 1592 5022 xxtv,
1619 4957 1654 5010 ὃ
1705 4968 1830 5025 sqq.
1902 4953 1946 4985 ⁸⁷
1976 4953 2113 5009 Gen.
2166 4953 2355 5023 xxviii,
2409 4956 2476 5012 ιε
2536 4973 2658 5028 sqq.

2153 4481 2248 4534 καὶ
2275 4481 2465 4536 τούτου
2493 4483 2590 4554 τὴν
2618 4485 2716 4554 οὐχ
2748 4486 3036 4557 ὁραθεῖσαν
3065 4485 3244 4557 μόνον,
3275 4485 3522 4539 ἀλλὰκαὶ
3548 4485 3726 4540 διαϐα·

2154 4569 2337 4624 θεῖσαν
2369 4571 2612 4642 κλίμακα
2638 4577 2758 4636 ταῖς
2783 4574 2925 4628 κατὰ
2952 4576 3115 4647 μέρος
3145 4576 3224 4638 εἰς
3248 4575 3448 4645 ἀρετὴν
3465 4575 3576 4643 (82)
3601 4577 3728 4630 ἀνα-

2155 4658 2366 4724 ϐάσεσι,
2402 4661 2494 4712 καὶ¹
2523 4661 2620 4730 τὴν
2652 4661 2873 4733 στήλην,
2904 4665 2968 4733 ἣν
2993 4663 3092 4716 οὐκ
3121 4663 3358 4733 ἤλειψεν,
3389 4663 3502 4716 ἀλλ’
3547 4664 3726 4736 ἤγειρε

2155 4747 2232 4818 τῷ
2261 4747 2400 4820 Θεῷ,
2432 4755 2499 4802 τά
2525 4750 2632 4804 τῶν
2667 4752 2878 4805 ἀσεϐῶν
2909 4753 3348 4824 στηλιτεύουσαν,
3389 4755 3483 4807 καὶ
3511 4754 3607 4826 τὴν
3633 4755 3728 4810 πά-

3108 4889 3312 4946 “Gen.
3357 4905 3497 4955 xm,
3543 4888 3568 4944 Ι
3606 4907 3720 4964 sqq.

2234 5076 2346 5146 (80)
2381 5079 2562 5147 Ἀγει.
2593 5076 2766 5147 Pass._.
2795 5075 2968 5145 ἀλγεῖ.

2231 5143 2343 5218 (8t)
2373 5143 2651 5217 Σύμϐολα
2695 5145 2806 5212 τῆς
2849 5143 3190 5216 ἡττωμένης
3227 5145 3534 5218 γενέσεως.
3573 5143 3727 5218 cpe-

2158 5212 2606 5293 victae'genitnrae
2651 5228 2824 5293 notas.
2848 5212 3103 5293 {Quibus
3135 5212 3310 5293 verbis
3360 5217 3566 5270 videtur
3599 5212 3726 5293 Gre:

2160 5285 2359 5366 gorius'
2377 5287 2686 5356 signiﬁcare
2714 5289 2815 5339 hoc
2839 5288 3022 5353 praelio
3047 5289 3154 5340 vim
3183 5287 3378 5340 liberos
3407 5285 3714 5352 procreandi

2163 5371 2216 5409 Itt
2240 5354 2438 5410 Jacobo
2467 5356 2788 5410 exsunctam
2819 5355 3004 5410 fuisse.
3024 5357 3308 5410 etquidem
3341 5356 3516 5408 nullos
3541 5368 3714 5410 postea

2163 5356 2216 5409 in
2240 5356 2438 5410 Jacobo
2467 5356 2788 5410 exsunctam
2819 5356 3004 5422 fuisse,
3024 5357 3308 5425 etquidem
3341 5356 3516 5408 nullos
3541 5368 3718 5423 postea

2164 5425 2353 5496 habuit
2384 5436 2578 5494 praeter
2607 5423 2908 5493 Benjamin,
2938 5441 3098 5496 quem
3131 5437 3238 5480 tum
3278 5435 3452 5480 mater
3479 5425 3594 5494 ejus
3619 5422 3722 5478 Ra-

2163 5495 2283 5548 chel
2317 5496 2368 5547 in
2405 5504 2561 5548 utero
2599 5497 2868 5562 gestabat.

2235 5564 2346 5634 (82)
2371 5566 2476 5637 Εἰς
2503 5563 2742 5633 ἀρετήν.
2775 5563 2952 5632 Pass.,
2987 5565 3086 5637 τῆς
3127 5563 3350 5636 ἀρετῆς,
3385 5581 3406 5616 ι
3429 5577 3524 5633 per
3547 5562 3722 5635 singu-

2164 5633 2337 5690 larum
2371 5635 2628 5690 virtutum
2659 5637 2874 5704 gradus.
2899 5654 2917 5688 ι
