3898 6222
163 253 283 310 513
1007 257 1274 314 ORA'IIO
1313 259 1502 317 XLIII.
1541 293 1611 304 —
1652 262 1722 319 IN
1761 264 2050 324 LAUDEM
2086 267 2336 326 BASILII
2377 269 2616 330 MAGNI.
3354 275 3459 335 591

157 371 295 436 λην,
327 366 398 438 ἢν
431 365 534 420 οὐκ
561 365 825 443 ἐπάλαισε
861 365 997 438 πρὸς
1025 368 1180 434 Θεὸν,
1206 370 1320 424 ἀλλ’
1352 373 1495 445 ὑπὲρ
1519 373 1678 440 Θεοῦ,
1711 377 1777 432 τὰ

1887 380 2043 436 ι1ἰ1›υε
2067 381 2257 439 erebo.
2299 383 2374 440 At
2397 385 2560 456 huius
2589 382 2782 450 etiam,
2832 399 2937 440 non
2970 395 3313 457 conspectam
3349 400 3462 442 ιειηο

156 458 282 514 τῶν
317 457 617 530 αἱρετικῶν
645 459 1120 522 καταϐάλλουσαν,
1155 464 1256 534 τήν
1303 481 1363 517 τε
1403 468 1774 539 ποιμαντικὴν

1887 481 2018 535 tum,
2051 473 2146 528 sed
2175 481 2231 528 et
2265 475 2576 542 transitam,
2611 483 2667 530 et
2692 489 2790 546 per
2828 475 3176 545 quotidiauos
3203 477 3464 532 virtutum

155 549 264 602 τοῦ
309 546 524 623 ἀνδρὸς,
581 551 642 618 ἐξ
687 546 757 623 ἦς
806 551 1130 622 ἐπλούτησε,
1174 554 1346 608 πλείω
1393 557 1502 610 τῶν
1549 559 1777 629 ἀσήμων

1887 567 2080 632 gradus
2115 579 2468 622 conscensum
2518 567 2737 622 scalam'
2777 567 2936 622 laudo
2963 609 2980 633 ,
3027 577 3081 622 et
3119 569 3460 630 columnam,

158 642 468 714 προϐάτων
505 643 848 715 κτησάμενος
876 643 944 698 τὰ
975 645 1245 716 ἐπίσημα,
1279 648 1379 720 τήν
1399 665 1458 701 τε
1485 648 1654 720 καλὴν
1677 667 1776 703 πο-

1887 671 2046 726 quam
2083 657 2210 726 Deo,
2242 675 2348 714 non
2385 659 2600 728 quidem
2631 661 2806 724 unxit,
2829 661 2922 714 sed
2946 660 3144 725 erexit,
3173 661 3462 731 impiorum

159 733 465 788 λυτεκνίαν
500 735 611 788 τῶν
641 733 784 788 κα.τά
809 734 942 789 Θεὸν
965 736 1359 809 γεννηθέντων,
1389 739 1482 794 καὶ
1504 740 1602 813 τὴν
1630 742 1777 796 εὐλο-

1887 749 2138 817 dogmata
2209 753 2276 804 ad
2334 750 2572 806 infamia)
2632 751 2977 820 sempiternae
3041 761 3222 806 nolam
3285 751 3462 805 inusta

157 825 322 888 τίαν,
420 825 648 891 πολλοὺς
679 828 983 900 ἐστήριξεν.

1887 839 2275 906 continentem,
2307 854 2537 912 eamque
2557 819 2984 904 dimicationem,
3015 858 3198 912 quam,
3229 856 3336 896 non
3368 839 3465 897 ad-

157 930 370 972 versus
408 917 602 982 Deum,
653 921 748 975 sed
797 937 897 992 pro
929 921 1038 978 Deo
1091 923 1354 994 suscepit,
1393 925 1770 984 haereticorum
1811 929 2064 1000 dogmata
2127 913 2572 1004 dejicientem'ac
2610 943 3076 1004 prosternentem;
3128 950 3192 990 ac
3235 946 3462 1006 praeter—

160 1026 230 1067 ea
268 1017 606 1084 pastoralem
648 1017 794 1072 illius
823 1027 1022 1084 artem,
1047 1035 1113 1074 ex
1143 1035 1250 1090 qua
1283 1021 1644 1092 locupletatus
1702 1035 1809 1094 est,
1850 1025 2034 1096 plures
2076 1043 2205 1085 oves
2275 1029 2596 1100 insignitas,
2631 1044 2792 1100 quam
2839 1030 2978 1101 signi
3029 1039 3280 1098 expertes
3335 1030 3464 1085 ade-

117 1193 132 1202 ,
164 1121 340 1179 plus;
376 1111 680 1182 elegantem
727 1113 859 1170 item
907 1126 964 1170 et
1012 1131 1354 1173 numerosam
1405 1119 1644 1175 sobolem
1729 1121 2026 1178 secundum
2099 1125 2266 1180 Deum
2312 1125 2670 1196 progenitam,
2739 1139 2805 1180 ac
2843 1125 3074 1196 denique
3120 1125 3456 1180 benedictio-

167 1219 326 1268 nem,
369 1221 474 1275 qua
507 1207 708 1263 multos
739 1207 1050 1264 suﬂ‘ulcivit.

237 1295 364 1349 OB'.
407 1296 604 1368 Ἰωσὴφ
644 1299 862 1368 ἐγένετο
890 1301 1186 1375 σιτοδότης,
1213 1303 1332 1358 ἀλλ’
1373 1305 1647 1375 Αἰγύπτου
1673 1306 1772 1378 μό-

1953 1307 2163 1364 LXXII.
2205 1307 2406 1377 Ioseph
2439 1307 2694 1362 frumenti
2739 1307 3055 1361 distributor
3099 1305 3200 1360 fuit
3246 1307 3324 1370 ιε,
3363 1303 3460 1360 sed

165 1402 294 1457 νης,
327 1386 424 1440 καὶ
448 1388 510 1440 οὐ
547 1389 829 1456 πολλάκις,
865 1393 959 1445 κα)¹
988 1395 1317 1466 σωματικῶς
1337 1411 1352 1426 ⁸
1387 1397 1415 1448 ὁ
1445 1395 1501 1449 δὲ
1532 1397 1768 1467 πάντων,

1887 1399 2099 1474 Egypti
2129 1401 2415 1469 duntaxat,
2449 1413 2624 1469 neque
2655 1399 2704 1452 id
2743 1397 2963 1468 smpius,
2997 1413 3094 1452 nec
3129 1397 3230 1452 nisi
3265 1413 3462 1468 corpo-

166 1479 268 1532 κα).
315 1480 404 1534 ἀεὶ
430 1519 445 1546 ,
487 1483 584 1534 καὶ
617 1485 1029 1554 πνευματικῶς,
1085 1486 1223 1559 ὅπερ
1276 1489 1401 1560 ἐμοὶ
1434 1489 1532 1560 τῆς
1568 1491 1768 1543 σιτοδο-

1887 1510 1970 1548 reo
2017 1495 2195 1550 modo.
2227 1495 2296 1546 At
2325 1493 2434 1560 hic,
2466 1503 2522 1546 et
2547 1492 2812 1555 omnium,
2847 1499 2902 1544 et
2943 1505 3176 1560 semper,
3203 1499 3256 1546 et
3295 1491 3457 1560 spiri-

167 1570 298 1634 σίας
323 1573 437 1643 (85)
461 1574 681 1646 ἐκείνης
710 1576 1153 1650 αἰδεσιμώτερον.
1188 1581 1347 1634 Μετά
1395 1581 1512 1635 Ἰὼϐ
1537 1586 1630 1636 τοῦ
1656 1583 1768 1636 Αὑ-

1887 1584 2000 1639 Luali
2053 1585 2210 1638 modo
2250 1603 2264 1638 :
2319 1585 2462 1654 quod
2500 1585 2718 1654 quidem
2769 1583 2856 1636 illa
2897 1583 3154 1638 frumenti
3200 1583 3459 1638 distribu-

165 1664 324 1717 σίτου
352 1664 486 1735 (84),
516 1669 612 1720 καὶ
639 1669 989 1741 πεπείραται.
1017 1673 1112 1725 καὶ
1141 1673 1412 1744 νενίκηκε,
1446 1674 1541 1728 καὶ
1572 1676 1772 1747 ἀνηγό-

169 1773 368 1828 ρευται
397 1758 668 1830 λαμπρῶς
699 1763 792 1816 ἐπὶ
815 1763 959 1817 τέλει
1009 1765 1117 1819 τῶν
1143 1765 1320 1820 ἄθλων
1346 1807 1360 1830 ,
1417 1768 1610 1839 μηδενὶ
1659 1769 1772 1823 τῶν

163 1851 539 1905 τινασσὸντων
563 1853 772 1906 πολλῶν
797 1854 967 1910 ὄντων
995 1858 1394 1924 κατασεισθεὶς,
1425 1859 1560 1914 ἀλλά
1590 1861 1771 1932 πολλῷ

163 1942 250 2013 τῷ
281 1943 529 2014 περιόντι
569 1944 660 1998 τὸν
704 1948 1008 2019 πειραστὴν
1043 1948 1155 2019 (85)
1196 1950 1633 2015 καταπαλαίσας,
1673 1952 1770 2005 καὶ

163 2034 282 2087 τῶν
312 2035 481 2104 φίλων
517 2036 614 2107 τὴν
648 2037 870 2108 ἀλογίαν
897 2041 1258 2111 ἐπιστομίσας
1279 2084 1296 2108 ,
1341 2043 1680 2111 ἀγνοούντων
1707 2045 1770 2098 τὸ

164 2125 269 2180 τοῦ
301 2127 508 2191 πάθους
545 2131 840 2201 μυστήριον
872 2131 1006 2202 (8ϋ).
1037 2133 1300 2202 Μωῡσῆς
1324 2135 1423 2189 καὶ
1461 2135 1678 2206 Ἀαρὼν
1703 2139 1774 2190 ἐν

165 2218 303 2284 τοῖς
334 2219 446 2290 (87)
471 2221 739 2289 ἱερεῦσιν
761 2223 970 2278 αὐτοῦ.
1018 2225 1128 2278 Καὶ
1159 2226 1334 2295 μέγας
1383 2229 1625 2299 Μωῦσῆς
1674 2229 1772 2299 μὲν

167 2309 450 2378 Αἴγυπτον
483 2310 798 2380 βασανίσας,
831 2312 960 2366 λαὸν
989 2314 1100 2386 (88)
1130 2314 1404 2380 διασώσας
1429 2319 1488 2370 ἐν
1523 2319 1773 2388 σημείοις

168 2402 394 2467 πολλοῖς
429 2404 525 2458 καὶ
560 2404 774 2476 τέρασι,
808 2407 908 2479 τῆς
937 2407 1167 2479 νεφέλης
1195 2407 1326 2462 είσω
1363 2411 1619 2480 χωρήσας
1643 2451 1656 2473 ,
1689 2427 1773 2462 νο-

179 2493 490 2568 μοθετήσας
511 2495 606 2550 τὸν
635 2496 857 2551 διπλοῦν
885 2497 1071 2569 νόμον,
1107 2499 1199 2552 τόν
1227 2517 1286 2552 τε
1319 2499 1414 2554 τοῦ
1445 2501 1773 2572 γράμματος

175 2587 403 2654 ἔξωθεν,
433 2591 527 2643 καὶ
551 2591 676 2654 ὅσος
708 2590 918 2644 ἔνδοθεν
945 2592 1038 2644 τὸν
1062 2590 1156 2645 τοῦ
1188 2592 1525 2662 Πνεύματος.
1565 2593 1772 2664 Ἀαρὼν

172 2680 236 2736 δὲ
272 2683 552 2747 Μωῡσέως
587 2683 836 2752 ἁδελφὸς,
869 2685 1048 2738 καὶτὸ
1077 2684 1235 2756 σῶμα
1255 2726 1269 2745 ,
1316 2685 1412 2738 καί
1443 2685 1503 2738 τὸ
1533 2685 1770 2756 πνεῦμα,

174 2772 276 2827 τοῦ
307 2773 439 2826 λαοῦ
470 2774 841 2846 προθυόμενος
869 2777 964 2830 καὶ
1000 2777 1438 2847 προσευχόμενος
1487 2776 1630 2848 (89),
1673 2777 1774 2848 μύ-
1804 2811 1847 2867 C

181 2882 322 2937 στης
343 2867 441 2938 τῆς
477 2868 626 2936 ἱερᾶς
660 2873 754 2921 καὶ
781 2868 1024 2939 μεγάλης
1048 2869 1271 2940 σκηνῆς,
1295 2871 1360 2941 ἣν
1395 2869 1594 2940 ἔπηξεν
1621 2872 1649 2922 ὁ
1671 2869 1778 2923 Κύ-

183 2974 325 3029 ριος,
351 2959 446 3012 καὶ
478 2959 578 3038 op):
611 2959 720 3030 (90)
747 2960 1054 3030 ἄνθρωπος,
1084 2961 1302 3016 Τούτων
1347 2962 1403 3014 δὲ
1448 2961 1777 3032 ἀμφοτέρων

178 3048 434 3118 ζηλωτὴς
460 3050 686 3112 ἐκεῖνος,
726 3049 1030 3120 βασανίζων
1056 3050 1174 3120 μὲν,
1206 3049 1266 3101 οὐ
1305 3051 1644 3118 σωματικαῖς
1675 3047 1779 3119 μά-

181 3141 350 3208 στιξι,
386 3144 783 3212 πνευματικαῖς
815 3141 873 3194 δὲ
896 3140 988 3194 καὶ
1014 3141 1278 3209 λογικαῖς,
1325 3141 1477 3204 ἔθνος
1502 3141 1779 3212 αἱρετικὸν

181 3235 283 3288 καὶ
328 3233 662 3302 Αἰγύπτιον·
717 3233 865 3302 ἄγων
916 3233 972 3286 δὲ
1013 3233 1140 3287 λαὸν
1169 3233 1504 3304 περιούσιον,
1532 3233 1778 3306 ζηλωτὴν

180 3325 369 3381 καλῶν
395 3325 592 3397 ἔργων,
628 3325 722 3377 ἐπὶ
741 3324 837 3395 τὴν
866 3328 970 3396 γῆν
1003 3325 1100 3395 τῆς
1126 3324 1482 3394 ἐπαγγελίας,
1501 3322 1683 3390 ’πλαξὶ
1719 3325 1778 3378 δὲ

181 3419 386 3488 νόμους
415 3417 734 3486 ἐγγράφων,
764 3417 824 3468 οὐ
857 3416 1328 3488 συντριϐομέναις,
1359 3415 1494 3470 ἀλλά
1531 3413 1778 3484 σωζομέ-

184 3530 326 3576 ναις,
357 3513 458 3564 οὐκ
511 3510 593 3564 ἔτι
647 3509 931 3572 σκιοειδεῖς
983 3509 1118 3580 (9-1),
1166 3509 1278 3562 ἀλλ’
1313 3510 1434 3562 ὅλον
1478 3527 1780 3580 πνευματι-

185 3605 319 3670 κούς
351 3604 461 3675 (92)
489 3622 503 3635 ο
529 3607 609 3667 εἰς
638 3603 696 3656 δέ
732 3605 800 3656 τά
827 3604 996 3672 ’Ἅγια
1026 3602 1135 3656 τῶν
1163 3603 1356 3672 ἁγίων,
1383 3604 1484 3674 οὐχ
1509 3603 1657 3667 ἅπαξ
1683 3603 1777 3656 τοῦ

186 3694 462 3760 ἐνιαυτοῦ,
497 3694 760 3756 πολλάκις
814 3694 870 3747 δὲ
927 3694 1062 3764 (95),
1093 3695 1186 3747 καὶ
1234 3692 1352 3746 καθ’
1388 3695 1626 3764 ἑκάστην
1655 3735 1668 3760 ,
1705 3695 1780 3758 ὡς

186 3790 387 3852 εἰπεῖν,
415 3785 600 3841 εἰσιὼν
627 3786 726 3857 τὴν
747 3785 986 3856 ἡμέραν,
1013 3785 1134 3838 ὅθεν
1161 3785 1260 3855 τὴν
1286 3785 1448 3853 ἁγίαν
1483 3787 1614 3856 ἡμῖν
1645 3786 1774 3838 ἀνα-

185 3880 456 3936 καλύπτει
486 3879 709 3950 Τριάδα.
737 3879 832 3932 καὶ
859 3877 986 3931 λαὸν
1016 3877 1314 3950 καθαίρων.
1339 3878 1399 3930 οὐ
1425 3876 1782 3949 προσκαίροις

190 3974 574 4046 ῥαντίσμασιν,
605 3971 718 4025 ἀλλ’
748 3970 938 4034 ἀϊδίοις
962 3971 1281 4041 ἀγνίσμασι.
1319 3969 1383 4022 Τί
1402 3971 1463 4022 τὸ
1496 3970 1782 4024 κάλλιστον

203 4066 418 4138 Ἰησοῦ;
445 4065 756 4137 Στρατηγία
785 4105 801 4128 ,
864 4065 959 4117 καὶ
1009 4063 1353 4134 κληροδοσία,
1411 4064 1506 4116 καὶ
1553 4063 1654 4134 γῆς
1681 4063 1781 4134 τῆς

1875 1679 2038 1741 tione,
2089 1693 2205 1731 mea
2259 1677 2477 1746 quidem
2537 1677 2803 1730 sententia
2833 1715 2846 1738 ,
2907 1675 3060 1743 longe
3112 1677 3457 1745 praestantius

1875 1770 2262 1837 angustiusque
2297 1766 2628 1820 censendum
2678 1777 2783 1822 est.
2823 1765 2958 1821 Cum
3005 1765 3104 1820 Job
3147 1767 3358 1830 Ausita,
3403 1777 3458 1822 et

1875 1861 2110 1912 tentatus
2135 1869 2242 1924 est,
2279 1869 2332 1912 et
2360 1859 2606 1926 superior
2631 1859 2902 1922 discessit,
2937 1859 3307 1928 confectisque
3335 1875 3458 1914 cer-

1877 1950 2208 2016 taminibus,
2272 1951 2466 2005 illustri
2527 1952 2799 2020 praeconio
2854 1954 3025 2007 victor
3077 1953 3458 2022 pronuntiatus

1873 2051 1957 2096 est
1984 2041 2030 2074 "°
2062 2060 2076 2098 :
2108 2051 2167 2096 ut
2196 2043 2286 2111 qui
2323 2043 2470 2097 nullo
2509 2044 2905 2098 incursantium
2929 2043 3308 2110 acerbitatum,
3339 2059 3458 2114 quae

1875 2133 2055 2188 multa:
2110 2135 2345 2200 fuerunt,
2385 2135 2584 2204 impetu
2640 2150 2942 2190 concussus
2996 2144 3052 2190 et
3104 2135 3459 2191 labefactatus

1876 2223 2085 2288 fuisset,
2133 2226 2227 2280 sed
2275 2235 2598 2281 tentatorem
2651 2226 2863 2282 abunde
2921 2239 3251 2296 superasset,
3297 2237 3461 2297 atque

1879 2315 2179 2368 amicorum
2213 2315 2541 2370 calamitatis
2575 2297 2834 2370 arcanum
2883 2318 3246 2387 ignorantium
3277 2317 3458 2372 stulti-

1877 2403 2006 2456 tiam
2045 2419 2109 2459 ac
2157 2408 2523 2460 temeritatem
2557 2411 2928 2476 repressisset.
2968 2409 3172 2478 Moyses
3201 2419 3248 2462 et
3279 2410 3460 2464 Aaron

1874 2499 1928 2551 in
1961 2500 2324 2554 sacerdotibus
2350 2499 2466 2568 ejus
2515 2498 2586 2556 '°.
2625 2499 2692 2553 Et
2725 2515 2951 2570 magnus
2979 2501 3194 2570 quidem
3227 2499 3457 2570 Moyses,

1875 2591 1966 2660 qui
2013 2589 2305 2662 Egyptum
2356 2593 2591 2654 vexavit,
2641 2589 2894 2660 populum
2951 2591 3002 2646 in
3057 2592 3230 2662 signis
3275 2592 3459 2657 multis

1877 2681 2242 2752 prodigiisque
2292 2684 2532 2737 servavit
2591 2682 2668 2746 δι,
2722 2683 2862 2736 intra
2926 2683 3122 2738 nubem
3173 2686 3456 2753 processit,

1877 2773 2146 2842 duplicem
2173 2773 2344 2842 legem
2379 2775 2585 2838 sanxit,
2618 2771 2906 2826 litleralem
2932 2775 3184 2827 nimirum
3212 2785 3457 2843 extet-ne,

1879 2865 2215 2932 spiritualem
2248 2867 2477 2920 interne.
2553 2867 2732 2919 Aaron
2761 2875 2966 2928 autem,
3003 2865 3222 2937 Moysis,
3253 2876 3308 2922 et
3335 2881 3458 2922 cor-

1878 2973 2009 3028 pore
2037 2999 2052 3021 .
2081 2969 2134 3013 et
2171 2959 2366 3028 spiritu
2406 2957 2572 3012 frater
2595 3000 2611 3024 ,
2643 2973 2740 3027 pro
2767 2960 2941 3013 salute
2971 2959 3146 3028 p0puli
3189 2973 3377 3027 preces
3405 2971 3458 3014 et

1880 3051 2150 3106 sacrificia
2183 3051 2250 3104 ad
2282 3050 2450 3105 Deum
2483 3051 2745 3129 adhibens
2775 3051 2844 3117 ⁸³,
2898 3051 3078 3120 magni
3114 3051 3257 3104 illius
3295 3061 3347 3106 et
3375 3067 3465 3106 sa-

1879 3145 2150 3200 crosancti
2183 3143 2514 3198 tabernaeuli
2549 3154 2752 3214 mystes
2777 3181 2792 3207 ,
2844 3143 2988 3214 quod
3025 3143 3142 3196 fixit
3173 3141 3453 3208 Dominus,

1881 3249 1945 3288 ac
1981 3249 2085 3289 non
2113 3234 2276 3288 homo
2301 3233 2370 3286 ³³.
2429 3231 2723 3300 Utriusque
2750 3235 2938 3287 horum
2976 3234 3064 3287 ille
3087 3233 3312 3288 aemulus
3341 3235 3460 3300 fuit,

1881 3326 2191 3381 haereticam
2228 3335 2284 3378 et
2318 3323 2635 3395 {Egyptiam
2671 3325 2946 3380 nationem
2971 3365 2986 3392 ,
3031 3342 3135 3380 non
3164 3329 3461 3397 corporeis,

1883 3416 1980 3471 scd
2005 3416 2382 3486 spiritualibus
2413 3418 2586 3486 plagis
2608 3417 2966 3484 excrucians;
2997 3417 3252 3486 populum
3282 3426 3462 3472 autem

1886 3509 2280 3578 acquisitionis,
2311 3511 2575 3563 bonorum
2599 3523 2824 3575 operum
2847 3519 3168 3563 sectatorem
3183 3508 3230 3541 l“
3251 3510 3316 3564 ad
3341 3525 3467 3579 pro-

1882 3601 2161 3656 missionis
2196 3611 2392 3656 terram
2424 3602 2629 3655 ducens
2655 3641 2670 3666 ,
2707 3610 2764 3655 et
2799 3601 3014 3667 tabulis,
3051 3616 3170 3670 qua:
3204 3617 3309 3656 non
3343 3617 3467 3672 per-

1885 3694 2194 3764 fringuntur
2217 3736 2231 3757 ,
2269 3695 2362 3748 sed
2391 3703 2822 3758 conservantur,
2856 3692 3032 3762 leges,
3093 3709 3198 3746 non
3233 3693 3337 3755 iam
3369 3694 3468 3748 ob-

1883 3800 2076 3840 scuras
2107 3797 2163 3840 et
2195 3786 2548 3840 obumbratus
2573 3824 2588 3849 ,
2623 3787 2718 3840 sed
2753 3786 2898 3839 omni
2929 3801 2995 3839 ex
3032 3799 3184 3854 parte
3215 3788 3466 3858 spiritua-

1885 3873 1988 3941 Ies,
2021 3877 2322 3930 inscribens
2350 3891 2364 3940 ;
2398 3883 2561 3940 atque
2586 3874 2720 3929 adeo
2746 3874 2910 3944 827
2943 3876 2992 3926 iu
3021 3876 3218 3929 Sancta
3253 3886 3468 3932 sancto-

1885 3989 2027 4038 rum,
2059 3986 2166 4026 non
2195 3969 2356 4024 semel
2401 3968 2729 4036 quotannis,
2766 3970 2860 4021 sed
2897 3970 3112 4037 saepius,
3170 3979 3223 4022 et
3251 4009 3264 4033 ,
3299 3980 3357 4024 ut
3391 3972 3463 4024 ita

1883 4065 2080 4128 dicam,
2113 4062 2354 4129 quotidie
2405 4060 2733 4128 ingrediens,
2772 4069 2935 4129 atque
2971 4061 3095 4114 hinc
3143 4061 3299 4120 nobis
3337 4078 3462 4121 sau-

189 4159 353 4228 ἁγίας
387 4159 746 4226 κατάσχεσις·
776 4157 804 4208 ὁ
839 4155 916 4219 δὲ,
943 4156 1042 4209 οὐκ
1073 4155 1301 4226 ἔξαρχος
1335 4155 1482 4223 (94);
1515 4157 1574 4208 οὐ
1621 4171 1777 4225 στρα-

1887 4167 2030 4214 ctam
2076 4155 2398 4210 Trinitatem
2451 4154 2744 4221 detegens.
2801 4169 2866 4211 ac
2893 4169 3188 4226 postremo,
3235 4175 3339 4213 non
3373 4177 3468 4230 per

184 4253 361 4325 ’πηγὸς
393 4251 500 4305 τῶν
547 4251 636 4304 διὰ
671 4251 905 4312 πίστεως
941 4247 1300 4319 σωζομένων;
1343 4248 1404 4300 οὐ
1448 4247 1777 4319 κληροδὸτης

187 4345 300 4398 τῶν
331 4343 604 4414 διαφόρων
636 4342 788 4411 παρά
819 4340 938 4410 Θεῷ
961 4340 1180 4409 κλήρων
1223 4341 1318 4392 καὶ
1349 4339 1546 4410 μονῶν,
1576 4339 1641 4403 ἃς
1669 4339 1786 4393 δια-

193 4437 350 4508 νέμει
377 4438 490 4498 τοῖς
540 4434 828 4505 ἀγομένοις
858 4432 998 4504 (95);
1025 4431 1166 4484 ὥστε
1218 4432 1480 4500 κάκείνην
1522 4430 1785 4484 δύνασθαι

189 4532 291 4602 τὴν
315 4529 496 4600 φωνὴν
535 4530 746 4591 εἰπεῖν,
777 4527 858 4580 ὅτι
905 4527 1153 4594 Σχοινία
1189 4524 1494 4578 ἐπέπεσόν
1529 4524 1640 4594 (96)
1682 4541 1786 4594 μοι

187 4624 262 4678 ἐν
299 4621 423 4688 τοῖς
452 4621 829 4689 κρατίστοιςε
868 4619 982 4683 καὶ,
1029 4619 1124 4671 Ἐν
1150 4617 1281 4682 ταῖς
1326 4618 1501 4687 χερσί
1546 4633 1663 4671 σου
1721 4617 1777 4671 οἱ

265 4812 312 4844 ⁸⁸
339 4811 473 4868 Gen.
510 4827 616 4872 xu.
649 4811 718 4864 40
768 4826 886 4880 sqq.
964 4809 1008 4842 δι’
1039 4807 1150 4880 Job
1172 4825 1208 4865 ι.
1235 4809 1306 4863 l9.
1336 4825 1455 4878 sqq.

191 4884 370 4953 Asqq.
445 4881 685 4936 “llcbr.
723 4877 930 4947 vui,"2.
1010 4879 1056 4911 “
1109 4877 1216 4932 Tit.
1267 4895 1327 4944 ll,
1378 4877 1468 4940 ll.

267 5013 380 5084 (85)
412 5012 786 5079 Σιτοδοσίας.
819 5012 948 5084 Reg.
983 5013 1076 5078 ph,
1104 5015 1473 5084 σιτομετρίας.

267 5080 382 5158 (84)
423 5085 710 5158 Αὺσίτουμ.
757 5102 774 5134 ι
794 5080 1002 5137 Au’sita.
1033 5101 1052 5135 ι
1100 5080 1239 5138 ΒΠΙΣ
1259 5104 1276 5136 σ
1307 5080 1558 5152 Ilussita;
1587 5106 1604 5138 ι
1637 5089 1782 5158 quod

201 5152 448 5224 vulgatae
476 5155 750 5224 congruit.

268 5222 381 5297 (83)
410 5223 772 5297 Πειραστήν.
809 5222 866 5277 In
889 5222 1185 5297 nonnullis,
1213 5227 1494 5297 σοφιστήν.

271 5292 386 5364 (86)
409 5294 481 5366 Τὸ
501 5295 608 5366 τοῦ
631 5295 862 5366 πάθους
871 5292 1230 5366 μυστήριον.
1254 5296 1344 5350 Sic
1376 5292 1555 5366 plures
1583 5297 1779 5366 ηεαδ..

199 5365 363 5422 Coisl.
405 5365 454 5430 I,
489 5364 582 5419 0r.
611 5367 672 5431 2,
713 5365 862 5432 Pan,
891 5366 1043 5421 Pass.
1087 5365 1144 5420 In
1195 5369 1304 5432 ed.,
1351 5365 1450 5420 τοῦ
1485 5367 1691 5432 πάθους
1708 5364 1786 5420 ’τὸ

203 5437 523 5508 eversam-

270 5504 399 5574 (87)
433 5507 530 5559 Ἐν
553 5504 702 5570 τοῖς.
753 5504 843 5559 Sic
890 5505 1072 5574 plures
1099 5506 1258 5560 codd.
1299 5505 1356 5561 In
1392 5507 1477 5562 ed.
1524 5507 1676 5561 deest
1704 5508 1782 5560 ἐν.

271 5575 386 5644 (88)
416 5578 597 5630 Ααόγ.
630 5577 810 5639 Passa,
843 5577 935 5629 καὶ
966 5575 1115 5632 λαόν.

272 5647 389 5714 (89)
421 5649 938 5719 Προσευχόμενος.
994 5647 1084 5704 Sic
1130 5649 1312 5719 plures
1366 5647 1532 5717 ﬂegg.
1573 5645 1629 5701 In
1672 5647 1786 5710 ed.,

198 5716 627 5790 πρανχὸμενος.

1552 4810 1599 4842 ³ο
1642 4811 1782 4864 Ρςειι,
1833 4820 2022 4868 ιονιιι,
2049 4802 2104 4856 6.

1570 4883 1616 4914 ⁵⁵
1661 4881 1775 4936 Jos.
1818 4897 1860 4941 ι,
1905 4879 1940 4931 2
1983 4891 2103 4944 sqq.

1885 4250 2060 4305 ﬂuxas
2087 4257 2140 4302 et
2165 4247 2398 4301 caducas
2425 4245 2792 4315 aspersiones,
2822 4249 2914 4304 sed
2939 4265 3033 4318 per
3063 4260 3290 4306 aeternas
3321 4254 3468 4322 puri-

1886 4343 2188 4400 ficationes,
2217 4338 2398 4409 populi
2431 4337 2580 4395 labes
2613 4341 2816 4396 eluens.
2877 4341 3014 4408 Quid
3043 4342 3464 4410 pulcherrimum

1885 4433 2076 4488 habuit
2108 4430 2272 4487 Josue
2295 4430 2342 4464 ⁵³
2367 4434 2392 4485 ⁸1
2455 4431 2687 4485 Militare
2721 4431 3002 4500 imperium
3029 4474 3043 4499 ,
3079 4444 3134 4489 et
3163 4437 3465 4498 portionum

1885 4523 2354 4588 distributionem,
2391 4532 2661 4592 terraeque
2690 4535 2891 4578 sancta:
2919 4528 3334 4594 possessionem.
3363 4529 3468 4582 Iste

1888 4633 2055 4687 vero,
2098 4631 2276 4672 nonne
2331 4611 2669 4683 imperator?
2739 4611 2926 4670 Nonne
2955 4617 3058 4670 dux
3106 4631 3338 4681 eorum,
3375 4615 3464 4684 qui

2217 4801 2262 4832 ⁸¹
2303 4799 2470 4854 Exod.
2514 4813 2609 4862 vlt,
2663 4796 2697 4851 8
2754 4811 2878 4866 sqq.
2990 4797 3035 4827 "
3085 4795 3233 4848 Exod
3319 4809 3464 4860 xxxx,

1964 5010 2077 5098 ('9_0)
2107 5007 2216 5098 K_al
2249 5009 2382 5060 οὐκ.
2419 5007 2508 5060 Sic
2539 5014 2714 5058 textus
2741 5018 2915 5068 sacer,
2936 5011 2990 5056 et
3015 5000 3146 5072 Reg.
3189 5001 3280 5071 ph.
3309 5001 3461 5056 Deest

1887 5097 2070 5218 καξξὶτ)
2101 5085 2444 5210 Extendat}.
2479 5145 2735 5218 Ileg._ph,
2767 5143 3141 5197 σκιοειδέσσιν.

2102 5213 2578 5285 Πνευματικονύςέ
2599 5215 2728 5284 Reg.
2757 5221 2848 5285 pla,
2875 5213 3299 5285 πνευματικαῖς.

1959 5283 2072 5364 (95)
2101 5283 2406 5364 ῌρλλὲιξκις
2435 5285 2520 5338 δέ.
2555 5283 2730 5364 Ρει-εεζ,
2763 5283 2901 5337 ἀλλὰ
2917 5283 3210 5364 πολλάκις.

1958 5351 2070 5433 (94)
2099 5360 2220 5433 ρὺκ
2248 5357 2505 5423 ἔξαρχος
2523 5371 2541 5418 ;
2560 5375 2588 5433 ,ι
2618 5357 2813 5433 ἥρωι-(ε.
2849 5358 3119 5433 princeps,
3142 5351 3414 5433 exarcliaf
3437 5367 3462 5406 δ

1889 5424 2095 5486 Allutlit
2128 5428 2309 5481 forsan
2360 5433 2424 5477 ad
2457 5426 2604 5478 sedis
2637 5425 2815 5478 Basilii
2850 5424 3192 5488 dignitatem,
3224 5439 3344 5492 qua:
3376 5431 3464 5478 ιο-

1889 5503 1994 5556 lius
2028 5499 2264 5552 Pontica:
2293 5498 2594 5548 dicet-escus
2627 5503 2788 5562 caput
2815 5503 2952 5546 crat.

1959 5569 2088 5650 _(9_5).
2115 5567 2473 5636 Ἀγομέ-νοις.
2509 5561 2740 5630 [Vit-etus,
2772 5583 2790 5614 ι
2817 5565 2879 5616 iis
2897 5577 3032 5632 quos
3063 5562 3222 5632 regit,
3247 5580 3266 5614 ι
3288 5561 3462 5632 idest,

1890 5641 2140 5696 subditis.

1959 5709 2071 5781 (96)
2120 5707 2474 5762 Ἐπέπεσον.
2507 5707 2599 5761 Or.
2627 5705 2678 5770 "‘2,
2722 5702 2976 5758 ἐπέπεσε.
