3898 6222
336 366 345 371 ρ
431 332 543 388 595

1650 339 1708 393 S.
1755 336 2081 394 GItEGORII
2123 336 2472 393 THEOLOGI
3609 340 3742 401 596

428 446 659 501 salutem
695 444 789 516 per
829 448 984 505 (idem
1017 454 1424 522 assequuntur?
1458 454 1647 509 Nonne
1678 456 2015 509 diversarum

2133 452 2337 521 ιιληῆροί
2352 472 2472 523 μου
2490 472 2502 484 ·
2538 453 2725 525 κλῆροι
2754 456 2861 509 τῶν
2893 458 3069 527 χαμαὶ
3103 457 3411 529 ἐρχομένων
3434 499 3448 524 ,
3483 459 3585 512 καὶ
3614 460 3733 531 άρο

432 540 809 594 luereditatum
843 555 908 596 ac
942 544 1303 609 mansionum,
1330 562 1450 615 qua:
1485 548 1622 616 apud
1655 545 1821 601 Deum
1864 555 2010 611 sunt,

2133 544 2445 615 παζομένων
2480 545 2659 616 πολλῷ
2684 546 3018 618 τιμιώτεροι.

431 630 760 699 assignator,
797 647 932 701 quas
967 633 1227 689 militibus
1253 636 1365 690 suis
1393 636 1706 690 distribuit?
1756 637 1898 715 Atleo
1936 646 1993 688 ut
2032 635 2133 689 hac
2179 650 2393 705 quoque
2423 652 2554 689 voce
2622 638 2736 703 ipse
2808 639 2884 691 nti
2952 640 3163 707 possit:
3204 637 3379 694 Funes
3411 641 3736 695 ceciderunt

426 727 558 782 mihi
632 729 689 782 in
755 730 1027 799 prwclaris
1062 732 1147 784 In:
1210 741 1265 785 et
1307 747 1536 789 rursus:
1576 733 1643 787 In
1686 733 1927 787 manibus
1972 733 2077 786 tuis
2113 743 2279 788 sortes
2338 750 2463 788 mea:
2496 734 2577 801 ⁸⁷;
2628 744 2801 789 sortes
2836 736 3028 806 utique
3073 735 3178 802 iis,
3236 749 3356 804 qua:
3405 735 3556 790 humi
3599 752 3739 791 ser-

429 828 585 888 pnt,
622 834 684 873 ae
715 820 873 889 diripi
909 832 1155 889 possunt,
1183 824 1352 878 multo
1379 827 1804 893 praestantiores.

505 907 716 963 LXXIII
801 911 989 979 Atque,
1027 922 1085 965 ut
1115 911 1344 979 iudices,
1394 923 1449 968 et
1494 914 1737 984 iudicum
1765 913 2012 968 clarissi-

431 1015 548 1056 mos
590 1016 833 1070 quosque
870 1016 1275 1070 przetcreamus,
1328 1003 1544 1060 Samuel
1592 1010 1734 1061 inter
1771 1022 1882 1071 eos,
1924 1006 2015 1076 qui

431 1093 684 1146 invocant
719 1108 905 1147 nomen
948 1094 1062 1163 ejus
1097 1095 1175 1157 ⁸⁸⁵,
1211 1104 1267 1148 et
1311 1105 1434 1149 ante
1475 1098 1811 1152 nativitatem
1850 1096 2018 1150 dona-

434 1193 520 1238 tus
543 1182 622 1247 '9,
651 1192 699 1238 et
738 1192 861 1254 post
890 1184 1225 1239 nativitatem
1258 1188 1538 1242 confestim
1585 1204 1761 1254 sacer,
1792 1204 1856 1241 ac
1897 1201 2018 1240 cor-

435 1290 504 1329 nu
530 1289 629 1328 suo
652 1290 805 1345 reges
832 1283 885 1328 et
908 1278 1217 1331 sacerdotes
1249 1294 1453 1347 angens
1480 1281 1544 1332 6°.
1582 1281 1719 1348 Quid
1747 1279 2019 1338 Basilius?

436 1365 623 1420 Nonne
653 1365 720 1419 ab
765 1366 1011 1429 infantia,
1040 1378 1094 1421 et
1128 1369 1194 1423 ab
1242 1370 1354 1439 ipsa
1401 1374 1647 1439 matrice,
1686 1374 1794 1431 Deo
1824 1392 2016 1431 conse-

435 1466 730 1522 crattts,ae
772 1474 893 1512 cum
933 1460 1168 1529 diploidc
1206 1461 1361 1515 altari
1409 1463 1619 1519 oblatus
1644 1476 1744 1530 est,
1775 1479 1828 1521 et
1855 1467 2021 1522 coele-

436 1549 537 1603 stia
571 1549 951 1619 perspiciebat,
985 1561 1039 1603 et
1080 1565 1273 1607 unctus
1299 1553 1508 1609 Domini
1543 1567 1682 1622 erat,
1734 1569 1787 1613 et
1821 1570 2015 1613 unctor

436 1654 642 1707 eorum,
673 1641 764 1709 qui
815 1656 879 1694 ex
928 1641 1129 1710 Spiritu
1173 1643 1631 1712 perﬁciebantur?
1675 1649 1843 1703 David
1882 1652 2023 1705 inter

2187 912 2305 963 Ol".
2338 912 2467 974 Καὶ,
2502 910 2591 963 ἵνα
2617 911 2742 973 τοὺς
2780 911 2974 980 κριτὰς
3007 896 3492 981 παραδράμιιηιεν,
3532 907 3570 980 ἢ
3607 910 3739 963 τῶν

2116 1000 2321 1073 κριτῶν
2374 1003 2500 1065 τοὺς
2559 1001 3048 1072 εὐδοκιμοτάτους,
3086 1000 3415 1070 Σαμουὴλξ,
3471 1002 3543 1054 ὲν
3590 1001 3740 1068 τοῖς

2115 1093 2615 1163 ἐπικαλουμένοις
2644 1093 2711 1146 τὸ
2739 1095 2925 1163 ὄνομα
2952 1093 3163 1157 αὐτοῦ,
3192 1095 3287 1147 καὶ
3326 1092 3445 1165 θεῷ
3476 1093 3592 1164 (97)
3630 1094 3736 1147 δο-

2117 1190 2211 1253 ab;
2243 1190 2349 1261 πρὸ
2373 1191 2660 1257 γενέσεως.
2701 1190 2796 1242 καὶ
2831 1189 2968 1259 μετὰ
3000 1187 3100 1258 τὴν
3144 1188 3397 1257 γέννησιν
3432 1187 3601 1251 εὐθὺς
3640 1189 3735 1241 ἱε-

2121 1281 2233 1354 ρὸς.
2270 1282 2364 1334 καὶ
2395 1282 2564 1352 χρίων
2591 1280 2844 1351 βασιλέας
2878 1281 2971 1334 καὶ
3007 1280 3186 1351 ἱερέας
3219 1279 3308 1334 διὰ
3330 1279 3423 1333 τοῦ
3455 1280 3735 1351 κέρατος-

2119 1364 2288 1431 Οὗτος
2312 1368 2389 1431 δὲ,
2416 1370 2517 1422 οὐκ
2547 1371 2611 1421 ἐκ
2638 1368 2873 1439 βρέφους
2888 1369 3006 1438 Θεῷ
3036 1370 3443 1440 καθιερωμένος
3473 1370 3585 1423 ἀπὸ
3613 1371 3737 1440 μή-

2120 1477 2273 1532 τρας,
2320 1462 2415 1514 καὶ
2462 1460 2597 1531 μετὰ
2628 1462 2726 1530 τῆς
2753 1461 3025 1525 διπλοΐδος
3058 1462 3170 1531 (98)
3212 1462 3595 1533 ὲπιδεδομένος
3639 1460 3739 1532 τῷ

2124 1550 2349 1622 βήματι,
2391 1553 2486 1605 καὶ
2523 1551 2736 1621 βλέπων
2765 1551 2833 1605 τὰ
2867 1555 3184 1623 ἐπουράνια,
3221 1553 3314 1605 καὶ
3345 1554 3564 1623 χριστὸς
3602 1556 3737 1607 Κυ-

2126 1641 2242 1712 ρίου
2272 1637 2340 1712 ἦν
2364 1642 2497 1712 (99),
2534 1644 2627 1695 καὶ
2647 1644 2877 1714 χρίστης
2899 1643 3009 1695 τῶν
3033 1643 3239 1696 τελειου
3249 1642 3424 1713 μένων
3451 1646 3517 1695 ἐκ
3542 1643 3736 1697 Πνεῦ-

438 1745 591 1799 reges
617 1732 796 1787 clarus
827 1742 881 1787 et
928 1733 1158 1789 celebris
1186 1736 1227 1766 ⁶¹
1251 1775 1265 1799 ,
1312 1736 1466 1805 cujus
1504 1739 1685 1792 multa:
1713 1741 1928 1809 quidem
1956 1741 2020 1794 de

2133 1750 2295 1805 ματος
2322 1734 2523 1798 ;Δα6¹ιδ
2544 1736 2600 1786 ὲν
2632 1734 2945 1804 βασιλεῦσιν
2979 1735 3225 1804 ἀοίδιμος
3244 1775 3257 1796 ,
3289 1726 3354 1786 οὗ
3384 1734 3581 1788 πολλα).
3619 1735 3738 1806 μὲν

437 1823 687 1878 hostibus
758 1825 1000 1880 victoria:
1056 1841 1119 1880 ac
1184 1828 1441 1898 triumphi
1506 1830 1750 1887 historiis
1820 1832 2017 1900 proditi

437 1925 583 1980 sunt,
614 1927 668 1969 et
701 1917 1029 1985 prrecipuum
1055 1919 1217 1973 decus
1244 1936 1308 1973 ac
1337 1932 1721 1976 ornamentum
1759 1934 1842 1977 est
1870 1942 2020 1979 man-

438 2008 668 2061 suetudo
699 2007 742 2038 θ’
779 2049 794 2073 ,
828 2019 880 2060 et
912 2017 1039 2062 ante
1082 2012 1283 2074 regiam
1320 2010 1636 2079 dignitatem
1674 2014 1754 2068 vis
1791 2015 2013 2071 citharae

441 2099 640 2153 malum
673 2100 936 2169 Spiritum
987 2102 1292 2157 incantans.
1334 2101 1589 2157 Salomon
1622 2106 1801 2160 cordis
1836 2105 2022 2160 latitu-

438 2191 619 2244 dinem
662 2206 690 2243 a
727 2191 833 2244 Deo
877 2193 1186 2261 postulavit,
1229 2204 1283 2247 et
1326 2193 1558 2249 obtinuit
1599 2197 1671 2257 ⁵³,
1732 2212 1906 2266 eoque
1935 2215 2023 2253 sa-

441 2282 660 2353 pientia:
686 2291 741 2336 et
769 2283 1245 2351 contemplationis
1278 2300 1599 2355 progressus
1627 2297 1730 2351 est,
1756 2297 1815 2342 ut
1835 2306 2023 2344 omnes

438 2374 613 2428 :etatis
642 2388 752 2428 sua:
787 2374 1040 2429 mortales
1096 2376 1327 2431 nominis
1371 2378 1686 2436 celebritate
1715 2392 2017 2451 superaret.

437 2465 666 2521 Basilius
689 2478 869 2519 autem
898 2506 914 2531 ,
956 2467 1060 2519 nisi
1094 2482 1179 2521 me
1212 2469 1394 2535 Opinio
1436 2469 1592 2538 fallit,
1630 2487 1728 2527 nec
1774 2473 1847 2525 illi
1895 2472 2024 2526 leni-

441 2558 587 2619 tatis,
614 2572 713 2610 nec
744 2556 869 2610 huic
893 2557 1173 2624 sapientiae
1196 2558 1352 2612 Iaude
1378 2560 1695 2629 quidquam,
1731 2570 1828 2615 aut
1862 2561 2023 2614 mini-

439 2664 582 2702 mum
610 2658 756 2703 certe
788 2648 1071 2715 concedit;
1107 2650 1240 2704 adeo
1270 2661 1329 2703 ut
1362 2651 1751 2720 imperatorum
1786 2668 2021 2723 quoque,

436 2741 527 2810 qui
589 2742 893 2795 dazmonum
971 2741 1311 2811 intemperiis
1359 2744 1727 2810 agitabantur,
1787 2746 2022 2801 furorem

435 2832 739 2899 emolliret;
792 2848 890 2888 nec
940 2832 1123 2903 regina
1170 2841 1377 2887 tantum
1418 2835 1627 2901 Austri,
1665 2847 1759 2890 aut
1802 2838 2022 2907 quidam

437 2927 701 2981 duntaxat
731 2925 997 2989 homines,
1044 2926 1327 2994 sapientia:
1358 2928 1525 2993 ipsius
1556 2928 1699 2983 fama
1739 2931 2020 2991 commoti,

437 3034 469 3070 e
497 3017 692 3073 tinibus
723 3028 879 3071 terra:
912 3017 979 3071 ad
1008 3030 1130 3070 eum
1163 3032 1223 3072 se
1266 3020 1602 3086 conferrent,
1640 3021 1736 3076 sed
1768 3022 2024 3077 omnibus

2125 1825 2466 1894 ἱστοροῦνται
2501 1825 2646 1878 κατὰ
2671 1824 2781 1877 τῶν
2812 1824 3022 1896 ἐχθρῶν
3054 1826 3203 1878 νίκαι
3247 1825 3341 1877 κα)⁵
3387 1826 3656 1895 τρόπαια,
3691 1829 3735 1897 ἡ

2123 1918 2365 1988 πραότης
2397 1918 2453 1970 δὲ
2484 1918 2543 1971 τὸ
2568 1918 2991 1988 ἐπισημότατον,
3028 1918 3123 1970 καὶ
3167 1918 3274 1988 πρὸ
3314 1917 3414 1987 τῆς
3438 1917 3738 1986 βασιλείας

2122 2012 2155 2080 ἡ
2180 2012 2277 2080 τῆς
2310 2010 2539 2082 κινύρας
2586 2010 2836 2080 δύναμις,
2864 2010 2959 2061 καὶ
3000 2008 3241 2079 πονηροῦ
3290 2008 3602 2079 πνεύματος
3644 2009 3732 2077 (Ι)

2121 2102 2516 2173 κατεπάδουσα.
2549 2100 2800 2172 Σολομὼν
2820 2100 3020 2163 πλάτος
3051 2100 3277 2169 καρδίας
3297 2101 3398 2170 ῂτὴ
3409 2117 3539 2153 σατο
3565 2102 3737 2172 παρὰ

2120 2193 2278 2255 Θεοῦ,
2314 2195 2408 2247 καὶ
2439 2194 2762 2265 τετύχηκεν,
2790 2195 2882 2245 ἐπὶ
2908 2192 3159 2245 πλεῖστον
3190 2192 3471 2263 προελθὼν
3524 2193 3739 2261 σοφίας

2121 2286 2214 2339 καὶ
2238 2285 2487 2357 θεωρίας,
2525 2286 2664 2339 ὥστε
2696 2285 2953 2356 γενέσθαι
2988 2285 3094 2338 τῶν
3124 2284 3246 2339 καθ’
3297 2286 3488 2338 ἑαυτὸν
3538 2285 3736 2339 ἁπάν-

2119 2394 2227 2429 των
2261 2378 2716 2448 εὐδοκιμώτατος.
2753 2378 2811 2431 Ὀ
2830 2378 2907 2439 δὲ,
2938 2377 3033 2432 τοῦ
3071 2376 3171 2448 μὲν
3202 2376 3280 2447 τῷ
3311 2378 3470 2449 πράῳ
3495 2417 3511 2439 ,
3540 2376 3640 2429 τοῦ
3666 2377 3733 2429 δὲ

2119 2471 2187 2539 τῇ
2217 2470 2400 2541 σοφίᾳ.
2430 2470 2572 2523 κατὰ
2603 2471 2694 2523 τὸν
2723 2470 2855 2538 ἐμὸν
2888 2469 3067 2537 λόγον,
3107 2470 3261 2523 οὐδὲν
3294 2470 3327 2540 ἦ
3375 2469 3559 2540 μικρῷ
3607 2468 3733 2521 λεί·-

2123 2579 2283 2616 πεται
2307 2579 2318 2594 ο
2353 2562 2493 2614 ὥστε
2529 2564 2622 2614 καὶ
2654 2560 2920 2631 βασιλέων
2956 2561 3158 2633 θράσος
3206 2560 3608 2631 δαιμονούντων
3643 2561 3731 2630 (2)

2124 2654 2606 2724 καταμαλάσσειν·
2636 2654 2730 2706 καὶ
2761 2652 2834 2724 μὴ
2867 2653 3188 2723 βασίλισσαν
3242 2653 3393 2706 νότου
3447 2652 3631 2723 μόνον,
3683 2652 3724 2724 ἦ

2124 2746 2216 2798 τὸν
2239 2747 2387 2798 δεῖνα
2420 2746 2523 2816 (5),
2553 2744 2693 2798 κατὰ
2720 2744 2878 2807 κλέος
2922 2744 3025 2814 τῆς
3065 2743 3229 2797 αὐτοῦ
3277 2744 3470 2813 σοφίας
3508 2746 3571 2797 ἐκ
3609 2742 3730 2795 τῶν

2125 2838 2377 2908 περάτων
2406 2837 2506 2906 τῆς
2556 2838 2663 2908 γῆς
2698 2838 2976 2908 ἁπαντᾲν,
3016 2836 3150 2890 ἀλλὰ
3191 2836 3285 2890 καὶ
3317 2836 3393 2907 (4)
3441 2837 3576 2889 πᾶσι
3606 2836 3729 2898 τοῖς

2125 2931 2326 3002 πέρασι
2359 2931 2456 3001 τὴν
2486 2931 2696 2984 ἐκείνου
2720 2933 2913 3001 σοφίαν
2942 2929 3327 3001 γνωρίζεσθαι.
3360 2929 3472 2982 Καὶ
3492 2928 3559 2981 τὰ
3590 2925 3728 2997 ἑξῆς

2126 3026 2361 3095 παρήσω
2409 3023 2504 3076 τοῦ
2560 3023 2938 3095 Σολομῶντος⁸
2968 3026 3105 3077 πᾶσι
3146 3022 3203 3075 δὲ
3232 3022 3389 3093 δῆλα,
3422 3020 3525 3074 κᾶν
3556 3019 3725 3090 ἡμεῖς

438 3112 588 3166 orbis
617 3112 814 3167 ﬁnibus
862 3111 1121 3180 Sapientia
1179 3112 1346 3181 ipsius
1392 3126 1512 3168 nota
1549 3123 1712 3171 esset.
1766 3115 1864 3181 Ac,
1898 3130 2017 3186 qua:
2045 3110 2087 3168 C
2122 3115 2453 3187 φειδώμεθα.

439 3210 507 3263 de
549 3207 839 3263 Salomone
872 3217 1196 3277 sequuntur,
1249 3203 1465 3260 silentio
1517 3201 1852 3272 praeteribo:
1928 3211 2054 3258 sunt
2130 3215 2309 3260 autem
2373 3219 2431 3258 ea
2495 3206 2701 3260 cunctis
2750 3204 3036 3275 conspicua
3082 3203 3252 3275 828
3293 3209 3349 3257 et
3399 3201 3725 3271 explorata,

437 3307 602 3359 etiam
637 3306 679 3359 si
712 3321 810 3359 nos
843 3305 1023 3358 dicere
1060 3301 1529 3371 superscdeamus.

507 3391 743 3451 LXXIV.
797 3396 926 3449 Elite
957 3394 1206 3465 loquendi
1259 3392 1589 3457 libertatem,
1630 3407 1791 3462 quam
1824 3393 2020 3447 adver-

438 3502 535 3542 sus
574 3497 833 3557 tyrannos
864 3485 1131 3550 adhibuit,
1166 3483 1441 3554 ipsiusque
1475 3497 1571 3552 per
1602 3483 1779 3553 ignem
1807 3490 2021 3552 raptum

440 3578 634 3632 laudas
674 3576 758 3630 “‘2
792 3576 1010 3631 Laudas
1052 3576 1217 3631 etiam
1250 3574 1534 3643 pulchram
1574 3572 1751 3628 Elisati
1793 3573 2026 3629 bteredi-

442 3678 630 3733 tatem,
660 3667 807 3722 illam
837 3667 1091 3721 nimirum
1131 3665 1409 3730 melotem,
1437 3680 1600 3736 quam
1634 3663 1762 3720 Elim
1803 3666 2026 3734 spiritus

441 3762 734 3816 comitatus
766 3768 850 3814 est
904 3760 997 3813 ‘5?
1048 3758 1218 3829 Ilnjus
1262 3772 1479 3827 quoque
1531 3756 1694 3809 vitam
1740 3757 1922 3820 lauda,
1971 3758 2024 3811 in

442 3857 565 3924 igne
603 3853 929 3916 traductam,
966 3850 1021 3906 id
1061 3859 1164 3916 est,
1198 3850 1249 3904 in
1301 3848 1658 3904 tentationum
1693 3849 1928 3918 agmine,
1961 3863 2025 3903 ac

442 3946 675 4001 salutem
707 3958 803 4013 per
833 3944 1012 4010 ignem
1041 3952 1276 4011 partam,
1324 3950 1569 3995 urentem
1601 3939 1817 4008 quidem
1850 3939 2021 4004 illttm,

442 4038 537 4093 sed
572 4052 678 4092 non
706 4044 1075 4105 perurentem,
1122 4032 1264 4103 quod
1293 4041 1378 4087 est
1418 4031 1541 4087 rubi
1581 4030 1902 4086 miracuhtm
1939 4032 1985 4065 “
2008 4074 2023 4099 ,

441 4127 857 4196 sublimitusqne
884 4125 957 4179 illi
999 4137 1314 4180 concessam
1347 4121 1565 4193 pellem,
1606 4121 1863 4177 nimirum
1908 4124 2023 4178 vir-

441 4218 746 4287 ginitatem.
792 4215 946 4270 Mitto
989 4228 1114 4269 rore
1153 4212 1401 4283 perfusus
1467 4213 1519 4267 in
1567 4209 1799 4267 ﬂammis
1845 4212 2025 4267 adole-

440 4317 657 4364 scentes
702 4306 784 4371 ";
817 4313 873 4360 et
906 4304 1189 4375 fugitivum
1240 4310 1558 4372 prophetam
1602 4300 1685 4367 ",
1736 4301 1789 4354 in
1838 4309 2026 4357 ventre

441 4400 547 4456 ceti
585 4406 921 4469 precantem,
953 4405 1115 4465 atque
1152 4409 1222 4449 ex
1256 4393 1445 4449 bestia:
1485 4393 1820 4463 prtecordiis,
1872 4382 2026 4463 quasi

441 4507 475 4546 e
504 4489 761 4554 thalamo,
807 4488 1192 4558 prodeuntem;
1230 4493 1286 4541 et
1324 4484 1536 4552 justum
1586 4483 1756 4547 illum,
1809 4483 2025 4540 leonum

444 4581 680 4636 furorem
712 4580 765 4634 in
822 4579 940 4633 lacu
978 4578 1303 4632 vincientem
1340 4575 1407 4628 ⁸⁸.
1457 4574 1611 4630 Mitto
1655 4585 1861 4645 septem
1912 4575 2025 4631 Ma-

2195 3392 2311 3444 OA'.
2358 3392 2632 3453 Ἐπαινεῖς
2695 3390 2876 3443 Ἡλίου
2921 3390 3021 3461 τὴν
3078 3387 3215 3459 πρὸς
3265 3387 3393 3449 τοὺς
3424 3384 3729 3455 τυράννους

2129 3481 2467 3554 παρρησίαν,
2500 3484 2594 3535 καὶ
2617 3482 2713 3552 τὴν
2741 3481 2816 3553 (ὃ)
2870 3481 2956 3535 διὰ
2993 3481 3164 3552 πυρὸς
3203 3480 3495 3551 ἁρπαγὴν;
3550 3476 3702 3529 Ἐλισ

2127 3574 2282 3628 σαίου
2307 3590 2367 3627 τε
2400 3573 2498 3645 τὴν
2524 3573 2695 3644 καλὴν
2726 3571 3113 3643 κληρονομίαν,
3147 3570 3246 3641 τὴν
3276 3570 3527 3641 μηλωτὴν
3550 3614 3561 3630 ,
3652 3566 3725 3622 τὸ

2138 3666 2320 3721 Ἠλίου
2348 3665 2565 3735 πνεῦμα
2602 3663 3112 3734 συνηκολούθησεν;
3161 3663 3405 3715 Ἐπαίνει
3459 3660 3719 3715 κάκείνου

2124 3758 2223 3829 τὴν
2253 3760 2309 3810 ὲν
2342 3757 2474 3828 πυρὶ
2502 3755 2667 3827 ζωὴν,
2719 3756 2796 3826 τῷ
2827 3755 3022 3827 πλήθει
3061 3754 3206 3823 λέγω
3231 3755 3339 3807 τῶν
3367 3753 3711 3825 πειρασμῶν,

2126 3851 2221 3903 καὶ
2249 3850 2347 3920 τὴν
2375 3849 2461 3902 διὰ
2489 3848 2661 3919 πυρὸς
2711 3848 3010 3919 σωτηρίαν,
3066 3846 3315 3910 καίοντος
3353 3846 3482 3917 μὲν,
3513 3846 3587 3899 οὐ.
3616 3863 3717 3899 κα-

2124 3938 2445 4004 τακαίοντος
2492 3939 2569 4001 δὲ,
2597 3939 2657 3992 τὸ
2688 3940 2816 4011 περὶ
2850 3938 2948 4009 τὴν
2988 3937 3151 4008 βάτον
3182 3938 3280 3991 θαῦ
3290 3955 3387 4008 μα,
3419 3937 3593 3991 καὶτὸ
3620 3954 3717 3991 κα-

2126 4029 2216 4082 λὸν
2244 4029 2301 4093 ἐξ
2330 4028 2495 4099 ὕψους
2522 4029 2697 4101 δέρος,
2722 4030 2823 4101 τὴν
2854 4030 3148 4101 ἀσαρκίαν.
3192 4027 3296 4081 Ἐὦ
3339 4028 3506 4083 τᾶλλα
3526 4068 3540 4091 ,
3583 4028 3709 4092 τοὺς

2125 4120 2504 4194 δροσισθέντας
2539 4123 2597 4173 ἐν
2628 4120 2761 4192 πυρὶ
2789 4120 3006 4184 νεανίας
3025 4136 3040 4150 ’
3073 4122 3167 4173 τὸν
3199 4121 3258 4173 ὲν
3290 4119 3491 4190 γαστρὶ
3513 4119 3710 4190 κήτους

2126 4213 2422 4284 εὐξάμενον
2448 4213 2732 4283 προφήτην
2776 4211 2991 4281 φυγάδα
3034 4212 3152 4277 καὶ,
3186 4212 3262 4275 ὡς
3290 4212 3398 4265 ἀπὸ
3442 4209 3711 4281 θαλάμου,

2124 4304 2220 4357 τοῦ
2249 4303 2415 4375 θηρὸς
2447 4303 2779 4374 προελθόντα
2803 4322 2817 4336 ·
2852 4304 2942 4357 τὸν
2970 4305 3027 4356 ὲν
3057 4302 3247 4374 λάκκῳ
3275 4301 3479 4355 δίκαιον
3505 4344 3520 4361 ,
3563 4301 3710 4355 λεόν-

2126 4413 2233 4449 των
2261 4395 2460 4467 θράσος
2480 4394 2787 4466 πεδήσαντα
2811 4412 2825 4425 ·
2851 4394 2884 4466 ἢ
2914 4394 3011 4465 τὴν
3034 4394 3143 4448 τῶν
3171 4394 3311 4449 ἑπτά
3336 4393 3711 4448 Μακκαϐαίων

2126 4485 2371 4558 ἄθλησιν,
2394 4488 2488 4539 σὺν
2515 4487 2650 4556 ἱερεῖ
2678 4487 2769 4539 καὶ
2795 4485 2963 4556 μηιτρ)⁵
2981 4485 3376 4540 τελειωθέντων
3406 4486 3465 4538 ὲν
3494 4486 3705 4556 αἵματι,

2126 4581 2221 4633 καὶ
2248 4581 2519 4643 παντοίοις
2550 4580 2798 4651 βασάνων
2827 4581 3046 4634 εἴδεσιν.
3074 4575 3175 4633 Ὧν
3221 4582 3425 4643 ἐκεῖνος
3464 4579 3710 4651 ζηλώσας

441 4674 785 4730 chabazorum
816 4671 1219 4726 dimicationem
1251 4669 1342 4739 qui
1371 4684 1494 4724 cum
1523 4669 1807 4724 sacerdote
1828 4678 1883 4725 et
1905 4684 2020 4723 ma-

2133 4670 2227 4742 τὴν
2258 4670 2573 4741 καρτερίαν,
2616 4671 2712 4722 καὶ
2750 4671 2849 4740 τὴν
2882 4669 3042 4733 δόξαν
3068 4669 3355 4740 ἠνέγκατο.

445 4780 526 4825 tre
578 4770 630 4823 in
684 4767 967 4837 sanguine,
1020 4775 1184 4836 atque
1228 4764 1404 4821 omnis
1460 4765 1673 4835 generis
1725 4765 2010 4822 tormentis
2045 4767 2406 4823 consummati
2444 4768 2660 4819 sunt".
2722 4768 2961 4833 Quorum
3025 4767 3114 4821 ille
3151 4764 3488 4820 tolerantiam
3548 4776 3707 4816 temu-

442 4862 604 4920 Iatns.
636 4859 861 4927 gloriam
902 4872 1117 4928 quoque
1145 4857 1325 4913 retulit
1670 4918 1685 4926 -

511 4949 727 5007 LXXV.
771 4950 1014 5005 Transeo
1043 4949 1156 5018 jam
1204 4948 1274 5002 ad
1320 4945 1526 5003 Novum
1574 4948 2021 5017 TeSIamentum,

444 5059 508 5099 ac
534 5045 621 5107 iis,
652 5043 744 5112 qui
778 5043 866 5097 hic
905 5043 1062 5094 tande
1089 5051 1251 5108 atque
1290 5039 1459 5109 gloria
1505 5040 1825 5102 ﬂoruerunt,
1856 5041 2027 5110 ipsius

2205 4947 2325 5001 OE'.
2370 4948 2493 5000 Ἐπὶ
2520 4946 2577 4999 δὲ
2598 4946 2698 5018 τὴν
2726 4948 2872 5001 Νέαν
2910 4947 3127 5018 μέτειμι
3160 4943 3456 5015 Διαθήκην,
3480 4943 3573 4996 καὶ
3600 4943 3703 5003 τοῖς

2134 5039 2366 5095 ἐνταῦθα
2390 5041 2699 5111 εὐδοκίμοις
2725 5041 2794 5094 τὰ
2830 5040 3043 5094 ἐκείνου
3088 5037 3463 5112 παρεξετάσας
3483 5077 3498 5101 ,
3549 5035 3702 5105 τιμή-

512 5174 562 5207 ³⁵⁸
588 5173 732 5227 Psal.
761 5188 851 5235 xv,
883 5171 937 5228 6.
1015 5172 1060 5203 ⁵⁷
1085 5171 1227 5225 Psal.
1258 5170 1509 5243 “XLIQ.
1586 5171 1631 5203 ⁸⁸
1671 5169 1812 5243 Psal.
1840 5186 2020 5237 xcvttt,

2136 5172 2240 5243 L”A
2266 5171 2282 5223 l
2313 5170 2444 5240 Reg.
2475 5187 2512 5243 t,
2541 5170 2631 5225 20.
2709 5173 2754 5203 ⁸⁸
2782 5172 2798 5224 l
2830 5171 2962 5243 Reg.
3000 5188 3110 5238 xvr,
3154 5173 3241 5227 15.
3315 5169 3570 5243 “IlReg.
3592 5173 3691 5243 7.71

642 5244 686 5275 ⁶²
722 5243 860 5296 Psal.
913 5257 1097 5306 exul,
1141 5243 1193 5295 I.
1271 5243 1314 5273 “
1364 5238 1429 5294 III
1472 5240 1601 5309 Reg.
1639 5255 1714 5302 IV,
1741 5242 1810 5295 29
1834 5257 1957 5311 sqq.

442 5261 612 5380 iﬂﬁ‘é.
642 5261 686 5275 “
708 5261 1314 5381 ο¹ἷ⁵Ἠέιι.ῗ¹ιῗί¹’δ¹ἐψῖἶ
1364 5261 1810 5376 ¹¹¹εα¹“Ῐξ;..¹ἷι’,²ῗ
1834 5261 1979 5381 δὲιὶξξ.

447 5331 527 5380 ttt,
556 5315 612 5369 2.

518 5448 630 5518 (97)
672 5444 818 5518 Θεῷ,
843 5446 1084 5518 ῡρρειᾼίη
1116 5444 1270 5518 0L2
1291 5446 1493 5518 etBas.

520 5515 632 5590 (98)
664 5517 836 5590 Μετά
859 5516 970 5584 τῆς
994 5515 1326 5583 διπλοΐδος.
1359 5516 1844 5590 Nicetasesponit,
1876 5517 2027 5590 ἱερατ

444 5587 598 5643 τικδν
647 5587 990 5659 ὠμοφόριον,
1045 5603 1229 5659 genus
1274 5592 1424 5659 stulte
1475 5587 1832 5659 sacerdotalis
1885 5587 2027 5659 apud

447 5657 721 5715 Iiebrtcos.
759 5657 959 5711 Dicitur
1006 5661 1168 5711 etiam
1211 5657 1440 5721 διπλοῖς,
1476 5675 1495 5708 ι
1542 5657 1823 5726 chlamys:
1861 5676 1879 5707 ι
1909 5670 1967 5710 ut
2006 5657 2025 5711 l

452 5732 777 5855 negassim
829 5728 883 5795 5,
924 5728 1017 5783 ubi
1068 5728 1235 5782 David
1275 5743 1425 5785 oram
1479 5728 1780 5797 chlamydis
1845 5727 2025 5785 Saulis

452 5816 607 5855 ιιι-ωτι
653 5816 664 5854 l
695 5839 713 5855 .

450 5811 713 5869 praecidit.

2035 5241 2080 5273 “
2107 5239 2171 5294 IV
2226 5241 2355 5311 Reg.
2386 5239 2423 5304 ι,
2465 5242 2487 5294 I
2516 5258 2656 5311 sqq.
2760 5243 2887 5295 “IV
2915 5239 3047 5312 Reg.
3088 5258 3158 5303 ll,
3191 5243 3225 5297 9
3258 5256 3377 5310 sqq.

2107 5311 2153 5343 ⁶⁹
2187 5312 2318 5366 Dan.
2356 5327 2469 5376 xtv,
2499 5311 2569 5365 28
2597 5326 2717 5382 sqq.
2794 5313 2842 5346 ’θ
2866 5311 2908 5366 II
2938 5312 3112 5368 Mach.
3138 5329 3238 5378 vn,
3269 5313 3438 5382 Isqq.

2760 5242 3047 5312 “IVﬁlteg.
3088 5258 3158 5303 ll,
3191 5243 3225 5297 9
3258 5256 3377 5310 sqq.
3454 5242 3499 5273 ⁸³
3534 5242 3694 5298 Exod.

2212 5447 2321 5519 (99)
2362 5442 2499 5502 Ἦν.
2533 5446 2688 5501 Deest
2709 5449 2772 5519 in
2802 5446 3228 5519 pluribuscodd.

2208 5517 2284 5589 (1)
2313 5519 2676 5586 Πνεύματος.
2706 5518 2957 5589 Ιὶεςενιι,
2982 5517 3256 5589 δαίμονος.

2207 5584 2284 5656 (2)
2314 5584 2807 5656 ΔαιμὸνούντωνῘ
2835 5587 3023 5642 Plures
3074 5584 3261 5655 Iiegg.,
3285 5584 3689 5656 oatttowimmv.

2205 5660 2283 5730 (ὃ)
2314 5661 2387 5713 ’Ἠ
2413 5655 2521 5730 τὸν·
2548 5657 2735 5711 δεῖνα.
2766 5658 2944 5713 Pass..
2985 5657 3120 5730 μηδὲ
3157 5656 3246 5708 τὸν
3278 5655 3443 5730 δεῖναΣ

2206 5725 2285 5800 (4)
2317 5729 2448 5800 Καί.
2488 5728 2646 5800 Deest
2679 5731 2735 5800 iu
2763 5725 2996 5800 quatuor
3022 5725 3188 5800 Begg.
3217 5736 3272 5779 et
3516 5788 3519 5791 Α

2207 5794 2282 5870 (5)
2318 5798 2453 5866 Τήν.
2493 5798 2651 5855 Deest
2676 5799 2726 5854 in
2752 5794 2992 5869 pluribus
3028 5794 3193 5868 uegg.
3217 5806 3273 5851 et
3296 5794 3390 5851 0r.
3420 5796 3485 5849 2.
