3898 6222
160 295 286 354 597

1010 301 1269 359 ORATIO
1305 305 1491 362 XLIII.
1526 335 1594 350 —
1634 310 1707 365 IN
1741 308 2031 365 LAUDEM
2067 309 2314 366 BASILII
2344 310 2560 367 MAGNI

3347 320 3448 377 598

162 429 256 465 sco
277 410 373 504 (Β)
405 412 498 466 τὸν
532 413 777 485 μαθητὴν
808 416 869 468 ὲκ
909 416 1016 470 τῶν
1061 418 1418 477 διδασκάλων.
1463 423 1558 489 Τίς
1594 424 1770 496 Ἰησοῦ

1886 427 2051 480 vitam
2103 428 2409 493 conferens,
2454 443 2518 484 ex
2551 430 2822 499 magistris
2874 431 3190 504 discipulum
3223 440 3446 494 ornabo.

158 502 497 592 7:96590i‘of
519 521 533 569 ἓ
571 505 845 578 Ἰωάννης,
874 507 949 572 ὡς
969 511 1120 581 φωνὴ
1152 510 1346 579 Λόγου,
1373 516 1465 567 καὶ
1485 515 1560 579 ὡς
1583 515 1774 587 λύχνος

1883 511 2012 577 Quis
2044 528 2344 582 prtecursor
2374 514 2541 571 Jesu?
2573 515 2806 574 Joannes
2830 518 2873 550 ⁷⁸
2895 562 2908 586 ,
2940 502 3134 579 ut'vox
3166 524 3349 592 Verbi,
3395 537 3449 582 et

155 595 387 661 ᾤωτὸς,
420 587 482 649 οὗ
510 598 603 649 καὶ
622 600 1052 670 προεσκίρτησεν
1075 604 1132 655 ἐν
1159 605 1487 674 γαστρὶ,κα“ι
1516 608 1774 681 προέδρα-

160 705 281 755 μεν
311 690 395 752 εἰς
419 688 570 760 ᾅδου,
596 689 684 743 διὰ
704 691 805 760 τῆς
840 693 1077 763 Ἡρώδου
1110 696 1305 764 μανίας
1327 701 1769 770 παραπεμφθεὶς,

161 778 263 830 ἵνα
307 780 526 853 κηρύξῃ
564 782 727 834 κάκεῖ
747 784 837 837 τὸν
867 785 1178 855 ἐρχόμενον.
1216 788 1325 841 Καὶ
1355 792 1405 843 εἷ
1422 809 1499 862 τῳ
1522 793 1771 860 φαίνεται

157 869 459 942 τολμηρὸς
493 875 521 925 ὁ
547 873 724 943 λόγος,
776 877 952 929 ἐκεῖνο
987 879 1063 947 (7)
1114 879 1520 950 προεξεταζέτω
1549 885 1625 954 (8)
1658 888 1770 950 τοῖς

159 959 524 1031 λεγομένοις,
557 966 639 1019 ὅτι
673 966 747 1037 μὴ
775 968 1051 1038 προτιθεὶς
1080 970 1177 1042 (9),
1210 973 1345 1042 μηδὲ
1375 975 1455 1037 είς
1491 975 1603 1029 ἴσον
1639 995 1767 1048 μετ-

161 1051 332 1141 άγων
360 1055 475 1125 (10)
499 1056 589 1109 τὸν
618 1058 786 1130 ἄνδρα
824 1059 901 1130 τῷ
930 1063 989 1115 ἐν
1021 1067 1299 1134 γεννητοῖς
1327 1068 1600 1133 γυναικῶν
1628 1070 1768 1141 ὑπὲρ

160 1140 455 1211 ἅπαντας,
497 1148 700 1218 ταύτην
759 1151 1015 1221 ποιοῦμαι
1063 1152 1161 1224 τὴν
1194 1156 1556 1227 παρεξέτασιν
1581 1178 1592 1189 ·
1635 1140 1769 1216 ἀλλά

164 1232 436 1307 ζηλωτὴν
469 1240 805 1307 ἀποφαίνων,
839 1243 933 1295 καί
968 1261 1019 1296 τι
1050 1244 1145 1297 τοῦ
1174 1251 1523 1320 χαρακτῆρος
1559 1251 1767 1305 ἐκείνου

165 1326 231 1377 ἐν
260 1327 451 1399 ἑαυτῷ
478 1331 733 1401 φέροντα.
765 1334 841 1385 Ού
888 1335 995 1405 γὰρ
1028 1337 1222 1407 μικρὸν
1264 1341 1377 1401 τοῖς
1435 1343 1766 1408 σπουδαίοις,

166 1418 274 1470 καὶ
309 1420 487 1491 μικρὰ
514 1422 625 1491 (11)
658 1425 767 1478 τῶν
793 1428 1064 1495 μεγίστων
1097 1431 1129 1499 ἡ
1158 1430 1405 1500 μίμησις.
1439 1428 1513 1485 ’11
1538 1433 1647 1506 γὰρ
1668 1435 1768 1489 οὐκ

161 1510 423 1596 ἐναργὴς
445 1513 545 1581 τῆς
572 1514 783 1568 ἐκείνου
818 1517 1134 1587 φιλοσοφίας
1167 1520 1330 1575 εἰκὼν
1372 1524 1401 1575 ό
1430 1524 1568 1596 ἀνήρ
1596 1545 1609 1590 ;
1659 1528 1768 1580 Καὶ

160 1594 336 1663 οὗτος
375 1602 584 1673 ἔρημον
633 1604 817 1678 ᾤκησε
840 1627 853 1639 ·
891 1611 985 1663 καὶ
1008 1610 1183 1681 τούτῳ
1213 1613 1324 1683 (19.)
1369 1594 1617 1685 τρύχινον
1654 1618 1764 1689 (15)

164 1689 398 1762 ἐσθημα
422 1690 565 1764 εἶχον
590 1698 646 1749 αἱ
681 1698 894 1763 νύκτες,
928 1701 1310 1772 ἀγνοούμενον,
1340 1705 1439 1759 οὐκ
1466 1708 1768 1762 ἐπιδεικνύ-

166 1799 345 1852 μενον
370 1802 383 1814 ·
415 1787 508 1838 καὶ
534 1781 688 1852 οὗτος
718 1790 816 1862 τὴν
840 1793 962 1862 ἴσην
988 1795 1195 1866 τροφὴν
1226 1797 1503 1869 ἠγάπησε,
1530 1800 1647 1871 Θεῴ
1677 1819 1768 1856 κα·

162 1872 386 1963 θαίρων
414 1876 607 1931 ἑαυτὸν
632 1880 719 1933 διὰ
737 1883 836 1953 τῆς
858 1884 1184 1953 ἐγκρατείας
1203 1903 1216 1917 ⁶
1241 1889 1333 1942 καὶ
1356 1885 1507 1954 οὗτος
1528 1893 1764 1963 Χριστοῦ

160 1962 355 2034 κῆρυξ
386 1964 592 2038 ἠξιώθη
641 1971 751 2041 (Id)
782 1974 1065 2041 γενέσθαι,
1093 1980 1141 2029 εί
1176 1980 1270 2031 καὶ
1303 1980 1377 2051 μὴ
1420 1962 1724 2054 πρόδρομος
1747 2001 1761 2016 ⁸
1796 2020 1801 2025 -

160 2053 267 2107 καὶ
318 2054 674 2127 ἐξεπορεύετο
707 2062 843 2133 πρὸς
873 2065 1055 2131 αὐτὸν,
1086 2068 1186 2138 οὐχ
1216 2070 1249 2140 ἡ
1278 2069 1581 2141 περίχωρος
1614 2074 1762 2127 πᾶσα

164 2144 361 2213 μόνον,
398 2148 513 2201 ἀλλ’
544 2150 645 2221 ἤδη
676 2154 768 2205 καὶ
808 2157 839 2225 ἡ
886 2156 1176 2229 ὑπερόριος
1204 2177 1218 2191 ο
1270 2161 1364 2213 καὶ
1412 2156 1566 2227 οὗτος
1599 2164 1762 2234 μέσος

159 2234 284 2290 τῶν
320 2237 414 2291 δύο
442 2241 760 2313 Διαθηκῶν,
809 2247 909 2315 τῆς
954 2250 1053 2318 μὲν
1084 2251 1369 2306 καταλύων
1398 2254 1460 2306 τὸ
1489 2256 1723 2327 γράμμα
1744 2297 1759 2321 ,

159 2327 272 2397 τῆς
304 2328 361 2381 δὲ
387 2331 725 2401 δημοσιεύων
758 2337 817 2390 τὸ
852 2338 1070 2410 πνεῦμα
1094 2380 1109 2404 ,
1147 2343 1242 2395 καὶ
1270 2344 1440 2397 ποιῶν
1484 2346 1763 2418 πλήρωσιν

164 2418 269 2472 τοῦ
299 2426 682 2495 κρυπτομένου
709 2428 875 2499 νόμου
900 2471 915 2495 ,
960 2430 1057 2501 τὴν
1094 2432 1188 2485 τοῦ
1219 2434 1547 2505 φαινομένου
1590 2437 1763 2491 κατά-

162 2510 347 2568 λυσιν.

1878 612 1936 655 ιιι
1983 602 2202 660 lucerna
2252 606 2520 676 Luminis,
2573 611 2663 680 qui
2713 627 2893 666 coram
2926 614 3040 682 ipso
3070 625 3126 669 et
3172 616 3227 670 in
3260 628 3450 673 ventre

1876 696 2097 761 exsiliit,
2128 707 2183 753 et
2209 699 2277 752 ad
2303 700 2502 755 inferos
2529 717 2625 771 per
2653 701 2875 759 Herodis
2902 703 3137 760 furorem
3169 709 3448 763 transmis-

1874 801 1970 842 sus
1998 797 2105 852 est,
2138 800 2196 844 ut
2242 791 2352 846 illic
2385 807 2602 862 quoque
2631 810 2753 847 mox
2782 806 3065 850 venturum
3108 799 3447 865 praedicaret.

1874 876 2027 944 Quod
2061 879 2105 933 si
2136 880 2220 934 cui
2267 881 2527 935 audacior
2563 881 2699 936 forte
2728 886 2974 938 videatur
3020 884 3106 939 hic
3138 900 3334 949 sermo,
3385 884 3448 938 il-

1873 969 1962 1023 Iud
2013 971 2163 1039 prius
2207 973 2424 1042 cogitet,
2484 989 2569 1028 me
2617 974 2670 1027 in
2723 974 2827 1029 hac
2874 977 3277 1044 comparatione
3342 992 3445 1032 non

1873 1059 1927 1116 id
1969 1075 2150 1131 agere,
2186 1071 2243 1116 nt
2294 1064 2382 1129 ci,
2426 1063 2517 1133 qui
2565 1064 2708 1118 inter
2752 1076 2907 1119 natos
2943 1065 3222 1120 mulierum
3259 1083 3449 1123 omnes

1872 1153 2171 1222 superavit,
2205 1153 2487 1219 Basilium,
2519 1154 2601 1209 vel
2627 1164 2971 1225 anteponam,
2998 1158 3082 1212 vel
3128 1172 3401 1227 exmquem
3428 1176 3444 1227 ;

1870 1244 1965 1299 sed
2020 1254 2081 1298 ut
2132 1261 2256 1299 eum
2304 1246 2471 1315 ipsius
2522 1245 2852 1301 imitatorem
2907 1247 3073 1302 fuisse
3103 1288 3118 1312 ,
3170 1257 3331 1319 atque
3379 1265 3445 1303 ex

1871 1334 1987 1402 ejus
2018 1334 2189 1389 I‘orma
2231 1347 2286 1389 et
2333 1337 2647 1392 charactere
2688 1338 2933 1392 nonnihil
2978 1338 3030 1392 in
3073 1354 3131 1393 se
3176 1339 3292 1409 ipso
3325 1355 3447 1409 ges-

1870 1431 2007 1484 sisse
2053 1430 2355 1485 ostendam.
2408 1429 2524 1484 Non
2576 1431 2719 1484 enim
2788 1431 2971 1500 probis
3021 1430 3152 1485 viris
3194 1431 3442 1500 exiguam

1871 1522 2080 1577 laudem
2124 1521 2303 1583 all‘ert,
2345 1535 2679 1576 summorum
2723 1522 2962 1575 virorum
2996 1521 3080 1576 vel
3130 1536 3295 1590 parva
3331 1520 3446 1573 imi-

1873 1613 2027 1667 tatio.
2079 1614 2296 1669 Annon
2323 1616 2465 1667 enim
2505 1613 2857 1683 philosophiae
2902 1613 3045 1667 illius
3090 1612 3442 1667 simulacrum

1870 1706 2154 1776 perspicue
2196 1708 2248 1761 in
2304 1708 2481 1777 seipso
2514 1707 2812 1777 expressit?
2843 1706 2960 1776 Ipse
2995 1720 3211 1776 quoque
3255 1706 3312 1759 in
3351 1707 3446 1760 de-

1874 1807 2020 1852 serto
2050 1797 2336 1853 habitavit.
2372 1799 2490 1867 Ipse
2531 1813 2744 1868 quoque
2777 1808 2958 1863 noctu,
2996 1806 3054 1851 ut
3093 1797 3318 1863 lateret,
3350 1797 3446 1852 ho-

1874 1890 2188 1958 minumque
2250 1888 2460 1960 fugeret
2511 1889 2779 1954 notitiam,
2837 1902 3027 1960 aspera
3072 1897 3220 1942 veste
3273 1897 3445 1942 tectus

1870 1991 1971 2035 est.
2000 1980 2118 2050 Ipse
2159 1996 2374 2053 quoque
2405 1982 2546 2037 idem
2577 1981 2681 2037 cibi
2716 1996 2886 2051 genus
2915 1980 3205 2046 adamavit,
3236 1979 3345 2034 Deo
3367 1980 3445 2032 vi-

1870 2071 2068 2124 delicet
2115 2087 2210 2141 per
2239 2072 2627 2126 continentiam
2669 2087 2728 2126 se
2776 2086 3031 2141 purgans.
3080 2071 3201 2142 Ipse
3234 2086 3445 2141 quoque

1869 2162 2064 2232 dignus
2102 2163 2265 2217 etiam
2305 2162 2524 2217 habitus
2557 2171 2662 2231 est,
2703 2166 2792 2234 qui
2823 2164 3026 2218 Christi
3058 2178 3236 2233 praeco
3271 2162 3443 2226 ﬁeret,

1861 2255 2068 2307 etiamsi
2096 2270 2199 2309 non
2233 2270 2537 2324 praecursor
2563 2273 2578 2322 ;
2605 2267 2768 2324 atque
2795 2257 2863 2311 ad
2892 2270 3014 2310 eum
3042 2254 3442 2324 egrediebatur,

1861 2361 1967 2399 non
1992 2345 2163 2399 solum
2199 2346 2377 2400 omnis
2407 2344 2632 2400 ﬁnitima
2677 2347 2859 2417 regio,
2904 2346 2996 2401 sed
3029 2346 3193 2400 etiam
3221 2354 3443 2400 externa

1861 2445 1916 2490 et
1944 2436 2100 2504 longe
2132 2436 2346 2490 dissita.
2378 2437 2495 2506 Ipse
2527 2452 2741 2507 quoque
2788 2440 2929 2492 inter
2969 2437 3075 2492 duo
3099 2436 3443 2492 Testamenta

1865 2530 2097 2594 medius,
2128 2529 2273 2583 illius
2297 2529 2548 2584 videlicet
2580 2529 2819 2583 litteram
2846 2538 3119 2596 evertens,
3155 2528 3316 2597 hujus
3345 2543 3443 2581 au-

161 2616 282 2662 tem
314 2612 566 2678 spiritum
599 2615 650 2669 in
687 2617 961 2686 publicum
999 2619 1268 2690 cll‘erens;
1302 2639 1367 2679 ac
1397 2640 1492 2695 per
1521 2634 1762 2680 externae
1800 2624 1969 2695 829
2012 2635 2067 2680 et
2105 2622 2337 2680 visibilis
2399 2623 2534 2694 legis
2570 2624 2926 2691 eversionem,
2968 2623 3238 2679 occultam
3270 2620 3440 2692 legem

162 2700 425 2756 imulens.

237 2718 243 2751 I
286 2717 425 2756 lens.

237 2717 379 2862 ἐᾷ’.
425 2796 767 2870 Ἐμιμήσατο
809 2801 1019 2874 Πέτρου
1064 2805 1158 2857 τὸν
1190 2804 1373 2876 ζῆλον,
1421 2807 1638 2861 Παύλου
1667 2807 1760 2860 τὸν

1931 2799 2166 2857 LXXVI.
2212 2801 2455 2855 Imitatus
2489 2808 2574 2855 est
2604 2798 2751 2855 Petri
2798 2799 2973 2855 zelum
3004 2800 3072 2864 τ’,
3118 2799 3268 2855 Pauli
3307 2815 3439 2855 con-

162 2885 345 2948 τόνον,
400 2887 512 2940 τῶν
568 2889 881 2960 ὀνομαστῶν
945 2896 1038 2947 καὶ
1092 2899 1597 2969 μετωνομασμένων
1647 2899 1759 2970 (15)

1874 2898 2116 2949 stantiam
2152 2902 2206 2948 et
2236 2892 2571 2957 ﬁrmitatem,
2599 2906 2664 2946 ac
2692 2892 2991 2960 utriusque,
3036 2901 3147 2946 tum
3198 2894 3436 2957 nomine,

162 2975 500 3048 ἀμφοτέρων
534 2977 634 3051 τὴν
671 2981 851 3036 πίστιν
872 2999 884 3011 '
927 2983 1035 3037 τῶν
1065 2985 1197 3038 υἱῶν
1233 2987 1343 3058 (16)
1380 2988 1664 3042 Ζεϐεδαίου
1698 2990 1761 3042 τὸ

1874 2997 1977 3040 lum
2012 2985 2248 3039 nominis
2283 2984 2583 3037 mutatione
2622 2982 2929 3049 clarissimi,
2970 2983 3161 3048 Iidem;
3206 2982 3438 3037 ﬁliorum

169 3064 560 3135 μεγαλόφωνον
584 3086 598 3098 ’
630 3071 849 3125 πάντων
894 3073 1004 3127 τῶν
1039 3075 1301 3146 μαθητῶν
1325 3078 1388 3131 τὸ
1417 3078 1632 3143 εὐτελὲς
1664 3078 1760 3132 καὶ

1874 3076 2107 3131 Zebedaei
2168 3073 2729 3145 grandiloquentiam;
2768 3073 3152 3143 discipulorum
3199 3074 3438 3128 omnium

163 3159 483 3231 ἀπέριττον.
514 3162 614 3216 Διά
636 3164 811 3219 ταῦτά
839 3184 920 3220 τοι
946 3171 1040 3222 καὶ
1065 3170 1212 3233 κλεῖς
1241 3171 1485 3243 οὐρανῶν
1512 3170 1762 3225 πιστεύε-

165 3269 289 3305 ται·
333 3253 429 3307 καὶ
474 3256 573 3326 οὑχ
614 3258 738 3311 ὅσον
782 3260 891 3313 ἀπὸ
931 3261 1289 3334 Ἰερουσαλὴμ
1334 3263 1494 3335 μέχρι
1533 3264 1626 3317 τοῦ
1662 3263 1761 3316 Ἰλ-

166 3343 419 3415 λυρικοῦ,
458 3348 680 3417 μείζονα
709 3351 766 3404 δὲ
796 3351 994 3408 κύκλον
1023 3354 1101 3425 τῷ
1146 3356 1464 3427 Εὐαγγελίῳ
1489 3356 1759 3427 περιλαμ-

167 3437 324 3491 ϐάνει
345 3455 358 3467 ·
385 3441 479 3492 καὶ
507 3440 620 3505 υἱὸς
647 3442 898 3516 βροντῆς,
922 3446 1023 3500 οὐκ
1050 3446 1375 3518 ὀνομάζεται
1404 3448 1524 3518 μὲν,
1552 3448 1760 3517 γίνεται

167 3528 227 3582 δέ
246 3545 261 3559 ο
297 3531 392 3583 καὶ
421 3533 514 3585 ἐπὶ
541 3533 603 3586 τὸ
634 3534 833 3605 στῆθος
864 3538 1038 3608 Ἰησοῦ
1069 3539 1341 3610 κείμενος,
1372 3539 1584 3594 ἐκεῖθεν
1612 3539 1759 3594 ἕλκει

168 3619 265 3672 τοῦ
300 3619 458 3690 λόγου
485 3623 584 3694 τὴν
612 3623 862 3697 δύναμιν,
898 3628 992 3681 καὶ
1022 3629 1084 3681 τὸ
1109 3629 1274 3700 βάθος
1306 3629 1416 3683 τῶν
1448 3629 1757 3702 νοημάτων.

173 3710 449 3780 Στέφανος
479 3714 582 3785 μὲν
610 3716 721 3787 γὰρ
760 3717 1010 3790 ἐκωλύθη
1044 3719 1320 3787 γενέσθαι,
1360 3721 1409 3773 εί
1440 3721 1534 3774 καὶ
1559 3719 1761 3791 πρόθυ-

176 3820 278 3873 μος
303 3799 393 3877 ἦν,
430 3806 674 3877 ἐπισχὼν
702 3809 843 3863 αἰδοῖ
871 3810 999 3874 τοὺς
1024 3808 1363 3875 λιθάζοντας.
1394 3813 1516 3865 Ἔτι
1552 3812 1608 3865 δὲ
1636 3828 1761 3864 συν·

169 3894 483 3969 τομώτερον
516 3900 693 3954 εἰπεῖν
728 3899 859 3971 ἔχω,
885 3900 974 3956 ἵνα
1004 3901 1080 3974 μὴ
1108 3905 1221 3967 τοῖς
1246 3902 1369 3957 καθ’
1391 3902 1621 3957 ἕκαστον
1656 3903 1757 3955 ἑπ-

171 3986 301 4053 εξίω
331 3989 705 4058 περὶτούτων.
752 3994 988 4059 Ἐκεῖνος
1034 3994 1142 4066 γὰρ
1186 3995 1320 4067 (17),
1351 3994 1411 4049 τὸ
1443 3995 1543 4067 μὲν
1569 3993 1759 4066 ἐξεῦρε

170 4081 280 4136 τῶν
315 4082 518 4148 καλῶν,
558 4085 620 4138 τὸ
645 4085 702 4139 δὲ
734 4085 996 4157 ἐζήλωσε,
1026 4087 1087 4140 τὸ
1115 4087 1174 4141 δὲ
1206 4088 1445 4159 ἐνίκησε.
1471 4086 1562 4158 Τῷ
1584 4086 1642 4140 δὲ
1671 4086 1759 4141 διὰ

173 4175 389 4229 πάντων
429 4176 628 4242 ἐλθεῖν,
670 4177 778 4231 τῶν
800 4177 895 4232 νῦν
934 4179 1153 4235 πάντων
1178 4179 1500 4253 ἐκράτησεν.
1538 4181 1633 4234 Ἓν
1667 4180 1761 4233 ἐπὶ

176 4268 340 4322 πᾶσιν
376 4269 509 4340 ἐρῶ,
550 4269 646 4323 καὶ
679 4269 963 4341 σύντομον.

1862 3167 2224 3237 frugalitatem
2270 3175 2325 3221 et
2378 3163 2774 3236 superﬂuarum
2829 3180 3008 3220 rerum
3048 3175 3437 3237 contemptum.

1864 3260 2159 3329 Propterea
2193 3259 2375 3314 claves
2426 3259 2591 3313 etiam
2637 3256 2894 3313 caelorum
2935 3258 3037 3328 ipsi
3089 3259 3441 3313 committun-

1864 3364 1952 3409 tur
1980 3352 2062 3420 ⁷³;
2118 3367 2217 3406 nec
2250 3352 2318 3406 ab
2354 3351 2692 3423 Jerosolyma
2723 3361 2929 3407 tantum
2965 3366 3139 3420 usque
3166 3353 3232 3407 ad
3263 3352 3439 3423 Illyri-

1861 3462 1985 3502 cum
2017 3446 2085 3513 ⁷⁸,
2116 3448 2210 3501 sed
2248 3445 2507 3515 majorem
2542 3445 2808 3499 circulum
2857 3444 3148 3514 Evangelio
3195 3460 3441 3515 compre-

1861 3537 2086 3602 hendit;
2124 3547 2175 3591 et
2211 3536 2351 3591 [ilius
2391 3536 2636 3601 tonitrui,
2688 3550 2792 3591 non
2844 3536 3058 3604 quidem
3108 3537 3437 3603 nominatur,

1862 3628 1957 3683 sed
1988 3627 2254 3693 eIIicitur;
2318 3638 2480 3697 atque
2527 3629 2591 3682 ad
2625 3627 2750 3683 Jesu
2783 3638 2971 3698 pectus
3025 3625 3257 3698 pos-itus,
3294 3629 3442 3685 illinc

1863 3721 1971 3773 vim
2022 3720 2235 3776 dicendi
2277 3728 2331 3773 et
2389 3721 2783 3775 sententiarum
2826 3719 3246 3789 profunditatem
3301 3721 3438 3775 bau-

1863 3811 1955 3865 rit.
1993 3809 2126 3864 Nam
2182 3810 2491 3880 Stephanus
2526 3811 2735 3877 ﬁeri",
2787 3826 3093 3881 quanquam
3142 3812 3194 3867 id
3250 3820 3441 3881 parato

1862 3912 2008 3957 esset
2065 3902 2269 3967 animo,
2320 3902 2621 3971 prohibitus
2651 3912 2768 3969 est;
2830 3903 3032 3971 pudore
3073 3903 3329 3958 nimirum
3375 3918 3440 3957 ac

1862 3992 2167 4047 reverentia
2216 4006 2529 4061 compresso
2584 3990 2933 4059 Iapidantium
2983 3992 3206 4062 impetu.
3264 3994 3441 4061 Atque

1861 4084 2048 4150 etiam,
2085 4097 2153 4138 ne
2179 4083 2391 4153 singula
2422 4098 2736 4153 persequar,
2774 4083 2840 4139 de
2884 4084 2971 4139 his
3022 4085 3184 4139 rebus
3225 4085 3443 4139 brevius

1862 4177 2042 4231 adhuc
2086 4186 2142 4232 et
2193 4178 2630 4246 compendiosius
2679 4176 2824 4248 loqui
2863 4190 3103 4247 possum.
3158 4175 3251 4228 Ille
3293 4177 3438 4230 enim

1863 4270 2150 4332 bonorum,
2184 4268 2288 4323 alia
2329 4269 2547 4338 quidem
2590 4270 2818 4333 invenit,
2861 4270 2964 4323 alia
3017 4268 3297 4324 aemulatus
3329 4276 3437 4334 est,

173 4364 275 4418 alia
316 4365 610 4434 superavit.
640 4363 699 4419 In
733 4373 993 4434 quantum
1026 4377 1207 4421 autem
1258 4381 1354 4437 per
1409 4381 1570 4423 omne
1637 4366 1854 4422 virtutis
1922 4379 2087 4437 genus
2154 4373 2434 4435 grassatus
2479 4373 2585 4431 est,
2624 4365 2874 4420 omnibus
2919 4372 3116 4419 nostra:
3168 4362 3440 4417 memoria:

174 4454 479 4509 hominibus
511 4455 750 4524 palmam
798 4458 1095 4527 praeripuit.
1134 4457 1309 4513 Unum
1339 4458 1404 4511 ad
1441 4459 1621 4514 omnia
1648 4460 1922 4531 adjiciam.
1963 4458 2125 4527 idque
2174 4456 2357 4514 breve.

241 4546 360 4599 OZ’.
396 4544 645 4617 Τοσαύτη
683 4545 777 4599 τοῦ
820 4547 1012 4617 ἀνδρὸς
1049 4550 1082 4620 ἡ
1116 4548 1286 4621 ἀρετὴ
1317 4549 1455 4622 (18),
1482 4551 1632 4624 καὶὴ
1659 4553 1760 4623 τῆς

1941 4549 2201 4605 LXXVII.
2238 4548 2410 4604 Tanta
2451 4549 2619 4619 ipsius
2655 4548 2826 4603 virtus
2858 4546 3147 4618 gloriaque
3173 4554 3437 4615 praestans

170 4636 326 4708 δόξης
355 4638 663 4708 περιουσία,
693 4638 836 4693 ὥστε
881 4639 1053 4694 πολλά
1093 4641 1189 4694 καὶ
1241 4641 1351 4696 τῶν
1402 4644 1611 4697 ἐκείνου
1661 4662 1755 4714 μι-

172 4728 339 4802 κρῶν,
368 4728 469 4802 ἢδη
502 4728 560 4783 δὲ
588 4730 684 4784 καὶ
713 4731 821 4785 τῶν
855 4732 1182 4804 σωματικῶν
1215 4733 1611 4806 ἐλαττωμάτων
1635 4735 1754 4789 ἐτέ-

265 4909 309 4941 ⁷¹
331 4909 467 4967 Luc.
488 4925 573 4977 ιιι,
600 4910 657 4966 4.
733 4912 780 4943 ⁷³
802 4915 919 4969 Act.
943 4916 1068 4984 tv,8
1094 4933 1216 4989 sqq.
1290 4921 1337 4952 ⁷³
1370 4917 1561 4974 Matth.
1588 4933 1699 4983 xvt,
1723 4916 1808 4972 I9.

243 5124 319 5198 (6)
347 5124 599 5192 Τιμήσω,
630 5133 736 5180 etc.
766 5122 886 5177 Bill.
940 5142 959 5175 ι
1002 5138 1069 5178 ex
1112 5122 1392 5193 discipulis
1431 5128 1748 5197 magistrum

175 5195 391 5251 ornabo.
424 5214 443 5244 ι

244 5265 271 5331 (⁵
272 5266 315 5331 1)
356 5264 605 5319 Ἐκεῖνο.
640 5264 820 5330 Pass.,
857 5267 1083 5328 ἐκεῖνος.

244 5267 292 5331 (7
356 5267 605 5319 Ἐκεῖνο.
640 5267 820 5330 P:tss.,
857 5267 1083 5328 ἐκεῖνος.

206 5267 801 5457 εέἓὶζιέξὲεξεταζέτω.
837 5334 1095 5391 Undecitn
1120 5333 1271 5391 Culb.
1309 5344 1363 5391 el
1388 5334 1482 5390 Or.
1501 5334 1556 5402 2,
1580 5353 1750 5407 προσ-

176 5421 483 5473 εζεταςετω.

243 5475 677 5548 (1))Προτιθείς.
709 5473 874 5548 Coisl.
909 5475 963 5540 I,
997 5476 1381 5548 προτιμηθείς.

244 5545 354 5686 (10)
382 5545 687 5615 Μετάγων.
716 5546 960 5612 QualuOr
994 5545 1186 5618 Regg.,
1206 5545 1299 5602 0r.
1326 5550 1382 5605 2.
1413 5554 1545 5606 etc..
1579 5546 1747 5615 ἄγων.

271 5618 319 5669 11
387 5616 498 5669 Καὶ
529 5614 733 5685 μικρά.
776 5617 890 5669 Duo
936 5616 1105 5686 Brgg.
1139 5629 1194 5675 et
1217 5618 1310 5673 0r.
1345 5617 1397 5684 Ξ,
1430 5618 1522 5671 καὶ
1576 5619 1622 5670 εξ
1658 5634 1747 5686 μι-

271 5616 363 5689 11)
387 5616 498 5669 Καὶ
529 5616 733 5689 μικρά.
776 5617 890 5689 Duo
936 5616 1194 5689 BrggCet
1217 5618 1310 5673 0r.
1345 5617 1397 5684 Ξ,
1430 5618 1522 5671 καὶ
1576 5619 1622 5670 εξ
1658 5634 1748 5687 μι·

182 5686 321 5759 ape.
336 5686 513 5759 Pass.,
544 5686 659 5759 κᾶν
677 5686 870 5759 μικρά.

247 5757 352 5830 (12)
386 5757 596 5822 Τούτῳ.
625 5757 720 5812 0r.
746 5756 801 5824 ‘2,
830 5756 1043 5815 τούτου.

1861 4645 1934 4698 tia
1957 4643 2151 4709 fuit,ut
2174 4640 2340 4695 multa
2362 4642 2526 4696 etiam
2557 4655 2623 4695 ex
2645 4640 2826 4710 parvis
2856 4637 2998 4693 illius
3028 4637 3439 4702 virtutibus,at-

1859 4748 1967 4806 que
2005 4734 2141 4789 adeo
2168 4746 2237 4788 ex
2289 4732 2567 4802 corporeis
2596 4729 3009 4795 defectibus,.ab
3039 4728 3183 4796 aliis,
3218 4728 3286 4783 ad
3318 4727 3436 4796 glo-

1913 4917 1941 4948 ⁸
1966 4915 2125 4971 Rom.
2144 4931 2234 4983 xv,
2259 4916 2344 4973 I9.
2418 4916 2464 4949 "'
2484 4917 2608 4971 Act.
2635 4928 2734 4980 νιι,
2754 4913 2843 4971 58.

1931 5124 2045 5195 (15)
2081 5123 2382 5193 Τρύχινον.
2414 5120 2581 5176 Coisl.
2609 5121 2662 5187 I,
2687 5121 2947 5246 τρΙίχινον.

1933 5196 2047 5246 (Ml
2094 5192 2343 5246 Ἡειώθη
2373 5192 2672 5246 γενέσθαι.
2765 5209 2843 5246 ωε
2876 5194 2947 5246 de:

1933 5190 2047 5267 (14)
2089 5190 2672 5267 ξΗξιῷθη-γενέσθαι.
2717 5190 2843 5247 Haec
2876 5194 3083 5246 desunt
3116 5191 3168 5244 in
3198 5190 3434 5261 quinque

1858 5263 2051 5335 Reggﬁ,
2078 5264 2174 5321 Or.
2204 5265 2239 5315 ‘2
2263 5272 2317 5316 et
2342 5263 2490 5316 Pass.

1931 5329 2045 5405 (IS)
2088 5331 2677 5402 Μετωνομασμένων.
2731 5350 2750 5384 ι
2776 5329 3014 5398 Quorum
3059 5329 3274 5386 nomina
3315 5346 3432 5386 mue

1861 5414 1968 5461 lata
1997 5413 2175 5458 sunt.»

1932 5472 2218 5546 (16)ΔΤῶν
2259 5469 2574 5546 υἱῶν-,βία
2626 5470 2966 5543 duo.Regg.',
3021 5473 3125 5527 duo
3168 5470 3335 5527 Coisl.
3378 5480 3433 5527 et

1862 5541 2037 5600 Her-vi
2058 5543 2115 5596 In
2140 5545 2251 5604 ed.,
2285 5542 2379 5595 τοῦ
2411 5541 2562 5595 υίῶν.

1931 5615 2042 5685 (17)
2089 5613 2344 5678 Ἐκεῖνος
2372 5612 2502 5683 γάρ.
2537 5612 2666 5681 Reg.
2695 5611 2764 5683 ph
2802 5619 2856 5665 et
2887 5609 2979 5665 0r.
3007 5611 3062 5677 2,
3099 5613 3305 5679 ἐκεῖνος
3337 5613 3434 5686 μὲν

1859 5702 2043 5827 γαῗ18)
2089 5754 2284 5824 Ἀρετή
2335 5751 2501 5810 Coisl.
2536 5753 2559 5807 1
2592 5755 2761 5821 addit,
2791 5752 3030 5823 γέγονεν.
